date,price,qty,trnvr,cum_trnvr
2025-08-01 09:15:01 AM,177.54,28384,5039295.359999999,5039295.359999999
2025-08-01 09:15:02 AM,177.41,15,2661.15,5041956.51
2025-08-01 09:15:02 AM,176.97,0,0.0,5041956.51
2025-08-01 09:15:03 AM,177.0,13653,2416581.0,7458537.51
2025-08-01 09:15:03 AM,177.1,0,0.0,7458537.51
2025-08-01 09:15:04 AM,177.3,4562,808842.6000000001,8267380.109999999
2025-08-01 09:15:04 AM,177.01,0,0.0,8267380.109999999
2025-08-01 09:15:05 AM,176.88,2528,447152.64,8714532.75
2025-08-01 09:15:06 AM,176.88,198,35022.24,8749554.99
2025-08-01 09:15:06 AM,176.8,0,0.0,8749554.99
2025-08-01 09:15:07 AM,176.8,347,61349.600000000006,8810904.59
2025-08-01 09:15:08 AM,176.8,1892,334505.60000000003,9145410.19
2025-08-01 09:15:08 AM,176.88,0,0.0,9145410.19
2025-08-01 09:15:09 AM,176.88,552,97637.76,9243047.95
2025-08-01 09:15:09 AM,177.01,5107,903990.07,10147038.02
2025-08-01 09:15:10 AM,176.81,2334,412674.54,10559712.559999999
2025-08-01 09:15:10 AM,176.72,0,0.0,10559712.559999999
2025-08-01 09:15:10 AM,176.66,0,0.0,10559712.559999999
2025-08-01 09:15:11 AM,176.66,4586,810162.76,11369875.319999998
2025-08-01 09:15:12 AM,176.67,4387,775051.2899999999,12144926.609999998
2025-08-01 09:15:12 AM,176.66,0,0.0,12144926.609999998
2025-08-01 09:15:13 AM,176.66,206,36391.96,12181318.569999998
2025-08-01 09:15:13 AM,176.69,0,0.0,12181318.569999998
2025-08-01 09:15:14 AM,176.67,1178,208117.25999999998,12389435.829999998
2025-08-01 09:15:14 AM,176.76,0,0.0,12389435.829999998
2025-08-01 09:15:15 AM,176.71,5332,942217.7200000001,13331653.549999999
2025-08-01 09:15:15 AM,176.65,0,0.0,13331653.549999999
2025-08-01 09:15:16 AM,176.87,3460,611970.2000000001,13943623.749999998
2025-08-01 09:15:17 AM,176.87,1787,316066.69,14259690.439999998
2025-08-01 09:15:17 AM,176.97,0,0.0,14259690.439999998
2025-08-01 09:15:18 AM,176.97,1410,249527.7,14509218.139999997
2025-08-01 09:15:19 AM,176.97,1094,193605.18,14702823.319999997
2025-08-01 09:15:19 AM,177.05,0,0.0,14702823.319999997
2025-08-01 09:15:19 AM,176.96,0,0.0,14702823.319999997
2025-08-01 09:15:20 AM,176.96,439,77685.44,14780508.759999996
2025-08-01 09:15:20 AM,176.94,0,0.0,14780508.759999996
2025-08-01 09:15:21 AM,176.94,16,2831.04,14783339.799999995
2025-08-01 09:15:21 AM,176.95,0,0.0,14783339.799999995
2025-08-01 09:15:21 AM,176.95,3,530.8499999999999,14783870.649999995
2025-08-01 09:15:22 AM,177.12,951,168441.12,14952311.769999994
2025-08-01 09:15:23 AM,177.03,0,0.0,14952311.769999994
2025-08-01 09:15:23 AM,177.03,682,120734.46,15073046.229999995
2025-08-01 09:15:24 AM,177.06,299,52940.94,15125987.169999994
2025-08-01 09:15:25 AM,177.06,34,6020.04,15132007.209999993
2025-08-01 09:15:25 AM,177.21,0,0.0,15132007.209999993
2025-08-01 09:15:26 AM,177.21,70,12404.7,15144411.909999993
2025-08-01 09:15:26 AM,177.03,26,4602.78,15149014.689999992
2025-08-01 09:15:27 AM,177.03,5,885.15,15149899.839999992
2025-08-01 09:15:28 AM,177.19,52,9213.88,15159113.719999993
2025-08-01 09:15:29 AM,177.18,15,2657.7000000000003,15161771.419999992
2025-08-01 09:15:29 AM,177.11,0,0.0,15161771.419999992
2025-08-01 09:15:30 AM,177.11,3,531.33,15162302.749999993
2025-08-01 09:15:30 AM,177.17,0,0.0,15162302.749999993
2025-08-01 09:15:31 AM,177.11,65,11512.150000000001,15173814.899999993
2025-08-01 09:15:32 AM,177.11,2,354.22,15174169.119999994
2025-08-01 09:15:33 AM,177.11,24,4250.64,15178419.759999994
2025-08-01 09:15:33 AM,177.1,0,0.0,15178419.759999994
2025-08-01 09:15:34 AM,177.06,3514,622188.84,15800608.599999994
2025-08-01 09:15:34 AM,177.17,0,0.0,15800608.599999994
2025-08-01 09:15:35 AM,177.17,53,9390.01,15809998.609999994
2025-08-01 09:15:35 AM,177.16,1353,239697.47999999998,16049696.089999994
2025-08-01 09:15:36 AM,177.13,317,56150.21,16105846.299999995
2025-08-01 09:15:37 AM,177.01,64,11328.64,16117174.939999996
2025-08-01 09:15:38 AM,177.01,6,1062.06,16118236.999999996
2025-08-01 09:15:38 AM,177.09,0,0.0,16118236.999999996
2025-08-01 09:15:39 AM,176.93,6309,1116251.37,17234488.369999997
2025-08-01 09:15:39 AM,176.87,0,0.0,17234488.369999997
2025-08-01 09:15:40 AM,176.87,1200,212244.0,17446732.369999997
2025-08-01 09:15:40 AM,176.94,2981,527458.14,17974190.509999998
2025-08-01 09:15:40 AM,176.87,0,0.0,17974190.509999998
2025-08-01 09:15:41 AM,176.87,1269,224448.03,18198638.54
2025-08-01 09:15:41 AM,176.93,341,60333.130000000005,18258971.669999998
2025-08-01 09:15:42 AM,176.93,1,176.93,18259148.599999998
2025-08-01 09:15:42 AM,176.93,749,132520.57,18391669.169999998
2025-08-01 09:15:42 AM,177.0,0,0.0,18391669.169999998
2025-08-01 09:15:43 AM,176.87,264,46693.68,18438362.849999998
2025-08-01 09:15:44 AM,176.93,9,1592.3700000000001,18439955.22
2025-08-01 09:15:45 AM,176.93,20,3538.6000000000004,18443493.82
2025-08-01 09:15:45 AM,176.89,117,20696.129999999997,18464189.95
2025-08-01 09:15:45 AM,176.91,0,0.0,18464189.95
2025-08-01 09:15:46 AM,176.91,5,884.55,18465074.5
2025-08-01 09:15:46 AM,176.93,847,149859.71,18614934.21
2025-08-01 09:15:47 AM,176.97,154,27253.38,18642187.59
2025-08-01 09:15:47 AM,176.94,0,0.0,18642187.59
2025-08-01 09:15:47 AM,176.95,246,43529.7,18685717.29
2025-08-01 09:15:48 AM,176.95,373,66002.34999999999,18751719.64
2025-08-01 09:15:48 AM,176.95,88,15571.599999999999,18767291.240000002
2025-08-01 09:15:49 AM,177.0,346,61242.0,18828533.240000002
2025-08-01 09:15:49 AM,176.98,0,0.0,18828533.240000002
2025-08-01 09:15:49 AM,176.98,86,15220.279999999999,18843753.520000003
2025-08-01 09:15:50 AM,177.04,0,0.0,18843753.520000003
2025-08-01 09:15:50 AM,177.04,32,5665.28,18849418.800000004
2025-08-01 09:15:50 AM,177.03,2000,354060.0,19203478.800000004
2025-08-01 09:15:51 AM,177.03,406,71874.18000000001,19275352.980000004
2025-08-01 09:15:51 AM,177.1,267,47285.7,19322638.680000003
2025-08-01 09:15:52 AM,177.03,0,0.0,19322638.680000003
2025-08-01 09:15:52 AM,177.03,860,152245.8,19474884.480000004
2025-08-01 09:15:52 AM,177.0,1708,302316.0,19777200.480000004
2025-08-01 09:15:53 AM,177.0,1532,271164.0,20048364.480000004
2025-08-01 09:15:54 AM,176.87,0,0.0,20048364.480000004
2025-08-01 09:15:54 AM,176.87,5618,993655.66,21042020.140000004
2025-08-01 09:15:55 AM,176.96,0,0.0,21042020.140000004
2025-08-01 09:15:55 AM,176.96,3340,591046.4,21633066.540000003
2025-08-01 09:15:56 AM,177.04,2570,454992.8,22088059.340000004
2025-08-01 09:15:56 AM,177.09,0,0.0,22088059.340000004
2025-08-01 09:15:56 AM,177.09,1407,249165.63,22337224.970000003
2025-08-01 09:15:57 AM,177.09,288,51001.92,22388226.890000004
2025-08-01 09:15:57 AM,177.03,0,0.0,22388226.890000004
2025-08-01 09:15:58 AM,177.04,407,72055.28,22460282.170000006
2025-08-01 09:16:00 AM,176.98,0,0.0,22460282.170000006
2025-08-01 09:16:01 AM,176.98,340,60173.2,22520455.370000005
2025-08-01 09:16:01 AM,176.91,0,0.0,22520455.370000005
2025-08-01 09:16:02 AM,176.91,43,7607.13,22528062.500000004
2025-08-01 09:16:02 AM,176.99,0,0.0,22528062.500000004
2025-08-01 09:16:03 AM,176.99,611,108140.89,22636203.390000004
2025-08-01 09:16:04 AM,176.95,20,3539.0,22639742.390000004
2025-08-01 09:16:05 AM,176.99,3835,678756.65,23318499.040000003
2025-08-01 09:16:05 AM,176.75,0,0.0,23318499.040000003
2025-08-01 09:16:06 AM,176.79,5153,910998.87,24229497.910000004
2025-08-01 09:16:06 AM,176.7,0,0.0,24229497.910000004
2025-08-01 09:16:07 AM,176.73,1681,297083.13,24526581.040000003
2025-08-01 09:16:08 AM,176.7,26,4594.2,24531175.240000002
2025-08-01 09:16:09 AM,176.67,218,38514.06,24569689.3
2025-08-01 09:16:10 AM,176.65,251,44339.15,24614028.45
2025-08-01 09:16:10 AM,176.67,0,0.0,24614028.45
2025-08-01 09:16:10 AM,176.67,4678,826462.2599999999,25440490.71
2025-08-01 09:16:11 AM,176.91,0,0.0,25440490.71
2025-08-01 09:16:12 AM,176.91,2486,439798.26,25880288.970000003
2025-08-01 09:16:12 AM,176.7,0,0.0,25880288.970000003
2025-08-01 09:16:13 AM,176.7,607,107256.9,25987545.87
2025-08-01 09:16:13 AM,176.66,0,0.0,25987545.87
2025-08-01 09:16:14 AM,176.7,682,120509.4,26108055.27
2025-08-01 09:16:14 AM,176.8,0,0.0,26108055.27
2025-08-01 09:16:15 AM,176.8,611,108024.8,26216080.07
2025-08-01 09:16:15 AM,176.65,0,0.0,26216080.07
2025-08-01 09:16:16 AM,176.65,122,21551.3,26237631.37
2025-08-01 09:16:16 AM,176.7,0,0.0,26237631.37
2025-08-01 09:16:17 AM,176.81,36,6365.16,26243996.53
2025-08-01 09:16:17 AM,176.71,0,0.0,26243996.53
2025-08-01 09:16:18 AM,176.69,370,65375.299999999996,26309371.830000002
2025-08-01 09:16:18 AM,176.7,841,148604.69999999998,26457976.53
2025-08-01 09:16:19 AM,176.76,828,146357.28,26604333.810000002
2025-08-01 09:16:20 AM,176.82,139,24577.98,26628911.790000003
2025-08-01 09:16:21 AM,176.71,201,35518.71,26664430.500000004
2025-08-01 09:16:22 AM,176.73,65,11487.449999999999,26675917.950000003
2025-08-01 09:16:23 AM,176.73,16,2827.68,26678745.630000003
2025-08-01 09:16:24 AM,176.74,0,0.0,26678745.630000003
2025-08-01 09:16:25 AM,176.74,601,106220.74,26784966.37
2025-08-01 09:16:25 AM,176.73,0,0.0,26784966.37
2025-08-01 09:16:26 AM,176.73,759,134138.06999999998,26919104.44
2025-08-01 09:16:26 AM,176.71,0,0.0,26919104.44
2025-08-01 09:16:26 AM,176.71,202,35695.42,26954799.860000003
2025-08-01 09:16:27 AM,176.76,292,51613.92,27006413.780000005
2025-08-01 09:16:27 AM,176.71,0,0.0,27006413.780000005
2025-08-01 09:16:28 AM,176.71,88,15550.480000000001,27021964.260000005
2025-08-01 09:16:28 AM,176.76,0,0.0,27021964.260000005
2025-08-01 09:16:29 AM,176.72,4,706.88,27022671.140000004
2025-08-01 09:16:29 AM,176.88,0,0.0,27022671.140000004
2025-08-01 09:16:30 AM,176.84,6549,1158125.16,28180796.300000004
2025-08-01 09:16:30 AM,176.9,0,0.0,28180796.300000004
2025-08-01 09:16:31 AM,176.86,225,39793.5,28220589.800000004
2025-08-01 09:16:31 AM,176.92,0,0.0,28220589.800000004
2025-08-01 09:16:32 AM,176.86,203,35902.58,28256492.380000003
2025-08-01 09:16:32 AM,176.88,0,0.0,28256492.380000003
2025-08-01 09:16:33 AM,176.9,2532,447910.8,28704403.180000003
2025-08-01 09:16:34 AM,176.94,791,139959.54,28844362.720000003
2025-08-01 09:16:34 AM,177.0,0,0.0,28844362.720000003
2025-08-01 09:16:35 AM,177.0,2,354.0,28844716.720000003
2025-08-01 09:16:35 AM,176.96,1064,188285.44,29033002.160000004
2025-08-01 09:16:36 AM,176.96,42,7432.320000000001,29040434.480000004
2025-08-01 09:16:37 AM,177.0,0,0.0,29040434.480000004
2025-08-01 09:16:37 AM,177.0,3339,591003.0,29631437.480000004
2025-08-01 09:16:38 AM,176.95,0,0.0,29631437.480000004
2025-08-01 09:16:39 AM,176.95,677,119795.15,29751232.630000003
2025-08-01 09:16:40 AM,176.94,163,28841.22,29780073.85
2025-08-01 09:16:41 AM,176.94,5,884.7,29780958.55
2025-08-01 09:16:42 AM,176.94,1,176.94,29781135.490000002
2025-08-01 09:16:43 AM,176.94,600,106164.0,29887299.490000002
2025-08-01 09:16:43 AM,177.0,257,45489.0,29932788.490000002
2025-08-01 09:16:44 AM,176.94,660,116780.4,30049568.89
2025-08-01 09:16:45 AM,176.94,167,29548.98,30079117.87
2025-08-01 09:16:46 AM,176.99,115,20353.850000000002,30099471.720000003
2025-08-01 09:16:47 AM,176.9,21,3714.9,30103186.62
2025-08-01 09:16:48 AM,176.99,24,4247.76,30107434.380000003
2025-08-01 09:16:49 AM,176.91,0,0.0,30107434.380000003
2025-08-01 09:16:50 AM,176.91,505,89339.55,30196773.930000003
2025-08-01 09:16:50 AM,176.94,0,0.0,30196773.930000003
2025-08-01 09:16:51 AM,176.94,121,21409.739999999998,30218183.67
2025-08-01 09:16:52 AM,176.91,6271,1109402.6099999999,31327586.28
2025-08-01 09:16:52 AM,176.9,0,0.0,31327586.28
2025-08-01 09:16:53 AM,176.9,233,41217.700000000004,31368803.98
2025-08-01 09:16:53 AM,176.83,0,0.0,31368803.98
2025-08-01 09:16:54 AM,176.83,215,38018.450000000004,31406822.43
2025-08-01 09:16:54 AM,176.82,0,0.0,31406822.43
2025-08-01 09:16:55 AM,176.82,1116,197331.12,31604153.55
2025-08-01 09:16:55 AM,176.83,0,0.0,31604153.55
2025-08-01 09:16:56 AM,176.83,279,49335.57000000001,31653489.12
2025-08-01 09:16:56 AM,176.9,0,0.0,31653489.12
2025-08-01 09:16:57 AM,176.92,1044,184704.47999999998,31838193.6
2025-08-01 09:16:58 AM,176.84,108,19098.72,31857292.32
2025-08-01 09:16:58 AM,176.92,0,0.0,31857292.32
2025-08-01 09:16:59 AM,176.91,24,4245.84,31861538.16
2025-08-01 09:16:59 AM,176.84,0,0.0,31861538.16
2025-08-01 09:16:59 AM,176.84,4,707.36,31862245.52
2025-08-01 09:17:01 AM,176.84,1,176.84,31862422.36
2025-08-01 09:17:01 AM,176.83,0,0.0,31862422.36
2025-08-01 09:17:03 AM,176.81,0,0.0,31862422.36
2025-08-01 09:17:08 AM,176.84,965,170650.6,32033072.96
2025-08-01 09:17:09 AM,176.84,1,176.84,32033249.8
2025-08-01 09:17:10 AM,176.96,0,0.0,32033249.8
2025-08-01 09:17:11 AM,176.99,0,0.0,32033249.8
2025-08-01 09:17:16 AM,176.85,28109,4971076.649999999,37004326.45
2025-08-01 09:17:17 AM,176.85,145,25643.25,37029969.7
2025-08-01 09:17:19 AM,176.83,0,0.0,37029969.7
2025-08-01 09:17:21 AM,176.91,0,0.0,37029969.7
2025-08-01 09:17:24 AM,176.96,5501,973456.9600000001,38003426.660000004
2025-08-01 09:17:25 AM,176.97,2,353.94,38003780.6
2025-08-01 09:17:27 AM,176.95,0,0.0,38003780.6
2025-08-01 09:17:29 AM,177.09,0,0.0,38003780.6
2025-08-01 09:17:32 AM,177.09,5249,929545.41,38933326.01
2025-08-01 09:17:33 AM,177.05,2190,387739.5,39321065.51
2025-08-01 09:17:35 AM,177.02,0,0.0,39321065.51
2025-08-01 09:17:37 AM,177.1,0,0.0,39321065.51
2025-08-01 09:17:41 AM,176.96,4497,795789.12,40116854.629999995
2025-08-01 09:17:42 AM,176.94,25,4423.5,40121278.129999995
2025-08-01 09:17:43 AM,176.9,0,0.0,40121278.129999995
2025-08-01 09:17:46 AM,176.89,0,0.0,40121278.129999995
2025-08-01 09:17:49 AM,176.89,1024,181135.36,40302413.489999995
2025-08-01 09:17:50 AM,176.89,60,10613.4,40313026.88999999
2025-08-01 09:17:55 AM,176.87,0,0.0,40313026.88999999
2025-08-01 09:17:57 AM,176.81,915,161781.15,40474808.03999999
2025-08-01 09:17:58 AM,176.81,1,176.81,40474984.849999994
2025-08-01 09:18:01 AM,176.89,0,0.0,40474984.849999994
2025-08-01 09:18:05 AM,176.96,3644,644842.24,41119827.089999996
2025-08-01 09:18:07 AM,177.18,19259,3412309.62,44532136.70999999
2025-08-01 09:18:09 AM,177.04,0,0.0,44532136.70999999
2025-08-01 09:18:14 AM,177.08,6930,1227164.4000000001,45759301.10999999
2025-08-01 09:18:15 AM,177.12,10,1771.2,45761072.309999995
2025-08-01 09:18:17 AM,177.03,0,0.0,45761072.309999995
2025-08-01 09:18:22 AM,177.18,6549,1160351.82,46921424.129999995
2025-08-01 09:18:23 AM,177.25,2381,422032.25,47343456.379999995
2025-08-01 09:18:25 AM,177.23,0,0.0,47343456.379999995
2025-08-01 09:18:27 AM,177.29,0,0.0,47343456.379999995
2025-08-01 09:18:30 AM,177.2,3454,612048.7999999999,47955505.17999999
2025-08-01 09:18:32 AM,177.15,526,93180.90000000001,48048686.07999999
2025-08-01 09:18:33 AM,177.1,0,0.0,48048686.07999999
2025-08-01 09:18:35 AM,177.12,0,0.0,48048686.07999999
2025-08-01 09:18:38 AM,177.08,1387,245609.96000000002,48294296.03999999
2025-08-01 09:18:40 AM,177.11,9,1593.9900000000002,48295890.029999994
2025-08-01 09:18:43 AM,177.21,0,0.0,48295890.029999994
2025-08-01 09:18:47 AM,177.2,2621,464441.19999999995,48760331.23
2025-08-01 09:18:48 AM,177.2,46,8151.2,48768482.43
2025-08-01 09:18:49 AM,177.19,0,0.0,48768482.43
2025-08-01 09:18:51 AM,177.27,0,0.0,48768482.43
2025-08-01 09:18:55 AM,177.25,8136,1442106.0,50210588.43
2025-08-01 09:18:56 AM,177.25,1917,339788.25,50550376.68
2025-08-01 09:18:57 AM,177.19,0,0.0,50550376.68
2025-08-01 09:18:58 AM,177.16,0,0.0,50550376.68
2025-08-01 09:19:03 AM,177.1,727,128751.7,50679128.38
2025-08-01 09:19:04 AM,177.1,116,20543.6,50699671.980000004
2025-08-01 09:19:07 AM,177.15,0,0.0,50699671.980000004
2025-08-01 09:19:11 AM,177.13,7030,1245223.9,51944895.88
2025-08-01 09:19:12 AM,177.13,2,354.26,51945250.14
2025-08-01 09:19:13 AM,177.19,0,0.0,51945250.14
2025-08-01 09:19:14 AM,177.12,0,0.0,51945250.14
2025-08-01 09:19:19 AM,177.21,861,152577.81,52097827.95
2025-08-01 09:19:20 AM,177.23,5555,984512.6499999999,53082340.6
2025-08-01 09:19:22 AM,177.41,0,0.0,53082340.6
2025-08-01 09:19:27 AM,177.21,4193,743041.53,53825382.13
2025-08-01 09:19:29 AM,177.26,822,145707.72,53971089.85
2025-08-01 09:19:30 AM,177.22,0,0.0,53971089.85
2025-08-01 09:19:34 AM,177.19,0,0.0,53971089.85
2025-08-01 09:19:35 AM,177.19,5494,973481.86,54944571.71
2025-08-01 09:19:37 AM,177.13,126,22318.38,54966890.09
2025-08-01 09:19:38 AM,177.1,0,0.0,54966890.09
2025-08-01 09:19:43 AM,177.1,3695,654384.5,55621274.59
2025-08-01 09:19:45 AM,177.1,16,2833.6,55624108.190000005
2025-08-01 09:19:50 AM,177.16,0,0.0,55624108.190000005
2025-08-01 09:19:51 AM,177.17,6646,1177471.8199999998,56801580.010000005
2025-08-01 09:19:52 AM,177.16,0,0.0,56801580.010000005
2025-08-01 09:19:53 AM,177.22,133,23570.26,56825150.27
2025-08-01 09:19:58 AM,177.21,0,0.0,56825150.27
2025-08-01 09:19:59 AM,177.16,2310,409239.6,57234389.870000005
2025-08-01 09:20:01 AM,177.16,295,52262.2,57286652.07000001
2025-08-01 09:20:06 AM,177.1,0,0.0,57286652.07000001
2025-08-01 09:20:07 AM,177.15,6843,1212237.45,58498889.52000001
2025-08-01 09:20:09 AM,177.01,1070,189400.69999999998,58688290.22000001
2025-08-01 09:20:13 AM,177.12,0,0.0,58688290.22000001
2025-08-01 09:20:14 AM,177.07,0,0.0,58688290.22000001
2025-08-01 09:20:15 AM,177.04,4020,711700.7999999999,59399991.02000001
2025-08-01 09:20:17 AM,177.0,1746,309042.0,59709033.02000001
2025-08-01 09:20:23 AM,176.94,1720,304336.8,60013369.82000001
2025-08-01 09:20:25 AM,176.96,734,129888.64,60143258.46000001
2025-08-01 09:20:27 AM,176.94,0,0.0,60143258.46000001
2025-08-01 09:20:30 AM,176.9,0,0.0,60143258.46000001
2025-08-01 09:20:31 AM,176.9,7746,1370267.4000000001,61513525.86000001
2025-08-01 09:20:32 AM,176.85,435,76929.75,61590455.61000001
2025-08-01 09:20:34 AM,176.9,0,0.0,61590455.61000001
2025-08-01 09:20:38 AM,176.85,0,0.0,61590455.61000001
2025-08-01 09:20:39 AM,176.85,928,164116.8,61754572.410000004
2025-08-01 09:20:40 AM,176.88,142,25116.96,61779689.370000005
2025-08-01 09:20:40 AM,176.82,0,0.0,61779689.370000005
2025-08-01 09:20:44 AM,176.88,0,0.0,61779689.370000005
2025-08-01 09:20:47 AM,176.8,12676,2241116.8000000003,64020806.17
2025-08-01 09:20:47 AM,176.81,0,0.0,64020806.17
2025-08-01 09:20:48 AM,176.75,427,75472.25,64096278.42
2025-08-01 09:20:52 AM,176.71,0,0.0,64096278.42
2025-08-01 09:20:54 AM,176.66,4952,874820.32,64971098.74
2025-08-01 09:20:55 AM,176.74,0,0.0,64971098.74
2025-08-01 09:20:56 AM,176.66,185,32682.1,65003780.84
2025-08-01 09:20:59 AM,176.75,0,0.0,65003780.84
2025-08-01 09:21:01 AM,176.76,0,0.0,65003780.84
2025-08-01 09:21:02 AM,176.77,9165,1620097.05,66623877.89
2025-08-01 09:21:03 AM,176.77,42,7424.34,66631302.230000004
2025-08-01 09:21:06 AM,176.8,0,0.0,66631302.230000004
2025-08-01 09:21:07 AM,176.82,0,0.0,66631302.230000004
2025-08-01 09:21:10 AM,176.82,3799,671739.1799999999,67303041.41000001
2025-08-01 09:21:11 AM,176.82,940,166210.8,67469252.21000001
2025-08-01 09:21:13 AM,176.8,0,0.0,67469252.21000001
2025-08-01 09:21:18 AM,176.88,1344,237726.72,67706978.93
2025-08-01 09:21:19 AM,176.88,2243,396741.83999999997,68103720.77000001
2025-08-01 09:21:20 AM,176.85,0,0.0,68103720.77000001
2025-08-01 09:21:22 AM,176.88,0,0.0,68103720.77000001
2025-08-01 09:21:26 AM,176.88,4164,736528.32,68840249.09
2025-08-01 09:21:27 AM,176.88,1,176.88,68840425.97
2025-08-01 09:21:33 AM,176.96,0,0.0,68840425.97
2025-08-01 09:21:34 AM,176.96,4879,863387.8400000001,69703813.81
2025-08-01 09:21:34 AM,176.96,18,3185.28,69706999.09
2025-08-01 09:21:35 AM,176.99,0,0.0,69706999.09
2025-08-01 09:21:39 AM,176.96,0,0.0,69706999.09
2025-08-01 09:21:41 AM,176.96,1711,302778.56,70009777.65
2025-08-01 09:21:42 AM,176.96,1,176.96,70009954.61
2025-08-01 09:21:42 AM,176.94,0,0.0,70009954.61
2025-08-01 09:21:45 AM,176.88,0,0.0,70009954.61
2025-08-01 09:21:48 AM,176.86,0,0.0,70009954.61
2025-08-01 09:21:49 AM,176.88,13598,2405214.2399999998,72415168.85
2025-08-01 09:21:50 AM,176.88,402,71105.76,72486274.61
2025-08-01 09:21:56 AM,176.88,1010,178648.8,72664923.41
2025-08-01 09:21:57 AM,176.93,323,57148.39,72722071.8
2025-08-01 09:21:59 AM,176.98,0,0.0,72722071.8
2025-08-01 09:22:02 AM,176.95,0,0.0,72722071.8
2025-08-01 09:22:04 AM,176.94,4747,839934.1799999999,73562005.98
2025-08-01 09:22:05 AM,176.96,4240,750310.4,74312316.38000001
2025-08-01 09:22:06 AM,176.95,0,0.0,74312316.38000001
2025-08-01 09:22:09 AM,177.07,0,0.0,74312316.38000001
2025-08-01 09:22:11 AM,177.18,10110,1791289.8,76103606.18
2025-08-01 09:22:13 AM,177.06,718,127129.08,76230735.26
2025-08-01 09:22:13 AM,177.04,0,0.0,76230735.26
2025-08-01 09:22:19 AM,177.13,1858,329107.54,76559842.80000001
2025-08-01 09:22:20 AM,177.16,0,0.0,76559842.80000001
2025-08-01 09:22:21 AM,177.16,1429,253161.63999999998,76813004.44000001
2025-08-01 09:22:23 AM,177.1,0,0.0,76813004.44000001
2025-08-01 09:22:27 AM,176.98,13906,2461083.88,79274088.32000001
2025-08-01 09:22:27 AM,176.96,0,0.0,79274088.32000001
2025-08-01 09:22:28 AM,176.98,787,139283.25999999998,79413371.58000001
2025-08-01 09:22:30 AM,177.01,0,0.0,79413371.58000001
2025-08-01 09:22:34 AM,177.1,3362,595410.2,80008781.78000002
2025-08-01 09:22:34 AM,177.11,0,0.0,80008781.78000002
2025-08-01 09:22:36 AM,177.04,71,12569.84,80021351.62000002
2025-08-01 09:22:37 AM,177.08,0,0.0,80021351.62000002
2025-08-01 09:22:42 AM,177.01,3328,589089.28,80610440.90000002
2025-08-01 09:22:44 AM,177.01,271,47969.71,80658410.61000001
2025-08-01 09:22:48 AM,177.1,0,0.0,80658410.61000001
2025-08-01 09:22:49 AM,177.08,0,0.0,80658410.61000001
2025-08-01 09:22:50 AM,177.08,1501,265797.08,80924207.69000001
2025-08-01 09:22:51 AM,177.08,403,71363.24,80995570.93
2025-08-01 09:22:54 AM,177.03,0,0.0,80995570.93
2025-08-01 09:22:55 AM,177.1,0,0.0,80995570.93
2025-08-01 09:22:57 AM,177.1,3080,545468.0,81541038.93
2025-08-01 09:22:59 AM,177.13,984,174295.91999999998,81715334.85000001
2025-08-01 09:23:01 AM,177.15,0,0.0,81715334.85000001
2025-08-01 09:23:05 AM,177.12,3382,599019.84,82314354.69000001
2025-08-01 09:23:06 AM,177.15,903,159966.45,82474321.14000002
2025-08-01 09:23:08 AM,177.12,0,0.0,82474321.14000002
2025-08-01 09:23:12 AM,177.15,3060,542079.0,83016400.14000002
2025-08-01 09:23:14 AM,177.16,58,10275.28,83026675.42000002
2025-08-01 09:23:16 AM,177.14,0,0.0,83026675.42000002
2025-08-01 09:23:20 AM,177.16,2159,382488.44,83409163.86000001
2025-08-01 09:23:28 AM,177.12,2619,463877.28,83873041.14000002
2025-08-01 09:23:28 AM,177.18,0,0.0,83873041.14000002
2025-08-01 09:23:30 AM,177.11,3908,692145.88,84565187.02000001
2025-08-01 09:23:35 AM,177.08,2052,363368.16000000003,84928555.18
2025-08-01 09:23:36 AM,177.13,0,0.0,84928555.18
2025-08-01 09:23:37 AM,177.08,28,4958.240000000001,84933513.42
2025-08-01 09:23:42 AM,177.1,0,0.0,84933513.42
2025-08-01 09:23:43 AM,177.1,878,155493.8,85089007.22
2025-08-01 09:23:45 AM,177.05,22,3895.1000000000004,85092902.32
2025-08-01 09:23:50 AM,177.05,877,155272.85,85248175.16999999
2025-08-01 09:23:52 AM,177.05,9,1593.45,85249768.61999999
2025-08-01 09:23:54 AM,177.08,0,0.0,85249768.61999999
2025-08-01 09:23:58 AM,177.05,182,32223.100000000002,85281991.71999998
2025-08-01 09:24:00 AM,177.05,149,26380.45,85308372.16999999
2025-08-01 09:24:06 AM,177.08,124,21957.920000000002,85330330.08999999
2025-08-01 09:24:08 AM,177.05,1,177.05,85330507.13999999
2025-08-01 09:24:14 AM,177.01,681,120543.81,85451050.94999999
2025-08-01 09:24:15 AM,177.01,4,708.04,85451758.99
2025-08-01 09:24:21 AM,177.05,334,59134.700000000004,85510893.69
2025-08-01 09:24:23 AM,177.05,2638,467057.9,85977951.59
2025-08-01 09:24:26 AM,177.01,0,0.0,85977951.59
2025-08-01 09:24:29 AM,177.01,773,136828.72999999998,86114780.32000001
2025-08-01 09:24:30 AM,177.05,2,354.1,86115134.42
2025-08-01 09:24:36 AM,177.01,6263,1108613.63,87223748.05
2025-08-01 09:24:38 AM,177.04,2015,356735.6,87580483.64999999
2025-08-01 09:24:39 AM,177.05,0,0.0,87580483.64999999
2025-08-01 09:24:44 AM,177.04,121,21421.84,87601905.49
2025-08-01 09:24:45 AM,177.05,0,0.0,87601905.49
2025-08-01 09:24:46 AM,177.05,870,154033.5,87755938.99
2025-08-01 09:24:51 AM,177.04,224,39656.96,87795595.94999999
2025-08-01 09:24:53 AM,177.0,2496,441792.0,88237387.94999999
2025-08-01 09:24:57 AM,176.99,0,0.0,88237387.94999999
2025-08-01 09:24:59 AM,176.9,701,124006.90000000001,88361394.85
2025-08-01 09:24:59 AM,176.96,0,0.0,88361394.85
2025-08-01 09:25:01 AM,176.9,71,12559.9,88373954.75
2025-08-01 09:25:05 AM,176.97,0,0.0,88373954.75
2025-08-01 09:25:06 AM,176.96,1886,333746.56,88707701.31
2025-08-01 09:25:06 AM,176.97,0,0.0,88707701.31
2025-08-01 09:25:08 AM,176.98,1413,250072.74,88957774.05
2025-08-01 09:25:14 AM,176.98,640,113267.2,89071041.25
2025-08-01 09:25:16 AM,176.97,921,162989.37,89234030.62
2025-08-01 09:25:18 AM,176.98,0,0.0,89234030.62
2025-08-01 09:25:21 AM,176.97,1685,298194.45,89532225.07000001
2025-08-01 09:25:23 AM,176.97,329,58223.13,89590448.2
2025-08-01 09:25:24 AM,176.98,0,0.0,89590448.2
2025-08-01 09:25:25 AM,177.2,0,0.0,89590448.2
2025-08-01 09:25:29 AM,177.04,17441,3087754.6399999997,92678202.84
2025-08-01 09:25:31 AM,177.04,364,64442.56,92742645.4
2025-08-01 09:25:36 AM,177.04,657,116315.28,92858960.68
2025-08-01 09:25:36 AM,176.98,0,0.0,92858960.68
2025-08-01 09:25:37 AM,176.97,0,0.0,92858960.68
2025-08-01 09:25:38 AM,176.97,5224,924491.28,93783451.96000001
2025-08-01 09:25:42 AM,176.96,0,0.0,93783451.96000001
2025-08-01 09:25:42 AM,176.95,0,0.0,93783451.96000001
2025-08-01 09:25:44 AM,176.95,1064,188274.8,93971726.76
2025-08-01 09:25:46 AM,176.9,124,21935.600000000002,93993662.36
2025-08-01 09:25:47 AM,176.91,0,0.0,93993662.36
2025-08-01 09:25:51 AM,176.91,4108,726746.28,94720408.64
2025-08-01 09:25:53 AM,176.9,11026,1950499.4000000001,96670908.04
2025-08-01 09:25:59 AM,176.92,905,160112.59999999998,96831020.64
2025-08-01 09:26:01 AM,176.92,122,21584.239999999998,96852604.88
2025-08-01 09:26:06 AM,176.92,1634,289087.27999999997,97141692.16
2025-08-01 09:26:08 AM,176.92,7902,1398021.8399999999,98539714.0
2025-08-01 09:26:12 AM,176.95,0,0.0,98539714.0
2025-08-01 09:26:12 AM,176.9,0,0.0,98539714.0
2025-08-01 09:26:14 AM,176.88,5741,1015468.08,99555182.08
2025-08-01 09:26:16 AM,176.95,106,18756.699999999997,99573938.78
2025-08-01 09:26:19 AM,176.83,0,0.0,99573938.78
2025-08-01 09:26:22 AM,176.82,572,101141.04,99675079.82000001
2025-08-01 09:26:24 AM,176.86,6568,1161616.48,100836696.30000001
2025-08-01 09:26:24 AM,176.87,0,0.0,100836696.30000001
2025-08-01 09:26:29 AM,176.95,0,0.0,100836696.30000001
2025-08-01 09:26:29 AM,176.95,263,46537.85,100883234.15
2025-08-01 09:26:30 AM,176.91,0,0.0,100883234.15
2025-08-01 09:26:31 AM,176.91,3570,631568.7,101514802.85000001
2025-08-01 09:26:34 AM,176.95,0,0.0,101514802.85000001
2025-08-01 09:26:37 AM,177.06,6075,1075639.5,102590442.35000001
2025-08-01 09:26:37 AM,177.08,0,0.0,102590442.35000001
2025-08-01 09:26:39 AM,177.0,1054,186558.0,102777000.35000001
2025-08-01 09:26:40 AM,176.99,0,0.0,102777000.35000001
2025-08-01 09:26:43 AM,177.0,0,0.0,102777000.35000001
2025-08-01 09:26:45 AM,177.0,2644,467988.0,103244988.35000001
2025-08-01 09:26:46 AM,177.06,28,4957.68,103249946.03000002
2025-08-01 09:26:49 AM,177.0,0,0.0,103249946.03000002
2025-08-01 09:26:52 AM,177.12,11134,1972054.08,105222000.11000001
2025-08-01 09:26:54 AM,177.14,394,69793.15999999999,105291793.27000001
2025-08-01 09:26:55 AM,177.19,0,0.0,105291793.27000001
2025-08-01 09:26:58 AM,177.12,0,0.0,105291793.27000001
2025-08-01 09:27:00 AM,177.15,111,19663.65,105311456.92000002
2025-08-01 09:27:01 AM,177.15,191,33835.65,105345292.57000002
2025-08-01 09:27:07 AM,177.17,2918,516982.05999999994,105862274.63000003
2025-08-01 09:27:09 AM,177.12,706,125046.72,105987321.35000002
2025-08-01 09:27:14 AM,177.11,0,0.0,105987321.35000002
2025-08-01 09:27:15 AM,177.17,3460,613008.2,106600329.55000003
2025-08-01 09:27:16 AM,177.1,332,58797.2,106659126.75000003
2025-08-01 09:27:19 AM,177.18,0,0.0,106659126.75000003
2025-08-01 09:27:22 AM,177.18,2555,452694.9,107111821.65000004
2025-08-01 09:27:23 AM,177.17,3645,645784.6499999999,107757606.30000004
2025-08-01 09:27:29 AM,177.18,400,70872.0,107828478.30000004
2025-08-01 09:27:29 AM,177.17,0,0.0,107828478.30000004
2025-08-01 09:27:30 AM,177.15,0,0.0,107828478.30000004
2025-08-01 09:27:31 AM,177.1,2551,451782.1,108280260.40000004
2025-08-01 09:27:35 AM,177.11,0,0.0,108280260.40000004
2025-08-01 09:27:37 AM,177.15,595,105404.25,108385664.65000004
2025-08-01 09:27:38 AM,177.07,3906,691635.4199999999,109077300.07000004
2025-08-01 09:27:40 AM,177.14,0,0.0,109077300.07000004
2025-08-01 09:27:44 AM,177.1,1942,343928.2,109421228.27000004
2025-08-01 09:27:45 AM,177.01,0,0.0,109421228.27000004
2025-08-01 09:27:46 AM,177.01,2031,359507.31,109780735.58000004
2025-08-01 09:27:49 AM,177.0,0,0.0,109780735.58000004
2025-08-01 09:27:52 AM,177.0,790,139830.0,109920565.58000004
2025-08-01 09:27:54 AM,177.01,9,1593.09,109922158.67000005
2025-08-01 09:28:00 AM,177.0,6263,1108551.0,111030709.67000005
2025-08-01 09:28:01 AM,177.03,402,71166.06,111101875.73000005
2025-08-01 09:28:05 AM,176.93,0,0.0,111101875.73000005
2025-08-01 09:28:08 AM,176.92,13091,2316059.7199999997,113417935.45000005
2025-08-01 09:28:09 AM,176.93,14685,2598217.0500000003,116016152.50000004
2025-08-01 09:28:12 AM,176.91,0,0.0,116016152.50000004
2025-08-01 09:28:13 AM,176.93,0,0.0,116016152.50000004
2025-08-01 09:28:15 AM,176.93,2177,385176.61,116401329.11000004
2025-08-01 09:28:17 AM,176.93,481,85103.33,116486432.44000004
2025-08-01 09:28:19 AM,176.85,0,0.0,116486432.44000004
2025-08-01 09:28:19 AM,176.82,0,0.0,116486432.44000004
2025-08-01 09:28:23 AM,176.8,4967,878165.6000000001,117364598.04000004
2025-08-01 09:28:24 AM,176.7,0,0.0,117364598.04000004
2025-08-01 09:28:24 AM,176.7,5526,976444.2,118341042.24000004
2025-08-01 09:28:29 AM,176.69,0,0.0,118341042.24000004
2025-08-01 09:28:29 AM,176.65,0,0.0,118341042.24000004
2025-08-01 09:28:31 AM,176.61,4785,845078.8500000001,119186121.09000003
2025-08-01 09:28:32 AM,176.6,4744,837790.4,120023911.49000004
2025-08-01 09:28:34 AM,176.55,0,0.0,120023911.49000004
2025-08-01 09:28:34 AM,176.61,0,0.0,120023911.49000004
2025-08-01 09:28:38 AM,176.61,5635,995197.3500000001,121019108.84000003
2025-08-01 09:28:39 AM,176.6,779,137571.4,121156680.24000004
2025-08-01 09:28:40 AM,176.62,0,0.0,121156680.24000004
2025-08-01 09:28:46 AM,176.61,6880,1215076.8,122371757.04000004
2025-08-01 09:28:47 AM,176.61,240,42386.4,122414143.44000004
2025-08-01 09:28:50 AM,176.62,0,0.0,122414143.44000004
2025-08-01 09:28:51 AM,176.61,0,0.0,122414143.44000004
2025-08-01 09:28:54 AM,176.61,6482,1144786.02,123558929.46000004
2025-08-01 09:28:55 AM,176.61,16,2825.76,123561755.22000004
2025-08-01 09:28:56 AM,176.65,0,0.0,123561755.22000004
2025-08-01 09:28:57 AM,176.61,0,0.0,123561755.22000004
2025-08-01 09:29:01 AM,176.6,9259,1635139.4,125196894.62000005
2025-08-01 09:29:02 AM,176.64,0,0.0,125196894.62000005
2025-08-01 09:29:02 AM,176.64,24,4239.36,125201133.98000005
2025-08-01 09:29:08 AM,176.61,0,0.0,125201133.98000005
2025-08-01 09:29:09 AM,176.61,1495,264031.95,125465165.93000005
2025-08-01 09:29:10 AM,176.61,2401,424040.61000000004,125889206.54000005
2025-08-01 09:29:16 AM,176.6,1588,280440.8,126169647.34000005
2025-08-01 09:29:18 AM,176.61,34,6004.740000000001,126175652.08000004
2025-08-01 09:29:19 AM,176.6,0,0.0,126175652.08000004
2025-08-01 09:29:24 AM,176.52,6976,1231403.52,127407055.60000004
2025-08-01 09:29:26 AM,176.52,85,15004.2,127422059.80000004
2025-08-01 09:29:29 AM,176.54,0,0.0,127422059.80000004
2025-08-01 09:29:32 AM,176.5,2011,354941.5,127777001.30000004
2025-08-01 09:29:33 AM,176.55,978,172665.90000000002,127949667.20000005
2025-08-01 09:29:35 AM,176.59,0,0.0,127949667.20000005
2025-08-01 09:29:39 AM,176.59,432,76286.88,128025954.08000004
2025-08-01 09:29:40 AM,176.55,24,4237.200000000001,128030191.28000005
2025-08-01 09:29:46 AM,176.55,260,45903.0,128076094.28000005
2025-08-01 09:29:48 AM,176.59,19,3355.21,128079449.49000004
2025-08-01 09:29:49 AM,176.55,0,0.0,128079449.49000004
2025-08-01 09:29:50 AM,176.59,0,0.0,128079449.49000004
2025-08-01 09:29:54 AM,176.55,2222,392294.10000000003,128471743.59000003
2025-08-01 09:29:55 AM,176.55,402,70973.1,128542716.69000003
2025-08-01 09:30:00 AM,176.5,0,0.0,128542716.69000003
2025-08-01 09:30:01 AM,176.5,8917,1573850.5,130116567.19000003
2025-08-01 09:30:02 AM,176.51,5030,887845.2999999999,131004412.49000002
2025-08-01 09:30:06 AM,176.53,0,0.0,131004412.49000002
2025-08-01 09:30:09 AM,176.41,23619,4166627.79,135171040.28000003
2025-08-01 09:30:10 AM,176.4,2626,463226.4,135634266.68000004
2025-08-01 09:30:14 AM,176.41,0,0.0,135634266.68000004
2025-08-01 09:30:17 AM,176.31,5204,917517.24,136551783.92000005
2025-08-01 09:30:18 AM,176.4,876,154526.4,136706310.32000005
2025-08-01 09:30:24 AM,176.42,9018,1590955.5599999998,138297265.88000005
2025-08-01 09:30:25 AM,176.42,18,3175.56,138300441.44000006
2025-08-01 09:30:28 AM,176.46,0,0.0,138300441.44000006
2025-08-01 09:30:29 AM,176.45,0,0.0,138300441.44000006
2025-08-01 09:30:32 AM,176.45,2406,424538.69999999995,138724980.14000005
2025-08-01 09:30:32 AM,176.45,129,22762.05,138747742.19000006
2025-08-01 09:30:35 AM,176.46,0,0.0,138747742.19000006
2025-08-01 09:30:39 AM,176.46,105,18528.3,138766270.49000007
2025-08-01 09:30:42 AM,176.45,0,0.0,138766270.49000007
2025-08-01 09:30:46 AM,176.45,1743,307552.35,139073822.84000006
2025-08-01 09:30:47 AM,176.45,14,2470.2999999999997,139076293.14000008
2025-08-01 09:30:51 AM,176.47,0,0.0,139076293.14000008
2025-08-01 09:30:54 AM,176.42,3780,666867.6,139743160.74000007
2025-08-01 09:30:54 AM,176.42,43,7586.0599999999995,139750746.80000007
2025-08-01 09:30:55 AM,176.38,0,0.0,139750746.80000007
2025-08-01 09:30:58 AM,176.36,0,0.0,139750746.80000007
2025-08-01 09:31:00 AM,176.31,0,0.0,139750746.80000007
2025-08-01 09:31:01 AM,176.31,16367,2885665.77,142636412.57000008
2025-08-01 09:31:01 AM,176.26,1283,226141.58,142862554.1500001
2025-08-01 09:31:04 AM,176.25,0,0.0,142862554.1500001
2025-08-01 09:31:06 AM,176.18,0,0.0,142862554.1500001
2025-08-01 09:31:08 AM,176.18,4094,721280.92,143583835.07000008
2025-08-01 09:31:09 AM,176.14,116,20432.239999999998,143604267.3100001
2025-08-01 09:31:10 AM,176.17,0,0.0,143604267.3100001
2025-08-01 09:31:12 AM,176.18,0,0.0,143604267.3100001
2025-08-01 09:31:15 AM,176.15,0,0.0,143604267.3100001
2025-08-01 09:31:16 AM,176.16,1304,229712.63999999998,143833979.95000008
2025-08-01 09:31:16 AM,176.15,1080,190242.0,144024221.95000008
2025-08-01 09:31:18 AM,176.16,0,0.0,144024221.95000008
2025-08-01 09:31:22 AM,176.15,0,0.0,144024221.95000008
2025-08-01 09:31:23 AM,176.15,4398,774707.7000000001,144798929.65000007
2025-08-01 09:31:24 AM,176.15,9,1585.3500000000001,144800515.00000006
2025-08-01 09:31:30 AM,176.15,1556,274089.4,145074604.40000007
2025-08-01 09:31:31 AM,176.15,1,176.15,145074780.55000007
2025-08-01 09:31:37 AM,176.21,6032,1062898.72,146137679.27000007
2025-08-01 09:31:38 AM,176.2,433,76294.59999999999,146213973.87000006
2025-08-01 09:31:40 AM,176.19,0,0.0,146213973.87000006
2025-08-01 09:31:42 AM,176.17,0,0.0,146213973.87000006
2025-08-01 09:31:44 AM,176.21,1449,255328.29,146469302.16000006
2025-08-01 09:31:45 AM,176.24,0,0.0,146469302.16000006
2025-08-01 09:31:45 AM,176.24,500,88120.0,146557422.16000006
2025-08-01 09:31:47 AM,176.17,0,0.0,146557422.16000006
2025-08-01 09:31:51 AM,176.22,172,30309.84,146587732.00000006
2025-08-01 09:31:51 AM,176.16,1,176.16,146587908.16000006
2025-08-01 09:31:57 AM,176.21,0,0.0,146587908.16000006
2025-08-01 09:31:58 AM,176.17,206,36291.02,146624199.18000007
2025-08-01 09:32:02 AM,176.16,0,0.0,146624199.18000007
2025-08-01 09:32:05 AM,176.17,764,134593.88,146758793.06000006
2025-08-01 09:32:07 AM,176.21,0,0.0,146758793.06000006
2025-08-01 09:32:12 AM,176.25,6532,1151265.0,147910058.06000006
2025-08-01 09:32:13 AM,176.26,0,0.0,147910058.06000006
2025-08-01 09:32:19 AM,176.26,588,103640.87999999999,148013698.94000006
2025-08-01 09:32:25 AM,176.35,0,0.0,148013698.94000006
2025-08-01 09:32:26 AM,176.32,0,0.0,148013698.94000006
2025-08-01 09:32:26 AM,176.32,2365,416996.8,148430695.74000007
2025-08-01 09:32:32 AM,176.31,0,0.0,148430695.74000007
2025-08-01 09:32:33 AM,176.31,4002,705592.62,149136288.36000007
2025-08-01 09:32:38 AM,176.32,0,0.0,149136288.36000007
2025-08-01 09:32:38 AM,176.27,0,0.0,149136288.36000007
2025-08-01 09:32:40 AM,176.26,10623,1872409.98,151008698.34000006
2025-08-01 09:32:44 AM,176.28,0,0.0,151008698.34000006
2025-08-01 09:32:44 AM,176.31,0,0.0,151008698.34000006
2025-08-01 09:32:47 AM,176.31,3465,610914.15,151619612.49000007
2025-08-01 09:32:49 AM,176.5,0,0.0,151619612.49000007
2025-08-01 09:32:54 AM,176.5,8809,1554788.5,153174400.99000007
2025-08-01 09:32:55 AM,176.45,7,1235.1499999999999,153175636.14000008
2025-08-01 09:32:56 AM,176.5,0,0.0,153175636.14000008
2025-08-01 09:32:56 AM,176.43,0,0.0,153175636.14000008
2025-08-01 09:33:01 AM,176.41,1320,232861.19999999998,153408497.34000006
2025-08-01 09:33:02 AM,176.42,0,0.0,153408497.34000006
2025-08-01 09:33:02 AM,176.39,0,0.0,153408497.34000006
2025-08-01 09:33:07 AM,176.32,0,0.0,153408497.34000006
2025-08-01 09:33:08 AM,176.3,432,76161.6,153484658.94000006
2025-08-01 09:33:15 AM,176.29,603,106302.87,153590961.81000006
2025-08-01 09:33:18 AM,176.28,0,0.0,153590961.81000006
2025-08-01 09:33:18 AM,176.26,0,0.0,153590961.81000006
2025-08-01 09:33:22 AM,176.26,1785,314624.1,153905585.91000006
2025-08-01 09:33:28 AM,176.25,0,0.0,153905585.91000006
2025-08-01 09:33:29 AM,176.25,7428,1309185.0,155214770.91000006
2025-08-01 09:33:33 AM,176.26,0,0.0,155214770.91000006
2025-08-01 09:33:36 AM,176.42,5464,963958.8799999999,156178729.79000005
2025-08-01 09:33:38 AM,176.35,0,0.0,156178729.79000005
2025-08-01 09:33:42 AM,176.39,1061,187149.78999999998,156365879.58000004
2025-08-01 09:33:43 AM,176.41,0,0.0,156365879.58000004
2025-08-01 09:33:48 AM,176.38,0,0.0,156365879.58000004
2025-08-01 09:33:50 AM,176.39,3740,659698.6,157025578.18000004
2025-08-01 09:33:52 AM,176.42,0,0.0,157025578.18000004
2025-08-01 09:33:53 AM,176.41,0,0.0,157025578.18000004
2025-08-01 09:33:57 AM,176.44,3330,587545.2,157613123.38000003
2025-08-01 09:34:03 AM,176.49,0,0.0,157613123.38000003
2025-08-01 09:34:03 AM,176.49,528,93186.72,157706310.10000002
2025-08-01 09:34:04 AM,176.49,1,176.49,157706486.59000003
2025-08-01 09:34:11 AM,176.56,11659,2058513.04,159764999.63000003
2025-08-01 09:34:11 AM,176.52,435,76786.20000000001,159841785.83
2025-08-01 09:34:13 AM,176.51,0,0.0,159841785.83
2025-08-01 09:34:16 AM,176.52,0,0.0,159841785.83
2025-08-01 09:34:18 AM,176.56,2741,483950.96,160325736.79000002
2025-08-01 09:34:21 AM,176.58,0,0.0,160325736.79000002
2025-08-01 09:34:23 AM,176.56,0,0.0,160325736.79000002
2025-08-01 09:34:25 AM,176.56,7485,1321551.6,161647288.39000002
2025-08-01 09:34:28 AM,176.66,0,0.0,161647288.39000002
2025-08-01 09:34:31 AM,176.56,0,0.0,161647288.39000002
2025-08-01 09:34:32 AM,176.62,4998,882746.76,162530035.15
2025-08-01 09:34:33 AM,176.56,0,0.0,162530035.15
2025-08-01 09:34:38 AM,176.6,0,0.0,162530035.15
2025-08-01 09:34:39 AM,176.56,1919,338818.64,162868853.79
2025-08-01 09:34:39 AM,176.56,4,706.24,162869560.03
2025-08-01 09:34:41 AM,176.54,0,0.0,162869560.03
2025-08-01 09:34:43 AM,176.49,0,0.0,162869560.03
2025-08-01 09:34:45 AM,176.44,18901,3334892.44,166204452.47
2025-08-01 09:34:46 AM,176.44,150,26466.0,166230918.47
2025-08-01 09:34:48 AM,176.41,0,0.0,166230918.47
2025-08-01 09:34:51 AM,176.37,0,0.0,166230918.47
2025-08-01 09:34:52 AM,176.35,2909,513002.14999999997,166743920.62
2025-08-01 09:34:53 AM,176.35,256,45145.6,166789066.22
2025-08-01 09:34:53 AM,176.33,0,0.0,166789066.22
2025-08-01 09:34:58 AM,176.32,0,0.0,166789066.22
2025-08-01 09:34:59 AM,176.31,4198,740149.38,167529215.6
2025-08-01 09:35:00 AM,176.31,2,352.62,167529568.22
2025-08-01 09:35:03 AM,176.32,0,0.0,167529568.22
2025-08-01 09:35:06 AM,176.35,2711,478084.85,168007653.07
2025-08-01 09:35:08 AM,176.37,0,0.0,168007653.07
2025-08-01 09:35:08 AM,176.36,0,0.0,168007653.07
2025-08-01 09:35:13 AM,176.19,0,0.0,168007653.07
2025-08-01 09:35:13 AM,176.17,12994,2289152.98,170296806.04999998
2025-08-01 09:35:13 AM,176.16,0,0.0,170296806.04999998
2025-08-01 09:35:14 AM,176.16,105,18496.8,170315302.85
2025-08-01 09:35:18 AM,176.17,0,0.0,170315302.85
2025-08-01 09:35:20 AM,176.2,5624,990948.7999999999,171306251.65
2025-08-01 09:35:23 AM,176.17,0,0.0,171306251.65
2025-08-01 09:35:27 AM,176.12,19226,3386083.12,174692334.77
2025-08-01 09:35:28 AM,176.13,0,0.0,174692334.77
2025-08-01 09:35:28 AM,176.13,100,17613.0,174709947.77
2025-08-01 09:35:28 AM,176.04,0,0.0,174709947.77
2025-08-01 09:35:33 AM,176.01,0,0.0,174709947.77
2025-08-01 09:35:33 AM,176.06,0,0.0,174709947.77
2025-08-01 09:35:34 AM,176.04,9985,1757759.4,176467707.17000002
2025-08-01 09:35:38 AM,176.05,0,0.0,176467707.17000002
2025-08-01 09:35:41 AM,176.08,5857,1031300.56,177499007.73000002
2025-08-01 09:35:43 AM,176.1,0,0.0,177499007.73000002
2025-08-01 09:35:48 AM,176.1,1669,293910.89999999997,177792918.63000003
2025-08-01 09:35:48 AM,176.08,1314,231369.12000000002,178024287.75000003
2025-08-01 09:35:48 AM,176.05,0,0.0,178024287.75000003
2025-08-01 09:35:53 AM,176.06,0,0.0,178024287.75000003
2025-08-01 09:35:53 AM,176.04,0,0.0,178024287.75000003
2025-08-01 09:35:54 AM,176.02,626,110188.52,178134476.27000004
2025-08-01 09:35:57 AM,176.01,0,0.0,178134476.27000004
2025-08-01 09:36:01 AM,176.08,380,66910.40000000001,178201386.67000005
2025-08-01 09:36:06 AM,176.05,0,0.0,178201386.67000005
2025-08-01 09:36:08 AM,176.05,433,76229.65000000001,178277616.32000005
2025-08-01 09:36:10 AM,176.08,0,0.0,178277616.32000005
2025-08-01 09:36:15 AM,176.08,1657,291764.56,178569380.88000005
2025-08-01 09:36:15 AM,176.1,1,176.1,178569556.98000005
2025-08-01 09:36:18 AM,176.08,0,0.0,178569556.98000005
2025-08-01 09:36:21 AM,176.08,138,24299.04,178593856.02000004
2025-08-01 09:36:22 AM,176.13,0,0.0,178593856.02000004
2025-08-01 09:36:26 AM,176.09,0,0.0,178593856.02000004
2025-08-01 09:36:26 AM,176.13,0,0.0,178593856.02000004
2025-08-01 09:36:28 AM,176.1,11612,2044873.2,180638729.22000003
2025-08-01 09:36:28 AM,176.09,127,22363.43,180661092.65000004
2025-08-01 09:36:30 AM,176.13,0,0.0,180661092.65000004
2025-08-01 09:36:34 AM,176.1,0,0.0,180661092.65000004
2025-08-01 09:36:34 AM,176.1,420,73962.0,180735054.65000004
2025-08-01 09:36:34 AM,176.13,20,3522.6,180738577.25000003
2025-08-01 09:36:38 AM,176.1,0,0.0,180738577.25000003
2025-08-01 09:36:38 AM,176.13,0,0.0,180738577.25000003
2025-08-01 09:36:40 AM,176.1,683,120276.3,180858853.55000004
2025-08-01 09:36:42 AM,176.13,0,0.0,180858853.55000004
2025-08-01 09:36:46 AM,176.1,0,0.0,180858853.55000004
2025-08-01 09:36:46 AM,176.13,0,0.0,180858853.55000004
2025-08-01 09:36:47 AM,176.13,649,114308.37,180973161.92000005
2025-08-01 09:36:50 AM,176.1,0,0.0,180973161.92000005
2025-08-01 09:36:54 AM,176.13,0,0.0,180973161.92000005
2025-08-01 09:36:54 AM,176.13,1900,334647.0,181307808.92000005
2025-08-01 09:36:54 AM,176.1,41,7220.099999999999,181315029.02000004
2025-08-01 09:36:58 AM,176.09,0,0.0,181315029.02000004
2025-08-01 09:37:00 AM,176.09,1531,269593.79,181584622.81000003
2025-08-01 09:37:02 AM,176.1,0,0.0,181584622.81000003
2025-08-01 09:37:02 AM,176.05,0,0.0,181584622.81000003
2025-08-01 09:37:08 AM,176.05,190,33449.5,181618072.31000003
2025-08-01 09:37:10 AM,176.02,0,0.0,181618072.31000003
2025-08-01 09:37:12 AM,175.9,0,0.0,181618072.31000003
2025-08-01 09:37:15 AM,175.92,42767,7523570.64,189141642.95000002
2025-08-01 09:37:15 AM,175.91,47,8267.77,189149910.72000003
2025-08-01 09:37:16 AM,175.92,0,0.0,189149910.72000003
2025-08-01 09:37:21 AM,175.91,0,0.0,189149910.72000003
2025-08-01 09:37:22 AM,175.98,976,171756.47999999998,189321667.20000002
2025-08-01 09:37:22 AM,175.92,11,1935.12,189323602.32000002
2025-08-01 09:37:22 AM,175.98,0,0.0,189323602.32000002
2025-08-01 09:37:26 AM,175.9,0,0.0,189323602.32000002
2025-08-01 09:37:28 AM,175.89,960,168854.4,189492456.72000003
2025-08-01 09:37:31 AM,175.93,0,0.0,189492456.72000003
2025-08-01 09:37:35 AM,175.99,8700,1531113.0,191023569.72000003
2025-08-01 09:37:36 AM,175.99,1139,200452.61000000002,191224022.33000004
2025-08-01 09:37:40 AM,176.0,0,0.0,191224022.33000004
2025-08-01 09:37:42 AM,175.99,1230,216467.7,191440490.03000003
2025-08-01 09:37:46 AM,176.0,0,0.0,191440490.03000003
2025-08-01 09:37:48 AM,176.01,0,0.0,191440490.03000003
2025-08-01 09:37:49 AM,176.01,3332,586465.32,192026955.35000002
2025-08-01 09:37:49 AM,176.01,501,88181.01,192115136.36
2025-08-01 09:37:50 AM,176.0,0,0.0,192115136.36
2025-08-01 09:37:52 AM,176.01,0,0.0,192115136.36
2025-08-01 09:37:54 AM,176.02,0,0.0,192115136.36
2025-08-01 09:37:55 AM,176.0,706,124256.0,192239392.36
2025-08-01 09:38:01 AM,175.95,0,0.0,192239392.36
2025-08-01 09:38:02 AM,175.95,3242,570429.8999999999,192809822.26000002
2025-08-01 09:38:03 AM,175.92,0,0.0,192809822.26000002
2025-08-01 09:38:07 AM,175.95,0,0.0,192809822.26000002
2025-08-01 09:38:09 AM,175.9,1455,255934.5,193065756.76000002
2025-08-01 09:38:12 AM,175.94,0,0.0,193065756.76000002
2025-08-01 09:38:14 AM,175.98,0,0.0,193065756.76000002
2025-08-01 09:38:16 AM,175.95,1720,302634.0,193368390.76000002
2025-08-01 09:38:23 AM,175.94,2514,442313.16,193810703.92000002
2025-08-01 09:38:28 AM,175.91,0,0.0,193810703.92000002
2025-08-01 09:38:29 AM,175.9,0,0.0,193810703.92000002
2025-08-01 09:38:29 AM,175.9,1095,192610.5,194003314.42000002
2025-08-01 09:38:33 AM,175.91,0,0.0,194003314.42000002
2025-08-01 09:38:36 AM,175.9,995,175020.5,194178334.92000002
2025-08-01 09:38:39 AM,175.91,0,0.0,194178334.92000002
2025-08-01 09:38:42 AM,175.9,0,0.0,194178334.92000002
2025-08-01 09:38:43 AM,175.9,254,44678.6,194223013.52
2025-08-01 09:38:46 AM,175.85,0,0.0,194223013.52
2025-08-01 09:38:49 AM,175.9,2697,474402.3,194697415.82000002
2025-08-01 09:38:50 AM,175.84,0,0.0,194697415.82000002
2025-08-01 09:38:54 AM,175.85,0,0.0,194697415.82000002
2025-08-01 09:38:56 AM,175.89,906,159356.34,194856772.16000003
2025-08-01 09:38:58 AM,175.82,0,0.0,194856772.16000003
2025-08-01 09:39:02 AM,175.84,210,36926.4,194893698.56000003
2025-08-01 09:39:03 AM,175.88,0,0.0,194893698.56000003
2025-08-01 09:39:03 AM,175.81,0,0.0,194893698.56000003
2025-08-01 09:39:08 AM,175.72,0,0.0,194893698.56000003
2025-08-01 09:39:09 AM,175.8,0,0.0,194893698.56000003
2025-08-01 09:39:09 AM,175.78,12814,2252444.92,197146143.48000002
2025-08-01 09:39:13 AM,175.72,0,0.0,197146143.48000002
2025-08-01 09:39:16 AM,175.73,1147,201562.31,197347705.79000002
2025-08-01 09:39:16 AM,175.7,1,175.7,197347881.49
2025-08-01 09:39:17 AM,175.75,0,0.0,197347881.49
2025-08-01 09:39:19 AM,175.61,0,0.0,197347881.49
2025-08-01 09:39:23 AM,175.59,18160,3188714.4,200536595.89000002
2025-08-01 09:39:23 AM,175.52,0,0.0,200536595.89000002
2025-08-01 09:39:27 AM,175.57,0,0.0,200536595.89000002
2025-08-01 09:39:30 AM,175.53,7501,1316650.53,201853246.42000002
2025-08-01 09:39:30 AM,175.53,3,526.59,201853773.01000002
2025-08-01 09:39:31 AM,175.55,0,0.0,201853773.01000002
2025-08-01 09:39:32 AM,175.54,0,0.0,201853773.01000002
2025-08-01 09:39:35 AM,175.53,0,0.0,201853773.01000002
2025-08-01 09:39:36 AM,175.53,4147,727922.91,202581695.92000002
2025-08-01 09:39:42 AM,175.51,10046,1763173.46,204344869.38000003
2025-08-01 09:39:43 AM,175.51,60,10530.599999999999,204355399.98000002
2025-08-01 09:39:43 AM,175.5,0,0.0,204355399.98000002
2025-08-01 09:39:47 AM,175.6,0,0.0,204355399.98000002
2025-08-01 09:39:49 AM,175.59,15513,2723927.67,207079327.65
2025-08-01 09:39:50 AM,175.58,336,58994.880000000005,207138322.53
2025-08-01 09:39:51 AM,175.59,0,0.0,207138322.53
2025-08-01 09:39:55 AM,175.61,0,0.0,207138322.53
2025-08-01 09:39:56 AM,175.59,2034,357150.06,207495472.59
2025-08-01 09:39:56 AM,175.59,61,10710.99,207506183.58
2025-08-01 09:39:59 AM,175.6,0,0.0,207506183.58
2025-08-01 09:40:01 AM,175.56,0,0.0,207506183.58
2025-08-01 09:40:01 AM,175.56,5254,922392.24,208428575.82000002
2025-08-01 09:40:01 AM,175.55,110,19310.5,208447886.32000002
2025-08-01 09:40:02 AM,175.53,121,21239.13,208469125.45000002
2025-08-01 09:40:03 AM,175.59,182,31957.38,208501082.83
2025-08-01 09:40:04 AM,175.58,150,26337.000000000004,208527419.83
2025-08-01 09:40:04 AM,175.55,103,18081.65,208545501.48000002
2025-08-01 09:40:04 AM,175.58,0,0.0,208545501.48000002
2025-08-01 09:40:05 AM,175.52,84,14743.68,208560245.16000003
2025-08-01 09:40:06 AM,175.51,7,1228.57,208561473.73000002
2025-08-01 09:40:07 AM,175.52,1,175.52,208561649.25000003
2025-08-01 09:40:07 AM,175.57,0,0.0,208561649.25000003
2025-08-01 09:40:08 AM,175.54,0,0.0,208561649.25000003
2025-08-01 09:40:08 AM,175.54,850,149209.0,208710858.25000003
2025-08-01 09:40:08 AM,175.53,37,6494.61,208717352.86000004
2025-08-01 09:40:09 AM,175.53,153,26856.09,208744208.95000005
2025-08-01 09:40:09 AM,175.54,80,14043.199999999999,208758252.15000004
2025-08-01 09:40:10 AM,175.54,71,12463.34,208770715.49000004
2025-08-01 09:40:10 AM,175.53,14,2457.42,208773172.91000003
2025-08-01 09:40:11 AM,175.61,0,0.0,208773172.91000003
2025-08-01 09:40:11 AM,175.61,3150,553171.5,209326344.41000003
2025-08-01 09:40:11 AM,175.53,633,111110.49,209437454.90000004
2025-08-01 09:40:12 AM,175.55,0,0.0,209437454.90000004
2025-08-01 09:40:12 AM,175.55,52,9128.6,209446583.50000003
2025-08-01 09:40:13 AM,175.53,10,1755.3,209448338.80000004
2025-08-01 09:40:14 AM,175.53,75,13164.75,209461503.55000004
2025-08-01 09:40:14 AM,175.55,61,10708.550000000001,209472212.10000005
2025-08-01 09:40:15 AM,175.55,105,18432.75,209490644.85000005
2025-08-01 09:40:15 AM,175.54,33,5792.82,209496437.67000005
2025-08-01 09:40:16 AM,175.55,8,1404.4,209497842.07000005
2025-08-01 09:40:17 AM,175.53,0,0.0,209497842.07000005
2025-08-01 09:40:17 AM,175.53,2,351.06,209498193.13000005
2025-08-01 09:40:17 AM,175.55,272,47749.600000000006,209545942.73000005
2025-08-01 09:40:18 AM,175.54,0,0.0,209545942.73000005
2025-08-01 09:40:18 AM,175.54,54,9479.16,209555421.89000005
2025-08-01 09:40:18 AM,175.54,11,1930.9399999999998,209557352.83000004
2025-08-01 09:40:19 AM,175.55,30,5266.5,209562619.33000004
2025-08-01 09:40:19 AM,175.54,0,0.0,209562619.33000004
2025-08-01 09:40:20 AM,175.55,0,0.0,209562619.33000004
2025-08-01 09:40:20 AM,175.55,1157,203111.35,209765730.68000004
2025-08-01 09:40:20 AM,175.57,278,48808.46,209814539.14000005
2025-08-01 09:40:20 AM,175.56,0,0.0,209814539.14000005
2025-08-01 09:40:21 AM,175.56,287,50385.72,209864924.86000004
2025-08-01 09:40:21 AM,175.64,0,0.0,209864924.86000004
2025-08-01 09:40:22 AM,175.64,59,10362.759999999998,209875287.62000003
2025-08-01 09:40:22 AM,175.56,12,2106.7200000000003,209877394.34000003
2025-08-01 09:40:23 AM,175.56,8,1404.48,209878798.82000002
2025-08-01 09:40:24 AM,175.57,1,175.57,209878974.39000002
2025-08-01 09:40:25 AM,175.6,1,175.6,209879149.99
2025-08-01 09:40:28 AM,175.54,2563,449909.01999999996,210329059.01000002
2025-08-01 09:40:29 AM,175.59,0,0.0,210329059.01000002
2025-08-01 09:40:29 AM,175.59,96,16856.64,210345915.65
2025-08-01 09:40:30 AM,175.59,100,17559.0,210363474.65
2025-08-01 09:40:30 AM,175.54,0,0.0,210363474.65
2025-08-01 09:40:31 AM,175.54,339,59508.06,210422982.71
2025-08-01 09:40:31 AM,175.59,0,0.0,210422982.71
2025-08-01 09:40:32 AM,175.59,29,5092.11,210428074.82000002
2025-08-01 09:40:32 AM,175.55,5,877.75,210428952.57000002
2025-08-01 09:40:32 AM,175.59,0,0.0,210428952.57000002
2025-08-01 09:40:33 AM,175.55,65,11410.75,210440363.32000002
2025-08-01 09:40:33 AM,175.59,0,0.0,210440363.32000002
2025-08-01 09:40:34 AM,175.55,6,1053.3000000000002,210441416.62000003
2025-08-01 09:40:34 AM,175.55,147,25805.850000000002,210467222.47000003
2025-08-01 09:40:35 AM,175.55,136,23874.800000000003,210491097.27000004
2025-08-01 09:40:35 AM,175.59,2,351.18,210491448.45000005
2025-08-01 09:40:35 AM,175.66,0,0.0,210491448.45000005
2025-08-01 09:40:36 AM,175.65,0,0.0,210491448.45000005
2025-08-01 09:40:36 AM,175.79,7952,1397882.0799999998,211889330.53000006
2025-08-01 09:40:36 AM,175.65,0,0.0,211889330.53000006
2025-08-01 09:40:37 AM,175.75,4232,743774.0,212633104.53000006
2025-08-01 09:40:37 AM,175.71,846,148650.66,212781755.19000006
2025-08-01 09:40:38 AM,175.73,0,0.0,212781755.19000006
2025-08-01 09:40:38 AM,175.73,1424,250239.52,213031994.71000007
2025-08-01 09:40:39 AM,175.79,1236,217276.44,213249271.15000007
2025-08-01 09:40:40 AM,175.8,0,0.0,213249271.15000007
2025-08-01 09:40:40 AM,175.76,321,56418.96,213305690.11000007
2025-08-01 09:40:41 AM,175.76,366,64328.159999999996,213370018.27000007
2025-08-01 09:40:41 AM,175.79,0,0.0,213370018.27000007
2025-08-01 09:40:42 AM,175.79,1,175.79,213370194.06000006
2025-08-01 09:40:42 AM,175.76,21,3690.96,213373885.02000007
2025-08-01 09:40:43 AM,175.79,308,54143.32,213428028.34000006
2025-08-01 09:40:44 AM,175.78,0,0.0,213428028.34000006
2025-08-01 09:40:44 AM,175.78,62,10898.36,213438926.70000008
2025-08-01 09:40:44 AM,175.9,1735,305186.5,213744113.20000008
2025-08-01 09:40:45 AM,175.84,0,0.0,213744113.20000008
2025-08-01 09:40:45 AM,175.84,349,61368.16,213805481.36000007
2025-08-01 09:40:45 AM,175.85,0,0.0,213805481.36000007
2025-08-01 09:40:46 AM,175.85,2065,363130.25,214168611.61000007
2025-08-01 09:40:46 AM,175.9,100,17590.0,214186201.61000007
2025-08-01 09:40:46 AM,175.85,0,0.0,214186201.61000007
2025-08-01 09:40:47 AM,175.85,102,17936.7,214204138.31000006
2025-08-01 09:40:47 AM,175.91,1428,251199.47999999998,214455337.79000005
2025-08-01 09:40:47 AM,175.85,0,0.0,214455337.79000005
2025-08-01 09:40:48 AM,175.85,330,58030.5,214513368.29000005
2025-08-01 09:40:48 AM,175.83,66,11604.78,214524973.07000005
2025-08-01 09:40:48 AM,175.92,0,0.0,214524973.07000005
2025-08-01 09:40:49 AM,175.92,30,5277.599999999999,214530250.67000005
2025-08-01 09:40:49 AM,175.87,0,0.0,214530250.67000005
2025-08-01 09:40:50 AM,175.87,59,10376.33,214540627.00000006
2025-08-01 09:40:50 AM,175.88,0,0.0,214540627.00000006
2025-08-01 09:40:51 AM,175.92,0,0.0,214540627.00000006
2025-08-01 09:40:51 AM,175.88,16,2814.08,214543441.08000007
2025-08-01 09:40:51 AM,175.92,0,0.0,214543441.08000007
2025-08-01 09:40:52 AM,175.92,6,1055.52,214544496.60000008
2025-08-01 09:40:53 AM,175.9,0,0.0,214544496.60000008
2025-08-01 09:40:53 AM,175.9,1,175.9,214544672.5000001
2025-08-01 09:40:53 AM,175.89,0,0.0,214544672.5000001
2025-08-01 09:40:54 AM,175.97,857,150806.29,214695478.79000008
2025-08-01 09:40:54 AM,175.87,0,0.0,214695478.79000008
2025-08-01 09:40:55 AM,175.97,619,108925.43,214804404.2200001
2025-08-01 09:40:55 AM,175.9,0,0.0,214804404.2200001
2025-08-01 09:40:56 AM,175.9,124,21811.600000000002,214826215.82000008
2025-08-01 09:40:56 AM,175.91,25,4397.75,214830613.57000008
2025-08-01 09:40:57 AM,175.97,505,88864.85,214919478.42000008
2025-08-01 09:40:57 AM,175.97,108,19004.76,214938483.18000007
2025-08-01 09:40:58 AM,175.92,21,3694.3199999999997,214942177.50000006
2025-08-01 09:40:59 AM,175.92,5,879.5999999999999,214943057.10000005
2025-08-01 09:40:59 AM,175.97,0,0.0,214943057.10000005
2025-08-01 09:41:00 AM,175.97,500,87985.0,215031042.10000005
2025-08-01 09:41:00 AM,175.92,102,17943.84,215048985.94000006
2025-08-01 09:41:01 AM,175.97,120,21116.4,215070102.34000006
2025-08-01 09:41:02 AM,175.92,0,0.0,215070102.34000006
2025-08-01 09:41:02 AM,175.97,379,66692.63,215136794.97000006
2025-08-01 09:41:03 AM,175.94,8,1407.52,215138202.49000007
2025-08-01 09:41:03 AM,175.92,0,0.0,215138202.49000007
2025-08-01 09:41:04 AM,175.94,0,0.0,215138202.49000007
2025-08-01 09:41:04 AM,175.94,14,2463.16,215140665.65000007
2025-08-01 09:41:04 AM,175.97,528,92912.16,215233577.81000006
2025-08-01 09:41:05 AM,175.97,100,17597.0,215251174.81000006
2025-08-01 09:41:05 AM,175.95,73,12844.349999999999,215264019.16000006
2025-08-01 09:41:06 AM,175.95,35,6158.25,215270177.41000006
2025-08-01 09:41:06 AM,175.95,53,9325.349999999999,215279502.76000005
2025-08-01 09:41:07 AM,175.97,102,17948.94,215297451.70000005
2025-08-01 09:41:08 AM,176.0,0,0.0,215297451.70000005
2025-08-01 09:41:08 AM,176.0,2770,487520.0,215784971.70000005
2025-08-01 09:41:08 AM,176.0,412,72512.0,215857483.70000005
2025-08-01 09:41:09 AM,175.98,83,14606.339999999998,215872090.04000005
2025-08-01 09:41:10 AM,175.98,187,32908.259999999995,215904998.30000004
2025-08-01 09:41:11 AM,175.95,0,0.0,215904998.30000004
2025-08-01 09:41:11 AM,175.98,235,41355.299999999996,215946353.60000005
2025-08-01 09:41:11 AM,176.0,50,8800.0,215955153.60000005
2025-08-01 09:41:12 AM,175.94,0,0.0,215955153.60000005
2025-08-01 09:41:12 AM,175.94,57,10028.58,215965182.18000007
2025-08-01 09:41:12 AM,175.94,11,1935.34,215967117.52000007
2025-08-01 09:41:14 AM,175.94,4,703.76,215967821.28000006
2025-08-01 09:41:14 AM,175.92,6,1055.52,215968876.80000007
2025-08-01 09:41:15 AM,175.92,419,73710.48,216042587.28000006
2025-08-01 09:41:15 AM,175.84,86,15122.24,216057709.52000007
2025-08-01 09:41:16 AM,175.93,100,17593.0,216075302.52000007
2025-08-01 09:41:17 AM,175.86,0,0.0,216075302.52000007
2025-08-01 09:41:17 AM,175.86,10,1758.6000000000001,216077061.12000006
2025-08-01 09:41:17 AM,175.86,466,81950.76000000001,216159011.88000005
2025-08-01 09:41:18 AM,175.85,94,16529.899999999998,216175541.78000006
2025-08-01 09:41:18 AM,175.91,0,0.0,216175541.78000006
2025-08-01 09:41:19 AM,175.91,2,351.82,216175893.60000005
2025-08-01 09:41:19 AM,175.94,269,47327.86,216223221.46000007
2025-08-01 09:41:20 AM,175.87,0,0.0,216223221.46000007
2025-08-01 09:41:20 AM,175.87,54,9496.98,216232718.44000006
2025-08-01 09:41:21 AM,175.93,0,0.0,216232718.44000006
2025-08-01 09:41:21 AM,175.93,10,1759.3000000000002,216234477.74000007
2025-08-01 09:41:21 AM,175.94,383,67385.02,216301862.76000008
2025-08-01 09:41:21 AM,175.93,0,0.0,216301862.76000008
2025-08-01 09:41:22 AM,175.93,79,13898.470000000001,216315761.23000008
2025-08-01 09:41:22 AM,175.95,364,64045.799999999996,216379807.0300001
2025-08-01 09:41:23 AM,175.96,119,20939.24,216400746.2700001
2025-08-01 09:41:24 AM,175.94,0,0.0,216400746.2700001
2025-08-01 09:41:25 AM,175.94,23,4046.62,216404792.8900001
2025-08-01 09:41:25 AM,175.93,1070,188245.1,216593037.9900001
2025-08-01 09:41:25 AM,175.94,0,0.0,216593037.9900001
2025-08-01 09:41:26 AM,175.94,5,879.7,216593917.6900001
2025-08-01 09:41:26 AM,175.95,38,6686.099999999999,216600603.79000008
2025-08-01 09:41:27 AM,175.93,185,32547.050000000003,216633150.8400001
2025-08-01 09:41:28 AM,176.01,0,0.0,216633150.8400001
2025-08-01 09:41:28 AM,176.01,2916,513245.16,217146396.0000001
2025-08-01 09:41:29 AM,175.95,0,0.0,217146396.0000001
2025-08-01 09:41:29 AM,175.95,1028,180876.59999999998,217327272.60000008
2025-08-01 09:41:29 AM,175.95,92,16187.4,217343460.0000001
2025-08-01 09:41:30 AM,175.96,0,0.0,217343460.0000001
2025-08-01 09:41:30 AM,176.05,229,40315.450000000004,217383775.45000008
2025-08-01 09:41:30 AM,175.97,0,0.0,217383775.45000008
2025-08-01 09:41:31 AM,176.05,57,10034.85,217393810.30000007
2025-08-01 09:41:31 AM,175.97,619,108925.43,217502735.73000008
2025-08-01 09:41:32 AM,176.04,165,29046.6,217531782.33000007
2025-08-01 09:41:32 AM,175.97,0,0.0,217531782.33000007
2025-08-01 09:41:33 AM,176.04,43,7569.719999999999,217539352.05000007
2025-08-01 09:41:33 AM,175.97,8,1407.76,217540759.81000006
2025-08-01 09:41:33 AM,176.04,0,0.0,217540759.81000006
2025-08-01 09:41:34 AM,176.04,2,352.08,217541111.89000008
2025-08-01 09:41:34 AM,175.97,4,703.88,217541815.77000007
2025-08-01 09:41:38 AM,176.04,0,0.0,217541815.77000007
2025-08-01 09:41:38 AM,176.04,14,2464.56,217544280.33000007
2025-08-01 09:41:39 AM,176.01,0,0.0,217544280.33000007
2025-08-01 09:41:39 AM,176.01,3,528.03,217544808.36000007
2025-08-01 09:41:40 AM,176.01,13,2288.13,217547096.49000007
2025-08-01 09:41:40 AM,176.04,0,0.0,217547096.49000007
2025-08-01 09:41:40 AM,176.04,1,176.04,217547272.53000006
2025-08-01 09:41:40 AM,176.09,0,0.0,217547272.53000006
2025-08-01 09:41:41 AM,176.1,0,0.0,217547272.53000006
2025-08-01 09:41:41 AM,176.1,3108,547318.7999999999,218094591.33000007
2025-08-01 09:41:41 AM,176.07,0,0.0,218094591.33000007
2025-08-01 09:41:42 AM,176.09,0,0.0,218094591.33000007
2025-08-01 09:41:42 AM,176.09,242,42613.78,218137205.11000007
2025-08-01 09:41:42 AM,176.04,8,1408.32,218138613.43000007
2025-08-01 09:41:42 AM,176.09,0,0.0,218138613.43000007
2025-08-01 09:41:43 AM,176.09,47,8276.23,218146889.66000006
2025-08-01 09:41:43 AM,176.04,9,1584.36,218148474.02000007
2025-08-01 09:41:44 AM,176.1,0,0.0,218148474.02000007
2025-08-01 09:41:44 AM,176.04,154,27110.16,218175584.18000007
2025-08-01 09:41:44 AM,176.19,1137,200328.03,218375912.21000007
2025-08-01 09:41:45 AM,176.1,0,0.0,218375912.21000007
2025-08-01 09:41:45 AM,176.1,4844,853028.4,219228940.61000007
2025-08-01 09:41:46 AM,176.04,0,0.0,219228940.61000007
2025-08-01 09:41:47 AM,176.01,3447,606706.47,219835647.08000007
2025-08-01 09:41:48 AM,176.0,0,0.0,219835647.08000007
2025-08-01 09:41:48 AM,175.98,0,0.0,219835647.08000007
2025-08-01 09:41:49 AM,175.98,204,35899.92,219871547.00000006
2025-08-01 09:41:49 AM,175.97,0,0.0,219871547.00000006
2025-08-01 09:41:50 AM,175.97,506,89040.81999999999,219960587.82000005
2025-08-01 09:41:50 AM,176.01,2,352.02,219960939.84000006
2025-08-01 09:41:50 AM,175.97,0,0.0,219960939.84000006
2025-08-01 09:41:51 AM,176.01,0,0.0,219960939.84000006
2025-08-01 09:41:51 AM,176.01,125,22001.25,219982941.09000006
2025-08-01 09:41:52 AM,176.01,27,4752.2699999999995,219987693.36000007
2025-08-01 09:41:52 AM,176.01,781,137463.81,220125157.17000008
2025-08-01 09:41:52 AM,176.06,0,0.0,220125157.17000008
2025-08-01 09:41:53 AM,176.02,0,0.0,220125157.17000008
2025-08-01 09:41:53 AM,176.06,500,88030.0,220213187.17000008
2025-08-01 09:41:53 AM,176.02,120,21122.4,220234309.57000008
2025-08-01 09:41:54 AM,176.0,0,0.0,220234309.57000008
2025-08-01 09:41:54 AM,176.0,391,68816.0,220303125.57000008
2025-08-01 09:41:54 AM,176.0,137,24112.0,220327237.57000008
2025-08-01 09:41:55 AM,176.02,689,121277.78000000001,220448515.35000008
2025-08-01 09:41:56 AM,176.03,138,24292.14,220472807.49000007
2025-08-01 09:41:56 AM,176.06,0,0.0,220472807.49000007
2025-08-01 09:41:56 AM,176.06,267,47008.020000000004,220519815.51000008
2025-08-01 09:41:57 AM,176.04,0,0.0,220519815.51000008
2025-08-01 09:41:57 AM,176.04,1081,190299.24,220710114.7500001
2025-08-01 09:41:57 AM,176.02,0,0.0,220710114.7500001
2025-08-01 09:41:58 AM,176.02,216,38020.32,220748135.07000008
2025-08-01 09:41:59 AM,176.02,43,7568.860000000001,220755703.9300001
2025-08-01 09:41:59 AM,176.03,109,19187.27,220774891.2000001
2025-08-01 09:42:00 AM,176.1,27,4754.7,220779645.9000001
2025-08-01 09:42:01 AM,176.02,5,880.1,220780526.0000001
2025-08-01 09:42:02 AM,176.04,3,528.12,220781054.1200001
2025-08-01 09:42:02 AM,176.03,0,0.0,220781054.1200001
2025-08-01 09:42:02 AM,176.03,7,1232.21,220782286.3300001
2025-08-01 09:42:03 AM,176.02,0,0.0,220782286.3300001
2025-08-01 09:42:03 AM,176.0,56,9856.0,220792142.3300001
2025-08-01 09:42:03 AM,176.02,0,0.0,220792142.3300001
2025-08-01 09:42:04 AM,176.02,225,39604.5,220831746.8300001
2025-08-01 09:42:04 AM,176.02,122,21474.440000000002,220853221.2700001
2025-08-01 09:42:05 AM,176.0,25,4400.0,220857621.2700001
2025-08-01 09:42:06 AM,176.0,5,880.0,220858501.2700001
2025-08-01 09:42:07 AM,176.0,1,176.0,220858677.2700001
2025-08-01 09:42:07 AM,176.02,0,0.0,220858677.2700001
2025-08-01 09:42:08 AM,176.02,3,528.0600000000001,220859205.3300001
2025-08-01 09:42:08 AM,176.0,0,0.0,220859205.3300001
2025-08-01 09:42:09 AM,176.0,1,176.0,220859381.3300001
2025-08-01 09:42:10 AM,176.0,120,21120.0,220880501.3300001
2025-08-01 09:42:11 AM,176.02,0,0.0,220880501.3300001
2025-08-01 09:42:11 AM,175.97,346,60885.62,220941386.9500001
2025-08-01 09:42:11 AM,176.0,0,0.0,220941386.9500001
2025-08-01 09:42:12 AM,176.0,26,4576.0,220945962.9500001
2025-08-01 09:42:12 AM,176.0,80,14080.0,220960042.9500001
2025-08-01 09:42:13 AM,175.95,16,2815.2,220962858.1500001
2025-08-01 09:42:14 AM,175.95,3,527.8499999999999,220963386.0000001
2025-08-01 09:42:15 AM,175.95,1,175.95,220963561.95000008
2025-08-01 09:42:15 AM,175.97,0,0.0,220963561.95000008
2025-08-01 09:42:15 AM,175.97,79,13901.63,220977463.58000007
2025-08-01 09:42:16 AM,175.96,0,0.0,220977463.58000007
2025-08-01 09:42:17 AM,175.96,3,527.88,220977991.46000007
2025-08-01 09:42:18 AM,175.96,166,29209.36,221007200.82000008
2025-08-01 09:42:19 AM,175.96,6,1055.76,221008256.58000007
2025-08-01 09:42:19 AM,175.98,0,0.0,221008256.58000007
2025-08-01 09:42:20 AM,175.98,101,17773.98,221026030.56000006
2025-08-01 09:42:20 AM,175.95,4,703.8,221026734.36000007
2025-08-01 09:42:20 AM,175.98,0,0.0,221026734.36000007
2025-08-01 09:42:21 AM,175.98,80,14078.4,221040812.76000008
2025-08-01 09:42:21 AM,175.97,46,8094.62,221048907.38000008
2025-08-01 09:42:22 AM,175.95,39,6862.049999999999,221055769.4300001
2025-08-01 09:42:23 AM,175.97,0,0.0,221055769.4300001
2025-08-01 09:42:23 AM,175.96,52,9149.92,221064919.35000008
2025-08-01 09:42:23 AM,175.96,2,351.92,221065271.27000007
2025-08-01 09:42:23 AM,175.97,0,0.0,221065271.27000007
2025-08-01 09:42:24 AM,175.95,0,0.0,221065271.27000007
2025-08-01 09:42:24 AM,175.95,47,8269.65,221073540.92000008
2025-08-01 09:42:24 AM,175.97,1,175.97,221073716.89000008
2025-08-01 09:42:24 AM,175.95,0,0.0,221073716.89000008
2025-08-01 09:42:25 AM,175.95,188,33078.6,221106795.49000007
2025-08-01 09:42:25 AM,175.95,38,6686.099999999999,221113481.59000006
2025-08-01 09:42:26 AM,175.97,3,527.91,221114009.50000006
2025-08-01 09:42:26 AM,175.95,0,0.0,221114009.50000006
2025-08-01 09:42:26 AM,175.95,268,47154.6,221161164.10000005
2025-08-01 09:42:27 AM,175.95,54,9501.3,221170665.40000007
2025-08-01 09:42:28 AM,175.97,74,13021.78,221183687.18000007
2025-08-01 09:42:28 AM,175.97,123,21644.31,221205331.49000007
2025-08-01 09:42:29 AM,175.95,39,6862.049999999999,221212193.54000008
2025-08-01 09:42:30 AM,175.97,0,0.0,221212193.54000008
2025-08-01 09:42:30 AM,175.97,50,8798.5,221220992.04000008
2025-08-01 09:42:30 AM,175.95,18,3167.1,221224159.14000008
2025-08-01 09:42:30 AM,175.97,0,0.0,221224159.14000008
2025-08-01 09:42:31 AM,175.97,20,3519.4,221227678.54000008
2025-08-01 09:42:31 AM,175.97,33,5807.01,221233485.55000007
2025-08-01 09:42:32 AM,175.96,3,527.88,221234013.43000007
2025-08-01 09:42:33 AM,175.95,1,175.95,221234189.38000005
2025-08-01 09:42:34 AM,175.95,4,703.8,221234893.18000007
2025-08-01 09:42:34 AM,175.97,6,1055.82,221235949.00000006
2025-08-01 09:42:34 AM,175.95,0,0.0,221235949.00000006
2025-08-01 09:42:35 AM,175.97,4,703.88,221236652.88000005
2025-08-01 09:42:35 AM,175.95,0,0.0,221236652.88000005
2025-08-01 09:42:36 AM,175.95,3,527.8499999999999,221237180.73000005
2025-08-01 09:42:37 AM,175.97,3,527.91,221237708.64000005
2025-08-01 09:42:38 AM,175.95,6,1055.6999999999998,221238764.34000003
2025-08-01 09:42:39 AM,175.97,0,0.0,221238764.34000003
2025-08-01 09:42:40 AM,175.96,72,12669.12,221251433.46000004
2025-08-01 09:42:41 AM,175.96,2,351.92,221251785.38000003
2025-08-01 09:42:42 AM,175.96,1,175.96,221251961.34000003
2025-08-01 09:42:43 AM,175.95,0,0.0,221251961.34000003
2025-08-01 09:42:43 AM,175.95,96,16891.199999999997,221268852.54000002
2025-08-01 09:42:44 AM,175.97,0,0.0,221268852.54000002
2025-08-01 09:42:45 AM,175.97,16,2815.52,221271668.06000003
2025-08-01 09:42:45 AM,175.95,0,0.0,221271668.06000003
2025-08-01 09:42:46 AM,175.95,9,1583.55,221273251.61000004
2025-08-01 09:42:47 AM,175.95,1,175.95,221273427.56000003
2025-08-01 09:42:47 AM,175.97,0,0.0,221273427.56000003
2025-08-01 09:42:48 AM,176.09,4081,718623.29,221992050.85000002
2025-08-01 09:42:48 AM,176.02,817,143808.34,222135859.19000003
2025-08-01 09:42:49 AM,176.03,17,2992.51,222138851.70000002
2025-08-01 09:42:50 AM,176.03,149,26228.47,222165080.17000002
2025-08-01 09:42:51 AM,176.06,0,0.0,222165080.17000002
2025-08-01 09:42:51 AM,176.06,30,5281.8,222170361.97000003
2025-08-01 09:42:51 AM,176.1,0,0.0,222170361.97000003
2025-08-01 09:42:52 AM,176.13,0,0.0,222170361.97000003
2025-08-01 09:42:52 AM,176.13,56,9863.279999999999,222180225.25000003
2025-08-01 09:42:52 AM,176.14,6533,1150722.6199999999,223330947.87000003
2025-08-01 09:42:53 AM,176.1,0,0.0,223330947.87000003
2025-08-01 09:42:53 AM,176.04,1355,238534.19999999998,223569482.07000002
2025-08-01 09:42:54 AM,176.05,443,77990.15000000001,223647472.22000003
2025-08-01 09:42:55 AM,176.05,72,12675.6,223660147.82000002
2025-08-01 09:42:56 AM,176.13,0,0.0,223660147.82000002
2025-08-01 09:42:57 AM,176.13,1012,178243.56,223838391.38000003
2025-08-01 09:42:57 AM,176.05,0,0.0,223838391.38000003
2025-08-01 09:42:58 AM,176.13,0,0.0,223838391.38000003
2025-08-01 09:42:58 AM,176.13,402,70804.26,223909195.64000002
2025-08-01 09:42:58 AM,176.05,0,0.0,223909195.64000002
2025-08-01 09:42:59 AM,176.05,97,17076.850000000002,223926272.49
2025-08-01 09:42:59 AM,176.11,0,0.0,223926272.49
2025-08-01 09:43:00 AM,176.04,0,0.0,223926272.49
2025-08-01 09:43:00 AM,176.12,42,7397.04,223933669.53
2025-08-01 09:43:00 AM,176.05,0,0.0,223933669.53
2025-08-01 09:43:01 AM,176.05,107,18837.350000000002,223952506.88
2025-08-01 09:43:01 AM,176.12,0,0.0,223952506.88
2025-08-01 09:43:01 AM,176.12,125,22015.0,223974521.88
2025-08-01 09:43:02 AM,176.05,0,0.0,223974521.88
2025-08-01 09:43:03 AM,176.05,26,4577.3,223979099.18
2025-08-01 09:43:03 AM,176.06,0,0.0,223979099.18
2025-08-01 09:43:04 AM,176.12,0,0.0,223979099.18
2025-08-01 09:43:04 AM,176.12,60,10567.2,223989666.38
2025-08-01 09:43:04 AM,176.09,0,0.0,223989666.38
2025-08-01 09:43:05 AM,176.09,12,2113.08,223991779.46
2025-08-01 09:43:05 AM,176.05,3,528.1500000000001,223992307.61
2025-08-01 09:43:06 AM,176.05,100,17605.0,224009912.61
2025-08-01 09:43:06 AM,176.05,20,3521.0,224013433.61
2025-08-01 09:43:06 AM,176.12,0,0.0,224013433.61
2025-08-01 09:43:07 AM,176.07,2647,466057.29,224479490.9
2025-08-01 09:43:07 AM,176.12,1,176.12,224479667.02
2025-08-01 09:43:08 AM,176.07,184,32396.879999999997,224512063.9
2025-08-01 09:43:09 AM,176.06,0,0.0,224512063.9
2025-08-01 09:43:09 AM,176.07,724,127474.68,224639538.58
2025-08-01 09:43:09 AM,176.12,5,880.6,224640419.18
2025-08-01 09:43:10 AM,176.07,0,0.0,224640419.18
2025-08-01 09:43:10 AM,176.07,143,25178.01,224665597.19
2025-08-01 09:43:10 AM,176.07,30,5282.099999999999,224670879.29
2025-08-01 09:43:12 AM,176.07,6,1056.42,224671935.70999998
2025-08-01 09:43:12 AM,176.07,21,3697.47,224675633.17999998
2025-08-01 09:43:13 AM,176.07,4,704.28,224676337.45999998
2025-08-01 09:43:14 AM,176.08,1,176.08,224676513.54
2025-08-01 09:43:15 AM,176.08,5,880.4000000000001,224677393.94
2025-08-01 09:43:16 AM,176.11,2,352.22,224677746.16
2025-08-01 09:43:16 AM,176.07,0,0.0,224677746.16
2025-08-01 09:43:17 AM,176.04,5851,1030010.0399999999,225707756.2
2025-08-01 09:43:17 AM,176.03,100,17603.0,225725359.2
2025-08-01 09:43:17 AM,176.04,0,0.0,225725359.2
2025-08-01 09:43:18 AM,176.01,0,0.0,225725359.2
2025-08-01 09:43:18 AM,176.01,3162,556543.62,226281902.82
2025-08-01 09:43:18 AM,176.01,25,4400.25,226286303.07
2025-08-01 09:43:18 AM,176.0,0,0.0,226286303.07
2025-08-01 09:43:19 AM,176.0,9,1584.0,226287887.07
2025-08-01 09:43:19 AM,176.01,1881,331074.81,226618961.88
2025-08-01 09:43:19 AM,175.97,0,0.0,226618961.88
2025-08-01 09:43:20 AM,175.99,385,67756.15000000001,226686718.03
2025-08-01 09:43:21 AM,175.99,777,136744.23,226823462.26
2025-08-01 09:43:21 AM,175.97,156,27451.32,226850913.57999998
2025-08-01 09:43:22 AM,175.97,949,166995.53,227017909.10999998
2025-08-01 09:43:22 AM,175.98,1003,176507.94,227194417.04999998
2025-08-01 09:43:23 AM,175.95,490,86215.5,227280632.54999998
2025-08-01 09:43:24 AM,175.95,1101,193720.94999999998,227474353.49999997
2025-08-01 09:43:25 AM,175.93,100,17593.0,227491946.49999997
2025-08-01 09:43:25 AM,175.91,27,4749.57,227496696.06999996
2025-08-01 09:43:25 AM,175.9,0,0.0,227496696.06999996
2025-08-01 09:43:26 AM,175.91,0,0.0,227496696.06999996
2025-08-01 09:43:26 AM,175.91,153,26914.23,227523610.29999995
2025-08-01 09:43:26 AM,175.9,2,351.8,227523962.09999996
2025-08-01 09:43:27 AM,175.87,0,0.0,227523962.09999996
2025-08-01 09:43:27 AM,175.9,222,39049.8,227563011.89999998
2025-08-01 09:43:27 AM,175.87,0,0.0,227563011.89999998
2025-08-01 09:43:28 AM,175.9,341,59981.9,227622993.79999998
2025-08-01 09:43:28 AM,175.87,0,0.0,227622993.79999998
2025-08-01 09:43:28 AM,175.87,289,50826.43,227673820.23
2025-08-01 09:43:29 AM,175.85,0,0.0,227673820.23
2025-08-01 09:43:30 AM,175.89,0,0.0,227673820.23
2025-08-01 09:43:30 AM,175.89,226,39751.14,227713571.36999997
2025-08-01 09:43:30 AM,175.89,25,4397.25,227717968.61999997
2025-08-01 09:43:30 AM,175.85,0,0.0,227717968.61999997
2025-08-01 09:43:31 AM,175.89,0,0.0,227717968.61999997
2025-08-01 09:43:31 AM,175.85,59,10375.15,227728343.76999998
2025-08-01 09:43:31 AM,175.89,0,0.0,227728343.76999998
2025-08-01 09:43:32 AM,175.89,17,2990.1299999999997,227731333.89999998
2025-08-01 09:43:32 AM,175.87,4,703.48,227732037.37999997
2025-08-01 09:43:32 AM,175.89,0,0.0,227732037.37999997
2025-08-01 09:43:33 AM,175.87,2,351.74,227732389.11999997
2025-08-01 09:43:33 AM,175.89,1881,330849.08999999997,228063238.20999998
2025-08-01 09:43:33 AM,175.9,0,0.0,228063238.20999998
2025-08-01 09:43:34 AM,175.95,0,0.0,228063238.20999998
2025-08-01 09:43:34 AM,175.96,4969,874345.24,228937583.45
2025-08-01 09:43:34 AM,176.03,20,3520.6,228941104.04999998
2025-08-01 09:43:35 AM,175.98,172,30268.559999999998,228971372.60999998
2025-08-01 09:43:36 AM,175.98,203,35723.939999999995,229007096.54999998
2025-08-01 09:43:36 AM,176.01,0,0.0,229007096.54999998
2025-08-01 09:43:37 AM,176.01,41,7216.41,229014312.95999998
2025-08-01 09:43:37 AM,175.9,0,0.0,229014312.95999998
2025-08-01 09:43:38 AM,175.9,3623,637285.7000000001,229651598.65999997
2025-08-01 09:43:38 AM,175.91,0,0.0,229651598.65999997
2025-08-01 09:43:39 AM,175.89,163,28670.069999999996,229680268.72999996
2025-08-01 09:43:40 AM,175.98,105,18477.899999999998,229698746.62999997
2025-08-01 09:43:41 AM,175.89,36,6332.039999999999,229705078.66999996
2025-08-01 09:43:42 AM,175.97,0,0.0,229705078.66999996
2025-08-01 09:43:43 AM,175.97,15,2639.55,229707718.21999997
2025-08-01 09:43:43 AM,175.9,0,0.0,229707718.21999997
2025-08-01 09:43:44 AM,175.98,0,0.0,229707718.21999997
2025-08-01 09:43:44 AM,175.98,4,703.92,229708422.13999996
2025-08-01 09:43:45 AM,175.94,0,0.0,229708422.13999996
2025-08-01 09:43:45 AM,175.94,79,13899.26,229722321.39999995
2025-08-01 09:43:46 AM,175.94,11,1935.34,229724256.73999995
2025-08-01 09:43:46 AM,175.92,0,0.0,229724256.73999995
2025-08-01 09:43:47 AM,175.92,2,351.84,229724608.57999995
2025-08-01 09:43:48 AM,175.98,0,0.0,229724608.57999995
2025-08-01 09:43:48 AM,175.98,194,34140.119999999995,229758748.69999996
2025-08-01 09:43:48 AM,175.96,0,0.0,229758748.69999996
2025-08-01 09:43:49 AM,175.96,46,8094.160000000001,229766842.85999995
2025-08-01 09:43:50 AM,175.98,29,5103.42,229771946.27999994
2025-08-01 09:43:51 AM,175.98,384,67576.31999999999,229839522.59999993
2025-08-01 09:43:52 AM,176.04,125,22005.0,229861527.59999993
2025-08-01 09:43:54 AM,175.95,0,0.0,229861527.59999993
2025-08-01 09:43:55 AM,175.94,332,58412.08,229919939.67999995
2025-08-01 09:43:55 AM,175.92,0,0.0,229919939.67999995
2025-08-01 09:43:56 AM,175.92,52,9147.84,229929087.51999995
2025-08-01 09:43:56 AM,175.94,0,0.0,229929087.51999995
2025-08-01 09:43:57 AM,175.94,198,34836.12,229963923.63999996
2025-08-01 09:43:57 AM,175.9,2,351.8,229964275.43999997
2025-08-01 09:43:58 AM,175.9,624,109761.6,230074037.03999996
2025-08-01 09:43:59 AM,175.9,25,4397.5,230078434.53999996
2025-08-01 09:43:59 AM,175.94,181,31845.14,230110279.67999995
2025-08-01 09:44:00 AM,175.94,46,8093.24,230118372.91999996
2025-08-01 09:44:01 AM,175.94,29,5102.26,230123475.17999995
2025-08-01 09:44:02 AM,175.89,6,1055.34,230124530.51999995
2025-08-01 09:44:03 AM,175.84,6400,1125376.0,231249906.51999995
2025-08-01 09:44:03 AM,175.8,0,0.0,231249906.51999995
2025-08-01 09:44:04 AM,175.81,129,22679.49,231272586.00999996
2025-08-01 09:44:04 AM,175.8,0,0.0,231272586.00999996
2025-08-01 09:44:05 AM,175.8,678,119192.40000000001,231391778.40999997
2025-08-01 09:44:06 AM,175.8,299,52564.200000000004,231444342.60999995
2025-08-01 09:44:07 AM,175.78,990,174022.2,231618364.80999994
2025-08-01 09:44:07 AM,175.8,0,0.0,231618364.80999994
2025-08-01 09:44:08 AM,175.8,201,35335.8,231653700.60999995
2025-08-01 09:44:09 AM,175.8,400,70320.0,231724020.60999995
2025-08-01 09:44:10 AM,175.82,106,18636.92,231742657.52999994
2025-08-01 09:44:11 AM,175.79,164,28829.559999999998,231771487.08999994
2025-08-01 09:44:12 AM,175.75,0,0.0,231771487.08999994
2025-08-01 09:44:12 AM,175.75,33,5799.75,231777286.83999994
2025-08-01 09:44:13 AM,175.79,0,0.0,231777286.83999994
2025-08-01 09:44:13 AM,175.79,40,7031.599999999999,231784318.43999994
2025-08-01 09:44:13 AM,175.76,0,0.0,231784318.43999994
2025-08-01 09:44:14 AM,175.76,58,10194.08,231794512.51999995
2025-08-01 09:44:14 AM,175.76,12,2109.12,231796621.63999996
2025-08-01 09:44:14 AM,175.83,0,0.0,231796621.63999996
2025-08-01 09:44:15 AM,175.76,11,1933.36,231798554.99999997
2025-08-01 09:44:15 AM,175.74,1029,180836.46000000002,231979391.45999998
2025-08-01 09:44:16 AM,175.75,35,6151.25,231985542.70999998
2025-08-01 09:44:17 AM,175.73,7,1230.11,231986772.82
2025-08-01 09:44:17 AM,175.73,518,91028.14,232077800.95999998
2025-08-01 09:44:18 AM,175.7,345,60616.49999999999,232138417.45999998
2025-08-01 09:44:19 AM,175.72,0,0.0,232138417.45999998
2025-08-01 09:44:19 AM,175.7,269,47263.299999999996,232185680.76
2025-08-01 09:44:20 AM,175.7,5526,970918.2,233156598.95999998
2025-08-01 09:44:21 AM,175.69,0,0.0,233156598.95999998
2025-08-01 09:44:21 AM,175.69,500,87845.0,233244443.95999998
2025-08-01 09:44:22 AM,175.69,104,18271.76,233262715.71999997
2025-08-01 09:44:22 AM,175.64,0,0.0,233262715.71999997
2025-08-01 09:44:23 AM,175.69,1125,197651.25,233460366.96999997
2025-08-01 09:44:23 AM,175.68,0,0.0,233460366.96999997
2025-08-01 09:44:24 AM,175.68,23,4040.6400000000003,233464407.60999995
2025-08-01 09:44:25 AM,175.68,105,18446.4,233482854.00999996
2025-08-01 09:44:25 AM,175.64,0,0.0,233482854.00999996
2025-08-01 09:44:26 AM,175.64,226,39694.64,233522548.64999995
2025-08-01 09:44:26 AM,175.64,70,12294.8,233534843.44999996
2025-08-01 09:44:26 AM,175.72,0,0.0,233534843.44999996
2025-08-01 09:44:27 AM,175.74,0,0.0,233534843.44999996
2025-08-01 09:44:27 AM,175.64,102,17915.28,233552758.72999996
2025-08-01 09:44:28 AM,175.63,5,878.15,233553636.87999997
2025-08-01 09:44:29 AM,175.7,0,0.0,233553636.87999997
2025-08-01 09:44:29 AM,175.65,33,5796.45,233559433.32999995
2025-08-01 09:44:30 AM,175.68,0,0.0,233559433.32999995
2025-08-01 09:44:30 AM,175.68,1,175.68,233559609.00999996
2025-08-01 09:44:30 AM,175.76,0,0.0,233559609.00999996
2025-08-01 09:44:31 AM,175.69,0,0.0,233559609.00999996
2025-08-01 09:44:31 AM,175.69,2040,358407.6,233918016.60999995
2025-08-01 09:44:31 AM,175.68,0,0.0,233918016.60999995
2025-08-01 09:44:32 AM,175.68,8,1405.44,233919422.04999995
2025-08-01 09:44:33 AM,175.68,362,63596.16,233983018.20999995
2025-08-01 09:44:33 AM,175.63,0,0.0,233983018.20999995
2025-08-01 09:44:34 AM,175.63,1830,321402.89999999997,234304421.10999995
2025-08-01 09:44:34 AM,175.61,0,0.0,234304421.10999995
2025-08-01 09:44:35 AM,175.61,25,4390.25,234308811.35999995
2025-08-01 09:44:35 AM,175.6,55,9658.0,234318469.35999995
2025-08-01 09:44:36 AM,175.6,136,23881.6,234342350.95999995
2025-08-01 09:44:36 AM,175.65,0,0.0,234342350.95999995
2025-08-01 09:44:37 AM,175.6,70,12292.0,234354642.95999995
2025-08-01 09:44:38 AM,175.65,3,526.95,234355169.90999994
2025-08-01 09:44:39 AM,175.6,0,0.0,234355169.90999994
2025-08-01 09:44:39 AM,175.64,11,1932.04,234357101.94999993
2025-08-01 09:44:40 AM,175.6,0,0.0,234357101.94999993
2025-08-01 09:44:40 AM,175.63,8,1405.04,234358506.98999992
2025-08-01 09:44:40 AM,175.61,0,0.0,234358506.98999992
2025-08-01 09:44:41 AM,175.65,0,0.0,234358506.98999992
2025-08-01 09:44:41 AM,175.65,504,88527.6,234447034.5899999
2025-08-01 09:44:41 AM,175.61,0,0.0,234447034.5899999
2025-08-01 09:44:42 AM,175.61,98,17209.780000000002,234464244.36999992
2025-08-01 09:44:42 AM,175.65,510,89581.5,234553825.86999992
2025-08-01 09:44:43 AM,175.65,321,56383.65,234610209.51999992
2025-08-01 09:44:44 AM,175.6,0,0.0,234610209.51999992
2025-08-01 09:44:45 AM,175.6,83,14574.8,234624784.31999993
2025-08-01 09:44:45 AM,175.61,3,526.83,234625311.14999995
2025-08-01 09:44:45 AM,175.63,0,0.0,234625311.14999995
2025-08-01 09:44:46 AM,175.61,191,33541.51,234658852.65999994
2025-08-01 09:44:47 AM,175.61,8,1404.88,234660257.53999993
2025-08-01 09:44:47 AM,175.63,0,0.0,234660257.53999993
2025-08-01 09:44:48 AM,175.61,0,0.0,234660257.53999993
2025-08-01 09:44:48 AM,175.63,65,11415.949999999999,234671673.48999992
2025-08-01 09:44:49 AM,175.61,0,0.0,234671673.48999992
2025-08-01 09:44:50 AM,175.61,138,24234.18,234695907.66999993
2025-08-01 09:44:51 AM,175.61,52,9131.720000000001,234705039.38999993
2025-08-01 09:44:52 AM,175.63,0,0.0,234705039.38999993
2025-08-01 09:44:53 AM,175.63,2132,374443.16,235079482.54999992
2025-08-01 09:44:54 AM,175.63,250,43907.5,235123390.04999992
2025-08-01 09:44:55 AM,175.63,54,9484.02,235132874.06999993
2025-08-01 09:44:55 AM,175.6,0,0.0,235132874.06999993
2025-08-01 09:44:56 AM,175.6,111,19491.6,235152365.66999993
2025-08-01 09:44:56 AM,175.63,0,0.0,235152365.66999993
2025-08-01 09:44:57 AM,175.63,1032,181250.16,235333615.82999992
2025-08-01 09:44:57 AM,175.6,0,0.0,235333615.82999992
2025-08-01 09:44:58 AM,175.59,402,70587.18000000001,235404203.00999993
2025-08-01 09:44:58 AM,175.6,0,0.0,235404203.00999993
2025-08-01 09:44:59 AM,175.6,14,2458.4,235406661.40999994
2025-08-01 09:45:00 AM,175.6,2,351.2,235407012.60999992
2025-08-01 09:45:00 AM,175.63,0,0.0,235407012.60999992
2025-08-01 09:45:01 AM,175.61,1629,286068.69,235693081.29999992
2025-08-01 09:45:01 AM,175.6,94,16506.399999999998,235709587.69999993
2025-08-01 09:45:01 AM,175.56,0,0.0,235709587.69999993
2025-08-01 09:45:02 AM,175.55,0,0.0,235709587.69999993
2025-08-01 09:45:02 AM,175.6,385,67606.0,235777193.69999993
2025-08-01 09:45:02 AM,175.55,80,14044.0,235791237.69999993
2025-08-01 09:45:03 AM,175.59,1751,307458.09,236098695.78999993
2025-08-01 09:45:03 AM,175.58,73,12817.34,236111513.12999994
2025-08-01 09:45:03 AM,175.55,0,0.0,236111513.12999994
2025-08-01 09:45:04 AM,175.59,141,24758.19,236136271.31999993
2025-08-01 09:45:05 AM,175.55,602,105681.1,236241952.41999993
2025-08-01 09:45:05 AM,175.57,0,0.0,236241952.41999993
2025-08-01 09:45:06 AM,175.57,10,1755.6999999999998,236243708.11999992
2025-08-01 09:45:06 AM,175.57,124,21770.68,236265478.79999992
2025-08-01 09:45:06 AM,175.58,0,0.0,236265478.79999992
2025-08-01 09:45:07 AM,175.55,0,0.0,236265478.79999992
2025-08-01 09:45:07 AM,175.55,1083,190120.65000000002,236455599.44999993
2025-08-01 09:45:08 AM,175.55,1072,188189.6,236643789.04999992
2025-08-01 09:45:09 AM,175.56,337,59163.72,236702952.76999992
2025-08-01 09:45:09 AM,175.55,67,11761.85,236714714.61999992
2025-08-01 09:45:10 AM,175.56,0,0.0,236714714.61999992
2025-08-01 09:45:10 AM,175.56,100,17556.0,236732270.61999992
2025-08-01 09:45:10 AM,175.55,33,5793.150000000001,236738063.76999992
2025-08-01 09:45:11 AM,175.56,20,3511.2,236741574.9699999
2025-08-01 09:45:11 AM,175.58,6449,1132315.4200000002,237873890.3899999
2025-08-01 09:45:12 AM,175.54,1567,275071.18,238148961.5699999
2025-08-01 09:45:12 AM,175.55,172,30194.600000000002,238179156.1699999
2025-08-01 09:45:13 AM,175.57,399,70052.43,238249208.5999999
2025-08-01 09:45:13 AM,175.57,15,2633.5499999999997,238251842.14999992
2025-08-01 09:45:14 AM,175.55,83,14570.650000000001,238266412.79999992
2025-08-01 09:45:14 AM,175.55,429,75310.95000000001,238341723.7499999
2025-08-01 09:45:15 AM,175.53,206,36159.18,238377882.92999992
2025-08-01 09:45:15 AM,175.55,10,1755.5,238379638.42999992
2025-08-01 09:45:15 AM,175.57,0,0.0,238379638.42999992
2025-08-01 09:45:16 AM,175.59,0,0.0,238379638.42999992
2025-08-01 09:45:16 AM,175.52,2711,475834.72000000003,238855473.14999992
2025-08-01 09:45:16 AM,175.51,0,0.0,238855473.14999992
2025-08-01 09:45:17 AM,175.57,0,0.0,238855473.14999992
2025-08-01 09:45:17 AM,175.58,412,72338.96,238927812.10999992
2025-08-01 09:45:17 AM,175.55,0,0.0,238927812.10999992
2025-08-01 09:45:18 AM,175.57,283,49686.31,238977498.41999993
2025-08-01 09:45:18 AM,175.55,18,3159.9,238980658.31999993
2025-08-01 09:45:19 AM,175.52,16,2808.32,238983466.63999993
2025-08-01 09:45:19 AM,175.55,2,351.1,238983817.73999992
2025-08-01 09:45:20 AM,175.52,10,1755.2,238985572.9399999
2025-08-01 09:45:20 AM,175.55,0,0.0,238985572.9399999
2025-08-01 09:45:20 AM,175.55,27,4739.85,238990312.7899999
2025-08-01 09:45:21 AM,175.52,128,22466.56,239012779.3499999
2025-08-01 09:45:21 AM,175.55,0,0.0,239012779.3499999
2025-08-01 09:45:22 AM,175.55,381,66884.55,239079663.89999992
2025-08-01 09:45:22 AM,175.57,0,0.0,239079663.89999992
2025-08-01 09:45:22 AM,175.57,702,123250.14,239202914.0399999
2025-08-01 09:45:23 AM,175.53,0,0.0,239202914.0399999
2025-08-01 09:45:24 AM,175.53,21,3686.13,239206600.1699999
2025-08-01 09:45:24 AM,175.53,4,702.12,239207302.2899999
2025-08-01 09:45:25 AM,175.53,101,17728.53,239225030.8199999
2025-08-01 09:45:26 AM,175.53,140,24574.2,239249605.0199999
2025-08-01 09:45:26 AM,175.55,0,0.0,239249605.0199999
2025-08-01 09:45:27 AM,175.55,1417,248754.35,239498359.3699999
2025-08-01 09:45:27 AM,175.55,30,5266.5,239503625.8699999
2025-08-01 09:45:27 AM,175.53,0,0.0,239503625.8699999
2025-08-01 09:45:28 AM,175.56,489,85848.84,239589474.7099999
2025-08-01 09:45:28 AM,175.56,12,2106.7200000000003,239591581.4299999
2025-08-01 09:45:28 AM,175.55,0,0.0,239591581.4299999
2025-08-01 09:45:29 AM,175.55,125,21943.75,239613525.1799999
2025-08-01 09:45:29 AM,175.57,1025,179959.25,239793484.4299999
2025-08-01 09:45:30 AM,175.52,1365,239584.80000000002,240033069.2299999
2025-08-01 09:45:31 AM,175.52,315,55288.8,240088358.0299999
2025-08-01 09:45:32 AM,175.51,0,0.0,240088358.0299999
2025-08-01 09:45:32 AM,175.57,775,136066.75,240224424.7799999
2025-08-01 09:45:33 AM,175.51,277,48616.27,240273041.04999992
2025-08-01 09:45:34 AM,175.55,0,0.0,240273041.04999992
2025-08-01 09:45:34 AM,175.55,52,9128.6,240282169.64999992
2025-08-01 09:45:34 AM,175.51,0,0.0,240282169.64999992
2025-08-01 09:45:35 AM,175.51,11,1930.61,240284100.25999993
2025-08-01 09:45:35 AM,175.52,0,0.0,240284100.25999993
2025-08-01 09:45:35 AM,175.52,2,351.04,240284451.29999992
2025-08-01 09:45:36 AM,175.55,37,6495.35,240290946.64999992
2025-08-01 09:45:36 AM,175.55,13,2282.15,240293228.79999992
2025-08-01 09:45:37 AM,175.57,0,0.0,240293228.79999992
2025-08-01 09:45:38 AM,175.57,103,18083.71,240311312.50999993
2025-08-01 09:45:38 AM,175.53,21,3686.13,240314998.63999993
2025-08-01 09:45:39 AM,175.52,128,22466.56,240337465.19999993
2025-08-01 09:45:40 AM,175.55,81,14219.550000000001,240351684.74999994
2025-08-01 09:45:41 AM,175.52,17,2983.84,240354668.58999994
2025-08-01 09:45:41 AM,175.53,0,0.0,240354668.58999994
2025-08-01 09:45:41 AM,175.53,10466,1837096.98,242191765.56999993
2025-08-01 09:45:42 AM,175.52,485,85127.20000000001,242276892.76999992
2025-08-01 09:45:43 AM,175.51,0,0.0,242276892.76999992
2025-08-01 09:45:43 AM,175.51,97,17024.469999999998,242293917.23999992
2025-08-01 09:45:43 AM,175.51,63,11057.13,242304974.36999992
2025-08-01 09:45:44 AM,175.51,10,1755.1,242306729.4699999
2025-08-01 09:45:44 AM,175.5,0,0.0,242306729.4699999
2025-08-01 09:45:44 AM,175.5,6267,1099858.5,243406587.9699999
2025-08-01 09:45:45 AM,175.53,5010,879405.3,244285993.26999992
2025-08-01 09:45:45 AM,175.48,0,0.0,244285993.26999992
2025-08-01 09:45:46 AM,175.48,10486,1840083.2799999998,246126076.54999992
2025-08-01 09:45:46 AM,175.49,0,0.0,246126076.54999992
2025-08-01 09:45:47 AM,175.44,2195,385090.8,246511167.34999993
2025-08-01 09:45:47 AM,175.44,284,49824.96,246560992.30999994
2025-08-01 09:45:47 AM,175.46,0,0.0,246560992.30999994
2025-08-01 09:45:48 AM,175.46,2806,492340.76,247053333.06999993
2025-08-01 09:45:48 AM,175.53,627,110057.31,247163390.37999994
2025-08-01 09:45:49 AM,175.49,1,175.49,247163565.86999995
2025-08-01 09:45:50 AM,175.44,1,175.44,247163741.30999994
2025-08-01 09:45:50 AM,175.44,186,32631.84,247196373.14999995
2025-08-01 09:45:51 AM,175.49,62,10880.380000000001,247207253.52999994
2025-08-01 09:45:52 AM,175.44,0,0.0,247207253.52999994
2025-08-01 09:45:52 AM,175.44,13,2280.72,247209534.24999994
2025-08-01 09:45:52 AM,175.48,0,0.0,247209534.24999994
2025-08-01 09:45:53 AM,175.48,3,526.4399999999999,247210060.68999994
2025-08-01 09:45:53 AM,175.45,3066,537929.7,247747990.38999993
2025-08-01 09:45:53 AM,175.43,0,0.0,247747990.38999993
2025-08-01 09:45:54 AM,175.43,41,7192.63,247755183.01999992
2025-08-01 09:45:55 AM,175.43,279,48944.97,247804127.98999992
2025-08-01 09:45:55 AM,175.42,49,8595.58,247812723.56999993
2025-08-01 09:45:56 AM,175.4,5,877.0,247813600.56999993
2025-08-01 09:45:57 AM,175.42,2,350.84,247813951.40999994
2025-08-01 09:45:57 AM,175.43,1690,296476.7,248110428.10999992
2025-08-01 09:45:58 AM,175.43,340,59646.200000000004,248170074.3099999
2025-08-01 09:45:59 AM,175.43,151,26489.93,248196564.23999992
2025-08-01 09:45:59 AM,175.4,868,152247.2,248348811.4399999
2025-08-01 09:45:59 AM,175.43,0,0.0,248348811.4399999
2025-08-01 09:46:00 AM,175.4,176,30870.4,248379681.8399999
2025-08-01 09:46:01 AM,175.4,258,45253.200000000004,248424935.0399999
2025-08-01 09:46:01 AM,175.42,0,0.0,248424935.0399999
2025-08-01 09:46:01 AM,175.42,114,19997.879999999997,248444932.9199999
2025-08-01 09:46:02 AM,175.42,1,175.42,248445108.33999988
2025-08-01 09:46:02 AM,175.4,0,0.0,248445108.33999988
2025-08-01 09:46:02 AM,175.4,4,701.6,248445809.93999988
2025-08-01 09:46:03 AM,175.4,5174,907519.6,249353329.53999987
2025-08-01 09:46:04 AM,175.35,2,350.7,249353680.23999986
2025-08-01 09:46:04 AM,175.35,334,58566.9,249412247.13999987
2025-08-01 09:46:05 AM,175.33,0,0.0,249412247.13999987
2025-08-01 09:46:05 AM,175.34,2,350.68,249412597.81999987
2025-08-01 09:46:05 AM,175.34,1858,325781.72000000003,249738379.53999987
2025-08-01 09:46:06 AM,175.34,132,23144.88,249761524.41999987
2025-08-01 09:46:06 AM,175.34,610,106957.40000000001,249868481.81999987
2025-08-01 09:46:07 AM,175.3,182,31904.600000000002,249900386.41999987
2025-08-01 09:46:07 AM,175.3,1422,249276.6,250149663.01999986
2025-08-01 09:46:07 AM,175.28,0,0.0,250149663.01999986
2025-08-01 09:46:08 AM,175.3,0,0.0,250149663.01999986
2025-08-01 09:46:08 AM,175.3,900,157770.0,250307433.01999986
2025-08-01 09:46:08 AM,175.3,1,175.3,250307608.31999987
2025-08-01 09:46:09 AM,175.3,182,31904.600000000002,250339512.91999987
2025-08-01 09:46:10 AM,175.24,0,0.0,250339512.91999987
2025-08-01 09:46:10 AM,175.28,342,59945.76,250399458.67999986
2025-08-01 09:46:10 AM,175.3,100,17530.0,250416988.67999986
2025-08-01 09:46:11 AM,175.23,0,0.0,250416988.67999986
2025-08-01 09:46:11 AM,175.3,70,12271.0,250429259.67999986
2025-08-01 09:46:11 AM,175.23,34,5957.82,250435217.49999985
2025-08-01 09:46:12 AM,175.3,117,20510.100000000002,250455727.59999985
2025-08-01 09:46:13 AM,175.23,23,4030.29,250459757.88999984
2025-08-01 09:46:14 AM,175.29,14,2454.06,250462211.94999984
2025-08-01 09:46:15 AM,175.29,23,4031.6699999999996,250466243.61999983
2025-08-01 09:46:16 AM,175.29,1,175.29,250466418.90999982
2025-08-01 09:46:16 AM,175.2,1689,295912.8,250762331.70999983
2025-08-01 09:46:17 AM,175.27,1413,247656.51,251009988.21999982
2025-08-01 09:46:18 AM,175.24,0,0.0,251009988.21999982
2025-08-01 09:46:18 AM,175.24,283,49592.920000000006,251059581.1399998
2025-08-01 09:46:18 AM,175.3,1,175.3,251059756.43999982
2025-08-01 09:46:19 AM,175.26,0,0.0,251059756.43999982
2025-08-01 09:46:19 AM,175.26,58,10165.08,251069921.51999983
2025-08-01 09:46:19 AM,175.29,0,0.0,251069921.51999983
2025-08-01 09:46:20 AM,175.29,100,17529.0,251087450.51999983
2025-08-01 09:46:20 AM,175.27,11,1927.97,251089378.48999983
2025-08-01 09:46:20 AM,175.24,0,0.0,251089378.48999983
2025-08-01 09:46:21 AM,175.27,83,14547.410000000002,251103925.89999983
2025-08-01 09:46:21 AM,175.24,31,5432.4400000000005,251109358.33999982
2025-08-01 09:46:22 AM,175.27,33,5783.910000000001,251115142.24999982
2025-08-01 09:46:23 AM,175.24,248,43459.520000000004,251158601.76999983
2025-08-01 09:46:23 AM,175.23,0,0.0,251158601.76999983
2025-08-01 09:46:24 AM,175.22,660,115645.2,251274246.96999982
2025-08-01 09:46:25 AM,175.27,0,0.0,251274246.96999982
2025-08-01 09:46:25 AM,175.23,410,71844.3,251346091.26999983
2025-08-01 09:46:25 AM,175.29,0,0.0,251346091.26999983
2025-08-01 09:46:26 AM,175.29,898,157410.41999999998,251503501.68999982
2025-08-01 09:46:26 AM,175.23,206,36097.38,251539599.0699998
2025-08-01 09:46:27 AM,175.21,41,7183.610000000001,251546782.67999983
2025-08-01 09:46:27 AM,175.25,0,0.0,251546782.67999983
2025-08-01 09:46:28 AM,175.25,51,8937.75,251555720.42999983
2025-08-01 09:46:28 AM,175.23,0,0.0,251555720.42999983
2025-08-01 09:46:29 AM,175.23,10,1752.3,251557472.72999984
2025-08-01 09:46:29 AM,175.27,5,876.35,251558349.07999983
2025-08-01 09:46:29 AM,175.25,0,0.0,251558349.07999983
2025-08-01 09:46:30 AM,175.29,56,9816.24,251568165.31999984
2025-08-01 09:46:31 AM,175.29,17,2979.93,251571145.24999985
2025-08-01 09:46:31 AM,175.24,0,0.0,251571145.24999985
2025-08-01 09:46:32 AM,175.24,4,700.96,251571846.20999986
2025-08-01 09:46:32 AM,175.29,0,0.0,251571846.20999986
2025-08-01 09:46:33 AM,175.23,25,4380.75,251576226.95999986
2025-08-01 09:46:34 AM,175.23,1,175.23,251576402.18999985
2025-08-01 09:46:35 AM,175.27,25,4381.75,251580783.93999985
2025-08-01 09:46:35 AM,175.22,500,87610.0,251668393.93999985
2025-08-01 09:46:36 AM,175.22,205,35920.1,251704314.03999984
2025-08-01 09:46:37 AM,175.29,46,8063.339999999999,251712377.37999985
2025-08-01 09:46:37 AM,175.24,0,0.0,251712377.37999985
2025-08-01 09:46:38 AM,175.24,489,85692.36,251798069.73999986
2025-08-01 09:46:38 AM,175.3,1025,179682.5,251977752.23999986
2025-08-01 09:46:39 AM,175.3,724,126917.20000000001,252104669.43999985
2025-08-01 09:46:39 AM,175.3,1,175.3,252104844.73999986
2025-08-01 09:46:39 AM,175.23,0,0.0,252104844.73999986
2025-08-01 09:46:40 AM,175.23,2980,522185.39999999997,252627030.13999987
2025-08-01 09:46:40 AM,175.25,0,0.0,252627030.13999987
2025-08-01 09:46:41 AM,175.26,0,0.0,252627030.13999987
2025-08-01 09:46:41 AM,175.26,796,139506.96,252766537.09999987
2025-08-01 09:46:41 AM,175.3,0,0.0,252766537.09999987
2025-08-01 09:46:42 AM,175.3,170,29801.000000000004,252796338.09999987
2025-08-01 09:46:42 AM,175.24,700,122668.0,252919006.09999987
2025-08-01 09:46:42 AM,175.29,0,0.0,252919006.09999987
2025-08-01 09:46:43 AM,175.29,6606,1157965.74,254076971.83999988
2025-08-01 09:46:43 AM,175.25,0,0.0,254076971.83999988
2025-08-01 09:46:44 AM,175.3,1848,323954.4,254400926.2399999
2025-08-01 09:46:44 AM,175.26,600,105156.0,254506082.2399999
2025-08-01 09:46:44 AM,175.3,0,0.0,254506082.2399999
2025-08-01 09:46:45 AM,175.26,487,85351.62,254591433.8599999
2025-08-01 09:46:46 AM,175.27,0,0.0,254591433.8599999
2025-08-01 09:46:46 AM,175.3,98,17179.4,254608613.2599999
2025-08-01 09:46:46 AM,175.26,0,0.0,254608613.2599999
2025-08-01 09:46:47 AM,175.26,20,3505.2,254612118.4599999
2025-08-01 09:46:48 AM,175.26,4,701.04,254612819.49999988
2025-08-01 09:46:48 AM,175.26,1,175.26,254612994.75999987
2025-08-01 09:46:49 AM,175.22,900,157698.0,254770692.75999987
2025-08-01 09:46:49 AM,175.22,180,31539.6,254802232.35999987
2025-08-01 09:46:50 AM,175.29,100,17529.0,254819761.35999987
2025-08-01 09:46:50 AM,175.22,56,9812.32,254829573.67999986
2025-08-01 09:46:51 AM,175.26,1,175.26,254829748.93999985
2025-08-01 09:46:52 AM,175.26,13,2278.38,254832027.31999984
2025-08-01 09:46:53 AM,175.28,1001,175455.28,255007482.59999985
2025-08-01 09:46:54 AM,175.25,122,21380.5,255028863.09999985
2025-08-01 09:46:55 AM,175.26,134,23484.84,255052347.93999985
2025-08-01 09:46:55 AM,175.25,144,25236.0,255077583.93999985
2025-08-01 09:46:56 AM,175.25,378,66244.5,255143828.43999985
2025-08-01 09:46:56 AM,175.26,0,0.0,255143828.43999985
2025-08-01 09:46:57 AM,175.26,1371,240281.46,255384109.89999986
2025-08-01 09:46:57 AM,175.26,287,50299.619999999995,255434409.51999986
2025-08-01 09:46:59 AM,175.26,57,9989.82,255444399.33999985
2025-08-01 09:47:00 AM,175.26,27,4732.0199999999995,255449131.35999987
2025-08-01 09:47:00 AM,175.26,5,876.3,255450007.65999988
2025-08-01 09:47:02 AM,175.28,0,0.0,255450007.65999988
2025-08-01 09:47:02 AM,175.28,42,7361.76,255457369.41999987
2025-08-01 09:47:06 AM,175.25,0,0.0,255457369.41999987
2025-08-01 09:47:06 AM,175.25,3985,698371.25,256155740.66999987
2025-08-01 09:47:07 AM,175.28,0,0.0,256155740.66999987
2025-08-01 09:47:08 AM,175.28,2990,524087.2,256679827.86999986
2025-08-01 09:47:10 AM,175.29,0,0.0,256679827.86999986
2025-08-01 09:47:11 AM,175.28,0,0.0,256679827.86999986
2025-08-01 09:47:12 AM,175.28,1107,194034.96,256873862.82999986
2025-08-01 09:47:14 AM,175.28,1002,175630.56,257049493.38999987
2025-08-01 09:47:18 AM,175.35,9603,1683886.05,258733379.43999988
2025-08-01 09:47:19 AM,175.33,0,0.0,258733379.43999988
2025-08-01 09:47:20 AM,175.33,1600,280528.0,259013907.43999988
2025-08-01 09:47:22 AM,175.3,0,0.0,259013907.43999988
2025-08-01 09:47:25 AM,175.3,2433,426504.9,259440412.33999988
2025-08-01 09:47:26 AM,175.31,0,0.0,259440412.33999988
2025-08-01 09:47:27 AM,175.36,2007,351947.52,259792359.8599999
2025-08-01 09:47:27 AM,175.37,0,0.0,259792359.8599999
2025-08-01 09:47:30 AM,175.32,0,0.0,259792359.8599999
2025-08-01 09:47:31 AM,175.26,14914,2613827.6399999997,262406187.49999988
2025-08-01 09:47:31 AM,175.25,0,0.0,262406187.49999988
2025-08-01 09:47:33 AM,175.21,3967,695058.0700000001,263101245.56999987
2025-08-01 09:47:35 AM,175.18,0,0.0,263101245.56999987
2025-08-01 09:47:36 AM,175.2,0,0.0,263101245.56999987
2025-08-01 09:47:38 AM,175.26,11514,2017943.64,265119189.20999986
2025-08-01 09:47:40 AM,175.21,0,0.0,265119189.20999986
2025-08-01 09:47:40 AM,175.21,110,19273.100000000002,265138462.30999985
2025-08-01 09:47:44 AM,175.21,11,1927.3100000000002,265140389.61999986
2025-08-01 09:47:46 AM,175.3,0,0.0,265140389.61999986
2025-08-01 09:47:47 AM,175.3,4859,851782.7000000001,265992172.31999984
2025-08-01 09:47:51 AM,175.29,321,56268.09,266048440.40999985
2025-08-01 09:47:54 AM,175.3,637,111666.1,266160106.50999984
2025-08-01 09:47:56 AM,175.33,0,0.0,266160106.50999984
2025-08-01 09:47:56 AM,175.35,0,0.0,266160106.50999984
2025-08-01 09:47:58 AM,175.25,2147,376261.75,266536368.25999984
2025-08-01 09:48:00 AM,175.34,0,0.0,266536368.25999984
2025-08-01 09:48:00 AM,175.25,1563,273915.75,266810284.00999984
2025-08-01 09:48:00 AM,175.26,0,0.0,266810284.00999984
2025-08-01 09:48:01 AM,175.26,111,19453.86,266829737.86999986
2025-08-01 09:48:01 AM,175.25,0,0.0,266829737.86999986
2025-08-01 09:48:02 AM,175.25,23,4030.75,266833768.61999986
2025-08-01 09:48:02 AM,175.32,1,175.32,266833943.93999985
2025-08-01 09:48:02 AM,175.25,0,0.0,266833943.93999985
2025-08-01 09:48:03 AM,175.25,4,701.0,266834644.93999985
2025-08-01 09:48:04 AM,175.25,1,175.25,266834820.18999985
2025-08-01 09:48:08 AM,175.32,15,2629.7999999999997,266837449.98999986
2025-08-01 09:48:08 AM,175.3,0,0.0,266837449.98999986
2025-08-01 09:48:09 AM,175.3,3,525.9000000000001,266837975.88999987
2025-08-01 09:48:10 AM,175.3,146,25593.800000000003,266863569.68999988
2025-08-01 09:48:11 AM,175.3,9,1577.7,266865147.38999987
2025-08-01 09:48:12 AM,175.32,0,0.0,266865147.38999987
2025-08-01 09:48:12 AM,175.32,103,18057.96,266883205.34999987
2025-08-01 09:48:13 AM,175.3,21,3681.3,266886886.6499999
2025-08-01 09:48:14 AM,175.32,0,0.0,266886886.6499999
2025-08-01 09:48:14 AM,175.32,20,3506.3999999999996,266890393.0499999
2025-08-01 09:48:14 AM,175.32,15,2629.7999999999997,266893022.8499999
2025-08-01 09:48:15 AM,175.3,433,75904.90000000001,266968927.7499999
2025-08-01 09:48:16 AM,175.3,6,1051.8000000000002,266969979.54999992
2025-08-01 09:48:16 AM,175.28,86,15074.08,266985053.62999994
2025-08-01 09:48:17 AM,175.3,0,0.0,266985053.62999994
2025-08-01 09:48:17 AM,175.3,20,3506.0,266988559.62999994
2025-08-01 09:48:17 AM,175.27,130,22785.100000000002,267011344.72999993
2025-08-01 09:48:18 AM,175.27,31,5433.37,267016778.09999993
2025-08-01 09:48:19 AM,175.38,0,0.0,267016778.09999993
2025-08-01 09:48:20 AM,175.38,1534,269032.92,267285811.01999992
2025-08-01 09:48:20 AM,175.31,0,0.0,267285811.01999992
2025-08-01 09:48:21 AM,175.31,53,9291.43,267295102.44999993
2025-08-01 09:48:21 AM,175.35,2967,520263.45,267815365.89999992
2025-08-01 09:48:21 AM,175.36,0,0.0,267815365.89999992
2025-08-01 09:48:22 AM,175.4,594,104187.6,267919553.4999999
2025-08-01 09:48:22 AM,175.36,137,24024.320000000003,267943577.8199999
2025-08-01 09:48:23 AM,175.4,229,40166.6,267983744.4199999
2025-08-01 09:48:24 AM,175.38,5,876.9,267984621.3199999
2025-08-01 09:48:24 AM,175.38,1,175.38,267984796.6999999
2025-08-01 09:48:25 AM,175.39,0,0.0,267984796.6999999
2025-08-01 09:48:25 AM,175.35,193,33842.549999999996,268018639.2499999
2025-08-01 09:48:25 AM,175.38,449,78745.62,268097384.86999992
