date,price,qty,trnvr,cum_trnvr
2025-08-01 09:15:06 AM,894.0,102,91188.0,91188.0
2025-08-01 09:16:10 AM,894.0,55,49170.0,140358.0
2025-08-01 09:16:16 AM,896.8,2,1793.6,142151.6
2025-08-01 09:16:26 AM,900.0,1182,1063800.0,1205951.6
2025-08-01 09:16:40 AM,903.0,0,0.0,1205951.6
2025-08-01 09:16:41 AM,903.0,37,33411.0,1239362.6
2025-08-01 09:16:43 AM,903.0,1,903.0,1240265.6
2025-08-01 09:16:58 AM,903.0,36,32508.0,1272773.6
2025-08-01 09:17:47 AM,903.4,41,37039.4,1309813.0
2025-08-01 09:18:00 AM,903.0,0,0.0,1309813.0
2025-08-01 09:18:04 AM,903.7,99,89466.3,1399279.3
2025-08-01 09:18:24 AM,904.0,0,0.0,1399279.3
2025-08-01 09:18:29 AM,904.0,2,1808.0,1401087.3
2025-08-01 09:18:33 AM,903.45,0,0.0,1401087.3
2025-08-01 09:18:37 AM,904.35,147,132939.45,1534026.75
2025-08-01 09:18:38 AM,904.45,1,904.45,1534931.2
2025-08-01 09:18:49 AM,905.9,0,0.0,1534931.2
2025-08-01 09:18:53 AM,905.9,3,2717.7,1537648.9
2025-08-01 09:19:01 AM,905.9,21,19023.899999999998,1556672.7999999998
2025-08-01 09:19:34 AM,905.9,14,12682.6,1569355.4
2025-08-01 09:19:41 AM,906.0,0,0.0,1569355.4
2025-08-01 09:19:42 AM,906.0,160,144960.0,1714315.4
2025-08-01 09:20:21 AM,903.8,0,0.0,1714315.4
2025-08-01 09:20:22 AM,903.8,2,1807.6,1716123.0
2025-08-01 09:20:26 AM,906.0,0,0.0,1716123.0
2025-08-01 09:20:30 AM,906.0,70,63420.0,1779543.0
2025-08-01 09:20:50 AM,905.7,0,0.0,1779543.0
2025-08-01 09:20:53 AM,905.7,1,905.7,1780448.7
2025-08-01 09:21:00 AM,903.9,0,0.0,1780448.7
2025-08-01 09:21:01 AM,903.9,101,91293.9,1871742.5999999999
2025-08-01 09:21:06 AM,904.95,0,0.0,1871742.5999999999
2025-08-01 09:21:08 AM,905.5,7,6338.5,1878081.0999999999
2025-08-01 09:22:05 AM,904.4,0,0.0,1878081.0999999999
2025-08-01 09:22:10 AM,904.4,86,77778.4,1955859.4999999998
2025-08-01 09:22:18 AM,905.0,1,905.0,1956764.4999999998
2025-08-01 09:22:25 AM,904.05,28,25313.399999999998,1982077.8999999997
2025-08-01 09:22:29 AM,904.1,0,0.0,1982077.8999999997
2025-08-01 09:22:33 AM,904.1,9,8136.900000000001,1990214.7999999996
2025-08-01 09:22:41 AM,904.1,9,8136.900000000001,1998351.6999999995
2025-08-01 09:22:53 AM,904.0,0,0.0,1998351.6999999995
2025-08-01 09:22:56 AM,904.0,51,46104.0,2044455.6999999995
2025-08-01 09:22:58 AM,903.05,9,8127.45,2052583.1499999994
2025-08-01 09:23:05 AM,903.2,2,1806.4,2054389.5499999993
2025-08-01 09:23:09 AM,904.45,0,0.0,2054389.5499999993
2025-08-01 09:23:11 AM,904.45,1,904.45,2055293.9999999993
2025-08-01 09:23:34 AM,903.85,2,1807.7,2057101.6999999993
2025-08-01 09:24:32 AM,901.7,0,0.0,2057101.6999999993
2025-08-01 09:24:35 AM,901.7,2,1803.4,2058905.0999999992
2025-08-01 09:24:43 AM,901.3,10,9013.0,2067918.0999999992
2025-08-01 09:24:50 AM,901.5,10,9015.0,2076933.0999999992
2025-08-01 09:25:11 AM,901.15,0,0.0,2076933.0999999992
2025-08-01 09:25:12 AM,901.15,1,901.15,2077834.249999999
2025-08-01 09:25:20 AM,901.15,1,901.15,2078735.399999999
2025-08-01 09:25:29 AM,902.0,0,0.0,2078735.399999999
2025-08-01 09:25:35 AM,902.0,6,5412.0,2084147.399999999
2025-08-01 09:25:57 AM,902.0,5,4510.0,2088657.399999999
2025-08-01 09:26:18 AM,900.55,0,0.0,2088657.399999999
2025-08-01 09:26:20 AM,900.55,2,1801.1,2090458.499999999
2025-08-01 09:26:51 AM,902.7,338,305112.60000000003,2395571.099999999
2025-08-01 09:27:02 AM,903.95,0,0.0,2395571.099999999
2025-08-01 09:27:06 AM,903.95,17,15367.150000000001,2410938.249999999
2025-08-01 09:27:08 AM,904.95,0,0.0,2410938.249999999
2025-08-01 09:27:13 AM,904.95,1,904.95,2411843.1999999993
2025-08-01 09:27:48 AM,904.7,0,0.0,2411843.1999999993
2025-08-01 09:27:51 AM,904.7,6,5428.200000000001,2417271.3999999994
2025-08-01 09:27:59 AM,902.55,0,0.0,2417271.3999999994
2025-08-01 09:27:59 AM,902.55,104,93865.2,2511136.5999999996
2025-08-01 09:28:22 AM,903.95,10,9039.5,2520176.0999999996
2025-08-01 09:28:23 AM,903.0,1,903.0,2521079.0999999996
2025-08-01 09:28:28 AM,902.85,0,0.0,2521079.0999999996
2025-08-01 09:28:29 AM,902.85,5,4514.25,2525593.3499999996
2025-08-01 09:28:37 AM,901.0,1211,1091111.0,3616704.3499999996
2025-08-01 09:30:00 AM,901.0,1,901.0,3617605.3499999996
2025-08-01 09:30:05 AM,900.6,0,0.0,3617605.3499999996
2025-08-01 09:30:08 AM,900.6,52,46831.200000000004,3664436.55
2025-08-01 09:30:41 AM,902.6,0,0.0,3664436.55
2025-08-01 09:30:45 AM,902.6,51,46032.6,3710469.15
2025-08-01 09:30:57 AM,902.4,0,0.0,3710469.15
2025-08-01 09:31:00 AM,902.4,150,135360.0,3845829.15
2025-08-01 09:31:21 AM,900.1,0,0.0,3845829.15
2025-08-01 09:31:22 AM,900.1,125,112512.5,3958341.65
2025-08-01 09:31:50 AM,900.1,3,2700.3,3961041.9499999997
2025-08-01 09:34:02 AM,902.0,200,180400.0,4141441.9499999997
2025-08-01 09:35:07 AM,902.95,0,0.0,4141441.9499999997
2025-08-01 09:35:12 AM,902.95,1,902.95,4142344.9
2025-08-01 09:36:13 AM,902.95,1,902.95,4143247.85
2025-08-01 09:36:53 AM,902.7,1,902.7,4144150.5500000003
2025-08-01 09:37:06 AM,902.9,0,0.0,4144150.5500000003
2025-08-01 09:37:06 AM,902.9,1,902.9,4145053.45
2025-08-01 09:37:30 AM,902.0,0,0.0,4145053.45
2025-08-01 09:37:34 AM,902.0,60,54120.0,4199173.45
2025-08-01 09:37:43 AM,902.15,0,0.0,4199173.45
2025-08-01 09:37:48 AM,902.15,3,2706.45,4201879.9
2025-08-01 09:37:51 AM,901.25,0,0.0,4201879.9
2025-08-01 09:37:54 AM,901.25,20,18025.0,4219904.9
2025-08-01 09:38:01 AM,901.25,39,35148.75,4255053.65
2025-08-01 09:38:42 AM,900.0,125,112500.0,4367553.65
2025-08-01 09:39:27 AM,899.95,0,0.0,4367553.65
2025-08-01 09:39:28 AM,899.95,5,4499.75,4372053.4
2025-08-01 09:41:08 AM,899.7,43,38687.1,4410740.5
2025-08-01 09:41:10 AM,899.65,0,0.0,4410740.5
2025-08-01 09:41:14 AM,899.65,7,6297.55,4417038.05
2025-08-01 09:41:27 AM,898.55,42,37739.1,4454777.149999999
2025-08-01 09:41:53 AM,899.95,4,3599.8,4458376.949999999
2025-08-01 09:42:40 AM,899.85,0,0.0,4458376.949999999
2025-08-01 09:42:40 AM,899.85,1,899.85,4459276.799999999
2025-08-01 09:42:58 AM,900.7,38,34226.6,4493503.3999999985
2025-08-01 09:43:28 AM,900.35,0,0.0,4493503.3999999985
2025-08-01 09:43:31 AM,900.35,5,4501.75,4498005.1499999985
2025-08-01 09:43:44 AM,901.4,0,0.0,4498005.1499999985
2025-08-01 09:43:45 AM,901.4,2,1802.8,4499807.949999998
2025-08-01 09:43:48 AM,901.6,0,0.0,4499807.949999998
2025-08-01 09:43:51 AM,901.6,15,13524.0,4513331.949999998
2025-08-01 09:44:30 AM,901.5,0,0.0,4513331.949999998
2025-08-01 09:44:31 AM,901.5,1,901.5,4514233.449999998
2025-08-01 09:45:00 AM,900.25,0,0.0,4514233.449999998
2025-08-01 09:45:03 AM,900.25,55,49513.75,4563747.199999998
2025-08-01 09:45:35 AM,900.25,10,9002.5,4572749.699999998
2025-08-01 09:46:21 AM,901.3,0,0.0,4572749.699999998
2025-08-01 09:46:21 AM,901.3,1,901.3,4573650.999999998
2025-08-01 09:46:42 AM,900.0,300,270000.0,4843650.999999998
2025-08-01 09:47:10 AM,900.15,0,0.0,4843650.999999998
2025-08-01 09:47:11 AM,900.15,54,48608.1,4892259.099999998
2025-08-01 09:48:24 AM,901.45,0,0.0,4892259.099999998
2025-08-01 09:48:25 AM,901.45,3,2704.3500000000004,4894963.449999997
2025-08-01 09:48:51 AM,901.5,1,901.5,4895864.949999997
2025-08-01 09:49:16 AM,900.55,0,0.0,4895864.949999997
2025-08-01 09:49:16 AM,900.55,1,900.55,4896765.499999997
2025-08-01 09:49:25 AM,900.1,0,0.0,4896765.499999997
2025-08-01 09:49:26 AM,900.1,55,49505.5,4946270.999999997
2025-08-01 09:49:41 AM,901.0,0,0.0,4946270.999999997
2025-08-01 09:49:41 AM,901.0,200,180200.0,5126470.999999997
2025-08-01 09:50:17 AM,901.0,5,4505.0,5130975.999999997
2025-08-01 09:51:38 AM,901.0,5,4505.0,5135480.999999997
2025-08-01 09:52:40 AM,901.5,50,45075.0,5180555.999999997
2025-08-01 09:53:52 AM,902.7,0,0.0,5180555.999999997
2025-08-01 09:53:54 AM,902.7,20,18054.0,5198609.999999997
2025-08-01 09:54:16 AM,902.6,0,0.0,5198609.999999997
2025-08-01 09:54:19 AM,902.6,2,1805.2,5200415.199999997
2025-08-01 09:54:31 AM,901.4,2,1802.8,5202217.999999997
2025-08-01 09:55:11 AM,902.5,0,0.0,5202217.999999997
2025-08-01 09:55:12 AM,902.5,2,1805.0,5204022.999999997
2025-08-01 09:56:19 AM,902.5,10,9025.0,5213047.999999997
2025-08-01 09:56:42 AM,902.6,5,4513.0,5217560.999999997
2025-08-01 09:56:56 AM,901.4,2,1802.8,5219363.799999997
2025-08-01 09:57:14 AM,902.6,0,0.0,5219363.799999997
2025-08-01 09:57:14 AM,902.6,18,16246.800000000001,5235610.599999997
2025-08-01 09:58:00 AM,902.6,80,72208.0,5307818.599999997
2025-08-01 09:58:45 AM,901.1,52,46857.200000000004,5354675.799999997
2025-08-01 09:59:57 AM,902.05,1,902.05,5355577.849999997
2025-08-01 10:00:16 AM,902.05,10,9020.5,5364598.349999997
2025-08-01 10:00:47 AM,902.25,0,0.0,5364598.349999997
2025-08-01 10:00:47 AM,902.25,10,9022.5,5373620.849999997
2025-08-01 10:01:03 AM,902.25,1,902.25,5374523.099999997
2025-08-01 10:01:06 AM,900.5,176,158488.0,5533011.099999997
2025-08-01 10:01:09 AM,901.75,1,901.75,5533912.849999997
2025-08-01 10:01:12 AM,902.05,6,5412.299999999999,5539325.149999997
2025-08-01 10:01:44 AM,900.45,0,0.0,5539325.149999997
2025-08-01 10:01:47 AM,900.45,20,18009.0,5557334.149999997
2025-08-01 10:03:04 AM,900.3,0,0.0,5557334.149999997
2025-08-01 10:03:04 AM,900.3,25,22507.5,5579841.649999997
2025-08-01 10:04:24 AM,900.35,5,4501.75,5584343.399999997
2025-08-01 10:04:58 AM,900.35,8,7202.8,5591546.199999996
2025-08-01 10:05:16 AM,900.35,251,225987.85,5817534.049999996
2025-08-01 10:05:39 AM,900.55,6,5403.299999999999,5822937.349999996
2025-08-01 10:05:44 AM,905.0,0,0.0,5822937.349999996
2025-08-01 10:05:45 AM,905.0,3615,3271575.0,9094512.349999996
2025-08-01 10:05:59 AM,905.0,618,559290.0,9653802.349999996
2025-08-01 10:06:17 AM,905.0,205,185525.0,9839327.349999996
2025-08-01 10:06:28 AM,906.9,0,0.0,9839327.349999996
2025-08-01 10:06:28 AM,906.9,1350,1224315.0,11063642.349999996
2025-08-01 10:06:39 AM,906.5,0,0.0,11063642.349999996
2025-08-01 10:06:40 AM,906.5,37,33540.5,11097182.849999996
2025-08-01 10:07:24 AM,906.0,50,45300.0,11142482.849999996
2025-08-01 10:07:36 AM,905.6,200,181120.0,11323602.849999996
2025-08-01 10:07:48 AM,905.45,19,17203.55,11340806.399999997
2025-08-01 10:07:59 AM,905.15,22,19913.3,11360719.699999997
2025-08-01 10:08:57 AM,905.05,0,0.0,11360719.699999997
2025-08-01 10:08:59 AM,905.05,22,19911.1,11380630.799999997
2025-08-01 10:09:57 AM,905.05,50,45252.5,11425883.299999997
2025-08-01 10:10:03 AM,905.05,30,27151.5,11453034.799999997
2025-08-01 10:10:09 AM,905.05,18,16290.9,11469325.699999997
2025-08-01 10:10:46 AM,905.6,1053,953596.8,12422922.499999998
2025-08-01 10:12:24 AM,906.15,0,0.0,12422922.499999998
2025-08-01 10:12:24 AM,906.15,1,906.15,12423828.649999999
2025-08-01 10:12:40 AM,906.25,0,0.0,12423828.649999999
2025-08-01 10:12:41 AM,906.25,3,2718.75,12426547.399999999
2025-08-01 10:12:45 AM,906.15,0,0.0,12426547.399999999
2025-08-01 10:12:47 AM,906.15,77,69773.55,12496320.95
2025-08-01 10:14:22 AM,906.15,1,906.15,12497227.1
2025-08-01 10:14:57 AM,907.0,54,48978.0,12546205.1
2025-08-01 10:15:27 AM,907.45,0,0.0,12546205.1
2025-08-01 10:15:31 AM,907.45,2,1814.9,12548020.0
2025-08-01 10:15:57 AM,908.0,0,0.0,12548020.0
2025-08-01 10:16:01 AM,908.0,34,30872.0,12578892.0
2025-08-01 10:16:14 AM,908.9,0,0.0,12578892.0
2025-08-01 10:16:18 AM,908.9,80,72712.0,12651604.0
2025-08-01 10:16:39 AM,907.45,0,0.0,12651604.0
2025-08-01 10:16:42 AM,907.45,530,480948.5,13132552.5
2025-08-01 10:16:53 AM,906.45,1,906.45,13133458.95
2025-08-01 10:17:15 AM,907.4,0,0.0,13133458.95
2025-08-01 10:17:15 AM,907.4,10,9074.0,13142532.95
2025-08-01 10:17:38 AM,907.4,5,4537.0,13147069.95
2025-08-01 10:18:02 AM,907.4,1,907.4,13147977.35
2025-08-01 10:18:24 AM,906.25,0,0.0,13147977.35
2025-08-01 10:18:25 AM,906.25,73,66156.25,13214133.6
2025-08-01 10:18:48 AM,906.1,25,22652.5,13236786.1
2025-08-01 10:19:08 AM,907.7,0,0.0,13236786.1
2025-08-01 10:19:11 AM,907.7,10,9077.0,13245863.1
2025-08-01 10:20:36 AM,906.75,10,9067.5,13254930.6
2025-08-01 10:20:42 AM,907.0,0,0.0,13254930.6
2025-08-01 10:20:43 AM,907.0,2,1814.0,13256744.6
2025-08-01 10:21:10 AM,908.15,0,0.0,13256744.6
2025-08-01 10:21:11 AM,908.15,7,6357.05,13263101.65
2025-08-01 10:21:30 AM,908.0,0,0.0,13263101.65
2025-08-01 10:21:30 AM,908.0,52,47216.0,13310317.65
2025-08-01 10:21:54 AM,907.0,0,0.0,13310317.65
2025-08-01 10:21:56 AM,907.0,31,28117.0,13338434.65
2025-08-01 10:22:06 AM,908.5,0,0.0,13338434.65
2025-08-01 10:22:07 AM,908.5,1,908.5,13339343.15
2025-08-01 10:22:18 AM,907.35,0,0.0,13339343.15
2025-08-01 10:22:19 AM,907.35,1,907.35,13340250.5
2025-08-01 10:23:03 AM,908.45,10,9084.5,13349335.0
2025-08-01 10:23:15 AM,908.45,15,13626.75,13362961.75
2025-08-01 10:23:21 AM,908.4,50,45420.0,13408381.75
2025-08-01 10:25:03 AM,908.35,0,0.0,13408381.75
2025-08-01 10:25:03 AM,908.35,9,8175.150000000001,13416556.9
2025-08-01 10:28:03 AM,908.35,20,18167.0,13434723.9
2025-08-01 10:28:44 AM,908.3,25,22707.5,13457431.4
2025-08-01 10:29:00 AM,906.55,876,794137.7999999999,14251569.200000001
2025-08-01 10:29:23 AM,905.4,0,0.0,14251569.200000001
2025-08-01 10:29:23 AM,905.4,4,3621.6,14255190.8
2025-08-01 10:29:37 AM,906.7,0,0.0,14255190.8
2025-08-01 10:29:37 AM,906.7,5,4533.5,14259724.3
2025-08-01 10:30:59 AM,906.65,53,48052.45,14307776.75
2025-08-01 10:31:22 AM,905.8,0,0.0,14307776.75
2025-08-01 10:31:22 AM,905.8,2,1811.6,14309588.35
2025-08-01 10:32:14 AM,905.4,0,0.0,14309588.35
2025-08-01 10:32:16 AM,905.4,1,905.4,14310493.75
2025-08-01 10:32:20 AM,905.75,301,272630.75,14583124.5
2025-08-01 10:33:43 AM,906.6,0,0.0,14583124.5
2025-08-01 10:33:43 AM,906.6,25,22665.0,14605789.5
2025-08-01 10:33:49 AM,906.65,0,0.0,14605789.5
2025-08-01 10:33:49 AM,906.65,1,906.65,14606696.15
2025-08-01 10:33:52 AM,905.5,1,905.5,14607601.65
2025-08-01 10:34:15 AM,905.5,1,905.5,14608507.15
2025-08-01 10:34:37 AM,905.5,180,162990.0,14771497.15
2025-08-01 10:35:16 AM,906.65,0,0.0,14771497.15
2025-08-01 10:35:17 AM,906.65,1,906.65,14772403.8
2025-08-01 10:36:20 AM,905.6,0,0.0,14772403.8
2025-08-01 10:36:22 AM,905.6,1,905.6,14773309.4
2025-08-01 10:36:26 AM,905.45,0,0.0,14773309.4
2025-08-01 10:36:27 AM,905.45,15,13581.75,14786891.15
2025-08-01 10:36:41 AM,905.45,15,13581.75,14800472.9
2025-08-01 10:36:49 AM,905.45,10,9054.5,14809527.4
2025-08-01 10:37:21 AM,906.65,10,9066.5,14818593.9
2025-08-01 10:38:17 AM,905.5,0,0.0,14818593.9
2025-08-01 10:38:17 AM,905.5,1,905.5,14819499.4
2025-08-01 10:38:20 AM,905.4,0,0.0,14819499.4
2025-08-01 10:38:23 AM,905.4,20,18108.0,14837607.4
2025-08-01 10:38:29 AM,905.55,1,905.55,14838512.950000001
2025-08-01 10:38:42 AM,906.7,0,0.0,14838512.950000001
2025-08-01 10:38:44 AM,906.7,110,99737.0,14938249.950000001
2025-08-01 10:38:52 AM,905.7,0,0.0,14938249.950000001
2025-08-01 10:38:52 AM,905.7,2,1811.4,14940061.350000001
2025-08-01 10:39:09 AM,905.65,10,9056.5,14949117.850000001
2025-08-01 10:40:24 AM,905.55,1,905.55,14950023.400000002
2025-08-01 10:41:50 AM,906.7,0,0.0,14950023.400000002
2025-08-01 10:41:50 AM,906.7,1742,1579471.4000000001,16529494.800000003
2025-08-01 10:42:16 AM,906.1,0,0.0,16529494.800000003
2025-08-01 10:42:18 AM,906.1,10,9061.0,16538555.800000003
2025-08-01 10:42:25 AM,906.05,1,906.05,16539461.850000003
2025-08-01 10:43:09 AM,907.45,0,0.0,16539461.850000003
2025-08-01 10:43:10 AM,907.45,28,25408.600000000002,16564870.450000003
2025-08-01 10:43:13 AM,906.0,0,0.0,16564870.450000003
2025-08-01 10:43:13 AM,906.0,25,22650.0,16587520.450000003
2025-08-01 10:43:23 AM,907.25,0,0.0,16587520.450000003
2025-08-01 10:43:24 AM,907.25,2,1814.5,16589334.950000003
2025-08-01 10:43:35 AM,907.25,1,907.25,16590242.200000003
2025-08-01 10:44:19 AM,906.25,0,0.0,16590242.200000003
2025-08-01 10:44:19 AM,906.25,1,906.25,16591148.450000003
2025-08-01 10:44:45 AM,907.2,0,0.0,16591148.450000003
2025-08-01 10:44:46 AM,907.2,2,1814.4,16592962.850000003
2025-08-01 10:46:15 AM,906.0,0,0.0,16592962.850000003
2025-08-01 10:46:17 AM,906.0,1,906.0,16593868.850000003
2025-08-01 10:48:14 AM,906.0,1,906.0,16594774.850000003
2025-08-01 10:48:20 AM,907.65,0,0.0,16594774.850000003
2025-08-01 10:48:22 AM,907.65,524,475608.6,17070383.450000003
2025-08-01 10:48:23 AM,910.0,0,0.0,17070383.450000003
2025-08-01 10:48:25 AM,910.0,1586,1443260.0,18513643.450000003
2025-08-01 10:48:30 AM,907.55,290,263189.5,18776832.950000003
2025-08-01 10:48:42 AM,908.65,0,0.0,18776832.950000003
2025-08-01 10:48:44 AM,908.65,2,1817.3,18778650.250000004
2025-08-01 10:49:22 AM,908.55,0,0.0,18778650.250000004
2025-08-01 10:49:22 AM,908.55,2,1817.1,18780467.350000005
2025-08-01 10:50:09 AM,907.65,0,0.0,18780467.350000005
2025-08-01 10:50:11 AM,907.65,1,907.65,18781375.000000004
2025-08-01 10:50:19 AM,907.25,0,0.0,18781375.000000004
2025-08-01 10:50:22 AM,907.25,3,2721.75,18784096.750000004
2025-08-01 10:51:19 AM,907.7,0,0.0,18784096.750000004
2025-08-01 10:51:19 AM,907.7,11,9984.7,18794081.450000003
2025-08-01 10:51:27 AM,908.5,0,0.0,18794081.450000003
2025-08-01 10:51:29 AM,908.5,1,908.5,18794989.950000003
2025-08-01 10:51:57 AM,908.5,25,22712.5,18817702.450000003
2025-08-01 10:52:13 AM,907.55,0,0.0,18817702.450000003
2025-08-01 10:52:18 AM,907.55,1,907.55,18818610.000000004
2025-08-01 10:52:24 AM,907.55,11,9983.05,18828593.050000004
2025-08-01 10:52:56 AM,907.0,26,23582.0,18852175.050000004
2025-08-01 10:53:13 AM,906.6,28,25384.8,18877559.850000005
2025-08-01 10:53:59 AM,907.4,0,0.0,18877559.850000005
2025-08-01 10:53:59 AM,907.4,5,4537.0,18882096.850000005
2025-08-01 10:54:09 AM,906.35,0,0.0,18882096.850000005
2025-08-01 10:54:10 AM,906.35,1,906.35,18883003.200000007
2025-08-01 10:54:45 AM,907.25,0,0.0,18883003.200000007
2025-08-01 10:54:48 AM,907.25,6,5443.5,18888446.700000007
2025-08-01 10:56:23 AM,907.45,0,0.0,18888446.700000007
2025-08-01 10:56:23 AM,907.45,225,204176.25,19092622.950000007
2025-08-01 10:56:33 AM,907.25,0,0.0,19092622.950000007
2025-08-01 10:56:34 AM,907.25,11,9979.75,19102602.700000007
2025-08-01 10:56:59 AM,907.4,0,0.0,19102602.700000007
2025-08-01 10:57:00 AM,907.4,1,907.4,19103510.100000005
2025-08-01 10:58:20 AM,907.4,1,907.4,19104417.500000004
2025-08-01 11:00:20 AM,907.65,0,0.0,19104417.500000004
2025-08-01 11:00:24 AM,907.65,1,907.65,19105325.150000002
2025-08-01 11:00:40 AM,907.65,14,12707.1,19118032.250000004
2025-08-01 11:00:51 AM,907.45,27,24501.15,19142533.400000002
2025-08-01 11:01:01 AM,906.2,370,335294.0,19477827.400000002
2025-08-01 11:02:13 AM,906.8,0,0.0,19477827.400000002
2025-08-01 11:02:14 AM,906.8,1,906.8,19478734.200000003
2025-08-01 11:02:20 AM,906.95,0,0.0,19478734.200000003
2025-08-01 11:02:20 AM,906.95,2,1813.9,19480548.1
2025-08-01 11:03:31 AM,907.0,6,5442.0,19485990.1
2025-08-01 11:04:18 AM,907.0,1,907.0,19486897.1
2025-08-01 11:06:14 AM,907.0,1,907.0,19487804.1
2025-08-01 11:06:41 AM,908.35,0,0.0,19487804.1
2025-08-01 11:06:44 AM,908.35,60,54501.0,19542305.1
2025-08-01 11:06:48 AM,907.2,0,0.0,19542305.1
2025-08-01 11:06:50 AM,907.2,1,907.2,19543212.3
2025-08-01 11:06:53 AM,908.2,0,0.0,19543212.3
2025-08-01 11:06:55 AM,908.2,5,4541.0,19547753.3
2025-08-01 11:08:06 AM,908.25,0,0.0,19547753.3
2025-08-01 11:08:07 AM,908.25,1,908.25,19548661.55
2025-08-01 11:08:16 AM,907.25,0,0.0,19548661.55
2025-08-01 11:08:17 AM,908.3,11,9991.3,19558652.85
2025-08-01 11:09:12 AM,907.05,16,14512.8,19573165.650000002
2025-08-01 11:09:19 AM,908.05,0,0.0,19573165.650000002
2025-08-01 11:09:21 AM,908.05,1,908.05,19574073.700000003
2025-08-01 11:09:31 AM,907.0,0,0.0,19574073.700000003
2025-08-01 11:09:32 AM,905.75,292,264479.0,19838552.700000003
2025-08-01 11:10:19 AM,906.25,0,0.0,19838552.700000003
2025-08-01 11:10:20 AM,906.25,1,906.25,19839458.950000003
2025-08-01 11:10:48 AM,906.3,1,906.3,19840365.250000004
2025-08-01 11:11:25 AM,907.1,0,0.0,19840365.250000004
2025-08-01 11:11:25 AM,907.1,3,2721.3,19843086.550000004
2025-08-01 11:12:13 AM,906.3,0,0.0,19843086.550000004
2025-08-01 11:12:13 AM,906.3,1,906.3,19843992.850000005
2025-08-01 11:12:19 AM,907.05,0,0.0,19843992.850000005
2025-08-01 11:12:19 AM,907.05,1,907.05,19844899.900000006
2025-08-01 11:12:29 AM,906.3,0,0.0,19844899.900000006
2025-08-01 11:12:30 AM,906.3,3,2718.8999999999996,19847618.800000004
2025-08-01 11:13:02 AM,906.35,6,5438.1,19853056.900000006
2025-08-01 11:13:35 AM,907.0,0,0.0,19853056.900000006
2025-08-01 11:13:35 AM,907.0,1,907.0,19853963.900000006
2025-08-01 11:13:38 AM,906.3,0,0.0,19853963.900000006
2025-08-01 11:13:39 AM,906.3,1,906.3,19854870.200000007
2025-08-01 11:14:13 AM,906.3,1,906.3,19855776.500000007
2025-08-01 11:16:12 AM,906.35,0,0.0,19855776.500000007
2025-08-01 11:16:14 AM,906.35,1,906.35,19856682.85000001
2025-08-01 11:16:26 AM,906.35,12,10876.2,19867559.05000001
2025-08-01 11:17:01 AM,906.35,20,18127.0,19885686.05000001
2025-08-01 11:18:16 AM,906.35,1,906.35,19886592.40000001
2025-08-01 11:19:41 AM,906.35,1,906.35,19887498.75000001
2025-08-01 11:20:23 AM,906.35,1,906.35,19888405.100000013
2025-08-01 11:20:34 AM,906.35,10,9063.5,19897468.600000013
2025-08-01 11:21:01 AM,906.3,0,0.0,19897468.600000013
2025-08-01 11:21:05 AM,906.3,6,5437.799999999999,19902906.400000013
2025-08-01 11:21:10 AM,906.3,8,7250.4,19910156.800000012
2025-08-01 11:22:24 AM,906.3,1,906.3,19911063.100000013
2025-08-01 11:24:02 AM,906.3,10,9063.0,19920126.100000013
2025-08-01 11:24:17 AM,906.3,1,906.3,19921032.400000013
2025-08-01 11:25:07 AM,906.35,0,0.0,19921032.400000013
2025-08-01 11:25:11 AM,906.35,6,5438.1,19926470.500000015
2025-08-01 11:26:01 AM,906.4,0,0.0,19926470.500000015
2025-08-01 11:26:02 AM,906.4,1,906.4,19927376.900000013
2025-08-01 11:26:05 AM,906.35,0,0.0,19927376.900000013
2025-08-01 11:26:08 AM,906.35,1,906.35,19928283.250000015
2025-08-01 11:26:16 AM,906.3,0,0.0,19928283.250000015
2025-08-01 11:26:18 AM,906.3,1,906.3,19929189.550000016
2025-08-01 11:26:54 AM,906.3,1,906.3,19930095.850000016
2025-08-01 11:26:55 AM,906.3,3,2718.8999999999996,19932814.750000015
2025-08-01 11:28:15 AM,906.3,1,906.3,19933721.050000016
2025-08-01 11:28:51 AM,906.3,7,6344.099999999999,19940065.150000017
2025-08-01 11:30:14 AM,906.4,0,0.0,19940065.150000017
2025-08-01 11:30:15 AM,906.4,1,906.4,19940971.550000016
2025-08-01 11:30:37 AM,907.2,30,27216.0,19968187.550000016
2025-08-01 11:31:54 AM,906.4,1,906.4,19969093.950000014
2025-08-01 11:32:12 AM,906.4,1,906.4,19970000.350000013
2025-08-01 11:34:23 AM,906.4,2,1812.8,19971813.150000013
2025-08-01 11:35:58 AM,906.4,12,10876.8,19982689.950000014
2025-08-01 11:36:24 AM,906.4,2,1812.8,19984502.750000015
2025-08-01 11:38:20 AM,906.45,0,0.0,19984502.750000015
2025-08-01 11:38:23 AM,906.45,2,1812.9,19986315.650000013
2025-08-01 11:39:12 AM,906.95,0,0.0,19986315.650000013
2025-08-01 11:39:13 AM,906.95,1,906.95,19987222.600000013
2025-08-01 11:39:32 AM,906.3,0,0.0,19987222.600000013
2025-08-01 11:39:33 AM,906.3,227,205730.09999999998,20192952.700000014
2025-08-01 11:40:00 AM,906.05,0,0.0,20192952.700000014
2025-08-01 11:40:01 AM,906.05,2,1812.1,20194764.800000016
2025-08-01 11:40:02 AM,905.25,0,0.0,20194764.800000016
2025-08-01 11:40:05 AM,905.25,1,905.25,20195670.050000016
2025-08-01 11:40:10 AM,905.25,2,1810.5,20197480.550000016
2025-08-01 11:41:31 AM,905.0,100,90500.0,20287980.550000016
2025-08-01 11:42:22 AM,905.0,2,1810.0,20289790.550000016
2025-08-01 11:43:16 AM,905.8,1,905.8,20290696.350000016
2025-08-01 11:44:00 AM,906.0,0,0.0,20290696.350000016
2025-08-01 11:44:03 AM,906.0,1,906.0,20291602.350000016
2025-08-01 11:44:19 AM,905.05,0,0.0,20291602.350000016
2025-08-01 11:44:21 AM,905.05,2,1810.1,20293412.450000018
2025-08-01 11:46:41 AM,905.05,2,1810.1,20295222.55000002
2025-08-01 11:47:18 AM,905.05,24,21721.199999999997,20316943.75000002
2025-08-01 11:48:23 AM,905.05,2,1810.1,20318753.85000002
2025-08-01 11:48:49 AM,905.05,162,146618.1,20465371.95000002
2025-08-01 11:49:34 AM,905.1,0,0.0,20465371.95000002
2025-08-01 11:49:35 AM,905.1,1,905.1,20466277.050000023
2025-08-01 11:50:16 AM,905.15,0,0.0,20466277.050000023
2025-08-01 11:50:17 AM,905.15,2,1810.3,20468087.350000024
2025-08-01 11:50:54 AM,905.0,0,0.0,20468087.350000024
2025-08-01 11:50:57 AM,905.0,430,389150.0,20857237.350000024
2025-08-01 11:51:20 AM,905.85,0,0.0,20857237.350000024
2025-08-01 11:51:21 AM,905.85,12,10870.2,20868107.550000023
2025-08-01 11:52:22 AM,905.0,2,1810.0,20869917.550000023
2025-08-01 11:53:08 AM,906.0,25,22650.0,20892567.550000023
2025-08-01 11:53:43 AM,905.05,0,0.0,20892567.550000023
2025-08-01 11:53:44 AM,905.05,10,9050.5,20901618.050000023
2025-08-01 11:53:58 AM,905.85,2,1811.7,20903429.750000022
2025-08-01 11:54:25 AM,905.0,0,0.0,20903429.750000022
2025-08-01 11:54:29 AM,905.0,2,1810.0,20905239.750000022
2025-08-01 11:55:29 AM,905.0,20,18100.0,20923339.750000022
2025-08-01 11:56:20 AM,905.05,2,1810.1,20925149.850000024
2025-08-01 11:56:36 AM,905.05,3,2715.1499999999996,20927865.000000022
2025-08-01 11:56:41 AM,905.05,39,35296.95,20963161.95000002
2025-08-01 11:57:04 AM,905.85,0,0.0,20963161.95000002
2025-08-01 11:57:05 AM,905.85,1,905.85,20964067.800000023
2025-08-01 11:57:45 AM,905.85,1,905.85,20964973.650000025
2025-08-01 11:58:00 AM,905.05,10,9050.5,20974024.150000025
2025-08-01 11:58:39 AM,905.05,50,45252.5,21019276.650000025
2025-08-01 11:58:48 AM,905.05,5,4525.25,21023801.900000025
2025-08-01 11:59:11 AM,905.95,2,1811.9,21025613.800000023
2025-08-01 12:00:04 PM,905.05,0,0.0,21025613.800000023
2025-08-01 12:00:06 PM,905.05,20,18101.0,21043714.800000023
2025-08-01 12:01:21 PM,905.1,0,0.0,21043714.800000023
2025-08-01 12:01:21 PM,905.1,5,4525.5,21048240.300000023
2025-08-01 12:04:35 PM,905.15,6,5430.9,21053671.20000002
2025-08-01 12:04:53 PM,905.15,1,905.15,21054576.35000002
2025-08-01 12:06:58 PM,905.15,3,2715.45,21057291.80000002
2025-08-01 12:08:39 PM,905.95,0,0.0,21057291.80000002
2025-08-01 12:08:39 PM,905.95,3,2717.8500000000004,21060009.65000002
2025-08-01 12:09:03 PM,905.1,0,0.0,21060009.65000002
2025-08-01 12:09:04 PM,905.1,2,1810.2,21061819.85000002
2025-08-01 12:09:44 PM,905.1,3,2715.3,21064535.15000002
2025-08-01 12:11:53 PM,905.95,0,0.0,21064535.15000002
2025-08-01 12:11:58 PM,905.95,15,13589.25,21078124.40000002
2025-08-01 12:12:02 PM,905.95,2,1811.9,21079936.30000002
2025-08-01 12:12:12 PM,905.95,12,10871.400000000001,21090807.700000018
2025-08-01 12:13:23 PM,905.0,0,0.0,21090807.700000018
2025-08-01 12:13:23 PM,905.0,1000,905000.0,21995807.700000018
2025-08-01 12:13:28 PM,906.0,29,26274.0,22022081.700000018
2025-08-01 12:14:03 PM,906.35,3,2719.05,22024800.75000002
2025-08-01 12:14:45 PM,906.55,0,0.0,22024800.75000002
2025-08-01 12:14:48 PM,906.55,1,906.55,22025707.30000002
2025-08-01 12:17:08 PM,906.55,1,906.55,22026613.85000002
2025-08-01 12:20:43 PM,906.3,0,0.0,22026613.85000002
2025-08-01 12:20:43 PM,906.3,1,906.3,22027520.15000002
2025-08-01 12:22:14 PM,905.4,0,0.0,22027520.15000002
2025-08-01 12:22:16 PM,906.0,0,0.0,22027520.15000002
2025-08-01 12:22:17 PM,906.0,220,199320.0,22226840.15000002
2025-08-01 12:22:42 PM,905.45,0,0.0,22226840.15000002
2025-08-01 12:22:44 PM,905.45,1,905.45,22227745.60000002
2025-08-01 12:23:52 PM,905.45,15,13581.75,22241327.35000002
2025-08-01 12:25:12 PM,905.35,10,9053.5,22250380.85000002
2025-08-01 12:25:26 PM,905.3,0,0.0,22250380.85000002
2025-08-01 12:25:27 PM,905.3,10,9053.0,22259433.85000002
2025-08-01 12:26:27 PM,906.35,0,0.0,22259433.85000002
2025-08-01 12:26:28 PM,906.35,18,16314.300000000001,22275748.15000002
2025-08-01 12:27:40 PM,906.4,0,0.0,22275748.15000002
2025-08-01 12:27:43 PM,906.4,20,18128.0,22293876.15000002
2025-08-01 12:28:34 PM,906.45,0,0.0,22293876.15000002
2025-08-01 12:28:37 PM,905.45,10,9054.5,22302930.65000002
2025-08-01 12:30:32 PM,906.55,100,90655.0,22393585.65000002
2025-08-01 12:31:35 PM,906.95,12,10883.400000000001,22404469.05000002
2025-08-01 12:31:49 PM,907.0,0,0.0,22404469.05000002
2025-08-01 12:31:50 PM,905.9,4,3623.6,22408092.65000002
2025-08-01 12:31:54 PM,907.15,0,0.0,22408092.65000002
2025-08-01 12:31:56 PM,907.15,18,16328.699999999999,22424421.35000002
2025-08-01 12:33:11 PM,906.95,0,0.0,22424421.35000002
2025-08-01 12:33:13 PM,906.95,1,906.95,22425328.30000002
2025-08-01 12:34:51 PM,906.0,0,0.0,22425328.30000002
2025-08-01 12:34:54 PM,906.0,1,906.0,22426234.30000002
2025-08-01 12:35:45 PM,906.8,1,906.8,22427141.10000002
2025-08-01 12:41:13 PM,906.85,0,0.0,22427141.10000002
2025-08-01 12:41:14 PM,906.85,34,30832.9,22457974.00000002
2025-08-01 12:42:06 PM,906.85,16,14509.6,22472483.60000002
2025-08-01 12:43:28 PM,906.0,0,0.0,22472483.60000002
2025-08-01 12:43:30 PM,906.0,10,9060.0,22481543.60000002
2025-08-01 12:43:35 PM,906.7,0,0.0,22481543.60000002
2025-08-01 12:43:36 PM,906.7,2,1813.4,22483357.00000002
2025-08-01 12:44:21 PM,907.0,0,0.0,22483357.00000002
2025-08-01 12:44:25 PM,907.0,28,25396.0,22508753.00000002
2025-08-01 12:45:17 PM,906.95,2,1813.9,22510566.900000017
2025-08-01 12:45:58 PM,906.95,209,189552.55000000002,22700119.450000018
2025-08-01 12:46:51 PM,906.7,0,0.0,22700119.450000018
2025-08-01 12:46:53 PM,906.7,2,1813.4,22701932.850000016
2025-08-01 12:47:11 PM,905.4,0,0.0,22701932.850000016
2025-08-01 12:47:14 PM,905.4,100,90540.0,22792472.850000016
2025-08-01 12:47:35 PM,906.7,4,3626.8,22796099.650000017
2025-08-01 12:47:37 PM,905.6,0,0.0,22796099.650000017
2025-08-01 12:47:39 PM,905.6,1,905.6,22797005.25000002
2025-08-01 12:48:11 PM,906.6,0,0.0,22797005.25000002
2025-08-01 12:48:14 PM,906.6,1,906.6,22797911.85000002
2025-08-01 12:48:41 PM,905.55,10,9055.5,22806967.35000002
2025-08-01 12:50:21 PM,906.8,50,45340.0,22852307.35000002
2025-08-01 12:51:25 PM,905.55,0,0.0,22852307.35000002
2025-08-01 12:51:26 PM,905.55,2,1811.1,22854118.45000002
2025-08-01 12:53:09 PM,905.1,0,0.0,22854118.45000002
2025-08-01 12:53:11 PM,905.1,80,72408.0,22926526.45000002
2025-08-01 12:55:13 PM,905.9,0,0.0,22926526.45000002
2025-08-01 12:55:14 PM,905.9,1,905.9,22927432.35000002
2025-08-01 12:55:23 PM,905.1,0,0.0,22927432.35000002
2025-08-01 12:55:24 PM,905.1,10,9051.0,22936483.35000002
2025-08-01 12:58:14 PM,905.15,1,905.15,22937388.50000002
2025-08-01 12:59:19 PM,905.85,0,0.0,22937388.50000002
2025-08-01 12:59:20 PM,905.85,10,9058.5,22946447.00000002
2025-08-01 12:59:31 PM,905.5,0,0.0,22946447.00000002
2025-08-01 12:59:35 PM,905.5,10,9055.0,22955502.00000002
2025-08-01 01:03:10 PM,905.55,0,0.0,22955502.00000002
2025-08-01 01:03:10 PM,905.55,4,3622.2,22959124.200000018
2025-08-01 01:05:49 PM,906.55,4,3626.2,22962750.400000017
2025-08-01 01:06:22 PM,907.0,0,0.0,22962750.400000017
2025-08-01 01:06:25 PM,907.0,11,9977.0,22972727.400000017
2025-08-01 01:09:52 PM,907.0,210,190470.0,23163197.400000017
2025-08-01 01:11:30 PM,906.55,0,0.0,23163197.400000017
2025-08-01 01:11:30 PM,906.55,19,17224.45,23180421.850000016
2025-08-01 01:13:05 PM,906.15,0,0.0,23180421.850000016
2025-08-01 01:13:06 PM,906.15,5,4530.75,23184952.600000016
2025-08-01 01:14:04 PM,906.0,1,906.0,23185858.600000016
2025-08-01 01:14:35 PM,906.0,169,153114.0,23338972.600000016
2025-08-01 01:14:37 PM,907.0,0,0.0,23338972.600000016
2025-08-01 01:14:38 PM,907.0,4,3628.0,23342600.600000016
2025-08-01 01:14:53 PM,907.35,0,0.0,23342600.600000016
2025-08-01 01:14:54 PM,907.35,6,5444.1,23348044.700000018
2025-08-01 01:15:45 PM,907.35,5,4536.75,23352581.450000018
2025-08-01 01:16:11 PM,907.25,0,0.0,23352581.450000018
2025-08-01 01:16:11 PM,907.25,1,907.25,23353488.700000018
2025-08-01 01:16:31 PM,906.05,0,0.0,23353488.700000018
2025-08-01 01:16:31 PM,906.05,2,1812.1,23355300.80000002
2025-08-01 01:16:59 PM,907.2,0,0.0,23355300.80000002
2025-08-01 01:17:00 PM,907.2,35,31752.0,23387052.80000002
2025-08-01 01:17:41 PM,907.2,22,19958.4,23407011.200000018
2025-08-01 01:18:43 PM,905.65,0,0.0,23407011.200000018
2025-08-01 01:18:46 PM,905.65,61,55244.65,23462255.850000016
2025-08-01 01:22:13 PM,905.6,0,0.0,23462255.850000016
2025-08-01 01:22:14 PM,905.6,12,10867.2,23473123.050000016
2025-08-01 01:24:25 PM,905.6,7,6339.2,23479462.250000015
2025-08-01 01:27:34 PM,906.7,0,0.0,23479462.250000015
2025-08-01 01:27:36 PM,906.7,9,8160.3,23487622.550000016
2025-08-01 01:27:40 PM,907.05,0,0.0,23487622.550000016
2025-08-01 01:27:42 PM,907.05,1,907.05,23488529.600000016
2025-08-01 01:32:13 PM,905.8,0,0.0,23488529.600000016
2025-08-01 01:32:14 PM,905.8,5,4529.0,23493058.600000016
2025-08-01 01:36:49 PM,905.8,7,6340.599999999999,23499399.200000018
2025-08-01 01:40:32 PM,905.85,0,0.0,23499399.200000018
2025-08-01 01:40:36 PM,905.85,7,6340.95,23505740.150000017
2025-08-01 01:41:31 PM,907.15,0,0.0,23505740.150000017
2025-08-01 01:41:31 PM,907.15,51,46264.65,23552004.800000016
2025-08-01 01:43:27 PM,905.85,0,0.0,23552004.800000016
2025-08-01 01:43:28 PM,905.85,74,67032.90000000001,23619037.700000014
2025-08-01 01:45:59 PM,905.4,0,0.0,23619037.700000014
2025-08-01 01:46:02 PM,905.4,10,9054.0,23628091.700000014
2025-08-01 01:46:37 PM,905.4,180,162972.0,23791063.700000014
2025-08-01 01:48:01 PM,905.0,0,0.0,23791063.700000014
2025-08-01 01:48:02 PM,905.0,166,150230.0,23941293.700000014
2025-08-01 01:48:35 PM,906.0,0,0.0,23941293.700000014
2025-08-01 01:48:38 PM,906.0,27,24462.0,23965755.700000014
2025-08-01 01:48:47 PM,905.0,447,404535.0,24370290.700000014
2025-08-01 01:49:30 PM,905.0,3,2715.0,24373005.700000014
2025-08-01 01:50:14 PM,905.0,80,72400.0,24445405.700000014
2025-08-01 01:50:38 PM,905.0,7,6335.0,24451740.700000014
2025-08-01 01:50:48 PM,905.0,2929,2650745.0,27102485.700000014
2025-08-01 01:51:32 PM,904.45,0,0.0,27102485.700000014
2025-08-01 01:51:33 PM,904.45,51,46126.950000000004,27148612.650000013
2025-08-01 01:51:37 PM,904.45,15,13566.75,27162179.400000013
2025-08-01 01:52:31 PM,903.05,0,0.0,27162179.400000013
2025-08-01 01:52:32 PM,903.05,120,108366.0,27270545.400000013
2025-08-01 01:52:41 PM,903.95,0,0.0,27270545.400000013
2025-08-01 01:52:42 PM,903.95,1,903.95,27271449.350000013
2025-08-01 01:52:42 PM,903.05,0,0.0,27271449.350000013
2025-08-01 01:52:45 PM,903.05,1,903.05,27272352.400000013
2025-08-01 01:53:14 PM,903.0,0,0.0,27272352.400000013
2025-08-01 01:53:14 PM,903.0,4,3612.0,27275964.400000013
2025-08-01 01:53:26 PM,904.05,0,0.0,27275964.400000013
2025-08-01 01:53:28 PM,904.05,35,31641.75,27307606.150000013
2025-08-01 01:54:41 PM,903.05,0,0.0,27307606.150000013
2025-08-01 01:54:44 PM,903.05,25,22576.25,27330182.400000013
2025-08-01 01:54:47 PM,903.0,0,0.0,27330182.400000013
2025-08-01 01:54:49 PM,903.0,2,1806.0,27331988.400000013
2025-08-01 01:56:01 PM,903.7,0,0.0,27331988.400000013
2025-08-01 01:56:04 PM,903.7,1,903.7,27332892.100000013
2025-08-01 01:57:27 PM,902.8,0,0.0,27332892.100000013
2025-08-01 01:57:28 PM,902.8,30,27084.0,27359976.100000013
2025-08-01 01:59:09 PM,901.85,0,0.0,27359976.100000013
2025-08-01 01:59:12 PM,901.85,168,151510.80000000002,27511486.900000013
2025-08-01 01:59:34 PM,900.45,0,0.0,27511486.900000013
2025-08-01 01:59:38 PM,900.45,63,56728.350000000006,27568215.250000015
2025-08-01 01:59:41 PM,900.9,0,0.0,27568215.250000015
2025-08-01 01:59:48 PM,900.9,5,4504.5,27572719.750000015
2025-08-01 02:00:57 PM,900.85,0,0.0,27572719.750000015
2025-08-01 02:01:01 PM,900.85,1,900.85,27573620.600000016
2025-08-01 02:01:06 PM,900.85,1,900.85,27574521.450000018
2025-08-01 02:01:55 PM,900.85,1,900.85,27575422.30000002
2025-08-01 02:03:03 PM,900.95,0,0.0,27575422.30000002
2025-08-01 02:03:04 PM,900.95,75,67571.25,27642993.55000002
2025-08-01 02:03:27 PM,901.0,0,0.0,27642993.55000002
2025-08-01 02:03:30 PM,901.0,10,9010.0,27652003.55000002
2025-08-01 02:03:56 PM,900.05,0,0.0,27652003.55000002
2025-08-01 02:03:58 PM,901.0,0,0.0,27652003.55000002
2025-08-01 02:03:59 PM,900.0,0,0.0,27652003.55000002
2025-08-01 02:04:00 PM,900.0,92,82800.0,27734803.55000002
2025-08-01 02:04:19 PM,899.6,0,0.0,27734803.55000002
2025-08-01 02:04:20 PM,899.6,173,155630.80000000002,27890434.35000002
2025-08-01 02:09:37 PM,899.0,0,0.0,27890434.35000002
2025-08-01 02:09:40 PM,899.0,6,5394.0,27895828.35000002
2025-08-01 02:10:09 PM,898.8,0,0.0,27895828.35000002
2025-08-01 02:10:09 PM,898.0,0,0.0,27895828.35000002
2025-08-01 02:10:10 PM,898.0,2,1796.0,27897624.35000002
2025-08-01 02:13:37 PM,898.75,1,898.75,27898523.10000002
2025-08-01 02:13:56 PM,898.95,1,898.95,27899422.05000002
2025-08-01 02:16:07 PM,899.0,0,0.0,27899422.05000002
2025-08-01 02:16:09 PM,899.0,46,41354.0,27940776.05000002
2025-08-01 02:18:05 PM,899.35,0,0.0,27940776.05000002
2025-08-01 02:18:05 PM,899.35,19,17087.65,27957863.700000018
2025-08-01 02:18:19 PM,899.0,0,0.0,27957863.700000018
2025-08-01 02:18:21 PM,899.0,25,22475.0,27980338.700000018
2025-08-01 02:19:21 PM,898.2,0,0.0,27980338.700000018
2025-08-01 02:19:22 PM,898.2,47,42215.4,28022554.100000016
2025-08-01 02:19:43 PM,898.2,3,2694.6000000000004,28025248.700000018
2025-08-01 02:20:25 PM,898.2,10,8982.0,28034230.700000018
2025-08-01 02:20:40 PM,898.2,1,898.2,28035128.900000017
2025-08-01 02:20:55 PM,898.2,1,898.2,28036027.100000016
2025-08-01 02:21:10 PM,898.0,140,125720.0,28161747.100000016
2025-08-01 02:22:19 PM,898.0,14,12572.0,28174319.100000016
2025-08-01 02:22:23 PM,896.8,0,0.0,28174319.100000016
2025-08-01 02:22:25 PM,896.8,918,823262.3999999999,28997581.500000015
2025-08-01 02:22:49 PM,895.85,0,0.0,28997581.500000015
2025-08-01 02:22:51 PM,895.85,196,175586.6,29173168.100000016
2025-08-01 02:23:22 PM,895.65,0,0.0,29173168.100000016
2025-08-01 02:23:24 PM,895.65,2,1791.3,29174959.400000017
2025-08-01 02:24:43 PM,895.6,3,2686.8,29177646.200000018
2025-08-01 02:24:48 PM,896.65,0,0.0,29177646.200000018
2025-08-01 02:24:48 PM,896.65,6,5379.9,29183026.100000016
2025-08-01 02:26:19 PM,896.65,12,10759.8,29193785.900000017
2025-08-01 02:30:02 PM,895.1,0,0.0,29193785.900000017
2025-08-01 02:30:02 PM,895.1,1,895.1,29194681.00000002
2025-08-01 02:30:08 PM,895.0,0,0.0,29194681.00000002
2025-08-01 02:30:08 PM,895.0,64,57280.0,29251961.00000002
2025-08-01 02:30:15 PM,895.0,5,4475.0,29256436.00000002
2025-08-01 02:30:39 PM,895.8,0,0.0,29256436.00000002
2025-08-01 02:30:40 PM,895.8,10,8958.0,29265394.00000002
2025-08-01 02:31:46 PM,896.4,26,23306.399999999998,29288700.400000017
2025-08-01 02:33:36 PM,898.05,0,0.0,29288700.400000017
2025-08-01 02:33:37 PM,898.05,20,17961.0,29306661.400000017
2025-08-01 02:33:53 PM,896.5,0,0.0,29306661.400000017
2025-08-01 02:33:53 PM,896.5,10,8965.0,29315626.400000017
2025-08-01 02:34:46 PM,897.65,0,0.0,29315626.400000017
2025-08-01 02:34:46 PM,897.65,11,9874.15,29325500.550000016
2025-08-01 02:35:23 PM,896.8,0,0.0,29325500.550000016
2025-08-01 02:35:24 PM,896.8,1,896.8,29326397.350000016
2025-08-01 02:35:33 PM,897.6,0,0.0,29326397.350000016
2025-08-01 02:35:35 PM,896.55,2,1793.1,29328190.450000018
2025-08-01 02:36:02 PM,896.55,1,896.55,29329087.00000002
2025-08-01 02:37:37 PM,897.75,0,0.0,29329087.00000002
2025-08-01 02:37:39 PM,897.75,17,15261.75,29344348.75000002
2025-08-01 02:38:05 PM,897.85,0,0.0,29344348.75000002
2025-08-01 02:38:06 PM,897.85,5,4489.25,29348838.00000002
2025-08-01 02:40:05 PM,896.95,0,0.0,29348838.00000002
2025-08-01 02:40:06 PM,896.95,1,896.95,29349734.950000018
2025-08-01 02:40:44 PM,896.95,10,8969.5,29358704.450000018
2025-08-01 02:41:59 PM,897.9,0,0.0,29358704.450000018
2025-08-01 02:42:00 PM,897.9,1,897.9,29359602.350000016
2025-08-01 02:42:42 PM,898.15,0,0.0,29359602.350000016
2025-08-01 02:42:42 PM,898.15,11,9879.65,29369482.000000015
2025-08-01 02:46:35 PM,898.95,0,0.0,29369482.000000015
2025-08-01 02:46:35 PM,898.95,10,8989.5,29378471.500000015
2025-08-01 02:47:03 PM,898.95,3,2696.8500000000004,29381168.350000016
2025-08-01 02:47:23 PM,900.0,0,0.0,29381168.350000016
2025-08-01 02:47:26 PM,900.0,9,8100.0,29389268.350000016
2025-08-01 02:47:54 PM,900.0,8,7200.0,29396468.350000016
2025-08-01 02:49:48 PM,899.0,0,0.0,29396468.350000016
2025-08-01 02:49:50 PM,899.5,0,0.0,29396468.350000016
2025-08-01 02:49:52 PM,899.5,11,9894.5,29406362.850000016
2025-08-01 02:50:36 PM,899.5,32,28784.0,29435146.850000016
2025-08-01 02:50:44 PM,899.6,0,0.0,29435146.850000016
2025-08-01 02:50:46 PM,899.6,19,17092.4,29452239.250000015
2025-08-01 02:52:53 PM,899.85,0,0.0,29452239.250000015
2025-08-01 02:52:55 PM,899.85,11,9898.35,29462137.600000016
2025-08-01 02:53:04 PM,897.6,0,0.0,29462137.600000016
2025-08-01 02:53:06 PM,897.6,50,44880.0,29507017.600000016
2025-08-01 02:53:20 PM,899.45,0,0.0,29507017.600000016
2025-08-01 02:53:22 PM,899.45,2,1798.9,29508816.500000015
2025-08-01 02:54:01 PM,897.95,0,0.0,29508816.500000015
2025-08-01 02:54:02 PM,897.95,2,1795.9,29510612.400000013
2025-08-01 02:54:45 PM,897.95,1,897.95,29511510.350000013
2025-08-01 02:56:33 PM,897.95,5,4489.75,29516000.100000013
2025-08-01 03:00:00 PM,900.15,345,310551.75,29826551.850000013
2025-08-01 03:00:12 PM,901.95,13,11725.35,29838277.200000014
2025-08-01 03:00:17 PM,902.05,0,0.0,29838277.200000014
2025-08-01 03:00:18 PM,902.05,2,1804.1,29840081.300000016
2025-08-01 03:00:41 PM,900.25,0,0.0,29840081.300000016
2025-08-01 03:00:42 PM,900.25,25,22506.25,29862587.550000016
2025-08-01 03:00:50 PM,902.0,135,121770.0,29984357.550000016
2025-08-01 03:01:29 PM,904.2,0,0.0,29984357.550000016
2025-08-01 03:01:30 PM,904.2,11,9946.2,29994303.750000015
2025-08-01 03:01:39 PM,904.3,30,27129.0,30021432.750000015
2025-08-01 03:01:51 PM,904.25,0,0.0,30021432.750000015
2025-08-01 03:01:51 PM,904.25,2,1808.5,30023241.250000015
2025-08-01 03:02:31 PM,903.25,6,5419.5,30028660.750000015
2025-08-01 03:02:32 PM,903.3,0,0.0,30028660.750000015
2025-08-01 03:02:34 PM,903.3,3,2709.8999999999996,30031370.650000013
2025-08-01 03:02:46 PM,903.3,10,9033.0,30040403.650000013
2025-08-01 03:03:11 PM,903.0,60,54180.0,30094583.650000013
2025-08-01 03:03:26 PM,903.05,0,0.0,30094583.650000013
2025-08-01 03:03:26 PM,903.05,4,3612.2,30098195.850000013
2025-08-01 03:03:29 PM,903.35,101,91238.35,30189434.200000014
2025-08-01 03:04:24 PM,903.0,112,101136.0,30290570.200000014
2025-08-01 03:04:42 PM,903.9,110,99429.0,30389999.200000014
2025-08-01 03:04:52 PM,903.75,5,4518.75,30394517.950000014
2025-08-01 03:04:54 PM,903.9,0,0.0,30394517.950000014
2025-08-01 03:04:55 PM,903.9,75,67792.5,30462310.450000014
2025-08-01 03:05:07 PM,903.0,0,0.0,30462310.450000014
2025-08-01 03:05:07 PM,903.0,5,4515.0,30466825.450000014
2025-08-01 03:05:51 PM,903.05,2,1806.1,30468631.550000016
2025-08-01 03:06:11 PM,903.05,3,2709.1499999999996,30471340.700000014
2025-08-01 03:06:44 PM,903.15,1,903.15,30472243.850000013
2025-08-01 03:06:53 PM,904.0,483,436632.0,30908875.850000013
2025-08-01 03:06:56 PM,904.0,41,37064.0,30945939.850000013
2025-08-01 03:07:18 PM,903.1,11,9934.1,30955873.950000014
2025-08-01 03:07:52 PM,903.0,100,90300.0,31046173.950000014
2025-08-01 03:08:14 PM,903.0,10,9030.0,31055203.950000014
2025-08-01 03:08:33 PM,903.0,3,2709.0,31057912.950000014
2025-08-01 03:09:11 PM,903.0,3,2709.0,31060621.950000014
2025-08-01 03:09:57 PM,903.0,3,2709.0,31063330.950000014
2025-08-01 03:10:38 PM,903.0,3,2709.0,31066039.950000014
2025-08-01 03:11:23 PM,903.0,3,2709.0,31068748.950000014
2025-08-01 03:12:01 PM,903.0,12,10836.0,31079584.950000014
2025-08-01 03:12:04 PM,903.0,3,2709.0,31082293.950000014
2025-08-01 03:12:11 PM,900.7,3209,2890346.3000000003,33972640.250000015
2025-08-01 03:12:15 PM,897.0,1,897.0,33973537.250000015
2025-08-01 03:12:33 PM,896.15,0,0.0,33973537.250000015
2025-08-01 03:12:34 PM,896.15,2,1792.3,33975329.55000001
2025-08-01 03:12:40 PM,893.0,522,466146.0,34441475.55000001
2025-08-01 03:12:50 PM,892.85,2,1785.7,34443261.250000015
2025-08-01 03:13:16 PM,892.7,0,0.0,34443261.250000015
2025-08-01 03:13:17 PM,892.7,7,6248.900000000001,34449510.15000001
2025-08-01 03:13:20 PM,892.0,1,892.0,34450402.15000001
2025-08-01 03:13:48 PM,892.3,0,0.0,34450402.15000001
2025-08-01 03:13:49 PM,892.3,12,10707.599999999999,34461109.750000015
2025-08-01 03:13:58 PM,891.5,3,2674.5,34463784.250000015
2025-08-01 03:13:59 PM,891.9,0,0.0,34463784.250000015
2025-08-01 03:14:01 PM,891.9,2,1783.8,34465568.05000001
2025-08-01 03:14:08 PM,890.65,25,22266.25,34487834.30000001
2025-08-01 03:14:11 PM,890.9,0,0.0,34487834.30000001
2025-08-01 03:14:11 PM,890.9,369,328742.1,34816576.40000001
2025-08-01 03:14:14 PM,890.05,225,200261.25,35016837.65000001
2025-08-01 03:14:23 PM,890.05,42,37382.1,35054219.750000015
2025-08-01 03:14:25 PM,891.85,0,0.0,35054219.750000015
2025-08-01 03:14:26 PM,891.85,10,8918.5,35063138.250000015
2025-08-01 03:14:57 PM,891.3,0,0.0,35063138.250000015
2025-08-01 03:15:00 PM,891.3,3,2673.8999999999996,35065812.15000001
2025-08-01 03:15:47 PM,891.5,1,891.5,35066703.65000001
2025-08-01 03:15:52 PM,891.45,5,4457.25,35071160.90000001
2025-08-01 03:16:27 PM,891.35,28,24957.8,35096118.70000001
2025-08-01 03:16:47 PM,891.3,1,891.3,35097010.00000001
2025-08-01 03:17:00 PM,890.8,3,2672.3999999999996,35099682.400000006
2025-08-01 03:17:07 PM,891.0,3,2673.0,35102355.400000006
2025-08-01 03:17:14 PM,891.1,24,21386.4,35123741.800000004
2025-08-01 03:17:17 PM,890.0,0,0.0,35123741.800000004
2025-08-01 03:17:21 PM,890.0,500,445000.0,35568741.800000004
2025-08-01 03:17:27 PM,888.95,0,0.0,35568741.800000004
2025-08-01 03:17:27 PM,888.95,1,888.95,35569630.75000001
2025-08-01 03:17:29 PM,890.45,12,10685.400000000001,35580316.150000006
2025-08-01 03:17:32 PM,889.0,0,0.0,35580316.150000006
2025-08-01 03:17:34 PM,889.0,33,29337.0,35609653.150000006
2025-08-01 03:17:37 PM,888.05,0,0.0,35609653.150000006
2025-08-01 03:17:40 PM,888.0,648,575424.0,36185077.150000006
2025-08-01 03:17:46 PM,888.0,99,87912.0,36272989.150000006
2025-08-01 03:17:52 PM,887.0,0,0.0,36272989.150000006
2025-08-01 03:17:53 PM,887.0,153,135711.0,36408700.150000006
2025-08-01 03:17:57 PM,887.5,0,0.0,36408700.150000006
2025-08-01 03:17:59 PM,887.5,7,6212.5,36414912.650000006
2025-08-01 03:18:01 PM,887.45,13,11536.85,36426449.50000001
2025-08-01 03:18:02 PM,886.6,0,0.0,36426449.50000001
2025-08-01 03:18:06 PM,886.6,14,12412.4,36438861.900000006
2025-08-01 03:18:11 PM,886.2,0,0.0,36438861.900000006
2025-08-01 03:18:13 PM,886.2,11,9748.2,36448610.10000001
2025-08-01 03:18:20 PM,886.0,32,28352.0,36476962.10000001
2025-08-01 03:18:24 PM,885.25,0,0.0,36476962.10000001
2025-08-01 03:18:26 PM,885.2,184,162876.80000000002,36639838.900000006
2025-08-01 03:18:33 PM,885.2,36,31867.2,36671706.10000001
2025-08-01 03:18:39 PM,884.0,57,50388.0,36722094.10000001
2025-08-01 03:18:40 PM,883.2,0,0.0,36722094.10000001
2025-08-01 03:18:41 PM,883.2,17,15014.400000000001,36737108.50000001
2025-08-01 03:18:43 PM,882.5,0,0.0,36737108.50000001
2025-08-01 03:18:45 PM,882.5,25,22062.5,36759171.00000001
2025-08-01 03:18:47 PM,882.35,9,7941.150000000001,36767112.150000006
2025-08-01 03:18:49 PM,881.8,0,0.0,36767112.150000006
2025-08-01 03:18:52 PM,881.8,2,1763.6,36768875.75000001
2025-08-01 03:18:58 PM,881.2,0,0.0,36768875.75000001
2025-08-01 03:18:58 PM,881.2,5,4406.0,36773281.75000001
2025-08-01 03:19:01 PM,885.0,1921,1700085.0,38473366.75000001
2025-08-01 03:19:03 PM,887.9,0,0.0,38473366.75000001
2025-08-01 03:19:07 PM,887.9,93,82574.7,38555941.45000001
2025-08-01 03:19:16 PM,885.3,0,0.0,38555941.45000001
2025-08-01 03:19:19 PM,885.3,116,102694.79999999999,38658636.25000001
2025-08-01 03:19:22 PM,885.0,0,0.0,38658636.25000001
2025-08-01 03:19:25 PM,885.0,157,138945.0,38797581.25000001
2025-08-01 03:19:27 PM,885.15,3,2655.45,38800236.70000001
2025-08-01 03:19:32 PM,885.3,0,0.0,38800236.70000001
2025-08-01 03:19:32 PM,885.3,230,203619.0,39003855.70000001
2025-08-01 03:19:46 PM,885.3,226,200077.8,39203933.50000001
2025-08-01 03:19:51 PM,886.0,13,11518.0,39215451.50000001
2025-08-01 03:19:53 PM,886.7,120,106404.0,39321855.50000001
2025-08-01 03:20:02 PM,886.05,0,0.0,39321855.50000001
2025-08-01 03:20:04 PM,886.0,79,69994.0,39391849.50000001
2025-08-01 03:20:07 PM,886.05,10,8860.5,39400710.00000001
2025-08-01 03:20:12 PM,885.9,45,39865.5,39440575.50000001
2025-08-01 03:20:17 PM,885.0,0,0.0,39440575.50000001
2025-08-01 03:20:20 PM,885.0,149,131865.0,39572440.50000001
2025-08-01 03:20:24 PM,882.3,0,0.0,39572440.50000001
2025-08-01 03:20:27 PM,882.05,294,259322.69999999998,39831763.20000001
2025-08-01 03:20:34 PM,882.95,0,0.0,39831763.20000001
2025-08-01 03:20:34 PM,882.95,284,250757.80000000002,40082521.00000001
2025-08-01 03:20:36 PM,882.3,0,0.0,40082521.00000001
2025-08-01 03:20:36 PM,882.3,1,882.3,40083403.300000004
2025-08-01 03:20:41 PM,882.05,237,209045.84999999998,40292449.150000006
2025-08-01 03:20:45 PM,880.9,0,0.0,40292449.150000006
2025-08-01 03:20:47 PM,880.85,6,5285.1,40297734.25000001
2025-08-01 03:20:54 PM,879.9,166,146063.4,40443797.650000006
2025-08-01 03:20:56 PM,879.95,52,45757.4,40489555.050000004
2025-08-01 03:21:00 PM,879.1,246,216258.6,40705813.650000006
2025-08-01 03:21:03 PM,879.1,40,35164.0,40740977.650000006
2025-08-01 03:21:05 PM,879.0,0,0.0,40740977.650000006
2025-08-01 03:21:08 PM,878.2,136,119435.20000000001,40860412.85000001
2025-08-01 03:21:15 PM,879.0,0,0.0,40860412.85000001
2025-08-01 03:21:15 PM,879.4,244,214573.6,41074986.45000001
2025-08-01 03:21:25 PM,878.1,0,0.0,41074986.45000001
2025-08-01 03:21:28 PM,878.9,0,0.0,41074986.45000001
2025-08-01 03:21:29 PM,879.0,22,19338.0,41094324.45000001
2025-08-01 03:21:34 PM,878.05,0,0.0,41094324.45000001
2025-08-01 03:21:36 PM,878.05,231,202829.55,41297154.00000001
2025-08-01 03:21:42 PM,878.75,3,2636.25,41299790.25000001
2025-08-01 03:21:47 PM,878.5,0,0.0,41299790.25000001
2025-08-01 03:21:49 PM,878.5,8,7028.0,41306818.25000001
2025-08-01 03:21:52 PM,878.0,0,0.0,41306818.25000001
2025-08-01 03:21:55 PM,876.9,0,0.0,41306818.25000001
2025-08-01 03:21:56 PM,877.75,296,259814.0,41566632.25000001
2025-08-01 03:21:57 PM,876.25,26,22782.5,41589414.75000001
2025-08-01 03:22:02 PM,877.05,0,0.0,41589414.75000001
2025-08-01 03:22:02 PM,877.05,241,211369.05,41800783.800000004
2025-08-01 03:22:09 PM,877.4,15,13161.0,41813944.800000004
2025-08-01 03:22:11 PM,877.4,11,9651.4,41823596.2
2025-08-01 03:22:16 PM,877.1,63,55257.3,41878853.5
2025-08-01 03:22:21 PM,877.05,0,0.0,41878853.5
2025-08-01 03:22:23 PM,877.05,8,7016.4,41885869.9
2025-08-01 03:22:30 PM,876.95,298,261331.1,42147201.0
2025-08-01 03:22:31 PM,876.25,0,0.0,42147201.0
2025-08-01 03:22:31 PM,876.25,23,20153.75,42167354.75
2025-08-01 03:22:36 PM,876.1,5,4380.5,42171735.25
2025-08-01 03:22:38 PM,876.0,4,3504.0,42175239.25
2025-08-01 03:22:43 PM,875.9,207,181311.3,42356550.55
2025-08-01 03:22:50 PM,875.0,230,201250.0,42557800.55
2025-08-01 03:22:56 PM,875.25,46,40261.5,42598062.05
2025-08-01 03:22:58 PM,875.05,1,875.05,42598937.099999994
2025-08-01 03:22:59 PM,875.0,0,0.0,42598937.099999994
2025-08-01 03:23:02 PM,875.05,263,230138.15,42829075.24999999
2025-08-01 03:23:08 PM,877.1,0,0.0,42829075.24999999
2025-08-01 03:23:09 PM,877.1,249,218397.9,43047473.14999999
2025-08-01 03:23:16 PM,876.05,50,43802.5,43091275.64999999
2025-08-01 03:23:18 PM,876.15,0,0.0,43091275.64999999
2025-08-01 03:23:18 PM,876.15,10,8761.5,43100037.14999999
2025-08-01 03:23:19 PM,876.0,0,0.0,43100037.14999999
2025-08-01 03:23:23 PM,875.95,85,74455.75,43174492.89999999
2025-08-01 03:23:28 PM,875.9,0,0.0,43174492.89999999
2025-08-01 03:23:29 PM,875.9,126,110363.4,43284856.29999999
2025-08-01 03:23:31 PM,875.1,263,230151.30000000002,43515007.59999999
2025-08-01 03:23:43 PM,875.05,120,105006.0,43620013.59999999
2025-08-01 03:23:44 PM,877.05,61,53500.049999999996,43673513.64999998
2025-08-01 03:23:49 PM,877.05,305,267500.25,43941013.89999998
2025-08-01 03:23:56 PM,877.1,30,26313.0,43967326.89999998
2025-08-01 03:24:02 PM,875.2,87,76142.40000000001,44043469.29999998
2025-08-01 03:24:07 PM,875.1,0,0.0,44043469.29999998
2025-08-01 03:24:11 PM,875.1,173,151392.30000000002,44194861.59999998
2025-08-01 03:24:16 PM,875.3,424,371127.19999999995,44565988.79999998
2025-08-01 03:24:18 PM,877.85,75,65838.75,44631827.54999998
2025-08-01 03:24:30 PM,876.8,0,0.0,44631827.54999998
2025-08-01 03:24:31 PM,876.8,354,310387.2,44942214.749999985
2025-08-01 03:24:36 PM,875.35,6,5252.1,44947466.84999999
2025-08-01 03:24:50 PM,875.35,226,197829.1,45145295.94999999
2025-08-01 03:24:51 PM,875.3,7,6127.099999999999,45151423.04999999
2025-08-01 03:25:00 PM,875.05,0,0.0,45151423.04999999
2025-08-01 03:25:03 PM,875.05,229,200386.44999999998,45351809.49999999
2025-08-01 03:25:09 PM,875.5,2,1751.0,45353560.49999999
2025-08-01 03:25:16 PM,875.05,227,198636.34999999998,45552196.849999994
2025-08-01 03:25:23 PM,874.6,308,269376.8,45821573.64999999
2025-08-01 03:25:27 PM,875.0,0,0.0,45821573.64999999
2025-08-01 03:25:29 PM,875.0,10,8750.0,45830323.64999999
2025-08-01 03:25:30 PM,874.6,0,0.0,45830323.64999999
2025-08-01 03:25:30 PM,874.6,47,41106.200000000004,45871429.849999994
2025-08-01 03:25:35 PM,873.7,3,2621.1000000000004,45874050.949999996
2025-08-01 03:25:40 PM,873.5,0,0.0,45874050.949999996
2025-08-01 03:25:42 PM,873.45,67,58521.15,45932572.099999994
2025-08-01 03:25:43 PM,873.45,2,1746.9,45934318.99999999
2025-08-01 03:25:47 PM,873.05,0,0.0,45934318.99999999
2025-08-01 03:25:48 PM,873.05,165,144053.25,46078372.24999999
2025-08-01 03:25:50 PM,873.05,222,193817.09999999998,46272189.349999994
2025-08-01 03:25:56 PM,873.05,2,1746.1,46273935.449999996
2025-08-01 03:26:01 PM,873.0,20,17460.0,46291395.449999996
2025-08-01 03:26:07 PM,873.1,0,0.0,46291395.449999996
2025-08-01 03:26:08 PM,873.1,315,275026.5,46566421.949999996
2025-08-01 03:26:09 PM,873.6,8,6988.8,46573410.74999999
2025-08-01 03:26:11 PM,873.85,0,0.0,46573410.74999999
2025-08-01 03:26:15 PM,873.9,4,3495.6,46576906.349999994
2025-08-01 03:26:16 PM,874.2,245,214179.0,46791085.349999994
2025-08-01 03:26:27 PM,874.45,0,0.0,46791085.349999994
2025-08-01 03:26:28 PM,874.45,34,29731.300000000003,46820816.64999999
2025-08-01 03:26:30 PM,873.9,0,0.0,46820816.64999999
2025-08-01 03:26:35 PM,873.9,395,345190.5,47166007.14999999
2025-08-01 03:26:37 PM,873.9,2,1747.8,47167754.94999999
2025-08-01 03:26:41 PM,873.85,0,0.0,47167754.94999999
2025-08-01 03:26:42 PM,873.85,22,19224.7,47186979.64999999
2025-08-01 03:26:48 PM,873.85,55,48061.75,47235041.39999999
2025-08-01 03:26:51 PM,872.9,0,0.0,47235041.39999999
2025-08-01 03:26:55 PM,872.9,19,16585.1,47251626.49999999
2025-08-01 03:27:01 PM,872.1,182,158722.2,47410348.699999996
2025-08-01 03:27:07 PM,872.0,0,0.0,47410348.699999996
2025-08-01 03:27:08 PM,872.0,510,444720.0,47855068.699999996
2025-08-01 03:27:10 PM,874.95,175,153116.25,48008184.949999996
2025-08-01 03:27:17 PM,874.2,7,6119.400000000001,48014304.349999994
2025-08-01 03:27:18 PM,875.0,0,0.0,48014304.349999994
2025-08-01 03:27:22 PM,875.0,251,219625.0,48233929.349999994
2025-08-01 03:27:37 PM,876.25,10,8762.5,48242691.849999994
2025-08-01 03:27:43 PM,875.0,0,0.0,48242691.849999994
2025-08-01 03:27:44 PM,875.0,231,202125.0,48444816.849999994
2025-08-01 03:27:46 PM,876.15,4,3504.6,48448321.449999996
2025-08-01 03:27:52 PM,876.8,107,93817.59999999999,48542139.05
2025-08-01 03:28:03 PM,877.85,0,0.0,48542139.05
2025-08-01 03:28:04 PM,877.85,2,1755.7,48543894.75
2025-08-01 03:28:06 PM,878.05,8,7024.4,48550919.15
2025-08-01 03:28:09 PM,885.95,0,0.0,48550919.15
2025-08-01 03:28:11 PM,885.95,84,74419.8,48625338.949999996
2025-08-01 03:28:13 PM,889.7,275,244667.5,48870006.449999996
2025-08-01 03:28:23 PM,879.8,0,0.0,48870006.449999996
2025-08-01 03:28:25 PM,879.8,129,113494.2,48983500.65
2025-08-01 03:28:27 PM,887.7,3,2663.1000000000004,48986163.75
2025-08-01 03:28:34 PM,878.05,112,98341.59999999999,49084505.35
2025-08-01 03:28:46 PM,880.05,5,4400.25,49088905.6
2025-08-01 03:28:48 PM,886.05,1,886.05,49089791.65
2025-08-01 03:29:01 PM,885.95,6,5315.700000000001,49095107.35
2025-08-01 03:29:07 PM,885.9,18,15946.199999999999,49111053.550000004
2025-08-01 03:29:14 PM,885.0,0,0.0,49111053.550000004
2025-08-01 03:29:15 PM,885.0,19,16815.0,49127868.550000004
2025-08-01 03:29:23 PM,881.0,47,41407.0,49169275.550000004
2025-08-01 03:29:32 PM,881.0,56,49336.0,49218611.550000004
2025-08-01 03:29:37 PM,883.5,0,0.0,49218611.550000004
2025-08-01 03:29:38 PM,883.5,70,61845.0,49280456.550000004
2025-08-01 03:29:40 PM,881.0,57,50217.0,49330673.550000004
2025-08-01 03:29:47 PM,881.0,59,51979.0,49382652.550000004
2025-08-01 03:29:52 PM,879.0,91,79989.0,49462641.550000004
2025-08-01 03:29:55 PM,880.95,1,880.95,49463522.50000001
2025-08-01 03:29:59 PM,881.0,0,0.0,49463522.50000001
2025-08-01 03:29:59 PM,881.0,19,16739.0,49480261.50000001
