date,price,qty,trnvr,cum_trnvr
2025-08-01 09:15:03 AM,1025.0,173,177325.0,177325.0
2025-08-01 09:15:13 AM,1026.0,0,0.0,177325.0
2025-08-01 09:15:15 AM,1026.0,109,111834.0,289159.0
2025-08-01 09:15:25 AM,1026.0,1,1026.0,290185.0
2025-08-01 09:16:06 AM,1023.1,0,0.0,290185.0
2025-08-01 09:16:06 AM,1023.1,500,511550.0,801735.0
2025-08-01 09:16:08 AM,1020.1,107,109150.7,910885.7
2025-08-01 09:16:10 AM,1023.9,0,0.0,910885.7
2025-08-01 09:16:14 AM,1023.9,40,40956.0,951841.7
2025-08-01 09:16:56 AM,1022.9,7,7160.3,959002.0
2025-08-01 09:17:12 AM,1024.7,66,67630.2,1026632.2
2025-08-01 09:17:26 AM,1023.2,0,0.0,1026632.2
2025-08-01 09:17:29 AM,1023.2,133,136085.6,1162717.8
2025-08-01 09:17:45 AM,1019.8,398,405880.39999999997,1568598.2
2025-08-01 09:18:06 AM,1022.2,0,0.0,1568598.2
2025-08-01 09:18:10 AM,1022.2,28,28621.600000000002,1597219.8
2025-08-01 09:18:16 AM,1023.9,0,0.0,1597219.8
2025-08-01 09:18:19 AM,1023.9,16,16382.4,1613602.2
2025-08-01 09:18:28 AM,1022.9,126,128885.4,1742487.5999999999
2025-08-01 09:18:35 AM,1024.0,24,24576.0,1767063.5999999999
2025-08-01 09:18:51 AM,1025.3,1,1025.3,1768088.9
2025-08-01 09:19:00 AM,1023.4,25,25585.0,1793673.9
2025-08-01 09:19:08 AM,1023.3,39,39908.7,1833582.5999999999
2025-08-01 09:19:10 AM,1024.0,0,0.0,1833582.5999999999
2025-08-01 09:19:16 AM,1024.0,1,1024.0,1834606.5999999999
2025-08-01 09:19:17 AM,1023.4,54,55263.6,1889870.2
2025-08-01 09:19:24 AM,1023.3,120,122796.0,2012666.2
2025-08-01 09:19:31 AM,1022.4,0,0.0,2012666.2
2025-08-01 09:19:32 AM,1022.4,20,20448.0,2033114.2
2025-08-01 09:19:48 AM,1022.5,3,3067.5,2036181.7
2025-08-01 09:20:03 AM,1023.4,0,0.0,2036181.7
2025-08-01 09:20:04 AM,1023.4,1,1023.4,2037205.0999999999
2025-08-01 09:20:17 AM,1022.0,0,0.0,2037205.0999999999
2025-08-01 09:20:20 AM,1022.0,2,2044.0,2039249.0999999999
2025-08-01 09:20:43 AM,1022.0,10,10220.0,2049469.0999999999
2025-08-01 09:20:45 AM,1020.7,10,10207.0,2059676.0999999999
2025-08-01 09:21:19 AM,1022.3,0,0.0,2059676.0999999999
2025-08-01 09:21:22 AM,1022.3,10,10223.0,2069899.0999999999
2025-08-01 09:21:37 AM,1021.0,0,0.0,2069899.0999999999
2025-08-01 09:21:38 AM,1021.0,103,105163.0,2175062.0999999996
2025-08-01 09:22:10 AM,1020.1,0,0.0,2175062.0999999996
2025-08-01 09:22:13 AM,1019.0,0,0.0,2175062.0999999996
2025-08-01 09:22:16 AM,1019.0,329,335251.0,2510313.0999999996
2025-08-01 09:22:27 AM,1019.6,0,0.0,2510313.0999999996
2025-08-01 09:22:31 AM,1019.6,5,5098.0,2515411.0999999996
2025-08-01 09:22:58 AM,1018.1,0,0.0,2515411.0999999996
2025-08-01 09:23:01 AM,1019.9,30,30597.0,2546008.0999999996
2025-08-01 09:23:52 AM,1019.0,0,0.0,2546008.0999999996
2025-08-01 09:23:55 AM,1018.0,295,300310.0,2846318.0999999996
2025-08-01 09:24:48 AM,1018.0,25,25450.0,2871768.0999999996
2025-08-01 09:25:09 AM,1017.9,0,0.0,2871768.0999999996
2025-08-01 09:25:10 AM,1017.9,17,17304.3,2889072.3999999994
2025-08-01 09:25:13 AM,1018.0,10,10180.0,2899252.3999999994
2025-08-01 09:25:18 AM,1018.0,471,479478.0,3378730.3999999994
2025-08-01 09:25:26 AM,1018.0,100,101800.0,3480530.3999999994
2025-08-01 09:26:36 AM,1018.0,2,2036.0,3482566.3999999994
2025-08-01 09:26:40 AM,1019.3,0,0.0,3482566.3999999994
2025-08-01 09:26:42 AM,1019.3,2,2038.6,3484604.9999999995
2025-08-01 09:27:02 AM,1019.8,0,0.0,3484604.9999999995
2025-08-01 09:27:04 AM,1019.8,7,7138.599999999999,3491743.5999999996
2025-08-01 09:27:35 AM,1021.4,20,20428.0,3512171.5999999996
2025-08-01 09:27:47 AM,1021.1,0,0.0,3512171.5999999996
2025-08-01 09:27:49 AM,1021.1,1,1021.1,3513192.6999999997
2025-08-01 09:28:20 AM,1021.1,200,204220.0,3717412.6999999997
2025-08-01 09:28:32 AM,1019.2,0,0.0,3717412.6999999997
2025-08-01 09:28:35 AM,1019.2,8,8153.6,3725566.3
2025-08-01 09:28:58 AM,1020.4,46,46938.4,3772504.6999999997
2025-08-01 09:29:11 AM,1021.9,0,0.0,3772504.6999999997
2025-08-01 09:29:13 AM,1021.9,51,52116.9,3824621.5999999996
2025-08-01 09:29:15 AM,1020.8,67,68393.59999999999,3893015.1999999997
2025-08-01 09:29:51 AM,1021.0,500,510500.0,4403515.199999999
2025-08-01 09:30:21 AM,1021.3,10,10213.0,4413728.199999999
2025-08-01 09:30:36 AM,1021.0,10,10210.0,4423938.199999999
2025-08-01 09:31:15 AM,1019.4,0,0.0,4423938.199999999
2025-08-01 09:31:20 AM,1019.4,2,2038.8,4425976.999999999
2025-08-01 09:32:16 AM,1019.3,5,5096.5,4431073.499999999
2025-08-01 09:32:44 AM,1019.3,1,1019.3,4432092.799999999
2025-08-01 09:33:51 AM,1021.8,0,0.0,4432092.799999999
2025-08-01 09:33:54 AM,1021.8,10,10218.0,4442310.799999999
2025-08-01 09:35:45 AM,1020.3,5,5101.5,4447412.299999999
2025-08-01 09:35:52 AM,1020.3,8,8162.4,4455574.699999999
2025-08-01 09:36:12 AM,1020.3,52,53055.6,4508630.299999999
2025-08-01 09:36:18 AM,1020.3,1,1020.3,4509650.599999999
2025-08-01 09:36:31 AM,1019.6,41,41803.6,4551454.199999998
2025-08-01 09:36:37 AM,1018.3,0,0.0,4551454.199999998
2025-08-01 09:36:38 AM,1018.3,19,19347.7,4570801.8999999985
2025-08-01 09:36:44 AM,1017.8,0,0.0,4570801.8999999985
2025-08-01 09:36:44 AM,1017.8,36,36640.799999999996,4607442.699999998
2025-08-01 09:37:05 AM,1018.8,0,0.0,4607442.699999998
2025-08-01 09:37:12 AM,1018.8,4,4075.2,4611517.8999999985
2025-08-01 09:37:15 AM,1017.6,0,0.0,4611517.8999999985
2025-08-01 09:37:19 AM,1017.6,14,14246.4,4625764.299999999
2025-08-01 09:37:20 AM,1019.0,0,0.0,4625764.299999999
2025-08-01 09:37:24 AM,1019.9,0,0.0,4625764.299999999
2025-08-01 09:37:26 AM,1019.9,18,18358.2,4644122.499999999
2025-08-01 09:37:32 AM,1019.9,200,203980.0,4848102.499999999
2025-08-01 09:38:57 AM,1019.4,0,0.0,4848102.499999999
2025-08-01 09:38:59 AM,1019.4,1,1019.4,4849121.899999999
2025-08-01 09:39:49 AM,1019.5,0,0.0,4849121.899999999
2025-08-01 09:39:53 AM,1019.5,2,2039.0,4851160.899999999
2025-08-01 09:39:59 AM,1018.1,17,17307.7,4868468.6
2025-08-01 09:40:14 AM,1017.5,0,0.0,4868468.6
2025-08-01 09:40:19 AM,1017.5,25,25437.5,4893906.1
2025-08-01 09:40:20 AM,1017.3,60,61038.0,4954944.1
2025-08-01 09:40:26 AM,1017.3,49,49847.7,5004791.8
2025-08-01 09:40:28 AM,1019.1,0,0.0,5004791.8
2025-08-01 09:40:32 AM,1019.1,50,50955.0,5055746.8
2025-08-01 09:40:45 AM,1019.0,4,4076.0,5059822.8
2025-08-01 09:40:49 AM,1017.0,0,0.0,5059822.8
2025-08-01 09:40:52 AM,1017.0,119,121023.0,5180845.8
2025-08-01 09:40:59 AM,1017.0,100,101700.0,5282545.8
2025-08-01 09:41:17 AM,1018.5,0,0.0,5282545.8
2025-08-01 09:41:19 AM,1018.5,1,1018.5,5283564.3
2025-08-01 09:41:32 AM,1018.5,5,5092.5,5288656.8
2025-08-01 09:41:48 AM,1018.4,0,0.0,5288656.8
2025-08-01 09:41:52 AM,1018.4,1,1018.4,5289675.2
2025-08-01 09:42:04 AM,1019.0,1,1019.0,5290694.2
2025-08-01 09:43:11 AM,1018.5,0,0.0,5290694.2
2025-08-01 09:43:11 AM,1018.5,101,102868.5,5393562.7
2025-08-01 09:43:15 AM,1017.8,0,0.0,5393562.7
2025-08-01 09:43:17 AM,1017.8,14,14249.199999999999,5407811.9
2025-08-01 09:43:51 AM,1017.5,0,0.0,5407811.9
2025-08-01 09:43:56 AM,1017.5,50,50875.0,5458686.9
2025-08-01 09:43:57 AM,1017.9,3,3053.7,5461740.600000001
2025-08-01 09:44:02 AM,1015.0,1627,1651405.0,7113145.600000001
2025-08-01 09:44:08 AM,1015.2,0,0.0,7113145.600000001
2025-08-01 09:44:09 AM,1015.2,9,9136.800000000001,7122282.4
2025-08-01 09:44:12 AM,1013.8,0,0.0,7122282.4
2025-08-01 09:44:16 AM,1013.8,120,121656.0,7243938.4
2025-08-01 09:44:20 AM,1013.9,0,0.0,7243938.4
2025-08-01 09:44:22 AM,1014.0,0,0.0,7243938.4
2025-08-01 09:44:23 AM,1014.0,69,69966.0,7313904.4
2025-08-01 09:44:47 AM,1015.0,0,0.0,7313904.4
2025-08-01 09:44:48 AM,1015.0,1,1015.0,7314919.4
2025-08-01 09:45:04 AM,1013.6,0,0.0,7314919.4
2025-08-01 09:45:08 AM,1013.6,18,18244.8,7333164.2
2025-08-01 09:45:20 AM,1013.0,0,0.0,7333164.2
2025-08-01 09:45:21 AM,1013.0,15,15195.0,7348359.2
2025-08-01 09:45:35 AM,1013.0,2,2026.0,7350385.2
2025-08-01 09:45:54 AM,1012.3,1,1012.3,7351397.5
2025-08-01 09:46:06 AM,1011.8,0,0.0,7351397.5
2025-08-01 09:46:06 AM,1011.8,165,166947.0,7518344.5
2025-08-01 09:46:11 AM,1012.8,0,0.0,7518344.5
2025-08-01 09:46:13 AM,1012.8,50,50640.0,7568984.5
2025-08-01 09:46:25 AM,1012.0,0,0.0,7568984.5
2025-08-01 09:46:26 AM,1012.0,98,99176.0,7668160.5
2025-08-01 09:46:30 AM,1011.1,0,0.0,7668160.5
2025-08-01 09:46:32 AM,1012.4,0,0.0,7668160.5
2025-08-01 09:46:32 AM,1012.4,13,13161.199999999999,7681321.7
2025-08-01 09:46:40 AM,1012.5,0,0.0,7681321.7
2025-08-01 09:46:40 AM,1012.5,10,10125.0,7691446.7
2025-08-01 09:46:59 AM,1011.3,1,1011.3,7692458.0
2025-08-01 09:47:24 AM,1011.2,0,0.0,7692458.0
2025-08-01 09:47:24 AM,1011.2,27,27302.4,7719760.4
2025-08-01 09:47:30 AM,1011.0,0,0.0,7719760.4
2025-08-01 09:47:31 AM,1011.0,402,406422.0,8126182.4
2025-08-01 09:47:44 AM,1011.1,2,2022.2,8128204.600000001
2025-08-01 09:47:45 AM,1010.1,0,0.0,8128204.600000001
2025-08-01 09:47:48 AM,1010.1,19,19191.9,8147396.500000001
2025-08-01 09:47:58 AM,1011.2,0,0.0,8147396.500000001
2025-08-01 09:48:02 AM,1011.1,11,11122.1,8158518.600000001
2025-08-01 09:48:39 AM,1011.7,0,0.0,8158518.600000001
2025-08-01 09:48:40 AM,1011.7,3,3035.1000000000004,8161553.7
2025-08-01 09:48:43 AM,1010.6,0,0.0,8161553.7
2025-08-01 09:48:43 AM,1010.6,23,23243.8,8184797.5
2025-08-01 09:48:51 AM,1010.2,0,0.0,8184797.5
2025-08-01 09:48:53 AM,1010.2,17,17173.4,8201970.9
2025-08-01 09:49:02 AM,1010.0,139,140390.0,8342360.9
2025-08-01 09:49:06 AM,1010.0,50,50500.0,8392860.9
2025-08-01 09:49:08 AM,1011.2,40,40448.0,8433308.9
2025-08-01 09:49:30 AM,1010.1,1,1010.1,8434319.0
2025-08-01 09:49:34 AM,1010.2,0,0.0,8434319.0
2025-08-01 09:49:37 AM,1010.2,200,202040.0,8636359.0
2025-08-01 09:49:40 AM,1011.0,101,102111.0,8738470.0
2025-08-01 09:49:46 AM,1009.2,0,0.0,8738470.0
2025-08-01 09:49:46 AM,1009.2,67,67616.40000000001,8806086.4
2025-08-01 09:49:52 AM,1009.4,0,0.0,8806086.4
2025-08-01 09:49:52 AM,1009.4,10,10094.0,8816180.4
2025-08-01 09:50:21 AM,1010.0,0,0.0,8816180.4
2025-08-01 09:50:22 AM,1010.0,50,50500.0,8866680.4
2025-08-01 09:50:30 AM,1010.0,1,1010.0,8867690.4
2025-08-01 09:50:42 AM,1009.2,0,0.0,8867690.4
2025-08-01 09:50:43 AM,1009.2,22,22202.4,8889892.8
2025-08-01 09:50:57 AM,1008.5,0,0.0,8889892.8
2025-08-01 09:50:59 AM,1008.5,70,70595.0,8960487.8
2025-08-01 09:51:01 AM,1009.2,1,1009.2,8961497.0
2025-08-01 09:51:13 AM,1009.4,0,0.0,8961497.0
2025-08-01 09:51:14 AM,1009.4,2,2018.8,8963515.8
2025-08-01 09:51:24 AM,1010.0,51,51510.0,9015025.8
2025-08-01 09:51:28 AM,1009.0,0,0.0,9015025.8
2025-08-01 09:51:30 AM,1009.0,32,32288.0,9047313.8
2025-08-01 09:51:43 AM,1009.0,9,9081.0,9056394.8
2025-08-01 09:52:00 AM,1010.0,0,0.0,9056394.8
2025-08-01 09:52:01 AM,1010.0,184,185840.0,9242234.8
2025-08-01 09:52:26 AM,1009.0,0,0.0,9242234.8
2025-08-01 09:52:29 AM,1009.0,10,10090.0,9252324.8
2025-08-01 09:52:44 AM,1008.6,0,0.0,9252324.8
2025-08-01 09:52:44 AM,1008.6,20,20172.0,9272496.8
2025-08-01 09:52:59 AM,1008.0,0,0.0,9272496.8
2025-08-01 09:52:59 AM,1008.0,196,197568.0,9470064.8
2025-08-01 09:53:02 AM,1008.0,4,4032.0,9474096.8
2025-08-01 09:53:39 AM,1007.8,0,0.0,9474096.8
2025-08-01 09:53:40 AM,1007.8,55,55429.0,9529525.8
2025-08-01 09:53:59 AM,1005.5,20,20110.0,9549635.8
2025-08-01 09:54:00 AM,1005.2,0,0.0,9549635.8
2025-08-01 09:54:00 AM,1005.2,50,50260.0,9599895.8
2025-08-01 09:54:03 AM,1007.0,0,0.0,9599895.8
2025-08-01 09:54:05 AM,1007.0,258,259806.0,9859701.8
2025-08-01 09:54:11 AM,1007.0,116,116812.0,9976513.8
2025-08-01 09:54:17 AM,1007.0,438,441066.0,10417579.8
2025-08-01 09:54:24 AM,1007.0,797,802579.0,11220158.8
2025-08-01 09:54:46 AM,1005.0,0,0.0,11220158.8
2025-08-01 09:54:48 AM,1005.0,499,501495.0,11721653.8
2025-08-01 09:54:53 AM,1005.0,81,81405.0,11803058.8
2025-08-01 09:55:04 AM,1005.1,0,0.0,11803058.8
2025-08-01 09:55:05 AM,1005.1,15,15076.5,11818135.3
2025-08-01 09:55:07 AM,1004.4,0,0.0,11818135.3
2025-08-01 09:55:10 AM,1003.0,0,0.0,11818135.3
2025-08-01 09:55:11 AM,1003.0,186,186558.0,12004693.3
2025-08-01 09:55:29 AM,1003.3,1,1003.3,12005696.600000001
2025-08-01 09:55:53 AM,1003.1,5,5015.5,12010712.100000001
2025-08-01 09:56:04 AM,1004.5,0,0.0,12010712.100000001
2025-08-01 09:56:05 AM,1004.5,34,34153.0,12044865.100000001
2025-08-01 09:56:11 AM,1004.5,2,2009.0,12046874.100000001
2025-08-01 09:56:15 AM,1004.8,0,0.0,12046874.100000001
2025-08-01 09:56:17 AM,1004.8,34,34163.2,12081037.3
2025-08-01 09:56:21 AM,1004.9,0,0.0,12081037.3
2025-08-01 09:56:23 AM,1004.9,12,12058.8,12093096.100000001
2025-08-01 09:56:27 AM,1005.2,0,0.0,12093096.100000001
2025-08-01 09:56:29 AM,1005.2,50,50260.0,12143356.100000001
2025-08-01 09:56:35 AM,1005.2,34,34176.8,12177532.900000002
2025-08-01 09:56:39 AM,1005.0,0,0.0,12177532.900000002
2025-08-01 09:56:41 AM,1003.8,33,33125.4,12210658.300000003
2025-08-01 09:57:17 AM,1004.9,0,0.0,12210658.300000003
2025-08-01 09:57:17 AM,1004.9,1,1004.9,12211663.200000003
2025-08-01 09:57:36 AM,1003.8,30,30114.0,12241777.200000003
2025-08-01 09:57:38 AM,1004.5,0,0.0,12241777.200000003
2025-08-01 09:57:40 AM,1004.5,2,2009.0,12243786.200000003
2025-08-01 09:57:52 AM,1003.3,10,10033.0,12253819.200000003
2025-08-01 09:58:06 AM,1003.0,0,0.0,12253819.200000003
2025-08-01 09:58:07 AM,1003.0,106,106318.0,12360137.200000003
2025-08-01 09:58:19 AM,1003.0,1,1003.0,12361140.200000003
2025-08-01 09:58:25 AM,1002.1,100,100210.0,12461350.200000003
2025-08-01 09:58:29 AM,1002.9,2,2005.8,12463356.000000004
2025-08-01 09:58:41 AM,1003.0,34,34102.0,12497458.000000004
2025-08-01 09:58:44 AM,1002.1,137,137287.7,12634745.700000003
2025-08-01 09:59:12 AM,1003.5,0,0.0,12634745.700000003
2025-08-01 09:59:12 AM,1003.5,34,34119.0,12668864.700000003
2025-08-01 09:59:18 AM,1004.6,1,1004.6,12669869.300000003
2025-08-01 09:59:30 AM,1004.5,1,1004.5,12670873.800000003
2025-08-01 09:59:57 AM,1004.2,0,0.0,12670873.800000003
2025-08-01 09:59:58 AM,1004.2,19,19079.8,12689953.600000003
2025-08-01 10:00:20 AM,1004.0,12,12048.0,12702001.600000003
2025-08-01 10:00:33 AM,1004.2,100,100420.0,12802421.600000003
2025-08-01 10:01:08 AM,1003.0,50,50150.0,12852571.600000003
2025-08-01 10:01:33 AM,1004.1,1,1004.1,12853575.700000003
2025-08-01 10:01:39 AM,1004.1,1,1004.1,12854579.800000003
2025-08-01 10:01:53 AM,1003.2,25,25080.0,12879659.800000003
2025-08-01 10:01:58 AM,1004.7,10,10047.0,12889706.800000003
2025-08-01 10:02:16 AM,1003.0,0,0.0,12889706.800000003
2025-08-01 10:02:16 AM,1003.0,209,209627.0,13099333.800000003
2025-08-01 10:02:19 AM,1004.4,0,0.0,13099333.800000003
2025-08-01 10:02:23 AM,1004.9,0,0.0,13099333.800000003
2025-08-01 10:02:23 AM,1004.9,53,53259.7,13152593.500000002
2025-08-01 10:02:28 AM,1003.8,0,0.0,13152593.500000002
2025-08-01 10:02:29 AM,1003.8,2,2007.6,13154601.100000001
2025-08-01 10:02:43 AM,1005.1,5,5025.5,13159626.600000001
2025-08-01 10:04:10 AM,1005.1,26,26132.600000000002,13185759.200000001
2025-08-01 10:04:25 AM,1005.1,458,460335.8,13646095.000000002
2025-08-01 10:04:40 AM,1006.4,0,0.0,13646095.000000002
2025-08-01 10:04:42 AM,1006.4,7,7044.8,13653139.800000003
2025-08-01 10:05:06 AM,1006.3,0,0.0,13653139.800000003
2025-08-01 10:05:06 AM,1006.3,1,1006.3,13654146.100000003
2025-08-01 10:05:12 AM,1006.0,0,0.0,13654146.100000003
2025-08-01 10:05:13 AM,1006.0,100,100600.0,13754746.100000003
2025-08-01 10:05:21 AM,1006.3,35,35220.5,13789966.600000003
2025-08-01 10:05:23 AM,1005.5,0,0.0,13789966.600000003
2025-08-01 10:05:25 AM,1005.5,5,5027.5,13794994.100000003
2025-08-01 10:05:51 AM,1006.5,2,2013.0,13797007.100000003
2025-08-01 10:05:57 AM,1006.4,1,1006.4,13798013.500000004
2025-08-01 10:06:09 AM,1005.2,25,25130.0,13823143.500000004
2025-08-01 10:06:13 AM,1005.0,42,42210.0,13865353.500000004
2025-08-01 10:06:33 AM,1003.6,0,0.0,13865353.500000004
2025-08-01 10:06:33 AM,1003.6,65,65234.0,13930587.500000004
2025-08-01 10:06:42 AM,1003.5,0,0.0,13930587.500000004
2025-08-01 10:06:43 AM,1003.5,12,12042.0,13942629.500000004
2025-08-01 10:07:34 AM,1004.6,0,0.0,13942629.500000004
2025-08-01 10:07:34 AM,1004.6,1,1004.6,13943634.100000003
2025-08-01 10:07:44 AM,1003.6,0,0.0,13943634.100000003
2025-08-01 10:07:44 AM,1003.6,2,2007.2,13945641.300000003
2025-08-01 10:07:57 AM,1003.0,184,184552.0,14130193.300000003
2025-08-01 10:08:03 AM,1002.5,0,0.0,14130193.300000003
2025-08-01 10:08:03 AM,1002.5,40,40100.0,14170293.300000003
2025-08-01 10:08:19 AM,1002.3,0,0.0,14170293.300000003
2025-08-01 10:08:21 AM,1002.7,0,0.0,14170293.300000003
2025-08-01 10:08:22 AM,1002.7,4,4010.8,14174304.100000003
2025-08-01 10:08:27 AM,1003.6,0,0.0,14174304.100000003
2025-08-01 10:08:28 AM,1003.6,30,30108.0,14204412.100000003
2025-08-01 10:10:13 AM,1002.4,0,0.0,14204412.100000003
2025-08-01 10:10:13 AM,1002.4,21,21050.399999999998,14225462.500000004
2025-08-01 10:10:19 AM,1000.5,0,0.0,14225462.500000004
2025-08-01 10:10:19 AM,1000.5,561,561280.5,14786743.000000004
2025-08-01 10:10:20 AM,1001.6,0,0.0,14786743.000000004
2025-08-01 10:10:21 AM,1001.6,17,17027.2,14803770.200000003
2025-08-01 10:10:27 AM,1000.2,0,0.0,14803770.200000003
2025-08-01 10:10:27 AM,1000.2,1,1000.2,14804770.400000002
2025-08-01 10:10:30 AM,1001.2,0,0.0,14804770.400000002
2025-08-01 10:10:31 AM,1001.2,100,100120.0,14904890.400000002
2025-08-01 10:10:36 AM,1000.9,0,0.0,14904890.400000002
2025-08-01 10:10:37 AM,1000.9,50,50045.0,14954935.400000002
2025-08-01 10:10:49 AM,1000.1,52,52005.200000000004,15006940.600000001
2025-08-01 10:10:51 AM,1000.1,3,3000.3,15009940.900000002
2025-08-01 10:11:01 AM,999.0,604,603396.0,15613336.900000002
2025-08-01 10:11:02 AM,1000.0,171,171000.0,15784336.900000002
2025-08-01 10:11:07 AM,1000.0,75,75000.0,15859336.900000002
2025-08-01 10:11:33 AM,999.6,0,0.0,15859336.900000002
2025-08-01 10:11:36 AM,999.6,100,99960.0,15959296.900000002
2025-08-01 10:11:51 AM,1002.3,0,0.0,15959296.900000002
2025-08-01 10:11:53 AM,1002.3,100,100230.0,16059526.900000002
2025-08-01 10:12:21 AM,1002.1,0,0.0,16059526.900000002
2025-08-01 10:12:23 AM,1002.1,1,1002.1,16060529.000000002
2025-08-01 10:12:45 AM,1002.5,0,0.0,16060529.000000002
2025-08-01 10:12:46 AM,1002.5,2,2005.0,16062534.000000002
2025-08-01 10:12:48 AM,1001.3,0,0.0,16062534.000000002
2025-08-01 10:12:52 AM,1001.3,1,1001.3,16063535.300000003
2025-08-01 10:13:39 AM,1002.1,50,50105.0,16113640.300000003
2025-08-01 10:13:45 AM,1002.3,15,15034.5,16128674.800000003
2025-08-01 10:14:14 AM,1002.5,100,100250.0,16228924.800000003
2025-08-01 10:14:18 AM,1002.3,0,0.0,16228924.800000003
2025-08-01 10:14:20 AM,1002.3,1,1002.3,16229927.100000003
2025-08-01 10:14:33 AM,1002.4,0,0.0,16229927.100000003
2025-08-01 10:14:37 AM,1002.4,1,1002.4,16230929.500000004
2025-08-01 10:14:48 AM,1000.7,11,11007.7,16241937.200000003
2025-08-01 10:15:24 AM,1002.2,1,1002.2,16242939.400000002
2025-08-01 10:15:33 AM,1000.8,0,0.0,16242939.400000002
2025-08-01 10:15:36 AM,1000.8,65,65052.0,16307991.400000002
2025-08-01 10:15:41 AM,1002.3,0,0.0,16307991.400000002
2025-08-01 10:15:42 AM,1002.3,2,2004.6,16309996.000000002
2025-08-01 10:16:15 AM,1002.5,0,0.0,16309996.000000002
2025-08-01 10:16:17 AM,1002.5,9,9022.5,16319018.500000002
2025-08-01 10:16:51 AM,1002.5,25,25062.5,16344081.000000002
2025-08-01 10:17:02 AM,1002.5,4,4010.0,16348091.000000002
2025-08-01 10:17:30 AM,1002.0,0,0.0,16348091.000000002
2025-08-01 10:17:31 AM,1002.0,2,2004.0,16350095.000000002
2025-08-01 10:17:33 AM,1002.5,0,0.0,16350095.000000002
2025-08-01 10:17:37 AM,1002.5,2,2005.0,16352100.000000002
2025-08-01 10:17:51 AM,1002.1,0,0.0,16352100.000000002
2025-08-01 10:17:54 AM,1002.1,7,7014.7,16359114.700000001
2025-08-01 10:18:47 AM,1002.1,7,7014.7,16366129.4
2025-08-01 10:18:47 AM,1002.1,1,1002.1,16367131.5
2025-08-01 10:18:52 AM,1002.1,5,5010.5,16372142.0
2025-08-01 10:19:15 AM,1000.8,90,90072.0,16462214.0
2025-08-01 10:19:31 AM,1000.9,0,0.0,16462214.0
2025-08-01 10:19:32 AM,1000.9,9,9008.1,16471222.1
2025-08-01 10:20:00 AM,1001.0,10,10010.0,16481232.1
2025-08-01 10:20:11 AM,1001.0,1,1001.0,16482233.1
2025-08-01 10:20:22 AM,1001.9,0,0.0,16482233.1
2025-08-01 10:20:23 AM,1001.9,1,1001.9,16483235.0
2025-08-01 10:20:58 AM,1002.4,0,0.0,16483235.0
2025-08-01 10:20:59 AM,1002.4,14,14033.6,16497268.6
2025-08-01 10:21:01 AM,1001.0,0,0.0,16497268.6
2025-08-01 10:21:01 AM,1001.0,96,96096.0,16593364.6
2025-08-01 10:21:23 AM,1001.5,0,0.0,16593364.6
2025-08-01 10:21:23 AM,1001.5,83,83124.5,16676489.1
2025-08-01 10:21:24 AM,1002.2,0,0.0,16676489.1
2025-08-01 10:21:27 AM,1002.2,20,20044.0,16696533.1
2025-08-01 10:22:00 AM,1001.4,0,0.0,16696533.1
2025-08-01 10:22:00 AM,1003.4,100,100340.0,16796873.1
2025-08-01 10:22:17 AM,1003.4,318,319081.2,17115954.3
2025-08-01 10:23:02 AM,1003.7,2,2007.4,17117961.7
2025-08-01 10:23:19 AM,1002.2,46,46101.200000000004,17164062.9
2025-08-01 10:23:20 AM,1002.1,0,0.0,17164062.9
2025-08-01 10:23:22 AM,1003.8,73,73277.4,17237340.299999997
2025-08-01 10:23:25 AM,1003.1,24,24074.4,17261414.699999996
2025-08-01 10:23:36 AM,1003.8,0,0.0,17261414.699999996
2025-08-01 10:23:36 AM,1003.8,1,1003.8,17262418.499999996
2025-08-01 10:23:51 AM,1002.6,225,225585.0,17488003.499999996
2025-08-01 10:24:29 AM,1003.4,34,34115.6,17522119.099999998
2025-08-01 10:24:31 AM,1003.4,333,334132.2,17856251.299999997
2025-08-01 10:24:54 AM,1003.0,0,0.0,17856251.299999997
2025-08-01 10:24:56 AM,1003.0,3,3009.0,17859260.299999997
2025-08-01 10:25:00 AM,1001.9,0,0.0,17859260.299999997
2025-08-01 10:25:02 AM,1001.9,1,1001.9,17860262.199999996
2025-08-01 10:25:37 AM,1001.2,20,20024.0,17880286.199999996
2025-08-01 10:26:06 AM,1001.2,2,2002.4,17882288.599999994
2025-08-01 10:26:31 AM,1002.8,0,0.0,17882288.599999994
2025-08-01 10:26:32 AM,1002.8,5,5014.0,17887302.599999994
2025-08-01 10:26:37 AM,1002.9,0,0.0,17887302.599999994
2025-08-01 10:26:38 AM,1002.9,10,10029.0,17897331.599999994
2025-08-01 10:26:40 AM,1003.5,0,0.0,17897331.599999994
2025-08-01 10:26:41 AM,1003.5,40,40140.0,17937471.599999994
2025-08-01 10:26:57 AM,1003.9,0,0.0,17937471.599999994
2025-08-01 10:26:58 AM,1003.9,50,50195.0,17987666.599999994
2025-08-01 10:27:13 AM,1003.7,3,3011.1000000000004,17990677.699999996
2025-08-01 10:28:23 AM,1002.3,0,0.0,17990677.699999996
2025-08-01 10:28:23 AM,1002.3,56,56128.799999999996,18046806.499999996
2025-08-01 10:28:57 AM,1002.5,1,1002.5,18047808.999999996
2025-08-01 10:29:30 AM,1003.8,0,0.0,18047808.999999996
2025-08-01 10:29:30 AM,1003.8,500,501900.0,18549708.999999996
2025-08-01 10:30:12 AM,1003.7,4,4014.8,18553723.799999997
2025-08-01 10:30:43 AM,1003.7,10,10037.0,18563760.799999997
2025-08-01 10:30:47 AM,1003.5,10,10035.0,18573795.799999997
2025-08-01 10:31:09 AM,1003.0,0,0.0,18573795.799999997
2025-08-01 10:31:10 AM,1003.0,50,50150.0,18623945.799999997
2025-08-01 10:31:15 AM,1002.5,0,0.0,18623945.799999997
2025-08-01 10:31:15 AM,1002.5,6,6015.0,18629960.799999997
2025-08-01 10:31:24 AM,1001.0,246,246246.0,18876206.799999997
2025-08-01 10:31:38 AM,1001.0,50,50050.0,18926256.799999997
2025-08-01 10:32:01 AM,1002.5,55,55137.5,18981394.299999997
2025-08-01 10:32:15 AM,1003.3,1,1003.3,18982397.599999998
2025-08-01 10:32:25 AM,1003.3,1,1003.3,18983400.9
2025-08-01 10:32:57 AM,1002.2,0,0.0,18983400.9
2025-08-01 10:32:58 AM,1002.2,5,5011.0,18988411.9
2025-08-01 10:33:12 AM,1003.6,0,0.0,18988411.9
2025-08-01 10:33:12 AM,1003.6,12,12043.2,19000455.099999998
2025-08-01 10:34:19 AM,1003.6,10,10036.0,19010491.099999998
2025-08-01 10:34:42 AM,1003.6,5,5018.0,19015509.099999998
2025-08-01 10:35:04 AM,1003.6,1,1003.6,19016512.7
2025-08-01 10:35:33 AM,1003.6,9,9032.4,19025545.099999998
2025-08-01 10:35:52 AM,1003.5,0,0.0,19025545.099999998
2025-08-01 10:35:52 AM,1003.5,9,9031.5,19034576.599999998
2025-08-01 10:35:54 AM,1003.1,0,0.0,19034576.599999998
2025-08-01 10:35:55 AM,1003.1,58,58179.8,19092756.4
2025-08-01 10:36:01 AM,1002.0,75,75150.0,19167906.4
2025-08-01 10:36:12 AM,1002.0,21,21042.0,19188948.4
2025-08-01 10:36:36 AM,1002.3,0,0.0,19188948.4
2025-08-01 10:36:36 AM,1002.3,7,7016.099999999999,19195964.5
2025-08-01 10:36:42 AM,1001.5,5,5007.5,19200972.0
2025-08-01 10:37:16 AM,1002.0,0,0.0,19200972.0
2025-08-01 10:37:18 AM,1002.0,1,1002.0,19201974.0
2025-08-01 10:37:52 AM,1003.1,0,0.0,19201974.0
2025-08-01 10:37:54 AM,1003.1,1,1003.1,19202977.1
2025-08-01 10:38:14 AM,1001.6,0,0.0,19202977.1
2025-08-01 10:38:15 AM,1001.6,50,50080.0,19253057.1
2025-08-01 10:38:55 AM,1003.1,0,0.0,19253057.1
2025-08-01 10:38:56 AM,1003.1,50,50155.0,19303212.1
2025-08-01 10:39:06 AM,1002.1,0,0.0,19303212.1
2025-08-01 10:39:07 AM,1002.1,10,10021.0,19313233.1
2025-08-01 10:39:21 AM,1001.3,0,0.0,19313233.1
2025-08-01 10:39:21 AM,1001.3,425,425552.5,19738785.6
2025-08-01 10:39:24 AM,1001.0,0,0.0,19738785.6
2025-08-01 10:39:24 AM,1001.0,90,90090.0,19828875.6
2025-08-01 10:40:19 AM,1001.6,0,0.0,19828875.6
2025-08-01 10:40:20 AM,1001.6,10,10016.0,19838891.6
2025-08-01 10:40:39 AM,1000.5,0,0.0,19838891.6
2025-08-01 10:40:39 AM,1000.5,41,41020.5,19879912.1
2025-08-01 10:40:42 AM,1000.0,0,0.0,19879912.1
2025-08-01 10:40:42 AM,1000.0,394,394000.0,20273912.1
2025-08-01 10:40:42 AM,1001.7,0,0.0,20273912.1
2025-08-01 10:40:45 AM,1001.7,95,95161.5,20369073.6
2025-08-01 10:41:23 AM,1001.7,1,1001.7,20370075.3
2025-08-01 10:41:30 AM,1001.1,0,0.0,20370075.3
2025-08-01 10:41:33 AM,1001.1,1,1001.1,20371076.400000002
2025-08-01 10:41:37 AM,1001.7,0,0.0,20371076.400000002
2025-08-01 10:41:38 AM,1001.7,41,41069.700000000004,20412146.1
2025-08-01 10:41:41 AM,1003.1,0,0.0,20412146.1
2025-08-01 10:41:44 AM,1001.8,0,0.0,20412146.1
2025-08-01 10:41:44 AM,1001.8,1195,1197151.0,21609297.1
2025-08-01 10:41:47 AM,1001.9,0,0.0,21609297.1
2025-08-01 10:41:49 AM,1001.9,44,44083.6,21653380.700000003
2025-08-01 10:42:11 AM,1002.9,5,5014.5,21658395.200000003
2025-08-01 10:42:33 AM,1002.0,100,100200.0,21758595.200000003
2025-08-01 10:42:44 AM,1001.8,5,5009.0,21763604.200000003
2025-08-01 10:43:03 AM,1003.1,0,0.0,21763604.200000003
2025-08-01 10:43:03 AM,1003.1,1,1003.1,21764607.300000004
2025-08-01 10:43:06 AM,1001.1,0,0.0,21764607.300000004
2025-08-01 10:43:06 AM,1001.1,300,300330.0,22064937.300000004
2025-08-01 10:44:27 AM,1002.9,0,0.0,22064937.300000004
2025-08-01 10:44:29 AM,1002.9,17,17049.3,22081986.600000005
2025-08-01 10:44:32 AM,1002.8,5,5014.0,22087000.600000005
2025-08-01 10:44:50 AM,1002.8,10,10028.0,22097028.600000005
2025-08-01 10:44:58 AM,1002.8,1,1002.8,22098031.400000006
2025-08-01 10:45:01 AM,1002.8,1,1002.8,22099034.200000007
2025-08-01 10:45:28 AM,1002.4,0,0.0,22099034.200000007
2025-08-01 10:45:29 AM,1002.4,6,6014.4,22105048.600000005
2025-08-01 10:45:39 AM,1002.0,0,0.0,22105048.600000005
2025-08-01 10:45:39 AM,1002.0,40,40080.0,22145128.600000005
2025-08-01 10:46:04 AM,1002.0,50,50100.0,22195228.600000005
2025-08-01 10:47:07 AM,1001.1,0,0.0,22195228.600000005
2025-08-01 10:47:07 AM,1001.1,10,10011.0,22205239.600000005
2025-08-01 10:47:29 AM,1001.0,82,82082.0,22287321.600000005
2025-08-01 10:47:35 AM,1001.0,402,402402.0,22689723.600000005
2025-08-01 10:47:38 AM,1001.0,150,150150.0,22839873.600000005
2025-08-01 10:47:40 AM,1001.0,457,457457.0,23297330.600000005
2025-08-01 10:47:45 AM,1001.0,346,346346.0,23643676.600000005
2025-08-01 10:47:49 AM,1000.1,1,1000.1,23644676.700000007
2025-08-01 10:47:51 AM,999.0,177,176823.0,23821499.700000007
2025-08-01 10:47:58 AM,999.1,0,0.0,23821499.700000007
2025-08-01 10:47:59 AM,999.1,5,4995.5,23826495.200000007
2025-08-01 10:48:15 AM,999.1,1,999.1,23827494.30000001
2025-08-01 10:48:58 AM,999.2,0,0.0,23827494.30000001
2025-08-01 10:48:59 AM,999.2,8,7993.6,23835487.90000001
2025-08-01 10:49:05 AM,999.2,11,10991.2,23846479.10000001
2025-08-01 10:49:07 AM,1000.1,29,29002.9,23875482.000000007
2025-08-01 10:49:21 AM,999.1,0,0.0,23875482.000000007
2025-08-01 10:49:21 AM,999.1,16,15985.6,23891467.60000001
2025-08-01 10:49:29 AM,999.0,0,0.0,23891467.60000001
2025-08-01 10:49:32 AM,999.0,683,682317.0,24573784.60000001
2025-08-01 10:49:43 AM,999.0,431,430569.0,25004353.60000001
2025-08-01 10:49:43 AM,1000.6,0,0.0,25004353.60000001
2025-08-01 10:49:44 AM,1000.6,101,101060.6,25105414.20000001
2025-08-01 10:49:49 AM,1005.0,1407,1414035.0,26519449.20000001
2025-08-01 10:49:53 AM,1005.1,0,0.0,26519449.20000001
2025-08-01 10:49:53 AM,1005.1,35,35178.5,26554627.70000001
2025-08-01 10:50:11 AM,1005.1,20,20102.0,26574729.70000001
2025-08-01 10:50:49 AM,1006.0,0,0.0,26574729.70000001
2025-08-01 10:50:49 AM,1006.0,190,191140.0,26765869.70000001
2025-08-01 10:50:56 AM,1004.9,0,0.0,26765869.70000001
2025-08-01 10:51:01 AM,1004.9,1,1004.9,26766874.60000001
2025-08-01 10:51:14 AM,1008.9,0,0.0,26766874.60000001
2025-08-01 10:51:16 AM,1008.1,0,0.0,26766874.60000001
2025-08-01 10:51:18 AM,1008.1,265,267146.5,27034021.10000001
2025-08-01 10:51:28 AM,1009.3,0,0.0,27034021.10000001
2025-08-01 10:51:28 AM,1009.3,100,100930.0,27134951.10000001
2025-08-01 10:51:30 AM,1006.2,0,0.0,27134951.10000001
2025-08-01 10:51:34 AM,1006.2,304,305884.8,27440835.90000001
2025-08-01 10:51:39 AM,1004.3,1672,1679189.5999999999,29120025.50000001
2025-08-01 10:51:54 AM,1004.0,0,0.0,29120025.50000001
2025-08-01 10:51:55 AM,1004.0,46,46184.0,29166209.50000001
2025-08-01 10:52:10 AM,1004.7,0,0.0,29166209.50000001
2025-08-01 10:52:11 AM,1004.7,32,32150.4,29198359.90000001
2025-08-01 10:52:22 AM,1004.6,56,56257.6,29254617.50000001
2025-08-01 10:52:33 AM,1008.6,260,262236.0,29516853.50000001
2025-08-01 10:52:36 AM,1006.1,0,0.0,29516853.50000001
2025-08-01 10:52:38 AM,1006.1,1,1006.1,29517859.600000013
2025-08-01 10:52:43 AM,1006.0,0,0.0,29517859.600000013
2025-08-01 10:52:44 AM,1006.0,1,1006.0,29518865.600000013
2025-08-01 10:53:20 AM,1003.9,0,0.0,29518865.600000013
2025-08-01 10:53:21 AM,1003.9,102,102397.8,29621263.400000013
2025-08-01 10:53:22 AM,1004.2,0,0.0,29621263.400000013
2025-08-01 10:53:22 AM,1004.2,1,1004.2,29622267.600000013
2025-08-01 10:54:00 AM,1003.8,0,0.0,29622267.600000013
2025-08-01 10:54:03 AM,1003.8,5,5019.0,29627286.600000013
2025-08-01 10:54:38 AM,1003.5,0,0.0,29627286.600000013
2025-08-01 10:54:40 AM,1002.0,0,0.0,29627286.600000013
2025-08-01 10:54:41 AM,1002.0,166,166332.0,29793618.600000013
2025-08-01 10:55:30 AM,1001.1,2,2002.2,29795620.800000012
2025-08-01 10:55:34 AM,1001.0,0,0.0,29795620.800000012
2025-08-01 10:55:35 AM,1001.0,26,26026.0,29821646.800000012
2025-08-01 10:55:46 AM,1000.0,35,35000.0,29856646.800000012
2025-08-01 10:55:51 AM,1000.0,84,84000.0,29940646.800000012
2025-08-01 10:56:52 AM,1000.1,0,0.0,29940646.800000012
2025-08-01 10:56:54 AM,1000.1,1,1000.1,29941646.900000013
2025-08-01 10:56:55 AM,999.8,13,12997.4,29954644.300000012
2025-08-01 10:57:08 AM,1000.8,0,0.0,29954644.300000012
2025-08-01 10:57:09 AM,1000.8,14,14011.199999999999,29968655.50000001
2025-08-01 10:57:14 AM,1000.9,0,0.0,29968655.50000001
2025-08-01 10:57:14 AM,1000.9,31,31027.899999999998,29999683.40000001
2025-08-01 10:57:36 AM,1001.7,0,0.0,29999683.40000001
2025-08-01 10:57:36 AM,1001.7,2,2003.4,30001686.80000001
2025-08-01 10:57:46 AM,1000.7,0,0.0,30001686.80000001
2025-08-01 10:57:47 AM,1000.7,25,25017.5,30026704.30000001
2025-08-01 10:58:22 AM,1000.9,0,0.0,30026704.30000001
2025-08-01 10:58:24 AM,1000.9,7,7006.3,30033710.60000001
2025-08-01 10:59:06 AM,1001.7,0,0.0,30033710.60000001
2025-08-01 10:59:07 AM,1001.7,3,3005.1000000000004,30036715.70000001
2025-08-01 10:59:32 AM,1001.7,40,40068.0,30076783.70000001
2025-08-01 11:00:12 AM,1001.7,50,50085.0,30126868.70000001
2025-08-01 11:00:35 AM,1000.7,0,0.0,30126868.70000001
2025-08-01 11:00:39 AM,1000.7,10,10007.0,30136875.70000001
2025-08-01 11:01:00 AM,1001.7,5,5008.5,30141884.20000001
2025-08-01 11:01:51 AM,1002.1,0,0.0,30141884.20000001
2025-08-01 11:01:52 AM,1002.1,18,18037.8,30159922.00000001
2025-08-01 11:02:14 AM,1003.4,6,6020.4,30165942.40000001
2025-08-01 11:02:39 AM,1003.2,0,0.0,30165942.40000001
2025-08-01 11:02:41 AM,1003.2,1,1003.2,30166945.60000001
2025-08-01 11:02:51 AM,1001.7,0,0.0,30166945.60000001
2025-08-01 11:02:52 AM,1001.7,6,6010.200000000001,30172955.80000001
2025-08-01 11:02:55 AM,1001.5,0,0.0,30172955.80000001
2025-08-01 11:02:57 AM,1001.5,480,480720.0,30653675.80000001
2025-08-01 11:03:27 AM,1000.2,0,0.0,30653675.80000001
2025-08-01 11:03:27 AM,1000.2,7,7001.400000000001,30660677.200000007
2025-08-01 11:04:32 AM,1000.1,4,4000.4,30664677.600000005
2025-08-01 11:04:51 AM,1001.7,0,0.0,30664677.600000005
2025-08-01 11:04:51 AM,1001.7,53,53090.100000000006,30717767.700000007
2025-08-01 11:05:06 AM,1002.0,0,0.0,30717767.700000007
2025-08-01 11:05:08 AM,1002.0,2,2004.0,30719771.700000007
2025-08-01 11:05:30 AM,1002.0,4,4008.0,30723779.700000007
2025-08-01 11:07:38 AM,1001.4,1,1001.4,30724781.100000005
2025-08-01 11:08:17 AM,1000.8,0,0.0,30724781.100000005
2025-08-01 11:08:19 AM,1000.8,2,2001.6,30726782.700000007
2025-08-01 11:08:56 AM,1000.8,2,2001.6,30728784.30000001
2025-08-01 11:08:58 AM,999.8,0,0.0,30728784.30000001
2025-08-01 11:08:59 AM,999.8,509,508898.19999999995,31237682.500000007
2025-08-01 11:09:00 AM,999.0,0,0.0,31237682.500000007
2025-08-01 11:09:01 AM,999.0,139,138861.0,31376543.500000007
2025-08-01 11:09:14 AM,998.9,57,56937.299999999996,31433480.80000001
2025-08-01 11:09:32 AM,999.5,0,0.0,31433480.80000001
2025-08-01 11:09:33 AM,999.5,50,49975.0,31483455.80000001
2025-08-01 11:09:43 AM,998.3,17,16971.1,31500426.90000001
2025-08-01 11:09:52 AM,999.5,10,9995.0,31510421.90000001
2025-08-01 11:09:56 AM,998.1,0,0.0,31510421.90000001
2025-08-01 11:09:57 AM,998.1,90,89829.0,31600250.90000001
2025-08-01 11:10:18 AM,999.0,0,0.0,31600250.90000001
2025-08-01 11:10:18 AM,999.0,20,19980.0,31620230.90000001
2025-08-01 11:10:26 AM,998.9,0,0.0,31620230.90000001
2025-08-01 11:10:29 AM,998.9,2,1997.8,31622228.70000001
2025-08-01 11:10:51 AM,998.9,6,5993.4,31628222.10000001
2025-08-01 11:11:09 AM,998.0,70,69860.0,31698082.10000001
2025-08-01 11:11:12 AM,998.9,0,0.0,31698082.10000001
2025-08-01 11:11:13 AM,998.9,2,1997.8,31700079.90000001
2025-08-01 11:11:35 AM,998.9,1,998.9,31701078.80000001
2025-08-01 11:11:44 AM,999.6,0,0.0,31701078.80000001
2025-08-01 11:11:44 AM,998.9,0,0.0,31701078.80000001
2025-08-01 11:11:46 AM,998.9,35,34961.5,31736040.30000001
2025-08-01 11:11:47 AM,998.9,6,5993.4,31742033.700000007
2025-08-01 11:12:18 AM,999.1,20,19982.0,31762015.700000007
2025-08-01 11:12:32 AM,999.7,0,0.0,31762015.700000007
2025-08-01 11:12:34 AM,999.7,3,2999.1000000000004,31765014.80000001
2025-08-01 11:12:38 AM,999.6,0,0.0,31765014.80000001
2025-08-01 11:12:39 AM,999.6,48,47980.8,31812995.60000001
2025-08-01 11:13:22 AM,999.8,5,4999.0,31817994.60000001
2025-08-01 11:13:27 AM,1001.5,125,125187.5,31943182.10000001
2025-08-01 11:14:05 AM,1001.5,25,25037.5,31968219.60000001
2025-08-01 11:14:06 AM,999.4,65,64961.0,32033180.60000001
2025-08-01 11:14:35 AM,999.0,0,0.0,32033180.60000001
2025-08-01 11:14:37 AM,999.0,20,19980.0,32053160.60000001
2025-08-01 11:14:42 AM,998.9,35,34961.5,32088122.10000001
2025-08-01 11:15:00 AM,1000.6,50,50030.0,32138152.10000001
2025-08-01 11:15:19 AM,1000.4,0,0.0,32138152.10000001
2025-08-01 11:15:20 AM,1000.4,15,15006.0,32153158.10000001
2025-08-01 11:15:43 AM,1000.3,0,0.0,32153158.10000001
2025-08-01 11:15:47 AM,1000.3,12,12003.599999999999,32165161.70000001
2025-08-01 11:15:49 AM,999.3,0,0.0,32165161.70000001
2025-08-01 11:15:52 AM,999.3,12,11991.599999999999,32177153.300000012
2025-08-01 11:15:55 AM,998.7,0,0.0,32177153.300000012
2025-08-01 11:15:56 AM,998.7,4,3994.8,32181148.100000013
2025-08-01 11:16:33 AM,998.3,0,0.0,32181148.100000013
2025-08-01 11:16:34 AM,998.3,15,14974.5,32196122.600000013
2025-08-01 11:17:27 AM,998.3,18,17969.399999999998,32214092.00000001
2025-08-01 11:17:34 AM,998.3,101,100828.29999999999,32314920.300000012
2025-08-01 11:17:49 AM,999.2,0,0.0,32314920.300000012
2025-08-01 11:17:50 AM,999.2,1,999.2,32315919.50000001
2025-08-01 11:17:53 AM,999.2,150,149880.0,32465799.50000001
2025-08-01 11:18:05 AM,999.3,0,0.0,32465799.50000001
2025-08-01 11:18:06 AM,999.3,2,1998.6,32467798.100000013
2025-08-01 11:18:11 AM,999.7,0,0.0,32467798.100000013
2025-08-01 11:18:11 AM,999.7,5,4998.5,32472796.600000013
2025-08-01 11:18:55 AM,999.9,0,0.0,32472796.600000013
2025-08-01 11:18:55 AM,999.9,7,6999.3,32479795.900000013
2025-08-01 11:19:05 AM,998.8,0,0.0,32479795.900000013
2025-08-01 11:19:06 AM,998.8,2,1997.6,32481793.500000015
2025-08-01 11:19:08 AM,998.3,0,0.0,32481793.500000015
2025-08-01 11:19:12 AM,998.2,54,53902.8,32535696.300000016
2025-08-01 11:19:14 AM,998.0,0,0.0,32535696.300000016
2025-08-01 11:19:18 AM,998.0,102,101796.0,32637492.300000016
2025-08-01 11:19:34 AM,998.0,1,998.0,32638490.300000016
2025-08-01 11:19:48 AM,998.7,0,0.0,32638490.300000016
2025-08-01 11:19:50 AM,998.7,10,9987.0,32648477.300000016
2025-08-01 11:20:06 AM,998.0,0,0.0,32648477.300000016
2025-08-01 11:20:06 AM,998.0,31,30938.0,32679415.300000016
2025-08-01 11:20:36 AM,998.7,0,0.0,32679415.300000016
2025-08-01 11:20:38 AM,998.7,1,998.7,32680414.000000015
2025-08-01 11:20:48 AM,998.7,4,3994.8,32684408.800000016
2025-08-01 11:20:52 AM,998.0,0,0.0,32684408.800000016
2025-08-01 11:20:53 AM,998.0,4,3992.0,32688400.800000016
2025-08-01 11:21:04 AM,998.7,10,9987.0,32698387.800000016
2025-08-01 11:21:14 AM,998.7,1,998.7,32699386.500000015
2025-08-01 11:21:30 AM,998.7,3,2996.1000000000004,32702382.600000016
2025-08-01 11:21:41 AM,998.7,1,998.7,32703381.300000016
2025-08-01 11:21:50 AM,998.7,1,998.7,32704380.000000015
2025-08-01 11:22:33 AM,998.7,1,998.7,32705378.700000014
2025-08-01 11:22:38 AM,998.7,7,6990.900000000001,32712369.600000013
2025-08-01 11:23:04 AM,998.7,12,11984.400000000001,32724354.00000001
2025-08-01 11:23:10 AM,998.7,5,4993.5,32729347.50000001
2025-08-01 11:23:15 AM,998.7,1,998.7,32730346.20000001
2025-08-01 11:23:16 AM,998.0,0,0.0,32730346.20000001
2025-08-01 11:23:21 AM,998.0,106,105788.0,32836134.20000001
2025-08-01 11:24:17 AM,998.7,0,0.0,32836134.20000001
2025-08-01 11:24:20 AM,998.4,0,0.0,32836134.20000001
2025-08-01 11:24:22 AM,998.4,21,20966.399999999998,32857100.60000001
2025-08-01 11:25:46 AM,1000.8,0,0.0,32857100.60000001
2025-08-01 11:25:46 AM,1000.8,25,25020.0,32882120.60000001
2025-08-01 11:25:50 AM,999.0,0,0.0,32882120.60000001
2025-08-01 11:25:51 AM,999.0,50,49950.0,32932070.60000001
2025-08-01 11:26:02 AM,998.7,20,19974.0,32952044.60000001
2025-08-01 11:26:34 AM,999.9,0,0.0,32952044.60000001
2025-08-01 11:26:37 AM,999.9,2,1999.8,32954044.40000001
2025-08-01 11:26:38 AM,999.0,11,10989.0,32965033.40000001
2025-08-01 11:26:44 AM,998.5,0,0.0,32965033.40000001
2025-08-01 11:26:47 AM,998.5,50,49925.0,33014958.40000001
2025-08-01 11:27:42 AM,998.1,0,0.0,33014958.40000001
2025-08-01 11:27:43 AM,998.1,16,15969.6,33030928.00000001
2025-08-01 11:27:51 AM,997.0,0,0.0,33030928.00000001
2025-08-01 11:27:54 AM,997.0,718,715846.0,33746774.000000015
2025-08-01 11:27:58 AM,996.3,0,0.0,33746774.000000015
2025-08-01 11:27:59 AM,996.3,58,57785.399999999994,33804559.40000001
2025-08-01 11:28:25 AM,996.3,5,4981.5,33809540.90000001
2025-08-01 11:28:30 AM,995.0,150,149250.0,33958790.90000001
2025-08-01 11:28:32 AM,995.0,100,99500.0,34058290.90000001
2025-08-01 11:28:38 AM,995.1,0,0.0,34058290.90000001
2025-08-01 11:28:40 AM,995.1,2,1990.2,34060281.10000002
2025-08-01 11:28:45 AM,995.0,50,49750.0,34110031.10000002
2025-08-01 11:28:47 AM,995.5,552,549516.0,34659547.10000002
2025-08-01 11:28:50 AM,995.5,2,1991.0,34661538.10000002
2025-08-01 11:28:53 AM,996.0,0,0.0,34661538.10000002
2025-08-01 11:28:55 AM,996.0,12,11952.0,34673490.10000002
2025-08-01 11:28:58 AM,997.5,0,0.0,34673490.10000002
2025-08-01 11:29:00 AM,997.5,261,260347.5,34933837.60000002
2025-08-01 11:29:22 AM,997.5,5,4987.5,34938825.10000002
2025-08-01 11:30:03 AM,997.9,8,7983.2,34946808.30000002
2025-08-01 11:30:05 AM,997.5,0,0.0,34946808.30000002
2025-08-01 11:30:05 AM,997.5,215,214462.5,35161270.80000002
2025-08-01 11:30:07 AM,998.1,0,0.0,35161270.80000002
2025-08-01 11:30:08 AM,998.1,5,4990.5,35166261.30000002
2025-08-01 11:30:14 AM,998.1,2,1996.2,35168257.50000002
2025-08-01 11:30:29 AM,998.1,10,9981.0,35178238.50000002
2025-08-01 11:30:33 AM,997.3,0,0.0,35178238.50000002
2025-08-01 11:30:34 AM,997.3,79,78786.7,35257025.200000025
2025-08-01 11:30:51 AM,996.2,32,31878.4,35288903.600000024
2025-08-01 11:31:19 AM,996.0,50,49800.0,35338703.600000024
2025-08-01 11:31:33 AM,996.0,100,99600.0,35438303.600000024
2025-08-01 11:31:38 AM,996.0,140,139440.0,35577743.600000024
2025-08-01 11:31:39 AM,997.0,0,0.0,35577743.600000024
2025-08-01 11:31:39 AM,997.0,2,1994.0,35579737.600000024
2025-08-01 11:31:57 AM,997.0,1,997.0,35580734.600000024
2025-08-01 11:32:11 AM,996.0,0,0.0,35580734.600000024
2025-08-01 11:32:14 AM,996.0,30,29880.0,35610614.600000024
2025-08-01 11:32:22 AM,997.0,0,0.0,35610614.600000024
2025-08-01 11:32:24 AM,997.0,56,55832.0,35666446.600000024
2025-08-01 11:32:25 AM,996.4,0,0.0,35666446.600000024
2025-08-01 11:32:26 AM,996.4,13,12953.199999999999,35679399.80000003
2025-08-01 11:32:32 AM,995.0,0,0.0,35679399.80000003
2025-08-01 11:32:34 AM,995.0,20,19900.0,35699299.80000003
2025-08-01 11:32:45 AM,996.7,0,0.0,35699299.80000003
2025-08-01 11:32:46 AM,996.7,11,10963.7,35710263.50000003
2025-08-01 11:33:38 AM,996.6,0,0.0,35710263.50000003
2025-08-01 11:33:41 AM,996.6,20,19932.0,35730195.50000003
2025-08-01 11:33:47 AM,996.5,0,0.0,35730195.50000003
2025-08-01 11:33:52 AM,996.5,2,1993.0,35732188.50000003
2025-08-01 11:34:32 AM,996.5,1,996.5,35733185.00000003
2025-08-01 11:34:41 AM,995.5,0,0.0,35733185.00000003
2025-08-01 11:34:43 AM,995.5,30,29865.0,35763050.00000003
2025-08-01 11:34:48 AM,995.5,9,8959.5,35772009.50000003
2025-08-01 11:34:51 AM,995.2,0,0.0,35772009.50000003
2025-08-01 11:34:53 AM,995.2,1,995.2,35773004.70000003
2025-08-01 11:35:03 AM,995.0,0,0.0,35773004.70000003
2025-08-01 11:35:04 AM,995.0,5,4975.0,35777979.70000003
2025-08-01 11:35:24 AM,995.5,0,0.0,35777979.70000003
2025-08-01 11:35:26 AM,995.5,1,995.5,35778975.20000003
2025-08-01 11:36:36 AM,996.3,0,0.0,35778975.20000003
2025-08-01 11:36:38 AM,996.3,2,1992.6,35780967.800000034
2025-08-01 11:36:49 AM,995.6,1,995.6,35781963.400000036
2025-08-01 11:36:54 AM,995.0,0,0.0,35781963.400000036
2025-08-01 11:36:59 AM,995.0,45,44775.0,35826738.400000036
2025-08-01 11:38:07 AM,995.6,0,0.0,35826738.400000036
2025-08-01 11:38:11 AM,995.6,3,2986.8,35829725.20000003
2025-08-01 11:38:33 AM,995.6,1,995.6,35830720.800000034
2025-08-01 11:38:52 AM,995.9,2,1991.8,35832712.60000003
2025-08-01 11:38:53 AM,995.6,97,96573.2,35929285.800000034
2025-08-01 11:39:12 AM,995.6,25,24890.0,35954175.800000034
2025-08-01 11:39:24 AM,996.2,0,0.0,35954175.800000034
2025-08-01 11:39:26 AM,997.0,0,0.0,35954175.800000034
2025-08-01 11:39:27 AM,997.0,80,79760.0,36033935.800000034
2025-08-01 11:39:37 AM,998.5,70,69895.0,36103830.800000034
2025-08-01 11:40:07 AM,997.5,0,0.0,36103830.800000034
2025-08-01 11:40:09 AM,997.5,1,997.5,36104828.300000034
2025-08-01 11:40:20 AM,997.1,0,0.0,36104828.300000034
2025-08-01 11:40:21 AM,997.1,1,997.1,36105825.400000036
2025-08-01 11:40:25 AM,996.9,0,0.0,36105825.400000036
2025-08-01 11:40:26 AM,997.6,19,18954.4,36124779.800000034
2025-08-01 11:40:35 AM,995.8,0,0.0,36124779.800000034
2025-08-01 11:40:36 AM,995.8,13,12945.4,36137725.20000003
2025-08-01 11:40:55 AM,995.2,0,0.0,36137725.20000003
2025-08-01 11:40:55 AM,995.2,8,7961.6,36145686.800000034
2025-08-01 11:41:01 AM,995.8,1,995.8,36146682.60000003
2025-08-01 11:41:40 AM,995.8,25,24895.0,36171577.60000003
2025-08-01 11:41:56 AM,995.8,4,3983.2,36175560.800000034
2025-08-01 11:42:05 AM,996.9,0,0.0,36175560.800000034
2025-08-01 11:42:06 AM,996.9,8,7975.2,36183536.00000004
2025-08-01 11:42:32 AM,997.0,1,997.0,36184533.00000004
2025-08-01 11:42:48 AM,997.1,3,2991.3,36187524.300000034
2025-08-01 11:42:51 AM,997.7,0,0.0,36187524.300000034
2025-08-01 11:42:53 AM,997.7,20,19954.0,36207478.300000034
2025-08-01 11:42:54 AM,997.7,1,997.7,36208476.00000004
2025-08-01 11:43:03 AM,997.0,0,0.0,36208476.00000004
2025-08-01 11:43:03 AM,997.0,4,3988.0,36212464.00000004
2025-08-01 11:43:56 AM,997.0,5,4985.0,36217449.00000004
2025-08-01 11:44:31 AM,997.6,20,19952.0,36237401.00000004
2025-08-01 11:44:40 AM,997.7,0,0.0,36237401.00000004
2025-08-01 11:44:42 AM,997.7,1,997.7,36238398.70000004
2025-08-01 11:45:07 AM,995.0,0,0.0,36238398.70000004
2025-08-01 11:45:09 AM,995.0,250,248750.0,36487148.70000004
2025-08-01 11:45:43 AM,996.1,0,0.0,36487148.70000004
2025-08-01 11:45:46 AM,996.1,2,1992.2,36489140.90000004
2025-08-01 11:45:51 AM,996.9,0,0.0,36489140.90000004
2025-08-01 11:45:51 AM,996.9,5,4984.5,36494125.40000004
2025-08-01 11:46:02 AM,996.9,14,13956.6,36508082.000000045
2025-08-01 11:46:07 AM,996.3,0,0.0,36508082.000000045
2025-08-01 11:46:08 AM,996.3,8,7970.4,36516052.40000004
2025-08-01 11:46:23 AM,996.3,150,149445.0,36665497.40000004
2025-08-01 11:47:34 AM,996.7,0,0.0,36665497.40000004
2025-08-01 11:47:36 AM,996.7,5,4983.5,36670480.90000004
2025-08-01 11:47:53 AM,996.0,0,0.0,36670480.90000004
2025-08-01 11:47:57 AM,996.1,41,40840.1,36711321.000000045
2025-08-01 11:48:02 AM,996.1,16,15937.6,36727258.600000046
2025-08-01 11:48:08 AM,996.0,0,0.0,36727258.600000046
2025-08-01 11:48:12 AM,996.0,35,34860.0,36762118.600000046
2025-08-01 11:48:25 AM,996.1,0,0.0,36762118.600000046
2025-08-01 11:48:27 AM,996.1,1,996.1,36763114.70000005
2025-08-01 11:48:29 AM,995.0,0,0.0,36763114.70000005
2025-08-01 11:48:32 AM,995.0,10,9950.0,36773064.70000005
2025-08-01 11:48:39 AM,996.1,0,0.0,36773064.70000005
2025-08-01 11:48:42 AM,996.1,260,258986.0,37032050.70000005
2025-08-01 11:49:04 AM,995.0,0,0.0,37032050.70000005
2025-08-01 11:49:07 AM,995.0,5,4975.0,37037025.70000005
2025-08-01 11:49:12 AM,994.6,0,0.0,37037025.70000005
2025-08-01 11:49:13 AM,994.6,10,9946.0,37046971.70000005
2025-08-01 11:49:46 AM,994.4,0,0.0,37046971.70000005
2025-08-01 11:49:48 AM,995.1,0,0.0,37046971.70000005
2025-08-01 11:49:49 AM,995.6,0,0.0,37046971.70000005
2025-08-01 11:49:50 AM,995.6,698,694928.8,37741900.500000045
2025-08-01 11:49:50 AM,995.5,0,0.0,37741900.500000045
2025-08-01 11:49:50 AM,995.5,18,17919.0,37759819.500000045
2025-08-01 11:49:52 AM,996.2,0,0.0,37759819.500000045
2025-08-01 11:49:53 AM,995.5,0,0.0,37759819.500000045
2025-08-01 11:49:55 AM,995.5,106,105523.0,37865342.500000045
2025-08-01 11:50:29 AM,995.8,0,0.0,37865342.500000045
2025-08-01 11:50:31 AM,995.8,1,995.8,37866338.30000004
2025-08-01 11:50:33 AM,995.5,0,0.0,37866338.30000004
2025-08-01 11:50:36 AM,995.5,5,4977.5,37871315.80000004
2025-08-01 11:50:39 AM,994.8,0,0.0,37871315.80000004
2025-08-01 11:50:41 AM,994.8,1,994.8,37872310.60000004
2025-08-01 11:50:49 AM,995.5,0,0.0,37872310.60000004
2025-08-01 11:50:51 AM,995.5,4,3982.0,37876292.60000004
2025-08-01 11:51:03 AM,993.6,0,0.0,37876292.60000004
2025-08-01 11:51:04 AM,995.5,0,0.0,37876292.60000004
2025-08-01 11:51:05 AM,995.5,813,809341.5,38685634.10000004
2025-08-01 11:51:17 AM,992.8,0,0.0,38685634.10000004
2025-08-01 11:51:18 AM,994.7,0,0.0,38685634.10000004
2025-08-01 11:51:20 AM,994.3,702,697998.6,39383632.70000004
2025-08-01 11:51:20 AM,995.1,6,5970.6,39389603.30000004
2025-08-01 11:51:21 AM,996.3,0,0.0,39389603.30000004
2025-08-01 11:51:24 AM,997.0,0,0.0,39389603.30000004
2025-08-01 11:51:25 AM,997.0,185,184445.0,39574048.30000004
2025-08-01 11:51:25 AM,996.9,0,0.0,39574048.30000004
2025-08-01 11:51:25 AM,996.9,1,996.9,39575045.20000004
2025-08-01 11:51:48 AM,997.5,0,0.0,39575045.20000004
2025-08-01 11:51:49 AM,998.0,0,0.0,39575045.20000004
2025-08-01 11:51:50 AM,998.0,5,4990.0,39580035.20000004
2025-08-01 11:51:55 AM,996.6,507,505276.2,40085311.40000004
2025-08-01 11:52:05 AM,996.0,500,498000.0,40583311.40000004
2025-08-01 11:52:09 AM,996.6,0,0.0,40583311.40000004
2025-08-01 11:52:10 AM,997.2,109,108694.8,40692006.20000004
2025-08-01 11:52:15 AM,998.3,1,998.3,40693004.50000004
2025-08-01 11:52:33 AM,998.8,0,0.0,40693004.50000004
2025-08-01 11:52:35 AM,998.8,25,24970.0,40717974.50000004
2025-08-01 11:53:04 AM,998.0,0,0.0,40717974.50000004
2025-08-01 11:53:06 AM,998.0,15,14970.0,40732944.50000004
2025-08-01 11:53:44 AM,999.0,0,0.0,40732944.50000004
2025-08-01 11:53:47 AM,999.0,69,68931.0,40801875.50000004
2025-08-01 11:53:55 AM,999.7,0,0.0,40801875.50000004
2025-08-01 11:53:57 AM,999.7,10,9997.0,40811872.50000004
2025-08-01 11:54:00 AM,1000.0,0,0.0,40811872.50000004
2025-08-01 11:54:01 AM,999.7,0,0.0,40811872.50000004
2025-08-01 11:54:02 AM,999.7,14,13995.800000000001,40825868.300000034
2025-08-01 11:55:28 AM,1000.4,0,0.0,40825868.300000034
2025-08-01 11:55:28 AM,1000.4,70,70028.0,40895896.300000034
2025-08-01 11:55:33 AM,1001.0,13,13013.0,40908909.300000034
2025-08-01 11:55:36 AM,999.9,0,0.0,40908909.300000034
2025-08-01 11:55:38 AM,999.9,72,71992.8,40980902.10000003
2025-08-01 11:55:39 AM,1001.8,265,265477.0,41246379.10000003
2025-08-01 11:55:40 AM,1002.0,0,0.0,41246379.10000003
2025-08-01 11:55:43 AM,1002.0,94,94188.0,41340567.10000003
2025-08-01 11:55:45 AM,1000.7,0,0.0,41340567.10000003
2025-08-01 11:55:48 AM,1000.7,25,25017.5,41365584.60000003
2025-08-01 11:56:03 AM,1002.0,0,0.0,41365584.60000003
2025-08-01 11:56:04 AM,1002.0,476,476952.0,41842536.60000003
2025-08-01 11:56:13 AM,1000.0,265,265000.0,42107536.60000003
2025-08-01 11:56:24 AM,1001.3,0,0.0,42107536.60000003
2025-08-01 11:56:25 AM,1001.3,58,58075.399999999994,42165612.00000003
2025-08-01 11:56:58 AM,1001.6,0,0.0,42165612.00000003
2025-08-01 11:56:59 AM,1001.6,19,19030.4,42184642.40000003
2025-08-01 11:57:24 AM,1001.6,37,37059.200000000004,42221701.60000003
2025-08-01 11:58:09 AM,1001.6,2,2003.2,42223704.800000034
2025-08-01 11:58:34 AM,1001.8,0,0.0,42223704.800000034
2025-08-01 11:58:36 AM,1001.8,155,155279.0,42378983.800000034
2025-08-01 11:58:39 AM,1001.6,0,0.0,42378983.800000034
2025-08-01 11:58:42 AM,1001.6,65,65104.0,42444087.800000034
2025-08-01 11:58:58 AM,1001.6,2,2003.2,42446091.00000004
2025-08-01 11:58:59 AM,1001.6,9,9014.4,42455105.400000036
2025-08-01 12:01:53 PM,1000.5,41,41020.5,42496125.900000036
2025-08-01 12:02:23 PM,1000.9,0,0.0,42496125.900000036
2025-08-01 12:02:24 PM,1000.9,1,1000.9,42497126.800000034
2025-08-01 12:03:00 PM,1000.5,0,0.0,42497126.800000034
2025-08-01 12:03:03 PM,1000.5,128,128064.0,42625190.800000034
2025-08-01 12:03:23 PM,1000.2,0,0.0,42625190.800000034
2025-08-01 12:03:24 PM,1000.2,8,8001.6,42633192.400000036
2025-08-01 12:03:26 PM,1000.0,0,0.0,42633192.400000036
2025-08-01 12:03:27 PM,1000.0,100,100000.0,42733192.400000036
2025-08-01 12:03:29 PM,1000.0,342,342000.0,43075192.400000036
2025-08-01 12:03:30 PM,1002.0,0,0.0,43075192.400000036
2025-08-01 12:03:32 PM,1002.0,690,691380.0,43766572.400000036
2025-08-01 12:03:33 PM,1001.2,0,0.0,43766572.400000036
2025-08-01 12:03:34 PM,1001.2,426,426511.2,44193083.60000004
2025-08-01 12:03:58 PM,999.7,2,1999.4,44195083.00000004
2025-08-01 12:04:02 PM,999.5,0,0.0,44195083.00000004
2025-08-01 12:04:03 PM,999.5,228,227886.0,44422969.00000004
2025-08-01 12:04:22 PM,999.5,35,34982.5,44457951.50000004
2025-08-01 12:05:52 PM,1000.4,0,0.0,44457951.50000004
2025-08-01 12:05:53 PM,1000.4,5,5002.0,44462953.50000004
2025-08-01 12:05:59 PM,1000.4,32,32012.8,44494966.300000034
2025-08-01 12:06:00 PM,1000.7,0,0.0,44494966.300000034
2025-08-01 12:06:03 PM,1000.7,131,131091.7,44626058.00000004
2025-08-01 12:06:08 PM,1001.6,0,0.0,44626058.00000004
2025-08-01 12:06:08 PM,1001.6,15,15024.0,44641082.00000004
2025-08-01 12:06:13 PM,1002.0,408,408816.0,45049898.00000004
2025-08-01 12:06:18 PM,1002.8,8,8022.4,45057920.400000036
2025-08-01 12:06:22 PM,1003.0,0,0.0,45057920.400000036
2025-08-01 12:06:22 PM,1003.0,24,24072.0,45081992.400000036
2025-08-01 12:06:27 PM,1003.0,24,24072.0,45106064.400000036
2025-08-01 12:06:32 PM,1003.9,0,0.0,45106064.400000036
2025-08-01 12:06:33 PM,1003.9,10,10039.0,45116103.400000036
2025-08-01 12:06:36 PM,1001.6,0,0.0,45116103.400000036
2025-08-01 12:06:37 PM,1001.6,107,107171.2,45223274.60000004
2025-08-01 12:06:44 PM,1004.1,0,0.0,45223274.60000004
2025-08-01 12:06:47 PM,1004.1,33,33135.3,45256409.900000036
2025-08-01 12:06:52 PM,1004.2,0,0.0,45256409.900000036
2025-08-01 12:06:52 PM,1004.2,30,30126.0,45286535.900000036
2025-08-01 12:06:56 PM,1006.2,0,0.0,45286535.900000036
2025-08-01 12:06:57 PM,1006.2,625,628875.0,45915410.900000036
2025-08-01 12:07:06 PM,1002.8,0,0.0,45915410.900000036
2025-08-01 12:07:07 PM,1002.8,98,98274.4,46013685.300000034
2025-08-01 12:07:16 PM,1003.3,0,0.0,46013685.300000034
2025-08-01 12:07:17 PM,1003.3,26,26085.8,46039771.10000003
2025-08-01 12:08:36 PM,1001.7,0,0.0,46039771.10000003
2025-08-01 12:08:38 PM,1001.7,8,8013.6,46047784.70000003
2025-08-01 12:09:47 PM,1000.9,14,14012.6,46061797.300000034
2025-08-01 12:10:10 PM,1001.8,0,0.0,46061797.300000034
2025-08-01 12:10:13 PM,1001.8,10,10018.0,46071815.300000034
2025-08-01 12:11:13 PM,1001.8,5,5009.0,46076824.300000034
2025-08-01 12:12:21 PM,1001.8,1,1001.8,46077826.10000003
2025-08-01 12:12:46 PM,1001.8,1,1001.8,46078827.90000003
2025-08-01 12:12:57 PM,1001.8,2,2003.6,46080831.50000003
2025-08-01 12:14:40 PM,1000.0,0,0.0,46080831.50000003
2025-08-01 12:14:42 PM,1000.0,200,200000.0,46280831.50000003
2025-08-01 12:14:48 PM,1001.6,5,5008.0,46285839.50000003
2025-08-01 12:15:08 PM,1000.7,0,0.0,46285839.50000003
2025-08-01 12:15:12 PM,1000.7,4,4002.8,46289842.30000003
2025-08-01 12:15:48 PM,1001.3,0,0.0,46289842.30000003
2025-08-01 12:15:48 PM,1001.3,25,25032.5,46314874.80000003
2025-08-01 12:16:56 PM,1000.5,0,0.0,46314874.80000003
2025-08-01 12:16:57 PM,1000.5,35,35017.5,46349892.30000003
2025-08-01 12:16:58 PM,1001.2,0,0.0,46349892.30000003
2025-08-01 12:17:02 PM,1001.2,1,1001.2,46350893.50000003
2025-08-01 12:17:12 PM,1001.2,1,1001.2,46351894.70000003
2025-08-01 12:17:44 PM,1000.5,0,0.0,46351894.70000003
2025-08-01 12:17:45 PM,1000.5,1,1000.5,46352895.20000003
2025-08-01 12:18:18 PM,1001.1,0,0.0,46352895.20000003
2025-08-01 12:18:19 PM,1001.1,1,1001.1,46353896.300000034
2025-08-01 12:18:38 PM,1000.3,0,0.0,46353896.300000034
2025-08-01 12:18:39 PM,1000.3,6,6001.799999999999,46359898.10000003
2025-08-01 12:19:04 PM,1003.3,0,0.0,46359898.10000003
2025-08-01 12:19:05 PM,1003.3,136,136448.8,46496346.90000003
2025-08-01 12:19:14 PM,1006.5,0,0.0,46496346.90000003
2025-08-01 12:19:15 PM,1005.1,358,359825.8,46856172.700000025
2025-08-01 12:19:18 PM,1006.4,0,0.0,46856172.700000025
2025-08-01 12:19:20 PM,1005.2,170,170884.0,47027056.700000025
2025-08-01 12:19:24 PM,1006.3,25,25157.5,47052214.200000025
2025-08-01 12:19:34 PM,1005.5,0,0.0,47052214.200000025
2025-08-01 12:19:35 PM,1005.5,76,76418.0,47128632.200000025
2025-08-01 12:19:43 PM,1005.7,0,0.0,47128632.200000025
2025-08-01 12:19:45 PM,1005.7,27,27153.9,47155786.100000024
2025-08-01 12:19:47 PM,1005.6,0,0.0,47155786.100000024
2025-08-01 12:19:50 PM,1005.6,56,56313.6,47212099.700000025
2025-08-01 12:19:55 PM,1005.6,92,92515.2,47304614.90000003
2025-08-01 12:20:05 PM,1002.1,0,0.0,47304614.90000003
2025-08-01 12:20:05 PM,1002.1,116,116243.6,47420858.50000003
2025-08-01 12:20:09 PM,1000.1,0,0.0,47420858.50000003
2025-08-01 12:20:11 PM,1000.1,100,100010.0,47520868.50000003
2025-08-01 12:20:39 PM,1002.4,0,0.0,47520868.50000003
2025-08-01 12:20:42 PM,1002.4,1,1002.4,47521870.90000003
2025-08-01 12:20:46 PM,1002.5,0,0.0,47521870.90000003
2025-08-01 12:20:47 PM,1002.5,15,15037.5,47536908.40000003
2025-08-01 12:21:05 PM,1002.7,0,0.0,47536908.40000003
2025-08-01 12:21:07 PM,1002.7,11,11029.7,47547938.10000003
2025-08-01 12:21:41 PM,1002.7,32,32086.4,47580024.50000003
2025-08-01 12:21:42 PM,1003.4,0,0.0,47580024.50000003
2025-08-01 12:21:43 PM,1002.2,0,0.0,47580024.50000003
2025-08-01 12:21:44 PM,1004.0,0,0.0,47580024.50000003
2025-08-01 12:21:45 PM,1004.0,168,168672.0,47748696.50000003
2025-08-01 12:21:58 PM,1003.0,0,0.0,47748696.50000003
2025-08-01 12:21:59 PM,1002.2,0,0.0,47748696.50000003
2025-08-01 12:22:00 PM,1002.2,3,3006.6000000000004,47751703.10000003
2025-08-01 12:22:07 PM,1002.3,0,0.0,47751703.10000003
2025-08-01 12:22:10 PM,1002.3,1,1002.3,47752705.40000003
2025-08-01 12:23:09 PM,1003.0,0,0.0,47752705.40000003
2025-08-01 12:23:12 PM,1003.0,10,10030.0,47762735.40000003
2025-08-01 12:23:41 PM,1002.4,0,0.0,47762735.40000003
2025-08-01 12:23:42 PM,1002.4,1,1002.4,47763737.80000003
2025-08-01 12:23:42 PM,1004.0,0,0.0,47763737.80000003
2025-08-01 12:23:43 PM,1002.5,0,0.0,47763737.80000003
2025-08-01 12:23:45 PM,1003.2,0,0.0,47763737.80000003
2025-08-01 12:23:46 PM,1003.2,207,207662.40000000002,47971400.200000025
2025-08-01 12:24:15 PM,1004.2,0,0.0,47971400.200000025
2025-08-01 12:24:17 PM,1004.2,1,1004.2,47972404.40000003
2025-08-01 12:25:00 PM,1004.2,21,21088.2,47993492.60000003
2025-08-01 12:25:49 PM,1004.0,0,0.0,47993492.60000003
2025-08-01 12:25:51 PM,1004.0,35,35140.0,48028632.60000003
2025-08-01 12:26:43 PM,1002.9,0,0.0,48028632.60000003
2025-08-01 12:26:46 PM,1002.9,36,36104.4,48064737.00000003
2025-08-01 12:26:55 PM,1003.4,0,0.0,48064737.00000003
2025-08-01 12:26:56 PM,1003.4,1,1003.4,48065740.40000003
2025-08-01 12:27:47 PM,1003.2,50,50160.0,48115900.40000003
2025-08-01 12:28:15 PM,1002.2,0,0.0,48115900.40000003
2025-08-01 12:28:16 PM,1002.2,22,22048.4,48137948.80000003
2025-08-01 12:28:17 PM,1003.2,30,30096.0,48168044.80000003
2025-08-01 12:29:43 PM,1002.3,0,0.0,48168044.80000003
2025-08-01 12:29:45 PM,1002.3,118,118271.4,48286316.200000025
2025-08-01 12:29:49 PM,1001.1,0,0.0,48286316.200000025
2025-08-01 12:29:50 PM,1001.1,2,2002.2,48288318.40000003
2025-08-01 12:30:36 PM,1000.7,0,0.0,48288318.40000003
2025-08-01 12:30:36 PM,1000.7,3,3002.1000000000004,48291320.50000003
2025-08-01 12:31:22 PM,1001.6,0,0.0,48291320.50000003
2025-08-01 12:31:23 PM,1001.6,1,1001.6,48292322.10000003
2025-08-01 12:31:28 PM,1000.4,0,0.0,48292322.10000003
2025-08-01 12:31:28 PM,1000.4,20,20008.0,48312330.10000003
2025-08-01 12:31:50 PM,1000.2,0,0.0,48312330.10000003
2025-08-01 12:31:55 PM,1000.2,23,23004.600000000002,48335334.70000003
2025-08-01 12:32:06 PM,1001.4,2,2002.8,48337337.50000003
2025-08-01 12:32:14 PM,1001.9,0,0.0,48337337.50000003
2025-08-01 12:32:16 PM,1001.9,8,8015.2,48345352.70000003
2025-08-01 12:32:18 PM,1000.8,0,0.0,48345352.70000003
2025-08-01 12:32:22 PM,1000.8,1,1000.8,48346353.50000003
2025-08-01 12:33:08 PM,1001.4,0,0.0,48346353.50000003
2025-08-01 12:33:11 PM,1001.4,2,2002.8,48348356.30000003
2025-08-01 12:33:14 PM,1001.0,0,0.0,48348356.30000003
2025-08-01 12:33:17 PM,1001.0,20,20020.0,48368376.30000003
2025-08-01 12:34:14 PM,1001.1,0,0.0,48368376.30000003
2025-08-01 12:34:17 PM,1001.1,25,25027.5,48393403.80000003
2025-08-01 12:34:48 PM,1001.1,25,25027.5,48418431.30000003
2025-08-01 12:35:13 PM,1001.1,15,15016.5,48433447.80000003
2025-08-01 12:36:05 PM,1001.4,10,10014.0,48443461.80000003
2025-08-01 12:36:08 PM,1001.2,0,0.0,48443461.80000003
2025-08-01 12:36:11 PM,1001.2,62,62074.4,48505536.200000025
2025-08-01 12:36:31 PM,1001.8,2,2003.6,48507539.80000003
2025-08-01 12:38:25 PM,1001.2,0,0.0,48507539.80000003
2025-08-01 12:38:27 PM,1001.2,1,1001.2,48508541.00000003
2025-08-01 12:38:34 PM,1001.1,0,0.0,48508541.00000003
2025-08-01 12:38:36 PM,1001.1,20,20022.0,48528563.00000003
2025-08-01 12:38:48 PM,1002.3,0,0.0,48528563.00000003
2025-08-01 12:38:49 PM,1003.6,0,0.0,48528563.00000003
2025-08-01 12:38:50 PM,1000.8,0,0.0,48528563.00000003
2025-08-01 12:38:50 PM,1000.8,136,136108.8,48664671.80000003
2025-08-01 12:42:08 PM,1001.7,0,0.0,48664671.80000003
2025-08-01 12:42:10 PM,1001.7,5,5008.5,48669680.30000003
2025-08-01 12:42:21 PM,1001.0,4,4004.0,48673684.30000003
2025-08-01 12:42:34 PM,1000.0,0,0.0,48673684.30000003
2025-08-01 12:42:35 PM,1000.0,519,519000.0,49192684.30000003
2025-08-01 12:42:36 PM,1000.0,536,536000.0,49728684.30000003
2025-08-01 12:42:40 PM,1000.5,0,0.0,49728684.30000003
2025-08-01 12:42:40 PM,1000.5,10,10005.0,49738689.30000003
2025-08-01 12:42:58 PM,1000.0,0,0.0,49738689.30000003
2025-08-01 12:43:00 PM,1000.3,0,0.0,49738689.30000003
2025-08-01 12:43:01 PM,1000.3,129,129038.7,49867728.00000003
2025-08-01 12:44:30 PM,1000.7,0,0.0,49867728.00000003
2025-08-01 12:44:32 PM,1000.2,0,0.0,49867728.00000003
2025-08-01 12:44:34 PM,1000.4,0,0.0,49867728.00000003
2025-08-01 12:44:34 PM,1000.4,592,592236.7999999999,50459964.80000003
2025-08-01 12:45:36 PM,1001.5,0,0.0,50459964.80000003
2025-08-01 12:45:36 PM,1001.5,2,2003.0,50461967.80000003
2025-08-01 12:45:46 PM,1001.0,0,0.0,50461967.80000003
2025-08-01 12:45:46 PM,1001.0,1,1001.0,50462968.80000003
2025-08-01 12:47:12 PM,1000.9,0,0.0,50462968.80000003
2025-08-01 12:47:13 PM,1000.9,1,1000.9,50463969.700000025
2025-08-01 12:47:18 PM,1001.0,20,20020.0,50483989.700000025
2025-08-01 12:47:20 PM,1000.9,0,0.0,50483989.700000025
2025-08-01 12:47:22 PM,1000.9,10,10009.0,50493998.700000025
2025-08-01 12:47:30 PM,1001.3,0,0.0,50493998.700000025
2025-08-01 12:47:33 PM,1001.3,1,1001.3,50495000.00000002
2025-08-01 12:47:58 PM,1001.3,5,5006.5,50500006.50000002
2025-08-01 12:48:24 PM,1000.1,13,13001.300000000001,50513007.80000002
2025-08-01 12:48:26 PM,1000.0,0,0.0,50513007.80000002
2025-08-01 12:48:28 PM,1000.0,330,330000.0,50843007.80000002
2025-08-01 12:48:38 PM,1000.0,223,223000.0,51066007.80000002
2025-08-01 12:48:56 PM,1000.8,0,0.0,51066007.80000002
2025-08-01 12:48:58 PM,1000.8,10,10008.0,51076015.80000002
2025-08-01 12:49:08 PM,1000.0,33,33000.0,51109015.80000002
2025-08-01 12:49:51 PM,1000.0,2,2000.0,51111015.80000002
2025-08-01 12:50:07 PM,1000.0,70,70000.0,51181015.80000002
2025-08-01 12:50:13 PM,1000.0,239,239000.0,51420015.80000002
2025-08-01 12:50:34 PM,1000.0,2,2000.0,51422015.80000002
2025-08-01 12:50:55 PM,1000.0,3,3000.0,51425015.80000002
2025-08-01 12:50:56 PM,1000.0,25,25000.0,51450015.80000002
2025-08-01 12:51:10 PM,1000.0,1,1000.0,51451015.80000002
2025-08-01 12:51:41 PM,1000.5,1,1000.5,51452016.30000002
2025-08-01 12:51:55 PM,1000.5,20,20010.0,51472026.30000002
2025-08-01 12:52:22 PM,1000.6,0,0.0,51472026.30000002
2025-08-01 12:52:25 PM,1000.6,5,5003.0,51477029.30000002
2025-08-01 12:52:30 PM,1000.6,5,5003.0,51482032.30000002
2025-08-01 12:52:35 PM,1001.3,202,202262.59999999998,51684294.90000002
2025-08-01 12:55:38 PM,1001.3,2,2002.6,51686297.50000002
2025-08-01 12:57:52 PM,1000.4,0,0.0,51686297.50000002
2025-08-01 12:57:53 PM,1000.4,10,10004.0,51696301.50000002
2025-08-01 12:58:10 PM,1000.6,0,0.0,51696301.50000002
2025-08-01 12:58:12 PM,1000.6,2,2001.2,51698302.700000025
2025-08-01 12:58:26 PM,1001.3,0,0.0,51698302.700000025
2025-08-01 12:58:28 PM,1001.3,2,2002.6,51700305.30000003
2025-08-01 12:59:34 PM,1001.2,0,0.0,51700305.30000003
2025-08-01 12:59:39 PM,1001.2,1,1001.2,51701306.50000003
2025-08-01 12:59:52 PM,1001.4,0,0.0,51701306.50000003
2025-08-01 12:59:55 PM,1001.4,21,21029.399999999998,51722335.90000003
2025-08-01 01:03:58 PM,1001.4,2,2002.8,51724338.700000025
2025-08-01 01:04:56 PM,1001.4,1,1001.4,51725340.100000024
2025-08-01 01:05:08 PM,1000.0,385,385000.0,52110340.100000024
2025-08-01 01:05:13 PM,1000.0,104,104000.0,52214340.100000024
2025-08-01 01:05:16 PM,1000.0,2,2000.0,52216340.100000024
2025-08-01 01:06:17 PM,1001.0,0,0.0,52216340.100000024
2025-08-01 01:06:18 PM,1001.0,1,1001.0,52217341.100000024
2025-08-01 01:06:21 PM,1000.1,0,0.0,52217341.100000024
2025-08-01 01:06:23 PM,1000.1,7,7000.7,52224341.80000003
2025-08-01 01:06:31 PM,1000.9,0,0.0,52224341.80000003
2025-08-01 01:06:34 PM,1000.9,1,1000.9,52225342.700000025
2025-08-01 01:07:08 PM,1000.1,0,0.0,52225342.700000025
2025-08-01 01:07:09 PM,1000.1,3,3000.3,52228343.00000002
2025-08-01 01:07:42 PM,1000.0,0,0.0,52228343.00000002
2025-08-01 01:07:42 PM,1000.0,4,4000.0,52232343.00000002
2025-08-01 01:07:51 PM,1000.0,273,273000.0,52505343.00000002
2025-08-01 01:08:16 PM,1000.0,4,4000.0,52509343.00000002
2025-08-01 01:08:33 PM,1000.7,5,5003.5,52514346.50000002
2025-08-01 01:08:52 PM,1000.0,3,3000.0,52517346.50000002
2025-08-01 01:09:10 PM,1000.0,20,20000.0,52537346.50000002
2025-08-01 01:09:26 PM,1000.0,4,4000.0,52541346.50000002
2025-08-01 01:10:01 PM,1000.0,5,5000.0,52546346.50000002
2025-08-01 01:10:47 PM,1000.0,4,4000.0,52550346.50000002
2025-08-01 01:11:54 PM,1000.7,0,0.0,52550346.50000002
2025-08-01 01:11:57 PM,1000.7,1,1000.7,52551347.200000025
2025-08-01 01:12:57 PM,1000.7,2,2001.4,52553348.600000024
2025-08-01 01:14:16 PM,1000.7,2,2001.4,52555350.00000002
2025-08-01 01:14:47 PM,1000.7,3,3002.1000000000004,52558352.100000024
2025-08-01 01:15:48 PM,1000.0,0,0.0,52558352.100000024
2025-08-01 01:15:48 PM,1000.0,10,10000.0,52568352.100000024
2025-08-01 01:15:58 PM,1000.0,1,1000.0,52569352.100000024
2025-08-01 01:16:03 PM,1000.0,607,607000.0,53176352.100000024
2025-08-01 01:16:06 PM,1000.0,190,190000.0,53366352.100000024
2025-08-01 01:16:26 PM,1000.6,2,2001.2,53368353.30000003
2025-08-01 01:17:10 PM,1000.5,1,1000.5,53369353.80000003
2025-08-01 01:17:50 PM,1000.0,0,0.0,53369353.80000003
2025-08-01 01:17:50 PM,1000.0,16,16000.0,53385353.80000003
2025-08-01 01:17:55 PM,1000.0,124,124000.0,53509353.80000003
2025-08-01 01:18:00 PM,1000.0,346,346000.0,53855353.80000003
2025-08-01 01:18:02 PM,1000.1,0,0.0,53855353.80000003
2025-08-01 01:18:05 PM,1000.1,272,272027.2,54127381.00000003
2025-08-01 01:19:28 PM,1000.2,0,0.0,54127381.00000003
2025-08-01 01:19:30 PM,1000.2,155,155031.0,54282412.00000003
2025-08-01 01:19:54 PM,1000.3,0,0.0,54282412.00000003
2025-08-01 01:19:54 PM,1000.3,197,197059.09999999998,54479471.10000003
2025-08-01 01:22:28 PM,1001.3,0,0.0,54479471.10000003
2025-08-01 01:22:31 PM,1001.3,25,25032.5,54504503.60000003
2025-08-01 01:25:07 PM,1000.0,0,0.0,54504503.60000003
2025-08-01 01:25:08 PM,1000.0,333,333000.0,54837503.60000003
2025-08-01 01:25:18 PM,1000.0,100,100000.0,54937503.60000003
2025-08-01 01:25:23 PM,1000.0,100,100000.0,55037503.60000003
2025-08-01 01:25:37 PM,1001.0,0,0.0,55037503.60000003
2025-08-01 01:25:37 PM,1001.0,100,100100.0,55137603.60000003
2025-08-01 01:25:53 PM,1001.3,0,0.0,55137603.60000003
2025-08-01 01:25:57 PM,1001.3,10,10013.0,55147616.60000003
2025-08-01 01:27:03 PM,1000.4,0,0.0,55147616.60000003
2025-08-01 01:27:06 PM,1000.4,1,1000.4,55148617.00000003
2025-08-01 01:27:09 PM,1001.1,0,0.0,55148617.00000003
2025-08-01 01:27:11 PM,1001.1,31,31034.100000000002,55179651.10000003
2025-08-01 01:27:41 PM,1000.1,0,0.0,55179651.10000003
2025-08-01 01:27:45 PM,1000.1,4,4000.4,55183651.50000003
2025-08-01 01:28:43 PM,1000.8,2,2001.6,55185653.10000003
2025-08-01 01:29:01 PM,1000.8,1,1000.8,55186653.90000003
2025-08-01 01:29:31 PM,1000.2,4,4000.8,55190654.700000025
2025-08-01 01:30:04 PM,1000.1,0,0.0,55190654.700000025
2025-08-01 01:30:05 PM,1000.1,4,4000.4,55194655.100000024
2025-08-01 01:30:28 PM,1001.1,0,0.0,55194655.100000024
2025-08-01 01:30:29 PM,1001.1,49,49053.9,55243709.00000002
2025-08-01 01:30:50 PM,1001.5,0,0.0,55243709.00000002
2025-08-01 01:30:53 PM,1001.5,14,14021.0,55257730.00000002
2025-08-01 01:31:06 PM,1002.2,0,0.0,55257730.00000002
2025-08-01 01:31:08 PM,1002.2,3,3006.6000000000004,55260736.600000024
2025-08-01 01:31:24 PM,1002.2,4,4008.8,55264745.40000002
2025-08-01 01:32:28 PM,1001.1,5,5005.5,55269750.90000002
2025-08-01 01:32:52 PM,1001.8,1,1001.8,55270752.70000002
2025-08-01 01:33:21 PM,1001.8,40,40072.0,55310824.70000002
2025-08-01 01:34:06 PM,1001.5,48,48072.0,55358896.70000002
2025-08-01 01:34:53 PM,1000.8,0,0.0,55358896.70000002
2025-08-01 01:34:53 PM,1000.8,4,4003.2,55362899.90000002
2025-08-01 01:35:18 PM,1001.5,0,0.0,55362899.90000002
2025-08-01 01:35:21 PM,1001.5,30,30045.0,55392944.90000002
2025-08-01 01:35:48 PM,1001.6,0,0.0,55392944.90000002
2025-08-01 01:35:50 PM,1001.6,10,10016.0,55402960.90000002
2025-08-01 01:36:02 PM,1001.5,0,0.0,55402960.90000002
2025-08-01 01:36:04 PM,1001.5,31,31046.5,55434007.40000002
2025-08-01 01:36:32 PM,1000.7,0,0.0,55434007.40000002
2025-08-01 01:36:34 PM,1000.7,30,30021.0,55464028.40000002
2025-08-01 01:37:58 PM,1001.0,100,100100.0,55564128.40000002
2025-08-01 01:38:08 PM,1001.0,349,349349.0,55913477.40000002
2025-08-01 01:38:13 PM,1001.0,563,563563.0,56477040.40000002
2025-08-01 01:38:49 PM,1001.1,0,0.0,56477040.40000002
2025-08-01 01:38:51 PM,1001.1,3,3003.3,56480043.70000002
2025-08-01 01:38:54 PM,1000.1,0,0.0,56480043.70000002
2025-08-01 01:38:57 PM,1000.1,2338,2338233.8000000003,58818277.500000015
2025-08-01 01:38:58 PM,1000.2,0,0.0,58818277.500000015
2025-08-01 01:38:58 PM,1000.0,0,0.0,58818277.500000015
2025-08-01 01:39:02 PM,1000.0,236,236000.0,59054277.500000015
2025-08-01 01:39:08 PM,1000.0,100,100000.0,59154277.500000015
2025-08-01 01:39:16 PM,1000.1,0,0.0,59154277.500000015
2025-08-01 01:39:16 PM,1000.0,0,0.0,59154277.500000015
2025-08-01 01:39:18 PM,1000.0,185,185000.0,59339277.500000015
2025-08-01 01:39:24 PM,1000.0,138,138000.0,59477277.500000015
2025-08-01 01:39:28 PM,1000.0,34,34000.0,59511277.500000015
2025-08-01 01:39:29 PM,1000.0,104,104000.0,59615277.500000015
2025-08-01 01:39:34 PM,1000.0,113,113000.0,59728277.500000015
2025-08-01 01:39:59 PM,1000.0,17,17000.0,59745277.500000015
2025-08-01 01:40:04 PM,1000.0,6,6000.0,59751277.500000015
2025-08-01 01:40:09 PM,1000.0,78,78000.0,59829277.500000015
2025-08-01 01:40:15 PM,1000.0,100,100000.0,59929277.500000015
2025-08-01 01:40:24 PM,1000.0,170,170000.0,60099277.500000015
2025-08-01 01:40:29 PM,1000.0,262,262000.0,60361277.500000015
2025-08-01 01:40:34 PM,1000.0,123,123000.0,60484277.500000015
2025-08-01 01:40:54 PM,1000.0,38,38000.0,60522277.500000015
2025-08-01 01:41:22 PM,1000.4,0,0.0,60522277.500000015
2025-08-01 01:41:24 PM,1000.4,296,296118.39999999997,60818395.90000001
2025-08-01 01:42:58 PM,1000.9,0,0.0,60818395.90000001
2025-08-01 01:43:02 PM,1000.9,1,1000.9,60819396.80000001
2025-08-01 01:43:46 PM,1000.0,0,0.0,60819396.80000001
2025-08-01 01:43:47 PM,1000.0,7,7000.0,60826396.80000001
2025-08-01 01:43:58 PM,1000.7,0,0.0,60826396.80000001
2025-08-01 01:44:02 PM,1000.7,2,2001.4,60828398.20000001
2025-08-01 01:44:36 PM,1000.0,0,0.0,60828398.20000001
2025-08-01 01:44:37 PM,1000.0,8,8000.0,60836398.20000001
2025-08-01 01:45:04 PM,1000.6,0,0.0,60836398.20000001
2025-08-01 01:45:06 PM,1000.6,20,20012.0,60856410.20000001
2025-08-01 01:45:24 PM,1000.0,0,0.0,60856410.20000001
2025-08-01 01:45:27 PM,1000.0,10,10000.0,60866410.20000001
2025-08-01 01:45:30 PM,1000.6,0,0.0,60866410.20000001
2025-08-01 01:45:32 PM,1000.7,0,0.0,60866410.20000001
2025-08-01 01:45:32 PM,1000.7,97,97067.90000000001,60963478.10000001
2025-08-01 01:46:25 PM,1000.8,231,231184.8,61194662.900000006
2025-08-01 01:46:26 PM,1000.9,0,0.0,61194662.900000006
2025-08-01 01:46:26 PM,1000.9,1,1000.9,61195663.800000004
2025-08-01 01:46:30 PM,1002.0,0,0.0,61195663.800000004
2025-08-01 01:46:31 PM,1002.0,108,108216.0,61303879.800000004
2025-08-01 01:46:41 PM,1002.0,100,100200.0,61404079.800000004
2025-08-01 01:47:46 PM,1002.2,0,0.0,61404079.800000004
2025-08-01 01:47:46 PM,1002.2,5,5011.0,61409090.800000004
2025-08-01 01:47:57 PM,1001.4,1,1001.4,61410092.2
2025-08-01 01:48:03 PM,1000.1,0,0.0,61410092.2
2025-08-01 01:48:06 PM,1000.1,400,400040.0,61810132.2
2025-08-01 01:48:18 PM,1000.0,0,0.0,61810132.2
2025-08-01 01:48:21 PM,1000.0,100,100000.0,61910132.2
2025-08-01 01:48:26 PM,1000.0,100,100000.0,62010132.2
2025-08-01 01:48:42 PM,1000.0,1,1000.0,62011132.2
2025-08-01 01:48:51 PM,1000.0,100,100000.0,62111132.2
2025-08-01 01:50:10 PM,1000.6,0,0.0,62111132.2
2025-08-01 01:50:13 PM,1000.6,1,1000.6,62112132.800000004
2025-08-01 01:50:23 PM,1000.6,4,4002.4,62116135.2
2025-08-01 01:50:26 PM,1000.1,0,0.0,62116135.2
2025-08-01 01:50:27 PM,1000.1,5,5000.5,62121135.7
2025-08-01 01:50:58 PM,1000.0,0,0.0,62121135.7
2025-08-01 01:51:02 PM,1000.0,4,4000.0,62125135.7
2025-08-01 01:51:07 PM,1000.0,100,100000.0,62225135.7
2025-08-01 01:52:15 PM,1000.0,47,47000.0,62272135.7
2025-08-01 01:52:40 PM,1000.4,10,10004.0,62282139.7
2025-08-01 01:53:34 PM,1000.0,0,0.0,62282139.7
2025-08-01 01:53:36 PM,1000.0,3,3000.0,62285139.7
2025-08-01 01:53:55 PM,1000.0,100,100000.0,62385139.7
2025-08-01 01:54:19 PM,1000.0,4,4000.0,62389139.7
2025-08-01 01:54:43 PM,1000.0,25,25000.0,62414139.7
2025-08-01 01:54:56 PM,1000.1,0,0.0,62414139.7
2025-08-01 01:54:57 PM,1000.1,9,9000.9,62423140.6
2025-08-01 01:55:14 PM,1000.0,4,4000.0,62427140.6
2025-08-01 01:55:48 PM,1000.1,0,0.0,62427140.6
2025-08-01 01:55:53 PM,1000.1,2,2000.2,62429140.800000004
2025-08-01 01:56:22 PM,1000.0,0,0.0,62429140.800000004
2025-08-01 01:56:22 PM,1000.0,185,185000.0,62614140.800000004
2025-08-01 01:56:27 PM,1000.0,154,154000.0,62768140.800000004
2025-08-01 01:56:32 PM,1000.0,651,651000.0,63419140.800000004
2025-08-01 01:56:57 PM,1000.0,100,100000.0,63519140.800000004
2025-08-01 01:57:02 PM,1000.0,64,64000.0,63583140.800000004
2025-08-01 01:57:06 PM,1000.1,0,0.0,63583140.800000004
2025-08-01 01:57:07 PM,1000.1,2,2000.2,63585141.00000001
2025-08-01 01:57:51 PM,1000.1,1,1000.1,63586141.10000001
2025-08-01 01:58:06 PM,1000.1,85,85008.5,63671149.60000001
2025-08-01 01:58:40 PM,1000.1,3,3000.3,63674149.900000006
2025-08-01 01:59:15 PM,1000.4,0,0.0,63674149.900000006
2025-08-01 01:59:16 PM,1000.4,85,85034.0,63759183.900000006
2025-08-01 01:59:39 PM,1001.0,0,0.0,63759183.900000006
2025-08-01 01:59:41 PM,1000.4,0,0.0,63759183.900000006
2025-08-01 01:59:42 PM,1000.4,289,289115.6,64048299.50000001
2025-08-01 02:00:58 PM,1001.3,0,0.0,64048299.50000001
2025-08-01 02:01:00 PM,1001.3,23,23029.899999999998,64071329.400000006
2025-08-01 02:01:03 PM,1002.0,0,0.0,64071329.400000006
2025-08-01 02:01:05 PM,1002.0,78,78156.0,64149485.400000006
2025-08-01 02:01:13 PM,1002.3,0,0.0,64149485.400000006
2025-08-01 02:01:15 PM,1002.3,4,4009.2,64153494.60000001
2025-08-01 02:01:17 PM,1002.6,0,0.0,64153494.60000001
2025-08-01 02:01:18 PM,1002.5,0,0.0,64153494.60000001
2025-08-01 02:01:20 PM,1002.5,187,187467.5,64340962.10000001
2025-08-01 02:01:32 PM,1003.0,0,0.0,64340962.10000001
2025-08-01 02:01:34 PM,1003.0,43,43129.0,64384091.10000001
2025-08-01 02:01:36 PM,1002.9,0,0.0,64384091.10000001
2025-08-01 02:01:39 PM,1002.9,4,4011.6,64388102.70000001
2025-08-01 02:01:44 PM,1002.9,16,16046.4,64404149.10000001
2025-08-01 02:02:10 PM,1000.9,0,0.0,64404149.10000001
2025-08-01 02:02:13 PM,1000.9,65,65058.5,64469207.60000001
2025-08-01 02:02:17 PM,1001.9,0,0.0,64469207.60000001
2025-08-01 02:02:18 PM,1001.9,96,96182.4,64565390.00000001
2025-08-01 02:02:39 PM,1002.6,0,0.0,64565390.00000001
2025-08-01 02:02:43 PM,1002.6,3,3007.8,64568397.800000004
2025-08-01 02:02:59 PM,1001.6,0,0.0,64568397.800000004
2025-08-01 02:03:03 PM,1001.6,6,6009.6,64574407.400000006
2025-08-01 02:03:24 PM,1001.3,0,0.0,64574407.400000006
2025-08-01 02:03:28 PM,1001.3,1,1001.3,64575408.7
2025-08-01 02:03:53 PM,1001.3,4,4005.2,64579413.900000006
2025-08-01 02:04:13 PM,1000.0,5,5000.0,64584413.900000006
2025-08-01 02:04:18 PM,1000.0,214,214000.0,64798413.900000006
2025-08-01 02:05:04 PM,1000.0,503,503000.0,65301413.900000006
2025-08-01 02:05:09 PM,1000.0,683,683000.0,65984413.900000006
2025-08-01 02:05:20 PM,1000.0,4,4000.0,65988413.900000006
2025-08-01 02:05:25 PM,1000.0,107,107000.0,66095413.900000006
2025-08-01 02:05:29 PM,1000.0,107,107000.0,66202413.900000006
2025-08-01 02:05:34 PM,1000.0,107,107000.0,66309413.900000006
2025-08-01 02:06:09 PM,1000.0,5,5000.0,66314413.900000006
2025-08-01 02:06:14 PM,1000.0,9,9000.0,66323413.900000006
2025-08-01 02:06:56 PM,1000.5,5,5002.5,66328416.400000006
2025-08-01 02:07:36 PM,1000.5,3,3001.5,66331417.900000006
2025-08-01 02:07:47 PM,1000.5,1,1000.5,66332418.400000006
2025-08-01 02:08:33 PM,1000.1,28,28002.8,66360421.2
2025-08-01 02:09:14 PM,1000.1,4,4000.4,66364421.6
2025-08-01 02:10:13 PM,1000.1,5,5000.5,66369422.1
2025-08-01 02:10:45 PM,1000.0,0,0.0,66369422.1
2025-08-01 02:10:49 PM,1000.0,300,300000.0,66669422.1
2025-08-01 02:10:54 PM,1000.0,1,1000.0,66670422.1
2025-08-01 02:11:04 PM,1000.7,296,296207.2,66966629.300000004
2025-08-01 02:11:59 PM,1002.0,0,0.0,66966629.300000004
2025-08-01 02:12:02 PM,1002.0,1,1002.0,66967631.300000004
2025-08-01 02:12:22 PM,1001.9,10,10019.0,66977650.300000004
2025-08-01 02:12:27 PM,1000.8,0,0.0,66977650.300000004
2025-08-01 02:12:27 PM,1000.8,10,10008.0,66987658.300000004
2025-08-01 02:13:15 PM,1002.1,31,31065.100000000002,67018723.400000006
2025-08-01 02:13:18 PM,1002.1,719,720509.9,67739233.30000001
2025-08-01 02:13:58 PM,1001.5,0,0.0,67739233.30000001
2025-08-01 02:14:00 PM,1001.5,3,3004.5,67742237.80000001
2025-08-01 02:14:12 PM,1001.8,0,0.0,67742237.80000001
2025-08-01 02:14:13 PM,1001.8,99,99178.2,67841416.00000001
2025-08-01 02:14:35 PM,1001.8,1,1001.8,67842417.80000001
2025-08-01 02:15:10 PM,1000.8,0,0.0,67842417.80000001
2025-08-01 02:15:11 PM,1000.8,101,101080.79999999999,67943498.60000001
2025-08-01 02:17:33 PM,1000.8,1,1000.8,67944499.4
2025-08-01 02:18:38 PM,1000.0,0,0.0,67944499.4
2025-08-01 02:18:38 PM,1000.5,0,0.0,67944499.4
2025-08-01 02:18:40 PM,1000.5,1482,1482741.0,69427240.4
2025-08-01 02:18:40 PM,1000.1,1,1000.1,69428240.5
2025-08-01 02:18:45 PM,1000.0,2,2000.0,69430240.5
2025-08-01 02:18:45 PM,1000.8,397,397317.6,69827558.1
2025-08-01 02:19:32 PM,1001.2,3,3003.6000000000004,69830561.69999999
2025-08-01 02:20:19 PM,1001.3,6,6007.799999999999,69836569.49999999
2025-08-01 02:23:06 PM,1001.3,3,3003.8999999999996,69839573.39999999
2025-08-01 02:23:30 PM,1000.4,0,0.0,69839573.39999999
2025-08-01 02:23:33 PM,1000.4,7,7002.8,69846576.19999999
2025-08-01 02:23:49 PM,1000.0,0,0.0,69846576.19999999
2025-08-01 02:23:49 PM,1000.0,107,107000.0,69953576.19999999
2025-08-01 02:23:54 PM,1000.0,231,231000.0,70184576.19999999
2025-08-01 02:24:00 PM,1000.0,107,107000.0,70291576.19999999
2025-08-01 02:24:36 PM,1000.0,5,5000.0,70296576.19999999
2025-08-01 02:25:30 PM,1000.0,1,1000.0,70297576.19999999
2025-08-01 02:26:13 PM,1000.0,80,80000.0,70377576.19999999
2025-08-01 02:26:24 PM,1000.4,0,0.0,70377576.19999999
2025-08-01 02:26:28 PM,1000.4,1,1000.4,70378576.6
2025-08-01 02:27:12 PM,1000.0,0,0.0,70378576.6
2025-08-01 02:27:17 PM,1000.0,4,4000.0,70382576.6
2025-08-01 02:28:05 PM,1000.0,12,12000.0,70394576.6
2025-08-01 02:28:37 PM,1000.0,5,5000.0,70399576.6
2025-08-01 02:29:12 PM,1000.4,4,4001.6,70403578.19999999
2025-08-01 02:29:39 PM,1000.4,2,2000.8,70405578.99999999
2025-08-01 02:30:39 PM,1000.4,1,1000.4,70406579.39999999
2025-08-01 02:31:00 PM,1000.0,0,0.0,70406579.39999999
2025-08-01 02:31:00 PM,1000.0,1228,1228000.0,71634579.39999999
2025-08-01 02:31:01 PM,1000.0,27,27000.0,71661579.39999999
2025-08-01 02:31:12 PM,1000.0,177,177000.0,71838579.39999999
2025-08-01 02:31:18 PM,1000.0,35,35000.0,71873579.39999999
2025-08-01 02:31:23 PM,1000.0,478,478000.0,72351579.39999999
2025-08-01 02:31:24 PM,1000.0,154,154000.0,72505579.39999999
2025-08-01 02:31:50 PM,1000.0,15,15000.0,72520579.39999999
2025-08-01 02:31:53 PM,1000.1,0,0.0,72520579.39999999
2025-08-01 02:31:55 PM,1000.1,134,134013.4,72654592.8
2025-08-01 02:32:00 PM,1000.1,1,1000.1,72655592.89999999
2025-08-01 02:32:46 PM,1000.4,337,337134.8,72992727.69999999
2025-08-01 02:32:53 PM,1000.0,0,0.0,72992727.69999999
2025-08-01 02:32:55 PM,1000.0,11,11000.0,73003727.69999999
2025-08-01 02:33:11 PM,1001.7,0,0.0,73003727.69999999
2025-08-01 02:33:12 PM,1001.7,20,20034.0,73023761.69999999
2025-08-01 02:33:25 PM,1001.7,5,5008.5,73028770.19999999
2025-08-01 02:34:46 PM,1000.9,0,0.0,73028770.19999999
2025-08-01 02:34:47 PM,1000.9,1,1000.9,73029771.1
2025-08-01 02:35:22 PM,1001.1,0,0.0,73029771.1
2025-08-01 02:35:22 PM,1001.1,5,5005.5,73034776.6
2025-08-01 02:36:06 PM,1000.2,0,0.0,73034776.6
2025-08-01 02:36:06 PM,1000.2,5,5001.0,73039777.6
2025-08-01 02:36:28 PM,1000.9,0,0.0,73039777.6
2025-08-01 02:36:28 PM,1000.9,1,1000.9,73040778.5
2025-08-01 02:36:36 PM,1000.9,1,1000.9,73041779.4
2025-08-01 02:37:08 PM,1001.4,50,50070.0,73091849.4
2025-08-01 02:39:05 PM,1000.2,0,0.0,73091849.4
2025-08-01 02:39:08 PM,1000.2,50,50010.0,73141859.4
2025-08-01 02:39:46 PM,1000.8,0,0.0,73141859.4
2025-08-01 02:39:48 PM,1000.8,5,5004.0,73146863.4
2025-08-01 02:40:13 PM,1000.7,0,0.0,73146863.4
2025-08-01 02:40:16 PM,1000.7,1,1000.7,73147864.10000001
2025-08-01 02:40:43 PM,1000.7,16,16011.2,73163875.30000001
2025-08-01 02:41:00 PM,1000.0,50,50000.0,73213875.30000001
2025-08-01 02:41:11 PM,1000.0,30,30000.0,73243875.30000001
2025-08-01 02:41:13 PM,1001.2,0,0.0,73243875.30000001
2025-08-01 02:41:17 PM,1001.2,66,66079.2,73309954.50000001
2025-08-01 02:41:33 PM,1000.0,50,50000.0,73359954.50000001
2025-08-01 02:41:53 PM,1000.0,491,491000.0,73850954.50000001
2025-08-01 02:42:06 PM,1000.7,0,0.0,73850954.50000001
2025-08-01 02:42:10 PM,1000.7,14,14009.800000000001,73864964.30000001
2025-08-01 02:42:24 PM,1000.0,0,0.0,73864964.30000001
2025-08-01 02:42:25 PM,1000.0,130,130000.0,73994964.30000001
2025-08-01 02:42:57 PM,1000.0,1000,1000000.0,74994964.30000001
2025-08-01 02:42:58 PM,1000.0,175,175000.0,75169964.30000001
2025-08-01 02:43:20 PM,1000.0,14,14000.0,75183964.30000001
2025-08-01 02:43:46 PM,1000.0,90,90000.0,75273964.30000001
2025-08-01 02:43:48 PM,1003.1,0,0.0,75273964.30000001
2025-08-01 02:43:51 PM,1003.1,2531,2538846.1,77812810.4
2025-08-01 02:43:51 PM,1001.2,104,104124.8,77916935.2
2025-08-01 02:44:14 PM,1000.8,0,0.0,77916935.2
2025-08-01 02:44:14 PM,1000.8,8,8006.4,77924941.60000001
2025-08-01 02:45:44 PM,1001.7,182,182309.4,78107251.00000001
2025-08-01 02:46:23 PM,1002.7,10,10027.0,78117278.00000001
2025-08-01 02:47:35 PM,1001.3,260,260338.0,78377616.00000001
2025-08-01 02:47:58 PM,1002.9,248,248719.19999999998,78626335.20000002
2025-08-01 02:48:03 PM,1002.5,0,0.0,78626335.20000002
2025-08-01 02:48:04 PM,1002.5,52,52130.0,78678465.20000002
2025-08-01 02:48:30 PM,1001.9,0,0.0,78678465.20000002
2025-08-01 02:48:33 PM,1001.9,1,1001.9,78679467.10000002
2025-08-01 02:48:54 PM,1002.7,0,0.0,78679467.10000002
2025-08-01 02:48:55 PM,1002.8,45,45126.0,78724593.10000002
2025-08-01 02:49:06 PM,1002.8,1,1002.8,78725595.90000002
2025-08-01 02:49:32 PM,1002.1,0,0.0,78725595.90000002
2025-08-01 02:49:33 PM,1002.1,1,1002.1,78726598.00000001
2025-08-01 02:50:01 PM,1002.0,1,1002.0,78727600.00000001
2025-08-01 02:50:10 PM,1002.1,0,0.0,78727600.00000001
2025-08-01 02:50:13 PM,1002.1,1,1002.1,78728602.10000001
2025-08-01 02:50:18 PM,1002.0,12,12024.0,78740626.10000001
2025-08-01 02:50:45 PM,1002.0,1,1002.0,78741628.10000001
2025-08-01 02:50:47 PM,1001.0,0,0.0,78741628.10000001
2025-08-01 02:50:50 PM,1001.0,15,15015.0,78756643.10000001
2025-08-01 02:51:54 PM,1001.7,0,0.0,78756643.10000001
2025-08-01 02:51:55 PM,1001.7,4,4006.8,78760649.9
2025-08-01 02:51:56 PM,1001.0,0,0.0,78760649.9
2025-08-01 02:52:00 PM,1001.0,253,253253.0,79013902.9
2025-08-01 02:52:12 PM,1003.3,1,1003.3,79014906.2
2025-08-01 02:52:14 PM,1001.0,0,0.0,79014906.2
2025-08-01 02:52:17 PM,1001.0,259,259259.0,79274165.2
2025-08-01 02:52:27 PM,1001.0,86,86086.0,79360251.2
2025-08-01 02:52:54 PM,1001.0,217,217217.0,79577468.2
2025-08-01 02:52:55 PM,1000.6,0,0.0,79577468.2
2025-08-01 02:52:55 PM,1000.6,86,86051.6,79663519.8
2025-08-01 02:53:15 PM,1001.0,0,0.0,79663519.8
2025-08-01 02:53:16 PM,1001.0,7,7007.0,79670526.8
2025-08-01 02:53:25 PM,1000.2,0,0.0,79670526.8
2025-08-01 02:53:26 PM,1000.2,86,86017.2,79756544.0
2025-08-01 02:53:39 PM,1001.7,0,0.0,79756544.0
2025-08-01 02:53:39 PM,1001.7,4,4006.8,79760550.8
2025-08-01 02:53:55 PM,1000.0,87,87000.0,79847550.8
2025-08-01 02:53:58 PM,1000.0,130,130000.0,79977550.8
2025-08-01 02:54:27 PM,1000.0,86,86000.0,80063550.8
2025-08-01 02:54:32 PM,1000.0,260,260000.0,80323550.8
2025-08-01 02:54:48 PM,1000.0,1313,1313000.0,81636550.8
2025-08-01 02:54:51 PM,1000.0,239,239000.0,81875550.8
2025-08-01 02:54:54 PM,1000.0,13,13000.0,81888550.8
2025-08-01 02:54:57 PM,1000.0,201,201000.0,82089550.8
2025-08-01 02:55:05 PM,1000.0,70,70000.0,82159550.8
2025-08-01 02:55:16 PM,1000.0,143,143000.0,82302550.8
2025-08-01 02:55:20 PM,1000.0,78,78000.0,82380550.8
2025-08-01 02:55:25 PM,1000.0,295,295000.0,82675550.8
2025-08-01 02:55:55 PM,1000.5,0,0.0,82675550.8
2025-08-01 02:55:58 PM,1000.0,0,0.0,82675550.8
2025-08-01 02:55:58 PM,1000.0,172,172000.0,82847550.8
2025-08-01 02:56:27 PM,1000.0,136,136000.0,82983550.8
2025-08-01 02:56:32 PM,1001.1,1,1001.1,82984551.89999999
2025-08-01 02:56:56 PM,1000.0,0,0.0,82984551.89999999
2025-08-01 02:56:59 PM,1000.0,88,88000.0,83072551.89999999
2025-08-01 02:57:27 PM,999.8,0,0.0,83072551.89999999
2025-08-01 02:57:27 PM,999.8,86,85982.8,83158534.69999999
2025-08-01 02:57:55 PM,999.4,87,86947.8,83245482.49999999
2025-08-01 02:58:28 PM,999.3,0,0.0,83245482.49999999
2025-08-01 02:58:29 PM,999.3,86,85939.8,83331422.29999998
2025-08-01 02:58:35 PM,1000.5,0,0.0,83331422.29999998
2025-08-01 02:58:36 PM,1000.5,75,75037.5,83406459.79999998
2025-08-01 02:58:37 PM,1001.1,0,0.0,83406459.79999998
2025-08-01 02:58:40 PM,1001.1,26,26028.600000000002,83432488.39999998
2025-08-01 02:58:50 PM,1000.0,0,0.0,83432488.39999998
2025-08-01 02:58:51 PM,1000.0,20,20000.0,83452488.39999998
2025-08-01 02:58:56 PM,1000.0,86,86000.0,83538488.39999998
2025-08-01 02:59:06 PM,999.7,0,0.0,83538488.39999998
2025-08-01 02:59:08 PM,999.7,293,292912.10000000003,83831400.49999997
2025-08-01 02:59:10 PM,1000.2,0,0.0,83831400.49999997
2025-08-01 02:59:10 PM,1000.2,6,6001.200000000001,83837401.69999997
2025-08-01 02:59:16 PM,1003.4,155,155527.0,83992928.69999997
2025-08-01 02:59:25 PM,1000.0,86,86000.0,84078928.69999997
2025-08-01 02:59:55 PM,1000.0,87,87000.0,84165928.69999997
2025-08-01 03:00:00 PM,1001.4,10,10014.0,84175942.69999997
2025-08-01 03:00:04 PM,1001.4,5,5007.0,84180949.69999997
2025-08-01 03:00:06 PM,1001.4,1,1001.4,84181951.09999998
2025-08-01 03:00:25 PM,1000.0,0,0.0,84181951.09999998
2025-08-01 03:00:28 PM,1000.0,86,86000.0,84267951.09999998
2025-08-01 03:00:58 PM,1000.0,86,86000.0,84353951.09999998
2025-08-01 03:01:17 PM,1000.0,20,20000.0,84373951.09999998
2025-08-01 03:01:25 PM,1000.0,86,86000.0,84459951.09999998
2025-08-01 03:01:32 PM,1000.0,3,3000.0,84462951.09999998
2025-08-01 03:01:46 PM,1001.5,75,75112.5,84538063.59999998
2025-08-01 03:01:50 PM,1001.9,1,1001.9,84539065.49999999
2025-08-01 03:02:02 PM,1001.9,21,21039.899999999998,84560105.39999999
2025-08-01 03:02:11 PM,1001.9,3,3005.7,84563111.1
2025-08-01 03:02:18 PM,1000.0,0,0.0,84563111.1
2025-08-01 03:02:21 PM,1000.0,40,40000.0,84603111.1
2025-08-01 03:02:26 PM,1001.8,9,9016.199999999999,84612127.3
2025-08-01 03:02:48 PM,1002.0,28,28056.0,84640183.3
2025-08-01 03:02:49 PM,1001.7,0,0.0,84640183.3
2025-08-01 03:02:51 PM,1001.7,5,5008.5,84645191.8
2025-08-01 03:02:55 PM,1001.6,0,0.0,84645191.8
2025-08-01 03:02:57 PM,1001.6,1,1001.6,84646193.39999999
2025-08-01 03:03:22 PM,1001.7,1,1001.7,84647195.1
2025-08-01 03:03:34 PM,1001.8,5,5009.0,84652204.1
2025-08-01 03:03:40 PM,1001.8,1,1001.8,84653205.89999999
2025-08-01 03:03:55 PM,1001.9,1,1001.9,84654207.8
2025-08-01 03:04:04 PM,1001.9,3,3005.7,84657213.5
2025-08-01 03:04:20 PM,1001.9,1,1001.9,84658215.4
2025-08-01 03:04:22 PM,1001.9,2,2003.8,84660219.2
2025-08-01 03:04:26 PM,1002.0,9,9018.0,84669237.2
2025-08-01 03:04:41 PM,1000.6,5,5003.0,84674240.2
2025-08-01 03:04:46 PM,1001.7,0,0.0,84674240.2
2025-08-01 03:04:47 PM,1001.7,3,3005.1000000000004,84677245.3
2025-08-01 03:04:56 PM,1000.0,50,50000.0,84727245.3
2025-08-01 03:04:59 PM,1000.0,155,155000.0,84882245.3
2025-08-01 03:05:12 PM,1001.4,1,1001.4,84883246.7
2025-08-01 03:05:22 PM,1001.7,1,1001.7,84884248.4
2025-08-01 03:05:25 PM,1001.7,1,1001.7,84885250.10000001
2025-08-01 03:05:43 PM,1002.0,0,0.0,84885250.10000001
2025-08-01 03:05:44 PM,1002.0,29,29058.0,84914308.10000001
2025-08-01 03:05:54 PM,1002.3,0,0.0,84914308.10000001
2025-08-01 03:05:56 PM,1002.3,5,5011.5,84919319.60000001
2025-08-01 03:06:01 PM,1001.7,0,0.0,84919319.60000001
2025-08-01 03:06:02 PM,1001.9,3,3005.7,84922325.30000001
2025-08-01 03:06:05 PM,1001.7,1,1001.7,84923327.00000001
2025-08-01 03:06:39 PM,1001.7,1,1001.7,84924328.70000002
2025-08-01 03:06:48 PM,1001.8,1,1001.8,84925330.50000001
2025-08-01 03:06:55 PM,1000.4,4,4001.6,84929332.10000001
2025-08-01 03:07:04 PM,1001.5,0,0.0,84929332.10000001
2025-08-01 03:07:04 PM,1001.5,10,10015.0,84939347.10000001
2025-08-01 03:07:06 PM,1001.9,0,0.0,84939347.10000001
2025-08-01 03:07:07 PM,1001.9,1,1001.9,84940349.00000001
2025-08-01 03:07:14 PM,1001.9,1,1001.9,84941350.90000002
2025-08-01 03:07:25 PM,1001.8,0,0.0,84941350.90000002
2025-08-01 03:07:26 PM,1001.8,2,2003.6,84943354.50000001
2025-08-01 03:07:31 PM,1000.5,0,0.0,84943354.50000001
2025-08-01 03:07:32 PM,1000.5,1,1000.5,84944355.00000001
2025-08-01 03:07:54 PM,1001.7,1,1001.7,84945356.70000002
2025-08-01 03:08:00 PM,1001.0,4,4004.0,84949360.70000002
2025-08-01 03:08:02 PM,1001.6,2,2003.2,84951363.90000002
2025-08-01 03:08:19 PM,1001.7,8,8013.6,84959377.50000001
2025-08-01 03:08:20 PM,1001.6,0,0.0,84959377.50000001
2025-08-01 03:08:21 PM,1001.6,8,8012.8,84967390.30000001
2025-08-01 03:08:31 PM,1001.5,2,2003.0,84969393.30000001
2025-08-01 03:08:37 PM,1001.5,97,97145.5,85066538.80000001
2025-08-01 03:08:43 PM,1001.5,1,1001.5,85067540.30000001
2025-08-01 03:08:50 PM,1001.9,114,114216.59999999999,85181756.9
2025-08-01 03:08:52 PM,1001.1,14,14015.4,85195772.30000001
2025-08-01 03:08:56 PM,1000.6,5,5003.0,85200775.30000001
2025-08-01 03:09:11 PM,1001.8,7,7012.599999999999,85207787.9
2025-08-01 03:09:22 PM,1001.8,41,41073.799999999996,85248861.7
2025-08-01 03:09:34 PM,1001.0,50,50050.0,85298911.7
2025-08-01 03:09:36 PM,1001.7,1,1001.7,85299913.4
2025-08-01 03:09:48 PM,1001.7,2,2003.4,85301916.80000001
2025-08-01 03:09:50 PM,1002.1,555,556165.5,85858082.30000001
2025-08-01 03:09:53 PM,1001.9,0,0.0,85858082.30000001
2025-08-01 03:09:55 PM,1002.8,6,6016.799999999999,85864099.10000001
2025-08-01 03:10:01 PM,1002.1,0,0.0,85864099.10000001
2025-08-01 03:10:02 PM,1002.1,2,2004.2,85866103.30000001
2025-08-01 03:10:05 PM,1002.6,10,10026.0,85876129.30000001
2025-08-01 03:10:12 PM,1002.6,5,5013.0,85881142.30000001
2025-08-01 03:10:16 PM,1001.7,5,5008.5,85886150.80000001
2025-08-01 03:10:21 PM,1002.6,0,0.0,85886150.80000001
2025-08-01 03:10:23 PM,1002.6,4,4010.4,85890161.20000002
2025-08-01 03:10:36 PM,1001.9,0,0.0,85890161.20000002
2025-08-01 03:10:37 PM,1001.9,30,30057.0,85920218.20000002
2025-08-01 03:10:39 PM,1000.7,13,13009.1,85933227.30000001
2025-08-01 03:10:41 PM,1002.4,0,0.0,85933227.30000001
2025-08-01 03:10:43 PM,1001.5,32,32048.0,85965275.30000001
2025-08-01 03:10:56 PM,1002.3,1,1002.3,85966277.60000001
2025-08-01 03:11:01 PM,1001.6,0,0.0,85966277.60000001
2025-08-01 03:11:02 PM,1001.6,31,31049.600000000002,85997327.2
2025-08-01 03:11:15 PM,1001.6,18,18028.8,86015356.0
2025-08-01 03:11:17 PM,1001.6,1,1001.6,86016357.6
2025-08-01 03:11:28 PM,1001.4,133,133186.19999999998,86149543.8
2025-08-01 03:11:41 PM,1002.4,4,4009.6,86153553.39999999
2025-08-01 03:11:41 PM,1000.9,0,0.0,86153553.39999999
2025-08-01 03:11:43 PM,1000.9,9,9008.1,86162561.49999999
2025-08-01 03:11:47 PM,1002.3,5,5011.5,86167572.99999999
2025-08-01 03:11:56 PM,1000.8,8,8006.4,86175579.39999999
2025-08-01 03:12:00 PM,1000.9,5,5004.5,86180583.89999999
2025-08-01 03:12:13 PM,1002.3,0,0.0,86180583.89999999
2025-08-01 03:12:13 PM,1002.3,1,1002.3,86181586.19999999
2025-08-01 03:12:20 PM,1002.3,5,5011.5,86186597.69999999
2025-08-01 03:12:22 PM,1000.6,10,10006.0,86196603.69999999
2025-08-01 03:12:26 PM,1002.3,11,11025.3,86207628.99999999
2025-08-01 03:12:39 PM,1000.9,4,4003.6,86211632.59999998
2025-08-01 03:12:52 PM,1000.0,9,9000.0,86220632.59999998
2025-08-01 03:13:01 PM,1000.7,146,146102.2,86366734.79999998
2025-08-01 03:13:06 PM,1000.0,0,0.0,86366734.79999998
2025-08-01 03:13:08 PM,1000.0,204,204000.0,86570734.79999998
2025-08-01 03:13:12 PM,1000.0,8,8000.0,86578734.79999998
2025-08-01 03:13:15 PM,1000.0,40,40000.0,86618734.79999998
2025-08-01 03:13:21 PM,1000.0,7,7000.0,86625734.79999998
2025-08-01 03:13:27 PM,1000.0,8,8000.0,86633734.79999998
2025-08-01 03:13:40 PM,1001.3,0,0.0,86633734.79999998
2025-08-01 03:13:42 PM,1001.3,5,5006.5,86638741.29999998
2025-08-01 03:14:01 PM,1000.9,0,0.0,86638741.29999998
2025-08-01 03:14:03 PM,1000.9,10,10009.0,86648750.29999998
2025-08-01 03:14:06 PM,1000.0,17,17000.0,86665750.29999998
2025-08-01 03:14:22 PM,1001.2,5,5006.0,86670756.29999998
2025-08-01 03:14:34 PM,1001.2,8,8009.6,86678765.89999998
2025-08-01 03:14:37 PM,1001.2,1,1001.2,86679767.09999998
2025-08-01 03:14:40 PM,1001.3,143,143185.9,86822952.99999999
2025-08-01 03:14:46 PM,1001.5,1,1001.5,86823954.49999999
2025-08-01 03:14:54 PM,1000.0,0,0.0,86823954.49999999
2025-08-01 03:14:55 PM,1000.0,66,66000.0,86889954.49999999
2025-08-01 03:15:00 PM,1001.2,0,0.0,86889954.49999999
2025-08-01 03:15:01 PM,1001.2,5,5006.0,86894960.49999999
2025-08-01 03:15:23 PM,1001.2,2,2002.4,86896962.89999999
2025-08-01 03:15:28 PM,1001.2,1,1001.2,86897964.1
2025-08-01 03:15:30 PM,1001.1,1,1001.1,86898965.19999999
2025-08-01 03:15:41 PM,1001.2,0,0.0,86898965.19999999
2025-08-01 03:15:42 PM,1001.2,4,4004.8,86902969.99999999
2025-08-01 03:15:56 PM,1000.0,0,0.0,86902969.99999999
2025-08-01 03:15:57 PM,1000.0,250,250000.0,87152969.99999999
2025-08-01 03:16:04 PM,1000.7,4,4002.8,87156972.79999998
2025-08-01 03:16:05 PM,1000.0,0,0.0,87156972.79999998
2025-08-01 03:16:06 PM,1000.0,208,208000.0,87364972.79999998
2025-08-01 03:16:11 PM,1000.0,529,529000.0,87893972.79999998
2025-08-01 03:16:18 PM,1000.9,128,128115.2,88022087.99999999
2025-08-01 03:16:25 PM,1000.9,5,5004.5,88027092.49999999
2025-08-01 03:16:32 PM,1000.0,50,50000.0,88077092.49999999
2025-08-01 03:16:39 PM,1000.0,150,150000.0,88227092.49999999
2025-08-01 03:16:45 PM,1000.0,100,100000.0,88327092.49999999
2025-08-01 03:16:53 PM,1000.9,1,1000.9,88328093.39999999
2025-08-01 03:16:59 PM,1000.9,2,2001.8,88330095.19999999
2025-08-01 03:17:00 PM,1000.9,4,4003.6,88334098.79999998
2025-08-01 03:17:02 PM,1000.3,0,0.0,88334098.79999998
2025-08-01 03:17:05 PM,1000.3,1,1000.3,88335099.09999998
2025-08-01 03:17:14 PM,1000.9,2,2001.8,88337100.89999998
2025-08-01 03:17:19 PM,1000.9,1,1000.9,88338101.79999998
2025-08-01 03:17:39 PM,1000.9,1,1000.9,88339102.69999999
2025-08-01 03:17:40 PM,1000.9,5,5004.5,88344107.19999999
2025-08-01 03:17:44 PM,1000.3,0,0.0,88344107.19999999
2025-08-01 03:17:45 PM,1000.3,5,5001.5,88349108.69999999
2025-08-01 03:17:46 PM,1000.0,50,50000.0,88399108.69999999
2025-08-01 03:17:50 PM,1000.9,0,0.0,88399108.69999999
2025-08-01 03:17:51 PM,1000.9,74,74066.59999999999,88473175.29999998
2025-08-01 03:18:11 PM,1000.6,3,3001.8,88476177.09999998
2025-08-01 03:18:13 PM,1000.8,10,10008.0,88486185.09999998
2025-08-01 03:18:18 PM,1000.9,6,6005.4,88492190.49999999
2025-08-01 03:18:20 PM,1000.9,5,5004.5,88497194.99999999
2025-08-01 03:18:28 PM,1000.4,0,0.0,88497194.99999999
2025-08-01 03:18:31 PM,1000.4,9,9003.6,88506198.59999998
2025-08-01 03:18:39 PM,1000.9,9,9008.1,88515206.69999997
2025-08-01 03:18:44 PM,1000.9,24,24021.6,88539228.29999997
2025-08-01 03:18:46 PM,1000.4,10,10004.0,88549232.29999997
2025-08-01 03:18:59 PM,1000.3,10,10003.0,88559235.29999997
2025-08-01 03:19:03 PM,1000.3,6,6001.799999999999,88565237.09999996
2025-08-01 03:19:06 PM,1000.3,2,2000.6,88567237.69999996
2025-08-01 03:19:10 PM,1000.3,10,10003.0,88577240.69999996
2025-08-01 03:19:17 PM,1000.1,15,15001.5,88592242.19999996
2025-08-01 03:19:24 PM,1000.2,98,98019.6,88690261.79999995
2025-08-01 03:19:30 PM,1000.2,1,1000.2,88691261.99999996
2025-08-01 03:19:37 PM,1000.2,72,72014.40000000001,88763276.39999996
2025-08-01 03:19:43 PM,1000.2,23,23004.600000000002,88786280.99999996
2025-08-01 03:19:51 PM,1000.2,30,30006.0,88816286.99999996
2025-08-01 03:20:03 PM,1000.2,40,40008.0,88856294.99999996
2025-08-01 03:20:05 PM,1000.1,77,77007.7,88933302.69999996
2025-08-01 03:20:10 PM,1000.1,135,135013.5,89068316.19999996
2025-08-01 03:20:13 PM,1000.3,8,8002.4,89076318.59999996
2025-08-01 03:20:20 PM,1000.3,72,72021.59999999999,89148340.19999996
2025-08-01 03:20:25 PM,1000.1,20,20002.0,89168342.19999996
2025-08-01 03:20:27 PM,1000.3,1,1000.3,89169342.49999996
2025-08-01 03:20:34 PM,1000.1,0,0.0,89169342.49999996
2025-08-01 03:20:35 PM,1000.1,2,2000.2,89171342.69999996
2025-08-01 03:20:48 PM,1000.3,0,0.0,89171342.69999996
2025-08-01 03:20:48 PM,1000.3,9,9002.699999999999,89180345.39999996
2025-08-01 03:20:52 PM,1000.3,9,9002.699999999999,89189348.09999996
2025-08-01 03:20:57 PM,1000.2,0,0.0,89189348.09999996
2025-08-01 03:20:59 PM,1000.3,20,20006.0,89209354.09999996
2025-08-01 03:21:01 PM,1000.2,16,16003.2,89225357.29999997
2025-08-01 03:21:27 PM,1000.2,478,478095.60000000003,89703452.89999996
2025-08-01 03:21:36 PM,1000.5,56,56028.0,89759480.89999996
2025-08-01 03:21:41 PM,1000.5,5,5002.5,89764483.39999996
2025-08-01 03:21:49 PM,1000.0,100,100000.0,89864483.39999996
2025-08-01 03:21:54 PM,1000.0,1,1000.0,89865483.39999996
2025-08-01 03:22:02 PM,1000.5,5,5002.5,89870485.89999996
2025-08-01 03:22:09 PM,1000.3,15,15004.5,89885490.39999996
2025-08-01 03:22:14 PM,1000.5,5,5002.5,89890492.89999996
2025-08-01 03:22:21 PM,1000.5,4,4002.0,89894494.89999996
2025-08-01 03:22:28 PM,1000.5,57,57028.5,89951523.39999996
2025-08-01 03:22:36 PM,1000.5,21,21010.5,89972533.89999996
2025-08-01 03:23:01 PM,1000.5,6,6003.0,89978536.89999996
2025-08-01 03:23:03 PM,1000.5,1,1000.5,89979537.39999996
2025-08-01 03:23:17 PM,1000.4,15,15006.0,89994543.39999996
2025-08-01 03:23:28 PM,1000.4,30,30012.0,90024555.39999996
2025-08-01 03:23:36 PM,1000.5,0,0.0,90024555.39999996
2025-08-01 03:23:36 PM,1000.5,10,10005.0,90034560.39999996
2025-08-01 03:23:41 PM,1000.5,5,5002.5,90039562.89999996
2025-08-01 03:23:43 PM,1000.0,3,3000.0,90042562.89999996
2025-08-01 03:23:46 PM,1000.4,0,0.0,90042562.89999996
2025-08-01 03:23:47 PM,1000.4,21,21008.399999999998,90063571.29999997
2025-08-01 03:23:54 PM,1000.5,1,1000.5,90064571.79999997
2025-08-01 03:24:00 PM,1000.5,1,1000.5,90065572.29999997
2025-08-01 03:24:02 PM,1000.5,5,5002.5,90070574.79999997
2025-08-01 03:24:05 PM,1000.4,0,0.0,90070574.79999997
2025-08-01 03:24:07 PM,1000.4,240,240096.0,90310670.79999997
2025-08-01 03:24:15 PM,1000.4,106,106042.4,90416713.19999997
2025-08-01 03:24:21 PM,1000.4,73,73029.2,90489742.39999998
2025-08-01 03:24:34 PM,1000.5,56,56028.0,90545770.39999998
2025-08-01 03:24:41 PM,1000.0,10,10000.0,90555770.39999998
2025-08-01 03:24:55 PM,1000.0,555,555000.0,91110770.39999998
2025-08-01 03:25:01 PM,1000.5,285,285142.5,91395912.89999998
2025-08-01 03:25:08 PM,1000.5,5,5002.5,91400915.39999998
2025-08-01 03:25:29 PM,1000.5,1,1000.5,91401915.89999998
2025-08-01 03:25:34 PM,1000.1,80,80008.0,91481923.89999998
2025-08-01 03:25:40 PM,1000.1,205,205020.5,91686944.39999998
2025-08-01 03:25:42 PM,1000.0,20,20000.0,91706944.39999998
2025-08-01 03:25:48 PM,1000.0,95,95000.0,91801944.39999998
2025-08-01 03:26:01 PM,1000.0,10,10000.0,91811944.39999998
2025-08-01 03:26:06 PM,1000.0,105,105000.0,91916944.39999998
2025-08-01 03:26:13 PM,1000.0,100,100000.0,92016944.39999998
2025-08-01 03:26:15 PM,1000.1,62,62006.200000000004,92078950.59999998
2025-08-01 03:26:20 PM,1000.1,4,4000.4,92082950.99999999
2025-08-01 03:26:27 PM,1000.1,25,25002.5,92107953.49999999
2025-08-01 03:26:33 PM,1000.0,48,48000.0,92155953.49999999
2025-08-01 03:26:38 PM,1000.1,0,0.0,92155953.49999999
2025-08-01 03:26:40 PM,1000.1,1,1000.1,92156953.59999998
2025-08-01 03:27:35 PM,1000.1,483,483048.3,92640001.89999998
2025-08-01 03:27:36 PM,1000.0,0,0.0,92640001.89999998
2025-08-01 03:27:37 PM,1000.0,20,20000.0,92660001.89999998
2025-08-01 03:27:42 PM,1000.0,102,102000.0,92762001.89999998
2025-08-01 03:27:49 PM,1000.0,20,20000.0,92782001.89999998
2025-08-01 03:28:02 PM,999.8,197,196960.59999999998,92978962.49999997
2025-08-01 03:28:04 PM,1000.0,132,132000.0,93110962.49999997
2025-08-01 03:28:09 PM,1000.0,185,185000.0,93295962.49999997
2025-08-01 03:28:11 PM,1000.0,15,15000.0,93310962.49999997
2025-08-01 03:28:16 PM,1000.1,118,118011.8,93428974.29999997
2025-08-01 03:28:21 PM,1000.0,0,0.0,93428974.29999997
2025-08-01 03:28:23 PM,1000.0,90,90000.0,93518974.29999997
2025-08-01 03:28:30 PM,1000.0,100,100000.0,93618974.29999997
2025-08-01 03:28:51 PM,1000.0,10,10000.0,93628974.29999997
2025-08-01 03:29:05 PM,1000.0,28,28000.0,93656974.29999997
2025-08-01 03:29:07 PM,1000.2,88,88017.6,93744991.89999996
2025-08-01 03:29:10 PM,1000.0,0,0.0,93744991.89999996
2025-08-01 03:29:13 PM,1004.0,156,156624.0,93901615.89999996
2025-08-01 03:29:15 PM,1004.0,125,125500.0,94027115.89999996
2025-08-01 03:29:23 PM,1000.2,5,5001.0,94032116.89999996
2025-08-01 03:29:28 PM,1000.2,546,546109.2000000001,94578226.09999996
2025-08-01 03:29:34 PM,1003.9,0,0.0,94578226.09999996
2025-08-01 03:29:36 PM,1003.9,1,1003.9,94579229.99999997
2025-08-01 03:29:44 PM,1003.9,1,1003.9,94580233.89999998
2025-08-01 03:29:51 PM,1003.8,25,25095.0,94605328.89999998
