date,price,qty,trnvr,cum_trnvr
2025-08-01 09:15:01 AM,827.65,44,36416.6,36416.6
2025-08-01 09:15:02 AM,825.05,6,4950.299999999999,41366.899999999994
2025-08-01 09:15:11 AM,827.9,0,0.0,41366.899999999994
2025-08-01 09:15:12 AM,827.9,1,827.9,42194.799999999996
2025-08-01 09:15:20 AM,832.45,0,0.0,42194.799999999996
2025-08-01 09:15:23 AM,832.45,22,18313.9,60508.7
2025-08-01 09:15:39 AM,839.85,0,0.0,60508.7
2025-08-01 09:15:40 AM,839.85,1,839.85,61348.549999999996
2025-08-01 09:16:21 AM,830.3,16,13284.8,74633.34999999999
2025-08-01 09:16:26 AM,829.55,0,0.0,74633.34999999999
2025-08-01 09:16:29 AM,829.55,20,16591.0,91224.34999999999
2025-08-01 09:16:45 AM,825.0,0,0.0,91224.34999999999
2025-08-01 09:16:46 AM,825.0,93,76725.0,167949.34999999998
2025-08-01 09:16:54 AM,822.6,68,55936.8,223886.14999999997
2025-08-01 09:17:15 AM,827.65,0,0.0,223886.14999999997
2025-08-01 09:17:18 AM,827.65,91,75316.15,299202.29999999993
2025-08-01 09:17:20 AM,823.15,85,69967.75,369170.04999999993
2025-08-01 09:17:22 AM,827.6,0,0.0,369170.04999999993
2025-08-01 09:17:27 AM,827.6,85,70346.0,439516.04999999993
2025-08-01 09:18:26 AM,822.65,46,37841.9,477357.94999999995
2025-08-01 09:20:02 AM,827.6,5,4138.0,481495.94999999995
2025-08-01 09:20:57 AM,827.65,212,175461.8,656957.75
2025-08-01 09:21:06 AM,827.75,1,827.75,657785.5
2025-08-01 09:21:47 AM,827.7,0,0.0,657785.5
2025-08-01 09:21:51 AM,827.7,1,827.7,658613.2
2025-08-01 09:22:11 AM,826.7,0,0.0,658613.2
2025-08-01 09:22:14 AM,826.65,40,33066.0,691679.2
2025-08-01 09:23:17 AM,824.5,36,29682.0,721361.2
2025-08-01 09:23:32 AM,825.0,25,20625.0,741986.2
2025-08-01 09:24:16 AM,824.8,12,9897.599999999999,751883.7999999999
2025-08-01 09:24:31 AM,824.05,1,824.05,752707.85
2025-08-01 09:24:56 AM,824.0,27,22248.0,774955.85
2025-08-01 09:26:31 AM,824.4,0,0.0,774955.85
2025-08-01 09:26:32 AM,824.4,139,114591.59999999999,889547.45
2025-08-01 09:27:06 AM,826.2,0,0.0,889547.45
2025-08-01 09:27:10 AM,827.8,5,4139.0,893686.45
2025-08-01 09:28:03 AM,827.8,5,4139.0,897825.45
2025-08-01 09:28:18 AM,830.0,175,145250.0,1043075.45
2025-08-01 09:28:33 AM,830.15,2,1660.3,1044735.75
2025-08-01 09:28:56 AM,829.05,5,4145.25,1048881.0
2025-08-01 09:30:16 AM,830.4,0,0.0,1048881.0
2025-08-01 09:30:19 AM,830.4,10,8304.0,1057185.0
2025-08-01 09:30:34 AM,831.9,200,166380.0,1223565.0
2025-08-01 09:30:41 AM,833.85,109,90889.65000000001,1314454.65
2025-08-01 09:31:26 AM,832.35,202,168134.7,1482589.3499999999
2025-08-01 09:31:30 AM,828.0,0,0.0,1482589.3499999999
2025-08-01 09:31:33 AM,828.0,57,47196.0,1529785.3499999999
2025-08-01 09:31:36 AM,826.95,0,0.0,1529785.3499999999
2025-08-01 09:31:40 AM,828.3,31,25677.3,1555462.65
2025-08-01 09:32:04 AM,830.3,0,0.0,1555462.65
2025-08-01 09:32:08 AM,830.3,20,16606.0,1572068.65
2025-08-01 09:33:03 AM,833.55,200,166710.0,1738778.65
2025-08-01 09:33:15 AM,831.65,0,0.0,1738778.65
2025-08-01 09:33:17 AM,831.65,1,831.65,1739610.2999999998
2025-08-01 09:33:24 AM,831.2,3,2493.6000000000004,1742103.9
2025-08-01 09:34:10 AM,830.1,0,0.0,1742103.9
2025-08-01 09:34:13 AM,830.1,40,33204.0,1775307.9
2025-08-01 09:34:23 AM,830.0,0,0.0,1775307.9
2025-08-01 09:34:27 AM,830.0,15,12450.0,1787757.9
2025-08-01 09:34:30 AM,830.3,0,0.0,1787757.9
2025-08-01 09:34:34 AM,830.3,44,36533.2,1824291.0999999999
2025-08-01 09:34:35 AM,831.25,0,0.0,1824291.0999999999
2025-08-01 09:34:41 AM,831.25,3,2493.75,1826784.8499999999
2025-08-01 09:35:35 AM,830.35,0,0.0,1826784.8499999999
2025-08-01 09:35:37 AM,830.35,2,1660.7,1828445.5499999998
2025-08-01 09:37:57 AM,829.1,218,180743.80000000002,2009189.3499999999
2025-08-01 09:38:09 AM,832.7,0,0.0,2009189.3499999999
2025-08-01 09:38:11 AM,830.25,0,0.0,2009189.3499999999
2025-08-01 09:38:11 AM,830.25,331,274812.75,2284002.0999999996
2025-08-01 09:38:20 AM,831.85,0,0.0,2284002.0999999996
2025-08-01 09:38:25 AM,831.85,55,45751.75,2329753.8499999996
2025-08-01 09:38:35 AM,833.2,0,0.0,2329753.8499999996
2025-08-01 09:38:38 AM,833.2,57,47492.4,2377246.2499999995
2025-08-01 09:39:05 AM,834.2,26,21689.2,2398935.4499999997
2025-08-01 09:39:32 AM,834.75,242,202009.5,2600944.9499999997
2025-08-01 09:40:01 AM,837.0,0,0.0,2600944.9499999997
2025-08-01 09:40:04 AM,837.0,1,837.0,2601781.9499999997
2025-08-01 09:40:37 AM,837.0,11,9207.0,2610988.9499999997
2025-08-01 09:40:40 AM,837.25,0,0.0,2610988.9499999997
2025-08-01 09:40:44 AM,837.25,30,25117.5,2636106.4499999997
2025-08-01 09:40:50 AM,837.0,19,15903.0,2652009.4499999997
2025-08-01 09:41:55 AM,838.35,0,0.0,2652009.4499999997
2025-08-01 09:41:56 AM,838.35,3,2515.05,2654524.4999999995
2025-08-01 09:42:47 AM,839.55,0,0.0,2654524.4999999995
2025-08-01 09:42:49 AM,839.55,50,41977.5,2696501.9999999995
2025-08-01 09:44:07 AM,839.2,0,0.0,2696501.9999999995
2025-08-01 09:44:08 AM,839.2,70,58744.0,2755245.9999999995
2025-08-01 09:45:03 AM,837.75,0,0.0,2755245.9999999995
2025-08-01 09:45:06 AM,837.75,2,1675.5,2756921.4999999995
2025-08-01 09:46:10 AM,838.9,0,0.0,2756921.4999999995
2025-08-01 09:46:11 AM,838.9,29,24328.1,2781249.5999999996
2025-08-01 09:46:51 AM,839.9,0,0.0,2781249.5999999996
2025-08-01 09:46:51 AM,839.9,6,5039.4,2786288.9999999995
2025-08-01 09:46:55 AM,838.2,0,0.0,2786288.9999999995
2025-08-01 09:46:56 AM,838.2,10,8382.0,2794670.9999999995
2025-08-01 09:47:02 AM,839.85,10,8398.5,2803069.4999999995
2025-08-01 09:47:14 AM,840.0,67,56280.0,2859349.4999999995
2025-08-01 09:47:46 AM,843.45,0,0.0,2859349.4999999995
2025-08-01 09:47:47 AM,843.45,200,168690.0,3028039.4999999995
2025-08-01 09:48:09 AM,839.9,3,2519.7,3030559.1999999997
2025-08-01 09:48:10 AM,842.7,0,0.0,3030559.1999999997
2025-08-01 09:48:15 AM,842.7,10,8427.0,3038986.1999999997
2025-08-01 09:48:27 AM,842.45,0,0.0,3038986.1999999997
2025-08-01 09:48:28 AM,842.45,20,16849.0,3055835.1999999997
2025-08-01 09:49:55 AM,840.65,0,0.0,3055835.1999999997
2025-08-01 09:49:56 AM,841.65,0,0.0,3055835.1999999997
2025-08-01 09:49:57 AM,841.65,83,69856.95,3125692.15
2025-08-01 09:50:17 AM,841.45,20,16829.0,3142521.15
2025-08-01 09:50:58 AM,840.9,0,0.0,3142521.15
2025-08-01 09:50:58 AM,840.9,368,309451.2,3451972.35
2025-08-01 09:51:02 AM,843.6,0,0.0,3451972.35
2025-08-01 09:51:04 AM,843.6,50,42180.0,3494152.35
2025-08-01 09:51:28 AM,843.9,0,0.0,3494152.35
2025-08-01 09:51:29 AM,843.9,1,843.9,3494996.25
2025-08-01 09:51:31 AM,843.0,14,11802.0,3506798.25
2025-08-01 09:51:33 AM,841.95,0,0.0,3506798.25
2025-08-01 09:51:35 AM,841.95,96,80827.20000000001,3587625.45
2025-08-01 09:51:42 AM,841.95,6,5051.700000000001,3592677.1500000004
2025-08-01 09:52:00 AM,841.95,20,16839.0,3609516.1500000004
2025-08-01 09:52:04 AM,840.95,0,0.0,3609516.1500000004
2025-08-01 09:52:06 AM,840.95,9,7568.55,3617084.7
2025-08-01 09:52:43 AM,840.45,0,0.0,3617084.7
2025-08-01 09:52:43 AM,840.45,30,25213.5,3642298.2
2025-08-01 09:52:52 AM,840.5,6,5043.0,3647341.2
2025-08-01 09:53:56 AM,840.1,0,0.0,3647341.2
2025-08-01 09:53:57 AM,840.1,22,18482.2,3665823.4000000004
2025-08-01 09:54:17 AM,838.9,0,0.0,3665823.4000000004
2025-08-01 09:54:17 AM,838.9,47,39428.299999999996,3705251.7
2025-08-01 09:55:27 AM,837.75,124,103881.0,3809132.7
2025-08-01 09:55:56 AM,835.95,0,0.0,3809132.7
2025-08-01 09:55:58 AM,835.95,1,835.95,3809968.6500000004
2025-08-01 09:58:21 AM,834.0,0,0.0,3809968.6500000004
2025-08-01 09:58:21 AM,834.0,92,76728.0,3886696.6500000004
2025-08-01 09:59:06 AM,833.9,0,0.0,3886696.6500000004
2025-08-01 09:59:06 AM,833.9,14,11674.6,3898371.2500000005
2025-08-01 09:59:35 AM,832.15,85,70732.75,3969104.0000000005
2025-08-01 10:00:21 AM,830.05,0,0.0,3969104.0000000005
2025-08-01 10:00:22 AM,830.05,15,12450.75,3981554.7500000005
2025-08-01 10:00:34 AM,830.1,1,830.1,3982384.8500000006
2025-08-01 10:00:53 AM,830.1,2,1660.2,3984045.0500000007
2025-08-01 10:01:06 AM,831.85,4,3327.4,3987372.4500000007
2025-08-01 10:02:21 AM,833.75,1,833.75,3988206.2000000007
2025-08-01 10:02:23 AM,831.65,0,0.0,3988206.2000000007
2025-08-01 10:02:23 AM,831.65,27,22454.55,4010660.7500000005
2025-08-01 10:02:40 AM,831.95,0,0.0,4010660.7500000005
2025-08-01 10:02:40 AM,831.95,4,3327.8,4013988.5500000003
2025-08-01 10:03:30 AM,832.65,0,0.0,4013988.5500000003
2025-08-01 10:03:31 AM,832.65,2,1665.3,4015653.85
2025-08-01 10:06:56 AM,830.15,0,0.0,4015653.85
2025-08-01 10:06:56 AM,830.15,122,101278.3,4116932.15
2025-08-01 10:07:06 AM,830.1,0,0.0,4116932.15
2025-08-01 10:07:06 AM,830.1,14,11621.4,4128553.55
2025-08-01 10:07:11 AM,830.15,0,0.0,4128553.55
2025-08-01 10:07:12 AM,830.15,1962,1628754.3,5757307.85
2025-08-01 10:07:14 AM,825.05,265,218638.25,5975946.1
2025-08-01 10:07:16 AM,828.1,0,0.0,5975946.1
2025-08-01 10:07:18 AM,828.1,20,16562.0,5992508.1
2025-08-01 10:07:25 AM,828.6,140,116004.0,6108512.1
2025-08-01 10:07:27 AM,829.85,26,21576.100000000002,6130088.199999999
2025-08-01 10:07:30 AM,829.8,0,0.0,6130088.199999999
2025-08-01 10:07:33 AM,829.8,15,12447.0,6142535.199999999
2025-08-01 10:07:48 AM,831.15,0,0.0,6142535.199999999
2025-08-01 10:07:49 AM,831.15,29,24103.35,6166638.549999999
2025-08-01 10:07:56 AM,829.8,42,34851.6,6201490.1499999985
2025-08-01 10:08:14 AM,831.25,20,16625.0,6218115.1499999985
2025-08-01 10:08:50 AM,831.4,0,0.0,6218115.1499999985
2025-08-01 10:08:50 AM,831.4,13,10808.199999999999,6228923.349999999
2025-08-01 10:08:56 AM,830.8,0,0.0,6228923.349999999
2025-08-01 10:08:56 AM,830.8,52,43201.6,6272124.949999998
2025-08-01 10:10:42 AM,830.8,53,44032.399999999994,6316157.349999999
2025-08-01 10:12:38 AM,831.6,0,0.0,6316157.349999999
2025-08-01 10:12:38 AM,831.6,53,44074.8,6360232.1499999985
2025-08-01 10:12:44 AM,831.6,9,7484.400000000001,6367716.549999999
2025-08-01 10:13:17 AM,833.2,0,0.0,6367716.549999999
2025-08-01 10:13:19 AM,833.2,24,19996.800000000003,6387713.349999999
2025-08-01 10:13:23 AM,833.55,0,0.0,6387713.349999999
2025-08-01 10:13:25 AM,833.55,51,42511.049999999996,6430224.3999999985
2025-08-01 10:13:29 AM,834.8,0,0.0,6430224.3999999985
2025-08-01 10:13:31 AM,834.8,58,48418.399999999994,6478642.799999999
2025-08-01 10:14:53 AM,835.7,0,0.0,6478642.799999999
2025-08-01 10:14:53 AM,835.7,14,11699.800000000001,6490342.599999999
2025-08-01 10:14:57 AM,835.8,0,0.0,6490342.599999999
2025-08-01 10:14:58 AM,835.8,11,9193.8,6499536.3999999985
2025-08-01 10:15:11 AM,835.9,0,0.0,6499536.3999999985
2025-08-01 10:15:11 AM,835.9,1,835.9,6500372.299999999
2025-08-01 10:15:13 AM,836.35,0,0.0,6500372.299999999
2025-08-01 10:15:16 AM,836.35,58,48508.3,6548880.599999999
2025-08-01 10:15:29 AM,834.55,0,0.0,6548880.599999999
2025-08-01 10:15:29 AM,834.55,153,127686.15,6676566.749999999
2025-08-01 10:16:02 AM,833.85,0,0.0,6676566.749999999
2025-08-01 10:16:04 AM,833.85,36,30018.600000000002,6706585.349999999
2025-08-01 10:16:21 AM,831.8,3,2495.3999999999996,6709080.749999999
2025-08-01 10:16:25 AM,831.7,0,0.0,6709080.749999999
2025-08-01 10:16:27 AM,831.7,3,2495.1000000000004,6711575.849999999
2025-08-01 10:16:29 AM,832.55,0,0.0,6711575.849999999
2025-08-01 10:16:31 AM,831.8,0,0.0,6711575.849999999
2025-08-01 10:16:33 AM,831.8,100,83180.0,6794755.849999999
2025-08-01 10:16:46 AM,831.7,0,0.0,6794755.849999999
2025-08-01 10:16:50 AM,832.8,0,0.0,6794755.849999999
2025-08-01 10:16:50 AM,832.8,231,192376.8,6987132.6499999985
2025-08-01 10:17:10 AM,831.7,0,0.0,6987132.6499999985
2025-08-01 10:17:11 AM,830.75,0,0.0,6987132.6499999985
2025-08-01 10:17:12 AM,830.75,108,89721.0,7076853.6499999985
2025-08-01 10:17:14 AM,831.05,0,0.0,7076853.6499999985
2025-08-01 10:17:18 AM,831.05,50,41552.5,7118406.1499999985
2025-08-01 10:17:41 AM,831.75,0,0.0,7118406.1499999985
2025-08-01 10:17:41 AM,831.75,4,3327.0,7121733.1499999985
2025-08-01 10:18:08 AM,829.0,0,0.0,7121733.1499999985
2025-08-01 10:18:11 AM,829.0,105,87045.0,7208778.1499999985
2025-08-01 10:18:28 AM,829.0,96,79584.0,7288362.1499999985
2025-08-01 10:18:37 AM,828.3,0,0.0,7288362.1499999985
2025-08-01 10:18:40 AM,828.3,38,31475.399999999998,7319837.549999999
2025-08-01 10:20:38 AM,828.85,0,0.0,7319837.549999999
2025-08-01 10:20:40 AM,828.85,25,20721.25,7340558.799999999
2025-08-01 10:20:41 AM,827.65,0,0.0,7340558.799999999
2025-08-01 10:20:42 AM,827.65,72,59590.799999999996,7400149.599999999
2025-08-01 10:20:53 AM,826.15,0,0.0,7400149.599999999
2025-08-01 10:20:54 AM,826.15,1,826.15,7400975.749999999
2025-08-01 10:21:36 AM,826.7,20,16534.0,7417509.749999999
2025-08-01 10:22:06 AM,826.7,51,42161.700000000004,7459671.449999999
2025-08-01 10:22:34 AM,826.15,2,1652.3,7461323.749999999
2025-08-01 10:22:50 AM,826.15,4,3304.6,7464628.349999999
2025-08-01 10:22:53 AM,825.0,0,0.0,7464628.349999999
2025-08-01 10:22:55 AM,825.0,311,256575.0,7721203.349999999
2025-08-01 10:23:05 AM,824.9,0,0.0,7721203.349999999
2025-08-01 10:23:06 AM,824.9,46,37945.4,7759148.749999999
2025-08-01 10:23:24 AM,824.0,2,1648.0,7760796.749999999
2025-08-01 10:23:29 AM,828.0,0,0.0,7760796.749999999
2025-08-01 10:23:29 AM,828.0,251,207828.0,7968624.749999999
2025-08-01 10:23:31 AM,826.6,0,0.0,7968624.749999999
2025-08-01 10:23:32 AM,826.6,8,6612.8,7975237.549999999
2025-08-01 10:25:02 AM,826.7,0,0.0,7975237.549999999
2025-08-01 10:25:03 AM,826.7,5,4133.5,7979371.049999999
2025-08-01 10:26:47 AM,826.6,0,0.0,7979371.049999999
2025-08-01 10:26:48 AM,826.6,1,826.6,7980197.6499999985
2025-08-01 10:28:10 AM,826.5,0,0.0,7980197.6499999985
2025-08-01 10:28:11 AM,826.5,30,24795.0,8004992.6499999985
2025-08-01 10:28:56 AM,826.5,10,8265.0,8013257.6499999985
2025-08-01 10:28:58 AM,826.7,53,43815.100000000006,8057072.749999998
2025-08-01 10:32:15 AM,828.55,0,0.0,8057072.749999998
2025-08-01 10:32:17 AM,828.55,25,20713.75,8077786.499999998
2025-08-01 10:32:23 AM,827.7,0,0.0,8077786.499999998
2025-08-01 10:32:23 AM,827.7,10,8277.0,8086063.499999998
2025-08-01 10:32:38 AM,829.1,0,0.0,8086063.499999998
2025-08-01 10:32:39 AM,829.1,10,8291.0,8094354.499999998
2025-08-01 10:34:18 AM,828.0,0,0.0,8094354.499999998
2025-08-01 10:34:18 AM,828.0,1,828.0,8095182.499999998
2025-08-01 10:35:00 AM,827.95,0,0.0,8095182.499999998
2025-08-01 10:35:00 AM,827.95,1,827.95,8096010.449999998
2025-08-01 10:35:11 AM,827.75,1,827.75,8096838.199999998
2025-08-01 10:35:23 AM,827.7,0,0.0,8096838.199999998
2025-08-01 10:35:26 AM,827.7,1,827.7,8097665.8999999985
2025-08-01 10:35:36 AM,827.6,0,0.0,8097665.8999999985
2025-08-01 10:35:37 AM,827.6,1,827.6,8098493.499999998
2025-08-01 10:35:53 AM,828.45,0,0.0,8098493.499999998
2025-08-01 10:35:54 AM,828.45,11,9112.95,8107606.449999998
2025-08-01 10:35:56 AM,829.35,0,0.0,8107606.449999998
2025-08-01 10:35:56 AM,829.35,9,7464.150000000001,8115070.599999999
2025-08-01 10:36:04 AM,829.15,0,0.0,8115070.599999999
2025-08-01 10:36:05 AM,829.15,46,38140.9,8153211.499999999
2025-08-01 10:36:16 AM,833.4,0,0.0,8153211.499999999
2025-08-01 10:36:16 AM,833.4,99,82506.59999999999,8235718.099999999
2025-08-01 10:36:33 AM,835.1,10,8351.0,8244069.099999999
2025-08-01 10:37:12 AM,831.65,0,0.0,8244069.099999999
2025-08-01 10:37:13 AM,831.65,76,63205.4,8307274.499999999
2025-08-01 10:37:18 AM,830.4,0,0.0,8307274.499999999
2025-08-01 10:37:19 AM,830.4,24,19929.6,8327204.099999999
2025-08-01 10:37:21 AM,830.3,0,0.0,8327204.099999999
2025-08-01 10:37:22 AM,830.3,1,830.3,8328034.3999999985
2025-08-01 10:37:58 AM,828.8,0,0.0,8328034.3999999985
2025-08-01 10:37:58 AM,828.8,36,29836.8,8357871.199999998
2025-08-01 10:38:10 AM,828.15,0,0.0,8357871.199999998
2025-08-01 10:38:10 AM,828.15,1,828.15,8358699.349999999
2025-08-01 10:38:13 AM,828.8,0,0.0,8358699.349999999
2025-08-01 10:38:14 AM,828.8,1,828.8,8359528.1499999985
2025-08-01 10:38:25 AM,828.05,0,0.0,8359528.1499999985
2025-08-01 10:38:26 AM,828.05,2,1656.1,8361184.249999998
2025-08-01 10:38:44 AM,828.8,17,14089.599999999999,8375273.849999998
2025-08-01 10:39:02 AM,829.6,0,0.0,8375273.849999998
2025-08-01 10:39:03 AM,829.6,7,5807.2,8381081.049999998
2025-08-01 10:39:51 AM,829.6,50,41480.0,8422561.049999997
2025-08-01 10:40:18 AM,829.9,172,142742.8,8565303.849999998
2025-08-01 10:40:24 AM,828.55,51,42256.049999999996,8607559.899999999
2025-08-01 10:40:49 AM,827.5,1,827.5,8608387.399999999
2025-08-01 10:40:52 AM,827.1,1,827.1,8609214.499999998
2025-08-01 10:40:53 AM,827.65,0,0.0,8609214.499999998
2025-08-01 10:40:54 AM,827.65,52,43037.799999999996,8652252.299999999
2025-08-01 10:42:11 AM,828.85,0,0.0,8652252.299999999
2025-08-01 10:42:11 AM,828.85,1,828.85,8653081.149999999
2025-08-01 10:42:25 AM,827.95,0,0.0,8653081.149999999
2025-08-01 10:42:26 AM,827.95,1,827.95,8653909.099999998
2025-08-01 10:42:28 AM,827.25,6,4963.5,8658872.599999998
2025-08-01 10:42:39 AM,827.25,1,827.25,8659699.849999998
2025-08-01 10:43:23 AM,827.2,5,4136.0,8663835.849999998
2025-08-01 10:43:38 AM,827.0,0,0.0,8663835.849999998
2025-08-01 10:43:40 AM,827.0,105,86835.0,8750670.849999998
2025-08-01 10:44:49 AM,827.65,0,0.0,8750670.849999998
2025-08-01 10:44:49 AM,827.65,5,4138.25,8754809.099999998
2025-08-01 10:45:11 AM,828.35,3,2485.05,8757294.149999999
2025-08-01 10:45:20 AM,828.0,0,0.0,8757294.149999999
2025-08-01 10:45:22 AM,828.0,43,35604.0,8792898.149999999
2025-08-01 10:45:57 AM,827.9,0,0.0,8792898.149999999
2025-08-01 10:45:57 AM,827.9,30,24837.0,8817735.149999999
2025-08-01 10:46:09 AM,829.55,0,0.0,8817735.149999999
2025-08-01 10:46:11 AM,829.55,30,24886.5,8842621.649999999
2025-08-01 10:47:18 AM,827.85,0,0.0,8842621.649999999
2025-08-01 10:47:21 AM,827.85,11,9106.35,8851727.999999998
2025-08-01 10:50:08 AM,827.2,20,16544.0,8868271.999999998
2025-08-01 10:51:58 AM,828.0,0,0.0,8868271.999999998
2025-08-01 10:51:59 AM,828.0,9,7452.0,8875723.999999998
2025-08-01 10:52:30 AM,828.25,0,0.0,8875723.999999998
2025-08-01 10:52:32 AM,828.25,10,8282.5,8884006.499999998
2025-08-01 10:52:38 AM,829.3,0,0.0,8884006.499999998
2025-08-01 10:52:38 AM,829.3,12,9951.599999999999,8893958.099999998
2025-08-01 10:53:46 AM,828.25,129,106844.25,9000802.349999998
2025-08-01 10:54:02 AM,827.45,0,0.0,9000802.349999998
2025-08-01 10:54:02 AM,827.45,259,214309.55000000002,9215111.899999999
2025-08-01 10:54:04 AM,829.0,0,0.0,9215111.899999999
2025-08-01 10:54:06 AM,829.95,0,0.0,9215111.899999999
2025-08-01 10:54:07 AM,829.95,74,61416.3,9276528.2
2025-08-01 10:54:12 AM,832.2,0,0.0,9276528.2
2025-08-01 10:54:12 AM,831.6,0,0.0,9276528.2
2025-08-01 10:54:13 AM,831.6,36,29937.600000000002,9306465.799999999
2025-08-01 10:54:14 AM,833.2,0,0.0,9306465.799999999
2025-08-01 10:54:18 AM,833.2,10,8332.0,9314797.799999999
2025-08-01 10:54:55 AM,832.0,6,4992.0,9319789.799999999
2025-08-01 10:55:02 AM,830.8,0,0.0,9319789.799999999
2025-08-01 10:55:06 AM,830.8,75,62310.0,9382099.799999999
2025-08-01 10:57:08 AM,832.3,0,0.0,9382099.799999999
2025-08-01 10:57:08 AM,832.3,27,22472.1,9404571.899999999
2025-08-01 10:57:34 AM,831.65,0,0.0,9404571.899999999
2025-08-01 10:57:35 AM,831.65,39,32434.35,9437006.249999998
2025-08-01 10:59:30 AM,831.0,0,0.0,9437006.249999998
2025-08-01 10:59:31 AM,831.0,1,831.0,9437837.249999998
2025-08-01 11:00:17 AM,831.65,0,0.0,9437837.249999998
2025-08-01 11:00:21 AM,831.65,20,16633.0,9454470.249999998
2025-08-01 11:02:43 AM,831.9,0,0.0,9454470.249999998
2025-08-01 11:02:45 AM,831.9,520,432588.0,9887058.249999998
2025-08-01 11:02:49 AM,830.5,0,0.0,9887058.249999998
2025-08-01 11:02:51 AM,830.5,72,59796.0,9946854.249999998
2025-08-01 11:03:05 AM,829.85,0,0.0,9946854.249999998
2025-08-01 11:03:06 AM,829.85,71,58919.35,10005773.599999998
2025-08-01 11:08:23 AM,829.3,0,0.0,10005773.599999998
2025-08-01 11:08:23 AM,829.3,83,68831.9,10074605.499999998
2025-08-01 11:08:49 AM,829.85,0,0.0,10074605.499999998
2025-08-01 11:08:49 AM,829.85,374,310363.9,10384969.399999999
2025-08-01 11:08:57 AM,834.0,74,61716.0,10446685.399999999
2025-08-01 11:09:15 AM,833.7,245,204256.5,10650941.899999999
2025-08-01 11:09:18 AM,833.55,58,48345.899999999994,10699287.799999999
2025-08-01 11:09:28 AM,832.1,0,0.0,10699287.799999999
2025-08-01 11:09:29 AM,832.1,35,29123.5,10728411.299999999
2025-08-01 11:15:01 AM,830.65,0,0.0,10728411.299999999
2025-08-01 11:15:03 AM,830.65,50,41532.5,10769943.799999999
2025-08-01 11:16:27 AM,831.25,0,0.0,10769943.799999999
2025-08-01 11:16:28 AM,831.25,112,93100.0,10863043.799999999
2025-08-01 11:16:29 AM,831.3,18,14963.4,10878007.2
2025-08-01 11:16:59 AM,832.0,0,0.0,10878007.2
2025-08-01 11:17:01 AM,832.0,20,16640.0,10894647.2
2025-08-01 11:17:53 AM,831.4,0,0.0,10894647.2
2025-08-01 11:17:54 AM,831.4,1,831.4,10895478.6
2025-08-01 11:23:29 AM,830.6,0,0.0,10895478.6
2025-08-01 11:23:29 AM,830.6,2,1661.2,10897139.799999999
2025-08-01 11:24:00 AM,830.4,10,8304.0,10905443.799999999
2025-08-01 11:25:08 AM,830.45,0,0.0,10905443.799999999
2025-08-01 11:25:08 AM,830.45,1,830.45,10906274.249999998
2025-08-01 11:27:33 AM,830.45,1,830.45,10907104.699999997
2025-08-01 11:31:33 AM,829.45,0,0.0,10907104.699999997
2025-08-01 11:31:36 AM,829.45,30,24883.5,10931988.199999997
2025-08-01 11:31:41 AM,828.8,0,0.0,10931988.199999997
2025-08-01 11:31:41 AM,828.8,157,130121.59999999999,11062109.799999997
2025-08-01 11:31:42 AM,827.2,0,0.0,11062109.799999997
2025-08-01 11:31:43 AM,827.2,5,4136.0,11066245.799999997
2025-08-01 11:31:50 AM,828.2,0,0.0,11066245.799999997
2025-08-01 11:31:51 AM,828.2,9,7453.8,11073699.599999998
2025-08-01 11:32:16 AM,828.55,0,0.0,11073699.599999998
2025-08-01 11:32:18 AM,828.55,6,4971.299999999999,11078670.899999999
2025-08-01 11:34:53 AM,828.95,6,4973.700000000001,11083644.599999998
2025-08-01 11:35:09 AM,829.45,0,0.0,11083644.599999998
2025-08-01 11:35:13 AM,829.45,101,83774.45000000001,11167419.049999997
2025-08-01 11:36:05 AM,829.35,0,0.0,11167419.049999997
2025-08-01 11:36:05 AM,829.35,29,24051.15,11191470.199999997
2025-08-01 11:37:19 AM,829.35,577,478534.95,11670005.149999997
2025-08-01 11:37:19 AM,829.0,0,0.0,11670005.149999997
2025-08-01 11:37:19 AM,829.0,4,3316.0,11673321.149999997
2025-08-01 11:37:21 AM,827.8,0,0.0,11673321.149999997
2025-08-01 11:37:24 AM,827.8,49,40562.2,11713883.349999996
2025-08-01 11:37:25 AM,828.2,0,0.0,11713883.349999996
2025-08-01 11:37:29 AM,828.2,30,24846.0,11738729.349999996
2025-08-01 11:39:11 AM,829.6,0,0.0,11738729.349999996
2025-08-01 11:39:12 AM,829.6,10,8296.0,11747025.349999996
2025-08-01 11:39:15 AM,829.6,23,19080.8,11766106.149999997
2025-08-01 11:39:17 AM,830.85,0,0.0,11766106.149999997
2025-08-01 11:39:20 AM,830.85,20,16617.0,11782723.149999997
2025-08-01 11:39:35 AM,831.0,0,0.0,11782723.149999997
2025-08-01 11:39:36 AM,831.0,81,67311.0,11850034.149999997
2025-08-01 11:40:28 AM,828.8,0,0.0,11850034.149999997
2025-08-01 11:40:28 AM,828.8,33,27350.399999999998,11877384.549999997
2025-08-01 11:40:35 AM,829.35,7,5805.45,11883189.999999996
2025-08-01 11:40:39 AM,830.3,3,2490.8999999999996,11885680.899999997
2025-08-01 11:40:43 AM,831.2,0,0.0,11885680.899999997
2025-08-01 11:40:45 AM,831.2,20,16624.0,11902304.899999997
2025-08-01 11:44:08 AM,830.65,0,0.0,11902304.899999997
2025-08-01 11:44:12 AM,830.65,51,42363.15,11944668.049999997
2025-08-01 11:44:33 AM,829.1,0,0.0,11944668.049999997
2025-08-01 11:44:35 AM,829.1,24,19898.4,11964566.449999997
2025-08-01 11:48:00 AM,829.05,0,0.0,11964566.449999997
2025-08-01 11:48:01 AM,829.05,10,8290.5,11972856.949999997
2025-08-01 11:48:41 AM,830.4,120,99648.0,12072504.949999997
2025-08-01 11:50:00 AM,829.5,0,0.0,12072504.949999997
2025-08-01 11:50:04 AM,829.5,2,1659.0,12074163.949999997
2025-08-01 11:51:47 AM,829.6,0,0.0,12074163.949999997
2025-08-01 11:51:49 AM,829.6,18,14932.800000000001,12089096.749999998
2025-08-01 11:53:20 AM,829.6,3,2488.8,12091585.549999999
2025-08-01 11:56:09 AM,829.7,0,0.0,12091585.549999999
2025-08-01 11:56:12 AM,829.75,18,14935.5,12106521.049999999
2025-08-01 11:56:25 AM,830.05,0,0.0,12106521.049999999
2025-08-01 11:56:27 AM,830.05,14,11620.699999999999,12118141.749999998
2025-08-01 11:58:00 AM,830.4,0,0.0,12118141.749999998
2025-08-01 11:58:02 AM,830.4,10,8304.0,12126445.749999998
2025-08-01 11:58:26 AM,829.6,0,0.0,12126445.749999998
2025-08-01 11:58:30 AM,829.6,4,3318.4,12129764.149999999
2025-08-01 11:59:17 AM,829.0,4,3316.0,12133080.149999999
2025-08-01 12:00:25 PM,829.45,0,0.0,12133080.149999999
2025-08-01 12:00:27 PM,829.45,1,829.45,12133909.599999998
2025-08-01 12:02:49 PM,829.0,0,0.0,12133909.599999998
2025-08-01 12:02:51 PM,829.0,29,24041.0,12157950.599999998
2025-08-01 12:05:02 PM,828.0,0,0.0,12157950.599999998
2025-08-01 12:05:07 PM,828.0,1,828.0,12158778.599999998
2025-08-01 12:05:16 PM,829.3,0,0.0,12158778.599999998
2025-08-01 12:05:17 PM,830.05,310,257315.5,12416094.099999998
2025-08-01 12:05:23 PM,829.1,41,33993.1,12450087.199999997
2025-08-01 12:05:26 PM,829.65,0,0.0,12450087.199999997
2025-08-01 12:05:27 PM,829.65,14,11615.1,12461702.299999997
2025-08-01 12:05:32 PM,831.2,0,0.0,12461702.299999997
2025-08-01 12:05:33 PM,831.2,4,3324.8,12465027.099999998
2025-08-01 12:05:34 PM,832.6,0,0.0,12465027.099999998
2025-08-01 12:05:37 PM,832.6,10,8326.0,12473353.099999998
2025-08-01 12:06:06 PM,832.85,0,0.0,12473353.099999998
2025-08-01 12:06:07 PM,832.85,15,12492.75,12485845.849999998
2025-08-01 12:06:28 PM,832.0,0,0.0,12485845.849999998
2025-08-01 12:06:31 PM,832.0,36,29952.0,12515797.849999998
2025-08-01 12:07:02 PM,832.25,0,0.0,12515797.849999998
2025-08-01 12:07:06 PM,832.25,6,4993.5,12520791.349999998
2025-08-01 12:07:46 PM,831.85,0,0.0,12520791.349999998
2025-08-01 12:07:47 PM,831.85,4,3327.4,12524118.749999998
2025-08-01 12:08:20 PM,833.1,0,0.0,12524118.749999998
2025-08-01 12:08:22 PM,833.1,2,1666.2,12525784.949999997
2025-08-01 12:08:44 PM,833.5,0,0.0,12525784.949999997
2025-08-01 12:08:46 PM,832.8,0,0.0,12525784.949999997
2025-08-01 12:08:47 PM,832.8,25,20820.0,12546604.949999997
2025-08-01 12:08:48 PM,832.4,0,0.0,12546604.949999997
2025-08-01 12:08:51 PM,832.4,28,23307.2,12569912.149999997
2025-08-01 12:09:02 PM,831.9,26,21629.399999999998,12591541.549999997
2025-08-01 12:09:04 PM,831.1,0,0.0,12591541.549999997
2025-08-01 12:09:06 PM,830.85,0,0.0,12591541.549999997
2025-08-01 12:09:07 PM,830.85,2,1661.7,12593203.249999996
2025-08-01 12:09:10 PM,831.2,0,0.0,12593203.249999996
2025-08-01 12:09:12 PM,831.2,2,1662.4,12594865.649999997
2025-08-01 12:15:40 PM,830.2,0,0.0,12594865.649999997
2025-08-01 12:15:42 PM,830.2,21,17434.2,12612299.849999996
2025-08-01 12:18:12 PM,830.75,0,0.0,12612299.849999996
2025-08-01 12:18:13 PM,830.75,1,830.75,12613130.599999996
2025-08-01 12:18:37 PM,830.75,19,15784.25,12628914.849999996
2025-08-01 12:19:43 PM,831.6,0,0.0,12628914.849999996
2025-08-01 12:19:44 PM,831.6,2,1663.2,12630578.049999995
2025-08-01 12:20:17 PM,830.55,0,0.0,12630578.049999995
2025-08-01 12:20:20 PM,830.55,1,830.55,12631408.599999996
2025-08-01 12:21:20 PM,830.55,12,9966.599999999999,12641375.199999996
2025-08-01 12:21:30 PM,830.85,11,9139.35,12650514.549999995
2025-08-01 12:22:19 PM,829.5,0,0.0,12650514.549999995
2025-08-01 12:22:20 PM,829.5,1,829.5,12651344.049999995
2025-08-01 12:23:26 PM,830.25,135,112083.75,12763427.799999995
2025-08-01 12:23:26 PM,830.9,0,0.0,12763427.799999995
2025-08-01 12:23:27 PM,829.65,0,0.0,12763427.799999995
2025-08-01 12:23:30 PM,829.65,43,35674.95,12799102.749999994
2025-08-01 12:26:11 PM,831.15,0,0.0,12799102.749999994
2025-08-01 12:26:15 PM,831.15,10,8311.5,12807414.249999994
2025-08-01 12:27:50 PM,830.25,0,0.0,12807414.249999994
2025-08-01 12:27:50 PM,830.25,21,17435.25,12824849.499999994
2025-08-01 12:30:14 PM,830.25,10,8302.5,12833151.999999994
2025-08-01 12:31:02 PM,830.75,0,0.0,12833151.999999994
2025-08-01 12:31:03 PM,830.75,10,8307.5,12841459.499999994
2025-08-01 12:33:30 PM,830.8,21,17446.8,12858906.299999995
2025-08-01 12:33:30 PM,830.75,0,0.0,12858906.299999995
2025-08-01 12:33:31 PM,830.75,20,16615.0,12875521.299999995
2025-08-01 12:34:20 PM,832.15,0,0.0,12875521.299999995
2025-08-01 12:34:21 PM,832.15,60,49929.0,12925450.299999995
2025-08-01 12:35:52 PM,830.9,0,0.0,12925450.299999995
2025-08-01 12:35:53 PM,830.9,8,6647.2,12932097.499999994
2025-08-01 12:36:12 PM,832.75,0,0.0,12932097.499999994
2025-08-01 12:36:14 PM,832.75,30,24982.5,12957079.999999994
2025-08-01 12:36:30 PM,832.8,13,10826.4,12967906.399999995
2025-08-01 12:36:43 PM,831.8,0,0.0,12967906.399999995
2025-08-01 12:36:45 PM,831.8,11,9149.8,12977056.199999996
2025-08-01 12:37:19 PM,832.35,0,0.0,12977056.199999996
2025-08-01 12:37:20 PM,832.35,3,2497.05,12979553.249999996
2025-08-01 12:43:11 PM,832.15,20,16643.0,12996196.249999996
2025-08-01 12:43:21 PM,832.35,0,0.0,12996196.249999996
2025-08-01 12:43:22 PM,832.35,1,832.35,12997028.599999996
2025-08-01 12:43:48 PM,833.0,0,0.0,12997028.599999996
2025-08-01 12:43:50 PM,833.0,30,24990.0,13022018.599999996
2025-08-01 12:45:20 PM,832.95,10,8329.5,13030348.099999996
2025-08-01 12:45:52 PM,832.75,0,0.0,13030348.099999996
2025-08-01 12:45:55 PM,832.75,45,37473.75,13067821.849999996
2025-08-01 12:46:54 PM,831.85,0,0.0,13067821.849999996
2025-08-01 12:46:56 PM,831.85,84,69875.40000000001,13137697.249999996
2025-08-01 12:47:48 PM,831.05,0,0.0,13137697.249999996
2025-08-01 12:47:48 PM,831.1,0,0.0,13137697.249999996
2025-08-01 12:47:52 PM,831.1,328,272600.8,13410298.049999997
2025-08-01 12:47:52 PM,831.15,0,0.0,13410298.049999997
2025-08-01 12:47:52 PM,831.15,30,24934.5,13435232.549999997
2025-08-01 12:49:40 PM,833.15,0,0.0,13435232.549999997
2025-08-01 12:49:40 PM,833.15,71,59153.65,13494386.199999997
2025-08-01 12:51:14 PM,830.6,208,172764.80000000002,13667150.999999998
2025-08-01 12:51:38 PM,830.45,0,0.0,13667150.999999998
2025-08-01 12:51:39 PM,830.45,1,830.45,13667981.449999997
2025-08-01 12:53:00 PM,830.9,12,9970.8,13677952.249999998
2025-08-01 12:56:36 PM,830.85,3,2492.55,13680444.799999999
2025-08-01 12:57:10 PM,830.9,0,0.0,13680444.799999999
2025-08-01 12:57:11 PM,830.9,11,9139.9,13689584.7
2025-08-01 12:57:57 PM,830.05,51,42332.549999999996,13731917.25
2025-08-01 12:58:52 PM,829.35,0,0.0,13731917.25
2025-08-01 12:58:57 PM,829.35,12,9952.2,13741869.45
2025-08-01 12:59:16 PM,829.0,0,0.0,13741869.45
2025-08-01 12:59:17 PM,829.0,11,9119.0,13750988.45
2025-08-01 01:01:57 PM,829.0,8,6632.0,13757620.45
2025-08-01 01:02:05 PM,827.3,0,0.0,13757620.45
2025-08-01 01:02:07 PM,827.3,42,34746.6,13792367.049999999
2025-08-01 01:02:13 PM,829.45,0,0.0,13792367.049999999
2025-08-01 01:02:17 PM,829.45,86,71332.7,13863699.749999998
2025-08-01 01:03:47 PM,830.7,9,7476.3,13871176.049999999
2025-08-01 01:04:39 PM,829.75,0,0.0,13871176.049999999
2025-08-01 01:04:40 PM,829.75,16,13276.0,13884452.049999999
2025-08-01 01:04:45 PM,830.1,1,830.1,13885282.149999999
2025-08-01 01:04:57 PM,829.3,0,0.0,13885282.149999999
2025-08-01 01:05:00 PM,829.3,3,2487.8999999999996,13887770.049999999
2025-08-01 01:06:56 PM,830.85,0,0.0,13887770.049999999
2025-08-01 01:06:58 PM,830.9,0,0.0,13887770.049999999
2025-08-01 01:06:59 PM,830.9,35,29081.5,13916851.549999999
2025-08-01 01:07:13 PM,830.0,127,105410.0,14022261.549999999
2025-08-01 01:09:40 PM,830.8,10,8308.0,14030569.549999999
2025-08-01 01:10:15 PM,831.0,3,2493.0,14033062.549999999
2025-08-01 01:13:22 PM,831.65,0,0.0,14033062.549999999
2025-08-01 01:13:23 PM,831.65,2,1663.3,14034725.85
2025-08-01 01:14:44 PM,831.6,0,0.0,14034725.85
2025-08-01 01:14:46 PM,831.6,10,8316.0,14043041.85
2025-08-01 01:14:48 PM,828.2,0,0.0,14043041.85
2025-08-01 01:14:48 PM,830.15,0,0.0,14043041.85
2025-08-01 01:14:48 PM,830.15,28,23244.2,14066286.049999999
2025-08-01 01:18:58 PM,829.7,0,0.0,14066286.049999999
2025-08-01 01:18:58 PM,829.75,0,0.0,14066286.049999999
2025-08-01 01:19:00 PM,829.75,46,38168.5,14104454.549999999
2025-08-01 01:20:56 PM,829.25,0,0.0,14104454.549999999
2025-08-01 01:20:58 PM,829.25,1,829.25,14105283.799999999
2025-08-01 01:21:57 PM,829.25,5,4146.25,14109430.049999999
2025-08-01 01:24:47 PM,829.25,5,4146.25,14113576.299999999
2025-08-01 01:26:03 PM,829.0,0,0.0,14113576.299999999
2025-08-01 01:26:06 PM,829.0,2,1658.0,14115234.299999999
2025-08-01 01:26:50 PM,829.25,7,5804.75,14121039.049999999
2025-08-01 01:27:25 PM,829.3,0,0.0,14121039.049999999
2025-08-01 01:27:25 PM,829.3,4,3317.2,14124356.249999998
2025-08-01 01:30:14 PM,829.3,11,9122.3,14133478.549999999
2025-08-01 01:30:18 PM,829.35,0,0.0,14133478.549999999
2025-08-01 01:30:19 PM,828.9,59,48905.1,14182383.649999999
2025-08-01 01:32:20 PM,829.2,0,0.0,14182383.649999999
2025-08-01 01:32:22 PM,829.2,10,8292.0,14190675.649999999
2025-08-01 01:33:24 PM,828.55,0,0.0,14190675.649999999
2025-08-01 01:33:25 PM,828.55,1,828.55,14191504.2
2025-08-01 01:36:06 PM,828.5,0,0.0,14191504.2
2025-08-01 01:36:08 PM,828.5,20,16570.0,14208074.2
2025-08-01 01:36:50 PM,828.95,0,0.0,14208074.2
2025-08-01 01:36:52 PM,828.95,10,8289.5,14216363.7
2025-08-01 01:38:06 PM,828.0,2,1656.0,14218019.7
2025-08-01 01:38:23 PM,828.45,18,14912.1,14232931.799999999
2025-08-01 01:39:01 PM,827.5,1,827.5,14233759.299999999
2025-08-01 01:40:44 PM,828.0,10,8280.0,14242039.299999999
2025-08-01 01:44:14 PM,827.5,0,0.0,14242039.299999999
2025-08-01 01:44:15 PM,827.5,2,1655.0,14243694.299999999
2025-08-01 01:46:18 PM,828.25,0,0.0,14243694.299999999
2025-08-01 01:46:19 PM,828.25,10,8282.5,14251976.799999999
2025-08-01 01:46:20 PM,828.45,0,0.0,14251976.799999999
2025-08-01 01:46:20 PM,828.45,2,1656.9,14253633.7
2025-08-01 01:48:14 PM,828.5,0,0.0,14253633.7
2025-08-01 01:48:15 PM,828.5,15,12427.5,14266061.2
2025-08-01 01:48:24 PM,827.5,0,0.0,14266061.2
2025-08-01 01:48:25 PM,827.5,1,827.5,14266888.7
2025-08-01 01:54:28 PM,828.3,101,83658.29999999999,14350547.0
2025-08-01 01:54:32 PM,829.8,1,829.8,14351376.8
2025-08-01 01:55:00 PM,829.15,0,0.0,14351376.8
2025-08-01 01:55:01 PM,829.15,27,22387.05,14373763.850000001
2025-08-01 01:55:51 PM,825.1,0,0.0,14373763.850000001
2025-08-01 01:55:51 PM,819.6,1154,945818.4,15319582.250000002
2025-08-01 01:55:54 PM,816.0,0,0.0,15319582.250000002
2025-08-01 01:55:56 PM,816.0,259,211344.0,15530926.250000002
2025-08-01 01:55:58 PM,825.0,0,0.0,15530926.250000002
2025-08-01 01:56:00 PM,820.8,0,0.0,15530926.250000002
2025-08-01 01:56:01 PM,819.0,1250,1023750.0,16554676.250000002
2025-08-01 01:56:02 PM,819.5,1,819.5,16555495.750000002
2025-08-01 01:56:02 PM,817.0,0,0.0,16555495.750000002
2025-08-01 01:56:03 PM,815.0,0,0.0,16555495.750000002
2025-08-01 01:56:06 PM,815.0,262,213530.0,16769025.750000002
2025-08-01 01:56:12 PM,816.65,0,0.0,16769025.750000002
2025-08-01 01:56:14 PM,803.0,0,0.0,16769025.750000002
2025-08-01 01:56:16 PM,802.85,0,0.0,16769025.750000002
2025-08-01 01:56:16 PM,802.85,5146,4131466.1,20900491.85
2025-08-01 01:56:18 PM,801.3,0,0.0,20900491.85
2025-08-01 01:56:18 PM,802.15,0,0.0,20900491.85
2025-08-01 01:56:20 PM,804.8,0,0.0,20900491.85
2025-08-01 01:56:20 PM,804.85,0,0.0,20900491.85
2025-08-01 01:56:21 PM,808.0,767,619736.0,21520227.85
2025-08-01 01:56:22 PM,805.2,0,0.0,21520227.85
2025-08-01 01:56:22 PM,806.75,0,0.0,21520227.85
2025-08-01 01:56:24 PM,805.1,0,0.0,21520227.85
2025-08-01 01:56:26 PM,808.9,0,0.0,21520227.85
2025-08-01 01:56:26 PM,808.9,63,50960.7,21571188.55
2025-08-01 01:56:26 PM,808.3,0,0.0,21571188.55
2025-08-01 01:56:28 PM,804.9,0,0.0,21571188.55
2025-08-01 01:56:30 PM,809.3,0,0.0,21571188.55
2025-08-01 01:56:30 PM,812.5,0,0.0,21571188.55
2025-08-01 01:56:31 PM,812.5,527,428187.5,21999376.05
2025-08-01 01:56:32 PM,810.0,0,0.0,21999376.05
2025-08-01 01:56:36 PM,810.05,0,0.0,21999376.05
2025-08-01 01:56:36 PM,810.05,2,1620.1,22000996.150000002
2025-08-01 01:56:41 PM,810.05,88,71284.4,22072280.55
2025-08-01 01:56:42 PM,811.4,0,0.0,22072280.55
2025-08-01 01:56:46 PM,812.5,0,0.0,22072280.55
2025-08-01 01:56:46 PM,812.5,131,106437.5,22178718.05
2025-08-01 01:56:51 PM,811.6,125,101450.0,22280168.05
2025-08-01 01:56:54 PM,810.6,0,0.0,22280168.05
2025-08-01 01:56:56 PM,811.35,0,0.0,22280168.05
2025-08-01 01:56:56 PM,809.7,182,147365.4,22427533.45
2025-08-01 01:56:58 PM,806.6,0,0.0,22427533.45
2025-08-01 01:56:58 PM,806.7,0,0.0,22427533.45
2025-08-01 01:57:00 PM,806.65,0,0.0,22427533.45
2025-08-01 01:57:00 PM,806.65,27,21779.55,22449313.0
2025-08-01 01:57:01 PM,806.6,0,0.0,22449313.0
2025-08-01 01:57:01 PM,806.6,100,80660.0,22529973.0
2025-08-01 01:57:02 PM,808.0,280,226240.0,22756213.0
2025-08-01 01:57:04 PM,807.45,9,7267.05,22763480.05
2025-08-01 01:57:05 PM,809.35,1,809.35,22764289.400000002
2025-08-01 01:57:07 PM,809.95,0,0.0,22764289.400000002
2025-08-01 01:57:07 PM,810.0,62,50220.0,22814509.400000002
2025-08-01 01:57:08 PM,811.15,0,0.0,22814509.400000002
2025-08-01 01:57:08 PM,811.15,10,8111.5,22822620.900000002
2025-08-01 01:57:11 PM,812.5,5,4062.5,22826683.400000002
2025-08-01 01:57:13 PM,811.35,205,166326.75,22993010.150000002
2025-08-01 01:57:14 PM,813.25,4,3253.0,22996263.150000002
2025-08-01 01:57:15 PM,812.45,0,0.0,22996263.150000002
2025-08-01 01:57:15 PM,812.45,4,3249.8,22999512.950000003
2025-08-01 01:57:16 PM,812.65,0,0.0,22999512.950000003
2025-08-01 01:57:16 PM,812.65,12,9751.8,23009264.750000004
2025-08-01 01:57:16 PM,812.95,0,0.0,23009264.750000004
2025-08-01 01:57:17 PM,812.95,511,415417.45,23424682.200000003
2025-08-01 01:57:21 PM,814.85,1,814.85,23425497.050000004
2025-08-01 01:57:25 PM,816.0,0,0.0,23425497.050000004
2025-08-01 01:57:26 PM,816.0,4,3264.0,23428761.050000004
2025-08-01 01:57:27 PM,816.0,2,1632.0,23430393.050000004
2025-08-01 01:57:27 PM,815.85,0,0.0,23430393.050000004
2025-08-01 01:57:27 PM,815.85,9,7342.650000000001,23437735.700000003
2025-08-01 01:57:28 PM,815.8,9,7342.2,23445077.900000002
2025-08-01 01:57:29 PM,815.55,9,7339.95,23452417.85
2025-08-01 01:57:29 PM,814.3,0,0.0,23452417.85
2025-08-01 01:57:30 PM,814.3,101,82244.29999999999,23534662.150000002
2025-08-01 01:57:31 PM,815.2,0,0.0,23534662.150000002
2025-08-01 01:57:32 PM,815.2,18,14673.6,23549335.750000004
2025-08-01 01:57:33 PM,816.2,117,95495.40000000001,23644831.150000002
2025-08-01 01:57:33 PM,816.0,125,102000.0,23746831.150000002
2025-08-01 01:57:34 PM,814.3,0,0.0,23746831.150000002
2025-08-01 01:57:35 PM,814.3,25,20357.5,23767188.650000002
2025-08-01 01:57:38 PM,811.8,112,90921.59999999999,23858110.250000004
2025-08-01 01:57:39 PM,813.75,0,0.0,23858110.250000004
2025-08-01 01:57:39 PM,813.75,60,48825.0,23906935.250000004
2025-08-01 01:57:39 PM,813.25,0,0.0,23906935.250000004
2025-08-01 01:57:40 PM,813.25,5,4066.25,23911001.500000004
2025-08-01 01:57:41 PM,812.3,40,32492.0,23943493.500000004
2025-08-01 01:57:41 PM,810.9,93,75413.7,24018907.200000003
2025-08-01 01:57:44 PM,810.1,0,0.0,24018907.200000003
2025-08-01 01:57:44 PM,810.1,68,55086.8,24073994.000000004
2025-08-01 01:57:52 PM,808.05,9,7272.45,24081266.450000003
2025-08-01 01:57:53 PM,809.8,143,115801.4,24197067.85
2025-08-01 01:57:53 PM,809.3,0,0.0,24197067.85
2025-08-01 01:57:54 PM,808.5,10,8085.0,24205152.85
2025-08-01 01:57:54 PM,808.7,0,0.0,24205152.85
2025-08-01 01:57:55 PM,809.1,10,8091.0,24213243.85
2025-08-01 01:57:55 PM,808.4,9,7275.599999999999,24220519.450000003
2025-08-01 01:57:56 PM,809.35,14,11330.9,24231850.35
2025-08-01 01:57:56 PM,809.6,0,0.0,24231850.35
2025-08-01 01:57:57 PM,809.6,16,12953.6,24244803.950000003
2025-08-01 01:57:57 PM,808.6,9,7277.400000000001,24252081.35
2025-08-01 01:57:58 PM,808.0,0,0.0,24252081.35
2025-08-01 01:57:58 PM,808.0,9,7272.0,24259353.35
2025-08-01 01:57:58 PM,807.9,43,34739.7,24294093.05
2025-08-01 01:57:59 PM,809.1,14,11327.4,24305420.45
2025-08-01 01:57:59 PM,809.15,10,8091.5,24313511.95
2025-08-01 01:57:59 PM,809.6,0,0.0,24313511.95
2025-08-01 01:58:00 PM,809.0,60,48540.0,24362051.95
2025-08-01 01:58:00 PM,807.7,0,0.0,24362051.95
2025-08-01 01:58:00 PM,808.95,0,0.0,24362051.95
2025-08-01 01:58:01 PM,809.0,0,0.0,24362051.95
2025-08-01 01:58:01 PM,809.0,85,68765.0,24430816.95
2025-08-01 01:58:01 PM,808.4,28,22635.2,24453452.15
2025-08-01 01:58:01 PM,808.1,0,0.0,24453452.15
2025-08-01 01:58:02 PM,808.1,12,9697.2,24463149.349999998
2025-08-01 01:58:02 PM,808.95,0,0.0,24463149.349999998
2025-08-01 01:58:03 PM,808.0,90,72720.0,24535869.349999998
2025-08-01 01:58:03 PM,808.7,2,1617.4,24537486.749999996
2025-08-01 01:58:03 PM,808.95,0,0.0,24537486.749999996
2025-08-01 01:58:03 PM,808.0,0,0.0,24537486.749999996
2025-08-01 01:58:04 PM,808.0,67,54136.0,24591622.749999996
2025-08-01 01:58:04 PM,808.9,0,0.0,24591622.749999996
2025-08-01 01:58:04 PM,810.95,0,0.0,24591622.749999996
2025-08-01 01:58:04 PM,809.75,317,256690.75,24848313.499999996
2025-08-01 01:58:05 PM,808.95,0,0.0,24848313.499999996
2025-08-01 01:58:05 PM,809.4,0,0.0,24848313.499999996
2025-08-01 01:58:05 PM,809.4,230,186162.0,25034475.499999996
2025-08-01 01:58:06 PM,807.55,0,0.0,25034475.499999996
2025-08-01 01:58:06 PM,807.55,9,7267.95,25041743.449999996
2025-08-01 01:58:07 PM,807.8,0,0.0,25041743.449999996
2025-08-01 01:58:07 PM,809.4,23,18616.2,25060359.649999995
2025-08-01 01:58:07 PM,809.25,31,25086.75,25085446.399999995
2025-08-01 01:58:08 PM,807.05,0,0.0,25085446.399999995
2025-08-01 01:58:08 PM,807.05,55,44387.75,25129834.149999995
2025-08-01 01:58:08 PM,806.8,232,187177.59999999998,25317011.749999996
2025-08-01 01:58:09 PM,806.8,7,5647.599999999999,25322659.349999998
2025-08-01 01:58:09 PM,806.2,119,95937.8,25418597.15
2025-08-01 01:58:10 PM,802.55,0,0.0,25418597.15
2025-08-01 01:58:10 PM,802.55,501,402077.55,25820674.7
2025-08-01 01:58:10 PM,804.3,20,16086.0,25836760.7
2025-08-01 01:58:11 PM,795.85,0,0.0,25836760.7
2025-08-01 01:58:11 PM,795.85,1339,1065643.1500000001,26902403.849999998
2025-08-01 01:58:12 PM,797.0,0,0.0,26902403.849999998
2025-08-01 01:58:12 PM,797.0,78,62166.0,26964569.849999998
2025-08-01 01:58:12 PM,797.95,0,0.0,26964569.849999998
2025-08-01 01:58:13 PM,797.95,254,202679.30000000002,27167249.15
2025-08-01 01:58:13 PM,797.25,0,0.0,27167249.15
2025-08-01 01:58:13 PM,797.25,37,29498.25,27196747.4
2025-08-01 01:58:14 PM,798.35,6,4790.1,27201537.5
2025-08-01 01:58:15 PM,802.5,816,654840.0,27856377.5
2025-08-01 01:58:16 PM,802.0,0,0.0,27856377.5
2025-08-01 01:58:16 PM,802.0,172,137944.0,27994321.5
2025-08-01 01:58:17 PM,800.4,9,7203.599999999999,28001525.1
2025-08-01 01:58:17 PM,800.45,0,0.0,28001525.1
2025-08-01 01:58:18 PM,801.4,317,254043.8,28255568.900000002
2025-08-01 01:58:19 PM,800.45,0,0.0,28255568.900000002
2025-08-01 01:58:19 PM,800.45,95,76042.75,28331611.650000002
2025-08-01 01:58:19 PM,801.0,0,0.0,28331611.650000002
2025-08-01 01:58:19 PM,801.0,196,156996.0,28488607.650000002
2025-08-01 01:58:21 PM,798.35,0,0.0,28488607.650000002
2025-08-01 01:58:21 PM,798.35,24,19160.4,28507768.05
2025-08-01 01:58:22 PM,800.2,0,0.0,28507768.05
2025-08-01 01:58:23 PM,800.2,66,52813.200000000004,28560581.25
2025-08-01 01:58:23 PM,801.1,22,17624.2,28578205.45
2025-08-01 01:58:28 PM,800.0,0,0.0,28578205.45
2025-08-01 01:58:28 PM,800.0,150,120000.0,28698205.45
2025-08-01 01:58:31 PM,798.35,0,0.0,28698205.45
2025-08-01 01:58:32 PM,798.35,120,95802.0,28794007.45
2025-08-01 01:58:33 PM,800.75,0,0.0,28794007.45
2025-08-01 01:58:33 PM,800.75,34,27225.5,28821232.95
2025-08-01 01:58:33 PM,802.3,0,0.0,28821232.95
2025-08-01 01:58:34 PM,802.5,123,98707.5,28919940.45
2025-08-01 01:58:35 PM,803.1,0,0.0,28919940.45
2025-08-01 01:58:35 PM,803.1,582,467404.2,29387344.65
2025-08-01 01:58:38 PM,806.6,0,0.0,29387344.65
2025-08-01 01:58:38 PM,806.6,251,202456.6,29589801.25
2025-08-01 01:58:40 PM,809.4,0,0.0,29589801.25
2025-08-01 01:58:40 PM,809.4,30,24282.0,29614083.25
2025-08-01 01:58:48 PM,809.35,0,0.0,29614083.25
2025-08-01 01:58:49 PM,809.35,3,2428.05,29616511.3
2025-08-01 01:58:49 PM,809.4,0,0.0,29616511.3
2025-08-01 01:58:50 PM,809.4,50,40470.0,29656981.3
2025-08-01 01:58:57 PM,806.25,0,0.0,29656981.3
2025-08-01 01:58:58 PM,806.25,1,806.25,29657787.55
2025-08-01 01:59:01 PM,806.25,60,48375.0,29706162.55
2025-08-01 01:59:04 PM,805.95,0,0.0,29706162.55
2025-08-01 01:59:04 PM,805.95,1,805.95,29706968.5
2025-08-01 01:59:13 PM,807.4,0,0.0,29706968.5
2025-08-01 01:59:14 PM,807.4,312,251908.8,29958877.3
2025-08-01 01:59:14 PM,811.9,0,0.0,29958877.3
2025-08-01 01:59:15 PM,811.9,592,480644.8,30439522.1
2025-08-01 01:59:20 PM,814.6,120,97752.0,30537274.1
2025-08-01 01:59:20 PM,811.35,0,0.0,30537274.1
2025-08-01 01:59:21 PM,811.35,134,108720.90000000001,30645995.0
2025-08-01 01:59:21 PM,811.35,4,3245.4,30649240.4
2025-08-01 01:59:22 PM,811.2,0,0.0,30649240.4
2025-08-01 01:59:23 PM,811.2,94,76252.8,30725493.2
2025-08-01 01:59:23 PM,811.05,0,0.0,30725493.2
2025-08-01 01:59:24 PM,811.05,108,87593.4,30813086.599999998
2025-08-01 01:59:28 PM,809.0,1062,859158.0,31672244.599999998
2025-08-01 01:59:29 PM,810.2,14,11342.800000000001,31683587.4
2025-08-01 01:59:46 PM,809.4,1,809.4,31684396.799999997
2025-08-01 01:59:46 PM,809.15,0,0.0,31684396.799999997
2025-08-01 01:59:47 PM,810.1,19,15391.9,31699788.699999996
2025-08-01 01:59:54 PM,810.2,0,0.0,31699788.699999996
2025-08-01 01:59:55 PM,810.0,0,0.0,31699788.699999996
2025-08-01 01:59:55 PM,810.0,199,161190.0,31860978.699999996
2025-08-01 01:59:56 PM,808.85,0,0.0,31860978.699999996
2025-08-01 01:59:56 PM,809.15,179,144837.85,32005816.549999997
2025-08-01 02:00:04 PM,809.0,0,0.0,32005816.549999997
2025-08-01 02:00:05 PM,809.0,208,168272.0,32174088.549999997
2025-08-01 02:00:06 PM,810.1,1,810.1,32174898.65
2025-08-01 02:00:12 PM,810.15,0,0.0,32174898.65
2025-08-01 02:00:13 PM,810.2,0,0.0,32174898.65
2025-08-01 02:00:15 PM,810.25,0,0.0,32174898.65
2025-08-01 02:00:16 PM,810.15,24,19443.6,32194342.25
2025-08-01 02:00:18 PM,810.0,0,0.0,32194342.25
2025-08-01 02:00:21 PM,810.0,50,40500.0,32234842.25
2025-08-01 02:00:22 PM,810.95,0,0.0,32234842.25
2025-08-01 02:00:24 PM,809.1,0,0.0,32234842.25
2025-08-01 02:00:25 PM,810.65,0,0.0,32234842.25
2025-08-01 02:00:26 PM,809.95,249,201677.55000000002,32436519.8
2025-08-01 02:00:44 PM,806.15,5,4030.75,32440550.55
2025-08-01 02:00:46 PM,805.05,0,0.0,32440550.55
2025-08-01 02:00:48 PM,809.3,0,0.0,32440550.55
2025-08-01 02:00:49 PM,809.3,106,85785.79999999999,32526336.35
2025-08-01 02:00:58 PM,808.6,0,0.0,32526336.35
2025-08-01 02:00:59 PM,805.0,0,0.0,32526336.35
2025-08-01 02:00:59 PM,805.0,28,22540.0,32548876.35
2025-08-01 02:01:04 PM,805.0,9,7245.0,32556121.35
2025-08-01 02:01:06 PM,806.9,0,0.0,32556121.35
2025-08-01 02:01:09 PM,806.9,101,81496.9,32637618.25
2025-08-01 02:01:14 PM,801.9,250,200475.0,32838093.25
2025-08-01 02:01:16 PM,806.65,0,0.0,32838093.25
2025-08-01 02:01:18 PM,805.45,0,0.0,32838093.25
2025-08-01 02:01:19 PM,805.45,10,8054.5,32846147.75
2025-08-01 02:01:22 PM,806.6,0,0.0,32846147.75
2025-08-01 02:01:24 PM,806.6,2,1613.2,32847760.95
2025-08-01 02:01:27 PM,806.95,0,0.0,32847760.95
2025-08-01 02:01:28 PM,806.95,74,59714.3,32907475.25
2025-08-01 02:01:32 PM,808.0,0,0.0,32907475.25
2025-08-01 02:01:33 PM,808.0,71,57368.0,32964843.25
2025-08-01 02:01:34 PM,807.2,0,0.0,32964843.25
2025-08-01 02:01:36 PM,802.5,0,0.0,32964843.25
2025-08-01 02:01:38 PM,802.5,460,369150.0,33333993.25
2025-08-01 02:01:40 PM,803.1,0,0.0,33333993.25
2025-08-01 02:01:43 PM,803.1,180,144558.0,33478551.25
2025-08-01 02:01:52 PM,804.0,0,0.0,33478551.25
2025-08-01 02:01:53 PM,804.0,21,16884.0,33495435.25
2025-08-01 02:01:57 PM,806.35,40,32254.0,33527689.25
2025-08-01 02:02:12 PM,807.7,738,596082.6,34123771.85
2025-08-01 02:02:20 PM,807.85,0,0.0,34123771.85
2025-08-01 02:02:21 PM,807.95,0,0.0,34123771.85
2025-08-01 02:02:22 PM,807.95,61,49284.950000000004,34173056.800000004
2025-08-01 02:02:26 PM,807.95,36,29086.2,34202143.00000001
2025-08-01 02:02:28 PM,807.0,0,0.0,34202143.00000001
2025-08-01 02:02:31 PM,807.0,13,10491.0,34212634.00000001
2025-08-01 02:02:34 PM,805.95,0,0.0,34212634.00000001
2025-08-01 02:02:36 PM,806.6,30,24198.0,34236832.00000001
2025-08-01 02:02:37 PM,802.6,0,0.0,34236832.00000001
2025-08-01 02:02:38 PM,805.95,0,0.0,34236832.00000001
2025-08-01 02:02:40 PM,805.9,0,0.0,34236832.00000001
2025-08-01 02:02:42 PM,805.9,381,307047.89999999997,34543879.900000006
2025-08-01 02:02:42 PM,802.1,0,0.0,34543879.900000006
2025-08-01 02:02:46 PM,805.7,0,0.0,34543879.900000006
2025-08-01 02:02:47 PM,805.7,163,131329.1,34675209.00000001
2025-08-01 02:02:54 PM,803.6,0,0.0,34675209.00000001
2025-08-01 02:02:54 PM,803.3,0,0.0,34675209.00000001
2025-08-01 02:02:56 PM,802.5,0,0.0,34675209.00000001
2025-08-01 02:02:57 PM,802.5,77,61792.5,34737001.50000001
2025-08-01 02:02:58 PM,802.0,0,0.0,34737001.50000001
2025-08-01 02:03:00 PM,801.35,0,0.0,34737001.50000001
2025-08-01 02:03:01 PM,801.25,90,72112.5,34809114.00000001
2025-08-01 02:03:04 PM,801.0,0,0.0,34809114.00000001
2025-08-01 02:03:06 PM,800.2,0,0.0,34809114.00000001
2025-08-01 02:03:07 PM,800.2,103,82420.6,34891534.60000001
2025-08-01 02:03:08 PM,801.25,0,0.0,34891534.60000001
2025-08-01 02:03:09 PM,800.2,0,0.0,34891534.60000001
2025-08-01 02:03:10 PM,800.0,0,0.0,34891534.60000001
2025-08-01 02:03:12 PM,802.6,2009,1612423.4000000001,36503958.00000001
2025-08-01 02:03:13 PM,801.85,0,0.0,36503958.00000001
2025-08-01 02:03:14 PM,800.55,0,0.0,36503958.00000001
2025-08-01 02:03:15 PM,803.2,0,0.0,36503958.00000001
2025-08-01 02:03:16 PM,800.5,0,0.0,36503958.00000001
2025-08-01 02:03:17 PM,800.5,313,250556.5,36754514.50000001
2025-08-01 02:03:18 PM,800.55,0,0.0,36754514.50000001
2025-08-01 02:03:22 PM,800.55,81,64844.549999999996,36819359.050000004
2025-08-01 02:03:27 PM,800.55,68,54437.399999999994,36873796.45
2025-08-01 02:03:28 PM,800.7,0,0.0,36873796.45
2025-08-01 02:03:32 PM,800.7,154,123307.8,36997104.25
2025-08-01 02:03:36 PM,802.45,0,0.0,36997104.25
2025-08-01 02:03:37 PM,802.45,37,29690.65,37026794.9
2025-08-01 02:03:38 PM,803.4,0,0.0,37026794.9
2025-08-01 02:03:42 PM,803.4,20,16068.0,37042862.9
2025-08-01 02:03:44 PM,802.45,0,0.0,37042862.9
2025-08-01 02:03:46 PM,803.3,0,0.0,37042862.9
2025-08-01 02:03:47 PM,803.3,67,53821.1,37096684.0
2025-08-01 02:03:50 PM,803.6,0,0.0,37096684.0
2025-08-01 02:03:52 PM,803.6,25,20090.0,37116774.0
2025-08-01 02:03:54 PM,803.2,0,0.0,37116774.0
2025-08-01 02:03:56 PM,803.05,0,0.0,37116774.0
2025-08-01 02:03:57 PM,803.5,0,0.0,37116774.0
2025-08-01 02:03:57 PM,803.5,87,69904.5,37186678.5
2025-08-01 02:03:58 PM,804.55,0,0.0,37186678.5
2025-08-01 02:04:01 PM,804.55,70,56318.5,37242997.0
2025-08-01 02:04:03 PM,804.75,50,40237.5,37283234.5
2025-08-01 02:04:06 PM,803.25,0,0.0,37283234.5
2025-08-01 02:04:07 PM,803.25,44,35343.0,37318577.5
2025-08-01 02:04:12 PM,803.25,10,8032.5,37326610.0
2025-08-01 02:04:12 PM,804.0,0,0.0,37326610.0
2025-08-01 02:04:12 PM,804.0,20,16080.0,37342690.0
2025-08-01 02:04:14 PM,805.0,0,0.0,37342690.0
2025-08-01 02:04:14 PM,805.0,130,104650.0,37447340.0
2025-08-01 02:04:16 PM,804.25,0,0.0,37447340.0
2025-08-01 02:04:17 PM,809.0,0,0.0,37447340.0
2025-08-01 02:04:17 PM,809.0,1611,1303299.0,38750639.0
2025-08-01 02:04:20 PM,809.0,60,48540.0,38799179.0
2025-08-01 02:04:21 PM,809.1,0,0.0,38799179.0
2025-08-01 02:04:22 PM,809.1,30,24273.0,38823452.0
2025-08-01 02:04:23 PM,809.05,0,0.0,38823452.0
2025-08-01 02:04:24 PM,809.05,10,8090.5,38831542.5
2025-08-01 02:04:24 PM,810.85,0,0.0,38831542.5
2025-08-01 02:04:25 PM,810.85,100,81085.0,38912627.5
2025-08-01 02:04:26 PM,810.8,0,0.0,38912627.5
2025-08-01 02:04:26 PM,809.6,4,3238.4,38915865.9
2025-08-01 02:04:26 PM,808.7,0,0.0,38915865.9
2025-08-01 02:04:27 PM,808.7,259,209453.30000000002,39125319.199999996
2025-08-01 02:04:27 PM,805.55,0,0.0,39125319.199999996
2025-08-01 02:04:28 PM,808.7,0,0.0,39125319.199999996
2025-08-01 02:04:28 PM,808.7,45,36391.5,39161710.699999996
2025-08-01 02:04:30 PM,808.2,0,0.0,39161710.699999996
2025-08-01 02:04:30 PM,808.2,16,12931.2,39174641.9
2025-08-01 02:04:31 PM,808.35,66,53351.1,39227993.0
2025-08-01 02:04:35 PM,809.1,206,166674.6,39394667.6
2025-08-01 02:04:35 PM,808.15,0,0.0,39394667.6
2025-08-01 02:04:36 PM,808.2,563,455016.60000000003,39849684.2
2025-08-01 02:04:37 PM,805.7,58,46730.600000000006,39896414.800000004
2025-08-01 02:04:38 PM,805.0,100,80500.0,39976914.800000004
2025-08-01 02:04:38 PM,803.0,0,0.0,39976914.800000004
2025-08-01 02:04:38 PM,803.0,892,716276.0,40693190.800000004
2025-08-01 02:04:38 PM,804.7,0,0.0,40693190.800000004
2025-08-01 02:04:39 PM,804.7,100,80470.0,40773660.800000004
2025-08-01 02:04:39 PM,806.0,0,0.0,40773660.800000004
2025-08-01 02:04:40 PM,806.0,649,523094.0,41296754.800000004
2025-08-01 02:04:41 PM,811.2,0,0.0,41296754.800000004
2025-08-01 02:04:41 PM,811.2,620,502944.0,41799698.800000004
2025-08-01 02:04:43 PM,806.35,102,82247.7,41881946.50000001
2025-08-01 02:04:44 PM,802.75,0,0.0,41881946.50000001
2025-08-01 02:04:45 PM,802.75,10,8027.5,41889974.00000001
2025-08-01 02:04:45 PM,802.75,39,31307.25,41921281.25000001
2025-08-01 02:04:49 PM,801.5,0,0.0,41921281.25000001
2025-08-01 02:04:50 PM,801.5,10,8015.0,41929296.25000001
2025-08-01 02:04:50 PM,803.35,58,46594.3,41975890.550000004
2025-08-01 02:04:51 PM,802.05,0,0.0,41975890.550000004
2025-08-01 02:04:51 PM,802.05,50,40102.5,42015993.050000004
2025-08-01 02:04:52 PM,801.55,0,0.0,42015993.050000004
2025-08-01 02:04:52 PM,801.55,105,84162.75,42100155.800000004
2025-08-01 02:04:57 PM,802.95,5,4014.75,42104170.550000004
2025-08-01 02:05:00 PM,801.9,275,220522.5,42324693.050000004
2025-08-01 02:05:03 PM,802.7,0,0.0,42324693.050000004
2025-08-01 02:05:04 PM,802.7,28,22475.600000000002,42347168.650000006
2025-08-01 02:05:04 PM,803.0,0,0.0,42347168.650000006
2025-08-01 02:05:05 PM,803.0,100,80300.0,42427468.650000006
2025-08-01 02:05:06 PM,804.3,0,0.0,42427468.650000006
2025-08-01 02:05:07 PM,804.3,3,2412.8999999999996,42429881.550000004
2025-08-01 02:05:08 PM,804.85,46,37023.1,42466904.650000006
2025-08-01 02:05:09 PM,808.0,0,0.0,42466904.650000006
2025-08-01 02:05:10 PM,808.0,100,80800.0,42547704.650000006
2025-08-01 02:05:11 PM,806.0,3,2418.0,42550122.650000006
2025-08-01 02:05:11 PM,806.5,157,126620.5,42676743.150000006
2025-08-01 02:05:14 PM,803.8,300,241140.0,42917883.150000006
2025-08-01 02:05:15 PM,807.6,0,0.0,42917883.150000006
2025-08-01 02:05:16 PM,805.95,220,177309.0,43095192.150000006
2025-08-01 02:05:16 PM,804.8,0,0.0,43095192.150000006
2025-08-01 02:05:17 PM,804.8,66,53116.799999999996,43148308.95
2025-08-01 02:05:20 PM,806.5,51,41131.5,43189440.45
2025-08-01 02:05:20 PM,807.0,0,0.0,43189440.45
2025-08-01 02:05:21 PM,807.0,102,82314.0,43271754.45
2025-08-01 02:05:21 PM,806.0,100,80600.0,43352354.45
2025-08-01 02:05:23 PM,808.95,0,0.0,43352354.45
2025-08-01 02:05:24 PM,808.95,109,88175.55,43440530.0
2025-08-01 02:05:24 PM,807.35,0,0.0,43440530.0
2025-08-01 02:05:24 PM,807.35,1,807.35,43441337.35
2025-08-01 02:05:25 PM,809.45,80,64756.0,43506093.35
2025-08-01 02:05:26 PM,805.95,100,80595.0,43586688.35
2025-08-01 02:05:28 PM,808.45,117,94588.65000000001,43681277.0
2025-08-01 02:05:29 PM,812.0,396,321552.0,44002829.0
2025-08-01 02:05:31 PM,809.05,0,0.0,44002829.0
2025-08-01 02:05:31 PM,810.6,306,248043.6,44250872.6
2025-08-01 02:05:32 PM,810.45,100,81045.0,44331917.6
2025-08-01 02:05:34 PM,809.7,0,0.0,44331917.6
2025-08-01 02:05:34 PM,811.65,26,21102.899999999998,44353020.5
2025-08-01 02:05:36 PM,809.05,0,0.0,44353020.5
2025-08-01 02:05:36 PM,809.05,125,101131.25,44454151.75
2025-08-01 02:05:37 PM,810.1,10,8101.0,44462252.75
2025-08-01 02:05:37 PM,811.55,0,0.0,44462252.75
2025-08-01 02:05:37 PM,811.55,80,64924.0,44527176.75
2025-08-01 02:05:38 PM,809.9,218,176558.19999999998,44703734.95
2025-08-01 02:05:40 PM,809.9,50,40495.0,44744229.95
2025-08-01 02:05:41 PM,809.55,1,809.55,44745039.5
2025-08-01 02:05:42 PM,809.2,3,2427.6000000000004,44747467.1
2025-08-01 02:05:43 PM,809.3,3,2427.8999999999996,44749895.0
2025-08-01 02:05:45 PM,808.85,112,90591.2,44840486.2
2025-08-01 02:05:47 PM,809.6,40,32384.0,44872870.2
2025-08-01 02:05:49 PM,810.0,10,8100.0,44880970.2
2025-08-01 02:05:52 PM,810.0,100,81000.0,44961970.2
2025-08-01 02:05:54 PM,809.4,0,0.0,44961970.2
2025-08-01 02:05:54 PM,809.4,10,8094.0,44970064.2
2025-08-01 02:05:55 PM,810.8,0,0.0,44970064.2
2025-08-01 02:05:55 PM,810.75,12,9729.0,44979793.2
2025-08-01 02:05:58 PM,810.0,0,0.0,44979793.2
2025-08-01 02:05:58 PM,809.05,202,163428.09999999998,45143221.300000004
2025-08-01 02:06:03 PM,810.0,2,1620.0,45144841.300000004
2025-08-01 02:06:04 PM,811.0,93,75423.0,45220264.300000004
2025-08-01 02:06:07 PM,810.0,19,15390.0,45235654.300000004
2025-08-01 02:06:09 PM,809.05,150,121357.5,45357011.800000004
2025-08-01 02:06:10 PM,811.05,10,8110.5,45365122.300000004
2025-08-01 02:06:13 PM,811.25,2,1622.5,45366744.800000004
2025-08-01 02:06:17 PM,810.8,0,0.0,45366744.800000004
2025-08-01 02:06:17 PM,810.8,5,4054.0,45370798.800000004
2025-08-01 02:06:18 PM,809.5,55,44522.5,45415321.300000004
2025-08-01 02:06:23 PM,809.35,2,1618.7,45416940.00000001
2025-08-01 02:06:33 PM,809.5,1,809.5,45417749.50000001
2025-08-01 02:06:34 PM,811.25,23,18658.75,45436408.25000001
2025-08-01 02:06:35 PM,809.95,60,48597.0,45485005.25000001
2025-08-01 02:06:42 PM,811.0,0,0.0,45485005.25000001
2025-08-01 02:06:43 PM,811.0,30,24330.0,45509335.25000001
2025-08-01 02:06:44 PM,812.0,486,394632.0,45903967.25000001
2025-08-01 02:06:49 PM,812.0,30,24360.0,45928327.25000001
2025-08-01 02:06:52 PM,812.0,10,8120.0,45936447.25000001
2025-08-01 02:06:54 PM,813.15,0,0.0,45936447.25000001
2025-08-01 02:06:55 PM,813.15,30,24394.5,45960841.75000001
2025-08-01 02:06:55 PM,811.85,0,0.0,45960841.75000001
2025-08-01 02:06:56 PM,811.85,100,81185.0,46042026.75000001
2025-08-01 02:06:59 PM,813.45,10,8134.5,46050161.25000001
2025-08-01 02:07:01 PM,812.25,0,0.0,46050161.25000001
2025-08-01 02:07:03 PM,812.6,0,0.0,46050161.25000001
2025-08-01 02:07:05 PM,812.6,110,89386.0,46139547.25000001
2025-08-01 02:07:07 PM,814.65,0,0.0,46139547.25000001
2025-08-01 02:07:09 PM,812.95,0,0.0,46139547.25000001
2025-08-01 02:07:10 PM,812.95,223,181287.85,46320835.10000001
2025-08-01 02:07:11 PM,813.0,0,0.0,46320835.10000001
2025-08-01 02:07:13 PM,810.3,0,0.0,46320835.10000001
2025-08-01 02:07:15 PM,810.3,1003,812730.8999999999,47133566.00000001
2025-08-01 02:07:17 PM,808.05,0,0.0,47133566.00000001
2025-08-01 02:07:18 PM,808.1,0,0.0,47133566.00000001
2025-08-01 02:07:19 PM,808.55,0,0.0,47133566.00000001
2025-08-01 02:07:20 PM,808.55,497,401849.35,47535415.35000001
2025-08-01 02:07:21 PM,809.0,0,0.0,47535415.35000001
2025-08-01 02:07:23 PM,809.95,0,0.0,47535415.35000001
2025-08-01 02:07:24 PM,809.95,51,41307.450000000004,47576722.80000001
2025-08-01 02:07:29 PM,808.35,0,0.0,47576722.80000001
2025-08-01 02:07:29 PM,808.35,30,24250.5,47600973.30000001
2025-08-01 02:07:31 PM,808.5,0,0.0,47600973.30000001
2025-08-01 02:07:35 PM,808.5,365,295102.5,47896075.80000001
2025-08-01 02:07:42 PM,808.0,0,0.0,47896075.80000001
2025-08-01 02:07:44 PM,808.4,0,0.0,47896075.80000001
2025-08-01 02:07:45 PM,808.4,64,51737.6,47947813.40000001
2025-08-01 02:07:50 PM,806.35,0,0.0,47947813.40000001
2025-08-01 02:07:51 PM,806.35,2,1612.7,47949426.10000002
2025-08-01 02:07:52 PM,807.75,0,0.0,47949426.10000002
2025-08-01 02:07:56 PM,807.75,13,10500.75,47959926.85000002
2025-08-01 02:08:01 PM,808.6,0,0.0,47959926.85000002
2025-08-01 02:08:02 PM,808.6,22,17789.2,47977716.05000002
2025-08-01 02:08:06 PM,807.55,0,0.0,47977716.05000002
2025-08-01 02:08:07 PM,807.5,70,56525.0,48034241.05000002
2025-08-01 02:08:07 PM,807.1,0,0.0,48034241.05000002
2025-08-01 02:08:08 PM,807.1,13,10492.300000000001,48044733.35000002
2025-08-01 02:08:08 PM,808.15,0,0.0,48044733.35000002
2025-08-01 02:08:09 PM,808.15,37,29901.55,48074634.90000001
2025-08-01 02:08:10 PM,807.1,0,0.0,48074634.90000001
2025-08-01 02:08:11 PM,807.1,50,40355.0,48114989.90000001
2025-08-01 02:08:12 PM,807.1,1,807.1,48115797.000000015
2025-08-01 02:08:14 PM,807.1,1,807.1,48116604.10000002
2025-08-01 02:08:17 PM,806.35,0,0.0,48116604.10000002
2025-08-01 02:08:18 PM,806.35,40,32254.0,48148858.10000002
2025-08-01 02:08:21 PM,806.35,6,4838.1,48153696.20000002
2025-08-01 02:08:26 PM,806.2,600,483720.0,48637416.20000002
2025-08-01 02:08:32 PM,807.5,1,807.5,48638223.70000002
2025-08-01 02:08:33 PM,806.4,0,0.0,48638223.70000002
2025-08-01 02:08:33 PM,806.4,5,4032.0,48642255.70000002
2025-08-01 02:08:34 PM,806.2,26,20961.2,48663216.90000002
2025-08-01 02:08:35 PM,808.05,100,80805.0,48744021.90000002
2025-08-01 02:08:36 PM,806.2,0,0.0,48744021.90000002
2025-08-01 02:08:37 PM,806.2,292,235410.40000000002,48979432.30000002
2025-08-01 02:08:38 PM,806.2,6,4837.200000000001,48984269.50000002
2025-08-01 02:08:54 PM,808.15,0,0.0,48984269.50000002
2025-08-01 02:08:55 PM,808.15,219,176984.85,49161254.350000024
2025-08-01 02:08:57 PM,809.65,0,0.0,49161254.350000024
2025-08-01 02:08:57 PM,809.65,2,1619.3,49162873.65000002
2025-08-01 02:09:18 PM,809.95,1089,882035.55,50044909.20000002
2025-08-01 02:09:22 PM,808.0,0,0.0,50044909.20000002
2025-08-01 02:09:23 PM,808.0,130,105040.0,50149949.20000002
2025-08-01 02:09:34 PM,807.1,0,0.0,50149949.20000002
2025-08-01 02:09:36 PM,807.0,0,0.0,50149949.20000002
2025-08-01 02:09:37 PM,807.0,60,48420.0,50198369.20000002
2025-08-01 02:09:46 PM,806.3,0,0.0,50198369.20000002
2025-08-01 02:09:48 PM,806.3,5,4031.5,50202400.70000002
2025-08-01 02:09:56 PM,807.1,0,0.0,50202400.70000002
2025-08-01 02:09:57 PM,807.1,100,80710.0,50283110.70000002
2025-08-01 02:10:04 PM,807.65,0,0.0,50283110.70000002
2025-08-01 02:10:07 PM,807.65,20,16153.0,50299263.70000002
2025-08-01 02:10:17 PM,806.3,98,79017.4,50378281.10000002
2025-08-01 02:10:48 PM,806.3,3,2418.8999999999996,50380700.000000015
2025-08-01 02:10:53 PM,806.0,270,217620.0,50598320.000000015
2025-08-01 02:10:58 PM,805.9,0,0.0,50598320.000000015
2025-08-01 02:10:58 PM,807.0,0,0.0,50598320.000000015
2025-08-01 02:10:58 PM,807.0,58,46806.0,50645126.000000015
2025-08-01 02:11:00 PM,805.15,0,0.0,50645126.000000015
2025-08-01 02:11:00 PM,805.0,0,0.0,50645126.000000015
2025-08-01 02:11:02 PM,809.4,0,0.0,50645126.000000015
2025-08-01 02:11:03 PM,807.05,2027,1635890.3499999999,52281016.35000002
2025-08-01 02:11:04 PM,805.0,0,0.0,52281016.35000002
2025-08-01 02:11:04 PM,802.2,0,0.0,52281016.35000002
2025-08-01 02:11:06 PM,801.8,0,0.0,52281016.35000002
2025-08-01 02:11:09 PM,805.0,0,0.0,52281016.35000002
2025-08-01 02:11:09 PM,805.0,1374,1106070.0,53387086.35000002
2025-08-01 02:11:12 PM,802.0,0,0.0,53387086.35000002
2025-08-01 02:11:13 PM,804.95,0,0.0,53387086.35000002
2025-08-01 02:11:14 PM,805.15,307,247181.05,53634267.40000001
2025-08-01 02:11:18 PM,804.0,0,0.0,53634267.40000001
2025-08-01 02:11:19 PM,804.5,0,0.0,53634267.40000001
2025-08-01 02:11:20 PM,804.5,104,83668.0,53717935.40000001
2025-08-01 02:11:23 PM,808.5,0,0.0,53717935.40000001
2025-08-01 02:11:25 PM,804.0,454,365016.0,54082951.40000001
2025-08-01 02:11:34 PM,807.0,0,0.0,54082951.40000001
2025-08-01 02:11:35 PM,805.85,0,0.0,54082951.40000001
2025-08-01 02:11:35 PM,805.85,84,67691.40000000001,54150642.80000001
2025-08-01 02:11:39 PM,805.15,0,0.0,54150642.80000001
2025-08-01 02:11:41 PM,805.15,64,51529.6,54202172.40000001
2025-08-01 02:11:43 PM,806.65,0,0.0,54202172.40000001
2025-08-01 02:11:45 PM,806.65,59,47592.35,54249764.750000015
2025-08-01 02:11:49 PM,805.85,0,0.0,54249764.750000015
2025-08-01 02:11:50 PM,806.55,0,0.0,54249764.750000015
2025-08-01 02:11:50 PM,806.55,35,28229.25,54277994.000000015
2025-08-01 02:11:55 PM,806.0,0,0.0,54277994.000000015
2025-08-01 02:11:56 PM,806.0,25,20150.0,54298144.000000015
2025-08-01 02:12:01 PM,807.3,0,0.0,54298144.000000015
2025-08-01 02:12:01 PM,807.3,32,25833.6,54323977.60000002
2025-08-01 02:12:16 PM,808.0,24,19392.0,54343369.60000002
2025-08-01 02:12:27 PM,809.75,10,8097.5,54351467.10000002
2025-08-01 02:12:32 PM,809.5,0,0.0,54351467.10000002
2025-08-01 02:12:32 PM,809.5,22,17809.0,54369276.10000002
2025-08-01 02:12:39 PM,808.4,0,0.0,54369276.10000002
2025-08-01 02:12:39 PM,808.4,33,26677.2,54395953.30000002
2025-08-01 02:12:41 PM,805.9,15,12088.5,54408041.80000002
2025-08-01 02:12:48 PM,807.35,0,0.0,54408041.80000002
2025-08-01 02:12:48 PM,807.35,10,8073.5,54416115.30000002
2025-08-01 02:12:48 PM,807.15,1,807.15,54416922.45000002
2025-08-01 02:12:56 PM,808.45,0,0.0,54416922.45000002
2025-08-01 02:12:56 PM,808.45,6,4850.700000000001,54421773.15000002
2025-08-01 02:12:56 PM,808.55,25,20213.75,54441986.90000002
2025-08-01 02:12:56 PM,807.0,0,0.0,54441986.90000002
2025-08-01 02:12:57 PM,807.0,5,4035.0,54446021.90000002
2025-08-01 02:12:57 PM,804.65,574,461869.1,54907891.00000002
2025-08-01 02:12:58 PM,803.0,0,0.0,54907891.00000002
2025-08-01 02:12:58 PM,803.0,10,8030.0,54915921.00000002
2025-08-01 02:12:58 PM,803.0,88,70664.0,54986585.00000002
2025-08-01 02:12:59 PM,802.65,0,0.0,54986585.00000002
2025-08-01 02:12:59 PM,802.65,13,10434.449999999999,54997019.450000025
2025-08-01 02:13:00 PM,802.6,0,0.0,54997019.450000025
2025-08-01 02:13:02 PM,802.6,2,1605.2,54998624.65000003
2025-08-01 02:13:12 PM,802.5,0,0.0,54998624.65000003
2025-08-01 02:13:12 PM,802.3,92,73811.59999999999,55072436.25000003
2025-08-01 02:13:16 PM,802.05,0,0.0,55072436.25000003
2025-08-01 02:13:17 PM,801.7,213,170762.1,55243198.35000003
2025-08-01 02:13:19 PM,801.1,100,80110.0,55323308.35000003
2025-08-01 02:13:20 PM,801.0,0,0.0,55323308.35000003
2025-08-01 02:13:22 PM,803.2,0,0.0,55323308.35000003
2025-08-01 02:13:22 PM,803.2,147,118070.40000000001,55441378.75000003
2025-08-01 02:13:26 PM,801.45,0,0.0,55441378.75000003
2025-08-01 02:13:28 PM,801.7,0,0.0,55441378.75000003
2025-08-01 02:13:28 PM,801.7,273,218864.1,55660242.85000003
2025-08-01 02:13:30 PM,801.3,0,0.0,55660242.85000003
2025-08-01 02:13:30 PM,801.3,72,57693.6,55717936.45000003
2025-08-01 02:13:33 PM,801.3,52,41667.6,55759604.050000034
2025-08-01 02:13:36 PM,800.15,0,0.0,55759604.050000034
2025-08-01 02:13:38 PM,800.15,439,351265.85,56110869.900000036
2025-08-01 02:13:42 PM,798.25,0,0.0,56110869.900000036
2025-08-01 02:13:43 PM,798.25,516,411897.0,56522766.900000036
2025-08-01 02:13:45 PM,799.45,18,14390.1,56537157.00000004
2025-08-01 02:13:48 PM,797.35,0,0.0,56537157.00000004
2025-08-01 02:13:49 PM,797.35,100,79735.0,56616892.00000004
2025-08-01 02:13:56 PM,797.85,0,0.0,56616892.00000004
2025-08-01 02:13:56 PM,797.85,51,40690.35,56657582.35000004
2025-08-01 02:13:58 PM,796.05,0,0.0,56657582.35000004
2025-08-01 02:13:59 PM,797.1,130,103623.0,56761205.35000004
2025-08-01 02:14:01 PM,797.6,12,9571.2,56770776.55000004
2025-08-01 02:14:04 PM,797.0,0,0.0,56770776.55000004
2025-08-01 02:14:05 PM,797.0,70,55790.0,56826566.55000004
2025-08-01 02:14:06 PM,797.1,0,0.0,56826566.55000004
2025-08-01 02:14:06 PM,797.1,26,20724.600000000002,56847291.15000004
2025-08-01 02:14:14 PM,797.45,0,0.0,56847291.15000004
2025-08-01 02:14:15 PM,797.1,422,336376.2,57183667.350000046
2025-08-01 02:14:18 PM,797.35,0,0.0,57183667.350000046
2025-08-01 02:14:21 PM,797.35,30,23920.5,57207587.850000046
2025-08-01 02:14:22 PM,797.4,0,0.0,57207587.850000046
2025-08-01 02:14:23 PM,797.4,50,39870.0,57247457.850000046
2025-08-01 02:14:26 PM,796.25,0,0.0,57247457.850000046
2025-08-01 02:14:26 PM,796.25,50,39812.5,57287270.350000046
2025-08-01 02:14:28 PM,797.75,0,0.0,57287270.350000046
2025-08-01 02:14:28 PM,797.75,74,59033.5,57346303.850000046
2025-08-01 02:14:29 PM,796.6,0,0.0,57346303.850000046
2025-08-01 02:14:31 PM,795.9,497,395562.3,57741866.15000004
2025-08-01 02:14:34 PM,794.35,0,0.0,57741866.15000004
2025-08-01 02:14:36 PM,795.9,0,0.0,57741866.15000004
2025-08-01 02:14:37 PM,795.9,85,67651.5,57809517.65000004
2025-08-01 02:14:38 PM,803.65,0,0.0,57809517.65000004
2025-08-01 02:14:39 PM,803.65,743,597111.95,58406629.600000046
2025-08-01 02:14:45 PM,799.15,0,0.0,58406629.600000046
2025-08-01 02:14:46 PM,799.15,10,7991.5,58414621.100000046
2025-08-01 02:14:48 PM,796.8,0,0.0,58414621.100000046
2025-08-01 02:14:49 PM,796.8,3,2390.3999999999996,58417011.500000045
2025-08-01 02:14:50 PM,796.95,0,0.0,58417011.500000045
2025-08-01 02:14:51 PM,798.7,134,107025.8,58524037.30000004
2025-08-01 02:14:54 PM,796.95,0,0.0,58524037.30000004
2025-08-01 02:14:57 PM,796.95,20,15939.0,58539976.30000004
2025-08-01 02:15:00 PM,796.85,0,0.0,58539976.30000004
2025-08-01 02:15:01 PM,796.85,3,2390.55,58542366.85000004
2025-08-01 02:15:04 PM,798.5,0,0.0,58542366.85000004
2025-08-01 02:15:04 PM,798.5,30,23955.0,58566321.85000004
2025-08-01 02:15:05 PM,796.85,0,0.0,58566321.85000004
2025-08-01 02:15:06 PM,796.95,0,0.0,58566321.85000004
2025-08-01 02:15:07 PM,796.95,15,11954.25,58578276.10000004
2025-08-01 02:15:10 PM,797.05,0,0.0,58578276.10000004
2025-08-01 02:15:12 PM,800.65,0,0.0,58578276.10000004
2025-08-01 02:15:12 PM,800.65,84,67254.59999999999,58645530.70000004
2025-08-01 02:15:16 PM,798.35,0,0.0,58645530.70000004
2025-08-01 02:15:18 PM,798.35,12,9580.2,58655110.90000004
2025-08-01 02:15:22 PM,798.6,0,0.0,58655110.90000004
2025-08-01 02:15:23 PM,798.6,2,1597.2,58656708.100000046
2025-08-01 02:15:26 PM,798.7,0,0.0,58656708.100000046
2025-08-01 02:15:28 PM,798.7,1,798.7,58657506.80000005
2025-08-01 02:15:50 PM,800.0,0,0.0,58657506.80000005
2025-08-01 02:15:53 PM,800.0,1,800.0,58658306.80000005
2025-08-01 02:15:54 PM,799.1,0,0.0,58658306.80000005
2025-08-01 02:15:56 PM,799.1,10,7991.0,58666297.80000005
2025-08-01 02:15:58 PM,799.15,0,0.0,58666297.80000005
2025-08-01 02:15:58 PM,799.15,1,799.15,58667096.95000005
2025-08-01 02:16:01 PM,800.85,109,87292.65000000001,58754389.600000046
2025-08-01 02:16:02 PM,800.1,0,0.0,58754389.600000046
2025-08-01 02:16:02 PM,800.7,0,0.0,58754389.600000046
2025-08-01 02:16:03 PM,800.7,22,17615.4,58772005.000000045
2025-08-01 02:16:08 PM,800.0,0,0.0,58772005.000000045
2025-08-01 02:16:08 PM,800.0,28,22400.0,58794405.000000045
2025-08-01 02:16:10 PM,801.4,0,0.0,58794405.000000045
2025-08-01 02:16:12 PM,802.7,0,0.0,58794405.000000045
2025-08-01 02:16:12 PM,802.7,102,81875.40000000001,58876280.40000004
2025-08-01 02:16:13 PM,801.25,20,16025.0,58892305.40000004
2025-08-01 02:16:16 PM,803.25,0,0.0,58892305.40000004
2025-08-01 02:16:17 PM,802.7,69,55386.3,58947691.70000004
2025-08-01 02:16:18 PM,801.2,0,0.0,58947691.70000004
2025-08-01 02:16:18 PM,802.7,0,0.0,58947691.70000004
2025-08-01 02:16:18 PM,802.7,33,26489.100000000002,58974180.80000004
2025-08-01 02:16:23 PM,801.5,5,4007.5,58978188.30000004
2025-08-01 02:16:28 PM,801.8,0,0.0,58978188.30000004
2025-08-01 02:16:28 PM,801.8,1,801.8,58978990.10000004
2025-08-01 02:16:43 PM,802.15,7,5615.05,58984605.150000036
2025-08-01 02:16:44 PM,802.25,0,0.0,58984605.150000036
2025-08-01 02:16:46 PM,802.2,0,0.0,58984605.150000036
2025-08-01 02:16:47 PM,802.2,158,126747.6,59111352.75000004
2025-08-01 02:16:48 PM,800.75,0,0.0,59111352.75000004
2025-08-01 02:16:48 PM,800.75,25,20018.75,59131371.50000004
2025-08-01 02:16:53 PM,800.75,4,3203.0,59134574.50000004
2025-08-01 02:17:15 PM,800.75,27,21620.25,59156194.75000004
2025-08-01 02:17:15 PM,800.75,4,3203.0,59159397.75000004
2025-08-01 02:17:16 PM,800.75,59,47244.25,59206642.00000004
2025-08-01 02:17:16 PM,800.55,0,0.0,59206642.00000004
2025-08-01 02:17:16 PM,800.55,10,8005.5,59214647.50000004
2025-08-01 02:17:17 PM,800.55,1,800.55,59215448.050000034
2025-08-01 02:17:20 PM,801.15,0,0.0,59215448.050000034
2025-08-01 02:17:20 PM,801.15,1,801.15,59216249.20000003
2025-08-01 02:17:22 PM,800.55,0,0.0,59216249.20000003
2025-08-01 02:17:22 PM,800.55,2,1601.1,59217850.300000034
2025-08-01 02:17:23 PM,800.0,0,0.0,59217850.300000034
2025-08-01 02:17:23 PM,800.0,36,28800.0,59246650.300000034
2025-08-01 02:17:23 PM,799.0,8,6392.0,59253042.300000034
2025-08-01 02:17:25 PM,799.0,1,799.0,59253841.300000034
2025-08-01 02:17:29 PM,799.45,35,27980.75,59281822.050000034
2025-08-01 02:17:30 PM,799.05,0,0.0,59281822.050000034
2025-08-01 02:17:30 PM,799.0,0,0.0,59281822.050000034
2025-08-01 02:17:31 PM,799.0,100,79900.0,59361722.050000034
2025-08-01 02:17:31 PM,799.05,0,0.0,59361722.050000034
2025-08-01 02:17:32 PM,799.05,15,11985.75,59373707.800000034
2025-08-01 02:17:32 PM,798.9,2,1597.8,59375305.60000003
2025-08-01 02:17:36 PM,799.9,0,0.0,59375305.60000003
2025-08-01 02:17:36 PM,799.9,5,3999.5,59379305.10000003
2025-08-01 02:17:37 PM,798.95,1,798.95,59380104.050000034
2025-08-01 02:17:51 PM,800.0,50,40000.0,59420104.050000034
2025-08-01 02:17:51 PM,798.9,8,6391.2,59426495.25000004
2025-08-01 02:17:52 PM,799.0,1,799.0,59427294.25000004
2025-08-01 02:17:53 PM,798.95,1,798.95,59428093.20000004
2025-08-01 02:18:10 PM,798.9,0,0.0,59428093.20000004
2025-08-01 02:18:12 PM,795.0,0,0.0,59428093.20000004
2025-08-01 02:18:13 PM,795.0,296,235320.0,59663413.20000004
2025-08-01 02:18:14 PM,795.0,44,34980.0,59698393.20000004
2025-08-01 02:18:18 PM,795.0,209,166155.0,59864548.20000004
2025-08-01 02:18:19 PM,792.35,620,491257.0,60355805.20000004
2025-08-01 02:18:24 PM,794.1,0,0.0,60355805.20000004
2025-08-01 02:18:24 PM,794.1,30,23823.0,60379628.20000004
2025-08-01 02:18:24 PM,791.2,0,0.0,60379628.20000004
2025-08-01 02:18:24 PM,791.05,165,130523.24999999999,60510151.45000004
2025-08-01 02:18:28 PM,791.0,0,0.0,60510151.45000004
2025-08-01 02:18:29 PM,791.0,11,8701.0,60518852.45000004
2025-08-01 02:18:29 PM,791.0,26,20566.0,60539418.45000004
2025-08-01 02:18:30 PM,790.2,0,0.0,60539418.45000004
2025-08-01 02:18:32 PM,791.5,0,0.0,60539418.45000004
2025-08-01 02:18:34 PM,790.05,0,0.0,60539418.45000004
2025-08-01 02:18:34 PM,789.9,0,0.0,60539418.45000004
2025-08-01 02:18:34 PM,789.9,385,304111.5,60843529.95000004
2025-08-01 02:18:38 PM,789.2,0,0.0,60843529.95000004
2025-08-01 02:18:39 PM,788.35,842,663790.7000000001,61507320.65000004
2025-08-01 02:18:42 PM,788.4,0,0.0,61507320.65000004
2025-08-01 02:18:42 PM,788.8,0,0.0,61507320.65000004
2025-08-01 02:18:44 PM,786.9,0,0.0,61507320.65000004
2025-08-01 02:18:44 PM,788.7,0,0.0,61507320.65000004
2025-08-01 02:18:44 PM,788.7,424,334408.80000000005,61841729.45000004
2025-08-01 02:18:46 PM,790.0,0,0.0,61841729.45000004
2025-08-01 02:18:49 PM,790.0,275,217250.0,62058979.45000004
2025-08-01 02:18:52 PM,787.0,0,0.0,62058979.45000004
2025-08-01 02:18:54 PM,786.9,0,0.0,62058979.45000004
2025-08-01 02:18:54 PM,786.9,140,110166.0,62169145.45000004
2025-08-01 02:18:58 PM,787.0,0,0.0,62169145.45000004
2025-08-01 02:18:58 PM,788.8,0,0.0,62169145.45000004
2025-08-01 02:18:59 PM,788.8,8,6310.4,62175455.85000004
2025-08-01 02:19:00 PM,787.5,1,787.5,62176243.35000004
2025-08-01 02:19:05 PM,787.05,1,787.05,62177030.400000036
2025-08-01 02:19:09 PM,786.95,0,0.0,62177030.400000036
2025-08-01 02:19:09 PM,786.95,41,32264.95,62209295.35000004
2025-08-01 02:19:10 PM,786.8,6,4720.799999999999,62214016.150000036
2025-08-01 02:19:11 PM,788.0,0,0.0,62214016.150000036
2025-08-01 02:19:11 PM,788.0,1,788.0,62214804.150000036
2025-08-01 02:19:12 PM,786.4,0,0.0,62214804.150000036
2025-08-01 02:19:12 PM,789.0,101,79689.0,62294493.150000036
2025-08-01 02:19:13 PM,785.0,0,0.0,62294493.150000036
2025-08-01 02:19:13 PM,785.05,0,0.0,62294493.150000036
2025-08-01 02:19:13 PM,785.05,142,111477.09999999999,62405970.25000004
2025-08-01 02:19:14 PM,785.0,0,0.0,62405970.25000004
2025-08-01 02:19:14 PM,785.0,21,16485.0,62422455.25000004
2025-08-01 02:19:15 PM,785.0,3,2355.0,62424810.25000004
2025-08-01 02:19:16 PM,786.0,0,0.0,62424810.25000004
2025-08-01 02:19:17 PM,787.65,218,171707.69999999998,62596517.95000004
2025-08-01 02:19:17 PM,786.9,0,0.0,62596517.95000004
2025-08-01 02:19:18 PM,786.4,43,33815.2,62630333.15000004
2025-08-01 02:19:18 PM,786.05,0,0.0,62630333.15000004
2025-08-01 02:19:18 PM,786.05,6,4716.299999999999,62635049.45000004
2025-08-01 02:19:19 PM,786.0,7,5502.0,62640551.45000004
2025-08-01 02:19:20 PM,787.0,0,0.0,62640551.45000004
2025-08-01 02:19:20 PM,787.0,2,1574.0,62642125.45000004
2025-08-01 02:19:20 PM,788.35,0,0.0,62642125.45000004
2025-08-01 02:19:20 PM,788.35,20,15767.0,62657892.45000004
2025-08-01 02:19:21 PM,786.05,0,0.0,62657892.45000004
2025-08-01 02:19:21 PM,788.05,18,14184.9,62672077.35000004
2025-08-01 02:19:22 PM,786.05,0,0.0,62672077.35000004
2025-08-01 02:19:22 PM,787.85,13,10242.050000000001,62682319.400000036
2025-08-01 02:19:23 PM,786.05,0,0.0,62682319.400000036
2025-08-01 02:19:23 PM,786.05,2,1572.1,62683891.50000004
2025-08-01 02:19:31 PM,787.05,0,0.0,62683891.50000004
2025-08-01 02:19:31 PM,787.05,1,787.05,62684678.550000034
2025-08-01 02:19:31 PM,787.05,1,787.05,62685465.60000003
2025-08-01 02:19:34 PM,788.0,1,788.0,62686253.60000003
2025-08-01 02:19:36 PM,787.05,1,787.05,62687040.65000003
2025-08-01 02:19:40 PM,788.0,1,788.0,62687828.65000003
2025-08-01 02:19:43 PM,787.15,0,0.0,62687828.65000003
2025-08-01 02:19:43 PM,787.15,1,787.15,62688615.80000003
2025-08-01 02:19:57 PM,788.05,0,0.0,62688615.80000003
2025-08-01 02:19:57 PM,788.05,1,788.05,62689403.850000024
2025-08-01 02:20:02 PM,788.05,48,37826.399999999994,62727230.25000002
2025-08-01 02:20:02 PM,787.45,8,6299.6,62733529.850000024
2025-08-01 02:20:04 PM,785.0,0,0.0,62733529.850000024
2025-08-01 02:20:07 PM,785.0,200,157000.0,62890529.850000024
2025-08-01 02:20:08 PM,785.0,31,24335.0,62914864.850000024
2025-08-01 02:20:13 PM,786.05,4,3144.2,62918009.05000003
2025-08-01 02:20:16 PM,785.4,0,0.0,62918009.05000003
2025-08-01 02:20:18 PM,788.4,26,20498.399999999998,62938507.450000025
2025-08-01 02:20:18 PM,786.1,0,0.0,62938507.450000025
2025-08-01 02:20:18 PM,786.1,5,3930.5,62942437.950000025
2025-08-01 02:20:23 PM,785.6,1,785.6,62943223.55000003
2025-08-01 02:20:44 PM,787.35,0,0.0,62943223.55000003
2025-08-01 02:20:47 PM,788.0,310,244280.0,63187503.55000003
2025-08-01 02:20:47 PM,788.0,46,36248.0,63223751.55000003
2025-08-01 02:20:52 PM,790.05,0,0.0,63223751.55000003
2025-08-01 02:20:52 PM,790.05,232,183291.59999999998,63407043.15000003
2025-08-01 02:20:54 PM,788.75,0,0.0,63407043.15000003
2025-08-01 02:20:57 PM,788.75,42,33127.5,63440170.65000003
2025-08-01 02:20:58 PM,788.3,0,0.0,63440170.65000003
2025-08-01 02:21:02 PM,791.1,0,0.0,63440170.65000003
2025-08-01 02:21:02 PM,791.1,46,36390.6,63476561.25000003
2025-08-01 02:21:04 PM,789.1,0,0.0,63476561.25000003
2025-08-01 02:21:08 PM,789.1,7,5523.7,63482084.95000003
2025-08-01 02:21:10 PM,790.7,0,0.0,63482084.95000003
2025-08-01 02:21:13 PM,790.7,2,1581.4,63483666.35000003
2025-08-01 02:21:14 PM,789.3,0,0.0,63483666.35000003
2025-08-01 02:21:18 PM,788.0,112,88256.0,63571922.35000003
2025-08-01 02:21:24 PM,788.0,289,227732.0,63799654.35000003
2025-08-01 02:21:26 PM,788.05,0,0.0,63799654.35000003
2025-08-01 02:21:29 PM,788.05,44,34674.2,63834328.550000034
2025-08-01 02:21:30 PM,788.1,0,0.0,63834328.550000034
2025-08-01 02:21:31 PM,790.8,0,0.0,63834328.550000034
2025-08-01 02:21:34 PM,790.8,104,82243.2,63916571.75000004
2025-08-01 02:21:35 PM,790.35,0,0.0,63916571.75000004
2025-08-01 02:21:39 PM,792.45,0,0.0,63916571.75000004
2025-08-01 02:21:39 PM,792.45,17,13471.650000000001,63930043.400000036
2025-08-01 02:21:41 PM,791.4,0,0.0,63930043.400000036
2025-08-01 02:21:45 PM,791.4,3,2374.2,63932417.60000004
2025-08-01 02:21:49 PM,792.55,0,0.0,63932417.60000004
2025-08-01 02:21:50 PM,792.55,4,3170.2,63935587.80000004
2025-08-01 02:21:52 PM,791.1,0,0.0,63935587.80000004
2025-08-01 02:21:55 PM,793.0,0,0.0,63935587.80000004
2025-08-01 02:21:55 PM,795.4,366,291116.39999999997,64226704.20000004
2025-08-01 02:21:58 PM,795.15,0,0.0,64226704.20000004
2025-08-01 02:22:01 PM,797.0,80,63760.0,64290464.20000004
2025-08-01 02:22:02 PM,796.15,0,0.0,64290464.20000004
2025-08-01 02:22:04 PM,797.7,0,0.0,64290464.20000004
2025-08-01 02:22:06 PM,800.0,1697,1357600.0,65648064.20000004
2025-08-01 02:22:10 PM,798.95,0,0.0,65648064.20000004
2025-08-01 02:22:11 PM,798.1,0,0.0,65648064.20000004
2025-08-01 02:22:11 PM,798.1,129,102954.90000000001,65751019.10000004
2025-08-01 02:22:12 PM,800.0,15,12000.0,65763019.10000004
2025-08-01 02:22:16 PM,801.5,0,0.0,65763019.10000004
2025-08-01 02:22:17 PM,801.5,896,718144.0,66481163.10000004
2025-08-01 02:22:22 PM,800.05,1,800.05,66481963.150000036
2025-08-01 02:22:24 PM,800.0,0,0.0,66481963.150000036
2025-08-01 02:22:28 PM,800.0,251,200800.0,66682763.150000036
2025-08-01 02:22:29 PM,798.65,0,0.0,66682763.150000036
2025-08-01 02:22:33 PM,798.65,38,30348.7,66713111.85000004
2025-08-01 02:22:34 PM,798.05,0,0.0,66713111.85000004
2025-08-01 02:22:38 PM,798.05,5,3990.25,66717102.10000004
2025-08-01 02:22:40 PM,798.0,0,0.0,66717102.10000004
2025-08-01 02:22:43 PM,798.35,0,0.0,66717102.10000004
2025-08-01 02:22:43 PM,798.35,26,20757.100000000002,66737859.20000004
2025-08-01 02:22:51 PM,798.4,0,0.0,66737859.20000004
2025-08-01 02:22:54 PM,799.1,0,0.0,66737859.20000004
2025-08-01 02:22:54 PM,799.1,51,40754.1,66778613.30000004
2025-08-01 02:22:55 PM,798.85,0,0.0,66778613.30000004
2025-08-01 02:23:00 PM,798.85,8,6390.8,66785004.10000004
2025-08-01 02:23:02 PM,798.55,0,0.0,66785004.10000004
2025-08-01 02:23:05 PM,798.55,1,798.55,66785802.650000036
2025-08-01 02:23:07 PM,798.45,0,0.0,66785802.650000036
2025-08-01 02:23:11 PM,798.45,14,11178.300000000001,66796980.95000003
2025-08-01 02:23:11 PM,798.1,2,1596.2,66798577.150000036
2025-08-01 02:23:23 PM,799.3,0,0.0,66798577.150000036
2025-08-01 02:23:27 PM,799.3,166,132683.8,66931260.95000003
2025-08-01 02:23:29 PM,798.4,0,0.0,66931260.95000003
2025-08-01 02:23:32 PM,798.4,25,19960.0,66951220.95000003
2025-08-01 02:23:37 PM,798.4,3,2395.2,66953616.150000036
2025-08-01 02:23:38 PM,798.45,0,0.0,66953616.150000036
2025-08-01 02:23:42 PM,798.45,1,798.45,66954414.60000004
2025-08-01 02:23:56 PM,799.9,0,0.0,66954414.60000004
2025-08-01 02:23:58 PM,799.9,6,4799.4,66959214.00000004
2025-08-01 02:24:00 PM,798.45,0,0.0,66959214.00000004
2025-08-01 02:24:04 PM,798.45,1,798.45,66960012.45000004
2025-08-01 02:24:24 PM,799.6,0,0.0,66960012.45000004
2025-08-01 02:24:25 PM,799.6,20,15992.0,66976004.45000004
2025-08-01 02:24:26 PM,798.7,0,0.0,66976004.45000004
2025-08-01 02:24:30 PM,798.7,3,2396.1000000000004,66978400.55000004
2025-08-01 02:24:51 PM,801.35,0,0.0,66978400.55000004
2025-08-01 02:24:51 PM,801.35,165,132222.75,67110623.30000004
2025-08-01 02:24:53 PM,799.35,0,0.0,67110623.30000004
2025-08-01 02:24:56 PM,799.35,25,19983.75,67130607.05000004
2025-08-01 02:24:59 PM,799.6,0,0.0,67130607.05000004
2025-08-01 02:25:01 PM,799.6,4,3198.4,67133805.45000005
2025-08-01 02:25:18 PM,799.6,3,2398.8,67136204.25000004
2025-08-01 02:25:23 PM,799.6,62,49575.200000000004,67185779.45000005
2025-08-01 02:25:26 PM,798.1,0,0.0,67185779.45000005
2025-08-01 02:25:29 PM,798.1,17,13567.7,67199347.15000005
2025-08-01 02:25:30 PM,797.7,0,0.0,67199347.15000005
2025-08-01 02:25:34 PM,797.7,3,2393.1000000000004,67201740.25000004
2025-08-01 02:25:45 PM,798.75,0,0.0,67201740.25000004
2025-08-01 02:25:45 PM,798.75,19,15176.25,67216916.50000004
2025-08-01 02:25:47 PM,797.25,0,0.0,67216916.50000004
2025-08-01 02:25:50 PM,797.25,93,74144.25,67291060.75000004
2025-08-01 02:25:50 PM,797.4,14,11163.6,67302224.35000004
2025-08-01 02:26:02 PM,797.65,0,0.0,67302224.35000004
2025-08-01 02:26:05 PM,797.65,2,1595.3,67303819.65000004
2025-08-01 02:26:08 PM,795.55,0,0.0,67303819.65000004
2025-08-01 02:26:11 PM,795.55,165,131265.75,67435085.40000004
2025-08-01 02:26:12 PM,795.6,0,0.0,67435085.40000004
2025-08-01 02:26:17 PM,795.6,25,19890.0,67454975.40000004
2025-08-01 02:26:17 PM,795.85,0,0.0,67454975.40000004
2025-08-01 02:26:18 PM,795.6,0,0.0,67454975.40000004
2025-08-01 02:26:22 PM,795.6,30,23868.0,67478843.40000004
2025-08-01 02:26:23 PM,795.65,0,0.0,67478843.40000004
2025-08-01 02:26:27 PM,795.65,4,3182.6,67482026.00000003
2025-08-01 02:26:29 PM,795.7,0,0.0,67482026.00000003
2025-08-01 02:26:32 PM,795.7,2,1591.4,67483617.40000004
2025-08-01 02:26:44 PM,797.6,0,0.0,67483617.40000004
2025-08-01 02:26:47 PM,797.6,66,52641.6,67536259.00000003
2025-08-01 02:26:50 PM,797.65,0,0.0,67536259.00000003
2025-08-01 02:26:53 PM,797.65,10,7976.5,67544235.50000003
2025-08-01 02:26:54 PM,797.95,0,0.0,67544235.50000003
2025-08-01 02:26:58 PM,798.7,9,7188.3,67551423.80000003
2025-08-01 02:26:59 PM,797.85,0,0.0,67551423.80000003
2025-08-01 02:27:03 PM,795.6,0,0.0,67551423.80000003
2025-08-01 02:27:04 PM,795.6,286,227541.6,67778965.40000002
2025-08-01 02:27:05 PM,795.55,0,0.0,67778965.40000002
2025-08-01 02:27:10 PM,795.55,43,34208.65,67813174.05000003
2025-08-01 02:27:11 PM,796.65,0,0.0,67813174.05000003
2025-08-01 02:27:15 PM,796.65,66,52578.9,67865752.95000003
2025-08-01 02:27:17 PM,795.85,0,0.0,67865752.95000003
2025-08-01 02:27:21 PM,795.85,10,7958.5,67873711.45000003
2025-08-01 02:27:23 PM,795.9,0,0.0,67873711.45000003
2025-08-01 02:27:26 PM,795.9,2,1591.8,67875303.25000003
2025-08-01 02:27:58 PM,796.9,141,112362.9,67987666.15000004
2025-08-01 02:27:58 PM,796.0,0,0.0,67987666.15000004
2025-08-01 02:27:58 PM,796.0,21,16716.0,68004382.15000004
2025-08-01 02:28:04 PM,796.1,0,0.0,68004382.15000004
2025-08-01 02:28:09 PM,796.0,0,0.0,68004382.15000004
2025-08-01 02:28:09 PM,796.0,73,58108.0,68062490.15000004
2025-08-01 02:28:10 PM,796.0,11,8756.0,68071246.15000004
2025-08-01 02:28:12 PM,796.8,0,0.0,68071246.15000004
2025-08-01 02:28:13 PM,795.75,0,0.0,68071246.15000004
2025-08-01 02:28:15 PM,795.75,404,321483.0,68392729.15000004
2025-08-01 02:28:15 PM,795.0,63,50085.0,68442814.15000004
2025-08-01 02:28:20 PM,795.0,41,32595.0,68475409.15000004
2025-08-01 02:28:21 PM,795.0,17,13515.0,68488924.15000004
2025-08-01 02:28:22 PM,795.5,0,0.0,68488924.15000004
2025-08-01 02:28:25 PM,795.5,47,37388.5,68526312.65000004
2025-08-01 02:28:26 PM,795.0,10,7950.0,68534262.65000004
2025-08-01 02:28:31 PM,795.0,2,1590.0,68535852.65000004
2025-08-01 02:28:48 PM,795.5,2,1591.0,68537443.65000004
2025-08-01 02:28:53 PM,795.5,82,65231.0,68602674.65000004
2025-08-01 02:28:54 PM,795.0,0,0.0,68602674.65000004
2025-08-01 02:28:58 PM,795.0,12,9540.0,68612214.65000004
2025-08-01 02:28:59 PM,795.0,14,11130.0,68623344.65000004
2025-08-01 02:29:04 PM,795.0,5821,4627695.0,73251039.65000004
2025-08-01 02:29:05 PM,792.15,3110,2463586.5,75714626.15000004
2025-08-01 02:29:11 PM,790.0,466,368140.0,76082766.15000004
2025-08-01 02:29:13 PM,792.2,0,0.0,76082766.15000004
2025-08-01 02:29:15 PM,790.0,0,0.0,76082766.15000004
2025-08-01 02:29:16 PM,790.0,261,206190.0,76288956.15000004
2025-08-01 02:29:17 PM,790.0,109,86110.0,76375066.15000004
2025-08-01 02:29:28 PM,790.0,16,12640.0,76387706.15000004
2025-08-01 02:29:34 PM,790.0,2,1580.0,76389286.15000004
2025-08-01 02:29:42 PM,790.7,0,0.0,76389286.15000004
2025-08-01 02:29:43 PM,790.7,11,8697.7,76397983.85000004
2025-08-01 02:29:44 PM,790.0,1,790.0,76398773.85000004
2025-08-01 02:29:50 PM,790.0,1,790.0,76399563.85000004
2025-08-01 02:29:55 PM,788.5,0,0.0,76399563.85000004
2025-08-01 02:29:55 PM,788.5,279,219991.5,76619555.35000004
2025-08-01 02:29:59 PM,788.5,212,167162.0,76786717.35000004
2025-08-01 02:30:00 PM,787.0,0,0.0,76786717.35000004
2025-08-01 02:30:00 PM,786.1,115,90401.5,76877118.85000004
2025-08-01 02:30:05 PM,787.35,0,0.0,76877118.85000004
2025-08-01 02:30:05 PM,787.35,621,488944.35000000003,77366063.20000003
2025-08-01 02:30:06 PM,786.15,110,86476.5,77452539.70000003
2025-08-01 02:30:08 PM,785.55,0,0.0,77452539.70000003
2025-08-01 02:30:10 PM,785.5,0,0.0,77452539.70000003
2025-08-01 02:30:11 PM,785.5,130,102115.0,77554654.70000003
2025-08-01 02:30:12 PM,785.5,36,28278.0,77582932.70000003
2025-08-01 02:30:16 PM,785.0,0,0.0,77582932.70000003
2025-08-01 02:30:17 PM,785.0,62,48670.0,77631602.70000003
2025-08-01 02:30:18 PM,785.0,61,47885.0,77679487.70000003
2025-08-01 02:30:22 PM,785.2,0,0.0,77679487.70000003
2025-08-01 02:30:22 PM,785.2,85,66742.0,77746229.70000003
2025-08-01 02:30:23 PM,784.0,0,0.0,77746229.70000003
2025-08-01 02:30:23 PM,784.0,22,17248.0,77763477.70000003
2025-08-01 02:30:28 PM,783.7,0,0.0,77763477.70000003
2025-08-01 02:30:28 PM,783.7,64,50156.8,77813634.50000003
2025-08-01 02:30:34 PM,783.6,0,0.0,77813634.50000003
2025-08-01 02:30:34 PM,783.6,50,39180.0,77852814.50000003
2025-08-01 02:30:38 PM,782.05,0,0.0,77852814.50000003
2025-08-01 02:30:39 PM,782.05,8,6256.4,77859070.90000004
2025-08-01 02:30:44 PM,782.05,34,26589.699999999997,77885660.60000004
2025-08-01 02:30:49 PM,781.5,0,0.0,77885660.60000004
2025-08-01 02:30:50 PM,781.5,213,166459.5,78052120.10000004
2025-08-01 02:30:54 PM,781.5,1,781.5,78052901.60000004
2025-08-01 02:30:55 PM,781.5,66,51579.0,78104480.60000004
2025-08-01 02:30:56 PM,781.0,0,0.0,78104480.60000004
2025-08-01 02:30:59 PM,781.0,172,134332.0,78238812.60000004
2025-08-01 02:30:59 PM,780.5,0,0.0,78238812.60000004
2025-08-01 02:31:00 PM,780.3,52,40575.6,78279388.20000003
2025-08-01 02:31:01 PM,781.55,0,0.0,78279388.20000003
2025-08-01 02:31:02 PM,781.05,0,0.0,78279388.20000003
2025-08-01 02:31:04 PM,778.05,0,0.0,78279388.20000003
2025-08-01 02:31:05 PM,778.05,997,775715.85,79055104.05000003
2025-08-01 02:31:05 PM,777.8,0,0.0,79055104.05000003
2025-08-01 02:31:06 PM,778.0,272,211616.0,79266720.05000003
2025-08-01 02:31:07 PM,778.25,0,0.0,79266720.05000003
2025-08-01 02:31:08 PM,779.1,0,0.0,79266720.05000003
2025-08-01 02:31:11 PM,779.1,140,109074.0,79375794.05000003
2025-08-01 02:31:11 PM,778.95,0,0.0,79375794.05000003
2025-08-01 02:31:12 PM,779.0,1391,1083589.0,80459383.05000003
2025-08-01 02:31:13 PM,778.9,0,0.0,80459383.05000003
2025-08-01 02:31:14 PM,778.85,0,0.0,80459383.05000003
2025-08-01 02:31:16 PM,781.4,614,479779.6,80939162.65000002
2025-08-01 02:31:17 PM,781.5,0,0.0,80939162.65000002
2025-08-01 02:31:17 PM,777.8,1415,1100587.0,82039749.65000002
2025-08-01 02:31:23 PM,776.05,213,165298.65,82205048.30000003
2025-08-01 02:31:25 PM,776.0,0,0.0,82205048.30000003
2025-08-01 02:31:27 PM,776.0,223,173048.0,82378096.30000003
2025-08-01 02:31:28 PM,776.0,65,50440.0,82428536.30000003
2025-08-01 02:31:31 PM,776.05,0,0.0,82428536.30000003
2025-08-01 02:31:34 PM,777.95,0,0.0,82428536.30000003
2025-08-01 02:31:34 PM,777.95,21,16336.95,82444873.25000003
2025-08-01 02:31:39 PM,776.0,3,2328.0,82447201.25000003
2025-08-01 02:31:41 PM,775.95,0,0.0,82447201.25000003
2025-08-01 02:31:43 PM,775.95,204,158293.80000000002,82605495.05000003
2025-08-01 02:31:44 PM,775.75,0,0.0,82605495.05000003
2025-08-01 02:31:44 PM,775.95,6,4655.700000000001,82610150.75000003
2025-08-01 02:31:47 PM,775.85,0,0.0,82610150.75000003
2025-08-01 02:31:48 PM,775.55,343,266013.64999999997,82876164.40000004
2025-08-01 02:31:50 PM,775.85,0,0.0,82876164.40000004
2025-08-01 02:31:53 PM,775.5,0,0.0,82876164.40000004
2025-08-01 02:31:54 PM,775.5,34,26367.0,82902531.40000004
2025-08-01 02:31:58 PM,782.05,0,0.0,82902531.40000004
2025-08-01 02:31:59 PM,781.8,2167,1694160.5999999999,84596692.00000003
2025-08-01 02:31:59 PM,780.0,0,0.0,84596692.00000003
2025-08-01 02:32:00 PM,780.0,325,253500.0,84850192.00000003
2025-08-01 02:32:01 PM,780.1,49,38224.9,84888416.90000004
2025-08-01 02:32:03 PM,780.15,0,0.0,84888416.90000004
2025-08-01 02:32:03 PM,780.15,7,5461.05,84893877.95000003
2025-08-01 02:32:03 PM,780.15,1,780.15,84894658.10000004
2025-08-01 02:32:04 PM,781.8,0,0.0,84894658.10000004
2025-08-01 02:32:04 PM,781.8,1,781.8,84895439.90000004
2025-08-01 02:32:10 PM,781.8,1,781.8,84896221.70000003
2025-08-01 02:32:11 PM,781.8,19,14854.199999999999,84911075.90000004
2025-08-01 02:32:11 PM,781.8,13,10163.4,84921239.30000004
2025-08-01 02:32:12 PM,782.65,0,0.0,84921239.30000004
2025-08-01 02:32:12 PM,782.65,10,7826.5,84929065.80000004
2025-08-01 02:32:12 PM,781.0,0,0.0,84929065.80000004
2025-08-01 02:32:12 PM,781.0,4,3124.0,84932189.80000004
2025-08-01 02:32:17 PM,781.8,0,0.0,84932189.80000004
2025-08-01 02:32:17 PM,781.8,4,3127.2,84935317.00000004
2025-08-01 02:32:17 PM,780.6,1,780.6,84936097.60000004
2025-08-01 02:32:20 PM,781.4,0,0.0,84936097.60000004
2025-08-01 02:32:20 PM,781.4,4,3125.6,84939223.20000003
2025-08-01 02:32:20 PM,781.0,1,781.0,84940004.20000003
2025-08-01 02:32:22 PM,781.0,2,1562.0,84941566.20000003
2025-08-01 02:32:30 PM,781.05,0,0.0,84941566.20000003
2025-08-01 02:32:31 PM,781.05,1,781.05,84942347.25000003
2025-08-01 02:32:34 PM,780.75,0,0.0,84942347.25000003
2025-08-01 02:32:34 PM,780.75,110,85882.5,85028229.75000003
2025-08-01 02:32:34 PM,780.05,0,0.0,85028229.75000003
2025-08-01 02:32:35 PM,780.05,17,13260.849999999999,85041490.60000002
2025-08-01 02:32:35 PM,780.0,0,0.0,85041490.60000002
2025-08-01 02:32:36 PM,780.65,0,0.0,85041490.60000002
2025-08-01 02:32:36 PM,780.65,12,9367.8,85050858.40000002
2025-08-01 02:32:36 PM,780.0,0,0.0,85050858.40000002
2025-08-01 02:32:36 PM,780.0,2,1560.0,85052418.40000002
2025-08-01 02:32:37 PM,780.0,761,593580.0,85645998.40000002
2025-08-01 02:32:38 PM,780.0,114,88920.0,85734918.40000002
2025-08-01 02:32:39 PM,780.0,17,13260.0,85748178.40000002
2025-08-01 02:32:40 PM,780.0,3,2340.0,85750518.40000002
2025-08-01 02:32:51 PM,780.05,647,504692.35,86255210.75000001
2025-08-01 02:32:51 PM,780.0,0,0.0,86255210.75000001
2025-08-01 02:32:51 PM,780.0,97,75660.0,86330870.75000001
2025-08-01 02:32:52 PM,780.0,15,11700.0,86342570.75000001
2025-08-01 02:32:53 PM,780.0,2,1560.0,86344130.75000001
2025-08-01 02:33:07 PM,780.0,20,15600.0,86359730.75000001
2025-08-01 02:33:13 PM,780.2,3,2340.6000000000004,86362071.35000001
2025-08-01 02:33:18 PM,780.2,1,780.2,86362851.55000001
2025-08-01 02:33:24 PM,780.85,1,780.85,86363632.4
2025-08-01 02:33:37 PM,780.85,116,90578.6,86454211.0
2025-08-01 02:33:40 PM,780.45,0,0.0,86454211.0
2025-08-01 02:33:43 PM,780.45,18,14048.1,86468259.1
2025-08-01 02:33:43 PM,780.55,0,0.0,86468259.1
2025-08-01 02:33:48 PM,780.6,0,0.0,86468259.1
2025-08-01 02:33:48 PM,780.6,7,5464.2,86473723.3
2025-08-01 02:33:49 PM,780.55,0,0.0,86473723.3
2025-08-01 02:33:51 PM,780.55,1,780.55,86474503.85
2025-08-01 02:33:55 PM,780.6,0,0.0,86474503.85
2025-08-01 02:33:56 PM,780.6,1,780.6,86475284.44999999
2025-08-01 02:34:00 PM,781.1,0,0.0,86475284.44999999
2025-08-01 02:34:02 PM,781.1,3,2343.3,86477627.74999999
2025-08-01 02:34:06 PM,781.45,0,0.0,86477627.74999999
2025-08-01 02:34:07 PM,781.5,0,0.0,86477627.74999999
2025-08-01 02:34:08 PM,781.5,450,351675.0,86829302.74999999
2025-08-01 02:34:10 PM,781.55,0,0.0,86829302.74999999
2025-08-01 02:34:13 PM,781.55,29,22664.949999999997,86851967.69999999
2025-08-01 02:34:16 PM,783.0,0,0.0,86851967.69999999
2025-08-01 02:34:16 PM,783.0,28,21924.0,86873891.69999999
2025-08-01 02:34:16 PM,781.5,0,0.0,86873891.69999999
2025-08-01 02:34:19 PM,781.5,76,59394.0,86933285.69999999
2025-08-01 02:34:22 PM,782.9,10,7829.0,86941114.69999999
2025-08-01 02:34:22 PM,782.15,0,0.0,86941114.69999999
2025-08-01 02:34:24 PM,782.15,13,10167.949999999999,86951282.64999999
2025-08-01 02:34:28 PM,782.25,0,0.0,86951282.64999999
2025-08-01 02:34:30 PM,782.8,66,51664.799999999996,87002947.44999999
2025-08-01 02:34:32 PM,782.8,2,1565.6,87004513.04999998
2025-08-01 02:34:35 PM,782.8,46,36008.799999999996,87040521.84999998
2025-08-01 02:34:40 PM,780.6,0,0.0,87040521.84999998
2025-08-01 02:34:41 PM,780.6,35,27321.0,87067842.84999998
2025-08-01 02:34:43 PM,781.9,1,781.9,87068624.74999999
2025-08-01 02:34:45 PM,781.0,0,0.0,87068624.74999999
2025-08-01 02:34:46 PM,781.0,5,3905.0,87072529.74999999
2025-08-01 02:34:49 PM,781.1,0,0.0,87072529.74999999
2025-08-01 02:34:51 PM,781.75,0,0.0,87072529.74999999
2025-08-01 02:34:51 PM,781.75,2,1563.5,87074093.24999999
2025-08-01 02:34:55 PM,781.8,0,0.0,87074093.24999999
2025-08-01 02:34:57 PM,781.8,61,47689.799999999996,87121783.04999998
2025-08-01 02:35:01 PM,780.9,0,0.0,87121783.04999998
2025-08-01 02:35:02 PM,780.9,10,7809.0,87129592.04999998
2025-08-01 02:35:05 PM,780.95,0,0.0,87129592.04999998
2025-08-01 02:35:07 PM,780.9,0,0.0,87129592.04999998
2025-08-01 02:35:08 PM,780.9,5,3904.5,87133496.54999998
2025-08-01 02:35:11 PM,780.75,0,0.0,87133496.54999998
2025-08-01 02:35:13 PM,780.75,1,780.75,87134277.29999998
2025-08-01 02:35:15 PM,781.75,0,0.0,87134277.29999998
2025-08-01 02:35:16 PM,781.75,3,2345.25,87136622.54999998
2025-08-01 02:35:17 PM,780.7,0,0.0,87136622.54999998
2025-08-01 02:35:19 PM,780.7,1,780.7,87137403.24999999
2025-08-01 02:35:38 PM,781.6,1,781.6,87138184.84999998
2025-08-01 02:35:42 PM,781.75,0,0.0,87138184.84999998
2025-08-01 02:35:44 PM,781.75,13,10162.75,87148347.59999998
2025-08-01 02:35:44 PM,780.65,0,0.0,87148347.59999998
2025-08-01 02:35:45 PM,780.65,2,1561.3,87149908.89999998
2025-08-01 02:35:56 PM,781.4,75,58605.0,87208513.89999998
2025-08-01 02:36:00 PM,781.2,0,0.0,87208513.89999998
2025-08-01 02:36:01 PM,781.2,11,8593.2,87217107.09999998
2025-08-01 02:36:07 PM,781.2,32,24998.4,87242105.49999999
2025-08-01 02:36:11 PM,780.55,0,0.0,87242105.49999999
2025-08-01 02:36:13 PM,780.55,5,3902.75,87246008.24999999
2025-08-01 02:36:18 PM,781.2,0,0.0,87246008.24999999
2025-08-01 02:36:18 PM,781.2,1,781.2,87246789.44999999
2025-08-01 02:36:30 PM,781.65,0,0.0,87246789.44999999
2025-08-01 02:36:32 PM,781.65,79,61750.35,87308539.79999998
2025-08-01 02:36:33 PM,781.3,0,0.0,87308539.79999998
2025-08-01 02:36:34 PM,781.3,79,61722.7,87370262.49999999
2025-08-01 02:36:36 PM,781.1,0,0.0,87370262.49999999
2025-08-01 02:36:38 PM,781.1,11,8592.1,87378854.59999998
2025-08-01 02:36:39 PM,780.6,0,0.0,87378854.59999998
2025-08-01 02:36:40 PM,780.6,13,10147.800000000001,87389002.39999998
2025-08-01 02:36:43 PM,780.6,53,41371.8,87430374.19999997
2025-08-01 02:36:45 PM,780.0,0,0.0,87430374.19999997
2025-08-01 02:36:45 PM,780.0,521,406380.0,87836754.19999997
2025-08-01 02:36:48 PM,780.0,42,32760.0,87869514.19999997
2025-08-01 02:36:50 PM,780.0,152,118560.0,87988074.19999997
2025-08-01 02:36:53 PM,780.0,531,414180.0,88402254.19999997
2025-08-01 02:36:55 PM,780.0,863,673140.0,89075394.19999997
2025-08-01 02:36:57 PM,778.0,0,0.0,89075394.19999997
2025-08-01 02:36:59 PM,779.8,542,422651.6,89498045.79999997
2025-08-01 02:37:00 PM,779.0,0,0.0,89498045.79999997
2025-08-01 02:37:03 PM,778.15,0,0.0,89498045.79999997
2025-08-01 02:37:04 PM,778.15,406,315928.89999999997,89813974.69999997
2025-08-01 02:37:06 PM,777.25,0,0.0,89813974.69999997
2025-08-01 02:37:06 PM,777.25,294,228511.5,90042486.19999997
2025-08-01 02:37:09 PM,775.95,0,0.0,90042486.19999997
2025-08-01 02:37:09 PM,776.1,0,0.0,90042486.19999997
2025-08-01 02:37:10 PM,775.4,124,96149.59999999999,90138635.79999997
2025-08-01 02:37:15 PM,775.0,0,0.0,90138635.79999997
2025-08-01 02:37:16 PM,775.15,285,220917.75,90359553.54999997
2025-08-01 02:37:17 PM,775.0,220,170500.0,90530053.54999997
2025-08-01 02:37:21 PM,774.0,0,0.0,90530053.54999997
2025-08-01 02:37:21 PM,774.0,10,7740.0,90537793.54999997
2025-08-01 02:37:26 PM,774.55,100,77455.0,90615248.54999997
2025-08-01 02:37:31 PM,774.3,10,7743.0,90622991.54999997
2025-08-01 02:37:32 PM,774.0,50,38700.0,90661691.54999997
2025-08-01 02:37:36 PM,774.0,1,774.0,90662465.54999997
2025-08-01 02:37:37 PM,774.0,26,20124.0,90682589.54999997
2025-08-01 02:37:39 PM,773.9,0,0.0,90682589.54999997
2025-08-01 02:37:41 PM,773.9,84,65007.6,90747597.14999996
2025-08-01 02:37:45 PM,773.0,0,0.0,90747597.14999996
2025-08-01 02:37:47 PM,773.0,151,116723.0,90864320.14999996
2025-08-01 02:37:48 PM,773.55,0,0.0,90864320.14999996
2025-08-01 02:37:48 PM,773.55,10,7735.5,90872055.64999996
2025-08-01 02:37:51 PM,773.0,0,0.0,90872055.64999996
2025-08-01 02:37:52 PM,773.0,79,61067.0,90933122.64999996
2025-08-01 02:37:54 PM,773.0,30,23190.0,90956312.64999996
2025-08-01 02:37:57 PM,772.5,0,0.0,90956312.64999996
2025-08-01 02:37:58 PM,772.5,1,772.5,90957085.14999996
2025-08-01 02:37:59 PM,772.8,472,364761.6,91321846.74999996
2025-08-01 02:38:03 PM,772.55,0,0.0,91321846.74999996
2025-08-01 02:38:03 PM,772.55,45,34764.75,91356611.49999996
2025-08-01 02:38:04 PM,772.3,423,326682.89999999997,91683294.39999996
2025-08-01 02:38:07 PM,771.9,0,0.0,91683294.39999996
2025-08-01 02:38:09 PM,770.65,35,26972.75,91710267.14999996
2025-08-01 02:38:13 PM,772.0,0,0.0,91710267.14999996
2025-08-01 02:38:14 PM,770.85,0,0.0,91710267.14999996
2025-08-01 02:38:15 PM,772.0,327,252444.0,91962711.14999996
2025-08-01 02:38:19 PM,774.5,0,0.0,91962711.14999996
2025-08-01 02:38:21 PM,772.2,718,554439.6,92517150.74999996
2025-08-01 02:38:32 PM,770.0,0,0.0,92517150.74999996
2025-08-01 02:38:32 PM,770.0,200,154000.0,92671150.74999996
2025-08-01 02:38:33 PM,772.2,10,7722.0,92678872.74999996
2025-08-01 02:38:36 PM,770.4,0,0.0,92678872.74999996
2025-08-01 02:38:38 PM,771.3,54,41650.2,92720522.94999996
2025-08-01 02:38:39 PM,771.0,12,9252.0,92729774.94999996
2025-08-01 02:38:45 PM,771.95,2,1543.9,92731318.84999996
2025-08-01 02:38:48 PM,771.1,0,0.0,92731318.84999996
2025-08-01 02:38:49 PM,771.0,0,0.0,92731318.84999996
2025-08-01 02:38:49 PM,771.0,321,247491.0,92978809.84999996
2025-08-01 02:38:53 PM,769.5,0,0.0,92978809.84999996
2025-08-01 02:38:55 PM,768.35,0,0.0,92978809.84999996
2025-08-01 02:38:55 PM,768.35,404,310413.4,93289223.24999997
2025-08-01 02:38:58 PM,769.95,0,0.0,93289223.24999997
2025-08-01 02:39:01 PM,769.0,2,1538.0,93290761.24999997
2025-08-01 02:39:04 PM,767.85,0,0.0,93290761.24999997
2025-08-01 02:39:05 PM,765.85,0,0.0,93290761.24999997
2025-08-01 02:39:07 PM,769.75,512,394112.0,93684873.24999997
2025-08-01 02:39:07 PM,769.7,1,769.7,93685642.94999997
2025-08-01 02:39:08 PM,769.65,0,0.0,93685642.94999997
2025-08-01 02:39:09 PM,769.5,0,0.0,93685642.94999997
2025-08-01 02:39:10 PM,769.85,0,0.0,93685642.94999997
2025-08-01 02:39:13 PM,769.85,543,418028.55,94103671.49999997
2025-08-01 02:39:13 PM,769.55,0,0.0,94103671.49999997
2025-08-01 02:39:13 PM,769.55,47,36168.85,94139840.34999996
