date,price,qty,trnvr,cum_trnvr
2025-08-01 09:15:03 AM,9190.0,1006,9245140.0,9245140.0
2025-08-01 09:15:04 AM,9199.0,0,0.0,9245140.0
2025-08-01 09:15:05 AM,9184.5,145,1331752.5,10576892.5
2025-08-01 09:15:13 AM,9205.5,0,0.0,10576892.5
2025-08-01 09:15:15 AM,9189.0,1327,12193803.0,22770695.5
2025-08-01 09:15:17 AM,9198.0,1029,9464742.0,32235437.5
2025-08-01 09:15:22 AM,9220.0,0,0.0,32235437.5
2025-08-01 09:15:23 AM,9199.5,0,0.0,32235437.5
2025-08-01 09:15:25 AM,9199.5,531,4884934.5,37120372.0
2025-08-01 09:15:27 AM,9209.0,53,488077.0,37608449.0
2025-08-01 09:15:28 AM,9233.0,0,0.0,37608449.0
2025-08-01 09:15:33 AM,9220.0,0,0.0,37608449.0
2025-08-01 09:15:34 AM,9220.0,119,1097180.0,38705629.0
2025-08-01 09:15:35 AM,9210.5,3,27631.5,38733260.5
2025-08-01 09:15:37 AM,9180.5,0,0.0,38733260.5
2025-08-01 09:15:41 AM,9207.5,0,0.0,38733260.5
2025-08-01 09:15:42 AM,9207.5,633,5828347.5,44561608.0
2025-08-01 09:15:44 AM,9176.5,113,1036944.5,45598552.5
2025-08-01 09:15:46 AM,9181.5,0,0.0,45598552.5
2025-08-01 09:15:49 AM,9182.0,0,0.0,45598552.5
2025-08-01 09:15:50 AM,9182.0,191,1753762.0,47352314.5
2025-08-01 09:15:52 AM,9191.0,35,321685.0,47673999.5
2025-08-01 09:15:55 AM,9184.0,0,0.0,47673999.5
2025-08-01 09:15:57 AM,9198.0,0,0.0,47673999.5
2025-08-01 09:16:00 AM,9194.0,263,2418022.0,50092021.5
2025-08-01 09:16:03 AM,9168.5,0,0.0,50092021.5
2025-08-01 09:16:06 AM,9168.0,0,0.0,50092021.5
2025-08-01 09:16:07 AM,9168.0,402,3685536.0,53777557.5
2025-08-01 09:16:08 AM,9167.5,33,302527.5,54080085.0
2025-08-01 09:16:10 AM,9163.0,0,0.0,54080085.0
2025-08-01 09:16:15 AM,9145.0,209,1911305.0,55991390.0
2025-08-01 09:16:16 AM,9105.5,716,6519538.0,62510928.0
2025-08-01 09:16:17 AM,9099.0,0,0.0,62510928.0
2025-08-01 09:16:20 AM,9117.5,0,0.0,62510928.0
2025-08-01 09:16:23 AM,9117.5,474,4321695.0,66832623.0
2025-08-01 09:16:25 AM,9085.5,317,2880103.5,69712726.5
2025-08-01 09:16:28 AM,9079.0,0,0.0,69712726.5
2025-08-01 09:16:31 AM,9067.5,436,3953430.0,73666156.5
2025-08-01 09:16:33 AM,9070.0,100,907000.0,74573156.5
2025-08-01 09:16:38 AM,9069.5,0,0.0,74573156.5
2025-08-01 09:16:40 AM,9097.0,661,6013117.0,80586273.5
2025-08-01 09:16:40 AM,9081.5,0,0.0,80586273.5
2025-08-01 09:16:41 AM,9081.5,122,1107943.0,81694216.5
2025-08-01 09:16:48 AM,9082.0,40,363280.0,82057496.5
2025-08-01 09:16:49 AM,9065.0,239,2166535.0,84224031.5
2025-08-01 09:16:50 AM,9070.0,0,0.0,84224031.5
2025-08-01 09:16:56 AM,9045.0,175,1582875.0,85806906.5
2025-08-01 09:16:57 AM,9052.5,17,153892.5,85960799.0
2025-08-01 09:16:58 AM,9040.5,0,0.0,85960799.0
2025-08-01 09:17:05 AM,9054.0,533,4825782.0,90786581.0
2025-08-01 09:17:06 AM,9043.5,0,0.0,90786581.0
2025-08-01 09:17:12 AM,9068.0,175,1586900.0,92373481.0
2025-08-01 09:17:15 AM,9064.5,0,0.0,92373481.0
2025-08-01 09:17:17 AM,9068.0,0,0.0,92373481.0
2025-08-01 09:17:21 AM,9066.5,161,1459706.5,93833187.5
2025-08-01 09:17:22 AM,9068.0,3,27204.0,93860391.5
2025-08-01 09:17:24 AM,9070.5,0,0.0,93860391.5
2025-08-01 09:17:29 AM,9075.5,302,2740801.0,96601192.5
2025-08-01 09:17:30 AM,9070.0,18,163260.0,96764452.5
2025-08-01 09:17:32 AM,9070.5,0,0.0,96764452.5
2025-08-01 09:17:34 AM,9065.5,0,0.0,96764452.5
2025-08-01 09:17:37 AM,9068.5,152,1378412.0,98142864.5
2025-08-01 09:17:38 AM,9075.5,2,18151.0,98161015.5
2025-08-01 09:17:40 AM,9069.0,0,0.0,98161015.5
2025-08-01 09:17:42 AM,9056.5,0,0.0,98161015.5
2025-08-01 09:17:46 AM,9068.0,97,879596.0,99040611.5
2025-08-01 09:17:46 AM,9059.0,9,81531.0,99122142.5
2025-08-01 09:17:50 AM,9068.0,0,0.0,99122142.5
2025-08-01 09:17:51 AM,9065.5,0,0.0,99122142.5
2025-08-01 09:17:54 AM,9074.0,271,2459054.0,101581196.5
2025-08-01 09:17:58 AM,9076.0,0,0.0,101581196.5
2025-08-01 09:18:00 AM,9067.0,0,0.0,101581196.5
2025-08-01 09:18:02 AM,9068.0,70,634760.0,102215956.5
2025-08-01 09:18:03 AM,9074.0,2,18148.0,102234104.5
2025-08-01 09:18:06 AM,9083.0,0,0.0,102234104.5
2025-08-01 09:18:11 AM,9081.5,26,236119.0,102470223.5
2025-08-01 09:18:12 AM,9079.0,3,27237.0,102497460.5
2025-08-01 09:18:19 AM,9112.0,252,2296224.0,104793684.5
2025-08-01 09:18:22 AM,9124.5,0,0.0,104793684.5
2025-08-01 09:18:27 AM,9120.0,45,410400.0,105204084.5
2025-08-01 09:18:28 AM,9119.5,8,72956.0,105277040.5
2025-08-01 09:18:30 AM,9112.0,0,0.0,105277040.5
2025-08-01 09:18:32 AM,9107.0,0,0.0,105277040.5
2025-08-01 09:18:35 AM,9123.5,111,1012708.5,106289749.0
2025-08-01 09:18:40 AM,9108.5,0,0.0,106289749.0
2025-08-01 09:18:43 AM,9121.5,297,2709085.5,108998834.5
2025-08-01 09:18:46 AM,9112.5,0,0.0,108998834.5
2025-08-01 09:18:48 AM,9116.0,0,0.0,108998834.5
2025-08-01 09:18:52 AM,9115.5,77,701893.5,109700728.0
2025-08-01 09:18:53 AM,9125.0,19,173375.0,109874103.0
2025-08-01 09:18:54 AM,9124.0,0,0.0,109874103.0
2025-08-01 09:18:56 AM,9127.5,0,0.0,109874103.0
2025-08-01 09:19:00 AM,9107.0,128,1165696.0,111039799.0
2025-08-01 09:19:01 AM,9098.5,107,973539.5,112013338.5
2025-08-01 09:19:02 AM,9097.5,0,0.0,112013338.5
2025-08-01 09:19:04 AM,9085.5,0,0.0,112013338.5
2025-08-01 09:19:08 AM,9097.0,214,1946758.0,113960096.5
2025-08-01 09:19:09 AM,9097.0,14,127358.0,114087454.5
2025-08-01 09:19:10 AM,9099.5,0,0.0,114087454.5
2025-08-01 09:19:16 AM,9110.5,80,728840.0,114816294.5
2025-08-01 09:19:18 AM,9114.5,0,0.0,114816294.5
2025-08-01 09:19:20 AM,9108.5,0,0.0,114816294.5
2025-08-01 09:19:24 AM,9116.0,56,510496.0,115326790.5
2025-08-01 09:19:32 AM,9123.5,33,301075.5,115627866.0
2025-08-01 09:19:32 AM,9117.5,0,0.0,115627866.0
2025-08-01 09:19:34 AM,9117.5,15,136762.5,115764628.5
2025-08-01 09:19:35 AM,9125.0,0,0.0,115764628.5
2025-08-01 09:19:40 AM,9129.5,123,1122928.5,116887557.0
2025-08-01 09:19:42 AM,9130.0,0,0.0,116887557.0
2025-08-01 09:19:48 AM,9137.0,22,201014.0,117088571.0
2025-08-01 09:19:50 AM,9137.0,13,118781.0,117207352.0
2025-08-01 09:19:56 AM,9139.0,350,3198650.0,120406002.0
2025-08-01 09:19:56 AM,9134.5,0,0.0,120406002.0
2025-08-01 09:20:03 AM,9137.0,0,0.0,120406002.0
2025-08-01 09:20:04 AM,9137.0,79,721823.0,121127825.0
2025-08-01 09:20:04 AM,9139.0,0,0.0,121127825.0
2025-08-01 09:20:06 AM,9139.0,28,255892.0,121383717.0
2025-08-01 09:20:12 AM,9133.5,46,420141.0,121803858.0
2025-08-01 09:20:12 AM,9140.0,0,0.0,121803858.0
2025-08-01 09:20:14 AM,9140.0,4,36560.0,121840418.0
2025-08-01 09:20:18 AM,9116.5,0,0.0,121840418.0
2025-08-01 09:20:20 AM,9116.0,407,3710212.0,125550630.0
2025-08-01 09:20:20 AM,9123.5,0,0.0,125550630.0
2025-08-01 09:20:22 AM,9119.5,32,291824.0,125842454.0
2025-08-01 09:20:25 AM,9117.0,0,0.0,125842454.0
2025-08-01 09:20:28 AM,9126.5,82,748373.0,126590827.0
2025-08-01 09:20:29 AM,9128.5,5,45642.5,126636469.5
2025-08-01 09:20:31 AM,9120.0,0,0.0,126636469.5
2025-08-01 09:20:35 AM,9128.0,0,0.0,126636469.5
2025-08-01 09:20:36 AM,9128.0,30,273840.0,126910309.5
2025-08-01 09:20:37 AM,9128.0,6,54768.0,126965077.5
2025-08-01 09:20:38 AM,9130.0,0,0.0,126965077.5
2025-08-01 09:20:42 AM,9124.0,0,0.0,126965077.5
2025-08-01 09:20:44 AM,9124.0,7,63868.0,127028945.5
2025-08-01 09:20:49 AM,9117.0,0,0.0,127028945.5
2025-08-01 09:20:52 AM,9110.5,0,0.0,127028945.5
2025-08-01 09:20:53 AM,9110.5,116,1056818.0,128085763.5
2025-08-01 09:20:56 AM,9114.5,0,0.0,128085763.5
2025-08-01 09:20:59 AM,9114.5,100,911450.0,128997213.5
2025-08-01 09:20:59 AM,9109.5,0,0.0,128997213.5
2025-08-01 09:21:00 AM,9109.5,4,36438.0,129033651.5
2025-08-01 09:21:03 AM,9113.5,0,0.0,129033651.5
2025-08-01 09:21:07 AM,9107.5,8,72860.0,129106511.5
2025-08-01 09:21:12 AM,9107.0,0,0.0,129106511.5
2025-08-01 09:21:15 AM,9101.5,9,81913.5,129188425.0
2025-08-01 09:21:17 AM,9095.0,0,0.0,129188425.0
2025-08-01 09:21:19 AM,9097.0,0,0.0,129188425.0
2025-08-01 09:21:23 AM,9092.5,321,2918692.5,132107117.5
2025-08-01 09:21:24 AM,9085.0,36,327060.0,132434177.5
2025-08-01 09:21:26 AM,9081.0,0,0.0,132434177.5
2025-08-01 09:21:30 AM,9091.0,168,1527288.0,133961465.5
2025-08-01 09:21:31 AM,9087.5,25,227187.5,134188653.0
2025-08-01 09:21:37 AM,9098.0,0,0.0,134188653.0
2025-08-01 09:21:38 AM,9098.0,198,1801404.0,135990057.0
2025-08-01 09:21:39 AM,9103.5,2,18207.0,136008264.0
2025-08-01 09:21:43 AM,9112.5,0,0.0,136008264.0
2025-08-01 09:21:46 AM,9109.0,61,555649.0,136563913.0
2025-08-01 09:21:49 AM,9100.0,0,0.0,136563913.0
2025-08-01 09:21:52 AM,9108.0,0,0.0,136563913.0
2025-08-01 09:21:53 AM,9108.0,33,300564.0,136864477.0
2025-08-01 09:21:54 AM,9109.0,2,18218.0,136882695.0
2025-08-01 09:21:56 AM,9090.0,0,0.0,136882695.0
2025-08-01 09:22:01 AM,9090.0,915,8317350.0,145200045.0
2025-08-01 09:22:02 AM,9076.5,64,580896.0,145780941.0
2025-08-01 09:22:03 AM,9069.0,0,0.0,145780941.0
2025-08-01 09:22:06 AM,9071.0,0,0.0,145780941.0
2025-08-01 09:22:08 AM,9076.5,143,1297939.5,147078880.5
2025-08-01 09:22:10 AM,9076.0,7,63532.0,147142412.5
2025-08-01 09:22:10 AM,9066.0,0,0.0,147142412.5
2025-08-01 09:22:13 AM,9050.0,0,0.0,147142412.5
2025-08-01 09:22:16 AM,9062.0,418,3787916.0,150930328.5
2025-08-01 09:22:17 AM,9062.0,10,90620.0,151020948.5
2025-08-01 09:22:20 AM,9063.5,0,0.0,151020948.5
2025-08-01 09:22:24 AM,9065.0,125,1133125.0,152154073.5
2025-08-01 09:22:27 AM,9065.5,0,0.0,152154073.5
2025-08-01 09:22:31 AM,9065.5,14,126917.0,152280990.5
2025-08-01 09:22:33 AM,9065.5,7,63458.5,152344449.0
2025-08-01 09:22:39 AM,9068.5,5,45342.5,152389791.5
2025-08-01 09:22:41 AM,9072.5,5,45362.5,152435154.0
2025-08-01 09:22:41 AM,9073.0,0,0.0,152435154.0
2025-08-01 09:22:46 AM,9077.0,0,0.0,152435154.0
2025-08-01 09:22:47 AM,9077.0,12,108924.0,152544078.0
2025-08-01 09:22:47 AM,9076.5,0,0.0,152544078.0
2025-08-01 09:22:48 AM,9076.5,1,9076.5,152553154.5
2025-08-01 09:22:52 AM,9073.5,0,0.0,152553154.5
2025-08-01 09:22:54 AM,9073.5,16,145176.0,152698330.5
2025-08-01 09:22:56 AM,9084.5,12,109014.0,152807344.5
2025-08-01 09:23:01 AM,9083.5,0,0.0,152807344.5
2025-08-01 09:23:02 AM,9083.5,11,99918.5,152907263.0
2025-08-01 09:23:03 AM,9084.5,1,9084.5,152916347.5
2025-08-01 09:23:06 AM,9083.5,0,0.0,152916347.5
2025-08-01 09:23:09 AM,9077.0,26,236002.0,153152349.5
2025-08-01 09:23:11 AM,9082.5,1,9082.5,153161432.0
2025-08-01 09:23:17 AM,9083.5,12,109002.0,153270434.0
2025-08-01 09:23:20 AM,9084.0,0,0.0,153270434.0
2025-08-01 09:23:25 AM,9084.0,10,90840.0,153361274.0
2025-08-01 09:23:32 AM,9073.0,200,1814600.0,155175874.0
2025-08-01 09:23:39 AM,9074.5,0,0.0,155175874.0
2025-08-01 09:23:40 AM,9074.5,22,199639.0,155375513.0
2025-08-01 09:23:46 AM,9066.5,0,0.0,155375513.0
2025-08-01 09:23:47 AM,9073.0,100,907300.0,156282813.0
2025-08-01 09:23:49 AM,9067.0,29,262943.0,156545756.0
2025-08-01 09:23:52 AM,9073.0,0,0.0,156545756.0
2025-08-01 09:23:52 AM,9079.0,0,0.0,156545756.0
2025-08-01 09:23:55 AM,9079.0,11,99869.0,156645625.0
2025-08-01 09:24:03 AM,9068.0,252,2285136.0,158930761.0
2025-08-01 09:24:05 AM,9060.0,0,0.0,158930761.0
2025-08-01 09:24:11 AM,9058.5,255,2309917.5,161240678.5
2025-08-01 09:24:12 AM,9050.0,82,742100.0,161982778.5
2025-08-01 09:24:18 AM,9056.5,57,516220.5,162498999.0
2025-08-01 09:24:20 AM,9056.5,27,244525.5,162743524.5
2025-08-01 09:24:24 AM,9053.0,0,0.0,162743524.5
2025-08-01 09:24:26 AM,9050.5,19,171959.5,162915484.0
2025-08-01 09:24:27 AM,9050.0,22,199100.0,163114584.0
2025-08-01 09:24:33 AM,9041.0,30,271230.0,163385814.0
2025-08-01 09:24:35 AM,9047.5,2,18095.0,163403909.0
2025-08-01 09:24:37 AM,9042.0,0,0.0,163403909.0
2025-08-01 09:24:37 AM,9040.0,0,0.0,163403909.0
2025-08-01 09:24:41 AM,9051.0,383,3466533.0,166870442.0
2025-08-01 09:24:43 AM,9051.0,21,190071.0,167060513.0
2025-08-01 09:24:48 AM,9039.0,94,849666.0,167910179.0
2025-08-01 09:24:50 AM,9035.0,11,99385.0,168009564.0
2025-08-01 09:24:55 AM,9038.0,0,0.0,168009564.0
2025-08-01 09:24:56 AM,9038.0,136,1229168.0,169238732.0
2025-08-01 09:24:56 AM,9034.0,0,0.0,169238732.0
2025-08-01 09:24:58 AM,9030.0,3,27090.0,169265822.0
2025-08-01 09:25:02 AM,9034.0,0,0.0,169265822.0
2025-08-01 09:25:03 AM,9034.0,41,370394.0,169636216.0
2025-08-01 09:25:05 AM,9030.5,35,316067.5,169952283.5
2025-08-01 09:25:10 AM,9034.0,0,0.0,169952283.5
2025-08-01 09:25:11 AM,9034.0,20,180680.0,170132963.5
2025-08-01 09:25:13 AM,9035.0,106,957710.0,171090673.5
2025-08-01 09:25:16 AM,9042.0,0,0.0,171090673.5
2025-08-01 09:25:17 AM,9034.5,0,0.0,171090673.5
2025-08-01 09:25:18 AM,9046.5,134,1212231.0,172302904.5
2025-08-01 09:25:22 AM,9045.0,0,0.0,172302904.5
2025-08-01 09:25:26 AM,9045.0,3,27135.0,172330039.5
2025-08-01 09:25:28 AM,9045.5,52,470366.0,172800405.5
2025-08-01 09:25:33 AM,9044.5,6,54267.0,172854672.5
2025-08-01 09:25:35 AM,9036.0,5,45180.0,172899852.5
2025-08-01 09:25:40 AM,9040.5,0,0.0,172899852.5
2025-08-01 09:25:41 AM,9040.5,5,45202.5,172945055.0
2025-08-01 09:25:43 AM,9040.5,16,144648.0,173089703.0
2025-08-01 09:25:45 AM,9034.0,0,0.0,173089703.0
2025-08-01 09:25:48 AM,9040.5,27,244093.5,173333796.5
2025-08-01 09:25:50 AM,9039.5,1,9039.5,173342836.0
2025-08-01 09:25:56 AM,9039.0,3,27117.0,173369953.0
2025-08-01 09:25:58 AM,9030.5,10,90305.0,173460258.0
2025-08-01 09:26:03 AM,9037.0,72,650664.0,174110922.0
2025-08-01 09:26:05 AM,9035.5,47,424668.5,174535590.5
2025-08-01 09:26:10 AM,9036.0,0,0.0,174535590.5
2025-08-01 09:26:11 AM,9036.0,5,45180.0,174580770.5
2025-08-01 09:26:13 AM,9030.5,123,1110751.5,175691522.0
2025-08-01 09:26:17 AM,9020.0,0,0.0,175691522.0
2025-08-01 09:26:19 AM,9020.0,430,3878600.0,179570122.0
2025-08-01 09:26:21 AM,9011.5,194,1748231.0,181318353.0
2025-08-01 09:26:23 AM,9005.0,0,0.0,181318353.0
2025-08-01 09:26:26 AM,9005.0,87,783435.0,182101788.0
2025-08-01 09:26:28 AM,9001.0,203,1827203.0,183928991.0
2025-08-01 09:26:34 AM,8980.5,799,7175419.5,191104410.5
2025-08-01 09:26:35 AM,8974.5,0,0.0,191104410.5
2025-08-01 09:26:36 AM,8974.5,70,628215.0,191732625.5
2025-08-01 09:26:38 AM,8976.5,0,0.0,191732625.5
2025-08-01 09:26:41 AM,8987.0,0,0.0,191732625.5
2025-08-01 09:26:42 AM,8984.5,413,3710598.5,195443224.0
2025-08-01 09:26:43 AM,8987.5,0,0.0,195443224.0
2025-08-01 09:26:43 AM,8987.5,111,997612.5,196440836.5
2025-08-01 09:26:46 AM,8993.0,0,0.0,196440836.5
2025-08-01 09:26:49 AM,8999.0,53,476947.0,196917783.5
2025-08-01 09:26:50 AM,9022.5,0,0.0,196917783.5
2025-08-01 09:26:51 AM,9008.0,249,2242992.0,199160775.5
2025-08-01 09:26:53 AM,9016.5,0,0.0,199160775.5
2025-08-01 09:26:56 AM,9016.0,0,0.0,199160775.5
2025-08-01 09:26:57 AM,9016.0,5,45080.0,199205855.5
2025-08-01 09:26:58 AM,9009.5,5,45047.5,199250903.0
2025-08-01 09:27:06 AM,9012.0,26,234312.0,199485215.0
2025-08-01 09:27:07 AM,9012.5,0,0.0,199485215.0
2025-08-01 09:27:08 AM,9000.0,0,0.0,199485215.0
2025-08-01 09:27:12 AM,8999.0,40,359960.0,199845175.0
2025-08-01 09:27:12 AM,8998.0,0,0.0,199845175.0
2025-08-01 09:27:13 AM,8998.0,2,17996.0,199863171.0
2025-08-01 09:27:18 AM,8999.0,0,0.0,199863171.0
2025-08-01 09:27:19 AM,8999.0,12,107988.0,199971159.0
2025-08-01 09:27:22 AM,8997.5,0,0.0,199971159.0
2025-08-01 09:27:23 AM,8997.0,0,0.0,199971159.0
2025-08-01 09:27:26 AM,8998.0,177,1592646.0,201563805.0
2025-08-01 09:27:27 AM,8998.5,0,0.0,201563805.0
2025-08-01 09:27:28 AM,8995.5,6,53973.0,201617778.0
2025-08-01 09:27:32 AM,8994.5,0,0.0,201617778.0
2025-08-01 09:27:33 AM,8986.0,0,0.0,201617778.0
2025-08-01 09:27:34 AM,8986.0,16,143776.0,201761554.0
2025-08-01 09:27:35 AM,8994.0,3,26982.0,201788536.0
2025-08-01 09:27:41 AM,8990.0,2,17980.0,201806516.0
2025-08-01 09:27:42 AM,8992.5,0,0.0,201806516.0
2025-08-01 09:27:43 AM,8992.5,1,8992.5,201815508.5
2025-08-01 09:27:47 AM,8986.0,0,0.0,201815508.5
2025-08-01 09:27:49 AM,8986.0,1,8986.0,201824494.5
2025-08-01 09:27:52 AM,8989.0,0,0.0,201824494.5
2025-08-01 09:27:53 AM,8982.0,0,0.0,201824494.5
2025-08-01 09:27:57 AM,8995.0,273,2455635.0,204280129.5
2025-08-01 09:27:58 AM,8995.0,60,539700.0,204819829.5
2025-08-01 09:28:03 AM,9008.0,0,0.0,204819829.5
2025-08-01 09:28:05 AM,9008.0,133,1198064.0,206017893.5
2025-08-01 09:28:06 AM,9008.0,4,36032.0,206053925.5
2025-08-01 09:28:10 AM,9019.0,0,0.0,206053925.5
2025-08-01 09:28:12 AM,9019.0,73,658387.0,206712312.5
2025-08-01 09:28:17 AM,9004.5,0,0.0,206712312.5
2025-08-01 09:28:20 AM,9018.0,157,1415826.0,208128138.5
2025-08-01 09:28:21 AM,9017.0,6,54102.0,208182240.5
2025-08-01 09:28:22 AM,9018.0,0,0.0,208182240.5
2025-08-01 09:28:27 AM,9020.0,0,0.0,208182240.5
2025-08-01 09:28:28 AM,9020.0,87,784740.0,208966980.5
2025-08-01 09:28:35 AM,9020.0,39,351780.0,209318760.5
2025-08-01 09:28:39 AM,9022.0,0,0.0,209318760.5
2025-08-01 09:28:43 AM,9022.5,0,0.0,209318760.5
2025-08-01 09:28:43 AM,9022.5,162,1461645.0,210780405.5
2025-08-01 09:28:44 AM,9025.5,1,9025.5,210789431.0
2025-08-01 09:28:48 AM,9030.0,0,0.0,210789431.0
2025-08-01 09:28:49 AM,9031.5,0,0.0,210789431.0
2025-08-01 09:28:50 AM,9031.5,61,550921.5,211340352.5
2025-08-01 09:28:52 AM,9038.5,15,135577.5,211475930.0
2025-08-01 09:28:58 AM,9036.0,12,108432.0,211584362.0
2025-08-01 09:29:01 AM,9038.0,0,0.0,211584362.0
2025-08-01 09:29:06 AM,9039.0,0,0.0,211584362.0
2025-08-01 09:29:06 AM,9039.0,15,135585.0,211719947.0
2025-08-01 09:29:07 AM,9037.0,33,298221.0,212018168.0
2025-08-01 09:29:11 AM,9034.0,0,0.0,212018168.0
2025-08-01 09:29:12 AM,9031.5,0,0.0,212018168.0
2025-08-01 09:29:13 AM,9031.5,13,117409.5,212135577.5
2025-08-01 09:29:15 AM,9039.0,5,45195.0,212180772.5
2025-08-01 09:29:17 AM,9040.0,0,0.0,212180772.5
2025-08-01 09:29:21 AM,9033.5,8,72268.0,212253040.5
2025-08-01 09:29:27 AM,9034.0,0,0.0,212253040.5
2025-08-01 09:29:29 AM,9034.0,5,45170.0,212298210.5
2025-08-01 09:29:30 AM,9040.5,16,144648.0,212442858.5
2025-08-01 09:29:36 AM,9040.5,7,63283.5,212506142.0
2025-08-01 09:29:43 AM,9046.0,134,1212164.0,213718306.0
2025-08-01 09:29:45 AM,9041.5,50,452075.0,214170381.0
2025-08-01 09:29:47 AM,9042.5,0,0.0,214170381.0
2025-08-01 09:29:51 AM,9042.5,1,9042.5,214179423.5
2025-08-01 09:29:52 AM,9043.0,1,9043.0,214188466.5
2025-08-01 09:30:04 AM,9024.5,0,0.0,214188466.5
2025-08-01 09:30:06 AM,9026.0,364,3285464.0,217473930.5
2025-08-01 09:30:07 AM,9026.0,5,45130.0,217519060.5
2025-08-01 09:30:11 AM,9020.0,0,0.0,217519060.5
2025-08-01 09:30:14 AM,9014.5,44,396638.0,217915698.5
2025-08-01 09:30:15 AM,9015.0,10,90150.0,218005848.5
2025-08-01 09:30:18 AM,9005.0,0,0.0,218005848.5
2025-08-01 09:30:21 AM,9005.0,113,1017565.0,219023413.5
2025-08-01 09:30:29 AM,9009.5,91,819864.5,219843278.0
2025-08-01 09:30:29 AM,9008.5,55,495467.5,220338745.5
2025-08-01 09:30:32 AM,9007.5,0,0.0,220338745.5
2025-08-01 09:30:36 AM,9008.5,10,90085.0,220428830.5
2025-08-01 09:30:39 AM,9005.0,0,0.0,220428830.5
2025-08-01 09:30:43 AM,9005.0,4,36020.0,220464850.5
2025-08-01 09:30:50 AM,9008.5,2,18017.0,220482867.5
2025-08-01 09:30:53 AM,9007.5,0,0.0,220482867.5
2025-08-01 09:30:56 AM,9007.0,0,0.0,220482867.5
2025-08-01 09:30:58 AM,9009.0,107,963963.0,221446830.5
2025-08-01 09:30:59 AM,9009.0,9,81081.0,221527911.5
2025-08-01 09:31:01 AM,9009.5,0,0.0,221527911.5
2025-08-01 09:31:04 AM,9014.5,0,0.0,221527911.5
2025-08-01 09:31:05 AM,9009.0,24,216216.0,221744127.5
2025-08-01 09:31:08 AM,9016.0,0,0.0,221744127.5
2025-08-01 09:31:13 AM,9005.5,81,729445.5,222473573.0
2025-08-01 09:31:16 AM,9008.5,0,0.0,222473573.0
2025-08-01 09:31:19 AM,9001.5,0,0.0,222473573.0
2025-08-01 09:31:20 AM,9009.0,68,612612.0,223086185.0
2025-08-01 09:31:22 AM,9014.5,0,0.0,223086185.0
2025-08-01 09:31:26 AM,9016.5,0,0.0,223086185.0
2025-08-01 09:31:27 AM,9017.0,0,0.0,223086185.0
2025-08-01 09:31:28 AM,9017.0,25,225425.0,223311610.0
2025-08-01 09:31:32 AM,9016.5,0,0.0,223311610.0
2025-08-01 09:31:35 AM,9016.5,6,54099.0,223365709.0
2025-08-01 09:31:42 AM,9016.5,2,18033.0,223383742.0
2025-08-01 09:31:45 AM,9016.0,0,0.0,223383742.0
2025-08-01 09:31:48 AM,9016.0,2,18032.0,223401774.0
2025-08-01 09:31:55 AM,9014.0,0,0.0,223401774.0
2025-08-01 09:31:56 AM,9014.0,29,261406.0,223663180.0
2025-08-01 09:32:02 AM,9014.0,17,153238.0,223816418.0
2025-08-01 09:32:10 AM,9014.0,25,225350.0,224041768.0
2025-08-01 09:32:17 AM,9014.0,27,243378.0,224285146.0
2025-08-01 09:32:18 AM,9015.5,0,0.0,224285146.0
2025-08-01 09:32:23 AM,9010.0,0,0.0,224285146.0
2025-08-01 09:32:23 AM,9016.0,0,0.0,224285146.0
2025-08-01 09:32:24 AM,9016.0,58,522928.0,224808074.0
2025-08-01 09:32:30 AM,9011.5,0,0.0,224808074.0
2025-08-01 09:32:31 AM,9011.5,26,234299.0,225042373.0
2025-08-01 09:32:42 AM,9014.0,0,0.0,225042373.0
2025-08-01 09:32:44 AM,9014.0,1,9014.0,225051387.0
2025-08-01 09:32:52 AM,9016.0,23,207368.0,225258755.0
2025-08-01 09:33:05 AM,9016.0,9,81144.0,225339899.0
2025-08-01 09:33:11 AM,9016.5,0,0.0,225339899.0
2025-08-01 09:33:11 AM,9010.0,0,0.0,225339899.0
2025-08-01 09:33:12 AM,9010.0,16,144160.0,225484059.0
2025-08-01 09:33:16 AM,9008.5,0,0.0,225484059.0
2025-08-01 09:33:19 AM,9008.5,11,99093.5,225583152.5
2025-08-01 09:33:26 AM,9013.0,0,0.0,225583152.5
2025-08-01 09:33:26 AM,9013.0,1,9013.0,225592165.5
2025-08-01 09:33:26 AM,9011.5,0,0.0,225592165.5
2025-08-01 09:33:33 AM,9019.0,85,766615.0,226358780.5
2025-08-01 09:33:36 AM,9017.0,0,0.0,226358780.5
2025-08-01 09:33:40 AM,9020.0,12,108240.0,226467020.5
2025-08-01 09:33:46 AM,9021.0,0,0.0,226467020.5
2025-08-01 09:33:47 AM,9021.0,116,1046436.0,227513456.5
2025-08-01 09:33:50 AM,9016.5,0,0.0,227513456.5
2025-08-01 09:33:54 AM,9016.5,9,81148.5,227594605.0
2025-08-01 09:34:06 AM,9026.0,0,0.0,227594605.0
2025-08-01 09:34:08 AM,9026.0,29,261754.0,227856359.0
2025-08-01 09:34:11 AM,9036.5,0,0.0,227856359.0
2025-08-01 09:34:13 AM,9030.0,0,0.0,227856359.0
2025-08-01 09:34:15 AM,9038.0,156,1409928.0,229266287.0
2025-08-01 09:34:22 AM,9038.0,2,18076.0,229284363.0
2025-08-01 09:34:29 AM,9038.0,6,54228.0,229338591.0
2025-08-01 09:34:36 AM,9045.5,130,1175915.0,230514506.0
2025-08-01 09:34:36 AM,9029.0,0,0.0,230514506.0
2025-08-01 09:34:39 AM,9034.5,0,0.0,230514506.0
2025-08-01 09:34:43 AM,9034.5,23,207793.5,230722299.5
2025-08-01 09:34:44 AM,9034.0,0,0.0,230722299.5
2025-08-01 09:34:49 AM,9026.5,0,0.0,230722299.5
2025-08-01 09:34:50 AM,9026.5,32,288848.0,231011147.5
2025-08-01 09:34:54 AM,9030.5,0,0.0,231011147.5
2025-08-01 09:34:56 AM,9016.5,0,0.0,231011147.5
2025-08-01 09:34:57 AM,9016.5,181,1631986.5,232643134.0
2025-08-01 09:34:57 AM,9017.5,1,9017.5,232652151.5
2025-08-01 09:34:58 AM,9024.0,0,0.0,232652151.5
2025-08-01 09:35:03 AM,9017.0,12,108204.0,232760355.5
2025-08-01 09:35:06 AM,9026.0,0,0.0,232760355.5
2025-08-01 09:35:10 AM,9027.0,6,54162.0,232814517.5
2025-08-01 09:35:18 AM,9020.0,119,1073380.0,233887897.5
2025-08-01 09:35:21 AM,9020.5,0,0.0,233887897.5
2025-08-01 09:35:25 AM,9020.5,23,207471.5,234095369.0
2025-08-01 09:35:31 AM,9018.0,0,0.0,234095369.0
2025-08-01 09:35:32 AM,9018.0,27,243486.0,234338855.0
2025-08-01 09:35:41 AM,9014.5,0,0.0,234338855.0
2025-08-01 09:35:41 AM,9020.5,0,0.0,234338855.0
2025-08-01 09:35:45 AM,9020.5,50,451025.0,234789880.0
2025-08-01 09:35:56 AM,9024.5,0,0.0,234789880.0
2025-08-01 09:35:58 AM,9024.5,2,18049.0,234807929.0
2025-08-01 09:36:01 AM,9027.5,0,0.0,234807929.0
2025-08-01 09:36:05 AM,9028.0,0,0.0,234807929.0
2025-08-01 09:36:05 AM,9028.0,4,36112.0,234844041.0
2025-08-01 09:36:09 AM,9034.0,0,0.0,234844041.0
2025-08-01 09:36:12 AM,9034.0,15,135510.0,234979551.0
2025-08-01 09:36:13 AM,9034.5,0,0.0,234979551.0
2025-08-01 09:36:17 AM,9029.0,0,0.0,234979551.0
2025-08-01 09:36:19 AM,9023.0,105,947415.0,235926966.0
2025-08-01 09:36:25 AM,9029.5,0,0.0,235926966.0
2025-08-01 09:36:25 AM,9029.5,16,144472.0,236071438.0
2025-08-01 09:36:28 AM,9034.5,0,0.0,236071438.0
2025-08-01 09:36:32 AM,9031.5,13,117409.5,236188847.5
2025-08-01 09:36:37 AM,9032.5,0,0.0,236188847.5
2025-08-01 09:36:38 AM,9032.5,5,45162.5,236234010.0
2025-08-01 09:36:44 AM,9034.5,126,1138347.0,237372357.0
2025-08-01 09:36:45 AM,9033.0,5,45165.0,237417522.0
2025-08-01 09:36:49 AM,9035.0,0,0.0,237417522.0
2025-08-01 09:36:49 AM,9041.5,0,0.0,237417522.0
2025-08-01 09:36:51 AM,9041.5,3,27124.5,237444646.5
2025-08-01 09:36:52 AM,9035.0,1,9035.0,237453681.5
2025-08-01 09:36:57 AM,9044.0,0,0.0,237453681.5
2025-08-01 09:36:58 AM,9044.0,84,759696.0,238213377.5
2025-08-01 09:37:05 AM,9040.5,0,0.0,238213377.5
2025-08-01 09:37:05 AM,9040.5,10,90405.0,238303782.5
2025-08-01 09:37:09 AM,9040.0,0,0.0,238303782.5
2025-08-01 09:37:12 AM,9040.0,5,45200.0,238348982.5
2025-08-01 09:37:14 AM,9043.5,0,0.0,238348982.5
2025-08-01 09:37:15 AM,9040.5,0,0.0,238348982.5
2025-08-01 09:37:19 AM,9032.5,0,0.0,238348982.5
2025-08-01 09:37:19 AM,9032.5,44,397430.0,238746412.5
2025-08-01 09:37:24 AM,9033.0,0,0.0,238746412.5
2025-08-01 09:37:25 AM,9030.0,0,0.0,238746412.5
2025-08-01 09:37:26 AM,9030.0,134,1210020.0,239956432.5
2025-08-01 09:37:29 AM,9038.5,0,0.0,239956432.5
2025-08-01 09:37:33 AM,9038.5,5,45192.5,240001625.0
2025-08-01 09:37:34 AM,9038.0,0,0.0,240001625.0
2025-08-01 09:37:39 AM,9038.5,0,0.0,240001625.0
2025-08-01 09:37:39 AM,9038.5,3,27115.5,240028740.5
2025-08-01 09:37:40 AM,9038.0,3,27114.0,240055854.5
2025-08-01 09:37:46 AM,9038.0,7,63266.0,240119120.5
2025-08-01 09:37:46 AM,9031.0,1,9031.0,240128151.5
2025-08-01 09:37:47 AM,9037.5,0,0.0,240128151.5
2025-08-01 09:37:50 AM,9038.0,0,0.0,240128151.5
2025-08-01 09:37:53 AM,9038.0,7,63266.0,240191417.5
2025-08-01 09:37:55 AM,9037.5,0,0.0,240191417.5
2025-08-01 09:37:59 AM,9037.5,5,45187.5,240236605.0
2025-08-01 09:38:06 AM,9037.5,11,99412.5,240336017.5
2025-08-01 09:38:10 AM,9037.0,0,0.0,240336017.5
2025-08-01 09:38:12 AM,9031.0,0,0.0,240336017.5
2025-08-01 09:38:13 AM,9036.5,8,72292.0,240408309.5
2025-08-01 09:38:20 AM,9030.5,10,90305.0,240498614.5
2025-08-01 09:38:21 AM,9036.5,0,0.0,240498614.5
2025-08-01 09:38:27 AM,9036.5,3,27109.5,240525724.0
2025-08-01 09:38:36 AM,9030.0,0,0.0,240525724.0
2025-08-01 09:38:40 AM,9030.0,3,27090.0,240552814.0
2025-08-01 09:38:41 AM,9037.0,0,0.0,240552814.0
2025-08-01 09:38:44 AM,9030.0,0,0.0,240552814.0
2025-08-01 09:38:47 AM,9030.0,14,126420.0,240679234.0
2025-08-01 09:38:52 AM,9036.5,0,0.0,240679234.0
2025-08-01 09:38:53 AM,9036.5,1,9036.5,240688270.5
2025-08-01 09:39:06 AM,9037.0,0,0.0,240688270.5
2025-08-01 09:39:07 AM,9037.0,1,9037.0,240697307.5
2025-08-01 09:39:11 AM,9031.0,0,0.0,240697307.5
2025-08-01 09:39:13 AM,9031.0,14,126434.0,240823741.5
2025-08-01 09:39:16 AM,9037.5,0,0.0,240823741.5
2025-08-01 09:39:20 AM,9037.5,15,135562.5,240959304.0
2025-08-01 09:39:27 AM,9030.0,27,243810.0,241203114.0
2025-08-01 09:39:29 AM,9035.5,0,0.0,241203114.0
2025-08-01 09:39:34 AM,9036.5,14,126511.0,241329625.0
2025-08-01 09:39:40 AM,9036.5,2,18073.0,241347698.0
2025-08-01 09:39:45 AM,9030.0,0,0.0,241347698.0
2025-08-01 09:39:46 AM,9030.0,2,18060.0,241365758.0
2025-08-01 09:40:00 AM,9030.0,5,45150.0,241410908.0
2025-08-01 09:40:05 AM,9025.5,0,0.0,241410908.0
2025-08-01 09:40:06 AM,9025.5,86,776193.0,242187101.0
2025-08-01 09:40:13 AM,9025.0,12,108300.0,242295401.0
2025-08-01 09:40:14 AM,9019.0,0,0.0,242295401.0
2025-08-01 09:40:19 AM,9019.0,2,18038.0,242313439.0
2025-08-01 09:40:23 AM,9020.0,0,0.0,242313439.0
2025-08-01 09:40:26 AM,9020.0,6,54120.0,242367559.0
2025-08-01 09:40:28 AM,9013.5,0,0.0,242367559.0
2025-08-01 09:40:30 AM,9019.5,0,0.0,242367559.0
2025-08-01 09:40:32 AM,9020.0,71,640420.0,243007979.0
2025-08-01 09:40:39 AM,9020.0,2,18040.0,243026019.0
2025-08-01 09:40:40 AM,9025.0,5,45125.0,243071144.0
2025-08-01 09:40:45 AM,9025.5,0,0.0,243071144.0
2025-08-01 09:40:46 AM,9025.5,6,54153.0,243125297.0
2025-08-01 09:40:52 AM,9028.5,13,117370.5,243242667.5
2025-08-01 09:40:53 AM,9034.0,5,45170.0,243287837.5
2025-08-01 09:40:54 AM,9034.5,0,0.0,243287837.5
2025-08-01 09:40:59 AM,9035.0,6,54210.0,243342047.5
2025-08-01 09:40:59 AM,9035.0,1,9035.0,243351082.5
2025-08-01 09:41:04 AM,9033.5,0,0.0,243351082.5
2025-08-01 09:41:05 AM,9028.0,9,81252.0,243432334.5
2025-08-01 09:41:09 AM,9035.0,0,0.0,243432334.5
2025-08-01 09:41:12 AM,9035.0,10,90350.0,243522684.5
2025-08-01 09:41:21 AM,9036.0,0,0.0,243522684.5
2025-08-01 09:41:26 AM,9036.0,5,45180.0,243567864.5
2025-08-01 09:41:32 AM,9027.0,92,830484.0,244398348.5
2025-08-01 09:41:49 AM,9030.0,0,0.0,244398348.5
2025-08-01 09:41:52 AM,9030.0,1,9030.0,244407378.5
2025-08-01 09:42:04 AM,9014.5,287,2587161.5,246994540.0
2025-08-01 09:42:06 AM,9014.0,1,9014.0,247003554.0
2025-08-01 09:42:10 AM,9032.5,0,0.0,247003554.0
2025-08-01 09:42:11 AM,9032.5,529,4778192.5,251781746.5
2025-08-01 09:42:22 AM,9032.0,0,0.0,251781746.5
2025-08-01 09:42:24 AM,9032.0,6,54192.0,251835938.5
2025-08-01 09:42:26 AM,9032.5,6,54195.0,251890133.5
2025-08-01 09:42:27 AM,9028.0,0,0.0,251890133.5
2025-08-01 09:42:31 AM,9028.0,35,315980.0,252206113.5
2025-08-01 09:42:40 AM,9015.5,0,0.0,252206113.5
2025-08-01 09:42:44 AM,9015.5,344,3101332.0,255307445.5
2025-08-01 09:42:55 AM,9026.5,0,0.0,255307445.5
2025-08-01 09:42:57 AM,9026.5,2,18053.0,255325498.5
2025-08-01 09:42:58 AM,9015.0,66,594990.0,255920488.5
2025-08-01 09:43:00 AM,9016.5,0,0.0,255920488.5
2025-08-01 09:43:03 AM,9015.5,7,63108.5,255983597.0
2025-08-01 09:43:16 AM,9024.0,0,0.0,255983597.0
2025-08-01 09:43:17 AM,9024.5,2,18049.0,256001646.0
2025-08-01 09:43:20 AM,9025.5,0,0.0,256001646.0
2025-08-01 09:43:24 AM,9025.5,25,225637.5,256227283.5
2025-08-01 09:43:24 AM,9026.5,46,415219.0,256642502.5
2025-08-01 09:43:27 AM,9025.5,0,0.0,256642502.5
2025-08-01 09:43:30 AM,9025.5,1,9025.5,256651528.0
2025-08-01 09:43:31 AM,9016.5,1,9016.5,256660544.5
2025-08-01 09:43:40 AM,9020.0,0,0.0,256660544.5
2025-08-01 09:43:43 AM,9020.0,28,252560.0,256913104.5
2025-08-01 09:43:56 AM,9007.5,474,4269555.0,261182659.5
2025-08-01 09:44:03 AM,9014.0,40,360560.0,261543219.5
2025-08-01 09:44:08 AM,9015.0,0,0.0,261543219.5
2025-08-01 09:44:10 AM,9007.0,13,117091.0,261660310.5
2025-08-01 09:44:12 AM,9001.0,0,0.0,261660310.5
2025-08-01 09:44:16 AM,9007.0,84,756588.0,262416898.5
2025-08-01 09:44:18 AM,9005.5,8,72044.0,262488942.5
2025-08-01 09:44:23 AM,9003.5,12,108042.0,262596984.5
2025-08-01 09:44:29 AM,9003.5,1,9003.5,262605988.0
2025-08-01 09:44:30 AM,9003.5,1,9003.5,262614991.5
2025-08-01 09:44:36 AM,9003.5,12,108042.0,262723033.5
2025-08-01 09:44:40 AM,9006.0,0,0.0,262723033.5
2025-08-01 09:44:43 AM,9006.0,7,63042.0,262786075.5
2025-08-01 09:44:46 AM,9003.5,0,0.0,262786075.5
2025-08-01 09:44:48 AM,9000.0,487,4383000.0,267169075.5
2025-08-01 09:44:51 AM,8999.0,0,0.0,267169075.5
2025-08-01 09:44:53 AM,8998.0,0,0.0,267169075.5
2025-08-01 09:44:55 AM,8998.0,94,845812.0,268014887.5
2025-08-01 09:45:00 AM,9000.0,0,0.0,268014887.5
2025-08-01 09:45:01 AM,9000.0,125,1125000.0,269139887.5
2025-08-01 09:45:06 AM,8995.0,0,0.0,269139887.5
2025-08-01 09:45:08 AM,8995.0,142,1277290.0,270417177.5
2025-08-01 09:45:10 AM,8999.5,4,35998.0,270453175.5
2025-08-01 09:45:15 AM,8999.5,34,305983.0,270759158.5
2025-08-01 09:45:20 AM,9000.0,0,0.0,270759158.5
2025-08-01 09:45:21 AM,9000.0,56,504000.0,271263158.5
2025-08-01 09:45:23 AM,9000.0,1,9000.0,271272158.5
2025-08-01 09:45:28 AM,9000.0,5,45000.0,271317158.5
2025-08-01 09:45:40 AM,9003.5,0,0.0,271317158.5
2025-08-01 09:45:41 AM,9003.5,46,414161.0,271731319.5
2025-08-01 09:45:47 AM,9000.5,19,171009.5,271902329.0
2025-08-01 09:45:51 AM,9009.0,0,0.0,271902329.0
2025-08-01 09:45:52 AM,9010.0,0,0.0,271902329.0
2025-08-01 09:45:54 AM,9010.0,11,99110.0,272001439.0
2025-08-01 09:46:08 AM,8995.0,96,863520.0,272864959.0
2025-08-01 09:46:11 AM,8998.5,0,0.0,272864959.0
2025-08-01 09:46:13 AM,8998.5,50,449925.0,273314884.0
2025-08-01 09:46:21 AM,8990.0,0,0.0,273314884.0
2025-08-01 09:46:21 AM,8990.0,80,719200.0,274034084.0
2025-08-01 09:46:25 AM,8997.5,0,0.0,274034084.0
2025-08-01 09:46:26 AM,8998.0,59,530882.0,274564966.0
2025-08-01 09:46:30 AM,9009.0,0,0.0,274564966.0
2025-08-01 09:46:32 AM,9006.0,61,549366.0,275114332.0
2025-08-01 09:46:34 AM,9006.0,1,9006.0,275123338.0
2025-08-01 09:46:37 AM,9003.0,0,0.0,275123338.0
2025-08-01 09:46:38 AM,9012.0,0,0.0,275123338.0
2025-08-01 09:46:39 AM,9012.0,34,306408.0,275429746.0
2025-08-01 09:46:45 AM,9012.0,1,9012.0,275438758.0
2025-08-01 09:46:47 AM,9012.0,4,36048.0,275474806.0
2025-08-01 09:46:57 AM,9004.5,0,0.0,275474806.0
2025-08-01 09:46:58 AM,9004.5,7,63031.5,275537837.5
2025-08-01 09:47:05 AM,9005.0,0,0.0,275537837.5
2025-08-01 09:47:06 AM,9005.0,1,9005.0,275546842.5
2025-08-01 09:47:09 AM,9010.5,0,0.0,275546842.5
2025-08-01 09:47:10 AM,9010.5,16,144168.0,275691010.5
2025-08-01 09:47:17 AM,9005.0,0,0.0,275691010.5
2025-08-01 09:47:18 AM,9005.0,5,45025.0,275736035.5
2025-08-01 09:47:21 AM,9011.5,0,0.0,275736035.5
2025-08-01 09:47:22 AM,9011.5,10,90115.0,275826150.5
2025-08-01 09:47:28 AM,9011.5,1,9011.5,275835162.0
2025-08-01 09:47:30 AM,9011.0,0,0.0,275835162.0
2025-08-01 09:47:31 AM,9011.0,3,27033.0,275862195.0
2025-08-01 09:47:33 AM,8998.5,0,0.0,275862195.0
2025-08-01 09:47:35 AM,8998.5,129,1160806.5,277023001.5
2025-08-01 09:47:40 AM,9000.0,0,0.0,277023001.5
2025-08-01 09:47:42 AM,9000.0,10,90000.0,277113001.5
2025-08-01 09:47:44 AM,8996.0,5,44980.0,277157981.5
2025-08-01 09:47:50 AM,9002.5,0,0.0,277157981.5
2025-08-01 09:47:51 AM,9002.5,43,387107.5,277545089.0
2025-08-01 09:48:02 AM,9002.0,50,450100.0,277995189.0
2025-08-01 09:48:03 AM,9004.0,0,0.0,277995189.0
2025-08-01 09:48:04 AM,8996.0,25,224900.0,278220089.0
2025-08-01 09:48:08 AM,9000.0,0,0.0,278220089.0
2025-08-01 09:48:08 AM,9000.0,10,90000.0,278310089.0
2025-08-01 09:48:11 AM,8990.0,0,0.0,278310089.0
2025-08-01 09:48:15 AM,8990.0,152,1366480.0,279676569.0
2025-08-01 09:48:16 AM,8996.5,0,0.0,279676569.0
2025-08-01 09:48:17 AM,8996.5,80,719720.0,280396289.0
2025-08-01 09:48:21 AM,8993.0,92,827356.0,281223645.0
2025-08-01 09:48:23 AM,8990.5,0,0.0,281223645.0
2025-08-01 09:48:23 AM,8990.0,0,0.0,281223645.0
2025-08-01 09:48:24 AM,8990.0,75,674250.0,281897895.0
2025-08-01 09:48:27 AM,8996.5,5,44982.5,281942877.5
2025-08-01 09:48:32 AM,9000.5,0,0.0,281942877.5
2025-08-01 09:48:35 AM,9010.5,0,0.0,281942877.5
2025-08-01 09:48:37 AM,9001.5,255,2295382.5,284238260.0
2025-08-01 09:48:39 AM,9001.0,0,0.0,284238260.0
2025-08-01 09:48:40 AM,9008.5,6,54051.0,284292311.0
2025-08-01 09:48:47 AM,9008.0,0,0.0,284292311.0
2025-08-01 09:48:47 AM,9008.0,1,9008.0,284301319.0
2025-08-01 09:48:59 AM,9007.0,0,0.0,284301319.0
2025-08-01 09:49:00 AM,9007.0,10,90070.0,284391389.0
2025-08-01 09:49:03 AM,9001.0,0,0.0,284391389.0
2025-08-01 09:49:06 AM,9012.0,86,775032.0,285166421.0
2025-08-01 09:49:11 AM,9007.5,0,0.0,285166421.0
2025-08-01 09:49:12 AM,9001.5,6,54009.0,285220430.0
2025-08-01 09:49:33 AM,9001.5,8,72012.0,285292442.0
2025-08-01 09:49:40 AM,9007.0,0,0.0,285292442.0
2025-08-01 09:49:40 AM,9007.0,14,126098.0,285418540.0
2025-08-01 09:49:46 AM,8999.5,0,0.0,285418540.0
2025-08-01 09:49:46 AM,8999.5,9,80995.5,285499535.5
2025-08-01 09:49:49 AM,9007.5,0,0.0,285499535.5
2025-08-01 09:49:49 AM,9007.5,1,9007.5,285508543.0
2025-08-01 09:49:56 AM,9000.0,0,0.0,285508543.0
2025-08-01 09:49:56 AM,9000.0,3,27000.0,285535543.0
2025-08-01 09:50:00 AM,8999.5,0,0.0,285535543.0
2025-08-01 09:50:02 AM,8999.5,2,17999.0,285553542.0
2025-08-01 09:50:05 AM,8999.0,7,62993.0,285616535.0
2025-08-01 09:50:12 AM,8999.5,55,494972.5,286111507.5
2025-08-01 09:50:12 AM,9001.5,0,0.0,286111507.5
2025-08-01 09:50:15 AM,8999.0,16,143984.0,286255491.5
2025-08-01 09:50:18 AM,9005.5,16,144088.0,286399579.5
2025-08-01 09:50:22 AM,9002.5,4,36010.0,286435589.5
2025-08-01 09:50:25 AM,9009.0,3,27027.0,286462616.5
2025-08-01 09:50:27 AM,9003.5,0,0.0,286462616.5
2025-08-01 09:50:28 AM,9003.5,15,135052.5,286597669.0
2025-08-01 09:50:45 AM,9004.0,0,0.0,286597669.0
2025-08-01 09:50:47 AM,9004.0,3,27012.0,286624681.0
2025-08-01 09:50:55 AM,9005.0,20,180100.0,286804781.0
2025-08-01 09:50:57 AM,9004.0,0,0.0,286804781.0
2025-08-01 09:50:59 AM,9004.0,1,9004.0,286813785.0
2025-08-01 09:51:05 AM,9005.5,0,0.0,286813785.0
2025-08-01 09:51:06 AM,9005.5,2,18011.0,286831796.0
2025-08-01 09:51:18 AM,9006.0,12,108072.0,286939868.0
2025-08-01 09:51:20 AM,9004.0,18,162072.0,287101940.0
2025-08-01 09:51:22 AM,9008.5,0,0.0,287101940.0
2025-08-01 09:51:25 AM,9008.5,10,90085.0,287192025.0
2025-08-01 09:51:31 AM,9005.0,5,45025.0,287237050.0
2025-08-01 09:51:33 AM,9005.0,20,180100.0,287417150.0
2025-08-01 09:51:45 AM,9009.0,0,0.0,287417150.0
2025-08-01 09:51:46 AM,9009.0,1,9009.0,287426159.0
2025-08-01 09:51:49 AM,9003.5,0,0.0,287426159.0
2025-08-01 09:51:50 AM,9003.5,13,117045.5,287543204.5
2025-08-01 09:51:52 AM,9004.0,2,18008.0,287561212.5
2025-08-01 09:51:56 AM,9002.5,46,414115.0,287975327.5
2025-08-01 09:52:02 AM,9002.5,1,9002.5,287984330.0
2025-08-01 09:52:04 AM,9002.5,10,90025.0,288074355.0
2025-08-01 09:52:07 AM,9002.5,1,9002.5,288083357.5
2025-08-01 09:52:10 AM,9003.5,10,90035.0,288173392.5
2025-08-01 09:52:14 AM,8999.0,0,0.0,288173392.5
2025-08-01 09:52:17 AM,8999.0,1,8999.0,288182391.5
2025-08-01 09:52:23 AM,8999.0,3,26997.0,288209388.5
2025-08-01 09:52:26 AM,9001.0,0,0.0,288209388.5
2025-08-01 09:52:26 AM,9001.0,2,18002.0,288227390.5
2025-08-01 09:52:56 AM,9005.0,0,0.0,288227390.5
2025-08-01 09:52:57 AM,9005.0,3,27015.0,288254405.5
2025-08-01 09:52:59 AM,9005.0,4,36020.0,288290425.5
2025-08-01 09:53:02 AM,9005.0,1,9005.0,288299430.5
2025-08-01 09:53:09 AM,9005.0,102,918510.0,289217940.5
2025-08-01 09:53:11 AM,9012.0,0,0.0,289217940.5
2025-08-01 09:53:11 AM,9012.0,60,540720.0,289758660.5
2025-08-01 09:53:17 AM,9012.0,25,225300.0,289983960.5
2025-08-01 09:53:18 AM,9011.0,0,0.0,289983960.5
2025-08-01 09:53:21 AM,9011.0,5,45055.0,290029015.5
2025-08-01 09:53:24 AM,9010.5,0,0.0,290029015.5
2025-08-01 09:53:28 AM,9010.5,5,45052.5,290074068.0
2025-08-01 09:53:35 AM,9010.0,15,135150.0,290209218.0
2025-08-01 09:53:39 AM,9001.5,0,0.0,290209218.0
2025-08-01 09:53:40 AM,9001.5,100,900150.0,291109368.0
2025-08-01 09:53:46 AM,9008.0,11,99088.0,291208456.0
2025-08-01 09:53:54 AM,9008.0,2,18016.0,291226472.0
2025-08-01 09:53:54 AM,9001.0,0,0.0,291226472.0
2025-08-01 09:53:57 AM,8999.0,0,0.0,291226472.0
2025-08-01 09:53:59 AM,8999.0,89,800911.0,292027383.0
2025-08-01 09:54:03 AM,9000.5,0,0.0,292027383.0
2025-08-01 09:54:05 AM,9000.5,10,90005.0,292117388.0
2025-08-01 09:54:11 AM,9000.5,5,45002.5,292162390.5
2025-08-01 09:54:12 AM,8995.0,0,0.0,292162390.5
2025-08-01 09:54:12 AM,8995.0,2,17990.0,292180380.5
2025-08-01 09:54:17 AM,8995.0,1,8995.0,292189375.5
2025-08-01 09:54:18 AM,8999.5,4,35998.0,292225373.5
2025-08-01 09:54:24 AM,8995.0,0,0.0,292225373.5
2025-08-01 09:54:24 AM,8995.0,15,134925.0,292360298.5
2025-08-01 09:54:24 AM,8999.5,0,0.0,292360298.5
2025-08-01 09:54:25 AM,8999.5,20,179990.0,292540288.5
2025-08-01 09:54:31 AM,9000.0,0,0.0,292540288.5
2025-08-01 09:54:31 AM,9000.5,0,0.0,292540288.5
2025-08-01 09:54:34 AM,9001.5,0,0.0,292540288.5
2025-08-01 09:54:36 AM,9001.5,17,153025.5,292693314.0
2025-08-01 09:54:37 AM,9002.5,0,0.0,292693314.0
2025-08-01 09:54:37 AM,9002.5,2,18005.0,292711319.0
2025-08-01 09:54:42 AM,9004.5,15,135067.5,292846386.5
2025-08-01 09:54:49 AM,8999.0,0,0.0,292846386.5
2025-08-01 09:54:52 AM,9003.0,0,0.0,292846386.5
2025-08-01 09:54:54 AM,9003.0,4,36012.0,292882398.5
2025-08-01 09:54:54 AM,8999.5,52,467974.0,293350372.5
2025-08-01 09:55:04 AM,9003.0,0,0.0,293350372.5
2025-08-01 09:55:05 AM,9003.0,12,108036.0,293458408.5
2025-08-01 09:55:12 AM,9004.0,1,9004.0,293467412.5
2025-08-01 09:55:17 AM,9003.0,0,0.0,293467412.5
2025-08-01 09:55:17 AM,9007.0,11,99077.0,293566489.5
2025-08-01 09:55:22 AM,9004.0,0,0.0,293566489.5
2025-08-01 09:55:23 AM,9004.0,4,36016.0,293602505.5
2025-08-01 09:55:24 AM,9000.0,5,45000.0,293647505.5
2025-08-01 09:55:46 AM,9004.5,0,0.0,293647505.5
2025-08-01 09:55:47 AM,9004.5,4,36018.0,293683523.5
2025-08-01 09:55:48 AM,9005.0,1,9005.0,293692528.5
2025-08-01 09:55:53 AM,9005.0,6,54030.0,293746558.5
2025-08-01 09:56:05 AM,9005.0,5,45025.0,293791583.5
2025-08-01 09:56:06 AM,8996.0,58,521768.0,294313351.5
2025-08-01 09:56:09 AM,8995.0,0,0.0,294313351.5
2025-08-01 09:56:11 AM,8996.5,99,890653.5,295204005.0
2025-08-01 09:56:21 AM,8995.0,0,0.0,295204005.0
2025-08-01 09:56:23 AM,8994.5,4,35978.0,295239983.0
2025-08-01 09:56:24 AM,8986.0,357,3208002.0,298447985.0
2025-08-01 09:56:28 AM,8983.0,0,0.0,298447985.0
2025-08-01 09:56:29 AM,8983.0,102,916266.0,299364251.0
2025-08-01 09:56:33 AM,8980.0,0,0.0,299364251.0
2025-08-01 09:56:35 AM,8985.0,11,98835.0,299463086.0
2025-08-01 09:56:36 AM,8980.0,0,0.0,299463086.0
2025-08-01 09:56:41 AM,8980.0,4,35920.0,299499006.0
2025-08-01 09:56:42 AM,8977.0,0,0.0,299499006.0
2025-08-01 09:56:42 AM,8977.0,217,1948009.0,301447015.0
2025-08-01 09:56:45 AM,8971.5,0,0.0,301447015.0
2025-08-01 09:56:47 AM,8973.0,139,1247247.0,302694262.0
2025-08-01 09:56:53 AM,8973.0,6,53838.0,302748100.0
2025-08-01 09:56:55 AM,8975.0,11,98725.0,302846825.0
2025-08-01 09:56:58 AM,8970.5,0,0.0,302846825.0
2025-08-01 09:56:59 AM,8970.5,5,44852.5,302891677.5
2025-08-01 09:57:01 AM,8970.5,1,8970.5,302900648.0
2025-08-01 09:57:05 AM,8970.0,150,1345500.0,304246148.0
2025-08-01 09:57:06 AM,8966.0,0,0.0,304246148.0
2025-08-01 09:57:07 AM,8974.0,141,1265334.0,305511482.0
2025-08-01 09:57:10 AM,8976.0,0,0.0,305511482.0
2025-08-01 09:57:11 AM,8976.0,23,206448.0,305717930.0
2025-08-01 09:57:17 AM,8974.5,0,0.0,305717930.0
2025-08-01 09:57:17 AM,8974.5,26,233337.0,305951267.0
2025-08-01 09:57:19 AM,8982.0,12,107784.0,306059051.0
2025-08-01 09:57:21 AM,8983.5,0,0.0,306059051.0
2025-08-01 09:57:23 AM,8984.5,15,134767.5,306193818.5
2025-08-01 09:57:25 AM,8986.0,0,0.0,306193818.5
2025-08-01 09:57:25 AM,8986.0,1,8986.0,306202804.5
2025-08-01 09:57:28 AM,8986.0,49,440314.0,306643118.5
2025-08-01 09:57:30 AM,8985.5,2,17971.0,306661089.5
2025-08-01 09:57:34 AM,8985.5,14,125797.0,306786886.5
2025-08-01 09:57:36 AM,8990.0,5,44950.0,306831836.5
2025-08-01 09:57:49 AM,9000.0,0,0.0,306831836.5
2025-08-01 09:57:49 AM,9000.0,20,180000.0,307011836.5
2025-08-01 09:57:52 AM,8990.0,15,134850.0,307146686.5
2025-08-01 09:57:55 AM,8992.0,5,44960.0,307191646.5
2025-08-01 09:57:57 AM,8989.0,0,0.0,307191646.5
2025-08-01 09:57:58 AM,8990.0,27,242730.0,307434376.5
2025-08-01 09:58:11 AM,8988.0,0,0.0,307434376.5
2025-08-01 09:58:11 AM,8990.5,0,0.0,307434376.5
2025-08-01 09:58:11 AM,8990.5,6,53943.0,307488319.5
2025-08-01 09:58:14 AM,8991.0,1,8991.0,307497310.5
2025-08-01 09:58:17 AM,8986.0,4,35944.0,307533254.5
2025-08-01 09:58:19 AM,8986.0,4,35944.0,307569198.5
2025-08-01 09:58:22 AM,8986.5,0,0.0,307569198.5
2025-08-01 09:58:23 AM,8986.5,3,26959.5,307596158.0
2025-08-01 09:58:25 AM,8986.0,1,8986.0,307605144.0
2025-08-01 09:58:31 AM,8988.0,0,0.0,307605144.0
2025-08-01 09:58:31 AM,8988.0,18,161784.0,307766928.0
2025-08-01 09:58:39 AM,8986.5,0,0.0,307766928.0
2025-08-01 09:58:41 AM,8986.5,5,44932.5,307811860.5
2025-08-01 09:58:44 AM,8992.5,11,98917.5,307910778.0
2025-08-01 09:58:56 AM,8986.5,3,26959.5,307937737.5
2025-08-01 09:58:59 AM,8990.0,0,0.0,307937737.5
2025-08-01 09:58:59 AM,8990.0,5,44950.0,307982687.5
2025-08-01 09:59:02 AM,8985.5,0,0.0,307982687.5
2025-08-01 09:59:02 AM,8985.5,15,134782.5,308117470.0
2025-08-01 09:59:05 AM,8986.0,88,790768.0,308908238.0
2025-08-01 09:59:14 AM,8985.5,2,17971.0,308926209.0
2025-08-01 09:59:16 AM,8988.5,0,0.0,308926209.0
2025-08-01 09:59:18 AM,8988.5,30,269655.0,309195864.0
2025-08-01 09:59:27 AM,8989.0,1,8989.0,309204853.0
2025-08-01 09:59:32 AM,8986.5,0,0.0,309204853.0
2025-08-01 09:59:33 AM,8986.5,3,26959.5,309231812.5
2025-08-01 09:59:36 AM,8989.0,0,0.0,309231812.5
2025-08-01 09:59:37 AM,8990.0,23,206770.0,309438582.5
2025-08-01 09:59:40 AM,8989.5,2,17979.0,309456561.5
2025-08-01 09:59:44 AM,8988.0,0,0.0,309456561.5
2025-08-01 09:59:45 AM,8988.5,0,0.0,309456561.5
2025-08-01 09:59:46 AM,8988.5,25,224712.5,309681274.0
2025-08-01 09:59:51 AM,8995.5,0,0.0,309681274.0
2025-08-01 09:59:52 AM,8995.5,10,89955.0,309771229.0
2025-08-01 10:00:04 AM,8988.0,0,0.0,309771229.0
2025-08-01 10:00:04 AM,8988.0,12,107856.0,309879085.0
2025-08-01 10:00:27 AM,8979.5,2,17959.0,309897044.0
2025-08-01 10:00:29 AM,8987.5,0,0.0,309897044.0
2025-08-01 10:00:30 AM,8987.5,1,8987.5,309906031.5
2025-08-01 10:00:35 AM,8979.5,0,0.0,309906031.5
2025-08-01 10:00:36 AM,8979.5,20,179590.0,310085621.5
2025-08-01 10:00:43 AM,8979.5,6,53877.0,310139498.5
2025-08-01 10:00:46 AM,8979.5,22,197549.0,310337047.5
2025-08-01 10:00:58 AM,8975.5,0,0.0,310337047.5
2025-08-01 10:00:58 AM,8981.0,98,880138.0,311217185.5
2025-08-01 10:01:02 AM,8983.0,12,107796.0,311324981.5
2025-08-01 10:01:08 AM,8984.0,3,26952.0,311351933.5
2025-08-01 10:01:11 AM,8984.0,12,107808.0,311459741.5
2025-08-01 10:01:17 AM,8984.0,2,17968.0,311477709.5
2025-08-01 10:01:23 AM,8980.5,20,179610.0,311657319.5
2025-08-01 10:01:27 AM,8988.0,0,0.0,311657319.5
2025-08-01 10:01:27 AM,8988.0,16,143808.0,311801127.5
2025-08-01 10:01:35 AM,8985.0,0,0.0,311801127.5
2025-08-01 10:01:35 AM,8985.0,15,134775.0,311935902.5
2025-08-01 10:01:39 AM,8993.0,0,0.0,311935902.5
2025-08-01 10:01:39 AM,8993.0,70,629510.0,312565412.5
2025-08-01 10:01:47 AM,9000.0,22,198000.0,312763412.5
2025-08-01 10:01:49 AM,9004.5,0,0.0,312763412.5
2025-08-01 10:01:51 AM,8998.5,0,0.0,312763412.5
2025-08-01 10:01:52 AM,8998.5,6,53991.0,312817403.5
2025-08-01 10:01:53 AM,8999.0,38,341962.0,313159365.5
2025-08-01 10:01:57 AM,9005.0,0,0.0,313159365.5
2025-08-01 10:01:59 AM,9006.5,5,45032.5,313204398.0
2025-08-01 10:02:12 AM,9006.0,16,144096.0,313348494.0
2025-08-01 10:02:16 AM,9012.0,0,0.0,313348494.0
2025-08-01 10:02:17 AM,9012.0,100,901200.0,314249694.0
2025-08-01 10:02:23 AM,9021.0,0,0.0,314249694.0
2025-08-01 10:02:23 AM,9029.5,622,5616349.0,319866043.0
2025-08-01 10:02:24 AM,9030.0,0,0.0,319866043.0
2025-08-01 10:02:25 AM,9030.0,30,270900.0,320136943.0
2025-08-01 10:02:29 AM,9030.0,12,108360.0,320245303.0
2025-08-01 10:02:31 AM,9040.0,228,2061120.0,322306423.0
2025-08-01 10:02:33 AM,9058.0,0,0.0,322306423.0
2025-08-01 10:02:35 AM,9055.5,267,2417818.5,324724241.5
2025-08-01 10:02:41 AM,9042.0,0,0.0,324724241.5
2025-08-01 10:02:42 AM,9040.0,65,587600.0,325311841.5
2025-08-01 10:02:44 AM,9051.5,81,733171.5,326045013.0
2025-08-01 10:02:46 AM,9046.5,0,0.0,326045013.0
2025-08-01 10:02:48 AM,9058.0,122,1105076.0,327150089.0
2025-08-01 10:02:50 AM,9058.0,5,45290.0,327195379.0
2025-08-01 10:02:55 AM,9058.0,130,1177540.0,328372919.0
2025-08-01 10:02:56 AM,9059.5,76,688522.0,329061441.0
2025-08-01 10:02:59 AM,9060.0,0,0.0,329061441.0
2025-08-01 10:03:01 AM,9067.0,471,4270557.0,333331998.0
2025-08-01 10:03:07 AM,9058.0,0,0.0,333331998.0
2025-08-01 10:03:07 AM,9062.5,12,108750.0,333440748.0
2025-08-01 10:03:19 AM,9059.5,0,0.0,333440748.0
2025-08-01 10:03:20 AM,9061.0,53,480233.0,333920981.0
2025-08-01 10:03:27 AM,9062.5,0,0.0,333920981.0
2025-08-01 10:03:27 AM,9062.5,3,27187.5,333948168.5
2025-08-01 10:03:30 AM,9061.0,0,0.0,333948168.5
2025-08-01 10:03:33 AM,9061.0,36,326196.0,334274364.5
2025-08-01 10:03:39 AM,9055.5,0,0.0,334274364.5
2025-08-01 10:03:40 AM,9055.5,5,45277.5,334319642.0
2025-08-01 10:03:43 AM,9059.5,0,0.0,334319642.0
2025-08-01 10:03:46 AM,9054.0,0,0.0,334319642.0
2025-08-01 10:03:46 AM,9054.0,14,126756.0,334446398.0
2025-08-01 10:03:48 AM,9064.5,49,444160.5,334890558.5
2025-08-01 10:03:50 AM,9058.0,0,0.0,334890558.5
2025-08-01 10:03:52 AM,9058.0,1,9058.0,334899616.5
2025-08-01 10:03:54 AM,9061.0,0,0.0,334899616.5
2025-08-01 10:03:54 AM,9061.0,2,18122.0,334917738.5
2025-08-01 10:03:58 AM,9055.0,2,18110.0,334935848.5
2025-08-01 10:04:10 AM,9055.0,4,36220.0,334972068.5
2025-08-01 10:04:17 AM,9050.0,7,63350.0,335035418.5
2025-08-01 10:04:22 AM,9055.0,0,0.0,335035418.5
2025-08-01 10:04:23 AM,9055.0,25,226375.0,335261793.5
2025-08-01 10:04:25 AM,9050.0,1,9050.0,335270843.5
2025-08-01 10:04:27 AM,9055.0,0,0.0,335270843.5
2025-08-01 10:04:29 AM,9055.0,23,208265.0,335479108.5
2025-08-01 10:04:38 AM,9058.5,49,443866.5,335922975.0
2025-08-01 10:04:40 AM,9059.0,0,0.0,335922975.0
2025-08-01 10:04:42 AM,9058.0,30,271740.0,336194715.0
2025-08-01 10:04:48 AM,9055.0,8,72440.0,336267155.0
2025-08-01 10:04:50 AM,9062.0,3,27186.0,336294341.0
2025-08-01 10:04:53 AM,9060.5,0,0.0,336294341.0
2025-08-01 10:04:54 AM,9060.5,5,45302.5,336339643.5
2025-08-01 10:04:56 AM,9056.0,1,9056.0,336348699.5
2025-08-01 10:05:00 AM,9062.0,0,0.0,336348699.5
2025-08-01 10:05:00 AM,9062.0,1,9062.0,336357761.5
2025-08-01 10:05:02 AM,9053.5,30,271605.0,336629366.5
2025-08-01 10:05:09 AM,9060.5,0,0.0,336629366.5
2025-08-01 10:05:09 AM,9060.5,1,9060.5,336638427.0
2025-08-01 10:05:12 AM,9061.0,0,0.0,336638427.0
2025-08-01 10:05:13 AM,9061.0,1,9061.0,336647488.0
2025-08-01 10:05:15 AM,9061.0,4,36244.0,336683732.0
2025-08-01 10:05:19 AM,9054.0,0,0.0,336683732.0
2025-08-01 10:05:19 AM,9054.0,4,36216.0,336719948.0
2025-08-01 10:05:23 AM,9059.5,0,0.0,336719948.0
2025-08-01 10:05:25 AM,9059.5,3,27178.5,336747126.5
2025-08-01 10:05:40 AM,9052.0,0,0.0,336747126.5
2025-08-01 10:05:43 AM,9052.0,19,171988.0,336919114.5
2025-08-01 10:05:49 AM,9059.0,10,90590.0,337009704.5
2025-08-01 10:05:55 AM,9058.0,1,9058.0,337018762.5
2025-08-01 10:06:07 AM,9057.5,11,99632.5,337118395.0
2025-08-01 10:06:08 AM,9058.0,0,0.0,337118395.0
2025-08-01 10:06:10 AM,9058.0,5,45290.0,337163685.0
2025-08-01 10:06:21 AM,9058.0,1,9058.0,337172743.0
2025-08-01 10:06:27 AM,9052.0,0,0.0,337172743.0
2025-08-01 10:06:27 AM,9052.0,2,18104.0,337190847.0
2025-08-01 10:06:31 AM,9052.0,8,72416.0,337263263.0
2025-08-01 10:06:33 AM,9046.5,0,0.0,337263263.0
2025-08-01 10:06:37 AM,9046.5,13,117604.5,337380867.5
2025-08-01 10:06:39 AM,9050.0,4,36200.0,337417067.5
2025-08-01 10:06:45 AM,9047.5,2,18095.0,337435162.5
2025-08-01 10:06:51 AM,9050.0,1,9050.0,337444212.5
2025-08-01 10:06:55 AM,9046.0,4,36184.0,337480396.5
2025-08-01 10:06:57 AM,9044.5,0,0.0,337480396.5
2025-08-01 10:06:57 AM,9044.5,8,72356.0,337552752.5
2025-08-01 10:07:02 AM,9050.0,0,0.0,337552752.5
2025-08-01 10:07:03 AM,9050.0,5,45250.0,337598002.5
2025-08-01 10:07:14 AM,9053.5,55,497942.5,338095945.0
2025-08-01 10:07:16 AM,9050.0,8,72400.0,338168345.0
2025-08-01 10:07:20 AM,9067.0,109,988303.0,339156648.0
2025-08-01 10:07:22 AM,9073.0,246,2231958.0,341388606.0
2025-08-01 10:07:27 AM,9056.0,146,1322176.0,342710782.0
2025-08-01 10:07:31 AM,9065.0,0,0.0,342710782.0
2025-08-01 10:07:33 AM,9067.0,5,45335.0,342756117.0
2025-08-01 10:07:39 AM,9067.0,3,27201.0,342783318.0
2025-08-01 10:07:40 AM,9067.0,1,9067.0,342792385.0
2025-08-01 10:07:45 AM,9067.0,6,54402.0,342846787.0
2025-08-01 10:07:47 AM,9069.0,2,18138.0,342864925.0
2025-08-01 10:07:49 AM,9073.5,0,0.0,342864925.0
2025-08-01 10:07:51 AM,9067.0,13,117871.0,342982796.0
2025-08-01 10:07:57 AM,9073.5,3,27220.5,343010016.5
2025-08-01 10:08:03 AM,9080.0,0,0.0,343010016.5
2025-08-01 10:08:03 AM,9080.0,402,3650160.0,346660176.5
2025-08-01 10:08:05 AM,9080.0,26,236080.0,346896256.5
2025-08-01 10:08:08 AM,9091.5,0,0.0,346896256.5
2025-08-01 10:08:10 AM,9091.5,168,1527372.0,348423628.5
2025-08-01 10:08:11 AM,9087.0,52,472524.0,348896152.5
2025-08-01 10:08:14 AM,9095.0,0,0.0,348896152.5
2025-08-01 10:08:16 AM,9088.0,20,181760.0,349077912.5
2025-08-01 10:08:18 AM,9096.0,7,63672.0,349141584.5
2025-08-01 10:08:19 AM,9090.0,0,0.0,349141584.5
2025-08-01 10:08:21 AM,9095.0,0,0.0,349141584.5
2025-08-01 10:08:22 AM,9084.5,54,490563.0,349632147.5
2025-08-01 10:08:24 AM,9094.0,0,0.0,349632147.5
2025-08-01 10:08:24 AM,9094.0,16,145504.0,349777651.5
2025-08-01 10:08:27 AM,9089.5,0,0.0,349777651.5
2025-08-01 10:08:28 AM,9094.0,135,1227690.0,351005341.5
2025-08-01 10:08:30 AM,9094.0,5,45470.0,351050811.5
2025-08-01 10:08:34 AM,9094.0,1,9094.0,351059905.5
2025-08-01 10:08:36 AM,9093.0,0,0.0,351059905.5
2025-08-01 10:08:36 AM,9093.0,5,45465.0,351105370.5
2025-08-01 10:08:42 AM,9094.0,0,0.0,351105370.5
2025-08-01 10:08:42 AM,9094.0,10,90940.0,351196310.5
2025-08-01 10:08:45 AM,9088.5,0,0.0,351196310.5
2025-08-01 10:08:46 AM,9095.0,0,0.0,351196310.5
2025-08-01 10:08:46 AM,9095.0,19,172805.0,351369115.5
2025-08-01 10:08:48 AM,9098.0,0,0.0,351369115.5
2025-08-01 10:08:48 AM,9098.0,110,1000780.0,352369895.5
2025-08-01 10:08:51 AM,9100.0,0,0.0,352369895.5
2025-08-01 10:08:52 AM,9100.0,140,1274000.0,353643895.5
2025-08-01 10:08:55 AM,9096.5,0,0.0,353643895.5
2025-08-01 10:08:57 AM,9100.0,0,0.0,353643895.5
2025-08-01 10:08:58 AM,9100.0,21,191100.0,353834995.5
2025-08-01 10:09:01 AM,9095.5,0,0.0,353834995.5
2025-08-01 10:09:04 AM,9095.5,30,272865.0,354107860.5
2025-08-01 10:09:05 AM,9095.5,20,181910.0,354289770.5
2025-08-01 10:09:09 AM,9093.0,0,0.0,354289770.5
2025-08-01 10:09:10 AM,9094.5,0,0.0,354289770.5
2025-08-01 10:09:10 AM,9094.5,30,272835.0,354562605.5
2025-08-01 10:09:11 AM,9095.0,135,1227825.0,355790430.5
2025-08-01 10:09:13 AM,9096.0,0,0.0,355790430.5
2025-08-01 10:09:16 AM,9092.5,35,318237.5,356108668.0
2025-08-01 10:09:17 AM,9098.0,22,200156.0,356308824.0
2025-08-01 10:09:23 AM,9092.5,10,90925.0,356399749.0
2025-08-01 10:09:30 AM,9096.0,0,0.0,356399749.0
2025-08-01 10:09:31 AM,9095.5,0,0.0,356399749.0
2025-08-01 10:09:33 AM,9090.0,0,0.0,356399749.0
2025-08-01 10:09:33 AM,9092.0,128,1163776.0,357563525.0
2025-08-01 10:09:35 AM,9090.0,21,190890.0,357754415.0
2025-08-01 10:09:36 AM,9076.0,0,0.0,357754415.0
2025-08-01 10:09:39 AM,9088.5,0,0.0,357754415.0
2025-08-01 10:09:39 AM,9088.5,141,1281478.5,359035893.5
2025-08-01 10:09:41 AM,9080.0,1,9080.0,359044973.5
2025-08-01 10:09:42 AM,9089.0,0,0.0,359044973.5
2025-08-01 10:09:43 AM,9083.5,0,0.0,359044973.5
2025-08-01 10:09:45 AM,9083.5,25,227087.5,359272061.0
2025-08-01 10:09:52 AM,9082.0,0,0.0,359272061.0
2025-08-01 10:09:52 AM,9082.0,2,18164.0,359290225.0
2025-08-01 10:09:54 AM,9082.5,0,0.0,359290225.0
2025-08-01 10:09:56 AM,9082.5,1,9082.5,359299307.5
2025-08-01 10:10:01 AM,9081.5,0,0.0,359299307.5
2025-08-01 10:10:02 AM,9082.5,23,208897.5,359508205.0
2025-08-01 10:10:06 AM,9083.0,0,0.0,359508205.0
2025-08-01 10:10:07 AM,9083.0,13,118079.0,359626284.0
2025-08-01 10:10:09 AM,9081.5,10,90815.0,359717099.0
2025-08-01 10:10:10 AM,9082.5,0,0.0,359717099.0
2025-08-01 10:10:13 AM,9083.0,0,0.0,359717099.0
2025-08-01 10:10:13 AM,9083.0,13,118079.0,359835178.0
2025-08-01 10:10:21 AM,9090.0,11,99990.0,359935168.0
2025-08-01 10:10:25 AM,9090.0,4,36360.0,359971528.0
2025-08-01 10:10:31 AM,9089.5,1,9089.5,359980617.5
2025-08-01 10:10:33 AM,9090.0,0,0.0,359980617.5
2025-08-01 10:10:33 AM,9090.0,1,9090.0,359989707.5
2025-08-01 10:10:37 AM,9090.0,22,199980.0,360189687.5
2025-08-01 10:10:39 AM,9090.0,27,245430.0,360435117.5
2025-08-01 10:10:43 AM,9090.0,57,518130.0,360953247.5
2025-08-01 10:10:51 AM,9089.5,0,0.0,360953247.5
2025-08-01 10:10:51 AM,9089.5,1,9089.5,360962337.0
2025-08-01 10:10:55 AM,9095.0,5,45475.0,361007812.0
2025-08-01 10:10:57 AM,9089.5,0,0.0,361007812.0
2025-08-01 10:10:57 AM,9089.5,20,181790.0,361189602.0
2025-08-01 10:11:06 AM,9096.5,0,0.0,361189602.0
2025-08-01 10:11:07 AM,9096.5,5,45482.5,361235084.5
2025-08-01 10:11:12 AM,9089.5,0,0.0,361235084.5
2025-08-01 10:11:13 AM,9094.5,16,145512.0,361380596.5
2025-08-01 10:11:15 AM,9095.0,10,90950.0,361471546.5
2025-08-01 10:11:18 AM,9096.5,0,0.0,361471546.5
2025-08-01 10:11:19 AM,9095.0,35,318325.0,361789871.5
2025-08-01 10:11:20 AM,9088.0,1,9088.0,361798959.5
2025-08-01 10:11:24 AM,9093.5,0,0.0,361798959.5
2025-08-01 10:11:24 AM,9093.5,7,63654.5,361862614.0
2025-08-01 10:11:36 AM,9090.0,0,0.0,361862614.0
2025-08-01 10:11:36 AM,9090.0,190,1727100.0,363589714.0
2025-08-01 10:11:39 AM,9083.0,0,0.0,363589714.0
2025-08-01 10:11:42 AM,9083.0,10,90830.0,363680544.0
2025-08-01 10:11:49 AM,9079.5,28,254226.0,363934770.0
2025-08-01 10:11:53 AM,9083.0,46,417818.0,364352588.0
2025-08-01 10:11:55 AM,9081.0,54,490374.0,364842962.0
2025-08-01 10:11:59 AM,9082.5,6,54495.0,364897457.0
2025-08-01 10:12:01 AM,9083.0,60,544980.0,365442437.0
2025-08-01 10:12:03 AM,9080.0,0,0.0,365442437.0
2025-08-01 10:12:05 AM,9072.5,2,18145.0,365460582.0
2025-08-01 10:12:09 AM,9080.0,0,0.0,365460582.0
2025-08-01 10:12:11 AM,9080.0,32,290560.0,365751142.0
2025-08-01 10:12:15 AM,9079.5,0,0.0,365751142.0
2025-08-01 10:12:17 AM,9080.0,11,99880.0,365851022.0
2025-08-01 10:12:21 AM,9074.0,0,0.0,365851022.0
2025-08-01 10:12:23 AM,9074.0,1,9074.0,365860096.0
2025-08-01 10:12:27 AM,9077.5,0,0.0,365860096.0
2025-08-01 10:12:29 AM,9077.5,10,90775.0,365950871.0
2025-08-01 10:12:30 AM,9078.0,0,0.0,365950871.0
2025-08-01 10:12:35 AM,9078.0,10,90780.0,366041651.0
2025-08-01 10:12:40 AM,9078.5,18,163413.0,366205064.0
2025-08-01 10:12:46 AM,9080.0,14,127120.0,366332184.0
2025-08-01 10:12:46 AM,9076.5,82,744273.0,367076457.0
2025-08-01 10:13:03 AM,9076.0,2,18152.0,367094609.0
2025-08-01 10:13:04 AM,9078.0,1029,9341262.0,376435871.0
2025-08-01 10:13:10 AM,9075.5,29,263189.5,376699060.5
2025-08-01 10:13:12 AM,9070.0,0,0.0,376699060.5
2025-08-01 10:13:15 AM,9070.0,81,734670.0,377433730.5
2025-08-01 10:13:21 AM,9071.5,0,0.0,377433730.5
2025-08-01 10:13:21 AM,9071.5,36,326574.0,377760304.5
2025-08-01 10:13:24 AM,9086.0,0,0.0,377760304.5
2025-08-01 10:13:27 AM,9086.0,139,1262954.0,379023258.5
2025-08-01 10:13:36 AM,9093.5,0,0.0,379023258.5
2025-08-01 10:13:39 AM,9093.5,10,90935.0,379114193.5
2025-08-01 10:13:42 AM,9090.0,0,0.0,379114193.5
2025-08-01 10:13:45 AM,9093.5,0,0.0,379114193.5
2025-08-01 10:13:45 AM,9093.5,4,36374.0,379150567.5
2025-08-01 10:13:51 AM,9095.0,0,0.0,379150567.5
2025-08-01 10:13:51 AM,9095.0,26,236470.0,379387037.5
2025-08-01 10:13:57 AM,9091.0,0,0.0,379387037.5
2025-08-01 10:13:57 AM,9091.0,39,354549.0,379741586.5
2025-08-01 10:14:02 AM,9095.0,11,100045.0,379841631.5
2025-08-01 10:14:06 AM,9088.0,0,0.0,379841631.5
2025-08-01 10:14:08 AM,9088.0,27,245376.0,380087007.5
2025-08-01 10:14:18 AM,9095.0,0,0.0,380087007.5
2025-08-01 10:14:20 AM,9095.0,75,682125.0,380769132.5
2025-08-01 10:14:25 AM,9088.5,1,9088.5,380778221.0
2025-08-01 10:14:31 AM,9088.5,20,181770.0,380959991.0
2025-08-01 10:14:36 AM,9088.0,0,0.0,380959991.0
2025-08-01 10:14:37 AM,9088.0,6,54528.0,381014519.0
2025-08-01 10:14:44 AM,9089.0,1,9089.0,381023608.0
2025-08-01 10:14:48 AM,9095.0,21,190995.0,381214603.0
2025-08-01 10:14:49 AM,9088.5,5,45442.5,381260045.5
2025-08-01 10:14:50 AM,9095.0,0,0.0,381260045.5
2025-08-01 10:14:53 AM,9088.5,0,0.0,381260045.5
2025-08-01 10:14:54 AM,9088.5,3,27265.5,381287311.0
2025-08-01 10:15:00 AM,9088.5,7,63619.5,381350930.5
2025-08-01 10:15:04 AM,9095.0,0,0.0,381350930.5
2025-08-01 10:15:06 AM,9095.0,10,90950.0,381441880.5
2025-08-01 10:15:09 AM,9096.5,0,0.0,381441880.5
2025-08-01 10:15:11 AM,9088.5,90,817965.0,382259845.5
2025-08-01 10:15:15 AM,9089.0,0,0.0,382259845.5
2025-08-01 10:15:17 AM,9089.0,6,54534.0,382314379.5
2025-08-01 10:15:20 AM,9095.0,0,0.0,382314379.5
2025-08-01 10:15:21 AM,9088.5,0,0.0,382314379.5
2025-08-01 10:15:24 AM,9088.5,9,81796.5,382396176.0
2025-08-01 10:15:29 AM,9097.0,0,0.0,382396176.0
2025-08-01 10:15:30 AM,9089.0,26,236314.0,382632490.0
2025-08-01 10:15:32 AM,9096.5,0,0.0,382632490.0
2025-08-01 10:15:33 AM,9095.0,0,0.0,382632490.0
2025-08-01 10:15:36 AM,9095.0,8,72760.0,382705250.0
2025-08-01 10:15:50 AM,9094.5,0,0.0,382705250.0
2025-08-01 10:15:51 AM,9095.0,0,0.0,382705250.0
2025-08-01 10:15:54 AM,9095.0,52,472940.0,383178190.0
2025-08-01 10:15:54 AM,9098.5,78,709683.0,383887873.0
2025-08-01 10:16:03 AM,9096.0,0,0.0,383887873.0
2025-08-01 10:16:05 AM,9096.0,10,90960.0,383978833.0
2025-08-01 10:16:11 AM,9096.0,2,18192.0,383997025.0
2025-08-01 10:16:14 AM,9092.0,0,0.0,383997025.0
2025-08-01 10:16:17 AM,9090.0,0,0.0,383997025.0
2025-08-01 10:16:17 AM,9090.0,17,154530.0,384151555.0
2025-08-01 10:16:23 AM,9081.5,0,0.0,384151555.0
2025-08-01 10:16:23 AM,9081.5,174,1580181.0,385731736.0
2025-08-01 10:16:36 AM,9095.0,0,0.0,385731736.0
2025-08-01 10:16:38 AM,9088.5,0,0.0,385731736.0
2025-08-01 10:16:40 AM,9088.5,19,172681.5,385904417.5
2025-08-01 10:16:46 AM,9088.5,3,27265.5,385931683.0
2025-08-01 10:16:52 AM,9088.5,1,9088.5,385940771.5
2025-08-01 10:17:14 AM,9086.5,0,0.0,385940771.5
2025-08-01 10:17:14 AM,9086.5,36,327114.0,386267885.5
2025-08-01 10:17:20 AM,9086.5,53,481584.5,386749470.0
2025-08-01 10:17:23 AM,9088.0,0,0.0,386749470.0
2025-08-01 10:17:26 AM,9088.0,20,181760.0,386931230.0
2025-08-01 10:17:31 AM,9088.0,11,99968.0,387031198.0
2025-08-01 10:17:37 AM,9088.0,10,90880.0,387122078.0
2025-08-01 10:17:42 AM,9095.0,0,0.0,387122078.0
2025-08-01 10:17:43 AM,9095.0,1,9095.0,387131173.0
2025-08-01 10:17:47 AM,9088.5,0,0.0,387131173.0
2025-08-01 10:17:48 AM,9094.5,0,0.0,387131173.0
2025-08-01 10:17:49 AM,9094.5,3,27283.5,387158456.5
2025-08-01 10:17:54 AM,9094.5,1,9094.5,387167551.0
2025-08-01 10:18:00 AM,9093.5,0,0.0,387167551.0
2025-08-01 10:18:00 AM,9093.5,28,254618.0,387422169.0
2025-08-01 10:18:02 AM,9088.0,0,0.0,387422169.0
2025-08-01 10:18:06 AM,9088.0,21,190848.0,387613017.0
2025-08-01 10:18:14 AM,9094.5,0,0.0,387613017.0
2025-08-01 10:18:18 AM,9094.5,1,9094.5,387622111.5
2025-08-01 10:18:29 AM,9095.0,0,0.0,387622111.5
2025-08-01 10:18:30 AM,9087.5,115,1045062.5,388667174.0
2025-08-01 10:18:33 AM,9087.0,0,0.0,388667174.0
2025-08-01 10:18:35 AM,9087.0,5,45435.0,388712609.0
2025-08-01 10:18:41 AM,9087.0,1,9087.0,388721696.0
2025-08-01 10:18:43 AM,9087.5,0,0.0,388721696.0
2025-08-01 10:18:47 AM,9087.5,17,154487.5,388876183.5
2025-08-01 10:18:50 AM,9093.5,0,0.0,388876183.5
2025-08-01 10:18:53 AM,9093.5,15,136402.5,389012586.0
2025-08-01 10:18:58 AM,9087.5,0,0.0,389012586.0
2025-08-01 10:18:58 AM,9087.5,10,90875.0,389103461.0
2025-08-01 10:19:01 AM,9094.5,0,0.0,389103461.0
2025-08-01 10:19:04 AM,9094.5,20,181890.0,389285351.0
2025-08-01 10:19:07 AM,9096.0,0,0.0,389285351.0
2025-08-01 10:19:09 AM,9096.0,177,1609992.0,390895343.0
2025-08-01 10:19:15 AM,9096.0,2,18192.0,390913535.0
2025-08-01 10:19:19 AM,9094.5,0,0.0,390913535.0
2025-08-01 10:19:21 AM,9094.5,5,45472.5,390959007.5
2025-08-01 10:19:31 AM,9095.0,0,0.0,390959007.5
2025-08-01 10:19:33 AM,9096.0,7,63672.0,391022679.5
2025-08-01 10:19:38 AM,9098.0,8,72784.0,391095463.5
2025-08-01 10:19:43 AM,9096.0,0,0.0,391095463.5
2025-08-01 10:19:44 AM,9096.0,3,27288.0,391122751.5
2025-08-01 10:19:55 AM,9096.0,7,63672.0,391186423.5
2025-08-01 10:20:06 AM,9097.5,3,27292.5,391213716.0
2025-08-01 10:20:10 AM,9098.0,0,0.0,391213716.0
2025-08-01 10:20:11 AM,9098.0,17,154666.0,391368382.0
2025-08-01 10:20:22 AM,9099.0,0,0.0,391368382.0
2025-08-01 10:20:24 AM,9099.0,44,400356.0,391768738.0
2025-08-01 10:20:29 AM,9098.5,0,0.0,391768738.0
2025-08-01 10:20:29 AM,9098.5,2,18197.0,391786935.0
2025-08-01 10:20:31 AM,9096.0,0,0.0,391786935.0
2025-08-01 10:20:31 AM,9096.0,12,109152.0,391896087.0
2025-08-01 10:20:36 AM,9099.0,0,0.0,391896087.0
2025-08-01 10:20:37 AM,9099.0,3,27297.0,391923384.0
2025-08-01 10:20:43 AM,9090.0,21,190890.0,392114274.0
2025-08-01 10:20:45 AM,9088.5,0,0.0,392114274.0
2025-08-01 10:20:48 AM,9088.5,31,281743.5,392396017.5
2025-08-01 10:20:49 AM,9094.0,0,0.0,392396017.5
2025-08-01 10:20:49 AM,9094.0,1,9094.0,392405111.5
2025-08-01 10:20:53 AM,9085.0,8,72680.0,392477791.5
2025-08-01 10:20:55 AM,9089.0,0,0.0,392477791.5
2025-08-01 10:20:55 AM,9089.0,5,45445.0,392523236.5
2025-08-01 10:21:01 AM,9087.0,0,0.0,392523236.5
2025-08-01 10:21:01 AM,9087.0,5,45435.0,392568671.5
2025-08-01 10:21:04 AM,9085.0,0,0.0,392568671.5
2025-08-01 10:21:04 AM,9077.5,0,0.0,392568671.5
2025-08-01 10:21:04 AM,9077.5,86,780665.0,393349336.5
2025-08-01 10:21:06 AM,9074.0,20,181480.0,393530816.5
2025-08-01 10:21:10 AM,9082.0,25,227050.0,393757866.5
2025-08-01 10:21:12 AM,9072.0,69,625968.0,394383834.5
2025-08-01 10:21:18 AM,9081.5,0,0.0,394383834.5
2025-08-01 10:21:21 AM,9081.5,21,190711.5,394574546.0
2025-08-01 10:21:29 AM,9081.5,4,36326.0,394610872.0
2025-08-01 10:21:32 AM,9081.5,7,63570.5,394674442.5
2025-08-01 10:21:37 AM,9081.5,10,90815.0,394765257.5
2025-08-01 10:21:43 AM,9081.5,83,753764.5,395519022.0
2025-08-01 10:22:02 AM,9079.5,30,272385.0,395791407.0
2025-08-01 10:22:06 AM,9077.5,0,0.0,395791407.0
2025-08-01 10:22:06 AM,9077.5,78,708045.0,396499452.0
2025-08-01 10:22:40 AM,9080.0,5,45400.0,396544852.0
2025-08-01 10:23:31 AM,9080.0,2,18160.0,396563012.0
2025-08-01 10:23:34 AM,9080.0,5,45400.0,396608412.0
2025-08-01 10:23:35 AM,9084.0,0,0.0,396608412.0
2025-08-01 10:23:38 AM,9080.0,0,0.0,396608412.0
2025-08-01 10:23:39 AM,9080.0,2,18160.0,396626572.0
2025-08-01 10:23:45 AM,9080.0,7,63560.0,396690132.0
2025-08-01 10:23:47 AM,9080.0,30,272400.0,396962532.0
2025-08-01 10:23:53 AM,9080.0,4,36320.0,396998852.0
2025-08-01 10:23:59 AM,9077.5,0,0.0,396998852.0
2025-08-01 10:24:02 AM,9077.5,1,9077.5,397007929.5
2025-08-01 10:24:09 AM,9066.0,1051,9528366.0,406536295.5
2025-08-01 10:24:15 AM,9060.0,0,0.0,406536295.5
2025-08-01 10:24:15 AM,9060.0,3,27180.0,406563475.5
2025-08-01 10:24:17 AM,9052.0,0,0.0,406563475.5
2025-08-01 10:24:18 AM,9052.0,45,407340.0,406970815.5
2025-08-01 10:24:20 AM,9050.0,0,0.0,406970815.5
2025-08-01 10:24:20 AM,9030.5,1114,10059977.0,417030792.5
2025-08-01 10:24:21 AM,9032.5,0,0.0,417030792.5
2025-08-01 10:24:23 AM,9029.0,0,0.0,417030792.5
2025-08-01 10:24:24 AM,9029.0,127,1146683.0,418177475.5
2025-08-01 10:24:26 AM,9031.5,116,1047654.0,419225129.5
2025-08-01 10:24:31 AM,9028.0,27,243756.0,419468885.5
2025-08-01 10:24:35 AM,9033.5,0,0.0,419468885.5
2025-08-01 10:24:35 AM,9033.5,50,451675.0,419920560.5
2025-08-01 10:24:39 AM,9040.5,0,0.0,419920560.5
2025-08-01 10:24:40 AM,9040.5,51,461065.5,420381626.0
2025-08-01 10:24:42 AM,9034.5,0,0.0,420381626.0
2025-08-01 10:24:42 AM,9034.5,10,90345.0,420471971.0
2025-08-01 10:24:47 AM,9041.0,0,0.0,420471971.0
2025-08-01 10:24:48 AM,9041.0,5,45205.0,420517176.0
2025-08-01 10:24:50 AM,9036.0,0,0.0,420517176.0
2025-08-01 10:24:51 AM,9036.0,56,506016.0,421023192.0
2025-08-01 10:24:57 AM,9041.5,47,424950.5,421448142.5
2025-08-01 10:25:02 AM,9040.0,158,1428320.0,422876462.5
2025-08-01 10:25:08 AM,9040.0,1,9040.0,422885502.5
2025-08-01 10:25:11 AM,9046.0,2,18092.0,422903594.5
2025-08-01 10:25:14 AM,9047.5,5,45237.5,422948832.0
2025-08-01 10:25:17 AM,9047.5,26,235235.0,423184067.0
2025-08-01 10:25:18 AM,9040.0,0,0.0,423184067.0
2025-08-01 10:25:20 AM,9040.0,23,207920.0,423391987.0
2025-08-01 10:25:21 AM,9039.0,0,0.0,423391987.0
2025-08-01 10:25:22 AM,9040.0,0,0.0,423391987.0
2025-08-01 10:25:23 AM,9034.5,51,460759.5,423852746.5
2025-08-01 10:25:26 AM,9034.0,40,361360.0,424214106.5
2025-08-01 10:25:28 AM,9039.5,0,0.0,424214106.5
2025-08-01 10:25:28 AM,9037.0,2,18074.0,424232180.5
2025-08-01 10:25:31 AM,9034.0,0,0.0,424232180.5
2025-08-01 10:25:31 AM,9034.0,75,677550.0,424909730.5
2025-08-01 10:25:33 AM,9038.5,0,0.0,424909730.5
2025-08-01 10:25:34 AM,9033.5,96,867216.0,425776946.5
2025-08-01 10:25:42 AM,9026.0,0,0.0,425776946.5
2025-08-01 10:25:42 AM,9026.0,63,568638.0,426345584.5
2025-08-01 10:25:48 AM,9024.5,0,0.0,426345584.5
2025-08-01 10:25:48 AM,9024.5,20,180490.0,426526074.5
2025-08-01 10:25:49 AM,9022.5,0,0.0,426526074.5
2025-08-01 10:25:50 AM,9015.0,122,1099830.0,427625904.5
2025-08-01 10:25:53 AM,9022.5,32,288720.0,427914624.5
2025-08-01 10:25:55 AM,9022.0,0,0.0,427914624.5
2025-08-01 10:25:56 AM,9025.0,8,72200.0,427986824.5
2025-08-01 10:25:57 AM,9025.5,0,0.0,427986824.5
2025-08-01 10:25:58 AM,9021.0,0,0.0,427986824.5
2025-08-01 10:25:59 AM,9021.0,27,243567.0,428230391.5
2025-08-01 10:26:01 AM,9011.0,0,0.0,428230391.5
2025-08-01 10:26:01 AM,9011.0,36,324396.0,428554787.5
2025-08-01 10:26:03 AM,9018.5,0,0.0,428554787.5
2025-08-01 10:26:04 AM,9013.5,0,0.0,428554787.5
2025-08-01 10:26:04 AM,9013.5,13,117175.5,428671963.0
2025-08-01 10:26:06 AM,9016.5,0,0.0,428671963.0
2025-08-01 10:26:06 AM,9009.5,146,1315387.0,429987350.0
2025-08-01 10:26:09 AM,9014.5,0,0.0,429987350.0
2025-08-01 10:26:10 AM,9008.5,0,0.0,429987350.0
2025-08-01 10:26:10 AM,9008.5,148,1333258.0,431320608.0
2025-08-01 10:26:13 AM,9016.5,0,0.0,431320608.0
2025-08-01 10:26:15 AM,9016.5,10,90165.0,431410773.0
2025-08-01 10:26:18 AM,9015.0,0,0.0,431410773.0
2025-08-01 10:26:18 AM,9015.0,45,405675.0,431816448.0
2025-08-01 10:26:19 AM,9027.0,0,0.0,431816448.0
2025-08-01 10:26:21 AM,9027.0,89,803403.0,432619851.0
2025-08-01 10:26:23 AM,9023.5,5,45117.5,432664968.5
2025-08-01 10:26:28 AM,9031.5,0,0.0,432664968.5
2025-08-01 10:26:33 AM,9022.0,113,1019486.0,433684454.5
2025-08-01 10:26:35 AM,9019.5,30,270585.0,433955039.5
2025-08-01 10:26:40 AM,9024.0,0,0.0,433955039.5
2025-08-01 10:26:41 AM,9024.0,10,90240.0,434045279.5
2025-08-01 10:26:47 AM,9022.5,5,45112.5,434090392.0
2025-08-01 10:26:50 AM,9022.5,2,18045.0,434108437.0
2025-08-01 10:26:52 AM,9023.0,0,0.0,434108437.0
2025-08-01 10:26:52 AM,9023.0,2,18046.0,434126483.0
2025-08-01 10:26:56 AM,9023.0,2,18046.0,434144529.0
2025-08-01 10:26:57 AM,9019.5,0,0.0,434144529.0
2025-08-01 10:26:58 AM,9019.5,5,45097.5,434189626.5
2025-08-01 10:27:00 AM,9023.0,0,0.0,434189626.5
2025-08-01 10:27:03 AM,9020.0,0,0.0,434189626.5
2025-08-01 10:27:04 AM,9020.0,9,81180.0,434270806.5
2025-08-01 10:27:23 AM,9020.0,10,90200.0,434361006.5
2025-08-01 10:27:27 AM,9023.5,0,0.0,434361006.5
2025-08-01 10:27:27 AM,9023.5,10,90235.0,434451241.5
2025-08-01 10:27:30 AM,9020.0,0,0.0,434451241.5
2025-08-01 10:27:32 AM,9020.0,3,27060.0,434478301.5
2025-08-01 10:27:38 AM,9023.0,1,9023.0,434487324.5
2025-08-01 10:27:40 AM,9024.0,0,0.0,434487324.5
2025-08-01 10:27:40 AM,9024.0,6,54144.0,434541468.5
2025-08-01 10:27:43 AM,9024.5,8,72196.0,434613664.5
2025-08-01 10:27:49 AM,9024.5,2,18049.0,434631713.5
2025-08-01 10:27:55 AM,9031.5,0,0.0,434631713.5
2025-08-01 10:27:57 AM,9025.0,56,505400.0,435137113.5
2025-08-01 10:27:58 AM,9030.0,0,0.0,435137113.5
2025-08-01 10:27:59 AM,9030.5,6,54183.0,435191296.5
2025-08-01 10:28:02 AM,9033.0,50,451650.0,435642946.5
2025-08-01 10:28:04 AM,9027.0,0,0.0,435642946.5
2025-08-01 10:28:05 AM,9027.0,2,18054.0,435661000.5
2025-08-01 10:28:18 AM,9032.5,0,0.0,435661000.5
2025-08-01 10:28:18 AM,9032.5,2,18065.0,435679065.5
2025-08-01 10:28:23 AM,9032.5,1,9032.5,435688098.0
2025-08-01 10:28:26 AM,9032.0,10,90320.0,435778418.0
2025-08-01 10:28:33 AM,9033.0,0,0.0,435778418.0
2025-08-01 10:28:35 AM,9027.0,2,18054.0,435796472.0
2025-08-01 10:28:37 AM,9021.0,0,0.0,435796472.0
2025-08-01 10:28:37 AM,9026.0,67,604742.0,436401214.0
2025-08-01 10:28:40 AM,9026.0,1,9026.0,436410240.0
2025-08-01 10:28:48 AM,9025.5,1,9025.5,436419265.5
2025-08-01 10:28:52 AM,9025.5,2,18051.0,436437316.5
2025-08-01 10:29:07 AM,9021.0,0,0.0,436437316.5
2025-08-01 10:29:08 AM,9025.5,0,0.0,436437316.5
2025-08-01 10:29:08 AM,9025.5,52,469326.0,436906642.5
2025-08-01 10:29:13 AM,9019.5,0,0.0,436906642.5
2025-08-01 10:29:14 AM,9019.5,170,1533315.0,438439957.5
2025-08-01 10:29:27 AM,9015.0,0,0.0,438439957.5
2025-08-01 10:29:27 AM,9015.0,1,9015.0,438448972.5
2025-08-01 10:29:30 AM,9016.0,0,0.0,438448972.5
2025-08-01 10:29:30 AM,9016.0,1,9016.0,438457988.5
2025-08-01 10:29:32 AM,9011.0,0,0.0,438457988.5
2025-08-01 10:29:33 AM,9011.0,16,144176.0,438602164.5
2025-08-01 10:29:36 AM,9010.0,0,0.0,438602164.5
2025-08-01 10:29:36 AM,9010.0,1,9010.0,438611174.5
2025-08-01 10:29:39 AM,9010.0,1,9010.0,438620184.5
2025-08-01 10:29:43 AM,9009.0,0,0.0,438620184.5
2025-08-01 10:29:44 AM,9010.0,21,189210.0,438809394.5
2025-08-01 10:29:49 AM,9011.5,0,0.0,438809394.5
2025-08-01 10:29:49 AM,9011.5,28,252322.0,439061716.5
2025-08-01 10:29:55 AM,9010.5,16,144168.0,439205884.5
2025-08-01 10:29:58 AM,9009.0,0,0.0,439205884.5
2025-08-01 10:29:58 AM,9009.0,35,315315.0,439521199.5
2025-08-01 10:30:04 AM,9009.0,31,279279.0,439800478.5
2025-08-01 10:30:06 AM,9009.0,19,171171.0,439971649.5
2025-08-01 10:30:08 AM,9008.0,0,0.0,439971649.5
2025-08-01 10:30:10 AM,9009.0,5,45045.0,440016694.5
2025-08-01 10:30:11 AM,9011.5,0,0.0,440016694.5
2025-08-01 10:30:12 AM,9011.5,2,18023.0,440034717.5
2025-08-01 10:30:21 AM,9009.5,1,9009.5,440043727.0
2025-08-01 10:30:26 AM,9011.5,5,45057.5,440088784.5
2025-08-01 10:30:38 AM,9011.5,6,54069.0,440142853.5
2025-08-01 10:30:41 AM,9011.5,1,9011.5,440151865.0
2025-08-01 10:30:47 AM,9016.5,0,0.0,440151865.0
2025-08-01 10:30:47 AM,9016.5,13,117214.5,440269079.5
2025-08-01 10:30:48 AM,9012.0,0,0.0,440269079.5
2025-08-01 10:30:49 AM,9012.0,6,54072.0,440323151.5
2025-08-01 10:31:03 AM,9018.0,0,0.0,440323151.5
2025-08-01 10:31:04 AM,9018.0,10,90180.0,440413331.5
2025-08-01 10:31:06 AM,9016.5,0,0.0,440413331.5
2025-08-01 10:31:06 AM,9016.5,30,270495.0,440683826.5
2025-08-01 10:31:09 AM,9015.5,0,0.0,440683826.5
2025-08-01 10:31:10 AM,9015.5,1,9015.5,440692842.0
2025-08-01 10:31:12 AM,9016.0,0,0.0,440692842.0
2025-08-01 10:31:13 AM,9016.0,1,9016.0,440701858.0
2025-08-01 10:31:18 AM,9021.5,0,0.0,440701858.0
2025-08-01 10:31:18 AM,9021.5,26,234559.0,440936417.0
2025-08-01 10:31:21 AM,9023.5,0,0.0,440936417.0
2025-08-01 10:31:21 AM,9023.5,37,333869.5,441270286.5
2025-08-01 10:31:31 AM,9025.5,0,0.0,441270286.5
2025-08-01 10:31:32 AM,9020.5,40,360820.0,441631106.5
2025-08-01 10:31:34 AM,9022.0,0,0.0,441631106.5
2025-08-01 10:31:35 AM,9022.0,2,18044.0,441649150.5
2025-08-01 10:31:40 AM,9022.0,1,9022.0,441658172.5
2025-08-01 10:31:43 AM,9018.0,0,0.0,441658172.5
2025-08-01 10:31:43 AM,9018.0,2,18036.0,441676208.5
2025-08-01 10:31:46 AM,9010.5,98,883029.0,442559237.5
2025-08-01 10:31:46 AM,9013.5,0,0.0,442559237.5
2025-08-01 10:31:49 AM,9007.0,0,0.0,442559237.5
2025-08-01 10:31:49 AM,9007.0,180,1621260.0,444180497.5
2025-08-01 10:32:01 AM,9003.5,0,0.0,444180497.5
2025-08-01 10:32:02 AM,9003.5,2,18007.0,444198504.5
2025-08-01 10:32:07 AM,9003.0,0,0.0,444198504.5
2025-08-01 10:32:08 AM,9003.0,1,9003.0,444207507.5
2025-08-01 10:32:12 AM,9003.0,4,36012.0,444243519.5
2025-08-01 10:32:18 AM,9003.0,17,153051.0,444396570.5
2025-08-01 10:32:24 AM,9001.0,0,0.0,444396570.5
2025-08-01 10:32:25 AM,9001.0,75,675075.0,445071645.5
2025-08-01 10:32:44 AM,9003.5,1,9003.5,445080649.0
2025-08-01 10:32:45 AM,9005.0,0,0.0,445080649.0
2025-08-01 10:32:46 AM,9005.0,48,432240.0,445512889.0
2025-08-01 10:32:48 AM,9010.0,0,0.0,445512889.0
2025-08-01 10:32:49 AM,9010.0,1,9010.0,445521899.0
2025-08-01 10:32:58 AM,9010.0,1,9010.0,445530909.0
2025-08-01 10:33:06 AM,9006.0,0,0.0,445530909.0
2025-08-01 10:33:06 AM,9006.0,1,9006.0,445539915.0
2025-08-01 10:33:09 AM,9006.0,3,27018.0,445566933.0
2025-08-01 10:33:12 AM,9005.5,0,0.0,445566933.0
2025-08-01 10:33:12 AM,9005.5,1,9005.5,445575938.5
2025-08-01 10:33:23 AM,9006.5,2,18013.0,445593951.5
2025-08-01 10:33:25 AM,9012.0,1,9012.0,445602963.5
2025-08-01 10:33:29 AM,9008.0,10,90080.0,445693043.5
2025-08-01 10:33:36 AM,9009.5,0,0.0,445693043.5
2025-08-01 10:33:36 AM,9009.5,1,9009.5,445702053.0
2025-08-01 10:33:48 AM,9009.5,1,9009.5,445711062.5
2025-08-01 10:33:51 AM,9008.0,0,0.0,445711062.5
2025-08-01 10:33:51 AM,9008.0,14,126112.0,445837174.5
2025-08-01 10:33:58 AM,9009.5,0,0.0,445837174.5
2025-08-01 10:33:59 AM,9009.5,2,18019.0,445855193.5
2025-08-01 10:34:01 AM,9008.0,0,0.0,445855193.5
2025-08-01 10:34:02 AM,9008.0,33,297264.0,446152457.5
2025-08-01 10:34:13 AM,9010.0,0,0.0,446152457.5
2025-08-01 10:34:14 AM,9010.0,5,45050.0,446197507.5
2025-08-01 10:34:19 AM,9010.0,4,36040.0,446233547.5
2025-08-01 10:34:21 AM,9010.0,2,18020.0,446251567.5
2025-08-01 10:34:25 AM,9014.5,0,0.0,446251567.5
2025-08-01 10:34:27 AM,9014.5,13,117188.5,446368756.0
2025-08-01 10:34:40 AM,9010.5,0,0.0,446368756.0
2025-08-01 10:34:42 AM,9010.5,1,9010.5,446377766.5
2025-08-01 10:34:50 AM,9008.0,79,711632.0,447089398.5
2025-08-01 10:34:52 AM,9002.0,0,0.0,447089398.5
2025-08-01 10:34:53 AM,9002.0,10,90020.0,447179418.5
2025-08-01 10:35:01 AM,9005.5,0,0.0,447179418.5
2025-08-01 10:35:01 AM,9005.5,7,63038.5,447242457.0
2025-08-01 10:35:04 AM,9002.0,0,0.0,447242457.0
2025-08-01 10:35:05 AM,9008.5,13,117110.5,447359567.5
2025-08-01 10:35:11 AM,9008.5,4,36034.0,447395601.5
2025-08-01 10:35:15 AM,9006.5,0,0.0,447395601.5
2025-08-01 10:35:16 AM,9006.5,3,27019.5,447422621.0
2025-08-01 10:35:21 AM,9007.0,0,0.0,447422621.0
2025-08-01 10:35:22 AM,9007.0,11,99077.0,447521698.0
2025-08-01 10:35:24 AM,9008.5,0,0.0,447521698.0
2025-08-01 10:35:24 AM,9008.5,13,117110.5,447638808.5
2025-08-01 10:35:25 AM,9002.5,0,0.0,447638808.5
2025-08-01 10:35:27 AM,9002.0,0,0.0,447638808.5
2025-08-01 10:35:27 AM,9002.0,2,18004.0,447656812.5
2025-08-01 10:35:29 AM,9006.0,1,9006.0,447665818.5
2025-08-01 10:35:31 AM,9002.0,0,0.0,447665818.5
2025-08-01 10:35:33 AM,9002.0,1,9002.0,447674820.5
2025-08-01 10:35:34 AM,9009.0,0,0.0,447674820.5
2025-08-01 10:35:35 AM,9002.0,32,288064.0,447962884.5
2025-08-01 10:35:37 AM,9006.5,0,0.0,447962884.5
2025-08-01 10:35:39 AM,9006.5,1,9006.5,447971891.0
2025-08-01 10:35:43 AM,8991.5,0,0.0,447971891.0
2025-08-01 10:35:44 AM,8998.5,909,8179636.5,456151527.5
2025-08-01 10:35:45 AM,8989.0,0,0.0,456151527.5
2025-08-01 10:35:46 AM,8992.5,0,0.0,456151527.5
2025-08-01 10:35:47 AM,8992.5,165,1483762.5,457635290.0
2025-08-01 10:35:48 AM,8989.5,0,0.0,457635290.0
2025-08-01 10:35:49 AM,8985.0,0,0.0,457635290.0
2025-08-01 10:35:50 AM,8985.0,64,575040.0,458210330.0
2025-08-01 10:35:52 AM,8994.0,0,0.0,458210330.0
2025-08-01 10:35:52 AM,8994.0,89,800466.0,459010796.0
2025-08-01 10:35:55 AM,9005.5,0,0.0,459010796.0
2025-08-01 10:35:55 AM,8997.0,101,908697.0,459919493.0
2025-08-01 10:36:03 AM,9002.5,0,0.0,459919493.0
2025-08-01 10:36:03 AM,9002.5,31,279077.5,460198570.5
2025-08-01 10:36:05 AM,8995.5,0,0.0,460198570.5
2025-08-01 10:36:06 AM,8995.5,27,242878.5,460441449.0
2025-08-01 10:36:12 AM,8994.5,0,0.0,460441449.0
2025-08-01 10:36:12 AM,8994.5,1,8994.5,460450443.5
2025-08-01 10:36:18 AM,8995.0,1,8995.0,460459438.5
2025-08-01 10:36:27 AM,9000.0,0,0.0,460459438.5
2025-08-01 10:36:29 AM,9000.0,15,135000.0,460594438.5
2025-08-01 10:36:31 AM,9005.0,2,18010.0,460612448.5
2025-08-01 10:36:33 AM,8998.5,0,0.0,460612448.5
2025-08-01 10:36:34 AM,8999.0,3,26997.0,460639445.5
2025-08-01 10:36:43 AM,9004.5,0,0.0,460639445.5
2025-08-01 10:36:45 AM,9004.5,1,9004.5,460648450.0
2025-08-01 10:36:48 AM,8998.0,1,8998.0,460657448.0
2025-08-01 10:36:51 AM,8998.0,1,8998.0,460666446.0
2025-08-01 10:36:52 AM,9004.5,0,0.0,460666446.0
2025-08-01 10:36:53 AM,9004.5,1,9004.5,460675450.5
2025-08-01 10:36:58 AM,9001.0,0,0.0,460675450.5
2025-08-01 10:36:58 AM,9001.0,1,9001.0,460684451.5
2025-08-01 10:36:59 AM,9004.5,0,0.0,460684451.5
2025-08-01 10:37:02 AM,9004.5,35,315157.5,460999609.0
2025-08-01 10:37:03 AM,9005.0,1,9005.0,461008614.0
2025-08-01 10:37:04 AM,9004.5,0,0.0,461008614.0
2025-08-01 10:37:07 AM,9004.5,6,54027.0,461062641.0
2025-08-01 10:37:13 AM,9008.5,5,45042.5,461107683.5
2025-08-01 10:37:18 AM,9011.5,11,99126.5,461206810.0
2025-08-01 10:37:20 AM,9005.0,0,0.0,461206810.0
2025-08-01 10:37:20 AM,9005.0,2,18010.0,461224820.0
2025-08-01 10:37:22 AM,9011.5,0,0.0,461224820.0
2025-08-01 10:37:24 AM,9011.5,3,27034.5,461251854.5
2025-08-01 10:37:25 AM,9012.5,0,0.0,461251854.5
2025-08-01 10:37:26 AM,9012.0,0,0.0,461251854.5
2025-08-01 10:37:26 AM,9012.0,15,135180.0,461387034.5
2025-08-01 10:37:29 AM,8997.0,0,0.0,461387034.5
2025-08-01 10:37:29 AM,8997.0,43,386871.0,461773905.5
2025-08-01 10:37:31 AM,9000.0,0,0.0,461773905.5
2025-08-01 10:37:32 AM,9000.0,5,45000.0,461818905.5
2025-08-01 10:37:34 AM,8998.0,0,0.0,461818905.5
2025-08-01 10:37:35 AM,8998.0,4,35992.0,461854897.5
2025-08-01 10:37:37 AM,8997.0,0,0.0,461854897.5
2025-08-01 10:37:38 AM,8998.0,2,17996.0,461872893.5
2025-08-01 10:37:40 AM,8997.0,0,0.0,461872893.5
2025-08-01 10:37:40 AM,8997.0,1,8997.0,461881890.5
2025-08-01 10:37:43 AM,9000.0,0,0.0,461881890.5
2025-08-01 10:37:43 AM,9000.0,13,117000.0,461998890.5
2025-08-01 10:37:44 AM,9003.5,0,0.0,461998890.5
2025-08-01 10:37:46 AM,9003.5,21,189073.5,462187964.0
2025-08-01 10:37:51 AM,9000.0,1,9000.0,462196964.0
2025-08-01 10:37:54 AM,9007.0,2,18014.0,462214978.0
2025-08-01 10:37:56 AM,9006.5,0,0.0,462214978.0
2025-08-01 10:37:57 AM,9006.5,17,153110.5,462368088.5
2025-08-01 10:38:01 AM,9011.5,0,0.0,462368088.5
2025-08-01 10:38:03 AM,9011.5,28,252322.0,462620410.5
2025-08-01 10:38:07 AM,9004.5,0,0.0,462620410.5
2025-08-01 10:38:09 AM,9004.0,103,927412.0,463547822.5
2025-08-01 10:38:12 AM,9009.5,5,45047.5,463592870.0
2025-08-01 10:38:20 AM,9008.5,0,0.0,463592870.0
2025-08-01 10:38:22 AM,9004.0,4,36016.0,463628886.0
2025-08-01 10:38:31 AM,9004.0,1,9004.0,463637890.0
2025-08-01 10:38:34 AM,9008.0,0,0.0,463637890.0
2025-08-01 10:38:34 AM,9008.0,4,36032.0,463673922.0
2025-08-01 10:38:39 AM,9000.0,0,0.0,463673922.0
2025-08-01 10:38:40 AM,8996.0,11,98956.0,463772878.0
2025-08-01 10:38:42 AM,9001.5,0,0.0,463772878.0
2025-08-01 10:38:42 AM,9001.5,1,9001.5,463781879.5
2025-08-01 10:38:45 AM,9001.5,3,27004.5,463808884.0
2025-08-01 10:38:48 AM,9000.5,0,0.0,463808884.0
2025-08-01 10:38:48 AM,9000.5,20,180010.0,463988894.0
2025-08-01 10:38:51 AM,8996.0,0,0.0,463988894.0
2025-08-01 10:38:54 AM,8995.0,21,188895.0,464177789.0
2025-08-01 10:39:02 AM,9000.0,24,216000.0,464393789.0
2025-08-01 10:39:03 AM,8995.0,0,0.0,464393789.0
2025-08-01 10:39:04 AM,8995.0,3,26985.0,464420774.0
2025-08-01 10:39:07 AM,8995.0,2,17990.0,464438764.0
2025-08-01 10:39:09 AM,8991.0,0,0.0,464438764.0
2025-08-01 10:39:10 AM,8991.0,2,17982.0,464456746.0
2025-08-01 10:39:19 AM,8990.0,101,907990.0,465364736.0
2025-08-01 10:39:21 AM,8995.5,0,0.0,465364736.0
2025-08-01 10:39:21 AM,8995.5,54,485757.0,465850493.0
2025-08-01 10:39:24 AM,8990.0,0,0.0,465850493.0
2025-08-01 10:39:24 AM,8990.0,2,17980.0,465868473.0
2025-08-01 10:39:27 AM,8990.0,15,134850.0,466003323.0
2025-08-01 10:39:38 AM,8990.0,2,17980.0,466021303.0
2025-08-01 10:39:41 AM,8990.0,60,539400.0,466560703.0
2025-08-01 10:39:42 AM,8990.5,0,0.0,466560703.0
2025-08-01 10:39:43 AM,8990.0,0,0.0,466560703.0
2025-08-01 10:39:44 AM,8990.0,16,143840.0,466704543.0
2025-08-01 10:39:58 AM,8990.0,1,8990.0,466713533.0
2025-08-01 10:40:00 AM,8990.5,0,0.0,466713533.0
2025-08-01 10:40:00 AM,8990.5,1,8990.5,466722523.5
2025-08-01 10:40:03 AM,8990.0,1,8990.0,466731513.5
2025-08-01 10:40:08 AM,8990.0,3,26970.0,466758483.5
2025-08-01 10:40:11 AM,8985.0,37,332445.0,467090928.5
2025-08-01 10:40:13 AM,8990.0,0,0.0,467090928.5
2025-08-01 10:40:14 AM,8990.0,2,17980.0,467108908.5
2025-08-01 10:40:16 AM,8987.5,0,0.0,467108908.5
2025-08-01 10:40:17 AM,8987.5,33,296587.5,467405496.0
2025-08-01 10:40:20 AM,8987.5,1,8987.5,467414483.5
2025-08-01 10:40:25 AM,8986.0,1,8986.0,467423469.5
2025-08-01 10:40:28 AM,8987.5,0,0.0,467423469.5
2025-08-01 10:40:28 AM,8987.5,3,26962.5,467450432.0
2025-08-01 10:40:31 AM,8987.5,1,8987.5,467459419.5
2025-08-01 10:40:34 AM,8987.5,5,44937.5,467504357.0
2025-08-01 10:40:36 AM,8990.0,55,494450.0,467998807.0
2025-08-01 10:40:39 AM,8990.0,25,224750.0,468223557.0
2025-08-01 10:40:42 AM,8987.0,0,0.0,468223557.0
2025-08-01 10:40:42 AM,8996.0,0,0.0,468223557.0
2025-08-01 10:40:42 AM,8996.0,51,458796.0,468682353.0
2025-08-01 10:40:49 AM,8988.5,0,0.0,468682353.0
2025-08-01 10:40:50 AM,8988.5,1,8988.5,468691341.5
2025-08-01 10:40:53 AM,8990.0,0,0.0,468691341.5
2025-08-01 10:40:53 AM,8990.0,1,8990.0,468700331.5
2025-08-01 10:40:55 AM,8995.0,10,89950.0,468790281.5
2025-08-01 10:40:57 AM,8994.5,0,0.0,468790281.5
2025-08-01 10:40:58 AM,8990.0,0,0.0,468790281.5
2025-08-01 10:40:59 AM,8990.0,16,143840.0,468934121.5
2025-08-01 10:41:04 AM,8985.0,0,0.0,468934121.5
2025-08-01 10:41:04 AM,8985.0,55,494175.0,469428296.5
2025-08-01 10:41:06 AM,8989.5,0,0.0,469428296.5
2025-08-01 10:41:06 AM,8989.5,1,8989.5,469437286.0
2025-08-01 10:41:08 AM,8989.0,0,0.0,469437286.0
2025-08-01 10:41:10 AM,8989.5,0,0.0,469437286.0
2025-08-01 10:41:10 AM,8989.5,6,53937.0,469491223.0
2025-08-01 10:41:12 AM,8986.0,0,0.0,469491223.0
2025-08-01 10:41:12 AM,8986.0,1,8986.0,469500209.0
2025-08-01 10:41:15 AM,8989.0,0,0.0,469500209.0
2025-08-01 10:41:15 AM,8989.0,3,26967.0,469527176.0
2025-08-01 10:41:27 AM,8986.0,0,0.0,469527176.0
2025-08-01 10:41:27 AM,8986.0,6,53916.0,469581092.0
2025-08-01 10:41:28 AM,8986.0,1,8986.0,469590078.0
2025-08-01 10:41:30 AM,8989.0,0,0.0,469590078.0
2025-08-01 10:41:33 AM,8989.0,7,62923.0,469653001.0
2025-08-01 10:41:34 AM,8986.0,1,8986.0,469661987.0
2025-08-01 10:41:38 AM,8989.0,0,0.0,469661987.0
2025-08-01 10:41:38 AM,8989.0,1,8989.0,469670976.0
2025-08-01 10:41:40 AM,8989.0,1,8989.0,469679965.0
2025-08-01 10:41:44 AM,8986.0,0,0.0,469679965.0
2025-08-01 10:41:44 AM,8986.0,23,206678.0,469886643.0
2025-08-01 10:41:45 AM,8989.0,11,98879.0,469985522.0
2025-08-01 10:41:49 AM,8989.0,22,197758.0,470183280.0
2025-08-01 10:41:52 AM,8989.5,0,0.0,470183280.0
2025-08-01 10:41:54 AM,8989.5,4,35958.0,470219238.0
2025-08-01 10:41:59 AM,8989.0,0,0.0,470219238.0
2025-08-01 10:42:00 AM,8989.0,3,26967.0,470246205.0
2025-08-01 10:42:02 AM,8989.5,0,0.0,470246205.0
2025-08-01 10:42:05 AM,8989.5,3,26968.5,470273173.5
2025-08-01 10:42:17 AM,8989.5,1,8989.5,470282163.0
2025-08-01 10:42:18 AM,8990.0,105,943950.0,471226113.0
2025-08-01 10:42:22 AM,8990.0,1,8990.0,471235103.0
2025-08-01 10:42:32 AM,8990.5,0,0.0,471235103.0
2025-08-01 10:42:33 AM,8996.0,0,0.0,471235103.0
2025-08-01 10:42:33 AM,8996.0,9,80964.0,471316067.0
2025-08-01 10:42:39 AM,8996.0,5,44980.0,471361047.0
2025-08-01 10:42:44 AM,8990.5,1,8990.5,471370037.5
2025-08-01 10:42:47 AM,8990.0,1,8990.0,471379027.5
2025-08-01 10:42:52 AM,8990.0,1,8990.0,471388017.5
2025-08-01 10:42:54 AM,8996.0,0,0.0,471388017.5
2025-08-01 10:42:55 AM,8996.0,5,44980.0,471432997.5
2025-08-01 10:42:58 AM,8996.0,7,62972.0,471495969.5
2025-08-01 10:43:03 AM,8991.0,0,0.0,471495969.5
2025-08-01 10:43:03 AM,8991.0,1,8991.0,471504960.5
2025-08-01 10:43:07 AM,8991.0,1,8991.0,471513951.5
2025-08-01 10:43:14 AM,8995.5,6,53973.0,471567924.5
2025-08-01 10:43:17 AM,8989.0,51,458439.0,472026363.5
2025-08-01 10:43:19 AM,8989.0,5,44945.0,472071308.5
2025-08-01 10:43:21 AM,8994.5,0,0.0,472071308.5
2025-08-01 10:43:23 AM,8994.5,60,539670.0,472610978.5
2025-08-01 10:43:30 AM,8984.0,75,673800.0,473284778.5
2025-08-01 10:43:33 AM,8981.0,0,0.0,473284778.5
2025-08-01 10:43:33 AM,8981.0,1,8981.0,473293759.5
2025-08-01 10:43:34 AM,8981.5,0,0.0,473293759.5
2025-08-01 10:43:35 AM,8985.0,0,0.0,473293759.5
2025-08-01 10:43:36 AM,8985.0,4,35940.0,473329699.5
2025-08-01 10:43:41 AM,8984.5,0,0.0,473329699.5
2025-08-01 10:43:41 AM,8984.5,2,17969.0,473347668.5
2025-08-01 10:43:44 AM,8980.0,0,0.0,473347668.5
2025-08-01 10:43:44 AM,8975.5,138,1238619.0,474586287.5
2025-08-01 10:43:46 AM,8975.5,1,8975.5,474595263.0
2025-08-01 10:43:49 AM,8975.0,1,8975.0,474604238.0
2025-08-01 10:43:51 AM,8969.0,0,0.0,474604238.0
2025-08-01 10:43:51 AM,8968.0,504,4519872.0,479124110.0
2025-08-01 10:43:53 AM,8969.0,0,0.0,479124110.0
2025-08-01 10:43:54 AM,8969.5,0,0.0,479124110.0
2025-08-01 10:43:54 AM,8975.0,52,466700.0,479590810.0
2025-08-01 10:43:56 AM,8971.5,0,0.0,479590810.0
2025-08-01 10:43:57 AM,8971.5,102,915093.0,480505903.0
2025-08-01 10:44:00 AM,8975.5,0,0.0,480505903.0
2025-08-01 10:44:01 AM,8976.5,44,394966.0,480900869.0
2025-08-01 10:44:03 AM,8985.5,0,0.0,480900869.0
2025-08-01 10:44:04 AM,8980.0,0,0.0,480900869.0
2025-08-01 10:44:04 AM,8980.5,0,0.0,480900869.0
2025-08-01 10:44:07 AM,8980.5,28,251454.0,481152323.0
2025-08-01 10:44:15 AM,8975.5,1,8975.5,481161298.5
2025-08-01 10:44:16 AM,8978.0,0,0.0,481161298.5
2025-08-01 10:44:18 AM,8976.0,0,0.0,481161298.5
2025-08-01 10:44:18 AM,8976.0,10,89760.0,481251058.5
2025-08-01 10:44:20 AM,8975.5,0,0.0,481251058.5
2025-08-01 10:44:21 AM,8975.5,1,8975.5,481260034.0
2025-08-01 10:44:27 AM,8980.0,25,224500.0,481484534.0
2025-08-01 10:44:33 AM,8975.0,0,0.0,481484534.0
2025-08-01 10:44:34 AM,8975.0,1,8975.0,481493509.0
2025-08-01 10:44:36 AM,8980.0,0,0.0,481493509.0
2025-08-01 10:44:37 AM,8986.0,144,1293984.0,482787493.0
2025-08-01 10:44:39 AM,8977.0,0,0.0,482787493.0
2025-08-01 10:44:40 AM,8977.0,2,17954.0,482805447.0
2025-08-01 10:44:42 AM,8980.0,0,0.0,482805447.0
2025-08-01 10:44:43 AM,8980.0,39,350220.0,483155667.0
2025-08-01 10:44:51 AM,8978.5,11,98763.5,483254430.5
2025-08-01 10:44:56 AM,8978.5,37,332204.5,483586635.0
2025-08-01 10:44:57 AM,8986.0,0,0.0,483586635.0
2025-08-01 10:44:58 AM,8986.5,0,0.0,483586635.0
2025-08-01 10:44:59 AM,8986.5,103,925609.5,484512244.5
2025-08-01 10:45:01 AM,8978.5,1,8978.5,484521223.0
2025-08-01 10:45:10 AM,8985.0,3,26955.0,484548178.0
2025-08-01 10:45:13 AM,8985.0,4,35940.0,484584118.0
2025-08-01 10:45:14 AM,8978.5,0,0.0,484584118.0
2025-08-01 10:45:15 AM,8984.0,25,224600.0,484808718.0
2025-08-01 10:45:25 AM,8979.0,0,0.0,484808718.0
2025-08-01 10:45:26 AM,8979.0,1,8979.0,484817697.0
2025-08-01 10:45:29 AM,8979.0,1,8979.0,484826676.0
2025-08-01 10:45:40 AM,8979.0,1,8979.0,484835655.0
2025-08-01 10:45:43 AM,8982.5,0,0.0,484835655.0
2025-08-01 10:45:45 AM,8982.0,0,0.0,484835655.0
2025-08-01 10:45:45 AM,8982.0,11,98802.0,484934457.0
2025-08-01 10:45:46 AM,8983.5,0,0.0,484934457.0
2025-08-01 10:45:48 AM,8982.5,56,503020.0,485437477.0
2025-08-01 10:45:49 AM,8984.0,0,0.0,485437477.0
2025-08-01 10:45:50 AM,8984.0,9,80856.0,485518333.0
2025-08-01 10:45:53 AM,8993.5,0,0.0,485518333.0
2025-08-01 10:45:53 AM,8993.5,33,296785.5,485815118.5
2025-08-01 10:46:05 AM,8993.0,0,0.0,485815118.5
2025-08-01 10:46:06 AM,8993.0,1,8993.0,485824111.5
2025-08-01 10:46:10 AM,8981.5,2,17963.0,485842074.5
2025-08-01 10:46:20 AM,8982.0,0,0.0,485842074.5
2025-08-01 10:46:22 AM,8987.0,6,53922.0,485895996.5
2025-08-01 10:46:24 AM,8981.5,0,0.0,485895996.5
2025-08-01 10:46:24 AM,8981.5,1,8981.5,485904978.0
2025-08-01 10:46:33 AM,8982.0,1,8982.0,485913960.0
2025-08-01 10:46:39 AM,8980.5,0,0.0,485913960.0
2025-08-01 10:46:39 AM,8980.5,5,44902.5,485958862.5
2025-08-01 10:46:54 AM,8987.0,0,0.0,485958862.5
2025-08-01 10:46:55 AM,8982.5,0,0.0,485958862.5
2025-08-01 10:46:55 AM,8982.5,4,35930.0,485994792.5
2025-08-01 10:46:56 AM,8982.5,1,8982.5,486003775.0
2025-08-01 10:47:05 AM,8986.5,0,0.0,486003775.0
2025-08-01 10:47:06 AM,8986.5,25,224662.5,486228437.5
2025-08-01 10:47:09 AM,8986.0,0,0.0,486228437.5
2025-08-01 10:47:11 AM,8982.5,4,35930.0,486264367.5
2025-08-01 10:47:14 AM,8976.0,0,0.0,486264367.5
2025-08-01 10:47:17 AM,8976.0,128,1148928.0,487413295.5
2025-08-01 10:47:21 AM,8974.0,0,0.0,487413295.5
2025-08-01 10:47:22 AM,8972.0,28,251216.0,487664511.5
2025-08-01 10:47:28 AM,8974.0,0,0.0,487664511.5
2025-08-01 10:47:29 AM,8974.0,1,8974.0,487673485.5
2025-08-01 10:47:36 AM,8982.0,0,0.0,487673485.5
2025-08-01 10:47:38 AM,8982.0,2,17964.0,487691449.5
2025-08-01 10:47:44 AM,8982.0,1,8982.0,487700431.5
2025-08-01 10:47:46 AM,8989.5,3,26968.5,487727400.0
2025-08-01 10:47:47 AM,8985.0,0,0.0,487727400.0
2025-08-01 10:47:51 AM,8985.0,5,44925.0,487772325.0
2025-08-01 10:47:58 AM,8982.0,0,0.0,487772325.0
2025-08-01 10:48:00 AM,8982.0,2,17964.0,487790289.0
2025-08-01 10:48:01 AM,8987.0,0,0.0,487790289.0
2025-08-01 10:48:02 AM,8987.0,86,772882.0,488563171.0
2025-08-01 10:48:04 AM,8980.5,0,0.0,488563171.0
2025-08-01 10:48:05 AM,8980.5,2,17961.0,488581132.0
2025-08-01 10:48:11 AM,8980.0,0,0.0,488581132.0
2025-08-01 10:48:13 AM,8980.0,20,179600.0,488760732.0
2025-08-01 10:48:14 AM,8982.5,0,0.0,488760732.0
2025-08-01 10:48:16 AM,8982.5,1,8982.5,488769714.5
2025-08-01 10:48:18 AM,8985.0,0,0.0,488769714.5
2025-08-01 10:48:18 AM,8985.0,20,179700.0,488949414.5
2025-08-01 10:48:26 AM,8977.5,0,0.0,488949414.5
2025-08-01 10:48:27 AM,8977.5,89,798997.5,489748412.0
2025-08-01 10:48:29 AM,8977.5,1,8977.5,489757389.5
2025-08-01 10:48:30 AM,8977.0,0,0.0,489757389.5
2025-08-01 10:48:32 AM,8977.0,22,197494.0,489954883.5
2025-08-01 10:48:34 AM,8980.5,0,0.0,489954883.5
2025-08-01 10:48:34 AM,8980.5,2,17961.0,489972844.5
2025-08-01 10:48:39 AM,8983.5,0,0.0,489972844.5
2025-08-01 10:48:40 AM,8983.5,13,116785.5,490089630.0
2025-08-01 10:48:41 AM,8974.0,0,0.0,490089630.0
2025-08-01 10:48:43 AM,8974.0,199,1785826.0,491875456.0
2025-08-01 10:48:49 AM,8986.5,20,179730.0,492055186.0
2025-08-01 10:48:52 AM,8982.5,0,0.0,492055186.0
2025-08-01 10:48:54 AM,8982.5,6,53895.0,492109081.0
2025-08-01 10:48:56 AM,8982.5,12,107790.0,492216871.0
2025-08-01 10:48:59 AM,8976.5,0,0.0,492216871.0
2025-08-01 10:49:00 AM,8976.5,100,897650.0,493114521.0
2025-08-01 10:49:02 AM,8978.0,0,0.0,493114521.0
2025-08-01 10:49:05 AM,8978.0,13,116714.0,493231235.0
2025-08-01 10:49:08 AM,8983.5,0,0.0,493231235.0
2025-08-01 10:49:11 AM,8983.5,25,224587.5,493455822.5
2025-08-01 10:49:13 AM,8977.0,0,0.0,493455822.5
2025-08-01 10:49:15 AM,8978.0,0,0.0,493455822.5
2025-08-01 10:49:16 AM,8978.0,4,35912.0,493491734.5
2025-08-01 10:49:37 AM,8978.0,44,395032.0,493886766.5
2025-08-01 10:49:47 AM,8981.5,0,0.0,493886766.5
2025-08-01 10:49:48 AM,8981.5,10,89815.0,493976581.5
2025-08-01 10:50:01 AM,8978.0,0,0.0,493976581.5
2025-08-01 10:50:04 AM,8981.0,2,17962.0,493994543.5
2025-08-01 10:50:09 AM,8978.0,0,0.0,493994543.5
2025-08-01 10:50:10 AM,8981.0,13,116753.0,494111296.5
2025-08-01 10:50:19 AM,8981.5,0,0.0,494111296.5
2025-08-01 10:50:20 AM,8986.0,0,0.0,494111296.5
2025-08-01 10:50:21 AM,8986.0,69,620034.0,494731330.5
2025-08-01 10:50:24 AM,8981.0,0,0.0,494731330.5
2025-08-01 10:50:27 AM,8981.0,1,8981.0,494740311.5
2025-08-01 10:50:27 AM,8986.0,0,0.0,494740311.5
2025-08-01 10:50:28 AM,8986.0,5,44930.0,494785241.5
2025-08-01 10:50:29 AM,8981.0,0,0.0,494785241.5
2025-08-01 10:50:30 AM,8983.5,0,0.0,494785241.5
2025-08-01 10:50:32 AM,8974.0,0,0.0,494785241.5
2025-08-01 10:50:33 AM,8974.0,966,8668884.0,503454125.5
2025-08-01 10:50:34 AM,8972.0,0,0.0,503454125.5
2025-08-01 10:50:38 AM,8972.0,180,1614960.0,505069085.5
2025-08-01 10:50:41 AM,8971.5,0,0.0,505069085.5
2025-08-01 10:50:43 AM,8974.5,181,1624384.5,506693470.0
2025-08-01 10:50:46 AM,8970.0,0,0.0,506693470.0
2025-08-01 10:50:49 AM,8970.0,5,44850.0,506738320.0
2025-08-01 10:50:51 AM,8973.0,0,0.0,506738320.0
2025-08-01 10:50:55 AM,8973.0,1,8973.0,506747293.0
2025-08-01 10:50:56 AM,8973.0,7,62811.0,506810104.0
2025-08-01 10:50:57 AM,8970.0,0,0.0,506810104.0
2025-08-01 10:51:01 AM,8970.0,142,1273740.0,508083844.0
2025-08-01 10:51:03 AM,8971.0,0,0.0,508083844.0
2025-08-01 10:51:06 AM,8970.0,0,0.0,508083844.0
2025-08-01 10:51:06 AM,8970.0,11,98670.0,508182514.0
2025-08-01 10:51:09 AM,8971.0,0,0.0,508182514.0
2025-08-01 10:51:11 AM,8970.0,0,0.0,508182514.0
2025-08-01 10:51:12 AM,8970.0,35,313950.0,508496464.0
2025-08-01 10:51:13 AM,8970.5,0,0.0,508496464.0
2025-08-01 10:51:17 AM,8970.0,0,0.0,508496464.0
2025-08-01 10:51:18 AM,8973.0,0,0.0,508496464.0
2025-08-01 10:51:18 AM,8973.0,80,717840.0,509214304.0
2025-08-01 10:51:21 AM,8970.5,0,0.0,509214304.0
2025-08-01 10:51:23 AM,8970.5,24,215292.0,509429596.0
2025-08-01 10:51:24 AM,8977.0,0,0.0,509429596.0
2025-08-01 10:51:28 AM,8977.0,10,89770.0,509519366.0
2025-08-01 10:51:34 AM,8977.0,24,215448.0,509734814.0
2025-08-01 10:51:34 AM,8979.5,0,0.0,509734814.0
2025-08-01 10:51:36 AM,8981.0,0,0.0,509734814.0
2025-08-01 10:51:39 AM,8981.0,23,206563.0,509941377.0
2025-08-01 10:51:44 AM,8977.5,0,0.0,509941377.0
2025-08-01 10:51:45 AM,8982.5,7,62877.5,510004254.5
2025-08-01 10:51:50 AM,8977.5,0,0.0,510004254.5
2025-08-01 10:51:50 AM,8977.5,3,26932.5,510031187.0
2025-08-01 10:51:56 AM,8977.5,1,8977.5,510040164.5
2025-08-01 10:52:01 AM,8977.5,10,89775.0,510129939.5
2025-08-01 10:52:02 AM,8977.0,0,0.0,510129939.5
2025-08-01 10:52:04 AM,8980.0,0,0.0,510129939.5
2025-08-01 10:52:05 AM,8978.5,0,0.0,510129939.5
2025-08-01 10:52:06 AM,8972.0,0,0.0,510129939.5
2025-08-01 10:52:06 AM,8972.0,46,412712.0,510542651.5
2025-08-01 10:52:07 AM,8978.0,1,8978.0,510551629.5
2025-08-01 10:52:11 AM,8982.0,18,161676.0,510713305.5
2025-08-01 10:52:12 AM,8983.0,1,8983.0,510722288.5
2025-08-01 10:52:20 AM,8975.0,0,0.0,510722288.5
2025-08-01 10:52:20 AM,8974.0,0,0.0,510722288.5
2025-08-01 10:52:23 AM,8974.0,4,35896.0,510758184.5
2025-08-01 10:52:23 AM,8979.0,1,8979.0,510767163.5
2025-08-01 10:52:29 AM,8979.0,10,89790.0,510856953.5
2025-08-01 10:52:32 AM,8983.5,0,0.0,510856953.5
2025-08-01 10:52:33 AM,8983.5,100,898350.0,511755303.5
2025-08-01 10:52:36 AM,8982.5,0,0.0,511755303.5
2025-08-01 10:52:38 AM,8982.5,1,8982.5,511764286.0
2025-08-01 10:52:42 AM,8979.0,0,0.0,511764286.0
2025-08-01 10:52:44 AM,8980.0,0,0.0,511764286.0
2025-08-01 10:52:44 AM,8980.0,101,906980.0,512671266.0
2025-08-01 10:52:49 AM,8980.0,6,53880.0,512725146.0
2025-08-01 10:52:55 AM,8979.0,1,8979.0,512734125.0
2025-08-01 10:52:56 AM,8980.0,0,0.0,512734125.0
2025-08-01 10:53:00 AM,8980.0,9,80820.0,512814945.0
2025-08-01 10:53:01 AM,8980.0,61,547780.0,513362725.0
2025-08-01 10:53:04 AM,8982.0,0,0.0,513362725.0
2025-08-01 10:53:05 AM,8979.0,2,17958.0,513380683.0
2025-08-01 10:53:27 AM,8978.0,1,8978.0,513389661.0
2025-08-01 10:53:52 AM,8980.0,0,0.0,513389661.0
2025-08-01 10:53:53 AM,8980.0,1,8980.0,513398641.0
2025-08-01 10:53:54 AM,8980.0,1,8980.0,513407621.0
2025-08-01 10:53:56 AM,8982.0,0,0.0,513407621.0
2025-08-01 10:53:58 AM,8981.5,0,0.0,513407621.0
2025-08-01 10:53:58 AM,8981.5,6,53889.0,513461510.0
2025-08-01 10:54:03 AM,8982.0,8,71856.0,513533366.0
2025-08-01 10:54:04 AM,8982.0,4,35928.0,513569294.0
2025-08-01 10:54:09 AM,8982.0,65,583830.0,514153124.0
2025-08-01 10:54:10 AM,8982.0,44,395208.0,514548332.0
2025-08-01 10:54:14 AM,8981.5,0,0.0,514548332.0
2025-08-01 10:54:15 AM,8981.5,1,8981.5,514557313.5
2025-08-01 10:54:17 AM,8985.0,0,0.0,514557313.5
2025-08-01 10:54:20 AM,8985.0,1,8985.0,514566298.5
2025-08-01 10:54:22 AM,8984.5,0,0.0,514566298.5
2025-08-01 10:54:24 AM,8992.5,0,0.0,514566298.5
2025-08-01 10:54:25 AM,8992.5,65,584512.5,515150811.0
2025-08-01 10:54:30 AM,8993.0,0,0.0,515150811.0
2025-08-01 10:54:30 AM,8993.0,10,89930.0,515240741.0
2025-08-01 10:54:32 AM,8992.0,0,0.0,515240741.0
2025-08-01 10:54:36 AM,8992.0,13,116896.0,515357637.0
2025-08-01 10:54:36 AM,8986.0,1,8986.0,515366623.0
2025-08-01 10:54:41 AM,8992.0,0,0.0,515366623.0
2025-08-01 10:54:41 AM,8992.0,11,98912.0,515465535.0
2025-08-01 10:54:45 AM,8991.5,0,0.0,515465535.0
2025-08-01 10:54:46 AM,8991.5,1,8991.5,515474526.5
2025-08-01 10:54:47 AM,8986.0,36,323496.0,515798022.5
2025-08-01 10:54:48 AM,8991.5,0,0.0,515798022.5
2025-08-01 10:54:50 AM,8985.5,0,0.0,515798022.5
2025-08-01 10:54:52 AM,8985.5,3,26956.5,515824979.0
2025-08-01 10:54:56 AM,8991.5,0,0.0,515824979.0
2025-08-01 10:54:57 AM,8991.5,1,8991.5,515833970.5
2025-08-01 10:55:06 AM,8991.0,0,0.0,515833970.5
2025-08-01 10:55:07 AM,8991.0,2,17982.0,515851952.5
2025-08-01 10:55:08 AM,8991.5,10,89915.0,515941867.5
2025-08-01 10:55:12 AM,8992.0,26,233792.0,516175659.5
2025-08-01 10:55:20 AM,8991.0,0,0.0,516175659.5
2025-08-01 10:55:23 AM,8991.0,2,17982.0,516193641.5
2025-08-01 10:55:26 AM,8986.0,0,0.0,516193641.5
2025-08-01 10:55:29 AM,8986.0,2,17972.0,516211613.5
2025-08-01 10:55:32 AM,8985.0,0,0.0,516211613.5
2025-08-01 10:55:35 AM,8985.0,15,134775.0,516346388.5
2025-08-01 10:56:04 AM,8981.5,0,0.0,516346388.5
2025-08-01 10:56:06 AM,8981.5,7,62870.5,516409259.0
2025-08-01 10:56:11 AM,8985.0,1,8985.0,516418244.0
2025-08-01 10:56:17 AM,8985.0,1,8985.0,516427229.0
2025-08-01 10:56:26 AM,8980.0,0,0.0,516427229.0
2025-08-01 10:56:27 AM,8980.0,34,305320.0,516732549.0
2025-08-01 10:56:33 AM,8980.0,10,89800.0,516822349.0
2025-08-01 10:56:38 AM,8980.0,4,35920.0,516858269.0
2025-08-01 10:56:49 AM,8980.0,52,466960.0,517325229.0
2025-08-01 10:56:50 AM,8980.0,2,17960.0,517343189.0
2025-08-01 10:57:03 AM,8978.0,0,0.0,517343189.0
2025-08-01 10:57:04 AM,8978.0,5,44890.0,517388079.0
2025-08-01 10:57:10 AM,8977.5,1,8977.5,517397056.5
2025-08-01 10:57:24 AM,8984.5,0,0.0,517397056.5
2025-08-01 10:57:25 AM,8984.5,12,107814.0,517504870.5
2025-08-01 10:57:40 AM,8978.0,0,0.0,517504870.5
2025-08-01 10:57:41 AM,8978.0,1,8978.0,517513848.5
2025-08-01 10:57:57 AM,8984.5,2,17969.0,517531817.5
2025-08-01 10:58:00 AM,8983.0,0,0.0,517531817.5
2025-08-01 10:58:03 AM,8983.0,5,44915.0,517576732.5
2025-08-01 10:58:12 AM,8982.0,0,0.0,517576732.5
2025-08-01 10:58:13 AM,8982.0,12,107784.0,517684516.5
2025-08-01 10:58:16 AM,8982.5,0,0.0,517684516.5
2025-08-01 10:58:18 AM,8982.5,3,26947.5,517711464.0
2025-08-01 10:58:26 AM,8977.5,0,0.0,517711464.0
2025-08-01 10:58:30 AM,8975.0,0,0.0,517711464.0
2025-08-01 10:58:30 AM,8975.0,55,493625.0,518205089.0
2025-08-01 10:58:34 AM,8979.5,0,0.0,518205089.0
2025-08-01 10:58:35 AM,8979.5,8,71836.0,518276925.0
2025-08-01 10:58:38 AM,8975.0,0,0.0,518276925.0
2025-08-01 10:58:41 AM,8975.0,2,17950.0,518294875.0
2025-08-01 10:58:52 AM,8975.0,1,8975.0,518303850.0
2025-08-01 10:58:57 AM,8975.0,2,17950.0,518321800.0
2025-08-01 10:59:02 AM,8975.0,25,224375.0,518546175.0
2025-08-01 10:59:03 AM,8975.0,24,215400.0,518761575.0
2025-08-01 10:59:07 AM,8975.0,45,403875.0,519165450.0
2025-08-01 10:59:22 AM,8976.5,0,0.0,519165450.0
2025-08-01 10:59:22 AM,8976.5,1,8976.5,519174426.5
2025-08-01 10:59:27 AM,8976.5,1,8976.5,519183403.0
2025-08-01 10:59:30 AM,8975.0,0,0.0,519183403.0
2025-08-01 10:59:32 AM,8976.5,3,26929.5,519210332.5
2025-08-01 10:59:34 AM,8970.5,0,0.0,519210332.5
2025-08-01 10:59:38 AM,8976.0,203,1822128.0,521032460.5
2025-08-01 10:59:49 AM,8970.0,100,897000.0,521929460.5
2025-08-01 10:59:58 AM,8955.0,0,0.0,521929460.5
2025-08-01 11:00:00 AM,8955.0,702,6286410.0,528215870.5
2025-08-01 11:00:03 AM,8956.0,0,0.0,528215870.5
2025-08-01 11:00:06 AM,8952.0,61,546072.0,528761942.5
2025-08-01 11:00:08 AM,8957.0,0,0.0,528761942.5
2025-08-01 11:00:12 AM,8957.0,100,895700.0,529657642.5
2025-08-01 11:00:20 AM,8950.0,0,0.0,529657642.5
2025-08-01 11:00:21 AM,8955.5,0,0.0,529657642.5
2025-08-01 11:00:23 AM,8950.0,0,0.0,529657642.5
