date,price,qty,trnvr,cum_trnvr
2025-08-01 09:15:08 AM,2099.7,5479,11504256.299999999,11504256.299999999
2025-08-01 09:15:10 AM,2101.9,1943,4083991.7,15588248.0
2025-08-01 09:15:15 AM,2106.8,0,0.0,15588248.0
2025-08-01 09:15:19 AM,2106.8,2166,4563328.800000001,20151576.8
2025-08-01 09:15:21 AM,2105.1,1540,3241854.0,23393430.8
2025-08-01 09:15:24 AM,2108.1,0,0.0,23393430.8
2025-08-01 09:15:28 AM,2108.1,458,965509.7999999999,24358940.6
2025-08-01 09:15:30 AM,2107.2,633,1333857.5999999999,25692798.200000003
2025-08-01 09:15:30 AM,2105.7,0,0.0,25692798.200000003
2025-08-01 09:15:36 AM,2106.8,0,0.0,25692798.200000003
2025-08-01 09:15:37 AM,2106.8,555,1169274.0,26862072.200000003
2025-08-01 09:15:38 AM,2106.7,273,575129.1,27437201.300000004
2025-08-01 09:15:40 AM,2107.6,0,0.0,27437201.300000004
2025-08-01 09:15:45 AM,2107.6,500,1053800.0,28491001.300000004
2025-08-01 09:15:49 AM,2106.1,0,0.0,28491001.300000004
2025-08-01 09:15:51 AM,2106.8,0,0.0,28491001.300000004
2025-08-01 09:15:53 AM,2106.8,242,509845.60000000003,29000846.900000006
2025-08-01 09:15:55 AM,2105.5,16,33688.0,29034534.900000006
2025-08-01 09:15:57 AM,2107.8,0,0.0,29034534.900000006
2025-08-01 09:16:01 AM,2106.1,708,1491118.8,30525653.700000007
2025-08-01 09:16:03 AM,2105.5,1086,2286573.0,32812226.700000007
2025-08-01 09:16:06 AM,2106.1,0,0.0,32812226.700000007
2025-08-01 09:16:09 AM,2106.9,232,488800.80000000005,33301027.500000007
2025-08-01 09:16:10 AM,2106.1,0,0.0,33301027.500000007
2025-08-01 09:16:11 AM,2107.0,180,379260.0,33680287.50000001
2025-08-01 09:16:13 AM,2106.0,0,0.0,33680287.50000001
2025-08-01 09:16:18 AM,2104.8,469,987151.2000000001,34667438.70000001
2025-08-01 09:16:19 AM,2106.4,556,1171158.4000000001,35838597.10000001
2025-08-01 09:16:21 AM,2106.7,0,0.0,35838597.10000001
2025-08-01 09:16:24 AM,2106.4,0,0.0,35838597.10000001
2025-08-01 09:16:26 AM,2106.4,681,1434458.4000000001,37273055.50000001
2025-08-01 09:16:27 AM,2105.5,129,271609.5,37544665.00000001
2025-08-01 09:16:31 AM,2106.4,0,0.0,37544665.00000001
2025-08-01 09:16:33 AM,2107.6,0,0.0,37544665.00000001
2025-08-01 09:16:34 AM,2107.6,5303,11176602.799999999,48721267.800000004
2025-08-01 09:16:36 AM,2106.6,898,1891726.7999999998,50612994.6
2025-08-01 09:16:41 AM,2108.0,0,0.0,50612994.6
2025-08-01 09:16:42 AM,2108.1,53,111729.29999999999,50724723.9
2025-08-01 09:16:43 AM,2106.8,0,0.0,50724723.9
2025-08-01 09:16:44 AM,2106.8,80,168544.0,50893267.9
2025-08-01 09:16:51 AM,2108.2,189,398449.8,51291717.699999996
2025-08-01 09:16:52 AM,2107.1,46,96926.59999999999,51388644.3
2025-08-01 09:16:53 AM,2108.2,0,0.0,51388644.3
2025-08-01 09:16:59 AM,2106.0,418,880308.0,52268952.3
2025-08-01 09:17:00 AM,2104.1,0,0.0,52268952.3
2025-08-01 09:17:01 AM,2104.1,131,275637.1,52544589.4
2025-08-01 09:17:02 AM,2104.0,12,25248.0,52569837.4
2025-08-01 09:17:02 AM,2105.3,0,0.0,52569837.4
2025-08-01 09:17:02 AM,2105.3,10,21053.0,52590890.4
2025-08-01 09:17:03 AM,2103.5,19,39966.5,52630856.9
2025-08-01 09:17:04 AM,2104.4,0,0.0,52630856.9
2025-08-01 09:17:05 AM,2104.4,1,2104.4,52632961.3
2025-08-01 09:17:06 AM,2103.5,4,8414.0,52641375.3
2025-08-01 09:17:07 AM,2105.0,75,157875.0,52799250.3
2025-08-01 09:17:07 AM,2104.9,0,0.0,52799250.3
2025-08-01 09:17:08 AM,2104.8,24,50515.200000000004,52849765.5
2025-08-01 09:17:08 AM,2105.9,0,0.0,52849765.5
2025-08-01 09:17:09 AM,2105.9,80,168472.0,53018237.5
2025-08-01 09:17:10 AM,2106.0,10,21060.0,53039297.5
2025-08-01 09:17:11 AM,2107.1,0,0.0,53039297.5
2025-08-01 09:17:12 AM,2107.1,206,434062.6,53473360.1
2025-08-01 09:17:13 AM,2106.8,18,37922.4,53511282.5
2025-08-01 09:17:14 AM,2106.3,11,23169.300000000003,53534451.8
2025-08-01 09:17:14 AM,2106.0,0,0.0,53534451.8
2025-08-01 09:17:14 AM,2106.0,86,181116.0,53715567.8
2025-08-01 09:17:15 AM,2106.0,10,21060.0,53736627.8
2025-08-01 09:17:15 AM,2105.4,0,0.0,53736627.8
2025-08-01 09:17:16 AM,2105.4,15,31581.0,53768208.8
2025-08-01 09:17:16 AM,2105.9,200,421180.0,54189388.8
2025-08-01 09:17:17 AM,2103.7,40,84148.0,54273536.8
2025-08-01 09:17:17 AM,2105.5,100,210550.0,54484086.8
2025-08-01 09:17:18 AM,2103.4,0,0.0,54484086.8
2025-08-01 09:17:18 AM,2103.4,36,75722.40000000001,54559809.199999996
2025-08-01 09:17:19 AM,2103.2,0,0.0,54559809.199999996
2025-08-01 09:17:20 AM,2103.2,10,21032.0,54580841.199999996
2025-08-01 09:17:21 AM,2103.2,4,8412.8,54589253.99999999
2025-08-01 09:17:22 AM,2103.5,20,42070.0,54631323.99999999
2025-08-01 09:17:22 AM,2104.3,0,0.0,54631323.99999999
2025-08-01 09:17:23 AM,2104.3,10,21043.0,54652366.99999999
2025-08-01 09:17:24 AM,2103.3,3,6309.900000000001,54658676.89999999
2025-08-01 09:17:24 AM,2105.0,500,1052500.0,55711176.89999999
2025-08-01 09:17:24 AM,2103.5,0,0.0,55711176.89999999
2025-08-01 09:17:25 AM,2103.3,154,323908.2,56035085.099999994
2025-08-01 09:17:26 AM,2103.3,225,473242.50000000006,56508327.599999994
2025-08-01 09:17:26 AM,2103.3,48,100958.40000000001,56609285.99999999
2025-08-01 09:17:27 AM,2103.3,28,58892.40000000001,56668178.39999999
2025-08-01 09:17:27 AM,2104.3,0,0.0,56668178.39999999
2025-08-01 09:17:27 AM,2104.3,5,10521.5,56678699.89999999
2025-08-01 09:17:28 AM,2103.2,559,1175688.7999999998,57854388.69999999
2025-08-01 09:17:28 AM,2103.6,0,0.0,57854388.69999999
2025-08-01 09:17:29 AM,2103.6,275,578490.0,58432878.69999999
2025-08-01 09:17:29 AM,2104.3,0,0.0,58432878.69999999
2025-08-01 09:17:29 AM,2104.3,2,4208.6,58437087.29999999
2025-08-01 09:17:30 AM,2103.3,10,21033.0,58458120.29999999
2025-08-01 09:17:31 AM,2103.4,0,0.0,58458120.29999999
2025-08-01 09:17:32 AM,2103.4,96,201926.40000000002,58660046.69999999
2025-08-01 09:17:32 AM,2103.8,70,147266.0,58807312.69999999
2025-08-01 09:17:33 AM,2102.1,16,33633.6,58840946.29999999
2025-08-01 09:17:36 AM,2104.1,0,0.0,58840946.29999999
2025-08-01 09:17:37 AM,2104.1,193,406091.3,59247037.59999999
2025-08-01 09:17:38 AM,2102.1,72,151351.19999999998,59398388.79999999
2025-08-01 09:17:39 AM,2102.3,8,16818.4,59415207.19999999
2025-08-01 09:17:40 AM,2103.1,0,0.0,59415207.19999999
2025-08-01 09:17:40 AM,2103.1,15,31546.5,59446753.69999999
2025-08-01 09:17:41 AM,2103.3,0,0.0,59446753.69999999
2025-08-01 09:17:41 AM,2103.3,100,210330.00000000003,59657083.69999999
2025-08-01 09:17:42 AM,2103.0,0,0.0,59657083.69999999
2025-08-01 09:17:42 AM,2103.0,22,46266.0,59703349.69999999
2025-08-01 09:17:44 AM,2103.2,0,0.0,59703349.69999999
2025-08-01 09:17:45 AM,2103.2,10,21032.0,59724381.69999999
2025-08-01 09:17:47 AM,2103.5,1,2103.5,59726485.19999999
2025-08-01 09:17:51 AM,2103.5,1,2103.5,59728588.69999999
2025-08-01 09:17:52 AM,2103.5,4,8414.0,59737002.69999999
2025-08-01 09:17:53 AM,2103.3,0,0.0,59737002.69999999
2025-08-01 09:17:53 AM,2103.3,2,4206.6,59741209.29999999
2025-08-01 09:17:54 AM,2103.3,88,185090.40000000002,59926299.69999999
2025-08-01 09:17:54 AM,2103.5,0,0.0,59926299.69999999
2025-08-01 09:17:55 AM,2103.5,20,42070.0,59968369.69999999
2025-08-01 09:17:56 AM,2102.4,14,29433.600000000002,59997803.29999999
2025-08-01 09:17:56 AM,2103.4,23,48378.200000000004,60046181.49999999
2025-08-01 09:18:00 AM,2103.6,220,462792.0,60508973.49999999
2025-08-01 09:18:00 AM,2102.8,0,0.0,60508973.49999999
2025-08-01 09:18:00 AM,2102.8,85,178738.00000000003,60687711.49999999
2025-08-01 09:18:01 AM,2103.3,26,54685.8,60742397.29999999
2025-08-01 09:18:02 AM,2104.0,103,216712.0,60959109.29999999
2025-08-01 09:18:02 AM,2103.6,8,16828.8,60975938.09999999
2025-08-01 09:18:03 AM,2103.5,10,21035.0,60996973.09999999
2025-08-01 09:18:04 AM,2104.0,18,37872.0,61034845.09999999
2025-08-01 09:18:04 AM,2104.5,0,0.0,61034845.09999999
2025-08-01 09:18:05 AM,2104.8,126,265204.80000000005,61300049.89999998
2025-08-01 09:18:06 AM,2105.7,72,151610.4,61451660.29999998
2025-08-01 09:18:07 AM,2106.2,0,0.0,61451660.29999998
2025-08-01 09:18:07 AM,2106.2,8,16849.6,61468509.89999998
2025-08-01 09:18:10 AM,2107.9,20,42158.0,61510667.89999998
2025-08-01 09:18:11 AM,2108.4,4,8433.6,61519101.499999985
2025-08-01 09:18:14 AM,2108.4,100,210840.0,61729941.499999985
2025-08-01 09:18:15 AM,2109.0,56,118104.0,61848045.499999985
2025-08-01 09:18:16 AM,2110.0,210,443100.0,62291145.499999985
2025-08-01 09:18:17 AM,2109.9,27,56967.3,62348112.79999998
2025-08-01 09:18:17 AM,2110.0,0,0.0,62348112.79999998
2025-08-01 09:18:18 AM,2109.9,209,440969.10000000003,62789081.89999998
2025-08-01 09:18:18 AM,2110.0,0,0.0,62789081.89999998
2025-08-01 09:18:19 AM,2110.0,206,434660.0,63223741.89999998
2025-08-01 09:18:20 AM,2112.3,2621,5536338.300000001,68760080.19999999
2025-08-01 09:18:21 AM,2110.6,78,164626.8,68924706.99999999
2025-08-01 09:18:21 AM,2112.3,0,0.0,68924706.99999999
2025-08-01 09:18:22 AM,2112.3,20,42246.0,68966952.99999999
2025-08-01 09:18:22 AM,2112.3,15,31684.500000000004,68998637.49999999
2025-08-01 09:18:23 AM,2112.3,24,50695.200000000004,69049332.69999999
2025-08-01 09:18:23 AM,2112.8,205,433124.00000000006,69482456.69999999
2025-08-01 09:18:23 AM,2112.4,0,0.0,69482456.69999999
2025-08-01 09:18:24 AM,2112.4,20,42248.0,69524704.69999999
2025-08-01 09:18:25 AM,2111.7,22,46457.399999999994,69571162.1
2025-08-01 09:18:25 AM,2112.5,1,2112.5,69573274.6
2025-08-01 09:18:25 AM,2112.6,0,0.0,69573274.6
2025-08-01 09:18:26 AM,2112.6,10,21126.0,69594400.6
2025-08-01 09:18:27 AM,2112.9,780,1648062.0,71242462.6
2025-08-01 09:18:27 AM,2112.7,27,57042.899999999994,71299505.5
2025-08-01 09:18:27 AM,2113.5,0,0.0,71299505.5
2025-08-01 09:18:28 AM,2113.1,163,344435.3,71643940.8
2025-08-01 09:18:29 AM,2111.7,56,118255.19999999998,71762196.0
2025-08-01 09:18:29 AM,2113.2,71,150037.19999999998,71912233.2
2025-08-01 09:18:29 AM,2113.6,0,0.0,71912233.2
2025-08-01 09:18:30 AM,2113.6,90,190224.0,72102457.2
2025-08-01 09:18:31 AM,2111.3,0,0.0,72102457.2
2025-08-01 09:18:31 AM,2110.8,0,0.0,72102457.2
2025-08-01 09:18:32 AM,2110.8,827,1745631.6,73848088.8
2025-08-01 09:18:33 AM,2109.1,100,210910.0,74058998.8
2025-08-01 09:18:34 AM,2108.4,504,1062633.6,75121632.39999999
2025-08-01 09:18:35 AM,2108.9,157,331097.3,75452729.69999999
2025-08-01 09:18:36 AM,2108.8,66,139180.80000000002,75591910.49999999
2025-08-01 09:18:37 AM,2108.7,6,12652.199999999999,75604562.69999999
2025-08-01 09:18:39 AM,2110.2,10,21102.0,75625664.69999999
2025-08-01 09:18:42 AM,2110.2,50,105509.99999999999,75731174.69999999
2025-08-01 09:18:42 AM,2110.6,0,0.0,75731174.69999999
2025-08-01 09:18:43 AM,2110.6,30,63318.0,75794492.69999999
2025-08-01 09:18:44 AM,2110.6,26,54875.6,75849368.29999998
2025-08-01 09:18:44 AM,2109.9,0,0.0,75849368.29999998
2025-08-01 09:18:45 AM,2110.8,8,16886.4,75866254.69999999
2025-08-01 09:18:46 AM,2111.7,8,16893.6,75883148.29999998
2025-08-01 09:18:46 AM,2110.8,0,0.0,75883148.29999998
2025-08-01 09:18:47 AM,2110.8,30,63324.00000000001,75946472.29999998
2025-08-01 09:18:48 AM,2110.1,10,21101.0,75967573.29999998
2025-08-01 09:18:49 AM,2111.0,0,0.0,75967573.29999998
2025-08-01 09:18:49 AM,2113.2,0,0.0,75967573.29999998
2025-08-01 09:18:50 AM,2113.2,167,352904.39999999997,76320477.69999999
2025-08-01 09:18:51 AM,2111.5,16,33784.0,76354261.69999999
2025-08-01 09:18:56 AM,2109.7,796,1679321.2,78033582.89999999
2025-08-01 09:18:56 AM,2109.8,0,0.0,78033582.89999999
2025-08-01 09:18:57 AM,2109.8,155,327019.0,78360601.89999999
2025-08-01 09:18:57 AM,2110.8,0,0.0,78360601.89999999
2025-08-01 09:18:58 AM,2110.8,8,16886.4,78377488.3
2025-08-01 09:18:58 AM,2109.9,0,0.0,78377488.3
2025-08-01 09:18:59 AM,2109.9,24,50637.600000000006,78428125.89999999
2025-08-01 09:19:00 AM,2109.2,61,128661.19999999998,78556787.1
2025-08-01 09:19:00 AM,2110.5,0,0.0,78556787.1
2025-08-01 09:19:01 AM,2110.5,29,61204.5,78617991.6
2025-08-01 09:19:02 AM,2108.8,12,25305.600000000002,78643297.19999999
2025-08-01 09:19:02 AM,2110.3,0,0.0,78643297.19999999
2025-08-01 09:19:03 AM,2110.3,121,255346.30000000002,78898643.49999999
2025-08-01 09:19:04 AM,2108.6,114,240380.4,79139023.89999999
2025-08-01 09:19:05 AM,2108.3,0,0.0,79139023.89999999
2025-08-01 09:19:06 AM,2108.3,10,21083.0,79160106.89999999
2025-08-01 09:19:07 AM,2109.9,21,44307.9,79204414.8
2025-08-01 09:19:09 AM,2109.6,10,21096.0,79225510.8
2025-08-01 09:19:11 AM,2109.6,1,2109.6,79227620.39999999
2025-08-01 09:19:13 AM,2109.6,10,21096.0,79248716.39999999
2025-08-01 09:19:14 AM,2109.6,1,2109.6,79250825.99999999
2025-08-01 09:19:18 AM,2109.6,563,1187704.8,80438530.79999998
2025-08-01 09:19:18 AM,2109.6,3,6328.799999999999,80444859.59999998
2025-08-01 09:19:19 AM,2110.3,223,470596.9,80915456.49999999
2025-08-01 09:19:19 AM,2110.9,0,0.0,80915456.49999999
2025-08-01 09:19:20 AM,2111.0,6,12666.0,80928122.49999999
2025-08-01 09:19:20 AM,2113.6,202,426947.19999999995,81355069.69999999
2025-08-01 09:19:21 AM,2112.1,24,50690.399999999994,81405760.1
2025-08-01 09:19:22 AM,2113.9,0,0.0,81405760.1
2025-08-01 09:19:23 AM,2113.9,20,42278.0,81448038.1
2025-08-01 09:19:23 AM,2112.9,0,0.0,81448038.1
2025-08-01 09:19:24 AM,2112.9,12,25354.800000000003,81473392.89999999
2025-08-01 09:19:24 AM,2113.9,1,2113.9,81475506.8
2025-08-01 09:19:26 AM,2114.7,200,422939.99999999994,81898446.8
2025-08-01 09:19:27 AM,2113.3,16,33812.8,81932259.6
2025-08-01 09:19:29 AM,2113.3,16,33812.8,81966072.39999999
2025-08-01 09:19:29 AM,2114.4,5,10572.0,81976644.39999999
2025-08-01 09:19:31 AM,2113.6,0,0.0,81976644.39999999
2025-08-01 09:19:31 AM,2113.6,15,31704.0,82008348.39999999
2025-08-01 09:19:34 AM,2114.0,0,0.0,82008348.39999999
2025-08-01 09:19:35 AM,2114.0,1,2114.0,82010462.39999999
2025-08-01 09:19:36 AM,2113.1,0,0.0,82010462.39999999
2025-08-01 09:19:37 AM,2113.1,5,10565.5,82021027.89999999
2025-08-01 09:19:37 AM,2114.6,0,0.0,82021027.89999999
2025-08-01 09:19:38 AM,2114.6,127,268554.2,82289582.1
2025-08-01 09:19:38 AM,2116.5,197,416950.5,82706532.6
2025-08-01 09:19:39 AM,2115.7,36,76165.2,82782697.8
2025-08-01 09:19:40 AM,2116.7,100,211669.99999999997,82994367.8
2025-08-01 09:19:41 AM,2116.7,12,25400.399999999998,83019768.2
2025-08-01 09:19:41 AM,2114.4,341,721010.4,83740778.60000001
2025-08-01 09:19:42 AM,2114.3,0,0.0,83740778.60000001
2025-08-01 09:19:42 AM,2114.3,36,76114.8,83816893.4
2025-08-01 09:19:43 AM,2114.5,0,0.0,83816893.4
2025-08-01 09:19:43 AM,2115.6,0,0.0,83816893.4
2025-08-01 09:19:43 AM,2115.6,110,232716.0,84049609.4
2025-08-01 09:19:44 AM,2114.1,10,21141.0,84070750.4
2025-08-01 09:19:44 AM,2115.8,0,0.0,84070750.4
2025-08-01 09:19:44 AM,2115.8,3,6347.400000000001,84077097.80000001
2025-08-01 09:19:45 AM,2116.5,1,2116.5,84079214.30000001
2025-08-01 09:19:45 AM,2115.3,0,0.0,84079214.30000001
2025-08-01 09:19:46 AM,2115.3,5,10576.5,84089790.80000001
2025-08-01 09:19:48 AM,2116.2,5,10581.0,84100371.80000001
2025-08-01 09:19:48 AM,2116.8,0,0.0,84100371.80000001
2025-08-01 09:19:49 AM,2117.3,312,660597.6000000001,84760969.4
2025-08-01 09:19:49 AM,2116.5,0,0.0,84760969.4
2025-08-01 09:19:50 AM,2116.5,4,8466.0,84769435.4
2025-08-01 09:19:50 AM,2117.2,230,486955.99999999994,85256391.4
2025-08-01 09:19:51 AM,2119.6,385,816046.0,86072437.4
2025-08-01 09:19:51 AM,2117.6,0,0.0,86072437.4
2025-08-01 09:19:52 AM,2117.6,24,50822.399999999994,86123259.80000001
2025-08-01 09:19:52 AM,2118.5,46,97451.0,86220710.80000001
2025-08-01 09:19:52 AM,2117.3,0,0.0,86220710.80000001
2025-08-01 09:19:53 AM,2117.3,28,59284.40000000001,86279995.20000002
2025-08-01 09:19:53 AM,2117.9,258,546418.2000000001,86826413.40000002
2025-08-01 09:19:54 AM,2117.9,94,199082.6,87025496.00000001
2025-08-01 09:19:55 AM,2118.2,0,0.0,87025496.00000001
2025-08-01 09:19:55 AM,2118.2,24,50836.799999999996,87076332.80000001
2025-08-01 09:19:56 AM,2119.3,0,0.0,87076332.80000001
2025-08-01 09:19:57 AM,2119.3,18,38147.4,87114480.20000002
2025-08-01 09:19:57 AM,2118.1,14,29653.399999999998,87144133.60000002
2025-08-01 09:19:57 AM,2118.3,0,0.0,87144133.60000002
2025-08-01 09:19:58 AM,2118.3,228,482972.4,87627106.00000003
2025-08-01 09:19:58 AM,2118.0,0,0.0,87627106.00000003
2025-08-01 09:19:59 AM,2118.0,700,1482600.0,89109706.00000003
2025-08-01 09:19:59 AM,2118.2,24,50836.799999999996,89160542.80000003
2025-08-01 09:19:59 AM,2119.9,0,0.0,89160542.80000003
2025-08-01 09:19:59 AM,2120.0,0,0.0,89160542.80000003
2025-08-01 09:20:00 AM,2120.0,600,1272000.0,90432542.80000003
2025-08-01 09:20:00 AM,2119.6,0,0.0,90432542.80000003
2025-08-01 09:20:01 AM,2119.6,246,521421.6,90953964.40000002
2025-08-01 09:20:01 AM,2117.8,0,0.0,90953964.40000002
2025-08-01 09:20:02 AM,2117.7,162,343067.39999999997,91297031.80000003
2025-08-01 09:20:02 AM,2119.0,0,0.0,91297031.80000003
2025-08-01 09:20:03 AM,2119.3,69,146231.7,91443263.50000003
2025-08-01 09:20:04 AM,2118.4,122,258444.80000000002,91701708.30000003
2025-08-01 09:20:04 AM,2119.6,20,42392.0,91744100.30000003
2025-08-01 09:20:05 AM,2117.9,20,42358.0,91786458.30000003
2025-08-01 09:20:05 AM,2118.0,0,0.0,91786458.30000003
2025-08-01 09:20:06 AM,2118.0,100,211800.0,91998258.30000003
2025-08-01 09:20:06 AM,2119.2,275,582780.0,92581038.30000003
2025-08-01 09:20:07 AM,2120.8,93,197234.40000000002,92778272.70000003
2025-08-01 09:20:07 AM,2121.3,0,0.0,92778272.70000003
2025-08-01 09:20:07 AM,2121.3,193,409410.9,93187683.60000004
2025-08-01 09:20:09 AM,2121.3,142,301224.60000000003,93488908.20000003
2025-08-01 09:20:09 AM,2121.7,55,116693.49999999999,93605601.70000003
2025-08-01 09:20:09 AM,2120.5,0,0.0,93605601.70000003
2025-08-01 09:20:10 AM,2120.5,90,190845.0,93796446.70000003
2025-08-01 09:20:10 AM,2119.7,213,451496.1,94247942.80000003
2025-08-01 09:20:10 AM,2118.1,0,0.0,94247942.80000003
2025-08-01 09:20:11 AM,2118.1,204,432092.39999999997,94680035.20000003
2025-08-01 09:20:11 AM,2118.1,44,93196.4,94773231.60000004
2025-08-01 09:20:11 AM,2117.0,0,0.0,94773231.60000004
2025-08-01 09:20:12 AM,2117.0,338,715546.0,95488777.60000004
2025-08-01 09:20:12 AM,2116.3,0,0.0,95488777.60000004
2025-08-01 09:20:13 AM,2114.8,100,211480.00000000003,95700257.60000004
2025-08-01 09:20:14 AM,2116.2,147,311081.39999999997,96011339.00000004
2025-08-01 09:20:14 AM,2116.1,0,0.0,96011339.00000004
2025-08-01 09:20:15 AM,2114.8,112,236857.60000000003,96248196.60000004
2025-08-01 09:20:16 AM,2114.8,14,29607.200000000004,96277803.80000004
2025-08-01 09:20:16 AM,2114.1,0,0.0,96277803.80000004
2025-08-01 09:20:16 AM,2114.8,0,0.0,96277803.80000004
2025-08-01 09:20:17 AM,2114.8,237,501207.60000000003,96779011.40000004
2025-08-01 09:20:18 AM,2112.5,36,76050.0,96855061.40000004
2025-08-01 09:20:18 AM,2113.2,0,0.0,96855061.40000004
2025-08-01 09:20:19 AM,2113.8,83,175445.40000000002,97030506.80000004
2025-08-01 09:20:20 AM,2112.2,8,16897.6,97047404.40000004
2025-08-01 09:20:20 AM,2111.3,300,633390.0,97680794.40000004
2025-08-01 09:20:22 AM,2112.2,42,88712.4,97769506.80000004
2025-08-01 09:20:22 AM,2111.3,1,2111.3,97771618.10000004
2025-08-01 09:20:23 AM,2111.1,26,54888.6,97826506.70000003
2025-08-01 09:20:24 AM,2112.2,0,0.0,97826506.70000003
2025-08-01 09:20:24 AM,2112.2,5,10561.0,97837067.70000003
2025-08-01 09:20:25 AM,2112.3,5,10561.5,97847629.20000003
2025-08-01 09:20:32 AM,2111.1,0,0.0,97847629.20000003
2025-08-01 09:20:32 AM,2111.2,0,0.0,97847629.20000003
2025-08-01 09:20:33 AM,2111.2,41,86559.2,97934188.40000004
2025-08-01 09:20:34 AM,2110.6,37,78092.2,98012280.60000004
2025-08-01 09:20:35 AM,2110.9,103,217422.7,98229703.30000004
2025-08-01 09:20:36 AM,2110.7,1,2110.7,98231814.00000004
2025-08-01 09:20:37 AM,2110.0,16,33760.0,98265574.00000004
2025-08-01 09:20:39 AM,2109.7,0,0.0,98265574.00000004
2025-08-01 09:20:40 AM,2109.7,74,156117.8,98421691.80000004
2025-08-01 09:20:40 AM,2110.0,0,0.0,98421691.80000004
2025-08-01 09:20:41 AM,2110.0,33,69630.0,98491321.80000004
2025-08-01 09:20:41 AM,2108.9,0,0.0,98491321.80000004
2025-08-01 09:20:42 AM,2108.9,334,704372.6,99195694.40000004
2025-08-01 09:20:42 AM,2108.1,0,0.0,99195694.40000004
2025-08-01 09:20:43 AM,2108.1,12,25297.199999999997,99220991.60000004
2025-08-01 09:20:43 AM,2109.1,59,124436.9,99345428.50000004
2025-08-01 09:20:43 AM,2107.2,0,0.0,99345428.50000004
2025-08-01 09:20:44 AM,2107.2,201,423547.19999999995,99768975.70000005
2025-08-01 09:20:45 AM,2107.6,0,0.0,99768975.70000005
2025-08-01 09:20:46 AM,2108.4,36,75902.40000000001,99844878.10000005
2025-08-01 09:20:46 AM,2108.3,2,4216.6,99849094.70000005
2025-08-01 09:20:46 AM,2105.7,0,0.0,99849094.70000005
2025-08-01 09:20:47 AM,2105.7,1000,2105700.0,101954794.70000005
2025-08-01 09:20:48 AM,2108.1,335,706213.5,102661008.20000005
2025-08-01 09:20:49 AM,2109.6,276,582249.6,103243257.80000004
2025-08-01 09:20:50 AM,2109.8,36,75952.8,103319210.60000004
2025-08-01 09:20:50 AM,2110.4,0,0.0,103319210.60000004
2025-08-01 09:20:51 AM,2110.4,10,21104.0,103340314.60000004
2025-08-01 09:20:51 AM,2111.9,0,0.0,103340314.60000004
2025-08-01 09:20:51 AM,2111.9,26,54909.4,103395224.00000004
2025-08-01 09:20:52 AM,2112.3,0,0.0,103395224.00000004
2025-08-01 09:20:53 AM,2112.3,245,517513.50000000006,103912737.50000004
2025-08-01 09:20:53 AM,2112.4,0,0.0,103912737.50000004
2025-08-01 09:20:54 AM,2112.4,6,12674.400000000001,103925411.90000005
2025-08-01 09:20:54 AM,2111.2,26,54891.2,103980303.10000005
2025-08-01 09:20:57 AM,2111.2,98,206897.59999999998,104187200.70000005
2025-08-01 09:20:58 AM,2111.2,41,86559.2,104273759.90000005
2025-08-01 09:20:59 AM,2111.4,0,0.0,104273759.90000005
2025-08-01 09:21:00 AM,2111.4,24,50673.600000000006,104324433.50000004
2025-08-01 09:21:01 AM,2112.1,0,0.0,104324433.50000004
2025-08-01 09:21:02 AM,2112.1,300,633630.0,104958063.50000004
2025-08-01 09:21:02 AM,2111.7,0,0.0,104958063.50000004
2025-08-01 09:21:03 AM,2110.1,37,78073.7,105036137.20000005
2025-08-01 09:21:03 AM,2111.3,10,21113.0,105057250.20000005
2025-08-01 09:21:04 AM,2111.3,9,19001.7,105076251.90000005
2025-08-01 09:21:06 AM,2111.6,138,291400.8,105367652.70000005
2025-08-01 09:21:06 AM,2113.5,100,211350.0,105579002.70000005
2025-08-01 09:21:07 AM,2111.7,16,33787.2,105612789.90000005
2025-08-01 09:21:08 AM,2112.3,0,0.0,105612789.90000005
2025-08-01 09:21:09 AM,2112.1,16,33793.6,105646583.50000004
2025-08-01 09:21:10 AM,2113.6,5,10568.0,105657151.50000004
2025-08-01 09:21:14 AM,2115.0,11,23265.0,105680416.50000004
2025-08-01 09:21:15 AM,2114.0,0,0.0,105680416.50000004
2025-08-01 09:21:16 AM,2113.4,128,270515.2,105950931.70000005
2025-08-01 09:21:17 AM,2113.9,20,42278.0,105993209.70000005
2025-08-01 09:21:20 AM,2113.4,15,31701.0,106024910.70000005
2025-08-01 09:21:21 AM,2113.4,2,4226.8,106029137.50000004
2025-08-01 09:21:22 AM,2114.2,105,221990.99999999997,106251128.50000004
2025-08-01 09:21:23 AM,2112.9,12,25354.800000000003,106276483.30000004
2025-08-01 09:21:23 AM,2113.4,3,6340.200000000001,106282823.50000004
2025-08-01 09:21:25 AM,2112.5,0,0.0,106282823.50000004
2025-08-01 09:21:25 AM,2112.5,40,84500.0,106367323.50000004
2025-08-01 09:21:26 AM,2113.6,20,42272.0,106409595.50000004
2025-08-01 09:21:26 AM,2113.2,0,0.0,106409595.50000004
2025-08-01 09:21:26 AM,2113.2,179,378262.8,106787858.30000004
2025-08-01 09:21:27 AM,2112.6,229,483785.39999999997,107271643.70000005
2025-08-01 09:21:28 AM,2114.2,15,31712.999999999996,107303356.70000005
2025-08-01 09:21:29 AM,2112.9,24,50709.600000000006,107354066.30000004
2025-08-01 09:21:30 AM,2112.9,50,105645.0,107459711.30000004
2025-08-01 09:21:34 AM,2113.9,75,158542.5,107618253.80000004
2025-08-01 09:21:35 AM,2113.8,15,31707.000000000004,107649960.80000004
2025-08-01 09:21:35 AM,2113.6,35,73976.0,107723936.80000004
2025-08-01 09:21:38 AM,2112.4,0,0.0,107723936.80000004
2025-08-01 09:21:38 AM,2112.4,7,14786.800000000001,107738723.60000004
2025-08-01 09:21:39 AM,2113.7,0,0.0,107738723.60000004
2025-08-01 09:21:40 AM,2113.7,15,31705.499999999996,107770429.10000004
2025-08-01 09:21:41 AM,2113.8,4,8455.2,107778884.30000004
2025-08-01 09:21:44 AM,2113.8,15,31707.000000000004,107810591.30000004
2025-08-01 09:21:46 AM,2112.6,10,21126.0,107831717.30000004
2025-08-01 09:21:48 AM,2112.0,98,206976.0,108038693.30000004
2025-08-01 09:21:48 AM,2113.0,10,21130.0,108059823.30000004
2025-08-01 09:21:49 AM,2112.0,8,16896.0,108076719.30000004
2025-08-01 09:21:49 AM,2113.1,0,0.0,108076719.30000004
2025-08-01 09:21:50 AM,2113.1,15,31696.5,108108415.80000004
2025-08-01 09:21:51 AM,2113.0,0,0.0,108108415.80000004
2025-08-01 09:21:51 AM,2113.0,10,21130.0,108129545.80000004
2025-08-01 09:21:53 AM,2112.0,1,2112.0,108131657.80000004
2025-08-01 09:21:54 AM,2112.6,0,0.0,108131657.80000004
2025-08-01 09:21:55 AM,2112.6,1,2112.6,108133770.40000004
2025-08-01 09:21:56 AM,2112.6,10,21126.0,108154896.40000004
2025-08-01 09:21:57 AM,2112.6,15,31689.0,108186585.40000004
2025-08-01 09:21:58 AM,2112.0,0,0.0,108186585.40000004
2025-08-01 09:21:59 AM,2112.0,26,54912.0,108241497.40000004
2025-08-01 09:22:03 AM,2112.0,52,109824.0,108351321.40000004
2025-08-01 09:22:03 AM,2112.2,15,31682.999999999996,108383004.40000004
2025-08-01 09:22:05 AM,2111.5,17,35895.5,108418899.90000004
2025-08-01 09:22:05 AM,2111.0,201,424311.0,108843210.90000004
2025-08-01 09:22:06 AM,2110.8,3,6332.400000000001,108849543.30000004
2025-08-01 09:22:07 AM,2110.0,141,297510.0,109147053.30000004
2025-08-01 09:22:08 AM,2108.6,41,86452.59999999999,109233505.90000004
2025-08-01 09:22:13 AM,2109.3,0,0.0,109233505.90000004
2025-08-01 09:22:13 AM,2109.3,32,67497.6,109301003.50000003
2025-08-01 09:22:15 AM,2109.6,0,0.0,109301003.50000003
2025-08-01 09:22:16 AM,2109.6,1,2109.6,109303113.10000002
2025-08-01 09:22:19 AM,2109.6,5,10548.0,109313661.10000002
2025-08-01 09:22:20 AM,2108.6,0,0.0,109313661.10000002
2025-08-01 09:22:21 AM,2108.6,5,10543.0,109324204.10000002
2025-08-01 09:22:23 AM,2109.2,0,0.0,109324204.10000002
2025-08-01 09:22:23 AM,2109.2,50,105459.99999999999,109429664.10000002
2025-08-01 09:22:24 AM,2108.6,0,0.0,109429664.10000002
2025-08-01 09:22:24 AM,2108.6,14,29520.399999999998,109459184.50000003
2025-08-01 09:22:26 AM,2108.5,0,0.0,109459184.50000003
2025-08-01 09:22:27 AM,2108.5,75,158137.5,109617322.00000003
2025-08-01 09:22:28 AM,2108.7,1,2108.7,109619430.70000003
2025-08-01 09:22:31 AM,2108.0,25,52700.0,109672130.70000003
2025-08-01 09:22:33 AM,2108.0,369,777852.0,110449982.70000003
2025-08-01 09:22:33 AM,2107.8,0,0.0,110449982.70000003
2025-08-01 09:22:34 AM,2107.0,40,84280.0,110534262.70000003
2025-08-01 09:22:35 AM,2106.3,0,0.0,110534262.70000003
2025-08-01 09:22:36 AM,2106.3,45,94783.50000000001,110629046.20000003
2025-08-01 09:22:36 AM,2108.1,0,0.0,110629046.20000003
2025-08-01 09:22:36 AM,2108.1,243,512268.3,111141314.50000003
2025-08-01 09:22:37 AM,2107.6,28,59012.799999999996,111200327.30000003
2025-08-01 09:22:38 AM,2107.8,0,0.0,111200327.30000003
2025-08-01 09:22:39 AM,2107.8,13,27401.4,111227728.70000003
2025-08-01 09:22:42 AM,2107.8,5,10539.0,111238267.70000003
2025-08-01 09:22:42 AM,2108.0,0,0.0,111238267.70000003
2025-08-01 09:22:43 AM,2108.0,10,21080.0,111259347.70000003
2025-08-01 09:22:44 AM,2108.1,0,0.0,111259347.70000003
2025-08-01 09:22:45 AM,2108.1,14,29513.399999999998,111288861.10000004
2025-08-01 09:22:46 AM,2108.1,13,27405.3,111316266.40000004
2025-08-01 09:22:46 AM,2108.7,0,0.0,111316266.40000004
2025-08-01 09:22:47 AM,2108.7,4,8434.8,111324701.20000003
2025-08-01 09:22:47 AM,2108.3,5,10541.5,111335242.70000003
2025-08-01 09:22:48 AM,2108.3,2,4216.6,111339459.30000003
2025-08-01 09:22:50 AM,2110.5,0,0.0,111339459.30000003
2025-08-01 09:22:51 AM,2110.5,101,213160.5,111552619.80000003
2025-08-01 09:22:52 AM,2108.6,0,0.0,111552619.80000003
2025-08-01 09:22:53 AM,2108.6,12,25303.199999999997,111577923.00000003
2025-08-01 09:22:55 AM,2108.0,387,815796.0,112393719.00000003
2025-08-01 09:22:57 AM,2108.0,1,2108.0,112395827.00000003
2025-08-01 09:22:57 AM,2107.0,0,0.0,112395827.00000003
2025-08-01 09:22:57 AM,2108.0,0,0.0,112395827.00000003
2025-08-01 09:22:58 AM,2108.0,97,204476.0,112600303.00000003
2025-08-01 09:22:58 AM,2108.0,2,4216.0,112604519.00000003
2025-08-01 09:22:59 AM,2107.1,0,0.0,112604519.00000003
2025-08-01 09:22:59 AM,2107.1,10,21071.0,112625590.00000003
2025-08-01 09:23:00 AM,2107.0,0,0.0,112625590.00000003
2025-08-01 09:23:01 AM,2107.0,50,105350.0,112730940.00000003
2025-08-01 09:23:04 AM,2107.0,25,52675.0,112783615.00000003
2025-08-01 09:23:05 AM,2107.8,50,105390.00000000001,112889005.00000003
2025-08-01 09:23:06 AM,2108.1,0,0.0,112889005.00000003
2025-08-01 09:23:06 AM,2108.3,0,0.0,112889005.00000003
2025-08-01 09:23:07 AM,2108.3,232,489125.60000000003,113378130.60000002
2025-08-01 09:23:08 AM,2108.6,20,42172.0,113420302.60000002
2025-08-01 09:23:08 AM,2109.5,0,0.0,113420302.60000002
2025-08-01 09:23:09 AM,2109.5,13,27423.5,113447726.10000002
2025-08-01 09:23:11 AM,2108.7,0,0.0,113447726.10000002
2025-08-01 09:23:11 AM,2108.9,0,0.0,113447726.10000002
2025-08-01 09:23:12 AM,2109.7,160,337552.0,113785278.10000002
2025-08-01 09:23:13 AM,2110.7,24,50656.799999999996,113835934.90000002
2025-08-01 09:23:16 AM,2110.7,3,6332.099999999999,113842267.00000001
2025-08-01 09:23:20 AM,2110.4,0,0.0,113842267.00000001
2025-08-01 09:23:21 AM,2110.4,23,48539.200000000004,113890806.20000002
2025-08-01 09:23:23 AM,2110.6,1,2110.6,113892916.80000001
2025-08-01 09:23:24 AM,2110.0,0,0.0,113892916.80000001
2025-08-01 09:23:25 AM,2110.0,1,2110.0,113895026.80000001
2025-08-01 09:23:25 AM,2110.3,0,0.0,113895026.80000001
2025-08-01 09:23:26 AM,2110.3,1,2110.3,113897137.10000001
2025-08-01 09:23:29 AM,2110.0,0,0.0,113897137.10000001
2025-08-01 09:23:30 AM,2110.0,1,2110.0,113899247.10000001
2025-08-01 09:23:30 AM,2109.2,0,0.0,113899247.10000001
2025-08-01 09:23:30 AM,2109.2,218,459805.6,114359052.7
2025-08-01 09:23:31 AM,2108.1,0,0.0,114359052.7
2025-08-01 09:23:31 AM,2108.1,19,40053.9,114399106.60000001
2025-08-01 09:23:32 AM,2107.3,0,0.0,114399106.60000001
2025-08-01 09:23:32 AM,2107.3,32,67433.6,114466540.2
2025-08-01 09:23:33 AM,2108.2,0,0.0,114466540.2
2025-08-01 09:23:33 AM,2108.2,1,2108.2,114468648.4
2025-08-01 09:23:36 AM,2108.3,0,0.0,114468648.4
2025-08-01 09:23:36 AM,2108.3,25,52707.50000000001,114521355.9
2025-08-01 09:23:37 AM,2108.4,5,10542.0,114531897.9
2025-08-01 09:23:39 AM,2108.5,100,210850.0,114742747.9
2025-08-01 09:23:40 AM,2107.1,12,25285.199999999997,114768033.10000001
2025-08-01 09:23:41 AM,2107.5,10,21075.0,114789108.10000001
2025-08-01 09:23:44 AM,2107.5,33,69547.5,114858655.60000001
2025-08-01 09:23:45 AM,2107.8,1,2107.8,114860763.4
2025-08-01 09:23:48 AM,2108.0,0,0.0,114860763.4
2025-08-01 09:23:49 AM,2108.0,50,105400.0,114966163.4
2025-08-01 09:23:49 AM,2107.5,0,0.0,114966163.4
2025-08-01 09:23:50 AM,2107.5,10,21075.0,114987238.4
2025-08-01 09:23:51 AM,2107.6,1,2107.6,114989346.0
2025-08-01 09:23:53 AM,2106.0,1558,3281148.0,118270494.0
2025-08-01 09:23:54 AM,2107.1,110,231781.0,118502275.0
2025-08-01 09:23:55 AM,2106.1,179,376991.89999999997,118879266.9
2025-08-01 09:23:56 AM,2106.2,18,37911.6,118917178.5
2025-08-01 09:24:00 AM,2107.2,0,0.0,118917178.5
2025-08-01 09:24:00 AM,2107.2,50,105359.99999999999,119022538.5
2025-08-01 09:24:02 AM,2107.2,17,35822.399999999994,119058360.9
2025-08-01 09:24:05 AM,2107.2,20,42144.0,119100504.9
2025-08-01 09:24:06 AM,2106.2,200,421239.99999999994,119521744.9
2025-08-01 09:24:07 AM,2106.2,30,63185.99999999999,119584930.9
2025-08-01 09:24:08 AM,2107.2,4,8428.8,119593359.7
2025-08-01 09:24:08 AM,2107.7,157,330908.89999999997,119924268.60000001
2025-08-01 09:24:08 AM,2108.4,0,0.0,119924268.60000001
2025-08-01 09:24:09 AM,2108.4,14,29517.600000000002,119953786.2
2025-08-01 09:24:09 AM,2108.3,0,0.0,119953786.2
2025-08-01 09:24:10 AM,2108.3,50,105415.00000000001,120059201.2
2025-08-01 09:24:11 AM,2108.4,0,0.0,120059201.2
2025-08-01 09:24:11 AM,2108.4,10,21084.0,120080285.2
2025-08-01 09:24:17 AM,2109.1,2,4218.2,120084503.4
2025-08-01 09:24:19 AM,2109.4,10,21094.0,120105597.4
2025-08-01 09:24:19 AM,2109.6,0,0.0,120105597.4
2025-08-01 09:24:20 AM,2109.6,10,21096.0,120126693.4
2025-08-01 09:24:23 AM,2109.5,116,244702.0,120371395.4
2025-08-01 09:24:24 AM,2108.3,12,25299.600000000002,120396695.0
2025-08-01 09:24:27 AM,2108.9,0,0.0,120396695.0
2025-08-01 09:24:28 AM,2108.9,100,210890.0,120607585.0
2025-08-01 09:24:29 AM,2107.9,12,25294.800000000003,120632879.8
2025-08-01 09:24:29 AM,2108.7,0,0.0,120632879.8
2025-08-01 09:24:30 AM,2108.9,26,54831.4,120687711.2
2025-08-01 09:24:31 AM,2109.3,100,210930.00000000003,120898641.2
2025-08-01 09:24:32 AM,2108.4,6,12650.400000000001,120911291.60000001
2025-08-01 09:24:34 AM,2108.4,10,21084.0,120932375.60000001
2025-08-01 09:24:34 AM,2108.4,203,428005.2,121360380.80000001
2025-08-01 09:24:36 AM,2107.7,26,54800.2,121415181.00000001
2025-08-01 09:24:38 AM,2108.9,0,0.0,121415181.00000001
2025-08-01 09:24:38 AM,2108.9,1,2108.9,121417289.90000002
2025-08-01 09:24:43 AM,2108.7,25,52717.49999999999,121470007.40000002
2025-08-01 09:24:44 AM,2108.0,0,0.0,121470007.40000002
2025-08-01 09:24:44 AM,2108.0,25,52700.0,121522707.40000002
2025-08-01 09:24:45 AM,2107.6,251,529007.6,122051715.00000001
2025-08-01 09:24:46 AM,2107.0,38,80066.0,122131781.00000001
2025-08-01 09:24:46 AM,2107.2,0,0.0,122131781.00000001
2025-08-01 09:24:47 AM,2107.4,35,73759.0,122205540.00000001
2025-08-01 09:24:53 AM,2106.0,0,0.0,122205540.00000001
2025-08-01 09:24:54 AM,2106.0,202,425412.0,122630952.00000001
2025-08-01 09:24:55 AM,2105.4,22,46318.8,122677270.80000001
2025-08-01 09:24:56 AM,2105.8,1,2105.8,122679376.60000001
2025-08-01 09:24:57 AM,2105.7,0,0.0,122679376.60000001
2025-08-01 09:24:58 AM,2105.8,15,31587.000000000004,122710963.60000001
2025-08-01 09:25:00 AM,2105.9,0,0.0,122710963.60000001
2025-08-01 09:25:01 AM,2105.9,10,21059.0,122732022.60000001
2025-08-01 09:25:02 AM,2105.4,0,0.0,122732022.60000001
2025-08-01 09:25:03 AM,2105.9,2,4211.8,122736234.4
2025-08-01 09:25:03 AM,2105.4,23,48424.200000000004,122784658.60000001
2025-08-01 09:25:03 AM,2105.9,0,0.0,122784658.60000001
2025-08-01 09:25:04 AM,2105.4,19,40002.6,122824661.2
2025-08-01 09:25:09 AM,2105.9,0,0.0,122824661.2
2025-08-01 09:25:10 AM,2105.9,49,103189.1,122927850.3
2025-08-01 09:25:12 AM,2105.4,0,0.0,122927850.3
2025-08-01 09:25:13 AM,2105.4,8,16843.2,122944693.5
2025-08-01 09:25:13 AM,2105.9,0,0.0,122944693.5
2025-08-01 09:25:14 AM,2105.9,1,2105.9,122946799.4
2025-08-01 09:25:16 AM,2106.0,11,23166.0,122969965.4
2025-08-01 09:25:18 AM,2106.0,2,4212.0,122974177.4
2025-08-01 09:25:21 AM,2105.4,0,0.0,122974177.4
2025-08-01 09:25:22 AM,2105.4,1,2105.4,122976282.80000001
2025-08-01 09:25:23 AM,2105.9,1,2105.9,122978388.70000002
2025-08-01 09:25:24 AM,2105.4,0,0.0,122978388.70000002
2025-08-01 09:25:25 AM,2105.4,1,2105.4,122980494.10000002
2025-08-01 09:25:29 AM,2105.4,50,105270.0,123085764.10000002
2025-08-01 09:25:30 AM,2105.4,8,16843.2,123102607.30000003
2025-08-01 09:25:32 AM,2106.3,605,1274311.5,124376918.80000003
2025-08-01 09:25:33 AM,2105.4,129,271596.60000000003,124648515.40000002
2025-08-01 09:25:34 AM,2105.8,10,21058.0,124669573.40000002
2025-08-01 09:25:35 AM,2105.8,18,37904.4,124707477.80000003
2025-08-01 09:25:41 AM,2104.0,1485,3124440.0,127831917.80000003
2025-08-01 09:25:42 AM,2102.6,0,0.0,127831917.80000003
2025-08-01 09:25:43 AM,2103.1,226,475300.6,128307218.40000002
2025-08-01 09:25:44 AM,2102.2,157,330045.39999999997,128637263.80000003
2025-08-01 09:25:44 AM,2103.1,0,0.0,128637263.80000003
2025-08-01 09:25:45 AM,2103.1,1,2103.1,128639366.90000002
2025-08-01 09:25:45 AM,2103.0,1,2103.0,128641469.90000002
2025-08-01 09:25:46 AM,2102.2,0,0.0,128641469.90000002
2025-08-01 09:25:47 AM,2102.2,16,33635.2,128675105.10000002
2025-08-01 09:25:47 AM,2103.2,0,0.0,128675105.10000002
2025-08-01 09:25:48 AM,2103.2,1,2103.2,128677208.30000003
2025-08-01 09:25:51 AM,2103.1,15,31546.5,128708754.80000003
2025-08-01 09:25:53 AM,2102.7,0,0.0,128708754.80000003
2025-08-01 09:25:54 AM,2102.7,10,21027.0,128729781.80000003
2025-08-01 09:25:55 AM,2102.3,32,67273.6,128797055.40000002
2025-08-01 09:25:55 AM,2102.2,0,0.0,128797055.40000002
2025-08-01 09:25:56 AM,2102.2,179,376293.8,129173349.20000002
2025-08-01 09:25:56 AM,2102.3,0,0.0,129173349.20000002
2025-08-01 09:25:56 AM,2102.3,1,2102.3,129175451.50000001
2025-08-01 09:25:57 AM,2101.3,376,790088.8,129965540.30000001
2025-08-01 09:25:58 AM,2101.2,89,187006.8,130152547.10000001
2025-08-01 09:25:59 AM,2101.8,53,111395.40000000001,130263942.50000001
2025-08-01 09:25:59 AM,2101.7,0,0.0,130263942.50000001
2025-08-01 09:26:00 AM,2101.2,14,29416.799999999996,130293359.30000001
2025-08-01 09:26:01 AM,2101.8,1,2101.8,130295461.10000001
2025-08-01 09:26:03 AM,2101.8,10,21018.0,130316479.10000001
2025-08-01 09:26:06 AM,2101.2,80,168096.0,130484575.10000001
2025-08-01 09:26:07 AM,2101.2,6,12607.199999999999,130497182.30000001
2025-08-01 09:26:08 AM,2100.9,241,506316.9,131003499.20000002
2025-08-01 09:26:08 AM,2101.0,100,210100.0,131213599.20000002
2025-08-01 09:26:09 AM,2100.7,17,35711.899999999994,131249311.10000002
2025-08-01 09:26:10 AM,2100.6,20,42012.0,131291323.10000002
2025-08-01 09:26:12 AM,2101.8,204,428767.2,131720090.30000003
2025-08-01 09:26:13 AM,2101.6,60,126096.0,131846186.30000003
2025-08-01 09:26:13 AM,2101.1,100,210110.0,132056296.30000003
2025-08-01 09:26:15 AM,2102.1,1,2102.1,132058398.40000002
2025-08-01 09:26:17 AM,2101.9,0,0.0,132058398.40000002
2025-08-01 09:26:18 AM,2101.9,3,6305.700000000001,132064704.10000002
2025-08-01 09:26:19 AM,2101.0,0,0.0,132064704.10000002
2025-08-01 09:26:20 AM,2101.0,44,92444.0,132157148.10000002
2025-08-01 09:26:20 AM,2101.1,26,54628.6,132211776.70000002
2025-08-01 09:26:21 AM,2101.0,0,0.0,132211776.70000002
2025-08-01 09:26:22 AM,2100.6,13,27307.8,132239084.50000001
2025-08-01 09:26:23 AM,2100.6,138,289882.8,132528967.30000001
2025-08-01 09:26:24 AM,2100.0,0,0.0,132528967.30000001
2025-08-01 09:26:25 AM,2100.0,31,65100.0,132594067.30000001
2025-08-01 09:26:25 AM,2098.4,892,1871772.8,134465840.10000002
2025-08-01 09:26:26 AM,2099.4,10,20994.0,134486834.10000002
2025-08-01 09:26:26 AM,2098.1,88,184632.8,134671466.90000004
2025-08-01 09:26:26 AM,2099.3,0,0.0,134671466.90000004
2025-08-01 09:26:27 AM,2098.3,108,226616.40000000002,134898083.30000004
2025-08-01 09:26:28 AM,2098.3,1,2098.3,134900181.60000005
2025-08-01 09:26:28 AM,2098.3,5,10491.5,134910673.10000005
2025-08-01 09:26:29 AM,2098.3,16,33572.8,134944245.90000007
2025-08-01 09:26:31 AM,2099.4,74,155355.6,135099601.50000006
2025-08-01 09:26:31 AM,2099.7,200,419939.99999999994,135519541.50000006
2025-08-01 09:26:31 AM,2099.4,0,0.0,135519541.50000006
2025-08-01 09:26:32 AM,2099.4,2,4198.8,135523740.30000007
2025-08-01 09:26:32 AM,2099.3,8,16794.4,135540534.70000008
2025-08-01 09:26:32 AM,2099.2,0,0.0,135540534.70000008
2025-08-01 09:26:33 AM,2100.0,308,646800.0,136187334.70000008
2025-08-01 09:26:33 AM,2100.6,18,37810.799999999996,136225145.5000001
2025-08-01 09:26:33 AM,2100.4,0,0.0,136225145.5000001
2025-08-01 09:26:34 AM,2100.4,62,130224.8,136355370.3000001
2025-08-01 09:26:34 AM,2100.4,8,16803.2,136372173.5000001
2025-08-01 09:26:35 AM,2100.5,0,0.0,136372173.5000001
2025-08-01 09:26:36 AM,2100.5,34,71417.0,136443590.5000001
2025-08-01 09:26:40 AM,2100.3,96,201628.80000000002,136645219.3000001
2025-08-01 09:26:41 AM,2100.8,14,29411.200000000004,136674630.5000001
2025-08-01 09:26:42 AM,2100.4,0,0.0,136674630.5000001
2025-08-01 09:26:43 AM,2101.0,20,42020.0,136716650.5000001
2025-08-01 09:26:45 AM,2101.5,5,10507.5,136727158.0000001
2025-08-01 09:26:47 AM,2101.5,1,2101.5,136729259.5000001
2025-08-01 09:26:48 AM,2101.6,53,111384.79999999999,136840644.3000001
2025-08-01 09:26:48 AM,2101.8,81,170245.80000000002,137010890.1000001
2025-08-01 09:26:49 AM,2101.8,12,25221.600000000002,137036111.7000001
2025-08-01 09:26:53 AM,2103.3,49,103061.70000000001,137139173.4000001
2025-08-01 09:26:53 AM,2104.5,0,0.0,137139173.4000001
2025-08-01 09:26:54 AM,2104.5,4,8418.0,137147591.4000001
2025-08-01 09:26:59 AM,2104.8,0,0.0,137147591.4000001
2025-08-01 09:27:00 AM,2104.8,25,52620.00000000001,137200211.4000001
2025-08-01 09:27:01 AM,2105.7,0,0.0,137200211.4000001
2025-08-01 09:27:01 AM,2105.8,0,0.0,137200211.4000001
2025-08-01 09:27:02 AM,2105.8,97,204262.6,137404474.0000001
2025-08-01 09:27:03 AM,2106.4,0,0.0,137404474.0000001
2025-08-01 09:27:03 AM,2107.4,0,0.0,137404474.0000001
2025-08-01 09:27:04 AM,2107.4,41,86403.40000000001,137490877.4000001
2025-08-01 09:27:04 AM,2107.9,0,0.0,137490877.4000001
2025-08-01 09:27:05 AM,2107.9,100,210790.0,137701667.4000001
2025-08-01 09:27:05 AM,2107.5,0,0.0,137701667.4000001
2025-08-01 09:27:06 AM,2107.5,24,50580.0,137752247.4000001
2025-08-01 09:27:07 AM,2106.2,0,0.0,137752247.4000001
2025-08-01 09:27:08 AM,2106.2,8,16849.6,137769097.0000001
2025-08-01 09:27:10 AM,2107.6,0,0.0,137769097.0000001
2025-08-01 09:27:11 AM,2107.6,52,109595.2,137878692.20000008
2025-08-01 09:27:13 AM,2107.6,7,14753.199999999999,137893445.40000007
2025-08-01 09:27:13 AM,2107.5,0,0.0,137893445.40000007
2025-08-01 09:27:14 AM,2107.5,2,4215.0,137897660.40000007
2025-08-01 09:27:16 AM,2108.2,2,4216.4,137901876.80000007
2025-08-01 09:27:17 AM,2109.3,14,29530.200000000004,137931407.00000006
2025-08-01 09:27:17 AM,2108.6,0,0.0,137931407.00000006
2025-08-01 09:27:18 AM,2109.5,161,339629.5,138271036.50000006
2025-08-01 09:27:18 AM,2108.4,0,0.0,138271036.50000006
2025-08-01 09:27:19 AM,2108.3,60,126498.00000000001,138397534.50000006
2025-08-01 09:27:19 AM,2109.5,23,48518.5,138446053.00000006
2025-08-01 09:27:20 AM,2110.0,0,0.0,138446053.00000006
2025-08-01 09:27:21 AM,2110.0,35,73850.0,138519903.00000006
2025-08-01 09:27:22 AM,2108.9,0,0.0,138519903.00000006
2025-08-01 09:27:23 AM,2108.9,43,90682.7,138610585.70000005
2025-08-01 09:27:23 AM,2109.8,0,0.0,138610585.70000005
2025-08-01 09:27:24 AM,2109.8,1,2109.8,138612695.50000006
2025-08-01 09:27:24 AM,2108.9,0,0.0,138612695.50000006
2025-08-01 09:27:25 AM,2108.9,3,6326.700000000001,138619022.20000005
2025-08-01 09:27:25 AM,2108.1,0,0.0,138619022.20000005
2025-08-01 09:27:26 AM,2108.1,381,803186.1,139422208.30000004
2025-08-01 09:27:27 AM,2108.3,50,105415.00000000001,139527623.30000004
2025-08-01 09:27:27 AM,2107.0,48,101136.0,139628759.30000004
2025-08-01 09:27:27 AM,2108.2,0,0.0,139628759.30000004
2025-08-01 09:27:28 AM,2108.2,1,2108.2,139630867.50000003
2025-08-01 09:27:29 AM,2108.4,0,0.0,139630867.50000003
2025-08-01 09:27:30 AM,2108.4,25,52710.0,139683577.50000003
2025-08-01 09:27:33 AM,2108.0,0,0.0,139683577.50000003
2025-08-01 09:27:33 AM,2108.0,10,21080.0,139704657.50000003
2025-08-01 09:27:34 AM,2108.0,24,50592.0,139755249.50000003
2025-08-01 09:27:36 AM,2107.4,74,155947.6,139911197.10000002
2025-08-01 09:27:37 AM,2107.3,8,16858.4,139928055.50000003
2025-08-01 09:27:38 AM,2107.8,0,0.0,139928055.50000003
2025-08-01 09:27:38 AM,2107.8,5,10539.0,139938594.50000003
2025-08-01 09:27:45 AM,2107.5,0,0.0,139938594.50000003
2025-08-01 09:27:45 AM,2107.5,33,69547.5,140008142.00000003
2025-08-01 09:27:47 AM,2105.1,0,0.0,140008142.00000003
2025-08-01 09:27:47 AM,2105.1,50,105255.0,140113397.00000003
2025-08-01 09:27:48 AM,2105.5,0,0.0,140113397.00000003
2025-08-01 09:27:48 AM,2105.5,12,25266.0,140138663.00000003
2025-08-01 09:27:49 AM,2105.9,0,0.0,140138663.00000003
2025-08-01 09:27:49 AM,2105.9,136,286402.4,140425065.40000004
2025-08-01 09:27:50 AM,2106.1,0,0.0,140425065.40000004
2025-08-01 09:27:50 AM,2106.1,10,21061.0,140446126.40000004
2025-08-01 09:27:51 AM,2105.6,40,84224.0,140530350.40000004
2025-08-01 09:28:01 AM,2106.8,1,2106.8,140532457.20000005
2025-08-01 09:28:02 AM,2106.1,0,0.0,140532457.20000005
2025-08-01 09:28:03 AM,2106.1,54,113729.4,140646186.60000005
2025-08-01 09:28:03 AM,2105.4,0,0.0,140646186.60000005
2025-08-01 09:28:04 AM,2105.4,8,16843.2,140663029.80000004
2025-08-01 09:28:06 AM,2106.1,5,10530.5,140673560.30000004
2025-08-01 09:28:06 AM,2105.3,0,0.0,140673560.30000004
2025-08-01 09:28:07 AM,2105.3,1,2105.3,140675665.60000005
2025-08-01 09:28:09 AM,2106.1,10,21061.0,140696726.60000005
2025-08-01 09:28:12 AM,2105.0,0,0.0,140696726.60000005
2025-08-01 09:28:13 AM,2105.0,610,1284050.0,141980776.60000005
2025-08-01 09:28:13 AM,2103.6,0,0.0,141980776.60000005
2025-08-01 09:28:14 AM,2103.6,66,138837.6,142119614.20000005
2025-08-01 09:28:15 AM,2103.7,14,29451.799999999996,142149066.00000006
2025-08-01 09:28:18 AM,2104.7,0,0.0,142149066.00000006
2025-08-01 09:28:19 AM,2104.7,7,14732.899999999998,142163798.90000007
2025-08-01 09:28:21 AM,2105.0,25,52625.0,142216423.90000007
2025-08-01 09:28:22 AM,2105.0,13,27365.0,142243788.90000007
2025-08-01 09:28:22 AM,2105.1,134,282083.39999999997,142525872.30000007
2025-08-01 09:28:23 AM,2104.9,10,21049.0,142546921.30000007
2025-08-01 09:28:23 AM,2105.0,2,4210.0,142551131.30000007
2025-08-01 09:28:24 AM,2106.0,0,0.0,142551131.30000007
2025-08-01 09:28:25 AM,2106.0,1,2106.0,142553237.30000007
2025-08-01 09:28:28 AM,2105.4,0,0.0,142553237.30000007
2025-08-01 09:28:28 AM,2105.4,1,2105.4,142555342.70000008
2025-08-01 09:28:30 AM,2104.0,0,0.0,142555342.70000008
2025-08-01 09:28:31 AM,2103.5,0,0.0,142555342.70000008
2025-08-01 09:28:31 AM,2103.5,112,235592.0,142790934.70000008
2025-08-01 09:28:32 AM,2102.1,12,25225.199999999997,142816159.90000007
2025-08-01 09:28:32 AM,2103.0,0,0.0,142816159.90000007
2025-08-01 09:28:33 AM,2103.0,20,42060.0,142858219.90000007
2025-08-01 09:28:33 AM,2103.3,0,0.0,142858219.90000007
2025-08-01 09:28:34 AM,2103.3,10,21033.0,142879252.90000007
2025-08-01 09:28:39 AM,2102.6,0,0.0,142879252.90000007
2025-08-01 09:28:39 AM,2102.6,75,157695.0,143036947.90000007
2025-08-01 09:28:46 AM,2102.8,0,0.0,143036947.90000007
2025-08-01 09:28:46 AM,2102.8,10,21028.0,143057975.90000007
2025-08-01 09:28:46 AM,2103.1,0,0.0,143057975.90000007
2025-08-01 09:28:46 AM,2103.1,66,138804.6,143196780.50000006
2025-08-01 09:28:47 AM,2102.0,6,12612.0,143209392.50000006
2025-08-01 09:28:49 AM,2103.1,10,21031.0,143230423.50000006
2025-08-01 09:28:51 AM,2102.0,12,25224.0,143255647.50000006
2025-08-01 09:28:51 AM,2102.6,15,31539.0,143287186.50000006
2025-08-01 09:28:52 AM,2102.6,10,21026.0,143308212.50000006
2025-08-01 09:28:55 AM,2103.2,0,0.0,143308212.50000006
2025-08-01 09:28:55 AM,2103.2,10,21032.0,143329244.50000006
2025-08-01 09:28:56 AM,2103.3,57,119888.1,143449132.60000005
2025-08-01 09:28:57 AM,2104.0,43,90472.0,143539604.60000005
2025-08-01 09:28:58 AM,2104.0,10,21040.0,143560644.60000005
2025-08-01 09:28:58 AM,2103.7,25,52592.49999999999,143613237.10000005
2025-08-01 09:28:59 AM,2104.6,25,52615.0,143665852.10000005
2025-08-01 09:29:00 AM,2104.0,6,12624.0,143678476.10000005
2025-08-01 09:29:01 AM,2105.0,0,0.0,143678476.10000005
2025-08-01 09:29:02 AM,2105.0,2,4210.0,143682686.10000005
2025-08-01 09:29:04 AM,2104.2,0,0.0,143682686.10000005
2025-08-01 09:29:05 AM,2104.2,22,46292.399999999994,143728978.50000006
2025-08-01 09:29:09 AM,2104.7,0,0.0,143728978.50000006
2025-08-01 09:29:09 AM,2104.7,22,46303.399999999994,143775281.90000007
2025-08-01 09:29:11 AM,2103.9,0,0.0,143775281.90000007
2025-08-01 09:29:11 AM,2103.9,12,25246.800000000003,143800528.70000008
2025-08-01 09:29:12 AM,2104.0,6,12624.0,143813152.70000008
2025-08-01 09:29:14 AM,2104.0,5,10520.0,143823672.70000008
2025-08-01 09:29:19 AM,2104.0,50,105200.0,143928872.70000008
2025-08-01 09:29:20 AM,2103.6,0,0.0,143928872.70000008
2025-08-01 09:29:21 AM,2103.6,61,128319.59999999999,144057192.30000007
2025-08-01 09:29:22 AM,2102.8,12,25233.600000000002,144082425.90000007
2025-08-01 09:29:22 AM,2103.9,25,52597.5,144135023.40000007
2025-08-01 09:29:27 AM,2103.4,20,42068.0,144177091.40000007
2025-08-01 09:29:31 AM,2103.6,0,0.0,144177091.40000007
2025-08-01 09:29:32 AM,2103.6,25,52590.0,144229681.40000007
2025-08-01 09:29:32 AM,2102.6,0,0.0,144229681.40000007
2025-08-01 09:29:33 AM,2103.2,17,35754.399999999994,144265435.80000007
2025-08-01 09:29:37 AM,2103.3,3,6309.900000000001,144271745.70000008
2025-08-01 09:29:39 AM,2103.3,25,52582.50000000001,144324328.20000008
2025-08-01 09:29:41 AM,2102.1,12,25225.199999999997,144349553.40000007
2025-08-01 09:29:42 AM,2102.1,5,10510.5,144360063.90000007
2025-08-01 09:29:48 AM,2103.1,10,21031.0,144381094.90000007
2025-08-01 09:29:52 AM,2103.3,1,2103.3,144383198.20000008
2025-08-01 09:29:53 AM,2106.5,715,1506147.5,145889345.70000008
2025-08-01 09:29:54 AM,2104.0,60,126240.0,146015585.70000008
2025-08-01 09:29:55 AM,2103.8,133,279805.4,146295391.10000008
2025-08-01 09:29:56 AM,2103.5,14,29449.0,146324840.10000008
2025-08-01 09:30:02 AM,2103.5,23,48380.5,146373220.60000008
2025-08-01 09:30:04 AM,2103.5,10,21035.0,146394255.60000008
2025-08-01 09:30:11 AM,2103.2,5,10516.0,146404771.60000008
2025-08-01 09:30:13 AM,2103.1,1,2103.1,146406874.70000008
2025-08-01 09:30:18 AM,2102.0,142,298484.0,146705358.70000008
2025-08-01 09:30:20 AM,2100.4,0,0.0,146705358.70000008
2025-08-01 09:30:20 AM,2100.4,100,210040.0,146915398.70000008
2025-08-01 09:30:22 AM,2100.9,0,0.0,146915398.70000008
2025-08-01 09:30:23 AM,2100.0,0,0.0,146915398.70000008
2025-08-01 09:30:23 AM,2100.0,90,189000.0,147104398.70000008
2025-08-01 09:30:25 AM,2100.8,1,2100.8,147106499.5000001
2025-08-01 09:30:26 AM,2100.0,0,0.0,147106499.5000001
2025-08-01 09:30:27 AM,2100.8,0,0.0,147106499.5000001
2025-08-01 09:30:27 AM,2100.8,3,6302.400000000001,147112801.9000001
2025-08-01 09:30:30 AM,2100.0,40,84000.0,147196801.9000001
2025-08-01 09:30:32 AM,2100.1,1,2100.1,147198902.0000001
2025-08-01 09:30:35 AM,2101.2,55,115565.99999999999,147314468.0000001
2025-08-01 09:30:36 AM,2101.2,1,2101.2,147316569.20000008
2025-08-01 09:30:37 AM,2101.9,3,6305.700000000001,147322874.90000007
2025-08-01 09:30:37 AM,2101.3,0,0.0,147322874.90000007
2025-08-01 09:30:38 AM,2101.3,20,42026.0,147364900.90000007
2025-08-01 09:30:43 AM,2101.9,10,21019.0,147385919.90000007
2025-08-01 09:30:48 AM,2101.7,1,2101.7,147388021.60000005
2025-08-01 09:30:48 AM,2101.8,0,0.0,147388021.60000005
2025-08-01 09:30:49 AM,2101.8,1,2101.8,147390123.40000007
2025-08-01 09:30:49 AM,2102.8,1000,2102800.0,149492923.40000007
2025-08-01 09:30:50 AM,2102.5,0,0.0,149492923.40000007
2025-08-01 09:30:51 AM,2101.0,96,201696.0,149694619.40000007
2025-08-01 09:30:51 AM,2100.9,0,0.0,149694619.40000007
2025-08-01 09:30:52 AM,2100.9,22,46219.8,149740839.20000008
2025-08-01 09:30:57 AM,2102.3,0,0.0,149740839.20000008
2025-08-01 09:30:58 AM,2102.3,1,2102.3,149742941.5000001
2025-08-01 09:31:01 AM,2099.7,431,904970.7,150647912.20000008
2025-08-01 09:31:01 AM,2099.3,0,0.0,150647912.20000008
2025-08-01 09:31:02 AM,2099.3,1472,3090169.6,153738081.80000007
2025-08-01 09:31:03 AM,2099.0,84,176316.0,153914397.80000007
2025-08-01 09:31:03 AM,2099.2,0,0.0,153914397.80000007
2025-08-01 09:31:03 AM,2099.2,111,233011.19999999998,154147409.00000006
2025-08-01 09:31:04 AM,2098.5,0,0.0,154147409.00000006
2025-08-01 09:31:05 AM,2098.5,153,321070.5,154468479.50000006
2025-08-01 09:31:05 AM,2099.7,25,52492.49999999999,154520972.00000006
2025-08-01 09:31:05 AM,2099.1,0,0.0,154520972.00000006
2025-08-01 09:31:06 AM,2099.1,75,157432.5,154678404.50000006
2025-08-01 09:31:07 AM,2099.9,32,67196.8,154745601.30000007
2025-08-01 09:31:07 AM,2099.1,0,0.0,154745601.30000007
2025-08-01 09:31:08 AM,2099.1,100,209910.0,154955511.30000007
2025-08-01 09:31:08 AM,2099.8,0,0.0,154955511.30000007
2025-08-01 09:31:09 AM,2099.8,21,44095.8,154999607.10000008
2025-08-01 09:31:11 AM,2100.0,10,21000.0,155020607.10000008
2025-08-01 09:31:13 AM,2099.5,5,10497.5,155031104.60000008
2025-08-01 09:31:15 AM,2100.0,0,0.0,155031104.60000008
2025-08-01 09:31:16 AM,2100.0,1,2100.0,155033204.60000008
2025-08-01 09:31:16 AM,2100.3,0,0.0,155033204.60000008
2025-08-01 09:31:17 AM,2100.3,63,132318.90000000002,155165523.5000001
2025-08-01 09:31:27 AM,2103.1,0,0.0,155165523.5000001
2025-08-01 09:31:28 AM,2103.1,100,210310.0,155375833.5000001
2025-08-01 09:31:32 AM,2102.5,6,12615.0,155388448.5000001
2025-08-01 09:31:33 AM,2103.4,13,27344.2,155415792.70000008
2025-08-01 09:31:37 AM,2103.4,10,21034.0,155436826.70000008
2025-08-01 09:31:38 AM,2103.0,4,8412.0,155445238.70000008
2025-08-01 09:31:39 AM,2103.4,0,0.0,155445238.70000008
2025-08-01 09:31:39 AM,2103.4,2,4206.8,155449445.5000001
2025-08-01 09:31:46 AM,2103.6,196,412305.6,155861751.10000008
2025-08-01 09:31:46 AM,2105.3,77,162108.1,156023859.20000008
2025-08-01 09:31:48 AM,2105.3,24,50527.200000000004,156074386.40000007
2025-08-01 09:31:49 AM,2105.9,25,52647.5,156127033.90000007
2025-08-01 09:31:50 AM,2106.2,0,0.0,156127033.90000007
2025-08-01 09:31:50 AM,2106.2,100,210619.99999999997,156337653.90000007
2025-08-01 09:31:52 AM,2107.0,0,0.0,156337653.90000007
2025-08-01 09:31:53 AM,2107.0,10,21070.0,156358723.90000007
2025-08-01 09:31:54 AM,2106.6,0,0.0,156358723.90000007
2025-08-01 09:31:55 AM,2106.6,24,50558.399999999994,156409282.30000007
2025-08-01 09:31:56 AM,2106.7,100,210669.99999999997,156619952.30000007
2025-08-01 09:31:57 AM,2106.7,31,65307.7,156685260.00000006
2025-08-01 09:32:00 AM,2107.1,0,0.0,156685260.00000006
2025-08-01 09:32:00 AM,2107.1,100,210710.0,156895970.00000006
2025-08-01 09:32:01 AM,2107.0,20,42140.0,156938110.00000006
2025-08-01 09:32:01 AM,2107.0,5,10535.0,156948645.00000006
2025-08-01 09:32:02 AM,2107.0,75,158025.0,157106670.00000006
2025-08-01 09:32:04 AM,2107.0,70,147490.0,157254160.00000006
2025-08-01 09:32:07 AM,2107.0,53,111671.0,157365831.00000006
2025-08-01 09:32:11 AM,2107.3,0,0.0,157365831.00000006
2025-08-01 09:32:12 AM,2107.3,111,233910.30000000002,157599741.30000007
2025-08-01 09:32:13 AM,2108.8,0,0.0,157599741.30000007
2025-08-01 09:32:14 AM,2109.3,45,94918.50000000001,157694659.80000007
2025-08-01 09:32:15 AM,2109.3,11,23202.300000000003,157717862.10000008
2025-08-01 09:32:16 AM,2109.3,53,111792.90000000001,157829655.0000001
2025-08-01 09:32:17 AM,2109.7,0,0.0,157829655.0000001
2025-08-01 09:32:17 AM,2109.7,39,82278.29999999999,157911933.3000001
2025-08-01 09:32:18 AM,2109.9,0,0.0,157911933.3000001
2025-08-01 09:32:18 AM,2109.9,1,2109.9,157914043.2000001
2025-08-01 09:32:18 AM,2108.7,0,0.0,157914043.2000001
2025-08-01 09:32:19 AM,2108.7,5,10543.5,157924586.7000001
2025-08-01 09:32:20 AM,2109.9,0,0.0,157924586.7000001
2025-08-01 09:32:21 AM,2109.9,30,63297.0,157987883.7000001
2025-08-01 09:32:22 AM,2109.7,10,21097.0,158008980.7000001
2025-08-01 09:32:25 AM,2110.0,95,200450.0,158209430.7000001
2025-08-01 09:32:27 AM,2110.0,599,1263890.0,159473320.7000001
2025-08-01 09:32:28 AM,2111.0,63,132993.0,159606313.7000001
2025-08-01 09:32:28 AM,2111.7,10,21117.0,159627430.7000001
2025-08-01 09:32:29 AM,2111.9,0,0.0,159627430.7000001
2025-08-01 09:32:29 AM,2111.9,25,52797.5,159680228.2000001
2025-08-01 09:32:30 AM,2112.0,24,50688.0,159730916.2000001
2025-08-01 09:32:30 AM,2110.5,227,479083.5,160209999.7000001
2025-08-01 09:32:32 AM,2109.9,0,0.0,160209999.7000001
2025-08-01 09:32:33 AM,2109.9,220,464178.0,160674177.7000001
2025-08-01 09:32:34 AM,2110.5,0,0.0,160674177.7000001
2025-08-01 09:32:35 AM,2110.5,147,310243.5,160984421.2000001
2025-08-01 09:32:35 AM,2110.6,0,0.0,160984421.2000001
2025-08-01 09:32:36 AM,2110.6,15,31659.0,161016080.2000001
2025-08-01 09:32:37 AM,2110.7,5,10553.5,161026633.7000001
2025-08-01 09:32:37 AM,2110.0,0,0.0,161026633.7000001
2025-08-01 09:32:38 AM,2109.4,0,0.0,161026633.7000001
2025-08-01 09:32:38 AM,2109.4,86,181408.4,161208042.1000001
2025-08-01 09:32:38 AM,2109.3,0,0.0,161208042.1000001
2025-08-01 09:32:39 AM,2109.0,102,215118.0,161423160.1000001
2025-08-01 09:32:39 AM,2107.3,0,0.0,161423160.1000001
2025-08-01 09:32:40 AM,2107.3,30,63219.00000000001,161486379.1000001
2025-08-01 09:32:40 AM,2108.2,0,0.0,161486379.1000001
2025-08-01 09:32:41 AM,2108.2,20,42164.0,161528543.1000001
2025-08-01 09:32:44 AM,2109.3,0,0.0,161528543.1000001
2025-08-01 09:32:45 AM,2109.3,2,4218.6,161532761.7000001
2025-08-01 09:32:47 AM,2109.3,1,2109.3,161534871.00000012
2025-08-01 09:32:50 AM,2109.1,15,31636.5,161566507.50000012
2025-08-01 09:32:53 AM,2109.7,0,0.0,161566507.50000012
2025-08-01 09:32:53 AM,2109.7,560,1181432.0,162747939.50000012
2025-08-01 09:32:54 AM,2109.5,55,116022.5,162863962.00000012
2025-08-01 09:32:58 AM,2110.7,1,2110.7,162866072.7000001
2025-08-01 09:33:01 AM,2109.7,0,0.0,162866072.7000001
2025-08-01 09:33:02 AM,2109.7,43,90717.09999999999,162956789.8000001
2025-08-01 09:33:03 AM,2110.4,0,0.0,162956789.8000001
2025-08-01 09:33:04 AM,2110.4,15,31656.0,162988445.8000001
2025-08-01 09:33:11 AM,2110.4,5,10552.0,162998997.8000001
2025-08-01 09:33:12 AM,2109.6,0,0.0,162998997.8000001
2025-08-01 09:33:13 AM,2109.6,41,86493.59999999999,163085491.4000001
2025-08-01 09:33:15 AM,2110.4,0,0.0,163085491.4000001
2025-08-01 09:33:16 AM,2110.4,1,2110.4,163087601.8000001
2025-08-01 09:33:18 AM,2110.4,5,10552.0,163098153.8000001
2025-08-01 09:33:19 AM,2110.4,5,10552.0,163108705.8000001
2025-08-01 09:33:20 AM,2110.8,155,327174.0,163435879.8000001
2025-08-01 09:33:22 AM,2110.5,30,63315.0,163499194.8000001
2025-08-01 09:33:24 AM,2112.6,800,1690080.0,165189274.8000001
2025-08-01 09:33:25 AM,2111.2,0,0.0,165189274.8000001
2025-08-01 09:33:25 AM,2111.2,50,105559.99999999999,165294834.8000001
2025-08-01 09:33:25 AM,2111.1,0,0.0,165294834.8000001
2025-08-01 09:33:25 AM,2111.1,75,158332.5,165453167.3000001
2025-08-01 09:33:27 AM,2112.8,0,0.0,165453167.3000001
2025-08-01 09:33:28 AM,2112.8,20,42256.0,165495423.3000001
2025-08-01 09:33:29 AM,2111.6,240,506784.0,166002207.3000001
2025-08-01 09:33:29 AM,2113.0,0,0.0,166002207.3000001
2025-08-01 09:33:30 AM,2113.0,21,44373.0,166046580.3000001
2025-08-01 09:33:31 AM,2112.2,100,211219.99999999997,166257800.3000001
2025-08-01 09:33:31 AM,2113.6,0,0.0,166257800.3000001
2025-08-01 09:33:32 AM,2113.6,25,52840.0,166310640.3000001
2025-08-01 09:33:32 AM,2112.4,133,280949.2,166591589.5000001
2025-08-01 09:33:37 AM,2112.7,5,10563.5,166602153.0000001
2025-08-01 09:33:38 AM,2112.7,3,6338.099999999999,166608491.10000008
2025-08-01 09:33:38 AM,2111.9,15,31678.5,166640169.60000008
2025-08-01 09:33:39 AM,2112.7,4,8450.8,166648620.4000001
2025-08-01 09:33:41 AM,2113.0,157,331741.0,166980361.4000001
2025-08-01 09:33:42 AM,2113.0,10,21130.0,167001491.4000001
2025-08-01 09:33:45 AM,2113.0,286,604318.0,167605809.4000001
2025-08-01 09:33:48 AM,2114.0,0,0.0,167605809.4000001
2025-08-01 09:33:49 AM,2114.0,1,2114.0,167607923.4000001
2025-08-01 09:33:51 AM,2113.6,136,287449.6,167895373.0000001
2025-08-01 09:33:51 AM,2114.1,0,0.0,167895373.0000001
2025-08-01 09:33:52 AM,2114.0,51,107814.0,168003187.0000001
2025-08-01 09:33:53 AM,2114.0,10,21140.0,168024327.0000001
2025-08-01 09:33:54 AM,2113.0,0,0.0,168024327.0000001
2025-08-01 09:33:55 AM,2113.0,5,10565.0,168034892.0000001
2025-08-01 09:33:56 AM,2114.0,0,0.0,168034892.0000001
2025-08-01 09:33:56 AM,2114.0,10,21140.0,168056032.0000001
2025-08-01 09:33:56 AM,2114.0,3,6342.0,168062374.0000001
2025-08-01 09:33:57 AM,2114.0,103,217742.0,168280116.0000001
2025-08-01 09:33:58 AM,2113.7,13,27478.1,168307594.10000008
2025-08-01 09:33:59 AM,2113.7,15,31705.499999999996,168339299.60000008
2025-08-01 09:34:00 AM,2113.0,0,0.0,168339299.60000008
2025-08-01 09:34:01 AM,2113.0,44,92972.0,168432271.60000008
2025-08-01 09:34:01 AM,2113.6,0,0.0,168432271.60000008
2025-08-01 09:34:02 AM,2113.6,1,2113.6,168434385.20000008
2025-08-01 09:34:06 AM,2113.8,42,88779.6,168523164.80000007
2025-08-01 09:34:07 AM,2113.9,0,0.0,168523164.80000007
2025-08-01 09:34:07 AM,2113.9,10,21139.0,168544303.80000007
2025-08-01 09:34:10 AM,2113.8,10,21138.0,168565441.80000007
2025-08-01 09:34:20 AM,2113.0,0,0.0,168565441.80000007
2025-08-01 09:34:21 AM,2113.0,80,169040.0,168734481.80000007
2025-08-01 09:34:27 AM,2112.0,50,105600.0,168840081.80000007
2025-08-01 09:34:30 AM,2111.8,43,90807.40000000001,168930889.20000008
2025-08-01 09:34:31 AM,2111.8,131,276645.80000000005,169207535.0000001
2025-08-01 09:34:32 AM,2111.0,5,10555.0,169218090.0000001
2025-08-01 09:34:37 AM,2111.0,28,59108.0,169277198.0000001
2025-08-01 09:34:37 AM,2110.0,6,12660.0,169289858.0000001
2025-08-01 09:34:41 AM,2110.8,0,0.0,169289858.0000001
2025-08-01 09:34:41 AM,2110.8,40,84432.0,169374290.0000001
2025-08-01 09:34:46 AM,2109.6,0,0.0,169374290.0000001
2025-08-01 09:34:46 AM,2109.6,139,293234.39999999997,169667524.4000001
2025-08-01 09:34:46 AM,2110.0,0,0.0,169667524.4000001
2025-08-01 09:34:47 AM,2109.0,11,23199.0,169690723.4000001
2025-08-01 09:34:49 AM,2110.0,0,0.0,169690723.4000001
2025-08-01 09:34:49 AM,2110.0,1,2110.0,169692833.4000001
2025-08-01 09:34:57 AM,2109.0,0,0.0,169692833.4000001
2025-08-01 09:34:58 AM,2109.0,36,75924.0,169768757.4000001
2025-08-01 09:35:03 AM,2109.3,0,0.0,169768757.4000001
2025-08-01 09:35:06 AM,2109.3,30,63279.00000000001,169832036.4000001
2025-08-01 09:35:08 AM,2108.1,0,0.0,169832036.4000001
2025-08-01 09:35:13 AM,2107.0,0,0.0,169832036.4000001
2025-08-01 09:35:13 AM,2107.0,378,796446.0,170628482.4000001
2025-08-01 09:35:17 AM,2107.7,0,0.0,170628482.4000001
2025-08-01 09:35:20 AM,2108.3,908,1914336.4000000001,172542818.8000001
2025-08-01 09:35:23 AM,2107.3,0,0.0,172542818.8000001
2025-08-01 09:35:27 AM,2107.3,112,236017.60000000003,172778836.4000001
2025-08-01 09:35:28 AM,2107.8,0,0.0,172778836.4000001
2025-08-01 09:35:34 AM,2109.3,2182,4602492.600000001,177381329.0000001
2025-08-01 09:35:41 AM,2109.3,319,672866.7000000001,178054195.70000008
2025-08-01 09:35:41 AM,2110.0,4,8440.0,178062635.70000008
2025-08-01 09:35:48 AM,2110.0,106,223660.0,178286295.70000008
2025-08-01 09:35:48 AM,2110.4,0,0.0,178286295.70000008
2025-08-01 09:35:52 AM,2109.4,0,0.0,178286295.70000008
2025-08-01 09:35:54 AM,2109.4,132,278440.8,178564736.5000001
2025-08-01 09:35:57 AM,2110.5,0,0.0,178564736.5000001
2025-08-01 09:36:00 AM,2110.9,22,46439.8,178611176.3000001
2025-08-01 09:36:01 AM,2111.0,74,156214.0,178767390.3000001
2025-08-01 09:36:07 AM,2112.0,0,0.0,178767390.3000001
2025-08-01 09:36:07 AM,2112.0,20,42240.0,178809630.3000001
2025-08-01 09:36:09 AM,2112.4,0,0.0,178809630.3000001
2025-08-01 09:36:09 AM,2112.4,93,196453.2,179006083.5000001
2025-08-01 09:36:09 AM,2113.6,25,52840.0,179058923.5000001
2025-08-01 09:36:11 AM,2113.8,0,0.0,179058923.5000001
2025-08-01 09:36:12 AM,2113.8,115,243087.00000000003,179302010.5000001
2025-08-01 09:36:13 AM,2113.8,56,118372.80000000002,179420383.3000001
2025-08-01 09:36:14 AM,2113.6,50,105680.0,179526063.3000001
2025-08-01 09:36:15 AM,2113.8,100,211380.00000000003,179737443.3000001
2025-08-01 09:36:16 AM,2113.7,7,14795.899999999998,179752239.2000001
2025-08-01 09:36:16 AM,2112.9,0,0.0,179752239.2000001
2025-08-01 09:36:17 AM,2112.9,83,175370.7,179927609.9000001
2025-08-01 09:36:19 AM,2113.1,0,0.0,179927609.9000001
2025-08-01 09:36:20 AM,2113.1,1,2113.1,179929723.0000001
2025-08-01 09:36:22 AM,2113.1,30,63393.0,179993116.0000001
2025-08-01 09:36:23 AM,2113.1,3,6339.299999999999,179999455.3000001
2025-08-01 09:36:24 AM,2113.1,1,2113.1,180001568.4000001
2025-08-01 09:36:26 AM,2113.1,1,2113.1,180003681.5000001
2025-08-01 09:36:28 AM,2113.1,2,4226.2,180007907.70000008
2025-08-01 09:36:33 AM,2113.1,13,27470.3,180035378.0000001
2025-08-01 09:36:34 AM,2113.3,100,211330.00000000003,180246708.0000001
2025-08-01 09:36:36 AM,2113.5,1,2113.5,180248821.5000001
2025-08-01 09:36:40 AM,2113.5,13,27475.5,180276297.0000001
2025-08-01 09:36:41 AM,2113.8,0,0.0,180276297.0000001
2025-08-01 09:36:42 AM,2113.8,2,4227.6,180280524.60000008
2025-08-01 09:36:43 AM,2113.8,10,21138.0,180301662.60000008
2025-08-01 09:36:44 AM,2113.8,6,12682.800000000001,180314345.4000001
2025-08-01 09:36:45 AM,2113.3,1,2113.3,180316458.7000001
2025-08-01 09:36:52 AM,2113.8,0,0.0,180316458.7000001
2025-08-01 09:36:52 AM,2113.8,2,4227.6,180320686.3000001
2025-08-01 09:36:58 AM,2113.8,2,4227.6,180324913.9000001
2025-08-01 09:37:00 AM,2113.1,4,8452.4,180333366.3000001
2025-08-01 09:37:02 AM,2113.6,0,0.0,180333366.3000001
2025-08-01 09:37:06 AM,2112.1,0,0.0,180333366.3000001
2025-08-01 09:37:06 AM,2111.8,0,0.0,180333366.3000001
2025-08-01 09:37:07 AM,2111.8,328,692670.4,181026036.7000001
2025-08-01 09:37:10 AM,2111.2,0,0.0,181026036.7000001
2025-08-01 09:37:12 AM,2112.1,0,0.0,181026036.7000001
2025-08-01 09:37:14 AM,2112.1,62,130950.2,181156986.9000001
2025-08-01 09:37:21 AM,2112.1,10,21121.0,181178107.9000001
2025-08-01 09:37:26 AM,2111.1,0,0.0,181178107.9000001
2025-08-01 09:37:27 AM,2111.6,0,0.0,181178107.9000001
2025-08-01 09:37:28 AM,2111.6,8,16892.8,181195000.7000001
2025-08-01 09:37:32 AM,2111.8,0,0.0,181195000.7000001
2025-08-01 09:37:35 AM,2111.9,0,0.0,181195000.7000001
2025-08-01 09:37:35 AM,2111.9,137,289330.3,181484331.00000012
2025-08-01 09:37:40 AM,2112.0,0,0.0,181484331.00000012
2025-08-01 09:37:40 AM,2112.1,0,0.0,181484331.00000012
2025-08-01 09:37:42 AM,2112.1,224,473110.39999999997,181957441.40000013
2025-08-01 09:37:42 AM,2112.7,3,6338.099999999999,181963779.50000012
2025-08-01 09:37:44 AM,2113.5,0,0.0,181963779.50000012
2025-08-01 09:37:48 AM,2113.2,1038,2193501.5999999996,184157281.1000001
2025-08-01 09:37:49 AM,2111.9,96,202742.40000000002,184360023.50000012
2025-08-01 09:37:50 AM,2112.9,0,0.0,184360023.50000012
2025-08-01 09:37:52 AM,2112.2,0,0.0,184360023.50000012
2025-08-01 09:37:55 AM,2112.1,139,293581.89999999997,184653605.40000013
2025-08-01 09:37:56 AM,2111.8,0,0.0,184653605.40000013
2025-08-01 09:38:00 AM,2111.5,0,0.0,184653605.40000013
2025-08-01 09:38:01 AM,2111.5,626,1321799.0,185975404.40000013
2025-08-01 09:38:06 AM,2108.5,0,0.0,185975404.40000013
2025-08-01 09:38:08 AM,2109.5,0,0.0,185975404.40000013
2025-08-01 09:38:09 AM,2109.5,200,421900.0,186397304.40000013
2025-08-01 09:38:12 AM,2110.2,0,0.0,186397304.40000013
2025-08-01 09:38:16 AM,2109.8,172,362885.60000000003,186760190.00000012
2025-08-01 09:38:18 AM,2110.6,0,0.0,186760190.00000012
2025-08-01 09:38:18 AM,2110.5,0,0.0,186760190.00000012
2025-08-01 09:38:22 AM,2109.8,155,327019.0,187087209.00000012
2025-08-01 09:38:29 AM,2109.8,126,265834.80000000005,187353043.80000013
2025-08-01 09:38:46 AM,2110.4,0,0.0,187353043.80000013
2025-08-01 09:38:49 AM,2110.4,4,8441.6,187361485.40000013
2025-08-01 09:38:55 AM,2110.4,2,4220.8,187365706.20000014
2025-08-01 09:39:00 AM,2110.5,49,103414.5,187469120.70000014
2025-08-01 09:39:01 AM,2109.9,0,0.0,187469120.70000014
2025-08-01 09:39:01 AM,2109.9,25,52747.5,187521868.20000014
2025-08-01 09:39:01 AM,2109.9,24,50637.600000000006,187572505.80000013
2025-08-01 09:39:04 AM,2110.4,0,0.0,187572505.80000013
2025-08-01 09:39:04 AM,2110.4,10,21104.0,187593609.80000013
2025-08-01 09:39:09 AM,2109.8,62,130807.6,187724417.40000013
2025-08-01 09:39:10 AM,2109.8,13,27427.4,187751844.80000013
2025-08-01 09:39:21 AM,2108.5,13,27410.5,187779255.30000013
2025-08-01 09:39:28 AM,2108.9,1,2108.9,187781364.20000014
2025-08-01 09:39:32 AM,2108.5,50,105425.0,187886789.20000014
2025-08-01 09:39:35 AM,2108.5,1,2108.5,187888897.70000014
2025-08-01 09:39:36 AM,2108.3,2,4216.6,187893114.30000013
2025-08-01 09:39:37 AM,2108.3,93,196071.90000000002,188089186.20000014
2025-08-01 09:39:38 AM,2108.4,287,605110.8,188694297.00000015
2025-08-01 09:39:39 AM,2108.0,44,92752.0,188787049.00000015
2025-08-01 09:39:46 AM,2108.5,0,0.0,188787049.00000015
2025-08-01 09:39:46 AM,2108.5,103,217175.5,189004224.50000015
2025-08-01 09:39:57 AM,2109.9,2,4219.8,189008444.30000016
2025-08-01 09:39:59 AM,2110.0,0,0.0,189008444.30000016
2025-08-01 09:39:59 AM,2110.0,897,1892670.0,190901114.30000016
2025-08-01 09:40:00 AM,2109.0,75,158175.0,191059289.30000016
2025-08-01 09:40:07 AM,2109.6,0,0.0,191059289.30000016
2025-08-01 09:40:08 AM,2109.6,37,78055.2,191137344.50000015
2025-08-01 09:40:09 AM,2109.6,5,10548.0,191147892.50000015
2025-08-01 09:40:13 AM,2109.6,10,21096.0,191168988.50000015
2025-08-01 09:40:16 AM,2109.6,1,2109.6,191171098.10000014
2025-08-01 09:40:18 AM,2109.6,50,105480.0,191276578.10000014
2025-08-01 09:40:22 AM,2109.6,2,4219.2,191280797.30000013
2025-08-01 09:40:23 AM,2109.0,10,21090.0,191301887.30000013
2025-08-01 09:40:24 AM,2109.6,1,2109.6,191303996.90000013
2025-08-01 09:40:25 AM,2109.6,1,2109.6,191306106.50000012
2025-08-01 09:40:27 AM,2109.5,0,0.0,191306106.50000012
2025-08-01 09:40:27 AM,2109.5,1,2109.5,191308216.00000012
2025-08-01 09:40:35 AM,2109.5,54,113913.0,191422129.00000012
2025-08-01 09:40:35 AM,2109.5,17,35861.5,191457990.50000012
2025-08-01 09:40:36 AM,2110.1,331,698443.1,192156433.6000001
2025-08-01 09:40:37 AM,2110.7,4,8442.8,192164876.40000013
2025-08-01 09:40:38 AM,2111.2,0,0.0,192164876.40000013
2025-08-01 09:40:38 AM,2111.2,5,10556.0,192175432.40000013
2025-08-01 09:40:38 AM,2110.1,0,0.0,192175432.40000013
2025-08-01 09:40:38 AM,2110.1,50,105505.0,192280937.40000013
2025-08-01 09:40:43 AM,2111.3,1,2111.3,192283048.70000014
2025-08-01 09:40:43 AM,2111.6,137,289289.2,192572337.90000013
2025-08-01 09:40:49 AM,2112.0,15,31680.0,192604017.90000013
2025-08-01 09:40:50 AM,2112.9,0,0.0,192604017.90000013
2025-08-01 09:40:50 AM,2112.9,101,213402.90000000002,192817420.80000013
2025-08-01 09:40:55 AM,2113.0,10,21130.0,192838550.80000013
2025-08-01 09:40:59 AM,2114.2,100,211419.99999999997,193049970.80000013
2025-08-01 09:41:00 AM,2114.6,1,2114.6,193052085.40000013
2025-08-01 09:41:02 AM,2115.0,100,211500.0,193263585.40000013
2025-08-01 09:41:03 AM,2114.1,10,21141.0,193284726.40000013
2025-08-01 09:41:04 AM,2115.3,0,0.0,193284726.40000013
2025-08-01 09:41:05 AM,2114.1,0,0.0,193284726.40000013
2025-08-01 09:41:05 AM,2114.1,38,80335.8,193365062.20000014
2025-08-01 09:41:07 AM,2115.3,0,0.0,193365062.20000014
2025-08-01 09:41:07 AM,2115.3,1,2115.3,193367177.50000015
2025-08-01 09:41:08 AM,2114.5,0,0.0,193367177.50000015
2025-08-01 09:41:09 AM,2114.5,150,317175.0,193684352.50000015
2025-08-01 09:41:16 AM,2114.7,17,35949.899999999994,193720302.40000015
2025-08-01 09:41:20 AM,2115.3,3,6345.900000000001,193726648.30000016
2025-08-01 09:41:21 AM,2115.3,5,10576.5,193737224.80000016
2025-08-01 09:41:23 AM,2115.3,20,42306.0,193779530.80000016
2025-08-01 09:41:33 AM,2115.5,31,65580.5,193845111.30000016
2025-08-01 09:41:39 AM,2115.0,0,0.0,193845111.30000016
2025-08-01 09:41:40 AM,2115.0,1,2115.0,193847226.30000016
2025-08-01 09:41:43 AM,2115.5,0,0.0,193847226.30000016
2025-08-01 09:41:43 AM,2115.5,55,116352.5,193963578.80000016
2025-08-01 09:41:49 AM,2115.5,1,2115.5,193965694.30000016
2025-08-01 09:41:56 AM,2115.5,50,105775.0,194071469.30000016
2025-08-01 09:42:03 AM,2115.3,244,516133.20000000007,194587602.50000015
2025-08-01 09:42:05 AM,2114.0,40,84560.0,194672162.50000015
2025-08-01 09:42:06 AM,2114.9,25,52872.5,194725035.00000015
2025-08-01 09:42:07 AM,2114.9,5,10574.5,194735609.50000015
2025-08-01 09:42:10 AM,2115.0,0,0.0,194735609.50000015
2025-08-01 09:42:11 AM,2115.0,23,48645.0,194784254.50000015
2025-08-01 09:42:15 AM,2115.0,2,4230.0,194788484.50000015
2025-08-01 09:42:17 AM,2114.9,98,207260.2,194995744.70000014
2025-08-01 09:42:20 AM,2115.3,4,8461.2,195004205.90000013
2025-08-01 09:42:27 AM,2115.0,0,0.0,195004205.90000013
2025-08-01 09:42:28 AM,2115.0,25,52875.0,195057080.90000013
2025-08-01 09:42:35 AM,2115.0,3,6345.0,195063425.90000013
2025-08-01 09:42:38 AM,2115.0,45,95175.0,195158600.90000013
2025-08-01 09:42:39 AM,2115.0,23,48645.0,195207245.90000013
2025-08-01 09:42:40 AM,2115.0,32,67680.0,195274925.90000013
2025-08-01 09:42:40 AM,2114.8,0,0.0,195274925.90000013
2025-08-01 09:42:41 AM,2114.8,3,6344.400000000001,195281270.30000013
2025-08-01 09:42:46 AM,2114.2,0,0.0,195281270.30000013
2025-08-01 09:42:46 AM,2114.2,50,105709.99999999999,195386980.30000013
2025-08-01 09:42:47 AM,2115.3,214,452674.2,195839654.50000012
2025-08-01 09:42:49 AM,2115.6,0,0.0,195839654.50000012
2025-08-01 09:42:49 AM,2115.6,3,6346.799999999999,195846001.30000013
2025-08-01 09:42:56 AM,2115.6,134,283490.39999999997,196129491.70000014
2025-08-01 09:42:56 AM,2115.9,0,0.0,196129491.70000014
2025-08-01 09:42:57 AM,2115.9,49,103679.1,196233170.80000013
2025-08-01 09:42:57 AM,2116.0,10,21160.0,196254330.80000013
2025-08-01 09:43:08 AM,2116.0,20,42320.0,196296650.80000013
2025-08-01 09:43:10 AM,2116.9,95,201105.5,196497756.30000013
2025-08-01 09:43:12 AM,2117.2,0,0.0,196497756.30000013
2025-08-01 09:43:12 AM,2117.2,226,478487.19999999995,196976243.50000012
2025-08-01 09:43:14 AM,2115.5,160,338480.0,197314723.50000012
2025-08-01 09:43:19 AM,2116.3,0,0.0,197314723.50000012
2025-08-01 09:43:20 AM,2116.3,19,40209.700000000004,197354933.2000001
2025-08-01 09:43:23 AM,2114.6,0,0.0,197354933.2000001
2025-08-01 09:43:24 AM,2114.6,67,141678.19999999998,197496611.4000001
2025-08-01 09:43:26 AM,2114.7,52,109964.4,197606575.8000001
2025-08-01 09:43:27 AM,2114.8,0,0.0,197606575.8000001
2025-08-01 09:43:27 AM,2114.8,2,4229.6,197610805.4000001
2025-08-01 09:43:36 AM,2115.2,0,0.0,197610805.4000001
2025-08-01 09:43:37 AM,2115.2,1,2115.2,197612920.60000008
2025-08-01 09:43:37 AM,2115.1,0,0.0,197612920.60000008
2025-08-01 09:43:38 AM,2115.1,9,19035.899999999998,197631956.5000001
2025-08-01 09:43:40 AM,2115.2,100,211519.99999999997,197843476.5000001
2025-08-01 09:43:42 AM,2115.0,500,1057500.0,198900976.5000001
2025-08-01 09:43:43 AM,2114.8,0,0.0,198900976.5000001
2025-08-01 09:43:43 AM,2114.8,2,4229.6,198905206.10000008
2025-08-01 09:43:44 AM,2114.2,0,0.0,198905206.10000008
2025-08-01 09:43:45 AM,2114.2,48,101481.59999999999,199006687.70000008
2025-08-01 09:43:54 AM,2115.1,1,2115.1,199008802.80000007
2025-08-01 09:43:57 AM,2114.8,1,2114.8,199010917.60000008
2025-08-01 09:43:58 AM,2114.8,35,74018.0,199084935.60000008
2025-08-01 09:44:02 AM,2114.0,31,65534.0,199150469.60000008
2025-08-01 09:44:02 AM,2114.2,2,4228.4,199154698.0000001
2025-08-01 09:44:03 AM,2113.0,25,52825.0,199207523.0000001
2025-08-01 09:44:05 AM,2111.6,0,0.0,199207523.0000001
2025-08-01 09:44:06 AM,2111.6,200,422320.0,199629843.0000001
2025-08-01 09:44:10 AM,2113.1,3,6339.299999999999,199636182.3000001
2025-08-01 09:44:11 AM,2112.0,27,57024.0,199693206.3000001
2025-08-01 09:44:14 AM,2110.0,548,1156280.0,200849486.3000001
2025-08-01 09:44:15 AM,2109.1,72,151855.19999999998,201001341.5000001
2025-08-01 09:44:16 AM,2109.7,0,0.0,201001341.5000001
2025-08-01 09:44:17 AM,2109.7,5,10548.5,201011890.0000001
2025-08-01 09:44:17 AM,2109.0,91,191919.0,201203809.0000001
2025-08-01 09:44:18 AM,2108.9,88,185583.2,201389392.20000008
2025-08-01 09:44:18 AM,2109.5,1,2109.5,201391501.70000008
2025-08-01 09:44:20 AM,2108.1,40,84324.0,201475825.70000008
2025-08-01 09:44:21 AM,2108.9,0,0.0,201475825.70000008
2025-08-01 09:44:22 AM,2108.9,17,35851.3,201511677.0000001
2025-08-01 09:44:24 AM,2108.1,2,4216.2,201515893.20000008
2025-08-01 09:44:26 AM,2108.0,70,147560.0,201663453.20000008
2025-08-01 09:44:27 AM,2107.5,0,0.0,201663453.20000008
2025-08-01 09:44:27 AM,2107.5,274,577455.0,202240908.20000008
2025-08-01 09:44:28 AM,2107.3,40,84292.0,202325200.20000008
2025-08-01 09:44:32 AM,2108.1,10,21081.0,202346281.20000008
2025-08-01 09:44:34 AM,2108.1,1,2108.1,202348389.30000007
2025-08-01 09:44:34 AM,2107.1,40,84284.0,202432673.30000007
2025-08-01 09:44:37 AM,2106.0,0,0.0,202432673.30000007
2025-08-01 09:44:38 AM,2106.7,0,0.0,202432673.30000007
2025-08-01 09:44:38 AM,2106.7,275,579342.5,203012015.80000007
2025-08-01 09:44:39 AM,2106.0,65,136890.0,203148905.80000007
2025-08-01 09:44:40 AM,2106.0,20,42120.0,203191025.80000007
2025-08-01 09:44:41 AM,2106.0,148,311688.0,203502713.80000007
2025-08-01 09:44:42 AM,2105.0,42,88410.0,203591123.80000007
2025-08-01 09:44:43 AM,2105.0,40,84200.0,203675323.80000007
2025-08-01 09:44:43 AM,2105.5,0,0.0,203675323.80000007
2025-08-01 09:44:44 AM,2105.5,8,16844.0,203692167.80000007
2025-08-01 09:44:45 AM,2105.5,25,52637.5,203744805.30000007
2025-08-01 09:44:45 AM,2104.4,0,0.0,203744805.30000007
2025-08-01 09:44:46 AM,2104.4,288,606067.2000000001,204350872.50000006
2025-08-01 09:44:49 AM,2104.4,55,115742.0,204466614.50000006
2025-08-01 09:44:49 AM,2105.6,419,882246.3999999999,205348860.90000007
2025-08-01 09:44:49 AM,2104.7,3,6314.099999999999,205355175.00000006
2025-08-01 09:44:52 AM,2104.8,0,0.0,205355175.00000006
2025-08-01 09:44:52 AM,2104.8,40,84192.0,205439367.00000006
2025-08-01 09:44:53 AM,2104.8,20,42096.0,205481463.00000006
2025-08-01 09:44:58 AM,2105.0,20,42100.0,205523563.00000006
2025-08-01 09:44:59 AM,2104.9,2,4209.8,205527772.80000007
2025-08-01 09:45:02 AM,2104.7,1,2104.7,205529877.50000006
2025-08-01 09:45:02 AM,2104.7,279,587211.2999999999,206117088.80000007
2025-08-01 09:45:03 AM,2105.3,1,2105.3,206119194.10000008
2025-08-01 09:45:03 AM,2104.4,22,46296.8,206165490.9000001
2025-08-01 09:45:04 AM,2105.4,25,52635.0,206218125.9000001
2025-08-01 09:45:04 AM,2103.3,1940,4080402.0000000005,210298527.9000001
2025-08-01 09:45:05 AM,2102.7,46,96724.2,210395252.10000008
2025-08-01 09:45:05 AM,2100.2,0,0.0,210395252.10000008
2025-08-01 09:45:05 AM,2100.2,272,571254.3999999999,210966506.5000001
2025-08-01 09:45:06 AM,2100.0,0,0.0,210966506.5000001
2025-08-01 09:45:06 AM,2100.0,274,575400.0,211541906.5000001
2025-08-01 09:45:06 AM,2100.4,0,0.0,211541906.5000001
2025-08-01 09:45:07 AM,2100.0,333,699300.0,212241206.5000001
2025-08-01 09:45:07 AM,2100.3,1,2100.3,212243306.8000001
2025-08-01 09:45:07 AM,2100.0,0,0.0,212243306.8000001
2025-08-01 09:45:08 AM,2100.0,90,189000.0,212432306.8000001
2025-08-01 09:45:08 AM,2100.6,86,180651.6,212612958.4000001
2025-08-01 09:45:08 AM,2100.1,0,0.0,212612958.4000001
2025-08-01 09:45:09 AM,2100.1,14,29401.399999999998,212642359.8000001
2025-08-01 09:45:09 AM,2099.9,0,0.0,212642359.8000001
2025-08-01 09:45:10 AM,2099.9,49,102895.1,212745254.9000001
2025-08-01 09:45:10 AM,2101.0,0,0.0,212745254.9000001
2025-08-01 09:45:11 AM,2101.0,33,69333.0,212814587.9000001
2025-08-01 09:45:11 AM,2100.4,0,0.0,212814587.9000001
2025-08-01 09:45:12 AM,2101.0,0,0.0,212814587.9000001
2025-08-01 09:45:12 AM,2101.0,8,16808.0,212831395.9000001
2025-08-01 09:45:12 AM,2101.0,11,23111.0,212854506.9000001
2025-08-01 09:45:12 AM,2100.5,0,0.0,212854506.9000001
2025-08-01 09:45:13 AM,2100.5,1,2100.5,212856607.4000001
2025-08-01 09:45:15 AM,2100.4,5,10502.0,212867109.4000001
2025-08-01 09:45:16 AM,2100.4,1,2100.4,212869209.8000001
2025-08-01 09:45:17 AM,2100.7,0,0.0,212869209.8000001
2025-08-01 09:45:18 AM,2100.7,1,2100.7,212871310.5000001
2025-08-01 09:45:19 AM,2100.0,106,222600.0,213093910.5000001
2025-08-01 09:45:20 AM,2100.0,8,16800.0,213110710.5000001
2025-08-01 09:45:20 AM,2099.9,0,0.0,213110710.5000001
2025-08-01 09:45:21 AM,2099.9,1,2099.9,213112810.4000001
2025-08-01 09:45:23 AM,2099.9,53,111294.70000000001,213224105.10000008
2025-08-01 09:45:23 AM,2099.2,0,0.0,213224105.10000008
2025-08-01 09:45:23 AM,2099.2,4,8396.8,213232501.9000001
2025-08-01 09:45:24 AM,2099.7,0,0.0,213232501.9000001
2025-08-01 09:45:24 AM,2099.7,2,4199.4,213236701.3000001
2025-08-01 09:45:25 AM,2099.2,0,0.0,213236701.3000001
2025-08-01 09:45:25 AM,2099.2,1,2099.2,213238800.5000001
2025-08-01 09:45:30 AM,2099.7,2,4199.4,213242999.9000001
2025-08-01 09:45:30 AM,2100.4,0,0.0,213242999.9000001
2025-08-01 09:45:31 AM,2100.4,500,1050200.0,214293199.9000001
2025-08-01 09:45:31 AM,2099.5,0,0.0,214293199.9000001
2025-08-01 09:45:32 AM,2099.3,103,216227.90000000002,214509427.8000001
2025-08-01 09:45:32 AM,2099.5,8,16796.0,214526223.8000001
2025-08-01 09:45:33 AM,2099.5,77,161661.5,214687885.3000001
2025-08-01 09:45:33 AM,2099.3,2,4198.6,214692083.9000001
2025-08-01 09:45:33 AM,2099.2,0,0.0,214692083.9000001
2025-08-01 09:45:34 AM,2099.2,639,1341388.7999999998,216033472.7000001
2025-08-01 09:45:34 AM,2100.0,73,153300.0,216186772.7000001
2025-08-01 09:45:35 AM,2098.5,0,0.0,216186772.7000001
2025-08-01 09:45:35 AM,2098.5,84,176274.0,216363046.7000001
2025-08-01 09:45:35 AM,2099.2,13,27289.6,216390336.3000001
2025-08-01 09:45:36 AM,2099.2,1,2099.2,216392435.5000001
2025-08-01 09:45:38 AM,2101.0,0,0.0,216392435.5000001
2025-08-01 09:45:39 AM,2101.0,214,449614.0,216842049.5000001
2025-08-01 09:45:39 AM,2100.5,17,35708.5,216877758.0000001
2025-08-01 09:45:39 AM,2101.3,0,0.0,216877758.0000001
2025-08-01 09:45:40 AM,2101.3,10,21013.0,216898771.0000001
2025-08-01 09:45:40 AM,2101.0,2,4202.0,216902973.0000001
2025-08-01 09:45:40 AM,2101.2,0,0.0,216902973.0000001
2025-08-01 09:45:41 AM,2101.2,33,69339.59999999999,216972312.60000008
2025-08-01 09:45:41 AM,2101.2,3,6303.599999999999,216978616.20000008
2025-08-01 09:45:42 AM,2102.0,8,16816.0,216995432.20000008
2025-08-01 09:45:43 AM,2101.3,1,2101.3,216997533.5000001
2025-08-01 09:45:43 AM,2101.1,0,0.0,216997533.5000001
2025-08-01 09:45:44 AM,2101.1,40,84044.0,217081577.5000001
2025-08-01 09:45:45 AM,2101.1,3,6303.299999999999,217087880.8000001
2025-08-01 09:45:45 AM,2101.1,1,2101.1,217089981.9000001
2025-08-01 09:45:49 AM,2101.5,0,0.0,217089981.9000001
2025-08-01 09:45:50 AM,2101.5,3,6304.5,217096286.4000001
2025-08-01 09:45:52 AM,2101.0,0,0.0,217096286.4000001
2025-08-01 09:45:52 AM,2101.0,211,443311.0,217539597.4000001
2025-08-01 09:45:53 AM,2100.7,0,0.0,217539597.4000001
2025-08-01 09:45:54 AM,2100.7,6,12604.199999999999,217552201.60000008
2025-08-01 09:45:54 AM,2100.1,0,0.0,217552201.60000008
2025-08-01 09:45:55 AM,2100.1,24,50402.399999999994,217602604.0000001
2025-08-01 09:45:55 AM,2100.0,0,0.0,217602604.0000001
2025-08-01 09:45:56 AM,2100.0,12,25200.0,217627804.0000001
2025-08-01 09:45:57 AM,2100.7,6,12604.199999999999,217640408.20000008
2025-08-01 09:45:57 AM,2100.3,0,0.0,217640408.20000008
2025-08-01 09:45:58 AM,2100.3,1,2100.3,217642508.5000001
2025-08-01 09:46:00 AM,2101.0,0,0.0,217642508.5000001
2025-08-01 09:46:00 AM,2101.0,2,4202.0,217646710.5000001
2025-08-01 09:46:01 AM,2100.0,12,25200.0,217671910.5000001
2025-08-01 09:46:01 AM,2099.2,1,2099.2,217674009.70000008
2025-08-01 09:46:02 AM,2100.0,200,420000.0,218094009.70000008
2025-08-01 09:46:03 AM,2099.2,16,33587.2,218127596.90000007
2025-08-01 09:46:04 AM,2099.2,1,2099.2,218129696.10000005
2025-08-01 09:46:05 AM,2099.0,35,73465.0,218203161.10000005
2025-08-01 09:46:06 AM,2099.0,3,6297.0,218209458.10000005
2025-08-01 09:46:06 AM,2099.6,5,10498.0,218219956.10000005
2025-08-01 09:46:06 AM,2099.0,0,0.0,218219956.10000005
2025-08-01 09:46:07 AM,2099.0,1,2099.0,218222055.10000005
2025-08-01 09:46:08 AM,2099.2,3,6297.599999999999,218228352.70000005
2025-08-01 09:46:12 AM,2099.1,1,2099.1,218230451.80000004
2025-08-01 09:46:12 AM,2099.5,0,0.0,218230451.80000004
2025-08-01 09:46:13 AM,2099.5,30,62985.0,218293436.80000004
2025-08-01 09:46:13 AM,2098.3,2,4196.6,218297633.40000004
2025-08-01 09:46:14 AM,2098.3,1,2098.3,218299731.70000005
2025-08-01 09:46:14 AM,2099.1,4,8396.4,218308128.10000005
2025-08-01 09:46:18 AM,2099.2,3,6297.599999999999,218314425.70000005
2025-08-01 09:46:18 AM,2098.0,0,0.0,218314425.70000005
2025-08-01 09:46:19 AM,2098.0,72,151056.0,218465481.70000005
2025-08-01 09:46:19 AM,2097.7,0,0.0,218465481.70000005
2025-08-01 09:46:20 AM,2097.7,322,675459.3999999999,219140941.10000005
2025-08-01 09:46:20 AM,2097.9,0,0.0,219140941.10000005
2025-08-01 09:46:21 AM,2097.9,26,54545.4,219195486.50000006
2025-08-01 09:46:21 AM,2098.0,2,4196.0,219199682.50000006
2025-08-01 09:46:22 AM,2097.4,0,0.0,219199682.50000006
2025-08-01 09:46:22 AM,2096.8,67,140485.6,219340168.10000005
2025-08-01 09:46:22 AM,2097.1,5,10485.5,219350653.60000005
2025-08-01 09:46:23 AM,2097.3,1,2097.3,219352750.90000007
2025-08-01 09:46:25 AM,2098.2,1,2098.2,219354849.10000005
2025-08-01 09:46:27 AM,2098.2,1,2098.2,219356947.30000004
2025-08-01 09:46:30 AM,2098.2,43,90222.59999999999,219447169.90000004
2025-08-01 09:46:31 AM,2098.2,3,6294.599999999999,219453464.50000003
2025-08-01 09:46:31 AM,2098.2,1,2098.2,219455562.70000002
2025-08-01 09:46:33 AM,2098.2,88,184641.59999999998,219640204.3
2025-08-01 09:46:33 AM,2097.3,7,14681.100000000002,219654885.4
2025-08-01 09:46:33 AM,2097.7,0,0.0,219654885.4
2025-08-01 09:46:34 AM,2097.7,5,10488.5,219665373.9
2025-08-01 09:46:34 AM,2097.3,1,2097.3,219667471.20000002
2025-08-01 09:46:37 AM,2097.3,26,54529.8,219722001.00000003
2025-08-01 09:46:37 AM,2096.9,3,6290.700000000001,219728291.70000002
2025-08-01 09:46:37 AM,2097.0,0,0.0,219728291.70000002
2025-08-01 09:46:38 AM,2097.0,6,12582.0,219740873.70000002
2025-08-01 09:46:38 AM,2096.5,0,0.0,219740873.70000002
2025-08-01 09:46:38 AM,2096.5,1,2096.5,219742970.20000002
2025-08-01 09:46:39 AM,2097.1,23,48233.299999999996,219791203.50000003
2025-08-01 09:46:40 AM,2096.1,0,0.0,219791203.50000003
2025-08-01 09:46:40 AM,2097.3,0,0.0,219791203.50000003
2025-08-01 09:46:41 AM,2097.3,5,10486.5,219801690.00000003
2025-08-01 09:46:44 AM,2097.3,35,73405.5,219875095.50000003
2025-08-01 09:46:44 AM,2096.1,0,0.0,219875095.50000003
2025-08-01 09:46:44 AM,2096.1,3,6288.299999999999,219881383.80000004
2025-08-01 09:46:46 AM,2096.5,108,226422.0,220107805.80000004
2025-08-01 09:46:47 AM,2097.2,19,39846.799999999996,220147652.60000005
2025-08-01 09:46:47 AM,2098.0,0,0.0,220147652.60000005
2025-08-01 09:46:48 AM,2098.0,142,297916.0,220445568.60000005
2025-08-01 09:46:48 AM,2097.7,0,0.0,220445568.60000005
2025-08-01 09:46:48 AM,2097.7,13,27270.1,220472838.70000005
2025-08-01 09:46:49 AM,2098.0,0,0.0,220472838.70000005
2025-08-01 09:46:49 AM,2098.0,1,2098.0,220474936.70000005
2025-08-01 09:46:50 AM,2098.0,44,92312.0,220567248.70000005
2025-08-01 09:46:50 AM,2098.0,3,6294.0,220573542.70000005
2025-08-01 09:46:53 AM,2097.8,1,2097.8,220575640.50000006
2025-08-01 09:46:54 AM,2097.8,1,2097.8,220577738.30000007
2025-08-01 09:46:55 AM,2098.3,11,23081.300000000003,220600819.60000008
2025-08-01 09:46:56 AM,2098.3,10,20983.0,220621802.60000008
2025-08-01 09:46:56 AM,2098.0,0,0.0,220621802.60000008
2025-08-01 09:46:56 AM,2098.0,1,2098.0,220623900.60000008
2025-08-01 09:47:00 AM,2098.1,20,41962.0,220665862.60000008
2025-08-01 09:47:00 AM,2098.0,0,0.0,220665862.60000008
2025-08-01 09:47:01 AM,2098.0,2,4196.0,220670058.60000008
2025-08-01 09:47:01 AM,2098.6,0,0.0,220670058.60000008
2025-08-01 09:47:02 AM,2098.6,1,2098.6,220672157.20000008
2025-08-01 09:47:06 AM,2098.0,0,0.0,220672157.20000008
2025-08-01 09:47:06 AM,2098.0,10,20980.0,220693137.20000008
2025-08-01 09:47:06 AM,2098.0,1,2098.0,220695235.20000008
2025-08-01 09:47:08 AM,2098.6,1,2098.6,220697333.80000007
2025-08-01 09:47:20 AM,2098.5,33,69250.5,220766584.30000007
2025-08-01 09:47:20 AM,2098.3,0,0.0,220766584.30000007
2025-08-01 09:47:21 AM,2098.3,3,6294.900000000001,220772879.20000008
2025-08-01 09:47:21 AM,2098.6,0,0.0,220772879.20000008
2025-08-01 09:47:22 AM,2098.6,2,4197.2,220777076.40000007
2025-08-01 09:47:22 AM,2098.6,50,104930.0,220882006.40000007
2025-08-01 09:47:22 AM,2098.3,0,0.0,220882006.40000007
2025-08-01 09:47:23 AM,2098.3,4,8393.2,220890399.60000005
2025-08-01 09:47:24 AM,2098.3,1,2098.3,220892497.90000007
2025-08-01 09:47:29 AM,2098.0,0,0.0,220892497.90000007
2025-08-01 09:47:29 AM,2098.0,195,409110.0,221301607.90000007
2025-08-01 09:47:29 AM,2097.9,0,0.0,221301607.90000007
2025-08-01 09:47:30 AM,2097.6,0,0.0,221301607.90000007
2025-08-01 09:47:30 AM,2097.6,44,92294.4,221393902.30000007
2025-08-01 09:47:31 AM,2097.0,0,0.0,221393902.30000007
2025-08-01 09:47:31 AM,2097.0,4,8388.0,221402290.30000007
2025-08-01 09:47:32 AM,2097.5,0,0.0,221402290.30000007
2025-08-01 09:47:32 AM,2097.0,4,8388.0,221410678.30000007
2025-08-01 09:47:35 AM,2097.5,0,0.0,221410678.30000007
2025-08-01 09:47:36 AM,2097.5,4,8390.0,221419068.30000007
2025-08-01 09:47:36 AM,2097.1,0,0.0,221419068.30000007
2025-08-01 09:47:37 AM,2097.1,1,2097.1,221421165.40000007
2025-08-01 09:47:38 AM,2097.5,1,2097.5,221423262.90000007
2025-08-01 09:47:40 AM,2097.7,100,209769.99999999997,221633032.90000007
2025-08-01 09:47:40 AM,2097.1,0,0.0,221633032.90000007
2025-08-01 09:47:41 AM,2097.1,8,16776.8,221649809.70000008
2025-08-01 09:47:43 AM,2097.5,25,52437.5,221702247.20000008
2025-08-01 09:47:44 AM,2097.8,52,109085.6,221811332.80000007
2025-08-01 09:47:45 AM,2097.1,5,10485.5,221821818.30000007
2025-08-01 09:47:48 AM,2097.8,92,192997.6,222014815.90000007
2025-08-01 09:47:48 AM,2098.1,0,0.0,222014815.90000007
2025-08-01 09:47:49 AM,2098.1,7,14686.699999999999,222029502.60000005
2025-08-01 09:47:49 AM,2097.7,0,0.0,222029502.60000005
2025-08-01 09:47:50 AM,2097.7,1,2097.7,222031600.30000004
2025-08-01 09:47:55 AM,2099.0,0,0.0,222031600.30000004
2025-08-01 09:47:56 AM,2099.0,250,524750.0,222556350.30000004
2025-08-01 09:47:56 AM,2097.7,20,41954.0,222598304.30000004
2025-08-01 09:47:57 AM,2097.7,2,4195.4,222602499.70000005
2025-08-01 09:48:01 AM,2098.3,2,4196.6,222606696.30000004
2025-08-01 09:48:02 AM,2098.4,0,0.0,222606696.30000004
2025-08-01 09:48:03 AM,2098.4,20,41968.0,222648664.30000004
2025-08-01 09:48:03 AM,2097.7,137,287384.89999999997,222936049.20000005
2025-08-01 09:48:03 AM,2097.4,0,0.0,222936049.20000005
2025-08-01 09:48:04 AM,2097.7,0,0.0,222936049.20000005
2025-08-01 09:48:04 AM,2097.9,19,39860.1,222975909.30000004
2025-08-01 09:48:04 AM,2097.1,0,0.0,222975909.30000004
2025-08-01 09:48:05 AM,2097.1,49,102757.9,223078667.20000005
2025-08-01 09:48:06 AM,2097.1,4,8388.4,223087055.60000005
2025-08-01 09:48:09 AM,2097.1,36,75495.59999999999,223162551.20000005
2025-08-01 09:48:10 AM,2097.0,0,0.0,223162551.20000005
2025-08-01 09:48:10 AM,2097.0,128,268416.0,223430967.20000005
2025-08-01 09:48:11 AM,2097.2,0,0.0,223430967.20000005
2025-08-01 09:48:12 AM,2097.2,15,31457.999999999996,223462425.20000005
2025-08-01 09:48:12 AM,2096.8,0,0.0,223462425.20000005
2025-08-01 09:48:13 AM,2096.8,2,4193.6,223466618.80000004
2025-08-01 09:48:16 AM,2097.5,0,0.0,223466618.80000004
2025-08-01 09:48:17 AM,2097.1,39,81786.9,223548405.70000005
2025-08-01 09:48:17 AM,2097.1,3,6291.299999999999,223554697.00000006
2025-08-01 09:48:19 AM,2097.8,81,169921.80000000002,223724618.80000007
2025-08-01 09:48:19 AM,2097.5,7,14682.5,223739301.30000007
2025-08-01 09:48:22 AM,2097.6,0,0.0,223739301.30000007
2025-08-01 09:48:23 AM,2097.6,2,4195.2,223743496.50000006
2025-08-01 09:48:24 AM,2097.9,0,0.0,223743496.50000006
2025-08-01 09:48:25 AM,2097.9,30,62937.0,223806433.50000006
2025-08-01 09:48:25 AM,2098.0,50,104900.0,223911333.50000006
2025-08-01 09:48:25 AM,2097.2,0,0.0,223911333.50000006
2025-08-01 09:48:26 AM,2097.2,7,14680.399999999998,223926013.90000007
2025-08-01 09:48:30 AM,2097.2,100,209719.99999999997,224135733.90000007
2025-08-01 09:48:31 AM,2097.2,8,16777.6,224152511.50000006
2025-08-01 09:48:31 AM,2098.0,1,2098.0,224154609.50000006
2025-08-01 09:48:31 AM,2097.3,0,0.0,224154609.50000006
2025-08-01 09:48:32 AM,2097.3,1,2097.3,224156706.80000007
2025-08-01 09:48:34 AM,2098.4,72,151084.80000000002,224307791.60000008
2025-08-01 09:48:35 AM,2098.3,0,0.0,224307791.60000008
2025-08-01 09:48:35 AM,2098.3,31,65047.3,224372838.9000001
2025-08-01 09:48:36 AM,2098.4,0,0.0,224372838.9000001
2025-08-01 09:48:36 AM,2098.4,2,4196.8,224377035.7000001
2025-08-01 09:48:43 AM,2098.4,8,16787.2,224393822.9000001
2025-08-01 09:48:44 AM,2098.4,1,2098.4,224395921.3000001
2025-08-01 09:48:44 AM,2099.2,5,10496.0,224406417.3000001
2025-08-01 09:48:44 AM,2098.3,0,0.0,224406417.3000001
2025-08-01 09:48:45 AM,2098.3,1,2098.3,224408515.6000001
2025-08-01 09:48:47 AM,2098.9,50,104945.0,224513460.6000001
2025-08-01 09:48:47 AM,2098.3,0,0.0,224513460.6000001
2025-08-01 09:48:48 AM,2098.3,4,8393.2,224521853.8000001
2025-08-01 09:48:48 AM,2098.9,0,0.0,224521853.8000001
2025-08-01 09:48:49 AM,2098.9,1,2098.9,224523952.7000001
2025-08-01 09:48:50 AM,2099.1,0,0.0,224523952.7000001
2025-08-01 09:48:50 AM,2099.1,50,104955.0,224628907.7000001
2025-08-01 09:48:50 AM,2098.3,0,0.0,224628907.7000001
2025-08-01 09:48:51 AM,2098.3,69,144782.7,224773690.4000001
2025-08-01 09:48:52 AM,2098.0,0,0.0,224773690.4000001
2025-08-01 09:48:52 AM,2098.4,7,14688.800000000001,224788379.2000001
2025-08-01 09:48:53 AM,2098.5,0,0.0,224788379.2000001
2025-08-01 09:48:54 AM,2098.5,42,88137.0,224876516.2000001
2025-08-01 09:48:55 AM,2098.5,4,8394.0,224884910.2000001
2025-08-01 09:48:55 AM,2099.2,0,0.0,224884910.2000001
2025-08-01 09:48:56 AM,2099.2,11,23091.199999999997,224908001.4000001
2025-08-01 09:48:56 AM,2097.1,0,0.0,224908001.4000001
2025-08-01 09:48:57 AM,2097.1,558,1170181.8,226078183.2000001
2025-08-01 09:48:57 AM,2097.2,0,0.0,226078183.2000001
2025-08-01 09:48:58 AM,2097.2,44,92276.79999999999,226170460.00000012
2025-08-01 09:48:58 AM,2098.6,9,18887.399999999998,226189347.40000013
2025-08-01 09:48:58 AM,2097.4,0,0.0,226189347.40000013
2025-08-01 09:48:59 AM,2097.4,53,111162.20000000001,226300509.6000001
2025-08-01 09:48:59 AM,2097.5,0,0.0,226300509.6000001
2025-08-01 09:49:00 AM,2097.5,4,8390.0,226308899.6000001
2025-08-01 09:49:03 AM,2098.3,0,0.0,226308899.6000001
2025-08-01 09:49:03 AM,2098.3,50,104915.00000000001,226413814.6000001
2025-08-01 09:49:03 AM,2098.0,4,8392.0,226422206.6000001
2025-08-01 09:49:05 AM,2098.0,1,2098.0,226424304.6000001
2025-08-01 09:49:10 AM,2097.9,0,0.0,226424304.6000001
2025-08-01 09:49:11 AM,2097.9,20,41958.0,226466262.6000001
2025-08-01 09:49:12 AM,2098.8,5,10494.0,226476756.6000001
2025-08-01 09:49:12 AM,2098.0,0,0.0,226476756.6000001
2025-08-01 09:49:13 AM,2098.0,1,2098.0,226478854.6000001
2025-08-01 09:49:16 AM,2098.8,0,0.0,226478854.6000001
2025-08-01 09:49:17 AM,2098.8,1,2098.8,226480953.40000013
2025-08-01 09:49:22 AM,2098.4,5,10492.0,226491445.40000013
2025-08-01 09:49:22 AM,2099.1,0,0.0,226491445.40000013
2025-08-01 09:49:23 AM,2099.1,122,256090.19999999998,226747535.6000001
2025-08-01 09:49:24 AM,2099.1,6,12594.599999999999,226760130.2000001
2025-08-01 09:49:27 AM,2099.0,0,0.0,226760130.2000001
2025-08-01 09:49:28 AM,2099.0,3,6297.0,226766427.2000001
2025-08-01 09:49:28 AM,2098.9,0,0.0,226766427.2000001
2025-08-01 09:49:29 AM,2099.1,0,0.0,226766427.2000001
2025-08-01 09:49:29 AM,2099.1,3,6297.299999999999,226772724.50000012
2025-08-01 09:49:38 AM,2100.0,70,147000.0,226919724.50000012
2025-08-01 09:49:38 AM,2099.0,0,0.0,226919724.50000012
2025-08-01 09:49:39 AM,2099.0,5,10495.0,226930219.50000012
2025-08-01 09:49:40 AM,2099.0,1,2099.0,226932318.50000012
2025-08-01 09:49:46 AM,2100.0,4,8400.0,226940718.50000012
2025-08-01 09:49:49 AM,2100.0,1,2100.0,226942818.50000012
2025-08-01 09:49:52 AM,2100.0,2,4200.0,226947018.50000012
2025-08-01 09:49:56 AM,2098.8,0,0.0,226947018.50000012
2025-08-01 09:49:57 AM,2098.8,274,575071.2000000001,227522089.7000001
2025-08-01 09:49:57 AM,2097.9,0,0.0,227522089.7000001
2025-08-01 09:49:57 AM,2097.9,22,46153.8,227568243.50000012
2025-08-01 09:49:57 AM,2098.9,0,0.0,227568243.50000012
2025-08-01 09:49:58 AM,2098.9,15,31483.5,227599727.00000012
2025-08-01 09:49:58 AM,2098.0,3,6294.0,227606021.00000012
2025-08-01 09:49:58 AM,2097.9,0,0.0,227606021.00000012
2025-08-01 09:49:59 AM,2097.9,23,48251.700000000004,227654272.7000001
2025-08-01 09:49:59 AM,2098.0,2,4196.0,227658468.7000001
2025-08-01 09:50:00 AM,2097.9,1,2097.9,227660566.6000001
2025-08-01 09:50:10 AM,2098.2,0,0.0,227660566.6000001
2025-08-01 09:50:11 AM,2098.2,1,2098.2,227662664.8000001
2025-08-01 09:50:16 AM,2098.6,25,52465.0,227715129.8000001
2025-08-01 09:50:16 AM,2097.9,0,0.0,227715129.8000001
2025-08-01 09:50:17 AM,2097.9,2,4195.8,227719325.6000001
2025-08-01 09:50:21 AM,2097.9,1,2097.9,227721423.50000012
2025-08-01 09:50:24 AM,2097.9,172,360838.8,228082262.30000013
2025-08-01 09:50:25 AM,2097.5,14,29365.0,228111627.30000013
2025-08-01 09:50:26 AM,2097.5,23,48242.5,228159869.80000013
2025-08-01 09:50:27 AM,2097.5,2,4195.0,228164064.80000013
2025-08-01 09:50:28 AM,2099.1,0,0.0,228164064.80000013
2025-08-01 09:50:29 AM,2099.1,304,638126.4,228802191.20000014
2025-08-01 09:50:29 AM,2099.3,0,0.0,228802191.20000014
2025-08-01 09:50:30 AM,2099.3,49,102865.70000000001,228905056.90000013
2025-08-01 09:50:31 AM,2099.3,26,54581.8,228959638.70000014
2025-08-01 09:50:31 AM,2099.5,6,12597.0,228972235.70000014
2025-08-01 09:50:31 AM,2098.8,0,0.0,228972235.70000014
2025-08-01 09:50:32 AM,2098.8,3,6296.400000000001,228978532.10000014
2025-08-01 09:50:39 AM,2099.7,0,0.0,228978532.10000014
2025-08-01 09:50:39 AM,2099.7,25,52492.49999999999,229031024.60000014
2025-08-01 09:50:39 AM,2099.0,0,0.0,229031024.60000014
2025-08-01 09:50:40 AM,2099.0,2,4198.0,229035222.60000014
2025-08-01 09:50:43 AM,2100.1,50,105005.0,229140227.60000014
2025-08-01 09:50:43 AM,2099.2,0,0.0,229140227.60000014
2025-08-01 09:50:44 AM,2099.2,4,8396.8,229148624.40000015
2025-08-01 09:50:46 AM,2099.9,10,20999.0,229169623.40000015
2025-08-01 09:50:46 AM,2099.2,0,0.0,229169623.40000015
2025-08-01 09:50:46 AM,2099.2,1,2099.2,229171722.60000014
2025-08-01 09:50:50 AM,2100.2,0,0.0,229171722.60000014
2025-08-01 09:50:51 AM,2100.2,1,2100.2,229173822.80000013
2025-08-01 09:50:52 AM,2100.1,0,0.0,229173822.80000013
2025-08-01 09:50:53 AM,2100.1,25,52502.5,229226325.30000013
2025-08-01 09:50:53 AM,2099.2,0,0.0,229226325.30000013
2025-08-01 09:50:54 AM,2099.2,2,4198.4,229230523.70000014
2025-08-01 09:50:55 AM,2099.2,1,2099.2,229232622.90000013
2025-08-01 09:50:58 AM,2100.5,50,105025.0,229337647.90000013
2025-08-01 09:50:59 AM,2099.3,0,0.0,229337647.90000013
2025-08-01 09:50:59 AM,2099.3,4,8397.2,229346045.1000001
2025-08-01 09:51:01 AM,2100.1,0,0.0,229346045.1000001
2025-08-01 09:51:02 AM,2100.1,8,16800.8,229362845.90000013
2025-08-01 09:51:02 AM,2099.7,0,0.0,229362845.90000013
2025-08-01 09:51:03 AM,2099.7,1,2099.7,229364945.6000001
2025-08-01 09:51:04 AM,2100.7,0,0.0,229364945.6000001
2025-08-01 09:51:04 AM,2100.7,126,264688.19999999995,229629633.8000001
2025-08-01 09:51:04 AM,2100.4,0,0.0,229629633.8000001
2025-08-01 09:51:05 AM,2100.6,0,0.0,229629633.8000001
2025-08-01 09:51:05 AM,2100.6,15,31509.0,229661142.8000001
2025-08-01 09:51:06 AM,2100.6,1,2100.6,229663243.4000001
2025-08-01 09:51:18 AM,2101.8,5,10509.0,229673752.4000001
2025-08-01 09:51:21 AM,2101.8,2,4203.6,229677956.0000001
2025-08-01 09:51:22 AM,2101.6,0,0.0,229677956.0000001
2025-08-01 09:51:22 AM,2101.6,1,2101.6,229680057.60000008
2025-08-01 09:51:23 AM,2102.0,0,0.0,229680057.60000008
2025-08-01 09:51:23 AM,2102.0,60,126120.0,229806177.60000008
2025-08-01 09:51:24 AM,2101.7,4,8406.8,229814584.4000001
2025-08-01 09:51:24 AM,2102.7,0,0.0,229814584.4000001
2025-08-01 09:51:25 AM,2102.7,9,18924.3,229833508.7000001
2025-08-01 09:51:25 AM,2102.3,0,0.0,229833508.7000001
2025-08-01 09:51:26 AM,2102.3,2,4204.6,229837713.3000001
2025-08-01 09:51:31 AM,2103.2,1,2103.2,229839816.5000001
2025-08-01 09:51:31 AM,2102.4,0,0.0,229839816.5000001
2025-08-01 09:51:32 AM,2102.4,22,46252.8,229886069.3000001
2025-08-01 09:51:32 AM,2101.9,28,58853.200000000004,229944922.5000001
2025-08-01 09:51:33 AM,2102.1,12,25225.199999999997,229970147.70000008
2025-08-01 09:51:34 AM,2101.9,1,2101.9,229972249.60000008
2025-08-01 09:51:36 AM,2101.8,20,42036.0,230014285.60000008
2025-08-01 09:51:36 AM,2102.9,0,0.0,230014285.60000008
2025-08-01 09:51:37 AM,2102.9,166,349081.4,230363367.0000001
2025-08-01 09:51:37 AM,2101.5,0,0.0,230363367.0000001
2025-08-01 09:51:38 AM,2101.5,14,29421.0,230392788.0000001
2025-08-01 09:51:38 AM,2102.4,0,0.0,230392788.0000001
2025-08-01 09:51:39 AM,2102.4,3,6307.200000000001,230399095.20000008
2025-08-01 09:51:43 AM,2102.1,0,0.0,230399095.20000008
2025-08-01 09:51:43 AM,2102.1,20,42042.0,230441137.20000008
2025-08-01 09:51:43 AM,2101.6,2,4203.2,230445340.40000007
2025-08-01 09:51:44 AM,2101.6,65,136604.0,230581944.40000007
2025-08-01 09:51:44 AM,2101.3,73,153394.90000000002,230735339.30000007
2025-08-01 09:51:45 AM,2101.0,6,12606.0,230747945.30000007
2025-08-01 09:51:46 AM,2101.6,0,0.0,230747945.30000007
2025-08-01 09:51:47 AM,2101.6,10,21016.0,230768961.30000007
2025-08-01 09:51:47 AM,2101.0,1,2101.0,230771062.30000007
2025-08-01 09:51:53 AM,2101.9,0,0.0,230771062.30000007
2025-08-01 09:51:54 AM,2101.9,200,420380.0,231191442.30000007
2025-08-01 09:51:54 AM,2101.0,0,0.0,231191442.30000007
2025-08-01 09:51:55 AM,2101.0,16,33616.0,231225058.30000007
2025-08-01 09:51:55 AM,2100.6,0,0.0,231225058.30000007
2025-08-01 09:51:56 AM,2100.0,101,212100.0,231437158.30000007
2025-08-01 09:51:57 AM,2100.0,9,18900.0,231456058.30000007
2025-08-01 09:51:58 AM,2100.0,22,46200.0,231502258.30000007
2025-08-01 09:51:58 AM,2100.0,2,4200.0,231506458.30000007
2025-08-01 09:51:59 AM,2101.1,10,21011.0,231527469.30000007
2025-08-01 09:51:59 AM,2100.1,1,2100.1,231529569.40000007
2025-08-01 09:52:14 AM,2100.1,24,50402.399999999994,231579971.80000007
2025-08-01 09:52:15 AM,2100.1,2,4200.2,231584172.00000006
2025-08-01 09:52:23 AM,2100.5,35,73517.5,231657689.50000006
2025-08-01 09:52:23 AM,2100.5,3,6301.5,231663991.00000006
2025-08-01 09:52:24 AM,2101.2,2,4202.4,231668193.40000007
2025-08-01 09:52:25 AM,2101.2,2,4202.4,231672395.80000007
2025-08-01 09:52:25 AM,2101.0,0,0.0,231672395.80000007
2025-08-01 09:52:26 AM,2101.0,1,2101.0,231674496.80000007
2025-08-01 09:52:52 AM,2101.1,0,0.0,231674496.80000007
2025-08-01 09:52:53 AM,2101.1,5,10505.5,231685002.30000007
2025-08-01 09:52:55 AM,2101.0,0,0.0,231685002.30000007
2025-08-01 09:52:56 AM,2101.0,1,2101.0,231687103.30000007
2025-08-01 09:52:57 AM,2101.0,5,10505.0,231697608.30000007
2025-08-01 09:53:15 AM,2100.1,0,0.0,231697608.30000007
2025-08-01 09:53:15 AM,2100.3,54,113416.20000000001,231811024.50000006
2025-08-01 09:53:16 AM,2100.1,5,10500.5,231821525.00000006
