date,price,qty,trnvr,cum_trnvr
2025-08-01 09:15:00 AM,227.89,52634,11994762.26,11994762.26
2025-08-01 09:15:02 AM,228.45,15592,3561992.4,15556754.66
2025-08-01 09:15:02 AM,228.42,0,0.0,15556754.66
2025-08-01 09:15:04 AM,228.6,0,0.0,15556754.66
2025-08-01 09:15:06 AM,227.88,0,0.0,15556754.66
2025-08-01 09:15:07 AM,227.52,0,0.0,15556754.66
2025-08-01 09:15:09 AM,228.35,47475,10840916.25,26397670.91
2025-08-01 09:15:09 AM,228.59,0,0.0,26397670.91
2025-08-01 09:15:10 AM,227.54,0,0.0,26397670.91
2025-08-01 09:15:11 AM,227.39,0,0.0,26397670.91
2025-08-01 09:15:12 AM,227.35,32374,7360228.899999999,33757899.81
2025-08-01 09:15:13 AM,227.41,0,0.0,33757899.81
2025-08-01 09:15:14 AM,227.1,5721,1299239.0999999999,35057138.910000004
2025-08-01 09:15:14 AM,227.22,40,9088.8,35066227.71
2025-08-01 09:15:15 AM,227.4,854,194199.6,35260427.31
2025-08-01 09:15:15 AM,227.05,0,0.0,35260427.31
2025-08-01 09:15:16 AM,227.33,722,164132.26,35424559.57
2025-08-01 09:15:16 AM,227.71,0,0.0,35424559.57
2025-08-01 09:15:17 AM,227.46,0,0.0,35424559.57
2025-08-01 09:15:18 AM,228.3,0,0.0,35424559.57
2025-08-01 09:15:19 AM,228.38,10244,2339524.7199999997,37764084.29
2025-08-01 09:15:19 AM,228.45,0,0.0,37764084.29
2025-08-01 09:15:20 AM,228.44,1292,295144.48,38059228.769999996
2025-08-01 09:15:21 AM,228.24,40,9129.6,38068358.37
2025-08-01 09:15:22 AM,228.24,307,70069.68000000001,38138428.05
2025-08-01 09:15:23 AM,228.73,1804,412628.92,38551056.97
2025-08-01 09:15:24 AM,228.98,6311,1445092.78,39996149.75
2025-08-01 09:15:24 AM,228.98,1,228.98,39996378.73
2025-08-01 09:15:24 AM,228.81,0,0.0,39996378.73
2025-08-01 09:15:25 AM,228.81,2146,491026.26,40487404.989999995
2025-08-01 09:15:25 AM,229.25,0,0.0,40487404.989999995
2025-08-01 09:15:26 AM,229.25,2672,612556.0,41099960.989999995
2025-08-01 09:15:27 AM,229.38,1567,359438.46,41459399.449999996
2025-08-01 09:15:28 AM,229.16,4072,933139.52,42392538.97
2025-08-01 09:15:29 AM,229.2,220,50424.0,42442962.97
2025-08-01 09:15:29 AM,229.38,0,0.0,42442962.97
2025-08-01 09:15:30 AM,229.38,300,68814.0,42511776.97
2025-08-01 09:15:30 AM,229.25,0,0.0,42511776.97
2025-08-01 09:15:31 AM,229.37,3794,870229.78,43382006.75
2025-08-01 09:15:31 AM,229.27,0,0.0,43382006.75
2025-08-01 09:15:32 AM,229.33,1135,260289.55000000002,43642296.3
2025-08-01 09:15:32 AM,228.69,0,0.0,43642296.3
2025-08-01 09:15:33 AM,228.78,7770,1777620.6,45419916.9
2025-08-01 09:15:33 AM,228.81,0,0.0,45419916.9
2025-08-01 09:15:34 AM,229.19,2052,470297.88,45890214.78
2025-08-01 09:15:34 AM,229.59,0,0.0,45890214.78
2025-08-01 09:15:35 AM,229.09,7975,1826992.75,47717207.53
2025-08-01 09:15:35 AM,229.36,0,0.0,47717207.53
2025-08-01 09:15:36 AM,229.25,4653,1066700.25,48783907.78
2025-08-01 09:15:36 AM,229.7,0,0.0,48783907.78
2025-08-01 09:15:37 AM,229.29,25617,5873721.93,54657629.71
2025-08-01 09:15:37 AM,229.15,0,0.0,54657629.71
2025-08-01 09:15:38 AM,229.15,3283,752299.4500000001,55409929.160000004
2025-08-01 09:15:38 AM,229.16,0,0.0,55409929.160000004
2025-08-01 09:15:39 AM,228.82,570,130427.4,55540356.56
2025-08-01 09:15:39 AM,228.42,0,0.0,55540356.56
2025-08-01 09:15:39 AM,228.81,0,0.0,55540356.56
2025-08-01 09:15:40 AM,228.71,10767,2462520.5700000003,58002877.13
2025-08-01 09:15:40 AM,228.7,0,0.0,58002877.13
2025-08-01 09:15:41 AM,228.45,5196,1187026.2,59189903.330000006
2025-08-01 09:15:41 AM,228.54,310,70847.4,59260750.730000004
2025-08-01 09:15:42 AM,228.61,4921,1124989.81,60385740.54000001
2025-08-01 09:15:42 AM,228.79,0,0.0,60385740.54000001
2025-08-01 09:15:43 AM,228.86,0,0.0,60385740.54000001
2025-08-01 09:15:44 AM,228.98,0,0.0,60385740.54000001
2025-08-01 09:15:45 AM,228.7,12463,2850288.0999999996,63236028.64000001
2025-08-01 09:15:45 AM,228.79,0,0.0,63236028.64000001
2025-08-01 09:15:46 AM,228.79,305,69780.95,63305809.59000001
2025-08-01 09:15:46 AM,228.99,0,0.0,63305809.59000001
2025-08-01 09:15:47 AM,229.0,1125,257625.0,63563434.59000001
2025-08-01 09:15:47 AM,228.23,0,0.0,63563434.59000001
2025-08-01 09:15:48 AM,228.23,23270,5310912.1,68874346.69000001
2025-08-01 09:15:48 AM,227.95,0,0.0,68874346.69000001
2025-08-01 09:15:49 AM,227.95,11062,2521582.9,71395929.59000002
2025-08-01 09:15:49 AM,227.9,0,0.0,71395929.59000002
2025-08-01 09:15:50 AM,227.91,5154,1174648.14,72570577.73000002
2025-08-01 09:15:50 AM,228.36,0,0.0,72570577.73000002
2025-08-01 09:15:51 AM,228.29,2957,675053.53,73245631.26000002
2025-08-01 09:15:51 AM,227.71,0,0.0,73245631.26000002
2025-08-01 09:15:52 AM,228.05,3239,738653.9500000001,73984285.21000002
2025-08-01 09:15:52 AM,227.95,0,0.0,73984285.21000002
2025-08-01 09:15:53 AM,227.95,1472,335542.39999999997,74319827.61000003
2025-08-01 09:15:54 AM,227.95,668,152270.6,74472098.21000002
2025-08-01 09:15:54 AM,227.94,0,0.0,74472098.21000002
2025-08-01 09:15:55 AM,227.66,5644,1284913.04,75757011.25000003
2025-08-01 09:15:55 AM,227.91,0,0.0,75757011.25000003
2025-08-01 09:15:55 AM,227.8,0,0.0,75757011.25000003
2025-08-01 09:15:56 AM,227.8,830,189074.0,75946085.25000003
2025-08-01 09:15:56 AM,227.75,0,0.0,75946085.25000003
2025-08-01 09:15:57 AM,227.81,1796,409146.76,76355232.01000004
2025-08-01 09:15:57 AM,227.6,0,0.0,76355232.01000004
2025-08-01 09:15:58 AM,228.02,2152,490699.04000000004,76845931.05000004
2025-08-01 09:15:58 AM,227.71,0,0.0,76845931.05000004
2025-08-01 09:15:59 AM,227.46,20203,4595374.38,81441305.43000004
2025-08-01 09:15:59 AM,227.45,0,0.0,81441305.43000004
2025-08-01 09:16:00 AM,227.45,1820,413959.0,81855264.43000004
2025-08-01 09:16:00 AM,227.22,17038,3871374.36,85726638.79000004
2025-08-01 09:16:00 AM,227.05,0,0.0,85726638.79000004
2025-08-01 09:16:00 AM,227.03,0,0.0,85726638.79000004
2025-08-01 09:16:01 AM,226.73,2461,557982.53,86284621.32000004
2025-08-01 09:16:01 AM,226.94,248,56281.12,86340902.44000004
2025-08-01 09:16:02 AM,227.29,4521,1027578.09,87368480.53000005
2025-08-01 09:16:02 AM,226.51,2781,629924.3099999999,87998404.84000005
2025-08-01 09:16:03 AM,226.96,3000,680880.0,88679284.84000005
2025-08-01 09:16:03 AM,226.73,0,0.0,88679284.84000005
2025-08-01 09:16:03 AM,226.73,262,59403.259999999995,88738688.10000005
2025-08-01 09:16:04 AM,226.78,515,116791.7,88855479.80000006
2025-08-01 09:16:04 AM,226.91,4380,993865.7999999999,89849345.60000005
2025-08-01 09:16:05 AM,226.91,170,38574.7,89887920.30000006
2025-08-01 09:16:05 AM,226.67,0,0.0,89887920.30000006
2025-08-01 09:16:05 AM,226.94,0,0.0,89887920.30000006
2025-08-01 09:16:05 AM,226.94,306,69443.64,89957363.94000006
2025-08-01 09:16:06 AM,226.91,50,11345.5,89968709.44000006
2025-08-01 09:16:06 AM,226.71,0,0.0,89968709.44000006
2025-08-01 09:16:07 AM,227.0,1352,306904.0,90275613.44000006
2025-08-01 09:16:07 AM,227.0,354,80358.0,90355971.44000006
2025-08-01 09:16:08 AM,226.81,865,196190.65,90552162.09000006
2025-08-01 09:16:08 AM,226.61,0,0.0,90552162.09000006
2025-08-01 09:16:09 AM,226.61,14930,3383287.3000000003,93935449.39000006
2025-08-01 09:16:09 AM,226.66,0,0.0,93935449.39000006
2025-08-01 09:16:10 AM,226.62,1610,364858.2,94300307.59000006
2025-08-01 09:16:11 AM,226.63,600,135978.0,94436285.59000006
2025-08-01 09:16:11 AM,226.31,200,45262.0,94481547.59000006
2025-08-01 09:16:11 AM,226.66,0,0.0,94481547.59000006
2025-08-01 09:16:11 AM,226.43,0,0.0,94481547.59000006
2025-08-01 09:16:12 AM,226.44,1852,419366.88,94900914.47000006
2025-08-01 09:16:13 AM,226.34,499,112943.66,95013858.13000005
2025-08-01 09:16:13 AM,226.67,300,68001.0,95081859.13000005
2025-08-01 09:16:14 AM,226.61,351,79540.11,95161399.24000005
2025-08-01 09:16:14 AM,226.61,370,83845.70000000001,95245244.94000006
2025-08-01 09:16:14 AM,226.46,0,0.0,95245244.94000006
2025-08-01 09:16:15 AM,226.46,87,19702.02,95264946.96000005
2025-08-01 09:16:15 AM,226.62,0,0.0,95264946.96000005
2025-08-01 09:16:15 AM,226.62,650,147303.0,95412249.96000005
2025-08-01 09:16:16 AM,227.32,12564,2856048.48,98268298.44000006
2025-08-01 09:16:16 AM,227.66,0,0.0,98268298.44000006
2025-08-01 09:16:16 AM,227.81,2736,623288.16,98891586.60000005
2025-08-01 09:16:17 AM,227.91,13,2962.83,98894549.43000005
2025-08-01 09:16:17 AM,228.31,0,0.0,98894549.43000005
2025-08-01 09:16:17 AM,227.89,0,0.0,98894549.43000005
2025-08-01 09:16:18 AM,227.89,7448,1697324.72,100591874.15000005
2025-08-01 09:16:18 AM,228.25,1271,290105.75,100881979.90000005
2025-08-01 09:16:18 AM,228.4,0,0.0,100881979.90000005
2025-08-01 09:16:19 AM,228.4,894,204189.6,101086169.50000004
2025-08-01 09:16:19 AM,228.31,0,0.0,101086169.50000004
2025-08-01 09:16:20 AM,228.31,7152,1632873.12,102719042.62000005
2025-08-01 09:16:21 AM,228.11,100,22811.0,102741853.62000005
2025-08-01 09:16:21 AM,228.0,0,0.0,102741853.62000005
2025-08-01 09:16:21 AM,227.88,0,0.0,102741853.62000005
2025-08-01 09:16:22 AM,227.88,1304,297155.52,103039009.14000005
2025-08-01 09:16:22 AM,228.06,0,0.0,103039009.14000005
2025-08-01 09:16:22 AM,228.11,0,0.0,103039009.14000005
2025-08-01 09:16:23 AM,228.11,1496,341252.56,103380261.70000005
2025-08-01 09:16:23 AM,228.11,300,68433.0,103448694.70000005
2025-08-01 09:16:23 AM,228.32,0,0.0,103448694.70000005
2025-08-01 09:16:24 AM,228.32,5350,1221512.0,104670206.70000005
2025-08-01 09:16:24 AM,228.02,17,3876.34,104674083.04000005
2025-08-01 09:16:24 AM,228.31,0,0.0,104674083.04000005
2025-08-01 09:16:25 AM,228.46,1614,368734.44,105042817.48000005
2025-08-01 09:16:25 AM,228.79,7700,1761683.0,106804500.48000005
2025-08-01 09:16:25 AM,228.63,0,0.0,106804500.48000005
2025-08-01 09:16:26 AM,228.55,644,147186.2,106951686.68000005
2025-08-01 09:16:26 AM,228.9,900,206010.0,107157696.68000005
2025-08-01 09:16:26 AM,228.62,0,0.0,107157696.68000005
2025-08-01 09:16:27 AM,228.62,100,22862.0,107180558.68000005
2025-08-01 09:16:27 AM,228.9,0,0.0,107180558.68000005
2025-08-01 09:16:27 AM,228.9,1691,387069.9,107567628.58000006
2025-08-01 09:16:28 AM,229.0,6209,1421861.0,108989489.58000006
2025-08-01 09:16:29 AM,228.93,0,0.0,108989489.58000006
2025-08-01 09:16:29 AM,228.93,1188,271968.84,109261458.42000006
2025-08-01 09:16:30 AM,229.44,0,0.0,109261458.42000006
2025-08-01 09:16:30 AM,229.46,0,0.0,109261458.42000006
2025-08-01 09:16:30 AM,229.46,2329,534412.34,109795870.76000006
2025-08-01 09:16:31 AM,229.35,0,0.0,109795870.76000006
2025-08-01 09:16:32 AM,229.35,2705,620391.75,110416262.51000006
2025-08-01 09:16:32 AM,229.69,0,0.0,110416262.51000006
2025-08-01 09:16:32 AM,229.58,0,0.0,110416262.51000006
2025-08-01 09:16:33 AM,229.58,2648,607927.8400000001,111024190.35000007
2025-08-01 09:16:33 AM,229.57,5,1147.85,111025338.20000006
2025-08-01 09:16:33 AM,229.24,0,0.0,111025338.20000006
2025-08-01 09:16:33 AM,229.16,0,0.0,111025338.20000006
2025-08-01 09:16:34 AM,229.63,11194,2570478.2199999997,113595816.42000006
2025-08-01 09:16:34 AM,229.61,50,11480.5,113607296.92000006
2025-08-01 09:16:34 AM,229.4,0,0.0,113607296.92000006
2025-08-01 09:16:35 AM,230.0,16418,3776140.0,117383436.92000006
2025-08-01 09:16:35 AM,229.72,2596,596353.12,117979790.04000007
2025-08-01 09:16:35 AM,230.0,0,0.0,117979790.04000007
2025-08-01 09:16:35 AM,229.73,0,0.0,117979790.04000007
2025-08-01 09:16:36 AM,229.73,2980,684595.4,118664385.44000007
2025-08-01 09:16:36 AM,230.0,110,25300.0,118689685.44000007
2025-08-01 09:16:36 AM,229.67,0,0.0,118689685.44000007
2025-08-01 09:16:36 AM,229.99,0,0.0,118689685.44000007
2025-08-01 09:16:37 AM,229.99,1101,253218.99000000002,118942904.43000007
2025-08-01 09:16:37 AM,229.81,1288,295995.28,119238899.71000007
2025-08-01 09:16:37 AM,229.8,0,0.0,119238899.71000007
2025-08-01 09:16:37 AM,229.81,0,0.0,119238899.71000007
2025-08-01 09:16:38 AM,229.45,3798,871451.1,120110350.81000006
2025-08-01 09:16:38 AM,230.0,7950,1828500.0,121938850.81000006
2025-08-01 09:16:38 AM,229.8,0,0.0,121938850.81000006
2025-08-01 09:16:38 AM,230.07,0,0.0,121938850.81000006
2025-08-01 09:16:39 AM,229.95,975,224201.25,122163052.06000006
2025-08-01 09:16:39 AM,230.24,2419,556950.56,122720002.62000006
2025-08-01 09:16:39 AM,230.23,0,0.0,122720002.62000006
2025-08-01 09:16:39 AM,230.3,0,0.0,122720002.62000006
2025-08-01 09:16:40 AM,230.3,1700,391510.0,123111512.62000006
2025-08-01 09:16:40 AM,229.93,1644,378004.92,123489517.54000007
2025-08-01 09:16:40 AM,230.24,0,0.0,123489517.54000007
2025-08-01 09:16:40 AM,230.25,0,0.0,123489517.54000007
2025-08-01 09:16:41 AM,229.93,663,152443.59,123641961.13000007
2025-08-01 09:16:41 AM,229.84,0,0.0,123641961.13000007
2025-08-01 09:16:41 AM,230.27,6277,1445404.79,125087365.92000008
2025-08-01 09:16:42 AM,230.34,711,163771.74,125251137.66000007
2025-08-01 09:16:42 AM,229.8,0,0.0,125251137.66000007
2025-08-01 09:16:43 AM,229.8,4282,984003.6000000001,126235141.26000006
2025-08-01 09:16:43 AM,230.06,100,23006.0,126258147.26000006
2025-08-01 09:16:43 AM,229.95,0,0.0,126258147.26000006
2025-08-01 09:16:43 AM,230.24,0,0.0,126258147.26000006
2025-08-01 09:16:43 AM,230.24,5246,1207839.04,127465986.30000007
2025-08-01 09:16:44 AM,230.26,288,66314.88,127532301.18000007
2025-08-01 09:16:44 AM,230.28,0,0.0,127532301.18000007
2025-08-01 09:16:44 AM,230.12,2006,461620.72000000003,127993921.90000007
2025-08-01 09:16:45 AM,230.26,800,184208.0,128178129.90000007
2025-08-01 09:16:45 AM,230.02,0,0.0,128178129.90000007
2025-08-01 09:16:45 AM,230.0,0,0.0,128178129.90000007
2025-08-01 09:16:45 AM,230.0,1412,324760.0,128502889.90000007
2025-08-01 09:16:46 AM,229.69,16654,3825257.26,132328147.16000007
2025-08-01 09:16:46 AM,229.68,0,0.0,132328147.16000007
2025-08-01 09:16:46 AM,229.68,3756,862678.0800000001,133190825.24000007
2025-08-01 09:16:47 AM,229.21,1290,295680.9,133486506.14000008
2025-08-01 09:16:47 AM,229.7,0,0.0,133486506.14000008
2025-08-01 09:16:47 AM,229.72,0,0.0,133486506.14000008
2025-08-01 09:16:47 AM,229.72,2480,569705.6,134056211.74000007
2025-08-01 09:16:48 AM,229.73,8472,1946272.5599999998,136002484.30000007
2025-08-01 09:16:48 AM,229.88,0,0.0,136002484.30000007
2025-08-01 09:16:48 AM,229.88,596,137008.48,136139492.78000006
2025-08-01 09:16:49 AM,229.76,2403,552113.28,136691606.06000006
2025-08-01 09:16:49 AM,229.42,0,0.0,136691606.06000006
2025-08-01 09:16:49 AM,229.68,0,0.0,136691606.06000006
2025-08-01 09:16:49 AM,229.68,2438,559959.84,137251565.90000007
2025-08-01 09:16:50 AM,229.98,2310,531253.7999999999,137782819.70000008
2025-08-01 09:16:50 AM,229.32,0,0.0,137782819.70000008
2025-08-01 09:16:50 AM,229.32,2740,628336.7999999999,138411156.5000001
2025-08-01 09:16:51 AM,228.87,9947,2276569.89,140687726.39000008
2025-08-01 09:16:52 AM,228.9,5191,1188219.9000000001,141875946.29000008
2025-08-01 09:16:52 AM,228.9,15,3433.5,141879379.79000008
2025-08-01 09:16:53 AM,229.17,1641,376067.97,142255447.76000008
2025-08-01 09:16:53 AM,229.15,0,0.0,142255447.76000008
2025-08-01 09:16:53 AM,228.73,0,0.0,142255447.76000008
2025-08-01 09:16:53 AM,228.73,285,65188.049999999996,142320635.8100001
2025-08-01 09:16:54 AM,228.76,0,0.0,142320635.8100001
2025-08-01 09:16:54 AM,228.56,553,126393.68000000001,142447029.4900001
2025-08-01 09:16:55 AM,228.49,0,0.0,142447029.4900001
2025-08-01 09:16:55 AM,228.91,0,0.0,142447029.4900001
2025-08-01 09:16:55 AM,228.49,5505,1257837.45,143704866.9400001
2025-08-01 09:16:56 AM,228.78,0,0.0,143704866.9400001
2025-08-01 09:16:56 AM,228.87,0,0.0,143704866.9400001
2025-08-01 09:16:56 AM,228.87,4717,1079579.79,144784446.73000008
2025-08-01 09:16:57 AM,228.84,0,0.0,144784446.73000008
2025-08-01 09:16:57 AM,228.84,587,134329.08000000002,144918775.8100001
2025-08-01 09:16:58 AM,228.44,4184,955792.96,145874568.7700001
2025-08-01 09:16:58 AM,228.68,0,0.0,145874568.7700001
2025-08-01 09:16:58 AM,228.7,0,0.0,145874568.7700001
2025-08-01 09:16:58 AM,228.7,600,137220.0,146011788.7700001
2025-08-01 09:16:59 AM,228.73,1191,272417.43,146284206.2000001
2025-08-01 09:16:59 AM,228.97,0,0.0,146284206.2000001
2025-08-01 09:16:59 AM,228.97,6405,1466552.85,147750759.0500001
2025-08-01 09:17:00 AM,229.08,1026,235036.08000000002,147985795.1300001
2025-08-01 09:17:00 AM,228.98,0,0.0,147985795.1300001
2025-08-01 09:17:00 AM,228.98,4542,1040027.1599999999,149025822.2900001
2025-08-01 09:17:01 AM,228.79,1570,359200.3,149385022.59000012
2025-08-01 09:17:02 AM,228.79,552,126292.08,149511314.67000014
2025-08-01 09:17:02 AM,228.95,0,0.0,149511314.67000014
2025-08-01 09:17:02 AM,228.87,0,0.0,149511314.67000014
2025-08-01 09:17:03 AM,228.87,300,68661.0,149579975.67000014
2025-08-01 09:17:03 AM,228.5,4127,943019.5,150522995.17000014
2025-08-01 09:17:04 AM,228.64,4284,979493.7599999999,151502488.93000013
2025-08-01 09:17:04 AM,228.61,0,0.0,151502488.93000013
2025-08-01 09:17:04 AM,228.62,550,125741.0,151628229.93000013
2025-08-01 09:17:05 AM,228.65,309,70652.85,151698882.78000012
2025-08-01 09:17:05 AM,228.36,0,0.0,151698882.78000012
2025-08-01 09:17:05 AM,228.65,0,0.0,151698882.78000012
2025-08-01 09:17:06 AM,228.65,1693,387104.45,152085987.2300001
2025-08-01 09:17:06 AM,228.36,2500,570900.0,152656887.2300001
2025-08-01 09:17:06 AM,228.39,0,0.0,152656887.2300001
2025-08-01 09:17:06 AM,228.54,0,0.0,152656887.2300001
2025-08-01 09:17:07 AM,228.54,245,55992.299999999996,152712879.53000012
2025-08-01 09:17:07 AM,228.63,372,85050.36,152797929.89000013
2025-08-01 09:17:08 AM,228.56,3,685.6800000000001,152798615.57000014
2025-08-01 09:17:09 AM,228.39,1683,384380.37,153182995.94000015
2025-08-01 09:17:09 AM,228.59,0,0.0,153182995.94000015
2025-08-01 09:17:10 AM,228.68,600,137208.0,153320203.94000015
2025-08-01 09:17:10 AM,228.51,7300,1668123.0,154988326.94000015
2025-08-01 09:17:10 AM,228.68,0,0.0,154988326.94000015
2025-08-01 09:17:11 AM,228.58,1923,439559.34,155427886.28000015
2025-08-01 09:17:11 AM,228.52,1613,368602.76,155796489.04000014
2025-08-01 09:17:11 AM,228.46,0,0.0,155796489.04000014
2025-08-01 09:17:12 AM,228.67,4900,1120483.0,156916972.04000014
2025-08-01 09:17:13 AM,228.97,4098,938319.0599999999,157855291.10000014
2025-08-01 09:17:13 AM,228.73,0,0.0,157855291.10000014
2025-08-01 09:17:13 AM,228.73,400,91492.0,157946783.10000014
2025-08-01 09:17:14 AM,228.99,419,95946.81,158042729.91000015
2025-08-01 09:17:15 AM,228.99,4081,934508.1900000001,158977238.10000014
2025-08-01 09:17:15 AM,228.67,450,102901.5,159080139.60000014
2025-08-01 09:17:15 AM,228.99,0,0.0,159080139.60000014
2025-08-01 09:17:16 AM,228.99,150,34348.5,159114488.10000014
2025-08-01 09:17:16 AM,228.68,376,85983.68000000001,159200471.78000015
2025-08-01 09:17:17 AM,229.0,1995,456855.0,159657326.78000015
2025-08-01 09:17:17 AM,228.99,0,0.0,159657326.78000015
2025-08-01 09:17:17 AM,228.99,1701,389511.99,160046838.77000016
2025-08-01 09:17:18 AM,229.0,20,4580.0,160051418.77000016
2025-08-01 09:17:19 AM,229.0,103,23587.0,160075005.77000016
2025-08-01 09:17:19 AM,229.0,641,146789.0,160221794.77000016
2025-08-01 09:17:20 AM,229.0,20,4580.0,160226374.77000016
2025-08-01 09:17:20 AM,229.0,40,9160.0,160235534.77000016
2025-08-01 09:17:22 AM,229.0,56,12824.0,160248358.77000016
2025-08-01 09:17:23 AM,229.17,4987,1142870.79,161391229.56000015
2025-08-01 09:17:24 AM,229.0,747,171063.0,161562292.56000015
2025-08-01 09:17:24 AM,229.0,200,45800.0,161608092.56000015
2025-08-01 09:17:25 AM,229.0,954,218466.0,161826558.56000015
2025-08-01 09:17:25 AM,229.05,0,0.0,161826558.56000015
2025-08-01 09:17:25 AM,229.05,130,29776.5,161856335.06000015
2025-08-01 09:17:26 AM,229.54,16827,3862469.58,165718804.64000016
2025-08-01 09:17:27 AM,229.34,100,22934.0,165741738.64000016
2025-08-01 09:17:27 AM,229.21,900,206289.0,165948027.64000016
2025-08-01 09:17:30 AM,229.54,425,97554.5,166045582.14000016
2025-08-01 09:17:31 AM,229.6,0,0.0,166045582.14000016
2025-08-01 09:17:32 AM,229.6,120,27552.0,166073134.14000016
2025-08-01 09:17:32 AM,229.41,732,167928.12,166241062.26000017
2025-08-01 09:17:32 AM,229.21,0,0.0,166241062.26000017
2025-08-01 09:17:33 AM,229.41,1403,321862.23,166562924.49000016
2025-08-01 09:17:34 AM,229.25,1364,312697.0,166875621.49000016
2025-08-01 09:17:35 AM,229.06,4021,921050.26,167796671.75000015
2025-08-01 09:17:35 AM,229.07,800,183256.0,167979927.75000015
2025-08-01 09:17:35 AM,228.82,0,0.0,167979927.75000015
2025-08-01 09:17:36 AM,228.9,6825,1562242.5,169542170.25000015
2025-08-01 09:17:36 AM,228.71,0,0.0,169542170.25000015
2025-08-01 09:17:37 AM,228.55,5615,1283308.25,170825478.50000015
2025-08-01 09:17:37 AM,228.5,0,0.0,170825478.50000015
2025-08-01 09:17:37 AM,228.66,0,0.0,170825478.50000015
2025-08-01 09:17:38 AM,228.57,2104,480911.27999999997,171306389.78000015
2025-08-01 09:17:39 AM,228.76,0,0.0,171306389.78000015
2025-08-01 09:17:39 AM,228.76,1189,271995.64,171578385.42000014
2025-08-01 09:17:40 AM,228.7,1000,228700.0,171807085.42000014
2025-08-01 09:17:40 AM,228.77,0,0.0,171807085.42000014
2025-08-01 09:17:40 AM,228.4,0,0.0,171807085.42000014
2025-08-01 09:17:41 AM,228.4,5800,1324720.0,173131805.42000014
2025-08-01 09:17:41 AM,228.66,0,0.0,173131805.42000014
2025-08-01 09:17:42 AM,228.66,134,30640.44,173162445.86000013
2025-08-01 09:17:42 AM,228.67,0,0.0,173162445.86000013
2025-08-01 09:17:43 AM,228.67,1300,297271.0,173459716.86000013
2025-08-01 09:17:43 AM,228.22,0,0.0,173459716.86000013
2025-08-01 09:17:44 AM,228.1,6602,1505916.2,174965633.06000012
2025-08-01 09:17:44 AM,228.24,0,0.0,174965633.06000012
2025-08-01 09:17:45 AM,228.24,300,68472.0,175034105.06000012
2025-08-01 09:17:45 AM,228.26,0,0.0,175034105.06000012
2025-08-01 09:17:46 AM,228.35,2143,489354.05,175523459.11000013
2025-08-01 09:17:46 AM,228.17,0,0.0,175523459.11000013
2025-08-01 09:17:47 AM,228.34,502,114626.68000000001,175638085.79000014
2025-08-01 09:17:47 AM,228.16,0,0.0,175638085.79000014
2025-08-01 09:17:48 AM,228.35,347,79237.45,175717323.24000013
2025-08-01 09:17:48 AM,228.43,0,0.0,175717323.24000013
2025-08-01 09:17:49 AM,228.49,1464,334509.36,176051832.60000014
2025-08-01 09:17:49 AM,228.5,0,0.0,176051832.60000014
2025-08-01 09:17:50 AM,228.29,1100,251119.0,176302951.60000014
2025-08-01 09:17:50 AM,228.22,0,0.0,176302951.60000014
2025-08-01 09:17:51 AM,228.17,1050,239578.5,176542530.10000014
2025-08-01 09:17:51 AM,228.37,50,11418.5,176553948.60000014
2025-08-01 09:17:52 AM,228.17,1000,228170.0,176782118.60000014
2025-08-01 09:17:53 AM,228.4,550,125620.0,176907738.60000014
2025-08-01 09:17:53 AM,228.18,0,0.0,176907738.60000014
2025-08-01 09:17:54 AM,228.18,144,32857.92,176940596.52000013
2025-08-01 09:17:54 AM,228.33,5,1141.65,176941738.17000014
2025-08-01 09:17:56 AM,228.35,500,114175.0,177055913.17000014
2025-08-01 09:17:56 AM,228.37,0,0.0,177055913.17000014
2025-08-01 09:17:56 AM,228.37,1706,389599.22000000003,177445512.39000013
2025-08-01 09:17:57 AM,228.3,0,0.0,177445512.39000013
2025-08-01 09:17:58 AM,228.3,515,117574.5,177563086.89000013
2025-08-01 09:17:58 AM,228.49,531,121328.19,177684415.08000013
2025-08-01 09:17:58 AM,228.29,0,0.0,177684415.08000013
2025-08-01 09:17:59 AM,228.34,3000,685020.0,178369435.08000013
2025-08-01 09:17:59 AM,228.48,100,22848.0,178392283.08000013
2025-08-01 09:17:59 AM,228.6,0,0.0,178392283.08000013
2025-08-01 09:18:00 AM,228.49,450,102820.5,178495103.58000013
2025-08-01 09:18:00 AM,228.71,104,23785.84,178518889.42000014
2025-08-01 09:18:01 AM,228.73,73,16697.29,178535586.71000013
2025-08-01 09:18:02 AM,228.51,500,114255.0,178649841.71000013
2025-08-01 09:18:03 AM,228.73,280,64044.399999999994,178713886.11000013
2025-08-01 09:18:04 AM,228.72,2050,468876.0,179182762.11000013
2025-08-01 09:18:04 AM,228.71,0,0.0,179182762.11000013
2025-08-01 09:18:04 AM,228.71,50,11435.5,179194197.61000013
2025-08-01 09:18:05 AM,228.71,20,4574.2,179198771.81000012
2025-08-01 09:18:05 AM,228.49,0,0.0,179198771.81000012
2025-08-01 09:18:05 AM,228.49,500,114245.0,179313016.81000012
2025-08-01 09:18:06 AM,228.82,0,0.0,179313016.81000012
2025-08-01 09:18:06 AM,228.82,1010,231108.19999999998,179544125.0100001
2025-08-01 09:18:07 AM,228.94,18,4120.92,179548245.9300001
2025-08-01 09:18:07 AM,229.0,0,0.0,179548245.9300001
2025-08-01 09:18:08 AM,229.0,21,4809.0,179553054.9300001
2025-08-01 09:18:09 AM,228.83,1301,297707.83,179850762.7600001
2025-08-01 09:18:09 AM,228.84,0,0.0,179850762.7600001
2025-08-01 09:18:10 AM,228.83,450,102973.5,179953736.2600001
2025-08-01 09:18:10 AM,229.06,0,0.0,179953736.2600001
2025-08-01 09:18:11 AM,228.88,500,114440.0,180068176.2600001
2025-08-01 09:18:12 AM,228.89,160,36622.399999999994,180104798.66000012
2025-08-01 09:18:12 AM,228.87,0,0.0,180104798.66000012
2025-08-01 09:18:13 AM,229.09,1000,229090.0,180333888.66000012
2025-08-01 09:18:13 AM,229.13,0,0.0,180333888.66000012
2025-08-01 09:18:14 AM,229.15,1706,390929.9,180724818.56000012
2025-08-01 09:18:15 AM,228.94,2,457.88,180725276.44000012
2025-08-01 09:18:15 AM,229.15,0,0.0,180725276.44000012
2025-08-01 09:18:16 AM,228.94,350,80129.0,180805405.44000012
2025-08-01 09:18:16 AM,228.95,0,0.0,180805405.44000012
2025-08-01 09:18:17 AM,229.26,1087,249205.62,181054611.06000012
2025-08-01 09:18:17 AM,229.28,25,5732.0,181060343.06000012
2025-08-01 09:18:18 AM,229.29,500,114645.0,181174988.06000012
2025-08-01 09:18:18 AM,229.1,0,0.0,181174988.06000012
2025-08-01 09:18:19 AM,229.29,201,46087.29,181221075.3500001
2025-08-01 09:18:19 AM,229.1,397,90952.7,181312028.0500001
2025-08-01 09:18:19 AM,229.29,0,0.0,181312028.0500001
2025-08-01 09:18:20 AM,229.55,2911,668220.05,181980248.1000001
2025-08-01 09:18:21 AM,229.55,545,125104.75,182105352.8500001
2025-08-01 09:18:21 AM,229.75,232,53302.0,182158654.8500001
2025-08-01 09:18:22 AM,229.57,250,57392.5,182216047.3500001
2025-08-01 09:18:22 AM,229.8,200,45960.0,182262007.3500001
2025-08-01 09:18:23 AM,229.82,152,34932.64,182296939.9900001
2025-08-01 09:18:23 AM,229.66,6,1377.96,182298317.9500001
2025-08-01 09:18:23 AM,229.64,0,0.0,182298317.9500001
2025-08-01 09:18:24 AM,229.69,203,46627.07,182344945.0200001
2025-08-01 09:18:24 AM,229.67,13,2985.71,182347930.7300001
2025-08-01 09:18:24 AM,229.5,0,0.0,182347930.7300001
2025-08-01 09:18:25 AM,229.9,8308,1910009.2,184257939.9300001
2025-08-01 09:18:25 AM,229.88,0,0.0,184257939.9300001
2025-08-01 09:18:26 AM,229.9,3050,701195.0,184959134.9300001
2025-08-01 09:18:26 AM,229.89,150,34483.5,184993618.4300001
2025-08-01 09:18:26 AM,229.75,0,0.0,184993618.4300001
2025-08-01 09:18:27 AM,229.71,1711,393033.81,185386652.2400001
2025-08-01 09:18:27 AM,229.82,0,0.0,185386652.2400001
2025-08-01 09:18:28 AM,229.82,110,25280.2,185411932.4400001
2025-08-01 09:18:28 AM,229.89,500,114945.0,185526877.4400001
2025-08-01 09:18:28 AM,229.68,0,0.0,185526877.4400001
2025-08-01 09:18:28 AM,229.86,0,0.0,185526877.4400001
2025-08-01 09:18:29 AM,229.65,2660,610869.0,186137746.4400001
2025-08-01 09:18:29 AM,229.83,0,0.0,186137746.4400001
2025-08-01 09:18:29 AM,229.82,0,0.0,186137746.4400001
2025-08-01 09:18:30 AM,229.84,1319,303158.96,186440905.4000001
2025-08-01 09:18:30 AM,229.62,0,0.0,186440905.4000001
2025-08-01 09:18:31 AM,229.86,2951,678316.86,187119222.2600001
2025-08-01 09:18:31 AM,229.62,250,57405.0,187176627.2600001
2025-08-01 09:18:31 AM,229.92,0,0.0,187176627.2600001
2025-08-01 09:18:32 AM,229.91,2681,616388.71,187793015.97000012
2025-08-01 09:18:32 AM,229.61,2068,474833.48000000004,188267849.4500001
2025-08-01 09:18:33 AM,229.68,3470,796989.6,189064839.0500001
2025-08-01 09:18:33 AM,229.68,130,29858.4,189094697.4500001
2025-08-01 09:18:34 AM,229.69,152,34912.88,189129610.3300001
2025-08-01 09:18:34 AM,229.69,1100,252659.0,189382269.3300001
2025-08-01 09:18:34 AM,229.86,0,0.0,189382269.3300001
2025-08-01 09:18:35 AM,230.0,2050,471500.0,189853769.3300001
2025-08-01 09:18:35 AM,229.86,500,114930.0,189968699.3300001
2025-08-01 09:18:35 AM,230.0,0,0.0,189968699.3300001
2025-08-01 09:18:36 AM,230.23,6893,1586975.39,191555674.7200001
2025-08-01 09:18:36 AM,230.05,200,46010.0,191601684.7200001
2025-08-01 09:18:36 AM,230.35,0,0.0,191601684.7200001
2025-08-01 09:18:37 AM,230.2,2270,522554.0,192124238.7200001
2025-08-01 09:18:37 AM,230.2,1202,276700.39999999997,192400939.1200001
2025-08-01 09:18:37 AM,230.43,0,0.0,192400939.1200001
2025-08-01 09:18:38 AM,230.84,15041,3472064.44,195873003.5600001
2025-08-01 09:18:38 AM,230.66,251,57895.659999999996,195930899.2200001
2025-08-01 09:18:38 AM,230.9,0,0.0,195930899.2200001
2025-08-01 09:18:39 AM,230.99,1632,376975.68,196307874.9000001
2025-08-01 09:18:39 AM,230.78,75,17308.5,196325183.4000001
2025-08-01 09:18:39 AM,231.0,0,0.0,196325183.4000001
2025-08-01 09:18:40 AM,230.17,23110,5319228.699999999,201644412.10000008
2025-08-01 09:18:40 AM,230.0,59,13570.0,201657982.10000008
2025-08-01 09:18:40 AM,229.95,0,0.0,201657982.10000008
2025-08-01 09:18:40 AM,230.13,0,0.0,201657982.10000008
2025-08-01 09:18:41 AM,230.0,8858,2037340.0,203695322.10000008
2025-08-01 09:18:42 AM,230.06,525,120781.5,203816103.60000008
2025-08-01 09:18:42 AM,230.15,0,0.0,203816103.60000008
2025-08-01 09:18:43 AM,229.86,1185,272384.10000000003,204088487.70000008
2025-08-01 09:18:43 AM,230.05,700,161035.0,204249522.70000008
2025-08-01 09:18:43 AM,230.19,0,0.0,204249522.70000008
2025-08-01 09:18:44 AM,230.19,1000,230190.0,204479712.70000008
2025-08-01 09:18:44 AM,230.18,10,2301.8,204482014.5000001
2025-08-01 09:18:44 AM,230.2,0,0.0,204482014.5000001
2025-08-01 09:18:45 AM,230.3,2946,678463.8,205160478.3000001
2025-08-01 09:18:45 AM,230.18,30,6905.400000000001,205167383.7000001
2025-08-01 09:18:45 AM,230.02,0,0.0,205167383.7000001
2025-08-01 09:18:45 AM,230.0,0,0.0,205167383.7000001
2025-08-01 09:18:46 AM,230.29,5150,1185993.5,206353377.2000001
2025-08-01 09:18:46 AM,230.31,375,86366.25,206439743.4500001
2025-08-01 09:18:46 AM,230.32,0,0.0,206439743.4500001
2025-08-01 09:18:47 AM,230.31,100,23031.0,206462774.4500001
2025-08-01 09:18:47 AM,230.2,100,23020.0,206485794.4500001
2025-08-01 09:18:47 AM,230.33,0,0.0,206485794.4500001
2025-08-01 09:18:48 AM,230.09,3244,746411.96,207232206.41000012
2025-08-01 09:18:48 AM,230.49,481,110865.69,207343072.1000001
2025-08-01 09:18:48 AM,230.31,0,0.0,207343072.1000001
2025-08-01 09:18:49 AM,230.25,2068,476157.0,207819229.1000001
2025-08-01 09:18:49 AM,230.4,0,0.0,207819229.1000001
2025-08-01 09:18:50 AM,230.21,781,179794.01,207999023.1100001
2025-08-01 09:18:50 AM,230.44,200,46088.0,208045111.1100001
2025-08-01 09:18:51 AM,230.42,2059,474434.77999999997,208519545.8900001
2025-08-01 09:18:51 AM,230.2,50,11510.0,208531055.8900001
2025-08-01 09:18:51 AM,230.44,0,0.0,208531055.8900001
2025-08-01 09:18:51 AM,230.48,0,0.0,208531055.8900001
2025-08-01 09:18:52 AM,230.31,1880,432982.8,208964038.69000012
2025-08-01 09:18:52 AM,230.38,151,34787.38,208998826.0700001
2025-08-01 09:18:52 AM,230.19,0,0.0,208998826.0700001
2025-08-01 09:18:53 AM,230.52,3896,898105.92,209896931.9900001
2025-08-01 09:18:53 AM,230.24,1044,240370.56,210137302.5500001
2025-08-01 09:18:53 AM,230.42,0,0.0,210137302.5500001
2025-08-01 09:18:53 AM,230.47,0,0.0,210137302.5500001
2025-08-01 09:18:54 AM,230.43,2055,473533.65,210610836.2000001
2025-08-01 09:18:54 AM,230.29,0,0.0,210610836.2000001
2025-08-01 09:18:55 AM,230.09,1756,404038.04,211014874.2400001
2025-08-01 09:18:55 AM,230.36,500,115180.0,211130054.2400001
2025-08-01 09:18:55 AM,230.1,0,0.0,211130054.2400001
2025-08-01 09:18:56 AM,230.01,4251,977772.51,212107826.7500001
2025-08-01 09:18:56 AM,230.0,391,89930.0,212197756.7500001
2025-08-01 09:18:57 AM,230.0,400,92000.0,212289756.7500001
2025-08-01 09:18:57 AM,230.13,50,11506.5,212301263.2500001
2025-08-01 09:18:57 AM,229.86,0,0.0,212301263.2500001
2025-08-01 09:18:58 AM,230.03,8090,1860942.7,214162205.95000008
2025-08-01 09:18:58 AM,229.8,0,0.0,214162205.95000008
2025-08-01 09:18:58 AM,230.0,0,0.0,214162205.95000008
2025-08-01 09:18:59 AM,229.65,8409,1931126.85,216093332.80000007
2025-08-01 09:18:59 AM,229.75,1005,230898.75,216324231.55000007
2025-08-01 09:18:59 AM,229.4,0,0.0,216324231.55000007
2025-08-01 09:19:00 AM,229.52,4435,1017921.2000000001,217342152.75000006
2025-08-01 09:19:00 AM,229.28,0,0.0,217342152.75000006
2025-08-01 09:19:00 AM,228.98,0,0.0,217342152.75000006
2025-08-01 09:19:01 AM,229.01,13372,3062321.7199999997,220404474.47000006
2025-08-01 09:19:01 AM,229.26,0,0.0,220404474.47000006
2025-08-01 09:19:02 AM,228.89,10115,2315222.35,222719696.82000005
2025-08-01 09:19:02 AM,228.96,0,0.0,222719696.82000005
2025-08-01 09:19:02 AM,228.93,0,0.0,222719696.82000005
2025-08-01 09:19:03 AM,228.93,6063,1388002.59,224107699.41000006
2025-08-01 09:19:03 AM,228.82,0,0.0,224107699.41000006
2025-08-01 09:19:03 AM,228.83,0,0.0,224107699.41000006
2025-08-01 09:19:04 AM,229.05,2075,475278.75,224582978.16000006
2025-08-01 09:19:04 AM,229.06,0,0.0,224582978.16000006
2025-08-01 09:19:04 AM,229.06,200,45812.0,224628790.16000006
2025-08-01 09:19:05 AM,229.05,750,171787.5,224800577.66000006
2025-08-01 09:19:05 AM,229.0,0,0.0,224800577.66000006
2025-08-01 09:19:06 AM,229.0,1835,420215.0,225220792.66000006
2025-08-01 09:19:06 AM,228.99,0,0.0,225220792.66000006
2025-08-01 09:19:07 AM,228.78,0,0.0,225220792.66000006
2025-08-01 09:19:07 AM,228.78,551,126057.78,225346850.44000006
2025-08-01 09:19:08 AM,228.94,0,0.0,225346850.44000006
2025-08-01 09:19:08 AM,228.94,4566,1045340.04,226392190.48000005
2025-08-01 09:19:09 AM,228.91,0,0.0,226392190.48000005
2025-08-01 09:19:10 AM,228.91,346,79202.86,226471393.34000006
2025-08-01 09:19:10 AM,228.86,0,0.0,226471393.34000006
2025-08-01 09:19:10 AM,228.89,0,0.0,226471393.34000006
2025-08-01 09:19:11 AM,228.89,2476,566731.64,227038124.98000005
2025-08-01 09:19:11 AM,228.97,0,0.0,227038124.98000005
2025-08-01 09:19:12 AM,228.97,2100,480837.0,227518961.98000005
2025-08-01 09:19:12 AM,228.87,0,0.0,227518961.98000005
2025-08-01 09:19:13 AM,228.87,88,20140.56,227539102.54000005
2025-08-01 09:19:14 AM,228.83,9,2059.4700000000003,227541162.01000005
2025-08-01 09:19:14 AM,228.71,0,0.0,227541162.01000005
2025-08-01 09:19:14 AM,228.83,0,0.0,227541162.01000005
2025-08-01 09:19:15 AM,228.83,260,59495.8,227600657.81000006
2025-08-01 09:19:15 AM,228.84,0,0.0,227600657.81000006
2025-08-01 09:19:16 AM,228.72,1046,239241.12,227839898.93000007
2025-08-01 09:19:17 AM,228.25,11344,2589268.0,230429166.93000007
2025-08-01 09:19:17 AM,228.65,0,0.0,230429166.93000007
2025-08-01 09:19:17 AM,228.34,0,0.0,230429166.93000007
2025-08-01 09:19:18 AM,228.47,4590,1048677.3,231477844.23000008
2025-08-01 09:19:18 AM,228.76,0,0.0,231477844.23000008
2025-08-01 09:19:19 AM,228.65,0,0.0,231477844.23000008
2025-08-01 09:19:19 AM,228.65,5240,1198126.0,232675970.23000008
2025-08-01 09:19:20 AM,228.62,0,0.0,232675970.23000008
2025-08-01 09:19:20 AM,228.62,3072,702320.64,233378290.87000006
2025-08-01 09:19:21 AM,228.46,0,0.0,233378290.87000006
2025-08-01 09:19:22 AM,228.46,88,20104.48,233398395.35000005
2025-08-01 09:19:23 AM,228.62,961,219703.82,233618099.17000005
2025-08-01 09:19:23 AM,228.36,0,0.0,233618099.17000005
2025-08-01 09:19:24 AM,228.36,1169,266952.84,233885052.01000005
2025-08-01 09:19:24 AM,228.47,0,0.0,233885052.01000005
2025-08-01 09:19:25 AM,228.47,81,18506.07,233903558.08000004
2025-08-01 09:19:25 AM,228.49,0,0.0,233903558.08000004
2025-08-01 09:19:26 AM,228.63,2505,572718.15,234476276.23000005
2025-08-01 09:19:26 AM,228.65,0,0.0,234476276.23000005
2025-08-01 09:19:27 AM,228.45,1585,362093.25,234838369.48000005
2025-08-01 09:19:27 AM,228.56,0,0.0,234838369.48000005
2025-08-01 09:19:28 AM,228.11,3055,696876.05,235535245.53000006
2025-08-01 09:19:28 AM,228.01,0,0.0,235535245.53000006
2025-08-01 09:19:29 AM,228.27,3916,893905.3200000001,236429150.85000005
2025-08-01 09:19:29 AM,228.2,0,0.0,236429150.85000005
2025-08-01 09:19:30 AM,228.28,0,0.0,236429150.85000005
2025-08-01 09:19:30 AM,228.28,575,131261.0,236560411.85000005
2025-08-01 09:19:31 AM,227.97,0,0.0,236560411.85000005
2025-08-01 09:19:31 AM,227.81,0,0.0,236560411.85000005
2025-08-01 09:19:31 AM,227.81,22436,5111145.16,241671557.01000005
2025-08-01 09:19:32 AM,227.92,0,0.0,241671557.01000005
2025-08-01 09:19:33 AM,228.05,5651,1288710.55,242960267.56000006
2025-08-01 09:19:33 AM,227.88,0,0.0,242960267.56000006
2025-08-01 09:19:33 AM,227.89,0,0.0,242960267.56000006
2025-08-01 09:19:34 AM,227.89,836,190516.03999999998,243150783.60000005
2025-08-01 09:19:34 AM,227.67,0,0.0,243150783.60000005
2025-08-01 09:19:35 AM,227.79,216,49202.64,243199986.24000004
2025-08-01 09:19:35 AM,227.87,0,0.0,243199986.24000004
2025-08-01 09:19:36 AM,227.86,2721,620007.06,243819993.30000004
2025-08-01 09:19:37 AM,227.86,1100,250646.00000000003,244070639.30000004
2025-08-01 09:19:37 AM,228.22,0,0.0,244070639.30000004
2025-08-01 09:19:37 AM,228.0,0,0.0,244070639.30000004
2025-08-01 09:19:38 AM,228.01,7188,1638935.88,245709575.18000004
2025-08-01 09:19:38 AM,228.24,0,0.0,245709575.18000004
2025-08-01 09:19:39 AM,228.23,1625,370873.75,246080448.93000004
2025-08-01 09:19:40 AM,228.33,3100,707823.0,246788271.93000004
2025-08-01 09:19:40 AM,228.37,0,0.0,246788271.93000004
2025-08-01 09:19:41 AM,228.37,1000,228370.0,247016641.93000004
2025-08-01 09:19:41 AM,228.34,0,0.0,247016641.93000004
2025-08-01 09:19:41 AM,228.4,0,0.0,247016641.93000004
2025-08-01 09:19:42 AM,228.33,0,0.0,247016641.93000004
2025-08-01 09:19:42 AM,228.47,2146,490296.62,247506938.55000004
2025-08-01 09:19:43 AM,228.25,0,0.0,247506938.55000004
2025-08-01 09:19:43 AM,228.25,39,8901.75,247515840.30000004
2025-08-01 09:19:44 AM,228.45,0,0.0,247515840.30000004
2025-08-01 09:19:44 AM,228.45,50,11422.5,247527262.80000004
2025-08-01 09:19:46 AM,228.45,200,45690.0,247572952.80000004
2025-08-01 09:19:46 AM,228.35,0,0.0,247572952.80000004
2025-08-01 09:19:47 AM,228.35,12,2740.2,247575693.00000003
2025-08-01 09:19:47 AM,228.25,0,0.0,247575693.00000003
2025-08-01 09:19:48 AM,228.29,828,189024.12,247764717.12000003
2025-08-01 09:19:48 AM,228.24,0,0.0,247764717.12000003
2025-08-01 09:19:49 AM,228.25,720,164340.0,247929057.12000003
2025-08-01 09:19:50 AM,227.86,3547,808219.42,248737276.54000002
2025-08-01 09:19:50 AM,228.11,0,0.0,248737276.54000002
2025-08-01 09:19:51 AM,228.11,801,182716.11000000002,248919992.65000004
2025-08-01 09:19:51 AM,227.81,0,0.0,248919992.65000004
2025-08-01 09:19:52 AM,227.81,646,147165.26,249067157.91000003
2025-08-01 09:19:52 AM,227.8,0,0.0,249067157.91000003
2025-08-01 09:19:53 AM,227.87,1955,445485.85000000003,249512643.76000002
2025-08-01 09:19:54 AM,227.7,0,0.0,249512643.76000002
2025-08-01 09:19:54 AM,227.7,220,50094.0,249562737.76000002
2025-08-01 09:19:55 AM,227.86,0,0.0,249562737.76000002
2025-08-01 09:19:55 AM,227.86,5220,1189429.2000000002,250752166.96
2025-08-01 09:19:56 AM,227.88,0,0.0,250752166.96
2025-08-01 09:19:57 AM,227.88,155,35321.4,250787488.36
2025-08-01 09:19:57 AM,227.84,0,0.0,250787488.36
2025-08-01 09:19:58 AM,227.84,121,27568.64,250815057.0
2025-08-01 09:19:58 AM,227.89,0,0.0,250815057.0
2025-08-01 09:19:59 AM,228.04,85,19383.399999999998,250834440.4
2025-08-01 09:19:59 AM,227.9,0,0.0,250834440.4
2025-08-01 09:20:00 AM,227.9,50,11395.0,250845835.4
2025-08-01 09:20:00 AM,228.06,34,7754.04,250853589.44
2025-08-01 09:20:00 AM,227.9,0,0.0,250853589.44
2025-08-01 09:20:01 AM,227.89,1945,443246.05,251296835.49
2025-08-01 09:20:01 AM,228.0,0,0.0,251296835.49
2025-08-01 09:20:02 AM,228.0,138,31464.0,251328299.49
2025-08-01 09:20:02 AM,227.99,117,26674.83,251354974.32000002
2025-08-01 09:20:02 AM,227.9,0,0.0,251354974.32000002
2025-08-01 09:20:03 AM,227.9,5,1139.5,251356113.82000002
2025-08-01 09:20:03 AM,227.9,20,4558.0,251360671.82000002
2025-08-01 09:20:04 AM,227.9,6,1367.4,251362039.22000003
2025-08-01 09:20:04 AM,227.99,0,0.0,251362039.22000003
2025-08-01 09:20:04 AM,227.94,0,0.0,251362039.22000003
2025-08-01 09:20:05 AM,227.94,500,113970.0,251476009.22000003
2025-08-01 09:20:05 AM,227.97,1645,375010.65,251851019.87000003
2025-08-01 09:20:05 AM,228.25,0,0.0,251851019.87000003
2025-08-01 09:20:06 AM,228.07,646,147333.22,251998353.09000003
2025-08-01 09:20:06 AM,228.08,0,0.0,251998353.09000003
2025-08-01 09:20:07 AM,228.05,300,68415.0,252066768.09000003
2025-08-01 09:20:07 AM,228.05,300,68415.0,252135183.09000003
2025-08-01 09:20:08 AM,228.16,1,228.16,252135411.25000003
2025-08-01 09:20:08 AM,228.26,0,0.0,252135411.25000003
2025-08-01 09:20:08 AM,228.11,0,0.0,252135411.25000003
2025-08-01 09:20:09 AM,228.12,1354,308874.48,252444285.73000002
2025-08-01 09:20:09 AM,228.0,2682,611496.0,253055781.73000002
2025-08-01 09:20:09 AM,227.9,0,0.0,253055781.73000002
2025-08-01 09:20:09 AM,228.13,0,0.0,253055781.73000002
2025-08-01 09:20:10 AM,227.95,1045,238207.75,253293989.48000002
2025-08-01 09:20:10 AM,228.19,0,0.0,253293989.48000002
2025-08-01 09:20:11 AM,228.01,3132,714127.32,254008116.8
2025-08-01 09:20:11 AM,228.14,0,0.0,254008116.8
2025-08-01 09:20:11 AM,228.2,0,0.0,254008116.8
2025-08-01 09:20:12 AM,228.07,62,14140.34,254022257.14000002
2025-08-01 09:20:12 AM,228.03,3691,841658.73,254863915.87
2025-08-01 09:20:13 AM,228.11,210,47903.100000000006,254911818.97
2025-08-01 09:20:13 AM,228.07,34,7754.38,254919573.35
2025-08-01 09:20:14 AM,228.0,2348,535344.0,255454917.35
2025-08-01 09:20:14 AM,227.92,0,0.0,255454917.35
2025-08-01 09:20:14 AM,228.13,2716,619601.08,256074518.43
2025-08-01 09:20:15 AM,228.3,50,11415.0,256085933.43
2025-08-01 09:20:16 AM,228.3,105,23971.5,256109904.93
2025-08-01 09:20:16 AM,228.41,0,0.0,256109904.93
2025-08-01 09:20:17 AM,228.41,1000,228410.0,256338314.93
2025-08-01 09:20:17 AM,228.29,5,1141.45,256339456.38
2025-08-01 09:20:18 AM,228.29,101,23057.29,256362513.67
2025-08-01 09:20:18 AM,228.23,10,2282.2999999999997,256364795.97
2025-08-01 09:20:18 AM,228.29,0,0.0,256364795.97
2025-08-01 09:20:19 AM,228.29,353,80586.37,256445382.34
2025-08-01 09:20:19 AM,228.23,0,0.0,256445382.34
2025-08-01 09:20:20 AM,228.23,26,5933.98,256451316.32
2025-08-01 09:20:20 AM,228.23,20,4564.599999999999,256455880.92
2025-08-01 09:20:20 AM,228.29,0,0.0,256455880.92
2025-08-01 09:20:21 AM,228.29,6,1369.74,256457250.66
2025-08-01 09:20:22 AM,228.23,552,125982.95999999999,256583233.62
2025-08-01 09:20:22 AM,228.3,0,0.0,256583233.62
2025-08-01 09:20:23 AM,228.3,300,68490.0,256651723.62
2025-08-01 09:20:23 AM,228.3,13,2967.9,256654691.52
2025-08-01 09:20:24 AM,228.22,208,47469.76,256702161.28
2025-08-01 09:20:25 AM,228.17,20,4563.4,256706724.68
2025-08-01 09:20:27 AM,228.5,2226,508641.0,257215365.68
2025-08-01 09:20:27 AM,228.7,200,45740.0,257261105.68
2025-08-01 09:20:27 AM,228.51,0,0.0,257261105.68
2025-08-01 09:20:28 AM,228.47,5276,1205407.72,258466513.4
2025-08-01 09:20:29 AM,228.63,1,228.63,258466742.03
2025-08-01 09:20:30 AM,228.48,20,4569.599999999999,258471311.63
2025-08-01 09:20:30 AM,228.62,5,1143.1,258472454.73
2025-08-01 09:20:31 AM,228.48,21,4798.08,258477252.81
2025-08-01 09:20:32 AM,228.48,100,22848.0,258500100.81
2025-08-01 09:20:32 AM,228.52,0,0.0,258500100.81
2025-08-01 09:20:32 AM,228.52,53,12111.560000000001,258512212.37
2025-08-01 09:20:33 AM,228.8,1200,274560.0,258786772.37
2025-08-01 09:20:33 AM,228.75,2,457.5,258787229.87
2025-08-01 09:20:34 AM,228.6,100,22860.0,258810089.87
2025-08-01 09:20:34 AM,228.61,0,0.0,258810089.87
2025-08-01 09:20:35 AM,228.61,15,3429.15,258813519.02
2025-08-01 09:20:36 AM,228.76,121,27679.96,258841198.98000002
2025-08-01 09:20:37 AM,228.76,127,29052.52,258870251.50000003
2025-08-01 09:20:37 AM,228.6,0,0.0,258870251.50000003
2025-08-01 09:20:38 AM,228.6,245,56007.0,258926258.50000003
2025-08-01 09:20:39 AM,228.8,478,109366.40000000001,259035624.90000004
2025-08-01 09:20:40 AM,228.89,144,32960.159999999996,259068585.06000003
2025-08-01 09:20:41 AM,228.89,112,25635.68,259094220.74000004
2025-08-01 09:20:41 AM,228.85,0,0.0,259094220.74000004
2025-08-01 09:20:42 AM,228.85,1,228.85,259094449.59000003
2025-08-01 09:20:42 AM,228.84,380,86959.2,259181408.79000002
2025-08-01 09:20:42 AM,228.79,0,0.0,259181408.79000002
2025-08-01 09:20:43 AM,228.79,20,4575.8,259185984.59000003
2025-08-01 09:20:44 AM,228.85,4250,972612.5,260158597.09000003
2025-08-01 09:20:45 AM,228.83,0,0.0,260158597.09000003
2025-08-01 09:20:45 AM,228.83,38,8695.54,260167292.63000003
2025-08-01 09:20:46 AM,228.83,1100,251713.0,260419005.63000003
2025-08-01 09:20:47 AM,228.87,0,0.0,260419005.63000003
2025-08-01 09:20:48 AM,228.78,1194,273163.32,260692168.95000002
2025-08-01 09:20:49 AM,229.0,1000,229000.0,260921168.95000002
2025-08-01 09:20:50 AM,229.0,2009,460061.0,261381229.95000002
2025-08-01 09:20:50 AM,228.87,10,2288.7,261383518.65
2025-08-01 09:20:50 AM,229.0,0,0.0,261383518.65
2025-08-01 09:20:50 AM,228.99,0,0.0,261383518.65
2025-08-01 09:20:51 AM,228.99,259,59308.41,261442827.06
2025-08-01 09:20:52 AM,228.99,14,3205.86,261446032.92000002
2025-08-01 09:20:52 AM,228.8,1100,251680.0,261697712.92000002
2025-08-01 09:20:52 AM,228.83,0,0.0,261697712.92000002
2025-08-01 09:20:52 AM,228.98,0,0.0,261697712.92000002
2025-08-01 09:20:53 AM,228.98,358,81974.84,261779687.76000002
2025-08-01 09:20:53 AM,228.89,0,0.0,261779687.76000002
2025-08-01 09:20:54 AM,228.89,10,2288.8999999999996,261781976.66000003
2025-08-01 09:20:54 AM,229.0,1265,289685.0,262071661.66000003
2025-08-01 09:20:55 AM,228.85,250,57212.5,262128874.16000003
2025-08-01 09:20:56 AM,228.86,100,22886.0,262151760.16000003
2025-08-01 09:20:57 AM,228.97,75,17172.75,262168932.91000003
2025-08-01 09:20:58 AM,228.99,965,220975.35,262389908.26000002
2025-08-01 09:20:58 AM,228.99,505,115639.95000000001,262505548.21
2025-08-01 09:21:00 AM,228.87,10,2288.7,262507836.91
2025-08-01 09:21:00 AM,228.95,0,0.0,262507836.91
2025-08-01 09:21:03 AM,228.86,0,0.0,262507836.91
2025-08-01 09:21:04 AM,228.86,440,100698.40000000001,262608535.31
2025-08-01 09:21:06 AM,228.86,312,71404.32,262679939.63
2025-08-01 09:21:10 AM,228.89,0,0.0,262679939.63
2025-08-01 09:21:12 AM,228.93,4852,1110768.36,263790707.99
2025-08-01 09:21:13 AM,228.93,311,71197.23,263861905.22
2025-08-01 09:21:20 AM,228.99,3411,781084.89,264642990.10999998
2025-08-01 09:21:21 AM,229.02,3844,880352.88,265523342.98999998
2025-08-01 09:21:28 AM,229.03,1333,305296.99,265828639.98
2025-08-01 09:21:29 AM,229.03,110,25193.3,265853833.28
2025-08-01 09:21:29 AM,229.04,0,0.0,265853833.28
2025-08-01 09:21:31 AM,229.19,0,0.0,265853833.28
2025-08-01 09:21:35 AM,229.24,0,0.0,265853833.28
2025-08-01 09:21:36 AM,228.99,9256,2119531.44,267973364.72
2025-08-01 09:21:37 AM,229.01,521,119314.20999999999,268092678.93
2025-08-01 09:21:38 AM,229.0,0,0.0,268092678.93
2025-08-01 09:21:41 AM,229.19,0,0.0,268092678.93
2025-08-01 09:21:43 AM,229.18,7572,1735350.96,269828029.89
2025-08-01 09:21:44 AM,229.11,288,65983.68000000001,269894013.57
2025-08-01 09:21:47 AM,228.79,0,0.0,269894013.57
2025-08-01 09:21:50 AM,228.5,0,0.0,269894013.57
2025-08-01 09:21:51 AM,228.48,24102,5506824.96,275400838.53
2025-08-01 09:21:52 AM,228.73,11412,2610266.76,278011105.28999996
2025-08-01 09:21:54 AM,228.83,0,0.0,278011105.28999996
2025-08-01 09:21:57 AM,228.84,0,0.0,278011105.28999996
2025-08-01 09:21:58 AM,228.84,8106,1854977.04,279866082.33
2025-08-01 09:22:00 AM,228.84,50,11442.0,279877524.33
2025-08-01 09:22:00 AM,228.71,0,0.0,279877524.33
2025-08-01 09:22:01 AM,228.71,100,22871.0,279900395.33
2025-08-01 09:22:01 AM,228.81,100,22881.0,279923276.33
2025-08-01 09:22:02 AM,228.83,0,0.0,279923276.33
2025-08-01 09:22:02 AM,228.83,252,57665.16,279980941.49
2025-08-01 09:22:04 AM,228.68,1000,228680.0,280209621.49
2025-08-01 09:22:06 AM,228.59,1000,228590.0,280438211.49
2025-08-01 09:22:06 AM,228.56,0,0.0,280438211.49
2025-08-01 09:22:07 AM,228.56,300,68568.0,280506779.49
2025-08-01 09:22:07 AM,228.78,0,0.0,280506779.49
2025-08-01 09:22:08 AM,228.78,39,8922.42,280515701.91
2025-08-01 09:22:08 AM,228.76,0,0.0,280515701.91
2025-08-01 09:22:09 AM,228.76,10,2287.6,280517989.51000005
2025-08-01 09:22:09 AM,228.76,25,5719.0,280523708.51000005
2025-08-01 09:22:10 AM,228.62,0,0.0,280523708.51000005
2025-08-01 09:22:11 AM,228.62,385,88018.7,280611727.21000004
2025-08-01 09:22:12 AM,228.5,300,68550.0,280680277.21000004
2025-08-01 09:22:12 AM,228.59,0,0.0,280680277.21000004
2025-08-01 09:22:13 AM,228.59,200,45718.0,280725995.21000004
2025-08-01 09:22:14 AM,228.5,1000,228500.0,280954495.21000004
2025-08-01 09:22:15 AM,228.6,0,0.0,280954495.21000004
2025-08-01 09:22:15 AM,228.6,210,48006.0,281002501.21000004
2025-08-01 09:22:16 AM,228.5,0,0.0,281002501.21000004
2025-08-01 09:22:16 AM,228.59,250,57147.5,281059648.71000004
2025-08-01 09:22:17 AM,228.5,7,1599.5,281061248.21000004
2025-08-01 09:22:17 AM,228.58,0,0.0,281061248.21000004
2025-08-01 09:22:17 AM,228.58,1,228.58,281061476.79
2025-08-01 09:22:18 AM,228.57,5,1142.85,281062619.64000005
2025-08-01 09:22:18 AM,228.57,100,22857.0,281085476.64000005
2025-08-01 09:22:21 AM,228.57,106,24228.42,281109705.06000006
2025-08-01 09:22:21 AM,228.57,100,22857.0,281132562.06000006
2025-08-01 09:22:21 AM,228.5,0,0.0,281132562.06000006
2025-08-01 09:22:22 AM,228.5,25,5712.5,281138274.56000006
2025-08-01 09:22:22 AM,228.26,2155,491900.3,281630174.8600001
2025-08-01 09:22:23 AM,228.35,0,0.0,281630174.8600001
2025-08-01 09:22:24 AM,228.35,100,22835.0,281653009.8600001
2025-08-01 09:22:24 AM,228.37,100,22837.0,281675846.8600001
2025-08-01 09:22:25 AM,228.25,0,0.0,281675846.8600001
2025-08-01 09:22:25 AM,228.25,2,456.5,281676303.3600001
2025-08-01 09:22:26 AM,228.03,0,0.0,281676303.3600001
2025-08-01 09:22:26 AM,228.03,1000,228030.0,281904333.3600001
2025-08-01 09:22:27 AM,228.01,0,0.0,281904333.3600001
2025-08-01 09:22:28 AM,228.01,100,22801.0,281927134.3600001
2025-08-01 09:22:28 AM,228.14,0,0.0,281927134.3600001
2025-08-01 09:22:28 AM,228.14,85,19391.899999999998,281946526.26000005
2025-08-01 09:22:29 AM,228.29,0,0.0,281946526.26000005
2025-08-01 09:22:30 AM,228.29,3705,845814.45,282792340.71000004
2025-08-01 09:22:30 AM,228.13,131,29885.03,282822225.74
2025-08-01 09:22:30 AM,228.32,0,0.0,282822225.74
2025-08-01 09:22:31 AM,228.32,1031,235397.91999999998,283057623.66
2025-08-01 09:22:32 AM,228.11,250,57027.5,283114651.16
2025-08-01 09:22:32 AM,228.02,0,0.0,283114651.16
2025-08-01 09:22:32 AM,228.22,0,0.0,283114651.16
2025-08-01 09:22:33 AM,228.25,2019,460836.75,283575487.91
2025-08-01 09:22:33 AM,228.23,0,0.0,283575487.91
2025-08-01 09:22:34 AM,228.23,13,2966.99,283578454.90000004
2025-08-01 09:22:34 AM,228.2,150,34230.0,283612684.90000004
2025-08-01 09:22:34 AM,228.19,0,0.0,283612684.90000004
2025-08-01 09:22:35 AM,228.19,1,228.19,283612913.09000003
2025-08-01 09:22:35 AM,228.01,526,119933.26,283732846.35
2025-08-01 09:22:36 AM,228.16,3,684.48,283733530.83000004
2025-08-01 09:22:36 AM,228.02,0,0.0,283733530.83000004
2025-08-01 09:22:36 AM,228.02,10,2280.2000000000003,283735811.03000003
2025-08-01 09:22:37 AM,228.27,1270,289902.9,284025713.93
2025-08-01 09:22:38 AM,228.08,0,0.0,284025713.93
2025-08-01 09:22:38 AM,228.08,5,1140.4,284026854.33
2025-08-01 09:22:38 AM,228.08,1,228.08,284027082.40999997
2025-08-01 09:22:39 AM,228.22,0,0.0,284027082.40999997
2025-08-01 09:22:39 AM,228.22,10,2282.2,284029364.60999995
2025-08-01 09:22:40 AM,228.05,0,0.0,284029364.60999995
2025-08-01 09:22:40 AM,228.05,2000,456100.0,284485464.60999995
2025-08-01 09:22:41 AM,228.05,20,4561.0,284490025.60999995
2025-08-01 09:22:41 AM,228.16,0,0.0,284490025.60999995
2025-08-01 09:22:41 AM,228.16,3,684.48,284490710.09
2025-08-01 09:22:42 AM,228.05,910,207525.5,284698235.59
2025-08-01 09:22:43 AM,228.16,170,38787.2,284737022.78999996
2025-08-01 09:22:44 AM,228.05,50,11402.5,284748425.28999996
2025-08-01 09:22:46 AM,228.05,20,4561.0,284752986.28999996
2025-08-01 09:22:47 AM,228.08,2520,574761.6,285327747.89
2025-08-01 09:22:47 AM,228.13,0,0.0,285327747.89
2025-08-01 09:22:48 AM,228.14,814,185705.96,285513453.84999996
2025-08-01 09:22:48 AM,228.39,0,0.0,285513453.84999996
2025-08-01 09:22:49 AM,228.39,1060,242093.4,285755547.24999994
2025-08-01 09:22:50 AM,228.35,2,456.7,285756003.9499999
2025-08-01 09:22:50 AM,228.22,0,0.0,285756003.9499999
2025-08-01 09:22:50 AM,228.22,100,22822.0,285778825.9499999
2025-08-01 09:22:51 AM,228.23,530,120961.9,285899787.8499999
2025-08-01 09:22:51 AM,228.43,0,0.0,285899787.8499999
2025-08-01 09:22:51 AM,228.43,200,45686.0,285945473.8499999
2025-08-01 09:22:53 AM,228.42,4,913.68,285946387.5299999
2025-08-01 09:22:54 AM,228.5,1000,228500.0,286174887.5299999
2025-08-01 09:22:55 AM,228.32,20,4566.4,286179453.9299999
2025-08-01 09:22:56 AM,228.32,100,22832.0,286202285.9299999
2025-08-01 09:22:57 AM,228.43,20,4568.6,286206854.5299999
2025-08-01 09:22:58 AM,228.37,124,28317.88,286235172.4099999
2025-08-01 09:22:59 AM,228.33,2792,637497.36,286872669.7699999
2025-08-01 09:22:59 AM,228.32,0,0.0,286872669.7699999
2025-08-01 09:23:00 AM,228.35,1045,238625.75,287111295.5199999
2025-08-01 09:23:01 AM,228.33,500,114165.0,287225460.5199999
2025-08-01 09:23:03 AM,228.14,0,0.0,287225460.5199999
2025-08-01 09:23:05 AM,228.56,0,0.0,287225460.5199999
2025-08-01 09:23:09 AM,228.57,7253,1657818.21,288883278.7299999
2025-08-01 09:23:10 AM,228.48,0,0.0,288883278.7299999
2025-08-01 09:23:12 AM,227.77,0,0.0,288883278.7299999
2025-08-01 09:23:15 AM,227.71,32061,7300610.3100000005,296183889.0399999
2025-08-01 09:23:17 AM,227.45,7402,1683584.9,297867473.9399999
2025-08-01 09:23:17 AM,227.56,0,0.0,297867473.9399999
2025-08-01 09:23:18 AM,227.68,0,0.0,297867473.9399999
2025-08-01 09:23:22 AM,227.5,3695,840612.5,298708086.4399999
2025-08-01 09:23:24 AM,227.55,275,62576.25,298770662.6899999
2025-08-01 09:23:30 AM,227.5,8384,1907360.0,300678022.6899999
2025-08-01 09:23:31 AM,227.57,0,0.0,300678022.6899999
2025-08-01 09:23:32 AM,227.57,75,17067.75,300695090.4399999
2025-08-01 09:23:37 AM,227.5,0,0.0,300695090.4399999
2025-08-01 09:23:38 AM,227.5,15496,3525340.0,304220430.4399999
2025-08-01 09:23:38 AM,227.49,0,0.0,304220430.4399999
2025-08-01 09:23:39 AM,227.4,500,113700.0,304334130.4399999
2025-08-01 09:23:44 AM,227.27,0,0.0,304334130.4399999
2025-08-01 09:23:45 AM,227.42,5585,1270140.7,305604271.13999987
2025-08-01 09:23:47 AM,227.25,1092,248157.0,305852428.13999987
2025-08-01 09:23:53 AM,227.34,475,107986.5,305960414.63999987
2025-08-01 09:23:54 AM,227.3,1884,428233.2,306388647.83999985
2025-08-01 09:24:00 AM,227.11,14169,3217921.5900000003,309606569.4299998
2025-08-01 09:24:00 AM,227.05,0,0.0,309606569.4299998
2025-08-01 09:24:01 AM,227.05,1919,435708.95,310042278.3799998
2025-08-01 09:24:01 AM,227.09,150,34063.5,310076341.8799998
2025-08-01 09:24:02 AM,227.0,6134,1392418.0,311468759.8799998
2025-08-01 09:24:02 AM,227.07,3445,782256.15,312251016.0299998
2025-08-01 09:24:02 AM,226.96,0,0.0,312251016.0299998
2025-08-01 09:24:03 AM,226.96,308,69903.68000000001,312320919.7099998
2025-08-01 09:24:03 AM,226.93,0,0.0,312320919.7099998
2025-08-01 09:24:04 AM,226.93,900,204237.0,312525156.7099998
2025-08-01 09:24:04 AM,227.11,1400,317954.0,312843110.7099998
2025-08-01 09:24:05 AM,227.0,10,2270.0,312845380.7099998
2025-08-01 09:24:05 AM,226.85,0,0.0,312845380.7099998
2025-08-01 09:24:06 AM,226.86,517,117286.62000000001,312962667.3299998
2025-08-01 09:24:06 AM,227.0,0,0.0,312962667.3299998
2025-08-01 09:24:06 AM,227.03,0,0.0,312962667.3299998
2025-08-01 09:24:07 AM,227.0,7648,1736096.0,314698763.3299998
2025-08-01 09:24:07 AM,227.0,700,158900.0,314857663.3299998
2025-08-01 09:24:07 AM,226.99,0,0.0,314857663.3299998
2025-08-01 09:24:08 AM,226.98,50,11349.0,314869012.3299998
2025-08-01 09:24:08 AM,226.96,0,0.0,314869012.3299998
2025-08-01 09:24:09 AM,226.99,1948,442176.52,315311188.8499998
2025-08-01 09:24:09 AM,227.0,4114,933878.0,316245066.8499998
2025-08-01 09:24:10 AM,227.21,447,101562.87000000001,316346629.7199998
2025-08-01 09:24:11 AM,227.0,1649,374323.0,316720952.7199998
2025-08-01 09:24:11 AM,226.96,0,0.0,316720952.7199998
2025-08-01 09:24:12 AM,226.96,350,79436.0,316800388.7199998
2025-08-01 09:24:12 AM,227.0,0,0.0,316800388.7199998
2025-08-01 09:24:12 AM,226.84,0,0.0,316800388.7199998
2025-08-01 09:24:13 AM,226.84,2550,578442.0,317378830.7199998
2025-08-01 09:24:13 AM,226.88,0,0.0,317378830.7199998
2025-08-01 09:24:14 AM,226.88,893,202603.84,317581434.55999976
2025-08-01 09:24:14 AM,226.84,10,2268.4,317583702.95999974
2025-08-01 09:24:14 AM,226.76,0,0.0,317583702.95999974
2025-08-01 09:24:15 AM,226.39,17051,3860175.8899999997,321443878.8499997
2025-08-01 09:24:15 AM,226.49,0,0.0,321443878.8499997
2025-08-01 09:24:15 AM,226.49,200,45298.0,321489176.8499997
2025-08-01 09:24:16 AM,226.58,22,4984.76,321494161.6099997
2025-08-01 09:24:17 AM,226.54,3,679.62,321494841.2299997
2025-08-01 09:24:17 AM,226.33,0,0.0,321494841.2299997
2025-08-01 09:24:18 AM,226.51,3764,852583.64,322347424.8699997
2025-08-01 09:24:19 AM,226.51,765,173280.15,322520705.0199997
2025-08-01 09:24:19 AM,226.53,0,0.0,322520705.0199997
2025-08-01 09:24:19 AM,226.41,0,0.0,322520705.0199997
2025-08-01 09:24:20 AM,226.62,6513,1475976.06,323996681.0799997
2025-08-01 09:24:20 AM,226.63,0,0.0,323996681.0799997
2025-08-01 09:24:21 AM,226.77,116,26305.32,324022986.3999997
2025-08-01 09:24:22 AM,226.63,2174,492693.62,324515680.0199997
2025-08-01 09:24:24 AM,226.53,918,207954.54,324723634.5599997
2025-08-01 09:24:26 AM,226.8,0,0.0,324723634.5599997
2025-08-01 09:24:26 AM,226.79,0,0.0,324723634.5599997
2025-08-01 09:24:27 AM,226.79,402,91169.58,324814804.1399997
2025-08-01 09:24:27 AM,226.67,0,0.0,324814804.1399997
2025-08-01 09:24:28 AM,226.83,2298,521255.34,325336059.47999966
2025-08-01 09:24:29 AM,226.85,84,19055.399999999998,325355114.87999964
2025-08-01 09:24:29 AM,226.83,0,0.0,325355114.87999964
2025-08-01 09:24:30 AM,226.73,1215,275476.95,325630591.8299996
2025-08-01 09:24:31 AM,226.79,8,1814.32,325632406.1499996
2025-08-01 09:24:32 AM,226.95,750,170212.5,325802618.6499996
2025-08-01 09:24:32 AM,226.82,0,0.0,325802618.6499996
2025-08-01 09:24:32 AM,226.79,0,0.0,325802618.6499996
2025-08-01 09:24:33 AM,226.83,6464,1466229.12,327268847.7699996
2025-08-01 09:24:33 AM,226.66,0,0.0,327268847.7699996
2025-08-01 09:24:34 AM,226.83,2502,567528.66,327836376.42999965
2025-08-01 09:24:35 AM,226.82,0,0.0,327836376.42999965
2025-08-01 09:24:35 AM,226.82,126,28579.32,327864955.74999964
2025-08-01 09:24:36 AM,227.0,0,0.0,327864955.74999964
2025-08-01 09:24:37 AM,227.0,2197,498719.0,328363674.74999964
2025-08-01 09:24:38 AM,227.16,0,0.0,328363674.74999964
2025-08-01 09:24:39 AM,227.16,98,22261.68,328385936.42999965
2025-08-01 09:24:39 AM,227.17,0,0.0,328385936.42999965
2025-08-01 09:24:40 AM,227.17,200,45434.0,328431370.42999965
2025-08-01 09:24:40 AM,227.01,0,0.0,328431370.42999965
2025-08-01 09:24:41 AM,227.01,150,34051.5,328465421.92999965
2025-08-01 09:24:41 AM,227.02,100,22702.0,328488123.92999965
2025-08-01 09:24:43 AM,227.19,50,11359.5,328499483.42999965
2025-08-01 09:24:43 AM,227.08,0,0.0,328499483.42999965
2025-08-01 09:24:44 AM,226.73,989,224235.97,328723719.3999997
2025-08-01 09:24:45 AM,226.9,0,0.0,328723719.3999997
2025-08-01 09:24:46 AM,226.89,300,68067.0,328791786.3999997
2025-08-01 09:24:47 AM,226.9,49,11118.1,328802904.4999997
2025-08-01 09:24:49 AM,226.9,1,226.9,328803131.3999997
2025-08-01 09:24:50 AM,226.35,0,0.0,328803131.3999997
2025-08-01 09:24:50 AM,226.35,13120,2969712.0,331772843.3999997
2025-08-01 09:24:51 AM,226.31,20,4526.2,331777369.59999967
2025-08-01 09:24:51 AM,226.37,0,0.0,331777369.59999967
2025-08-01 09:24:51 AM,226.37,488,110468.56,331887838.15999967
2025-08-01 09:24:52 AM,227.4,0,0.0,331887838.15999967
2025-08-01 09:24:52 AM,227.38,26956,6129255.28,338017093.43999964
2025-08-01 09:24:53 AM,227.29,0,0.0,338017093.43999964
2025-08-01 09:24:53 AM,227.29,117,26592.93,338043686.36999965
2025-08-01 09:24:54 AM,227.18,0,0.0,338043686.36999965
2025-08-01 09:24:54 AM,227.18,211,47934.98,338091621.34999967
2025-08-01 09:24:55 AM,227.15,20,4543.0,338096164.34999967
2025-08-01 09:24:55 AM,227.04,0,0.0,338096164.34999967
2025-08-01 09:24:55 AM,227.22,0,0.0,338096164.34999967
2025-08-01 09:24:56 AM,227.22,718,163143.96,338259308.30999964
2025-08-01 09:24:56 AM,227.05,0,0.0,338259308.30999964
2025-08-01 09:24:56 AM,227.19,0,0.0,338259308.30999964
2025-08-01 09:24:57 AM,227.18,804,182652.72,338441961.0299997
2025-08-01 09:24:58 AM,227.22,550,124971.0,338566932.0299997
2025-08-01 09:24:58 AM,227.35,0,0.0,338566932.0299997
2025-08-01 09:24:59 AM,227.18,301,68381.18000000001,338635313.2099997
2025-08-01 09:24:59 AM,227.21,0,0.0,338635313.2099997
2025-08-01 09:24:59 AM,227.36,0,0.0,338635313.2099997
2025-08-01 09:25:00 AM,227.65,3110,707991.5,339343304.7099997
2025-08-01 09:25:01 AM,227.65,260,59189.0,339402493.7099997
2025-08-01 09:25:03 AM,227.75,50,11387.5,339413881.2099997
2025-08-01 09:25:03 AM,227.68,338,76955.84,339490837.04999965
2025-08-01 09:25:04 AM,227.51,1,227.51,339491064.55999964
2025-08-01 09:25:04 AM,227.51,49,11147.99,339502212.54999965
2025-08-01 09:25:05 AM,227.5,804,182910.0,339685122.54999965
2025-08-01 09:25:05 AM,227.44,0,0.0,339685122.54999965
2025-08-01 09:25:06 AM,227.48,508,115559.84,339800682.3899996
2025-08-01 09:25:06 AM,227.58,1248,284019.84,340084702.2299996
2025-08-01 09:25:06 AM,227.64,0,0.0,340084702.2299996
2025-08-01 09:25:06 AM,227.7,0,0.0,340084702.2299996
2025-08-01 09:25:07 AM,227.7,1099,250242.3,340334944.5299996
2025-08-01 09:25:07 AM,227.89,43,9799.269999999999,340344743.7999996
2025-08-01 09:25:08 AM,228.23,6344,1447891.1199999999,341792634.9199996
2025-08-01 09:25:08 AM,228.36,0,0.0,341792634.9199996
2025-08-01 09:25:08 AM,228.36,1,228.36,341792863.2799996
2025-08-01 09:25:09 AM,228.28,1489,339908.92,342132772.19999963
2025-08-01 09:25:09 AM,228.32,0,0.0,342132772.19999963
2025-08-01 09:25:09 AM,228.32,1119,255490.08,342388262.2799996
2025-08-01 09:25:10 AM,228.3,1498,341993.4,342730255.6799996
2025-08-01 09:25:10 AM,228.42,0,0.0,342730255.6799996
2025-08-01 09:25:11 AM,228.3,298,68033.40000000001,342798289.07999957
2025-08-01 09:25:11 AM,228.38,180,41108.4,342839397.47999954
2025-08-01 09:25:12 AM,228.24,4,912.96,342840310.4399995
2025-08-01 09:25:12 AM,228.18,0,0.0,342840310.4399995
2025-08-01 09:25:13 AM,228.18,300,68454.0,342908764.4399995
2025-08-01 09:25:13 AM,228.38,100,22838.0,342931602.4399995
2025-08-01 09:25:13 AM,228.32,0,0.0,342931602.4399995
2025-08-01 09:25:13 AM,228.38,0,0.0,342931602.4399995
2025-08-01 09:25:14 AM,228.38,325,74223.5,343005825.9399995
2025-08-01 09:25:14 AM,228.41,0,0.0,343005825.9399995
2025-08-01 09:25:15 AM,228.41,3407,778192.87,343784018.8099995
2025-08-01 09:25:15 AM,228.4,300,68520.0,343852538.8099995
2025-08-01 09:25:15 AM,228.54,0,0.0,343852538.8099995
2025-08-01 09:25:16 AM,228.46,2690,614557.4,344467096.2099995
2025-08-01 09:25:17 AM,228.24,1013,231207.12,344698303.3299995
2025-08-01 09:25:18 AM,228.22,65,14834.3,344713137.6299995
2025-08-01 09:25:18 AM,228.33,0,0.0,344713137.6299995
2025-08-01 09:25:19 AM,228.33,50,11416.5,344724554.1299995
2025-08-01 09:25:20 AM,228.33,525,119873.25,344844427.3799995
2025-08-01 09:25:20 AM,228.39,0,0.0,344844427.3799995
2025-08-01 09:25:21 AM,228.21,550,125515.5,344969942.8799995
2025-08-01 09:25:21 AM,228.23,0,0.0,344969942.8799995
2025-08-01 09:25:21 AM,228.23,300,68469.0,345038411.8799995
2025-08-01 09:25:23 AM,228.2,224,51116.799999999996,345089528.67999953
2025-08-01 09:25:24 AM,228.2,350,79870.0,345169398.67999953
2025-08-01 09:25:25 AM,228.37,100,22837.0,345192235.67999953
2025-08-01 09:25:25 AM,228.21,0,0.0,345192235.67999953
2025-08-01 09:25:26 AM,228.25,1135,259063.75,345451299.42999953
2025-08-01 09:25:26 AM,228.46,427,97552.42,345548851.84999955
2025-08-01 09:25:27 AM,228.69,300,68607.0,345617458.84999955
2025-08-01 09:25:27 AM,228.73,11,2516.0299999999997,345619974.8799995
2025-08-01 09:25:27 AM,228.57,0,0.0,345619974.8799995
2025-08-01 09:25:27 AM,228.53,0,0.0,345619974.8799995
2025-08-01 09:25:28 AM,228.54,690,157692.6,345777667.47999954
2025-08-01 09:25:28 AM,228.5,0,0.0,345777667.47999954
2025-08-01 09:25:28 AM,228.46,0,0.0,345777667.47999954
2025-08-01 09:25:29 AM,228.44,2102,480180.88,346257848.35999954
2025-08-01 09:25:29 AM,228.64,200,45728.0,346303576.35999954
2025-08-01 09:25:30 AM,228.5,100,22850.0,346326426.35999954
2025-08-01 09:25:30 AM,228.54,0,0.0,346326426.35999954
2025-08-01 09:25:31 AM,228.44,307,70131.08,346396557.4399995
2025-08-01 09:25:31 AM,228.34,300,68502.0,346465059.4399995
2025-08-01 09:25:31 AM,228.41,0,0.0,346465059.4399995
2025-08-01 09:25:32 AM,228.42,401,91596.42,346556655.85999954
2025-08-01 09:25:33 AM,228.5,1750,399875.0,346956530.85999954
2025-08-01 09:25:34 AM,228.59,265,60576.35,347017107.20999956
2025-08-01 09:25:34 AM,228.5,0,0.0,347017107.20999956
2025-08-01 09:25:35 AM,228.63,700,160041.0,347177148.20999956
2025-08-01 09:25:36 AM,228.51,1,228.51,347177376.71999955
2025-08-01 09:25:37 AM,228.63,2,457.26,347177833.97999954
2025-08-01 09:25:37 AM,228.67,0,0.0,347177833.97999954
2025-08-01 09:25:37 AM,228.5,0,0.0,347177833.97999954
2025-08-01 09:25:38 AM,228.5,1300,297050.0,347474883.97999954
2025-08-01 09:25:38 AM,228.5,80,18280.0,347493163.97999954
2025-08-01 09:25:39 AM,228.8,2184,499699.2,347992863.17999953
2025-08-01 09:25:40 AM,228.93,0,0.0,347992863.17999953
2025-08-01 09:25:40 AM,228.99,0,0.0,347992863.17999953
2025-08-01 09:25:41 AM,229.04,8351,1912713.04,349905576.21999955
2025-08-01 09:25:41 AM,228.97,0,0.0,349905576.21999955
2025-08-01 09:25:42 AM,228.95,2612,598017.4,350503593.6199995
2025-08-01 09:25:42 AM,229.16,0,0.0,350503593.6199995
2025-08-01 09:25:43 AM,229.23,2367,542587.41,351046181.02999955
2025-08-01 09:25:44 AM,229.0,1405,321745.0,351367926.02999955
2025-08-01 09:25:45 AM,229.15,1000,229150.0,351597076.02999955
2025-08-01 09:25:45 AM,229.13,0,0.0,351597076.02999955
2025-08-01 09:25:46 AM,229.01,832,190536.32,351787612.34999955
2025-08-01 09:25:46 AM,229.12,26,5957.12,351793569.46999955
2025-08-01 09:25:46 AM,229.0,0,0.0,351793569.46999955
2025-08-01 09:25:47 AM,229.0,282,64578.0,351858147.46999955
2025-08-01 09:25:47 AM,229.0,100,22900.0,351881047.46999955
2025-08-01 09:25:48 AM,228.93,1192,272884.56,352153932.02999955
2025-08-01 09:25:49 AM,228.93,253,57919.29,352211851.3199996
2025-08-01 09:25:49 AM,228.92,205,46928.6,352258779.9199996
2025-08-01 09:25:49 AM,228.84,0,0.0,352258779.9199996
2025-08-01 09:25:50 AM,228.84,1040,237993.6,352496773.5199996
2025-08-01 09:25:50 AM,228.86,150,34329.0,352531102.5199996
2025-08-01 09:25:51 AM,228.81,0,0.0,352531102.5199996
2025-08-01 09:25:52 AM,228.81,125,28601.25,352559703.7699996
2025-08-01 09:25:52 AM,228.77,0,0.0,352559703.7699996
2025-08-01 09:25:53 AM,228.77,9,2058.9300000000003,352561762.69999963
2025-08-01 09:25:53 AM,228.78,100,22878.0,352584640.69999963
2025-08-01 09:25:53 AM,228.66,0,0.0,352584640.69999963
2025-08-01 09:25:53 AM,228.79,0,0.0,352584640.69999963
2025-08-01 09:25:54 AM,228.79,874,199962.46,352784603.1599996
2025-08-01 09:25:54 AM,228.77,0,0.0,352784603.1599996
2025-08-01 09:25:55 AM,228.89,3003,687356.6699999999,353471959.8299996
2025-08-01 09:25:57 AM,228.61,500,114305.0,353586264.8299996
2025-08-01 09:25:58 AM,228.56,203,46397.68,353632662.50999963
2025-08-01 09:25:58 AM,228.75,2020,462075.0,354094737.50999963
2025-08-01 09:25:59 AM,228.65,2,457.3,354095194.80999964
2025-08-01 09:26:01 AM,228.75,2400,549000.0,354644194.80999964
2025-08-01 09:26:01 AM,228.44,0,0.0,354644194.80999964
2025-08-01 09:26:02 AM,228.57,1137,259884.09,354904078.8999996
2025-08-01 09:26:03 AM,228.42,185,42257.7,354946336.5999996
2025-08-01 09:26:03 AM,228.1,1755,400315.5,355346652.0999996
2025-08-01 09:26:03 AM,228.01,0,0.0,355346652.0999996
2025-08-01 09:26:04 AM,228.12,49,11177.880000000001,355357829.9799996
2025-08-01 09:26:05 AM,228.19,1001,228418.19,355586248.1699996
2025-08-01 09:26:05 AM,227.9,0,0.0,355586248.1699996
2025-08-01 09:26:06 AM,227.66,6155,1401247.3,356987495.4699996
2025-08-01 09:26:07 AM,227.77,46,10477.42,356997972.8899996
2025-08-01 09:26:08 AM,227.76,200,45552.0,357043524.8899996
2025-08-01 09:26:08 AM,227.76,112,25509.12,357069034.00999963
2025-08-01 09:26:08 AM,227.69,0,0.0,357069034.00999963
2025-08-01 09:26:08 AM,227.84,0,0.0,357069034.00999963
2025-08-01 09:26:09 AM,227.84,2115,481881.60000000003,357550915.60999966
2025-08-01 09:26:09 AM,227.62,1000,227620.0,357778535.60999966
2025-08-01 09:26:10 AM,227.8,100,22780.0,357801315.60999966
2025-08-01 09:26:10 AM,227.81,0,0.0,357801315.60999966
2025-08-01 09:26:11 AM,227.8,241,54899.8,357856215.40999967
2025-08-01 09:26:11 AM,227.81,0,0.0,357856215.40999967
2025-08-01 09:26:12 AM,227.94,819,186682.86,358042898.2699997
2025-08-01 09:26:13 AM,227.96,26,5926.96,358048825.22999966
2025-08-01 09:26:14 AM,227.81,7,1594.67,358050419.8999997
2025-08-01 09:26:14 AM,227.81,200,45562.0,358095981.8999997
2025-08-01 09:26:15 AM,227.77,100,22777.0,358118758.8999997
2025-08-01 09:26:15 AM,227.93,0,0.0,358118758.8999997
2025-08-01 09:26:16 AM,227.93,17,3874.81,358122633.7099997
2025-08-01 09:26:16 AM,227.77,100,22777.0,358145410.7099997
2025-08-01 09:26:16 AM,227.78,0,0.0,358145410.7099997
2025-08-01 09:26:16 AM,227.89,0,0.0,358145410.7099997
2025-08-01 09:26:17 AM,227.89,169,38513.409999999996,358183924.1199997
2025-08-01 09:26:18 AM,227.88,8,1823.04,358185747.1599997
2025-08-01 09:26:18 AM,227.94,100,22794.0,358208541.1599997
2025-08-01 09:26:18 AM,227.77,0,0.0,358208541.1599997
2025-08-01 09:26:19 AM,227.77,130,29610.100000000002,358238151.25999975
2025-08-01 09:26:20 AM,227.85,0,0.0,358238151.25999975
2025-08-01 09:26:21 AM,227.8,180,41004.0,358279155.25999975
2025-08-01 09:26:21 AM,227.79,0,0.0,358279155.25999975
2025-08-01 09:26:22 AM,227.79,170,38724.299999999996,358317879.55999976
2025-08-01 09:26:23 AM,227.81,103,23464.43,358341343.9899998
2025-08-01 09:26:24 AM,227.79,52,11845.08,358353189.06999975
2025-08-01 09:26:25 AM,227.79,40,9111.6,358362300.6699998
2025-08-01 09:26:25 AM,227.8,0,0.0,358362300.6699998
2025-08-01 09:26:26 AM,227.7,63,14345.099999999999,358376645.7699998
2025-08-01 09:26:26 AM,227.8,0,0.0,358376645.7699998
2025-08-01 09:26:27 AM,227.8,650,148070.0,358524715.7699998
2025-08-01 09:26:27 AM,227.77,0,0.0,358524715.7699998
2025-08-01 09:26:28 AM,227.77,1,227.77,358524943.5399998
2025-08-01 09:26:28 AM,227.6,0,0.0,358524943.5399998
2025-08-01 09:26:28 AM,227.56,0,0.0,358524943.5399998
2025-08-01 09:26:29 AM,227.56,1700,386852.0,358911795.5399998
2025-08-01 09:26:29 AM,227.55,0,0.0,358911795.5399998
2025-08-01 09:26:30 AM,227.55,100,22755.0,358934550.5399998
2025-08-01 09:26:31 AM,227.72,620,141186.4,359075736.93999976
2025-08-01 09:26:32 AM,227.69,0,0.0,359075736.93999976
2025-08-01 09:26:32 AM,227.6,201,45747.6,359121484.5399998
2025-08-01 09:26:33 AM,227.68,0,0.0,359121484.5399998
2025-08-01 09:26:33 AM,227.68,115,26183.2,359147667.7399998
2025-08-01 09:26:33 AM,227.56,0,0.0,359147667.7399998
2025-08-01 09:26:34 AM,227.55,150,34132.5,359181800.2399998
2025-08-01 09:26:34 AM,227.69,0,0.0,359181800.2399998
2025-08-01 09:26:34 AM,227.69,2,455.38,359182255.61999977
2025-08-01 09:26:35 AM,227.68,0,0.0,359182255.61999977
2025-08-01 09:26:35 AM,227.68,50,11384.0,359193639.61999977
2025-08-01 09:26:36 AM,227.72,0,0.0,359193639.61999977
2025-08-01 09:26:36 AM,227.72,1213,276224.36,359469863.9799998
2025-08-01 09:26:37 AM,227.78,193,43961.54,359513825.5199998
2025-08-01 09:26:37 AM,227.8,0,0.0,359513825.5199998
2025-08-01 09:26:37 AM,227.8,140,31892.0,359545717.5199998
2025-08-01 09:26:38 AM,227.8,10,2278.0,359547995.5199998
2025-08-01 09:26:39 AM,227.66,1480,336936.8,359884932.3199998
2025-08-01 09:26:42 AM,227.72,53,12069.16,359897001.47999984
2025-08-01 09:26:45 AM,227.86,200,45572.0,359942573.47999984
2025-08-01 09:26:46 AM,227.72,10,2277.2,359944850.6799998
2025-08-01 09:26:46 AM,227.84,87,19822.08,359964672.7599998
2025-08-01 09:26:47 AM,227.9,1455,331594.5,360296267.2599998
2025-08-01 09:26:47 AM,227.91,10,2279.1,360298546.35999984
2025-08-01 09:26:49 AM,227.91,20,4558.2,360303104.5599998
2025-08-01 09:26:50 AM,227.91,11,2507.0099999999998,360305611.5699998
2025-08-01 09:26:50 AM,228.2,2483,566620.6,360872232.16999984
2025-08-01 09:26:51 AM,228.3,0,0.0,360872232.16999984
2025-08-01 09:26:52 AM,228.14,821,187302.94,361059535.10999984
2025-08-01 09:26:52 AM,228.28,1000,228280.0,361287815.10999984
2025-08-01 09:26:53 AM,228.1,150,34215.0,361322030.10999984
2025-08-01 09:26:54 AM,228.27,0,0.0,361322030.10999984
2025-08-01 09:26:55 AM,228.27,500,114135.0,361436165.10999984
2025-08-01 09:26:55 AM,228.1,0,0.0,361436165.10999984
2025-08-01 09:26:56 AM,228.1,3,684.3,361436849.40999985
2025-08-01 09:26:58 AM,228.2,0,0.0,361436849.40999985
2025-08-01 09:26:59 AM,228.2,160,36512.0,361473361.40999985
2025-08-01 09:27:01 AM,228.1,150,34215.0,361507576.40999985
2025-08-01 09:27:02 AM,228.02,0,0.0,361507576.40999985
2025-08-01 09:27:03 AM,228.02,325,74106.5,361581682.90999985
2025-08-01 09:27:03 AM,228.1,25,5702.5,361587385.40999985
2025-08-01 09:27:03 AM,228.27,0,0.0,361587385.40999985
2025-08-01 09:27:04 AM,228.27,2900,661983.0,362249368.40999985
2025-08-01 09:27:05 AM,228.1,0,0.0,362249368.40999985
2025-08-01 09:27:06 AM,228.1,5,1140.5,362250508.90999985
2025-08-01 09:27:08 AM,228.23,0,0.0,362250508.90999985
2025-08-01 09:27:08 AM,228.27,150,34240.5,362284749.40999985
2025-08-01 09:27:09 AM,228.26,0,0.0,362284749.40999985
2025-08-01 09:27:09 AM,228.17,24,5476.08,362290225.48999983
2025-08-01 09:27:11 AM,228.27,15,3424.05,362293649.53999984
2025-08-01 09:27:12 AM,228.27,10,2282.7000000000003,362295932.23999983
2025-08-01 09:27:14 AM,228.1,0,0.0,362295932.23999983
2025-08-01 09:27:14 AM,228.1,430,98083.0,362394015.23999983
2025-08-01 09:27:16 AM,228.26,0,0.0,362394015.23999983
2025-08-01 09:27:16 AM,228.26,105,23967.3,362417982.53999984
2025-08-01 09:27:17 AM,228.27,0,0.0,362417982.53999984
2025-08-01 09:27:17 AM,228.27,30,6848.1,362424830.63999987
2025-08-01 09:27:18 AM,228.27,2,456.54,362425287.1799999
2025-08-01 09:27:19 AM,228.11,0,0.0,362425287.1799999
2025-08-01 09:27:19 AM,228.11,15,3421.65,362428708.82999986
2025-08-01 09:27:20 AM,228.27,216,49306.32,362478015.14999986
2025-08-01 09:27:23 AM,228.27,712,162528.24000000002,362640543.38999987
2025-08-01 09:27:23 AM,228.3,0,0.0,362640543.38999987
2025-08-01 09:27:24 AM,228.3,100,22830.0,362663373.38999987
2025-08-01 09:27:24 AM,228.38,1500,342570.0,363005943.38999987
2025-08-01 09:27:25 AM,228.34,950,216923.0,363222866.38999987
2025-08-01 09:27:26 AM,228.35,861,196609.35,363419475.7399999
2025-08-01 09:27:27 AM,228.24,219,49984.560000000005,363469460.2999999
2025-08-01 09:27:28 AM,228.24,100,22824.0,363492284.2999999
2025-08-01 09:27:30 AM,228.1,205,46760.5,363539044.7999999
2025-08-01 09:27:31 AM,228.1,255,58165.5,363597210.2999999
2025-08-01 09:27:34 AM,228.22,200,45644.0,363642854.2999999
2025-08-01 09:27:35 AM,228.21,150,34231.5,363677085.7999999
2025-08-01 09:27:35 AM,228.22,0,0.0,363677085.7999999
2025-08-01 09:27:35 AM,228.22,100,22822.0,363699907.7999999
2025-08-01 09:27:38 AM,228.11,21,4790.31,363704698.1099999
2025-08-01 09:27:39 AM,228.01,0,0.0,363704698.1099999
2025-08-01 09:27:40 AM,228.01,1000,228010.0,363932708.1099999
2025-08-01 09:27:40 AM,228.2,250,57050.0,363989758.1099999
2025-08-01 09:27:41 AM,228.24,100,22824.0,364012582.1099999
2025-08-01 09:27:42 AM,228.1,515,117471.5,364130053.6099999
2025-08-01 09:27:43 AM,228.11,100,22811.0,364152864.6099999
2025-08-01 09:27:44 AM,228.11,50,11405.5,364164270.1099999
2025-08-01 09:27:45 AM,228.08,277,63178.16,364227448.2699999
2025-08-01 09:27:47 AM,228.11,10,2281.1000000000004,364229729.36999995
2025-08-01 09:27:47 AM,228.11,16,3649.76,364233379.12999994
2025-08-01 09:27:48 AM,228.11,11,2509.21,364235888.3399999
2025-08-01 09:27:48 AM,228.15,0,0.0,364235888.3399999
2025-08-01 09:27:49 AM,228.1,422,96258.2,364332146.5399999
2025-08-01 09:27:49 AM,228.11,200,45622.0,364377768.5399999
2025-08-01 09:27:51 AM,228.24,56,12781.44,364390549.9799999
2025-08-01 09:27:53 AM,228.0,750,171000.0,364561549.9799999
2025-08-01 09:27:55 AM,228.03,0,0.0,364561549.9799999
2025-08-01 09:27:56 AM,227.97,1019,232301.43,364793851.4099999
2025-08-01 09:27:57 AM,227.94,191,43536.54,364837387.9499999
2025-08-01 09:27:58 AM,227.77,0,0.0,364837387.9499999
2025-08-01 09:27:59 AM,227.77,110,25054.7,364862442.6499999
2025-08-01 09:28:00 AM,227.95,400,91180.0,364953622.6499999
2025-08-01 09:28:04 AM,227.78,11,2505.58,364956128.2299999
2025-08-01 09:28:08 AM,227.72,0,0.0,364956128.2299999
2025-08-01 09:28:10 AM,227.72,1026,233640.72,365189768.9499999
2025-08-01 09:28:14 AM,227.68,0,0.0,365189768.9499999
2025-08-01 09:28:18 AM,227.72,1895,431529.4,365621298.3499999
2025-08-01 09:28:20 AM,227.53,0,0.0,365621298.3499999
2025-08-01 09:28:25 AM,227.12,4673,1061331.76,366682630.1099999
2025-08-01 09:28:26 AM,227.36,0,0.0,366682630.1099999
2025-08-01 09:28:27 AM,227.36,810,184161.6,366866791.7099999
2025-08-01 09:28:31 AM,227.27,0,0.0,366866791.7099999
2025-08-01 09:28:33 AM,227.04,12095,2746048.8,369612840.50999993
2025-08-01 09:28:34 AM,227.07,1782,404638.74,370017479.24999994
2025-08-01 09:28:37 AM,227.05,0,0.0,370017479.24999994
2025-08-01 09:28:37 AM,227.14,0,0.0,370017479.24999994
2025-08-01 09:28:42 AM,227.0,0,0.0,370017479.24999994
2025-08-01 09:28:42 AM,227.0,4814,1092778.0,371110257.24999994
2025-08-01 09:28:47 AM,227.14,0,0.0,371110257.24999994
2025-08-01 09:28:48 AM,226.91,4350,987058.5,372097315.74999994
2025-08-01 09:28:48 AM,226.8,0,0.0,372097315.74999994
2025-08-01 09:28:49 AM,226.94,800,181552.0,372278867.74999994
2025-08-01 09:28:52 AM,226.98,0,0.0,372278867.74999994
2025-08-01 09:28:53 AM,227.0,0,0.0,372278867.74999994
2025-08-01 09:28:56 AM,227.0,5260,1194020.0,373472887.74999994
2025-08-01 09:28:57 AM,227.1,2396,544131.6,374017019.34999996
2025-08-01 09:28:58 AM,227.0,0,0.0,374017019.34999996
2025-08-01 09:29:03 AM,227.01,15758,3577223.58,377594242.92999995
2025-08-01 09:29:05 AM,227.1,31,7040.099999999999,377601283.03
2025-08-01 09:29:05 AM,226.99,0,0.0,377601283.03
2025-08-01 09:29:10 AM,226.89,0,0.0,377601283.03
2025-08-01 09:29:11 AM,226.89,3170,719241.2999999999,378320524.33
2025-08-01 09:29:11 AM,226.87,0,0.0,378320524.33
2025-08-01 09:29:13 AM,226.74,1852,419922.48000000004,378740446.81
2025-08-01 09:29:16 AM,226.7,0,0.0,378740446.81
2025-08-01 09:29:19 AM,226.65,2297,520615.05,379261061.86
2025-08-01 09:29:20 AM,226.65,19,4306.35,379265368.21000004
2025-08-01 09:29:21 AM,226.55,0,0.0,379265368.21000004
2025-08-01 09:29:26 AM,226.61,3542,802652.62,380068020.83000004
2025-08-01 09:29:31 AM,226.55,0,0.0,380068020.83000004
2025-08-01 09:29:34 AM,226.55,4216,955134.8,381023155.63000005
2025-08-01 09:29:35 AM,226.55,333,75441.15000000001,381098596.78000003
2025-08-01 09:29:36 AM,226.5,0,0.0,381098596.78000003
2025-08-01 09:29:41 AM,226.51,0,0.0,381098596.78000003
2025-08-01 09:29:42 AM,226.4,0,0.0,381098596.78000003
2025-08-01 09:29:42 AM,226.5,18009,4079038.5,385177635.28000003
2025-08-01 09:29:46 AM,226.62,0,0.0,385177635.28000003
2025-08-01 09:29:49 AM,226.61,3683,834604.63,386012239.91
2025-08-01 09:29:51 AM,226.71,0,0.0,386012239.91
2025-08-01 09:29:56 AM,226.87,2043,463495.41000000003,386475735.32000005
2025-08-01 09:30:01 AM,226.48,0,0.0,386475735.32000005
2025-08-01 09:30:01 AM,226.54,5438,1231924.52,387707659.84000003
2025-08-01 09:30:01 AM,226.39,0,0.0,387707659.84000003
2025-08-01 09:30:02 AM,226.39,9960,2254844.4,389962504.24
2025-08-01 09:30:02 AM,226.11,0,0.0,389962504.24
2025-08-01 09:30:03 AM,226.3,637,144153.1,390106657.34000003
2025-08-01 09:30:04 AM,226.3,1,226.3,390106883.64000005
2025-08-01 09:30:04 AM,226.11,1623,366976.53,390473860.17
2025-08-01 09:30:05 AM,226.25,0,0.0,390473860.17
2025-08-01 09:30:05 AM,226.25,500,113125.0,390586985.17
2025-08-01 09:30:05 AM,226.01,400,90404.0,390677389.17
2025-08-01 09:30:06 AM,226.01,19,4294.19,390681683.36
2025-08-01 09:30:06 AM,226.15,0,0.0,390681683.36
2025-08-01 09:30:07 AM,226.22,1070,242055.4,390923738.76
2025-08-01 09:30:07 AM,226.1,20,4522.0,390928260.76
2025-08-01 09:30:08 AM,226.22,2300,520306.0,391448566.76
2025-08-01 09:30:09 AM,226.01,900,203409.0,391651975.76
2025-08-01 09:30:09 AM,226.14,1,226.14,391652201.9
2025-08-01 09:30:10 AM,226.01,0,0.0,391652201.9
2025-08-01 09:30:10 AM,226.0,3975,898350.0,392550551.9
2025-08-01 09:30:10 AM,226.12,186,42058.32,392592610.21999997
2025-08-01 09:30:11 AM,226.23,220,49770.6,392642380.82
2025-08-01 09:30:11 AM,226.03,0,0.0,392642380.82
2025-08-01 09:30:11 AM,226.03,2135,482574.05,393124954.87
2025-08-01 09:30:12 AM,226.2,400,90480.0,393215434.87
2025-08-01 09:30:13 AM,226.0,190,42940.0,393258374.87
2025-08-01 09:30:14 AM,226.0,1000,226000.0,393484374.87
2025-08-01 09:30:14 AM,226.0,101,22826.0,393507200.87
2025-08-01 09:30:15 AM,226.12,0,0.0,393507200.87
2025-08-01 09:30:15 AM,226.12,6,1356.72,393508557.59000003
2025-08-01 09:30:15 AM,226.0,0,0.0,393508557.59000003
2025-08-01 09:30:16 AM,226.0,2605,588730.0,394097287.59000003
2025-08-01 09:30:17 AM,226.03,16,3616.48,394100904.07000005
2025-08-01 09:30:18 AM,226.03,306,69165.18000000001,394170069.25000006
2025-08-01 09:30:19 AM,226.1,200,45220.0,394215289.25000006
2025-08-01 09:30:20 AM,226.1,10,2261.0,394217550.25000006
2025-08-01 09:30:21 AM,226.05,50,11302.5,394228852.75000006
2025-08-01 09:30:21 AM,226.18,0,0.0,394228852.75000006
2025-08-01 09:30:22 AM,226.0,2002,452452.0,394681304.75000006
2025-08-01 09:30:22 AM,226.03,0,0.0,394681304.75000006
2025-08-01 09:30:22 AM,226.03,705,159351.15,394840655.90000004
2025-08-01 09:30:23 AM,226.21,3,678.63,394841334.53000003
2025-08-01 09:30:24 AM,226.0,1555,351430.0,395192764.53000003
2025-08-01 09:30:25 AM,226.0,2013,454938.0,395647702.53000003
2025-08-01 09:30:26 AM,226.0,51,11526.0,395659228.53000003
2025-08-01 09:30:27 AM,226.0,200,45200.0,395704428.53000003
2025-08-01 09:30:28 AM,225.91,0,0.0,395704428.53000003
2025-08-01 09:30:28 AM,225.91,4171,942270.61,396646699.14000005
2025-08-01 09:30:29 AM,225.91,80,18072.8,396664771.94000006
2025-08-01 09:30:29 AM,225.9,1566,353759.4,397018531.34000003
2025-08-01 09:30:30 AM,225.71,95,21442.45,397039973.79
2025-08-01 09:30:30 AM,225.88,30,6776.4,397046750.19
2025-08-01 09:30:31 AM,225.65,940,212111.0,397258861.19
2025-08-01 09:30:32 AM,225.5,2778,626439.0,397885300.19
2025-08-01 09:30:33 AM,225.35,0,0.0,397885300.19
2025-08-01 09:30:33 AM,225.35,3696,832893.6,398718193.79
2025-08-01 09:30:33 AM,225.38,147,33130.86,398751324.65000004
2025-08-01 09:30:34 AM,225.52,0,0.0,398751324.65000004
2025-08-01 09:30:35 AM,225.69,0,0.0,398751324.65000004
2025-08-01 09:30:35 AM,225.69,2458,554746.02,399306070.67
2025-08-01 09:30:35 AM,225.69,10,2256.9,399308327.57
2025-08-01 09:30:35 AM,225.53,0,0.0,399308327.57
2025-08-01 09:30:36 AM,225.53,301,67884.53,399376212.09999996
2025-08-01 09:30:37 AM,225.52,554,124938.08,399501150.17999995
2025-08-01 09:30:37 AM,225.52,331,74647.12000000001,399575797.29999995
2025-08-01 09:30:37 AM,225.53,0,0.0,399575797.29999995
2025-08-01 09:30:38 AM,225.53,1340,302210.2,399878007.49999994
2025-08-01 09:30:38 AM,225.5,0,0.0,399878007.49999994
2025-08-01 09:30:39 AM,225.58,1245,280847.10000000003,400158854.59999996
2025-08-01 09:30:39 AM,225.6,0,0.0,400158854.59999996
2025-08-01 09:30:40 AM,225.61,0,0.0,400158854.59999996
2025-08-01 09:30:40 AM,225.61,2000,451220.0,400610074.59999996
2025-08-01 09:30:40 AM,225.54,0,0.0,400610074.59999996
2025-08-01 09:30:41 AM,225.72,0,0.0,400610074.59999996
2025-08-01 09:30:41 AM,225.83,4267,963616.6100000001,401573691.21
2025-08-01 09:30:41 AM,225.66,0,0.0,401573691.21
2025-08-01 09:30:42 AM,225.66,30,6769.8,401580461.01
2025-08-01 09:30:42 AM,225.66,50,11283.0,401591744.01
2025-08-01 09:30:44 AM,225.64,1050,236922.0,401828666.01
2025-08-01 09:30:45 AM,225.65,0,0.0,401828666.01
2025-08-01 09:30:45 AM,225.59,4435,1000491.65,402829157.65999997
2025-08-01 09:30:46 AM,225.53,0,0.0,402829157.65999997
2025-08-01 09:30:46 AM,225.53,149,33603.97,402862761.63
2025-08-01 09:30:48 AM,225.53,200,45106.0,402907867.63
2025-08-01 09:30:49 AM,225.53,231,52097.43,402959965.06
2025-08-01 09:30:50 AM,225.53,501,112990.53,403072955.59
2025-08-01 09:30:50 AM,225.5,0,0.0,403072955.59
2025-08-01 09:30:51 AM,225.47,2955,666263.85,403739219.44
2025-08-01 09:30:51 AM,225.47,95,21419.65,403760639.09
2025-08-01 09:30:51 AM,225.49,0,0.0,403760639.09
2025-08-01 09:30:52 AM,225.49,292,65843.08,403826482.16999996
2025-08-01 09:30:52 AM,225.33,18,4055.94,403830538.10999995
2025-08-01 09:30:53 AM,225.42,2410,543262.2,404373800.30999994
2025-08-01 09:30:53 AM,225.47,0,0.0,404373800.30999994
2025-08-01 09:30:54 AM,225.47,708,159632.76,404533433.06999993
2025-08-01 09:30:55 AM,225.2,5948,1339489.5999999999,405872922.66999996
2025-08-01 09:30:56 AM,225.2,1250,281500.0,406154422.66999996
2025-08-01 09:30:57 AM,225.1,0,0.0,406154422.66999996
2025-08-01 09:30:58 AM,225.1,1449,326169.89999999997,406480592.56999993
2025-08-01 09:30:58 AM,225.18,0,0.0,406480592.56999993
2025-08-01 09:30:59 AM,225.13,0,0.0,406480592.56999993
2025-08-01 09:30:59 AM,225.13,1108,249444.04,406730036.60999995
2025-08-01 09:30:59 AM,225.11,1000,225110.0,406955146.60999995
2025-08-01 09:31:00 AM,225.27,3000,675810.0,407630956.60999995
2025-08-01 09:31:01 AM,225.26,50,11263.0,407642219.60999995
2025-08-01 09:31:01 AM,225.1,0,0.0,407642219.60999995
2025-08-01 09:31:01 AM,225.07,300,67521.0,407709740.60999995
2025-08-01 09:31:02 AM,225.25,0,0.0,407709740.60999995
2025-08-01 09:31:02 AM,224.99,0,0.0,407709740.60999995
2025-08-01 09:31:03 AM,225.12,0,0.0,407709740.60999995
2025-08-01 09:31:03 AM,225.12,16439,3700747.68,411410488.28999996
2025-08-01 09:31:03 AM,224.89,0,0.0,411410488.28999996
2025-08-01 09:31:04 AM,225.0,987,222075.0,411632563.28999996
2025-08-01 09:31:04 AM,224.54,16911,3797195.94,415429759.22999996
2025-08-01 09:31:04 AM,224.77,0,0.0,415429759.22999996
2025-08-01 09:31:05 AM,224.77,100,22477.0,415452236.22999996
2025-08-01 09:31:05 AM,224.65,0,0.0,415452236.22999996
2025-08-01 09:31:06 AM,224.64,0,0.0,415452236.22999996
2025-08-01 09:31:06 AM,224.56,1157,259815.92,415712052.15
2025-08-01 09:31:06 AM,224.72,524,117753.28,415829805.42999995
2025-08-01 09:31:06 AM,224.79,0,0.0,415829805.42999995
2025-08-01 09:31:07 AM,224.62,0,0.0,415829805.42999995
2025-08-01 09:31:07 AM,224.72,5024,1128993.28,416958798.7099999
2025-08-01 09:31:07 AM,224.63,0,0.0,416958798.7099999
2025-08-01 09:31:08 AM,224.65,0,0.0,416958798.7099999
2025-08-01 09:31:08 AM,224.65,288,64699.200000000004,417023497.9099999
2025-08-01 09:31:08 AM,224.6,0,0.0,417023497.9099999
2025-08-01 09:31:09 AM,224.63,0,0.0,417023497.9099999
2025-08-01 09:31:09 AM,224.64,310,69638.4,417093136.3099999
2025-08-01 09:31:10 AM,224.62,0,0.0,417093136.3099999
2025-08-01 09:31:10 AM,224.62,246,55256.520000000004,417148392.82999986
2025-08-01 09:31:10 AM,224.76,0,0.0,417148392.82999986
2025-08-01 09:31:11 AM,224.77,0,0.0,417148392.82999986
2025-08-01 09:31:11 AM,224.69,3718,835397.42,417983790.2499999
2025-08-01 09:31:11 AM,224.52,0,0.0,417983790.2499999
2025-08-01 09:31:12 AM,224.47,0,0.0,417983790.2499999
2025-08-01 09:31:12 AM,224.47,1334,299442.98,418283233.2299999
2025-08-01 09:31:13 AM,224.84,0,0.0,418283233.2299999
2025-08-01 09:31:14 AM,224.84,2428,545911.52,418829144.7499999
2025-08-01 09:31:14 AM,224.7,0,0.0,418829144.7499999
2025-08-01 09:31:15 AM,224.75,0,0.0,418829144.7499999
2025-08-01 09:31:15 AM,224.75,1006,226098.5,419055243.2499999
2025-08-01 09:31:15 AM,224.74,0,0.0,419055243.2499999
2025-08-01 09:31:16 AM,224.74,1899,426781.26,419482024.5099999
2025-08-01 09:31:16 AM,224.8,200,44960.0,419526984.5099999
2025-08-01 09:31:17 AM,224.84,105,23608.2,419550592.70999986
2025-08-01 09:31:18 AM,225.0,0,0.0,419550592.70999986
2025-08-01 09:31:18 AM,225.0,6601,1485225.0,421035817.70999986
2025-08-01 09:31:18 AM,225.26,0,0.0,421035817.70999986
2025-08-01 09:31:19 AM,225.31,0,0.0,421035817.70999986
2025-08-01 09:31:19 AM,225.29,1654,372629.66,421408447.3699999
2025-08-01 09:31:19 AM,225.27,0,0.0,421408447.3699999
2025-08-01 09:31:20 AM,225.13,0,0.0,421408447.3699999
2025-08-01 09:31:20 AM,225.08,1440,324115.2,421732562.5699999
2025-08-01 09:31:20 AM,225.27,0,0.0,421732562.5699999
2025-08-01 09:31:21 AM,225.12,0,0.0,421732562.5699999
2025-08-01 09:31:21 AM,225.08,2300,517684.0,422250246.5699999
2025-08-01 09:31:22 AM,225.22,0,0.0,422250246.5699999
2025-08-01 09:31:22 AM,225.38,2328,524684.64,422774931.20999986
2025-08-01 09:31:23 AM,225.22,1,225.22,422775156.4299999
2025-08-01 09:31:24 AM,225.4,0,0.0,422775156.4299999
2025-08-01 09:31:25 AM,225.4,2920,658168.0,423433324.4299999
2025-08-01 09:31:25 AM,225.32,100,22532.0,423455856.4299999
2025-08-01 09:31:26 AM,225.48,0,0.0,423455856.4299999
2025-08-01 09:31:26 AM,225.48,10,2254.7999999999997,423458111.2299999
2025-08-01 09:31:26 AM,225.22,0,0.0,423458111.2299999
2025-08-01 09:31:27 AM,225.22,10417,2346116.7399999998,425804227.9699999
2025-08-01 09:31:27 AM,225.36,0,0.0,425804227.9699999
2025-08-01 09:31:28 AM,225.2,1855,417746.0,426221973.9699999
2025-08-01 09:31:28 AM,225.02,0,0.0,426221973.9699999
2025-08-01 09:31:29 AM,225.19,0,0.0,426221973.9699999
2025-08-01 09:31:29 AM,225.21,1474,331959.54000000004,426553933.50999993
2025-08-01 09:31:30 AM,225.25,10,2252.5,426556186.00999993
2025-08-01 09:31:33 AM,225.1,1,225.1,426556411.10999995
2025-08-01 09:31:34 AM,225.16,240,54038.4,426610449.50999993
2025-08-01 09:31:35 AM,225.2,159,35806.799999999996,426646256.30999994
2025-08-01 09:31:35 AM,225.1,0,0.0,426646256.30999994
2025-08-01 09:31:36 AM,225.2,1244,280148.8,426926405.10999995
2025-08-01 09:31:36 AM,225.11,1000,225110.0,427151515.10999995
2025-08-01 09:31:37 AM,225.25,2200,495550.0,427647065.10999995
2025-08-01 09:31:38 AM,225.34,0,0.0,427647065.10999995
2025-08-01 09:31:39 AM,225.34,4207,948005.38,428595070.48999995
2025-08-01 09:31:39 AM,225.15,150,33772.5,428628842.98999995
2025-08-01 09:31:42 AM,225.35,0,0.0,428628842.98999995
2025-08-01 09:31:43 AM,225.35,1004,226251.4,428855094.3899999
2025-08-01 09:31:43 AM,225.75,0,0.0,428855094.3899999
2025-08-01 09:31:44 AM,225.73,7908,1785072.8399999999,430640167.2299999
2025-08-01 09:31:45 AM,225.89,0,0.0,430640167.2299999
2025-08-01 09:31:45 AM,225.75,1527,344720.25,430984887.4799999
2025-08-01 09:31:46 AM,225.62,2015,454624.3,431439511.7799999
2025-08-01 09:31:47 AM,225.85,0,0.0,431439511.7799999
2025-08-01 09:31:47 AM,225.85,1000,225850.0,431665361.7799999
2025-08-01 09:31:47 AM,225.72,5,1128.6,431666490.37999994
2025-08-01 09:31:48 AM,226.21,0,0.0,431666490.37999994
2025-08-01 09:31:48 AM,226.21,7857,1777331.97,433443822.34999996
2025-08-01 09:31:49 AM,226.0,0,0.0,433443822.34999996
2025-08-01 09:31:50 AM,226.0,800,180800.0,433624622.34999996
2025-08-01 09:31:50 AM,226.2,0,0.0,433624622.34999996
2025-08-01 09:31:51 AM,226.19,420,94999.8,433719622.15
2025-08-01 09:31:51 AM,226.03,0,0.0,433719622.15
2025-08-01 09:31:52 AM,226.17,0,0.0,433719622.15
2025-08-01 09:31:52 AM,226.17,11,2487.87,433722110.02
2025-08-01 09:31:52 AM,226.22,0,0.0,433722110.02
2025-08-01 09:31:53 AM,226.09,121,27356.89,433749466.90999997
2025-08-01 09:31:54 AM,226.26,225,50908.5,433800375.40999997
2025-08-01 09:31:55 AM,226.28,0,0.0,433800375.40999997
2025-08-01 09:31:55 AM,225.75,0,0.0,433800375.40999997
2025-08-01 09:31:55 AM,225.75,3499,789899.25,434590274.65999997
2025-08-01 09:31:56 AM,226.0,0,0.0,434590274.65999997
2025-08-01 09:31:57 AM,225.79,501,113120.79,434703395.45
2025-08-01 09:31:58 AM,225.95,1043,235665.84999999998,434939061.3
2025-08-01 09:31:58 AM,225.98,0,0.0,434939061.3
2025-08-01 09:31:59 AM,225.98,300,67794.0,435006855.3
2025-08-01 09:31:59 AM,225.97,0,0.0,435006855.3
2025-08-01 09:32:00 AM,226.02,66,14917.320000000002,435021772.62
2025-08-01 09:32:00 AM,226.03,200,45206.0,435066978.62
2025-08-01 09:32:02 AM,225.79,0,0.0,435066978.62
2025-08-01 09:32:03 AM,225.79,700,158053.0,435225031.62
2025-08-01 09:32:04 AM,225.97,100,22597.0,435247628.62
2025-08-01 09:32:05 AM,225.81,11,2483.91,435250112.53000003
2025-08-01 09:32:05 AM,225.77,0,0.0,435250112.53000003
2025-08-01 09:32:05 AM,225.77,1,225.77,435250338.3
2025-08-01 09:32:06 AM,225.75,517,116712.75,435367051.05
2025-08-01 09:32:07 AM,225.69,1000,225690.0,435592741.05
2025-08-01 09:32:08 AM,225.94,0,0.0,435592741.05
2025-08-01 09:32:08 AM,226.03,12859,2906519.77,438499260.82
2025-08-01 09:32:08 AM,226.35,0,0.0,438499260.82
2025-08-01 09:32:09 AM,226.35,792,179269.19999999998,438678530.02
2025-08-01 09:32:09 AM,226.46,970,219666.2,438898196.21999997
2025-08-01 09:32:10 AM,226.28,400,90512.0,438988708.21999997
2025-08-01 09:32:10 AM,226.28,2,452.56,438989160.78
2025-08-01 09:32:11 AM,226.28,1,226.28,438989387.05999994
2025-08-01 09:32:11 AM,226.18,0,0.0,438989387.05999994
2025-08-01 09:32:12 AM,226.18,67,15154.060000000001,439004541.11999995
2025-08-01 09:32:12 AM,226.12,860,194463.2,439199004.31999993
2025-08-01 09:32:13 AM,226.32,0,0.0,439199004.31999993
2025-08-01 09:32:13 AM,226.34,253,57264.020000000004,439256268.3399999
2025-08-01 09:32:13 AM,226.18,0,0.0,439256268.3399999
2025-08-01 09:32:14 AM,226.18,200,45236.0,439301504.3399999
2025-08-01 09:32:14 AM,226.34,10,2263.4,439303767.7399999
2025-08-01 09:32:14 AM,226.22,0,0.0,439303767.7399999
2025-08-01 09:32:15 AM,226.22,50,11311.0,439315078.7399999
2025-08-01 09:32:16 AM,226.23,15,3393.45,439318472.1899999
2025-08-01 09:32:16 AM,226.14,0,0.0,439318472.1899999
2025-08-01 09:32:17 AM,226.15,0,0.0,439318472.1899999
2025-08-01 09:32:17 AM,226.15,1060,239719.0,439558191.1899999
2025-08-01 09:32:17 AM,226.12,0,0.0,439558191.1899999
2025-08-01 09:32:18 AM,226.3,401,90746.3,439648937.4899999
2025-08-01 09:32:18 AM,226.16,0,0.0,439648937.4899999
2025-08-01 09:32:19 AM,226.16,480,108556.8,439757494.2899999
2025-08-01 09:32:20 AM,226.12,170,38440.4,439795934.6899999
2025-08-01 09:32:21 AM,226.12,300,67836.0,439863770.6899999
2025-08-01 09:32:21 AM,226.29,0,0.0,439863770.6899999
2025-08-01 09:32:22 AM,226.29,1050,237604.5,440101375.1899999
2025-08-01 09:32:23 AM,226.29,100,22629.0,440124004.1899999
2025-08-01 09:32:24 AM,226.4,2882,652484.8,440776488.9899999
2025-08-01 09:32:25 AM,226.32,9,2036.8799999999999,440778525.8699999
2025-08-01 09:32:25 AM,226.49,0,0.0,440778525.8699999
2025-08-01 09:32:26 AM,226.49,1060,240079.40000000002,441018605.26999986
2025-08-01 09:32:27 AM,226.5,551,124801.5,441143406.76999986
2025-08-01 09:32:27 AM,226.32,0,0.0,441143406.76999986
2025-08-01 09:32:28 AM,226.32,500,113160.0,441256566.76999986
2025-08-01 09:32:29 AM,226.56,1300,294528.0,441551094.76999986
2025-08-01 09:32:29 AM,226.4,0,0.0,441551094.76999986
2025-08-01 09:32:30 AM,226.4,800,181120.0,441732214.76999986
2025-08-01 09:32:30 AM,226.49,0,0.0,441732214.76999986
2025-08-01 09:32:31 AM,226.49,50,11324.5,441743539.26999986
2025-08-01 09:32:32 AM,226.4,171,38714.4,441782253.66999984
2025-08-01 09:32:33 AM,226.32,1,226.32,441782479.98999983
2025-08-01 09:32:33 AM,226.33,0,0.0,441782479.98999983
2025-08-01 09:32:34 AM,226.34,422,95515.48,441877995.46999985
2025-08-01 09:32:34 AM,226.14,5,1130.6999999999998,441879126.16999984
2025-08-01 09:32:35 AM,226.32,0,0.0,441879126.16999984
2025-08-01 09:32:35 AM,226.36,471,106615.56000000001,441985741.72999984
2025-08-01 09:32:37 AM,226.34,0,0.0,441985741.72999984
2025-08-01 09:32:38 AM,226.34,100,22634.0,442008375.72999984
2025-08-01 09:32:38 AM,226.17,0,0.0,442008375.72999984
2025-08-01 09:32:39 AM,226.17,35,7915.95,442016291.6799998
2025-08-01 09:32:39 AM,226.31,0,0.0,442016291.6799998
2025-08-01 09:32:40 AM,226.31,210,47525.1,442063816.77999985
2025-08-01 09:32:40 AM,226.3,0,0.0,442063816.77999985
2025-08-01 09:32:41 AM,226.3,10,2263.0,442066079.77999985
2025-08-01 09:32:41 AM,226.3,25,5657.5,442071737.27999985
2025-08-01 09:32:42 AM,226.3,103,23308.9,442095046.1799998
2025-08-01 09:32:43 AM,226.15,0,0.0,442095046.1799998
2025-08-01 09:32:43 AM,226.15,500,113075.0,442208121.1799998
2025-08-01 09:32:46 AM,226.4,0,0.0,442208121.1799998
2025-08-01 09:32:47 AM,226.4,1250,283000.0,442491121.1799998
2025-08-01 09:32:49 AM,226.3,0,0.0,442491121.1799998
2025-08-01 09:32:49 AM,226.3,10,2263.0,442493384.1799998
2025-08-01 09:32:50 AM,226.2,200,45240.0,442538624.1799998
2025-08-01 09:32:51 AM,226.3,0,0.0,442538624.1799998
2025-08-01 09:32:51 AM,226.3,10,2263.0,442540887.1799998
2025-08-01 09:32:52 AM,226.2,0,0.0,442540887.1799998
2025-08-01 09:32:52 AM,226.2,100,22620.0,442563507.1799998
2025-08-01 09:32:53 AM,226.3,21,4752.3,442568259.47999984
2025-08-01 09:32:54 AM,226.2,2400,542880.0,443111139.47999984
2025-08-01 09:32:55 AM,226.28,1050,237594.0,443348733.47999984
2025-08-01 09:32:56 AM,226.1,60,13566.0,443362299.47999984
2025-08-01 09:32:57 AM,226.1,200,45220.0,443407519.47999984
2025-08-01 09:32:58 AM,226.24,8,1809.92,443409329.39999986
2025-08-01 09:32:59 AM,226.24,200,45248.0,443454577.39999986
2025-08-01 09:32:59 AM,226.25,1,226.25,443454803.64999986
2025-08-01 09:33:03 AM,226.01,68,15368.68,443470172.32999986
2025-08-01 09:33:04 AM,226.03,0,0.0,443470172.32999986
2025-08-01 09:33:04 AM,226.16,0,0.0,443470172.32999986
2025-08-01 09:33:10 AM,226.01,0,0.0,443470172.32999986
2025-08-01 09:33:10 AM,226.14,449,101536.86,443571709.1899999
2025-08-01 09:33:15 AM,226.17,0,0.0,443571709.1899999
2025-08-01 09:33:15 AM,226.01,0,0.0,443571709.1899999
2025-08-01 09:33:17 AM,226.01,2433,549882.33,444121591.51999986
2025-08-01 09:33:20 AM,226.15,0,0.0,444121591.51999986
2025-08-01 09:33:20 AM,226.01,0,0.0,444121591.51999986
2025-08-01 09:33:24 AM,226.22,3040,687708.8,444809300.3199999
2025-08-01 09:33:25 AM,226.37,0,0.0,444809300.3199999
2025-08-01 09:33:30 AM,226.21,0,0.0,444809300.3199999
2025-08-01 09:33:31 AM,226.21,238,53837.98,444863138.2999999
2025-08-01 09:33:31 AM,226.4,100,22640.0,444885778.2999999
2025-08-01 09:33:35 AM,226.37,0,0.0,444885778.2999999
2025-08-01 09:33:36 AM,226.38,0,0.0,444885778.2999999
2025-08-01 09:33:38 AM,226.26,3961,896215.86,445781994.1599999
2025-08-01 09:33:40 AM,226.03,0,0.0,445781994.1599999
2025-08-01 09:33:42 AM,225.75,0,0.0,445781994.1599999
2025-08-01 09:33:44 AM,225.71,7797,1759860.87,447541855.0299999
2025-08-01 09:33:45 AM,225.72,0,0.0,447541855.0299999
2025-08-01 09:33:48 AM,225.61,0,0.0,447541855.0299999
2025-08-01 09:33:50 AM,225.5,0,0.0,447541855.0299999
2025-08-01 09:33:52 AM,225.5,1765,398007.5,447939862.5299999
2025-08-01 09:33:52 AM,225.61,5,1128.0500000000002,447940990.5799999
2025-08-01 09:33:54 AM,225.5,0,0.0,447940990.5799999
2025-08-01 09:33:55 AM,225.71,0,0.0,447940990.5799999
2025-08-01 09:33:59 AM,225.61,1404,316756.44,448257747.0199999
2025-08-01 09:34:00 AM,225.56,0,0.0,448257747.0199999
2025-08-01 09:34:00 AM,225.71,0,0.0,448257747.0199999
2025-08-01 09:34:06 AM,225.71,735,165896.85,448423643.86999995
2025-08-01 09:34:10 AM,225.54,0,0.0,448423643.86999995
2025-08-01 09:34:13 AM,225.64,7932,1789776.48,450213420.34999996
2025-08-01 09:34:15 AM,225.55,0,0.0,450213420.34999996
2025-08-01 09:34:18 AM,225.69,0,0.0,450213420.34999996
2025-08-01 09:34:20 AM,225.66,724,163377.84,450376798.18999994
2025-08-01 09:34:20 AM,225.68,150,33852.0,450410650.18999994
2025-08-01 09:34:20 AM,226.18,0,0.0,450410650.18999994
2025-08-01 09:34:23 AM,226.27,0,0.0,450410650.18999994
2025-08-01 09:34:25 AM,226.3,0,0.0,450410650.18999994
2025-08-01 09:34:27 AM,226.3,5360,1212968.0,451623618.18999994
2025-08-01 09:34:28 AM,226.4,0,0.0,451623618.18999994
2025-08-01 09:34:33 AM,226.23,0,0.0,451623618.18999994
2025-08-01 09:34:34 AM,226.3,1180,267034.0,451890652.18999994
2025-08-01 09:34:34 AM,226.3,32,7241.6,451897893.78999996
2025-08-01 09:34:35 AM,226.18,0,0.0,451897893.78999996
2025-08-01 09:34:38 AM,226.13,0,0.0,451897893.78999996
2025-08-01 09:34:40 AM,226.22,0,0.0,451897893.78999996
2025-08-01 09:34:41 AM,226.22,9549,2160174.78,454058068.56999993
2025-08-01 09:34:43 AM,226.3,0,0.0,454058068.56999993
2025-08-01 09:34:45 AM,226.18,0,0.0,454058068.56999993
2025-08-01 09:34:47 AM,226.3,790,178777.0,454236845.56999993
2025-08-01 09:34:50 AM,226.18,0,0.0,454236845.56999993
2025-08-01 09:34:54 AM,226.18,920,208085.6,454444931.16999996
2025-08-01 09:34:55 AM,226.18,50,11309.0,454456240.16999996
2025-08-01 09:34:55 AM,226.37,0,0.0,454456240.16999996
2025-08-01 09:34:57 AM,225.76,0,0.0,454456240.16999996
2025-08-01 09:35:00 AM,225.82,0,0.0,454456240.16999996
2025-08-01 09:35:01 AM,225.83,13390,3023863.7,457480103.86999995
2025-08-01 09:35:05 AM,225.84,0,0.0,457480103.86999995
2025-08-01 09:35:08 AM,225.87,1924,434573.88,457914677.74999994
2025-08-01 09:35:10 AM,225.9,0,0.0,457914677.74999994
2025-08-01 09:35:10 AM,225.94,0,0.0,457914677.74999994
2025-08-01 09:35:15 AM,225.84,0,0.0,457914677.74999994
2025-08-01 09:35:15 AM,225.84,3849,869258.16,458783935.90999997
2025-08-01 09:35:20 AM,225.79,0,0.0,458783935.90999997
2025-08-01 09:35:20 AM,225.75,0,0.0,458783935.90999997
2025-08-01 09:35:23 AM,225.75,3794,856495.5,459640431.40999997
2025-08-01 09:35:29 AM,225.75,567,128000.25,459768431.65999997
2025-08-01 09:35:30 AM,225.83,1,225.83,459768657.48999995
2025-08-01 09:35:30 AM,225.67,0,0.0,459768657.48999995
2025-08-01 09:35:35 AM,225.62,0,0.0,459768657.48999995
2025-08-01 09:35:35 AM,225.59,0,0.0,459768657.48999995
2025-08-01 09:35:36 AM,225.6,16622,3749923.1999999997,463518580.68999994
2025-08-01 09:35:40 AM,225.57,0,0.0,463518580.68999994
