date,price,qty,trnvr,cum_trnvr
2025-08-01 09:15:03 AM,325.6,427,139031.2,139031.2
2025-08-01 09:15:15 AM,325.6,300,97680.0,236711.2
2025-08-01 09:15:21 AM,322.75,0,0.0,236711.2
2025-08-01 09:15:25 AM,322.75,30,9682.5,246393.7
2025-08-01 09:15:50 AM,323.95,27,8746.65,255140.35
2025-08-01 09:16:06 AM,324.45,4,1297.8,256438.15
2025-08-01 09:16:10 AM,324.0,0,0.0,256438.15
2025-08-01 09:16:14 AM,324.0,295,95580.0,352018.15
2025-08-01 09:16:16 AM,322.05,231,74393.55,426411.7
2025-08-01 09:16:20 AM,321.55,0,0.0,426411.7
2025-08-01 09:16:23 AM,321.55,120,38586.0,464997.7
2025-08-01 09:17:04 AM,322.0,58,18676.0,483673.7
2025-08-01 09:17:12 AM,322.0,2,644.0,484317.7
2025-08-01 09:17:13 AM,322.1,31,9985.1,494302.8
2025-08-01 09:17:20 AM,322.2,177,57029.4,551332.2
2025-08-01 09:17:24 AM,322.4,0,0.0,551332.2
2025-08-01 09:17:29 AM,322.4,22,7092.799999999999,558425.0
2025-08-01 09:17:32 AM,322.6,0,0.0,558425.0
2025-08-01 09:17:34 AM,322.7,0,0.0,558425.0
2025-08-01 09:17:37 AM,323.0,17,5491.0,563916.0
2025-08-01 09:17:45 AM,322.45,52,16767.399999999998,580683.4
2025-08-01 09:18:11 AM,322.9,38,12270.199999999999,592953.6
2025-08-01 09:18:35 AM,322.9,200,64579.99999999999,657533.6
2025-08-01 09:18:38 AM,323.05,0,0.0,657533.6
2025-08-01 09:18:43 AM,323.05,108,34889.4,692423.0
2025-08-01 09:19:16 AM,323.45,50,16172.5,708595.5
2025-08-01 09:19:24 AM,322.9,30,9687.0,718282.5
2025-08-01 09:19:47 AM,323.5,0,0.0,718282.5
2025-08-01 09:19:48 AM,323.5,2,647.0,718929.5
2025-08-01 09:20:37 AM,324.15,500,162075.0,881004.5
2025-08-01 09:20:49 AM,323.6,0,0.0,881004.5
2025-08-01 09:20:51 AM,323.6,2,647.2,881651.7
2025-08-01 09:21:31 AM,323.7,50,16185.0,897836.7
2025-08-01 09:22:23 AM,323.65,238,77028.7,974865.3999999999
2025-08-01 09:22:31 AM,323.9,6,1943.3999999999999,976808.7999999999
2025-08-01 09:22:53 AM,324.65,0,0.0,976808.7999999999
2025-08-01 09:22:54 AM,324.65,36,11687.4,988496.2
2025-08-01 09:23:01 AM,324.65,12,3895.7999999999997,992392.0
2025-08-01 09:23:24 AM,324.2,466,151077.19999999998,1143469.2
2025-08-01 09:23:32 AM,323.9,60,19434.0,1162903.2
2025-08-01 09:24:48 AM,323.9,273,88424.7,1251327.9
2025-08-01 09:24:50 AM,324.9,1000,324900.0,1576227.9
2025-08-01 09:25:39 AM,324.7,0,0.0,1576227.9
2025-08-01 09:25:40 AM,324.7,10,3247.0,1579474.9
2025-08-01 09:26:37 AM,324.75,0,0.0,1579474.9
2025-08-01 09:26:40 AM,326.15,0,0.0,1579474.9
2025-08-01 09:26:42 AM,326.75,2282,745643.5,2325118.4
2025-08-01 09:26:46 AM,327.45,0,0.0,2325118.4
2025-08-01 09:26:49 AM,327.45,272,89066.4,2414184.8
2025-08-01 09:27:04 AM,328.85,149,48998.65,2463183.4499999997
2025-08-01 09:27:12 AM,328.55,50,16427.5,2479610.9499999997
2025-08-01 09:27:12 AM,330.0,0,0.0,2479610.9499999997
2025-08-01 09:27:13 AM,330.0,8011,2643630.0,5123240.949999999
2025-08-01 09:27:17 AM,329.75,0,0.0,5123240.949999999
2025-08-01 09:27:19 AM,329.75,741,244344.75,5367585.699999999
2025-08-01 09:27:26 AM,329.7,10,3297.0,5370882.699999999
2025-08-01 09:27:41 AM,329.95,250,82487.5,5453370.199999999
2025-08-01 09:27:47 AM,328.9,0,0.0,5453370.199999999
2025-08-01 09:27:49 AM,328.9,198,65122.2,5518492.399999999
2025-08-01 09:28:03 AM,329.0,0,0.0,5518492.399999999
2025-08-01 09:28:04 AM,329.0,10,3290.0,5521782.399999999
2025-08-01 09:28:10 AM,328.9,0,0.0,5521782.399999999
2025-08-01 09:28:12 AM,328.9,211,69397.9,5591180.3
2025-08-01 09:28:13 AM,329.25,50,16462.5,5607642.8
2025-08-01 09:28:20 AM,329.25,2,658.5,5608301.3
2025-08-01 09:28:29 AM,329.7,500,164850.0,5773151.3
2025-08-01 09:28:36 AM,329.55,20,6591.0,5779742.3
2025-08-01 09:28:54 AM,328.8,0,0.0,5779742.3
2025-08-01 09:28:58 AM,329.0,382,125678.0,5905420.3
2025-08-01 09:29:13 AM,328.5,892,293022.0,6198442.3
2025-08-01 09:29:17 AM,328.15,0,0.0,6198442.3
2025-08-01 09:29:21 AM,328.15,5,1640.75,6200083.05
2025-08-01 09:29:42 AM,327.95,0,0.0,6200083.05
2025-08-01 09:29:43 AM,327.95,106,34762.7,6234845.75
2025-08-01 09:29:51 AM,328.0,600,196800.0,6431645.75
2025-08-01 09:30:04 AM,327.0,0,0.0,6431645.75
2025-08-01 09:30:06 AM,327.0,1422,464994.0,6896639.75
2025-08-01 09:30:28 AM,327.0,803,262581.0,7159220.75
2025-08-01 09:30:32 AM,327.05,0,0.0,7159220.75
2025-08-01 09:30:36 AM,327.05,15,4905.75,7164126.5
2025-08-01 09:30:39 AM,327.15,0,0.0,7164126.5
2025-08-01 09:30:43 AM,327.15,303,99126.45,7263252.95
2025-08-01 09:31:06 AM,327.15,10,3271.5,7266524.45
2025-08-01 09:31:27 AM,327.15,250,81787.5,7348311.95
2025-08-01 09:31:41 AM,326.0,75,24450.0,7372761.95
2025-08-01 09:32:35 AM,326.85,0,0.0,7372761.95
2025-08-01 09:32:35 AM,327.25,0,0.0,7372761.95
2025-08-01 09:32:37 AM,327.25,64,20944.0,7393705.95
2025-08-01 09:32:51 AM,327.25,30,9817.5,7403523.45
2025-08-01 09:32:53 AM,326.8,0,0.0,7403523.45
2025-08-01 09:32:58 AM,326.8,2,653.6,7404177.05
2025-08-01 09:33:11 AM,326.95,0,0.0,7404177.05
2025-08-01 09:33:12 AM,326.95,14,4577.3,7408754.35
2025-08-01 09:33:36 AM,327.15,0,0.0,7408754.35
2025-08-01 09:33:39 AM,327.15,111,36313.649999999994,7445068.0
2025-08-01 09:33:49 AM,327.0,0,0.0,7445068.0
2025-08-01 09:33:51 AM,327.3,0,0.0,7445068.0
2025-08-01 09:33:53 AM,327.3,11,3600.3,7448668.3
2025-08-01 09:34:22 AM,327.9,759,248876.09999999998,7697544.399999999
2025-08-01 09:34:22 AM,328.0,11,3608.0,7701152.399999999
2025-08-01 09:34:34 AM,328.45,0,0.0,7701152.399999999
2025-08-01 09:34:36 AM,328.0,50,16400.0,7717552.399999999
2025-08-01 09:34:42 AM,328.0,25,8200.0,7725752.399999999
2025-08-01 09:34:49 AM,328.35,0,0.0,7725752.399999999
2025-08-01 09:34:49 AM,328.35,1299,426526.65,8152279.05
2025-08-01 09:35:10 AM,328.05,100,32805.0,8185084.05
2025-08-01 09:35:24 AM,328.65,5,1643.25,8186727.3
2025-08-01 09:35:45 AM,328.65,100,32865.0,8219592.3
2025-08-01 09:35:51 AM,329.05,0,0.0,8219592.3
2025-08-01 09:35:52 AM,329.05,25,8226.25,8227818.55
2025-08-01 09:36:51 AM,329.05,100,32905.0,8260723.55
2025-08-01 09:37:09 AM,329.45,0,0.0,8260723.55
2025-08-01 09:37:11 AM,329.45,15,4941.75,8265665.3
2025-08-01 09:37:49 AM,328.9,0,0.0,8265665.3
2025-08-01 09:37:52 AM,328.9,20,6578.0,8272243.3
2025-08-01 09:38:04 AM,329.3,0,0.0,8272243.3
2025-08-01 09:38:06 AM,329.3,25,8232.5,8280475.8
2025-08-01 09:38:33 AM,328.8,15,4932.0,8285407.8
2025-08-01 09:39:37 AM,329.0,0,0.0,8285407.8
2025-08-01 09:39:40 AM,329.0,120,39480.0,8324887.8
2025-08-01 09:39:41 AM,328.6,0,0.0,8324887.8
2025-08-01 09:39:46 AM,328.6,10,3286.0,8328173.8
2025-08-01 09:40:12 AM,328.6,50,16430.0,8344603.8
2025-08-01 09:40:46 AM,329.2,271,89213.2,8433817.0
2025-08-01 09:40:59 AM,329.0,100,32900.0,8466717.0
2025-08-01 09:41:09 AM,329.1,0,0.0,8466717.0
2025-08-01 09:41:12 AM,329.1,15,4936.5,8471653.5
2025-08-01 09:41:13 AM,328.9,0,0.0,8471653.5
2025-08-01 09:41:19 AM,328.9,285,93736.5,8565390.0
2025-08-01 09:41:56 AM,329.6,0,0.0,8565390.0
2025-08-01 09:41:58 AM,329.6,881,290377.60000000003,8855767.6
2025-08-01 09:42:04 AM,329.75,3,989.25,8856756.85
2025-08-01 09:42:50 AM,329.75,115,37921.25,8894678.1
2025-08-01 09:42:57 AM,330.0,457,150810.0,9045488.1
2025-08-01 09:42:58 AM,330.55,360,118998.0,9164486.1
2025-08-01 09:43:16 AM,330.55,25,8263.75,9172749.85
2025-08-01 09:44:03 AM,330.5,5,1652.5,9174402.35
2025-08-01 09:44:23 AM,330.55,200,66110.0,9240512.35
2025-08-01 09:44:35 AM,330.95,200,66190.0,9306702.35
2025-08-01 09:44:51 AM,331.0,0,0.0,9306702.35
2025-08-01 09:44:55 AM,331.0,400,132400.0,9439102.35
2025-08-01 09:44:59 AM,331.25,0,0.0,9439102.35
2025-08-01 09:45:01 AM,331.3,101,33461.3,9472563.65
2025-08-01 09:45:08 AM,331.35,2,662.7,9473226.35
2025-08-01 09:45:16 AM,331.35,15,4970.25,9478196.6
2025-08-01 09:45:24 AM,331.3,0,0.0,9478196.6
2025-08-01 09:45:27 AM,331.3,33,10932.9,9489129.5
2025-08-01 09:45:40 AM,331.3,11,3644.3,9492773.8
2025-08-01 09:45:55 AM,330.95,0,0.0,9492773.8
2025-08-01 09:45:55 AM,330.95,3,992.8499999999999,9493766.65
2025-08-01 09:46:02 AM,330.85,0,0.0,9493766.65
2025-08-01 09:46:06 AM,330.85,1,330.85,9494097.5
2025-08-01 09:46:56 AM,330.9,0,0.0,9494097.5
2025-08-01 09:46:57 AM,330.85,464,153514.40000000002,9647611.9
2025-08-01 09:47:10 AM,330.85,11,3639.3500000000004,9651251.25
2025-08-01 09:47:28 AM,330.85,7,2315.9500000000003,9653567.2
2025-08-01 09:47:33 AM,330.6,0,0.0,9653567.2
2025-08-01 09:47:35 AM,330.6,2,661.2,9654228.399999999
2025-08-01 09:47:50 AM,330.05,0,0.0,9654228.399999999
2025-08-01 09:47:51 AM,330.05,751,247867.55000000002,9902095.95
2025-08-01 09:47:57 AM,329.75,227,74853.25,9976949.2
2025-08-01 09:48:03 AM,329.45,0,0.0,9976949.2
2025-08-01 09:48:04 AM,329.45,3,988.3499999999999,9977937.549999999
2025-08-01 09:48:21 AM,329.5,4,1318.0,9979255.549999999
2025-08-01 09:48:27 AM,329.4,60,19764.0,9999019.549999999
2025-08-01 09:48:59 AM,329.85,0,0.0,9999019.549999999
2025-08-01 09:48:59 AM,329.85,10,3298.5,10002318.049999999
2025-08-01 09:49:06 AM,329.85,10,3298.5,10005616.549999999
2025-08-01 09:49:18 AM,330.15,300,99045.0,10104661.549999999
2025-08-01 09:49:33 AM,329.9,1,329.9,10104991.45
2025-08-01 09:50:21 AM,329.9,2,659.8,10105651.25
2025-08-01 09:50:28 AM,329.9,1,329.9,10105981.15
2025-08-01 09:50:33 AM,330.2,0,0.0,10105981.15
2025-08-01 09:50:34 AM,330.2,279,92125.8,10198106.950000001
2025-08-01 09:50:44 AM,330.3,0,0.0,10198106.950000001
2025-08-01 09:50:46 AM,330.3,10,3303.0,10201409.950000001
2025-08-01 09:50:53 AM,330.2,0,0.0,10201409.950000001
2025-08-01 09:50:53 AM,330.2,5,1651.0,10203060.950000001
2025-08-01 09:50:59 AM,330.6,0,0.0,10203060.950000001
2025-08-01 09:50:59 AM,330.6,200,66120.0,10269180.950000001
2025-08-01 09:51:01 AM,330.5,1,330.5,10269511.450000001
2025-08-01 09:51:06 AM,330.75,0,0.0,10269511.450000001
2025-08-01 09:51:07 AM,330.75,1,330.75,10269842.200000001
2025-08-01 09:51:10 AM,330.8,0,0.0,10269842.200000001
2025-08-01 09:51:12 AM,330.8,1,330.8,10270173.000000002
2025-08-01 09:51:34 AM,331.35,0,0.0,10270173.000000002
2025-08-01 09:51:37 AM,331.35,250,82837.5,10353010.500000002
2025-08-01 09:51:38 AM,330.8,0,0.0,10353010.500000002
2025-08-01 09:51:39 AM,330.8,20,6616.0,10359626.500000002
2025-08-01 09:51:45 AM,330.8,10,3308.0,10362934.500000002
2025-08-01 09:52:00 AM,331.05,0,0.0,10362934.500000002
2025-08-01 09:52:01 AM,331.05,349,115536.45,10478470.950000001
2025-08-01 09:52:11 AM,330.65,0,0.0,10478470.950000001
2025-08-01 09:52:13 AM,330.65,100,33065.0,10511535.950000001
2025-08-01 09:52:20 AM,330.9,1,330.9,10511866.850000001
2025-08-01 09:52:50 AM,331.05,0,0.0,10511866.850000001
2025-08-01 09:52:50 AM,331.05,110,36415.5,10548282.350000001
2025-08-01 09:53:33 AM,330.9,155,51289.5,10599571.850000001
2025-08-01 09:53:35 AM,331.0,50,16550.0,10616121.850000001
2025-08-01 09:53:51 AM,330.5,0,0.0,10616121.850000001
2025-08-01 09:53:52 AM,330.5,7,2313.5,10618435.350000001
2025-08-01 09:55:13 AM,330.15,0,0.0,10618435.350000001
2025-08-01 09:55:16 AM,330.8,0,0.0,10618435.350000001
2025-08-01 09:55:17 AM,330.8,150,49620.0,10668055.350000001
2025-08-01 09:55:22 AM,330.5,0,0.0,10668055.350000001
2025-08-01 09:55:23 AM,330.5,10,3305.0,10671360.350000001
2025-08-01 09:55:42 AM,330.35,0,0.0,10671360.350000001
2025-08-01 09:55:42 AM,330.35,9,2973.15,10674333.500000002
2025-08-01 09:55:57 AM,329.8,0,0.0,10674333.500000002
2025-08-01 09:55:58 AM,329.65,0,0.0,10674333.500000002
2025-08-01 09:55:59 AM,329.65,600,197790.0,10872123.500000002
2025-08-01 09:56:21 AM,329.95,0,0.0,10872123.500000002
2025-08-01 09:56:23 AM,329.8,400,131920.0,11004043.500000002
2025-08-01 09:56:47 AM,329.45,100,32945.0,11036988.500000002
2025-08-01 09:57:11 AM,329.4,1,329.4,11037317.900000002
2025-08-01 09:57:17 AM,329.3,0,0.0,11037317.900000002
2025-08-01 09:57:17 AM,329.3,110,36223.0,11073540.900000002
2025-08-01 09:57:28 AM,329.3,36,11854.800000000001,11085395.700000003
2025-08-01 09:57:33 AM,329.85,0,0.0,11085395.700000003
2025-08-01 09:57:34 AM,329.85,5,1649.25,11087044.950000003
2025-08-01 09:57:52 AM,329.5,100,32950.0,11119994.950000003
2025-08-01 09:58:04 AM,329.15,98,32256.699999999997,11152251.650000002
2025-08-01 09:58:19 AM,329.0,100,32900.0,11185151.650000002
2025-08-01 09:58:53 AM,328.0,142,46576.0,11231727.650000002
2025-08-01 09:58:54 AM,328.45,0,0.0,11231727.650000002
2025-08-01 09:58:56 AM,328.45,47,15437.15,11247164.800000003
2025-08-01 09:59:27 AM,327.95,6,1967.6999999999998,11249132.500000002
2025-08-01 10:00:01 AM,328.0,358,117424.0,11366556.500000002
2025-08-01 10:00:14 AM,328.0,101,33128.0,11399684.500000002
2025-08-01 10:00:20 AM,328.3,155,50886.5,11450571.000000002
2025-08-01 10:00:39 AM,327.95,0,0.0,11450571.000000002
2025-08-01 10:00:39 AM,327.95,2,655.9,11451226.900000002
2025-08-01 10:00:42 AM,327.8,100,32780.0,11484006.900000002
2025-08-01 10:01:08 AM,327.75,189,61944.75,11545951.650000002
2025-08-01 10:02:20 AM,327.5,0,0.0,11545951.650000002
2025-08-01 10:02:23 AM,328.05,0,0.0,11545951.650000002
2025-08-01 10:02:23 AM,328.05,25,8201.25,11554152.900000002
2025-08-01 10:04:19 AM,328.45,0,0.0,11554152.900000002
2025-08-01 10:04:19 AM,328.45,1,328.45,11554481.350000001
2025-08-01 10:04:44 AM,328.5,3,985.5,11555466.850000001
2025-08-01 10:05:49 AM,329.0,0,0.0,11555466.850000001
2025-08-01 10:05:49 AM,329.0,15,4935.0,11560401.850000001
2025-08-01 10:06:07 AM,328.85,1,328.85,11560730.700000001
2025-08-01 10:06:13 AM,328.85,199,65441.15,11626171.850000001
2025-08-01 10:06:33 AM,328.85,300,98655.0,11724826.850000001
2025-08-01 10:06:45 AM,329.0,100,32900.0,11757726.850000001
2025-08-01 10:06:52 AM,328.55,0,0.0,11757726.850000001
2025-08-01 10:06:55 AM,328.55,1,328.55,11758055.400000002
2025-08-01 10:07:07 AM,328.85,0,0.0,11758055.400000002
2025-08-01 10:07:07 AM,328.85,1,328.85,11758384.250000002
2025-08-01 10:07:54 AM,328.5,0,0.0,11758384.250000002
2025-08-01 10:07:57 AM,328.5,44,14454.0,11772838.250000002
2025-08-01 10:07:59 AM,327.85,0,0.0,11772838.250000002
2025-08-01 10:07:59 AM,327.85,24,7868.400000000001,11780706.650000002
2025-08-01 10:08:05 AM,327.95,24,7870.799999999999,11788577.450000003
2025-08-01 10:08:13 AM,327.6,0,0.0,11788577.450000003
2025-08-01 10:08:16 AM,327.6,100,32760.000000000004,11821337.450000003
2025-08-01 10:08:28 AM,328.3,0,0.0,11821337.450000003
2025-08-01 10:08:28 AM,328.3,57,18713.100000000002,11840050.550000003
2025-08-01 10:09:19 AM,328.55,0,0.0,11840050.550000003
2025-08-01 10:09:21 AM,328.55,689,226370.95,12066421.500000002
2025-08-01 10:10:00 AM,328.9,0,0.0,12066421.500000002
2025-08-01 10:10:01 AM,328.9,23,7564.7,12073986.200000001
2025-08-01 10:13:09 AM,328.45,0,0.0,12073986.200000001
2025-08-01 10:13:09 AM,328.45,200,65690.0,12139676.200000001
2025-08-01 10:13:24 AM,328.25,0,0.0,12139676.200000001
2025-08-01 10:13:27 AM,328.25,265,86986.25,12226662.450000001
2025-08-01 10:13:56 AM,328.85,10,3288.5,12229950.950000001
2025-08-01 10:14:18 AM,328.75,0,0.0,12229950.950000001
2025-08-01 10:14:19 AM,328.75,1,328.75,12230279.700000001
2025-08-01 10:15:47 AM,328.45,0,0.0,12230279.700000001
2025-08-01 10:15:48 AM,328.45,7,2299.15,12232578.850000001
2025-08-01 10:16:11 AM,328.45,1,328.45,12232907.3
2025-08-01 10:16:17 AM,328.25,0,0.0,12232907.3
2025-08-01 10:16:17 AM,328.25,153,50222.25,12283129.55
2025-08-01 10:16:40 AM,328.15,2,656.3,12283785.850000001
2025-08-01 10:18:43 AM,328.25,0,0.0,12283785.850000001
2025-08-01 10:18:47 AM,328.25,3,984.75,12284770.600000001
2025-08-01 10:19:03 AM,328.25,30,9847.5,12294618.100000001
2025-08-01 10:21:25 AM,328.45,0,0.0,12294618.100000001
2025-08-01 10:21:26 AM,328.45,502,164881.9,12459500.000000002
2025-08-01 10:21:33 AM,328.25,0,0.0,12459500.000000002
2025-08-01 10:21:34 AM,328.25,400,131300.0,12590800.000000002
2025-08-01 10:21:39 AM,328.95,0,0.0,12590800.000000002
2025-08-01 10:21:39 AM,328.95,100,32895.0,12623695.000000002
2025-08-01 10:24:13 AM,328.95,150,49342.5,12673037.500000002
2025-08-01 10:25:33 AM,328.4,0,0.0,12673037.500000002
2025-08-01 10:25:33 AM,328.4,90,29555.999999999996,12702593.500000002
2025-08-01 10:25:53 AM,328.85,3,986.5500000000001,12703580.050000003
2025-08-01 10:25:55 AM,328.95,21,6907.95,12710488.000000002
2025-08-01 10:25:59 AM,329.2,264,86908.8,12797396.800000003
2025-08-01 10:26:03 AM,330.4,0,0.0,12797396.800000003
2025-08-01 10:26:04 AM,330.4,510,168504.0,12965900.800000003
2025-08-01 10:26:06 AM,331.05,0,0.0,12965900.800000003
2025-08-01 10:26:06 AM,331.2,527,174542.4,13140443.200000003
2025-08-01 10:26:09 AM,332.0,0,0.0,13140443.200000003
2025-08-01 10:26:09 AM,332.0,213,70716.0,13211159.200000003
2025-08-01 10:26:12 AM,331.5,0,0.0,13211159.200000003
2025-08-01 10:26:12 AM,331.5,861,285421.5,13496580.700000003
2025-08-01 10:26:15 AM,331.15,1,331.15,13496911.850000003
2025-08-01 10:26:21 AM,331.65,0,0.0,13496911.850000003
2025-08-01 10:26:21 AM,331.65,96,31838.399999999998,13528750.250000004
2025-08-01 10:26:23 AM,331.9,65,21573.5,13550323.750000004
2025-08-01 10:26:27 AM,331.9,505,167609.5,13717933.250000004
2025-08-01 10:26:40 AM,330.85,0,0.0,13717933.250000004
2025-08-01 10:26:41 AM,330.85,1083,358310.55000000005,14076243.800000004
2025-08-01 10:26:42 AM,331.35,0,0.0,14076243.800000004
2025-08-01 10:26:44 AM,331.35,26,8615.1,14084858.900000004
2025-08-01 10:27:09 AM,331.05,0,0.0,14084858.900000004
2025-08-01 10:27:10 AM,330.85,411,135979.35,14220838.250000004
2025-08-01 10:27:18 AM,329.95,0,0.0,14220838.250000004
2025-08-01 10:27:18 AM,329.95,200,65990.0,14286828.250000004
2025-08-01 10:27:24 AM,329.8,0,0.0,14286828.250000004
2025-08-01 10:27:26 AM,329.8,117,38586.6,14325414.850000003
2025-08-01 10:28:20 AM,330.55,0,0.0,14325414.850000003
2025-08-01 10:28:21 AM,330.55,1000,330550.0,14655964.850000003
2025-08-01 10:30:06 AM,329.7,1,329.7,14656294.550000003
2025-08-01 10:31:37 AM,329.65,0,0.0,14656294.550000003
2025-08-01 10:31:38 AM,329.65,125,41206.25,14697500.800000003
2025-08-01 10:32:10 AM,329.95,0,0.0,14697500.800000003
2025-08-01 10:32:11 AM,329.95,2,659.9,14698160.700000003
2025-08-01 10:32:13 AM,329.55,0,0.0,14698160.700000003
2025-08-01 10:32:15 AM,329.55,1008,332186.4,15030347.100000003
2025-08-01 10:32:57 AM,328.9,0,0.0,15030347.100000003
2025-08-01 10:32:58 AM,328.9,500,164450.0,15194797.100000003
2025-08-01 10:33:00 AM,328.85,0,0.0,15194797.100000003
2025-08-01 10:33:00 AM,328.85,285,93722.25,15288519.350000003
2025-08-01 10:33:28 AM,328.0,500,164000.0,15452519.350000003
2025-08-01 10:33:41 AM,328.35,1,328.35,15452847.700000003
2025-08-01 10:34:31 AM,328.8,0,0.0,15452847.700000003
2025-08-01 10:34:32 AM,328.8,1,328.8,15453176.500000004
2025-08-01 10:34:47 AM,328.6,1,328.6,15453505.100000003
2025-08-01 10:35:10 AM,328.9,0,0.0,15453505.100000003
2025-08-01 10:35:10 AM,328.9,1,328.9,15453834.000000004
2025-08-01 10:35:44 AM,328.3,2,656.6,15454490.600000003
2025-08-01 10:36:36 AM,328.25,0,0.0,15454490.600000003
2025-08-01 10:36:36 AM,328.25,50,16412.5,15470903.100000003
2025-08-01 10:37:18 AM,328.8,350,115080.0,15585983.100000003
2025-08-01 10:39:33 AM,328.15,0,0.0,15585983.100000003
2025-08-01 10:39:34 AM,328.0,0,0.0,15585983.100000003
2025-08-01 10:39:35 AM,327.4,93,30448.199999999997,15616431.300000003
2025-08-01 10:39:38 AM,327.3,91,29784.3,15646215.600000003
2025-08-01 10:39:39 AM,327.2,0,0.0,15646215.600000003
2025-08-01 10:39:41 AM,327.2,3,981.5999999999999,15647197.200000003
2025-08-01 10:39:42 AM,327.6,0,0.0,15647197.200000003
2025-08-01 10:39:43 AM,327.55,0,0.0,15647197.200000003
2025-08-01 10:39:43 AM,327.4,48,15715.199999999999,15662912.400000002
2025-08-01 10:39:45 AM,327.3,0,0.0,15662912.400000002
2025-08-01 10:39:46 AM,327.25,0,0.0,15662912.400000002
2025-08-01 10:39:46 AM,327.2,3,981.5999999999999,15663894.000000002
2025-08-01 10:39:48 AM,327.65,0,0.0,15663894.000000002
2025-08-01 10:39:49 AM,327.65,54,17693.1,15681587.100000001
2025-08-01 10:39:51 AM,327.55,0,0.0,15681587.100000001
2025-08-01 10:39:52 AM,327.3,0,0.0,15681587.100000001
2025-08-01 10:39:52 AM,327.3,16,5236.8,15686823.900000002
2025-08-01 10:39:54 AM,327.2,0,0.0,15686823.900000002
2025-08-01 10:39:54 AM,327.15,3,981.4499999999999,15687805.350000001
2025-08-01 10:39:57 AM,327.6,0,0.0,15687805.350000001
2025-08-01 10:39:57 AM,327.6,47,15397.2,15703202.55
2025-08-01 10:39:58 AM,327.45,0,0.0,15703202.55
2025-08-01 10:40:00 AM,327.4,17,5565.799999999999,15708768.350000001
2025-08-01 10:40:01 AM,327.2,0,0.0,15708768.350000001
2025-08-01 10:40:02 AM,327.15,0,0.0,15708768.350000001
2025-08-01 10:40:03 AM,327.1,3,981.3000000000001,15709749.650000002
2025-08-01 10:40:04 AM,327.0,0,0.0,15709749.650000002
2025-08-01 10:40:05 AM,327.0,336,109872.0,15819621.650000002
2025-08-01 10:40:11 AM,327.45,64,20956.8,15840578.450000003
2025-08-01 10:40:16 AM,327.4,0,0.0,15840578.450000003
2025-08-01 10:40:17 AM,327.4,1,327.4,15840905.850000003
2025-08-01 10:40:28 AM,327.4,1,327.4,15841233.250000004
2025-08-01 10:41:02 AM,327.85,0,0.0,15841233.250000004
2025-08-01 10:41:04 AM,327.85,4,1311.4,15842544.650000004
2025-08-01 10:41:08 AM,327.4,0,0.0,15842544.650000004
2025-08-01 10:41:10 AM,327.4,100,32739.999999999996,15875284.650000004
2025-08-01 10:41:16 AM,328.05,0,0.0,15875284.650000004
2025-08-01 10:41:17 AM,328.05,186,61017.3,15936301.950000005
2025-08-01 10:42:46 AM,327.95,15,4919.25,15941221.200000005
2025-08-01 10:43:32 AM,328.15,0,0.0,15941221.200000005
2025-08-01 10:43:33 AM,328.15,15,4922.25,15946143.450000005
2025-08-01 10:45:27 AM,327.75,0,0.0,15946143.450000005
2025-08-01 10:45:29 AM,327.75,2,655.5,15946798.950000005
2025-08-01 10:45:58 AM,327.8,0,0.0,15946798.950000005
2025-08-01 10:45:58 AM,327.8,85,27863.0,15974661.950000005
2025-08-01 10:46:06 AM,327.4,0,0.0,15974661.950000005
2025-08-01 10:46:06 AM,327.4,100,32739.999999999996,16007401.950000005
2025-08-01 10:50:13 AM,327.6,0,0.0,16007401.950000005
2025-08-01 10:50:15 AM,327.6,1002,328255.2,16335657.150000004
2025-08-01 10:56:06 AM,327.4,0,0.0,16335657.150000004
2025-08-01 10:56:06 AM,327.4,78,25537.199999999997,16361194.350000003
2025-08-01 10:57:06 AM,327.9,0,0.0,16361194.350000003
2025-08-01 10:57:09 AM,327.9,46,15083.4,16376277.750000004
2025-08-01 10:57:20 AM,327.85,2,655.7,16376933.450000003
2025-08-01 10:57:25 AM,327.85,752,246543.2,16623476.650000002
2025-08-01 10:58:06 AM,328.0,0,0.0,16623476.650000002
2025-08-01 10:58:08 AM,328.0,50,16400.0,16639876.650000002
2025-08-01 10:58:24 AM,327.95,8,2623.6,16642500.250000002
2025-08-01 11:00:00 AM,327.9,0,0.0,16642500.250000002
2025-08-01 11:00:05 AM,327.9,3,983.6999999999999,16643483.950000001
2025-08-01 11:00:39 AM,327.9,10,3279.0,16646762.950000001
2025-08-01 11:01:26 AM,327.85,1,327.85,16647090.8
2025-08-01 11:01:43 AM,327.25,0,0.0,16647090.8
2025-08-01 11:01:43 AM,327.25,215,70358.75,16717449.55
2025-08-01 11:02:33 AM,327.75,0,0.0,16717449.55
2025-08-01 11:02:35 AM,327.8,0,0.0,16717449.55
2025-08-01 11:02:36 AM,327.8,2,655.6,16718105.15
2025-08-01 11:02:46 AM,327.75,1,327.75,16718432.9
2025-08-01 11:03:57 AM,327.85,0,0.0,16718432.9
2025-08-01 11:03:59 AM,327.85,1003,328833.55000000005,17047266.45
2025-08-01 11:06:55 AM,328.35,3,985.0500000000001,17048251.5
2025-08-01 11:09:41 AM,328.35,5,1641.75,17049893.25
2025-08-01 11:10:18 AM,328.35,5,1641.75,17051535.0
2025-08-01 11:11:24 AM,327.95,10,3279.5,17054814.5
2025-08-01 11:14:03 AM,328.45,0,0.0,17054814.5
2025-08-01 11:14:05 AM,328.45,47,15437.15,17070251.65
2025-08-01 11:14:21 AM,328.3,0,0.0,17070251.65
2025-08-01 11:14:21 AM,328.3,2,656.6,17070908.25
2025-08-01 11:14:55 AM,328.0,2,656.0,17071564.25
2025-08-01 11:14:57 AM,328.35,0,0.0,17071564.25
2025-08-01 11:14:59 AM,328.35,100,32835.0,17104399.25
2025-08-01 11:15:41 AM,328.5,0,0.0,17104399.25
2025-08-01 11:15:42 AM,328.5,152,49932.0,17154331.25
2025-08-01 11:16:27 AM,327.7,0,0.0,17154331.25
2025-08-01 11:16:29 AM,327.7,484,158606.8,17312938.05
2025-08-01 11:17:35 AM,328.1,0,0.0,17312938.05
2025-08-01 11:17:37 AM,328.1,100,32810.0,17345748.05
2025-08-01 11:19:02 AM,327.9,0,0.0,17345748.05
2025-08-01 11:19:06 AM,327.9,5,1639.5,17347387.55
2025-08-01 11:20:49 AM,327.85,0,0.0,17347387.55
2025-08-01 11:20:53 AM,327.85,2,655.7,17348043.25
2025-08-01 11:22:05 AM,328.1,0,0.0,17348043.25
2025-08-01 11:22:06 AM,328.1,23,7546.3,17355589.55
2025-08-01 11:22:26 AM,328.0,0,0.0,17355589.55
2025-08-01 11:22:27 AM,328.0,5,1640.0,17357229.55
2025-08-01 11:23:14 AM,328.4,0,0.0,17357229.55
2025-08-01 11:23:15 AM,328.4,53,17405.199999999997,17374634.75
2025-08-01 11:23:31 AM,328.25,8,2626.0,17377260.75
2025-08-01 11:25:47 AM,327.65,118,38662.7,17415923.45
2025-08-01 11:25:54 AM,327.55,0,0.0,17415923.45
2025-08-01 11:25:56 AM,327.55,100,32755.0,17448678.45
2025-08-01 11:31:22 AM,328.4,207,67978.79999999999,17516657.25
2025-08-01 11:31:23 AM,329.95,0,0.0,17516657.25
2025-08-01 11:31:24 AM,329.95,1100,362945.0,17879602.25
2025-08-01 11:31:25 AM,330.15,0,0.0,17879602.25
2025-08-01 11:31:27 AM,330.45,278,91865.09999999999,17971467.35
2025-08-01 11:31:31 AM,329.2,0,0.0,17971467.35
2025-08-01 11:31:32 AM,329.2,286,94151.2,18065618.55
2025-08-01 11:31:34 AM,328.65,0,0.0,18065618.55
2025-08-01 11:31:34 AM,328.65,73,23991.449999999997,18089610.0
2025-08-01 11:31:40 AM,329.45,0,0.0,18089610.0
2025-08-01 11:31:41 AM,330.2,0,0.0,18089610.0
2025-08-01 11:31:43 AM,330.2,317,104673.4,18194283.4
2025-08-01 11:31:43 AM,330.5,0,0.0,18194283.4
2025-08-01 11:31:44 AM,330.5,327,108073.5,18302356.9
2025-08-01 11:31:59 AM,329.6,189,62294.4,18364651.299999997
2025-08-01 11:32:04 AM,329.7,0,0.0,18364651.299999997
2025-08-01 11:32:04 AM,329.7,1,329.7,18364980.999999996
2025-08-01 11:32:11 AM,329.1,0,0.0,18364980.999999996
2025-08-01 11:32:14 AM,329.1,37,12176.7,18377157.699999996
2025-08-01 11:32:15 AM,329.1,100,32910.0,18410067.699999996
2025-08-01 11:33:51 AM,328.85,0,0.0,18410067.699999996
2025-08-01 11:33:52 AM,328.85,1,328.85,18410396.549999997
2025-08-01 11:33:57 AM,329.0,1,329.0,18410725.549999997
2025-08-01 11:34:55 AM,328.9,0,0.0,18410725.549999997
2025-08-01 11:34:59 AM,328.9,1,328.9,18411054.449999996
2025-08-01 11:35:37 AM,328.8,0,0.0,18411054.449999996
2025-08-01 11:35:41 AM,328.8,2,657.6,18411712.049999997
2025-08-01 11:35:51 AM,328.8,1,328.8,18412040.849999998
2025-08-01 11:36:37 AM,328.75,0,0.0,18412040.849999998
2025-08-01 11:36:37 AM,328.75,9,2958.75,18414999.599999998
2025-08-01 11:38:57 AM,328.75,60,19725.0,18434724.599999998
2025-08-01 11:40:27 AM,328.65,0,0.0,18434724.599999998
2025-08-01 11:40:30 AM,328.65,3,985.9499999999999,18435710.549999997
2025-08-01 11:41:40 AM,328.65,59,19390.35,18455100.9
2025-08-01 11:42:26 AM,328.8,48,15782.400000000001,18470883.299999997
2025-08-01 11:42:53 AM,328.25,33,10832.25,18481715.549999997
2025-08-01 11:42:54 AM,328.4,10,3284.0,18484999.549999997
2025-08-01 11:44:09 AM,328.15,0,0.0,18484999.549999997
2025-08-01 11:44:13 AM,328.15,1,328.15,18485327.699999996
2025-08-01 11:44:52 AM,327.7,0,0.0,18485327.699999996
2025-08-01 11:44:53 AM,327.7,1,327.7,18485655.399999995
2025-08-01 11:45:01 AM,327.5,0,0.0,18485655.399999995
2025-08-01 11:45:03 AM,327.5,60,19650.0,18505305.399999995
2025-08-01 11:45:19 AM,327.5,100,32750.0,18538055.399999995
2025-08-01 11:45:48 AM,327.7,0,0.0,18538055.399999995
2025-08-01 11:45:51 AM,327.7,154,50465.799999999996,18588521.199999996
2025-08-01 11:46:06 AM,327.9,0,0.0,18588521.199999996
2025-08-01 11:46:07 AM,327.9,5,1639.5,18590160.699999996
2025-08-01 11:47:57 AM,328.4,34,11165.599999999999,18601326.299999997
2025-08-01 11:48:21 AM,328.6,0,0.0,18601326.299999997
2025-08-01 11:48:22 AM,328.6,200,65720.0,18667046.299999997
2025-08-01 11:52:31 AM,328.05,0,0.0,18667046.299999997
2025-08-01 11:52:31 AM,328.05,2,656.1,18667702.4
2025-08-01 11:52:34 AM,327.8,0,0.0,18667702.4
2025-08-01 11:52:35 AM,327.8,200,65560.0,18733262.4
2025-08-01 11:52:40 AM,327.5,0,0.0,18733262.4
2025-08-01 11:52:40 AM,327.5,1100,360250.0,19093512.4
2025-08-01 11:55:13 AM,327.5,30,9825.0,19103337.4
2025-08-01 11:57:40 AM,327.55,0,0.0,19103337.4
2025-08-01 11:57:40 AM,327.55,5,1637.75,19104975.15
2025-08-01 11:58:03 AM,327.5,0,0.0,19104975.15
2025-08-01 11:58:04 AM,327.5,5,1637.5,19106612.65
2025-08-01 11:58:31 AM,327.5,2,655.0,19107267.65
2025-08-01 11:58:52 AM,327.5,1,327.5,19107595.15
2025-08-01 12:00:10 PM,327.4,8,2619.2,19110214.349999998
2025-08-01 12:00:16 PM,327.0,0,0.0,19110214.349999998
2025-08-01 12:00:17 PM,327.0,458,149766.0,19259980.349999998
2025-08-01 12:00:24 PM,326.45,0,0.0,19259980.349999998
2025-08-01 12:00:26 PM,326.45,44,14363.8,19274344.15
2025-08-01 12:00:36 PM,326.35,0,0.0,19274344.15
2025-08-01 12:00:38 PM,326.35,1,326.35,19274670.5
2025-08-01 12:00:53 PM,326.35,1,326.35,19274996.85
2025-08-01 12:01:01 PM,326.5,0,0.0,19274996.85
2025-08-01 12:01:03 PM,326.5,6,1959.0,19276955.85
2025-08-01 12:01:10 PM,326.2,18,5871.599999999999,19282827.450000003
2025-08-01 12:01:29 PM,326.2,5,1631.0,19284458.450000003
2025-08-01 12:01:42 PM,326.6,0,0.0,19284458.450000003
2025-08-01 12:01:43 PM,326.6,87,28414.2,19312872.650000002
2025-08-01 12:01:53 PM,326.6,3,979.8000000000001,19313852.450000003
2025-08-01 12:04:33 PM,326.95,223,72909.84999999999,19386762.300000004
2025-08-01 12:06:02 PM,326.6,0,0.0,19386762.300000004
2025-08-01 12:06:03 PM,326.6,5,1633.0,19388395.300000004
2025-08-01 12:06:12 PM,327.2,0,0.0,19388395.300000004
2025-08-01 12:06:13 PM,327.2,37,12106.4,19400501.700000003
2025-08-01 12:06:38 PM,326.7,25,8167.5,19408669.200000003
2025-08-01 12:06:44 PM,326.75,0,0.0,19408669.200000003
2025-08-01 12:06:47 PM,326.75,3,980.25,19409649.450000003
2025-08-01 12:09:02 PM,326.65,0,0.0,19409649.450000003
2025-08-01 12:09:03 PM,326.65,1,326.65,19409976.1
2025-08-01 12:10:38 PM,326.7,731,238817.69999999998,19648793.8
2025-08-01 12:10:47 PM,326.7,268,87555.59999999999,19736349.400000002
2025-08-01 12:12:11 PM,327.05,9,2943.4500000000003,19739292.85
2025-08-01 12:12:57 PM,326.7,7,2286.9,19741579.75
2025-08-01 12:13:42 PM,326.7,4,1306.8,19742886.55
2025-08-01 12:14:02 PM,326.7,3,980.0999999999999,19743866.650000002
2025-08-01 12:14:58 PM,326.7,1,326.7,19744193.35
2025-08-01 12:17:54 PM,327.15,0,0.0,19744193.35
2025-08-01 12:17:55 PM,327.15,100,32714.999999999996,19776908.35
2025-08-01 12:18:30 PM,326.65,0,0.0,19776908.35
2025-08-01 12:18:34 PM,326.65,12,3919.7999999999997,19780828.150000002
2025-08-01 12:18:38 PM,326.7,0,0.0,19780828.150000002
2025-08-01 12:18:38 PM,326.7,2,653.4,19781481.55
2025-08-01 12:18:44 PM,326.65,0,0.0,19781481.55
2025-08-01 12:18:44 PM,326.65,14,4573.099999999999,19786054.650000002
2025-08-01 12:23:47 PM,327.05,0,0.0,19786054.650000002
2025-08-01 12:23:51 PM,327.05,200,65410.0,19851464.650000002
2025-08-01 12:25:05 PM,327.05,15,4905.75,19856370.400000002
2025-08-01 12:25:26 PM,327.35,200,65470.00000000001,19921840.400000002
2025-08-01 12:25:45 PM,326.6,0,0.0,19921840.400000002
2025-08-01 12:25:46 PM,326.6,168,54868.8,19976709.200000003
2025-08-01 12:25:48 PM,325.8,0,0.0,19976709.200000003
2025-08-01 12:25:51 PM,325.8,195,63531.0,20040240.200000003
2025-08-01 12:25:57 PM,325.45,0,0.0,20040240.200000003
2025-08-01 12:26:01 PM,325.45,1,325.45,20040565.650000002
2025-08-01 12:26:51 PM,325.45,70,22781.5,20063347.150000002
2025-08-01 12:27:07 PM,325.15,20,6503.0,20069850.150000002
2025-08-01 12:27:21 PM,325.1,0,0.0,20069850.150000002
2025-08-01 12:27:22 PM,325.1,1,325.1,20070175.250000004
2025-08-01 12:27:27 PM,325.1,1,325.1,20070500.350000005
2025-08-01 12:28:22 PM,325.5,100,32550.0,20103050.350000005
2025-08-01 12:30:14 PM,325.0,0,0.0,20103050.350000005
2025-08-01 12:30:15 PM,325.0,1099,357175.0,20460225.350000005
2025-08-01 12:30:17 PM,324.85,0,0.0,20460225.350000005
2025-08-01 12:30:17 PM,324.85,49,15917.650000000001,20476143.000000004
2025-08-01 12:30:26 PM,324.85,1,324.85,20476467.850000005
2025-08-01 12:30:28 PM,324.85,1,324.85,20476792.700000007
2025-08-01 12:30:40 PM,324.8,0,0.0,20476792.700000007
2025-08-01 12:30:41 PM,324.8,1,324.8,20477117.500000007
2025-08-01 12:30:44 PM,325.45,130,42308.5,20519426.000000007
2025-08-01 12:31:06 PM,326.0,0,0.0,20519426.000000007
2025-08-01 12:31:07 PM,326.0,277,90302.0,20609728.000000007
2025-08-01 12:31:14 PM,326.0,10,3260.0,20612988.000000007
2025-08-01 12:31:23 PM,326.0,2,652.0,20613640.000000007
2025-08-01 12:31:33 PM,326.0,6,1956.0,20615596.000000007
2025-08-01 12:31:44 PM,326.0,1,326.0,20615922.000000007
2025-08-01 12:32:05 PM,326.0,48,15648.0,20631570.000000007
2025-08-01 12:32:10 PM,325.5,0,0.0,20631570.000000007
2025-08-01 12:32:11 PM,325.5,30,9765.0,20641335.000000007
2025-08-01 12:32:34 PM,325.05,0,0.0,20641335.000000007
2025-08-01 12:32:37 PM,325.05,300,97515.0,20738850.000000007
2025-08-01 12:33:02 PM,325.2,0,0.0,20738850.000000007
2025-08-01 12:33:06 PM,325.2,20,6504.0,20745354.000000007
2025-08-01 12:35:43 PM,325.65,24,7815.599999999999,20753169.60000001
2025-08-01 12:37:05 PM,325.3,0,0.0,20753169.60000001
2025-08-01 12:37:07 PM,325.3,8,2602.4,20755772.000000007
2025-08-01 12:37:21 PM,325.3,75,24397.5,20780169.500000007
2025-08-01 12:37:26 PM,325.3,2,650.6,20780820.10000001
2025-08-01 12:38:01 PM,325.3,50,16265.0,20797085.10000001
2025-08-01 12:39:53 PM,325.95,0,0.0,20797085.10000001
2025-08-01 12:39:54 PM,325.65,326,106161.9,20903247.000000007
2025-08-01 12:42:00 PM,325.45,20,6509.0,20909756.000000007
2025-08-01 12:43:12 PM,325.35,10,3253.5,20913009.500000007
2025-08-01 12:47:53 PM,325.25,328,106682.0,21019691.500000007
2025-08-01 12:49:51 PM,325.25,49,15937.25,21035628.750000007
2025-08-01 12:49:53 PM,325.25,1,325.25,21035954.000000007
2025-08-01 12:49:58 PM,325.15,201,65355.149999999994,21101309.150000006
2025-08-01 12:50:42 PM,324.8,0,0.0,21101309.150000006
2025-08-01 12:50:44 PM,324.8,103,33454.4,21134763.550000004
2025-08-01 12:50:52 PM,324.85,0,0.0,21134763.550000004
2025-08-01 12:50:54 PM,324.85,211,68543.35,21203306.900000006
2025-08-01 12:51:32 PM,324.85,2,649.7,21203956.600000005
2025-08-01 12:51:50 PM,324.85,1,324.85,21204281.450000007
2025-08-01 12:51:55 PM,324.85,1,324.85,21204606.30000001
2025-08-01 12:52:15 PM,324.85,1,324.85,21204931.15000001
2025-08-01 12:52:20 PM,324.85,1,324.85,21205256.00000001
2025-08-01 12:52:41 PM,324.85,1,324.85,21205580.850000013
2025-08-01 12:52:50 PM,324.85,1,324.85,21205905.700000014
2025-08-01 12:53:09 PM,324.85,1,324.85,21206230.550000016
2025-08-01 12:53:15 PM,324.85,1,324.85,21206555.400000017
2025-08-01 12:53:20 PM,324.85,2,649.7,21207205.100000016
2025-08-01 12:53:24 PM,324.85,1,324.85,21207529.950000018
2025-08-01 12:54:14 PM,325.0,0,0.0,21207529.950000018
2025-08-01 12:54:15 PM,325.0,210,68250.0,21275779.950000018
2025-08-01 12:54:25 PM,325.0,50,16250.0,21292029.950000018
2025-08-01 12:54:56 PM,325.0,1,325.0,21292354.950000018
2025-08-01 12:55:57 PM,325.0,84,27300.0,21319654.950000018
2025-08-01 12:59:44 PM,325.0,50,16250.0,21335904.950000018
2025-08-01 01:00:33 PM,325.65,0,0.0,21335904.950000018
2025-08-01 01:00:37 PM,325.65,60,19539.0,21355443.950000018
2025-08-01 01:02:11 PM,325.5,0,0.0,21355443.950000018
2025-08-01 01:02:13 PM,325.5,40,13020.0,21368463.950000018
2025-08-01 01:03:37 PM,325.55,0,0.0,21368463.950000018
2025-08-01 01:03:39 PM,325.55,20,6511.0,21374974.950000018
2025-08-01 01:04:09 PM,325.75,0,0.0,21374974.950000018
2025-08-01 01:04:13 PM,325.75,90,29317.5,21404292.450000018
2025-08-01 01:04:39 PM,325.7,0,0.0,21404292.450000018
2025-08-01 01:04:41 PM,325.7,43,14005.1,21418297.55000002
2025-08-01 01:04:43 PM,326.0,57,18582.0,21436879.55000002
2025-08-01 01:06:08 PM,326.0,1,326.0,21437205.55000002
2025-08-01 01:07:56 PM,326.45,0,0.0,21437205.55000002
2025-08-01 01:07:56 PM,326.45,41,13384.449999999999,21450590.00000002
2025-08-01 01:07:58 PM,326.8,0,0.0,21450590.00000002
2025-08-01 01:08:01 PM,326.8,114,37255.200000000004,21487845.200000018
2025-08-01 01:08:08 PM,327.65,0,0.0,21487845.200000018
2025-08-01 01:08:11 PM,327.85,514,168514.90000000002,21656360.100000016
2025-08-01 01:08:12 PM,327.85,7,2294.9500000000003,21658655.050000016
2025-08-01 01:08:20 PM,327.2,0,0.0,21658655.050000016
2025-08-01 01:08:20 PM,326.7,0,0.0,21658655.050000016
2025-08-01 01:08:21 PM,326.7,137,44757.9,21703412.950000014
2025-08-01 01:08:23 PM,327.2,32,10470.4,21713883.350000013
2025-08-01 01:08:24 PM,327.6,0,0.0,21713883.350000013
2025-08-01 01:08:26 PM,327.45,0,0.0,21713883.350000013
2025-08-01 01:08:26 PM,327.95,0,0.0,21713883.350000013
2025-08-01 01:08:27 PM,327.95,197,64606.149999999994,21778489.50000001
2025-08-01 01:08:31 PM,327.95,6,1967.6999999999998,21780457.20000001
2025-08-01 01:08:41 PM,327.95,155,50832.25,21831289.45000001
2025-08-01 01:08:55 PM,327.15,58,18974.699999999997,21850264.15000001
2025-08-01 01:09:00 PM,326.25,222,72427.5,21922691.65000001
2025-08-01 01:09:08 PM,326.25,2,652.5,21923344.15000001
2025-08-01 01:09:22 PM,326.0,0,0.0,21923344.15000001
2025-08-01 01:09:23 PM,326.0,249,81174.0,22004518.15000001
2025-08-01 01:09:35 PM,325.7,0,0.0,22004518.15000001
2025-08-01 01:09:36 PM,325.7,113,36804.1,22041322.25000001
2025-08-01 01:09:40 PM,326.0,0,0.0,22041322.25000001
2025-08-01 01:09:41 PM,326.0,64,20864.0,22062186.25000001
2025-08-01 01:09:51 PM,325.85,6,1955.1000000000001,22064141.350000013
2025-08-01 01:10:00 PM,326.0,0,0.0,22064141.350000013
2025-08-01 01:10:01 PM,326.0,14,4564.0,22068705.350000013
2025-08-01 01:10:36 PM,326.15,0,0.0,22068705.350000013
2025-08-01 01:10:37 PM,326.15,1,326.15,22069031.50000001
2025-08-01 01:10:47 PM,326.4,0,0.0,22069031.50000001
2025-08-01 01:10:47 PM,326.4,21,6854.4,22075885.90000001
2025-08-01 01:10:52 PM,326.45,0,0.0,22075885.90000001
2025-08-01 01:10:54 PM,326.45,8,2611.6,22078497.50000001
2025-08-01 01:11:45 PM,326.0,0,0.0,22078497.50000001
2025-08-01 01:11:47 PM,326.0,1,326.0,22078823.50000001
2025-08-01 01:12:23 PM,326.45,9,2938.0499999999997,22081761.550000012
2025-08-01 01:13:36 PM,326.5,0,0.0,22081761.550000012
2025-08-01 01:13:38 PM,326.5,9,2938.5,22084700.050000012
2025-08-01 01:13:48 PM,326.5,10,3265.0,22087965.050000012
2025-08-01 01:15:04 PM,326.7,0,0.0,22087965.050000012
2025-08-01 01:15:05 PM,326.7,62,20255.399999999998,22108220.45000001
2025-08-01 01:15:18 PM,326.2,0,0.0,22108220.45000001
2025-08-01 01:15:18 PM,326.2,20,6524.0,22114744.45000001
2025-08-01 01:15:24 PM,326.75,0,0.0,22114744.45000001
2025-08-01 01:15:24 PM,326.25,0,0.0,22114744.45000001
2025-08-01 01:15:25 PM,326.25,10,3262.5,22118006.95000001
2025-08-01 01:15:35 PM,326.25,2,652.5,22118659.45000001
2025-08-01 01:15:36 PM,326.7,0,0.0,22118659.45000001
2025-08-01 01:15:38 PM,326.7,8,2613.6,22121273.050000012
2025-08-01 01:16:00 PM,326.8,0,0.0,22121273.050000012
2025-08-01 01:16:01 PM,326.8,49,16013.2,22137286.25000001
2025-08-01 01:16:40 PM,326.25,0,0.0,22137286.25000001
2025-08-01 01:16:40 PM,326.25,1,326.25,22137612.50000001
2025-08-01 01:17:04 PM,326.7,0,0.0,22137612.50000001
2025-08-01 01:17:05 PM,326.7,7,2286.9,22139899.40000001
2025-08-01 01:18:04 PM,326.95,0,0.0,22139899.40000001
2025-08-01 01:18:05 PM,326.95,25,8173.75,22148073.15000001
2025-08-01 01:19:04 PM,327.05,0,0.0,22148073.15000001
2025-08-01 01:19:05 PM,327.05,50,16352.5,22164425.65000001
2025-08-01 01:19:49 PM,327.05,100,32705.0,22197130.65000001
2025-08-01 01:21:14 PM,326.75,0,0.0,22197130.65000001
2025-08-01 01:21:14 PM,326.75,10,3267.5,22200398.15000001
2025-08-01 01:22:10 PM,326.65,0,0.0,22200398.15000001
2025-08-01 01:22:12 PM,326.65,98,32011.699999999997,22232409.85000001
2025-08-01 01:22:44 PM,326.55,1,326.55,22232736.40000001
2025-08-01 01:22:56 PM,326.45,0,0.0,22232736.40000001
2025-08-01 01:22:58 PM,326.45,1,326.45,22233062.85000001
2025-08-01 01:23:58 PM,326.05,0,0.0,22233062.85000001
2025-08-01 01:24:00 PM,326.05,34,11085.7,22244148.55000001
2025-08-01 01:24:18 PM,326.45,0,0.0,22244148.55000001
2025-08-01 01:24:19 PM,326.45,154,50273.299999999996,22294421.85000001
2025-08-01 01:28:14 PM,326.35,11,3589.8500000000004,22298011.70000001
2025-08-01 01:28:44 PM,326.5,0,0.0,22298011.70000001
2025-08-01 01:28:48 PM,326.5,15,4897.5,22302909.20000001
2025-08-01 01:29:14 PM,326.55,0,0.0,22302909.20000001
2025-08-01 01:29:16 PM,326.55,10,3265.5,22306174.70000001
2025-08-01 01:30:56 PM,326.0,0,0.0,22306174.70000001
2025-08-01 01:30:57 PM,326.0,439,143114.0,22449288.70000001
2025-08-01 01:31:32 PM,326.55,0,0.0,22449288.70000001
2025-08-01 01:31:34 PM,326.55,6,1959.3000000000002,22451248.00000001
2025-08-01 01:32:19 PM,326.55,5,1632.75,22452880.75000001
2025-08-01 01:32:42 PM,326.55,18,5877.900000000001,22458758.65000001
2025-08-01 01:34:00 PM,326.55,1,326.55,22459085.20000001
2025-08-01 01:35:01 PM,326.6,51,16656.600000000002,22475741.800000012
2025-08-01 01:35:32 PM,326.35,2,652.7,22476394.50000001
2025-08-01 01:36:42 PM,326.2,0,0.0,22476394.50000001
2025-08-01 01:36:43 PM,326.2,50,16310.0,22492704.50000001
2025-08-01 01:37:06 PM,326.6,0,0.0,22492704.50000001
2025-08-01 01:37:08 PM,326.6,6,1959.6000000000001,22494664.100000013
2025-08-01 01:37:46 PM,326.2,0,0.0,22494664.100000013
2025-08-01 01:37:47 PM,326.2,15,4893.0,22499557.100000013
2025-08-01 01:39:39 PM,320.0,30180,9657600.0,32157157.100000013
2025-08-01 01:39:40 PM,319.2,0,0.0,32157157.100000013
2025-08-01 01:39:42 PM,319.75,0,0.0,32157157.100000013
2025-08-01 01:39:43 PM,319.75,57,18225.75,32175382.850000013
2025-08-01 01:39:46 PM,319.05,0,0.0,32175382.850000013
2025-08-01 01:39:49 PM,319.05,241,76891.05,32252273.900000013
2025-08-01 01:39:50 PM,319.75,0,0.0,32252273.900000013
2025-08-01 01:39:50 PM,319.05,0,0.0,32252273.900000013
2025-08-01 01:39:52 PM,319.95,0,0.0,32252273.900000013
2025-08-01 01:39:54 PM,319.1,1478,471629.80000000005,32723903.700000014
2025-08-01 01:39:59 PM,319.1,1,319.1,32724222.800000016
2025-08-01 01:39:59 PM,319.1,2,638.2,32724861.000000015
2025-08-01 01:40:01 PM,319.8,0,0.0,32724861.000000015
2025-08-01 01:40:02 PM,319.25,0,0.0,32724861.000000015
2025-08-01 01:40:04 PM,319.25,201,64169.25,32789030.250000015
2025-08-01 01:40:08 PM,319.3,0,0.0,32789030.250000015
2025-08-01 01:40:09 PM,319.3,202,64498.600000000006,32853528.850000016
2025-08-01 01:40:14 PM,321.2,0,0.0,32853528.850000016
2025-08-01 01:40:14 PM,321.4,0,0.0,32853528.850000016
2025-08-01 01:40:15 PM,321.4,12290,3950005.9999999995,36803534.85000002
2025-08-01 01:40:18 PM,319.85,0,0.0,36803534.85000002
2025-08-01 01:40:20 PM,321.0,1134,364014.0,37167548.85000002
2025-08-01 01:40:24 PM,321.25,0,0.0,37167548.85000002
2025-08-01 01:40:24 PM,321.25,1390,446537.5,37614086.35000002
2025-08-01 01:40:26 PM,321.15,0,0.0,37614086.35000002
2025-08-01 01:40:26 PM,321.0,0,0.0,37614086.35000002
2025-08-01 01:40:28 PM,320.9,0,0.0,37614086.35000002
2025-08-01 01:40:29 PM,320.9,210,67389.0,37681475.35000002
2025-08-01 01:40:32 PM,321.0,0,0.0,37681475.35000002
2025-08-01 01:40:34 PM,321.0,1,321.0,37681796.35000002
2025-08-01 01:40:36 PM,321.1,0,0.0,37681796.35000002
2025-08-01 01:40:40 PM,321.1,61,19587.100000000002,37701383.45000002
2025-08-01 01:40:42 PM,321.35,0,0.0,37701383.45000002
2025-08-01 01:40:45 PM,321.35,51,16388.850000000002,37717772.30000002
2025-08-01 01:40:52 PM,321.2,0,0.0,37717772.30000002
2025-08-01 01:40:54 PM,321.2,770,247324.0,37965096.30000002
2025-08-01 01:41:02 PM,321.25,50,16062.5,37981158.80000002
2025-08-01 01:41:09 PM,321.2,0,0.0,37981158.80000002
2025-08-01 01:41:09 PM,321.25,67,21523.75,38002682.55000002
2025-08-01 01:41:38 PM,320.85,0,0.0,38002682.55000002
2025-08-01 01:41:38 PM,320.85,364,116789.40000000001,38119471.95000002
2025-08-01 01:41:42 PM,321.1,102,32752.2,38152224.15000002
2025-08-01 01:41:43 PM,321.1,47,15091.7,38167315.850000024
2025-08-01 01:41:58 PM,321.05,0,0.0,38167315.850000024
2025-08-01 01:41:58 PM,321.05,1,321.05,38167636.90000002
2025-08-01 01:42:58 PM,321.25,5,1606.25,38169243.15000002
2025-08-01 01:43:38 PM,321.25,2,642.5,38169885.65000002
2025-08-01 01:43:46 PM,321.3,0,0.0,38169885.65000002
2025-08-01 01:43:47 PM,321.3,272,87393.6,38257279.25000002
2025-08-01 01:43:48 PM,321.7,0,0.0,38257279.25000002
2025-08-01 01:43:52 PM,321.7,5,1608.5,38258887.75000002
2025-08-01 01:44:22 PM,321.85,5,1609.25,38260497.00000002
2025-08-01 01:44:26 PM,321.9,0,0.0,38260497.00000002
2025-08-01 01:44:27 PM,321.9,5,1609.5,38262106.50000002
2025-08-01 01:44:58 PM,321.5,0,0.0,38262106.50000002
2025-08-01 01:45:01 PM,321.5,429,137923.5,38400030.00000002
2025-08-01 01:45:48 PM,321.45,0,0.0,38400030.00000002
2025-08-01 01:45:51 PM,321.45,28,9000.6,38409030.600000024
2025-08-01 01:46:02 PM,321.75,0,0.0,38409030.600000024
2025-08-01 01:46:06 PM,321.75,50,16087.5,38425118.100000024
2025-08-01 01:46:30 PM,321.45,0,0.0,38425118.100000024
2025-08-01 01:46:30 PM,321.45,16,5143.2,38430261.30000003
2025-08-01 01:46:42 PM,321.75,0,0.0,38430261.30000003
2025-08-01 01:46:42 PM,321.75,10,3217.5,38433478.80000003
2025-08-01 01:46:54 PM,321.5,0,0.0,38433478.80000003
2025-08-01 01:46:56 PM,321.5,50,16075.0,38449553.80000003
2025-08-01 01:47:11 PM,321.5,2,643.0,38450196.80000003
2025-08-01 01:47:47 PM,320.75,271,86923.25,38537120.05000003
2025-08-01 01:48:21 PM,320.75,4,1283.0,38538403.05000003
2025-08-01 01:48:24 PM,321.45,0,0.0,38538403.05000003
2025-08-01 01:48:26 PM,321.45,1000,321450.0,38859853.05000003
2025-08-01 01:50:39 PM,321.0,0,0.0,38859853.05000003
2025-08-01 01:50:42 PM,321.0,354,113634.0,38973487.05000003
2025-08-01 01:50:56 PM,321.1,0,0.0,38973487.05000003
2025-08-01 01:50:57 PM,321.1,50,16055.000000000002,38989542.05000003
2025-08-01 01:52:06 PM,320.75,0,0.0,38989542.05000003
2025-08-01 01:52:10 PM,320.75,1,320.75,38989862.80000003
2025-08-01 01:52:16 PM,321.05,0,0.0,38989862.80000003
2025-08-01 01:52:16 PM,321.05,100,32105.0,39021967.80000003
2025-08-01 01:52:53 PM,321.0,0,0.0,39021967.80000003
2025-08-01 01:52:54 PM,321.0,2,642.0,39022609.80000003
2025-08-01 01:52:58 PM,320.8,0,0.0,39022609.80000003
2025-08-01 01:52:59 PM,320.8,20,6416.0,39029025.80000003
2025-08-01 01:54:32 PM,321.0,0,0.0,39029025.80000003
2025-08-01 01:54:33 PM,321.0,1226,393546.0,39422571.80000003
2025-08-01 01:55:41 PM,321.05,0,0.0,39422571.80000003
2025-08-01 01:55:43 PM,321.05,364,116862.2,39539434.00000003
2025-08-01 01:56:32 PM,321.25,1,321.25,39539755.25000003
2025-08-01 01:56:56 PM,321.2,0,0.0,39539755.25000003
2025-08-01 01:56:57 PM,321.2,2,642.4,39540397.65000003
2025-08-01 01:57:38 PM,321.25,0,0.0,39540397.65000003
2025-08-01 01:57:40 PM,320.85,0,0.0,39540397.65000003
2025-08-01 01:57:41 PM,320.85,2,641.7,39541039.35000003
2025-08-01 01:57:46 PM,321.25,0,0.0,39541039.35000003
2025-08-01 01:57:46 PM,321.25,11,3533.75,39544573.10000003
2025-08-01 01:57:46 PM,320.75,0,0.0,39544573.10000003
2025-08-01 01:57:46 PM,320.75,30,9622.5,39554195.60000003
2025-08-01 01:57:54 PM,321.25,0,0.0,39554195.60000003
2025-08-01 01:57:56 PM,321.25,1,321.25,39554516.85000003
2025-08-01 01:58:10 PM,320.7,0,0.0,39554516.85000003
2025-08-01 01:58:10 PM,320.7,257,82419.9,39636936.75000003
2025-08-01 01:58:32 PM,320.65,0,0.0,39636936.75000003
2025-08-01 01:58:35 PM,320.65,5,1603.25,39638540.00000003
2025-08-01 01:59:00 PM,320.5,0,0.0,39638540.00000003
2025-08-01 01:59:01 PM,320.5,20,6410.0,39644950.00000003
2025-08-01 01:59:21 PM,320.5,595,190697.5,39835647.50000003
2025-08-01 02:00:14 PM,320.7,0,0.0,39835647.50000003
2025-08-01 02:00:17 PM,320.7,5,1603.5,39837251.00000003
2025-08-01 02:00:59 PM,320.65,0,0.0,39837251.00000003
2025-08-01 02:01:00 PM,320.65,100,32064.999999999996,39869316.00000003
2025-08-01 02:02:30 PM,320.3,0,0.0,39869316.00000003
2025-08-01 02:02:32 PM,320.3,333,106659.90000000001,39975975.90000003
2025-08-01 02:03:06 PM,320.25,0,0.0,39975975.90000003
2025-08-01 02:03:08 PM,320.25,2,640.5,39976616.40000003
2025-08-01 02:03:09 PM,320.45,0,0.0,39976616.40000003
2025-08-01 02:03:13 PM,320.45,656,210215.19999999998,40186831.60000003
2025-08-01 02:03:22 PM,320.85,0,0.0,40186831.60000003
2025-08-01 02:03:23 PM,320.85,1,320.85,40187152.45000003
2025-08-01 02:03:48 PM,320.85,51,16363.35,40203515.800000034
2025-08-01 02:04:08 PM,320.3,10,3203.0,40206718.800000034
2025-08-01 02:05:10 PM,319.75,0,0.0,40206718.800000034
2025-08-01 02:05:14 PM,319.75,501,160194.75,40366913.550000034
2025-08-01 02:05:22 PM,319.8,0,0.0,40366913.550000034
2025-08-01 02:05:24 PM,319.8,1,319.8,40367233.35000003
2025-08-01 02:05:57 PM,320.25,0,0.0,40367233.35000003
2025-08-01 02:05:59 PM,320.25,1,320.25,40367553.60000003
2025-08-01 02:07:47 PM,320.25,4,1281.0,40368834.60000003
2025-08-01 02:08:17 PM,320.25,1,320.25,40369154.85000003
2025-08-01 02:09:19 PM,320.25,5,1601.25,40370756.10000003
2025-08-01 02:10:36 PM,319.8,0,0.0,40370756.10000003
2025-08-01 02:10:39 PM,319.8,1,319.8,40371075.90000003
2025-08-01 02:10:43 PM,319.85,0,0.0,40371075.90000003
2025-08-01 02:10:44 PM,319.85,25,7996.250000000001,40379072.15000003
2025-08-01 02:11:21 PM,319.85,6,1919.1000000000001,40380991.25000003
2025-08-01 02:11:35 PM,320.2,0,0.0,40380991.25000003
2025-08-01 02:11:36 PM,320.2,716,229263.19999999998,40610254.45000003
2025-08-01 02:11:51 PM,320.2,289,92537.8,40702792.25000003
2025-08-01 02:12:05 PM,320.0,0,0.0,40702792.25000003
2025-08-01 02:12:07 PM,320.0,200,64000.0,40766792.25000003
2025-08-01 02:12:32 PM,320.0,278,88960.0,40855752.25000003
2025-08-01 02:12:33 PM,319.5,1,319.5,40856071.75000003
2025-08-01 02:13:16 PM,319.15,0,0.0,40856071.75000003
2025-08-01 02:13:18 PM,319.15,197,62872.549999999996,40918944.30000003
2025-08-01 02:13:24 PM,319.2,0,0.0,40918944.30000003
2025-08-01 02:13:25 PM,319.2,694,221524.8,41140469.100000024
2025-08-01 02:13:39 PM,319.2,340,108528.0,41248997.100000024
2025-08-01 02:13:52 PM,319.35,0,0.0,41248997.100000024
2025-08-01 02:13:52 PM,319.35,669,213645.15000000002,41462642.25000002
2025-08-01 02:13:56 PM,319.1,0,0.0,41462642.25000002
2025-08-01 02:13:57 PM,319.1,284,90624.40000000001,41553266.65000002
2025-08-01 02:14:27 PM,319.0,0,0.0,41553266.65000002
2025-08-01 02:14:27 PM,319.0,1,319.0,41553585.65000002
2025-08-01 02:14:36 PM,318.8,0,0.0,41553585.65000002
2025-08-01 02:14:38 PM,318.8,1130,360244.0,41913829.65000002
2025-08-01 02:14:48 PM,318.55,1015,323328.25,42237157.90000002
2025-08-01 02:15:04 PM,319.1,0,0.0,42237157.90000002
2025-08-01 02:15:05 PM,319.1,63,20103.300000000003,42257261.20000002
2025-08-01 02:15:08 PM,318.75,0,0.0,42257261.20000002
2025-08-01 02:15:08 PM,318.75,1,318.75,42257579.95000002
2025-08-01 02:15:26 PM,319.05,0,0.0,42257579.95000002
2025-08-01 02:15:26 PM,319.05,1,319.05,42257899.000000015
2025-08-01 02:17:23 PM,318.2,360,114552.0,42372451.000000015
2025-08-01 02:17:30 PM,318.35,0,0.0,42372451.000000015
2025-08-01 02:17:33 PM,318.35,3,955.0500000000001,42373406.05000001
2025-08-01 02:17:38 PM,318.35,1,318.35,42373724.40000001
2025-08-01 02:17:43 PM,318.35,1,318.35,42374042.750000015
2025-08-01 02:18:18 PM,318.75,0,0.0,42374042.750000015
2025-08-01 02:18:20 PM,318.75,66,21037.5,42395080.250000015
2025-08-01 02:19:48 PM,318.7,108,34419.6,42429499.85000002
2025-08-01 02:20:08 PM,318.5,0,0.0,42429499.85000002
2025-08-01 02:20:08 PM,318.5,1,318.5,42429818.35000002
2025-08-01 02:21:20 PM,318.5,1,318.5,42430136.85000002
2025-08-01 02:21:30 PM,318.35,0,0.0,42430136.85000002
2025-08-01 02:21:30 PM,318.35,145,46160.75,42476297.60000002
2025-08-01 02:21:51 PM,318.35,16,5093.6,42481391.20000002
2025-08-01 02:22:17 PM,318.5,0,0.0,42481391.20000002
2025-08-01 02:22:18 PM,318.5,720,229320.0,42710711.20000002
2025-08-01 02:23:33 PM,318.95,10,3189.5,42713900.70000002
2025-08-01 02:23:54 PM,318.9,0,0.0,42713900.70000002
2025-08-01 02:23:54 PM,318.9,106,33803.399999999994,42747704.10000002
2025-08-01 02:23:57 PM,318.95,0,0.0,42747704.10000002
2025-08-01 02:24:00 PM,318.95,25,7973.75,42755677.85000002
2025-08-01 02:24:36 PM,318.95,584,186266.8,42941944.65000001
2025-08-01 02:24:43 PM,318.7,0,0.0,42941944.65000001
2025-08-01 02:24:45 PM,318.55,0,0.0,42941944.65000001
2025-08-01 02:24:46 PM,318.55,11,3504.05,42945448.70000001
2025-08-01 02:25:37 PM,318.45,0,0.0,42945448.70000001
2025-08-01 02:25:39 PM,318.4,0,0.0,42945448.70000001
2025-08-01 02:25:41 PM,318.4,57,18148.8,42963597.50000001
2025-08-01 02:26:18 PM,318.5,0,0.0,42963597.50000001
2025-08-01 02:26:18 PM,318.5,1,318.5,42963916.00000001
2025-08-01 02:26:57 PM,318.35,0,0.0,42963916.00000001
2025-08-01 02:27:00 PM,318.35,10,3183.5,42967099.50000001
2025-08-01 02:28:13 PM,318.5,0,0.0,42967099.50000001
2025-08-01 02:28:16 PM,318.5,26,8281.0,42975380.50000001
2025-08-01 02:28:21 PM,318.5,14,4459.0,42979839.50000001
2025-08-01 02:28:34 PM,318.55,0,0.0,42979839.50000001
2025-08-01 02:28:37 PM,318.55,18,5733.900000000001,42985573.400000006
2025-08-01 02:28:56 PM,318.35,0,0.0,42985573.400000006
2025-08-01 02:28:59 PM,318.35,50,15917.500000000002,43001490.900000006
2025-08-01 02:29:05 PM,318.25,0,0.0,43001490.900000006
2025-08-01 02:29:05 PM,318.25,233,74152.25,43075643.150000006
2025-08-01 02:29:10 PM,318.35,0,0.0,43075643.150000006
2025-08-01 02:29:12 PM,318.35,20,6367.0,43082010.150000006
2025-08-01 02:30:02 PM,318.4,8,2547.2,43084557.35000001
2025-08-01 02:30:13 PM,318.4,10,3184.0,43087741.35000001
2025-08-01 02:30:17 PM,318.45,0,0.0,43087741.35000001
2025-08-01 02:30:18 PM,318.45,2,636.9,43088378.25000001
2025-08-01 02:30:39 PM,318.45,3,955.3499999999999,43089333.60000001
2025-08-01 02:30:49 PM,318.45,1,318.45,43089652.05000001
2025-08-01 02:31:34 PM,318.45,181,57639.45,43147291.500000015
2025-08-01 02:31:51 PM,318.75,1,318.75,43147610.250000015
2025-08-01 02:33:38 PM,318.75,31,9881.25,43157491.500000015
2025-08-01 02:35:02 PM,319.05,0,0.0,43157491.500000015
2025-08-01 02:35:03 PM,319.05,1,319.05,43157810.55000001
2025-08-01 02:35:51 PM,318.9,0,0.0,43157810.55000001
2025-08-01 02:35:52 PM,318.9,4,1275.6,43159086.15000001
2025-08-01 02:36:44 PM,318.9,39,12437.099999999999,43171523.250000015
2025-08-01 02:36:49 PM,319.1,0,0.0,43171523.250000015
2025-08-01 02:36:49 PM,319.1,80,25528.0,43197051.250000015
2025-08-01 02:37:22 PM,318.45,0,0.0,43197051.250000015
2025-08-01 02:37:22 PM,318.45,50,15922.5,43212973.750000015
2025-08-01 02:37:43 PM,318.95,0,0.0,43212973.750000015
2025-08-01 02:37:43 PM,318.95,10,3189.5,43216163.250000015
2025-08-01 02:37:49 PM,318.9,0,0.0,43216163.250000015
2025-08-01 02:37:49 PM,318.95,0,0.0,43216163.250000015
2025-08-01 02:37:50 PM,318.95,54,17223.3,43233386.55000001
2025-08-01 02:39:46 PM,318.75,0,0.0,43233386.55000001
2025-08-01 02:39:48 PM,318.75,10,3187.5,43236574.05000001
2025-08-01 02:40:37 PM,318.4,0,0.0,43236574.05000001
2025-08-01 02:40:37 PM,318.4,1,318.4,43236892.45000001
2025-08-01 02:41:13 PM,318.7,0,0.0,43236892.45000001
2025-08-01 02:41:17 PM,318.7,25,7967.5,43244859.95000001
2025-08-01 02:41:51 PM,318.75,0,0.0,43244859.95000001
2025-08-01 02:41:53 PM,318.75,7,2231.25,43247091.20000001
2025-08-01 02:42:04 PM,318.75,1,318.75,43247409.95000001
2025-08-01 02:43:54 PM,318.0,0,0.0,43247409.95000001
2025-08-01 02:43:57 PM,318.0,616,195888.0,43443297.95000001
2025-08-01 02:44:02 PM,317.65,0,0.0,43443297.95000001
2025-08-01 02:44:02 PM,317.65,127,40341.549999999996,43483639.50000001
2025-08-01 02:44:03 PM,317.9,80,25432.0,43509071.50000001
2025-08-01 02:44:08 PM,317.9,1,317.9,43509389.400000006
2025-08-01 02:44:20 PM,318.05,30,9541.5,43518930.900000006
2025-08-01 02:44:35 PM,318.25,0,0.0,43518930.900000006
2025-08-01 02:44:36 PM,318.25,30,9547.5,43528478.400000006
2025-08-01 02:44:47 PM,317.9,0,0.0,43528478.400000006
2025-08-01 02:44:47 PM,317.9,1,317.9,43528796.300000004
2025-08-01 02:44:50 PM,318.25,0,0.0,43528796.300000004
2025-08-01 02:44:53 PM,318.25,8,2546.0,43531342.300000004
2025-08-01 02:44:56 PM,318.3,0,0.0,43531342.300000004
2025-08-01 02:44:59 PM,318.3,30,9549.0,43540891.300000004
2025-08-01 02:45:10 PM,318.15,4,1272.6,43542163.900000006
2025-08-01 02:45:38 PM,318.15,32,10180.8,43552344.7
2025-08-01 02:45:44 PM,317.9,4,1271.6,43553616.300000004
2025-08-01 02:45:53 PM,318.2,0,0.0,43553616.300000004
2025-08-01 02:45:54 PM,318.2,1,318.2,43553934.50000001
2025-08-01 02:45:59 PM,317.9,0,0.0,43553934.50000001
2025-08-01 02:45:59 PM,318.3,0,0.0,43553934.50000001
2025-08-01 02:45:59 PM,318.3,31,9867.300000000001,43563801.800000004
2025-08-01 02:46:05 PM,318.3,20,6366.0,43570167.800000004
2025-08-01 02:46:06 PM,318.0,1,318.0,43570485.800000004
2025-08-01 02:47:18 PM,318.45,11,3502.95,43573988.75000001
2025-08-01 02:47:56 PM,318.5,0,0.0,43573988.75000001
2025-08-01 02:47:58 PM,318.5,73,23250.5,43597239.25000001
2025-08-01 02:48:06 PM,318.85,0,0.0,43597239.25000001
2025-08-01 02:48:09 PM,318.9,0,0.0,43597239.25000001
2025-08-01 02:48:10 PM,318.9,25,7972.499999999999,43605211.75000001
2025-08-01 02:48:12 PM,318.95,0,0.0,43605211.75000001
2025-08-01 02:48:16 PM,318.8,82,26141.600000000002,43631353.35000001
2025-08-01 02:48:18 PM,319.0,0,0.0,43631353.35000001
2025-08-01 02:48:21 PM,319.0,139,44341.0,43675694.35000001
2025-08-01 02:48:45 PM,318.65,0,0.0,43675694.35000001
2025-08-01 02:48:48 PM,318.0,0,0.0,43675694.35000001
2025-08-01 02:48:49 PM,318.0,325,103350.0,43779044.35000001
2025-08-01 02:48:51 PM,318.35,0,0.0,43779044.35000001
2025-08-01 02:48:55 PM,318.35,6,1910.1000000000001,43780954.45000001
2025-08-01 02:49:39 PM,318.35,123,39157.05,43820111.50000001
2025-08-01 02:49:50 PM,318.7,41,13066.699999999999,43833178.20000001
2025-08-01 02:50:01 PM,318.75,0,0.0,43833178.20000001
2025-08-01 02:50:01 PM,318.75,41,13068.75,43846246.95000001
2025-08-01 02:51:12 PM,318.75,50,15937.5,43862184.45000001
2025-08-01 02:51:14 PM,318.45,0,0.0,43862184.45000001
2025-08-01 02:51:17 PM,318.45,4,1273.8,43863458.25000001
2025-08-01 02:51:32 PM,318.5,0,0.0,43863458.25000001
2025-08-01 02:51:34 PM,318.5,48,15288.0,43878746.25000001
2025-08-01 02:52:16 PM,318.5,5,1592.5,43880338.75000001
2025-08-01 02:52:54 PM,318.35,101,32153.350000000002,43912492.10000001
2025-08-01 02:52:59 PM,318.35,25,7958.750000000001,43920450.85000001
2025-08-01 02:53:01 PM,318.5,0,0.0,43920450.85000001
2025-08-01 02:53:04 PM,318.5,91,28983.5,43949434.35000001
2025-08-01 02:53:07 PM,318.05,0,0.0,43949434.35000001
2025-08-01 02:53:10 PM,318.05,47,14948.35,43964382.70000001
2025-08-01 02:53:15 PM,318.7,0,0.0,43964382.70000001
2025-08-01 02:53:16 PM,318.7,100,31870.0,43996252.70000001
2025-08-01 02:53:31 PM,318.7,37,11791.9,44008044.60000001
2025-08-01 02:53:36 PM,318.25,0,0.0,44008044.60000001
2025-08-01 02:53:37 PM,318.25,1,318.25,44008362.85000001
2025-08-01 02:53:43 PM,318.35,0,0.0,44008362.85000001
2025-08-01 02:53:44 PM,318.35,3,955.0500000000001,44009317.900000006
2025-08-01 02:54:42 PM,318.75,0,0.0,44009317.900000006
2025-08-01 02:54:43 PM,318.75,10,3187.5,44012505.400000006
2025-08-01 02:55:31 PM,318.8,10,3188.0,44015693.400000006
2025-08-01 02:55:38 PM,318.75,2,637.5,44016330.900000006
2025-08-01 02:55:42 PM,318.75,10,3187.5,44019518.400000006
2025-08-01 02:55:47 PM,318.7,1,318.7,44019837.10000001
2025-08-01 02:56:07 PM,318.35,0,0.0,44019837.10000001
2025-08-01 02:56:09 PM,318.35,1,318.35,44020155.45000001
2025-08-01 02:56:39 PM,318.7,0,0.0,44020155.45000001
2025-08-01 02:56:43 PM,318.35,55,17509.25,44037664.70000001
2025-08-01 02:57:38 PM,318.5,16,5096.0,44042760.70000001
2025-08-01 02:57:39 PM,318.55,17,5415.35,44048176.05000001
2025-08-01 02:59:13 PM,318.8,0,0.0,44048176.05000001
2025-08-01 02:59:14 PM,318.8,10,3188.0,44051364.05000001
2025-08-01 02:59:33 PM,318.3,0,0.0,44051364.05000001
2025-08-01 02:59:36 PM,318.3,199,63341.700000000004,44114705.750000015
2025-08-01 02:59:42 PM,318.3,247,78620.1,44193325.85000002
2025-08-01 03:00:00 PM,318.35,245,77995.75,44271321.60000002
2025-08-01 03:00:06 PM,318.25,15,4773.75,44276095.35000002
2025-08-01 03:00:13 PM,318.3,3,954.9000000000001,44277050.250000015
2025-08-01 03:00:14 PM,318.25,0,0.0,44277050.250000015
2025-08-01 03:00:17 PM,318.25,112,35644.0,44312694.250000015
2025-08-01 03:00:18 PM,318.35,158,50299.3,44362993.55000001
2025-08-01 03:00:28 PM,318.0,83,26394.0,44389387.55000001
2025-08-01 03:00:39 PM,318.35,0,0.0,44389387.55000001
2025-08-01 03:00:40 PM,318.35,1015,323125.25,44712512.80000001
2025-08-01 03:00:51 PM,317.95,0,0.0,44712512.80000001
2025-08-01 03:00:52 PM,317.95,7,2225.65,44714738.45000001
2025-08-01 03:01:04 PM,318.0,23,7314.0,44722052.45000001
2025-08-01 03:02:04 PM,318.0,1,318.0,44722370.45000001
2025-08-01 03:02:11 PM,317.95,114,36246.299999999996,44758616.75000001
2025-08-01 03:02:41 PM,317.95,284,90297.8,44848914.550000004
2025-08-01 03:02:51 PM,317.95,1,317.95,44849232.50000001
2025-08-01 03:03:40 PM,317.95,72,22892.399999999998,44872124.900000006
2025-08-01 03:04:22 PM,317.95,10,3179.5,44875304.400000006
2025-08-01 03:05:21 PM,317.95,35,11128.25,44886432.650000006
2025-08-01 03:05:24 PM,318.15,0,0.0,44886432.650000006
2025-08-01 03:05:25 PM,317.8,71,22563.8,44908996.45
2025-08-01 03:05:27 PM,317.95,0,0.0,44908996.45
2025-08-01 03:05:28 PM,317.95,3,953.8499999999999,44909950.300000004
2025-08-01 03:05:31 PM,318.0,0,0.0,44909950.300000004
2025-08-01 03:05:31 PM,317.9,17,5404.299999999999,44915354.6
2025-08-01 03:05:43 PM,317.95,0,0.0,44915354.6
2025-08-01 03:05:44 PM,317.95,153,48646.35,44964000.95
2025-08-01 03:06:43 PM,317.45,0,0.0,44964000.95
2025-08-01 03:06:45 PM,317.7,0,0.0,44964000.95
2025-08-01 03:06:45 PM,317.7,39,12390.3,44976391.25
2025-08-01 03:06:48 PM,317.8,36,11440.800000000001,44987832.05
2025-08-01 03:08:02 PM,317.8,290,92162.0,45079994.05
2025-08-01 03:08:06 PM,317.0,200,63400.0,45143394.05
2025-08-01 03:08:08 PM,317.7,0,0.0,45143394.05
2025-08-01 03:08:08 PM,317.7,15,4765.5,45148159.55
2025-08-01 03:08:18 PM,317.1,89,28221.9,45176381.449999996
2025-08-01 03:08:34 PM,317.7,0,0.0,45176381.449999996
2025-08-01 03:08:37 PM,317.7,18,5718.599999999999,45182100.05
2025-08-01 03:09:02 PM,317.7,802,254795.4,45436895.449999996
2025-08-01 03:09:11 PM,316.95,1,316.95,45437212.4
2025-08-01 03:09:17 PM,317.65,138,43835.7,45481048.1
2025-08-01 03:09:53 PM,317.4,0,0.0,45481048.1
2025-08-01 03:09:55 PM,317.4,215,68241.0,45549289.1
2025-08-01 03:10:01 PM,317.3,0,0.0,45549289.1
2025-08-01 03:10:02 PM,317.3,314,99632.2,45648921.300000004
2025-08-01 03:10:04 PM,317.2,367,116412.4,45765333.7
2025-08-01 03:10:09 PM,316.8,0,0.0,45765333.7
2025-08-01 03:10:09 PM,316.8,1,316.8,45765650.5
2025-08-01 03:10:11 PM,316.25,0,0.0,45765650.5
2025-08-01 03:10:12 PM,316.25,3,948.75,45766599.25
2025-08-01 03:10:16 PM,316.8,31,9820.800000000001,45776420.05
2025-08-01 03:10:20 PM,316.25,0,0.0,45776420.05
2025-08-01 03:10:23 PM,316.8,130,41184.0,45817604.05
2025-08-01 03:10:30 PM,316.4,272,86060.79999999999,45903664.849999994
2025-08-01 03:10:32 PM,316.75,2,633.5,45904298.349999994
2025-08-01 03:10:49 PM,316.8,0,0.0,45904298.349999994
2025-08-01 03:10:49 PM,316.8,95,30096.0,45934394.349999994
2025-08-01 03:10:51 PM,316.7,4,1266.8,45935661.14999999
2025-08-01 03:11:17 PM,316.65,25,7916.249999999999,45943577.39999999
2025-08-01 03:11:19 PM,317.05,0,0.0,45943577.39999999
2025-08-01 03:11:21 PM,317.05,1155,366192.75,46309770.14999999
2025-08-01 03:11:24 PM,317.35,77,24435.95,46334206.099999994
2025-08-01 03:11:36 PM,317.25,89,28235.25,46362441.349999994
2025-08-01 03:11:41 PM,317.35,145,46015.75,46408457.099999994
2025-08-01 03:12:02 PM,317.4,102,32374.8,46440831.89999999
2025-08-01 03:12:07 PM,316.6,1,316.6,46441148.49999999
2025-08-01 03:12:42 PM,316.2,289,91381.8,46532530.29999999
2025-08-01 03:13:39 PM,316.2,55,17391.0,46549921.29999999
2025-08-01 03:14:09 PM,316.75,0,0.0,46549921.29999999
2025-08-01 03:14:10 PM,316.75,2,633.5,46550554.79999999
2025-08-01 03:15:23 PM,316.75,46,14570.5,46565125.29999999
2025-08-01 03:15:27 PM,316.75,10,3167.5,46568292.79999999
2025-08-01 03:15:57 PM,316.75,1,316.75,46568609.54999999
2025-08-01 03:16:11 PM,316.25,37,11701.25,46580310.79999999
2025-08-01 03:16:33 PM,316.7,1,316.7,46580627.49999999
2025-08-01 03:16:37 PM,316.8,0,0.0,46580627.49999999
2025-08-01 03:16:39 PM,316.8,150,47520.0,46628147.49999999
2025-08-01 03:16:52 PM,316.45,4,1265.8,46629413.29999999
2025-08-01 03:16:58 PM,316.45,75,23733.75,46653147.04999999
2025-08-01 03:17:19 PM,316.45,50,15822.5,46668969.54999999
2025-08-01 03:17:59 PM,316.45,20,6329.0,46675298.54999999
2025-08-01 03:18:03 PM,316.0,0,0.0,46675298.54999999
2025-08-01 03:18:04 PM,316.0,830,262280.0,46937578.54999999
2025-08-01 03:18:06 PM,316.1,52,16437.2,46954015.74999999
2025-08-01 03:18:57 PM,316.1,10,3161.0,46957176.74999999
2025-08-01 03:19:10 PM,316.6,248,78516.8,47035693.54999999
2025-08-01 03:19:13 PM,316.1,0,0.0,47035693.54999999
2025-08-01 03:19:17 PM,316.1,100,31610.000000000004,47067303.54999999
2025-08-01 03:19:38 PM,316.1,4,1264.4,47068567.94999999
2025-08-01 03:19:43 PM,316.1,1,316.1,47068884.04999999
2025-08-01 03:19:44 PM,316.55,0,0.0,47068884.04999999
2025-08-01 03:19:45 PM,316.55,1,316.55,47069200.59999999
2025-08-01 03:19:56 PM,316.1,72,22759.2,47091959.79999999
2025-08-01 03:20:02 PM,315.8,87,27474.600000000002,47119434.39999999
2025-08-01 03:20:03 PM,315.5,0,0.0,47119434.39999999
2025-08-01 03:20:05 PM,315.3,94,29638.2,47149072.599999994
2025-08-01 03:20:10 PM,315.45,0,0.0,47149072.599999994
2025-08-01 03:20:10 PM,315.45,554,174759.3,47323831.89999999
2025-08-01 03:20:13 PM,315.4,26,8200.4,47332032.29999999
2025-08-01 03:20:14 PM,315.35,0,0.0,47332032.29999999
2025-08-01 03:20:18 PM,315.35,10,3153.5,47335185.79999999
2025-08-01 03:20:20 PM,315.4,217,68441.79999999999,47403627.59999999
2025-08-01 03:20:25 PM,316.1,15,4741.5,47408369.09999999
2025-08-01 03:20:31 PM,316.4,0,0.0,47408369.09999999
2025-08-01 03:20:32 PM,316.4,226,71506.4,47479875.499999985
2025-08-01 03:20:39 PM,315.3,558,175937.4,47655812.89999998
2025-08-01 03:21:41 PM,316.05,564,178252.2,47834065.09999999
2025-08-01 03:21:49 PM,316.0,492,155472.0,47989537.09999999
2025-08-01 03:22:07 PM,316.4,1,316.4,47989853.499999985
2025-08-01 03:22:28 PM,316.65,0,0.0,47989853.499999985
2025-08-01 03:22:28 PM,316.65,246,77895.9,48067749.39999998
2025-08-01 03:23:06 PM,316.8,0,0.0,48067749.39999998
2025-08-01 03:23:07 PM,316.8,2,633.6,48068382.999999985
2025-08-01 03:23:10 PM,316.55,1,316.55,48068699.54999998
2025-08-01 03:23:17 PM,316.8,0,0.0,48068699.54999998
2025-08-01 03:23:21 PM,316.5,240,75960.0,48144659.54999998
2025-08-01 03:23:29 PM,316.5,1,316.5,48144976.04999998
2025-08-01 03:23:41 PM,316.15,14,4426.099999999999,48149402.14999998
2025-08-01 03:24:05 PM,315.85,0,0.0,48149402.14999998
2025-08-01 03:24:07 PM,316.05,0,0.0,48149402.14999998
2025-08-01 03:24:07 PM,316.05,1749,552771.4500000001,48702173.59999999
2025-08-01 03:24:09 PM,315.9,20,6318.0,48708491.59999999
2025-08-01 03:24:16 PM,316.05,725,229136.25,48937627.84999999
2025-08-01 03:24:23 PM,315.9,15,4738.5,48942366.34999999
2025-08-01 03:24:41 PM,316.75,1,316.75,48942683.09999999
2025-08-01 03:24:54 PM,316.75,101,31991.75,48974674.84999999
2025-08-01 03:25:01 PM,316.75,1,316.75,48974991.59999999
2025-08-01 03:25:04 PM,317.4,0,0.0,48974991.59999999
2025-08-01 03:25:07 PM,317.2,381,120853.2,49095844.79999999
2025-08-01 03:25:14 PM,317.1,1,317.1,49096161.89999999
2025-08-01 03:25:46 PM,316.1,1,316.1,49096477.99999999
2025-08-01 03:26:06 PM,316.7,119,37687.299999999996,49134165.29999999
2025-08-01 03:26:13 PM,316.55,2,633.1,49134798.39999999
2025-08-01 03:27:20 PM,316.55,498,157641.9,49292440.29999999
2025-08-01 03:27:47 PM,316.75,0,0.0,49292440.29999999
2025-08-01 03:27:49 PM,316.75,1,316.75,49292757.04999999
2025-08-01 03:27:50 PM,316.3,0,0.0,49292757.04999999
2025-08-01 03:27:51 PM,316.3,1,316.3,49293073.34999999
2025-08-01 03:27:56 PM,315.7,67,21151.899999999998,49314225.249999985
2025-08-01 03:27:57 PM,315.95,17,5371.15,49319596.39999998
2025-08-01 03:28:01 PM,315.7,0,0.0,49319596.39999998
2025-08-01 03:28:02 PM,315.7,333,105128.09999999999,49424724.499999985
2025-08-01 03:28:04 PM,315.8,420,132636.0,49557360.499999985
2025-08-01 03:28:07 PM,315.2,0,0.0,49557360.499999985
2025-08-01 03:28:09 PM,315.0,441,138915.0,49696275.499999985
2025-08-01 03:28:11 PM,315.85,101,31900.850000000002,49728176.34999999
2025-08-01 03:28:16 PM,315.85,1,315.85,49728492.19999999
2025-08-01 03:28:44 PM,315.85,104,32848.4,49761340.59999999
2025-08-01 03:29:10 PM,316.4,0,0.0,49761340.59999999
2025-08-01 03:29:13 PM,316.4,3,949.1999999999999,49762289.79999999
2025-08-01 03:29:17 PM,317.0,0,0.0,49762289.79999999
2025-08-01 03:29:21 PM,316.0,1272,401952.0,50164241.79999999
2025-08-01 03:29:23 PM,316.0,100,31600.0,50195841.79999999
2025-08-01 03:29:30 PM,317.1,100,31710.000000000004,50227551.79999999
2025-08-01 03:29:36 PM,317.75,100,31775.0,50259326.79999999
2025-08-01 03:29:45 PM,316.1,0,0.0,50259326.79999999
2025-08-01 03:29:45 PM,316.1,7,2212.7000000000003,50261539.49999999
2025-08-01 03:29:50 PM,316.0,126,39816.0,50301355.49999999
2025-08-01 03:29:56 PM,317.55,0,0.0,50301355.49999999
2025-08-01 03:29:58 PM,316.0,103,32548.0,50333903.49999999
