date,price,qty,trnvr,cum_trnvr
2025-08-01 09:15:00 AM,1540.4,36,55454.4,55454.4
2025-08-01 09:15:09 AM,1536.1,0,0.0,55454.4
2025-08-01 09:15:10 AM,1536.1,26,39938.6,95393.0
2025-08-01 09:15:17 AM,1535.0,0,0.0,95393.0
2025-08-01 09:15:21 AM,1535.0,108,165780.0,261173.0
2025-08-01 09:15:22 AM,1536.1,20,30722.0,291895.0
2025-08-01 09:15:53 AM,1534.0,0,0.0,291895.0
2025-08-01 09:15:54 AM,1534.0,2,3068.0,294963.0
2025-08-01 09:16:01 AM,1535.0,0,0.0,294963.0
2025-08-01 09:16:03 AM,1535.0,10,15350.0,310313.0
2025-08-01 09:16:07 AM,1530.0,0,0.0,310313.0
2025-08-01 09:16:11 AM,1533.8,79,121170.2,431483.2
2025-08-01 09:16:20 AM,1536.9,34,52254.600000000006,483737.80000000005
2025-08-01 09:16:35 AM,1534.5,0,0.0,483737.80000000005
2025-08-01 09:16:35 AM,1534.5,1,1534.5,485272.30000000005
2025-08-01 09:16:43 AM,1536.8,0,0.0,485272.30000000005
2025-08-01 09:16:44 AM,1536.8,49,75303.2,560575.5
2025-08-01 09:16:55 AM,1537.8,0,0.0,560575.5
2025-08-01 09:17:00 AM,1540.0,6,9240.0,569815.5
2025-08-01 09:17:11 AM,1537.7,0,0.0,569815.5
2025-08-01 09:17:13 AM,1540.4,0,0.0,569815.5
2025-08-01 09:17:17 AM,1540.0,26,40040.0,609855.5
2025-08-01 09:17:25 AM,1539.0,2,3078.0,612933.5
2025-08-01 09:17:33 AM,1539.0,1,1539.0,614472.5
2025-08-01 09:17:38 AM,1537.4,0,0.0,614472.5
2025-08-01 09:17:42 AM,1538.5,47,72309.5,686782.0
2025-08-01 09:17:45 AM,1540.0,0,0.0,686782.0
2025-08-01 09:17:50 AM,1540.0,292,449680.0,1136462.0
2025-08-01 09:17:58 AM,1540.0,10,15400.0,1151862.0
2025-08-01 09:18:12 AM,1549.1,0,0.0,1151862.0
2025-08-01 09:18:15 AM,1540.0,894,1376760.0,2528622.0
2025-08-01 09:18:16 AM,1540.0,2,3080.0,2531702.0
2025-08-01 09:18:23 AM,1540.0,2,3080.0,2534782.0
2025-08-01 09:18:31 AM,1541.8,1,1541.8,2536323.8
2025-08-01 09:18:42 AM,1542.4,0,0.0,2536323.8
2025-08-01 09:18:48 AM,1542.4,1,1542.4,2537866.1999999997
2025-08-01 09:18:56 AM,1543.3,2,3086.6,2540952.8
2025-08-01 09:19:06 AM,1543.6,0,0.0,2540952.8
2025-08-01 09:19:08 AM,1543.5,0,0.0,2540952.8
2025-08-01 09:19:12 AM,1543.5,2,3087.0,2544039.8
2025-08-01 09:19:20 AM,1543.5,1,1543.5,2545583.3
2025-08-01 09:19:36 AM,1543.5,1,1543.5,2547126.8
2025-08-01 09:19:44 AM,1543.5,1,1543.5,2548670.3
2025-08-01 09:19:54 AM,1543.5,1,1543.5,2550213.8
2025-08-01 09:20:08 AM,1543.5,4,6174.0,2556387.8
2025-08-01 09:20:08 AM,1545.7,0,0.0,2556387.8
2025-08-01 09:20:10 AM,1545.7,1,1545.7,2557933.5
2025-08-01 09:20:21 AM,1543.9,0,0.0,2557933.5
2025-08-01 09:20:24 AM,1540.9,47,72422.3,2630355.8
2025-08-01 09:20:28 AM,1543.9,0,0.0,2630355.8
2025-08-01 09:20:32 AM,1543.9,1,1543.9,2631899.6999999997
2025-08-01 09:20:35 AM,1542.4,0,0.0,2631899.6999999997
2025-08-01 09:20:40 AM,1542.4,1,1542.4,2633442.0999999996
2025-08-01 09:20:42 AM,1544.7,0,0.0,2633442.0999999996
2025-08-01 09:20:46 AM,1543.1,0,0.0,2633442.0999999996
2025-08-01 09:20:47 AM,1543.1,3,4629.299999999999,2638071.3999999994
2025-08-01 09:20:55 AM,1544.2,1,1544.2,2639615.5999999996
2025-08-01 09:21:07 AM,1544.4,0,0.0,2639615.5999999996
2025-08-01 09:21:11 AM,1544.4,1,1544.4,2641159.9999999995
2025-08-01 09:21:19 AM,1544.9,1,1544.9,2642704.8999999994
2025-08-01 09:21:30 AM,1545.6,0,0.0,2642704.8999999994
2025-08-01 09:21:34 AM,1545.5,2,3091.0,2645795.8999999994
2025-08-01 09:21:42 AM,1546.3,1,1546.3,2647342.1999999993
2025-08-01 09:21:53 AM,1548.4,0,0.0,2647342.1999999993
2025-08-01 09:21:57 AM,1548.4,1,1548.4,2648890.599999999
2025-08-01 09:22:00 AM,1546.9,0,0.0,2648890.599999999
2025-08-01 09:22:05 AM,1544.1,30,46323.0,2695213.599999999
2025-08-01 09:22:06 AM,1545.7,1,1545.7,2696759.2999999993
2025-08-01 09:22:07 AM,1545.8,0,0.0,2696759.2999999993
2025-08-01 09:22:12 AM,1545.8,1,1545.8,2698305.099999999
2025-08-01 09:22:20 AM,1546.3,1,1546.3,2699851.399999999
2025-08-01 09:22:31 AM,1546.8,0,0.0,2699851.399999999
2025-08-01 09:22:35 AM,1546.8,1,1546.8,2701398.199999999
2025-08-01 09:22:43 AM,1547.2,1,1547.2,2702945.399999999
2025-08-01 09:22:55 AM,1547.3,0,0.0,2702945.399999999
2025-08-01 09:22:58 AM,1547.3,1,1547.3,2704492.699999999
2025-08-01 09:23:04 AM,1548.8,0,0.0,2704492.699999999
2025-08-01 09:23:05 AM,1548.8,3,4646.4,2709139.0999999987
2025-08-01 09:23:07 AM,1549.0,4,6196.0,2715335.0999999987
2025-08-01 09:23:23 AM,1547.3,0,0.0,2715335.0999999987
2025-08-01 09:23:29 AM,1547.3,2,3094.6,2718429.699999999
2025-08-01 09:23:30 AM,1547.3,1,1547.3,2719976.9999999986
2025-08-01 09:23:36 AM,1545.0,26,40170.0,2760146.9999999986
2025-08-01 09:23:44 AM,1545.0,1,1545.0,2761691.9999999986
2025-08-01 09:23:59 AM,1545.0,1,1545.0,2763236.9999999986
2025-08-01 09:24:07 AM,1545.0,13,20085.0,2783321.9999999986
2025-08-01 09:24:22 AM,1545.0,1,1545.0,2784866.9999999986
2025-08-01 09:24:31 AM,1545.0,1,1545.0,2786411.9999999986
2025-08-01 09:24:45 AM,1545.0,1,1545.0,2787956.9999999986
2025-08-01 09:24:54 AM,1545.0,3,4635.0,2792591.9999999986
2025-08-01 09:25:07 AM,1545.0,1,1545.0,2794136.9999999986
2025-08-01 09:25:22 AM,1545.0,1,1545.0,2795681.9999999986
2025-08-01 09:25:32 AM,1545.0,1,1545.0,2797226.9999999986
2025-08-01 09:25:44 AM,1545.0,2,3090.0,2800316.9999999986
2025-08-01 09:25:54 AM,1545.0,1,1545.0,2801861.9999999986
2025-08-01 09:26:07 AM,1546.2,2,3092.4,2804954.3999999985
2025-08-01 09:26:14 AM,1545.0,0,0.0,2804954.3999999985
2025-08-01 09:26:15 AM,1545.0,1,1545.0,2806499.3999999985
2025-08-01 09:26:23 AM,1545.0,1,1545.0,2808044.3999999985
2025-08-01 09:26:30 AM,1545.0,2,3090.0,2811134.3999999985
2025-08-01 09:26:44 AM,1546.3,0,0.0,2811134.3999999985
2025-08-01 09:26:46 AM,1546.3,3,4638.9,2815773.2999999984
2025-08-01 09:26:55 AM,1546.3,1,1546.3,2817319.599999998
2025-08-01 09:27:08 AM,1546.7,1,1546.7,2818866.2999999984
2025-08-01 09:27:20 AM,1546.8,0,0.0,2818866.2999999984
2025-08-01 09:27:23 AM,1546.8,2,3093.6,2821959.8999999985
2025-08-01 09:27:30 AM,1547.0,1,1547.0,2823506.8999999985
2025-08-01 09:27:45 AM,1547.1,1,1547.1,2825053.9999999986
2025-08-01 09:27:54 AM,1547.1,2,3094.2,2828148.199999999
2025-08-01 09:27:56 AM,1549.5,0,0.0,2828148.199999999
2025-08-01 09:28:00 AM,1547.9,0,0.0,2828148.199999999
2025-08-01 09:28:01 AM,1547.9,30,46437.0,2874585.199999999
2025-08-01 09:28:06 AM,1548.2,0,0.0,2874585.199999999
2025-08-01 09:28:09 AM,1548.2,1,1548.2,2876133.399999999
2025-08-01 09:28:13 AM,1548.4,0,0.0,2876133.399999999
2025-08-01 09:28:16 AM,1548.4,12,18580.800000000003,2894714.199999999
2025-08-01 09:28:19 AM,1548.5,0,0.0,2894714.199999999
2025-08-01 09:28:24 AM,1548.5,1,1548.5,2896262.699999999
2025-08-01 09:28:30 AM,1548.7,0,0.0,2896262.699999999
2025-08-01 09:28:32 AM,1550.6,6,9303.599999999999,2905566.299999999
2025-08-01 09:28:33 AM,1549.2,1,1549.2,2907115.499999999
2025-08-01 09:28:42 AM,1549.4,0,0.0,2907115.499999999
2025-08-01 09:28:47 AM,1549.4,1,1549.4,2908664.899999999
2025-08-01 09:28:54 AM,1549.4,1,1549.4,2910214.299999999
2025-08-01 09:29:03 AM,1551.5,0,0.0,2910214.299999999
2025-08-01 09:29:03 AM,1549.5,19,29440.5,2939654.799999999
2025-08-01 09:29:09 AM,1549.7,0,0.0,2939654.799999999
2025-08-01 09:29:10 AM,1549.7,1,1549.7,2941204.499999999
2025-08-01 09:29:19 AM,1549.8,1,1549.8,2942754.299999999
2025-08-01 09:29:20 AM,1549.7,0,0.0,2942754.299999999
2025-08-01 09:29:25 AM,1549.7,13,20146.100000000002,2962900.399999999
2025-08-01 09:29:32 AM,1549.7,2,3099.4,2965999.799999999
2025-08-01 09:29:45 AM,1547.9,0,0.0,2965999.799999999
2025-08-01 09:29:47 AM,1548.0,66,102168.0,3068167.799999999
2025-08-01 09:29:48 AM,1547.9,1,1547.9,3069715.699999999
2025-08-01 09:29:55 AM,1548.3,1,1548.3,3071263.9999999986
2025-08-01 09:30:08 AM,1548.4,0,0.0,3071263.9999999986
2025-08-01 09:30:10 AM,1548.4,1,1548.4,3072812.3999999985
2025-08-01 09:30:18 AM,1548.4,1,1548.4,3074360.7999999984
2025-08-01 09:30:22 AM,1549.7,0,0.0,3074360.7999999984
2025-08-01 09:30:25 AM,1548.4,24,37161.600000000006,3111522.3999999985
2025-08-01 09:30:32 AM,1548.4,1,1548.4,3113070.7999999984
2025-08-01 09:30:47 AM,1548.4,1,1548.4,3114619.1999999983
2025-08-01 09:30:54 AM,1548.4,2,3096.8,3117715.999999998
2025-08-01 09:31:09 AM,1548.4,2,3096.8,3120812.799999998
2025-08-01 09:31:19 AM,1549.6,0,0.0,3120812.799999998
2025-08-01 09:31:24 AM,1549.6,2,3099.2,3123911.999999998
2025-08-01 09:31:31 AM,1548.4,6,9290.400000000001,3133202.399999998
2025-08-01 09:31:38 AM,1548.4,1,1548.4,3134750.799999998
2025-08-01 09:31:45 AM,1548.4,1,1548.4,3136299.199999998
2025-08-01 09:31:59 AM,1548.4,1,1548.4,3137847.5999999978
2025-08-01 09:32:06 AM,1548.4,1,1548.4,3139395.9999999977
2025-08-01 09:32:13 AM,1548.4,1,1548.4,3140944.3999999976
2025-08-01 09:32:20 AM,1548.5,1,1548.5,3142492.8999999976
2025-08-01 09:32:33 AM,1549.1,0,0.0,3142492.8999999976
2025-08-01 09:32:34 AM,1549.1,1,1549.1,3144041.9999999977
2025-08-01 09:32:45 AM,1549.7,0,0.0,3144041.9999999977
2025-08-01 09:32:48 AM,1549.7,1,1549.7,3145591.699999998
2025-08-01 09:32:55 AM,1549.9,1,1549.9,3147141.5999999978
2025-08-01 09:33:09 AM,1550.0,0,0.0,3147141.5999999978
2025-08-01 09:33:09 AM,1550.0,1,1550.0,3148691.5999999978
2025-08-01 09:33:22 AM,1550.0,2,3100.0,3151791.5999999978
2025-08-01 09:33:24 AM,1550.5,0,0.0,3151791.5999999978
2025-08-01 09:33:29 AM,1548.6,0,0.0,3151791.5999999978
2025-08-01 09:33:29 AM,1548.6,53,82075.79999999999,3233867.3999999976
2025-08-01 09:33:34 AM,1548.7,0,0.0,3233867.3999999976
2025-08-01 09:33:36 AM,1548.7,1,1548.7,3235416.0999999978
2025-08-01 09:33:43 AM,1551.0,4,6204.0,3241620.0999999978
2025-08-01 09:33:54 AM,1551.1,0,0.0,3241620.0999999978
2025-08-01 09:33:57 AM,1551.1,18,27919.8,3269539.8999999976
2025-08-01 09:34:09 AM,1551.2,0,0.0,3269539.8999999976
2025-08-01 09:34:11 AM,1551.2,1,1551.2,3271091.0999999978
2025-08-01 09:34:14 AM,1553.4,0,0.0,3271091.0999999978
2025-08-01 09:34:18 AM,1554.2,119,184949.80000000002,3456040.8999999976
2025-08-01 09:34:32 AM,1554.7,0,0.0,3456040.8999999976
2025-08-01 09:34:32 AM,1554.7,1,1554.7,3457595.5999999978
2025-08-01 09:34:44 AM,1555.6,0,0.0,3457595.5999999978
2025-08-01 09:34:46 AM,1555.6,1,1555.6,3459151.199999998
2025-08-01 09:35:00 AM,1555.6,2,3111.2,3462262.399999998
2025-08-01 09:35:07 AM,1552.7,76,118005.2,3580267.599999998
2025-08-01 09:35:14 AM,1553.3,0,0.0,3580267.599999998
2025-08-01 09:35:14 AM,1553.3,1,1553.3,3581820.899999998
2025-08-01 09:35:19 AM,1555.8,0,0.0,3581820.899999998
2025-08-01 09:35:21 AM,1555.8,21,32671.8,3614492.699999998
2025-08-01 09:35:35 AM,1555.8,3,4667.4,3619160.0999999978
2025-08-01 09:35:42 AM,1556.0,1,1556.0,3620716.0999999978
2025-08-01 09:35:54 AM,1556.2,0,0.0,3620716.0999999978
2025-08-01 09:35:55 AM,1556.2,1,1556.2,3622272.299999998
2025-08-01 09:36:09 AM,1556.2,1,1556.2,3623828.499999998
2025-08-01 09:36:22 AM,1556.2,1,1556.2,3625384.6999999983
2025-08-01 09:36:35 AM,1556.2,4,6224.8,3631609.499999998
2025-08-01 09:36:43 AM,1556.3,0,0.0,3631609.499999998
2025-08-01 09:36:48 AM,1556.3,1,1556.3,3633165.799999998
2025-08-01 09:36:55 AM,1556.4,3,4669.200000000001,3637834.999999998
2025-08-01 09:37:07 AM,1556.5,0,0.0,3637834.999999998
2025-08-01 09:37:08 AM,1556.5,1,1556.5,3639391.499999998
2025-08-01 09:37:18 AM,1556.6,0,0.0,3639391.499999998
2025-08-01 09:37:22 AM,1556.6,1,1556.6,3640948.099999998
2025-08-01 09:37:36 AM,1556.6,1,1556.6,3642504.6999999983
2025-08-01 09:37:43 AM,1556.6,1,1556.6,3644061.2999999984
2025-08-01 09:37:56 AM,1556.6,1,1556.6,3645617.8999999985
2025-08-01 09:38:02 AM,1557.2,0,0.0,3645617.8999999985
2025-08-01 09:38:03 AM,1557.2,1,1557.2,3647175.0999999987
2025-08-01 09:38:03 AM,1556.6,1,1556.6,3648731.699999999
2025-08-01 09:38:10 AM,1556.6,2,3113.2,3651844.899999999
2025-08-01 09:38:23 AM,1556.6,2,3113.2,3654958.099999999
2025-08-01 09:38:24 AM,1556.0,0,0.0,3654958.099999999
2025-08-01 09:38:29 AM,1553.8,0,0.0,3654958.099999999
2025-08-01 09:38:30 AM,1554.1,204,317036.39999999997,3971994.499999999
2025-08-01 09:38:37 AM,1554.3,5,7771.5,3979765.999999999
2025-08-01 09:38:37 AM,1554.5,1,1554.5,3981320.499999999
2025-08-01 09:38:43 AM,1554.6,35,54411.0,4035731.499999999
2025-08-01 09:38:55 AM,1554.8,0,0.0,4035731.499999999
2025-08-01 09:38:56 AM,1554.8,13,20212.399999999998,4055943.899999999
2025-08-01 09:39:09 AM,1554.9,0,0.0,4055943.899999999
2025-08-01 09:39:10 AM,1554.7,13,20211.100000000002,4076154.999999999
2025-08-01 09:39:17 AM,1554.7,5,7773.5,4083928.499999999
2025-08-01 09:39:19 AM,1555.8,0,0.0,4083928.499999999
2025-08-01 09:39:24 AM,1555.0,2,3110.0,4087038.499999999
2025-08-01 09:39:30 AM,1555.1,1,1555.1,4088593.599999999
2025-08-01 09:39:40 AM,1555.4,0,0.0,4088593.599999999
2025-08-01 09:39:43 AM,1555.4,12,18664.800000000003,4107258.399999999
2025-08-01 09:39:56 AM,1555.3,0,0.0,4107258.399999999
2025-08-01 09:39:56 AM,1555.3,34,52880.2,4160138.599999999
2025-08-01 09:40:09 AM,1555.3,1,1555.3,4161693.899999999
2025-08-01 09:40:23 AM,1555.3,1,1555.3,4163249.199999999
2025-08-01 09:40:29 AM,1555.3,2,3110.6,4166359.799999999
2025-08-01 09:40:30 AM,1555.3,1,1555.3,4167915.0999999987
2025-08-01 09:40:39 AM,1555.8,0,0.0,4167915.0999999987
2025-08-01 09:40:42 AM,1556.4,9,14007.6,4181922.699999999
2025-08-01 09:40:56 AM,1557.4,4,6229.6,4188152.299999999
2025-08-01 09:41:07 AM,1557.6,0,0.0,4188152.299999999
2025-08-01 09:41:09 AM,1557.6,1,1557.6,4189709.899999999
2025-08-01 09:41:19 AM,1557.9,0,0.0,4189709.899999999
2025-08-01 09:41:22 AM,1557.9,1,1557.9,4191267.799999999
2025-08-01 09:41:27 AM,1558.0,0,0.0,4191267.799999999
2025-08-01 09:41:29 AM,1558.0,1,1558.0,4192825.799999999
2025-08-01 09:41:30 AM,1558.0,1,1558.0,4194383.799999999
2025-08-01 09:41:42 AM,1558.0,1,1558.0,4195941.799999999
2025-08-01 09:41:43 AM,1558.0,1,1558.0,4197499.799999999
2025-08-01 09:41:55 AM,1558.0,1,1558.0,4199057.799999999
2025-08-01 09:42:08 AM,1558.0,1,1558.0,4200615.799999999
2025-08-01 09:42:21 AM,1558.0,1,1558.0,4202173.799999999
2025-08-01 09:42:28 AM,1558.0,1,1558.0,4203731.799999999
2025-08-01 09:42:34 AM,1557.7,0,0.0,4203731.799999999
2025-08-01 09:42:34 AM,1557.7,4,6230.8,4209962.599999999
2025-08-01 09:42:42 AM,1557.7,1,1557.7,4211520.299999999
2025-08-01 09:42:47 AM,1557.7,12,18692.4,4230212.699999999
2025-08-01 09:42:54 AM,1556.0,0,0.0,4230212.699999999
2025-08-01 09:42:54 AM,1556.0,200,311200.0,4541412.699999999
2025-08-01 09:42:55 AM,1555.2,4,6220.8,4547633.499999999
2025-08-01 09:43:00 AM,1555.3,44,68433.2,4616066.699999999
2025-08-01 09:43:01 AM,1556.4,12,18676.800000000003,4634743.499999999
2025-08-01 09:43:02 AM,1558.0,0,0.0,4634743.499999999
2025-08-01 09:43:02 AM,1557.9,0,0.0,4634743.499999999
2025-08-01 09:43:07 AM,1557.9,4,6231.6,4640975.099999999
2025-08-01 09:43:13 AM,1556.4,2,3112.8,4644087.8999999985
2025-08-01 09:43:20 AM,1556.4,1,1556.4,4645644.299999999
2025-08-01 09:43:26 AM,1556.3,0,0.0,4645644.299999999
2025-08-01 09:43:27 AM,1556.3,2,3112.6,4648756.8999999985
2025-08-01 09:43:30 AM,1555.0,0,0.0,4648756.8999999985
2025-08-01 09:43:33 AM,1553.7,8,12429.6,4661186.499999998
2025-08-01 09:43:34 AM,1553.7,11,17090.7,4678277.199999998
2025-08-01 09:43:40 AM,1553.7,2,3107.4,4681384.599999999
2025-08-01 09:43:46 AM,1553.7,1,1553.7,4682938.299999999
2025-08-01 09:43:53 AM,1553.8,2,3107.6,4686045.8999999985
2025-08-01 09:43:54 AM,1553.8,4,6215.2,4692261.099999999
2025-08-01 09:44:06 AM,1551.5,0,0.0,4692261.099999999
2025-08-01 09:44:06 AM,1551.1,32,49635.2,4741896.299999999
2025-08-01 09:44:20 AM,1550.7,0,0.0,4741896.299999999
2025-08-01 09:44:20 AM,1550.8,4,6203.2,4748099.499999999
2025-08-01 09:44:26 AM,1550.4,8,12403.2,4760502.699999999
2025-08-01 09:44:33 AM,1550.4,1,1550.4,4762053.1
2025-08-01 09:44:48 AM,1550.0,0,0.0,4762053.1
2025-08-01 09:44:52 AM,1550.0,1,1550.0,4763603.1
2025-08-01 09:44:54 AM,1549.4,0,0.0,4763603.1
2025-08-01 09:44:56 AM,1549.0,0,0.0,4763603.1
2025-08-01 09:44:58 AM,1549.0,3,4647.0,4768250.1
2025-08-01 09:45:06 AM,1549.0,1,1549.0,4769799.1
2025-08-01 09:45:24 AM,1546.9,2,3093.8,4772892.899999999
2025-08-01 09:45:30 AM,1545.5,0,0.0,4772892.899999999
2025-08-01 09:45:31 AM,1545.5,68,105094.0,4877986.899999999
2025-08-01 09:45:35 AM,1547.6,0,0.0,4877986.899999999
2025-08-01 09:45:37 AM,1545.8,60,92748.0,4970734.899999999
2025-08-01 09:45:42 AM,1545.9,0,0.0,4970734.899999999
2025-08-01 09:45:44 AM,1545.7,2,3091.4,4973826.3
2025-08-01 09:45:56 AM,1545.8,0,0.0,4973826.3
2025-08-01 09:45:57 AM,1545.8,32,49465.6,5023291.899999999
2025-08-01 09:46:11 AM,1545.8,4,6183.2,5029475.1
2025-08-01 09:46:18 AM,1546.6,1,1546.6,5031021.699999999
2025-08-01 09:46:24 AM,1546.5,0,0.0,5031021.699999999
2025-08-01 09:46:25 AM,1546.5,2,3093.0,5034114.699999999
2025-08-01 09:46:29 AM,1546.5,1,1546.5,5035661.199999999
2025-08-01 09:46:31 AM,1546.5,1,1546.5,5037207.699999999
2025-08-01 09:46:32 AM,1547.9,0,0.0,5037207.699999999
2025-08-01 09:46:36 AM,1547.9,1,1547.9,5038755.6
2025-08-01 09:46:48 AM,1547.0,1,1547.0,5040302.6
2025-08-01 09:46:52 AM,1548.0,0,0.0,5040302.6
2025-08-01 09:46:54 AM,1548.0,4,6192.0,5046494.6
2025-08-01 09:46:56 AM,1549.6,6,9297.599999999999,5055792.199999999
2025-08-01 09:46:59 AM,1548.0,0,0.0,5055792.199999999
2025-08-01 09:47:01 AM,1548.0,1,1548.0,5057340.199999999
2025-08-01 09:47:07 AM,1548.0,1,1548.0,5058888.199999999
2025-08-01 09:47:19 AM,1548.0,1,1548.0,5060436.199999999
2025-08-01 09:47:24 AM,1548.2,0,0.0,5060436.199999999
2025-08-01 09:47:25 AM,1548.2,2,3096.4,5063532.6
2025-08-01 09:47:28 AM,1549.5,0,0.0,5063532.6
2025-08-01 09:47:31 AM,1548.2,0,0.0,5063532.6
2025-08-01 09:47:32 AM,1548.3,119,184247.69999999998,5247780.3
2025-08-01 09:47:36 AM,1548.2,0,0.0,5247780.3
2025-08-01 09:47:38 AM,1548.1,3,4644.299999999999,5252424.6
2025-08-01 09:47:43 AM,1548.2,0,0.0,5252424.6
2025-08-01 09:47:45 AM,1548.2,1,1548.2,5253972.8
2025-08-01 09:47:54 AM,1548.1,16,24769.6,5278742.399999999
2025-08-01 09:47:57 AM,1547.5,0,0.0,5278742.399999999
2025-08-01 09:47:59 AM,1547.0,10,15470.0,5294212.399999999
2025-08-01 09:48:01 AM,1546.7,0,0.0,5294212.399999999
2025-08-01 09:48:01 AM,1546.7,23,35574.1,5329786.499999999
2025-08-01 09:48:05 AM,1550.1,174,269717.39999999997,5599503.899999999
2025-08-01 09:48:07 AM,1550.1,1,1550.1,5601053.999999999
2025-08-01 09:48:20 AM,1550.1,2,3100.2,5604154.199999999
2025-08-01 09:48:24 AM,1550.0,46,71300.0,5675454.199999999
2025-08-01 09:48:26 AM,1550.1,0,0.0,5675454.199999999
2025-08-01 09:48:27 AM,1550.1,8,12400.8,5687854.999999999
2025-08-01 09:48:30 AM,1551.4,0,0.0,5687854.999999999
2025-08-01 09:48:31 AM,1551.4,2,3102.8,5690957.799999999
2025-08-01 09:48:50 AM,1550.6,0,0.0,5690957.799999999
2025-08-01 09:48:50 AM,1550.6,1,1550.6,5692508.3999999985
2025-08-01 09:48:56 AM,1550.6,5,7753.0,5700261.3999999985
2025-08-01 09:49:09 AM,1550.6,1,1550.6,5701811.999999998
2025-08-01 09:49:18 AM,1550.6,1,1550.6,5703362.599999998
2025-08-01 09:49:27 AM,1550.6,1,1550.6,5704913.199999997
2025-08-01 09:49:30 AM,1550.6,1,1550.6,5706463.799999997
2025-08-01 09:49:34 AM,1550.6,1,1550.6,5708014.399999997
2025-08-01 09:49:43 AM,1550.6,1,1550.6,5709564.999999996
2025-08-01 09:49:56 AM,1550.6,2,3101.2,5712666.199999996
2025-08-01 09:50:08 AM,1550.6,1,1550.6,5714216.799999996
2025-08-01 09:50:10 AM,1551.7,0,0.0,5714216.799999996
2025-08-01 09:50:11 AM,1550.6,0,0.0,5714216.799999996
2025-08-01 09:50:12 AM,1550.6,2,3101.2,5717317.999999996
2025-08-01 09:50:19 AM,1550.6,1,1550.6,5718868.599999996
2025-08-01 09:50:25 AM,1550.6,1,1550.6,5720419.1999999955
2025-08-01 09:50:31 AM,1550.6,1,1550.6,5721969.799999995
2025-08-01 09:50:43 AM,1550.6,1,1550.6,5723520.399999995
2025-08-01 09:50:49 AM,1550.3,0,0.0,5723520.399999995
2025-08-01 09:50:50 AM,1550.3,12,18603.6,5742123.999999994
2025-08-01 09:50:56 AM,1550.3,5,7751.5,5749875.499999994
2025-08-01 09:51:09 AM,1550.3,1,1550.3,5751425.799999994
2025-08-01 09:51:20 AM,1550.7,0,0.0,5751425.799999994
2025-08-01 09:51:21 AM,1550.7,1,1550.7,5752976.499999994
2025-08-01 09:51:30 AM,1551.4,0,0.0,5752976.499999994
2025-08-01 09:51:34 AM,1551.4,1,1551.4,5754527.899999995
2025-08-01 09:51:42 AM,1551.5,0,0.0,5754527.899999995
2025-08-01 09:51:43 AM,1551.5,1,1551.5,5756079.399999995
2025-08-01 09:51:55 AM,1551.5,4,6206.0,5762285.399999995
2025-08-01 09:52:07 AM,1551.5,1,1551.5,5763836.899999995
2025-08-01 09:52:20 AM,1551.5,1,1551.5,5765388.399999995
2025-08-01 09:52:26 AM,1551.5,1,1551.5,5766939.899999995
2025-08-01 09:52:32 AM,1551.5,2,3103.0,5770042.899999995
2025-08-01 09:52:44 AM,1551.5,1,1551.5,5771594.399999995
2025-08-01 09:52:56 AM,1551.5,2,3103.0,5774697.399999995
2025-08-01 09:53:08 AM,1551.5,1,1551.5,5776248.899999995
2025-08-01 09:53:18 AM,1551.5,1,1551.5,5777800.399999995
2025-08-01 09:53:20 AM,1551.5,1,1551.5,5779351.899999995
2025-08-01 09:53:30 AM,1551.5,1,1551.5,5780903.399999995
2025-08-01 09:53:43 AM,1551.5,1,1551.5,5782454.899999995
2025-08-01 09:53:56 AM,1551.5,2,3103.0,5785557.899999995
2025-08-01 09:54:02 AM,1553.0,10,15530.0,5801087.899999995
2025-08-01 09:54:02 AM,1551.6,0,0.0,5801087.899999995
2025-08-01 09:54:03 AM,1551.6,2,3103.2,5804191.099999995
2025-08-01 09:54:08 AM,1551.6,1,1551.6,5805742.699999995
2025-08-01 09:54:20 AM,1552.0,0,0.0,5805742.699999995
2025-08-01 09:54:21 AM,1552.0,1,1552.0,5807294.699999995
2025-08-01 09:54:26 AM,1549.6,0,0.0,5807294.699999995
2025-08-01 09:54:27 AM,1547.3,54,83554.2,5890848.899999995
2025-08-01 09:54:30 AM,1547.5,0,0.0,5890848.899999995
2025-08-01 09:54:30 AM,1550.4,0,0.0,5890848.899999995
2025-08-01 09:54:33 AM,1549.6,0,0.0,5890848.899999995
2025-08-01 09:54:33 AM,1549.6,23,35640.799999999996,5926489.699999995
2025-08-01 09:54:45 AM,1549.6,1,1549.6,5928039.299999994
2025-08-01 09:54:54 AM,1549.5,0,0.0,5928039.299999994
2025-08-01 09:54:56 AM,1549.3,20,30986.0,5959025.299999994
2025-08-01 09:55:00 AM,1551.4,0,0.0,5959025.299999994
2025-08-01 09:55:02 AM,1551.4,1,1551.4,5960576.699999995
2025-08-01 09:55:12 AM,1549.2,0,0.0,5960576.699999995
2025-08-01 09:55:14 AM,1549.2,1,1549.2,5962125.899999995
2025-08-01 09:55:20 AM,1549.2,2,3098.4,5965224.299999995
2025-08-01 09:55:26 AM,1549.2,1,1549.2,5966773.499999995
2025-08-01 09:55:32 AM,1549.2,1,1549.2,5968322.6999999955
2025-08-01 09:55:34 AM,1550.5,0,0.0,5968322.6999999955
2025-08-01 09:55:38 AM,1550.5,1,1550.5,5969873.1999999955
2025-08-01 09:55:48 AM,1549.2,0,0.0,5969873.1999999955
2025-08-01 09:55:50 AM,1549.2,1,1549.2,5971422.399999996
2025-08-01 09:55:56 AM,1549.2,3,4647.6,5976069.999999995
2025-08-01 09:56:08 AM,1549.2,1,1549.2,5977619.1999999955
2025-08-01 09:56:21 AM,1549.2,1,1549.2,5979168.399999996
2025-08-01 09:56:26 AM,1549.2,1,1549.2,5980717.599999996
2025-08-01 09:56:32 AM,1549.2,1,1549.2,5982266.799999996
2025-08-01 09:56:44 AM,1549.2,1,1549.2,5983815.999999996
2025-08-01 09:56:56 AM,1549.2,2,3098.4,5986914.399999997
2025-08-01 09:57:08 AM,1549.2,1,1549.2,5988463.599999997
2025-08-01 09:57:20 AM,1549.2,1,1549.2,5990012.799999997
2025-08-01 09:57:25 AM,1549.2,1,1549.2,5991561.999999997
2025-08-01 09:57:31 AM,1549.2,1,1549.2,5993111.199999997
2025-08-01 09:57:43 AM,1549.2,2,3098.4,5996209.599999998
2025-08-01 09:57:55 AM,1549.2,3,4647.6,6000857.199999997
2025-08-01 09:58:13 AM,1549.1,0,0.0,6000857.199999997
2025-08-01 09:58:14 AM,1549.1,1,1549.1,6002406.299999997
2025-08-01 09:58:25 AM,1548.3,0,0.0,6002406.299999997
2025-08-01 09:58:26 AM,1548.3,4,6193.2,6008599.499999997
2025-08-01 09:58:32 AM,1548.4,1,1548.4,6010147.899999998
2025-08-01 09:58:44 AM,1548.4,1,1548.4,6011696.299999998
2025-08-01 09:58:56 AM,1548.4,1,1548.4,6013244.699999998
2025-08-01 09:59:08 AM,1548.4,1,1548.4,6014793.099999999
2025-08-01 09:59:19 AM,1546.6,0,0.0,6014793.099999999
2025-08-01 09:59:21 AM,1546.6,30,46398.0,6061191.099999999
2025-08-01 09:59:24 AM,1546.6,1,1546.6,6062737.699999998
2025-08-01 09:59:30 AM,1546.6,8,12372.8,6075110.499999998
2025-08-01 09:59:43 AM,1546.7,0,0.0,6075110.499999998
2025-08-01 09:59:43 AM,1546.7,1,1546.7,6076657.199999998
2025-08-01 09:59:51 AM,1548.1,0,0.0,6076657.199999998
2025-08-01 09:59:52 AM,1547.0,3,4641.0,6081298.199999998
2025-08-01 09:59:55 AM,1547.0,2,3094.0,6084392.199999998
2025-08-01 10:00:07 AM,1547.0,1,1547.0,6085939.199999998
2025-08-01 10:00:18 AM,1547.0,6,9282.0,6095221.199999998
2025-08-01 10:00:20 AM,1547.0,1,1547.0,6096768.199999998
2025-08-01 10:00:25 AM,1546.9,0,0.0,6096768.199999998
2025-08-01 10:00:27 AM,1546.9,4,6187.6,6102955.799999998
2025-08-01 10:00:30 AM,1547.0,1,1547.0,6104502.799999998
2025-08-01 10:00:42 AM,1547.0,1,1547.0,6106049.799999998
2025-08-01 10:00:52 AM,1548.0,3,4644.0,6110693.799999998
2025-08-01 10:00:55 AM,1548.0,3,4644.0,6115337.799999998
2025-08-01 10:01:07 AM,1548.1,0,0.0,6115337.799999998
2025-08-01 10:01:08 AM,1548.1,1,1548.1,6116885.899999998
2025-08-01 10:01:18 AM,1548.2,0,0.0,6116885.899999998
2025-08-01 10:01:20 AM,1548.5,2,3097.0,6119982.899999998
2025-08-01 10:01:26 AM,1548.5,1,1548.5,6121531.399999998
2025-08-01 10:01:30 AM,1548.5,1,1548.5,6123079.899999998
2025-08-01 10:01:42 AM,1548.5,1,1548.5,6124628.399999998
2025-08-01 10:01:54 AM,1549.0,0,0.0,6124628.399999998
2025-08-01 10:01:55 AM,1549.0,2,3098.0,6127726.399999998
2025-08-01 10:02:06 AM,1550.0,0,0.0,6127726.399999998
2025-08-01 10:02:07 AM,1550.0,2,3100.0,6130826.399999998
2025-08-01 10:02:20 AM,1550.0,1,1550.0,6132376.399999998
2025-08-01 10:02:32 AM,1550.0,2,3100.0,6135476.399999998
2025-08-01 10:02:44 AM,1550.3,0,0.0,6135476.399999998
2025-08-01 10:02:45 AM,1550.3,1,1550.3,6137026.699999997
2025-08-01 10:02:57 AM,1550.2,0,0.0,6137026.699999997
2025-08-01 10:02:58 AM,1550.2,1,1550.2,6138576.899999998
2025-08-01 10:03:00 AM,1550.2,1,1550.2,6140127.099999998
2025-08-01 10:03:01 AM,1547.6,0,0.0,6140127.099999998
2025-08-01 10:03:04 AM,1546.8,232,358857.6,6498984.699999997
2025-08-01 10:03:06 AM,1546.9,1,1546.9,6500531.599999998
2025-08-01 10:03:09 AM,1547.0,0,0.0,6500531.599999998
2025-08-01 10:03:10 AM,1547.0,1,1547.0,6502078.599999998
2025-08-01 10:03:19 AM,1547.2,1,1547.2,6503625.799999998
2025-08-01 10:03:25 AM,1547.1,0,0.0,6503625.799999998
2025-08-01 10:03:25 AM,1547.1,54,83543.4,6587169.199999998
2025-08-01 10:03:29 AM,1547.6,0,0.0,6587169.199999998
2025-08-01 10:03:30 AM,1548.6,2,3097.2,6590266.3999999985
2025-08-01 10:03:43 AM,1548.6,1,1548.6,6591814.999999998
2025-08-01 10:03:55 AM,1548.6,5,7743.0,6599557.999999998
2025-08-01 10:04:07 AM,1548.6,1,1548.6,6601106.599999998
2025-08-01 10:04:20 AM,1548.6,1,1548.6,6602655.199999997
2025-08-01 10:04:25 AM,1549.0,0,0.0,6602655.199999997
2025-08-01 10:04:26 AM,1549.0,2,3098.0,6605753.199999997
2025-08-01 10:04:33 AM,1549.0,1,1549.0,6607302.199999997
2025-08-01 10:04:45 AM,1549.0,1,1549.0,6608851.199999997
2025-08-01 10:04:57 AM,1549.0,2,3098.0,6611949.199999997
2025-08-01 10:05:04 AM,1549.0,3,4647.0,6616596.199999997
2025-08-01 10:05:10 AM,1549.0,1,1549.0,6618145.199999997
2025-08-01 10:05:18 AM,1549.0,1,1549.0,6619694.199999997
2025-08-01 10:05:24 AM,1549.0,2,3098.0,6622792.199999997
2025-08-01 10:05:30 AM,1549.0,2,3098.0,6625890.199999997
2025-08-01 10:05:42 AM,1549.0,1,1549.0,6627439.199999997
2025-08-01 10:05:54 AM,1549.0,2,3098.0,6630537.199999997
2025-08-01 10:06:07 AM,1549.0,1,1549.0,6632086.199999997
2025-08-01 10:06:18 AM,1549.0,1,1549.0,6633635.199999997
2025-08-01 10:06:30 AM,1549.0,2,3098.0,6636733.199999997
2025-08-01 10:06:36 AM,1548.6,0,0.0,6636733.199999997
2025-08-01 10:06:36 AM,1548.4,6,9290.400000000001,6646023.599999998
2025-08-01 10:06:48 AM,1548.2,1,1548.2,6647571.799999998
2025-08-01 10:06:52 AM,1547.0,14,21658.0,6669229.799999998
2025-08-01 10:06:54 AM,1546.6,3,4639.799999999999,6673869.599999998
2025-08-01 10:07:00 AM,1546.5,0,0.0,6673869.599999998
2025-08-01 10:07:00 AM,1546.5,5,7732.5,6681602.099999998
2025-08-01 10:07:07 AM,1546.5,1,1546.5,6683148.599999998
2025-08-01 10:07:19 AM,1546.5,1,1546.5,6684695.099999998
2025-08-01 10:07:25 AM,1546.5,2,3093.0,6687788.099999998
2025-08-01 10:07:36 AM,1546.3,1,1546.3,6689334.399999998
2025-08-01 10:07:48 AM,1546.3,1,1546.3,6690880.699999997
2025-08-01 10:07:54 AM,1546.3,2,3092.6,6693973.299999997
2025-08-01 10:08:06 AM,1546.3,1,1546.3,6695519.599999997
2025-08-01 10:08:19 AM,1546.3,2,3092.6,6698612.199999996
2025-08-01 10:08:31 AM,1546.3,1,1546.3,6700158.499999996
2025-08-01 10:08:43 AM,1546.3,1,1546.3,6701704.799999996
2025-08-01 10:08:55 AM,1546.3,2,3092.6,6704797.399999996
2025-08-01 10:09:07 AM,1546.3,2,3092.6,6707889.999999995
2025-08-01 10:09:19 AM,1546.3,1,1546.3,6709436.299999995
2025-08-01 10:09:20 AM,1547.1,2,3094.2,6712530.499999995
2025-08-01 10:09:25 AM,1547.2,1,1547.2,6714077.6999999955
2025-08-01 10:09:30 AM,1547.2,1,1547.2,6715624.899999996
2025-08-01 10:09:42 AM,1547.2,2,3094.4,6718719.299999996
2025-08-01 10:09:55 AM,1547.2,3,4641.6,6723360.899999996
2025-08-01 10:10:06 AM,1547.2,1,1547.2,6724908.099999996
2025-08-01 10:10:16 AM,1548.2,1,1548.2,6726456.299999996
2025-08-01 10:10:18 AM,1548.3,5,7741.5,6734197.799999996
2025-08-01 10:10:22 AM,1547.2,0,0.0,6734197.799999996
2025-08-01 10:10:22 AM,1547.2,1,1547.2,6735744.999999996
2025-08-01 10:10:24 AM,1547.2,15,23208.0,6758952.999999996
2025-08-01 10:10:28 AM,1547.2,1,1547.2,6760500.199999996
2025-08-01 10:10:30 AM,1547.2,1,1547.2,6762047.399999997
2025-08-01 10:10:42 AM,1547.2,1,1547.2,6763594.599999997
2025-08-01 10:10:54 AM,1547.2,3,4641.6,6768236.199999996
2025-08-01 10:10:58 AM,1547.2,1,1547.2,6769783.399999997
2025-08-01 10:11:04 AM,1547.2,9,13924.800000000001,6783708.199999996
2025-08-01 10:11:08 AM,1547.3,0,0.0,6783708.199999996
2025-08-01 10:11:10 AM,1548.3,2,3096.6,6786804.799999996
2025-08-01 10:11:23 AM,1547.5,1,1547.5,6788352.299999996
2025-08-01 10:11:27 AM,1547.5,3,4642.5,6792994.799999996
2025-08-01 10:11:33 AM,1547.5,1,1547.5,6794542.299999996
2025-08-01 10:11:50 AM,1547.2,0,0.0,6794542.299999996
2025-08-01 10:11:51 AM,1547.2,1,1547.2,6796089.499999996
2025-08-01 10:11:56 AM,1547.2,3,4641.6,6800731.099999996
2025-08-01 10:12:08 AM,1547.3,0,0.0,6800731.099999996
2025-08-01 10:12:08 AM,1547.3,1,1547.3,6802278.399999996
2025-08-01 10:12:20 AM,1547.3,1,1547.3,6803825.6999999955
2025-08-01 10:12:26 AM,1546.6,0,0.0,6803825.6999999955
2025-08-01 10:12:26 AM,1546.8,36,55684.799999999996,6859510.499999995
2025-08-01 10:12:32 AM,1546.8,2,3093.6,6862604.099999995
2025-08-01 10:12:43 AM,1547.1,1,1547.1,6864151.199999995
2025-08-01 10:12:49 AM,1548.6,3,4645.799999999999,6868796.999999994
2025-08-01 10:12:55 AM,1547.1,8,12376.8,6881173.799999994
2025-08-01 10:12:55 AM,1546.7,1,1546.7,6882720.499999994
2025-08-01 10:12:59 AM,1546.8,0,0.0,6882720.499999994
2025-08-01 10:13:00 AM,1546.8,3,4640.4,6887360.899999995
2025-08-01 10:13:01 AM,1548.4,1,1548.4,6888909.299999995
2025-08-01 10:13:06 AM,1547.3,4,6189.2,6895098.499999995
2025-08-01 10:13:12 AM,1546.8,1,1546.8,6896645.299999995
2025-08-01 10:13:18 AM,1546.8,1,1546.8,6898192.099999995
2025-08-01 10:13:25 AM,1546.8,2,3093.6,6901285.699999995
2025-08-01 10:13:30 AM,1546.8,1,1546.8,6902832.499999994
2025-08-01 10:13:31 AM,1546.8,1,1546.8,6904379.299999994
2025-08-01 10:13:42 AM,1546.8,1,1546.8,6905926.099999994
2025-08-01 10:13:47 AM,1546.3,0,0.0,6905926.099999994
2025-08-01 10:13:48 AM,1546.3,12,18555.6,6924481.699999994
2025-08-01 10:13:54 AM,1546.3,4,6185.2,6930666.899999994
2025-08-01 10:14:08 AM,1546.5,0,0.0,6930666.899999994
2025-08-01 10:14:11 AM,1546.5,1,1546.5,6932213.399999994
2025-08-01 10:14:23 AM,1546.5,2,3093.0,6935306.399999994
2025-08-01 10:14:26 AM,1547.0,0,0.0,6935306.399999994
2025-08-01 10:14:28 AM,1547.0,1,1547.0,6936853.399999994
2025-08-01 10:14:34 AM,1547.0,1,1547.0,6938400.399999994
2025-08-01 10:14:44 AM,1547.2,0,0.0,6938400.399999994
2025-08-01 10:14:46 AM,1547.2,1,1547.2,6939947.599999994
2025-08-01 10:14:57 AM,1547.2,1,1547.2,6941494.799999994
2025-08-01 10:15:09 AM,1547.2,1,1547.2,6943041.999999994
2025-08-01 10:15:21 AM,1547.2,2,3094.4,6946136.399999995
2025-08-01 10:15:23 AM,1548.9,0,0.0,6946136.399999995
2025-08-01 10:15:25 AM,1547.5,0,0.0,6946136.399999995
2025-08-01 10:15:27 AM,1547.5,2,3095.0,6949231.399999995
2025-08-01 10:15:33 AM,1547.5,1,1547.5,6950778.899999995
2025-08-01 10:15:45 AM,1547.5,1,1547.5,6952326.399999995
2025-08-01 10:15:57 AM,1547.5,7,10832.5,6963158.899999995
2025-08-01 10:16:07 AM,1547.2,0,0.0,6963158.899999995
2025-08-01 10:16:08 AM,1547.2,2,3094.4,6966253.299999995
2025-08-01 10:16:19 AM,1547.3,0,0.0,6966253.299999995
2025-08-01 10:16:20 AM,1547.3,1,1547.3,6967800.599999995
2025-08-01 10:16:25 AM,1547.1,0,0.0,6967800.599999995
2025-08-01 10:16:26 AM,1547.1,1,1547.1,6969347.699999995
2025-08-01 10:16:31 AM,1547.3,0,0.0,6969347.699999995
2025-08-01 10:16:32 AM,1547.3,1,1547.3,6970894.999999994
2025-08-01 10:16:43 AM,1547.3,1,1547.3,6972442.299999994
2025-08-01 10:16:54 AM,1547.3,2,3094.6,6975536.899999994
2025-08-01 10:17:00 AM,1547.3,1,1547.3,6977084.199999994
2025-08-01 10:17:11 AM,1547.3,1,1547.3,6978631.4999999935
2025-08-01 10:17:23 AM,1547.3,1,1547.3,6980178.799999993
2025-08-01 10:17:28 AM,1547.3,1,1547.3,6981726.099999993
2025-08-01 10:17:34 AM,1547.3,1,1547.3,6983273.399999993
2025-08-01 10:17:46 AM,1547.3,2,3094.6,6986367.999999993
2025-08-01 10:17:57 AM,1547.3,1,1547.3,6987915.299999992
2025-08-01 10:18:09 AM,1547.3,1,1547.3,6989462.599999992
2025-08-01 10:18:21 AM,1547.3,1,1547.3,6991009.899999992
2025-08-01 10:18:27 AM,1547.3,1,1547.3,6992557.199999992
2025-08-01 10:18:32 AM,1547.3,1,1547.3,6994104.499999992
2025-08-01 10:18:44 AM,1547.3,2,3094.6,6997199.099999991
2025-08-01 10:18:52 AM,1548.4,0,0.0,6997199.099999991
2025-08-01 10:18:55 AM,1547.3,7,10831.1,7008030.199999991
2025-08-01 10:19:01 AM,1547.3,2,3094.6,7011124.7999999905
2025-08-01 10:19:06 AM,1547.3,1,1547.3,7012672.09999999
2025-08-01 10:19:18 AM,1547.3,1,1547.3,7014219.39999999
2025-08-01 10:19:24 AM,1547.3,1,1547.3,7015766.69999999
2025-08-01 10:19:30 AM,1548.8,0,0.0,7015766.69999999
2025-08-01 10:19:30 AM,1548.8,4,6195.2,7021961.89999999
2025-08-01 10:19:35 AM,1547.3,1,1547.3,7023509.19999999
2025-08-01 10:19:42 AM,1547.3,1,1547.3,7025056.49999999
2025-08-01 10:19:53 AM,1547.0,149,230503.0,7255559.49999999
2025-08-01 10:19:54 AM,1545.7,0,0.0,7255559.49999999
2025-08-01 10:19:54 AM,1545.8,9,13912.199999999999,7269471.69999999
2025-08-01 10:19:57 AM,1545.7,0,0.0,7269471.69999999
2025-08-01 10:19:58 AM,1545.7,40,61828.0,7331299.69999999
2025-08-01 10:19:59 AM,1545.8,6,9274.8,7340574.49999999
2025-08-01 10:20:09 AM,1545.8,1,1545.8,7342120.29999999
2025-08-01 10:20:21 AM,1545.8,1,1545.8,7343666.099999989
2025-08-01 10:20:26 AM,1545.8,4,6183.2,7349849.29999999
2025-08-01 10:20:32 AM,1545.8,1,1545.8,7351395.099999989
2025-08-01 10:20:44 AM,1545.8,1,1545.8,7352940.899999989
2025-08-01 10:20:56 AM,1545.8,3,4637.4,7357578.29999999
2025-08-01 10:21:07 AM,1545.8,1,1545.8,7359124.099999989
2025-08-01 10:21:18 AM,1545.8,1,1545.8,7360669.899999989
2025-08-01 10:21:24 AM,1545.7,1,1545.7,7362215.599999989
2025-08-01 10:21:31 AM,1545.7,1,1545.7,7363761.29999999
2025-08-01 10:21:42 AM,1545.7,1,1545.7,7365306.99999999
2025-08-01 10:21:59 AM,1545.5,0,0.0,7365306.99999999
2025-08-01 10:21:59 AM,1545.5,1,1545.5,7366852.49999999
2025-08-01 10:22:02 AM,1545.4,0,0.0,7366852.49999999
2025-08-01 10:22:03 AM,1545.4,1,1545.4,7368397.89999999
2025-08-01 10:22:05 AM,1545.2,0,0.0,7368397.89999999
2025-08-01 10:22:05 AM,1545.2,1,1545.2,7369943.09999999
2025-08-01 10:22:09 AM,1545.2,1,1545.2,7371488.2999999905
2025-08-01 10:22:10 AM,1545.7,2,3091.4,7374579.699999991
2025-08-01 10:22:20 AM,1545.7,1,1545.7,7376125.399999991
2025-08-01 10:22:27 AM,1545.7,2,3091.4,7379216.799999991
2025-08-01 10:22:32 AM,1545.7,1,1545.7,7380762.499999992
2025-08-01 10:22:43 AM,1545.7,1,1545.7,7382308.199999992
2025-08-01 10:22:54 AM,1545.7,1,1545.7,7383853.899999992
2025-08-01 10:22:56 AM,1545.7,1,1545.7,7385399.599999992
2025-08-01 10:23:07 AM,1545.2,0,0.0,7385399.599999992
2025-08-01 10:23:08 AM,1545.2,2,3090.4,7388489.999999993
2025-08-01 10:23:19 AM,1545.3,0,0.0,7388489.999999993
2025-08-01 10:23:19 AM,1545.3,1,1545.3,7390035.299999992
2025-08-01 10:23:25 AM,1545.3,1,1545.3,7391580.599999992
2025-08-01 10:23:31 AM,1545.3,1,1545.3,7393125.899999992
2025-08-01 10:23:42 AM,1545.3,1,1545.3,7394671.199999992
2025-08-01 10:23:55 AM,1545.4,0,0.0,7394671.199999992
2025-08-01 10:23:56 AM,1545.4,1,1545.4,7396216.599999992
2025-08-01 10:24:07 AM,1546.0,3,4638.0,7400854.599999992
2025-08-01 10:24:10 AM,1547.7,0,0.0,7400854.599999992
2025-08-01 10:24:10 AM,1547.7,3,4643.1,7405497.699999992
2025-08-01 10:24:23 AM,1546.0,1,1546.0,7407043.699999992
2025-08-01 10:24:25 AM,1545.8,0,0.0,7407043.699999992
2025-08-01 10:24:27 AM,1545.8,3,4637.4,7411681.099999992
2025-08-01 10:24:31 AM,1546.0,0,0.0,7411681.099999992
2025-08-01 10:24:32 AM,1546.0,1,1546.0,7413227.099999992
2025-08-01 10:24:42 AM,1546.1,0,0.0,7413227.099999992
2025-08-01 10:24:43 AM,1546.1,1,1546.1,7414773.199999992
2025-08-01 10:24:54 AM,1546.0,0,0.0,7414773.199999992
2025-08-01 10:24:54 AM,1546.0,4,6184.0,7420957.199999992
2025-08-01 10:25:08 AM,1546.0,1,1546.0,7422503.199999992
2025-08-01 10:25:20 AM,1546.0,1,1546.0,7424049.199999992
2025-08-01 10:25:31 AM,1546.0,1,1546.0,7425595.199999992
2025-08-01 10:25:42 AM,1547.6,0,0.0,7425595.199999992
2025-08-01 10:25:42 AM,1547.6,6,9285.599999999999,7434880.799999991
2025-08-01 10:25:44 AM,1546.1,0,0.0,7434880.799999991
2025-08-01 10:25:45 AM,1546.1,1,1546.1,7436426.899999991
2025-08-01 10:25:56 AM,1546.0,0,0.0,7436426.899999991
2025-08-01 10:25:56 AM,1546.0,4,6184.0,7442610.899999991
2025-08-01 10:26:06 AM,1546.3,0,0.0,7442610.899999991
2025-08-01 10:26:07 AM,1546.3,1,1546.3,7444157.199999991
2025-08-01 10:26:18 AM,1546.3,1,1546.3,7445703.499999991
2025-08-01 10:26:24 AM,1546.3,1,1546.3,7447249.7999999905
2025-08-01 10:26:30 AM,1546.3,1,1546.3,7448796.09999999
2025-08-01 10:26:32 AM,1546.3,1,1546.3,7450342.39999999
2025-08-01 10:26:35 AM,1547.7,0,0.0,7450342.39999999
2025-08-01 10:26:36 AM,1547.7,2,3095.4,7453437.7999999905
2025-08-01 10:26:47 AM,1546.3,0,0.0,7453437.7999999905
2025-08-01 10:26:47 AM,1546.3,29,44842.7,7498280.499999991
2025-08-01 10:26:55 AM,1546.3,10,15463.0,7513743.499999991
2025-08-01 10:27:07 AM,1546.3,1,1546.3,7515289.7999999905
2025-08-01 10:27:18 AM,1546.3,1,1546.3,7516836.09999999
2025-08-01 10:27:32 AM,1546.3,1,1546.3,7518382.39999999
2025-08-01 10:27:43 AM,1548.7,51,78983.7,7597366.09999999
2025-08-01 10:27:45 AM,1546.3,0,0.0,7597366.09999999
2025-08-01 10:27:46 AM,1546.3,9,13916.699999999999,7611282.7999999905
2025-08-01 10:27:54 AM,1546.0,0,0.0,7611282.7999999905
2025-08-01 10:27:54 AM,1546.0,16,24736.0,7636018.7999999905
2025-08-01 10:27:56 AM,1545.6,0,0.0,7636018.7999999905
2025-08-01 10:27:57 AM,1545.6,2,3091.2,7639109.999999991
2025-08-01 10:28:06 AM,1545.9,0,0.0,7639109.999999991
2025-08-01 10:28:07 AM,1545.9,1,1545.9,7640655.899999991
2025-08-01 10:28:18 AM,1545.9,1,1545.9,7642201.799999991
2025-08-01 10:28:21 AM,1547.6,0,0.0,7642201.799999991
2025-08-01 10:28:21 AM,1547.6,1,1547.6,7643749.399999991
2025-08-01 10:28:25 AM,1545.9,0,0.0,7643749.399999991
2025-08-01 10:28:26 AM,1545.9,2,3091.8,7646841.199999991
2025-08-01 10:28:32 AM,1545.9,1,1545.9,7648387.099999991
2025-08-01 10:28:35 AM,1547.9,8,12383.2,7660770.299999991
2025-08-01 10:28:36 AM,1546.0,0,0.0,7660770.299999991
2025-08-01 10:28:37 AM,1546.0,1,1546.0,7662316.299999991
2025-08-01 10:28:43 AM,1546.0,1,1546.0,7663862.299999991
2025-08-01 10:28:54 AM,1546.2,0,0.0,7663862.299999991
2025-08-01 10:28:55 AM,1546.2,5,7731.0,7671593.299999991
2025-08-01 10:29:02 AM,1546.2,1,1546.2,7673139.499999992
2025-08-01 10:29:06 AM,1548.3,0,0.0,7673139.499999992
2025-08-01 10:29:08 AM,1546.7,0,0.0,7673139.499999992
2025-08-01 10:29:08 AM,1546.7,3,4640.1,7677779.599999991
2025-08-01 10:29:19 AM,1546.7,1,1546.7,7679326.299999991
2025-08-01 10:29:25 AM,1546.7,1,1546.7,7680872.999999992
2025-08-01 10:29:30 AM,1546.7,1,1546.7,7682419.699999992
2025-08-01 10:29:44 AM,1546.7,1,1546.7,7683966.399999992
2025-08-01 10:29:58 AM,1548.4,0,0.0,7683966.399999992
2025-08-01 10:29:58 AM,1546.9,0,0.0,7683966.399999992
2025-08-01 10:29:58 AM,1546.9,15,23203.5,7707169.899999992
2025-08-01 10:30:00 AM,1547.2,0,0.0,7707169.899999992
2025-08-01 10:30:01 AM,1547.2,1,1547.2,7708717.099999992
2025-08-01 10:30:07 AM,1547.2,1,1547.2,7710264.299999992
2025-08-01 10:30:18 AM,1547.4,1,1547.4,7711811.699999993
2025-08-01 10:30:25 AM,1547.3,0,0.0,7711811.699999993
2025-08-01 10:30:26 AM,1547.3,1,1547.3,7713358.999999993
2025-08-01 10:30:29 AM,1546.7,3,4640.1,7717999.099999992
2025-08-01 10:30:33 AM,1546.7,2,3093.4,7721092.499999993
2025-08-01 10:30:43 AM,1546.8,0,0.0,7721092.499999993
2025-08-01 10:30:44 AM,1546.8,1,1546.8,7722639.299999992
2025-08-01 10:30:55 AM,1546.8,4,6187.2,7728826.499999993
2025-08-01 10:31:07 AM,1546.8,1,1546.8,7730373.299999992
2025-08-01 10:31:19 AM,1547.0,1,1547.0,7731920.299999992
2025-08-01 10:31:23 AM,1547.2,0,0.0,7731920.299999992
2025-08-01 10:31:24 AM,1547.2,8,12377.6,7744297.899999992
2025-08-01 10:31:30 AM,1547.3,1,1547.3,7745845.199999992
2025-08-01 10:31:32 AM,1549.0,101,156449.0,7902294.199999992
2025-08-01 10:31:33 AM,1548.7,0,0.0,7902294.199999992
2025-08-01 10:31:35 AM,1547.1,0,0.0,7902294.199999992
2025-08-01 10:31:35 AM,1547.1,18,27847.8,7930141.999999992
2025-08-01 10:31:42 AM,1547.2,0,0.0,7930141.999999992
2025-08-01 10:31:43 AM,1547.2,1,1547.2,7931689.199999992
2025-08-01 10:31:56 AM,1546.5,29,44848.5,7976537.699999992
2025-08-01 10:31:57 AM,1546.2,0,0.0,7976537.699999992
2025-08-01 10:31:58 AM,1546.2,3,4638.6,7981176.299999991
2025-08-01 10:32:02 AM,1546.2,2,3092.4,7984268.699999992
2025-08-01 10:32:05 AM,1546.7,20,30934.0,8015202.699999992
2025-08-01 10:32:08 AM,1546.6,2,3093.2,8018295.899999992
2025-08-01 10:32:18 AM,1546.8,1,1546.8,8019842.699999992
2025-08-01 10:32:25 AM,1546.9,8,12375.2,8032217.899999992
2025-08-01 10:32:31 AM,1547.2,1,1547.2,8033765.099999992
2025-08-01 10:32:44 AM,1547.2,1,1547.2,8035312.299999992
2025-08-01 10:32:59 AM,1546.2,0,0.0,8035312.299999992
2025-08-01 10:33:01 AM,1546.2,2,3092.4,8038404.699999993
2025-08-01 10:33:06 AM,1546.2,1,1546.2,8039950.899999993
2025-08-01 10:33:20 AM,1546.5,0,0.0,8039950.899999993
2025-08-01 10:33:20 AM,1546.5,1,1546.5,8041497.399999993
2025-08-01 10:33:26 AM,1546.8,0,0.0,8041497.399999993
2025-08-01 10:33:26 AM,1546.8,1,1546.8,8043044.199999993
2025-08-01 10:33:31 AM,1547.1,1,1547.1,8044591.299999992
2025-08-01 10:33:42 AM,1547.1,1,1547.1,8046138.399999992
2025-08-01 10:33:54 AM,1547.1,1,1547.1,8047685.499999992
2025-08-01 10:33:54 AM,1546.7,0,0.0,8047685.499999992
2025-08-01 10:33:56 AM,1546.7,2,3093.4,8050778.899999992
2025-08-01 10:34:00 AM,1546.3,1,1546.3,8052325.199999992
2025-08-01 10:34:06 AM,1547.0,0,0.0,8052325.199999992
2025-08-01 10:34:07 AM,1547.0,1,1547.0,8053872.199999992
2025-08-01 10:34:19 AM,1547.0,1,1547.0,8055419.199999992
2025-08-01 10:34:29 AM,1547.0,4,6188.0,8061607.199999992
2025-08-01 10:34:30 AM,1547.1,0,0.0,8061607.199999992
2025-08-01 10:34:33 AM,1547.1,2,3094.2,8064701.399999992
2025-08-01 10:34:42 AM,1547.3,0,0.0,8064701.399999992
2025-08-01 10:34:45 AM,1547.3,1,1547.3,8066248.699999992
2025-08-01 10:34:54 AM,1549.2,0,0.0,8066248.699999992
2025-08-01 10:34:54 AM,1547.7,0,0.0,8066248.699999992
2025-08-01 10:34:56 AM,1546.9,0,0.0,8066248.699999992
2025-08-01 10:34:56 AM,1546.9,11,17015.9,8083264.599999992
2025-08-01 10:35:02 AM,1546.9,1,1546.9,8084811.499999993
2025-08-01 10:35:07 AM,1546.9,1,1546.9,8086358.399999993
2025-08-01 10:35:18 AM,1547.1,0,0.0,8086358.399999993
2025-08-01 10:35:19 AM,1547.1,1,1547.1,8087905.499999993
2025-08-01 10:35:24 AM,1547.0,0,0.0,8087905.499999993
2025-08-01 10:35:24 AM,1547.0,1,1547.0,8089452.499999993
2025-08-01 10:35:26 AM,1546.7,0,0.0,8089452.499999993
2025-08-01 10:35:27 AM,1546.7,1,1546.7,8090999.199999993
2025-08-01 10:35:30 AM,1546.9,0,0.0,8090999.199999993
2025-08-01 10:35:30 AM,1546.9,1,1546.9,8092546.099999993
2025-08-01 10:35:44 AM,1546.9,1,1546.9,8094092.9999999935
2025-08-01 10:35:54 AM,1546.4,0,0.0,8094092.9999999935
2025-08-01 10:35:55 AM,1546.4,2,3092.8,8097185.799999993
2025-08-01 10:36:06 AM,1546.9,2,3093.8,8100279.599999993
2025-08-01 10:36:07 AM,1547.9,0,0.0,8100279.599999993
2025-08-01 10:36:09 AM,1547.9,1,1547.9,8101827.4999999935
2025-08-01 10:36:23 AM,1546.9,1,1546.9,8103374.399999994
2025-08-01 10:36:26 AM,1546.9,1,1546.9,8104921.299999994
2025-08-01 10:36:32 AM,1546.9,1,1546.9,8106468.199999995
2025-08-01 10:36:34 AM,1547.9,1,1547.9,8108016.099999995
2025-08-01 10:36:48 AM,1546.9,0,0.0,8108016.099999995
2025-08-01 10:36:48 AM,1546.9,2,3093.8,8111109.899999995
2025-08-01 10:36:55 AM,1546.9,3,4640.700000000001,8115750.599999995
2025-08-01 10:37:00 AM,1547.8,0,0.0,8115750.599999995
2025-08-01 10:37:00 AM,1547.8,1,1547.8,8117298.399999995
2025-08-01 10:37:12 AM,1546.9,1,1546.9,8118845.299999995
2025-08-01 10:37:21 AM,1546.9,2,3093.8,8121939.099999995
2025-08-01 10:37:25 AM,1547.8,0,0.0,8121939.099999995
2025-08-01 10:37:26 AM,1547.8,2,3095.6,8125034.699999995
2025-08-01 10:37:36 AM,1546.9,0,0.0,8125034.699999995
2025-08-01 10:37:38 AM,1546.9,1,1546.9,8126581.599999995
2025-08-01 10:37:40 AM,1547.7,1,1547.7,8128129.299999995
2025-08-01 10:37:43 AM,1547.7,2,3095.4,8131224.6999999955
2025-08-01 10:37:54 AM,1547.7,2,3095.4,8134320.099999996
2025-08-01 10:37:57 AM,1547.4,60,92844.0,8227164.099999996
2025-08-01 10:37:59 AM,1547.3,0,0.0,8227164.099999996
2025-08-01 10:38:00 AM,1547.3,1,1547.3,8228711.399999996
2025-08-01 10:38:06 AM,1546.9,0,0.0,8228711.399999996
2025-08-01 10:38:06 AM,1546.9,20,30938.0,8259649.399999996
2025-08-01 10:38:18 AM,1546.9,1,1546.9,8261196.299999996
2025-08-01 10:38:25 AM,1546.9,16,24750.4,8285946.699999996
2025-08-01 10:38:27 AM,1549.3,53,82112.9,8368059.599999997
2025-08-01 10:38:29 AM,1547.0,0,0.0,8368059.599999997
2025-08-01 10:38:31 AM,1547.0,10,15470.0,8383529.599999997
2025-08-01 10:38:42 AM,1547.0,1,1547.0,8385076.599999997
2025-08-01 10:38:56 AM,1546.9,0,0.0,8385076.599999997
2025-08-01 10:38:56 AM,1546.9,17,26297.300000000003,8411373.899999997
2025-08-01 10:39:07 AM,1546.9,1,1546.9,8412920.799999997
2025-08-01 10:39:19 AM,1546.9,1,1546.9,8414467.699999997
2025-08-01 10:39:24 AM,1546.9,1,1546.9,8416014.599999998
2025-08-01 10:39:30 AM,1546.9,1,1546.9,8417561.499999998
2025-08-01 10:39:44 AM,1546.9,2,3093.8,8420655.299999999
2025-08-01 10:39:55 AM,1546.9,3,4640.700000000001,8425295.999999998
2025-08-01 10:40:06 AM,1546.9,1,1546.9,8426842.899999999
2025-08-01 10:40:20 AM,1546.9,1,1546.9,8428389.799999999
2025-08-01 10:40:25 AM,1546.9,2,3093.8,8431483.6
2025-08-01 10:40:31 AM,1546.9,1,1546.9,8433030.5
2025-08-01 10:40:42 AM,1546.9,1,1546.9,8434577.4
2025-08-01 10:40:56 AM,1546.9,1,1546.9,8436124.3
2025-08-01 10:40:58 AM,1547.4,0,0.0,8436124.3
2025-08-01 10:40:58 AM,1547.4,1,1547.4,8437671.700000001
2025-08-01 10:41:12 AM,1546.9,0,0.0,8437671.700000001
2025-08-01 10:41:13 AM,1546.9,2,3093.8,8440765.500000002
2025-08-01 10:41:18 AM,1546.9,1,1546.9,8442312.400000002
2025-08-01 10:41:22 AM,1547.0,0,0.0,8442312.400000002
2025-08-01 10:41:24 AM,1547.2,0,0.0,8442312.400000002
2025-08-01 10:41:24 AM,1547.2,22,34038.4,8476350.800000003
2025-08-01 10:41:26 AM,1547.5,1,1547.5,8477898.300000003
2025-08-01 10:41:36 AM,1546.9,1,1546.9,8479445.200000003
2025-08-01 10:41:43 AM,1546.9,1,1546.9,8480992.100000003
2025-08-01 10:41:47 AM,1546.9,1,1546.9,8482539.000000004
2025-08-01 10:41:55 AM,1547.0,0,0.0,8482539.000000004
2025-08-01 10:41:57 AM,1547.0,2,3094.0,8485633.000000004
2025-08-01 10:42:07 AM,1547.1,0,0.0,8485633.000000004
2025-08-01 10:42:08 AM,1547.1,1,1547.1,8487180.100000003
2025-08-01 10:42:15 AM,1547.3,0,0.0,8487180.100000003
2025-08-01 10:42:16 AM,1547.3,1,1547.3,8488727.400000004
2025-08-01 10:42:20 AM,1547.3,1,1547.3,8490274.700000005
2025-08-01 10:42:35 AM,1547.0,0,0.0,8490274.700000005
2025-08-01 10:42:36 AM,1547.0,2,3094.0,8493368.700000005
2025-08-01 10:42:44 AM,1547.0,1,1547.0,8494915.700000005
2025-08-01 10:42:53 AM,1549.4,32,49580.8,8544496.500000006
2025-08-01 10:42:53 AM,1547.3,0,0.0,8544496.500000006
2025-08-01 10:42:55 AM,1547.0,15,23205.0,8567701.500000006
2025-08-01 10:43:00 AM,1546.9,0,0.0,8567701.500000006
2025-08-01 10:43:00 AM,1546.9,2,3093.8,8570795.300000006
2025-08-01 10:43:06 AM,1546.9,1,1546.9,8572342.200000007
2025-08-01 10:43:18 AM,1547.1,0,0.0,8572342.200000007
2025-08-01 10:43:18 AM,1546.9,0,0.0,8572342.200000007
2025-08-01 10:43:20 AM,1546.9,2,3093.8,8575436.000000007
2025-08-01 10:43:25 AM,1546.9,2,3093.8,8578529.800000008
2025-08-01 10:43:30 AM,1547.0,0,0.0,8578529.800000008
2025-08-01 10:43:31 AM,1547.0,1,1547.0,8580076.800000008
2025-08-01 10:43:42 AM,1547.2,0,0.0,8580076.800000008
2025-08-01 10:43:42 AM,1547.2,1,1547.2,8581624.000000007
2025-08-01 10:43:54 AM,1547.2,1,1547.2,8583171.200000007
2025-08-01 10:44:06 AM,1547.9,0,0.0,8583171.200000007
2025-08-01 10:44:06 AM,1547.8,0,0.0,8583171.200000007
2025-08-01 10:44:07 AM,1547.8,2,3095.6,8586266.800000006
2025-08-01 10:44:18 AM,1547.8,1,1547.8,8587814.600000007
2025-08-01 10:44:26 AM,1547.8,1,1547.8,8589362.400000008
2025-08-01 10:44:32 AM,1547.8,1,1547.8,8590910.200000009
2025-08-01 10:44:42 AM,1550.4,21,32558.4,8623468.600000009
2025-08-01 10:44:44 AM,1547.1,0,0.0,8623468.600000009
2025-08-01 10:44:45 AM,1547.1,4,6188.4,8629657.00000001
2025-08-01 10:44:54 AM,1550.4,0,0.0,8629657.00000001
2025-08-01 10:44:56 AM,1547.3,674,1042880.2,9672537.200000009
2025-08-01 10:44:56 AM,1547.2,0,0.0,9672537.200000009
2025-08-01 10:44:59 AM,1547.2,2,3094.4,9675631.600000009
2025-08-01 10:45:00 AM,1548.7,0,0.0,9675631.600000009
2025-08-01 10:45:01 AM,1549.0,136,210664.0,9886295.600000009
2025-08-01 10:45:02 AM,1549.8,0,0.0,9886295.600000009
2025-08-01 10:45:04 AM,1549.8,1,1549.8,9887845.40000001
2025-08-01 10:45:09 AM,1549.7,0,0.0,9887845.40000001
2025-08-01 10:45:10 AM,1548.0,7,10836.0,9898681.40000001
2025-08-01 10:45:12 AM,1548.1,0,0.0,9898681.40000001
2025-08-01 10:45:12 AM,1548.1,1,1548.1,9900229.50000001
2025-08-01 10:45:18 AM,1548.3,0,0.0,9900229.50000001
2025-08-01 10:45:18 AM,1548.3,1,1548.3,9901777.80000001
2025-08-01 10:45:24 AM,1548.2,0,0.0,9901777.80000001
2025-08-01 10:45:26 AM,1548.3,0,0.0,9901777.80000001
2025-08-01 10:45:26 AM,1548.3,48,74318.4,9976096.20000001
2025-08-01 10:45:27 AM,1548.2,0,0.0,9976096.20000001
2025-08-01 10:45:28 AM,1547.1,0,0.0,9976096.20000001
2025-08-01 10:45:29 AM,1547.1,3,4641.299999999999,9980737.500000011
2025-08-01 10:45:30 AM,1547.4,0,0.0,9980737.500000011
2025-08-01 10:45:32 AM,1547.4,1,1547.4,9982284.900000012
2025-08-01 10:45:42 AM,1547.8,0,0.0,9982284.900000012
2025-08-01 10:45:42 AM,1547.8,1,1547.8,9983832.700000012
2025-08-01 10:45:54 AM,1548.6,0,0.0,9983832.700000012
2025-08-01 10:45:56 AM,1548.6,7,10840.199999999999,9994672.900000012
2025-08-01 10:46:00 AM,1548.2,0,0.0,9994672.900000012
2025-08-01 10:46:01 AM,1548.2,1,1548.2,9996221.10000001
2025-08-01 10:46:07 AM,1548.2,2,3096.4,9999317.500000011
2025-08-01 10:46:19 AM,1548.2,1,1548.2,10000865.70000001
2025-08-01 10:46:25 AM,1549.6,2,3099.2,10003964.90000001
2025-08-01 10:46:36 AM,1548.4,1,1548.4,10005513.30000001
2025-08-01 10:46:43 AM,1548.4,1,1548.4,10007061.70000001
2025-08-01 10:46:50 AM,1550.0,0,0.0,10007061.70000001
2025-08-01 10:46:51 AM,1548.4,0,0.0,10007061.70000001
2025-08-01 10:46:52 AM,1548.4,19,29419.600000000002,10036481.30000001
2025-08-01 10:46:55 AM,1548.3,0,0.0,10036481.30000001
2025-08-01 10:46:58 AM,1548.3,7,10838.1,10047319.40000001
2025-08-01 10:47:07 AM,1548.8,0,0.0,10047319.40000001
2025-08-01 10:47:09 AM,1548.8,2,3097.6,10050417.00000001
2025-08-01 10:47:18 AM,1548.1,0,0.0,10050417.00000001
2025-08-01 10:47:19 AM,1548.2,22,34060.4,10084477.40000001
2025-08-01 10:47:24 AM,1548.0,0,0.0,10084477.40000001
2025-08-01 10:47:25 AM,1548.0,5,7740.0,10092217.40000001
2025-08-01 10:47:26 AM,1548.0,1,1548.0,10093765.40000001
2025-08-01 10:47:30 AM,1548.4,0,0.0,10093765.40000001
2025-08-01 10:47:30 AM,1548.4,1,1548.4,10095313.80000001
2025-08-01 10:47:42 AM,1548.5,0,0.0,10095313.80000001
2025-08-01 10:47:43 AM,1548.5,1,1548.5,10096862.30000001
2025-08-01 10:47:51 AM,1548.9,0,0.0,10096862.30000001
2025-08-01 10:47:52 AM,1548.9,46,71249.40000000001,10168111.70000001
2025-08-01 10:47:54 AM,1549.2,0,0.0,10168111.70000001
2025-08-01 10:47:54 AM,1549.2,11,17041.2,10185152.90000001
2025-08-01 10:47:57 AM,1549.3,2,3098.6,10188251.50000001
2025-08-01 10:48:06 AM,1550.1,0,0.0,10188251.50000001
2025-08-01 10:48:08 AM,1550.1,1,1550.1,10189801.600000009
2025-08-01 10:48:18 AM,1550.3,0,0.0,10189801.600000009
2025-08-01 10:48:18 AM,1550.3,1,1550.3,10191351.90000001
2025-08-01 10:48:31 AM,1550.3,1,1550.3,10192902.20000001
2025-08-01 10:48:42 AM,1550.3,2,3100.6,10196002.80000001
2025-08-01 10:48:57 AM,1550.3,3,4650.9,10200653.70000001
2025-08-01 10:49:07 AM,1548.4,0,0.0,10200653.70000001
2025-08-01 10:49:08 AM,1548.4,8,12387.2,10213040.90000001
2025-08-01 10:49:13 AM,1548.4,2,3096.8,10216137.70000001
2025-08-01 10:49:18 AM,1548.8,0,0.0,10216137.70000001
2025-08-01 10:49:19 AM,1548.8,1,1548.8,10217686.500000011
2025-08-01 10:49:24 AM,1548.8,3,4646.4,10222332.900000012
2025-08-01 10:49:31 AM,1548.8,1,1548.8,10223881.700000012
2025-08-01 10:49:43 AM,1548.7,0,0.0,10223881.700000012
2025-08-01 10:49:45 AM,1548.7,2,3097.4,10226979.100000013
2025-08-01 10:49:56 AM,1548.7,1,1548.7,10228527.800000012
2025-08-01 10:50:07 AM,1548.7,1,1548.7,10230076.500000011
2025-08-01 10:50:18 AM,1548.7,1,1548.7,10231625.20000001
2025-08-01 10:50:24 AM,1548.7,1,1548.7,10233173.90000001
2025-08-01 10:50:30 AM,1548.7,2,3097.4,10236271.30000001
2025-08-01 10:50:42 AM,1549.0,0,0.0,10236271.30000001
2025-08-01 10:50:46 AM,1549.0,11,17039.0,10253310.30000001
2025-08-01 10:50:58 AM,1549.0,5,7745.0,10261055.30000001
2025-08-01 10:51:09 AM,1549.0,1,1549.0,10262604.30000001
2025-08-01 10:51:20 AM,1549.0,5,7745.0,10270349.30000001
2025-08-01 10:51:25 AM,1549.0,1,1549.0,10271898.30000001
2025-08-01 10:51:31 AM,1549.0,1,1549.0,10273447.30000001
2025-08-01 10:51:42 AM,1549.0,1,1549.0,10274996.30000001
2025-08-01 10:51:58 AM,1549.0,4,6196.0,10281192.30000001
2025-08-01 10:52:09 AM,1549.0,1,1549.0,10282741.30000001
2025-08-01 10:52:14 AM,1549.0,5,7745.0,10290486.30000001
2025-08-01 10:52:15 AM,1549.0,1,1549.0,10292035.30000001
2025-08-01 10:52:20 AM,1549.0,1,1549.0,10293584.30000001
2025-08-01 10:52:25 AM,1549.0,3,4647.0,10298231.30000001
2025-08-01 10:52:31 AM,1549.0,1,1549.0,10299780.30000001
2025-08-01 10:52:42 AM,1549.1,0,0.0,10299780.30000001
2025-08-01 10:52:42 AM,1549.1,1,1549.1,10301329.40000001
2025-08-01 10:52:54 AM,1549.2,0,0.0,10301329.40000001
2025-08-01 10:52:57 AM,1549.2,1,1549.2,10302878.600000009
2025-08-01 10:53:08 AM,1549.2,1,1549.2,10304427.800000008
2025-08-01 10:53:24 AM,1549.1,0,0.0,10304427.800000008
2025-08-01 10:53:24 AM,1549.1,1,1549.1,10305976.900000008
2025-08-01 10:53:25 AM,1549.1,1,1549.1,10307526.000000007
2025-08-01 10:53:29 AM,1549.1,1,1549.1,10309075.100000007
2025-08-01 10:53:30 AM,1549.1,1,1549.1,10310624.200000007
2025-08-01 10:53:45 AM,1549.1,1,1549.1,10312173.300000006
2025-08-01 10:53:56 AM,1549.1,2,3098.2,10315271.500000006
2025-08-01 10:54:06 AM,1549.1,1,1549.1,10316820.600000005
2025-08-01 10:54:18 AM,1549.1,1,1549.1,10318369.700000005
2025-08-01 10:54:23 AM,1549.1,1,1549.1,10319918.800000004
2025-08-01 10:54:33 AM,1549.1,1,1549.1,10321467.900000004
2025-08-01 10:54:44 AM,1549.1,1,1549.1,10323017.000000004
2025-08-01 10:54:54 AM,1549.1,3,4647.299999999999,10327664.300000004
2025-08-01 10:54:55 AM,1549.1,1,1549.1,10329213.400000004
2025-08-01 10:54:56 AM,1549.9,0,0.0,10329213.400000004
2025-08-01 10:55:00 AM,1549.9,1,1549.9,10330763.300000004
2025-08-01 10:55:12 AM,1549.1,0,0.0,10330763.300000004
2025-08-01 10:55:15 AM,1549.1,1,1549.1,10332312.400000004
2025-08-01 10:55:20 AM,1549.1,1,1549.1,10333861.500000004
2025-08-01 10:55:26 AM,1549.1,1,1549.1,10335410.600000003
2025-08-01 10:55:32 AM,1549.1,1,1549.1,10336959.700000003
2025-08-01 10:55:43 AM,1549.1,2,3098.2,10340057.900000002
2025-08-01 10:55:54 AM,1549.1,2,3098.2,10343156.100000001
2025-08-01 10:56:09 AM,1549.1,1,1549.1,10344705.200000001
2025-08-01 10:56:19 AM,1549.1,1,1549.1,10346254.3
2025-08-01 10:56:30 AM,1549.1,1,1549.1,10347803.4
2025-08-01 10:56:42 AM,1549.1,1,1549.1,10349352.5
2025-08-01 10:56:46 AM,1549.1,1,1549.1,10350901.6
2025-08-01 10:56:56 AM,1549.1,2,3098.2,10353999.799999999
2025-08-01 10:57:07 AM,1549.1,1,1549.1,10355548.899999999
2025-08-01 10:57:18 AM,1549.1,1,1549.1,10357097.999999998
2025-08-01 10:57:33 AM,1549.1,2,3098.2,10360196.199999997
2025-08-01 10:57:44 AM,1549.1,1,1549.1,10361745.299999997
2025-08-01 10:57:54 AM,1549.1,3,4647.299999999999,10366392.599999998
2025-08-01 10:58:06 AM,1549.1,1,1549.1,10367941.699999997
2025-08-01 10:58:21 AM,1549.1,2,3098.2,10371039.899999997
2025-08-01 10:58:27 AM,1549.1,1,1549.1,10372588.999999996
2025-08-01 10:58:33 AM,1549.1,1,1549.1,10374138.099999996
2025-08-01 10:58:38 AM,1549.1,2,3098.2,10377236.299999995
2025-08-01 10:58:40 AM,1550.0,0,0.0,10377236.299999995
2025-08-01 10:58:40 AM,1549.1,0,0.0,10377236.299999995
2025-08-01 10:58:43 AM,1549.1,5,7745.5,10384981.799999995
2025-08-01 10:58:54 AM,1549.1,3,4647.299999999999,10389629.099999996
2025-08-01 10:58:55 AM,1549.1,1,1549.1,10391178.199999996
2025-08-01 10:59:10 AM,1549.1,1,1549.1,10392727.299999995
2025-08-01 10:59:20 AM,1549.1,1,1549.1,10394276.399999995
2025-08-01 10:59:30 AM,1549.1,1,1549.1,10395825.499999994
2025-08-01 10:59:46 AM,1549.1,1,1549.1,10397374.599999994
2025-08-01 10:59:50 AM,1548.4,0,0.0,10397374.599999994
2025-08-01 10:59:52 AM,1548.4,10,15484.0,10412858.599999994
2025-08-01 10:59:57 AM,1548.4,4,6193.6,10419052.199999994
2025-08-01 10:59:58 AM,1549.8,0,0.0,10419052.199999994
2025-08-01 10:59:58 AM,1548.4,0,0.0,10419052.199999994
2025-08-01 11:00:02 AM,1548.4,2,3096.8,10422148.999999994
2025-08-01 11:00:09 AM,1548.4,1,1548.4,10423697.399999995
2025-08-01 11:00:20 AM,1548.4,1,1548.4,10425245.799999995
2025-08-01 11:00:26 AM,1548.4,1,1548.4,10426794.199999996
2025-08-01 11:00:31 AM,1548.4,1,1548.4,10428342.599999996
2025-08-01 11:00:42 AM,1548.4,1,1548.4,10429890.999999996
2025-08-01 11:00:57 AM,1548.4,3,4645.200000000001,10434536.199999996
2025-08-01 11:01:08 AM,1548.4,1,1548.4,10436084.599999996
2025-08-01 11:01:19 AM,1548.4,1,1548.4,10437632.999999996
2025-08-01 11:01:24 AM,1548.4,1,1548.4,10439181.399999997
2025-08-01 11:01:30 AM,1548.4,1,1548.4,10440729.799999997
2025-08-01 11:01:45 AM,1548.4,2,3096.8,10443826.599999998
2025-08-01 11:01:55 AM,1548.4,2,3096.8,10446923.399999999
2025-08-01 11:02:06 AM,1548.4,1,1548.4,10448471.799999999
2025-08-01 11:02:21 AM,1548.4,1,1548.4,10450020.2
2025-08-01 11:02:33 AM,1549.8,0,0.0,10450020.2
2025-08-01 11:02:33 AM,1549.8,7,10848.6,10460868.799999999
2025-08-01 11:02:44 AM,1549.8,2,3099.6,10463968.399999999
2025-08-01 11:02:45 AM,1548.4,0,0.0,10463968.399999999
2025-08-01 11:02:45 AM,1548.4,7,10838.800000000001,10474807.2
2025-08-01 11:02:55 AM,1548.4,5,7742.0,10482549.2
2025-08-01 11:02:56 AM,1548.4,1,1548.4,10484097.6
2025-08-01 11:03:06 AM,1548.5,1,1548.5,10485646.1
2025-08-01 11:03:19 AM,1548.6,0,0.0,10485646.1
2025-08-01 11:03:20 AM,1548.6,1,1548.6,10487194.7
2025-08-01 11:03:30 AM,1548.6,1,1548.6,10488743.299999999
2025-08-01 11:03:43 AM,1548.7,0,0.0,10488743.299999999
2025-08-01 11:03:43 AM,1548.7,1,1548.7,10490291.999999998
2025-08-01 11:03:51 AM,1551.1,0,0.0,10490291.999999998
2025-08-01 11:03:52 AM,1551.1,34,52737.399999999994,10543029.399999999
2025-08-01 11:03:53 AM,1552.0,0,0.0,10543029.399999999
2025-08-01 11:03:53 AM,1552.6,0,0.0,10543029.399999999
2025-08-01 11:03:54 AM,1552.5,17,26392.5,10569421.899999999
2025-08-01 11:03:55 AM,1552.6,0,0.0,10569421.899999999
2025-08-01 11:03:57 AM,1552.6,2,3105.2,10572527.099999998
2025-08-01 11:04:07 AM,1552.3,0,0.0,10572527.099999998
2025-08-01 11:04:07 AM,1552.3,12,18627.6,10591154.699999997
2025-08-01 11:04:18 AM,1552.2,12,18626.4,10609781.099999998
2025-08-01 11:04:19 AM,1552.1,0,0.0,10609781.099999998
2025-08-01 11:04:20 AM,1552.1,2,3104.2,10612885.299999997
2025-08-01 11:04:25 AM,1552.2,0,0.0,10612885.299999997
2025-08-01 11:04:25 AM,1552.2,7,10865.4,10623750.699999997
2025-08-01 11:04:30 AM,1552.3,0,0.0,10623750.699999997
2025-08-01 11:04:30 AM,1552.3,1,1552.3,10625302.999999998
2025-08-01 11:04:42 AM,1552.4,0,0.0,10625302.999999998
2025-08-01 11:04:43 AM,1552.4,1,1552.4,10626855.399999999
2025-08-01 11:04:54 AM,1552.4,2,3104.8,10629960.2
2025-08-01 11:05:06 AM,1552.4,1,1552.4,10631512.6
2025-08-01 11:05:21 AM,1552.4,1,1552.4,10633065.0
2025-08-01 11:05:26 AM,1552.4,1,1552.4,10634617.4
2025-08-01 11:05:31 AM,1552.4,1,1552.4,10636169.8
2025-08-01 11:05:36 AM,1552.0,0,0.0,10636169.8
2025-08-01 11:05:37 AM,1551.9,11,17070.9,10653240.700000001
2025-08-01 11:05:42 AM,1552.2,0,0.0,10653240.700000001
2025-08-01 11:05:43 AM,1552.2,1,1552.2,10654792.9
2025-08-01 11:05:55 AM,1552.2,4,6208.8,10661001.700000001
2025-08-01 11:05:56 AM,1551.9,0,0.0,10661001.700000001
2025-08-01 11:05:59 AM,1551.9,1,1551.9,10662553.600000001
2025-08-01 11:06:02 AM,1553.3,0,0.0,10662553.600000001
2025-08-01 11:06:04 AM,1553.3,7,10873.1,10673426.700000001
2025-08-01 11:06:09 AM,1553.3,1,1553.3,10674980.000000002
2025-08-01 11:06:18 AM,1553.4,0,0.0,10674980.000000002
2025-08-01 11:06:19 AM,1553.4,1,1553.4,10676533.400000002
2025-08-01 11:06:25 AM,1553.5,0,0.0,10676533.400000002
2025-08-01 11:06:26 AM,1553.5,3,4660.5,10681193.900000002
2025-08-01 11:06:31 AM,1553.9,0,0.0,10681193.900000002
2025-08-01 11:06:33 AM,1553.9,1,1553.9,10682747.800000003
2025-08-01 11:06:46 AM,1553.9,1,1553.9,10684301.700000003
2025-08-01 11:06:58 AM,1553.9,1,1553.9,10685855.600000003
2025-08-01 11:07:01 AM,1553.8,0,0.0,10685855.600000003
2025-08-01 11:07:02 AM,1553.8,1,1553.8,10687409.400000004
2025-08-01 11:07:07 AM,1553.8,1,1553.8,10688963.200000005
2025-08-01 11:07:18 AM,1553.8,2,3107.6,10692070.800000004
2025-08-01 11:07:24 AM,1553.8,1,1553.8,10693624.600000005
2025-08-01 11:07:30 AM,1553.8,1,1553.8,10695178.400000006
2025-08-01 11:07:45 AM,1553.8,1,1553.8,10696732.200000007
2025-08-01 11:07:56 AM,1553.8,3,4661.4,10701393.600000007
2025-08-01 11:08:11 AM,1553.5,0,0.0,10701393.600000007
2025-08-01 11:08:12 AM,1553.5,1,1553.5,10702947.100000007
2025-08-01 11:08:14 AM,1553.5,3,4660.5,10707607.600000007
2025-08-01 11:08:23 AM,1552.2,0,0.0,10707607.600000007
2025-08-01 11:08:24 AM,1552.2,2,3104.4,10710712.000000007
2025-08-01 11:08:27 AM,1552.2,1,1552.2,10712264.200000007
2025-08-01 11:08:32 AM,1552.2,1,1552.2,10713816.400000006
2025-08-01 11:08:41 AM,1552.0,0,0.0,10713816.400000006
2025-08-01 11:08:43 AM,1552.9,0,0.0,10713816.400000006
2025-08-01 11:08:43 AM,1552.7,28,43475.6,10757292.000000006
2025-08-01 11:08:55 AM,1553.1,0,0.0,10757292.000000006
2025-08-01 11:08:55 AM,1552.3,0,0.0,10757292.000000006
2025-08-01 11:08:56 AM,1552.3,7,10866.1,10768158.100000005
2025-08-01 11:09:00 AM,1551.9,0,0.0,10768158.100000005
2025-08-01 11:09:02 AM,1550.1,7,10850.699999999999,10779008.800000004
2025-08-01 11:09:05 AM,1550.3,1,1550.3,10780559.100000005
2025-08-01 11:09:07 AM,1548.3,0,0.0,10780559.100000005
2025-08-01 11:09:08 AM,1548.3,3,4644.9,10785204.000000006
2025-08-01 11:09:12 AM,1548.6,0,0.0,10785204.000000006
2025-08-01 11:09:14 AM,1548.6,1,1548.6,10786752.600000005
2025-08-01 11:09:18 AM,1548.7,0,0.0,10786752.600000005
2025-08-01 11:09:19 AM,1548.7,1,1548.7,10788301.300000004
2025-08-01 11:09:25 AM,1548.4,4,6193.6,10794494.900000004
2025-08-01 11:09:30 AM,1548.8,0,0.0,10794494.900000004
2025-08-01 11:09:30 AM,1548.8,1,1548.8,10796043.700000005
2025-08-01 11:09:42 AM,1549.0,0,0.0,10796043.700000005
2025-08-01 11:09:44 AM,1549.0,1,1549.0,10797592.700000005
2025-08-01 11:09:54 AM,1550.0,0,0.0,10797592.700000005
2025-08-01 11:09:55 AM,1550.0,4,6200.0,10803792.700000005
2025-08-01 11:09:56 AM,1550.1,0,0.0,10803792.700000005
2025-08-01 11:09:56 AM,1550.1,1,1550.1,10805342.800000004
2025-08-01 11:10:12 AM,1549.7,0,0.0,10805342.800000004
2025-08-01 11:10:12 AM,1549.7,1,1549.7,10806892.500000004
2025-08-01 11:10:21 AM,1549.7,1,1549.7,10808442.200000003
2025-08-01 11:10:26 AM,1549.7,1,1549.7,10809991.900000002
2025-08-01 11:10:32 AM,1549.7,1,1549.7,10811541.600000001
2025-08-01 11:10:42 AM,1550.2,0,0.0,10811541.600000001
2025-08-01 11:10:43 AM,1550.2,1,1550.2,10813091.8
2025-08-01 11:10:54 AM,1550.5,0,0.0,10813091.8
2025-08-01 11:10:54 AM,1550.3,2,3100.6,10816192.4
2025-08-01 11:11:04 AM,1549.7,0,0.0,10816192.4
2025-08-01 11:11:05 AM,1549.7,97,150320.9,10966513.3
2025-08-01 11:11:06 AM,1548.6,0,0.0,10966513.3
2025-08-01 11:11:06 AM,1548.6,10,15486.0,10981999.3
2025-08-01 11:11:08 AM,1548.7,0,0.0,10981999.3
2025-08-01 11:11:11 AM,1548.7,3,4646.1,10986645.4
2025-08-01 11:11:20 AM,1547.1,0,0.0,10986645.4
2025-08-01 11:11:20 AM,1548.0,0,0.0,10986645.4
2025-08-01 11:11:21 AM,1547.9,119,184200.1,11170845.5
2025-08-01 11:11:24 AM,1547.7,0,0.0,11170845.5
2025-08-01 11:11:26 AM,1548.0,0,0.0,11170845.5
2025-08-01 11:11:26 AM,1548.2,0,0.0,11170845.5
2025-08-01 11:11:27 AM,1548.2,54,83602.8,11254448.3
2025-08-01 11:11:30 AM,1548.3,0,0.0,11254448.3
2025-08-01 11:11:33 AM,1548.3,1,1548.3,11255996.600000001
2025-08-01 11:11:42 AM,1548.8,0,0.0,11255996.600000001
2025-08-01 11:11:42 AM,1549.0,0,0.0,11255996.600000001
2025-08-01 11:11:43 AM,1549.0,2,3098.0,11259094.600000001
2025-08-01 11:11:49 AM,1550.3,4,6201.2,11265295.8
2025-08-01 11:11:54 AM,1548.5,0,0.0,11265295.8
2025-08-01 11:11:54 AM,1548.5,3,4645.5,11269941.3
2025-08-01 11:11:59 AM,1548.5,2,3097.0,11273038.3
2025-08-01 11:12:09 AM,1548.5,1,1548.5,11274586.8
2025-08-01 11:12:18 AM,1548.6,0,0.0,11274586.8
2025-08-01 11:12:20 AM,1548.6,1,1548.6,11276135.4
2025-08-01 11:12:26 AM,1548.6,1,1548.6,11277684.0
2025-08-01 11:12:31 AM,1548.6,2,3097.2,11280781.2
2025-08-01 11:12:42 AM,1548.6,1,1548.6,11282329.799999999
2025-08-01 11:12:54 AM,1547.8,0,0.0,11282329.799999999
2025-08-01 11:12:57 AM,1547.8,2,3095.6,11285425.399999999
2025-08-01 11:13:00 AM,1548.0,0,0.0,11285425.399999999
2025-08-01 11:13:02 AM,1548.0,1,1548.0,11286973.399999999
2025-08-01 11:13:08 AM,1548.0,2,3096.0,11290069.399999999
2025-08-01 11:13:19 AM,1548.0,1,1548.0,11291617.399999999
2025-08-01 11:13:24 AM,1548.0,1,1548.0,11293165.399999999
2025-08-01 11:13:30 AM,1548.0,1,1548.0,11294713.399999999
2025-08-01 11:13:34 AM,1549.1,0,0.0,11294713.399999999
2025-08-01 11:13:35 AM,1549.1,2,3098.2,11297811.599999998
2025-08-01 11:13:47 AM,1548.0,0,0.0,11297811.599999998
2025-08-01 11:13:48 AM,1548.0,1,1548.0,11299359.599999998
2025-08-01 11:13:49 AM,1547.7,0,0.0,11299359.599999998
2025-08-01 11:13:51 AM,1547.7,1,1547.7,11300907.299999997
2025-08-01 11:13:57 AM,1547.7,2,3095.4,11304002.699999997
2025-08-01 11:14:08 AM,1547.7,1,1547.7,11305550.399999997
2025-08-01 11:14:19 AM,1547.7,1,1547.7,11307098.099999996
2025-08-01 11:14:31 AM,1547.7,1,1547.7,11308645.799999995
2025-08-01 11:14:35 AM,1549.1,5,7745.5,11316391.299999995
2025-08-01 11:14:35 AM,1547.7,0,0.0,11316391.299999995
2025-08-01 11:14:36 AM,1547.7,1,1547.7,11317938.999999994
2025-08-01 11:14:43 AM,1547.6,0,0.0,11317938.999999994
2025-08-01 11:14:45 AM,1547.6,2,3095.2,11321034.199999994
2025-08-01 11:14:55 AM,1548.0,0,0.0,11321034.199999994
2025-08-01 11:14:56 AM,1548.0,2,3096.0,11324130.199999994
2025-08-01 11:14:59 AM,1547.6,0,0.0,11324130.199999994
2025-08-01 11:15:02 AM,1547.6,1,1547.6,11325677.799999993
2025-08-01 11:15:07 AM,1547.6,1,1547.6,11327225.399999993
2025-08-01 11:15:18 AM,1547.6,1,1547.6,11328772.999999993
2025-08-01 11:15:28 AM,1547.6,2,3095.2,11331868.199999992
2025-08-01 11:15:34 AM,1547.6,1,1547.6,11333415.799999991
2025-08-01 11:15:44 AM,1547.6,1,1547.6,11334963.399999991
2025-08-01 11:15:54 AM,1547.6,3,4642.799999999999,11339606.199999992
2025-08-01 11:16:10 AM,1547.6,2,3095.2,11342701.399999991
2025-08-01 11:16:21 AM,1547.6,1,1547.6,11344248.99999999
2025-08-01 11:16:31 AM,1547.9,0,0.0,11344248.99999999
2025-08-01 11:16:31 AM,1547.9,1,1547.9,11345796.899999991
2025-08-01 11:16:43 AM,1548.1,0,0.0,11345796.899999991
2025-08-01 11:16:43 AM,1548.1,1,1548.1,11347344.99999999
2025-08-01 11:16:54 AM,1548.1,1,1548.1,11348893.09999999
2025-08-01 11:16:55 AM,1548.0,0,0.0,11348893.09999999
2025-08-01 11:16:57 AM,1548.0,2,3096.0,11351989.09999999
2025-08-01 11:17:08 AM,1548.0,1,1548.0,11353537.09999999
2025-08-01 11:17:18 AM,1548.0,1,1548.0,11355085.09999999
2025-08-01 11:17:24 AM,1548.0,1,1548.0,11356633.09999999
2025-08-01 11:17:30 AM,1548.0,1,1548.0,11358181.09999999
2025-08-01 11:17:42 AM,1548.0,1,1548.0,11359729.09999999
2025-08-01 11:17:56 AM,1548.0,2,3096.0,11362825.09999999
2025-08-01 11:18:07 AM,1548.0,1,1548.0,11364373.09999999
2025-08-01 11:18:18 AM,1548.0,1,1548.0,11365921.09999999
2025-08-01 11:18:25 AM,1548.0,1,1548.0,11367469.09999999
2025-08-01 11:18:30 AM,1548.1,1,1548.1,11369017.19999999
2025-08-01 11:18:42 AM,1548.1,1,1548.1,11370565.29999999
2025-08-01 11:18:55 AM,1548.0,0,0.0,11370565.29999999
2025-08-01 11:18:58 AM,1548.0,18,27864.0,11398429.29999999
2025-08-01 11:19:06 AM,1548.8,0,0.0,11398429.29999999
2025-08-01 11:19:10 AM,1548.8,1,1548.8,11399978.09999999
2025-08-01 11:19:18 AM,1549.2,0,0.0,11399978.09999999
2025-08-01 11:19:21 AM,1549.2,1,1549.2,11401527.29999999
2025-08-01 11:19:24 AM,1549.1,0,0.0,11401527.29999999
2025-08-01 11:19:26 AM,1549.1,5,7745.5,11409272.79999999
2025-08-01 11:19:31 AM,1549.1,1,1549.1,11410821.89999999
2025-08-01 11:19:42 AM,1549.1,2,3098.2,11413920.099999988
2025-08-01 11:19:58 AM,1549.1,2,3098.2,11417018.299999988
2025-08-01 11:20:09 AM,1549.1,1,1549.1,11418567.399999987
2025-08-01 11:20:20 AM,1549.1,1,1549.1,11420116.499999987
2025-08-01 11:20:24 AM,1549.2,0,0.0,11420116.499999987
2025-08-01 11:20:25 AM,1549.2,1,1549.2,11421665.699999986
2025-08-01 11:20:30 AM,1549.2,1,1549.2,11423214.899999985
2025-08-01 11:20:32 AM,1549.6,0,0.0,11423214.899999985
2025-08-01 11:20:35 AM,1549.6,1,1549.6,11424764.499999985
2025-08-01 11:20:46 AM,1549.6,1,1549.6,11426314.099999985
2025-08-01 11:20:59 AM,1549.1,0,0.0,11426314.099999985
2025-08-01 11:21:01 AM,1549.1,1,1549.1,11427863.199999984
2025-08-01 11:21:06 AM,1549.1,1,1549.1,11429412.299999984
2025-08-01 11:21:23 AM,1549.1,1,1549.1,11430961.399999984
2025-08-01 11:21:24 AM,1549.3,0,0.0,11430961.399999984
2025-08-01 11:21:28 AM,1549.3,1,1549.3,11432510.699999984
2025-08-01 11:21:32 AM,1549.0,0,0.0,11432510.699999984
2025-08-01 11:21:33 AM,1549.0,2,3098.0,11435608.699999984
2025-08-01 11:21:42 AM,1549.1,0,0.0,11435608.699999984
2025-08-01 11:21:43 AM,1549.1,1,1549.1,11437157.799999984
2025-08-01 11:21:54 AM,1547.5,2,3095.0,11440252.799999984
2025-08-01 11:21:59 AM,1548.6,0,0.0,11440252.799999984
2025-08-01 11:21:59 AM,1548.6,1,1548.6,11441801.399999984
2025-08-01 11:22:06 AM,1548.7,0,0.0,11441801.399999984
2025-08-01 11:22:08 AM,1548.9,0,0.0,11441801.399999984
2025-08-01 11:22:09 AM,1548.9,2,3097.8,11444899.199999984
2025-08-01 11:22:18 AM,1549.7,0,0.0,11444899.199999984
2025-08-01 11:22:20 AM,1549.7,1,1549.7,11446448.899999984
2025-08-01 11:22:30 AM,1549.7,1,1549.7,11447998.599999983
2025-08-01 11:22:46 AM,1549.7,1,1549.7,11449548.299999982
2025-08-01 11:22:54 AM,1549.6,0,0.0,11449548.299999982
2025-08-01 11:22:56 AM,1549.6,2,3099.2,11452647.499999981
2025-08-01 11:23:07 AM,1549.6,2,3099.2,11455746.69999998
2025-08-01 11:23:18 AM,1549.6,1,1549.6,11457296.29999998
2025-08-01 11:23:24 AM,1549.4,0,0.0,11457296.29999998
2025-08-01 11:23:28 AM,1549.4,1,1549.4,11458845.69999998
2025-08-01 11:23:34 AM,1549.4,1,1549.4,11460395.099999981
2025-08-01 11:23:44 AM,1549.4,1,1549.4,11461944.499999981
2025-08-01 11:23:54 AM,1549.4,1,1549.4,11463493.899999982
2025-08-01 11:24:05 AM,1549.3,0,0.0,11463493.899999982
2025-08-01 11:24:06 AM,1548.5,0,0.0,11463493.899999982
2025-08-01 11:24:08 AM,1548.5,2,3097.0,11466590.899999982
2025-08-01 11:24:24 AM,1548.4,0,0.0,11466590.899999982
2025-08-01 11:24:24 AM,1548.4,1,1548.4,11468139.299999982
2025-08-01 11:25:10 AM,1549.0,0,0.0,11468139.299999982
2025-08-01 11:25:12 AM,1549.0,2,3098.0,11471237.299999982
2025-08-01 11:25:27 AM,1548.6,4,6194.4,11477431.699999982
2025-08-01 11:25:54 AM,1548.6,1,1548.6,11478980.299999982
2025-08-01 11:27:32 AM,1549.0,0,0.0,11478980.299999982
2025-08-01 11:27:32 AM,1549.0,8,12392.0,11491372.299999982
2025-08-01 11:27:34 AM,1548.4,0,0.0,11491372.299999982
2025-08-01 11:27:36 AM,1548.4,1,1548.4,11492920.699999982
2025-08-01 11:27:42 AM,1546.9,0,0.0,11492920.699999982
2025-08-01 11:27:42 AM,1546.9,54,83532.6,11576453.299999982
2025-08-01 11:27:44 AM,1547.0,0,0.0,11576453.299999982
2025-08-01 11:27:46 AM,1547.0,5,7735.0,11584188.299999982
2025-08-01 11:27:54 AM,1547.1,0,0.0,11584188.299999982
2025-08-01 11:27:56 AM,1547.3,0,0.0,11584188.299999982
2025-08-01 11:27:56 AM,1547.3,15,23209.5,11607397.799999982
2025-08-01 11:28:24 AM,1548.0,0,0.0,11607397.799999982
2025-08-01 11:28:24 AM,1548.0,2,3096.0,11610493.799999982
2025-08-01 11:28:54 AM,1548.2,0,0.0,11610493.799999982
2025-08-01 11:28:55 AM,1548.2,1,1548.2,11612041.999999981
2025-08-01 11:29:18 AM,1548.7,0,0.0,11612041.999999981
2025-08-01 11:29:19 AM,1548.7,2,3097.4,11615139.399999982
2025-08-01 11:29:24 AM,1548.2,0,0.0,11615139.399999982
2025-08-01 11:29:24 AM,1548.2,1,1548.2,11616687.599999981
2025-08-01 11:29:55 AM,1548.7,10,15487.0,11632174.599999981
2025-08-01 11:29:56 AM,1548.2,0,0.0,11632174.599999981
2025-08-01 11:29:58 AM,1548.2,2,3096.4,11635270.999999981
2025-08-01 11:30:27 AM,1548.2,2,3096.4,11638367.399999982
2025-08-01 11:30:41 AM,1548.2,12,18578.4,11656945.799999982
2025-08-01 11:30:55 AM,1548.0,0,0.0,11656945.799999982
2025-08-01 11:30:56 AM,1548.0,3,4644.0,11661589.799999982
2025-08-01 11:30:59 AM,1548.7,10,15487.0,11677076.799999982
2025-08-01 11:30:59 AM,1548.0,0,0.0,11677076.799999982
2025-08-01 11:31:01 AM,1548.0,1,1548.0,11678624.799999982
2025-08-01 11:31:25 AM,1548.0,4,6192.0,11684816.799999982
2025-08-01 11:33:02 AM,1548.9,0,0.0,11684816.799999982
2025-08-01 11:33:03 AM,1548.9,1,1548.9,11686365.699999982
2025-08-01 11:33:14 AM,1548.9,26,40271.4,11726637.099999983
2025-08-01 11:33:14 AM,1548.0,0,0.0,11726637.099999983
2025-08-01 11:33:15 AM,1548.0,4,6192.0,11732829.099999983
2025-08-01 11:33:15 AM,1546.9,0,0.0,11732829.099999983
2025-08-01 11:33:19 AM,1546.9,1,1546.9,11734375.999999983
2025-08-01 11:33:24 AM,1546.9,2,3093.8,11737469.799999984
2025-08-01 11:33:29 AM,1546.3,0,0.0,11737469.799999984
2025-08-01 11:33:29 AM,1546.3,2,3092.6,11740562.399999984
2025-08-01 11:33:34 AM,1546.1,1,1546.1,11742108.499999983
2025-08-01 11:33:41 AM,1545.0,0,0.0,11742108.499999983
2025-08-01 11:33:44 AM,1545.0,59,91155.0,11833263.499999983
2025-08-01 11:33:54 AM,1545.0,14,21630.0,11854893.499999983
2025-08-01 11:34:25 AM,1545.0,2,3090.0,11857983.499999983
2025-08-01 11:34:25 AM,1545.0,1,1545.0,11859528.499999983
2025-08-01 11:34:47 AM,1546.2,0,0.0,11859528.499999983
2025-08-01 11:34:48 AM,1545.2,0,0.0,11859528.499999983
2025-08-01 11:34:51 AM,1545.2,29,44810.8,11904339.299999984
2025-08-01 11:34:56 AM,1546.4,0,0.0,11904339.299999984
2025-08-01 11:34:56 AM,1546.4,8,12371.2,11916710.499999983
2025-08-01 11:35:23 AM,1545.1,2,3090.2,11919800.699999982
2025-08-01 11:35:54 AM,1545.2,0,0.0,11919800.699999982
2025-08-01 11:35:54 AM,1545.2,9,13906.800000000001,11933707.499999983
2025-08-01 11:39:36 AM,1542.1,0,0.0,11933707.499999983
2025-08-01 11:39:36 AM,1542.1,77,118741.7,12052449.199999982
2025-08-01 11:39:39 AM,1540.2,0,0.0,12052449.199999982
2025-08-01 11:39:41 AM,1540.2,8,12321.6,12064770.799999982
2025-08-01 11:39:57 AM,1540.1,43,66224.3,12130995.099999983
2025-08-01 11:40:07 AM,1540.3,1,1540.3,12132535.399999984
2025-08-01 11:40:24 AM,1540.4,0,0.0,12132535.399999984
2025-08-01 11:40:25 AM,1540.1,0,0.0,12132535.399999984
2025-08-01 11:40:27 AM,1540.1,6,9240.599999999999,12141775.999999983
2025-08-01 11:42:53 AM,1540.2,0,0.0,12141775.999999983
2025-08-01 11:42:56 AM,1540.2,31,47746.200000000004,12189522.199999982
2025-08-01 11:43:25 AM,1540.0,0,0.0,12189522.199999982
2025-08-01 11:43:28 AM,1540.0,1,1540.0,12191062.199999982
2025-08-01 11:43:51 AM,1539.3,0,0.0,12191062.199999982
2025-08-01 11:43:54 AM,1539.3,118,181637.4,12372699.599999983
2025-08-01 11:43:55 AM,1539.0,0,0.0,12372699.599999983
2025-08-01 11:43:59 AM,1539.0,1,1539.0,12374238.599999983
2025-08-01 11:43:59 AM,1537.9,0,0.0,12374238.599999983
2025-08-01 11:44:04 AM,1537.9,26,39985.4,12414223.999999983
2025-08-01 11:44:23 AM,1538.6,1,1538.6,12415762.599999983
2025-08-01 11:44:24 AM,1539.6,0,0.0,12415762.599999983
2025-08-01 11:44:28 AM,1539.6,8,12316.8,12428079.399999984
2025-08-01 11:45:00 AM,1537.7,0,0.0,12428079.399999984
2025-08-01 11:45:01 AM,1537.7,20,30754.0,12458833.399999984
2025-08-01 11:45:24 AM,1537.8,0,0.0,12458833.399999984
2025-08-01 11:45:28 AM,1537.8,4,6151.2,12464984.599999983
2025-08-01 11:46:43 AM,1539.2,0,0.0,12464984.599999983
2025-08-01 11:46:44 AM,1541.6,0,0.0,12464984.599999983
2025-08-01 11:46:47 AM,1541.6,9,13874.4,12478858.999999983
2025-08-01 11:46:54 AM,1539.8,1,1539.8,12480398.799999984
2025-08-01 11:46:54 AM,1539.6,0,0.0,12480398.799999984
2025-08-01 11:46:58 AM,1539.6,2,3079.2,12483477.999999983
2025-08-01 11:47:02 AM,1541.5,0,0.0,12483477.999999983
2025-08-01 11:47:03 AM,1541.5,10,15415.0,12498892.999999983
2025-08-01 11:47:24 AM,1538.6,0,0.0,12498892.999999983
2025-08-01 11:47:25 AM,1538.6,2,3077.2,12501970.199999982
2025-08-01 11:49:20 AM,1539.9,0,0.0,12501970.199999982
2025-08-01 11:49:21 AM,1539.9,3,4619.700000000001,12506589.899999982
2025-08-01 11:49:24 AM,1538.7,0,0.0,12506589.899999982
2025-08-01 11:49:26 AM,1538.7,1,1538.7,12508128.599999981
2025-08-01 11:49:52 AM,1541.0,12,18492.0,12526620.599999981
2025-08-01 11:49:54 AM,1539.6,0,0.0,12526620.599999981
2025-08-01 11:49:57 AM,1539.6,2,3079.2,12529699.79999998
2025-08-01 11:50:23 AM,1540.0,0,0.0,12529699.79999998
2025-08-01 11:50:24 AM,1540.0,6,9240.0,12538939.79999998
2025-08-01 11:50:24 AM,1539.9,0,0.0,12538939.79999998
2025-08-01 11:50:29 AM,1539.9,2,3079.8,12542019.599999981
2025-08-01 11:53:04 AM,1541.7,1,1541.7,12543561.29999998
2025-08-01 11:55:26 AM,1541.7,2,3083.4,12546644.69999998
2025-08-01 11:56:44 AM,1541.0,0,0.0,12546644.69999998
2025-08-01 11:56:46 AM,1541.0,6,9246.0,12555890.69999998
2025-08-01 11:56:54 AM,1540.1,0,0.0,12555890.69999998
2025-08-01 11:56:56 AM,1540.1,1,1540.1,12557430.79999998
2025-08-01 11:57:42 AM,1540.7,0,0.0,12557430.79999998
2025-08-01 11:57:43 AM,1540.1,2,3080.2,12560510.99999998
2025-08-01 11:57:56 AM,1540.1,1,1540.1,12562051.09999998
2025-08-01 12:01:02 PM,1540.0,0,0.0,12562051.09999998
2025-08-01 12:01:03 PM,1540.0,16,24640.0,12586691.09999998
2025-08-01 12:01:24 PM,1538.4,0,0.0,12586691.09999998
2025-08-01 12:01:25 PM,1538.4,3,4615.200000000001,12591306.299999978
2025-08-01 12:02:14 PM,1538.9,0,0.0,12591306.299999978
2025-08-01 12:02:14 PM,1538.9,1,1538.9,12592845.199999979
2025-08-01 12:03:16 PM,1538.8,0,0.0,12592845.199999979
2025-08-01 12:03:17 PM,1538.8,1,1538.8,12594383.99999998
2025-08-01 12:04:45 PM,1538.8,4,6155.2,12600539.199999979
2025-08-01 12:04:54 PM,1538.9,0,0.0,12600539.199999979
2025-08-01 12:04:54 PM,1538.9,1,1538.9,12602078.09999998
2025-08-01 12:06:44 PM,1539.8,0,0.0,12602078.09999998
2025-08-01 12:06:45 PM,1539.8,6,9238.8,12611316.89999998
2025-08-01 12:06:54 PM,1538.9,0,0.0,12611316.89999998
2025-08-01 12:06:55 PM,1538.9,1,1538.9,12612855.79999998
2025-08-01 12:07:06 PM,1538.7,0,0.0,12612855.79999998
2025-08-01 12:07:10 PM,1538.7,8,12309.6,12625165.39999998
2025-08-01 12:07:24 PM,1537.5,0,0.0,12625165.39999998
2025-08-01 12:07:25 PM,1537.5,2,3075.0,12628240.39999998
2025-08-01 12:07:25 PM,1538.0,4,6152.0,12634392.39999998
2025-08-01 12:07:30 PM,1538.0,3,4614.0,12639006.39999998
2025-08-01 12:07:54 PM,1537.0,0,0.0,12639006.39999998
2025-08-01 12:07:56 PM,1537.0,1,1537.0,12640543.39999998
2025-08-01 12:08:45 PM,1537.0,1,1537.0,12642080.39999998
2025-08-01 12:08:55 PM,1537.0,1,1537.0,12643617.39999998
2025-08-01 12:09:00 PM,1537.5,0,0.0,12643617.39999998
2025-08-01 12:09:00 PM,1537.5,5,7687.5,12651304.89999998
2025-08-01 12:09:24 PM,1537.6,0,0.0,12651304.89999998
2025-08-01 12:09:25 PM,1537.6,1,1537.6,12652842.49999998
2025-08-01 12:09:40 PM,1537.6,12,18451.199999999997,12671293.699999979
2025-08-01 12:09:54 PM,1537.5,0,0.0,12671293.699999979
2025-08-01 12:09:55 PM,1537.5,2,3075.0,12674368.699999979
2025-08-01 12:12:23 PM,1538.3,3,4614.9,12678983.59999998
2025-08-01 12:12:24 PM,1537.0,0,0.0,12678983.59999998
2025-08-01 12:12:29 PM,1537.0,1,1537.0,12680520.59999998
2025-08-01 12:13:54 PM,1537.8,0,0.0,12680520.59999998
2025-08-01 12:13:54 PM,1537.8,6,9226.8,12689747.39999998
2025-08-01 12:17:38 PM,1538.4,0,0.0,12689747.39999998
2025-08-01 12:17:39 PM,1538.4,1,1538.4,12691285.79999998
2025-08-01 12:19:16 PM,1539.7,0,0.0,12691285.79999998
2025-08-01 12:19:17 PM,1539.7,2,3079.4,12694365.19999998
2025-08-01 12:19:46 PM,1538.3,0,0.0,12694365.19999998
2025-08-01 12:19:47 PM,1538.3,10,15383.0,12709748.19999998
2025-08-01 12:19:54 PM,1537.0,0,0.0,12709748.19999998
2025-08-01 12:19:57 PM,1537.0,2,3074.0,12712822.19999998
2025-08-01 12:20:34 PM,1537.8,0,0.0,12712822.19999998
2025-08-01 12:20:35 PM,1537.8,6,9226.8,12722048.999999981
2025-08-01 12:20:54 PM,1536.4,0,0.0,12722048.999999981
2025-08-01 12:20:55 PM,1536.4,1,1536.4,12723585.399999982
2025-08-01 12:23:21 PM,1538.2,0,0.0,12723585.399999982
2025-08-01 12:23:24 PM,1536.8,0,0.0,12723585.399999982
2025-08-01 12:23:24 PM,1536.8,2,3073.6,12726658.999999981
2025-08-01 12:26:12 PM,1536.5,0,0.0,12726658.999999981
2025-08-01 12:26:14 PM,1536.5,10,15365.0,12742023.999999981
2025-08-01 12:26:24 PM,1536.4,0,0.0,12742023.999999981
2025-08-01 12:26:24 PM,1536.4,2,3072.8,12745096.799999982
2025-08-01 12:27:18 PM,1536.0,0,0.0,12745096.799999982
2025-08-01 12:27:20 PM,1536.0,2,3072.0,12748168.799999982
2025-08-01 12:27:59 PM,1536.0,8,12288.0,12760456.799999982
2025-08-01 12:28:10 PM,1537.7,0,0.0,12760456.799999982
2025-08-01 12:28:13 PM,1537.7,32,49206.4,12809663.199999982
2025-08-01 12:28:24 PM,1536.5,0,0.0,12809663.199999982
2025-08-01 12:28:25 PM,1536.5,4,6146.0,12815809.199999982
2025-08-01 12:28:29 PM,1536.1,0,0.0,12815809.199999982
2025-08-01 12:28:30 PM,1536.1,4,6144.4,12821953.599999983
2025-08-01 12:28:51 PM,1536.3,0,0.0,12821953.599999983
2025-08-01 12:28:53 PM,1536.3,1,1536.3,12823489.899999984
2025-08-01 12:29:49 PM,1537.0,0,0.0,12823489.899999984
2025-08-01 12:29:50 PM,1537.0,10,15370.0,12838859.899999984
2025-08-01 12:29:54 PM,1536.1,0,0.0,12838859.899999984
2025-08-01 12:29:55 PM,1536.1,1,1536.1,12840395.999999983
2025-08-01 12:29:59 PM,1535.0,0,0.0,12840395.999999983
2025-08-01 12:30:00 PM,1535.0,93,142755.0,12983150.999999983
2025-08-01 12:30:04 PM,1534.1,0,0.0,12983150.999999983
2025-08-01 12:30:05 PM,1534.1,1,1534.1,12984685.099999983
2025-08-01 12:30:07 PM,1533.8,0,0.0,12984685.099999983
2025-08-01 12:30:08 PM,1533.8,7,10736.6,12995421.699999982
2025-08-01 12:30:24 PM,1534.9,0,0.0,12995421.699999982
2025-08-01 12:30:26 PM,1534.9,22,33767.8,13029189.499999983
2025-08-01 12:30:54 PM,1534.3,0,0.0,13029189.499999983
2025-08-01 12:30:55 PM,1534.3,1,1534.3,13030723.799999984
2025-08-01 12:31:24 PM,1536.2,0,0.0,13030723.799999984
2025-08-01 12:31:26 PM,1536.2,8,12289.6,13043013.399999984
2025-08-01 12:31:54 PM,1538.4,0,0.0,13043013.399999984
2025-08-01 12:31:58 PM,1538.4,10,15384.0,13058397.399999984
2025-08-01 12:32:08 PM,1538.6,0,0.0,13058397.399999984
2025-08-01 12:32:08 PM,1538.6,5,7693.0,13066090.399999984
2025-08-01 12:32:24 PM,1538.0,0,0.0,13066090.399999984
2025-08-01 12:32:25 PM,1538.0,3,4614.0,13070704.399999984
2025-08-01 12:33:06 PM,1540.9,0,0.0,13070704.399999984
2025-08-01 12:33:09 PM,1540.9,13,20031.7,13090736.099999983
2025-08-01 12:33:24 PM,1539.2,3,4617.6,13095353.699999982
2025-08-01 12:34:00 PM,1539.0,57,87723.0,13183076.699999982
2025-08-01 12:34:12 PM,1538.2,0,0.0,13183076.699999982
2025-08-01 12:34:14 PM,1538.2,2,3076.4,13186153.099999983
2025-08-01 12:34:24 PM,1536.6,0,0.0,13186153.099999983
2025-08-01 12:34:25 PM,1536.6,11,16902.6,13203055.699999982
2025-08-01 12:34:28 PM,1539.9,0,0.0,13203055.699999982
2025-08-01 12:34:30 PM,1539.9,10,15399.0,13218454.699999982
2025-08-01 12:34:54 PM,1539.3,0,0.0,13218454.699999982
2025-08-01 12:34:55 PM,1539.3,3,4617.9,13223072.599999983
2025-08-01 12:35:02 PM,1539.7,0,0.0,13223072.599999983
2025-08-01 12:35:05 PM,1539.7,8,12317.6,13235390.199999982
2025-08-01 12:35:24 PM,1538.7,0,0.0,13235390.199999982
2025-08-01 12:35:26 PM,1538.7,2,3077.4,13238467.599999983
2025-08-01 12:36:36 PM,1540.6,0,0.0,13238467.599999983
2025-08-01 12:36:39 PM,1540.6,4,6162.4,13244629.999999983
2025-08-01 12:36:54 PM,1538.3,1,1538.3,13246168.299999984
2025-08-01 12:36:57 PM,1540.6,0,0.0,13246168.299999984
2025-08-01 12:36:59 PM,1540.6,20,30812.0,13276980.299999984
2025-08-01 12:37:24 PM,1538.7,3,4616.1,13281596.399999984
2025-08-01 12:37:29 PM,1537.7,1,1537.7,13283134.099999983
2025-08-01 12:40:00 PM,1537.2,0,0.0,13283134.099999983
2025-08-01 12:40:03 PM,1537.2,10,15372.0,13298506.099999983
2025-08-01 12:40:24 PM,1537.2,2,3074.4,13301580.499999983
2025-08-01 12:41:00 PM,1538.8,3,4616.4,13306196.899999984
2025-08-01 12:41:12 PM,1539.4,0,0.0,13306196.899999984
2025-08-01 12:41:15 PM,1539.4,10,15394.0,13321590.899999984
2025-08-01 12:41:24 PM,1538.1,0,0.0,13321590.899999984
2025-08-01 12:41:26 PM,1538.1,3,4614.299999999999,13326205.199999984
2025-08-01 12:42:23 PM,1539.9,1,1539.9,13327745.099999985
2025-08-01 12:44:21 PM,1540.3,15,23104.5,13350849.599999985
2025-08-01 12:44:24 PM,1538.5,0,0.0,13350849.599999985
2025-08-01 12:44:26 PM,1538.5,3,4615.5,13355465.099999985
2025-08-01 12:46:02 PM,1539.8,0,0.0,13355465.099999985
2025-08-01 12:46:04 PM,1539.8,1,1539.8,13357004.899999985
2025-08-01 12:46:26 PM,1538.3,0,0.0,13357004.899999985
2025-08-01 12:46:29 PM,1538.3,1,1538.3,13358543.199999986
2025-08-01 12:48:11 PM,1538.0,1,1538.0,13360081.199999986
2025-08-01 12:48:22 PM,1539.2,0,0.0,13360081.199999986
2025-08-01 12:48:24 PM,1538.0,0,0.0,13360081.199999986
2025-08-01 12:48:26 PM,1538.0,2,3076.0,13363157.199999986
2025-08-01 12:48:36 PM,1538.0,1,1538.0,13364695.199999986
2025-08-01 12:49:00 PM,1537.1,0,0.0,13364695.199999986
2025-08-01 12:49:01 PM,1537.1,1,1537.1,13366232.299999986
2025-08-01 12:51:22 PM,1538.0,0,0.0,13366232.299999986
2025-08-01 12:51:23 PM,1538.0,6,9228.0,13375460.299999986
2025-08-01 12:51:24 PM,1536.6,0,0.0,13375460.299999986
2025-08-01 12:51:25 PM,1536.6,1,1536.6,13376996.899999985
2025-08-01 12:54:23 PM,1538.1,5,7690.5,13384687.399999985
2025-08-01 12:54:24 PM,1536.8,0,0.0,13384687.399999985
2025-08-01 12:54:28 PM,1536.8,1,1536.8,13386224.199999986
2025-08-01 12:55:05 PM,1536.8,1,1536.8,13387760.999999987
2025-08-01 12:55:24 PM,1536.6,0,0.0,13387760.999999987
2025-08-01 12:55:26 PM,1536.6,1,1536.6,13389297.599999987
2025-08-01 12:55:55 PM,1536.6,1,1536.6,13390834.199999986
2025-08-01 12:56:00 PM,1536.6,1,1536.6,13392370.799999986
2025-08-01 12:56:06 PM,1537.2,0,0.0,13392370.799999986
2025-08-01 12:56:10 PM,1537.2,54,83008.8,13475379.599999987
2025-08-01 12:56:24 PM,1536.6,0,0.0,13475379.599999987
2025-08-01 12:56:25 PM,1536.6,2,3073.2,13478452.799999986
2025-08-01 12:56:30 PM,1535.1,9,13815.9,13492268.699999986
2025-08-01 12:57:18 PM,1536.9,0,0.0,13492268.699999986
2025-08-01 12:57:20 PM,1536.9,1,1536.9,13493805.599999987
2025-08-01 12:57:58 PM,1539.9,0,0.0,13493805.599999987
2025-08-01 12:58:00 PM,1539.9,100,153990.0,13647795.599999987
2025-08-01 12:58:24 PM,1537.3,0,0.0,13647795.599999987
2025-08-01 12:58:26 PM,1537.3,17,26134.1,13673929.699999986
2025-08-01 12:58:30 PM,1536.0,0,0.0,13673929.699999986
2025-08-01 12:58:31 PM,1536.0,4,6144.0,13680073.699999986
2025-08-01 01:00:08 PM,1536.0,1,1536.0,13681609.699999986
2025-08-01 01:01:49 PM,1538.4,0,0.0,13681609.699999986
2025-08-01 01:01:52 PM,1538.4,96,147686.40000000002,13829296.099999987
2025-08-01 01:01:55 PM,1536.3,0,0.0,13829296.099999987
2025-08-01 01:01:56 PM,1536.3,19,29189.7,13858485.799999986
2025-08-01 01:05:35 PM,1539.9,0,0.0,13858485.799999986
2025-08-01 01:05:35 PM,1539.9,1,1539.9,13860025.699999986
2025-08-01 01:05:55 PM,1538.9,0,0.0,13860025.699999986
2025-08-01 01:05:55 PM,1538.9,1,1538.9,13861564.599999987
2025-08-01 01:10:34 PM,1539.9,0,0.0,13861564.599999987
2025-08-01 01:10:34 PM,1539.9,1,1539.9,13863104.499999987
2025-08-01 01:11:48 PM,1540.4,0,0.0,13863104.499999987
2025-08-01 01:11:49 PM,1540.4,17,26186.800000000003,13889291.299999988
2025-08-01 01:11:54 PM,1540.2,0,0.0,13889291.299999988
2025-08-01 01:11:54 PM,1540.2,3,4620.6,13893911.899999987
2025-08-01 01:12:09 PM,1541.7,4,6166.8,13900078.699999988
2025-08-01 01:12:10 PM,1540.2,0,0.0,13900078.699999988
2025-08-01 01:12:10 PM,1540.2,1,1540.2,13901618.899999987
2025-08-01 01:12:24 PM,1540.4,1,1540.4,13903159.299999988
2025-08-01 01:12:34 PM,1541.8,0,0.0,13903159.299999988
2025-08-01 01:12:34 PM,1541.8,2,3083.6,13906242.899999987
2025-08-01 01:12:54 PM,1540.4,0,0.0,13906242.899999987
2025-08-01 01:12:55 PM,1540.4,2,3080.8,13909323.699999988
2025-08-01 01:13:24 PM,1541.7,0,0.0,13909323.699999988
2025-08-01 01:13:25 PM,1541.7,1,1541.7,13910865.399999987
2025-08-01 01:13:35 PM,1541.6,1,1541.6,13912406.999999987
2025-08-01 01:15:00 PM,1541.0,0,0.0,13912406.999999987
2025-08-01 01:15:00 PM,1540.5,0,0.0,13912406.999999987
2025-08-01 01:15:00 PM,1540.5,6,9243.0,13921649.999999987
2025-08-01 01:15:24 PM,1539.1,0,0.0,13921649.999999987
2025-08-01 01:15:25 PM,1539.1,1,1539.1,13923189.099999987
2025-08-01 01:15:32 PM,1539.1,2,3078.2,13926267.299999986
2025-08-01 01:15:54 PM,1538.1,0,0.0,13926267.299999986
2025-08-01 01:15:56 PM,1538.1,1,1538.1,13927805.399999985
2025-08-01 01:16:26 PM,1538.0,0,0.0,13927805.399999985
2025-08-01 01:16:26 PM,1538.0,2,3076.0,13930881.399999985
2025-08-01 01:17:23 PM,1538.0,1,1538.0,13932419.399999985
2025-08-01 01:17:48 PM,1538.0,2,3076.0,13935495.399999985
2025-08-01 01:17:54 PM,1538.0,1,1538.0,13937033.399999985
2025-08-01 01:18:14 PM,1538.4,0,0.0,13937033.399999985
2025-08-01 01:18:14 PM,1538.4,9,13845.6,13950878.999999985
2025-08-01 01:18:24 PM,1537.7,2,3075.4,13953954.399999985
2025-08-01 01:20:24 PM,1538.4,0,0.0,13953954.399999985
2025-08-01 01:20:27 PM,1538.4,7,10768.800000000001,13964723.199999986
2025-08-01 01:21:27 PM,1537.7,16,24603.2,13989326.399999985
2025-08-01 01:21:56 PM,1537.7,3,4613.1,13993939.499999985
2025-08-01 01:22:55 PM,1540.9,0,0.0,13993939.499999985
2025-08-01 01:22:56 PM,1540.9,60,92454.0,14086393.499999985
2025-08-01 01:23:24 PM,1538.7,12,18464.4,14104857.899999985
2025-08-01 01:25:47 PM,1542.8,0,0.0,14104857.899999985
2025-08-01 01:25:49 PM,1540.0,0,0.0,14104857.899999985
2025-08-01 01:25:50 PM,1540.0,89,137060.0,14241917.899999985
2025-08-01 01:25:55 PM,1539.4,0,0.0,14241917.899999985
2025-08-01 01:25:55 PM,1539.4,1,1539.4,14243457.299999986
2025-08-01 01:25:59 PM,1540.0,0,0.0,14243457.299999986
2025-08-01 01:26:00 PM,1540.0,20,30800.0,14274257.299999986
2025-08-01 01:27:03 PM,1540.1,0,0.0,14274257.299999986
2025-08-01 01:27:04 PM,1540.1,12,18481.199999999997,14292738.499999985
2025-08-01 01:27:25 PM,1540.6,0,0.0,14292738.499999985
2025-08-01 01:27:28 PM,1540.6,4,6162.4,14298900.899999985
2025-08-01 01:33:31 PM,1542.4,0,0.0,14298900.899999985
2025-08-01 01:33:33 PM,1542.4,2,3084.8,14301985.699999986
2025-08-01 01:34:10 PM,1541.2,0,0.0,14301985.699999986
2025-08-01 01:34:11 PM,1540.0,0,0.0,14301985.699999986
2025-08-01 01:34:12 PM,1540.0,85,130900.0,14432885.699999986
2025-08-01 01:34:24 PM,1537.7,0,0.0,14432885.699999986
2025-08-01 01:34:26 PM,1537.7,17,26140.9,14459026.599999987
2025-08-01 01:36:16 PM,1538.0,0,0.0,14459026.599999987
2025-08-01 01:36:17 PM,1538.0,3,4614.0,14463640.599999987
2025-08-01 01:36:27 PM,1538.0,1,1538.0,14465178.599999987
2025-08-01 01:37:11 PM,1538.0,4,6152.0,14471330.599999987
2025-08-01 01:37:20 PM,1538.9,3,4616.700000000001,14475947.299999986
2025-08-01 01:37:24 PM,1538.0,0,0.0,14475947.299999986
2025-08-01 01:37:25 PM,1538.0,1,1538.0,14477485.299999986
2025-08-01 01:38:17 PM,1537.0,0,0.0,14477485.299999986
2025-08-01 01:38:22 PM,1537.0,284,436508.0,14913993.299999986
2025-08-01 01:38:24 PM,1537.2,0,0.0,14913993.299999986
2025-08-01 01:38:24 PM,1537.3,0,0.0,14913993.299999986
2025-08-01 01:38:27 PM,1537.3,45,69178.5,14983171.799999986
2025-08-01 01:38:30 PM,1537.2,0,0.0,14983171.799999986
2025-08-01 01:38:32 PM,1537.2,1,1537.2,14984708.999999985
2025-08-01 01:38:36 PM,1536.1,0,0.0,14984708.999999985
2025-08-01 01:38:38 PM,1536.1,12,18433.199999999997,15003142.199999984
2025-08-01 01:39:56 PM,1539.9,0,0.0,15003142.199999984
2025-08-01 01:39:56 PM,1539.9,75,115492.5,15118634.699999984
2025-08-01 01:40:24 PM,1537.2,0,0.0,15118634.699999984
2025-08-01 01:40:27 PM,1537.2,15,23058.0,15141692.699999984
2025-08-01 01:41:48 PM,1537.6,0,0.0,15141692.699999984
2025-08-01 01:41:51 PM,1537.6,5,7688.0,15149380.699999984
2025-08-01 01:41:52 PM,1539.7,0,0.0,15149380.699999984
2025-08-01 01:41:54 PM,1538.1,0,0.0,15149380.699999984
2025-08-01 01:41:55 PM,1538.1,13,19995.3,15169375.999999985
2025-08-01 01:45:42 PM,1541.8,0,0.0,15169375.999999985
2025-08-01 01:45:44 PM,1541.8,75,115635.0,15285010.999999985
2025-08-01 01:45:54 PM,1538.3,0,0.0,15285010.999999985
2025-08-01 01:45:55 PM,1538.3,15,23074.5,15308085.499999985
2025-08-01 01:46:50 PM,1539.3,2,3078.6,15311164.099999985
2025-08-01 01:46:54 PM,1538.3,0,0.0,15311164.099999985
2025-08-01 01:46:55 PM,1538.3,1,1538.3,15312702.399999985
2025-08-01 01:47:00 PM,1538.2,0,0.0,15312702.399999985
2025-08-01 01:47:00 PM,1538.2,3,4614.6,15317316.999999985
2025-08-01 01:47:59 PM,1536.4,3,4609.200000000001,15321926.199999984
2025-08-01 01:48:09 PM,1535.8,6,9214.8,15331140.999999985
2025-08-01 01:48:24 PM,1535.7,2,3071.4,15334212.399999985
2025-08-01 01:49:00 PM,1535.5,0,0.0,15334212.399999985
2025-08-01 01:49:03 PM,1535.5,6,9213.0,15343425.399999985
2025-08-01 01:49:24 PM,1535.4,0,0.0,15343425.399999985
2025-08-01 01:49:27 PM,1535.4,1,1535.4,15344960.799999986
2025-08-01 01:51:46 PM,1537.0,0,0.0,15344960.799999986
2025-08-01 01:51:48 PM,1537.0,2,3074.0,15348034.799999986
2025-08-01 01:51:50 PM,1536.9,0,0.0,15348034.799999986
2025-08-01 01:51:53 PM,1536.9,1,1536.9,15349571.699999986
2025-08-01 01:51:54 PM,1535.4,0,0.0,15349571.699999986
2025-08-01 01:51:58 PM,1535.4,1,1535.4,15351107.099999987
2025-08-01 01:52:48 PM,1537.0,5,7685.0,15358792.099999987
2025-08-01 01:52:56 PM,1537.0,1,1537.0,15360329.099999987
2025-08-01 01:53:02 PM,1538.0,50,76900.0,15437229.099999987
2025-08-01 01:53:24 PM,1537.0,0,0.0,15437229.099999987
2025-08-01 01:53:25 PM,1537.0,10,15370.0,15452599.099999987
2025-08-01 01:53:26 PM,1537.9,1,1537.9,15454136.999999987
2025-08-01 01:53:40 PM,1537.0,0,0.0,15454136.999999987
2025-08-01 01:53:43 PM,1537.0,5,7685.0,15461821.999999987
2025-08-01 01:53:54 PM,1537.0,1,1537.0,15463358.999999987
2025-08-01 01:54:37 PM,1536.6,5,7683.0,15471041.999999987
2025-08-01 01:54:55 PM,1536.6,1,1536.6,15472578.599999987
2025-08-01 01:55:12 PM,1536.2,0,0.0,15472578.599999987
2025-08-01 01:55:15 PM,1536.2,5,7681.0,15480259.599999987
2025-08-01 01:55:21 PM,1541.7,0,0.0,15480259.599999987
2025-08-01 01:55:21 PM,1541.7,135,208129.5,15688389.099999987
2025-08-01 01:55:24 PM,1538.0,0,0.0,15688389.099999987
2025-08-01 01:55:26 PM,1538.0,28,43064.0,15731453.099999987
2025-08-01 01:57:10 PM,1538.0,5,7690.0,15739143.099999987
2025-08-01 01:57:12 PM,1539.2,0,0.0,15739143.099999987
2025-08-01 01:57:15 PM,1539.2,1,1539.2,15740682.299999986
2025-08-01 01:57:24 PM,1538.0,0,0.0,15740682.299999986
2025-08-01 01:57:25 PM,1538.0,1,1538.0,15742220.299999986
2025-08-01 01:58:03 PM,1538.0,5,7690.0,15749910.299999986
2025-08-01 01:58:06 PM,1536.4,0,0.0,15749910.299999986
2025-08-01 01:58:08 PM,1536.4,5,7682.0,15757592.299999986
2025-08-01 01:58:24 PM,1536.3,0,0.0,15757592.299999986
2025-08-01 01:58:28 PM,1536.3,2,3072.6,15760664.899999985
2025-08-01 01:59:02 PM,1535.9,0,0.0,15760664.899999985
2025-08-01 01:59:03 PM,1535.9,4,6143.6,15766808.499999985
2025-08-01 01:59:24 PM,1535.3,1,1535.3,15768343.799999986
2025-08-01 01:59:45 PM,1536.6,0,0.0,15768343.799999986
2025-08-01 01:59:49 PM,1535.2,8,12281.6,15780625.399999985
2025-08-01 01:59:54 PM,1535.2,2,3070.4,15783695.799999986
2025-08-01 02:00:01 PM,1535.1,0,0.0,15783695.799999986
2025-08-01 02:00:04 PM,1535.1,1,1535.1,15785230.899999985
2025-08-01 02:05:57 PM,1537.6,25,38440.0,15823670.899999985
2025-08-01 02:06:24 PM,1535.6,0,0.0,15823670.899999985
2025-08-01 02:06:27 PM,1535.6,5,7678.0,15831348.899999985
2025-08-01 02:06:39 PM,1535.5,0,0.0,15831348.899999985
2025-08-01 02:06:42 PM,1535.5,6,9213.0,15840561.899999985
2025-08-01 02:06:55 PM,1536.0,0,0.0,15840561.899999985
2025-08-01 02:06:58 PM,1536.0,1,1536.0,15842097.899999985
2025-08-01 02:07:39 PM,1536.9,1,1536.9,15843634.799999986
2025-08-01 02:08:56 PM,1536.0,1,1536.0,15845170.799999986
2025-08-01 02:09:24 PM,1535.5,0,0.0,15845170.799999986
2025-08-01 02:09:27 PM,1535.5,1,1535.5,15846706.299999986
2025-08-01 02:11:44 PM,1536.8,2,3073.6,15849779.899999985
2025-08-01 02:12:21 PM,1537.0,0,0.0,15849779.899999985
2025-08-01 02:12:21 PM,1537.0,11,16907.0,15866686.899999985
2025-08-01 02:12:25 PM,1535.7,0,0.0,15866686.899999985
2025-08-01 02:12:25 PM,1535.7,3,4607.1,15871293.999999985
2025-08-01 02:12:35 PM,1536.8,0,0.0,15871293.999999985
2025-08-01 02:12:35 PM,1536.8,5,7684.0,15878977.999999985
2025-08-01 02:12:54 PM,1535.5,0,0.0,15878977.999999985
2025-08-01 02:12:56 PM,1535.5,1,1535.5,15880513.499999985
2025-08-01 02:16:50 PM,1536.3,0,0.0,15880513.499999985
2025-08-01 02:16:50 PM,1536.3,3,4608.9,15885122.399999985
2025-08-01 02:16:54 PM,1535.6,0,0.0,15885122.399999985
2025-08-01 02:16:55 PM,1535.6,1,1535.6,15886657.999999985
2025-08-01 02:18:36 PM,1535.5,0,0.0,15886657.999999985
2025-08-01 02:18:38 PM,1535.5,4,6142.0,15892799.999999985
2025-08-01 02:18:46 PM,1536.2,0,0.0,15892799.999999985
2025-08-01 02:18:48 PM,1536.2,1,1536.2,15894336.199999984
2025-08-01 02:18:54 PM,1535.5,0,0.0,15894336.199999984
2025-08-01 02:18:58 PM,1535.5,1,1535.5,15895871.699999984
2025-08-01 02:19:42 PM,1534.0,0,0.0,15895871.699999984
2025-08-01 02:19:45 PM,1534.0,173,265382.0,16161253.699999984
2025-08-01 02:19:54 PM,1533.0,0,0.0,16161253.699999984
2025-08-01 02:19:56 PM,1533.0,35,53655.0,16214908.699999984
2025-08-01 02:20:16 PM,1533.0,3,4599.0,16219507.699999984
2025-08-01 02:22:32 PM,1533.3,3,4599.9,16224107.599999985
2025-08-01 02:22:42 PM,1533.3,8,12266.4,16236373.999999985
2025-08-01 02:22:48 PM,1533.0,15,22995.0,16259368.999999985
2025-08-01 02:22:55 PM,1532.1,0,0.0,16259368.999999985
2025-08-01 02:22:58 PM,1532.1,5,7660.5,16267029.499999985
2025-08-01 02:23:04 PM,1532.1,11,16853.1,16283882.599999985
2025-08-01 02:23:06 PM,1532.9,0,0.0,16283882.599999985
2025-08-01 02:23:09 PM,1532.9,1,1532.9,16285415.499999985
2025-08-01 02:23:23 PM,1533.5,0,0.0,16285415.499999985
2025-08-01 02:23:25 PM,1534.2,62,95120.40000000001,16380535.899999985
2025-08-01 02:23:41 PM,1535.9,0,0.0,16380535.899999985
2025-08-01 02:23:41 PM,1535.9,1,1535.9,16382071.799999986
2025-08-01 02:24:18 PM,1535.9,2,3071.8,16385143.599999987
2025-08-01 02:25:21 PM,1535.8,0,0.0,16385143.599999987
2025-08-01 02:25:22 PM,1535.8,1,1535.8,16386679.399999987
2025-08-01 02:26:24 PM,1534.2,0,0.0,16386679.399999987
2025-08-01 02:26:26 PM,1534.0,11,16874.0,16403553.399999987
2025-08-01 02:26:32 PM,1536.0,0,0.0,16403553.399999987
2025-08-01 02:26:36 PM,1534.0,0,0.0,16403553.399999987
2025-08-01 02:26:36 PM,1534.0,8,12272.0,16415825.399999987
2025-08-01 02:26:57 PM,1534.0,2,3068.0,16418893.399999987
2025-08-01 02:29:40 PM,1535.6,0,0.0,16418893.399999987
2025-08-01 02:29:42 PM,1535.6,9,13820.4,16432713.799999988
2025-08-01 02:29:55 PM,1534.3,0,0.0,16432713.799999988
2025-08-01 02:29:58 PM,1534.3,2,3068.6,16435782.399999987
2025-08-01 02:30:04 PM,1534.3,1,1534.3,16437316.699999988
2025-08-01 02:31:20 PM,1535.8,0,0.0,16437316.699999988
2025-08-01 02:31:21 PM,1535.8,2,3071.6,16440388.299999988
2025-08-01 02:33:40 PM,1534.8,0,0.0,16440388.299999988
2025-08-01 02:33:41 PM,1534.8,1,1534.8,16441923.099999988
2025-08-01 02:35:09 PM,1537.2,0,0.0,16441923.099999988
2025-08-01 02:35:09 PM,1537.2,20,30744.0,16472667.099999988
2025-08-01 02:35:12 PM,1537.2,4,6148.8,16478815.89999999
2025-08-01 02:35:23 PM,1535.4,6,9212.400000000001,16488028.29999999
2025-08-01 02:35:24 PM,1534.9,0,0.0,16488028.29999999
2025-08-01 02:35:25 PM,1534.9,6,9209.400000000001,16497237.69999999
2025-08-01 02:37:06 PM,1536.4,0,0.0,16497237.69999999
2025-08-01 02:37:09 PM,1536.4,3,4609.200000000001,16501846.89999999
2025-08-01 02:37:24 PM,1535.4,0,0.0,16501846.89999999
2025-08-01 02:37:25 PM,1535.4,1,1535.4,16503382.29999999
2025-08-01 02:37:30 PM,1536.1,0,0.0,16503382.29999999
2025-08-01 02:37:30 PM,1536.1,1,1536.1,16504918.39999999
2025-08-01 02:37:52 PM,1536.0,2,3072.0,16507990.39999999
2025-08-01 02:37:54 PM,1535.0,0,0.0,16507990.39999999
2025-08-01 02:37:56 PM,1535.0,1,1535.0,16509525.39999999
