date,price,qty,trnvr,cum_trnvr
2025-08-01 09:15:01 AM,316.75,714,226159.5,226159.5
2025-08-01 09:15:03 AM,316.8,210,66528.0,292687.5
2025-08-01 09:15:11 AM,315.45,0,0.0,292687.5
2025-08-01 09:15:13 AM,315.45,221,69714.45,362401.95
2025-08-01 09:15:20 AM,315.65,0,0.0,362401.95
2025-08-01 09:15:23 AM,315.8,11,3473.8,365875.75
2025-08-01 09:15:27 AM,315.85,0,0.0,365875.75
2025-08-01 09:15:31 AM,316.5,0,0.0,365875.75
2025-08-01 09:15:32 AM,315.8,1703,537807.4,903683.15
2025-08-01 09:15:42 AM,315.85,1,315.85,903999.0
2025-08-01 09:15:53 AM,316.45,0,0.0,903999.0
2025-08-01 09:15:57 AM,316.45,255,80694.75,984693.75
2025-08-01 09:15:59 AM,315.95,2,631.9,985325.65
2025-08-01 09:16:02 AM,315.8,0,0.0,985325.65
2025-08-01 09:16:04 AM,314.85,0,0.0,985325.65
2025-08-01 09:16:05 AM,314.85,1209,380653.65,1365979.3
2025-08-01 09:16:14 AM,314.9,354,111474.59999999999,1477453.9000000001
2025-08-01 09:16:18 AM,315.15,0,0.0,1477453.9000000001
2025-08-01 09:16:21 AM,315.15,1,315.15,1477769.05
2025-08-01 09:16:23 AM,315.7,215,67875.5,1545644.55
2025-08-01 09:16:26 AM,315.2,0,0.0,1545644.55
2025-08-01 09:16:30 AM,315.2,78,24585.6,1570230.1500000001
2025-08-01 09:16:46 AM,315.6,128,40396.8,1610626.9500000002
2025-08-01 09:16:54 AM,315.75,147,46415.25,1657042.2000000002
2025-08-01 09:17:02 AM,316.2,600,189720.0,1846762.2000000002
2025-08-01 09:17:04 AM,316.15,1,316.15,1847078.35
2025-08-01 09:17:12 AM,315.9,44,13899.599999999999,1860977.9500000002
2025-08-01 09:17:14 AM,316.4,0,0.0,1860977.9500000002
2025-08-01 09:17:19 AM,316.4,226,71506.4,1932484.35
2025-08-01 09:17:27 AM,316.4,18,5695.2,1938179.55
2025-08-01 09:17:35 AM,316.4,25,7909.999999999999,1946089.55
2025-08-01 09:17:44 AM,316.3,110,34793.0,1980882.55
2025-08-01 09:18:00 AM,316.45,15,4746.75,1985629.3
2025-08-01 09:18:06 AM,316.55,0,0.0,1985629.3
2025-08-01 09:18:09 AM,316.55,188,59511.4,2045140.7
2025-08-01 09:18:14 AM,317.0,0,0.0,2045140.7
2025-08-01 09:18:17 AM,317.0,524,166108.0,2211248.7
2025-08-01 09:18:22 AM,317.25,0,0.0,2211248.7
2025-08-01 09:18:25 AM,317.25,811,257289.75,2468538.45
2025-08-01 09:18:33 AM,316.9,2150,681335.0,3149873.45
2025-08-01 09:18:42 AM,316.55,100,31655.0,3181528.45
2025-08-01 09:18:50 AM,317.5,333,105727.5,3287255.95
2025-08-01 09:18:51 AM,317.5,1,317.5,3287573.45
2025-08-01 09:19:22 AM,317.2,26,8247.199999999999,3295820.6500000004
2025-08-01 09:19:23 AM,317.55,0,0.0,3295820.6500000004
2025-08-01 09:19:23 AM,317.55,163,51760.65,3347581.3000000003
2025-08-01 09:19:25 AM,317.2,0,0.0,3347581.3000000003
2025-08-01 09:19:30 AM,317.2,106,33623.2,3381204.5000000005
2025-08-01 09:19:38 AM,317.2,21,6661.2,3387865.7000000007
2025-08-01 09:19:46 AM,317.45,0,0.0,3387865.7000000007
2025-08-01 09:19:48 AM,317.45,31,9840.949999999999,3397706.650000001
2025-08-01 09:20:26 AM,317.2,456,144643.19999999998,3542349.850000001
2025-08-01 09:20:51 AM,317.15,1,317.15,3542667.000000001
2025-08-01 09:20:55 AM,316.85,0,0.0,3542667.000000001
2025-08-01 09:20:57 AM,316.85,25,7921.250000000001,3550588.250000001
2025-08-01 09:21:02 AM,316.7,0,0.0,3550588.250000001
2025-08-01 09:21:05 AM,316.7,10,3167.0,3553755.250000001
2025-08-01 09:21:21 AM,317.0,107,33919.0,3587674.250000001
2025-08-01 09:21:29 AM,316.55,77,24374.350000000002,3612048.600000001
2025-08-01 09:21:36 AM,316.0,428,135248.0,3747296.600000001
2025-08-01 09:21:44 AM,316.0,17,5372.0,3752668.600000001
2025-08-01 09:22:22 AM,316.05,24,7585.200000000001,3760253.800000001
2025-08-01 09:22:45 AM,316.05,856,270538.8,4030792.600000001
2025-08-01 09:22:50 AM,316.35,0,0.0,4030792.600000001
2025-08-01 09:22:52 AM,316.35,34,10755.900000000001,4041548.500000001
2025-08-01 09:22:54 AM,316.4,84,26577.6,4068126.100000001
2025-08-01 09:23:04 AM,316.6,0,0.0,4068126.100000001
2025-08-01 09:23:08 AM,316.3,85,26885.5,4095011.600000001
2025-08-01 09:23:32 AM,316.5,50,15825.0,4110836.600000001
2025-08-01 09:23:50 AM,315.9,0,0.0,4110836.600000001
2025-08-01 09:23:53 AM,315.9,329,103931.09999999999,4214767.700000001
2025-08-01 09:24:47 AM,315.9,500,157950.0,4372717.700000001
2025-08-01 09:25:08 AM,314.95,0,0.0,4372717.700000001
2025-08-01 09:25:09 AM,314.95,2663,838711.85,5211429.550000001
2025-08-01 09:25:20 AM,315.3,0,0.0,5211429.550000001
2025-08-01 09:25:24 AM,315.3,250,78825.0,5290254.550000001
2025-08-01 09:25:39 AM,315.15,32,10084.8,5300339.350000001
2025-08-01 09:25:56 AM,315.05,95,29929.75,5330269.100000001
2025-08-01 09:26:25 AM,315.05,15,4725.75,5334994.850000001
2025-08-01 09:26:26 AM,314.85,0,0.0,5334994.850000001
2025-08-01 09:26:27 AM,314.85,295,92880.75,5427875.600000001
2025-08-01 09:26:33 AM,314.45,0,0.0,5427875.600000001
2025-08-01 09:26:34 AM,314.45,247,77669.15,5505544.750000001
2025-08-01 09:26:39 AM,315.0,0,0.0,5505544.750000001
2025-08-01 09:26:40 AM,315.0,454,143010.0,5648554.750000001
2025-08-01 09:26:48 AM,315.05,301,94830.05,5743384.800000001
2025-08-01 09:27:06 AM,315.2,0,0.0,5743384.800000001
2025-08-01 09:27:10 AM,315.2,209,65876.8,5809261.600000001
2025-08-01 09:27:31 AM,315.5,0,0.0,5809261.600000001
2025-08-01 09:27:32 AM,315.5,53,16721.5,5825983.100000001
2025-08-01 09:27:55 AM,315.5,20,6310.0,5832293.100000001
2025-08-01 09:28:37 AM,315.45,0,0.0,5832293.100000001
2025-08-01 09:28:41 AM,315.2,54,17020.8,5849313.9
2025-08-01 09:28:42 AM,315.4,25,7884.999999999999,5857198.9
2025-08-01 09:28:59 AM,315.6,0,0.0,5857198.9
2025-08-01 09:29:04 AM,315.6,135,42606.0,5899804.9
2025-08-01 09:29:12 AM,315.6,354,111722.40000000001,6011527.300000001
2025-08-01 09:29:26 AM,315.2,0,0.0,6011527.300000001
2025-08-01 09:29:27 AM,315.2,53,16705.6,6028232.9
2025-08-01 09:30:10 AM,315.05,0,0.0,6028232.9
2025-08-01 09:30:12 AM,315.05,76,23943.8,6052176.7
2025-08-01 09:30:27 AM,315.05,1,315.05,6052491.75
2025-08-01 09:30:34 AM,315.05,3,945.1500000000001,6053436.9
2025-08-01 09:30:38 AM,314.85,0,0.0,6053436.9
2025-08-01 09:30:42 AM,314.85,3,944.5500000000001,6054381.45
2025-08-01 09:31:00 AM,314.9,0,0.0,6054381.45
2025-08-01 09:31:04 AM,314.9,42,13225.8,6067607.25
2025-08-01 09:31:11 AM,314.9,1,314.9,6067922.15
2025-08-01 09:31:12 AM,314.85,84,26447.4,6094369.550000001
2025-08-01 09:31:15 AM,314.95,0,0.0,6094369.550000001
2025-08-01 09:31:19 AM,314.95,50,15747.5,6110117.050000001
2025-08-01 09:31:59 AM,314.65,0,0.0,6110117.050000001
2025-08-01 09:32:01 AM,314.65,64,20137.6,6130254.65
2025-08-01 09:32:43 AM,314.65,56,17620.399999999998,6147875.050000001
2025-08-01 09:32:46 AM,314.8,0,0.0,6147875.050000001
2025-08-01 09:32:50 AM,314.8,221,69570.8,6217445.850000001
2025-08-01 09:32:52 AM,315.05,0,0.0,6217445.850000001
2025-08-01 09:32:57 AM,315.05,68,21423.4,6238869.250000001
2025-08-01 09:33:10 AM,315.25,0,0.0,6238869.250000001
2025-08-01 09:33:11 AM,315.25,6,1891.5,6240760.750000001
2025-08-01 09:33:45 AM,315.25,48,15132.0,6255892.750000001
2025-08-01 09:33:52 AM,315.25,10,3152.5,6259045.250000001
2025-08-01 09:33:55 AM,315.4,0,0.0,6259045.250000001
2025-08-01 09:33:59 AM,315.4,3045,960392.9999999999,7219438.250000001
2025-08-01 09:34:05 AM,315.8,0,0.0,7219438.250000001
2025-08-01 09:34:06 AM,315.8,349,110214.2,7329652.450000001
2025-08-01 09:34:10 AM,315.9,0,0.0,7329652.450000001
2025-08-01 09:34:13 AM,316.0,101,31916.0,7361568.450000001
2025-08-01 09:34:25 AM,315.8,0,0.0,7361568.450000001
2025-08-01 09:34:27 AM,315.8,231,72949.8,7434518.250000001
2025-08-01 09:34:41 AM,315.8,34,10737.2,7445255.450000001
2025-08-01 09:35:00 AM,315.75,0,0.0,7445255.450000001
2025-08-01 09:35:02 AM,315.75,560,176820.0,7622075.450000001
2025-08-01 09:35:15 AM,315.5,0,0.0,7622075.450000001
2025-08-01 09:35:16 AM,315.5,3,946.5,7623021.950000001
2025-08-01 09:35:30 AM,315.5,72,22716.0,7645737.950000001
2025-08-01 09:36:16 AM,315.35,0,0.0,7645737.950000001
2025-08-01 09:36:17 AM,315.35,10,3153.5,7648891.450000001
2025-08-01 09:36:36 AM,315.1,0,0.0,7648891.450000001
2025-08-01 09:36:37 AM,315.1,77,24262.7,7673154.150000001
2025-08-01 09:37:23 AM,315.35,0,0.0,7673154.150000001
2025-08-01 09:37:24 AM,315.35,2,630.7,7673784.8500000015
2025-08-01 09:37:31 AM,315.35,5,1576.75,7675361.6000000015
2025-08-01 09:37:38 AM,315.35,4,1261.4,7676623.000000002
2025-08-01 09:37:42 AM,315.45,0,0.0,7676623.000000002
2025-08-01 09:37:45 AM,315.45,6,1892.6999999999998,7678515.700000002
2025-08-01 09:37:46 AM,315.5,0,0.0,7678515.700000002
2025-08-01 09:37:51 AM,315.5,95,29972.5,7708488.200000002
2025-08-01 09:38:25 AM,315.15,10,3151.5,7711639.700000002
2025-08-01 09:38:48 AM,314.95,0,0.0,7711639.700000002
2025-08-01 09:38:52 AM,314.95,94,29605.3,7741245.000000002
2025-08-01 09:39:00 AM,315.0,0,0.0,7741245.000000002
2025-08-01 09:39:05 AM,314.95,5,1574.75,7742819.750000002
2025-08-01 09:39:10 AM,314.85,0,0.0,7742819.750000002
2025-08-01 09:39:12 AM,314.7,115,36190.5,7779010.250000002
2025-08-01 09:39:25 AM,314.85,0,0.0,7779010.250000002
2025-08-01 09:39:25 AM,314.85,8,2518.8,7781529.050000002
2025-08-01 09:39:32 AM,314.85,2,629.7,7782158.750000002
2025-08-01 09:41:04 AM,314.85,7,2203.9500000000003,7784362.700000002
2025-08-01 09:41:20 AM,314.75,0,0.0,7784362.700000002
2025-08-01 09:41:24 AM,314.75,223,70189.25,7854551.950000002
2025-08-01 09:41:40 AM,314.95,0,0.0,7854551.950000002
2025-08-01 09:41:44 AM,314.95,37,11653.15,7866205.100000002
2025-08-01 09:42:35 AM,315.0,0,0.0,7866205.100000002
2025-08-01 09:42:36 AM,315.0,4,1260.0,7867465.100000002
2025-08-01 09:42:42 AM,315.0,1,315.0,7867780.100000002
2025-08-01 09:42:55 AM,314.8,0,0.0,7867780.100000002
2025-08-01 09:42:55 AM,314.8,153,48164.4,7915944.500000003
2025-08-01 09:43:31 AM,314.6,0,0.0,7915944.500000003
2025-08-01 09:43:35 AM,314.8,0,0.0,7915944.500000003
2025-08-01 09:43:36 AM,314.8,472,148585.6,8064530.100000002
2025-08-01 09:43:48 AM,314.8,4,1259.2,8065789.300000003
2025-08-01 09:44:15 AM,314.8,1,314.8,8066104.100000002
2025-08-01 09:44:23 AM,314.5,155,48747.5,8114851.600000002
2025-08-01 09:44:23 AM,314.4,0,0.0,8114851.600000002
2025-08-01 09:44:28 AM,314.4,9,2829.6,8117681.200000002
2025-08-01 09:44:35 AM,314.55,16,5032.8,8122714.000000002
2025-08-01 09:44:43 AM,314.3,0,0.0,8122714.000000002
2025-08-01 09:44:47 AM,314.3,602,189208.6,8311922.6000000015
2025-08-01 09:44:55 AM,314.4,2,628.8,8312551.400000001
2025-08-01 09:45:03 AM,314.15,0,0.0,8312551.400000001
2025-08-01 09:45:05 AM,314.0,0,0.0,8312551.400000001
2025-08-01 09:45:07 AM,314.0,663,208182.0,8520733.400000002
2025-08-01 09:45:14 AM,313.85,42,13181.7,8533915.100000001
2025-08-01 09:45:15 AM,313.85,8,2510.8,8536425.900000002
2025-08-01 09:45:19 AM,313.7,0,0.0,8536425.900000002
2025-08-01 09:45:20 AM,313.7,32,10038.4,8546464.300000003
2025-08-01 09:45:21 AM,313.9,144,45201.6,8591665.900000002
2025-08-01 09:45:26 AM,313.9,24,7533.599999999999,8599199.500000002
2025-08-01 09:45:39 AM,313.9,8,2511.2,8601710.700000001
2025-08-01 09:45:46 AM,313.95,12,3767.3999999999996,8605478.100000001
2025-08-01 09:46:01 AM,314.0,0,0.0,8605478.100000001
2025-08-01 09:46:05 AM,314.0,75,23550.0,8629028.100000001
2025-08-01 09:46:16 AM,313.9,0,0.0,8629028.100000001
2025-08-01 09:46:18 AM,313.9,4,1255.6,8630283.700000001
2025-08-01 09:46:20 AM,314.1,647,203222.7,8833506.4
2025-08-01 09:46:24 AM,313.95,0,0.0,8833506.4
2025-08-01 09:46:25 AM,313.95,50,15697.5,8849203.9
2025-08-01 09:46:36 AM,314.05,0,0.0,8849203.9
2025-08-01 09:46:37 AM,314.05,10,3140.5,8852344.4
2025-08-01 09:47:10 AM,314.05,6,1884.3000000000002,8854228.700000001
2025-08-01 09:47:16 AM,313.85,0,0.0,8854228.700000001
2025-08-01 09:47:17 AM,313.85,1,313.85,8854542.55
2025-08-01 09:47:27 AM,313.9,216,67802.4,8922344.950000001
2025-08-01 09:47:32 AM,313.65,0,0.0,8922344.950000001
2025-08-01 09:47:33 AM,313.65,137,42970.049999999996,8965315.000000002
2025-08-01 09:47:39 AM,313.6,0,0.0,8965315.000000002
2025-08-01 09:47:43 AM,313.6,20,6272.0,8971587.000000002
2025-08-01 09:47:54 AM,313.85,0,0.0,8971587.000000002
2025-08-01 09:47:54 AM,313.85,100,31385.000000000004,9002972.000000002
2025-08-01 09:48:07 AM,313.55,0,0.0,9002972.000000002
2025-08-01 09:48:09 AM,313.55,16,5016.8,9007988.800000003
2025-08-01 09:48:16 AM,313.55,2,627.1,9008615.900000002
2025-08-01 09:48:58 AM,313.55,365,114445.75,9123061.650000002
2025-08-01 09:49:05 AM,313.15,100,31314.999999999996,9154376.650000002
2025-08-01 09:49:15 AM,313.2,0,0.0,9154376.650000002
2025-08-01 09:49:17 AM,313.2,3,939.5999999999999,9155316.250000002
2025-08-01 09:49:45 AM,313.7,0,0.0,9155316.250000002
2025-08-01 09:49:48 AM,313.75,0,0.0,9155316.250000002
2025-08-01 09:49:48 AM,313.75,834,261667.5,9416983.750000002
2025-08-01 09:50:04 AM,313.8,150,47070.0,9464053.750000002
2025-08-01 09:50:14 AM,313.8,332,104181.6,9568235.350000001
2025-08-01 09:50:17 AM,313.85,2,627.7,9568863.05
2025-08-01 09:50:57 AM,314.2,0,0.0,9568863.05
2025-08-01 09:50:58 AM,314.2,25,7855.0,9576718.05
2025-08-01 09:51:17 AM,314.25,0,0.0,9576718.05
2025-08-01 09:51:17 AM,314.25,12,3771.0,9580489.05
2025-08-01 09:51:18 AM,314.7,0,0.0,9580489.05
2025-08-01 09:51:19 AM,314.7,1400,440580.0,10021069.05
2025-08-01 09:51:21 AM,314.6,0,0.0,10021069.05
2025-08-01 09:51:23 AM,314.6,133,41841.8,10062910.850000001
2025-08-01 09:51:35 AM,314.35,5,1571.75,10064482.600000001
2025-08-01 09:51:51 AM,314.8,1400,440720.0,10505202.600000001
2025-08-01 09:51:54 AM,314.35,0,0.0,10505202.600000001
2025-08-01 09:51:54 AM,314.35,114,35835.9,10541038.500000002
2025-08-01 09:52:02 AM,314.4,0,0.0,10541038.500000002
2025-08-01 09:52:03 AM,314.4,1,314.4,10541352.900000002
2025-08-01 09:52:15 AM,314.15,2,628.3,10541981.200000003
2025-08-01 09:52:34 AM,314.8,1400,440720.0,10982701.200000003
2025-08-01 09:52:34 AM,314.5,0,0.0,10982701.200000003
2025-08-01 09:52:37 AM,314.5,112,35224.0,11017925.200000003
2025-08-01 09:53:01 AM,313.95,210,65929.5,11083854.700000003
2025-08-01 09:53:02 AM,314.35,0,0.0,11083854.700000003
2025-08-01 09:53:03 AM,314.35,5,1571.75,11085426.450000003
2025-08-01 09:53:16 AM,313.85,1,313.85,11085740.300000003
2025-08-01 09:53:23 AM,314.7,0,0.0,11085740.300000003
2025-08-01 09:53:26 AM,314.7,1400,440580.0,11526320.300000003
2025-08-01 09:53:29 AM,314.15,0,0.0,11526320.300000003
2025-08-01 09:53:32 AM,314.15,100,31414.999999999996,11557735.300000003
2025-08-01 09:53:47 AM,313.85,142,44566.700000000004,11602302.000000002
2025-08-01 09:53:59 AM,314.7,1400,440580.0,12042882.000000002
2025-08-01 09:54:02 AM,314.65,0,0.0,12042882.000000002
2025-08-01 09:54:03 AM,314.65,1,314.65,12043196.650000002
2025-08-01 09:54:05 AM,314.45,0,0.0,12043196.650000002
2025-08-01 09:54:09 AM,314.45,46,14464.699999999999,12057661.350000001
2025-08-01 09:54:14 AM,314.3,0,0.0,12057661.350000001
2025-08-01 09:54:16 AM,314.3,100,31430.0,12089091.350000001
2025-08-01 09:54:24 AM,314.1,0,0.0,12089091.350000001
2025-08-01 09:54:28 AM,314.1,3,942.3000000000001,12090033.650000002
2025-08-01 09:55:43 AM,314.5,0,0.0,12090033.650000002
2025-08-01 09:55:46 AM,314.5,1,314.5,12090348.150000002
2025-08-01 09:56:01 AM,314.25,0,0.0,12090348.150000002
2025-08-01 09:56:03 AM,314.2,0,0.0,12090348.150000002
2025-08-01 09:56:04 AM,314.2,30,9426.0,12099774.150000002
2025-08-01 09:56:46 AM,314.2,30,9426.0,12109200.150000002
2025-08-01 09:56:52 AM,313.85,74,23224.9,12132425.050000003
2025-08-01 09:57:16 AM,313.85,14,4393.900000000001,12136818.950000003
2025-08-01 09:57:48 AM,313.7,50,15685.0,12152503.950000003
2025-08-01 09:58:12 AM,313.5,972,304722.0,12457225.950000003
2025-08-01 09:58:21 AM,313.25,34,10650.5,12467876.450000003
2025-08-01 09:58:26 AM,313.05,0,0.0,12467876.450000003
2025-08-01 09:58:27 AM,313.05,387,121150.35,12589026.800000003
2025-08-01 09:58:43 AM,313.05,74,23165.7,12612192.500000002
2025-08-01 09:58:54 AM,313.4,0,0.0,12612192.500000002
2025-08-01 09:58:55 AM,313.4,16,5014.4,12617206.900000002
2025-08-01 09:59:04 AM,313.0,519,162447.0,12779653.900000002
2025-08-01 09:59:10 AM,313.0,326,102038.0,12881691.900000002
2025-08-01 09:59:29 AM,313.2,321,100537.2,12982229.100000001
2025-08-01 09:59:52 AM,313.0,0,0.0,12982229.100000001
2025-08-01 09:59:54 AM,313.0,100,31300.0,13013529.100000001
2025-08-01 10:00:33 AM,313.25,0,0.0,13013529.100000001
2025-08-01 10:00:35 AM,313.25,1,313.25,13013842.350000001
2025-08-01 10:00:41 AM,313.25,1,313.25,13014155.600000001
2025-08-01 10:00:44 AM,313.25,1,313.25,13014468.850000001
2025-08-01 10:00:45 AM,313.0,0,0.0,13014468.850000001
2025-08-01 10:00:51 AM,313.0,29,9077.0,13023545.850000001
2025-08-01 10:00:57 AM,313.2,1,313.2,13023859.05
2025-08-01 10:01:18 AM,313.25,0,0.0,13023859.05
2025-08-01 10:01:19 AM,313.25,34,10650.5,13034509.55
2025-08-01 10:02:14 AM,313.0,0,0.0,13034509.55
2025-08-01 10:02:17 AM,313.0,600,187800.0,13222309.55
2025-08-01 10:02:42 AM,313.35,59,18487.65,13240797.200000001
2025-08-01 10:03:06 AM,313.35,3,940.0500000000001,13241737.250000002
2025-08-01 10:03:38 AM,313.15,0,0.0,13241737.250000002
2025-08-01 10:03:38 AM,313.15,100,31314.999999999996,13273052.250000002
2025-08-01 10:04:28 AM,313.5,700,219450.0,13492502.250000002
2025-08-01 10:04:30 AM,313.4,0,0.0,13492502.250000002
2025-08-01 10:04:30 AM,313.4,2,626.8,13493129.050000003
2025-08-01 10:04:43 AM,313.55,1,313.55,13493442.600000003
2025-08-01 10:04:59 AM,313.05,705,220700.25,13714142.850000003
2025-08-01 10:05:18 AM,313.0,433,135529.0,13849671.850000003
2025-08-01 10:05:20 AM,312.55,326,101891.3,13951563.150000004
2025-08-01 10:05:23 AM,312.4,0,0.0,13951563.150000004
2025-08-01 10:05:24 AM,312.4,608,189939.19999999998,14141502.350000003
2025-08-01 10:05:26 AM,312.5,1,312.5,14141814.850000003
2025-08-01 10:05:32 AM,311.0,10741,3340451.0,17482265.85
2025-08-01 10:05:36 AM,311.05,28,8709.4,17490975.25
2025-08-01 10:05:38 AM,310.95,141,43843.95,17534819.2
2025-08-01 10:05:39 AM,311.05,0,0.0,17534819.2
2025-08-01 10:05:44 AM,311.0,181,56291.0,17591110.2
2025-08-01 10:05:48 AM,311.0,68,21148.0,17612258.2
2025-08-01 10:06:00 AM,310.6,0,0.0,17612258.2
2025-08-01 10:06:00 AM,310.6,22,6833.200000000001,17619091.4
2025-08-01 10:06:04 AM,311.05,0,0.0,17619091.4
2025-08-01 10:06:06 AM,309.8,9032,2798113.6,20417205.0
2025-08-01 10:06:08 AM,310.15,0,0.0,20417205.0
2025-08-01 10:06:08 AM,310.15,647,200667.05,20617872.05
2025-08-01 10:06:11 AM,310.5,0,0.0,20617872.05
2025-08-01 10:06:12 AM,310.5,250,77625.0,20695497.05
2025-08-01 10:06:14 AM,310.15,0,0.0,20695497.05
2025-08-01 10:06:14 AM,310.15,38,11785.699999999999,20707282.75
2025-08-01 10:06:18 AM,310.1,0,0.0,20707282.75
2025-08-01 10:06:18 AM,310.1,8,2480.8,20709763.55
2025-08-01 10:06:23 AM,310.1,50,15505.000000000002,20725268.55
2025-08-01 10:06:32 AM,310.15,64,19849.6,20745118.150000002
2025-08-01 10:06:50 AM,310.25,2,620.5,20745738.650000002
2025-08-01 10:07:14 AM,310.45,10,3104.5,20748843.150000002
2025-08-01 10:07:25 AM,310.5,81,25150.5,20773993.650000002
2025-08-01 10:07:37 AM,310.6,50,15530.000000000002,20789523.650000002
2025-08-01 10:07:39 AM,310.6,3,931.8000000000001,20790455.450000003
2025-08-01 10:07:43 AM,310.6,27,8386.2,20798841.650000002
2025-08-01 10:07:49 AM,310.6,1,310.6,20799152.250000004
2025-08-01 10:07:51 AM,310.6,69,21431.4,20820583.650000002
2025-08-01 10:07:56 AM,310.5,360,111780.0,20932363.650000002
2025-08-01 10:07:58 AM,310.15,0,0.0,20932363.650000002
2025-08-01 10:07:58 AM,310.15,1122,347988.3,21280351.950000003
2025-08-01 10:08:02 AM,310.1,0,0.0,21280351.950000003
2025-08-01 10:08:02 AM,310.1,4,1240.4,21281592.35
2025-08-01 10:08:04 AM,310.3,100,31030.0,21312622.35
2025-08-01 10:08:12 AM,310.25,0,0.0,21312622.35
2025-08-01 10:08:15 AM,310.2,80,24816.0,21337438.35
2025-08-01 10:08:24 AM,310.7,0,0.0,21337438.35
2025-08-01 10:08:27 AM,310.7,1300,403910.0,21741348.35
2025-08-01 10:08:35 AM,310.25,30,9307.5,21750655.85
2025-08-01 10:08:46 AM,310.2,378,117255.59999999999,21867911.450000003
2025-08-01 10:08:58 AM,310.4,5,1552.0,21869463.450000003
2025-08-01 10:09:00 AM,310.15,0,0.0,21869463.450000003
2025-08-01 10:09:04 AM,310.15,40,12406.0,21881869.450000003
2025-08-01 10:09:16 AM,310.2,14,4342.8,21886212.250000004
2025-08-01 10:09:34 AM,310.5,10,3105.0,21889317.250000004
2025-08-01 10:09:39 AM,310.5,1,310.5,21889627.750000004
2025-08-01 10:09:42 AM,310.25,0,0.0,21889627.750000004
2025-08-01 10:09:44 AM,310.25,46,14271.5,21903899.250000004
2025-08-01 10:09:45 AM,310.9,0,0.0,21903899.250000004
2025-08-01 10:09:45 AM,310.9,1300,404169.99999999994,22308069.250000004
2025-08-01 10:09:51 AM,311.35,0,0.0,22308069.250000004
2025-08-01 10:09:51 AM,311.35,352,109595.20000000001,22417664.450000003
2025-08-01 10:09:53 AM,311.25,0,0.0,22417664.450000003
2025-08-01 10:09:55 AM,311.25,14,4357.5,22422021.950000003
2025-08-01 10:10:03 AM,311.2,0,0.0,22422021.950000003
2025-08-01 10:10:08 AM,311.2,22,6846.4,22428868.35
2025-08-01 10:10:15 AM,311.15,0,0.0,22428868.35
2025-08-01 10:10:18 AM,311.15,318,98945.7,22527814.05
2025-08-01 10:10:20 AM,311.15,15,4667.25,22532481.3
2025-08-01 10:10:26 AM,311.05,0,0.0,22532481.3
2025-08-01 10:10:26 AM,311.05,34,10575.7,22543057.0
2025-08-01 10:10:32 AM,310.7,0,0.0,22543057.0
2025-08-01 10:10:32 AM,310.7,50,15535.0,22558592.0
2025-08-01 10:10:53 AM,310.95,0,0.0,22558592.0
2025-08-01 10:10:54 AM,310.95,10,3109.5,22561701.5
2025-08-01 10:11:05 AM,311.3,0,0.0,22561701.5
2025-08-01 10:11:07 AM,311.3,170,52921.0,22614622.5
2025-08-01 10:11:30 AM,311.35,265,82507.75,22697130.25
2025-08-01 10:11:46 AM,311.5,5,1557.5,22698687.75
2025-08-01 10:11:48 AM,311.5,2025,630787.5,23329475.25
2025-08-01 10:11:53 AM,311.55,119,37074.450000000004,23366549.7
2025-08-01 10:12:02 AM,311.35,0,0.0,23366549.7
2025-08-01 10:12:04 AM,311.35,200,62270.00000000001,23428819.7
2025-08-01 10:12:20 AM,311.55,0,0.0,23428819.7
2025-08-01 10:12:22 AM,311.55,1,311.55,23429131.25
2025-08-01 10:12:32 AM,311.6,0,0.0,23429131.25
2025-08-01 10:12:33 AM,311.6,50,15580.000000000002,23444711.25
2025-08-01 10:13:17 AM,311.7,0,0.0,23444711.25
2025-08-01 10:13:20 AM,311.7,70,21819.0,23466530.25
2025-08-01 10:14:11 AM,312.05,0,0.0,23466530.25
2025-08-01 10:14:13 AM,312.05,303,94551.15000000001,23561081.4
2025-08-01 10:14:25 AM,312.15,54,16856.1,23577937.5
2025-08-01 10:14:29 AM,312.1,0,0.0,23577937.5
2025-08-01 10:14:30 AM,312.0,1113,347256.0,23925193.5
2025-08-01 10:14:32 AM,311.9,0,0.0,23925193.5
2025-08-01 10:14:36 AM,311.9,6,1871.3999999999999,23927064.9
2025-08-01 10:14:44 AM,312.0,0,0.0,23927064.9
2025-08-01 10:14:47 AM,312.0,194,60528.0,23987592.9
2025-08-01 10:14:53 AM,312.0,106,33072.0,24020664.9
2025-08-01 10:15:04 AM,312.1,61,19038.100000000002,24039703.0
2025-08-01 10:15:43 AM,312.25,0,0.0,24039703.0
2025-08-01 10:15:46 AM,312.25,57,17798.25,24057501.25
2025-08-01 10:16:25 AM,312.45,0,0.0,24057501.25
2025-08-01 10:16:27 AM,312.45,7,2187.15,24059688.4
2025-08-01 10:16:31 AM,312.65,0,0.0,24059688.4
2025-08-01 10:16:33 AM,312.65,283,88479.95,24148168.349999998
2025-08-01 10:16:39 AM,312.8,1261,394440.8,24542609.15
2025-08-01 10:16:40 AM,312.6,0,0.0,24542609.15
2025-08-01 10:16:45 AM,312.6,65,20319.0,24562928.15
2025-08-01 10:16:53 AM,312.75,0,0.0,24562928.15
2025-08-01 10:16:56 AM,312.75,1271,397505.25,24960433.4
2025-08-01 10:17:12 AM,312.45,249,77800.05,25038233.45
2025-08-01 10:17:58 AM,312.4,0,0.0,25038233.45
2025-08-01 10:17:59 AM,312.4,150,46860.0,25085093.45
2025-08-01 10:18:28 AM,312.25,149,46525.25,25131618.7
2025-08-01 10:18:48 AM,312.4,0,0.0,25131618.7
2025-08-01 10:18:51 AM,312.4,6,1874.3999999999999,25133493.099999998
2025-08-01 10:19:20 AM,312.5,127,39687.5,25173180.599999998
2025-08-01 10:19:43 AM,312.5,5,1562.5,25174743.099999998
2025-08-01 10:19:44 AM,313.15,3250,1017737.4999999999,26192480.599999998
2025-08-01 10:19:55 AM,312.9,15,4693.5,26197174.099999998
2025-08-01 10:20:01 AM,312.55,69,21565.95,26218740.049999997
2025-08-01 10:20:22 AM,312.5,42,13125.0,26231865.049999997
2025-08-01 10:20:28 AM,312.25,0,0.0,26231865.049999997
2025-08-01 10:20:28 AM,312.25,55,17173.75,26249038.799999997
2025-08-01 10:20:52 AM,312.45,8,2499.6,26251538.4
2025-08-01 10:21:38 AM,312.5,0,0.0,26251538.4
2025-08-01 10:21:38 AM,312.5,3,937.5,26252475.9
2025-08-01 10:21:50 AM,312.55,0,0.0,26252475.9
2025-08-01 10:21:50 AM,312.55,16,5000.8,26257476.7
2025-08-01 10:22:47 AM,312.55,47,14689.85,26272166.55
2025-08-01 10:22:52 AM,312.55,15,4688.25,26276854.8
2025-08-01 10:23:09 AM,312.25,16,4996.0,26281850.8
2025-08-01 10:24:44 AM,312.25,2,624.5,26282475.3
2025-08-01 10:24:55 AM,312.05,15,4680.75,26287156.05
2025-08-01 10:25:29 AM,312.4,0,0.0,26287156.05
2025-08-01 10:25:30 AM,312.4,7,2186.7999999999997,26289342.85
2025-08-01 10:26:43 AM,312.4,1,312.4,26289655.25
2025-08-01 10:26:51 AM,312.1,10,3121.0,26292776.25
2025-08-01 10:27:08 AM,312.25,0,0.0,26292776.25
2025-08-01 10:27:09 AM,312.25,58,18110.5,26310886.75
2025-08-01 10:27:21 AM,311.65,0,0.0,26310886.75
2025-08-01 10:27:22 AM,311.65,424,132139.59999999998,26443026.35
2025-08-01 10:27:28 AM,311.45,148,46094.6,26489120.950000003
2025-08-01 10:27:31 AM,311.3,90,28017.0,26517137.950000003
2025-08-01 10:27:50 AM,311.55,0,0.0,26517137.950000003
2025-08-01 10:27:50 AM,311.55,60,18693.0,26535830.950000003
2025-08-01 10:28:07 AM,311.2,0,0.0,26535830.950000003
2025-08-01 10:28:09 AM,311.2,10,3112.0,26538942.950000003
2025-08-01 10:28:17 AM,311.25,2,622.5,26539565.450000003
2025-08-01 10:29:12 AM,311.3,0,0.0,26539565.450000003
2025-08-01 10:29:13 AM,311.3,1,311.3,26539876.750000004
2025-08-01 10:30:19 AM,311.5,0,0.0,26539876.750000004
2025-08-01 10:30:20 AM,311.5,33,10279.5,26550156.250000004
2025-08-01 10:31:26 AM,312.05,3273,1021339.65,27571495.900000002
2025-08-01 10:31:27 AM,312.0,0,0.0,27571495.900000002
2025-08-01 10:31:28 AM,312.0,12,3744.0,27575239.900000002
2025-08-01 10:31:31 AM,311.6,0,0.0,27575239.900000002
2025-08-01 10:31:31 AM,311.6,467,145517.2,27720757.1
2025-08-01 10:32:44 AM,311.8,0,0.0,27720757.1
2025-08-01 10:32:45 AM,311.8,1,311.8,27721068.900000002
2025-08-01 10:32:51 AM,311.8,1,311.8,27721380.700000003
2025-08-01 10:33:16 AM,311.8,1,311.8,27721692.500000004
2025-08-01 10:33:24 AM,311.9,16,4990.4,27726682.900000002
2025-08-01 10:33:58 AM,312.0,0,0.0,27726682.900000002
2025-08-01 10:34:00 AM,312.1,0,0.0,27726682.900000002
2025-08-01 10:34:01 AM,312.1,925,288692.5,28015375.400000002
2025-08-01 10:34:07 AM,312.15,1,312.15,28015687.55
2025-08-01 10:34:09 AM,312.05,1,312.05,28015999.6
2025-08-01 10:34:12 AM,312.15,0,0.0,28015999.6
2025-08-01 10:34:13 AM,312.15,1764,550632.6,28566632.200000003
2025-08-01 10:34:18 AM,311.9,0,0.0,28566632.200000003
2025-08-01 10:34:18 AM,311.9,120,37428.0,28604060.200000003
2025-08-01 10:35:09 AM,311.9,10,3119.0,28607179.200000003
2025-08-01 10:36:14 AM,311.85,0,0.0,28607179.200000003
2025-08-01 10:36:16 AM,311.85,12,3742.2000000000003,28610921.400000002
2025-08-01 10:36:35 AM,311.85,3,935.5500000000001,28611856.950000003
2025-08-01 10:36:38 AM,311.85,3,935.5500000000001,28612792.500000004
2025-08-01 10:37:00 AM,312.0,0,0.0,28612792.500000004
2025-08-01 10:37:01 AM,312.0,16,4992.0,28617784.500000004
2025-08-01 10:37:13 AM,312.2,37,11551.4,28629335.900000002
2025-08-01 10:37:33 AM,312.25,0,0.0,28629335.900000002
2025-08-01 10:37:33 AM,312.25,7,2185.75,28631521.650000002
2025-08-01 10:37:56 AM,312.25,2,624.5,28632146.150000002
2025-08-01 10:38:07 AM,312.3,0,0.0,28632146.150000002
2025-08-01 10:38:08 AM,312.3,18,5621.400000000001,28637767.55
2025-08-01 10:38:35 AM,312.35,0,0.0,28637767.55
2025-08-01 10:38:35 AM,312.35,4,1249.4,28639016.95
2025-08-01 10:38:36 AM,312.25,0,0.0,28639016.95
2025-08-01 10:38:38 AM,312.25,50,15612.5,28654629.45
2025-08-01 10:38:41 AM,312.35,0,0.0,28654629.45
2025-08-01 10:38:41 AM,312.35,5,1561.75,28656191.2
2025-08-01 10:38:50 AM,312.2,11,3434.2,28659625.4
2025-08-01 10:38:58 AM,312.15,25,7803.749999999999,28667429.15
2025-08-01 10:39:42 AM,312.15,1,312.15,28667741.299999997
2025-08-01 10:39:56 AM,312.1,0,0.0,28667741.299999997
2025-08-01 10:39:56 AM,312.1,5,1560.5,28669301.799999997
2025-08-01 10:40:07 AM,311.95,0,0.0,28669301.799999997
2025-08-01 10:40:07 AM,311.95,2,623.9,28669925.699999996
2025-08-01 10:40:18 AM,312.2,1,312.2,28670237.899999995
2025-08-01 10:40:47 AM,312.0,0,0.0,28670237.899999995
2025-08-01 10:40:49 AM,312.0,169,52728.0,28722965.899999995
2025-08-01 10:41:00 AM,312.0,238,74256.0,28797221.899999995
2025-08-01 10:41:00 AM,312.5,0,0.0,28797221.899999995
2025-08-01 10:41:03 AM,312.5,919,287187.5,29084409.399999995
2025-08-01 10:41:37 AM,312.7,0,0.0,29084409.399999995
2025-08-01 10:41:37 AM,312.7,1300,406510.0,29490919.399999995
2025-08-01 10:41:59 AM,312.75,0,0.0,29490919.399999995
2025-08-01 10:41:59 AM,312.75,1367,427529.25,29918448.649999995
2025-08-01 10:42:06 AM,312.65,15,4689.75,29923138.399999995
2025-08-01 10:42:07 AM,312.95,0,0.0,29923138.399999995
2025-08-01 10:42:10 AM,312.95,1316,411842.2,30334980.599999994
2025-08-01 10:42:25 AM,313.05,0,0.0,30334980.599999994
2025-08-01 10:42:28 AM,313.05,25,7826.25,30342806.849999994
2025-08-01 10:42:44 AM,313.4,0,0.0,30342806.849999994
2025-08-01 10:42:45 AM,313.35,2739,858265.65,31201072.499999993
2025-08-01 10:42:47 AM,312.9,0,0.0,31201072.499999993
2025-08-01 10:42:49 AM,312.9,276,86360.4,31287432.89999999
2025-08-01 10:43:32 AM,312.85,0,0.0,31287432.89999999
2025-08-01 10:43:32 AM,312.85,56,17519.600000000002,31304952.499999993
2025-08-01 10:43:36 AM,312.8,0,0.0,31304952.499999993
2025-08-01 10:43:38 AM,312.8,4,1251.2,31306203.69999999
2025-08-01 10:44:26 AM,312.45,0,0.0,31306203.69999999
2025-08-01 10:44:28 AM,312.45,1,312.45,31306516.14999999
2025-08-01 10:46:26 AM,312.45,4,1249.8,31307765.94999999
2025-08-01 10:46:33 AM,312.45,2,624.9,31308390.84999999
2025-08-01 10:46:37 AM,312.25,0,0.0,31308390.84999999
2025-08-01 10:46:37 AM,312.25,94,29351.5,31337742.34999999
2025-08-01 10:47:17 AM,312.1,0,0.0,31337742.34999999
2025-08-01 10:47:17 AM,312.1,102,31834.2,31369576.54999999
2025-08-01 10:47:48 AM,312.5,1,312.5,31369889.04999999
2025-08-01 10:48:06 AM,312.45,0,0.0,31369889.04999999
2025-08-01 10:48:06 AM,312.45,1,312.45,31370201.49999999
2025-08-01 10:48:23 AM,312.2,0,0.0,31370201.49999999
2025-08-01 10:48:25 AM,312.2,4,1248.8,31371450.29999999
2025-08-01 10:48:27 AM,312.05,0,0.0,31371450.29999999
2025-08-01 10:48:28 AM,312.05,100,31205.0,31402655.29999999
2025-08-01 10:48:53 AM,312.05,20,6241.0,31408896.29999999
2025-08-01 10:49:50 AM,312.0,0,0.0,31408896.29999999
2025-08-01 10:49:52 AM,312.0,110,34320.0,31443216.29999999
2025-08-01 10:50:31 AM,312.0,4,1248.0,31444464.29999999
2025-08-01 10:51:11 AM,312.0,7,2184.0,31446648.29999999
2025-08-01 10:51:14 AM,311.8,0,0.0,31446648.29999999
2025-08-01 10:51:16 AM,311.8,63,19643.4,31466291.699999988
2025-08-01 10:51:38 AM,311.8,25,7795.0,31474086.699999988
2025-08-01 10:52:36 AM,311.6,0,0.0,31474086.699999988
2025-08-01 10:52:37 AM,311.6,4,1246.4,31475333.099999987
2025-08-01 10:52:48 AM,311.8,0,0.0,31475333.099999987
2025-08-01 10:52:48 AM,311.8,10,3118.0,31478451.099999987
2025-08-01 10:53:42 AM,311.9,10,3119.0,31481570.099999987
2025-08-01 10:54:19 AM,311.6,106,33029.600000000006,31514599.699999988
2025-08-01 10:54:28 AM,311.8,0,0.0,31514599.699999988
2025-08-01 10:54:29 AM,311.8,1,311.8,31514911.49999999
2025-08-01 10:57:09 AM,311.5,2,623.0,31515534.49999999
2025-08-01 10:57:13 AM,311.5,2,623.0,31516157.49999999
2025-08-01 10:57:14 AM,311.5,138,42987.0,31559144.49999999
2025-08-01 10:57:19 AM,311.5,1,311.5,31559455.99999999
2025-08-01 10:57:32 AM,311.7,0,0.0,31559455.99999999
2025-08-01 10:57:35 AM,311.7,1,311.7,31559767.699999988
2025-08-01 10:57:56 AM,311.7,5,1558.5,31561326.199999988
2025-08-01 10:58:00 AM,311.5,0,0.0,31561326.199999988
2025-08-01 10:58:01 AM,311.5,3,934.5,31562260.699999988
2025-08-01 10:59:04 AM,311.7,0,0.0,31562260.699999988
2025-08-01 10:59:06 AM,311.7,18,5610.599999999999,31567871.29999999
2025-08-01 11:00:27 AM,311.7,14,4363.8,31572235.09999999
2025-08-01 11:00:59 AM,311.7,84,26182.8,31598417.89999999
2025-08-01 11:02:36 AM,311.7,5,1558.5,31599976.39999999
2025-08-01 11:02:46 AM,311.7,20,6234.0,31606210.39999999
2025-08-01 11:03:26 AM,311.35,323,100566.05,31706776.44999999
2025-08-01 11:04:29 AM,311.3,0,0.0,31706776.44999999
2025-08-01 11:04:29 AM,311.3,1,311.3,31707087.749999993
2025-08-01 11:04:44 AM,311.25,0,0.0,31707087.749999993
2025-08-01 11:04:47 AM,311.7,225,70132.5,31777220.249999993
2025-08-01 11:05:01 AM,311.75,17,5299.75,31782519.999999993
2025-08-01 11:05:08 AM,311.85,49,15280.650000000001,31797800.64999999
2025-08-01 11:05:33 AM,311.7,2,623.4,31798424.04999999
2025-08-01 11:06:46 AM,311.9,0,0.0,31798424.04999999
2025-08-01 11:06:47 AM,311.9,63,19649.699999999997,31818073.74999999
2025-08-01 11:07:19 AM,311.9,3,935.6999999999999,31819009.449999988
2025-08-01 11:08:03 AM,311.7,27,8415.9,31827425.349999987
2025-08-01 11:08:39 AM,311.85,0,0.0,31827425.349999987
2025-08-01 11:08:39 AM,311.85,15,4677.75,31832103.099999987
2025-08-01 11:08:55 AM,311.7,37,11532.9,31843635.999999985
2025-08-01 11:09:07 AM,311.5,0,0.0,31843635.999999985
2025-08-01 11:09:10 AM,311.5,219,68218.5,31911854.499999985
2025-08-01 11:09:12 AM,311.7,0,0.0,31911854.499999985
2025-08-01 11:09:13 AM,311.7,222,69197.4,31981051.899999984
2025-08-01 11:09:30 AM,311.25,0,0.0,31981051.899999984
2025-08-01 11:09:32 AM,311.25,64,19920.0,32000971.899999984
2025-08-01 11:10:03 AM,311.5,1,311.5,32001283.399999984
2025-08-01 11:10:07 AM,311.5,1,311.5,32001594.899999984
2025-08-01 11:12:17 AM,311.5,4,1246.0,32002840.899999984
2025-08-01 11:12:22 AM,311.55,0,0.0,32002840.899999984
2025-08-01 11:12:22 AM,311.55,1,311.55,32003152.449999984
2025-08-01 11:13:39 AM,311.75,100,31175.0,32034327.449999984
2025-08-01 11:13:41 AM,311.7,0,0.0,32034327.449999984
2025-08-01 11:13:42 AM,311.7,1,311.7,32034639.149999984
2025-08-01 11:13:51 AM,311.75,0,0.0,32034639.149999984
2025-08-01 11:13:53 AM,311.75,1,311.75,32034950.899999984
2025-08-01 11:15:56 AM,311.5,33,10279.5,32045230.399999984
2025-08-01 11:16:53 AM,311.75,0,0.0,32045230.399999984
2025-08-01 11:16:54 AM,311.75,3,935.25,32046165.649999984
2025-08-01 11:16:59 AM,311.75,1,311.75,32046477.399999984
2025-08-01 11:17:52 AM,311.75,1,311.75,32046789.149999984
2025-08-01 11:18:41 AM,311.55,0,0.0,32046789.149999984
2025-08-01 11:18:42 AM,311.55,45,14019.75,32060808.899999984
2025-08-01 11:18:59 AM,311.1,0,0.0,32060808.899999984
2025-08-01 11:19:00 AM,311.1,491,152750.1,32213558.999999985
2025-08-01 11:19:05 AM,311.4,3,934.1999999999999,32214493.199999984
2025-08-01 11:19:11 AM,311.2,0,0.0,32214493.199999984
2025-08-01 11:19:11 AM,311.2,1526,474891.2,32689384.399999984
2025-08-01 11:19:22 AM,311.2,1,311.2,32689695.599999983
2025-08-01 11:19:35 AM,311.4,0,0.0,32689695.599999983
2025-08-01 11:19:38 AM,311.4,5,1557.0,32691252.599999983
2025-08-01 11:19:49 AM,311.4,1,311.4,32691563.99999998
2025-08-01 11:19:55 AM,311.4,1,311.4,32691875.39999998
2025-08-01 11:20:05 AM,311.4,1,311.4,32692186.79999998
2025-08-01 11:21:20 AM,311.15,0,0.0,32692186.79999998
2025-08-01 11:21:24 AM,311.15,20,6223.0,32698409.79999998
2025-08-01 11:23:03 AM,310.9,0,0.0,32698409.79999998
2025-08-01 11:23:03 AM,310.9,1845,573610.5,33272020.29999998
2025-08-01 11:23:50 AM,310.85,0,0.0,33272020.29999998
2025-08-01 11:23:50 AM,310.85,94,29219.9,33301240.199999977
2025-08-01 11:24:22 AM,310.9,0,0.0,33301240.199999977
2025-08-01 11:24:26 AM,310.9,2,621.8,33301861.999999978
2025-08-01 11:25:28 AM,311.2,0,0.0,33301861.999999978
2025-08-01 11:25:29 AM,311.2,30,9336.0,33311197.999999978
2025-08-01 11:25:36 AM,311.25,0,0.0,33311197.999999978
2025-08-01 11:25:40 AM,311.25,50,15562.5,33326760.499999978
2025-08-01 11:27:12 AM,311.0,0,0.0,33326760.499999978
2025-08-01 11:27:13 AM,310.85,723,224744.55000000002,33551505.04999998
2025-08-01 11:27:31 AM,311.0,0,0.0,33551505.04999998
2025-08-01 11:27:32 AM,311.0,132,41052.0,33592557.04999998
2025-08-01 11:28:39 AM,311.25,7,2178.75,33594735.79999998
2025-08-01 11:29:03 AM,311.0,0,0.0,33594735.79999998
2025-08-01 11:29:04 AM,311.0,46,14306.0,33609041.79999998
2025-08-01 11:29:58 AM,311.2,0,0.0,33609041.79999998
2025-08-01 11:29:59 AM,311.2,17,5290.4,33614332.19999998
2025-08-01 11:30:02 AM,311.2,1,311.2,33614643.39999998
2025-08-01 11:30:33 AM,311.0,0,0.0,33614643.39999998
2025-08-01 11:30:33 AM,311.0,10,3110.0,33617753.39999998
2025-08-01 11:31:00 AM,311.2,1,311.2,33618064.59999999
2025-08-01 11:31:18 AM,311.2,8,2489.6,33620554.19999999
2025-08-01 11:34:37 AM,310.85,134,41653.9,33662208.09999999
2025-08-01 11:34:41 AM,310.5,0,0.0,33662208.09999999
2025-08-01 11:34:42 AM,309.9,2240,694176.0,34356384.09999999
2025-08-01 11:34:43 AM,309.85,0,0.0,34356384.09999999
2025-08-01 11:34:45 AM,309.8,0,0.0,34356384.09999999
2025-08-01 11:34:47 AM,309.7,0,0.0,34356384.09999999
2025-08-01 11:34:47 AM,309.7,247,76495.9,34432879.999999985
2025-08-01 11:34:48 AM,309.6,0,0.0,34432879.999999985
2025-08-01 11:34:52 AM,309.6,123,38080.8,34470960.79999998
2025-08-01 11:34:57 AM,309.65,0,0.0,34470960.79999998
2025-08-01 11:34:58 AM,309.65,18,5573.7,34476534.499999985
2025-08-01 11:34:58 AM,309.65,1,309.65,34476844.14999998
2025-08-01 11:35:03 AM,309.65,1,309.65,34477153.79999998
2025-08-01 11:35:07 AM,309.8,0,0.0,34477153.79999998
2025-08-01 11:35:08 AM,309.8,54,16729.2,34493882.999999985
2025-08-01 11:35:13 AM,310.0,94,29140.0,34523022.999999985
2025-08-01 11:35:24 AM,309.75,0,0.0,34523022.999999985
2025-08-01 11:35:25 AM,309.75,160,49560.0,34572582.999999985
2025-08-01 11:35:30 AM,309.75,20,6195.0,34578777.999999985
2025-08-01 11:35:35 AM,309.75,1,309.75,34579087.749999985
2025-08-01 11:35:36 AM,309.7,0,0.0,34579087.749999985
2025-08-01 11:35:39 AM,309.55,0,0.0,34579087.749999985
2025-08-01 11:35:40 AM,309.55,282,87293.1,34666380.84999999
2025-08-01 11:35:42 AM,309.8,0,0.0,34666380.84999999
2025-08-01 11:35:43 AM,310.0,0,0.0,34666380.84999999
2025-08-01 11:35:46 AM,310.0,25,7750.0,34674130.84999999
2025-08-01 11:35:55 AM,310.05,0,0.0,34674130.84999999
2025-08-01 11:35:56 AM,310.05,3,930.1500000000001,34675060.999999985
2025-08-01 11:36:44 AM,310.1,0,0.0,34675060.999999985
2025-08-01 11:36:47 AM,310.1,5,1550.5,34676611.499999985
2025-08-01 11:36:58 AM,310.2,0,0.0,34676611.499999985
2025-08-01 11:36:58 AM,310.2,24,7444.799999999999,34684056.29999998
2025-08-01 11:37:03 AM,310.45,0,0.0,34684056.29999998
2025-08-01 11:37:03 AM,310.45,236,73266.2,34757322.499999985
2025-08-01 11:37:09 AM,310.15,0,0.0,34757322.499999985
2025-08-01 11:37:10 AM,310.1,0,0.0,34757322.499999985
2025-08-01 11:37:11 AM,310.0,0,0.0,34757322.499999985
2025-08-01 11:37:14 AM,310.0,20,6200.0,34763522.499999985
2025-08-01 11:37:19 AM,310.0,1,310.0,34763832.499999985
2025-08-01 11:37:25 AM,310.0,32,9920.0,34773752.499999985
2025-08-01 11:37:30 AM,310.0,7,2170.0,34775922.499999985
2025-08-01 11:37:45 AM,310.0,130,40300.0,34816222.499999985
2025-08-01 11:37:50 AM,310.0,12,3720.0,34819942.499999985
2025-08-01 11:38:01 AM,310.05,0,0.0,34819942.499999985
2025-08-01 11:38:05 AM,310.05,2,620.1,34820562.59999999
2025-08-01 11:39:01 AM,310.1,0,0.0,34820562.59999999
2025-08-01 11:39:02 AM,310.1,6,1860.6000000000001,34822423.19999999
2025-08-01 11:39:02 AM,310.05,0,0.0,34822423.19999999
2025-08-01 11:39:03 AM,310.0,0,0.0,34822423.19999999
2025-08-01 11:39:06 AM,310.0,20,6200.0,34828623.19999999
2025-08-01 11:39:11 AM,310.0,2,620.0,34829243.19999999
2025-08-01 11:39:12 AM,310.0,1,310.0,34829553.19999999
2025-08-01 11:39:16 AM,310.0,1,310.0,34829863.19999999
2025-08-01 11:39:32 AM,309.9,239,74066.09999999999,34903929.29999999
2025-08-01 11:40:07 AM,310.0,0,0.0,34903929.29999999
2025-08-01 11:40:08 AM,310.0,390,120900.0,35024829.29999999
2025-08-01 11:40:11 AM,310.05,0,0.0,35024829.29999999
2025-08-01 11:40:13 AM,310.05,25,7751.25,35032580.54999999
2025-08-01 11:40:25 AM,310.05,16,4960.8,35037541.34999999
2025-08-01 11:40:29 AM,310.05,2,620.1,35038161.44999999
2025-08-01 11:40:49 AM,310.05,15,4650.75,35042812.19999999
2025-08-01 11:40:50 AM,310.05,1,310.05,35043122.249999985
2025-08-01 11:40:54 AM,310.05,1,310.05,35043432.29999998
2025-08-01 11:41:15 AM,310.05,1,310.05,35043742.34999998
2025-08-01 11:41:25 AM,310.15,8,2481.2,35046223.54999998
2025-08-01 11:41:27 AM,310.2,0,0.0,35046223.54999998
2025-08-01 11:41:29 AM,310.15,0,0.0,35046223.54999998
2025-08-01 11:41:29 AM,310.15,4,1240.6,35047464.14999998
2025-08-01 11:41:34 AM,310.15,1,310.15,35047774.29999998
2025-08-01 11:42:05 AM,310.05,0,0.0,35047774.29999998
2025-08-01 11:42:05 AM,310.05,1625,503831.25,35551605.54999998
2025-08-01 11:42:10 AM,310.05,193,59839.65,35611445.19999998
2025-08-01 11:42:23 AM,310.45,0,0.0,35611445.19999998
2025-08-01 11:42:25 AM,310.45,507,157398.15,35768843.34999998
2025-08-01 11:42:29 AM,310.05,0,0.0,35768843.34999998
2025-08-01 11:42:31 AM,310.05,21,6511.05,35775354.399999976
2025-08-01 11:42:36 AM,310.05,1,310.05,35775664.44999997
2025-08-01 11:43:55 AM,310.2,0,0.0,35775664.44999997
2025-08-01 11:43:55 AM,310.2,1,310.2,35775974.649999976
2025-08-01 11:44:12 AM,310.0,1362,422220.0,36198194.649999976
2025-08-01 11:44:18 AM,310.0,13,4030.0,36202224.649999976
2025-08-01 11:45:18 AM,310.15,0,0.0,36202224.649999976
2025-08-01 11:45:18 AM,310.15,49,15197.349999999999,36217421.99999998
2025-08-01 11:45:23 AM,310.0,0,0.0,36217421.99999998
2025-08-01 11:45:24 AM,310.0,2,620.0,36218041.99999998
2025-08-01 11:45:39 AM,310.2,0,0.0,36218041.99999998
2025-08-01 11:45:40 AM,310.2,2,620.4,36218662.399999976
2025-08-01 11:45:53 AM,310.0,0,0.0,36218662.399999976
2025-08-01 11:45:56 AM,310.0,1254,388740.0,36607402.399999976
2025-08-01 11:46:01 AM,310.0,53,16430.0,36623832.399999976
2025-08-01 11:46:11 AM,310.05,0,0.0,36623832.399999976
2025-08-01 11:46:12 AM,310.05,2,620.1,36624452.49999998
2025-08-01 11:46:44 AM,310.1,388,120318.8,36744771.299999975
2025-08-01 11:46:45 AM,309.95,0,0.0,36744771.299999975
2025-08-01 11:46:49 AM,309.95,3,929.8499999999999,36745701.149999976
2025-08-01 11:46:50 AM,309.95,13,4029.35,36749730.49999998
2025-08-01 11:46:50 AM,309.8,0,0.0,36749730.49999998
2025-08-01 11:46:54 AM,309.8,3,929.4000000000001,36750659.899999976
2025-08-01 11:47:08 AM,309.75,0,0.0,36750659.899999976
2025-08-01 11:47:10 AM,309.75,61,18894.75,36769554.649999976
2025-08-01 11:47:15 AM,309.75,3,929.25,36770483.899999976
2025-08-01 11:47:31 AM,309.75,50,15487.5,36785971.399999976
2025-08-01 11:47:35 AM,309.75,2,619.5,36786590.899999976
2025-08-01 11:48:16 AM,309.75,11,3407.25,36789998.149999976
2025-08-01 11:48:21 AM,309.75,1,309.75,36790307.899999976
2025-08-01 11:48:37 AM,309.7,0,0.0,36790307.899999976
2025-08-01 11:48:41 AM,309.7,427,132241.9,36922549.799999975
2025-08-01 11:48:42 AM,309.5,0,0.0,36922549.799999975
2025-08-01 11:48:46 AM,309.5,13,4023.5,36926573.299999975
2025-08-01 11:48:51 AM,309.5,1,309.5,36926882.799999975
2025-08-01 11:49:23 AM,309.75,0,0.0,36926882.799999975
2025-08-01 11:49:28 AM,309.75,106,32833.5,36959716.299999975
2025-08-01 11:49:33 AM,309.75,5,1548.75,36961265.049999975
2025-08-01 11:50:15 AM,309.9,0,0.0,36961265.049999975
2025-08-01 11:50:20 AM,309.6,142,43963.200000000004,37005228.24999998
2025-08-01 11:50:25 AM,309.6,6,1857.6000000000001,37007085.84999998
2025-08-01 11:50:30 AM,309.6,2,619.2,37007705.04999998
2025-08-01 11:50:35 AM,309.6,1,309.6,37008014.64999998
2025-08-01 11:51:17 AM,309.65,0,0.0,37008014.64999998
2025-08-01 11:51:19 AM,309.65,1,309.65,37008324.29999998
2025-08-01 11:51:50 AM,309.8,10,3098.0,37011422.29999998
2025-08-01 11:51:51 AM,309.6,0,0.0,37011422.29999998
2025-08-01 11:51:54 AM,309.6,11,3405.6000000000004,37014827.89999998
2025-08-01 11:51:59 AM,309.6,1,309.6,37015137.499999985
2025-08-01 11:52:20 AM,309.65,0,0.0,37015137.499999985
2025-08-01 11:52:20 AM,309.65,1,309.65,37015447.14999998
2025-08-01 11:52:51 AM,309.8,0,0.0,37015447.14999998
2025-08-01 11:52:54 AM,309.8,1,309.8,37015756.94999998
2025-08-01 11:53:02 AM,309.65,0,0.0,37015756.94999998
2025-08-01 11:53:05 AM,309.65,1,309.65,37016066.59999998
2025-08-01 11:53:23 AM,309.8,0,0.0,37016066.59999998
2025-08-01 11:53:25 AM,309.6,0,0.0,37016066.59999998
2025-08-01 11:53:25 AM,309.6,164,50774.4,37066840.99999998
2025-08-01 11:53:31 AM,309.6,7,2167.2000000000003,37069008.19999998
2025-08-01 11:53:41 AM,309.6,26,8049.6,37077057.79999998
2025-08-01 11:53:56 AM,309.6,1,309.6,37077367.39999998
2025-08-01 11:53:59 AM,309.65,0,0.0,37077367.39999998
2025-08-01 11:54:01 AM,309.65,2,619.3,37077986.69999998
2025-08-01 11:54:09 AM,309.6,0,0.0,37077986.69999998
2025-08-01 11:54:11 AM,309.6,1,309.6,37078296.29999998
2025-08-01 11:54:17 AM,309.6,20,6192.0,37084488.29999998
2025-08-01 11:54:21 AM,309.6,1,309.6,37084797.89999998
2025-08-01 11:54:23 AM,309.9,0,0.0,37084797.89999998
2025-08-01 11:54:24 AM,309.7,0,0.0,37084797.89999998
2025-08-01 11:54:25 AM,309.95,0,0.0,37084797.89999998
2025-08-01 11:54:26 AM,309.95,448,138857.6,37223655.499999985
2025-08-01 11:54:27 AM,309.8,5,1549.0,37225204.499999985
2025-08-01 11:54:41 AM,309.85,0,0.0,37225204.499999985
2025-08-01 11:54:42 AM,309.85,6,1859.1000000000001,37227063.59999999
2025-08-01 11:54:42 AM,309.95,0,0.0,37227063.59999999
2025-08-01 11:54:42 AM,310.05,27,8371.35,37235434.94999999
2025-08-01 11:54:47 AM,310.0,0,0.0,37235434.94999999
2025-08-01 11:54:47 AM,310.0,3,930.0,37236364.94999999
2025-08-01 11:55:58 AM,310.2,13,4032.6,37240397.54999999
2025-08-01 11:56:02 AM,310.2,255,79101.0,37319498.54999999
2025-08-01 11:56:05 AM,310.0,0,0.0,37319498.54999999
2025-08-01 11:56:07 AM,310.0,10,3100.0,37322598.54999999
2025-08-01 11:56:12 AM,310.0,1,310.0,37322908.54999999
2025-08-01 11:56:13 AM,309.9,0,0.0,37322908.54999999
2025-08-01 11:56:17 AM,309.95,0,0.0,37322908.54999999
2025-08-01 11:56:17 AM,309.95,57,17667.149999999998,37340575.69999999
2025-08-01 11:57:45 AM,310.2,0,0.0,37340575.69999999
2025-08-01 11:57:48 AM,310.2,3,930.5999999999999,37341506.29999999
2025-08-01 11:59:07 AM,310.2,2,620.4,37342126.69999999
2025-08-01 11:59:13 AM,310.2,57,17681.399999999998,37359808.09999999
2025-08-01 11:59:16 AM,310.05,0,0.0,37359808.09999999
2025-08-01 11:59:17 AM,310.0,96,29760.0,37389568.09999999
2025-08-01 11:59:22 AM,309.9,0,0.0,37389568.09999999
2025-08-01 11:59:22 AM,309.9,3,929.6999999999999,37390497.79999999
2025-08-01 11:59:26 AM,310.1,0,0.0,37390497.79999999
2025-08-01 11:59:27 AM,310.1,1,310.1,37390807.89999999
2025-08-01 11:59:32 AM,309.9,0,0.0,37390807.89999999
2025-08-01 11:59:32 AM,309.9,1,309.9,37391117.79999999
2025-08-01 11:59:58 AM,310.2,0,0.0,37391117.79999999
2025-08-01 11:59:58 AM,310.2,10,3102.0,37394219.79999999
2025-08-01 12:00:09 PM,310.2,14,4342.8,37398562.59999999
2025-08-01 12:00:13 PM,309.9,0,0.0,37398562.59999999
2025-08-01 12:00:15 PM,309.9,1,309.9,37398872.499999985
2025-08-01 12:01:09 PM,310.2,2,620.4,37399492.89999998
2025-08-01 12:01:35 PM,310.2,5,1551.0,37401043.89999998
2025-08-01 12:01:40 PM,309.95,34,10538.3,37411582.19999998
2025-08-01 12:01:45 PM,309.9,0,0.0,37411582.19999998
2025-08-01 12:01:47 PM,309.9,2,619.8,37412201.99999998
2025-08-01 12:02:33 PM,310.15,0,0.0,37412201.99999998
2025-08-01 12:02:36 PM,310.15,2,620.3,37412822.299999975
2025-08-01 12:02:56 PM,310.15,47,14577.05,37427399.34999997
2025-08-01 12:03:21 PM,309.9,0,0.0,37427399.34999997
2025-08-01 12:03:21 PM,309.9,17,5268.299999999999,37432667.64999997
2025-08-01 12:03:26 PM,309.9,2,619.8,37433287.449999966
2025-08-01 12:03:27 PM,310.25,0,0.0,37433287.449999966
2025-08-01 12:03:28 PM,310.25,80,24820.0,37458107.449999966
2025-08-01 12:03:31 PM,309.9,4,1239.6,37459347.04999997
2025-08-01 12:03:54 PM,309.9,30,9297.0,37468644.04999997
2025-08-01 12:03:55 PM,310.0,0,0.0,37468644.04999997
2025-08-01 12:03:57 PM,310.0,1,310.0,37468954.04999997
2025-08-01 12:04:12 PM,309.85,0,0.0,37468954.04999997
2025-08-01 12:04:12 PM,309.85,514,159262.90000000002,37628216.949999966
2025-08-01 12:04:17 PM,309.85,21,6506.85,37634723.79999997
2025-08-01 12:04:21 PM,309.85,1,309.85,37635033.64999997
2025-08-01 12:04:56 PM,309.85,1546,479028.10000000003,38114061.74999997
2025-08-01 12:05:00 PM,309.6,0,0.0,38114061.74999997
2025-08-01 12:05:01 PM,309.6,62,19195.2,38133256.94999997
2025-08-01 12:05:03 PM,309.6,2,619.2,38133876.149999976
2025-08-01 12:06:21 PM,309.6,1,309.6,38134185.74999998
2025-08-01 12:06:48 PM,309.65,0,0.0,38134185.74999998
2025-08-01 12:06:51 PM,309.65,3,928.9499999999999,38135114.69999998
2025-08-01 12:06:52 PM,309.75,2,619.5,38135734.19999998
2025-08-01 12:07:38 PM,309.8,0,0.0,38135734.19999998
2025-08-01 12:07:40 PM,309.75,0,0.0,38135734.19999998
2025-08-01 12:07:42 PM,309.75,2,619.5,38136353.69999998
2025-08-01 12:08:14 PM,309.8,0,0.0,38136353.69999998
2025-08-01 12:08:17 PM,309.8,1,309.8,38136663.49999998
2025-08-01 12:08:28 PM,309.75,21,6504.75,38143168.24999998
2025-08-01 12:08:32 PM,309.75,2,619.5,38143787.74999998
2025-08-01 12:09:40 PM,309.8,0,0.0,38143787.74999998
2025-08-01 12:09:42 PM,309.8,2,619.6,38144407.34999998
2025-08-01 12:09:46 PM,309.9,0,0.0,38144407.34999998
2025-08-01 12:09:46 PM,309.9,18,5578.2,38149985.54999998
2025-08-01 12:09:48 PM,309.75,0,0.0,38149985.54999998
2025-08-01 12:09:51 PM,309.75,117,36240.75,38186226.29999998
2025-08-01 12:09:56 PM,309.8,0,0.0,38186226.29999998
2025-08-01 12:09:56 PM,309.8,5,1549.0,38187775.29999998
2025-08-01 12:10:12 PM,309.75,225,69693.75,38257469.04999998
2025-08-01 12:10:17 PM,309.75,9,2787.75,38260256.79999998
2025-08-01 12:10:52 PM,309.75,1,309.75,38260566.54999998
2025-08-01 12:11:56 PM,310.0,0,0.0,38260566.54999998
2025-08-01 12:11:58 PM,309.75,0,0.0,38260566.54999998
2025-08-01 12:12:00 PM,309.75,153,47391.75,38307958.29999998
2025-08-01 12:12:05 PM,309.75,7,2168.25,38310126.54999998
2025-08-01 12:13:01 PM,309.75,150,46462.5,38356589.04999998
2025-08-01 12:13:06 PM,309.75,6,1858.5,38358447.54999998
2025-08-01 12:13:58 PM,310.0,0,0.0,38358447.54999998
2025-08-01 12:14:01 PM,310.0,5,1550.0,38359997.54999998
2025-08-01 12:14:04 PM,309.85,0,0.0,38359997.54999998
2025-08-01 12:14:05 PM,309.85,1,309.85,38360307.39999998
2025-08-01 12:14:06 PM,309.75,0,0.0,38360307.39999998
2025-08-01 12:14:06 PM,309.75,342,105934.5,38466241.89999998
2025-08-01 12:14:15 PM,309.75,15,4646.25,38470888.14999998
2025-08-01 12:16:27 PM,309.75,149,46152.75,38517040.89999998
2025-08-01 12:16:31 PM,309.75,6,1858.5,38518899.39999998
2025-08-01 12:17:18 PM,309.9,0,0.0,38518899.39999998
2025-08-01 12:17:21 PM,309.9,10,3099.0,38521998.39999998
2025-08-01 12:17:52 PM,310.0,0,0.0,38521998.39999998
2025-08-01 12:17:54 PM,310.0,100,31000.0,38552998.39999998
2025-08-01 12:17:59 PM,310.0,60,18600.0,38571598.39999998
2025-08-01 12:18:02 PM,309.75,0,0.0,38571598.39999998
2025-08-01 12:18:04 PM,309.75,3,929.25,38572527.64999998
2025-08-01 12:18:18 PM,309.75,5,1548.75,38574076.39999998
2025-08-01 12:18:20 PM,310.0,0,0.0,38574076.39999998
2025-08-01 12:18:23 PM,310.0,1,310.0,38574386.39999998
2025-08-01 12:19:12 PM,309.75,0,0.0,38574386.39999998
2025-08-01 12:19:14 PM,309.75,22,6814.5,38581200.89999998
2025-08-01 12:19:19 PM,309.75,1,309.75,38581510.64999998
2025-08-01 12:20:51 PM,310.0,3,930.0,38582440.64999998
2025-08-01 12:21:05 PM,309.75,0,0.0,38582440.64999998
2025-08-01 12:21:06 PM,309.75,301,93234.75,38675675.39999998
2025-08-01 12:21:11 PM,309.75,12,3717.0,38679392.39999998
2025-08-01 12:21:16 PM,309.75,1,309.75,38679702.14999998
2025-08-01 12:21:37 PM,310.1,0,0.0,38679702.14999998
2025-08-01 12:21:39 PM,310.1,35,10853.5,38690555.64999998
2025-08-01 12:21:41 PM,309.75,0,0.0,38690555.64999998
2025-08-01 12:21:44 PM,309.75,5,1548.75,38692104.39999998
2025-08-01 12:21:49 PM,310.1,20,6202.0,38698306.39999998
2025-08-01 12:21:53 PM,309.75,0,0.0,38698306.39999998
2025-08-01 12:21:54 PM,309.75,1,309.75,38698616.14999998
2025-08-01 12:22:15 PM,309.75,16,4956.0,38703572.14999998
2025-08-01 12:22:24 PM,310.0,0,0.0,38703572.14999998
2025-08-01 12:22:25 PM,310.0,5,1550.0,38705122.14999998
2025-08-01 12:22:27 PM,310.05,0,0.0,38705122.14999998
2025-08-01 12:22:31 PM,310.05,500,155025.0,38860147.14999998
2025-08-01 12:22:31 PM,309.9,0,0.0,38860147.14999998
2025-08-01 12:22:32 PM,309.9,13,4028.7,38864175.84999999
2025-08-01 12:22:33 PM,309.75,0,0.0,38864175.84999999
2025-08-01 12:22:36 PM,309.75,138,42745.5,38906921.34999999
2025-08-01 12:22:41 PM,309.75,6,1858.5,38908779.84999999
2025-08-01 12:22:59 PM,309.8,0,0.0,38908779.84999999
2025-08-01 12:23:01 PM,309.8,2,619.6,38909399.44999999
2025-08-01 12:25:37 PM,309.75,0,0.0,38909399.44999999
2025-08-01 12:25:40 PM,309.75,148,45843.0,38955242.44999999
2025-08-01 12:25:45 PM,309.75,6,1858.5,38957100.94999999
2025-08-01 12:26:07 PM,310.1,0,0.0,38957100.94999999
2025-08-01 12:26:10 PM,310.1,100,31010.000000000004,38988110.94999999
2025-08-01 12:26:11 PM,309.75,0,0.0,38988110.94999999
2025-08-01 12:26:15 PM,309.75,4,1239.0,38989349.94999999
2025-08-01 12:28:10 PM,309.75,50,15487.5,39004837.44999999
2025-08-01 12:28:15 PM,309.75,2,619.5,39005456.94999999
2025-08-01 12:28:35 PM,309.5,0,0.0,39005456.94999999
2025-08-01 12:28:36 PM,309.5,2717,840911.5,39846368.44999999
2025-08-01 12:28:40 PM,309.5,113,34973.5,39881341.94999999
2025-08-01 12:28:41 PM,309.5,1,309.5,39881651.44999999
2025-08-01 12:29:49 PM,309.5,22,6809.0,39888460.44999999
2025-08-01 12:29:52 PM,309.5,1,309.5,39888769.94999999
2025-08-01 12:30:14 PM,309.35,1478,457219.30000000005,40345989.249999985
2025-08-01 12:30:16 PM,309.45,0,0.0,40345989.249999985
2025-08-01 12:30:16 PM,309.45,1,309.45,40346298.69999999
2025-08-01 12:30:19 PM,310.1,828,256762.80000000002,40603061.499999985
2025-08-01 12:30:20 PM,310.5,0,0.0,40603061.499999985
2025-08-01 12:30:20 PM,310.8,0,0.0,40603061.499999985
2025-08-01 12:30:22 PM,310.8,128,39782.4,40642843.89999998
2025-08-01 12:30:25 PM,310.85,7,2175.9500000000003,40645019.84999999
2025-08-01 12:30:27 PM,310.85,9,2797.65,40647817.499999985
2025-08-01 12:30:28 PM,310.8,0,0.0,40647817.499999985
2025-08-01 12:30:30 PM,310.8,1,310.8,40648128.29999998
2025-08-01 12:30:30 PM,310.45,0,0.0,40648128.29999998
2025-08-01 12:30:32 PM,310.8,0,0.0,40648128.29999998
2025-08-01 12:30:32 PM,310.8,2,621.6,40648749.89999998
2025-08-01 12:31:18 PM,310.8,10,3108.0,40651857.89999998
2025-08-01 12:31:24 PM,311.15,0,0.0,40651857.89999998
2025-08-01 12:31:27 PM,311.2,377,117322.4,40769180.29999998
2025-08-01 12:31:28 PM,311.15,0,0.0,40769180.29999998
2025-08-01 12:31:28 PM,311.15,1,311.15,40769491.44999998
2025-08-01 12:31:30 PM,311.2,0,0.0,40769491.44999998
2025-08-01 12:31:32 PM,311.15,0,0.0,40769491.44999998
2025-08-01 12:31:33 PM,311.35,300,93405.0,40862896.44999998
2025-08-01 12:31:34 PM,311.5,0,0.0,40862896.44999998
2025-08-01 12:31:38 PM,311.5,110,34265.0,40897161.44999998
2025-08-01 12:31:40 PM,311.45,0,0.0,40897161.44999998
2025-08-01 12:31:43 PM,311.45,4,1245.8,40898407.24999998
2025-08-01 12:33:06 PM,311.5,510,158865.0,41057272.24999998
2025-08-01 12:33:10 PM,311.4,0,0.0,41057272.24999998
2025-08-01 12:33:10 PM,311.4,23,7162.2,41064434.44999998
2025-08-01 12:33:11 PM,311.1,1,311.1,41064745.54999998
2025-08-01 12:33:12 PM,311.4,0,0.0,41064745.54999998
2025-08-01 12:33:16 PM,311.4,16,4982.4,41069727.94999998
2025-08-01 12:33:16 PM,311.15,0,0.0,41069727.94999998
2025-08-01 12:33:20 PM,311.15,1,311.15,41070039.09999998
2025-08-01 12:34:24 PM,311.4,0,0.0,41070039.09999998
2025-08-01 12:34:26 PM,311.4,1,311.4,41070350.49999998
2025-08-01 12:34:36 PM,311.4,34,10587.599999999999,41080938.09999998
2025-08-01 12:34:36 PM,311.1,0,0.0,41080938.09999998
2025-08-01 12:34:36 PM,311.1,1,311.1,41081249.19999998
2025-08-01 12:35:52 PM,311.3,0,0.0,41081249.19999998
2025-08-01 12:35:54 PM,311.3,104,32375.2,41113624.39999998
2025-08-01 12:35:56 PM,311.05,0,0.0,41113624.39999998
2025-08-01 12:35:58 PM,311.0,0,0.0,41113624.39999998
2025-08-01 12:35:59 PM,311.0,4,1244.0,41114868.39999998
2025-08-01 12:37:01 PM,311.35,7,2179.4500000000003,41117047.84999999
2025-08-01 12:37:05 PM,311.0,0,0.0,41117047.84999999
2025-08-01 12:37:06 PM,311.0,1,311.0,41117358.84999999
2025-08-01 12:40:25 PM,311.35,1,311.35,41117670.19999999
2025-08-01 12:40:36 PM,311.55,850,264817.5,41382487.69999999
2025-08-01 12:40:36 PM,311.45,0,0.0,41382487.69999999
2025-08-01 12:40:36 PM,311.6,0,0.0,41382487.69999999
2025-08-01 12:40:40 PM,312.3,0,0.0,41382487.69999999
2025-08-01 12:40:40 PM,312.3,470,146781.0,41529268.69999999
2025-08-01 12:40:41 PM,312.4,6,1874.3999999999999,41531143.09999999
2025-08-01 12:40:44 PM,312.45,0,0.0,41531143.09999999
2025-08-01 12:40:46 PM,312.4,60,18744.0,41549887.09999999
2025-08-01 12:40:50 PM,312.25,0,0.0,41549887.09999999
2025-08-01 12:40:51 PM,312.25,3223,1006381.75,42556268.84999999
2025-08-01 12:40:51 PM,312.2,30,9366.0,42565634.84999999
2025-08-01 12:40:52 PM,312.25,0,0.0,42565634.84999999
2025-08-01 12:40:52 PM,312.75,0,0.0,42565634.84999999
2025-08-01 12:40:54 PM,312.7,0,0.0,42565634.84999999
2025-08-01 12:40:56 PM,312.7,1043,326146.1,42891780.94999999
2025-08-01 12:40:56 PM,312.6,0,0.0,42891780.94999999
2025-08-01 12:40:56 PM,312.45,26,8123.7,42899904.64999999
2025-08-01 12:40:58 PM,312.3,0,0.0,42899904.64999999
2025-08-01 12:41:00 PM,312.45,0,0.0,42899904.64999999
2025-08-01 12:41:01 PM,312.1,68,21222.800000000003,42921127.44999999
2025-08-01 12:41:02 PM,312.05,1,312.05,42921439.499999985
2025-08-01 12:41:04 PM,311.9,0,0.0,42921439.499999985
2025-08-01 12:41:06 PM,311.9,1,311.9,42921751.39999998
2025-08-01 12:41:32 PM,311.75,0,0.0,42921751.39999998
2025-08-01 12:41:32 PM,311.75,470,146522.5,43068273.89999998
2025-08-01 12:41:33 PM,311.75,8,2494.0,43070767.89999998
2025-08-01 12:41:36 PM,311.35,0,0.0,43070767.89999998
2025-08-01 12:41:37 PM,311.5,20,6230.0,43076997.89999998
2025-08-01 12:41:42 PM,311.2,0,0.0,43076997.89999998
2025-08-01 12:41:43 PM,311.2,1,311.2,43077309.09999999
2025-08-01 12:41:48 PM,311.6,0,0.0,43077309.09999999
2025-08-01 12:41:49 PM,311.6,1,311.6,43077620.69999999
2025-08-01 12:41:50 PM,311.25,0,0.0,43077620.69999999
2025-08-01 12:41:52 PM,311.65,0,0.0,43077620.69999999
2025-08-01 12:41:53 PM,311.65,45,14024.249999999998,43091644.94999999
2025-08-01 12:41:58 PM,311.25,0,0.0,43091644.94999999
2025-08-01 12:41:58 PM,311.25,2,622.5,43092267.44999999
2025-08-01 12:43:42 PM,311.75,0,0.0,43092267.44999999
2025-08-01 12:43:44 PM,311.7,2393,745898.1,43838165.54999999
2025-08-01 12:43:45 PM,311.45,14,4360.3,43842525.84999999
2025-08-01 12:43:48 PM,311.65,0,0.0,43842525.84999999
2025-08-01 12:43:50 PM,311.65,80,24932.0,43867457.84999999
2025-08-01 12:43:51 PM,311.5,449,139863.5,44007321.34999999
2025-08-01 12:43:56 PM,311.5,38,11837.0,44019158.34999999
2025-08-01 12:44:36 PM,311.3,0,0.0,44019158.34999999
2025-08-01 12:44:38 PM,311.5,0,0.0,44019158.34999999
2025-08-01 12:44:38 PM,311.5,21,6541.5,44025699.84999999
2025-08-01 12:44:58 PM,311.3,0,0.0,44025699.84999999
2025-08-01 12:44:59 PM,311.3,2,622.6,44026322.44999999
2025-08-01 12:45:02 PM,311.0,0,0.0,44026322.44999999
2025-08-01 12:45:04 PM,311.0,336,104496.0,44130818.44999999
2025-08-01 12:45:30 PM,311.3,0,0.0,44130818.44999999
2025-08-01 12:45:30 PM,311.3,2117,659022.1,44789840.54999999
2025-08-01 12:45:32 PM,311.5,0,0.0,44789840.54999999
2025-08-01 12:45:35 PM,311.5,79,24608.5,44814449.04999999
2025-08-01 12:46:01 PM,311.8,44,13719.2,44828168.24999999
2025-08-01 12:46:10 PM,311.8,10,3118.0,44831286.24999999
2025-08-01 12:46:20 PM,311.8,2,623.6,44831909.849999994
2025-08-01 12:47:36 PM,311.75,0,0.0,44831909.849999994
2025-08-01 12:47:37 PM,311.75,52,16211.0,44848120.849999994
2025-08-01 12:47:42 PM,311.8,26,8106.8,44856227.64999999
2025-08-01 12:47:52 PM,311.55,0,0.0,44856227.64999999
2025-08-01 12:47:53 PM,311.55,15,4673.25,44860900.89999999
2025-08-01 12:47:54 PM,311.8,0,0.0,44860900.89999999
2025-08-01 12:47:57 PM,311.8,1,311.8,44861212.69999999
2025-08-01 12:48:48 PM,311.8,1,311.8,44861524.499999985
2025-08-01 12:49:24 PM,311.5,0,0.0,44861524.499999985
2025-08-01 12:49:26 PM,311.8,0,0.0,44861524.499999985
2025-08-01 12:49:26 PM,311.8,16,4988.8,44866513.29999998
2025-08-01 12:49:31 PM,311.8,2,623.6,44867136.89999998
2025-08-01 12:50:42 PM,312.1,0,0.0,44867136.89999998
2025-08-01 12:50:43 PM,312.3,493,153963.9,45021100.79999998
2025-08-01 12:50:48 PM,312.3,20,6246.0,45027346.79999998
2025-08-01 12:50:55 PM,312.3,12,3747.6000000000004,45031094.39999998
2025-08-01 12:51:14 PM,312.3,1,312.3,45031406.69999998
2025-08-01 12:52:01 PM,312.3,2,624.6,45032031.29999998
2025-08-01 12:52:24 PM,312.25,0,0.0,45032031.29999998
2025-08-01 12:52:25 PM,312.25,55,17173.75,45049205.04999998
2025-08-01 12:53:48 PM,312.0,0,0.0,45049205.04999998
2025-08-01 12:53:49 PM,312.0,275,85800.0,45135005.04999998
2025-08-01 12:54:14 PM,311.85,10,3118.5,45138123.54999998
2025-08-01 12:54:32 PM,312.35,0,0.0,45138123.54999998
2025-08-01 12:54:34 PM,312.4,427,133394.8,45271518.34999998
2025-08-01 12:54:49 PM,312.4,1,312.4,45271830.74999998
2025-08-01 12:55:00 PM,312.45,0,0.0,45271830.74999998
2025-08-01 12:55:01 PM,312.45,434,135603.3,45407434.049999975
2025-08-01 12:55:01 PM,312.45,1,312.45,45407746.49999998
2025-08-01 12:55:10 PM,312.75,0,0.0,45407746.49999998
2025-08-01 12:55:12 PM,312.75,182,56920.5,45464666.99999998
2025-08-01 12:55:12 PM,312.25,0,0.0,45464666.99999998
2025-08-01 12:55:17 PM,312.25,1,312.25,45464979.24999998
2025-08-01 12:55:42 PM,312.0,2218,692016.0,46156995.24999998
2025-08-01 12:55:47 PM,312.0,3,936.0,46157931.24999998
2025-08-01 12:56:32 PM,311.85,23,7172.55,46165103.799999975
2025-08-01 12:59:17 PM,311.85,10,3118.5,46168222.299999975
2025-08-01 01:00:07 PM,312.0,0,0.0,46168222.299999975
2025-08-01 01:00:10 PM,312.0,5,1560.0,46169782.299999975
2025-08-01 01:00:36 PM,312.0,5,1560.0,46171342.299999975
2025-08-01 01:02:39 PM,311.85,0,0.0,46171342.299999975
2025-08-01 01:02:39 PM,311.85,5,1559.25,46172901.549999975
2025-08-01 01:03:13 PM,311.85,39,12162.150000000001,46185063.69999997
2025-08-01 01:03:57 PM,311.85,3,935.5500000000001,46185999.24999997
2025-08-01 01:04:02 PM,311.85,87,27130.95,46213130.19999997
2025-08-01 01:04:23 PM,311.95,0,0.0,46213130.19999997
2025-08-01 01:04:23 PM,311.95,15,4679.25,46217809.44999997
2025-08-01 01:05:13 PM,312.2,0,0.0,46217809.44999997
2025-08-01 01:05:15 PM,312.6,0,0.0,46217809.44999997
2025-08-01 01:05:15 PM,312.6,584,182558.40000000002,46400367.84999997
2025-08-01 01:05:20 PM,312.6,125,39075.0,46439442.84999997
2025-08-01 01:05:43 PM,312.45,0,0.0,46439442.84999997
2025-08-01 01:05:43 PM,312.45,769,240274.05,46679716.89999997
2025-08-01 01:05:43 PM,312.5,0,0.0,46679716.89999997
2025-08-01 01:05:47 PM,312.5,1,312.5,46680029.39999997
2025-08-01 01:05:48 PM,312.45,18,5624.099999999999,46685653.49999997
2025-08-01 01:05:56 PM,312.2,82,25600.399999999998,46711253.89999997
2025-08-01 01:06:03 PM,312.2,39,12175.8,46723429.699999966
2025-08-01 01:06:12 PM,312.2,1931,602858.2,47326287.89999997
2025-08-01 01:06:15 PM,312.6,0,0.0,47326287.89999997
2025-08-01 01:06:17 PM,312.6,23,7189.8,47333477.699999966
2025-08-01 01:06:19 PM,312.45,0,0.0,47333477.699999966
2025-08-01 01:06:23 PM,312.45,239,74675.55,47408153.24999996
2025-08-01 01:06:41 PM,312.2,0,0.0,47408153.24999996
2025-08-01 01:06:43 PM,312.2,2,624.4,47408777.64999996
2025-08-01 01:08:20 PM,312.45,0,0.0,47408777.64999996
2025-08-01 01:08:20 PM,312.45,2,624.9,47409402.54999996
2025-08-01 01:08:40 PM,312.45,1,312.45,47409714.99999996
2025-08-01 01:08:50 PM,312.45,12,3749.3999999999996,47413464.39999996
2025-08-01 01:08:56 PM,312.45,104,32494.8,47445959.19999996
2025-08-01 01:09:01 PM,312.4,181,56544.399999999994,47502503.59999996
2025-08-01 01:09:25 PM,312.4,1,312.4,47502815.999999955
2025-08-01 01:09:38 PM,312.4,11,3436.3999999999996,47506252.399999954
2025-08-01 01:09:46 PM,312.3,0,0.0,47506252.399999954
2025-08-01 01:09:48 PM,312.3,160,49968.0,47556220.399999954
2025-08-01 01:10:03 PM,312.3,113,35289.9,47591510.29999995
2025-08-01 01:10:04 PM,312.2,0,0.0,47591510.29999995
2025-08-01 01:10:05 PM,312.2,171,53386.2,47644896.499999955
2025-08-01 01:10:37 PM,312.1,0,0.0,47644896.499999955
2025-08-01 01:10:38 PM,312.1,191,59611.100000000006,47704507.59999996
2025-08-01 01:10:41 PM,312.1,104,32458.4,47736965.999999955
2025-08-01 01:10:51 PM,312.1,69,21534.9,47758500.899999954
2025-08-01 01:14:04 PM,312.65,0,0.0,47758500.899999954
2025-08-01 01:14:05 PM,312.55,1922,600721.1,48359221.999999955
2025-08-01 01:14:06 PM,312.85,0,0.0,48359221.999999955
2025-08-01 01:14:07 PM,312.85,10,3128.5,48362350.499999955
2025-08-01 01:14:10 PM,312.9,63,19712.699999999997,48382063.19999996
2025-08-01 01:14:12 PM,312.85,0,0.0,48382063.19999996
2025-08-01 01:14:14 PM,312.95,0,0.0,48382063.19999996
2025-08-01 01:14:15 PM,312.95,165,51636.75,48433699.94999996
2025-08-01 01:14:18 PM,312.95,1,312.95,48434012.89999996
2025-08-01 01:14:25 PM,312.3,129,40286.700000000004,48474299.599999964
2025-08-01 01:14:42 PM,312.4,0,0.0,48474299.599999964
2025-08-01 01:14:43 PM,312.4,6,1874.3999999999999,48476173.99999996
2025-08-01 01:15:06 PM,312.6,0,0.0,48476173.99999996
2025-08-01 01:15:07 PM,312.6,1,312.6,48476486.599999964
2025-08-01 01:15:38 PM,312.8,0,0.0,48476486.599999964
2025-08-01 01:15:39 PM,312.8,31,9696.800000000001,48486183.39999996
2025-08-01 01:16:57 PM,313.1,551,172518.1,48658701.49999996
2025-08-01 01:16:58 PM,313.35,0,0.0,48658701.49999996
2025-08-01 01:16:59 PM,313.35,2,626.7,48659328.199999966
2025-08-01 01:17:02 PM,313.55,0,0.0,48659328.199999966
2025-08-01 01:17:02 PM,313.55,60,18813.0,48678141.199999966
2025-08-01 01:17:04 PM,313.55,13,4076.15,48682217.349999964
2025-08-01 01:17:08 PM,313.35,0,0.0,48682217.349999964
2025-08-01 01:17:09 PM,313.4,1961,614577.3999999999,49296794.74999996
2025-08-01 01:17:12 PM,313.65,0,0.0,49296794.74999996
2025-08-01 01:17:12 PM,313.65,675,211713.74999999997,49508508.49999996
2025-08-01 01:17:14 PM,313.6,0,0.0,49508508.49999996
2025-08-01 01:17:14 PM,313.6,604,189414.40000000002,49697922.89999996
2025-08-01 01:17:16 PM,313.7,0,0.0,49697922.89999996
2025-08-01 01:17:17 PM,313.7,24,7528.799999999999,49705451.69999996
2025-08-01 01:17:22 PM,313.6,0,0.0,49705451.69999996
2025-08-01 01:17:22 PM,313.6,1344,421478.4,50126930.09999996
2025-08-01 01:17:38 PM,313.65,0,0.0,50126930.09999996
2025-08-01 01:17:39 PM,313.65,36,11291.4,50138221.499999955
2025-08-01 01:17:52 PM,313.55,0,0.0,50138221.499999955
2025-08-01 01:17:54 PM,313.55,191,59888.05,50198109.54999995
2025-08-01 01:18:04 PM,313.55,21,6584.55,50204694.09999995
2025-08-01 01:18:14 PM,313.15,5,1565.75,50206259.84999995
2025-08-01 01:18:24 PM,313.5,0,0.0,50206259.84999995
2025-08-01 01:18:24 PM,313.5,27,8464.5,50214724.34999995
2025-08-01 01:18:36 PM,313.1,0,0.0,50214724.34999995
2025-08-01 01:18:39 PM,313.1,54,16907.4,50231631.74999995
2025-08-01 01:18:55 PM,313.4,66,20684.399999999998,50252316.14999995
2025-08-01 01:18:58 PM,312.85,0,0.0,50252316.14999995
2025-08-01 01:18:59 PM,312.85,2,625.7,50252941.84999995
2025-08-01 01:19:00 PM,312.85,2,625.7,50253567.54999995
2025-08-01 01:19:09 PM,313.15,130,40709.5,50294277.04999995
2025-08-01 01:20:32 PM,312.75,0,0.0,50294277.04999995
2025-08-01 01:20:34 PM,312.75,4,1251.0,50295528.04999995
2025-08-01 01:21:10 PM,312.95,0,0.0,50295528.04999995
2025-08-01 01:21:13 PM,312.95,104,32546.8,50328074.84999995
2025-08-01 01:21:16 PM,312.75,0,0.0,50328074.84999995
2025-08-01 01:21:18 PM,312.75,2,625.5,50328700.34999995
2025-08-01 01:21:24 PM,312.75,296,92574.0,50421274.34999995
2025-08-01 01:22:34 PM,312.65,121,37830.649999999994,50459104.99999995
2025-08-01 01:23:00 PM,312.5,0,0.0,50459104.99999995
2025-08-01 01:23:02 PM,312.5,10,3125.0,50462229.99999995
2025-08-01 01:23:08 PM,312.75,0,0.0,50462229.99999995
2025-08-01 01:23:11 PM,312.75,1587,496334.25,50958564.24999995
2025-08-01 01:23:40 PM,312.75,1,312.75,50958876.99999995
2025-08-01 01:23:46 PM,312.95,0,0.0,50958876.99999995
2025-08-01 01:23:50 PM,312.95,1833,573637.35,51532514.34999995
2025-08-01 01:23:52 PM,313.2,0,0.0,51532514.34999995
2025-08-01 01:23:55 PM,313.2,43,13467.6,51545981.94999995
2025-08-01 01:24:00 PM,313.2,2,626.4,51546608.34999995
2025-08-01 01:24:02 PM,313.3,0,0.0,51546608.34999995
2025-08-01 01:24:04 PM,313.3,6,1879.8000000000002,51548488.14999995
2025-08-01 01:24:06 PM,313.0,0,0.0,51548488.14999995
2025-08-01 01:24:09 PM,313.0,13,4069.0,51552557.14999995
2025-08-01 01:24:11 PM,313.05,0,0.0,51552557.14999995
2025-08-01 01:24:14 PM,313.05,195,61044.75,51613601.89999995
2025-08-01 01:25:00 PM,312.6,0,0.0,51613601.89999995
2025-08-01 01:25:01 PM,312.65,0,0.0,51613601.89999995
2025-08-01 01:25:01 PM,312.65,791,247306.15,51860908.049999945
2025-08-01 01:25:06 PM,312.9,30,9387.0,51870295.049999945
2025-08-01 01:25:07 PM,312.9,1,312.9,51870607.94999994
2025-08-01 01:25:41 PM,312.9,10,3129.0,51873736.94999994
2025-08-01 01:26:05 PM,312.85,0,0.0,51873736.94999994
2025-08-01 01:26:06 PM,312.85,122,38167.700000000004,51911904.64999995
2025-08-01 01:26:09 PM,312.8,0,0.0,51911904.64999995
2025-08-01 01:26:11 PM,312.8,161,50360.8,51962265.44999994
2025-08-01 01:27:03 PM,312.7,0,0.0,51962265.44999994
2025-08-01 01:27:05 PM,312.7,70,21889.0,51984154.44999994
2025-08-01 01:27:31 PM,312.3,0,0.0,51984154.44999994
2025-08-01 01:27:34 PM,312.3,1,312.3,51984466.74999994
2025-08-01 01:28:08 PM,312.3,7,2186.1,51986652.84999994
2025-08-01 01:33:14 PM,312.55,0,0.0,51986652.84999994
2025-08-01 01:33:15 PM,312.25,144,44964.0,52031616.84999994
2025-08-01 01:33:16 PM,312.55,0,0.0,52031616.84999994
2025-08-01 01:33:20 PM,312.55,5,1562.75,52033179.59999994
2025-08-01 01:34:28 PM,312.55,11,3438.05,52036617.64999994
2025-08-01 01:35:01 PM,312.55,31,9689.050000000001,52046306.699999936
2025-08-01 01:36:16 PM,312.4,0,0.0,52046306.699999936
2025-08-01 01:36:18 PM,312.4,1308,408619.19999999995,52454925.89999994
2025-08-01 01:36:21 PM,312.5,0,0.0,52454925.89999994
2025-08-01 01:36:23 PM,312.5,42,13125.0,52468050.89999994
2025-08-01 01:36:43 PM,312.5,14,4375.0,52472425.89999994
2025-08-01 01:37:27 PM,312.5,15,4687.5,52477113.39999994
2025-08-01 01:37:56 PM,312.0,3329,1038648.0,53515761.39999994
2025-08-01 01:37:56 PM,312.3,0,0.0,53515761.39999994
2025-08-01 01:37:57 PM,312.3,10,3123.0,53518884.39999994
2025-08-01 01:37:58 PM,312.2,0,0.0,53518884.39999994
2025-08-01 01:38:00 PM,311.75,0,0.0,53518884.39999994
2025-08-01 01:38:01 PM,311.75,2,623.5,53519507.89999994
2025-08-01 01:38:24 PM,311.7,0,0.0,53519507.89999994
2025-08-01 01:38:29 PM,311.7,1,311.7,53519819.59999994
2025-08-01 01:38:50 PM,312.05,69,21531.45,53541351.049999945
2025-08-01 01:39:38 PM,311.9,0,0.0,53541351.049999945
2025-08-01 01:39:38 PM,311.9,8,2495.2,53543846.24999995
2025-08-01 01:40:40 PM,311.45,0,0.0,53543846.24999995
2025-08-01 01:40:42 PM,311.35,0,0.0,53543846.24999995
2025-08-01 01:40:44 PM,311.35,1302,405377.7,53949223.94999995
2025-08-01 01:40:59 PM,311.35,1,311.35,53949535.29999995
2025-08-01 01:41:10 PM,310.85,0,0.0,53949535.29999995
2025-08-01 01:41:12 PM,310.95,0,0.0,53949535.29999995
2025-08-01 01:41:14 PM,310.95,477,148323.15,54097858.44999995
2025-08-01 01:42:17 PM,310.95,1,310.95,54098169.399999954
2025-08-01 01:43:18 PM,310.85,0,0.0,54098169.399999954
2025-08-01 01:43:21 PM,310.85,41,12744.85,54110914.249999955
2025-08-01 01:43:24 PM,310.95,0,0.0,54110914.249999955
2025-08-01 01:43:26 PM,311.0,0,0.0,54110914.249999955
2025-08-01 01:43:26 PM,311.0,157,48827.0,54159741.249999955
2025-08-01 01:44:51 PM,311.0,1065,331215.0,54490956.249999955
2025-08-01 01:44:56 PM,311.0,2,622.0,54491578.249999955
2025-08-01 01:46:05 PM,311.0,1,311.0,54491889.249999955
2025-08-01 01:46:24 PM,311.0,49,15239.0,54507128.249999955
2025-08-01 01:46:36 PM,310.6,3734,1159780.4000000001,55666908.649999954
2025-08-01 01:46:36 PM,310.7,0,0.0,55666908.649999954
2025-08-01 01:46:40 PM,310.7,140,43498.0,55710406.649999954
2025-08-01 01:46:41 PM,310.65,86,26715.899999999998,55737122.54999995
2025-08-01 01:46:54 PM,310.5,0,0.0,55737122.54999995
2025-08-01 01:46:55 PM,310.5,36,11178.0,55748300.54999995
2025-08-01 01:47:38 PM,310.0,0,0.0,55748300.54999995
2025-08-01 01:47:40 PM,310.0,2,620.0,55748920.54999995
2025-08-01 01:47:50 PM,310.0,2,620.0,55749540.54999995
2025-08-01 01:48:02 PM,310.25,0,0.0,55749540.54999995
2025-08-01 01:48:02 PM,310.3,0,0.0,55749540.54999995
2025-08-01 01:48:05 PM,310.3,2529,784748.7000000001,56534289.249999955
2025-08-01 01:48:06 PM,310.35,0,0.0,56534289.249999955
2025-08-01 01:48:10 PM,310.35,63,19552.050000000003,56553841.29999995
2025-08-01 01:48:15 PM,310.35,12,3724.2000000000003,56557565.499999955
2025-08-01 01:49:12 PM,310.25,0,0.0,56557565.499999955
2025-08-01 01:49:13 PM,309.9,0,0.0,56557565.499999955
2025-08-01 01:49:14 PM,310.35,1358,421455.30000000005,56979020.79999995
2025-08-01 01:49:36 PM,309.9,0,0.0,56979020.79999995
2025-08-01 01:49:37 PM,309.9,68,21073.199999999997,57000093.999999955
2025-08-01 01:49:49 PM,309.85,0,0.0,57000093.999999955
2025-08-01 01:49:52 PM,309.85,5,1549.25,57001643.249999955
2025-08-01 01:49:52 PM,309.9,0,0.0,57001643.249999955
2025-08-01 01:49:53 PM,309.9,116,35948.399999999994,57037591.649999954
2025-08-01 01:50:09 PM,309.85,0,0.0,57037591.649999954
2025-08-01 01:50:12 PM,309.85,251,77772.35,57115363.999999955
2025-08-01 01:50:14 PM,309.9,0,0.0,57115363.999999955
2025-08-01 01:50:17 PM,309.9,9,2789.1,57118153.09999996
2025-08-01 01:50:18 PM,309.85,0,0.0,57118153.09999996
2025-08-01 01:50:22 PM,309.85,1,309.85,57118462.94999996
2025-08-01 01:51:06 PM,309.85,1,309.85,57118772.79999996
2025-08-01 01:51:27 PM,309.9,11,3408.8999999999996,57122181.69999996
2025-08-01 01:51:35 PM,309.9,24,7437.599999999999,57129619.29999996
2025-08-01 01:52:14 PM,309.8,0,0.0,57129619.29999996
2025-08-01 01:52:14 PM,309.45,79,24446.55,57154065.84999996
2025-08-01 01:52:15 PM,309.75,3,929.25,57154995.09999996
2025-08-01 01:53:08 PM,309.75,52,16107.0,57171102.09999996
2025-08-01 01:53:32 PM,309.5,1,309.5,57171411.59999996
2025-08-01 01:53:32 PM,309.75,0,0.0,57171411.59999996
2025-08-01 01:53:35 PM,309.75,1,309.75,57171721.34999996
2025-08-01 01:53:52 PM,309.7,0,0.0,57171721.34999996
2025-08-01 01:53:55 PM,309.7,3,929.0999999999999,57172650.44999996
2025-08-01 01:54:15 PM,309.75,0,0.0,57172650.44999996
2025-08-01 01:54:15 PM,309.75,1,309.75,57172960.19999996
2025-08-01 01:54:56 PM,309.85,104,32224.4,57205184.59999996
2025-08-01 01:55:22 PM,309.85,105,32534.250000000004,57237718.84999996
2025-08-01 01:55:32 PM,309.85,26,8056.1,57245774.94999996
2025-08-01 01:56:11 PM,309.85,22,6816.700000000001,57252591.64999996
2025-08-01 01:56:31 PM,309.9,181,56091.899999999994,57308683.54999996
2025-08-01 01:56:56 PM,309.9,10,3099.0,57311782.54999996
2025-08-01 01:57:01 PM,309.9,14,4338.599999999999,57316121.14999996
2025-08-01 01:57:21 PM,309.9,5,1549.5,57317670.64999996
2025-08-01 01:57:22 PM,309.85,0,0.0,57317670.64999996
2025-08-01 01:57:26 PM,309.85,8,2478.8,57320149.44999996
2025-08-01 01:57:40 PM,309.9,10,3099.0,57323248.44999996
2025-08-01 01:58:29 PM,309.9,2,619.8,57323868.249999955
2025-08-01 01:58:34 PM,309.9,10,3099.0,57326967.249999955
2025-08-01 01:58:39 PM,309.9,1,309.9,57327277.149999954
2025-08-01 01:58:55 PM,309.9,2,619.8,57327896.94999995
2025-08-01 01:59:10 PM,309.85,0,0.0,57327896.94999995
2025-08-01 01:59:10 PM,309.85,2,619.7,57328516.649999954
2025-08-01 02:00:16 PM,309.9,2,619.8,57329136.44999995
2025-08-01 02:00:26 PM,309.9,3,929.6999999999999,57330066.149999954
2025-08-01 02:00:44 PM,310.0,0,0.0,57330066.149999954
2025-08-01 02:00:44 PM,310.0,208,64480.0,57394546.149999954
2025-08-01 02:02:10 PM,309.85,0,0.0,57394546.149999954
2025-08-01 02:02:12 PM,309.85,1,309.85,57394855.999999955
2025-08-01 02:02:36 PM,309.9,0,0.0,57394855.999999955
2025-08-01 02:02:37 PM,309.9,49,15185.099999999999,57410041.09999996
2025-08-01 02:02:42 PM,309.85,1,309.85,57410350.94999996
2025-08-01 02:02:54 PM,309.75,0,0.0,57410350.94999996
2025-08-01 02:02:56 PM,309.7,0,0.0,57410350.94999996
2025-08-01 02:02:57 PM,309.7,262,81141.4,57491492.34999996
2025-08-01 02:05:30 PM,309.65,0,0.0,57491492.34999996
2025-08-01 02:05:33 PM,309.65,36,11147.4,57502639.749999955
2025-08-01 02:05:38 PM,309.65,13,4025.45,57506665.19999996
2025-08-01 02:05:58 PM,309.5,40,12380.0,57519045.19999996
2025-08-01 02:05:58 PM,309.5,2,619.0,57519664.19999996
2025-08-01 02:06:23 PM,309.5,104,32188.0,57551852.19999996
2025-08-01 02:06:49 PM,309.5,48,14856.0,57566708.19999996
2025-08-01 02:06:59 PM,309.4,0,0.0,57566708.19999996
2025-08-01 02:07:00 PM,309.4,1678,519173.19999999995,58085881.39999996
2025-08-01 02:07:19 PM,309.1,0,0.0,58085881.39999996
2025-08-01 02:07:20 PM,309.1,3,927.3000000000001,58086808.69999996
2025-08-01 02:07:46 PM,309.0,0,0.0,58086808.69999996
2025-08-01 02:07:51 PM,309.0,198,61182.0,58147990.69999996
2025-08-01 02:08:14 PM,308.9,0,0.0,58147990.69999996
2025-08-01 02:08:16 PM,308.85,0,0.0,58147990.69999996
2025-08-01 02:08:16 PM,308.85,388,119833.8,58267824.499999955
2025-08-01 02:08:21 PM,308.95,29,8959.55,58276784.04999995
2025-08-01 02:08:23 PM,308.85,0,0.0,58276784.04999995
2025-08-01 02:08:26 PM,308.85,6,1853.1000000000001,58278637.149999954
2025-08-01 02:08:31 PM,308.85,2,617.7,58279254.84999996
2025-08-01 02:08:37 PM,308.85,1,308.85,58279563.69999996
2025-08-01 02:09:15 PM,308.75,0,0.0,58279563.69999996
2025-08-01 02:09:18 PM,308.75,17,5248.75,58284812.44999996
2025-08-01 02:09:23 PM,308.75,2,617.5,58285429.94999996
2025-08-01 02:09:43 PM,308.75,11,3396.25,58288826.19999996
2025-08-01 02:10:08 PM,308.45,0,0.0,58288826.19999996
2025-08-01 02:10:13 PM,308.45,388,119678.59999999999,58408504.79999996
2025-08-01 02:10:17 PM,308.45,1,308.45,58408813.24999996
2025-08-01 02:10:32 PM,308.4,0,0.0,58408813.24999996
2025-08-01 02:10:33 PM,308.4,500,154200.0,58563013.24999996
2025-08-01 02:10:53 PM,308.8,150,46320.0,58609333.24999996
2025-08-01 02:11:10 PM,308.95,0,0.0,58609333.24999996
2025-08-01 02:11:15 PM,308.95,150,46342.5,58655675.74999996
2025-08-01 02:11:35 PM,308.5,0,0.0,58655675.74999996
2025-08-01 02:11:35 PM,308.5,1,308.5,58655984.24999996
2025-08-01 02:11:45 PM,308.5,20,6170.0,58662154.24999996
2025-08-01 02:12:24 PM,309.0,0,0.0,58662154.24999996
2025-08-01 02:12:26 PM,309.0,300,92700.0,58754854.24999996
2025-08-01 02:12:59 PM,308.95,1,308.95,58755163.199999966
2025-08-01 02:13:07 PM,309.15,928,286891.19999999995,59042054.39999997
2025-08-01 02:13:08 PM,309.2,0,0.0,59042054.39999997
2025-08-01 02:13:09 PM,309.2,42,12986.4,59055040.79999997
2025-08-01 02:13:17 PM,309.5,40,12380.0,59067420.79999997
2025-08-01 02:13:23 PM,309.5,100,30950.0,59098370.79999997
2025-08-01 02:15:42 PM,309.35,0,0.0,59098370.79999997
2025-08-01 02:15:43 PM,309.0,280,86520.0,59184890.79999997
2025-08-01 02:16:02 PM,309.0,52,16068.0,59200958.79999997
2025-08-01 02:16:57 PM,309.0,8,2472.0,59203430.79999997
2025-08-01 02:16:58 PM,308.9,4,1235.6,59204666.39999997
2025-08-01 02:17:27 PM,308.9,250,77225.0,59281891.39999997
2025-08-01 02:18:04 PM,308.9,747,230748.3,59512639.699999966
2025-08-01 02:18:16 PM,308.8,0,0.0,59512639.699999966
2025-08-01 02:18:19 PM,308.8,1048,323622.4,59836262.099999964
2025-08-01 02:18:42 PM,308.9,0,0.0,59836262.099999964
2025-08-01 02:18:44 PM,308.9,54,16680.6,59852942.699999966
2025-08-01 02:19:04 PM,308.75,0,0.0,59852942.699999966
2025-08-01 02:19:04 PM,308.75,22,6792.5,59859735.199999966
2025-08-01 02:19:25 PM,308.4,128,39475.2,59899210.39999997
2025-08-01 02:19:25 PM,308.7,21,6482.7,59905693.09999997
2025-08-01 02:19:27 PM,309.45,0,0.0,59905693.09999997
2025-08-01 02:19:30 PM,309.5,0,0.0,59905693.09999997
2025-08-01 02:19:31 PM,309.5,502,155369.0,60061062.09999997
2025-08-01 02:20:20 PM,309.25,0,0.0,60061062.09999997
2025-08-01 02:20:23 PM,309.25,2,618.5,60061680.59999997
2025-08-01 02:21:12 PM,309.2,0,0.0,60061680.59999997
2025-08-01 02:21:14 PM,309.2,403,124607.59999999999,60186288.19999997
2025-08-01 02:23:16 PM,309.15,2,618.3,60186906.49999997
2025-08-01 02:23:32 PM,309.3,0,0.0,60186906.49999997
2025-08-01 02:23:32 PM,309.3,12,3711.6000000000004,60190618.09999997
2025-08-01 02:23:43 PM,309.3,17,5258.1,60195876.19999997
2025-08-01 02:24:52 PM,309.35,18,5568.3,60201444.49999997
2025-08-01 02:25:38 PM,309.2,0,0.0,60201444.49999997
2025-08-01 02:25:40 PM,309.25,4,1237.0,60202681.49999997
2025-08-01 02:25:57 PM,309.05,0,0.0,60202681.49999997
2025-08-01 02:25:59 PM,309.3,0,0.0,60202681.49999997
2025-08-01 02:26:00 PM,309.3,291,90006.3,60292687.79999997
2025-08-01 02:26:22 PM,309.3,11,3402.3,60296090.099999964
2025-08-01 02:26:32 PM,309.3,5,1546.5,60297636.599999964
2025-08-01 02:27:58 PM,309.3,16,4948.8,60302585.39999996
2025-08-01 02:28:31 PM,309.3,4,1237.2,60303822.599999964
2025-08-01 02:28:48 PM,309.3,1,309.3,60304131.89999996
2025-08-01 02:29:11 PM,309.3,8,2474.4,60306606.29999996
2025-08-01 02:29:17 PM,309.05,0,0.0,60306606.29999996
2025-08-01 02:29:17 PM,309.05,16,4944.8,60311551.09999996
2025-08-01 02:29:53 PM,309.5,0,0.0,60311551.09999996
2025-08-01 02:29:54 PM,309.5,116,35902.0,60347453.09999996
2025-08-01 02:29:55 PM,309.5,1,309.5,60347762.59999996
2025-08-01 02:30:38 PM,309.5,10,3095.0,60350857.59999996
2025-08-01 02:30:54 PM,309.5,13,4023.5,60354881.09999996
2025-08-01 02:31:22 PM,309.5,10,3095.0,60357976.09999996
2025-08-01 02:31:26 PM,309.15,0,0.0,60357976.09999996
2025-08-01 02:31:28 PM,309.15,20,6183.0,60364159.09999996
2025-08-01 02:32:16 PM,309.5,0,0.0,60364159.09999996
2025-08-01 02:32:16 PM,309.5,10,3095.0,60367254.09999996
2025-08-01 02:32:25 PM,309.2,0,0.0,60367254.09999996
2025-08-01 02:32:27 PM,309.2,1,309.2,60367563.29999996
2025-08-01 02:32:29 PM,309.15,0,0.0,60367563.29999996
2025-08-01 02:32:32 PM,309.15,50,15457.499999999998,60383020.79999996
2025-08-01 02:32:35 PM,309.0,0,0.0,60383020.79999996
2025-08-01 02:32:37 PM,309.0,183,56547.0,60439567.79999996
2025-08-01 02:33:07 PM,309.2,0,0.0,60439567.79999996
2025-08-01 02:33:07 PM,309.2,1,309.2,60439876.99999996
2025-08-01 02:33:40 PM,309.1,0,0.0,60439876.99999996
2025-08-01 02:33:40 PM,309.1,1,309.1,60440186.099999964
2025-08-01 02:33:45 PM,309.2,10,3092.0,60443278.099999964
2025-08-01 02:34:10 PM,309.0,0,0.0,60443278.099999964
2025-08-01 02:34:11 PM,309.0,15,4635.0,60447913.099999964
2025-08-01 02:35:21 PM,309.35,0,0.0,60447913.099999964
2025-08-01 02:35:21 PM,309.35,144,44546.4,60492459.49999996
2025-08-01 02:35:28 PM,309.4,0,0.0,60492459.49999996
2025-08-01 02:35:29 PM,309.4,1,309.4,60492768.89999996
2025-08-01 02:35:59 PM,309.45,0,0.0,60492768.89999996
2025-08-01 02:36:00 PM,309.45,15,4641.75,60497410.64999996
2025-08-01 02:36:22 PM,309.35,2,618.7,60498029.349999964
2025-08-01 02:37:00 PM,309.5,0,0.0,60498029.349999964
2025-08-01 02:37:01 PM,309.5,27,8356.5,60506385.849999964
2025-08-01 02:37:15 PM,309.35,0,0.0,60506385.849999964
2025-08-01 02:37:16 PM,309.35,13,4021.55,60510407.39999996
2025-08-01 02:37:17 PM,309.5,1,309.5,60510716.89999996
2025-08-01 02:37:42 PM,309.5,9,2785.5,60513502.39999996
2025-08-01 02:37:47 PM,309.55,2,619.1,60514121.49999996
2025-08-01 02:38:18 PM,309.1,0,0.0,60514121.49999996
2025-08-01 02:38:21 PM,309.1,267,82529.70000000001,60596651.199999966
2025-08-01 02:38:40 PM,309.0,0,0.0,60596651.199999966
2025-08-01 02:38:44 PM,309.0,2,618.0,60597269.199999966
2025-08-01 02:38:49 PM,309.0,1,309.0,60597578.199999966
2025-08-01 02:39:04 PM,309.3,0,0.0,60597578.199999966
2025-08-01 02:39:07 PM,309.3,28,8660.4,60606238.599999964
2025-08-01 02:40:09 PM,309.3,6,1855.8000000000002,60608094.39999996
2025-08-01 02:40:13 PM,309.35,0,0.0,60608094.39999996
2025-08-01 02:40:15 PM,309.35,25,7733.750000000001,60615828.14999996
2025-08-01 02:40:36 PM,309.15,0,0.0,60615828.14999996
2025-08-01 02:40:36 PM,309.15,1,309.15,60616137.29999996
2025-08-01 02:41:36 PM,309.2,0,0.0,60616137.29999996
2025-08-01 02:41:37 PM,309.2,50,15460.0,60631597.29999996
2025-08-01 02:42:35 PM,309.35,3,928.0500000000001,60632525.34999996
2025-08-01 02:43:08 PM,309.2,0,0.0,60632525.34999996
2025-08-01 02:43:12 PM,309.2,16,4947.2,60637472.54999996
2025-08-01 02:44:05 PM,308.75,0,0.0,60637472.54999996
2025-08-01 02:44:07 PM,308.75,2858,882407.5,61519880.04999996
2025-08-01 02:44:08 PM,308.75,49,15128.75,61535008.79999996
2025-08-01 02:44:52 PM,308.75,45,13893.75,61548902.54999996
2025-08-01 02:44:55 PM,308.8,0,0.0,61548902.54999996
2025-08-01 02:44:58 PM,308.75,132,40755.0,61589657.54999996
2025-08-01 02:45:10 PM,308.5,0,0.0,61589657.54999996
2025-08-01 02:45:10 PM,308.7,0,0.0,61589657.54999996
2025-08-01 02:45:15 PM,308.7,150,46305.0,61635962.54999996
2025-08-01 02:45:43 PM,308.8,23,7102.400000000001,61643064.94999996
2025-08-01 02:45:52 PM,308.65,0,0.0,61643064.94999996
2025-08-01 02:45:53 PM,308.65,338,104323.7,61747388.64999996
2025-08-01 02:46:16 PM,308.85,0,0.0,61747388.64999996
2025-08-01 02:46:16 PM,308.85,10,3088.5,61750477.14999996
2025-08-01 02:46:17 PM,308.75,6,1852.5,61752329.64999996
2025-08-01 02:46:57 PM,308.9,0,0.0,61752329.64999996
2025-08-01 02:47:00 PM,308.85,23,7103.55,61759433.19999996
2025-08-01 02:47:01 PM,309.0,51,15759.0,61775192.19999996
2025-08-01 02:47:07 PM,309.1,60,18546.0,61793738.19999996
2025-08-01 02:47:34 PM,309.05,1,309.05,61794047.249999955
2025-08-01 02:48:02 PM,309.45,0,0.0,61794047.249999955
2025-08-01 02:48:03 PM,309.45,124,38371.799999999996,61832419.04999995
2025-08-01 02:48:45 PM,309.55,0,0.0,61832419.04999995
2025-08-01 02:48:48 PM,309.55,108,33431.4,61865850.44999995
2025-08-01 02:49:05 PM,309.65,11,3406.1499999999996,61869256.59999995
2025-08-01 02:49:17 PM,309.7,14,4335.8,61873592.39999995
2025-08-01 02:49:31 PM,309.8,0,0.0,61873592.39999995
2025-08-01 02:49:32 PM,309.8,10,3098.0,61876690.39999995
2025-08-01 02:49:44 PM,309.8,10,3098.0,61879788.39999995
2025-08-01 02:50:06 PM,309.8,61,18897.8,61898686.19999994
2025-08-01 02:50:45 PM,309.85,0,0.0,61898686.19999994
2025-08-01 02:50:49 PM,309.85,10,3098.5,61901784.69999994
2025-08-01 02:51:22 PM,309.55,279,86364.45,61988149.14999995
2025-08-01 02:51:27 PM,309.85,83,25717.550000000003,62013866.69999994
2025-08-01 02:51:38 PM,309.75,5,1548.75,62015415.44999994
2025-08-01 02:52:27 PM,309.7,1,309.7,62015725.14999995
2025-08-01 02:53:06 PM,309.35,0,0.0,62015725.14999995
2025-08-01 02:53:09 PM,309.35,40,12374.0,62028099.14999995
2025-08-01 02:53:20 PM,309.25,0,0.0,62028099.14999995
2025-08-01 02:53:20 PM,309.25,10,3092.5,62031191.64999995
2025-08-01 02:53:30 PM,309.05,0,0.0,62031191.64999995
2025-08-01 02:53:30 PM,309.05,110,33995.5,62065187.14999995
2025-08-01 02:53:38 PM,309.4,20,6188.0,62071375.14999995
2025-08-01 02:54:05 PM,309.4,1,309.4,62071684.549999945
2025-08-01 02:54:13 PM,309.05,517,159778.85,62231463.39999995
2025-08-01 02:54:16 PM,309.1,1,309.1,62231772.49999995
2025-08-01 02:54:34 PM,309.0,1,309.0,62232081.49999995
2025-08-01 02:54:47 PM,309.0,3,927.0,62233008.49999995
2025-08-01 02:55:06 PM,309.1,0,0.0,62233008.49999995
2025-08-01 02:55:07 PM,309.1,6,1854.6000000000001,62234863.09999995
2025-08-01 02:55:21 PM,308.8,4,1235.2,62236098.29999995
2025-08-01 02:56:35 PM,309.05,0,0.0,62236098.29999995
2025-08-01 02:56:37 PM,309.05,151,46666.55,62282764.84999995
2025-08-01 02:57:42 PM,309.1,0,0.0,62282764.84999995
2025-08-01 02:57:42 PM,309.1,5,1545.5,62284310.34999995
2025-08-01 02:57:53 PM,308.9,4,1235.6,62285545.94999995
2025-08-01 02:57:59 PM,309.15,0,0.0,62285545.94999995
2025-08-01 02:57:59 PM,309.15,7,2164.0499999999997,62287709.99999995
2025-08-01 02:58:11 PM,309.15,10,3091.5,62290801.49999995
2025-08-01 02:58:16 PM,308.8,253,78126.40000000001,62368927.89999995
2025-08-01 02:58:22 PM,308.8,5,1544.0,62370471.89999995
2025-08-01 02:59:41 PM,308.95,0,0.0,62370471.89999995
2025-08-01 02:59:41 PM,308.95,36,11122.199999999999,62381594.09999995
2025-08-01 02:59:47 PM,308.95,86,26569.7,62408163.79999995
2025-08-01 02:59:48 PM,308.95,41,12666.949999999999,62420830.749999955
2025-08-01 03:00:03 PM,309.15,56,17312.399999999998,62438143.149999954
2025-08-01 03:00:05 PM,309.15,1,309.15,62438452.29999995
2025-08-01 03:00:06 PM,308.95,0,0.0,62438452.29999995
2025-08-01 03:00:09 PM,308.95,31,9577.449999999999,62448029.749999955
2025-08-01 03:00:16 PM,309.2,1,309.2,62448338.94999996
2025-08-01 03:00:19 PM,308.9,0,0.0,62448338.94999996
2025-08-01 03:00:21 PM,309.1,0,0.0,62448338.94999996
2025-08-01 03:00:21 PM,309.1,31,9582.1,62457921.04999996
2025-08-01 03:00:31 PM,308.8,0,0.0,62457921.04999996
2025-08-01 03:00:33 PM,308.95,0,0.0,62457921.04999996
2025-08-01 03:00:33 PM,308.95,314,97010.3,62554931.34999996
2025-08-01 03:00:44 PM,309.05,0,0.0,62554931.34999996
2025-08-01 03:00:45 PM,309.05,150,46357.5,62601288.84999996
2025-08-01 03:00:57 PM,308.85,1,308.85,62601597.69999996
2025-08-01 03:01:03 PM,308.95,134,41399.299999999996,62642996.999999955
2025-08-01 03:01:12 PM,308.8,0,0.0,62642996.999999955
2025-08-01 03:01:16 PM,308.8,2,617.6,62643614.59999996
2025-08-01 03:01:21 PM,308.8,128,39526.4,62683140.999999955
2025-08-01 03:01:24 PM,308.8,1,308.8,62683449.79999995
2025-08-01 03:01:30 PM,308.85,2,617.7,62684067.499999955
2025-08-01 03:01:48 PM,308.95,0,0.0,62684067.499999955
2025-08-01 03:01:49 PM,308.95,1,308.95,62684376.44999996
2025-08-01 03:01:55 PM,308.95,1,308.95,62684685.39999996
2025-08-01 03:01:57 PM,308.95,50,15447.5,62700132.89999996
2025-08-01 03:02:01 PM,308.9,4,1235.6,62701368.49999996
2025-08-01 03:02:03 PM,308.95,6,1853.6999999999998,62703222.199999966
2025-08-01 03:02:07 PM,308.95,5,1544.75,62704766.949999966
2025-08-01 03:02:13 PM,308.95,16,4943.2,62709710.14999997
2025-08-01 03:02:28 PM,309.1,105,32455.500000000004,62742165.64999997
2025-08-01 03:02:37 PM,309.1,2,618.2,62742783.84999997
2025-08-01 03:02:46 PM,309.1,1,309.1,62743092.94999997
2025-08-01 03:02:52 PM,309.1,100,30910.000000000004,62774002.94999997
2025-08-01 03:02:56 PM,309.1,2,618.2,62774621.149999976
2025-08-01 03:02:58 PM,309.1,12,3709.2000000000003,62778330.34999998
2025-08-01 03:03:05 PM,309.0,297,91773.0,62870103.34999998
2025-08-01 03:03:06 PM,309.05,0,0.0,62870103.34999998
2025-08-01 03:03:08 PM,309.05,12,3708.6000000000004,62873811.94999998
2025-08-01 03:03:17 PM,309.1,0,0.0,62873811.94999998
2025-08-01 03:03:17 PM,309.1,2,618.2,62874430.14999998
2025-08-01 03:03:23 PM,308.8,10,3088.0,62877518.14999998
2025-08-01 03:03:29 PM,308.95,0,0.0,62877518.14999998
2025-08-01 03:03:29 PM,308.95,40,12358.0,62889876.14999998
2025-08-01 03:03:35 PM,308.8,0,0.0,62889876.14999998
2025-08-01 03:03:35 PM,308.8,56,17292.8,62907168.94999998
2025-08-01 03:03:41 PM,309.05,0,0.0,62907168.94999998
2025-08-01 03:03:41 PM,309.05,4,1236.2,62908405.14999998
2025-08-01 03:03:47 PM,309.05,1,309.05,62908714.19999998
2025-08-01 03:03:56 PM,309.0,5,1545.0,62910259.19999998
2025-08-01 03:04:00 PM,308.85,0,0.0,62910259.19999998
2025-08-01 03:04:02 PM,308.9,1493,461187.69999999995,63371446.89999998
2025-08-01 03:04:18 PM,308.9,1,308.9,63371755.79999998
2025-08-01 03:04:24 PM,308.9,1,308.9,63372064.69999998
2025-08-01 03:04:27 PM,308.9,1,308.9,63372373.59999998
2025-08-01 03:04:37 PM,308.85,2,617.7,63372991.29999998
2025-08-01 03:04:40 PM,308.75,0,0.0,63372991.29999998
2025-08-01 03:04:43 PM,308.75,160,49400.0,63422391.29999998
2025-08-01 03:04:52 PM,308.8,2,617.6,63423008.89999998
2025-08-01 03:04:55 PM,308.8,8,2470.4,63425479.29999998
2025-08-01 03:05:01 PM,308.8,12,3705.6000000000004,63429184.89999998
2025-08-01 03:05:03 PM,308.85,0,0.0,63429184.89999998
2025-08-01 03:05:04 PM,308.85,9,2779.65,63431964.54999998
2025-08-01 03:05:07 PM,308.85,45,13898.250000000002,63445862.79999998
2025-08-01 03:05:09 PM,308.9,0,0.0,63445862.79999998
2025-08-01 03:05:11 PM,308.9,51,15753.9,63461616.69999998
2025-08-01 03:05:12 PM,308.95,0,0.0,63461616.69999998
2025-08-01 03:05:14 PM,308.95,17,5252.15,63466868.84999998
2025-08-01 03:05:17 PM,308.95,2,617.9,63467486.74999998
2025-08-01 03:05:24 PM,308.9,1,308.9,63467795.649999976
2025-08-01 03:05:27 PM,308.9,1,308.9,63468104.549999975
2025-08-01 03:05:36 PM,308.9,1,308.9,63468413.44999997
2025-08-01 03:05:39 PM,308.8,6,1852.8000000000002,63470266.24999997
2025-08-01 03:05:46 PM,308.9,0,0.0,63470266.24999997
2025-08-01 03:05:49 PM,308.9,1,308.9,63470575.14999997
2025-08-01 03:05:55 PM,308.9,2,617.8,63471192.949999966
2025-08-01 03:05:58 PM,308.9,2,617.8,63471810.74999996
2025-08-01 03:06:01 PM,308.9,1,308.9,63472119.64999996
2025-08-01 03:06:03 PM,308.85,0,0.0,63472119.64999996
2025-08-01 03:06:07 PM,309.0,0,0.0,63472119.64999996
2025-08-01 03:06:08 PM,309.0,151,46659.0,63518778.64999996
2025-08-01 03:06:10 PM,308.9,4,1235.6,63520014.24999996
2025-08-01 03:06:14 PM,308.9,5,1544.5,63521558.74999996
2025-08-01 03:06:20 PM,308.9,10,3089.0,63524647.74999996
2025-08-01 03:06:28 PM,308.9,3,926.6999999999999,63525574.449999966
2025-08-01 03:06:38 PM,308.9,39,12047.099999999999,63537621.54999997
2025-08-01 03:06:41 PM,308.9,10,3089.0,63540710.54999997
2025-08-01 03:06:51 PM,308.95,1,308.95,63541019.49999997
2025-08-01 03:06:54 PM,308.95,96,29659.199999999997,63570678.69999997
2025-08-01 03:06:56 PM,309.0,0,0.0,63570678.69999997
2025-08-01 03:06:57 PM,308.95,5,1544.75,63572223.44999997
2025-08-01 03:07:03 PM,308.85,188,58063.8,63630287.24999997
2025-08-01 03:07:12 PM,308.8,2,617.6,63630904.84999997
2025-08-01 03:07:17 PM,308.75,0,0.0,63630904.84999997
2025-08-01 03:07:18 PM,308.8,8,2470.4,63633375.24999997
2025-08-01 03:07:22 PM,308.9,128,39539.2,63672914.44999997
2025-08-01 03:07:24 PM,308.95,0,0.0,63672914.44999997
2025-08-01 03:07:25 PM,308.95,1,308.95,63673223.399999976
2025-08-01 03:07:30 PM,308.75,0,0.0,63673223.399999976
2025-08-01 03:07:31 PM,308.75,1,308.75,63673532.149999976
2025-08-01 03:07:37 PM,308.9,1,308.9,63673841.049999975
2025-08-01 03:07:40 PM,308.55,530,163531.5,63837372.549999975
2025-08-01 03:07:46 PM,308.95,0,0.0,63837372.549999975
2025-08-01 03:07:46 PM,308.95,26,8032.7,63845405.24999998
2025-08-01 03:07:49 PM,308.95,20,6179.0,63851584.24999998
2025-08-01 03:07:55 PM,308.95,3,926.8499999999999,63852511.09999998
2025-08-01 03:07:58 PM,308.95,2,617.9,63853128.99999998
2025-08-01 03:08:01 PM,308.85,6,1853.1000000000001,63854982.09999998
2025-08-01 03:08:05 PM,308.95,0,0.0,63854982.09999998
2025-08-01 03:08:07 PM,308.95,6,1853.6999999999998,63856835.79999998
2025-08-01 03:08:14 PM,308.95,12,3707.3999999999996,63860543.19999998
2025-08-01 03:08:17 PM,308.9,1,308.9,63860852.09999998
2025-08-01 03:08:21 PM,308.85,0,0.0,63860852.09999998
2025-08-01 03:08:24 PM,308.85,45,13898.250000000002,63874750.34999998
2025-08-01 03:08:30 PM,308.8,5,1544.0,63876294.34999998
2025-08-01 03:08:36 PM,308.85,2,617.7,63876912.04999998
2025-08-01 03:08:42 PM,308.75,0,0.0,63876912.04999998
2025-08-01 03:08:42 PM,308.75,412,127205.0,64004117.04999998
2025-08-01 03:08:45 PM,308.8,52,16057.6,64020174.64999998
2025-08-01 03:08:49 PM,308.75,0,0.0,64020174.64999998
2025-08-01 03:08:51 PM,308.8,5,1544.0,64021718.64999998
2025-08-01 03:08:55 PM,308.8,5,1544.0,64023262.64999998
2025-08-01 03:09:01 PM,308.8,48,14822.400000000001,64038085.04999998
2025-08-01 03:09:03 PM,308.95,0,0.0,64038085.04999998
2025-08-01 03:09:03 PM,308.8,0,0.0,64038085.04999998
2025-08-01 03:09:03 PM,308.75,117,36123.75,64074208.79999998
2025-08-01 03:09:08 PM,308.9,3,926.6999999999999,64075135.499999985
2025-08-01 03:09:11 PM,308.85,0,0.0,64075135.499999985
2025-08-01 03:09:14 PM,308.85,2,617.7,64075753.19999999
2025-08-01 03:09:20 PM,308.75,8,2470.0,64078223.19999999
2025-08-01 03:09:26 PM,308.85,3,926.5500000000001,64079149.749999985
2025-08-01 03:09:33 PM,308.8,1,308.8,64079458.54999998
2025-08-01 03:09:40 PM,308.75,8,2470.0,64081928.54999998
2025-08-01 03:09:43 PM,308.8,0,0.0,64081928.54999998
2025-08-01 03:09:47 PM,308.8,4,1235.2,64083163.749999985
2025-08-01 03:09:51 PM,308.95,0,0.0,64083163.749999985
2025-08-01 03:09:54 PM,308.95,995,307405.25,64390568.999999985
2025-08-01 03:09:56 PM,308.85,76,23472.600000000002,64414041.59999999
2025-08-01 03:09:59 PM,308.75,0,0.0,64414041.59999999
2025-08-01 03:10:00 PM,309.05,112,34613.6,64448655.19999999
2025-08-01 03:10:08 PM,309.0,0,0.0,64448655.19999999
2025-08-01 03:10:08 PM,309.0,1,309.0,64448964.19999999
2025-08-01 03:10:09 PM,308.95,0,0.0,64448964.19999999
2025-08-01 03:10:11 PM,309.0,7,2163.0,64451127.19999999
2025-08-01 03:10:15 PM,308.95,0,0.0,64451127.19999999
2025-08-01 03:10:15 PM,308.95,21,6487.95,64457615.14999999
2025-08-01 03:10:18 PM,308.95,3,926.8499999999999,64458541.99999999
2025-08-01 03:10:22 PM,308.95,53,16374.349999999999,64474916.349999994
2025-08-01 03:10:24 PM,309.1,1,309.1,64475225.449999996
2025-08-01 03:10:25 PM,309.05,0,0.0,64475225.449999996
2025-08-01 03:10:29 PM,308.75,286,88302.5,64563527.949999996
2025-08-01 03:10:31 PM,308.75,25,7718.75,64571246.699999996
2025-08-01 03:10:42 PM,309.15,206,63684.899999999994,64634931.599999994
2025-08-01 03:10:48 PM,309.15,1,309.15,64635240.74999999
2025-08-01 03:10:55 PM,309.1,2,618.2,64635858.949999996
2025-08-01 03:10:57 PM,309.1,1,309.1,64636168.05
2025-08-01 03:11:00 PM,309.15,0,0.0,64636168.05
2025-08-01 03:11:01 PM,309.1,52,16073.2,64652241.25
2025-08-01 03:11:03 PM,309.1,1,309.1,64652550.35
2025-08-01 03:11:07 PM,309.1,7,2163.7000000000003,64654714.050000004
2025-08-01 03:11:14 PM,309.1,276,85311.6,64740025.650000006
2025-08-01 03:11:22 PM,309.1,1,309.1,64740334.75000001
2025-08-01 03:11:25 PM,309.05,0,0.0,64740334.75000001
2025-08-01 03:11:27 PM,309.05,54,16688.7,64757023.45000001
2025-08-01 03:11:31 PM,308.9,0,0.0,64757023.45000001
2025-08-01 03:11:33 PM,308.9,15,4633.5,64761656.95000001
2025-08-01 03:11:39 PM,308.9,65,20078.5,64781735.45000001
2025-08-01 03:11:46 PM,308.95,2,617.9,64782353.35000001
2025-08-01 03:11:54 PM,308.95,1,308.95,64782662.30000001
2025-08-01 03:12:01 PM,308.95,7,2162.65,64784824.95000001
2025-08-01 03:12:05 PM,308.95,18,5561.099999999999,64790386.05000001
2025-08-01 03:12:08 PM,308.95,69,21317.55,64811703.60000001
2025-08-01 03:12:12 PM,308.95,33,10195.35,64821898.95000001
2025-08-01 03:12:21 PM,309.0,51,15759.0,64837657.95000001
2025-08-01 03:12:25 PM,309.05,3,927.1500000000001,64838585.10000001
2025-08-01 03:12:27 PM,309.05,2,618.1,64839203.20000001
2025-08-01 03:12:34 PM,308.95,13,4016.35,64843219.55000001
2025-08-01 03:12:44 PM,308.9,5,1544.5,64844764.05000001
2025-08-01 03:12:50 PM,308.65,87,26852.55,64871616.60000001
2025-08-01 03:12:54 PM,308.8,0,0.0,64871616.60000001
2025-08-01 03:12:57 PM,308.8,11,3396.8,64875013.400000006
2025-08-01 03:13:00 PM,308.8,51,15748.800000000001,64890762.2
2025-08-01 03:13:04 PM,308.8,19,5867.2,64896629.400000006
2025-08-01 03:13:11 PM,308.8,2,617.6,64897247.00000001
2025-08-01 03:13:20 PM,308.45,298,91918.09999999999,64989165.10000001
2025-08-01 03:13:21 PM,308.8,0,0.0,64989165.10000001
2025-08-01 03:13:23 PM,308.8,1,308.8,64989473.900000006
2025-08-01 03:13:26 PM,308.75,334,103122.5,65092596.400000006
2025-08-01 03:13:29 PM,308.75,296,91390.0,65183986.400000006
2025-08-01 03:13:32 PM,308.8,94,29027.2,65213013.60000001
2025-08-01 03:13:35 PM,308.75,60,18525.0,65231538.60000001
2025-08-01 03:13:39 PM,308.9,0,0.0,65231538.60000001
2025-08-01 03:13:41 PM,308.85,51,15751.35,65247289.95000001
2025-08-01 03:13:52 PM,308.85,1,308.85,65247598.80000001
2025-08-01 03:13:55 PM,308.9,0,0.0,65247598.80000001
2025-08-01 03:13:56 PM,308.9,23,7104.7,65254703.500000015
2025-08-01 03:14:00 PM,308.85,0,0.0,65254703.500000015
2025-08-01 03:14:02 PM,308.9,22,6795.799999999999,65261499.30000001
2025-08-01 03:14:07 PM,308.8,0,0.0,65261499.30000001
2025-08-01 03:14:09 PM,308.8,3,926.4000000000001,65262425.70000001
2025-08-01 03:14:17 PM,308.8,131,40452.8,65302878.50000001
2025-08-01 03:14:21 PM,308.9,50,15444.999999999998,65318323.50000001
2025-08-01 03:14:27 PM,308.75,11,3396.25,65321719.75000001
2025-08-01 03:14:34 PM,308.9,0,0.0,65321719.75000001
2025-08-01 03:14:36 PM,308.9,22,6795.799999999999,65328515.550000004
2025-08-01 03:14:39 PM,308.75,391,120721.25,65449236.800000004
2025-08-01 03:14:42 PM,308.75,150,46312.5,65495549.300000004
2025-08-01 03:14:48 PM,308.85,1,308.85,65495858.150000006
2025-08-01 03:14:51 PM,308.85,6,1853.1000000000001,65497711.25000001
2025-08-01 03:14:57 PM,308.75,108,33345.0,65531056.25000001
2025-08-01 03:15:01 PM,308.9,0,0.0,65531056.25000001
2025-08-01 03:15:04 PM,308.85,72,22237.2,65553293.45000001
2025-08-01 03:15:19 PM,308.9,83,25638.699999999997,65578932.15000001
2025-08-01 03:15:21 PM,308.85,1,308.85,65579241.000000015
2025-08-01 03:15:25 PM,308.9,0,0.0,65579241.000000015
2025-08-01 03:15:26 PM,308.9,2,617.8,65579858.80000001
2025-08-01 03:15:29 PM,308.9,2,617.8,65580476.60000001
2025-08-01 03:15:33 PM,308.9,1,308.9,65580785.50000001
2025-08-01 03:15:41 PM,308.9,51,15753.9,65596539.400000006
2025-08-01 03:15:51 PM,308.9,2,617.8,65597157.2
2025-08-01 03:15:56 PM,308.6,252,77767.20000000001,65674924.400000006
2025-08-01 03:15:59 PM,308.55,0,0.0,65674924.400000006
2025-08-01 03:16:02 PM,308.9,402,124177.79999999999,65799102.2
2025-08-01 03:16:04 PM,308.85,44,13589.400000000001,65812691.6
2025-08-01 03:16:10 PM,308.85,1,308.85,65813000.45
2025-08-01 03:16:11 PM,308.9,260,80314.0,65893314.45
2025-08-01 03:16:14 PM,308.8,0,0.0,65893314.45
2025-08-01 03:16:17 PM,308.8,200,61760.0,65955074.45
2025-08-01 03:16:20 PM,308.9,0,0.0,65955074.45
2025-08-01 03:16:23 PM,308.9,50,15444.999999999998,65970519.45
