date,price,qty,trnvr,cum_trnvr
2025-08-01 09:15:00 AM,445.0,3040,1352800.0,1352800.0
2025-08-01 09:15:08 AM,446.95,0,0.0,1352800.0
2025-08-01 09:15:09 AM,446.95,1979,884514.0499999999,2237314.05
2025-08-01 09:15:12 AM,446.1,1139,508107.9,2745421.9499999997
2025-08-01 09:15:17 AM,448.0,0,0.0,2745421.9499999997
2025-08-01 09:15:18 AM,448.7,0,0.0,2745421.9499999997
2025-08-01 09:15:20 AM,449.0,2318,1040782.0,3786203.9499999997
2025-08-01 09:15:22 AM,449.2,125,56150.0,3842353.9499999997
2025-08-01 09:15:25 AM,449.85,0,0.0,3842353.9499999997
2025-08-01 09:15:28 AM,448.4,0,0.0,3842353.9499999997
2025-08-01 09:15:29 AM,449.0,462,207438.0,4049791.9499999997
2025-08-01 09:15:32 AM,450.0,0,0.0,4049791.9499999997
2025-08-01 09:15:37 AM,450.05,0,0.0,4049791.9499999997
2025-08-01 09:15:38 AM,450.3,2416,1087924.8,5137716.75
2025-08-01 09:15:39 AM,450.0,500,225000.0,5362716.75
2025-08-01 09:15:41 AM,451.95,0,0.0,5362716.75
2025-08-01 09:15:45 AM,452.0,0,0.0,5362716.75
2025-08-01 09:15:46 AM,451.4,2389,1078394.5999999999,6441111.35
2025-08-01 09:15:50 AM,452.35,0,0.0,6441111.35
2025-08-01 09:15:53 AM,451.15,0,0.0,6441111.35
2025-08-01 09:15:54 AM,451.3,262,118240.6,6559351.949999999
2025-08-01 09:15:56 AM,450.5,288,129744.0,6689095.949999999
2025-08-01 09:15:59 AM,451.25,0,0.0,6689095.949999999
2025-08-01 09:16:01 AM,450.0,0,0.0,6689095.949999999
2025-08-01 09:16:02 AM,450.0,322,144900.0,6833995.949999999
2025-08-01 09:16:04 AM,450.55,329,148230.95,6982226.899999999
2025-08-01 09:16:07 AM,448.8,0,0.0,6982226.899999999
2025-08-01 09:16:10 AM,448.05,380,170259.0,7152485.899999999
2025-08-01 09:16:12 AM,447.2,553,247301.6,7399787.499999999
2025-08-01 09:16:15 AM,448.9,0,0.0,7399787.499999999
2025-08-01 09:16:19 AM,446.9,376,168034.4,7567821.899999999
2025-08-01 09:16:23 AM,447.05,0,0.0,7567821.899999999
2025-08-01 09:16:25 AM,447.3,0,0.0,7567821.899999999
2025-08-01 09:16:27 AM,445.35,2155,959729.25,8527551.149999999
2025-08-01 09:16:33 AM,446.55,0,0.0,8527551.149999999
2025-08-01 09:16:35 AM,446.55,30,13396.5,8540947.649999999
2025-08-01 09:16:43 AM,446.95,0,0.0,8540947.649999999
2025-08-01 09:16:43 AM,446.95,1211,541256.45,9082204.099999998
2025-08-01 09:16:45 AM,446.0,130,57980.0,9140184.099999998
2025-08-01 09:16:52 AM,446.3,35,15620.5,9155804.599999998
2025-08-01 09:16:53 AM,445.95,122,54405.9,9210210.499999998
2025-08-01 09:17:00 AM,446.25,2182,973717.5,10183927.999999998
2025-08-01 09:17:01 AM,446.7,248,110781.59999999999,10294709.599999998
2025-08-01 09:17:10 AM,446.8,69,30829.2,10325538.799999997
2025-08-01 09:17:13 AM,446.65,0,0.0,10325538.799999997
2025-08-01 09:17:16 AM,446.65,440,196526.0,10522064.799999997
2025-08-01 09:17:25 AM,446.65,1131,505161.14999999997,11027225.949999997
2025-08-01 09:17:28 AM,447.55,0,0.0,11027225.949999997
2025-08-01 09:17:33 AM,447.4,591,264413.39999999997,11291639.349999998
2025-08-01 09:17:41 AM,446.0,961,428606.0,11720245.349999998
2025-08-01 09:17:45 AM,445.85,0,0.0,11720245.349999998
2025-08-01 09:17:47 AM,446.15,0,0.0,11720245.349999998
2025-08-01 09:17:50 AM,446.0,321,143166.0,11863411.349999998
2025-08-01 09:17:56 AM,446.55,0,0.0,11863411.349999998
2025-08-01 09:17:58 AM,446.55,615,274628.25,12138039.599999998
2025-08-01 09:18:02 AM,446.95,0,0.0,12138039.599999998
2025-08-01 09:18:04 AM,447.6,0,0.0,12138039.599999998
2025-08-01 09:18:06 AM,447.35,1334,596764.9,12734804.499999998
2025-08-01 09:18:10 AM,447.5,0,0.0,12734804.499999998
2025-08-01 09:18:15 AM,447.5,550,246125.0,12980929.499999998
2025-08-01 09:18:16 AM,447.5,100,44750.0,13025679.499999998
2025-08-01 09:18:18 AM,447.7,0,0.0,13025679.499999998
2025-08-01 09:18:20 AM,448.2,0,0.0,13025679.499999998
2025-08-01 09:18:23 AM,449.5,695,312402.5,13338081.999999998
2025-08-01 09:18:31 AM,448.2,1879,842167.7999999999,14180249.799999999
2025-08-01 09:18:32 AM,448.1,33,14787.300000000001,14195037.1
2025-08-01 09:18:34 AM,447.75,0,0.0,14195037.1
2025-08-01 09:18:36 AM,448.35,0,0.0,14195037.1
2025-08-01 09:18:39 AM,448.6,541,242692.6,14437729.7
2025-08-01 09:18:42 AM,448.7,0,0.0,14437729.7
2025-08-01 09:18:47 AM,449.0,129,57921.0,14495650.7
2025-08-01 09:18:56 AM,449.0,235,105515.0,14601165.7
2025-08-01 09:19:00 AM,448.95,0,0.0,14601165.7
2025-08-01 09:19:04 AM,449.1,515,231286.5,14832452.2
2025-08-01 09:19:06 AM,449.0,0,0.0,14832452.2
2025-08-01 09:19:12 AM,449.4,483,217060.19999999998,15049512.399999999
2025-08-01 09:19:13 AM,449.5,989,444555.5,15494067.899999999
2025-08-01 09:19:14 AM,450.0,0,0.0,15494067.899999999
2025-08-01 09:19:20 AM,449.5,305,137097.5,15631165.399999999
2025-08-01 09:19:21 AM,449.95,5,2249.75,15633415.149999999
2025-08-01 09:19:28 AM,450.0,1872,842400.0,16475815.149999999
2025-08-01 09:19:29 AM,450.0,637,286650.0,16762465.149999999
2025-08-01 09:19:31 AM,450.75,0,0.0,16762465.149999999
2025-08-01 09:19:36 AM,451.0,923,416273.0,17178738.15
2025-08-01 09:19:39 AM,450.5,0,0.0,17178738.15
2025-08-01 09:19:44 AM,450.5,75,33787.5,17212525.65
2025-08-01 09:19:52 AM,450.95,709,319723.55,17532249.2
2025-08-01 09:19:52 AM,450.25,0,0.0,17532249.2
2025-08-01 09:19:54 AM,450.25,290,130572.5,17662821.7
2025-08-01 09:20:00 AM,450.95,5,2254.75,17665076.45
2025-08-01 09:20:14 AM,450.2,0,0.0,17665076.45
2025-08-01 09:20:16 AM,450.0,1346,605700.0,18270776.45
2025-08-01 09:20:24 AM,449.0,33,14817.0,18285593.45
2025-08-01 09:20:24 AM,449.4,0,0.0,18285593.45
2025-08-01 09:20:25 AM,448.9,42,18853.8,18304447.25
2025-08-01 09:20:28 AM,448.7,0,0.0,18304447.25
2025-08-01 09:20:32 AM,448.7,813,364793.1,18669240.35
2025-08-01 09:20:33 AM,448.75,188,84365.0,18753605.35
2025-08-01 09:20:35 AM,448.55,0,0.0,18753605.35
2025-08-01 09:20:39 AM,448.55,78,34986.9,18788592.25
2025-08-01 09:20:42 AM,448.2,0,0.0,18788592.25
2025-08-01 09:20:47 AM,448.85,326,146325.1,18934917.35
2025-08-01 09:20:53 AM,448.5,0,0.0,18934917.35
2025-08-01 09:20:55 AM,448.5,50,22425.0,18957342.35
2025-08-01 09:21:03 AM,448.5,100,44850.0,19002192.35
2025-08-01 09:21:07 AM,448.1,0,0.0,19002192.35
2025-08-01 09:21:09 AM,447.3,0,0.0,19002192.35
2025-08-01 09:21:11 AM,447.3,156,69778.8,19071971.150000002
2025-08-01 09:21:14 AM,446.95,0,0.0,19071971.150000002
2025-08-01 09:21:16 AM,447.6,0,0.0,19071971.150000002
2025-08-01 09:21:18 AM,447.6,206,92205.6,19164176.750000004
2025-08-01 09:21:26 AM,447.8,203,90903.40000000001,19255080.150000002
2025-08-01 09:21:30 AM,447.35,0,0.0,19255080.150000002
2025-08-01 09:21:34 AM,447.35,2256,1009221.6000000001,20264301.750000004
2025-08-01 09:21:34 AM,446.5,0,0.0,20264301.750000004
2025-08-01 09:21:35 AM,446.5,79,35273.5,20299575.250000004
2025-08-01 09:21:37 AM,446.8,0,0.0,20299575.250000004
2025-08-01 09:21:42 AM,446.8,110,49148.0,20348723.250000004
2025-08-01 09:21:43 AM,446.5,87,38845.5,20387568.750000004
2025-08-01 09:22:07 AM,446.55,0,0.0,20387568.750000004
2025-08-01 09:22:10 AM,446.35,0,0.0,20387568.750000004
2025-08-01 09:22:12 AM,446.35,1132,505268.2,20892836.950000003
2025-08-01 09:22:14 AM,446.45,0,0.0,20892836.950000003
2025-08-01 09:22:20 AM,446.45,1,446.45,20893283.400000002
2025-08-01 09:22:27 AM,446.1,813,362679.30000000005,21255962.700000003
2025-08-01 09:22:28 AM,446.0,0,0.0,21255962.700000003
2025-08-01 09:22:29 AM,446.0,1,446.0,21256408.700000003
2025-08-01 09:22:31 AM,446.25,0,0.0,21256408.700000003
2025-08-01 09:22:35 AM,446.15,822,366735.3,21623144.000000004
2025-08-01 09:22:37 AM,446.15,15,6692.25,21629836.250000004
2025-08-01 09:22:44 AM,446.45,0,0.0,21629836.250000004
2025-08-01 09:22:49 AM,445.6,0,0.0,21629836.250000004
2025-08-01 09:22:50 AM,445.6,519,231266.40000000002,21861102.650000002
2025-08-01 09:22:58 AM,445.6,500,222800.0,22083902.650000002
2025-08-01 09:22:59 AM,445.0,2826,1257570.0,23341472.650000002
2025-08-01 09:23:09 AM,445.65,0,0.0,23341472.650000002
2025-08-01 09:23:13 AM,445.65,1,445.65,23341918.3
2025-08-01 09:23:16 AM,445.85,0,0.0,23341918.3
2025-08-01 09:23:21 AM,445.85,16,7133.6,23349051.900000002
2025-08-01 09:23:28 AM,445.85,290,129296.5,23478348.400000002
2025-08-01 09:23:36 AM,445.85,319,142226.15,23620574.55
2025-08-01 09:23:53 AM,445.5,211,94000.5,23714575.05
2025-08-01 09:24:00 AM,445.95,740,330003.0,24044578.05
2025-08-01 09:24:07 AM,445.5,178,79299.0,24123877.05
2025-08-01 09:24:14 AM,445.5,10,4455.0,24128332.05
2025-08-01 09:24:44 AM,445.85,125,55731.25,24184063.3
2025-08-01 09:24:52 AM,445.5,200,89100.0,24273163.3
2025-08-01 09:24:59 AM,445.8,1041,464077.8,24737241.1
2025-08-01 09:25:13 AM,445.5,0,0.0,24737241.1
2025-08-01 09:25:14 AM,445.5,10,4455.0,24741696.1
2025-08-01 09:25:22 AM,445.5,33,14701.5,24756397.6
2025-08-01 09:25:25 AM,445.25,0,0.0,24756397.6
2025-08-01 09:25:29 AM,445.5,302,134541.0,24890938.6
2025-08-01 09:25:37 AM,445.25,0,0.0,24890938.6
2025-08-01 09:25:39 AM,445.25,301,134020.25,25024958.85
2025-08-01 09:26:14 AM,445.3,0,0.0,25024958.85
2025-08-01 09:26:15 AM,445.3,1,445.3,25025404.150000002
2025-08-01 09:26:22 AM,445.3,2,890.6,25026294.750000004
2025-08-01 09:26:26 AM,445.2,0,0.0,25026294.750000004
2025-08-01 09:26:30 AM,445.3,1050,467565.0,25493859.750000004
2025-08-01 09:26:35 AM,445.45,0,0.0,25493859.750000004
2025-08-01 09:26:38 AM,445.45,100,44545.0,25538404.750000004
2025-08-01 09:26:50 AM,445.5,0,0.0,25538404.750000004
2025-08-01 09:26:53 AM,445.5,296,131868.0,25670272.750000004
2025-08-01 09:26:57 AM,445.55,0,0.0,25670272.750000004
2025-08-01 09:27:00 AM,445.55,18,8019.900000000001,25678292.650000002
2025-08-01 09:27:04 AM,445.5,0,0.0,25678292.650000002
2025-08-01 09:27:08 AM,445.5,991,441490.5,26119783.150000002
2025-08-01 09:27:50 AM,445.4,0,0.0,26119783.150000002
2025-08-01 09:27:53 AM,445.45,419,186643.55,26306426.700000003
2025-08-01 09:28:06 AM,444.6,0,0.0,26306426.700000003
2025-08-01 09:28:08 AM,444.6,7088,3151324.8000000003,29457751.500000004
2025-08-01 09:28:17 AM,444.8,493,219286.4,29677037.900000002
2025-08-01 09:28:19 AM,444.85,0,0.0,29677037.900000002
2025-08-01 09:28:24 AM,444.85,1,444.85,29677482.750000004
2025-08-01 09:28:30 AM,444.45,0,0.0,29677482.750000004
2025-08-01 09:28:31 AM,444.45,27,12000.15,29689482.900000002
2025-08-01 09:28:36 AM,444.0,0,0.0,29689482.900000002
2025-08-01 09:28:39 AM,444.0,390,173160.0,29862642.900000002
2025-08-01 09:28:40 AM,444.35,10,4443.5,29867086.400000002
2025-08-01 09:28:42 AM,444.0,0,0.0,29867086.400000002
2025-08-01 09:28:46 AM,444.1,0,0.0,29867086.400000002
2025-08-01 09:28:47 AM,444.1,1341,595538.1,30462624.500000004
2025-08-01 09:28:48 AM,444.05,3,1332.15,30463956.650000002
2025-08-01 09:28:57 AM,443.5,0,0.0,30463956.650000002
2025-08-01 09:29:02 AM,443.5,195,86482.5,30550439.150000002
2025-08-01 09:29:04 AM,444.25,0,0.0,30550439.150000002
2025-08-01 09:29:10 AM,444.25,266,118170.5,30668609.650000002
2025-08-01 09:29:25 AM,444.05,21,9325.050000000001,30677934.700000003
2025-08-01 09:29:32 AM,444.05,25,11101.25,30689035.950000003
2025-08-01 09:29:40 AM,444.0,35,15540.0,30704575.950000003
2025-08-01 09:29:47 AM,444.0,3,1332.0,30705907.950000003
2025-08-01 09:29:48 AM,443.35,489,216798.15000000002,30922706.1
2025-08-01 09:29:50 AM,443.85,0,0.0,30922706.1
2025-08-01 09:29:54 AM,443.85,10,4438.5,30927144.6
2025-08-01 09:30:08 AM,443.45,0,0.0,30927144.6
2025-08-01 09:30:10 AM,443.45,51,22615.95,30949760.55
2025-08-01 09:30:11 AM,443.4,1,443.4,30950203.95
2025-08-01 09:30:22 AM,443.65,0,0.0,30950203.95
2025-08-01 09:30:25 AM,443.65,2,887.3,30951091.25
2025-08-01 09:30:39 AM,443.7,34,15085.8,30966177.05
2025-08-01 09:30:50 AM,444.05,0,0.0,30966177.05
2025-08-01 09:30:54 AM,444.05,600,266430.0,31232607.05
2025-08-01 09:31:01 AM,443.85,4,1775.4,31234382.45
2025-08-01 09:31:09 AM,443.85,1,443.85,31234826.3
2025-08-01 09:31:16 AM,443.55,28,12419.4,31247245.7
2025-08-01 09:31:23 AM,443.95,0,0.0,31247245.7
2025-08-01 09:31:24 AM,443.95,411,182463.44999999998,31429709.15
2025-08-01 09:31:35 AM,443.6,0,0.0,31429709.15
2025-08-01 09:31:38 AM,443.6,12,5323.200000000001,31435032.349999998
2025-08-01 09:31:43 AM,443.95,0,0.0,31435032.349999998
2025-08-01 09:31:45 AM,443.95,30,13318.5,31448350.849999998
2025-08-01 09:31:48 AM,443.45,0,0.0,31448350.849999998
2025-08-01 09:31:52 AM,443.45,12,5321.4,31453672.249999996
2025-08-01 09:32:20 AM,443.6,2468,1094804.8,32548477.049999997
2025-08-01 09:32:55 AM,444.2,179,79511.8,32627988.849999998
2025-08-01 09:33:09 AM,445.4,0,0.0,32627988.849999998
2025-08-01 09:33:09 AM,445.4,2700,1202580.0,33830568.849999994
2025-08-01 09:33:19 AM,445.2,0,0.0,33830568.849999994
2025-08-01 09:33:22 AM,445.2,100,44520.0,33875088.849999994
2025-08-01 09:33:24 AM,445.4,0,0.0,33875088.849999994
2025-08-01 09:33:29 AM,445.4,24,10689.599999999999,33885778.449999996
2025-08-01 09:33:34 AM,445.85,0,0.0,33885778.449999996
2025-08-01 09:33:36 AM,445.85,393,175219.05000000002,34060997.49999999
2025-08-01 09:33:44 AM,446.15,0,0.0,34060997.49999999
2025-08-01 09:33:50 AM,446.15,26,11599.9,34072597.39999999
2025-08-01 09:33:59 AM,446.25,0,0.0,34072597.39999999
2025-08-01 09:34:04 AM,446.25,25,11156.25,34083753.64999999
2025-08-01 09:34:09 AM,446.65,0,0.0,34083753.64999999
2025-08-01 09:34:11 AM,446.65,100,44665.0,34128418.64999999
2025-08-01 09:34:14 AM,446.75,0,0.0,34128418.64999999
2025-08-01 09:34:18 AM,446.75,65,29038.75,34157457.39999999
2025-08-01 09:34:22 AM,446.6,0,0.0,34157457.39999999
2025-08-01 09:34:25 AM,447.3,2263,1012239.9,35169697.29999999
2025-08-01 09:34:39 AM,447.3,50,22365.0,35192062.29999999
2025-08-01 09:34:42 AM,447.1,0,0.0,35192062.29999999
2025-08-01 09:34:44 AM,447.0,0,0.0,35192062.29999999
2025-08-01 09:34:46 AM,447.0,51,22797.0,35214859.29999999
2025-08-01 09:34:49 AM,446.5,0,0.0,35214859.29999999
2025-08-01 09:34:53 AM,446.5,30,13395.0,35228254.29999999
2025-08-01 09:35:04 AM,447.15,0,0.0,35228254.29999999
2025-08-01 09:35:07 AM,447.15,50,22357.5,35250611.79999999
2025-08-01 09:35:09 AM,446.5,0,0.0,35250611.79999999
2025-08-01 09:35:14 AM,446.25,0,0.0,35250611.79999999
2025-08-01 09:35:14 AM,446.25,171,76308.75,35326920.54999999
2025-08-01 09:35:24 AM,446.3,0,0.0,35326920.54999999
2025-08-01 09:35:28 AM,446.35,843,376273.05000000005,35703193.59999999
2025-08-01 09:35:48 AM,446.35,786,350831.10000000003,36054024.69999999
2025-08-01 09:35:54 AM,446.0,0,0.0,36054024.69999999
2025-08-01 09:35:54 AM,446.35,0,0.0,36054024.69999999
2025-08-01 09:35:55 AM,446.35,65,29012.75,36083037.44999999
2025-08-01 09:36:08 AM,446.15,150,66922.5,36149959.94999999
2025-08-01 09:36:19 AM,446.2,0,0.0,36149959.94999999
2025-08-01 09:36:22 AM,446.2,1,446.2,36150406.14999999
2025-08-01 09:36:35 AM,446.05,50,22302.5,36172708.64999999
2025-08-01 09:36:41 AM,445.9,162,72235.8,36244944.44999999
2025-08-01 09:36:47 AM,446.2,0,0.0,36244944.44999999
2025-08-01 09:36:47 AM,446.2,5,2231.0,36247175.44999999
2025-08-01 09:36:54 AM,446.2,7,3123.4,36250298.84999999
2025-08-01 09:37:03 AM,445.9,0,0.0,36250298.84999999
2025-08-01 09:37:08 AM,445.9,55,24524.5,36274823.34999999
2025-08-01 09:37:08 AM,445.85,0,0.0,36274823.34999999
2025-08-01 09:37:09 AM,445.85,2,891.7,36275715.04999999
2025-08-01 09:37:15 AM,445.85,1,445.85,36276160.89999999
2025-08-01 09:37:22 AM,445.9,0,0.0,36276160.89999999
2025-08-01 09:37:22 AM,445.9,100,44590.0,36320750.89999999
2025-08-01 09:37:36 AM,445.8,100,44580.0,36365330.89999999
2025-08-01 09:37:37 AM,445.2,0,0.0,36365330.89999999
2025-08-01 09:37:41 AM,445.7,0,0.0,36365330.89999999
2025-08-01 09:37:43 AM,445.7,1101,490715.7,36856046.599999994
2025-08-01 09:37:55 AM,445.75,0,0.0,36856046.599999994
2025-08-01 09:37:56 AM,445.75,1,445.75,36856492.349999994
2025-08-01 09:37:59 AM,444.9,0,0.0,36856492.349999994
2025-08-01 09:38:02 AM,445.45,414,184416.3,37040908.64999999
2025-08-01 09:38:08 AM,445.0,0,0.0,37040908.64999999
2025-08-01 09:38:09 AM,445.0,50,22250.0,37063158.64999999
2025-08-01 09:38:16 AM,444.15,800,355320.0,37418478.64999999
2025-08-01 09:38:19 AM,444.55,0,0.0,37418478.64999999
2025-08-01 09:38:23 AM,444.55,20,8891.0,37427369.64999999
2025-08-01 09:38:50 AM,444.55,2,889.1,37428258.74999999
2025-08-01 09:38:59 AM,444.4,0,0.0,37428258.74999999
2025-08-01 09:39:03 AM,444.4,225,99990.0,37528248.74999999
2025-08-01 09:39:24 AM,444.25,25,11106.25,37539354.99999999
2025-08-01 09:40:03 AM,444.25,3,1332.75,37540687.74999999
2025-08-01 09:40:04 AM,444.05,1,444.05,37541131.79999999
2025-08-01 09:40:16 AM,444.05,35,15541.75,37556673.54999999
2025-08-01 09:40:18 AM,444.25,0,0.0,37556673.54999999
2025-08-01 09:40:22 AM,444.25,24,10662.0,37567335.54999999
2025-08-01 09:40:30 AM,444.25,25,11106.25,37578441.79999999
2025-08-01 09:40:31 AM,444.0,0,0.0,37578441.79999999
2025-08-01 09:40:36 AM,444.0,45,19980.0,37598421.79999999
2025-08-01 09:40:43 AM,444.35,0,0.0,37598421.79999999
2025-08-01 09:40:47 AM,444.3,0,0.0,37598421.79999999
2025-08-01 09:40:49 AM,444.3,222,98634.6,37697056.39999999
2025-08-01 09:40:55 AM,444.35,11,4887.85,37701944.24999999
2025-08-01 09:41:15 AM,445.0,500,222500.0,37924444.24999999
2025-08-01 09:41:27 AM,444.45,0,0.0,37924444.24999999
2025-08-01 09:41:29 AM,444.45,80,35556.0,37960000.24999999
2025-08-01 09:41:51 AM,444.75,0,0.0,37960000.24999999
2025-08-01 09:41:55 AM,444.75,1,444.75,37960444.99999999
2025-08-01 09:41:59 AM,444.8,0,0.0,37960444.99999999
2025-08-01 09:42:01 AM,444.8,25,11120.0,37971564.99999999
2025-08-01 09:42:15 AM,444.8,14,6227.2,37977792.199999996
2025-08-01 09:42:20 AM,444.9,0,0.0,37977792.199999996
2025-08-01 09:42:21 AM,444.9,100,44490.0,38022282.199999996
2025-08-01 09:42:22 AM,444.8,800,355840.0,38378122.199999996
2025-08-01 09:42:41 AM,444.3,200,88860.0,38466982.199999996
2025-08-01 09:43:33 AM,444.65,100,44465.0,38511447.199999996
2025-08-01 09:43:53 AM,444.75,19,8450.25,38519897.449999996
2025-08-01 09:44:16 AM,444.65,0,0.0,38519897.449999996
2025-08-01 09:44:20 AM,444.65,131,58249.149999999994,38578146.599999994
2025-08-01 09:44:21 AM,443.7,3904,1732204.8,40310351.39999999
2025-08-01 09:44:22 AM,443.4,0,0.0,40310351.39999999
2025-08-01 09:44:26 AM,442.7,1857,822093.9,41132445.29999999
2025-08-01 09:44:27 AM,442.5,414,183195.0,41315640.29999999
2025-08-01 09:44:28 AM,442.4,0,0.0,41315640.29999999
2025-08-01 09:44:30 AM,442.3,0,0.0,41315640.29999999
2025-08-01 09:44:32 AM,442.1,0,0.0,41315640.29999999
2025-08-01 09:44:32 AM,442.0,452,199784.0,41515424.29999999
2025-08-01 09:44:33 AM,442.0,179,79118.0,41594542.29999999
2025-08-01 09:44:38 AM,441.3,0,0.0,41594542.29999999
2025-08-01 09:44:39 AM,441.3,338,149159.4,41743701.69999999
2025-08-01 09:44:40 AM,441.0,0,0.0,41743701.69999999
2025-08-01 09:44:40 AM,441.0,903,398223.0,42141924.69999999
2025-08-01 09:44:44 AM,441.2,0,0.0,42141924.69999999
2025-08-01 09:44:45 AM,441.2,556,245307.19999999998,42387231.89999999
2025-08-01 09:44:48 AM,440.9,0,0.0,42387231.89999999
2025-08-01 09:44:50 AM,441.75,0,0.0,42387231.89999999
2025-08-01 09:44:52 AM,441.25,0,0.0,42387231.89999999
2025-08-01 09:44:52 AM,441.25,506,223272.5,42610504.39999999
2025-08-01 09:44:53 AM,441.25,24,10590.0,42621094.39999999
2025-08-01 09:44:56 AM,441.0,0,0.0,42621094.39999999
2025-08-01 09:44:58 AM,440.85,41,18074.850000000002,42639169.24999999
2025-08-01 09:45:02 AM,440.7,0,0.0,42639169.24999999
2025-08-01 09:45:05 AM,440.7,36,15865.199999999999,42655034.449999996
2025-08-01 09:45:06 AM,440.9,25,11022.5,42666056.949999996
2025-08-01 09:45:12 AM,440.7,29,12780.3,42678837.24999999
2025-08-01 09:45:18 AM,440.7,5,2203.5,42681040.74999999
2025-08-01 09:45:20 AM,440.7,106,46714.2,42727754.949999996
2025-08-01 09:45:24 AM,440.7,18,7932.599999999999,42735687.55
2025-08-01 09:45:32 AM,440.9,5,2204.5,42737892.05
2025-08-01 09:45:37 AM,440.7,1,440.7,42738332.75
2025-08-01 09:45:38 AM,441.05,0,0.0,42738332.75
2025-08-01 09:45:39 AM,441.05,100,44105.0,42782437.75
2025-08-01 09:45:42 AM,441.1,0,0.0,42782437.75
2025-08-01 09:45:44 AM,441.1,25,11027.5,42793465.25
2025-08-01 09:45:45 AM,441.0,4,1764.0,42795229.25
2025-08-01 09:45:47 AM,441.3,0,0.0,42795229.25
2025-08-01 09:45:51 AM,441.3,101,44571.3,42839800.55
2025-08-01 09:45:52 AM,441.15,2,882.3,42840682.849999994
2025-08-01 09:45:56 AM,441.65,0,0.0,42840682.849999994
2025-08-01 09:45:57 AM,441.65,74,32682.1,42873364.949999996
2025-08-01 09:46:03 AM,441.15,12,5293.799999999999,42878658.74999999
2025-08-01 09:46:04 AM,441.25,275,121343.75,43000002.49999999
2025-08-01 09:46:10 AM,441.0,105,46305.0,43046307.49999999
2025-08-01 09:46:10 AM,441.2,0,0.0,43046307.49999999
2025-08-01 09:46:11 AM,441.0,248,109368.0,43155675.49999999
2025-08-01 09:46:15 AM,440.7,0,0.0,43155675.49999999
2025-08-01 09:46:16 AM,440.7,11,4847.7,43160523.199999996
2025-08-01 09:46:18 AM,441.0,40,17640.0,43178163.199999996
2025-08-01 09:46:23 AM,441.0,195,85995.0,43264158.199999996
2025-08-01 09:46:27 AM,440.95,0,0.0,43264158.199999996
2025-08-01 09:46:29 AM,440.95,36,15874.199999999999,43280032.4
2025-08-01 09:46:32 AM,440.7,0,0.0,43280032.4
2025-08-01 09:46:35 AM,440.7,1,440.7,43280473.1
2025-08-01 09:46:42 AM,440.7,57,25119.899999999998,43305593.0
2025-08-01 09:46:44 AM,440.7,2,881.4,43306474.4
2025-08-01 09:46:48 AM,440.7,1,440.7,43306915.1
2025-08-01 09:46:48 AM,440.85,0,0.0,43306915.1
2025-08-01 09:46:50 AM,440.85,1,440.85,43307355.95
2025-08-01 09:47:00 AM,441.0,336,148176.0,43455531.95
2025-08-01 09:47:02 AM,441.0,1,441.0,43455972.95
2025-08-01 09:47:08 AM,441.3,0,0.0,43455972.95
2025-08-01 09:47:09 AM,441.3,60,26478.0,43482450.95
2025-08-01 09:47:12 AM,441.4,0,0.0,43482450.95
2025-08-01 09:47:13 AM,441.4,10,4414.0,43486864.95
2025-08-01 09:47:16 AM,441.5,0,0.0,43486864.95
2025-08-01 09:47:19 AM,441.5,101,44591.5,43531456.45
2025-08-01 09:47:23 AM,441.05,0,0.0,43531456.45
2025-08-01 09:47:24 AM,441.0,0,0.0,43531456.45
2025-08-01 09:47:25 AM,441.0,28,12348.0,43543804.45
2025-08-01 09:47:27 AM,441.0,24,10584.0,43554388.45
2025-08-01 09:47:31 AM,441.0,689,303849.0,43858237.45
2025-08-01 09:47:36 AM,440.7,0,0.0,43858237.45
2025-08-01 09:47:38 AM,440.7,62,27323.399999999998,43885560.85
2025-08-01 09:47:41 AM,440.6,0,0.0,43885560.85
2025-08-01 09:47:41 AM,440.6,1,440.6,43886001.45
2025-08-01 09:47:45 AM,440.5,12,5286.0,43891287.45
2025-08-01 09:47:47 AM,440.5,1,440.5,43891727.95
2025-08-01 09:47:52 AM,440.5,44,19382.0,43911109.95
2025-08-01 09:47:57 AM,441.05,0,0.0,43911109.95
2025-08-01 09:47:58 AM,440.65,18,7931.7,43919041.650000006
2025-08-01 09:48:05 AM,440.65,3,1321.9499999999998,43920363.60000001
2025-08-01 09:48:42 AM,441.25,0,0.0,43920363.60000001
2025-08-01 09:48:43 AM,441.25,100,44125.0,43964488.60000001
2025-08-01 09:48:46 AM,440.85,0,0.0,43964488.60000001
2025-08-01 09:48:50 AM,440.85,17,7494.450000000001,43971983.05000001
2025-08-01 09:49:05 AM,440.85,14,6171.900000000001,43978154.95000001
2025-08-01 09:49:15 AM,441.25,100,44125.0,44022279.95000001
2025-08-01 09:49:21 AM,440.9,0,0.0,44022279.95000001
2025-08-01 09:49:21 AM,440.9,15,6613.5,44028893.45000001
2025-08-01 09:49:27 AM,440.85,0,0.0,44028893.45000001
2025-08-01 09:49:27 AM,440.85,3,1322.5500000000002,44030216.00000001
2025-08-01 09:49:33 AM,441.1,0,0.0,44030216.00000001
2025-08-01 09:49:34 AM,441.1,1,441.1,44030657.10000001
2025-08-01 09:49:51 AM,440.85,0,0.0,44030657.10000001
2025-08-01 09:49:52 AM,440.85,325,143276.25,44173933.35000001
2025-08-01 09:49:55 AM,440.85,5,2204.25,44176137.60000001
2025-08-01 09:49:58 AM,440.8,0,0.0,44176137.60000001
2025-08-01 09:49:59 AM,440.7,2,881.4,44177019.00000001
2025-08-01 09:50:02 AM,440.7,4,1762.8,44178781.800000004
2025-08-01 09:50:08 AM,440.65,32,14100.8,44192882.6
2025-08-01 09:50:12 AM,440.6,10,4406.0,44197288.6
2025-08-01 09:50:15 AM,440.6,7,3084.2000000000003,44200372.800000004
2025-08-01 09:50:58 AM,440.6,11,4846.6,44205219.400000006
2025-08-01 09:51:05 AM,440.5,0,0.0,44205219.400000006
2025-08-01 09:51:08 AM,440.55,0,0.0,44205219.400000006
2025-08-01 09:51:09 AM,440.55,1177,518527.35000000003,44723746.75000001
2025-08-01 09:51:23 AM,440.8,40,17632.0,44741378.75000001
2025-08-01 09:51:27 AM,440.8,1,440.8,44741819.550000004
2025-08-01 09:51:35 AM,440.85,0,0.0,44741819.550000004
2025-08-01 09:51:36 AM,440.85,25,11021.25,44752840.800000004
2025-08-01 09:51:39 AM,440.65,0,0.0,44752840.800000004
2025-08-01 09:51:40 AM,440.65,100,44065.0,44796905.800000004
2025-08-01 09:51:41 AM,440.5,0,0.0,44796905.800000004
2025-08-01 09:51:42 AM,440.35,401,176580.35,44973486.150000006
2025-08-01 09:51:44 AM,440.5,0,0.0,44973486.150000006
2025-08-01 09:51:45 AM,439.7,0,0.0,44973486.150000006
2025-08-01 09:51:46 AM,439.2,2782,1221854.4,46195340.550000004
2025-08-01 09:51:49 AM,439.2,91,39967.2,46235307.75000001
2025-08-01 09:51:50 AM,439.15,0,0.0,46235307.75000001
2025-08-01 09:51:51 AM,439.1,0,0.0,46235307.75000001
2025-08-01 09:51:52 AM,439.1,357,156758.7,46392066.45000001
2025-08-01 09:51:58 AM,439.1,44,19320.4,46411386.85000001
2025-08-01 09:52:01 AM,439.1,1,439.1,46411825.95000001
2025-08-01 09:52:07 AM,440.0,502,220880.0,46632705.95000001
2025-08-01 09:52:13 AM,439.55,0,0.0,46632705.95000001
2025-08-01 09:52:13 AM,439.55,3,1318.65,46634024.60000001
2025-08-01 09:52:16 AM,440.1,0,0.0,46634024.60000001
2025-08-01 09:52:17 AM,440.1,580,255258.0,46889282.60000001
2025-08-01 09:52:21 AM,439.7,0,0.0,46889282.60000001
2025-08-01 09:52:23 AM,439.7,122,53643.4,46942926.00000001
2025-08-01 09:52:34 AM,439.2,0,0.0,46942926.00000001
2025-08-01 09:52:35 AM,439.2,1176,516499.2,47459425.20000001
2025-08-01 09:52:37 AM,439.25,0,0.0,47459425.20000001
2025-08-01 09:52:38 AM,439.15,201,88269.15,47547694.35000001
2025-08-01 09:52:41 AM,439.15,35,15370.25,47563064.60000001
2025-08-01 09:52:46 AM,439.1,0,0.0,47563064.60000001
2025-08-01 09:52:47 AM,439.1,1,439.1,47563503.70000001
2025-08-01 09:52:53 AM,439.2,12,5270.4,47568774.10000001
2025-08-01 09:53:04 AM,439.45,0,0.0,47568774.10000001
2025-08-01 09:53:05 AM,439.45,10,4394.5,47573168.60000001
2025-08-01 09:53:10 AM,439.25,0,0.0,47573168.60000001
2025-08-01 09:53:12 AM,439.25,1,439.25,47573607.85000001
2025-08-01 09:53:23 AM,438.85,0,0.0,47573607.85000001
2025-08-01 09:53:24 AM,438.85,2305,1011549.25,48585157.10000001
2025-08-01 09:53:29 AM,438.6,0,0.0,48585157.10000001
2025-08-01 09:53:30 AM,438.25,315,138048.75,48723205.85000001
2025-08-01 09:53:32 AM,438.25,330,144622.5,48867828.35000001
2025-08-01 09:53:36 AM,438.25,73,31992.25,48899820.60000001
2025-08-01 09:53:38 AM,438.25,17,7450.25,48907270.85000001
2025-08-01 09:53:42 AM,438.55,0,0.0,48907270.85000001
2025-08-01 09:53:43 AM,438.55,236,103497.8,49010768.650000006
2025-08-01 09:53:49 AM,438.25,5,2191.25,49012959.900000006
2025-08-01 09:53:53 AM,438.55,0,0.0,49012959.900000006
2025-08-01 09:53:55 AM,438.55,4,1754.2,49014714.10000001
2025-08-01 09:53:59 AM,438.25,0,0.0,49014714.10000001
2025-08-01 09:53:59 AM,438.55,0,0.0,49014714.10000001
2025-08-01 09:54:01 AM,438.55,1204,528014.2000000001,49542728.30000001
2025-08-01 09:54:03 AM,438.55,1,438.55,49543166.85000001
2025-08-01 09:54:09 AM,438.55,477,209188.35,49752355.20000001
2025-08-01 09:54:14 AM,438.25,2,876.5,49753231.70000001
2025-08-01 09:54:15 AM,438.25,83,36374.75,49789606.45000001
2025-08-01 09:54:20 AM,438.25,2,876.5,49790482.95000001
2025-08-01 09:54:40 AM,438.5,4,1754.0,49792236.95000001
2025-08-01 09:54:45 AM,438.25,2,876.5,49793113.45000001
2025-08-01 09:55:02 AM,438.25,105,46016.25,49839129.70000001
2025-08-01 09:55:03 AM,438.25,1,438.25,49839567.95000001
2025-08-01 09:55:06 AM,438.5,0,0.0,49839567.95000001
2025-08-01 09:55:08 AM,438.3,65,28489.5,49868057.45000001
2025-08-01 09:55:12 AM,438.85,0,0.0,49868057.45000001
2025-08-01 09:55:14 AM,438.85,708,310705.8,50178763.25000001
2025-08-01 09:55:15 AM,438.25,0,0.0,50178763.25000001
2025-08-01 09:55:20 AM,438.25,371,162590.75,50341354.00000001
2025-08-01 09:55:26 AM,438.25,502,220001.5,50561355.50000001
2025-08-01 09:55:27 AM,437.65,715,312919.75,50874275.25000001
2025-08-01 09:55:32 AM,438.0,266,116508.0,50990783.25000001
2025-08-01 09:55:33 AM,438.0,4,1752.0,50992535.25000001
2025-08-01 09:55:38 AM,437.95,1,437.95,50992973.20000001
2025-08-01 09:55:44 AM,437.5,6,2625.0,50995598.20000001
2025-08-01 09:55:51 AM,437.4,0,0.0,50995598.20000001
2025-08-01 09:55:51 AM,437.4,114,49863.6,51045461.80000001
2025-08-01 09:55:56 AM,437.85,0,0.0,51045461.80000001
2025-08-01 09:55:56 AM,437.85,5,2189.25,51047651.05000001
2025-08-01 09:55:59 AM,437.25,0,0.0,51047651.05000001
2025-08-01 09:56:02 AM,437.15,0,0.0,51047651.05000001
2025-08-01 09:56:02 AM,437.15,61,26666.149999999998,51074317.20000001
2025-08-01 09:56:11 AM,437.75,0,0.0,51074317.20000001
2025-08-01 09:56:12 AM,437.95,0,0.0,51074317.20000001
2025-08-01 09:56:14 AM,437.85,0,0.0,51074317.20000001
2025-08-01 09:56:14 AM,437.85,16,7005.6,51081322.80000001
2025-08-01 09:56:17 AM,438.0,0,0.0,51081322.80000001
2025-08-01 09:56:20 AM,438.0,10,4380.0,51085702.80000001
2025-08-01 09:56:23 AM,437.8,0,0.0,51085702.80000001
2025-08-01 09:56:24 AM,438.05,0,0.0,51085702.80000001
2025-08-01 09:56:26 AM,438.05,3,1314.15,51087016.95000001
2025-08-01 09:56:43 AM,437.75,0,0.0,51087016.95000001
2025-08-01 09:56:44 AM,437.75,191,83610.25,51170627.20000001
2025-08-01 09:56:50 AM,437.45,109,47682.049999999996,51218309.25000001
2025-08-01 09:56:51 AM,437.65,10,4376.5,51222685.75000001
2025-08-01 09:56:56 AM,437.45,0,0.0,51222685.75000001
2025-08-01 09:56:56 AM,437.45,1,437.45,51223123.20000001
2025-08-01 09:56:58 AM,437.4,2,874.8,51223998.00000001
2025-08-01 09:57:02 AM,437.4,17,7435.799999999999,51231433.800000004
2025-08-01 09:57:03 AM,437.35,126,55106.100000000006,51286539.900000006
2025-08-01 09:57:08 AM,437.1,19,8304.9,51294844.800000004
2025-08-01 09:57:10 AM,437.1,3,1311.3000000000002,51296156.1
2025-08-01 09:57:12 AM,436.9,0,0.0,51296156.1
2025-08-01 09:57:14 AM,436.95,153,66853.34999999999,51363009.45
2025-08-01 09:57:20 AM,436.9,0,0.0,51363009.45
2025-08-01 09:57:20 AM,436.9,1214,530396.6,51893406.050000004
2025-08-01 09:57:21 AM,436.9,30,13107.0,51906513.050000004
2025-08-01 09:57:31 AM,437.65,401,175497.65,52082010.7
2025-08-01 09:57:33 AM,437.65,150,65647.5,52147658.2
2025-08-01 09:57:36 AM,437.15,0,0.0,52147658.2
2025-08-01 09:57:37 AM,437.15,38,16611.7,52164269.900000006
2025-08-01 09:57:39 AM,437.0,24,10488.0,52174757.900000006
2025-08-01 09:57:43 AM,437.05,20,8741.0,52183498.900000006
2025-08-01 09:57:46 AM,437.0,92,40204.0,52223702.900000006
2025-08-01 09:57:48 AM,437.35,0,0.0,52223702.900000006
2025-08-01 09:57:49 AM,437.35,32,13995.2,52237698.10000001
2025-08-01 09:57:55 AM,437.05,8,3496.4,52241194.50000001
2025-08-01 09:58:01 AM,437.45,1,437.45,52241631.95000001
2025-08-01 09:58:10 AM,437.9,400,175160.0,52416791.95000001
2025-08-01 09:58:16 AM,437.2,61,26669.2,52443461.15000001
2025-08-01 09:58:22 AM,437.15,9,3934.35,52447395.500000015
2025-08-01 09:58:25 AM,437.2,0,0.0,52447395.500000015
2025-08-01 09:58:26 AM,437.2,59,25794.8,52473190.30000001
2025-08-01 09:58:45 AM,437.5,0,0.0,52473190.30000001
2025-08-01 09:58:47 AM,437.85,500,218925.0,52692115.30000001
2025-08-01 09:58:53 AM,437.8,0,0.0,52692115.30000001
2025-08-01 09:58:53 AM,437.8,61,26705.8,52718821.10000001
2025-08-01 09:58:56 AM,437.75,1,437.75,52719258.85000001
2025-08-01 09:58:57 AM,437.4,0,0.0,52719258.85000001
2025-08-01 09:58:59 AM,437.4,10,4374.0,52723632.85000001
2025-08-01 09:59:02 AM,437.2,1,437.2,52724070.05000001
2025-08-01 09:59:08 AM,437.2,521,227781.19999999998,52951851.250000015
2025-08-01 09:59:11 AM,437.05,0,0.0,52951851.250000015
2025-08-01 09:59:11 AM,437.05,131,57253.55,53009104.80000001
2025-08-01 09:59:17 AM,436.95,1549,676835.5499999999,53685940.35000001
2025-08-01 09:59:21 AM,436.85,21,9173.85,53695114.20000001
2025-08-01 09:59:24 AM,436.8,41,17908.8,53713023.00000001
2025-08-01 09:59:27 AM,437.2,0,0.0,53713023.00000001
2025-08-01 09:59:27 AM,437.2,15,6558.0,53719581.00000001
2025-08-01 09:59:33 AM,436.8,3,1310.4,53720891.400000006
2025-08-01 09:59:40 AM,436.8,2,873.6,53721765.00000001
2025-08-01 09:59:55 AM,436.9,0,0.0,53721765.00000001
2025-08-01 09:59:55 AM,436.9,58,25340.199999999997,53747105.20000001
2025-08-01 09:59:56 AM,436.8,0,0.0,53747105.20000001
2025-08-01 09:59:58 AM,436.8,167,72945.6,53820050.80000001
2025-08-01 10:00:04 AM,436.75,22,9608.5,53829659.30000001
2025-08-01 10:00:07 AM,436.7,1,436.7,53830096.000000015
2025-08-01 10:00:11 AM,436.75,1,436.75,53830532.750000015
2025-08-01 10:00:20 AM,437.1,0,0.0,53830532.750000015
2025-08-01 10:00:20 AM,437.1,150,65565.0,53896097.750000015
2025-08-01 10:00:25 AM,436.75,0,0.0,53896097.750000015
2025-08-01 10:00:26 AM,436.75,53,23147.75,53919245.500000015
2025-08-01 10:00:30 AM,437.0,15,6555.0,53925800.500000015
2025-08-01 10:00:31 AM,437.85,0,0.0,53925800.500000015
2025-08-01 10:00:33 AM,437.85,1162,508781.7,54434582.20000002
2025-08-01 10:00:36 AM,436.85,1,436.85,54435019.05000002
2025-08-01 10:00:42 AM,436.7,54,23581.8,54458600.85000002
2025-08-01 10:00:46 AM,436.6,11,4802.6,54463403.45000002
2025-08-01 10:00:52 AM,436.6,142,61997.200000000004,54525400.65000002
2025-08-01 10:00:55 AM,436.6,7,3056.2000000000003,54528456.850000024
2025-08-01 10:01:01 AM,436.6,12,5239.200000000001,54533696.05000003
2025-08-01 10:01:11 AM,437.8,451,197447.80000000002,54731143.850000024
2025-08-01 10:01:17 AM,437.05,0,0.0,54731143.850000024
2025-08-01 10:01:17 AM,437.05,65,28408.25,54759552.100000024
2025-08-01 10:01:18 AM,437.15,0,0.0,54759552.100000024
2025-08-01 10:01:20 AM,437.15,1,437.15,54759989.25000002
2025-08-01 10:01:26 AM,437.0,0,0.0,54759989.25000002
2025-08-01 10:01:26 AM,437.0,470,205390.0,54965379.25000002
2025-08-01 10:01:30 AM,437.0,1,437.0,54965816.25000002
2025-08-01 10:01:36 AM,437.05,13,5681.650000000001,54971497.90000002
2025-08-01 10:01:42 AM,437.35,0,0.0,54971497.90000002
2025-08-01 10:01:42 AM,437.35,10,4373.5,54975871.40000002
2025-08-01 10:01:46 AM,437.15,0,0.0,54975871.40000002
2025-08-01 10:01:47 AM,437.35,0,0.0,54975871.40000002
2025-08-01 10:01:48 AM,437.1,114,49829.4,55025700.80000002
2025-08-01 10:01:50 AM,437.1,1,437.1,55026137.90000002
2025-08-01 10:02:02 AM,437.1,14,6119.400000000001,55032257.30000002
2025-08-01 10:02:21 AM,437.65,100,43765.0,55076022.30000002
2025-08-01 10:02:26 AM,437.65,5,2188.25,55078210.55000002
2025-08-01 10:02:27 AM,437.4,0,0.0,55078210.55000002
2025-08-01 10:02:28 AM,437.55,12,5250.6,55083461.15000002
2025-08-01 10:02:34 AM,437.25,1,437.25,55083898.40000002
2025-08-01 10:03:09 AM,437.5,0,0.0,55083898.40000002
2025-08-01 10:03:10 AM,437.5,1,437.5,55084335.90000002
2025-08-01 10:03:17 AM,437.5,10,4375.0,55088710.90000002
2025-08-01 10:03:23 AM,437.5,68,29750.0,55118460.90000002
2025-08-01 10:03:25 AM,437.35,12,5248.200000000001,55123709.100000024
2025-08-01 10:04:01 AM,437.5,0,0.0,55123709.100000024
2025-08-01 10:04:01 AM,437.5,25,10937.5,55134646.600000024
2025-08-01 10:04:03 AM,437.1,201,87857.1,55222503.700000025
2025-08-01 10:04:07 AM,437.0,26,11362.0,55233865.700000025
2025-08-01 10:04:09 AM,436.95,0,0.0,55233865.700000025
2025-08-01 10:04:09 AM,436.95,544,237700.8,55471566.50000002
2025-08-01 10:04:13 AM,436.9,0,0.0,55471566.50000002
2025-08-01 10:04:13 AM,436.9,12,5242.799999999999,55476809.30000002
2025-08-01 10:04:16 AM,436.65,1,436.65,55477245.95000002
2025-08-01 10:04:17 AM,436.5,0,0.0,55477245.95000002
2025-08-01 10:04:20 AM,436.5,78,34047.0,55511292.95000002
2025-08-01 10:04:25 AM,436.4,0,0.0,55511292.95000002
2025-08-01 10:04:26 AM,436.15,501,218511.15,55729804.10000002
2025-08-01 10:04:28 AM,436.15,12,5233.799999999999,55735037.90000001
2025-08-01 10:04:29 AM,436.4,0,0.0,55735037.90000001
2025-08-01 10:04:32 AM,436.4,20,8728.0,55743765.90000001
2025-08-01 10:04:34 AM,436.1,4,1744.4,55745510.30000001
2025-08-01 10:04:38 AM,436.45,0,0.0,55745510.30000001
2025-08-01 10:04:39 AM,436.45,62,27059.899999999998,55772570.20000001
2025-08-01 10:04:43 AM,436.15,0,0.0,55772570.20000001
2025-08-01 10:04:45 AM,436.15,8,3489.2,55776059.40000001
2025-08-01 10:04:51 AM,436.45,0,0.0,55776059.40000001
2025-08-01 10:04:51 AM,436.45,1,436.45,55776495.85000002
2025-08-01 10:04:53 AM,436.15,1,436.15,55776932.000000015
2025-08-01 10:04:57 AM,436.05,1,436.05,55777368.05000001
2025-08-01 10:05:05 AM,436.45,0,0.0,55777368.05000001
2025-08-01 10:05:05 AM,436.45,8,3491.6,55780859.65000001
2025-08-01 10:05:10 AM,436.05,1,436.05,55781295.70000001
2025-08-01 10:05:14 AM,436.4,0,0.0,55781295.70000001
2025-08-01 10:05:16 AM,436.4,5,2182.0,55783477.70000001
2025-08-01 10:05:22 AM,436.05,0,0.0,55783477.70000001
2025-08-01 10:05:22 AM,436.05,1,436.05,55783913.75000001
2025-08-01 10:05:28 AM,436.05,1843,803640.15,56587553.900000006
2025-08-01 10:05:30 AM,435.6,0,0.0,56587553.900000006
2025-08-01 10:05:30 AM,435.85,0,0.0,56587553.900000006
2025-08-01 10:05:30 AM,435.85,58,25279.300000000003,56612833.2
2025-08-01 10:05:33 AM,435.75,0,0.0,56612833.2
2025-08-01 10:05:34 AM,435.75,363,158177.25,56771010.45
2025-08-01 10:05:40 AM,435.75,94,40960.5,56811970.95
2025-08-01 10:05:42 AM,435.75,11,4793.25,56816764.2
2025-08-01 10:05:45 AM,435.6,0,0.0,56816764.2
2025-08-01 10:05:46 AM,435.95,17,7411.15,56824175.35
2025-08-01 10:05:48 AM,435.6,38,16552.8,56840728.15
2025-08-01 10:05:52 AM,435.6,8,3484.8,56844212.949999996
2025-08-01 10:06:00 AM,436.05,500,218025.0,57062237.949999996
2025-08-01 10:06:04 AM,436.05,1,436.05,57062673.99999999
2025-08-01 10:06:06 AM,435.7,87,37905.9,57100579.89999999
2025-08-01 10:06:13 AM,435.6,3,1306.8000000000002,57101886.69999999
2025-08-01 10:06:18 AM,435.6,3,1306.8000000000002,57103193.499999985
2025-08-01 10:06:24 AM,436.0,250,109000.0,57212193.499999985
2025-08-01 10:06:30 AM,435.65,1,435.65,57212629.14999998
2025-08-01 10:06:34 AM,435.65,42,18297.3,57230926.44999998
2025-08-01 10:06:36 AM,435.65,1,435.65,57231362.09999998
2025-08-01 10:06:40 AM,435.55,0,0.0,57231362.09999998
2025-08-01 10:06:40 AM,435.55,651,283543.05,57514905.149999976
2025-08-01 10:06:42 AM,435.5,7,3048.5,57517953.649999976
2025-08-01 10:06:46 AM,435.5,14,6097.0,57524050.649999976
2025-08-01 10:06:48 AM,435.5,1,435.5,57524486.149999976
2025-08-01 10:06:52 AM,435.55,59,25697.45,57550183.59999998
2025-08-01 10:06:54 AM,435.7,256,111539.2,57661722.79999998
2025-08-01 10:07:00 AM,435.45,0,0.0,57661722.79999998
2025-08-01 10:07:00 AM,435.45,6,2612.7,57664335.499999985
2025-08-01 10:07:04 AM,435.35,6,2612.1000000000004,57666947.59999999
2025-08-01 10:07:06 AM,435.25,16,6964.0,57673911.59999999
2025-08-01 10:07:10 AM,435.6,0,0.0,57673911.59999999
2025-08-01 10:07:11 AM,435.6,7,3049.2000000000003,57676960.79999999
2025-08-01 10:07:17 AM,435.5,43,18726.5,57695687.29999999
2025-08-01 10:07:19 AM,435.5,1,435.5,57696122.79999999
2025-08-01 10:07:20 AM,435.6,0,0.0,57696122.79999999
2025-08-01 10:07:23 AM,435.6,96,41817.600000000006,57737940.39999999
2025-08-01 10:07:25 AM,435.6,7,3049.2000000000003,57740989.599999994
2025-08-01 10:07:31 AM,435.6,13,5662.8,57746652.39999999
2025-08-01 10:07:33 AM,436.05,0,0.0,57746652.39999999
2025-08-01 10:07:36 AM,436.45,259,113040.55,57859692.94999999
2025-08-01 10:07:41 AM,436.05,3,1308.15,57861001.09999999
2025-08-01 10:07:48 AM,435.9,185,80641.5,57941642.59999999
2025-08-01 10:07:50 AM,436.0,4,1744.0,57943386.59999999
2025-08-01 10:07:52 AM,436.8,0,0.0,57943386.59999999
2025-08-01 10:07:54 AM,436.8,1100,480480.0,58423866.59999999
2025-08-01 10:07:56 AM,436.05,4,1744.2,58425610.79999999
2025-08-01 10:08:00 AM,436.05,10,4360.5,58429971.29999999
2025-08-01 10:08:01 AM,436.0,0,0.0,58429971.29999999
2025-08-01 10:08:02 AM,436.0,175,76300.0,58506271.29999999
2025-08-01 10:08:06 AM,436.0,41,17876.0,58524147.29999999
2025-08-01 10:08:13 AM,436.0,24,10464.0,58534611.29999999
2025-08-01 10:08:14 AM,436.0,5,2180.0,58536791.29999999
2025-08-01 10:08:23 AM,435.95,0,0.0,58536791.29999999
2025-08-01 10:08:25 AM,435.95,1179,513985.05,59050776.34999999
2025-08-01 10:08:26 AM,436.3,0,0.0,59050776.34999999
2025-08-01 10:08:27 AM,436.3,50,21815.0,59072591.34999999
2025-08-01 10:08:29 AM,436.15,0,0.0,59072591.34999999
2025-08-01 10:08:31 AM,435.8,8,3486.4,59076077.749999985
2025-08-01 10:08:35 AM,435.85,0,0.0,59076077.749999985
2025-08-01 10:08:37 AM,435.85,2,871.7,59076949.44999999
2025-08-01 10:08:53 AM,436.15,0,0.0,59076949.44999999
2025-08-01 10:08:55 AM,436.15,1,436.15,59077385.59999999
2025-08-01 10:09:08 AM,436.4,0,0.0,59077385.59999999
2025-08-01 10:09:08 AM,436.4,2,872.8,59078258.39999998
2025-08-01 10:09:23 AM,436.0,0,0.0,59078258.39999998
2025-08-01 10:09:24 AM,436.0,888,387168.0,59465426.39999998
2025-08-01 10:09:26 AM,435.8,19,8280.2,59473706.59999999
2025-08-01 10:09:29 AM,435.6,0,0.0,59473706.59999999
2025-08-01 10:09:30 AM,435.6,19,8276.4,59481982.999999985
2025-08-01 10:09:32 AM,435.55,0,0.0,59481982.999999985
2025-08-01 10:09:32 AM,435.55,115,50088.25,59532071.249999985
2025-08-01 10:09:41 AM,435.8,0,0.0,59532071.249999985
2025-08-01 10:09:42 AM,435.8,14,6101.2,59538172.44999999
2025-08-01 10:09:47 AM,435.6,0,0.0,59538172.44999999
2025-08-01 10:09:48 AM,435.6,3,1306.8000000000002,59539479.249999985
2025-08-01 10:09:51 AM,435.45,0,0.0,59539479.249999985
2025-08-01 10:09:53 AM,435.8,0,0.0,59539479.249999985
2025-08-01 10:09:53 AM,436.25,235,102518.75,59641997.999999985
2025-08-01 10:09:59 AM,435.7,1,435.7,59642433.69999999
2025-08-01 10:10:22 AM,436.05,0,0.0,59642433.69999999
2025-08-01 10:10:22 AM,436.05,2,872.1,59643305.79999999
2025-08-01 10:10:24 AM,436.0,6,2616.0,59645921.79999999
2025-08-01 10:10:29 AM,435.75,0,0.0,59645921.79999999
2025-08-01 10:10:30 AM,435.95,101,44030.95,59689952.74999999
2025-08-01 10:10:32 AM,435.75,0,0.0,59689952.74999999
2025-08-01 10:10:34 AM,435.75,28,12201.0,59702153.74999999
2025-08-01 10:10:36 AM,435.7,16,6971.2,59709124.949999996
2025-08-01 10:10:40 AM,435.75,34,14815.5,59723940.449999996
2025-08-01 10:11:10 AM,436.0,10,4360.0,59728300.449999996
2025-08-01 10:11:16 AM,435.75,3,1307.25,59729607.699999996
2025-08-01 10:11:23 AM,436.0,0,0.0,59729607.699999996
2025-08-01 10:11:23 AM,436.0,500,218000.0,59947607.699999996
2025-08-01 10:11:29 AM,435.75,63,27452.25,59975059.949999996
2025-08-01 10:11:33 AM,435.75,500,217875.0,60192934.949999996
2025-08-01 10:11:38 AM,435.6,0,0.0,60192934.949999996
2025-08-01 10:11:39 AM,435.6,75,32670.0,60225604.949999996
2025-08-01 10:11:44 AM,435.75,0,0.0,60225604.949999996
2025-08-01 10:11:45 AM,435.75,18,7843.5,60233448.449999996
2025-08-01 10:11:46 AM,435.2,1023,445209.6,60678658.05
2025-08-01 10:11:50 AM,435.25,0,0.0,60678658.05
2025-08-01 10:11:50 AM,435.25,175,76168.75,60754826.8
2025-08-01 10:11:52 AM,435.2,4,1740.8,60756567.599999994
2025-08-01 10:11:53 AM,435.25,0,0.0,60756567.599999994
2025-08-01 10:11:56 AM,435.05,0,0.0,60756567.599999994
2025-08-01 10:11:56 AM,435.5,729,317479.5,61074047.099999994
2025-08-01 10:12:02 AM,435.25,0,0.0,61074047.099999994
2025-08-01 10:12:02 AM,435.25,4,1741.0,61075788.099999994
2025-08-01 10:12:35 AM,435.65,0,0.0,61075788.099999994
2025-08-01 10:12:37 AM,435.65,20,8713.0,61084501.099999994
2025-08-01 10:12:41 AM,435.25,0,0.0,61084501.099999994
2025-08-01 10:12:43 AM,435.85,94,40969.9,61125470.99999999
2025-08-01 10:12:47 AM,436.1,0,0.0,61125470.99999999
2025-08-01 10:12:49 AM,436.1,10,4361.0,61129831.99999999
2025-08-01 10:12:53 AM,435.75,0,0.0,61129831.99999999
2025-08-01 10:12:54 AM,435.75,1,435.75,61130267.74999999
2025-08-01 10:13:05 AM,435.65,0,0.0,61130267.74999999
2025-08-01 10:13:06 AM,435.7,638,277976.6,61408244.349999994
2025-08-01 10:13:07 AM,435.8,3,1307.4,61409551.74999999
2025-08-01 10:13:08 AM,435.55,0,0.0,61409551.74999999
2025-08-01 10:13:12 AM,435.55,9,3919.9500000000003,61413471.699999996
2025-08-01 10:13:23 AM,435.9,0,0.0,61413471.699999996
2025-08-01 10:13:24 AM,435.9,1,435.9,61413907.599999994
2025-08-01 10:13:26 AM,435.55,0,0.0,61413907.599999994
2025-08-01 10:13:29 AM,435.4,0,0.0,61413907.599999994
2025-08-01 10:13:30 AM,435.4,165,71841.0,61485748.599999994
2025-08-01 10:13:32 AM,435.9,0,0.0,61485748.599999994
2025-08-01 10:13:36 AM,435.9,50,21795.0,61507543.599999994
2025-08-01 10:13:38 AM,435.5,0,0.0,61507543.599999994
2025-08-01 10:13:42 AM,435.5,109,47469.5,61555013.099999994
2025-08-01 10:13:44 AM,435.3,0,0.0,61555013.099999994
2025-08-01 10:13:48 AM,435.3,17,7400.1,61562413.199999996
2025-08-01 10:14:08 AM,436.35,0,0.0,61562413.199999996
2025-08-01 10:14:11 AM,436.35,2129,928989.15,62491402.349999994
2025-08-01 10:14:11 AM,436.15,10,4361.5,62495763.849999994
2025-08-01 10:14:14 AM,435.9,0,0.0,62495763.849999994
2025-08-01 10:14:17 AM,435.9,64,27897.6,62523661.449999996
2025-08-01 10:14:17 AM,435.5,0,0.0,62523661.449999996
2025-08-01 10:14:17 AM,435.5,299,130214.5,62653875.949999996
2025-08-01 10:14:20 AM,435.8,0,0.0,62653875.949999996
2025-08-01 10:14:22 AM,435.9,237,103308.29999999999,62757184.24999999
2025-08-01 10:14:23 AM,435.85,0,0.0,62757184.24999999
2025-08-01 10:14:23 AM,435.85,1,435.85,62757620.099999994
2025-08-01 10:14:26 AM,435.65,0,0.0,62757620.099999994
2025-08-01 10:14:28 AM,435.65,38,16554.7,62774174.8
2025-08-01 10:14:32 AM,435.9,0,0.0,62774174.8
2025-08-01 10:14:34 AM,435.85,101,44020.850000000006,62818195.65
2025-08-01 10:14:35 AM,435.6,0,0.0,62818195.65
2025-08-01 10:14:35 AM,435.6,16,6969.6,62825165.25
2025-08-01 10:14:40 AM,435.6,3,1306.8000000000002,62826472.05
2025-08-01 10:14:49 AM,435.9,0,0.0,62826472.05
2025-08-01 10:14:51 AM,435.9,31,13512.9,62839984.949999996
2025-08-01 10:14:55 AM,436.45,0,0.0,62839984.949999996
2025-08-01 10:14:57 AM,436.15,0,0.0,62839984.949999996
2025-08-01 10:14:57 AM,436.15,109,47540.35,62887525.3
2025-08-01 10:14:58 AM,436.05,40,17442.0,62904967.3
2025-08-01 10:15:03 AM,436.4,0,0.0,62904967.3
2025-08-01 10:15:03 AM,436.4,67,29238.8,62934206.099999994
2025-08-01 10:15:08 AM,435.45,285,124103.25,63058309.349999994
2025-08-01 10:15:13 AM,435.4,0,0.0,63058309.349999994
2025-08-01 10:15:14 AM,435.25,0,0.0,63058309.349999994
2025-08-01 10:15:14 AM,435.25,14,6093.5,63064402.849999994
2025-08-01 10:15:15 AM,435.25,1,435.25,63064838.099999994
2025-08-01 10:15:17 AM,435.6,0,0.0,63064838.099999994
2025-08-01 10:15:21 AM,435.6,50,21780.0,63086618.099999994
2025-08-01 10:15:22 AM,435.3,0,0.0,63086618.099999994
2025-08-01 10:15:27 AM,435.25,8,3482.0,63090100.099999994
2025-08-01 10:15:33 AM,435.25,2,870.5,63090970.599999994
2025-08-01 10:15:39 AM,435.45,1,435.45,63091406.05
2025-08-01 10:15:41 AM,435.9,0,0.0,63091406.05
2025-08-01 10:15:45 AM,435.9,448,195283.19999999998,63286689.25
2025-08-01 10:15:45 AM,435.35,76,33086.6,63319775.85
2025-08-01 10:15:47 AM,435.6,0,0.0,63319775.85
2025-08-01 10:15:51 AM,435.6,3,1306.8000000000002,63321082.65
2025-08-01 10:15:55 AM,435.05,0,0.0,63321082.65
2025-08-01 10:15:57 AM,435.05,1175,511183.75,63832266.4
2025-08-01 10:16:01 AM,435.7,0,0.0,63832266.4
2025-08-01 10:16:02 AM,435.7,7,3049.9,63835316.3
2025-08-01 10:16:07 AM,435.2,0,0.0,63835316.3
2025-08-01 10:16:08 AM,435.65,11,4792.15,63840108.449999996
2025-08-01 10:16:10 AM,435.6,0,0.0,63840108.449999996
2025-08-01 10:16:13 AM,435.2,0,0.0,63840108.449999996
2025-08-01 10:16:14 AM,435.2,5,2176.0,63842284.449999996
2025-08-01 10:16:16 AM,435.5,0,0.0,63842284.449999996
2025-08-01 10:16:20 AM,435.5,3,1306.5,63843590.949999996
2025-08-01 10:16:26 AM,435.5,1,435.5,63844026.449999996
2025-08-01 10:16:28 AM,435.55,0,0.0,63844026.449999996
2025-08-01 10:16:32 AM,435.15,24,10443.599999999999,63854470.05
2025-08-01 10:16:38 AM,435.55,3,1306.65,63855776.699999996
2025-08-01 10:16:43 AM,435.25,0,0.0,63855776.699999996
2025-08-01 10:16:43 AM,435.25,1,435.25,63856211.949999996
2025-08-01 10:16:43 AM,435.7,170,74069.0,63930280.949999996
2025-08-01 10:16:47 AM,435.05,0,0.0,63930280.949999996
2025-08-01 10:16:49 AM,435.05,261,113548.05,64043828.99999999
2025-08-01 10:16:54 AM,435.05,14,6090.7,64049919.699999996
2025-08-01 10:17:00 AM,435.05,967,420693.35000000003,64470613.05
2025-08-01 10:17:04 AM,435.0,0,0.0,64470613.05
2025-08-01 10:17:05 AM,435.1,0,0.0,64470613.05
2025-08-01 10:17:05 AM,435.1,94,40899.4,64511512.449999996
2025-08-01 10:17:31 AM,435.15,0,0.0,64511512.449999996
2025-08-01 10:17:34 AM,435.15,27,11749.05,64523261.49999999
2025-08-01 10:17:59 AM,435.45,0,0.0,64523261.49999999
2025-08-01 10:18:03 AM,435.45,2,870.9,64524132.39999999
2025-08-01 10:18:21 AM,435.45,1,435.45,64524567.849999994
2025-08-01 10:18:26 AM,435.45,15,6531.75,64531099.599999994
2025-08-01 10:18:27 AM,435.2,3,1305.6,64532405.199999996
2025-08-01 10:18:29 AM,435.45,0,0.0,64532405.199999996
2025-08-01 10:18:32 AM,435.45,25,10886.25,64543291.449999996
2025-08-01 10:18:35 AM,435.2,0,0.0,64543291.449999996
2025-08-01 10:18:38 AM,435.2,5,2176.0,64545467.449999996
2025-08-01 10:19:03 AM,435.45,0,0.0,64545467.449999996
2025-08-01 10:19:06 AM,435.55,0,0.0,64545467.449999996
2025-08-01 10:19:06 AM,435.55,92,40070.6,64585538.05
2025-08-01 10:19:12 AM,435.45,0,0.0,64585538.05
2025-08-01 10:19:12 AM,435.45,465,202484.25,64788022.3
2025-08-01 10:19:18 AM,435.2,0,0.0,64788022.3
2025-08-01 10:19:18 AM,435.2,78,33945.6,64821967.9
2025-08-01 10:19:27 AM,434.65,0,0.0,64821967.9
2025-08-01 10:19:30 AM,434.65,2707,1176597.55,65998565.449999996
2025-08-01 10:19:30 AM,434.65,10,4346.5,66002911.949999996
2025-08-01 10:19:33 AM,434.5,0,0.0,66002911.949999996
2025-08-01 10:19:35 AM,434.2,35,15197.0,66018108.949999996
2025-08-01 10:19:36 AM,434.25,203,88152.75,66106261.699999996
2025-08-01 10:19:41 AM,434.2,7,3039.4,66109301.099999994
2025-08-01 10:19:42 AM,434.2,360,156312.0,66265613.099999994
2025-08-01 10:19:45 AM,434.0,0,0.0,66265613.099999994
2025-08-01 10:19:47 AM,434.0,2190,950460.0,67216073.1
2025-08-01 10:19:48 AM,434.35,0,0.0,67216073.1
2025-08-01 10:19:48 AM,434.35,6,2606.1000000000004,67218679.19999999
2025-08-01 10:19:52 AM,434.35,35,15202.25,67233881.44999999
2025-08-01 10:19:54 AM,434.65,115,49984.75,67283866.19999999
2025-08-01 10:19:57 AM,434.9,0,0.0,67283866.19999999
2025-08-01 10:19:58 AM,434.9,46,20005.399999999998,67303871.6
2025-08-01 10:20:02 AM,434.5,0,0.0,67303871.6
2025-08-01 10:20:03 AM,434.5,1,434.5,67304306.1
2025-08-01 10:20:08 AM,435.15,291,126628.65,67430934.75
2025-08-01 10:20:14 AM,434.8,32,13913.6,67444848.35
2025-08-01 10:20:20 AM,434.45,12,5213.4,67450061.75
2025-08-01 10:20:26 AM,434.3,0,0.0,67450061.75
2025-08-01 10:20:26 AM,434.3,29,12594.7,67462656.45
2025-08-01 10:20:32 AM,434.7,0,0.0,67462656.45
2025-08-01 10:20:32 AM,434.6,56,24337.600000000002,67486994.05
2025-08-01 10:20:33 AM,434.65,13,5650.45,67492644.5
2025-08-01 10:20:35 AM,435.05,0,0.0,67492644.5
2025-08-01 10:20:38 AM,435.05,19,8265.95,67500910.45
2025-08-01 10:20:40 AM,434.8,4,1739.2,67502649.65
2025-08-01 10:21:07 AM,434.8,16,6956.8,67509606.45
2025-08-01 10:21:13 AM,435.1,0,0.0,67509606.45
2025-08-01 10:21:13 AM,435.1,10,4351.0,67513957.45
2025-08-01 10:21:15 AM,435.05,1,435.05,67514392.5
2025-08-01 10:21:18 AM,434.85,2,869.7,67515262.2
2025-08-01 10:21:59 AM,435.1,0,0.0,67515262.2
2025-08-01 10:21:59 AM,435.1,16,6961.6,67522223.8
2025-08-01 10:22:05 AM,434.8,0,0.0,67522223.8
2025-08-01 10:22:05 AM,434.8,3,1304.4,67523528.2
2025-08-01 10:22:16 AM,435.1,57,24800.7,67548328.9
2025-08-01 10:22:22 AM,435.05,10,4350.5,67552679.4
2025-08-01 10:22:32 AM,435.0,0,0.0,67552679.4
2025-08-01 10:22:32 AM,435.0,525,228375.0,67781054.4
2025-08-01 10:22:34 AM,435.0,40,17400.0,67798454.4
2025-08-01 10:22:35 AM,434.85,0,0.0,67798454.4
2025-08-01 10:22:38 AM,434.8,0,0.0,67798454.4
2025-08-01 10:22:38 AM,434.8,83,36088.4,67834542.80000001
2025-08-01 10:22:40 AM,435.3,169,73565.7,67908108.50000001
2025-08-01 10:22:41 AM,435.35,0,0.0,67908108.50000001
2025-08-01 10:22:43 AM,435.35,32,13931.2,67922039.70000002
2025-08-01 10:22:48 AM,435.65,1,435.65,67922475.35000002
2025-08-01 10:23:10 AM,435.35,0,0.0,67922475.35000002
2025-08-01 10:23:11 AM,435.35,12,5224.200000000001,67927699.55000003
2025-08-01 10:23:22 AM,435.5,0,0.0,67927699.55000003
2025-08-01 10:23:22 AM,435.5,10,4355.0,67932054.55000003
2025-08-01 10:23:23 AM,435.35,0,0.0,67932054.55000003
2025-08-01 10:23:25 AM,435.35,30,13060.5,67945115.05000003
2025-08-01 10:23:26 AM,435.25,0,0.0,67945115.05000003
2025-08-01 10:23:28 AM,435.25,6,2611.5,67947726.55000003
2025-08-01 10:23:31 AM,435.25,1,435.25,67948161.80000003
2025-08-01 10:23:36 AM,435.25,29,12622.25,67960784.05000003
2025-08-01 10:24:04 AM,435.35,20,8707.0,67969491.05000003
2025-08-01 10:24:10 AM,435.3,0,0.0,67969491.05000003
2025-08-01 10:24:10 AM,435.3,2,870.6,67970361.65000002
2025-08-01 10:24:16 AM,435.25,2,870.5,67971232.15000002
2025-08-01 10:24:37 AM,435.3,1,435.3,67971667.45000002
2025-08-01 10:24:44 AM,435.35,0,0.0,67971667.45000002
2025-08-01 10:24:45 AM,435.35,30,13060.5,67984727.95000002
2025-08-01 10:24:48 AM,435.35,1,435.35,67985163.30000001
2025-08-01 10:24:50 AM,436.3,0,0.0,67985163.30000001
2025-08-01 10:24:50 AM,436.3,1600,698080.0,68683243.30000001
2025-08-01 10:24:54 AM,436.2,0,0.0,68683243.30000001
2025-08-01 10:24:56 AM,436.2,40,17448.0,68700691.30000001
2025-08-01 10:24:59 AM,436.1,451,196681.1,68897372.4
2025-08-01 10:25:00 AM,435.5,0,0.0,68897372.4
2025-08-01 10:25:02 AM,435.75,53,23094.75,68920467.15
2025-08-01 10:25:05 AM,435.6,0,0.0,68920467.15
2025-08-01 10:25:05 AM,435.6,268,116740.8,69037207.95
2025-08-01 10:25:08 AM,435.55,0,0.0,69037207.95
2025-08-01 10:25:08 AM,435.55,7,3048.85,69040256.8
2025-08-01 10:25:11 AM,435.4,0,0.0,69040256.8
2025-08-01 10:25:11 AM,435.4,52,22640.8,69062897.6
2025-08-01 10:25:14 AM,435.6,0,0.0,69062897.6
2025-08-01 10:25:14 AM,435.6,22,9583.2,69072480.8
2025-08-01 10:25:32 AM,435.85,0,0.0,69072480.8
2025-08-01 10:25:34 AM,435.85,1,435.85,69072916.64999999
2025-08-01 10:25:45 AM,435.85,184,80196.40000000001,69153113.05
2025-08-01 10:25:47 AM,435.6,0,0.0,69153113.05
2025-08-01 10:25:47 AM,435.6,71,30927.600000000002,69184040.64999999
2025-08-01 10:25:50 AM,435.9,0,0.0,69184040.64999999
2025-08-01 10:25:51 AM,435.9,80,34872.0,69218912.64999999
2025-08-01 10:25:56 AM,435.65,0,0.0,69218912.64999999
2025-08-01 10:25:56 AM,435.65,1,435.65,69219348.3
2025-08-01 10:26:00 AM,435.8,0,0.0,69219348.3
2025-08-01 10:26:01 AM,435.8,33,14381.4,69233729.7
2025-08-01 10:26:06 AM,435.65,0,0.0,69233729.7
2025-08-01 10:26:07 AM,435.65,4,1742.6,69235472.3
2025-08-01 10:26:15 AM,435.8,10,4358.0,69239830.3
2025-08-01 10:26:20 AM,435.65,0,0.0,69239830.3
2025-08-01 10:26:20 AM,435.65,2,871.3,69240701.6
2025-08-01 10:26:32 AM,436.2,0,0.0,69240701.6
2025-08-01 10:26:32 AM,436.2,162,70664.4,69311366.0
2025-08-01 10:26:38 AM,435.95,0,0.0,69311366.0
2025-08-01 10:26:38 AM,435.95,29,12642.55,69324008.55
2025-08-01 10:26:59 AM,436.25,0,0.0,69324008.55
2025-08-01 10:27:01 AM,436.25,10,4362.5,69328371.05
2025-08-01 10:27:04 AM,435.95,1,435.95,69328807.0
2025-08-01 10:27:10 AM,435.9,375,163462.5,69492269.5
2025-08-01 10:27:15 AM,435.65,0,0.0,69492269.5
2025-08-01 10:27:15 AM,435.65,35,15247.75,69507517.25
2025-08-01 10:27:21 AM,435.65,30,13069.5,69520586.75
2025-08-01 10:27:23 AM,435.75,0,0.0,69520586.75
2025-08-01 10:27:24 AM,435.65,0,0.0,69520586.75
2025-08-01 10:27:24 AM,435.65,87,37901.549999999996,69558488.3
2025-08-01 10:27:29 AM,435.65,16,6970.4,69565458.7
2025-08-01 10:27:50 AM,435.75,0,0.0,69565458.7
2025-08-01 10:27:51 AM,435.75,51,22223.25,69587681.95
2025-08-01 10:27:56 AM,435.65,0,0.0,69587681.95
2025-08-01 10:27:57 AM,435.65,8,3485.2,69591167.15
2025-08-01 10:28:51 AM,435.75,0,0.0,69591167.15
2025-08-01 10:28:51 AM,435.75,2,871.5,69592038.65
2025-08-01 10:28:57 AM,435.65,0,0.0,69592038.65
2025-08-01 10:28:57 AM,435.65,1,435.65,69592474.30000001
2025-08-01 10:29:16 AM,435.75,0,0.0,69592474.30000001
2025-08-01 10:29:17 AM,435.75,10,4357.5,69596831.80000001
2025-08-01 10:29:22 AM,435.65,0,0.0,69596831.80000001
2025-08-01 10:29:22 AM,435.65,1,435.65,69597267.45000002
2025-08-01 10:29:35 AM,435.75,1,435.75,69597703.20000002
2025-08-01 10:29:49 AM,435.75,32,13944.0,69611647.20000002
2025-08-01 10:29:55 AM,435.7,6,2614.2,69614261.40000002
2025-08-01 10:30:28 AM,435.75,0,0.0,69614261.40000002
2025-08-01 10:30:29 AM,435.75,1,435.75,69614697.15000002
2025-08-01 10:30:32 AM,435.7,1,435.7,69615132.85000002
2025-08-01 10:30:38 AM,435.65,0,0.0,69615132.85000002
2025-08-01 10:30:38 AM,435.65,812,353747.8,69968880.65000002
2025-08-01 10:30:40 AM,435.65,5,2178.25,69971058.90000002
2025-08-01 10:30:44 AM,435.6,0,0.0,69971058.90000002
2025-08-01 10:30:44 AM,435.6,1,435.6,69971494.50000001
2025-08-01 10:30:46 AM,435.5,0,0.0,69971494.50000001
2025-08-01 10:30:46 AM,435.5,221,96245.5,70067740.00000001
2025-08-01 10:30:49 AM,435.75,0,0.0,70067740.00000001
2025-08-01 10:30:49 AM,435.5,44,19162.0,70086902.00000001
2025-08-01 10:30:52 AM,435.5,2,871.0,70087773.00000001
2025-08-01 10:30:55 AM,435.5,5,2177.5,70089950.50000001
2025-08-01 10:30:57 AM,435.55,300,130665.0,70220615.50000001
2025-08-01 10:31:03 AM,434.85,551,239602.35,70460217.85000001
2025-08-01 10:31:07 AM,434.85,356,154806.6,70615024.45
2025-08-01 10:31:09 AM,435.05,45,19577.25,70634601.7
2025-08-01 10:31:13 AM,434.8,0,0.0,70634601.7
2025-08-01 10:31:13 AM,434.8,44,19131.2,70653732.9
2025-08-01 10:31:15 AM,434.8,9,3913.2000000000003,70657646.10000001
2025-08-01 10:31:18 AM,435.05,152,66127.6,70723773.7
2025-08-01 10:31:21 AM,435.05,3,1305.15,70725078.85000001
2025-08-01 10:31:23 AM,434.3,0,0.0,70725078.85000001
2025-08-01 10:31:24 AM,434.3,2397,1041017.1,71766095.95
2025-08-01 10:31:27 AM,434.3,1,434.3,71766530.25
2025-08-01 10:31:31 AM,434.4,0,0.0,71766530.25
2025-08-01 10:31:32 AM,434.4,33,14335.199999999999,71780865.45
2025-08-01 10:31:35 AM,434.4,1,434.4,71781299.85000001
2025-08-01 10:31:37 AM,434.3,0,0.0,71781299.85000001
2025-08-01 10:31:37 AM,434.3,5,2171.5,71783471.35000001
2025-08-01 10:31:43 AM,434.4,0,0.0,71783471.35000001
2025-08-01 10:31:43 AM,434.4,99,43005.6,71826476.95
2025-08-01 10:31:46 AM,434.4,6,2606.3999999999996,71829083.35000001
2025-08-01 10:31:49 AM,434.4,9,3909.6,71832992.95
2025-08-01 10:31:52 AM,434.4,1,434.4,71833427.35000001
2025-08-01 10:31:57 AM,434.75,0,0.0,71833427.35000001
2025-08-01 10:31:58 AM,434.75,50,21737.5,71855164.85000001
2025-08-01 10:32:02 AM,434.45,3,1303.35,71856468.2
2025-08-01 10:32:05 AM,434.45,5,2172.25,71858640.45
2025-08-01 10:32:22 AM,434.75,2,869.5,71859509.95
2025-08-01 10:32:26 AM,434.55,0,0.0,71859509.95
2025-08-01 10:32:28 AM,434.55,1,434.55,71859944.5
2025-08-01 10:32:31 AM,434.85,57,24786.45,71884730.95
2025-08-01 10:32:34 AM,434.85,1,434.85,71885165.8
2025-08-01 10:33:52 AM,434.45,0,0.0,71885165.8
2025-08-01 10:33:53 AM,434.45,2298,998366.1,72883531.89999999
2025-08-01 10:33:54 AM,434.9,0,0.0,72883531.89999999
2025-08-01 10:33:56 AM,434.3,0,0.0,72883531.89999999
2025-08-01 10:33:56 AM,434.3,625,271437.5,73154969.39999999
2025-08-01 10:34:00 AM,434.2,108,46893.6,73201862.99999999
2025-08-01 10:34:01 AM,434.2,2,868.4,73202731.39999999
2025-08-01 10:34:15 AM,434.5,0,0.0,73202731.39999999
2025-08-01 10:34:17 AM,434.5,37,16076.5,73218807.89999999
2025-08-01 10:34:18 AM,434.2,5,2171.0,73220978.89999999
2025-08-01 10:34:22 AM,434.2,1,434.2,73221413.1
2025-08-01 10:34:24 AM,434.5,0,0.0,73221413.1
2025-08-01 10:34:24 AM,434.5,10,4345.0,73225758.1
2025-08-01 10:34:29 AM,434.5,17,7386.5,73233144.6
2025-08-01 10:34:35 AM,434.2,2,868.4,73234013.0
2025-08-01 10:34:36 AM,434.5,0,0.0,73234013.0
2025-08-01 10:34:39 AM,434.5,5,2172.5,73236185.5
2025-08-01 10:34:42 AM,434.15,0,0.0,73236185.5
2025-08-01 10:34:44 AM,434.15,1,434.15,73236619.65
2025-08-01 10:34:57 AM,434.5,0,0.0,73236619.65
2025-08-01 10:34:58 AM,434.5,20,8690.0,73245309.65
2025-08-01 10:35:03 AM,434.2,0,0.0,73245309.65
2025-08-01 10:35:04 AM,434.2,4,1736.8,73247046.45
2025-08-01 10:35:32 AM,434.45,2,868.9,73247915.35000001
2025-08-01 10:35:38 AM,434.45,1,434.45,73248349.80000001
2025-08-01 10:35:41 AM,434.45,8,3475.6,73251825.4
2025-08-01 10:35:45 AM,434.2,0,0.0,73251825.4
2025-08-01 10:35:47 AM,434.2,2,868.4,73252693.80000001
2025-08-01 10:36:11 AM,434.45,0,0.0,73252693.80000001
2025-08-01 10:36:11 AM,434.45,5,2172.25,73254866.05000001
2025-08-01 10:36:16 AM,434.15,0,0.0,73254866.05000001
2025-08-01 10:36:17 AM,434.15,1,434.15,73255300.20000002
2025-08-01 10:36:25 AM,434.4,0,0.0,73255300.20000002
2025-08-01 10:36:26 AM,434.4,10,4344.0,73259644.20000002
2025-08-01 10:36:29 AM,434.15,0,0.0,73259644.20000002
2025-08-01 10:36:31 AM,434.15,1,434.15,73260078.35000002
2025-08-01 10:36:39 AM,434.4,0,0.0,73260078.35000002
2025-08-01 10:36:39 AM,434.4,51,22154.399999999998,73282232.75000003
2025-08-01 10:36:48 AM,434.45,0,0.0,73282232.75000003
2025-08-01 10:36:48 AM,434.45,49,21288.05,73303520.80000003
2025-08-01 10:36:49 AM,434.4,0,0.0,73303520.80000003
2025-08-01 10:36:50 AM,434.4,1,434.4,73303955.20000003
2025-08-01 10:36:52 AM,434.15,0,0.0,73303955.20000003
2025-08-01 10:36:53 AM,434.15,9,3907.35,73307862.55000003
2025-08-01 10:37:07 AM,434.6,0,0.0,73307862.55000003
2025-08-01 10:37:10 AM,434.6,100,43460.0,73351322.55000003
2025-08-01 10:37:12 AM,434.35,15,6515.25,73357837.80000003
2025-08-01 10:37:15 AM,434.35,3,1303.0500000000002,73359140.85000002
2025-08-01 10:37:17 AM,434.75,12,5217.0,73364357.85000002
2025-08-01 10:37:23 AM,434.4,2,868.8,73365226.65000002
2025-08-01 10:37:29 AM,434.4,23,9991.199999999999,73375217.85000002
2025-08-01 10:37:47 AM,434.7,0,0.0,73375217.85000002
2025-08-01 10:37:48 AM,434.7,3,1304.1,73376521.95000002
2025-08-01 10:37:51 AM,434.75,0,0.0,73376521.95000002
2025-08-01 10:37:51 AM,434.75,2,869.5,73377391.45000002
2025-08-01 10:37:54 AM,434.85,0,0.0,73377391.45000002
2025-08-01 10:37:54 AM,434.85,5,2174.25,73379565.70000002
2025-08-01 10:38:00 AM,434.85,25,10871.25,73390436.95000002
2025-08-01 10:38:01 AM,434.8,1,434.8,73390871.75000001
2025-08-01 10:38:03 AM,434.5,0,0.0,73390871.75000001
2025-08-01 10:38:03 AM,434.5,4,1738.0,73392609.75000001
2025-08-01 10:38:04 AM,434.5,1,434.5,73393044.25000001
2025-08-01 10:38:11 AM,434.9,0,0.0,73393044.25000001
2025-08-01 10:38:11 AM,434.9,50,21745.0,73414789.25000001
2025-08-01 10:38:15 AM,435.0,0,0.0,73414789.25000001
2025-08-01 10:38:15 AM,435.0,60,26100.0,73440889.25000001
2025-08-01 10:38:16 AM,435.0,1,435.0,73441324.25000001
2025-08-01 10:38:18 AM,435.0,7,3045.0,73444369.25000001
2025-08-01 10:38:21 AM,435.1,1,435.1,73444804.35000001
2025-08-01 10:38:26 AM,435.0,1,435.0,73445239.35000001
2025-08-01 10:38:45 AM,435.15,0,0.0,73445239.35000001
2025-08-01 10:38:45 AM,435.15,5,2175.75,73447415.10000001
2025-08-01 10:38:52 AM,435.35,44,19155.4,73466570.50000001
2025-08-01 10:38:57 AM,435.15,0,0.0,73466570.50000001
2025-08-01 10:38:57 AM,435.15,20,8703.0,73475273.50000001
2025-08-01 10:38:59 AM,435.15,9,3916.35,73479189.85000001
2025-08-01 10:39:00 AM,435.15,1,435.15,73479625.00000001
2025-08-01 10:39:06 AM,434.85,0,0.0,73479625.00000001
2025-08-01 10:39:07 AM,434.85,136,59139.600000000006,73538764.60000001
2025-08-01 10:39:10 AM,434.95,0,0.0,73538764.60000001
2025-08-01 10:39:10 AM,434.95,1,434.95,73539199.55000001
2025-08-01 10:39:11 AM,434.7,0,0.0,73539199.55000001
2025-08-01 10:39:13 AM,434.7,6,2608.2,73541807.75000001
2025-08-01 10:39:16 AM,434.5,1,434.5,73542242.25000001
2025-08-01 10:39:19 AM,434.1,2152,934183.2000000001,74476425.45000002
2025-08-01 10:39:20 AM,433.9,0,0.0,74476425.45000002
2025-08-01 10:39:21 AM,433.9,639,277262.1,74753687.55000001
2025-08-01 10:39:24 AM,433.8,0,0.0,74753687.55000001
2025-08-01 10:39:24 AM,433.8,3,1301.4,74754988.95000002
2025-08-01 10:39:26 AM,434.0,0,0.0,74754988.95000002
2025-08-01 10:39:27 AM,434.0,367,159278.0,74914266.95000002
2025-08-01 10:39:30 AM,434.15,1,434.15,74914701.10000002
2025-08-01 10:39:32 AM,434.2,0,0.0,74914701.10000002
2025-08-01 10:39:33 AM,434.2,35,15197.0,74929898.10000002
2025-08-01 10:39:38 AM,434.0,0,0.0,74929898.10000002
2025-08-01 10:39:38 AM,434.0,6,2604.0,74932502.10000002
2025-08-01 10:40:08 AM,434.2,4,1736.8,74934238.90000002
2025-08-01 10:40:11 AM,434.2,129,56011.799999999996,74990250.70000002
2025-08-01 10:40:17 AM,434.0,0,0.0,74990250.70000002
2025-08-01 10:40:17 AM,434.0,21,9114.0,74999364.70000002
2025-08-01 10:40:20 AM,434.0,1,434.0,74999798.70000002
2025-08-01 10:40:22 AM,434.2,129,56011.799999999996,75055810.50000001
2025-08-01 10:40:28 AM,434.05,23,9983.15,75065793.65000002
2025-08-01 10:40:37 AM,434.2,0,0.0,75065793.65000002
2025-08-01 10:40:39 AM,434.2,5,2171.0,75067964.65000002
2025-08-01 10:40:42 AM,434.1,1,434.1,75068398.75000001
2025-08-01 10:40:44 AM,434.2,0,0.0,75068398.75000001
2025-08-01 10:40:45 AM,434.2,1,434.2,75068832.95000002
2025-08-01 10:40:53 AM,433.95,370,160561.5,75229394.45000002
2025-08-01 10:40:57 AM,434.1,0,0.0,75229394.45000002
2025-08-01 10:40:58 AM,434.1,558,242227.80000000002,75471622.25000001
2025-08-01 10:41:08 AM,434.2,0,0.0,75471622.25000001
2025-08-01 10:41:09 AM,434.05,0,0.0,75471622.25000001
2025-08-01 10:41:09 AM,434.05,186,80733.3,75552355.55000001
2025-08-01 10:41:13 AM,434.4,25,10860.0,75563215.55000001
2025-08-01 10:41:18 AM,434.15,0,0.0,75563215.55000001
2025-08-01 10:41:18 AM,434.15,5,2170.75,75565386.30000001
2025-08-01 10:41:36 AM,434.0,1151,499534.0,76064920.30000001
2025-08-01 10:41:37 AM,434.0,22,9548.0,76074468.30000001
2025-08-01 10:41:41 AM,434.0,4,1736.0,76076204.30000001
2025-08-01 10:41:46 AM,434.15,0,0.0,76076204.30000001
2025-08-01 10:41:47 AM,434.5,224,97328.0,76173532.30000001
2025-08-01 10:41:48 AM,434.3,242,105100.6,76278632.9
2025-08-01 10:41:52 AM,434.3,5,2171.5,76280804.4
2025-08-01 10:41:53 AM,434.4,0,0.0,76280804.4
2025-08-01 10:41:53 AM,434.4,12,5212.799999999999,76286017.2
2025-08-01 10:41:55 AM,434.45,0,0.0,76286017.2
2025-08-01 10:41:57 AM,434.0,0,0.0,76286017.2
2025-08-01 10:41:57 AM,434.0,1150,499100.0,76785117.2
2025-08-01 10:41:58 AM,434.0,22,9548.0,76794665.2
2025-08-01 10:42:02 AM,434.0,4,1736.0,76796401.2
2025-08-01 10:42:07 AM,433.95,0,0.0,76796401.2
2025-08-01 10:42:08 AM,433.95,1001,434383.95,77230785.15
2025-08-01 10:42:13 AM,434.0,0,0.0,77230785.15
2025-08-01 10:42:13 AM,433.95,0,0.0,77230785.15
2025-08-01 10:42:14 AM,433.95,167,72469.65,77303254.80000001
2025-08-01 10:42:29 AM,435.0,0,0.0,77303254.80000001
2025-08-01 10:42:30 AM,435.0,353,153555.0,77456809.80000001
2025-08-01 10:42:32 AM,434.55,2004,870838.2000000001,78327648.00000001
2025-08-01 10:42:35 AM,434.05,0,0.0,78327648.00000001
2025-08-01 10:42:36 AM,434.05,50,21702.5,78349350.50000001
2025-08-01 10:42:37 AM,434.0,0,0.0,78349350.50000001
2025-08-01 10:42:38 AM,434.0,346,150164.0,78499514.50000001
2025-08-01 10:42:41 AM,434.0,8,3472.0,78502986.50000001
2025-08-01 10:42:55 AM,434.35,10,4343.5,78507330.00000001
2025-08-01 10:42:58 AM,434.35,1,434.35,78507764.35000001
2025-08-01 10:43:18 AM,434.4,0,0.0,78507764.35000001
2025-08-01 10:43:20 AM,434.4,20,8688.0,78516452.35000001
2025-08-01 10:43:24 AM,434.35,0,0.0,78516452.35000001
2025-08-01 10:43:25 AM,434.35,4,1737.4,78518189.75000001
2025-08-01 10:43:56 AM,434.4,0,0.0,78518189.75000001
2025-08-01 10:43:57 AM,434.4,83,36055.2,78554244.95000002
2025-08-01 10:43:59 AM,434.65,23,9996.949999999999,78564241.90000002
2025-08-01 10:44:04 AM,434.45,0,0.0,78564241.90000002
2025-08-01 10:44:04 AM,434.45,4,1737.8,78565979.70000002
2025-08-01 10:44:20 AM,434.75,0,0.0,78565979.70000002
2025-08-01 10:44:21 AM,434.75,457,198680.75,78764660.45000002
2025-08-01 10:44:26 AM,434.65,0,0.0,78764660.45000002
2025-08-01 10:44:26 AM,434.65,81,35206.65,78799867.10000002
2025-08-01 10:44:29 AM,434.65,1,434.65,78800301.75000003
2025-08-01 10:44:31 AM,434.65,13,5650.45,78805952.20000003
2025-08-01 10:44:34 AM,434.8,0,0.0,78805952.20000003
2025-08-01 10:44:34 AM,434.8,23,10000.4,78815952.60000004
2025-08-01 10:44:38 AM,434.65,0,0.0,78815952.60000004
2025-08-01 10:44:40 AM,434.65,4,1738.6,78817691.20000003
2025-08-01 10:44:41 AM,434.8,0,0.0,78817691.20000003
2025-08-01 10:44:42 AM,434.8,1000,434800.0,79252491.20000003
2025-08-01 10:44:47 AM,434.7,0,0.0,79252491.20000003
2025-08-01 10:44:48 AM,434.7,1,434.7,79252925.90000004
2025-08-01 10:44:53 AM,434.65,0,0.0,79252925.90000004
2025-08-01 10:44:53 AM,434.65,175,76063.75,79328989.65000004
2025-08-01 10:44:56 AM,434.65,1,434.65,79329424.30000004
2025-08-01 10:44:57 AM,434.8,0,0.0,79329424.30000004
2025-08-01 10:44:58 AM,434.8,23,10000.4,79339424.70000005
2025-08-01 10:45:02 AM,434.65,0,0.0,79339424.70000005
2025-08-01 10:45:04 AM,434.65,4,1738.6,79341163.30000004
2025-08-01 10:46:54 AM,434.65,377,163863.05,79505026.35000004
2025-08-01 10:46:58 AM,434.55,26,11298.300000000001,79516324.65000004
2025-08-01 10:47:03 AM,434.35,29,12596.150000000001,79528920.80000004
2025-08-01 10:47:08 AM,434.3,0,0.0,79528920.80000004
2025-08-01 10:47:08 AM,434.3,5,2171.5,79531092.30000004
2025-08-01 10:47:10 AM,434.3,2,868.6,79531960.90000004
2025-08-01 10:47:14 AM,434.3,4,1737.2,79533698.10000004
2025-08-01 10:47:18 AM,434.1,0,0.0,79533698.10000004
2025-08-01 10:47:19 AM,434.1,61,26480.100000000002,79560178.20000003
2025-08-01 10:47:24 AM,434.0,0,0.0,79560178.20000003
2025-08-01 10:47:24 AM,434.0,11,4774.0,79564952.20000003
2025-08-01 10:47:30 AM,434.1,0,0.0,79564952.20000003
2025-08-01 10:47:30 AM,434.1,3,1302.3000000000002,79566254.50000003
2025-08-01 10:47:49 AM,434.4,0,0.0,79566254.50000003
2025-08-01 10:47:51 AM,434.4,152,66028.8,79632283.30000003
2025-08-01 10:48:08 AM,434.7,24,10432.8,79642716.10000002
2025-08-01 10:48:10 AM,434.65,0,0.0,79642716.10000002
2025-08-01 10:48:10 AM,434.65,1,434.65,79643150.75000003
2025-08-01 10:48:35 AM,434.9,3,1304.6999999999998,79644455.45000003
2025-08-01 10:48:47 AM,434.65,0,0.0,79644455.45000003
2025-08-01 10:48:48 AM,434.65,4,1738.6,79646194.05000003
2025-08-01 10:49:08 AM,434.65,115,49984.75,79696178.80000003
2025-08-01 10:49:09 AM,434.65,2,869.3,79697048.10000002
2025-08-01 10:49:20 AM,434.65,2,869.3,79697917.40000002
2025-08-01 10:49:30 AM,434.65,1175,510713.75,80208631.15000002
2025-08-01 10:49:36 AM,434.1,0,0.0,80208631.15000002
2025-08-01 10:49:36 AM,434.1,203,88122.3,80296753.45000002
2025-08-01 10:49:38 AM,434.15,0,0.0,80296753.45000002
2025-08-01 10:49:39 AM,434.45,0,0.0,80296753.45000002
2025-08-01 10:49:40 AM,434.45,56,24329.2,80321082.65000002
2025-08-01 10:49:45 AM,434.2,0,0.0,80321082.65000002
2025-08-01 10:49:45 AM,434.2,5,2171.0,80323253.65000002
2025-08-01 10:49:49 AM,434.05,0,0.0,80323253.65000002
2025-08-01 10:49:51 AM,434.05,3,1302.15,80324555.80000003
2025-08-01 10:49:53 AM,434.2,0,0.0,80324555.80000003
2025-08-01 10:49:56 AM,434.2,1,434.2,80324990.00000003
2025-08-01 10:49:57 AM,434.3,10,4343.0,80329333.00000003
2025-08-01 10:49:59 AM,434.4,0,0.0,80329333.00000003
2025-08-01 10:50:01 AM,434.4,7,3040.7999999999997,80332373.80000003
2025-08-01 10:50:04 AM,434.35,0,0.0,80332373.80000003
2025-08-01 10:50:07 AM,434.35,1,434.35,80332808.15000002
2025-08-01 10:50:09 AM,434.05,0,0.0,80332808.15000002
2025-08-01 10:50:12 AM,434.05,1,434.05,80333242.20000002
2025-08-01 10:51:53 AM,434.25,21,9119.25,80342361.45000002
2025-08-01 10:52:12 AM,434.55,0,0.0,80342361.45000002
2025-08-01 10:52:14 AM,434.55,279,121239.45,80463600.90000002
2025-08-01 10:52:18 AM,434.25,0,0.0,80463600.90000002
2025-08-01 10:52:20 AM,434.25,27,11724.75,80475325.65000002
2025-08-01 10:52:22 AM,434.15,0,0.0,80475325.65000002
2025-08-01 10:52:25 AM,434.25,25,10856.25,80486181.90000002
2025-08-01 10:52:30 AM,434.15,0,0.0,80486181.90000002
2025-08-01 10:52:31 AM,434.15,1,434.15,80486616.05000003
2025-08-01 10:53:02 AM,434.2,0,0.0,80486616.05000003
2025-08-01 10:53:02 AM,434.2,1,434.2,80487050.25000003
2025-08-01 10:53:06 AM,434.15,0,0.0,80487050.25000003
2025-08-01 10:53:07 AM,434.15,11,4775.65,80491825.90000004
2025-08-01 10:53:44 AM,434.35,0,0.0,80491825.90000004
2025-08-01 10:53:45 AM,434.35,50,21717.5,80513543.40000004
2025-08-01 10:53:50 AM,434.15,0,0.0,80513543.40000004
2025-08-01 10:53:50 AM,434.15,9,3907.35,80517450.75000003
2025-08-01 10:54:28 AM,434.35,0,0.0,80517450.75000003
2025-08-01 10:54:28 AM,434.35,8,3474.8,80520925.55000003
2025-08-01 10:54:33 AM,434.15,1,434.15,80521359.70000003
2025-08-01 10:54:36 AM,434.35,0,0.0,80521359.70000003
2025-08-01 10:54:38 AM,434.35,1,434.35,80521794.05000003
2025-08-01 10:55:37 AM,434.35,20,8687.0,80530481.05000003
2025-08-01 10:55:38 AM,434.2,0,0.0,80530481.05000003
2025-08-01 10:55:38 AM,434.2,4,1736.8,80532217.85000002
2025-08-01 10:55:43 AM,434.35,21,9121.35,80541339.20000002
2025-08-01 10:55:44 AM,434.2,10,4342.0,80545681.20000002
2025-08-01 10:55:48 AM,434.2,4,1736.8,80547418.00000001
2025-08-01 10:55:49 AM,434.2,1,434.2,80547852.20000002
2025-08-01 10:56:51 AM,434.35,50,21717.5,80569569.70000002
2025-08-01 10:56:56 AM,434.2,9,3907.7999999999997,80573477.50000001
2025-08-01 10:56:58 AM,434.2,1,434.2,80573911.70000002
2025-08-01 10:57:17 AM,434.35,1,434.35,80574346.05000001
2025-08-01 10:57:22 AM,434.35,13,5646.55,80579992.60000001
2025-08-01 10:57:26 AM,434.2,0,0.0,80579992.60000001
2025-08-01 10:57:28 AM,434.2,1,434.2,80580426.80000001
2025-08-01 10:57:34 AM,434.35,1,434.35,80580861.15
2025-08-01 10:58:08 AM,434.25,0,0.0,80580861.15
2025-08-01 10:58:08 AM,434.35,0,0.0,80580861.15
2025-08-01 10:58:10 AM,434.35,130,56465.5,80637326.65
2025-08-01 10:58:11 AM,434.0,1022,443548.0,81080874.65
2025-08-01 10:58:32 AM,434.0,2237,970858.0,82051732.65
2025-08-01 10:58:43 AM,434.0,20,8680.0,82060412.65
2025-08-01 10:59:00 AM,434.0,378,164052.0,82224464.65
2025-08-01 11:00:20 AM,434.35,2,868.7,82225333.35000001
2025-08-01 11:00:36 AM,434.15,3,1302.4499999999998,82226635.80000001
2025-08-01 11:00:39 AM,434.05,0,0.0,82226635.80000001
2025-08-01 11:00:41 AM,434.05,23,9983.15,82236618.95000002
2025-08-01 11:00:43 AM,434.35,0,0.0,82236618.95000002
2025-08-01 11:00:47 AM,434.35,15,6515.25,82243134.20000002
2025-08-01 11:00:49 AM,434.3,0,0.0,82243134.20000002
2025-08-01 11:00:52 AM,434.3,4,1737.2,82244871.40000002
2025-08-01 11:01:08 AM,434.05,3,1302.15,82246173.55000003
2025-08-01 11:01:33 AM,434.0,0,0.0,82246173.55000003
2025-08-01 11:01:34 AM,434.0,1820,789880.0,83036053.55000003
2025-08-01 11:01:43 AM,433.9,0,0.0,83036053.55000003
2025-08-01 11:01:45 AM,433.95,0,0.0,83036053.55000003
2025-08-01 11:01:45 AM,433.95,6,2603.7,83038657.25000003
2025-08-01 11:01:49 AM,433.7,0,0.0,83038657.25000003
2025-08-01 11:01:50 AM,433.7,100,43370.0,83082027.25000003
2025-08-01 11:01:59 AM,434.0,0,0.0,83082027.25000003
2025-08-01 11:02:00 AM,434.0,3,1302.0,83083329.25000003
2025-08-01 11:02:21 AM,433.65,0,0.0,83083329.25000003
2025-08-01 11:02:21 AM,433.65,4,1734.6,83085063.85000002
2025-08-01 11:02:27 AM,433.95,0,0.0,83085063.85000002
2025-08-01 11:02:27 AM,433.95,2,867.9,83085931.75000003
2025-08-01 11:02:31 AM,433.9,0,0.0,83085931.75000003
2025-08-01 11:02:33 AM,433.9,100,43390.0,83129321.75000003
2025-08-01 11:02:49 AM,433.9,30,13017.0,83142338.75000003
2025-08-01 11:02:55 AM,433.9,12,5206.799999999999,83147545.55000003
2025-08-01 11:03:03 AM,433.65,0,0.0,83147545.55000003
2025-08-01 11:03:05 AM,433.65,10,4336.5,83151882.05000003
2025-08-01 11:03:06 AM,433.3,263,113957.90000000001,83265839.95000003
2025-08-01 11:03:11 AM,433.35,0,0.0,83265839.95000003
2025-08-01 11:03:11 AM,433.35,1,433.35,83266273.30000003
2025-08-01 11:03:20 AM,433.35,1,433.35,83266706.65000002
2025-08-01 11:03:25 AM,433.6,35,15176.0,83281882.65000002
2025-08-01 11:03:27 AM,433.6,24,10406.400000000001,83292289.05000003
2025-08-01 11:03:37 AM,433.6,5,2168.0,83294457.05000003
2025-08-01 11:03:40 AM,433.6,1,433.6,83294890.65000002
2025-08-01 11:03:46 AM,433.2,100,43320.0,83338210.65000002
2025-08-01 11:03:49 AM,433.55,0,0.0,83338210.65000002
2025-08-01 11:03:49 AM,433.55,40,17342.0,83355552.65000002
2025-08-01 11:04:09 AM,433.5,0,0.0,83355552.65000002
2025-08-01 11:04:10 AM,433.5,4,1734.0,83357286.65000002
2025-08-01 11:04:30 AM,433.5,1,433.5,83357720.15000002
2025-08-01 11:04:33 AM,433.5,18,7803.0,83365523.15000002
2025-08-01 11:04:39 AM,433.6,0,0.0,83365523.15000002
2025-08-01 11:04:40 AM,433.6,80,34688.0,83400211.15000002
2025-08-01 11:04:41 AM,433.2,0,0.0,83400211.15000002
2025-08-01 11:04:43 AM,433.2,20,8664.0,83408875.15000002
2025-08-01 11:04:50 AM,433.2,9,3898.7999999999997,83412773.95000002
2025-08-01 11:04:53 AM,433.6,0,0.0,83412773.95000002
2025-08-01 11:04:54 AM,433.4,0,0.0,83412773.95000002
2025-08-01 11:04:54 AM,433.4,105,45507.0,83458280.95000002
2025-08-01 11:05:05 AM,433.35,50,21667.5,83479948.45000002
2025-08-01 11:05:19 AM,433.0,0,0.0,83479948.45000002
2025-08-01 11:05:21 AM,433.0,1800,779400.0,84259348.45000002
2025-08-01 11:05:27 AM,433.35,50,21667.5,84281015.95000002
2025-08-01 11:06:22 AM,433.65,0,0.0,84281015.95000002
2025-08-01 11:06:26 AM,433.65,20,8673.0,84289688.95000002
2025-08-01 11:07:07 AM,433.65,10,4336.5,84294025.45000002
2025-08-01 11:07:08 AM,433.65,1,433.65,84294459.10000002
2025-08-01 11:07:40 AM,433.65,100,43365.0,84337824.10000002
2025-08-01 11:07:49 AM,433.75,0,0.0,84337824.10000002
2025-08-01 11:07:50 AM,433.75,7,3036.25,84340860.35000002
2025-08-01 11:07:53 AM,433.85,0,0.0,84340860.35000002
2025-08-01 11:07:55 AM,433.85,50,21692.5,84362552.85000002
2025-08-01 11:08:12 AM,433.85,1,433.85,84362986.70000002
2025-08-01 11:08:29 AM,433.7,0,0.0,84362986.70000002
2025-08-01 11:08:29 AM,433.7,10,4337.0,84367323.70000002
2025-08-01 11:08:52 AM,433.8,0,0.0,84367323.70000002
2025-08-01 11:08:53 AM,433.8,100,43380.0,84410703.70000002
2025-08-01 11:08:59 AM,433.8,10,4338.0,84415041.70000002
2025-08-01 11:09:03 AM,433.6,0,0.0,84415041.70000002
2025-08-01 11:09:04 AM,433.45,0,0.0,84415041.70000002
2025-08-01 11:09:05 AM,433.45,1230,533143.5,84948185.20000002
2025-08-01 11:09:11 AM,433.35,10,4333.5,84952518.70000002
2025-08-01 11:09:14 AM,433.3,8,3466.4,84955985.10000002
2025-08-01 11:09:16 AM,433.2,0,0.0,84955985.10000002
2025-08-01 11:09:16 AM,433.2,46,19927.2,84975912.30000003
2025-08-01 11:09:25 AM,433.2,20,8664.0,84984576.30000003
2025-08-01 11:09:27 AM,433.2,5,2166.0,84986742.30000003
2025-08-01 11:09:46 AM,433.05,35,15156.75,85001899.05000003
2025-08-01 11:09:48 AM,433.2,0,0.0,85001899.05000003
2025-08-01 11:09:49 AM,433.2,10,4332.0,85006231.05000003
2025-08-01 11:10:00 AM,433.2,5,2166.0,85008397.05000003
2025-08-01 11:10:32 AM,433.05,19,8227.95,85016625.00000003
2025-08-01 11:10:33 AM,433.05,50,21652.5,85038277.50000003
2025-08-01 11:10:42 AM,433.0,0,0.0,85038277.50000003
2025-08-01 11:10:43 AM,433.0,25,10825.0,85049102.50000003
2025-08-01 11:10:44 AM,433.05,0,0.0,85049102.50000003
2025-08-01 11:10:46 AM,433.0,0,0.0,85049102.50000003
2025-08-01 11:10:48 AM,433.0,191,82703.0,85131805.50000003
2025-08-01 11:11:08 AM,433.2,0,0.0,85131805.50000003
2025-08-01 11:11:11 AM,433.2,108,46785.6,85178591.10000002
2025-08-01 11:11:43 AM,433.2,1,433.2,85179024.30000003
2025-08-01 11:11:49 AM,433.3,4,1733.2,85180757.50000003
2025-08-01 11:12:16 AM,433.3,1,433.3,85181190.80000003
2025-08-01 11:12:30 AM,433.35,0,0.0,85181190.80000003
2025-08-01 11:12:31 AM,433.35,11,4766.85,85185957.65000002
2025-08-01 11:12:44 AM,433.0,0,0.0,85185957.65000002
2025-08-01 11:12:47 AM,433.0,249,107817.0,85293774.65000002
2025-08-01 11:12:50 AM,433.35,0,0.0,85293774.65000002
2025-08-01 11:12:52 AM,433.35,2,866.7,85294641.35000002
2025-08-01 11:13:13 AM,433.35,3,1300.0500000000002,85295941.40000002
2025-08-01 11:13:53 AM,433.35,24,10400.400000000001,85306341.80000003
2025-08-01 11:14:15 AM,433.3,10,4333.0,85310674.80000003
2025-08-01 11:14:46 AM,433.0,50,21650.0,85332324.80000003
2025-08-01 11:15:02 AM,433.0,50,21650.0,85353974.80000003
2025-08-01 11:15:13 AM,433.0,778,336874.0,85690848.80000003
2025-08-01 11:15:13 AM,432.9,6,2597.3999999999996,85693446.20000003
2025-08-01 11:15:17 AM,432.95,0,0.0,85693446.20000003
2025-08-01 11:15:18 AM,432.9,13,5627.7,85699073.90000004
2025-08-01 11:15:23 AM,432.9,4,1731.6,85700805.50000003
2025-08-01 11:15:34 AM,432.9,1,432.9,85701238.40000004
2025-08-01 11:16:43 AM,432.9,10,4329.0,85705567.40000004
2025-08-01 11:17:39 AM,432.95,0,0.0,85705567.40000004
2025-08-01 11:17:40 AM,432.95,40,17318.0,85722885.40000004
2025-08-01 11:17:56 AM,432.95,13,5628.349999999999,85728513.75000003
2025-08-01 11:18:01 AM,432.95,10,4329.5,85732843.25000003
2025-08-01 11:18:11 AM,432.85,0,0.0,85732843.25000003
2025-08-01 11:18:12 AM,432.85,95,41120.75,85773964.00000003
2025-08-01 11:18:14 AM,432.8,12,5193.6,85779157.60000002
2025-08-01 11:18:33 AM,432.75,0,0.0,85779157.60000002
2025-08-01 11:18:34 AM,432.75,15,6491.25,85785648.85000002
2025-08-01 11:18:57 AM,432.8,0,0.0,85785648.85000002
2025-08-01 11:18:58 AM,432.8,8,3462.4,85789111.25000003
2025-08-01 11:19:26 AM,433.1,610,264191.0,86053302.25000003
2025-08-01 11:19:31 AM,433.1,20,8662.0,86061964.25000003
2025-08-01 11:20:22 AM,433.15,0,0.0,86061964.25000003
2025-08-01 11:20:24 AM,433.3,0,0.0,86061964.25000003
2025-08-01 11:20:25 AM,433.3,11,4766.3,86066730.55000003
2025-08-01 11:20:37 AM,433.5,0,0.0,86066730.55000003
2025-08-01 11:20:40 AM,433.5,300,130050.0,86196780.55000003
2025-08-01 11:20:45 AM,433.15,0,0.0,86196780.55000003
2025-08-01 11:20:45 AM,433.15,200,86630.0,86283410.55000003
2025-08-01 11:20:49 AM,433.45,0,0.0,86283410.55000003
2025-08-01 11:20:50 AM,433.45,2,866.9,86284277.45000003
2025-08-01 11:20:55 AM,433.55,0,0.0,86284277.45000003
2025-08-01 11:20:55 AM,433.55,175,75871.25,86360148.70000003
2025-08-01 11:21:01 AM,433.15,243,105255.45,86465404.15000004
2025-08-01 11:21:07 AM,433.45,0,0.0,86465404.15000004
2025-08-01 11:21:12 AM,433.8,167,72444.6,86537848.75000003
2025-08-01 11:21:20 AM,434.0,0,0.0,86537848.75000003
2025-08-01 11:21:22 AM,434.0,500,217000.0,86754848.75000003
2025-08-01 11:21:47 AM,433.7,0,0.0,86754848.75000003
2025-08-01 11:21:48 AM,433.7,5,2168.5,86757017.25000003
2025-08-01 11:21:53 AM,433.7,300,130110.0,86887127.25000003
2025-08-01 11:21:58 AM,433.7,3,1301.1,86888428.35000002
2025-08-01 11:22:10 AM,433.95,0,0.0,86888428.35000002
2025-08-01 11:22:14 AM,433.95,47,20395.649999999998,86908824.00000003
2025-08-01 11:22:41 AM,434.0,0,0.0,86908824.00000003
2025-08-01 11:22:41 AM,434.0,114,49476.0,86958300.00000003
2025-08-01 11:22:46 AM,434.0,107,46438.0,87004738.00000003
2025-08-01 11:22:55 AM,433.7,0,0.0,87004738.00000003
2025-08-01 11:22:56 AM,433.7,1,433.7,87005171.70000003
2025-08-01 11:23:22 AM,433.75,0,0.0,87005171.70000003
2025-08-01 11:23:23 AM,433.75,5,2168.75,87007340.45000003
2025-08-01 11:23:24 AM,434.0,0,0.0,87007340.45000003
2025-08-01 11:23:28 AM,434.0,10,4340.0,87011680.45000003
2025-08-01 11:24:06 AM,433.7,0,0.0,87011680.45000003
2025-08-01 11:24:08 AM,433.7,1051,455818.7,87467499.15000004
2025-08-01 11:25:15 AM,433.95,0,0.0,87467499.15000004
2025-08-01 11:25:16 AM,433.75,0,0.0,87467499.15000004
2025-08-01 11:25:17 AM,433.75,28,12145.0,87479644.15000004
2025-08-01 11:28:00 AM,434.15,0,0.0,87479644.15000004
2025-08-01 11:28:02 AM,434.15,300,130245.0,87609889.15000004
2025-08-01 11:28:18 AM,434.0,0,0.0,87609889.15000004
2025-08-01 11:28:19 AM,434.0,35,15190.0,87625079.15000004
2025-08-01 11:28:22 AM,433.95,0,0.0,87625079.15000004
2025-08-01 11:28:22 AM,433.95,1,433.95,87625513.10000004
2025-08-01 11:28:29 AM,433.75,0,0.0,87625513.10000004
2025-08-01 11:28:29 AM,433.75,48,20820.0,87646333.10000004
2025-08-01 11:30:23 AM,433.95,0,0.0,87646333.10000004
2025-08-01 11:30:23 AM,433.95,3,1301.85,87647634.95000003
2025-08-01 11:30:53 AM,433.75,0,0.0,87647634.95000003
2025-08-01 11:30:53 AM,433.75,1,433.75,87648068.70000003
2025-08-01 11:31:05 AM,433.1,0,0.0,87648068.70000003
2025-08-01 11:31:06 AM,433.1,2386,1033376.6000000001,88681445.30000003
2025-08-01 11:31:09 AM,433.7,0,0.0,88681445.30000003
2025-08-01 11:31:09 AM,433.7,2207,957175.9,89638621.20000003
2025-08-01 11:32:13 AM,433.25,10,4332.5,89642953.70000003
2025-08-01 11:32:13 AM,433.45,0,0.0,89642953.70000003
2025-08-01 11:32:17 AM,433.45,20,8669.0,89651622.70000003
2025-08-01 11:32:58 AM,433.45,5,2167.25,89653789.95000003
2025-08-01 11:33:08 AM,433.45,16,6935.2,89660725.15000004
2025-08-01 11:33:14 AM,433.45,25,10836.25,89671561.40000004
2025-08-01 11:34:09 AM,433.45,10,4334.5,89675895.90000004
2025-08-01 11:34:17 AM,433.4,0,0.0,89675895.90000004
2025-08-01 11:34:20 AM,433.4,55,23837.0,89699732.90000004
2025-08-01 11:34:26 AM,433.35,0,0.0,89699732.90000004
2025-08-01 11:34:30 AM,433.35,3,1300.0500000000002,89701032.95000003
2025-08-01 11:34:46 AM,433.35,10,4333.5,89705366.45000003
2025-08-01 11:35:44 AM,433.35,254,110070.90000000001,89815437.35000004
2025-08-01 11:36:20 AM,433.35,10,4333.5,89819770.85000004
2025-08-01 11:36:25 AM,433.35,20,8667.0,89828437.85000004
2025-08-01 11:36:48 AM,433.15,0,0.0,89828437.85000004
2025-08-01 11:36:51 AM,433.15,10,4331.5,89832769.35000004
2025-08-01 11:37:27 AM,433.35,0,0.0,89832769.35000004
2025-08-01 11:37:28 AM,433.35,10,4333.5,89837102.85000004
2025-08-01 11:37:33 AM,433.35,48,20800.800000000003,89857903.65000004
2025-08-01 11:37:38 AM,433.15,20,8663.0,89866566.65000004
2025-08-01 11:37:55 AM,433.35,0,0.0,89866566.65000004
2025-08-01 11:37:59 AM,433.35,11,4766.85,89871333.50000003
2025-08-01 11:38:31 AM,433.15,0,0.0,89871333.50000003
2025-08-01 11:38:34 AM,433.15,250,108287.5,89979621.00000003
2025-08-01 11:38:36 AM,433.35,0,0.0,89979621.00000003
2025-08-01 11:38:39 AM,433.35,2,866.7,89980487.70000003
2025-08-01 11:38:54 AM,433.35,25,10833.75,89991321.45000003
2025-08-01 11:39:09 AM,433.35,2,866.7,89992188.15000004
2025-08-01 11:39:51 AM,433.2,0,0.0,89992188.15000004
2025-08-01 11:39:52 AM,433.2,8,3465.6,89995653.75000003
2025-08-01 11:40:52 AM,433.2,1,433.2,89996086.95000003
2025-08-01 11:41:23 AM,433.05,0,0.0,89996086.95000003
2025-08-01 11:41:23 AM,433.05,1492,646110.6,90642197.55000003
2025-08-01 11:42:19 AM,433.1,5,2165.5,90644363.05000003
2025-08-01 11:42:57 AM,433.05,0,0.0,90644363.05000003
2025-08-01 11:43:01 AM,433.05,9,3897.4500000000003,90648260.50000003
2025-08-01 11:43:11 AM,433.1,0,0.0,90648260.50000003
2025-08-01 11:43:12 AM,433.1,100,43310.0,90691570.50000003
2025-08-01 11:43:25 AM,432.65,0,0.0,90691570.50000003
2025-08-01 11:43:28 AM,432.65,415,179549.75,90871120.25000003
2025-08-01 11:43:30 AM,432.6,0,0.0,90871120.25000003
2025-08-01 11:43:33 AM,432.6,15,6489.0,90877609.25000003
2025-08-01 11:43:43 AM,432.55,0,0.0,90877609.25000003
2025-08-01 11:43:43 AM,432.55,10,4325.5,90881934.75000003
2025-08-01 11:43:48 AM,432.55,14,6055.7,90887990.45000003
2025-08-01 11:43:59 AM,432.35,2918,1261597.3,92149587.75000003
2025-08-01 11:43:59 AM,433.35,0,0.0,92149587.75000003
2025-08-01 11:44:04 AM,433.35,2243,972004.05,93121591.80000003
2025-08-01 11:44:12 AM,432.2,0,0.0,93121591.80000003
2025-08-01 11:44:16 AM,432.05,23,9937.15,93131528.95000003
2025-08-01 11:44:50 AM,432.35,126,54476.100000000006,93186005.05000003
2025-08-01 11:45:03 AM,432.75,0,0.0,93186005.05000003
2025-08-01 11:45:06 AM,432.75,1,432.75,93186437.80000003
2025-08-01 11:45:11 AM,432.45,0,0.0,93186437.80000003
2025-08-01 11:45:11 AM,432.45,1,432.45,93186870.25000003
2025-08-01 11:45:25 AM,432.75,0,0.0,93186870.25000003
2025-08-01 11:45:27 AM,432.75,50,21637.5,93208507.75000003
2025-08-01 11:45:38 AM,432.75,4,1731.0,93210238.75000003
2025-08-01 11:46:05 AM,432.45,0,0.0,93210238.75000003
2025-08-01 11:46:05 AM,432.45,47,20325.149999999998,93230563.90000004
2025-08-01 11:46:21 AM,432.95,300,129885.0,93360448.90000004
2025-08-01 11:46:36 AM,432.8,0,0.0,93360448.90000004
2025-08-01 11:46:37 AM,432.8,2,865.6,93361314.50000003
2025-08-01 11:46:46 AM,432.85,0,0.0,93361314.50000003
2025-08-01 11:46:47 AM,432.85,10,4328.5,93365643.00000003
2025-08-01 11:46:53 AM,432.85,9,3895.65,93369538.65000004
2025-08-01 11:47:00 AM,433.0,0,0.0,93369538.65000004
2025-08-01 11:47:01 AM,432.85,0,0.0,93369538.65000004
2025-08-01 11:47:03 AM,432.85,33,14284.050000000001,93383822.70000003
2025-08-01 11:48:37 AM,433.05,0,0.0,93383822.70000003
2025-08-01 11:48:39 AM,433.05,10,4330.5,93388153.20000003
2025-08-01 11:48:40 AM,433.15,41,17759.149999999998,93405912.35000004
2025-08-01 11:48:54 AM,433.1,0,0.0,93405912.35000004
2025-08-01 11:48:55 AM,433.1,4,1732.4,93407644.75000004
2025-08-01 11:49:04 AM,432.9,0,0.0,93407644.75000004
2025-08-01 11:49:05 AM,432.9,4,1731.6,93409376.35000004
2025-08-01 11:49:37 AM,432.85,1,432.85,93409809.20000003
2025-08-01 11:49:42 AM,433.1,8,3464.8,93413274.00000003
2025-08-01 11:49:59 AM,432.95,0,0.0,93413274.00000003
2025-08-01 11:50:02 AM,432.95,2,865.9,93414139.90000004
2025-08-01 11:50:24 AM,432.95,1,432.95,93414572.85000004
2025-08-01 11:50:43 AM,432.95,4,1731.8,93416304.65000004
2025-08-01 11:50:55 AM,433.1,0,0.0,93416304.65000004
2025-08-01 11:50:58 AM,433.1,19,8228.9,93424533.55000004
2025-08-01 11:51:09 AM,432.85,0,0.0,93424533.55000004
2025-08-01 11:51:13 AM,432.85,27,11686.95,93436220.50000004
2025-08-01 11:51:23 AM,433.1,0,0.0,93436220.50000004
2025-08-01 11:51:27 AM,433.1,1,433.1,93436653.60000004
2025-08-01 11:51:29 AM,432.55,0,0.0,93436653.60000004
2025-08-01 11:51:32 AM,432.55,450,194647.5,93631301.10000004
2025-08-01 11:51:37 AM,432.55,10,4325.5,93635626.60000004
2025-08-01 11:51:44 AM,432.95,0,0.0,93635626.60000004
2025-08-01 11:51:47 AM,432.95,1,432.95,93636059.55000004
2025-08-01 11:51:51 AM,432.55,0,0.0,93636059.55000004
2025-08-01 11:51:53 AM,432.55,16,6920.8,93642980.35000004
2025-08-01 11:52:10 AM,432.95,0,0.0,93642980.35000004
2025-08-01 11:52:13 AM,432.95,63,27275.85,93670256.20000003
2025-08-01 11:52:23 AM,433.1,1,433.1,93670689.30000003
2025-08-01 11:52:38 AM,433.05,1,433.05,93671122.35000002
2025-08-01 11:53:20 AM,433.05,3,1299.15,93672421.50000003
2025-08-01 11:53:24 AM,433.05,15,6495.75,93678917.25000003
2025-08-01 11:53:27 AM,432.85,0,0.0,93678917.25000003
2025-08-01 11:53:29 AM,432.85,1,432.85,93679350.10000002
2025-08-01 11:53:31 AM,432.8,0,0.0,93679350.10000002
2025-08-01 11:53:34 AM,432.8,1,432.8,93679782.90000002
2025-08-01 11:54:13 AM,432.55,0,0.0,93679782.90000002
2025-08-01 11:54:14 AM,432.55,1000,432550.0,94112332.90000002
2025-08-01 11:54:22 AM,432.95,0,0.0,94112332.90000002
2025-08-01 11:54:23 AM,432.65,0,0.0,94112332.90000002
2025-08-01 11:54:25 AM,432.65,11,4759.15,94117092.05000003
2025-08-01 11:54:35 AM,432.95,0,0.0,94117092.05000003
2025-08-01 11:54:35 AM,432.95,15,6494.25,94123586.30000003
2025-08-01 11:54:45 AM,432.6,30,12978.0,94136564.30000003
2025-08-01 11:54:50 AM,432.6,25,10815.0,94147379.30000003
2025-08-01 11:54:53 AM,431.75,0,0.0,94147379.30000003
2025-08-01 11:54:55 AM,431.6,3819,1648280.4000000001,95795659.70000003
2025-08-01 11:54:56 AM,431.6,14,6042.400000000001,95801702.10000004
2025-08-01 11:54:57 AM,431.7,0,0.0,95801702.10000004
2025-08-01 11:54:59 AM,431.5,0,0.0,95801702.10000004
2025-08-01 11:55:00 AM,431.5,158,68177.0,95869879.10000004
2025-08-01 11:55:03 AM,431.6,0,0.0,95869879.10000004
2025-08-01 11:55:05 AM,431.6,6,2589.6000000000004,95872468.70000003
2025-08-01 11:55:06 AM,431.6,1,431.6,95872900.30000003
2025-08-01 11:55:07 AM,431.55,0,0.0,95872900.30000003
2025-08-01 11:55:10 AM,431.55,22,9494.1,95882394.40000002
2025-08-01 11:55:12 AM,431.65,0,0.0,95882394.40000002
2025-08-01 11:55:13 AM,431.55,0,0.0,95882394.40000002
2025-08-01 11:55:15 AM,431.55,12,5178.6,95887573.00000001
2025-08-01 11:55:19 AM,431.7,0,0.0,95887573.00000001
2025-08-01 11:55:20 AM,431.7,400,172680.0,96060253.00000001
2025-08-01 11:55:21 AM,432.1,0,0.0,96060253.00000001
2025-08-01 11:55:22 AM,432.1,561,242408.1,96302661.10000001
2025-08-01 11:55:26 AM,431.6,0,0.0,96302661.10000001
2025-08-01 11:55:27 AM,431.6,3,1294.8000000000002,96303955.9
2025-08-01 11:55:31 AM,431.5,0,0.0,96303955.9
2025-08-01 11:55:32 AM,431.5,367,158360.5,96462316.4
2025-08-01 11:55:37 AM,431.45,1,431.45,96462747.85000001
2025-08-01 11:55:37 AM,431.4,0,0.0,96462747.85000001
2025-08-01 11:55:40 AM,431.4,1,431.4,96463179.25000001
2025-08-01 11:55:42 AM,431.3,42,18114.600000000002,96481293.85000001
2025-08-01 11:55:45 AM,431.3,3,1293.9,96482587.75000001
2025-08-01 11:55:47 AM,431.3,94,40542.200000000004,96523129.95000002
2025-08-01 11:55:50 AM,431.3,3,1293.9,96524423.85000002
2025-08-01 11:55:58 AM,431.4,0,0.0,96524423.85000002
2025-08-01 11:56:00 AM,431.4,6,2588.3999999999996,96527012.25000003
2025-08-01 11:56:04 AM,431.3,0,0.0,96527012.25000003
2025-08-01 11:56:05 AM,431.3,40,17252.0,96544264.25000003
2025-08-01 11:56:10 AM,431.3,1,431.3,96544695.55000003
2025-08-01 11:56:11 AM,431.6,0,0.0,96544695.55000003
2025-08-01 11:56:12 AM,431.6,100,43160.0,96587855.55000003
2025-08-01 11:56:17 AM,431.3,148,63832.4,96651687.95000003
2025-08-01 11:56:21 AM,431.3,14,6038.2,96657726.15000004
2025-08-01 11:56:23 AM,431.25,0,0.0,96657726.15000004
2025-08-01 11:56:26 AM,431.25,12,5175.0,96662901.15000004
2025-08-01 11:56:27 AM,431.55,0,0.0,96662901.15000004
2025-08-01 11:56:28 AM,431.55,5,2157.75,96665058.90000004
2025-08-01 11:56:28 AM,431.25,0,0.0,96665058.90000004
2025-08-01 11:56:31 AM,431.45,69,29770.05,96694828.95000003
2025-08-01 11:56:32 AM,431.25,0,0.0,96694828.95000003
2025-08-01 11:56:33 AM,431.25,1,431.25,96695260.20000003
2025-08-01 11:56:36 AM,431.25,2,862.5,96696122.70000003
2025-08-01 11:56:39 AM,431.2,0,0.0,96696122.70000003
2025-08-01 11:56:40 AM,431.45,0,0.0,96696122.70000003
2025-08-01 11:56:41 AM,431.45,100,43145.0,96739267.70000003
2025-08-01 11:56:45 AM,431.15,0,0.0,96739267.70000003
2025-08-01 11:56:46 AM,431.0,0,0.0,96739267.70000003
2025-08-01 11:56:46 AM,431.0,1401,603831.0,97343098.70000003
2025-08-01 11:56:48 AM,430.95,0,0.0,97343098.70000003
2025-08-01 11:56:51 AM,430.8,253,108992.40000000001,97452091.10000004
2025-08-01 11:56:52 AM,430.8,35,15078.0,97467169.10000004
2025-08-01 11:56:53 AM,430.95,0,0.0,97467169.10000004
2025-08-01 11:56:56 AM,430.65,0,0.0,97467169.10000004
2025-08-01 11:56:56 AM,430.65,131,56415.149999999994,97523584.25000004
2025-08-01 11:56:57 AM,430.8,0,0.0,97523584.25000004
2025-08-01 11:56:57 AM,430.8,3,1292.4,97524876.65000005
2025-08-01 11:56:59 AM,430.6,0,0.0,97524876.65000005
2025-08-01 11:57:01 AM,430.6,3,1291.8000000000002,97526168.45000005
2025-08-01 11:57:02 AM,430.6,1,430.6,97526599.05000004
2025-08-01 11:57:18 AM,430.8,0,0.0,97526599.05000004
2025-08-01 11:57:21 AM,430.8,1,430.8,97527029.85000004
2025-08-01 11:57:40 AM,431.05,0,0.0,97527029.85000004
2025-08-01 11:57:41 AM,431.05,1,431.05,97527460.90000004
2025-08-01 11:57:50 AM,430.6,0,0.0,97527460.90000004
2025-08-01 11:57:51 AM,430.6,100,43060.0,97570520.90000004
2025-08-01 11:57:52 AM,430.65,0,0.0,97570520.90000004
2025-08-01 11:57:53 AM,430.65,1,430.65,97570951.55000004
2025-08-01 11:58:19 AM,430.9,0,0.0,97570951.55000004
2025-08-01 11:58:20 AM,430.9,2,861.8,97571813.35000004
2025-08-01 11:58:26 AM,431.0,0,0.0,97571813.35000004
2025-08-01 11:58:29 AM,431.0,50,21550.0,97593363.35000004
2025-08-01 11:58:31 AM,430.75,0,0.0,97593363.35000004
2025-08-01 11:58:34 AM,430.75,9,3876.75,97597240.10000004
2025-08-01 11:58:35 AM,430.75,2,861.5,97598101.60000004
2025-08-01 11:58:36 AM,431.3,0,0.0,97598101.60000004
2025-08-01 11:58:36 AM,431.2,0,0.0,97598101.60000004
2025-08-01 11:58:39 AM,431.2,267,115130.4,97713232.00000004
2025-08-01 11:58:40 AM,430.8,1,430.8,97713662.80000004
2025-08-01 11:58:44 AM,430.8,5,2154.0,97715816.80000004
2025-08-01 11:58:46 AM,430.75,3,1292.25,97717109.05000004
2025-08-01 11:58:48 AM,430.65,0,0.0,97717109.05000004
2025-08-01 11:58:50 AM,430.65,1,430.65,97717539.70000005
2025-08-01 11:58:51 AM,430.7,8,3445.6,97720985.30000004
2025-08-01 11:58:56 AM,430.6,0,0.0,97720985.30000004
2025-08-01 11:58:56 AM,430.6,28,12056.800000000001,97733042.10000004
2025-08-01 11:59:00 AM,430.95,0,0.0,97733042.10000004
2025-08-01 11:59:00 AM,430.95,13,5602.349999999999,97738644.45000003
2025-08-01 11:59:01 AM,430.75,14,6030.5,97744674.95000003
2025-08-01 11:59:05 AM,430.5,218,93849.0,97838523.95000003
2025-08-01 11:59:07 AM,430.5,37,15928.5,97854452.45000003
2025-08-01 11:59:11 AM,430.5,4,1722.0,97856174.45000003
2025-08-01 11:59:16 AM,430.5,124,53382.0,97909556.45000003
2025-08-01 11:59:21 AM,430.45,10,4304.5,97913860.95000003
2025-08-01 11:59:26 AM,430.35,2,860.7,97914721.65000004
2025-08-01 11:59:31 AM,430.2,9,3871.7999999999997,97918593.45000003
2025-08-01 11:59:32 AM,430.2,88,37857.6,97956451.05000003
2025-08-01 11:59:34 AM,430.3,0,0.0,97956451.05000003
2025-08-01 11:59:36 AM,430.3,2,860.6,97957311.65000002
2025-08-01 11:59:47 AM,430.3,5,2151.5,97959463.15000002
2025-08-01 11:59:49 AM,430.3,25,10757.5,97970220.65000002
2025-08-01 11:59:59 AM,430.45,10,4304.5,97974525.15000002
2025-08-01 12:00:04 PM,430.0,2838,1220340.0,99194865.15000002
2025-08-01 12:00:05 PM,430.15,0,0.0,99194865.15000002
2025-08-01 12:00:06 PM,430.0,0,0.0,99194865.15000002
2025-08-01 12:00:08 PM,430.0,59,25370.0,99220235.15000002
2025-08-01 12:00:10 PM,430.0,98,42140.0,99262375.15000002
2025-08-01 12:00:13 PM,430.2,174,74854.8,99337229.95000002
2025-08-01 12:00:18 PM,430.0,0,0.0,99337229.95000002
2025-08-01 12:00:18 PM,430.0,46,19780.0,99357009.95000002
2025-08-01 12:00:20 PM,430.0,4,1720.0,99358729.95000002
2025-08-01 12:00:23 PM,430.0,4,1720.0,99360449.95000002
2025-08-01 12:00:32 PM,430.2,0,0.0,99360449.95000002
2025-08-01 12:00:33 PM,430.2,10,4302.0,99364751.95000002
2025-08-01 12:00:37 PM,430.0,0,0.0,99364751.95000002
2025-08-01 12:00:38 PM,430.0,1,430.0,99365181.95000002
2025-08-01 12:00:41 PM,430.2,0,0.0,99365181.95000002
2025-08-01 12:00:43 PM,430.2,59,25381.8,99390563.75000001
2025-08-01 12:01:05 PM,430.2,61,26242.2,99416805.95000002
2025-08-01 12:01:07 PM,430.25,0,0.0,99416805.95000002
2025-08-01 12:01:07 PM,430.25,5,2151.25,99418957.20000002
2025-08-01 12:01:27 PM,430.25,11,4732.75,99423689.95000002
2025-08-01 12:01:55 PM,430.25,13,5593.25,99429283.20000002
2025-08-01 12:02:06 PM,430.5,0,0.0,99429283.20000002
2025-08-01 12:02:07 PM,430.5,50,21525.0,99450808.20000002
2025-08-01 12:02:11 PM,430.25,0,0.0,99450808.20000002
2025-08-01 12:02:12 PM,430.25,8,3442.0,99454250.20000002
2025-08-01 12:02:14 PM,430.25,1,430.25,99454680.45000002
2025-08-01 12:02:15 PM,430.5,0,0.0,99454680.45000002
2025-08-01 12:02:17 PM,430.5,1,430.5,99455110.95000002
2025-08-01 12:02:44 PM,430.45,0,0.0,99455110.95000002
2025-08-01 12:02:45 PM,430.45,11,4734.95,99459845.90000002
2025-08-01 12:02:49 PM,430.25,0,0.0,99459845.90000002
2025-08-01 12:02:50 PM,430.25,1,430.25,99460276.15000002
2025-08-01 12:02:55 PM,430.5,16,6888.0,99467164.15000002
2025-08-01 12:03:00 PM,430.25,3,1290.75,99468454.90000002
2025-08-01 12:03:06 PM,430.5,0,0.0,99468454.90000002
2025-08-01 12:03:07 PM,430.5,5,2152.5,99470607.40000002
2025-08-01 12:03:11 PM,430.25,0,0.0,99470607.40000002
2025-08-01 12:03:12 PM,430.25,1,430.25,99471037.65000002
2025-08-01 12:04:00 PM,430.45,0,0.0,99471037.65000002
2025-08-01 12:04:01 PM,430.3,0,0.0,99471037.65000002
2025-08-01 12:04:03 PM,430.5,40,17220.0,99488257.65000002
2025-08-01 12:04:08 PM,430.25,0,0.0,99488257.65000002
2025-08-01 12:04:08 PM,430.25,4,1721.0,99489978.65000002
2025-08-01 12:04:13 PM,430.5,0,0.0,99489978.65000002
2025-08-01 12:04:14 PM,430.5,1,430.5,99490409.15000002
2025-08-01 12:04:20 PM,430.35,0,0.0,99490409.15000002
2025-08-01 12:04:21 PM,430.35,11,4733.85,99495143.00000001
2025-08-01 12:04:22 PM,430.5,0,0.0,99495143.00000001
2025-08-01 12:04:24 PM,430.5,10,4305.0,99499448.00000001
2025-08-01 12:04:27 PM,430.35,0,0.0,99499448.00000001
2025-08-01 12:04:29 PM,430.35,3,1291.0500000000002,99500739.05000001
2025-08-01 12:04:50 PM,430.5,0,0.0,99500739.05000001
2025-08-01 12:04:51 PM,430.5,2,861.0,99501600.05000001
2025-08-01 12:04:56 PM,430.5,2,861.0,99502461.05000001
2025-08-01 12:05:10 PM,430.5,5,2152.5,99504613.55000001
2025-08-01 12:05:14 PM,430.4,0,0.0,99504613.55000001
2025-08-01 12:05:15 PM,430.4,1,430.4,99505043.95000002
2025-08-01 12:05:34 PM,430.5,0,0.0,99505043.95000002
2025-08-01 12:05:35 PM,430.5,2,861.0,99505904.95000002
2025-08-01 12:05:45 PM,430.5,2,861.0,99506765.95000002
2025-08-01 12:05:50 PM,430.5,1,430.5,99507196.45000002
2025-08-01 12:05:51 PM,430.4,10,4304.0,99511500.45000002
2025-08-01 12:05:55 PM,430.4,3,1291.1999999999998,99512791.65000002
2025-08-01 12:06:00 PM,430.5,0,0.0,99512791.65000002
2025-08-01 12:06:01 PM,430.5,25,10762.5,99523554.15000002
2025-08-01 12:06:06 PM,430.4,4,1721.6,99525275.75000001
2025-08-01 12:06:21 PM,430.75,200,86150.0,99611425.75000001
2025-08-01 12:06:28 PM,430.45,0,0.0,99611425.75000001
2025-08-01 12:06:30 PM,430.45,35,15065.75,99626491.50000001
2025-08-01 12:06:58 PM,430.5,0,0.0,99626491.50000001
2025-08-01 12:07:00 PM,430.5,47,20233.5,99646725.00000001
2025-08-01 12:07:12 PM,430.75,0,0.0,99646725.00000001
2025-08-01 12:07:15 PM,430.75,40,17230.0,99663955.00000001
2025-08-01 12:08:10 PM,430.75,19,8184.25,99672139.25000001
2025-08-01 12:08:45 PM,431.0,7,3017.0,99675156.25000001
2025-08-01 12:08:50 PM,430.8,0,0.0,99675156.25000001
2025-08-01 12:08:50 PM,430.8,1,430.8,99675587.05000001
2025-08-01 12:09:00 PM,431.3,0,0.0,99675587.05000001
2025-08-01 12:09:00 PM,431.3,150,64695.0,99740282.05000001
2025-08-01 12:09:01 PM,431.2,5,2156.0,99742438.05000001
2025-08-01 12:09:04 PM,430.85,0,0.0,99742438.05000001
2025-08-01 12:09:05 PM,430.85,22,9478.7,99751916.75000001
2025-08-01 12:09:06 PM,430.8,1,430.8,99752347.55000001
2025-08-01 12:09:08 PM,430.9,0,0.0,99752347.55000001
2025-08-01 12:09:10 PM,430.9,50,21545.0,99773892.55000001
