date,price,qty,trnvr,cum_trnvr
2025-08-01 09:15:02 AM,4532.6,2842,12881649.200000001,12881649.200000001
2025-08-01 09:15:03 AM,4532.7,357,1618173.9,14499823.100000001
2025-08-01 09:15:03 AM,4538.3,0,0.0,14499823.100000001
2025-08-01 09:15:04 AM,4538.3,99,449291.7,14949114.8
2025-08-01 09:15:05 AM,4540.7,39,177087.3,15126202.100000001
2025-08-01 09:15:05 AM,4532.9,0,0.0,15126202.100000001
2025-08-01 09:15:06 AM,4532.9,409,1853956.0999999999,16980158.200000003
2025-08-01 09:15:06 AM,4536.7,0,0.0,16980158.200000003
2025-08-01 09:15:07 AM,4536.7,616,2794607.1999999997,19774765.400000002
2025-08-01 09:15:07 AM,4528.9,0,0.0,19774765.400000002
2025-08-01 09:15:08 AM,4528.9,175,792557.4999999999,20567322.900000002
2025-08-01 09:15:08 AM,4528.5,0,0.0,20567322.900000002
2025-08-01 09:15:09 AM,4528.3,251,1136603.3,21703926.200000003
2025-08-01 09:15:09 AM,4530.1,290,1313729.0,23017655.200000003
2025-08-01 09:15:10 AM,4533.6,1643,7448704.800000001,30466360.000000004
2025-08-01 09:15:10 AM,4530.1,0,0.0,30466360.000000004
2025-08-01 09:15:11 AM,4530.9,452,2047966.7999999998,32514326.800000004
2025-08-01 09:15:12 AM,4531.8,248,1123886.4000000001,33638213.2
2025-08-01 09:15:12 AM,4528.4,0,0.0,33638213.2
2025-08-01 09:15:13 AM,4528.4,98,443783.19999999995,34081996.400000006
2025-08-01 09:15:14 AM,4530.6,108,489304.80000000005,34571301.2
2025-08-01 09:15:14 AM,4533.9,0,0.0,34571301.2
2025-08-01 09:15:15 AM,4533.9,420,1904237.9999999998,36475539.2
2025-08-01 09:15:16 AM,4528.4,417,1888342.7999999998,38363882.0
2025-08-01 09:15:16 AM,4527.1,0,0.0,38363882.0
2025-08-01 09:15:17 AM,4527.1,105,475345.50000000006,38839227.5
2025-08-01 09:15:17 AM,4531.5,0,0.0,38839227.5
2025-08-01 09:15:18 AM,4528.3,393,1779621.9000000001,40618849.4
2025-08-01 09:15:18 AM,4528.6,0,0.0,40618849.4
2025-08-01 09:15:19 AM,4528.6,222,1005349.2000000001,41624198.6
2025-08-01 09:15:19 AM,4531.0,0,0.0,41624198.6
2025-08-01 09:15:20 AM,4531.0,230,1042130.0,42666328.6
2025-08-01 09:15:20 AM,4528.9,70,317023.0,42983351.6
2025-08-01 09:15:20 AM,4527.1,267,1208735.7000000002,44192087.300000004
2025-08-01 09:15:21 AM,4528.9,0,0.0,44192087.300000004
2025-08-01 09:15:21 AM,4528.9,66,298907.39999999997,44490994.7
2025-08-01 09:15:22 AM,4528.9,235,1064291.5,45555286.2
2025-08-01 09:15:23 AM,4529.3,0,0.0,45555286.2
2025-08-01 09:15:23 AM,4529.3,122,552574.6,46107860.800000004
2025-08-01 09:15:24 AM,4529.3,177,801686.1,46909546.900000006
2025-08-01 09:15:25 AM,4527.3,0,0.0,46909546.900000006
2025-08-01 09:15:25 AM,4527.3,348,1575500.4000000001,48485047.300000004
2025-08-01 09:15:25 AM,4530.0,0,0.0,48485047.300000004
2025-08-01 09:15:26 AM,4529.9,242,1096235.7999999998,49581283.1
2025-08-01 09:15:27 AM,4533.1,0,0.0,49581283.1
2025-08-01 09:15:27 AM,4533.1,50,226655.00000000003,49807938.1
2025-08-01 09:15:28 AM,4533.4,60,272004.0,50079942.1
2025-08-01 09:15:29 AM,4533.4,14,63467.59999999999,50143409.7
2025-08-01 09:15:29 AM,4531.5,50,226575.0,50369984.7
2025-08-01 09:15:30 AM,4530.6,406,1839423.6,52209408.300000004
2025-08-01 09:15:31 AM,4527.3,0,0.0,52209408.300000004
2025-08-01 09:15:31 AM,4527.3,127,574967.1,52784375.400000006
2025-08-01 09:15:32 AM,4527.1,0,0.0,52784375.400000006
2025-08-01 09:15:32 AM,4527.1,326,1475834.6,54260210.00000001
2025-08-01 09:15:33 AM,4527.2,0,0.0,54260210.00000001
2025-08-01 09:15:33 AM,4527.2,110,497992.0,54758202.00000001
2025-08-01 09:15:34 AM,4527.5,0,0.0,54758202.00000001
2025-08-01 09:15:34 AM,4527.5,54,244485.0,55002687.00000001
2025-08-01 09:15:35 AM,4526.9,0,0.0,55002687.00000001
2025-08-01 09:15:35 AM,4526.9,287,1299220.2999999998,56301907.300000004
2025-08-01 09:15:36 AM,4522.1,0,0.0,56301907.300000004
2025-08-01 09:15:36 AM,4522.1,242,1094348.2000000002,57396255.50000001
2025-08-01 09:15:37 AM,4523.2,0,0.0,57396255.50000001
2025-08-01 09:15:37 AM,4523.2,92,416134.39999999997,57812389.900000006
2025-08-01 09:15:38 AM,4524.1,0,0.0,57812389.900000006
2025-08-01 09:15:39 AM,4524.1,2,9048.2,57821438.10000001
2025-08-01 09:15:41 AM,4523.6,0,0.0,57821438.10000001
2025-08-01 09:15:41 AM,4523.6,291,1316367.6,59137805.70000001
2025-08-01 09:15:42 AM,4524.7,0,0.0,59137805.70000001
2025-08-01 09:15:42 AM,4524.7,5,22623.5,59160429.20000001
2025-08-01 09:15:43 AM,4528.1,0,0.0,59160429.20000001
2025-08-01 09:15:43 AM,4528.1,10,45281.0,59205710.20000001
2025-08-01 09:15:44 AM,4525.7,0,0.0,59205710.20000001
2025-08-01 09:15:44 AM,4525.7,1008,4561905.6,63767615.80000001
2025-08-01 09:15:45 AM,4529.1,0,0.0,63767615.80000001
2025-08-01 09:15:45 AM,4529.1,122,552550.2000000001,64320166.000000015
2025-08-01 09:15:49 AM,4527.2,0,0.0,64320166.000000015
2025-08-01 09:15:49 AM,4527.2,25,113180.0,64433346.000000015
2025-08-01 09:15:50 AM,4527.8,0,0.0,64433346.000000015
2025-08-01 09:15:50 AM,4527.8,14,63389.200000000004,64496735.20000002
2025-08-01 09:15:51 AM,4526.0,0,0.0,64496735.20000002
2025-08-01 09:15:51 AM,4526.0,64,289664.0,64786399.20000002
2025-08-01 09:15:52 AM,4527.7,0,0.0,64786399.20000002
2025-08-01 09:15:52 AM,4527.7,156,706321.2,65492720.40000002
2025-08-01 09:15:54 AM,4526.6,0,0.0,65492720.40000002
2025-08-01 09:15:54 AM,4526.6,205,927953.0000000001,66420673.40000002
2025-08-01 09:15:56 AM,4527.3,0,0.0,66420673.40000002
2025-08-01 09:15:56 AM,4527.3,4,18109.2,66438782.600000024
2025-08-01 09:15:57 AM,4528.1,0,0.0,66438782.600000024
2025-08-01 09:15:57 AM,4528.1,1,4528.1,66443310.700000025
2025-08-01 09:15:58 AM,4524.9,0,0.0,66443310.700000025
2025-08-01 09:15:58 AM,4524.9,992,4488700.8,70932011.50000003
2025-08-01 09:15:59 AM,4523.8,0,0.0,70932011.50000003
2025-08-01 09:15:59 AM,4523.8,260,1176188.0,72108199.50000003
2025-08-01 09:16:00 AM,4521.1,220,994642.0000000001,73102841.50000003
2025-08-01 09:16:01 AM,4519.0,994,4491886.0,77594727.50000003
2025-08-01 09:16:02 AM,4518.5,9,40666.5,77635394.00000003
2025-08-01 09:16:02 AM,4519.7,0,0.0,77635394.00000003
2025-08-01 09:16:03 AM,4519.7,25,112992.5,77748386.50000003
2025-08-01 09:16:04 AM,4521.2,78,352653.6,78101040.10000002
2025-08-01 09:16:05 AM,4519.5,0,0.0,78101040.10000002
2025-08-01 09:16:05 AM,4519.5,6,27117.0,78128157.10000002
2025-08-01 09:16:06 AM,4521.2,0,0.0,78128157.10000002
2025-08-01 09:16:07 AM,4521.2,14,63296.799999999996,78191453.90000002
2025-08-01 09:16:07 AM,4521.1,0,0.0,78191453.90000002
2025-08-01 09:16:08 AM,4513.7,373,1683610.0999999999,79875064.00000001
2025-08-01 09:16:08 AM,4514.4,0,0.0,79875064.00000001
2025-08-01 09:16:09 AM,4514.4,204,920937.6,80796001.60000001
2025-08-01 09:16:09 AM,4517.9,0,0.0,80796001.60000001
2025-08-01 09:16:10 AM,4517.1,319,1440954.9000000001,82236956.50000001
2025-08-01 09:16:10 AM,4517.5,0,0.0,82236956.50000001
2025-08-01 09:16:11 AM,4518.9,63,284690.69999999995,82521647.20000002
2025-08-01 09:16:11 AM,4518.0,0,0.0,82521647.20000002
2025-08-01 09:16:11 AM,4517.7,0,0.0,82521647.20000002
2025-08-01 09:16:12 AM,4517.7,71,320756.7,82842403.90000002
2025-08-01 09:16:12 AM,4518.6,0,0.0,82842403.90000002
2025-08-01 09:16:13 AM,4513.1,221,997395.1000000001,83839799.00000001
2025-08-01 09:16:15 AM,4516.0,0,0.0,83839799.00000001
2025-08-01 09:16:15 AM,4516.0,31,139996.0,83979795.00000001
2025-08-01 09:16:16 AM,4515.0,0,0.0,83979795.00000001
2025-08-01 09:16:16 AM,4515.0,1,4515.0,83984310.00000001
2025-08-01 09:16:18 AM,4516.0,22,99352.0,84083662.00000001
2025-08-01 09:16:19 AM,4513.7,168,758301.6,84841963.60000001
2025-08-01 09:16:19 AM,4514.1,0,0.0,84841963.60000001
2025-08-01 09:16:20 AM,4514.4,369,1665813.5999999999,86507777.2
2025-08-01 09:16:20 AM,4513.8,0,0.0,86507777.2
2025-08-01 09:16:20 AM,4515.0,0,0.0,86507777.2
2025-08-01 09:16:21 AM,4515.0,65,293475.0,86801252.2
2025-08-01 09:16:22 AM,4515.0,10,45150.0,86846402.2
2025-08-01 09:16:23 AM,4515.0,61,275415.0,87121817.2
2025-08-01 09:16:23 AM,4512.5,0,0.0,87121817.2
2025-08-01 09:16:24 AM,4512.8,55,248204.0,87370021.2
2025-08-01 09:16:26 AM,4515.0,66,297990.0,87668011.2
2025-08-01 09:16:27 AM,4515.0,53,239295.0,87907306.2
2025-08-01 09:16:28 AM,4517.5,53,239427.5,88146733.7
2025-08-01 09:16:29 AM,4516.0,0,0.0,88146733.7
2025-08-01 09:16:29 AM,4516.0,100,451600.0,88598333.7
2025-08-01 09:16:30 AM,4515.5,0,0.0,88598333.7
2025-08-01 09:16:30 AM,4515.5,226,1020503.0,89618836.7
2025-08-01 09:16:31 AM,4515.0,0,0.0,89618836.7
2025-08-01 09:16:32 AM,4515.0,65,293475.0,89912311.7
2025-08-01 09:16:32 AM,4514.9,0,0.0,89912311.7
2025-08-01 09:16:33 AM,4514.9,776,3503562.4,93415874.10000001
2025-08-01 09:16:36 AM,4516.0,2,9032.0,93424906.10000001
2025-08-01 09:16:36 AM,4516.3,0,0.0,93424906.10000001
2025-08-01 09:16:36 AM,4514.5,0,0.0,93424906.10000001
2025-08-01 09:16:37 AM,4516.5,107,483265.5,93908171.60000001
2025-08-01 09:16:37 AM,4517.0,0,0.0,93908171.60000001
2025-08-01 09:16:38 AM,4516.9,7,31618.299999999996,93939789.9
2025-08-01 09:16:39 AM,4517.0,5,22585.0,93962374.9
2025-08-01 09:16:40 AM,4517.0,1,4517.0,93966891.9
2025-08-01 09:16:41 AM,4516.5,0,0.0,93966891.9
2025-08-01 09:16:41 AM,4516.5,22,99363.0,94066254.9
2025-08-01 09:16:43 AM,4517.0,0,0.0,94066254.9
2025-08-01 09:16:44 AM,4517.0,4,18068.0,94084322.9
2025-08-01 09:16:45 AM,4517.0,10,45170.0,94129492.9
2025-08-01 09:16:45 AM,4517.9,0,0.0,94129492.9
2025-08-01 09:16:46 AM,4517.9,39,176198.09999999998,94305691.0
2025-08-01 09:16:46 AM,4516.5,0,0.0,94305691.0
2025-08-01 09:16:47 AM,4516.5,27,121945.5,94427636.5
2025-08-01 09:16:48 AM,4518.5,141,637108.5,95064745.0
2025-08-01 09:16:49 AM,4518.8,0,0.0,95064745.0
2025-08-01 09:16:50 AM,4518.8,16,72300.8,95137045.8
2025-08-01 09:16:51 AM,4517.3,47,212313.1,95349358.89999999
2025-08-01 09:16:51 AM,4518.9,0,0.0,95349358.89999999
2025-08-01 09:16:52 AM,4516.5,222,1002663.0,96352021.89999999
2025-08-01 09:16:53 AM,4517.1,14,63239.40000000001,96415261.3
2025-08-01 09:16:54 AM,4515.2,0,0.0,96415261.3
2025-08-01 09:16:54 AM,4515.2,63,284457.6,96699718.89999999
2025-08-01 09:16:55 AM,4517.0,0,0.0,96699718.89999999
2025-08-01 09:16:56 AM,4517.0,46,207782.0,96907500.89999999
2025-08-01 09:16:56 AM,4515.1,0,0.0,96907500.89999999
2025-08-01 09:16:57 AM,4515.1,290,1309379.0,98216879.89999999
2025-08-01 09:16:57 AM,4514.8,0,0.0,98216879.89999999
2025-08-01 09:16:58 AM,4514.8,275,1241570.0,99458449.89999999
2025-08-01 09:16:59 AM,4516.5,2,9033.0,99467482.89999999
2025-08-01 09:17:00 AM,4514.9,25,112872.49999999999,99580355.39999999
2025-08-01 09:17:00 AM,4516.6,0,0.0,99580355.39999999
2025-08-01 09:17:00 AM,4515.0,0,0.0,99580355.39999999
2025-08-01 09:17:01 AM,4515.0,74,334110.0,99914465.39999999
2025-08-01 09:17:01 AM,4516.5,1,4516.5,99918981.89999999
2025-08-01 09:17:02 AM,4515.6,1018,4596880.800000001,104515862.69999999
2025-08-01 09:17:03 AM,4514.9,8,36119.2,104551981.89999999
2025-08-01 09:17:04 AM,4514.8,129,582409.2000000001,105134391.1
2025-08-01 09:17:05 AM,4516.8,19,85819.2,105220210.3
2025-08-01 09:17:06 AM,4515.0,0,0.0,105220210.3
2025-08-01 09:17:06 AM,4515.0,10,45150.0,105265360.3
2025-08-01 09:17:07 AM,4517.9,0,0.0,105265360.3
2025-08-01 09:17:07 AM,4517.9,56,253002.39999999997,105518362.7
2025-08-01 09:17:08 AM,4517.7,0,0.0,105518362.7
2025-08-01 09:17:08 AM,4516.3,47,212266.1,105730628.8
2025-08-01 09:17:10 AM,4517.7,0,0.0,105730628.8
2025-08-01 09:17:11 AM,4517.7,21,94871.7,105825500.5
2025-08-01 09:17:12 AM,4514.5,1191,5376769.5,111202270.0
2025-08-01 09:17:13 AM,4516.5,0,0.0,111202270.0
2025-08-01 09:17:14 AM,4516.0,11,49676.0,111251946.0
2025-08-01 09:17:14 AM,4517.0,56,252952.0,111504898.0
2025-08-01 09:17:16 AM,4517.1,28,126478.80000000002,111631376.8
2025-08-01 09:17:17 AM,4515.2,20,90304.0,111721680.8
2025-08-01 09:17:17 AM,4517.0,0,0.0,111721680.8
2025-08-01 09:17:17 AM,4518.4,0,0.0,111721680.8
2025-08-01 09:17:18 AM,4518.4,105,474431.99999999994,112196112.8
2025-08-01 09:17:19 AM,4517.8,4,18071.2,112214184.0
2025-08-01 09:17:19 AM,4516.4,0,0.0,112214184.0
2025-08-01 09:17:19 AM,4517.7,0,0.0,112214184.0
2025-08-01 09:17:19 AM,4517.7,45,203296.5,112417480.5
2025-08-01 09:17:20 AM,4512.3,0,0.0,112417480.5
2025-08-01 09:17:21 AM,4512.3,226,1019779.8,113437260.3
2025-08-01 09:17:21 AM,4514.1,8,36112.8,113473373.1
2025-08-01 09:17:21 AM,4514.7,0,0.0,113473373.1
2025-08-01 09:17:22 AM,4514.7,200,902940.0,114376313.1
2025-08-01 09:17:23 AM,4514.7,46,207676.19999999998,114583989.3
2025-08-01 09:17:23 AM,4515.3,0,0.0,114583989.3
2025-08-01 09:17:24 AM,4515.3,134,605050.2000000001,115189039.5
2025-08-01 09:17:24 AM,4515.6,30,135468.0,115324507.5
2025-08-01 09:17:26 AM,4516.0,25,112900.0,115437407.5
2025-08-01 09:17:30 AM,4516.0,40,180640.0,115618047.5
2025-08-01 09:17:30 AM,4516.0,32,144512.0,115762559.5
2025-08-01 09:17:31 AM,4514.0,25,112850.0,115875409.5
2025-08-01 09:17:31 AM,4515.3,0,0.0,115875409.5
2025-08-01 09:17:31 AM,4516.0,0,0.0,115875409.5
2025-08-01 09:17:31 AM,4516.0,70,316120.0,116191529.5
2025-08-01 09:17:34 AM,4516.0,100,451600.0,116643129.5
2025-08-01 09:17:36 AM,4514.0,376,1697264.0,118340393.5
2025-08-01 09:17:37 AM,4515.0,51,230265.0,118570658.5
2025-08-01 09:17:38 AM,4514.9,8,36119.2,118606777.7
2025-08-01 09:17:38 AM,4515.3,0,0.0,118606777.7
2025-08-01 09:17:39 AM,4515.3,40,180612.0,118787389.7
2025-08-01 09:17:39 AM,4515.2,43,194153.6,118981543.3
2025-08-01 09:17:39 AM,4513.0,0,0.0,118981543.3
2025-08-01 09:17:39 AM,4513.3,0,0.0,118981543.3
2025-08-01 09:17:40 AM,4513.3,138,622835.4,119604378.7
2025-08-01 09:17:40 AM,4513.5,101,455863.5,120060242.2
2025-08-01 09:17:41 AM,4514.1,0,0.0,120060242.2
2025-08-01 09:17:42 AM,4511.8,44,198519.2,120258761.4
2025-08-01 09:17:42 AM,4513.0,10,45130.0,120303891.4
2025-08-01 09:17:42 AM,4512.9,0,0.0,120303891.4
2025-08-01 09:17:43 AM,4512.9,18,81232.2,120385123.60000001
2025-08-01 09:17:44 AM,4511.1,14,63155.40000000001,120448279.00000001
2025-08-01 09:17:45 AM,4512.0,122,550464.0,120998743.00000001
2025-08-01 09:17:45 AM,4512.3,0,0.0,120998743.00000001
2025-08-01 09:17:45 AM,4512.3,6,27073.800000000003,121025816.80000001
2025-08-01 09:17:45 AM,4513.0,0,0.0,121025816.80000001
2025-08-01 09:17:46 AM,4513.0,79,356527.0,121382343.80000001
2025-08-01 09:17:46 AM,4512.9,0,0.0,121382343.80000001
2025-08-01 09:17:47 AM,4512.9,1,4512.9,121386856.70000002
2025-08-01 09:17:48 AM,4512.5,5,22562.5,121409419.20000002
2025-08-01 09:17:48 AM,4512.5,4,18050.0,121427469.20000002
2025-08-01 09:17:49 AM,4511.0,215,969865.0,122397334.20000002
2025-08-01 09:17:49 AM,4512.2,0,0.0,122397334.20000002
2025-08-01 09:17:50 AM,4512.2,40,180488.0,122577822.20000002
2025-08-01 09:17:52 AM,4511.3,30,135339.0,122713161.20000002
2025-08-01 09:17:53 AM,4512.0,25,112800.0,122825961.20000002
2025-08-01 09:17:54 AM,4512.5,5,22562.5,122848523.70000002
2025-08-01 09:17:54 AM,4512.7,0,0.0,122848523.70000002
2025-08-01 09:17:55 AM,4512.7,25,112817.5,122961341.20000002
2025-08-01 09:17:55 AM,4512.5,434,1958425.0,124919766.20000002
2025-08-01 09:17:56 AM,4512.4,20,90248.0,125010014.20000002
2025-08-01 09:17:56 AM,4511.2,0,0.0,125010014.20000002
2025-08-01 09:17:57 AM,4511.6,176,794041.6000000001,125804055.80000001
2025-08-01 09:17:57 AM,4509.3,234,1055176.2,126859232.00000001
2025-08-01 09:17:58 AM,4507.7,20,90154.0,126949386.00000001
2025-08-01 09:17:58 AM,4507.5,17,76627.5,127026013.50000001
2025-08-01 09:17:59 AM,4507.0,16,72112.0,127098125.50000001
2025-08-01 09:18:00 AM,4509.1,15,67636.5,127165762.00000001
2025-08-01 09:18:00 AM,4508.7,0,0.0,127165762.00000001
2025-08-01 09:18:01 AM,4508.7,5,22543.5,127188305.50000001
2025-08-01 09:18:01 AM,4509.1,0,0.0,127188305.50000001
2025-08-01 09:18:01 AM,4508.7,0,0.0,127188305.50000001
2025-08-01 09:18:02 AM,4508.7,61,275030.7,127463336.20000002
2025-08-01 09:18:02 AM,4509.2,0,0.0,127463336.20000002
2025-08-01 09:18:02 AM,4509.2,26,117239.2,127580575.40000002
2025-08-01 09:18:03 AM,4509.5,0,0.0,127580575.40000002
2025-08-01 09:18:03 AM,4509.5,20,90190.0,127670765.40000002
2025-08-01 09:18:04 AM,4511.8,0,0.0,127670765.40000002
2025-08-01 09:18:04 AM,4511.8,306,1380610.8,129051376.20000002
2025-08-01 09:18:05 AM,4513.5,0,0.0,129051376.20000002
2025-08-01 09:18:05 AM,4513.5,248,1119348.0,130170724.20000002
2025-08-01 09:18:06 AM,4511.7,205,924898.5,131095622.70000002
2025-08-01 09:18:08 AM,4514.7,5,22573.5,131118196.20000002
2025-08-01 09:18:09 AM,4511.9,56,252666.39999999997,131370862.60000002
2025-08-01 09:18:10 AM,4513.5,2,9027.0,131379889.60000002
2025-08-01 09:18:11 AM,4513.5,18,81243.0,131461132.60000002
2025-08-01 09:18:12 AM,4515.2,1,4515.2,131465647.80000003
2025-08-01 09:18:13 AM,4515.2,1,4515.2,131470163.00000003
2025-08-01 09:18:14 AM,4513.6,3,13540.800000000001,131483703.80000003
2025-08-01 09:18:15 AM,4515.2,1,4515.2,131488219.00000003
2025-08-01 09:18:16 AM,4515.2,9,40636.799999999996,131528855.80000003
2025-08-01 09:18:17 AM,4515.1,5,22575.5,131551431.30000003
2025-08-01 09:18:19 AM,4516.0,11,49676.0,131601107.30000003
2025-08-01 09:18:19 AM,4516.1,0,0.0,131601107.30000003
2025-08-01 09:18:19 AM,4516.1,19,85805.90000000001,131686913.20000003
2025-08-01 09:18:20 AM,4518.0,3,13554.0,131700467.20000003
2025-08-01 09:18:20 AM,4518.0,7,31626.0,131732093.20000003
2025-08-01 09:18:21 AM,4519.4,102,460978.8,132193072.00000003
2025-08-01 09:18:22 AM,4519.7,0,0.0,132193072.00000003
2025-08-01 09:18:22 AM,4519.7,7,31637.899999999998,132224709.90000004
2025-08-01 09:18:26 AM,4520.0,1040,4700800.0,136925509.90000004
2025-08-01 09:18:27 AM,4518.8,25,112970.0,137038479.90000004
2025-08-01 09:18:28 AM,4520.9,6,27125.399999999998,137065605.30000004
2025-08-01 09:18:29 AM,4520.6,1,4520.6,137070125.90000004
2025-08-01 09:18:29 AM,4519.2,0,0.0,137070125.90000004
2025-08-01 09:18:30 AM,4519.2,21,94903.2,137165029.10000002
2025-08-01 09:18:30 AM,4519.3,0,0.0,137165029.10000002
2025-08-01 09:18:31 AM,4519.9,73,329952.69999999995,137494981.8
2025-08-01 09:18:31 AM,4518.4,0,0.0,137494981.8
2025-08-01 09:18:31 AM,4518.4,1,4518.4,137499500.20000002
2025-08-01 09:18:32 AM,4517.3,27,121967.1,137621467.3
2025-08-01 09:18:33 AM,4519.6,253,1143458.8,138764926.10000002
2025-08-01 09:18:33 AM,4519.3,0,0.0,138764926.10000002
2025-08-01 09:18:34 AM,4519.3,24,108463.20000000001,138873389.3
2025-08-01 09:18:36 AM,4518.0,60,271080.0,139144469.3
2025-08-01 09:18:36 AM,4517.9,0,0.0,139144469.3
2025-08-01 09:18:36 AM,4517.9,2,9035.8,139153505.10000002
2025-08-01 09:18:37 AM,4518.3,328,1482002.4000000001,140635507.50000003
2025-08-01 09:18:37 AM,4518.3,1,4518.3,140640025.80000004
2025-08-01 09:18:38 AM,4521.0,118,533478.0,141173503.80000004
2025-08-01 09:18:38 AM,4522.0,0,0.0,141173503.80000004
2025-08-01 09:18:38 AM,4522.0,2,9044.0,141182547.80000004
2025-08-01 09:18:39 AM,4523.0,0,0.0,141182547.80000004
2025-08-01 09:18:39 AM,4523.0,50,226150.0,141408697.80000004
2025-08-01 09:18:39 AM,4520.7,0,0.0,141408697.80000004
2025-08-01 09:18:40 AM,4517.0,138,623346.0,142032043.80000004
2025-08-01 09:18:41 AM,4517.3,64,289107.2,142321151.00000003
2025-08-01 09:18:41 AM,4520.0,15,67800.0,142388951.00000003
2025-08-01 09:18:42 AM,4519.3,44,198849.2,142587800.20000002
2025-08-01 09:18:42 AM,4519.2,50,225960.0,142813760.20000002
2025-08-01 09:18:43 AM,4519.3,65,293754.5,143107514.70000002
2025-08-01 09:18:43 AM,4518.3,0,0.0,143107514.70000002
2025-08-01 09:18:44 AM,4518.3,1,4518.3,143112033.00000003
2025-08-01 09:18:45 AM,4519.3,54,244042.2,143356075.20000002
2025-08-01 09:18:46 AM,4519.6,100,451960.00000000006,143808035.20000002
2025-08-01 09:18:47 AM,4520.0,22,99440.0,143907475.20000002
2025-08-01 09:18:47 AM,4519.8,0,0.0,143907475.20000002
2025-08-01 09:18:48 AM,4519.9,54,244074.59999999998,144151549.8
2025-08-01 09:18:48 AM,4520.0,8,36160.0,144187709.8
2025-08-01 09:18:49 AM,4521.0,0,0.0,144187709.8
2025-08-01 09:18:50 AM,4521.0,189,854469.0,145042178.8
2025-08-01 09:18:51 AM,4522.0,30,135660.0,145177838.8
2025-08-01 09:18:52 AM,4523.4,9,40710.6,145218549.4
2025-08-01 09:18:52 AM,4522.0,3,13566.0,145232115.4
2025-08-01 09:18:54 AM,4521.7,10,45217.0,145277332.4
2025-08-01 09:18:54 AM,4521.2,0,0.0,145277332.4
2025-08-01 09:18:55 AM,4521.2,25,113030.0,145390362.4
2025-08-01 09:18:55 AM,4521.0,25,113025.0,145503387.4
2025-08-01 09:18:56 AM,4521.0,3,13563.0,145516950.4
2025-08-01 09:18:57 AM,4520.5,11,49725.5,145566675.9
2025-08-01 09:18:57 AM,4522.0,1,4522.0,145571197.9
2025-08-01 09:18:58 AM,4523.0,5,22615.0,145593812.9
2025-08-01 09:18:58 AM,4523.0,9,40707.0,145634519.9
2025-08-01 09:18:59 AM,4522.0,0,0.0,145634519.9
2025-08-01 09:19:00 AM,4519.0,598,2702362.0,148336881.9
2025-08-01 09:19:00 AM,4519.4,0,0.0,148336881.9
2025-08-01 09:19:01 AM,4519.4,2,9038.8,148345920.70000002
2025-08-01 09:19:01 AM,4518.3,167,754556.1,149100476.8
2025-08-01 09:19:02 AM,4517.3,4,18069.2,149118546.0
2025-08-01 09:19:03 AM,4519.3,39,176252.7,149294798.7
2025-08-01 09:19:03 AM,4518.3,0,0.0,149294798.7
2025-08-01 09:19:04 AM,4517.8,198,894524.4,150189323.1
2025-08-01 09:19:04 AM,4517.5,0,0.0,150189323.1
2025-08-01 09:19:05 AM,4515.6,6,27093.600000000002,150216416.7
2025-08-01 09:19:05 AM,4517.9,0,0.0,150216416.7
2025-08-01 09:19:06 AM,4518.7,28,126523.59999999999,150342940.29999998
2025-08-01 09:19:07 AM,4520.9,0,0.0,150342940.29999998
2025-08-01 09:19:07 AM,4520.9,103,465652.69999999995,150808592.99999997
2025-08-01 09:19:08 AM,4521.0,0,0.0,150808592.99999997
2025-08-01 09:19:09 AM,4521.0,3,13563.0,150822155.99999997
2025-08-01 09:19:10 AM,4520.0,367,1658840.0,152480995.99999997
2025-08-01 09:19:10 AM,4520.2,0,0.0,152480995.99999997
2025-08-01 09:19:11 AM,4520.2,30,135606.0,152616601.99999997
2025-08-01 09:19:11 AM,4521.4,0,0.0,152616601.99999997
2025-08-01 09:19:12 AM,4519.9,23,103957.7,152720559.69999996
2025-08-01 09:19:12 AM,4521.5,0,0.0,152720559.69999996
2025-08-01 09:19:13 AM,4521.9,60,271314.0,152991873.69999996
2025-08-01 09:19:13 AM,4519.7,15,67795.5,153059669.19999996
2025-08-01 09:19:13 AM,4522.0,0,0.0,153059669.19999996
2025-08-01 09:19:13 AM,4520.0,0,0.0,153059669.19999996
2025-08-01 09:19:14 AM,4519.7,181,818065.7,153877734.89999995
2025-08-01 09:19:14 AM,4522.2,10,45222.0,153922956.89999995
2025-08-01 09:19:15 AM,4522.2,20,90444.0,154013400.89999995
2025-08-01 09:19:16 AM,4520.0,165,745800.0,154759200.89999995
2025-08-01 09:19:17 AM,4520.0,13,58760.0,154817960.89999995
2025-08-01 09:19:17 AM,4520.0,52,235040.0,155053000.89999995
2025-08-01 09:19:17 AM,4519.2,0,0.0,155053000.89999995
2025-08-01 09:19:18 AM,4520.0,9,40680.0,155093680.89999995
2025-08-01 09:19:18 AM,4520.0,2,9040.0,155102720.89999995
2025-08-01 09:19:19 AM,4520.0,7,31640.0,155134360.89999995
2025-08-01 09:19:20 AM,4519.7,27,122031.9,155256392.79999995
2025-08-01 09:19:21 AM,4520.0,15,67800.0,155324192.79999995
2025-08-01 09:19:22 AM,4520.0,65,293800.0,155617992.79999995
2025-08-01 09:19:23 AM,4520.0,1,4520.0,155622512.79999995
2025-08-01 09:19:24 AM,4518.0,205,926190.0,156548702.79999995
2025-08-01 09:19:24 AM,4520.0,0,0.0,156548702.79999995
2025-08-01 09:19:25 AM,4520.0,2,9040.0,156557742.79999995
2025-08-01 09:19:26 AM,4517.9,26,117465.4,156675208.19999996
2025-08-01 09:19:26 AM,4519.7,0,0.0,156675208.19999996
2025-08-01 09:19:27 AM,4519.7,5,22598.5,156697806.69999996
2025-08-01 09:19:27 AM,4518.0,8,36144.0,156733950.69999996
2025-08-01 09:19:27 AM,4517.7,0,0.0,156733950.69999996
2025-08-01 09:19:28 AM,4517.9,26,117465.4,156851416.09999996
2025-08-01 09:19:28 AM,4515.0,75,338625.0,157190041.09999996
2025-08-01 09:19:29 AM,4513.0,50,225650.0,157415691.09999996
2025-08-01 09:19:29 AM,4516.3,0,0.0,157415691.09999996
2025-08-01 09:19:29 AM,4516.3,13,58711.9,157474402.99999997
2025-08-01 09:19:30 AM,4515.7,0,0.0,157474402.99999997
2025-08-01 09:19:30 AM,4515.7,179,808310.2999999999,158282713.29999998
2025-08-01 09:19:31 AM,4512.4,150,676860.0,158959573.29999998
2025-08-01 09:19:31 AM,4514.6,0,0.0,158959573.29999998
2025-08-01 09:19:32 AM,4514.6,6,27087.600000000002,158986660.89999998
2025-08-01 09:19:32 AM,4514.8,0,0.0,158986660.89999998
2025-08-01 09:19:33 AM,4514.8,10,45148.0,159031808.89999998
2025-08-01 09:19:33 AM,4515.0,30,135450.0,159167258.89999998
2025-08-01 09:19:33 AM,4514.5,0,0.0,159167258.89999998
2025-08-01 09:19:34 AM,4514.5,4,18058.0,159185316.89999998
2025-08-01 09:19:35 AM,4515.2,45,203184.0,159388500.89999998
2025-08-01 09:19:35 AM,4515.1,0,0.0,159388500.89999998
2025-08-01 09:19:36 AM,4515.1,1,4515.1,159393015.99999997
2025-08-01 09:19:36 AM,4515.0,10,45150.0,159438165.99999997
2025-08-01 09:19:36 AM,4515.5,0,0.0,159438165.99999997
2025-08-01 09:19:37 AM,4514.0,4,18056.0,159456221.99999997
2025-08-01 09:19:38 AM,4515.0,1,4515.0,159460736.99999997
2025-08-01 09:19:38 AM,4513.2,0,0.0,159460736.99999997
2025-08-01 09:19:39 AM,4513.0,178,803314.0,160264050.99999997
2025-08-01 09:19:39 AM,4515.4,5,22577.0,160286627.99999997
2025-08-01 09:19:40 AM,4514.9,6,27089.399999999998,160313717.39999998
2025-08-01 09:19:42 AM,4515.1,0,0.0,160313717.39999998
2025-08-01 09:19:42 AM,4515.1,1,4515.1,160318232.49999997
2025-08-01 09:19:43 AM,4514.0,0,0.0,160318232.49999997
2025-08-01 09:19:43 AM,4515.8,0,0.0,160318232.49999997
2025-08-01 09:19:43 AM,4515.8,35,158053.0,160476285.49999997
2025-08-01 09:19:44 AM,4516.0,0,0.0,160476285.49999997
2025-08-01 09:19:45 AM,4516.0,1,4516.0,160480801.49999997
2025-08-01 09:19:46 AM,4513.7,150,677055.0,161157856.49999997
2025-08-01 09:19:46 AM,4513.4,0,0.0,161157856.49999997
2025-08-01 09:19:47 AM,4513.4,41,185049.4,161342905.89999998
2025-08-01 09:19:47 AM,4514.1,0,0.0,161342905.89999998
2025-08-01 09:19:48 AM,4514.1,11,49655.100000000006,161392560.99999997
2025-08-01 09:19:48 AM,4516.6,0,0.0,161392560.99999997
2025-08-01 09:19:49 AM,4516.6,2338,10559810.8,171952371.79999998
2025-08-01 09:19:50 AM,4518.3,16,72292.8,172024664.6
2025-08-01 09:19:52 AM,4517.9,163,736417.7,172761082.29999998
2025-08-01 09:19:52 AM,4518.7,0,0.0,172761082.29999998
2025-08-01 09:19:53 AM,4518.7,5,22593.5,172783675.79999998
2025-08-01 09:19:53 AM,4517.9,0,0.0,172783675.79999998
2025-08-01 09:19:53 AM,4517.9,44,198787.59999999998,172982463.39999998
2025-08-01 09:19:54 AM,4517.6,0,0.0,172982463.39999998
2025-08-01 09:19:54 AM,4517.6,188,849308.8,173831772.2
2025-08-01 09:19:56 AM,4515.7,0,0.0,173831772.2
2025-08-01 09:19:57 AM,4515.7,150,677355.0,174509127.2
2025-08-01 09:19:58 AM,4518.8,0,0.0,174509127.2
2025-08-01 09:19:59 AM,4518.8,2,9037.6,174518164.79999998
2025-08-01 09:20:00 AM,4518.1,0,0.0,174518164.79999998
2025-08-01 09:20:01 AM,4515.6,152,686371.2000000001,175204535.99999997
2025-08-01 09:20:01 AM,4517.2,1,4517.2,175209053.19999996
2025-08-01 09:20:02 AM,4516.0,15,67740.0,175276793.19999996
2025-08-01 09:20:02 AM,4515.9,0,0.0,175276793.19999996
2025-08-01 09:20:03 AM,4515.4,23,103854.2,175380647.39999995
2025-08-01 09:20:04 AM,4515.3,2,9030.6,175389677.99999994
2025-08-01 09:20:05 AM,4515.3,26,117397.8,175507075.79999995
2025-08-01 09:20:06 AM,4517.1,98,442675.80000000005,175949751.59999996
2025-08-01 09:20:07 AM,4515.4,0,0.0,175949751.59999996
2025-08-01 09:20:08 AM,4515.4,9,40638.6,175990390.19999996
2025-08-01 09:20:08 AM,4515.4,8,36123.2,176026513.39999995
2025-08-01 09:20:09 AM,4517.3,3,13551.900000000001,176040065.29999995
2025-08-01 09:20:10 AM,4515.4,8,36123.2,176076188.49999994
2025-08-01 09:20:10 AM,4515.1,0,0.0,176076188.49999994
2025-08-01 09:20:11 AM,4515.1,67,302511.7,176378700.19999993
2025-08-01 09:20:11 AM,4516.5,5,22582.5,176401282.69999993
2025-08-01 09:20:12 AM,4514.8,0,0.0,176401282.69999993
2025-08-01 09:20:12 AM,4513.7,0,0.0,176401282.69999993
2025-08-01 09:20:13 AM,4513.7,59,266308.3,176667590.99999994
2025-08-01 09:20:13 AM,4513.7,2,9027.4,176676618.39999995
2025-08-01 09:20:13 AM,4514.8,0,0.0,176676618.39999995
2025-08-01 09:20:14 AM,4511.0,270,1217970.0,177894588.39999995
2025-08-01 09:20:15 AM,4511.3,0,0.0,177894588.39999995
2025-08-01 09:20:16 AM,4510.0,61,275110.0,178169698.39999995
2025-08-01 09:20:16 AM,4511.8,200,902360.0,179072058.39999995
2025-08-01 09:20:17 AM,4511.3,13,58646.9,179130705.29999995
2025-08-01 09:20:17 AM,4511.3,8,36090.4,179166795.69999996
2025-08-01 09:20:17 AM,4512.1,0,0.0,179166795.69999996
2025-08-01 09:20:18 AM,4509.7,278,1253696.5999999999,180420492.29999995
2025-08-01 09:20:19 AM,4511.2,37,166914.4,180587406.69999996
2025-08-01 09:20:19 AM,4508.1,0,0.0,180587406.69999996
2025-08-01 09:20:20 AM,4507.6,1184,5336998.4,185924405.09999996
2025-08-01 09:20:20 AM,4507.8,0,0.0,185924405.09999996
2025-08-01 09:20:21 AM,4507.1,32,144227.2,186068632.29999995
2025-08-01 09:20:22 AM,4508.0,142,640136.0,186708768.29999995
2025-08-01 09:20:23 AM,4508.0,12,54096.0,186762864.29999995
2025-08-01 09:20:23 AM,4510.6,0,0.0,186762864.29999995
2025-08-01 09:20:23 AM,4510.6,15,67659.0,186830523.29999995
2025-08-01 09:20:24 AM,4508.2,10,45082.0,186875605.29999995
2025-08-01 09:20:24 AM,4508.0,0,0.0,186875605.29999995
2025-08-01 09:20:25 AM,4508.0,50,225400.0,187101005.29999995
2025-08-01 09:20:26 AM,4511.5,1,4511.5,187105516.79999995
2025-08-01 09:20:26 AM,4509.6,0,0.0,187105516.79999995
2025-08-01 09:20:27 AM,4509.6,28,126268.80000000002,187231785.59999996
2025-08-01 09:20:27 AM,4507.2,0,0.0,187231785.59999996
2025-08-01 09:20:28 AM,4507.2,101,455227.19999999995,187687012.79999995
2025-08-01 09:20:28 AM,4507.1,44,198312.40000000002,187885325.19999996
2025-08-01 09:20:28 AM,4508.9,0,0.0,187885325.19999996
2025-08-01 09:20:29 AM,4509.0,21,94689.0,187980014.19999996
2025-08-01 09:20:29 AM,4509.1,0,0.0,187980014.19999996
2025-08-01 09:20:30 AM,4509.1,2,9018.2,187989032.39999995
2025-08-01 09:20:30 AM,4509.0,0,0.0,187989032.39999995
2025-08-01 09:20:31 AM,4509.0,58,261522.0,188250554.39999995
2025-08-01 09:20:32 AM,4509.0,1,4509.0,188255063.39999995
2025-08-01 09:20:33 AM,4509.6,14,63134.40000000001,188318197.79999995
2025-08-01 09:20:34 AM,4509.0,4,18036.0,188336233.79999995
2025-08-01 09:20:34 AM,4509.5,0,0.0,188336233.79999995
2025-08-01 09:20:35 AM,4509.5,1,4509.5,188340743.29999995
2025-08-01 09:20:35 AM,4509.5,1,4509.5,188345252.79999995
2025-08-01 09:20:35 AM,4509.0,0,0.0,188345252.79999995
2025-08-01 09:20:36 AM,4509.0,1,4509.0,188349761.79999995
2025-08-01 09:20:36 AM,4508.0,100,450800.0,188800561.79999995
2025-08-01 09:20:37 AM,4509.0,0,0.0,188800561.79999995
2025-08-01 09:20:37 AM,4509.0,2,9018.0,188809579.79999995
2025-08-01 09:20:39 AM,4509.0,7,31563.0,188841142.79999995
2025-08-01 09:20:39 AM,4510.6,10,45106.0,188886248.79999995
2025-08-01 09:20:41 AM,4509.0,0,0.0,188886248.79999995
2025-08-01 09:20:42 AM,4509.0,300,1352700.0,190238948.79999995
2025-08-01 09:20:43 AM,4511.9,0,0.0,190238948.79999995
2025-08-01 09:20:44 AM,4511.9,25,112797.49999999999,190351746.29999995
2025-08-01 09:20:44 AM,4509.9,0,0.0,190351746.29999995
2025-08-01 09:20:45 AM,4511.0,6,27066.0,190378812.29999995
2025-08-01 09:20:45 AM,4508.0,0,0.0,190378812.29999995
2025-08-01 09:20:46 AM,4511.0,524,2363764.0,192742576.29999995
2025-08-01 09:20:47 AM,4510.6,5,22553.0,192765129.29999995
2025-08-01 09:20:50 AM,4511.0,2,9022.0,192774151.29999995
2025-08-01 09:20:50 AM,4512.0,0,0.0,192774151.29999995
2025-08-01 09:20:50 AM,4512.0,142,640704.0,193414855.29999995
2025-08-01 09:20:51 AM,4511.9,83,374487.69999999995,193789342.99999994
2025-08-01 09:20:52 AM,4511.9,44,198523.59999999998,193987866.59999993
2025-08-01 09:20:52 AM,4511.9,207,933963.2999999999,194921829.89999995
2025-08-01 09:20:52 AM,4512.4,0,0.0,194921829.89999995
2025-08-01 09:20:53 AM,4512.4,45,203057.99999999997,195124887.89999995
2025-08-01 09:20:53 AM,4514.9,0,0.0,195124887.89999995
2025-08-01 09:20:54 AM,4514.9,9,40634.1,195165521.99999994
2025-08-01 09:20:54 AM,4511.8,0,0.0,195165521.99999994
2025-08-01 09:20:55 AM,4512.4,113,509901.19999999995,195675423.19999993
2025-08-01 09:20:57 AM,4514.4,0,0.0,195675423.19999993
2025-08-01 09:20:58 AM,4514.4,65,293436.0,195968859.19999993
2025-08-01 09:20:58 AM,4514.2,100,451420.0,196420279.19999993
2025-08-01 09:20:58 AM,4512.4,0,0.0,196420279.19999993
2025-08-01 09:20:58 AM,4512.0,0,0.0,196420279.19999993
2025-08-01 09:20:59 AM,4512.0,457,2061984.0,198482263.19999993
2025-08-01 09:21:00 AM,4511.0,707,3189277.0,201671540.19999993
2025-08-01 09:21:00 AM,4512.0,0,0.0,201671540.19999993
2025-08-01 09:21:01 AM,4513.0,491,2215883.0,203887423.19999993
2025-08-01 09:21:01 AM,4513.1,0,0.0,203887423.19999993
2025-08-01 09:21:02 AM,4512.8,38,171486.4,204058909.59999993
2025-08-01 09:21:02 AM,4513.1,0,0.0,204058909.59999993
2025-08-01 09:21:03 AM,4513.1,49,221141.90000000002,204280051.49999994
2025-08-01 09:21:04 AM,4513.1,23,103801.3,204383852.79999995
2025-08-01 09:21:05 AM,4513.2,26,117343.2,204501195.99999994
2025-08-01 09:21:06 AM,4512.0,10,45120.0,204546315.99999994
2025-08-01 09:21:06 AM,4513.2,10,45132.0,204591447.99999994
2025-08-01 09:21:07 AM,4513.2,9,40618.799999999996,204632066.79999995
2025-08-01 09:21:08 AM,4513.2,5,22566.0,204654632.79999995
2025-08-01 09:21:10 AM,4513.8,0,0.0,204654632.79999995
2025-08-01 09:21:10 AM,4513.8,58,261800.40000000002,204916433.19999996
2025-08-01 09:21:11 AM,4515.0,519,2343285.0,207259718.19999996
2025-08-01 09:21:13 AM,4514.7,0,0.0,207259718.19999996
2025-08-01 09:21:14 AM,4514.7,25,112867.5,207372585.69999996
2025-08-01 09:21:15 AM,4513.8,0,0.0,207372585.69999996
2025-08-01 09:21:16 AM,4513.8,4,18055.2,207390640.89999995
2025-08-01 09:21:18 AM,4516.5,9,40648.5,207431289.39999995
2025-08-01 09:21:19 AM,4514.2,50,225710.0,207656999.39999995
2025-08-01 09:21:23 AM,4515.0,100,451500.0,208108499.39999995
2025-08-01 09:21:24 AM,4514.1,0,0.0,208108499.39999995
2025-08-01 09:21:24 AM,4514.1,12,54169.200000000004,208162668.59999993
2025-08-01 09:21:25 AM,4516.0,50,225800.0,208388468.59999993
2025-08-01 09:21:25 AM,4516.5,0,0.0,208388468.59999993
2025-08-01 09:21:25 AM,4516.9,101,456206.89999999997,208844675.49999994
2025-08-01 09:21:26 AM,4517.0,25,112925.0,208957600.49999994
2025-08-01 09:21:27 AM,4517.6,6,27105.600000000002,208984706.09999993
2025-08-01 09:21:27 AM,4518.8,0,0.0,208984706.09999993
2025-08-01 09:21:28 AM,4518.8,1,4518.8,208989224.89999995
2025-08-01 09:21:28 AM,4516.7,0,0.0,208989224.89999995
2025-08-01 09:21:28 AM,4517.2,0,0.0,208989224.89999995
2025-08-01 09:21:29 AM,4517.2,38,171653.6,209160878.49999994
2025-08-01 09:21:29 AM,4515.7,0,0.0,209160878.49999994
2025-08-01 09:21:30 AM,4515.7,8,36125.6,209197004.09999993
2025-08-01 09:21:30 AM,4517.5,1,4517.5,209201521.59999993
2025-08-01 09:21:31 AM,4515.0,161,726915.0,209928436.59999993
2025-08-01 09:21:32 AM,4514.9,7,31604.299999999996,209960040.89999995
2025-08-01 09:21:33 AM,4515.0,7,31605.0,209991645.89999995
2025-08-01 09:21:34 AM,4515.0,328,1480920.0,211472565.89999995
2025-08-01 09:21:34 AM,4515.7,0,0.0,211472565.89999995
2025-08-01 09:21:34 AM,4515.7,7,31609.899999999998,211504175.79999995
2025-08-01 09:21:35 AM,4517.0,1,4517.0,211508692.79999995
2025-08-01 09:21:36 AM,4517.0,8,36136.0,211544828.79999995
2025-08-01 09:21:37 AM,4515.3,0,0.0,211544828.79999995
2025-08-01 09:21:37 AM,4515.3,50,225765.0,211770593.79999995
2025-08-01 09:21:38 AM,4514.7,6,27088.199999999997,211797681.99999994
2025-08-01 09:21:39 AM,4518.3,0,0.0,211797681.99999994
2025-08-01 09:21:40 AM,4518.3,1005,4540891.5,216338573.49999994
2025-08-01 09:21:41 AM,4514.8,450,2031660.0,218370233.49999994
2025-08-01 09:21:41 AM,4515.9,0,0.0,218370233.49999994
2025-08-01 09:21:42 AM,4515.9,74,334176.6,218704410.09999993
2025-08-01 09:21:44 AM,4517.0,1,4517.0,218708927.09999993
2025-08-01 09:21:45 AM,4516.7,6,27100.199999999997,218736027.29999992
2025-08-01 09:21:46 AM,4514.2,65,293423.0,219029450.29999992
2025-08-01 09:21:47 AM,4517.3,100,451730.0,219481180.29999992
2025-08-01 09:21:47 AM,4512.6,0,0.0,219481180.29999992
2025-08-01 09:21:48 AM,4512.8,438,1976606.4000000001,221457786.69999993
2025-08-01 09:21:48 AM,4511.0,0,0.0,221457786.69999993
2025-08-01 09:21:49 AM,4511.0,50,225550.0,221683336.69999993
2025-08-01 09:21:50 AM,4512.7,10,45127.0,221728463.69999993
2025-08-01 09:21:53 AM,4513.8,0,0.0,221728463.69999993
2025-08-01 09:21:53 AM,4513.8,5,22569.0,221751032.69999993
2025-08-01 09:21:56 AM,4513.8,7,31596.600000000002,221782629.29999992
2025-08-01 09:21:56 AM,4515.4,0,0.0,221782629.29999992
2025-08-01 09:21:57 AM,4515.4,2,9030.8,221791660.09999993
2025-08-01 09:21:58 AM,4515.4,29,130946.59999999999,221922606.69999993
2025-08-01 09:22:00 AM,4517.2,1,4517.2,221927123.89999992
2025-08-01 09:22:03 AM,4517.2,2,9034.4,221936158.29999992
2025-08-01 09:22:03 AM,4518.1,0,0.0,221936158.29999992
2025-08-01 09:22:03 AM,4516.3,0,0.0,221936158.29999992
2025-08-01 09:22:04 AM,4516.3,69,311624.7,222247782.9999999
2025-08-01 09:22:04 AM,4516.5,0,0.0,222247782.9999999
2025-08-01 09:22:05 AM,4516.5,8,36132.0,222283914.9999999
2025-08-01 09:22:05 AM,4517.2,0,0.0,222283914.9999999
2025-08-01 09:22:06 AM,4517.2,20,90344.0,222374258.9999999
2025-08-01 09:22:07 AM,4518.1,503,2272604.3000000003,224646863.29999992
2025-08-01 09:22:08 AM,4516.4,0,0.0,224646863.29999992
2025-08-01 09:22:09 AM,4517.2,30,135516.0,224782379.29999992
2025-08-01 09:22:09 AM,4516.4,41,185172.4,224967551.69999993
2025-08-01 09:22:10 AM,4517.0,3,13551.0,224981102.69999993
2025-08-01 09:22:11 AM,4515.6,35,158046.0,225139148.69999993
2025-08-01 09:22:12 AM,4515.4,2,9030.8,225148179.49999994
2025-08-01 09:22:12 AM,4515.8,0,0.0,225148179.49999994
2025-08-01 09:22:12 AM,4515.8,100,451580.0,225599759.49999994
2025-08-01 09:22:13 AM,4515.6,0,0.0,225599759.49999994
2025-08-01 09:22:14 AM,4515.6,15,67734.0,225667493.49999994
2025-08-01 09:22:14 AM,4515.4,10,45154.0,225712647.49999994
2025-08-01 09:22:14 AM,4513.8,0,0.0,225712647.49999994
2025-08-01 09:22:15 AM,4515.4,57,257377.8,225970025.29999995
2025-08-01 09:22:15 AM,4515.9,0,0.0,225970025.29999995
2025-08-01 09:22:16 AM,4515.9,5,22579.5,225992604.79999995
2025-08-01 09:22:16 AM,4515.8,0,0.0,225992604.79999995
2025-08-01 09:22:17 AM,4515.8,10,45158.0,226037762.79999995
2025-08-01 09:22:18 AM,4515.0,0,0.0,226037762.79999995
2025-08-01 09:22:19 AM,4515.0,10,45150.0,226082912.79999995
2025-08-01 09:22:20 AM,4515.0,30,135450.0,226218362.79999995
2025-08-01 09:22:21 AM,4515.0,10,45150.0,226263512.79999995
2025-08-01 09:22:21 AM,4513.6,33,148948.80000000002,226412461.59999996
2025-08-01 09:22:22 AM,4512.4,58,261719.19999999998,226674180.79999995
2025-08-01 09:22:22 AM,4512.2,0,0.0,226674180.79999995
2025-08-01 09:22:22 AM,4512.2,5,22561.0,226696741.79999995
2025-08-01 09:22:23 AM,4510.0,0,0.0,226696741.79999995
2025-08-01 09:22:23 AM,4510.0,1250,5637500.0,232334241.79999995
2025-08-01 09:22:24 AM,4510.6,0,0.0,232334241.79999995
2025-08-01 09:22:25 AM,4510.6,10,45106.0,232379347.79999995
2025-08-01 09:22:25 AM,4509.0,0,0.0,232379347.79999995
2025-08-01 09:22:26 AM,4509.0,193,870237.0,233249584.79999995
2025-08-01 09:22:28 AM,4507.1,89,401131.9,233650716.69999996
2025-08-01 09:22:28 AM,4508.0,0,0.0,233650716.69999996
2025-08-01 09:22:29 AM,4508.0,30,135240.0,233785956.69999996
2025-08-01 09:22:31 AM,4509.2,0,0.0,233785956.69999996
2025-08-01 09:22:32 AM,4509.2,1,4509.2,233790465.89999995
2025-08-01 09:22:32 AM,4507.1,0,0.0,233790465.89999995
2025-08-01 09:22:33 AM,4507.1,45,202819.50000000003,233993285.39999995
2025-08-01 09:22:33 AM,4507.1,110,495781.00000000006,234489066.39999995
2025-08-01 09:22:33 AM,4509.3,0,0.0,234489066.39999995
2025-08-01 09:22:34 AM,4507.9,151,680692.8999999999,235169759.29999995
2025-08-01 09:22:35 AM,4508.1,62,279502.2,235449261.49999994
2025-08-01 09:22:35 AM,4510.2,0,0.0,235449261.49999994
2025-08-01 09:22:35 AM,4510.2,51,230020.19999999998,235679281.69999993
2025-08-01 09:22:36 AM,4508.6,120,541032.0,236220313.69999993
2025-08-01 09:22:37 AM,4510.6,0,0.0,236220313.69999993
2025-08-01 09:22:38 AM,4510.6,150,676590.0,236896903.69999993
2025-08-01 09:22:39 AM,4509.0,0,0.0,236896903.69999993
2025-08-01 09:22:40 AM,4509.0,2,9018.0,236905921.69999993
2025-08-01 09:22:40 AM,4507.7,0,0.0,236905921.69999993
2025-08-01 09:22:41 AM,4507.7,1,4507.7,236910429.39999992
2025-08-01 09:22:41 AM,4509.6,0,0.0,236910429.39999992
2025-08-01 09:22:42 AM,4509.6,10,45096.0,236955525.39999992
2025-08-01 09:22:45 AM,4507.9,668,3011277.1999999997,239966802.5999999
2025-08-01 09:22:46 AM,4510.1,0,0.0,239966802.5999999
2025-08-01 09:22:47 AM,4510.1,1,4510.1,239971312.6999999
2025-08-01 09:22:48 AM,4510.8,15,67662.0,240038974.6999999
2025-08-01 09:22:48 AM,4509.6,0,0.0,240038974.6999999
2025-08-01 09:22:48 AM,4509.6,1,4509.6,240043484.2999999
2025-08-01 09:22:50 AM,4511.3,9,40601.700000000004,240084085.99999988
2025-08-01 09:22:53 AM,4512.4,2,9024.8,240093110.7999999
2025-08-01 09:22:56 AM,4511.9,0,0.0,240093110.7999999
2025-08-01 09:22:57 AM,4511.9,2,9023.8,240102134.5999999
2025-08-01 09:22:58 AM,4511.0,0,0.0,240102134.5999999
2025-08-01 09:22:58 AM,4511.0,16,72176.0,240174310.5999999
2025-08-01 09:22:59 AM,4511.3,0,0.0,240174310.5999999
2025-08-01 09:22:59 AM,4511.3,1,4511.3,240178821.89999992
2025-08-01 09:23:00 AM,4511.0,25,112775.0,240291596.89999992
2025-08-01 09:23:01 AM,4511.5,1,4511.5,240296108.39999992
2025-08-01 09:23:02 AM,4512.0,1,4512.0,240300620.39999992
2025-08-01 09:23:03 AM,4511.6,2,9023.2,240309643.5999999
2025-08-01 09:23:04 AM,4511.9,24,108285.59999999999,240417929.1999999
2025-08-01 09:23:05 AM,4511.0,5,22555.0,240440484.1999999
2025-08-01 09:23:06 AM,4511.4,1,4511.4,240444995.5999999
2025-08-01 09:23:07 AM,4511.5,0,0.0,240444995.5999999
2025-08-01 09:23:08 AM,4511.5,3,13534.5,240458530.0999999
2025-08-01 09:23:09 AM,4511.9,30,135357.0,240593887.0999999
2025-08-01 09:23:10 AM,4512.1,1,4512.1,240598399.1999999
2025-08-01 09:23:13 AM,4512.0,8,36096.0,240634495.1999999
2025-08-01 09:23:14 AM,4511.6,5,22558.0,240657053.1999999
2025-08-01 09:23:14 AM,4511.3,29,130827.70000000001,240787880.8999999
2025-08-01 09:23:15 AM,4511.1,10,45111.0,240832991.8999999
2025-08-01 09:23:16 AM,4511.6,50,225580.00000000003,241058571.8999999
2025-08-01 09:23:17 AM,4511.4,3,13534.199999999999,241072106.09999987
2025-08-01 09:23:18 AM,4510.0,0,0.0,241072106.09999987
2025-08-01 09:23:19 AM,4510.0,11,49610.0,241121716.09999987
2025-08-01 09:23:20 AM,4509.2,200,901840.0,242023556.09999987
2025-08-01 09:23:21 AM,4509.2,86,387791.2,242411347.29999986
2025-08-01 09:23:22 AM,4509.0,0,0.0,242411347.29999986
2025-08-01 09:23:23 AM,4509.3,46,207427.80000000002,242618775.09999987
2025-08-01 09:23:23 AM,4508.9,0,0.0,242618775.09999987
2025-08-01 09:23:24 AM,4508.7,42,189365.4,242808140.49999988
2025-08-01 09:23:25 AM,4508.6,0,0.0,242808140.49999988
2025-08-01 09:23:26 AM,4508.6,12,54103.200000000004,242862243.69999987
2025-08-01 09:23:26 AM,4507.1,0,0.0,242862243.69999987
2025-08-01 09:23:27 AM,4507.0,649,2925043.0,245787286.69999987
2025-08-01 09:23:27 AM,4507.3,0,0.0,245787286.69999987
2025-08-01 09:23:28 AM,4507.8,277,1248660.6,247035947.29999986
2025-08-01 09:23:29 AM,4507.0,10,45070.0,247081017.29999986
2025-08-01 09:23:29 AM,4507.8,0,0.0,247081017.29999986
2025-08-01 09:23:30 AM,4507.8,1,4507.8,247085525.09999987
2025-08-01 09:23:31 AM,4507.8,1,4507.8,247090032.8999999
2025-08-01 09:23:31 AM,4507.0,0,0.0,247090032.8999999
2025-08-01 09:23:32 AM,4507.0,5,22535.0,247112567.8999999
2025-08-01 09:23:33 AM,4507.8,1,4507.8,247117075.6999999
2025-08-01 09:23:34 AM,4507.8,5,22539.0,247139614.6999999
2025-08-01 09:23:35 AM,4507.8,10,45078.0,247184692.6999999
2025-08-01 09:23:37 AM,4507.8,1,4507.8,247189200.4999999
2025-08-01 09:23:38 AM,4507.8,29,130726.20000000001,247319926.6999999
2025-08-01 09:23:38 AM,4506.1,0,0.0,247319926.6999999
2025-08-01 09:23:39 AM,4506.1,1002,4515112.2,251835038.8999999
2025-08-01 09:23:40 AM,4507.8,5,22539.0,251857577.8999999
2025-08-01 09:23:41 AM,4507.0,0,0.0,251857577.8999999
2025-08-01 09:23:42 AM,4507.0,50,225350.0,252082927.8999999
2025-08-01 09:23:42 AM,4507.8,1,4507.8,252087435.6999999
2025-08-01 09:23:43 AM,4507.0,19,85633.0,252173068.6999999
2025-08-01 09:23:44 AM,4507.0,1,4507.0,252177575.6999999
2025-08-01 09:23:44 AM,4507.8,1,4507.8,252182083.4999999
2025-08-01 09:23:44 AM,4508.7,0,0.0,252182083.4999999
2025-08-01 09:23:45 AM,4508.7,94,423817.8,252605901.29999992
2025-08-01 09:23:46 AM,4509.5,50,225475.0,252831376.29999992
2025-08-01 09:23:47 AM,4509.4,155,698957.0,253530333.29999992
2025-08-01 09:23:48 AM,4509.9,10,45099.0,253575432.29999992
2025-08-01 09:23:48 AM,4509.3,0,0.0,253575432.29999992
2025-08-01 09:23:49 AM,4509.3,1,4509.3,253579941.59999993
2025-08-01 09:23:49 AM,4508.0,25,112700.0,253692641.59999993
2025-08-01 09:23:50 AM,4508.0,1,4508.0,253697149.59999993
2025-08-01 09:23:52 AM,4508.0,6,27048.0,253724197.59999993
2025-08-01 09:23:53 AM,4508.0,1,4508.0,253728705.59999993
2025-08-01 09:23:54 AM,4508.0,1,4508.0,253733213.59999993
2025-08-01 09:23:54 AM,4507.5,4,18030.0,253751243.59999993
2025-08-01 09:23:58 AM,4507.1,0,0.0,253751243.59999993
2025-08-01 09:23:59 AM,4507.1,70,315497.0,254066740.59999993
2025-08-01 09:24:00 AM,4508.0,3,13524.0,254080264.59999993
2025-08-01 09:24:03 AM,4507.0,34,153238.0,254233502.59999993
2025-08-01 09:24:03 AM,4507.1,0,0.0,254233502.59999993
2025-08-01 09:24:04 AM,4507.1,2,9014.2,254242516.79999992
2025-08-01 09:24:04 AM,4507.1,5,22535.5,254265052.29999992
2025-08-01 09:24:06 AM,4507.0,533,2402231.0,256667283.29999992
2025-08-01 09:24:07 AM,4506.8,2,9013.6,256676296.89999992
2025-08-01 09:24:08 AM,4505.0,274,1234370.0,257910666.89999992
2025-08-01 09:24:08 AM,4505.0,100,450500.0,258361166.89999992
2025-08-01 09:24:09 AM,4505.0,139,626195.0,258987361.89999992
2025-08-01 09:24:09 AM,4507.7,57,256938.9,259244300.79999992
2025-08-01 09:24:10 AM,4505.6,16,72089.6,259316390.39999992
2025-08-01 09:24:11 AM,4505.6,3,13516.800000000001,259329907.19999993
2025-08-01 09:24:12 AM,4505.0,101,455005.0,259784912.19999993
2025-08-01 09:24:12 AM,4504.6,0,0.0,259784912.19999993
2025-08-01 09:24:13 AM,4504.3,23,103598.90000000001,259888511.09999993
2025-08-01 09:24:14 AM,4504.7,0,0.0,259888511.09999993
2025-08-01 09:24:14 AM,4504.7,32,144150.4,260032661.49999994
2025-08-01 09:24:15 AM,4505.0,0,0.0,260032661.49999994
2025-08-01 09:24:15 AM,4505.0,26,117130.0,260149791.49999994
2025-08-01 09:24:16 AM,4505.0,10,45050.0,260194841.49999994
2025-08-01 09:24:17 AM,4504.6,2,9009.2,260203850.69999993
2025-08-01 09:24:17 AM,4505.0,0,0.0,260203850.69999993
2025-08-01 09:24:18 AM,4505.0,10,45050.0,260248900.69999993
2025-08-01 09:24:18 AM,4505.0,7,31535.0,260280435.69999993
2025-08-01 09:24:20 AM,4505.0,54,243270.0,260523705.69999993
2025-08-01 09:24:21 AM,4503.2,65,292708.0,260816413.69999993
2025-08-01 09:24:22 AM,4504.0,1,4504.0,260820917.69999993
2025-08-01 09:24:23 AM,4503.0,80,360240.0,261181157.69999993
2025-08-01 09:24:24 AM,4504.0,5,22520.0,261203677.69999993
2025-08-01 09:24:24 AM,4504.0,12,54048.0,261257725.69999993
2025-08-01 09:24:26 AM,4503.0,35,157605.0,261415330.69999993
2025-08-01 09:24:27 AM,4504.7,100,450470.0,261865800.69999993
2025-08-01 09:24:28 AM,4503.3,0,0.0,261865800.69999993
2025-08-01 09:24:29 AM,4503.2,13,58541.6,261924342.29999992
2025-08-01 09:24:30 AM,4503.0,13,58539.0,261982881.29999992
2025-08-01 09:24:30 AM,4504.2,0,0.0,261982881.29999992
2025-08-01 09:24:31 AM,4502.2,12,54026.399999999994,262036907.69999993
2025-08-01 09:24:32 AM,4504.2,0,0.0,262036907.69999993
2025-08-01 09:24:33 AM,4504.2,6,27025.199999999997,262063932.89999992
2025-08-01 09:24:33 AM,4503.0,7,31521.0,262095453.89999992
2025-08-01 09:24:40 AM,4503.3,3,13509.900000000001,262108963.79999992
2025-08-01 09:24:40 AM,4503.0,0,0.0,262108963.79999992
2025-08-01 09:24:41 AM,4503.0,25,112575.0,262221538.79999992
2025-08-01 09:24:41 AM,4504.0,0,0.0,262221538.79999992
2025-08-01 09:24:42 AM,4504.0,7,31528.0,262253066.79999992
2025-08-01 09:24:43 AM,4504.0,3,13512.0,262266578.79999992
2025-08-01 09:24:45 AM,4504.0,26,117104.0,262383682.79999992
2025-08-01 09:24:48 AM,4505.0,0,0.0,262383682.79999992
2025-08-01 09:24:49 AM,4505.0,52,234260.0,262617942.79999992
2025-08-01 09:24:50 AM,4505.0,5,22525.0,262640467.79999992
2025-08-01 09:24:53 AM,4505.0,20,90100.0,262730567.79999992
2025-08-01 09:24:53 AM,4504.1,4,18016.4,262748584.19999993
2025-08-01 09:24:54 AM,4504.0,0,0.0,262748584.19999993
2025-08-01 09:24:54 AM,4504.0,929,4184216.0,266932800.19999993
2025-08-01 09:24:55 AM,4504.0,103,463912.0,267396712.19999993
2025-08-01 09:24:56 AM,4504.0,35,157640.0,267554352.19999993
2025-08-01 09:24:59 AM,4502.5,61,274652.5,267829004.69999993
2025-08-01 09:24:59 AM,4503.4,10,45034.0,267874038.69999993
2025-08-01 09:24:59 AM,4503.7,0,0.0,267874038.69999993
2025-08-01 09:25:00 AM,4503.7,52,234192.4,268108231.09999993
2025-08-01 09:25:00 AM,4502.2,0,0.0,268108231.09999993
2025-08-01 09:25:01 AM,4502.2,4,18008.8,268126239.89999995
2025-08-01 09:25:01 AM,4503.4,0,0.0,268126239.89999995
2025-08-01 09:25:01 AM,4503.4,10,45034.0,268171273.89999995
2025-08-01 09:25:02 AM,4503.0,2,9006.0,268180279.89999995
2025-08-01 09:25:03 AM,4503.4,1,4503.4,268184783.29999995
2025-08-01 09:25:03 AM,4503.0,0,0.0,268184783.29999995
2025-08-01 09:25:04 AM,4503.0,18,81054.0,268265837.29999995
2025-08-01 09:25:04 AM,4503.2,0,0.0,268265837.29999995
2025-08-01 09:25:05 AM,4503.2,1,4503.2,268270340.49999994
2025-08-01 09:25:05 AM,4501.8,0,0.0,268270340.49999994
2025-08-01 09:25:05 AM,4502.3,0,0.0,268270340.49999994
2025-08-01 09:25:06 AM,4502.3,947,4263678.100000001,272534018.59999996
2025-08-01 09:25:07 AM,4502.0,0,0.0,272534018.59999996
2025-08-01 09:25:08 AM,4502.0,1,4502.0,272538520.59999996
2025-08-01 09:25:08 AM,4501.7,10,45017.0,272583537.59999996
2025-08-01 09:25:08 AM,4502.0,0,0.0,272583537.59999996
2025-08-01 09:25:09 AM,4502.0,2,9004.0,272592541.59999996
2025-08-01 09:25:09 AM,4501.0,0,0.0,272592541.59999996
2025-08-01 09:25:10 AM,4501.0,222,999222.0,273591763.59999996
2025-08-01 09:25:10 AM,4501.2,990,4456188.0,278047951.59999996
2025-08-01 09:25:10 AM,4500.3,0,0.0,278047951.59999996
2025-08-01 09:25:11 AM,4500.3,10,45003.0,278092954.59999996
2025-08-01 09:25:11 AM,4501.2,0,0.0,278092954.59999996
2025-08-01 09:25:12 AM,4501.2,2,9002.4,278101956.99999994
2025-08-01 09:25:12 AM,4500.1,0,0.0,278101956.99999994
2025-08-01 09:25:12 AM,4500.1,26,117002.6,278218959.59999996
2025-08-01 09:25:13 AM,4501.5,0,0.0,278218959.59999996
2025-08-01 09:25:14 AM,4500.0,2236,10062000.0,288280959.59999996
2025-08-01 09:25:14 AM,4502.3,0,0.0,288280959.59999996
2025-08-01 09:25:15 AM,4502.3,275,1238132.5,289519092.09999996
2025-08-01 09:25:15 AM,4504.2,0,0.0,289519092.09999996
2025-08-01 09:25:16 AM,4504.2,45,202689.0,289721781.09999996
2025-08-01 09:25:16 AM,4502.3,0,0.0,289721781.09999996
2025-08-01 09:25:17 AM,4502.3,145,652833.5,290374614.59999996
2025-08-01 09:25:18 AM,4505.0,0,0.0,290374614.59999996
2025-08-01 09:25:18 AM,4504.1,0,0.0,290374614.59999996
2025-08-01 09:25:19 AM,4504.1,171,770201.1000000001,291144815.7
2025-08-01 09:25:20 AM,4505.0,6,27030.0,291171845.7
2025-08-01 09:25:21 AM,4503.3,17,76556.1,291248401.8
2025-08-01 09:25:22 AM,4504.4,1,4504.4,291252906.2
2025-08-01 09:25:23 AM,4504.7,1,4504.7,291257410.9
2025-08-01 09:25:23 AM,4505.0,0,0.0,291257410.9
2025-08-01 09:25:24 AM,4505.0,681,3067905.0,294325315.9
2025-08-01 09:25:29 AM,4505.0,144,648720.0,294974035.9
2025-08-01 09:25:29 AM,4504.5,0,0.0,294974035.9
2025-08-01 09:25:30 AM,4504.5,21,94594.5,295068630.4
2025-08-01 09:25:30 AM,4506.0,0,0.0,295068630.4
2025-08-01 09:25:31 AM,4506.0,76,342456.0,295411086.4
2025-08-01 09:25:32 AM,4506.0,8,36048.0,295447134.4
2025-08-01 09:25:32 AM,4508.0,357,1609356.0,297056490.4
2025-08-01 09:25:32 AM,4507.7,0,0.0,297056490.4
2025-08-01 09:25:33 AM,4507.7,2,9015.4,297065505.79999995
2025-08-01 09:25:36 AM,4508.0,5,22540.0,297088045.79999995
2025-08-01 09:25:38 AM,4507.2,5,22536.0,297110581.79999995
2025-08-01 09:25:39 AM,4508.0,0,0.0,297110581.79999995
2025-08-01 09:25:40 AM,4508.0,1,4508.0,297115089.79999995
2025-08-01 09:25:41 AM,4508.0,54,243432.0,297358521.79999995
2025-08-01 09:25:46 AM,4508.0,1,4508.0,297363029.79999995
2025-08-01 09:25:46 AM,4508.0,26,117208.0,297480237.79999995
2025-08-01 09:25:47 AM,4507.7,2,9015.4,297489253.1999999
2025-08-01 09:25:47 AM,4508.0,0,0.0,297489253.1999999
2025-08-01 09:25:48 AM,4508.0,5,22540.0,297511793.1999999
2025-08-01 09:25:48 AM,4508.0,15,67620.0,297579413.1999999
2025-08-01 09:25:48 AM,4506.9,0,0.0,297579413.1999999
2025-08-01 09:25:49 AM,4506.9,5,22534.5,297601947.6999999
2025-08-01 09:25:49 AM,4507.7,53,238908.09999999998,297840855.79999995
2025-08-01 09:25:49 AM,4508.0,0,0.0,297840855.79999995
2025-08-01 09:25:50 AM,4508.0,29,130732.0,297971587.79999995
2025-08-01 09:25:50 AM,4507.3,0,0.0,297971587.79999995
2025-08-01 09:25:50 AM,4507.3,86,387627.8,298359215.59999996
2025-08-01 09:25:51 AM,4507.5,25,112687.5,298471903.09999996
2025-08-01 09:25:52 AM,4506.9,0,0.0,298471903.09999996
2025-08-01 09:25:52 AM,4506.9,1,4506.9,298476409.99999994
2025-08-01 09:25:55 AM,4507.3,0,0.0,298476409.99999994
2025-08-01 09:25:55 AM,4507.3,13,58594.9,298535004.8999999
2025-08-01 09:25:56 AM,4505.1,0,0.0,298535004.8999999
2025-08-01 09:25:56 AM,4505.1,170,765867.0000000001,299300871.8999999
2025-08-01 09:25:57 AM,4506.8,12,54081.600000000006,299354953.49999994
2025-08-01 09:25:58 AM,4506.2,0,0.0,299354953.49999994
2025-08-01 09:25:58 AM,4506.2,9,40555.799999999996,299395509.29999995
2025-08-01 09:25:58 AM,4505.1,0,0.0,299395509.29999995
2025-08-01 09:25:59 AM,4505.1,2,9010.2,299404519.49999994
2025-08-01 09:25:59 AM,4506.2,0,0.0,299404519.49999994
2025-08-01 09:25:59 AM,4506.2,40,180248.0,299584767.49999994
2025-08-01 09:26:00 AM,4505.0,7,31535.0,299616302.49999994
2025-08-01 09:26:01 AM,4506.0,10,45060.0,299661362.49999994
2025-08-01 09:26:03 AM,4505.9,0,0.0,299661362.49999994
2025-08-01 09:26:03 AM,4505.9,4,18023.6,299679386.09999996
2025-08-01 09:26:04 AM,4505.9,51,229800.9,299909186.99999994
2025-08-01 09:26:05 AM,4506.7,28,126187.59999999999,300035374.59999996
2025-08-01 09:26:09 AM,4507.0,130,585910.0,300621284.59999996
2025-08-01 09:26:10 AM,4506.9,1,4506.9,300625791.49999994
2025-08-01 09:26:11 AM,4503.9,500,2251950.0,302877741.49999994
2025-08-01 09:26:13 AM,4503.1,500,2251550.0,305129291.49999994
2025-08-01 09:26:14 AM,4505.1,26,117132.6,305246424.09999996
2025-08-01 09:26:15 AM,4505.1,3,13515.300000000001,305259939.4
2025-08-01 09:26:15 AM,4505.0,80,360400.0,305620339.4
2025-08-01 09:26:16 AM,4504.1,501,2256554.1,307876893.5
2025-08-01 09:26:16 AM,4504.1,24,108098.40000000001,307984991.9
2025-08-01 09:26:17 AM,4503.6,20,90072.0,308075063.9
2025-08-01 09:26:18 AM,4503.1,329,1481519.9000000001,309556583.79999995
2025-08-01 09:26:19 AM,4500.9,67,301560.3,309858144.09999996
2025-08-01 09:26:19 AM,4501.8,0,0.0,309858144.09999996
2025-08-01 09:26:20 AM,4501.8,1,4501.8,309862645.9
2025-08-01 09:26:22 AM,4501.0,11,49511.0,309912156.9
2025-08-01 09:26:22 AM,4501.8,7,31512.600000000002,309943669.5
2025-08-01 09:26:25 AM,4501.8,3,13505.400000000001,309957174.9
2025-08-01 09:26:25 AM,4502.5,81,364702.5,310321877.4
2025-08-01 09:26:26 AM,4500.8,5,22504.0,310344381.4
2025-08-01 09:26:26 AM,4500.1,100,450010.00000000006,310794391.4
2025-08-01 09:26:28 AM,4501.6,5,22508.0,310816899.4
2025-08-01 09:26:28 AM,4501.3,0,0.0,310816899.4
2025-08-01 09:26:29 AM,4501.3,156,702202.8,311519102.2
2025-08-01 09:26:29 AM,4503.2,1,4503.2,311523605.4
2025-08-01 09:26:33 AM,4503.2,1,4503.2,311528108.59999996
2025-08-01 09:26:33 AM,4503.4,16,72054.4,311600162.99999994
2025-08-01 09:26:34 AM,4503.4,22,99074.79999999999,311699237.79999995
2025-08-01 09:26:34 AM,4502.5,10,45025.0,311744262.79999995
2025-08-01 09:26:35 AM,4503.4,135,607959.0,312352221.79999995
2025-08-01 09:26:36 AM,4503.4,10,45034.0,312397255.79999995
2025-08-01 09:26:36 AM,4503.2,0,0.0,312397255.79999995
2025-08-01 09:26:37 AM,4503.2,5,22516.0,312419771.79999995
2025-08-01 09:26:39 AM,4502.8,50,225140.0,312644911.79999995
2025-08-01 09:26:41 AM,4503.2,0,0.0,312644911.79999995
2025-08-01 09:26:41 AM,4503.2,300,1350960.0,313995871.79999995
2025-08-01 09:26:43 AM,4504.7,0,0.0,313995871.79999995
2025-08-01 09:26:43 AM,4504.7,2,9009.4,314004881.1999999
2025-08-01 09:26:46 AM,4504.8,1,4504.8,314009385.99999994
2025-08-01 09:26:47 AM,4505.6,10,45056.0,314054441.99999994
2025-08-01 09:26:47 AM,4505.8,0,0.0,314054441.99999994
2025-08-01 09:26:48 AM,4506.0,120,540720.0,314595161.99999994
2025-08-01 09:26:48 AM,4506.0,5,22530.0,314617691.99999994
2025-08-01 09:26:50 AM,4506.9,232,1045600.7999999999,315663292.79999995
2025-08-01 09:26:52 AM,4507.7,2,9015.4,315672308.1999999
2025-08-01 09:26:52 AM,4507.8,25,112695.0,315785003.1999999
2025-08-01 09:26:54 AM,4507.6,0,0.0,315785003.1999999
2025-08-01 09:26:55 AM,4507.6,3,13522.800000000001,315798525.99999994
2025-08-01 09:26:55 AM,4507.6,5,22538.0,315821063.99999994
2025-08-01 09:26:55 AM,4505.6,0,0.0,315821063.99999994
2025-08-01 09:26:56 AM,4507.7,152,685170.4,316506234.3999999
2025-08-01 09:26:56 AM,4507.8,5,22539.0,316528773.3999999
2025-08-01 09:27:00 AM,4506.8,40,180272.0,316709045.3999999
2025-08-01 09:27:00 AM,4506.6,0,0.0,316709045.3999999
2025-08-01 09:27:01 AM,4506.6,10,45066.0,316754111.3999999
2025-08-01 09:27:02 AM,4507.8,24,108187.20000000001,316862298.5999999
2025-08-01 09:27:03 AM,4507.6,35,157766.0,317020064.5999999
2025-08-01 09:27:04 AM,4509.1,310,1397821.0,318417885.5999999
2025-08-01 09:27:05 AM,4508.4,0,0.0,318417885.5999999
2025-08-01 09:27:05 AM,4508.4,15,67626.0,318485511.5999999
2025-08-01 09:27:07 AM,4507.4,21,94655.4,318580166.9999999
2025-08-01 09:27:09 AM,4507.6,2,9015.2,318589182.19999987
2025-08-01 09:27:09 AM,4506.3,0,0.0,318589182.19999987
2025-08-01 09:27:09 AM,4506.3,15,67594.5,318656776.69999987
2025-08-01 09:27:12 AM,4507.2,15,67608.0,318724384.69999987
2025-08-01 09:27:13 AM,4506.3,9,40556.700000000004,318764941.39999986
2025-08-01 09:27:17 AM,4507.0,5,22535.0,318787476.39999986
2025-08-01 09:27:19 AM,4507.0,10,45070.0,318832546.39999986
2025-08-01 09:27:22 AM,4506.1,49,220798.90000000002,319053345.29999983
2025-08-01 09:27:22 AM,4505.0,0,0.0,319053345.29999983
2025-08-01 09:27:22 AM,4505.0,4,18020.0,319071365.29999983
2025-08-01 09:27:24 AM,4505.8,9,40552.200000000004,319111917.4999998
2025-08-01 09:27:25 AM,4505.7,10,45057.0,319156974.4999998
2025-08-01 09:27:27 AM,4505.4,1,4505.4,319161479.8999998
2025-08-01 09:27:27 AM,4505.9,0,0.0,319161479.8999998
2025-08-01 09:27:27 AM,4504.5,0,0.0,319161479.8999998
2025-08-01 09:27:28 AM,4505.7,72,324410.39999999997,319485890.2999998
2025-08-01 09:27:30 AM,4504.5,31,139639.5,319625529.7999998
2025-08-01 09:27:31 AM,4504.5,1,4504.5,319630034.2999998
2025-08-01 09:27:32 AM,4503.4,40,180136.0,319810170.2999998
2025-08-01 09:27:34 AM,4503.4,2,9006.8,319819177.0999998
2025-08-01 09:27:34 AM,4505.3,50,225265.0,320044442.0999998
2025-08-01 09:27:35 AM,4505.1,19,85596.90000000001,320130038.99999976
2025-08-01 09:27:37 AM,4503.4,12,54040.799999999996,320184079.7999998
2025-08-01 09:27:39 AM,4503.4,4,18013.6,320202093.3999998
2025-08-01 09:27:40 AM,4505.0,361,1626305.0,321828398.3999998
2025-08-01 09:27:41 AM,4505.1,5,22525.5,321850923.8999998
2025-08-01 09:27:41 AM,4505.4,1,4505.4,321855429.2999998
2025-08-01 09:27:44 AM,4505.0,150,675750.0,322531179.2999998
2025-08-01 09:27:46 AM,4504.5,1,4504.5,322535683.7999998
2025-08-01 09:27:47 AM,4504.0,1,4504.0,322540187.7999998
2025-08-01 09:27:47 AM,4502.7,0,0.0,322540187.7999998
2025-08-01 09:27:48 AM,4502.7,46,207124.19999999998,322747311.99999976
2025-08-01 09:27:49 AM,4503.1,29,130589.90000000001,322877901.89999974
2025-08-01 09:27:49 AM,4503.4,0,0.0,322877901.89999974
2025-08-01 09:27:50 AM,4503.5,6,27021.0,322904922.89999974
2025-08-01 09:27:51 AM,4501.6,142,639227.2000000001,323544150.0999997
2025-08-01 09:27:52 AM,4500.0,1145,5152500.0,328696650.0999997
2025-08-01 09:27:52 AM,4501.6,0,0.0,328696650.0999997
2025-08-01 09:27:53 AM,4501.6,50,225080.00000000003,328921730.0999997
2025-08-01 09:27:53 AM,4501.0,0,0.0,328921730.0999997
2025-08-01 09:27:54 AM,4501.0,51,229551.0,329151281.0999997
2025-08-01 09:27:54 AM,4500.7,0,0.0,329151281.0999997
2025-08-01 09:27:55 AM,4500.9,134,603120.6,329754401.69999975
2025-08-01 09:27:55 AM,4500.8,2,9001.6,329763403.2999998
2025-08-01 09:27:55 AM,4501.1,0,0.0,329763403.2999998
2025-08-01 09:27:56 AM,4501.1,1,4501.1,329767904.3999998
2025-08-01 09:27:56 AM,4501.8,0,0.0,329767904.3999998
2025-08-01 09:27:57 AM,4501.8,200,900360.0,330668264.3999998
2025-08-01 09:28:00 AM,4502.0,0,0.0,330668264.3999998
2025-08-01 09:28:01 AM,4502.0,80,360160.0,331028424.3999998
2025-08-01 09:28:02 AM,4501.8,0,0.0,331028424.3999998
2025-08-01 09:28:02 AM,4501.8,36,162064.80000000002,331190489.1999998
2025-08-01 09:28:05 AM,4501.8,8,36014.4,331226503.5999998
2025-08-01 09:28:06 AM,4501.8,10,45018.0,331271521.5999998
2025-08-01 09:28:06 AM,4501.8,77,346638.60000000003,331618160.1999998
2025-08-01 09:28:07 AM,4498.8,0,0.0,331618160.1999998
2025-08-01 09:28:07 AM,4498.8,2158,9708410.4,341326570.5999998
2025-08-01 09:28:08 AM,4499.0,17,76483.0,341403053.5999998
2025-08-01 09:28:09 AM,4499.0,1,4499.0,341407552.5999998
2025-08-01 09:28:09 AM,4500.0,14,63000.0,341470552.5999998
2025-08-01 09:28:10 AM,4498.4,0,0.0,341470552.5999998
2025-08-01 09:28:10 AM,4498.0,0,0.0,341470552.5999998
2025-08-01 09:28:11 AM,4499.0,45,202455.0,341673007.5999998
2025-08-01 09:28:11 AM,4499.1,10,44991.0,341717998.5999998
2025-08-01 09:28:12 AM,4497.7,180,809586.0,342527584.5999998
2025-08-01 09:28:12 AM,4497.3,100,449730.0,342977314.5999998
2025-08-01 09:28:12 AM,4499.5,0,0.0,342977314.5999998
2025-08-01 09:28:13 AM,4497.3,71,319308.3,343296622.8999998
2025-08-01 09:28:14 AM,4500.8,0,0.0,343296622.8999998
2025-08-01 09:28:14 AM,4500.8,20,90016.0,343386638.8999998
2025-08-01 09:28:15 AM,4500.6,10,45006.0,343431644.8999998
2025-08-01 09:28:16 AM,4498.4,3,13495.199999999999,343445140.0999998
2025-08-01 09:28:18 AM,4497.8,55,247379.0,343692519.0999998
2025-08-01 09:28:20 AM,4498.4,9,40485.6,343733004.6999998
2025-08-01 09:28:20 AM,4499.4,2,8998.8,343742003.4999998
2025-08-01 09:28:22 AM,4498.0,10,44980.0,343786983.4999998
2025-08-01 09:28:23 AM,4497.8,59,265370.2,344052353.6999998
2025-08-01 09:28:24 AM,4497.5,57,256357.5,344308711.1999998
2025-08-01 09:28:25 AM,4497.4,9,40476.6,344349187.79999983
2025-08-01 09:28:26 AM,4497.0,101,454197.0,344803384.79999983
2025-08-01 09:28:26 AM,4496.4,0,0.0,344803384.79999983
2025-08-01 09:28:26 AM,4496.4,27,121402.79999999999,344924787.59999985
2025-08-01 09:28:26 AM,4496.7,0,0.0,344924787.59999985
2025-08-01 09:28:27 AM,4496.5,12,53958.0,344978745.59999985
2025-08-01 09:28:27 AM,4495.1,0,0.0,344978745.59999985
2025-08-01 09:28:28 AM,4495.1,6,26970.600000000002,345005716.19999987
2025-08-01 09:28:28 AM,4495.0,1764,7929180.0,352934896.19999987
2025-08-01 09:28:29 AM,4492.1,127,570496.7000000001,353505392.89999986
2025-08-01 09:28:29 AM,4492.9,8,35943.2,353541336.09999985
2025-08-01 09:28:30 AM,4492.8,10,44928.0,353586264.09999985
2025-08-01 09:28:31 AM,4493.0,0,0.0,353586264.09999985
2025-08-01 09:28:31 AM,4493.6,9,40442.4,353626706.4999998
2025-08-01 09:28:31 AM,4493.0,0,0.0,353626706.4999998
2025-08-01 09:28:32 AM,4493.0,2,8986.0,353635692.4999998
2025-08-01 09:28:32 AM,4493.5,10,44935.0,353680627.4999998
2025-08-01 09:28:33 AM,4493.6,0,0.0,353680627.4999998
2025-08-01 09:28:33 AM,4493.6,4,17974.4,353698601.8999998
2025-08-01 09:28:33 AM,4493.9,2,8987.8,353707589.6999998
2025-08-01 09:28:33 AM,4491.5,0,0.0,353707589.6999998
2025-08-01 09:28:34 AM,4493.9,0,0.0,353707589.6999998
2025-08-01 09:28:34 AM,4494.4,280,1258432.0,354966021.6999998
2025-08-01 09:28:34 AM,4494.0,80,359520.0,355325541.6999998
2025-08-01 09:28:35 AM,4494.5,44,197758.0,355523299.6999998
2025-08-01 09:28:36 AM,4494.4,0,0.0,355523299.6999998
2025-08-01 09:28:36 AM,4495.0,152,683240.0,356206539.6999998
2025-08-01 09:28:37 AM,4494.8,10,44948.0,356251487.6999998
2025-08-01 09:28:38 AM,4494.7,10,44947.0,356296434.6999998
2025-08-01 09:28:38 AM,4494.0,0,0.0,356296434.6999998
2025-08-01 09:28:39 AM,4494.0,71,319074.0,356615508.6999998
2025-08-01 09:28:40 AM,4494.0,1,4494.0,356620002.6999998
2025-08-01 09:28:41 AM,4495.1,55,247230.50000000003,356867233.1999998
2025-08-01 09:28:41 AM,4495.1,30,134853.0,357002086.1999998
2025-08-01 09:28:41 AM,4488.1,0,0.0,357002086.1999998
2025-08-01 09:28:42 AM,4492.0,0,0.0,357002086.1999998
2025-08-01 09:28:42 AM,4493.5,3104,13947824.0,370949910.1999998
2025-08-01 09:28:42 AM,4492.7,3,13478.099999999999,370963388.29999983
2025-08-01 09:28:43 AM,4492.0,48,215616.0,371179004.29999983
2025-08-01 09:28:44 AM,4492.0,62,278504.0,371457508.29999983
2025-08-01 09:28:45 AM,4493.0,3,13479.0,371470987.29999983
2025-08-01 09:28:46 AM,4492.0,6,26952.0,371497939.29999983
2025-08-01 09:28:47 AM,4492.1,514,2308939.4000000004,373806878.6999998
2025-08-01 09:28:47 AM,4493.7,0,0.0,373806878.6999998
2025-08-01 09:28:48 AM,4494.0,20,89880.0,373896758.6999998
2025-08-01 09:28:49 AM,4492.5,0,0.0,373896758.6999998
2025-08-01 09:28:49 AM,4492.0,456,2048352.0,375945110.6999998
2025-08-01 09:28:51 AM,4491.9,0,0.0,375945110.6999998
2025-08-01 09:28:51 AM,4491.9,140,628866.0,376573976.6999998
2025-08-01 09:28:52 AM,4491.9,1,4491.9,376578468.5999998
2025-08-01 09:28:53 AM,4491.9,4,17967.6,376596436.1999998
2025-08-01 09:28:54 AM,4490.3,0,0.0,376596436.1999998
2025-08-01 09:28:54 AM,4490.3,50,224515.0,376820951.1999998
2025-08-01 09:28:55 AM,4491.3,11,49404.3,376870355.4999998
2025-08-01 09:28:56 AM,4491.3,1,4491.3,376874846.79999983
2025-08-01 09:28:57 AM,4494.0,0,0.0,376874846.79999983
2025-08-01 09:28:57 AM,4494.0,1270,5707380.0,382582226.79999983
2025-08-01 09:28:58 AM,4494.5,100,449450.0,383031676.79999983
2025-08-01 09:28:58 AM,4495.0,0,0.0,383031676.79999983
2025-08-01 09:28:58 AM,4495.0,5,22475.0,383054151.79999983
2025-08-01 09:28:59 AM,4493.7,0,0.0,383054151.79999983
2025-08-01 09:29:00 AM,4493.7,17,76392.9,383130544.6999998
2025-08-01 09:29:00 AM,4495.0,0,0.0,383130544.6999998
2025-08-01 09:29:01 AM,4495.7,46,206802.19999999998,383337346.8999998
2025-08-01 09:29:01 AM,4493.7,0,0.0,383337346.8999998
2025-08-01 09:29:02 AM,4493.7,10,44937.0,383382283.8999998
2025-08-01 09:29:04 AM,4492.8,10,44928.0,383427211.8999998
2025-08-01 09:29:05 AM,4493.6,0,0.0,383427211.8999998
2025-08-01 09:29:05 AM,4493.7,3,13481.099999999999,383440692.9999998
2025-08-01 09:29:06 AM,4493.7,1,4493.7,383445186.6999998
2025-08-01 09:29:07 AM,4491.3,0,0.0,383445186.6999998
2025-08-01 09:29:07 AM,4491.3,87,390743.10000000003,383835929.79999983
2025-08-01 09:29:08 AM,4491.0,1,4491.0,383840420.79999983
2025-08-01 09:29:08 AM,4491.9,0,0.0,383840420.79999983
2025-08-01 09:29:09 AM,4491.9,41,184167.9,384024588.6999998
2025-08-01 09:29:09 AM,4490.2,0,0.0,384024588.6999998
2025-08-01 09:29:10 AM,4490.2,41,184098.19999999998,384208686.8999998
2025-08-01 09:29:10 AM,4491.5,0,0.0,384208686.8999998
2025-08-01 09:29:11 AM,4490.2,165,740883.0,384949569.8999998
2025-08-01 09:29:11 AM,4491.6,0,0.0,384949569.8999998
2025-08-01 09:29:12 AM,4491.6,10,44916.0,384994485.8999998
2025-08-01 09:29:13 AM,4491.3,2,8982.6,385003468.4999998
2025-08-01 09:29:15 AM,4492.1,200,898420.0000000001,385901888.4999998
2025-08-01 09:29:15 AM,4484.9,0,0.0,385901888.4999998
2025-08-01 09:29:16 AM,4487.4,0,0.0,385901888.4999998
2025-08-01 09:29:16 AM,4489.3,1470,6599271.0,392501159.4999998
2025-08-01 09:29:17 AM,4487.9,1,4487.9,392505647.3999998
2025-08-01 09:29:18 AM,4487.8,0,0.0,392505647.3999998
2025-08-01 09:29:18 AM,4485.3,108,484412.4,392990059.7999998
2025-08-01 09:29:19 AM,4487.9,90,403910.99999999994,393393970.7999998
2025-08-01 09:29:20 AM,4488.0,0,0.0,393393970.7999998
2025-08-01 09:29:20 AM,4488.0,113,507144.0,393901114.7999998
2025-08-01 09:29:21 AM,4486.6,0,0.0,393901114.7999998
2025-08-01 09:29:21 AM,4486.0,36,161496.0,394062610.7999998
2025-08-01 09:29:21 AM,4487.5,0,0.0,394062610.7999998
2025-08-01 09:29:22 AM,4486.0,77,345422.0,394408032.7999998
2025-08-01 09:29:23 AM,4486.0,81,363366.0,394771398.7999998
2025-08-01 09:29:24 AM,4487.3,0,0.0,394771398.7999998
2025-08-01 09:29:24 AM,4487.3,10,44873.0,394816271.7999998
2025-08-01 09:29:24 AM,4488.1,200,897620.0000000001,395713891.7999998
2025-08-01 09:29:24 AM,4486.1,0,0.0,395713891.7999998
2025-08-01 09:29:25 AM,4486.2,2,8972.4,395722864.19999975
2025-08-01 09:29:27 AM,4487.0,150,673050.0,396395914.19999975
2025-08-01 09:29:27 AM,4487.9,0,0.0,396395914.19999975
2025-08-01 09:29:28 AM,4490.2,16,71843.2,396467757.39999974
2025-08-01 09:29:29 AM,4487.5,0,0.0,396467757.39999974
2025-08-01 09:29:30 AM,4487.5,10,44875.0,396512632.39999974
2025-08-01 09:29:31 AM,4489.3,10,44893.0,396557525.39999974
2025-08-01 09:29:31 AM,4490.0,56,251440.0,396808965.39999974
2025-08-01 09:29:32 AM,4490.3,266,1194419.8,398003385.19999975
2025-08-01 09:29:33 AM,4492.7,6,26956.199999999997,398030341.39999974
2025-08-01 09:29:34 AM,4493.6,100,449360.00000000006,398479701.39999974
2025-08-01 09:29:38 AM,4490.6,5,22453.0,398502154.39999974
2025-08-01 09:29:38 AM,4490.0,0,0.0,398502154.39999974
2025-08-01 09:29:39 AM,4490.0,20,89800.0,398591954.39999974
2025-08-01 09:29:43 AM,4492.7,50,224635.0,398816589.39999974
2025-08-01 09:29:44 AM,4492.4,6,26954.399999999998,398843543.7999997
2025-08-01 09:29:45 AM,4492.3,0,0.0,398843543.7999997
2025-08-01 09:29:45 AM,4490.4,11,49394.399999999994,398892938.1999997
2025-08-01 09:29:45 AM,4492.2,0,0.0,398892938.1999997
2025-08-01 09:29:45 AM,4492.2,35,157227.0,399050165.1999997
2025-08-01 09:29:46 AM,4492.0,0,0.0,399050165.1999997
2025-08-01 09:29:46 AM,4492.0,2,8984.0,399059149.1999997
2025-08-01 09:29:48 AM,4492.1,3,13476.300000000001,399072625.4999997
2025-08-01 09:29:49 AM,4492.1,50,224605.00000000003,399297230.4999997
2025-08-01 09:29:50 AM,4492.4,0,0.0,399297230.4999997
2025-08-01 09:29:50 AM,4493.5,152,683012.0,399980242.4999997
2025-08-01 09:29:52 AM,4494.0,0,0.0,399980242.4999997
2025-08-01 09:29:52 AM,4494.0,6,26964.0,400007206.4999997
2025-08-01 09:29:52 AM,4494.0,114,512316.0,400519522.4999997
2025-08-01 09:29:52 AM,4494.5,0,0.0,400519522.4999997
2025-08-01 09:29:53 AM,4496.0,75,337200.0,400856722.4999997
2025-08-01 09:29:53 AM,4495.8,0,0.0,400856722.4999997
2025-08-01 09:29:54 AM,4495.8,6,26974.800000000003,400883697.2999997
2025-08-01 09:29:55 AM,4495.4,25,112384.99999999999,400996082.2999997
2025-08-01 09:29:56 AM,4496.8,2,8993.6,401005075.89999974
2025-08-01 09:29:56 AM,4496.7,0,0.0,401005075.89999974
2025-08-01 09:29:57 AM,4496.7,20,89934.0,401095009.89999974
2025-08-01 09:29:57 AM,4496.9,44,197863.59999999998,401292873.49999976
2025-08-01 09:29:59 AM,4496.8,1,4496.8,401297370.2999998
2025-08-01 09:29:59 AM,4496.9,0,0.0,401297370.2999998
2025-08-01 09:30:00 AM,4495.7,22,98905.4,401396275.69999975
2025-08-01 09:30:00 AM,4492.9,569,2556460.0999999996,403952735.7999998
2025-08-01 09:30:02 AM,4490.8,0,0.0,403952735.7999998
2025-08-01 09:30:02 AM,4490.8,57,255975.6,404208711.3999998
2025-08-01 09:30:03 AM,4492.7,0,0.0,404208711.3999998
2025-08-01 09:30:03 AM,4492.7,52,233620.4,404442331.7999998
2025-08-01 09:30:03 AM,4491.9,0,0.0,404442331.7999998
2025-08-01 09:30:04 AM,4490.8,138,619730.4,405062062.19999975
2025-08-01 09:30:06 AM,4490.5,14,62867.0,405124929.19999975
2025-08-01 09:30:06 AM,4490.1,10,44901.0,405169830.19999975
2025-08-01 09:30:07 AM,4490.8,2,8981.6,405178811.7999998
2025-08-01 09:30:07 AM,4490.1,0,0.0,405178811.7999998
2025-08-01 09:30:08 AM,4490.3,0,0.0,405178811.7999998
2025-08-01 09:30:08 AM,4490.4,197,884608.7999999999,406063420.5999998
2025-08-01 09:30:09 AM,4488.4,0,0.0,406063420.5999998
2025-08-01 09:30:09 AM,4489.6,159,713846.4,406777266.99999976
2025-08-01 09:30:10 AM,4490.2,100,449020.0,407226286.99999976
2025-08-01 09:30:11 AM,4490.2,5,22451.0,407248737.99999976
2025-08-01 09:30:12 AM,4490.2,5,22451.0,407271188.99999976
2025-08-01 09:30:12 AM,4490.0,0,0.0,407271188.99999976
2025-08-01 09:30:12 AM,4490.0,53,237970.0,407509158.99999976
2025-08-01 09:30:13 AM,4489.7,21,94283.7,407603442.69999975
2025-08-01 09:30:13 AM,4489.9,0,0.0,407603442.69999975
2025-08-01 09:30:14 AM,4489.9,15,67348.5,407670791.19999975
2025-08-01 09:30:14 AM,4490.0,0,0.0,407670791.19999975
2025-08-01 09:30:15 AM,4488.2,0,0.0,407670791.19999975
2025-08-01 09:30:15 AM,4488.2,158,709135.6,408379926.7999998
2025-08-01 09:30:16 AM,4490.8,59,264957.2,408644883.99999976
2025-08-01 09:30:16 AM,4489.0,0,0.0,408644883.99999976
2025-08-01 09:30:17 AM,4489.0,10,44890.0,408689773.99999976
2025-08-01 09:30:18 AM,4489.0,55,246895.0,408936668.99999976
2025-08-01 09:30:18 AM,4490.4,0,0.0,408936668.99999976
2025-08-01 09:30:19 AM,4490.0,34,152660.0,409089328.99999976
2025-08-01 09:30:20 AM,4490.0,2,8980.0,409098308.99999976
2025-08-01 09:30:20 AM,4490.0,2,8980.0,409107288.99999976
2025-08-01 09:30:21 AM,4489.8,18,80816.40000000001,409188105.39999974
2025-08-01 09:30:22 AM,4489.2,827,3712568.4,412900673.7999997
2025-08-01 09:30:23 AM,4490.0,0,0.0,412900673.7999997
2025-08-01 09:30:23 AM,4490.0,42,188580.0,413089253.7999997
2025-08-01 09:30:24 AM,4489.1,0,0.0,413089253.7999997
2025-08-01 09:30:25 AM,4489.1,2,8978.2,413098231.9999997
2025-08-01 09:30:25 AM,4489.0,50,224450.0,413322681.9999997
2025-08-01 09:30:25 AM,4488.0,0,0.0,413322681.9999997
2025-08-01 09:30:26 AM,4488.0,3,13464.0,413336145.9999997
2025-08-01 09:30:26 AM,4487.0,0,0.0,413336145.9999997
2025-08-01 09:30:27 AM,4487.5,5,22437.5,413358583.4999997
2025-08-01 09:30:27 AM,4487.0,0,0.0,413358583.4999997
2025-08-01 09:30:28 AM,4486.1,171,767123.1000000001,414125706.5999997
2025-08-01 09:30:28 AM,4486.7,0,0.0,414125706.5999997
2025-08-01 09:30:29 AM,4486.7,11,49353.7,414175060.2999997
2025-08-01 09:30:29 AM,4486.8,11,49354.8,414224415.0999997
2025-08-01 09:30:30 AM,4486.5,1,4486.5,414228901.5999997
2025-08-01 09:30:31 AM,4486.2,0,0.0,414228901.5999997
2025-08-01 09:30:31 AM,4486.5,43,192919.5,414421821.0999997
2025-08-01 09:30:31 AM,4486.5,26,116649.0,414538470.0999997
2025-08-01 09:30:32 AM,4485.3,0,0.0,414538470.0999997
2025-08-01 09:30:32 AM,4486.5,20,89730.0,414628200.0999997
2025-08-01 09:30:32 AM,4485.9,0,0.0,414628200.0999997
2025-08-01 09:30:32 AM,4485.9,16,71774.4,414699974.4999997
2025-08-01 09:30:33 AM,4486.5,3,13459.5,414713433.9999997
2025-08-01 09:30:33 AM,4486.0,0,0.0,414713433.9999997
2025-08-01 09:30:34 AM,4486.0,20,89720.0,414803153.9999997
2025-08-01 09:30:34 AM,4487.2,52,233334.4,415036488.3999997
2025-08-01 09:30:35 AM,4488.9,0,0.0,415036488.3999997
2025-08-01 09:30:35 AM,4488.9,1,4488.9,415040977.29999965
2025-08-01 09:30:35 AM,4487.4,27,121159.79999999999,415162137.09999967
2025-08-01 09:30:36 AM,4489.3,1,4489.3,415166626.3999997
2025-08-01 09:30:36 AM,4489.4,0,0.0,415166626.3999997
2025-08-01 09:30:36 AM,4489.4,1,4489.4,415171115.79999965
2025-08-01 09:30:37 AM,4489.8,0,0.0,415171115.79999965
2025-08-01 09:30:38 AM,4489.8,10,44898.0,415216013.79999965
2025-08-01 09:30:38 AM,4490.0,4,17960.0,415233973.79999965
2025-08-01 09:30:39 AM,4490.0,3,13470.0,415247443.79999965
2025-08-01 09:30:40 AM,4490.2,311,1396452.2,416643895.99999964
2025-08-01 09:30:40 AM,4491.9,0,0.0,416643895.99999964
2025-08-01 09:30:41 AM,4492.1,87,390812.7,417034708.69999963
2025-08-01 09:30:41 AM,4490.4,0,0.0,417034708.69999963
2025-08-01 09:30:42 AM,4490.4,25,112259.99999999999,417146968.69999963
2025-08-01 09:30:42 AM,4491.9,10,44919.0,417191887.69999963
2025-08-01 09:30:43 AM,4489.8,24,107755.20000000001,417299642.8999996
2025-08-01 09:30:44 AM,4489.9,30,134697.0,417434339.8999996
2025-08-01 09:30:45 AM,4487.8,0,0.0,417434339.8999996
2025-08-01 09:30:45 AM,4487.8,25,112195.0,417546534.8999996
2025-08-01 09:30:46 AM,4489.6,0,0.0,417546534.8999996
2025-08-01 09:30:46 AM,4489.6,62,278355.2,417824890.0999996
2025-08-01 09:30:47 AM,4489.6,1,4489.6,417829379.69999963
2025-08-01 09:30:47 AM,4487.6,0,0.0,417829379.69999963
2025-08-01 09:30:48 AM,4487.6,10,44876.0,417874255.69999963
2025-08-01 09:30:48 AM,4489.6,2,8979.2,417883234.8999996
2025-08-01 09:30:49 AM,4489.7,1,4489.7,417887724.5999996
2025-08-01 09:30:49 AM,4488.1,0,0.0,417887724.5999996
2025-08-01 09:30:49 AM,4488.1,1,4488.1,417892212.69999963
2025-08-01 09:30:50 AM,4489.6,0,0.0,417892212.69999963
2025-08-01 09:30:51 AM,4489.6,259,1162806.4000000001,419055019.0999996
2025-08-01 09:30:51 AM,4489.8,0,0.0,419055019.0999996
2025-08-01 09:30:52 AM,4489.8,3,13469.400000000001,419068488.4999996
2025-08-01 09:30:52 AM,4488.6,10,44886.0,419113374.4999996
2025-08-01 09:30:53 AM,4489.5,0,0.0,419113374.4999996
2025-08-01 09:30:54 AM,4489.5,34,152643.0,419266017.4999996
2025-08-01 09:30:55 AM,4487.0,97,435239.0,419701256.4999996
2025-08-01 09:30:55 AM,4487.0,45,201915.0,419903171.4999996
2025-08-01 09:30:57 AM,4486.7,155,695438.5,420598609.9999996
2025-08-01 09:30:57 AM,4486.7,12,53840.399999999994,420652450.39999956
2025-08-01 09:30:58 AM,4486.7,11,49353.7,420701804.09999955
2025-08-01 09:31:00 AM,4485.0,0,0.0,420701804.09999955
2025-08-01 09:31:01 AM,4485.0,771,3457935.0,424159739.09999955
2025-08-01 09:31:01 AM,4484.9,190,852130.9999999999,425011870.09999955
2025-08-01 09:31:02 AM,4484.7,0,0.0,425011870.09999955
2025-08-01 09:31:02 AM,4485.6,108,484444.80000000005,425496314.89999956
2025-08-01 09:31:02 AM,4484.4,2,8968.8,425505283.6999996
2025-08-01 09:31:03 AM,4484.8,117,524721.6,426030005.2999996
2025-08-01 09:31:04 AM,4484.8,12,53817.600000000006,426083822.8999996
2025-08-01 09:31:05 AM,4481.2,518,2321261.6,428405084.49999964
2025-08-01 09:31:06 AM,4482.0,171,766422.0,429171506.49999964
2025-08-01 09:31:07 AM,4484.1,10,44841.0,429216347.49999964
2025-08-01 09:31:08 AM,4484.1,2,8968.2,429225315.69999963
2025-08-01 09:31:08 AM,4483.0,0,0.0,429225315.69999963
2025-08-01 09:31:09 AM,4483.0,4,17932.0,429243247.69999963
2025-08-01 09:31:09 AM,4484.0,1,4484.0,429247731.69999963
2025-08-01 09:31:09 AM,4483.0,0,0.0,429247731.69999963
2025-08-01 09:31:10 AM,4483.0,3,13449.0,429261180.69999963
2025-08-01 09:31:10 AM,4482.0,27,121014.0,429382194.69999963
2025-08-01 09:31:11 AM,4484.4,130,582972.0,429965166.69999963
2025-08-01 09:31:12 AM,4484.0,270,1210680.0,431175846.69999963
2025-08-01 09:31:12 AM,4484.4,10,44844.0,431220690.69999963
2025-08-01 09:31:13 AM,4485.0,64,287040.0,431507730.69999963
2025-08-01 09:31:13 AM,4484.1,0,0.0,431507730.69999963
2025-08-01 09:31:14 AM,4484.0,12,53808.0,431561538.69999963
2025-08-01 09:31:15 AM,4485.9,134,601110.6,432162649.29999965
2025-08-01 09:31:16 AM,4485.8,2,8971.6,432171620.8999997
2025-08-01 09:31:17 AM,4486.2,39,174961.8,432346582.6999997
2025-08-01 09:31:18 AM,4486.7,152,681978.4,433028561.09999967
2025-08-01 09:31:19 AM,4487.1,0,0.0,433028561.09999967
2025-08-01 09:31:19 AM,4487.1,1,4487.1,433033048.1999997
2025-08-01 09:31:21 AM,4485.3,0,0.0,433033048.1999997
2025-08-01 09:31:22 AM,4485.3,50,224265.0,433257313.1999997
2025-08-01 09:31:22 AM,4487.5,22,98725.0,433356038.1999997
2025-08-01 09:31:23 AM,4484.6,126,565059.6000000001,433921097.7999997
2025-08-01 09:31:23 AM,4486.6,0,0.0,433921097.7999997
2025-08-01 09:31:24 AM,4486.7,19,85247.3,434006345.0999997
2025-08-01 09:31:24 AM,4485.9,8,35887.2,434042232.2999997
2025-08-01 09:31:24 AM,4485.8,0,0.0,434042232.2999997
2025-08-01 09:31:25 AM,4485.8,47,210832.6,434253064.89999974
2025-08-01 09:31:26 AM,4485.8,53,237747.40000000002,434490812.2999997
2025-08-01 09:31:27 AM,4485.5,3,13456.5,434504268.7999997
2025-08-01 09:31:27 AM,4485.6,25,112140.00000000001,434616408.7999997
2025-08-01 09:31:28 AM,4486.4,0,0.0,434616408.7999997
2025-08-01 09:31:28 AM,4486.4,100,448639.99999999994,435065048.7999997
2025-08-01 09:31:28 AM,4485.5,3,13456.5,435078505.2999997
2025-08-01 09:31:29 AM,4486.9,458,2055000.1999999997,437133505.4999997
2025-08-01 09:31:29 AM,4487.3,0,0.0,437133505.4999997
2025-08-01 09:31:29 AM,4487.3,11,49360.3,437182865.7999997
2025-08-01 09:31:30 AM,4489.2,150,673380.0,437856245.7999997
2025-08-01 09:31:30 AM,4487.5,0,0.0,437856245.7999997
2025-08-01 09:31:31 AM,4487.5,5,22437.5,437878683.2999997
2025-08-01 09:31:32 AM,4489.5,0,0.0,437878683.2999997
2025-08-01 09:31:32 AM,4487.0,33,148071.0,438026754.2999997
2025-08-01 09:31:34 AM,4487.0,29,130123.0,438156877.2999997
2025-08-01 09:31:37 AM,4488.0,51,228888.0,438385765.2999997
2025-08-01 09:31:38 AM,4488.0,17,76296.0,438462061.2999997
2025-08-01 09:31:38 AM,4488.3,20,89766.0,438551827.2999997
2025-08-01 09:31:39 AM,4488.0,0,0.0,438551827.2999997
2025-08-01 09:31:40 AM,4488.0,3,13464.0,438565291.2999997
2025-08-01 09:31:40 AM,4486.6,30,134598.0,438699889.2999997
2025-08-01 09:31:41 AM,4488.8,2,8977.6,438708866.89999974
2025-08-01 09:31:41 AM,4486.8,0,0.0,438708866.89999974
2025-08-01 09:31:42 AM,4486.8,9,40381.200000000004,438749248.0999997
2025-08-01 09:31:43 AM,4488.1,0,0.0,438749248.0999997
2025-08-01 09:31:43 AM,4488.2,8,35905.6,438785153.69999975
2025-08-01 09:31:45 AM,4488.0,0,0.0,438785153.69999975
2025-08-01 09:31:46 AM,4488.0,2,8976.0,438794129.69999975
2025-08-01 09:31:46 AM,4489.1,0,0.0,438794129.69999975
2025-08-01 09:31:47 AM,4489.1,22,98760.20000000001,438892889.89999974
2025-08-01 09:31:47 AM,4489.1,51,228944.1,439121833.99999976
2025-08-01 09:31:48 AM,4489.1,1,4489.1,439126323.0999998
2025-08-01 09:31:49 AM,4489.1,3,13467.300000000001,439139790.3999998
2025-08-01 09:31:50 AM,4489.1,7,31423.700000000004,439171214.0999998
2025-08-01 09:31:51 AM,4488.1,2,8976.2,439180190.2999998
2025-08-01 09:31:52 AM,4489.2,0,0.0,439180190.2999998
2025-08-01 09:31:53 AM,4489.2,50,224460.0,439404650.2999998
2025-08-01 09:31:56 AM,4489.0,5,22445.0,439427095.2999998
2025-08-01 09:31:56 AM,4489.0,1,4489.0,439431584.2999998
2025-08-01 09:31:57 AM,4489.0,1,4489.0,439436073.2999998
2025-08-01 09:32:00 AM,4489.0,18,80802.0,439516875.2999998
2025-08-01 09:32:00 AM,4489.1,0,0.0,439516875.2999998
2025-08-01 09:32:01 AM,4489.6,42,188563.2,439705438.49999976
2025-08-01 09:32:02 AM,4490.0,152,682480.0,440387918.49999976
2025-08-01 09:32:02 AM,4490.0,14,62860.0,440450778.49999976
2025-08-01 09:32:03 AM,4492.1,500,2246050.0,442696828.49999976
2025-08-01 09:32:04 AM,4491.6,58,260512.80000000002,442957341.2999998
2025-08-01 09:32:04 AM,4491.5,0,0.0,442957341.2999998
2025-08-01 09:32:04 AM,4491.5,1,4491.5,442961832.7999998
2025-08-01 09:32:06 AM,4492.5,37,166222.5,443128055.2999998
2025-08-01 09:32:08 AM,4492.7,79,354923.3,443482978.5999998
2025-08-01 09:32:09 AM,4492.7,25,112317.5,443595296.0999998
2025-08-01 09:32:10 AM,4492.7,7,31448.899999999998,443626744.99999976
2025-08-01 09:32:11 AM,4492.5,1,4492.5,443631237.49999976
2025-08-01 09:32:15 AM,4491.2,48,215577.59999999998,443846815.0999998
2025-08-01 09:32:17 AM,4493.0,84,377412.0,444224227.0999998
2025-08-01 09:32:18 AM,4492.6,0,0.0,444224227.0999998
2025-08-01 09:32:18 AM,4494.5,49,220230.5,444444457.5999998
2025-08-01 09:32:19 AM,4496.0,250,1124000.0,445568457.5999998
2025-08-01 09:32:20 AM,4496.0,1,4496.0,445572953.5999998
2025-08-01 09:32:22 AM,4495.0,10,44950.0,445617903.5999998
2025-08-01 09:32:22 AM,4495.0,2,8990.0,445626893.5999998
2025-08-01 09:32:23 AM,4495.0,10,44950.0,445671843.5999998
2025-08-01 09:32:24 AM,4494.2,43,193250.6,445865094.1999998
2025-08-01 09:32:24 AM,4494.4,7,31460.799999999996,445896554.9999998
2025-08-01 09:32:26 AM,4494.5,52,233714.0,446130268.9999998
2025-08-01 09:32:27 AM,4494.3,0,0.0,446130268.9999998
2025-08-01 09:32:28 AM,4492.5,0,0.0,446130268.9999998
2025-08-01 09:32:28 AM,4494.3,12,53931.600000000006,446184200.59999985
2025-08-01 09:32:29 AM,4494.2,18,80895.59999999999,446265096.19999987
2025-08-01 09:32:30 AM,4494.2,101,453914.19999999995,446719010.39999986
2025-08-01 09:32:30 AM,4495.0,400,1798000.0,448517010.39999986
2025-08-01 09:32:31 AM,4494.2,6,26965.199999999997,448543975.59999985
2025-08-01 09:32:32 AM,4494.3,25,112357.5,448656333.09999985
2025-08-01 09:32:33 AM,4494.3,116,521338.80000000005,449177671.89999986
2025-08-01 09:32:34 AM,4494.3,28,125840.40000000001,449303512.29999983
2025-08-01 09:32:35 AM,4493.3,10,44933.0,449348445.29999983
2025-08-01 09:32:35 AM,4491.7,140,628838.0,449977283.29999983
2025-08-01 09:32:35 AM,4494.3,0,0.0,449977283.29999983
2025-08-01 09:32:36 AM,4491.1,31,139224.1,450116507.39999986
2025-08-01 09:32:37 AM,4491.9,158,709720.2,450826227.59999985
2025-08-01 09:32:37 AM,4494.3,1,4494.3,450830721.89999986
2025-08-01 09:32:39 AM,4493.5,50,224675.0,451055396.89999986
2025-08-01 09:32:39 AM,4492.9,50,224644.99999999997,451280041.89999986
2025-08-01 09:32:40 AM,4492.6,14,62896.40000000001,451342938.29999983
2025-08-01 09:32:45 AM,4494.1,5,22470.5,451365408.79999983
2025-08-01 09:32:45 AM,4493.3,0,0.0,451365408.79999983
2025-08-01 09:32:46 AM,4493.3,1,4493.3,451369902.09999985
2025-08-01 09:32:47 AM,4494.1,0,0.0,451369902.09999985
2025-08-01 09:32:48 AM,4494.1,3,13482.300000000001,451383384.39999986
2025-08-01 09:32:48 AM,4494.1,1,4494.1,451387878.4999999
2025-08-01 09:32:48 AM,4493.2,0,0.0,451387878.4999999
2025-08-01 09:32:49 AM,4493.2,1,4493.2,451392371.69999987
2025-08-01 09:32:49 AM,4493.2,10,44932.0,451437303.69999987
2025-08-01 09:32:49 AM,4494.1,0,0.0,451437303.69999987
2025-08-01 09:32:50 AM,4494.6,179,804533.4,452241837.09999985
2025-08-01 09:32:50 AM,4496.0,0,0.0,452241837.09999985
2025-08-01 09:32:51 AM,4496.0,2,8992.0,452250829.09999985
2025-08-01 09:32:52 AM,4496.0,31,139376.0,452390205.09999985
2025-08-01 09:32:52 AM,4493.8,0,0.0,452390205.09999985
2025-08-01 09:32:53 AM,4493.8,520,2336776.0,454726981.09999985
2025-08-01 09:32:54 AM,4496.0,0,0.0,454726981.09999985
2025-08-01 09:32:55 AM,4496.0,50,224800.0,454951781.09999985
2025-08-01 09:32:56 AM,4493.0,453,2035329.0,456987110.09999985
2025-08-01 09:32:56 AM,4495.7,0,0.0,456987110.09999985
2025-08-01 09:32:57 AM,4495.7,2,8991.4,456996101.4999998
2025-08-01 09:32:58 AM,4496.0,105,472080.0,457468181.4999998
2025-08-01 09:32:58 AM,4495.9,0,0.0,457468181.4999998
2025-08-01 09:32:59 AM,4495.9,10,44959.0,457513140.4999998
2025-08-01 09:33:02 AM,4495.0,0,0.0,457513140.4999998
2025-08-01 09:33:03 AM,4495.0,6,26970.0,457540110.4999998
2025-08-01 09:33:03 AM,4495.1,0,0.0,457540110.4999998
2025-08-01 09:33:04 AM,4495.1,29,130357.90000000001,457670468.3999998
2025-08-01 09:33:05 AM,4495.6,104,467542.4,458138010.7999998
2025-08-01 09:33:07 AM,4495.0,0,0.0,458138010.7999998
2025-08-01 09:33:07 AM,4495.0,71,319145.0,458457155.7999998
2025-08-01 09:33:08 AM,4495.8,0,0.0,458457155.7999998
2025-08-01 09:33:08 AM,4495.8,210,944118.0,459401273.7999998
2025-08-01 09:33:09 AM,4492.5,247,1109647.5,460510921.2999998
2025-08-01 09:33:10 AM,4495.0,2,8990.0,460519911.2999998
2025-08-01 09:33:11 AM,4494.8,30,134844.0,460654755.2999998
2025-08-01 09:33:12 AM,4494.7,0,0.0,460654755.2999998
2025-08-01 09:33:12 AM,4494.7,10,44947.0,460699702.2999998
2025-08-01 09:33:13 AM,4494.7,1,4494.7,460704196.99999976
2025-08-01 09:33:13 AM,4493.1,0,0.0,460704196.99999976
2025-08-01 09:33:14 AM,4494.3,160,719088.0,461423284.99999976
2025-08-01 09:33:16 AM,4492.4,50,224619.99999999997,461647904.99999976
2025-08-01 09:33:16 AM,4494.3,0,0.0,461647904.99999976
2025-08-01 09:33:17 AM,4494.3,10,44943.0,461692847.99999976
2025-08-01 09:33:18 AM,4494.5,4,17978.0,461710825.99999976
2025-08-01 09:33:20 AM,4494.3,1,4494.3,461715320.2999998
2025-08-01 09:33:20 AM,4493.2,1,4493.2,461719813.49999976
2025-08-01 09:33:21 AM,4495.0,1,4495.0,461724308.49999976
2025-08-01 09:33:22 AM,4495.2,40,179808.0,461904116.49999976
2025-08-01 09:33:24 AM,4493.7,0,0.0,461904116.49999976
2025-08-01 09:33:24 AM,4495.4,34,152843.59999999998,462056960.0999998
2025-08-01 09:33:24 AM,4495.4,2,8990.8,462065950.8999998
2025-08-01 09:33:25 AM,4496.0,0,0.0,462065950.8999998
2025-08-01 09:33:25 AM,4497.0,20,89940.0,462155890.8999998
2025-08-01 09:33:26 AM,4495.9,7,31471.299999999996,462187362.1999998
2025-08-01 09:33:27 AM,4497.0,10,44970.0,462232332.1999998
2025-08-01 09:33:28 AM,4497.0,4,17988.0,462250320.1999998
2025-08-01 09:33:28 AM,4498.0,58,260884.0,462511204.1999998
2025-08-01 09:33:29 AM,4498.0,50,224900.0,462736104.1999998
2025-08-01 09:33:31 AM,4498.0,1,4498.0,462740602.1999998
2025-08-01 09:33:31 AM,4497.6,0,0.0,462740602.1999998
2025-08-01 09:33:32 AM,4497.6,12,53971.200000000004,462794573.3999998
2025-08-01 09:33:32 AM,4498.0,0,0.0,462794573.3999998
2025-08-01 09:33:33 AM,4498.0,25,112450.0,462907023.3999998
2025-08-01 09:33:33 AM,4497.5,5,22487.5,462929510.8999998
2025-08-01 09:33:33 AM,4499.9,0,0.0,462929510.8999998
2025-08-01 09:33:34 AM,4496.6,506,2275279.6,465204790.4999998
2025-08-01 09:33:34 AM,4497.5,30,134925.0,465339715.4999998
2025-08-01 09:33:38 AM,4497.5,28,125930.0,465465645.4999998
2025-08-01 09:33:38 AM,4497.5,12,53970.0,465519615.4999998
2025-08-01 09:33:39 AM,4497.5,16,71960.0,465591575.4999998
2025-08-01 09:33:40 AM,4497.5,1,4497.5,465596072.9999998
2025-08-01 09:33:41 AM,4498.0,147,661206.0,466257278.9999998
2025-08-01 09:33:42 AM,4499.5,0,0.0,466257278.9999998
2025-08-01 09:33:43 AM,4499.5,2,8999.0,466266277.9999998
2025-08-01 09:33:43 AM,4499.5,2,8999.0,466275276.9999998
2025-08-01 09:33:44 AM,4499.5,7,31496.5,466306773.4999998
2025-08-01 09:33:44 AM,4498.0,0,0.0,466306773.4999998
2025-08-01 09:33:45 AM,4498.0,15,67470.0,466374243.4999998
2025-08-01 09:33:45 AM,4499.5,0,0.0,466374243.4999998
2025-08-01 09:33:46 AM,4499.5,18,80991.0,466455234.4999998
2025-08-01 09:33:47 AM,4500.0,66,297000.0,466752234.4999998
2025-08-01 09:33:47 AM,4500.3,0,0.0,466752234.4999998
2025-08-01 09:33:48 AM,4500.6,276,1242165.6,467994400.09999985
2025-08-01 09:33:49 AM,4501.2,0,0.0,467994400.09999985
2025-08-01 09:33:49 AM,4501.2,78,351093.6,468345493.69999987
2025-08-01 09:33:51 AM,4501.2,130,585156.0,468930649.69999987
2025-08-01 09:33:52 AM,4502.0,25,112550.0,469043199.69999987
2025-08-01 09:33:53 AM,4502.9,4,18011.6,469061211.2999999
2025-08-01 09:33:54 AM,4503.2,0,0.0,469061211.2999999
2025-08-01 09:33:54 AM,4503.2,13,58541.6,469119752.8999999
2025-08-01 09:33:55 AM,4504.0,0,0.0,469119752.8999999
2025-08-01 09:33:55 AM,4504.0,30,135120.0,469254872.8999999
2025-08-01 09:33:56 AM,4504.4,0,0.0,469254872.8999999
2025-08-01 09:33:57 AM,4504.4,25,112609.99999999999,469367482.8999999
2025-08-01 09:33:57 AM,4500.9,96,432086.39999999997,469799569.2999999
2025-08-01 09:33:58 AM,4500.9,50,225044.99999999997,470024614.2999999
2025-08-01 09:33:58 AM,4501.2,0,0.0,470024614.2999999
2025-08-01 09:33:59 AM,4501.2,12,54014.399999999994,470078628.69999987
2025-08-01 09:34:00 AM,4502.8,10,45028.0,470123656.69999987
2025-08-01 09:34:03 AM,4502.9,0,0.0,470123656.69999987
2025-08-01 09:34:03 AM,4502.9,15,67543.5,470191200.19999987
2025-08-01 09:34:04 AM,4502.0,0,0.0,470191200.19999987
2025-08-01 09:34:04 AM,4502.0,11,49522.0,470240722.19999987
2025-08-01 09:34:05 AM,4502.0,15,67530.0,470308252.19999987
2025-08-01 09:34:06 AM,4502.0,2,9004.0,470317256.19999987
2025-08-01 09:34:06 AM,4502.9,0,0.0,470317256.19999987
2025-08-01 09:34:07 AM,4503.2,111,499855.19999999995,470817111.39999986
2025-08-01 09:34:07 AM,4502.8,3,13508.400000000001,470830619.79999983
2025-08-01 09:34:07 AM,4501.1,0,0.0,470830619.79999983
2025-08-01 09:34:08 AM,4501.1,23,103525.3,470934145.09999985
2025-08-01 09:34:09 AM,4502.9,0,0.0,470934145.09999985
2025-08-01 09:34:10 AM,4501.4,41,184557.4,471118702.4999998
2025-08-01 09:34:10 AM,4502.0,1,4502.0,471123204.4999998
2025-08-01 09:34:11 AM,4502.0,10,45020.0,471168224.4999998
2025-08-01 09:34:11 AM,4502.0,1,4502.0,471172726.4999998
2025-08-01 09:34:13 AM,4502.0,4,18008.0,471190734.4999998
2025-08-01 09:34:13 AM,4502.0,51,229602.0,471420336.4999998
2025-08-01 09:34:15 AM,4502.0,1,4502.0,471424838.4999998
2025-08-01 09:34:17 AM,4502.9,0,0.0,471424838.4999998
2025-08-01 09:34:18 AM,4502.9,15,67543.5,471492381.9999998
2025-08-01 09:34:19 AM,4502.0,1,4502.0,471496883.9999998
2025-08-01 09:34:20 AM,4503.2,100,450320.0,471947203.9999998
2025-08-01 09:34:21 AM,4503.3,50,225165.0,472172368.9999998
2025-08-01 09:34:21 AM,4501.5,0,0.0,472172368.9999998
2025-08-01 09:34:22 AM,4500.5,243,1093621.5,473265990.4999998
2025-08-01 09:34:22 AM,4501.3,34,153044.2,473419034.6999998
2025-08-01 09:34:23 AM,4501.1,1,4501.1,473423535.79999983
2025-08-01 09:34:23 AM,4501.2,1,4501.2,473428036.9999998
2025-08-01 09:34:23 AM,4500.5,0,0.0,473428036.9999998
2025-08-01 09:34:24 AM,4502.0,123,553746.0,473981782.9999998
2025-08-01 09:34:24 AM,4502.1,105,472720.50000000006,474454503.4999998
2025-08-01 09:34:25 AM,4502.2,10,45022.0,474499525.4999998
2025-08-01 09:34:26 AM,4501.0,0,0.0,474499525.4999998
2025-08-01 09:34:26 AM,4501.0,1,4501.0,474504026.4999998
2025-08-01 09:34:27 AM,4500.0,20,90000.0,474594026.4999998
2025-08-01 09:34:28 AM,4501.0,0,0.0,474594026.4999998
2025-08-01 09:34:29 AM,4501.0,2,9002.0,474603028.4999998
2025-08-01 09:34:29 AM,4501.4,20,90028.0,474693056.4999998
2025-08-01 09:34:31 AM,4501.6,2,9003.2,474702059.6999998
2025-08-01 09:34:32 AM,4500.0,0,0.0,474702059.6999998
2025-08-01 09:34:33 AM,4500.5,0,0.0,474702059.6999998
2025-08-01 09:34:33 AM,4500.5,67,301533.5,475003593.1999998
2025-08-01 09:34:33 AM,4501.3,43,193555.9,475197149.0999998
2025-08-01 09:34:33 AM,4500.5,0,0.0,475197149.0999998
2025-08-01 09:34:34 AM,4500.5,4,18002.0,475215151.0999998
2025-08-01 09:34:36 AM,4501.0,100,450100.0,475665251.0999998
2025-08-01 09:34:36 AM,4500.9,0,0.0,475665251.0999998
2025-08-01 09:34:37 AM,4500.0,2,9000.0,475674251.0999998
2025-08-01 09:34:37 AM,4501.1,5,22505.5,475696756.5999998
2025-08-01 09:34:39 AM,4500.5,2,9001.0,475705757.5999998
2025-08-01 09:34:41 AM,4500.5,1,4500.5,475710258.0999998
2025-08-01 09:34:42 AM,4501.2,0,0.0,475710258.0999998
2025-08-01 09:34:42 AM,4501.2,20,90024.0,475800282.0999998
2025-08-01 09:34:43 AM,4500.0,0,0.0,475800282.0999998
2025-08-01 09:34:44 AM,4500.0,1,4500.0,475804782.0999998
2025-08-01 09:34:44 AM,4501.4,3,13504.199999999999,475818286.2999998
2025-08-01 09:34:45 AM,4501.7,0,0.0,475818286.2999998
2025-08-01 09:34:46 AM,4501.7,10,45017.0,475863303.2999998
2025-08-01 09:34:47 AM,4500.0,207,931500.0,476794803.2999998
2025-08-01 09:34:48 AM,4501.0,1,4501.0,476799304.2999998
2025-08-01 09:34:50 AM,4501.2,5,22506.0,476821810.2999998
2025-08-01 09:34:52 AM,4499.9,147,661485.2999999999,477483295.5999998
2025-08-01 09:34:53 AM,4500.4,1,4500.4,477487795.99999976
2025-08-01 09:34:55 AM,4499.5,9,40495.5,477528291.49999976
2025-08-01 09:34:56 AM,4498.8,0,0.0,477528291.49999976
2025-08-01 09:34:56 AM,4498.8,3,13496.400000000001,477541787.89999974
2025-08-01 09:34:57 AM,4498.9,0,0.0,477541787.89999974
2025-08-01 09:34:58 AM,4498.9,1,4498.9,477546286.7999997
2025-08-01 09:34:58 AM,4498.8,1,4498.8,477550785.5999997
2025-08-01 09:34:59 AM,4499.8,0,0.0,477550785.5999997
2025-08-01 09:34:59 AM,4499.8,300,1349940.0,478900725.5999997
2025-08-01 09:34:59 AM,4498.0,0,0.0,478900725.5999997
2025-08-01 09:35:00 AM,4498.0,5,22490.0,478923215.5999997
2025-08-01 09:35:02 AM,4499.2,0,0.0,478923215.5999997
2025-08-01 09:35:05 AM,4499.1,16,71985.6,478995201.19999975
2025-08-01 09:35:06 AM,4497.5,151,679122.5,479674323.69999975
2025-08-01 09:35:07 AM,4498.3,0,0.0,479674323.69999975
2025-08-01 09:35:07 AM,4497.0,0,0.0,479674323.69999975
2025-08-01 09:35:12 AM,4497.3,0,0.0,479674323.69999975
2025-08-01 09:35:12 AM,4497.0,1290,5801130.0,485475453.69999975
2025-08-01 09:35:13 AM,4492.9,330,1482656.9999999998,486958110.69999975
2025-08-01 09:35:17 AM,4497.0,0,0.0,486958110.69999975
2025-08-01 09:35:19 AM,4496.2,52,233802.4,487191913.0999997
2025-08-01 09:35:22 AM,4497.0,0,0.0,487191913.0999997
2025-08-01 09:35:22 AM,4495.3,0,0.0,487191913.0999997
2025-08-01 09:35:27 AM,4496.7,0,0.0,487191913.0999997
2025-08-01 09:35:27 AM,4496.7,673,3026279.1,490218192.19999975
2025-08-01 09:35:32 AM,4496.9,0,0.0,490218192.19999975
2025-08-01 09:35:32 AM,4496.7,0,0.0,490218192.19999975
2025-08-01 09:35:33 AM,4496.5,17,76440.5,490294632.69999975
2025-08-01 09:35:33 AM,4496.5,5,22482.5,490317115.19999975
2025-08-01 09:35:37 AM,4495.0,0,0.0,490317115.19999975
2025-08-01 09:35:40 AM,4496.4,302,1357912.7999999998,491675027.99999976
2025-08-01 09:35:42 AM,4495.3,0,0.0,491675027.99999976
2025-08-01 09:35:42 AM,4496.2,0,0.0,491675027.99999976
2025-08-01 09:35:47 AM,4494.5,0,0.0,491675027.99999976
2025-08-01 09:35:47 AM,4493.0,222,997446.0,492672473.99999976
2025-08-01 09:35:47 AM,4493.1,0,0.0,492672473.99999976
2025-08-01 09:35:52 AM,4496.1,0,0.0,492672473.99999976
2025-08-01 09:35:54 AM,4496.1,111,499067.10000000003,493171541.0999998
2025-08-01 09:35:57 AM,4496.5,0,0.0,493171541.0999998
2025-08-01 09:36:00 AM,4496.5,75,337237.5,493508778.5999998
2025-08-01 09:36:02 AM,4496.8,33,148394.4,493657172.99999976
2025-08-01 09:36:02 AM,4496.8,1,4496.8,493661669.7999998
2025-08-01 09:36:03 AM,4496.9,119,535131.1,494196800.8999998
2025-08-01 09:36:05 AM,4496.9,5,22484.5,494219285.3999998
2025-08-01 09:36:06 AM,4496.9,9,40472.1,494259757.4999998
2025-08-01 09:36:07 AM,4496.9,26,116919.4,494376676.8999998
2025-08-01 09:36:09 AM,4496.9,72,323776.8,494700453.6999998
2025-08-01 09:36:09 AM,4498.2,2,8996.4,494709450.0999998
2025-08-01 09:36:15 AM,4498.2,5,22491.0,494731941.0999998
2025-08-01 09:36:16 AM,4498.2,1,4498.2,494736439.2999998
2025-08-01 09:36:17 AM,4499.4,10,44994.0,494781433.2999998
2025-08-01 09:36:20 AM,4497.1,30,134913.0,494916346.2999998
2025-08-01 09:36:21 AM,4498.2,1,4498.2,494920844.49999976
2025-08-01 09:36:22 AM,4499.5,2,8999.0,494929843.49999976
2025-08-01 09:36:23 AM,4499.5,1,4499.5,494934342.99999976
2025-08-01 09:36:26 AM,4500.3,122,549036.6,495483379.5999998
2025-08-01 09:36:27 AM,4498.2,0,0.0,495483379.5999998
2025-08-01 09:36:27 AM,4498.2,10,44982.0,495528361.5999998
2025-08-01 09:36:29 AM,4499.9,6,26999.399999999998,495555360.99999976
2025-08-01 09:36:33 AM,4501.2,0,0.0,495555360.99999976
2025-08-01 09:36:34 AM,4501.2,20,90024.0,495645384.99999976
2025-08-01 09:36:35 AM,4501.0,0,0.0,495645384.99999976
2025-08-01 09:36:36 AM,4501.0,2,9002.0,495654386.99999976
2025-08-01 09:36:36 AM,4501.0,6,27006.0,495681392.99999976
2025-08-01 09:36:36 AM,4500.0,0,0.0,495681392.99999976
2025-08-01 09:36:37 AM,4500.0,2,9000.0,495690392.99999976
2025-08-01 09:36:39 AM,4500.0,5,22500.0,495712892.99999976
2025-08-01 09:36:41 AM,4501.0,0,0.0,495712892.99999976
2025-08-01 09:36:41 AM,4501.0,1,4501.0,495717393.99999976
2025-08-01 09:36:41 AM,4501.2,26,117031.2,495834425.19999975
2025-08-01 09:36:44 AM,4501.2,4,18004.8,495852429.99999976
2025-08-01 09:36:45 AM,4501.2,5,22506.0,495874935.99999976
2025-08-01 09:36:46 AM,4501.0,5,22505.0,495897440.99999976
2025-08-01 09:36:48 AM,4501.2,10,45012.0,495942452.99999976
2025-08-01 09:36:48 AM,4501.2,44,198052.8,496140505.7999998
2025-08-01 09:36:49 AM,4499.0,0,0.0,496140505.7999998
2025-08-01 09:36:50 AM,4499.0,8,35992.0,496176497.7999998
2025-08-01 09:36:52 AM,4500.6,0,0.0,496176497.7999998
2025-08-01 09:36:52 AM,4500.6,20,90012.0,496266509.7999998
2025-08-01 09:36:52 AM,4500.9,0,0.0,496266509.7999998
2025-08-01 09:36:53 AM,4500.9,70,315063.0,496581572.7999998
2025-08-01 09:36:53 AM,4501.0,0,0.0,496581572.7999998
2025-08-01 09:36:54 AM,4501.0,5,22505.0,496604077.7999998
2025-08-01 09:36:55 AM,4500.8,2,9001.6,496613079.3999998
2025-08-01 09:36:55 AM,4500.9,0,0.0,496613079.3999998
2025-08-01 09:36:56 AM,4500.9,30,135027.0,496748106.3999998
2025-08-01 09:36:58 AM,4500.8,1,4500.8,496752607.1999998
2025-08-01 09:36:58 AM,4500.9,0,0.0,496752607.1999998
2025-08-01 09:36:59 AM,4500.9,1,4500.9,496757108.0999998
2025-08-01 09:37:00 AM,4500.9,3,13502.699999999999,496770610.7999998
2025-08-01 09:37:01 AM,4500.0,0,0.0,496770610.7999998
2025-08-01 09:37:02 AM,4500.0,10,45000.0,496815610.7999998
2025-08-01 09:37:02 AM,4499.9,5,22499.5,496838110.2999998
2025-08-01 09:37:03 AM,4499.9,5,22499.5,496860609.7999998
2025-08-01 09:37:05 AM,4499.9,5,22499.5,496883109.2999998
2025-08-01 09:37:06 AM,4499.0,18,80982.0,496964091.2999998
2025-08-01 09:37:10 AM,4498.5,0,0.0,496964091.2999998
2025-08-01 09:37:11 AM,4498.5,17,76474.5,497040565.7999998
2025-08-01 09:37:13 AM,4499.3,10,44993.0,497085558.7999998
2025-08-01 09:37:13 AM,4498.5,0,0.0,497085558.7999998
2025-08-01 09:37:14 AM,4497.5,0,0.0,497085558.7999998
2025-08-01 09:37:14 AM,4497.5,634,2851415.0,499936973.7999998
2025-08-01 09:37:14 AM,4497.7,1,4497.7,499941471.49999976
2025-08-01 09:37:15 AM,4497.7,4,17990.8,499959462.2999998
2025-08-01 09:37:15 AM,4497.6,1,4497.6,499963959.8999998
2025-08-01 09:37:18 AM,4497.6,23,103444.8,500067404.6999998
2025-08-01 09:37:19 AM,4499.0,0,0.0,500067404.6999998
2025-08-01 09:37:19 AM,4499.0,50,224950.0,500292354.6999998
2025-08-01 09:37:19 AM,4499.0,4,17996.0,500310350.6999998
2025-08-01 09:37:22 AM,4497.6,0,0.0,500310350.6999998
2025-08-01 09:37:23 AM,4497.6,16,71961.6,500382312.29999983
2025-08-01 09:37:23 AM,4497.7,10,44977.0,500427289.29999983
2025-08-01 09:37:26 AM,4497.3,5,22486.5,500449775.79999983
2025-08-01 09:37:27 AM,4497.1,9,40473.9,500490249.6999998
2025-08-01 09:37:28 AM,4497.3,0,0.0,500490249.6999998
2025-08-01 09:37:29 AM,4497.3,3,13491.900000000001,500503741.5999998
2025-08-01 09:37:29 AM,4497.3,1,4497.3,500508238.8999998
2025-08-01 09:37:30 AM,4497.4,20,89948.0,500598186.8999998
2025-08-01 09:37:31 AM,4497.5,0,0.0,500598186.8999998
