date,price,qty,trnvr,cum_trnvr
2025-08-01 09:15:06 AM,606.6,1482,898981.2000000001,898981.2000000001
2025-08-01 09:15:08 AM,604.55,51,30832.05,929813.2500000001
2025-08-01 09:15:15 AM,604.35,0,0.0,929813.2500000001
2025-08-01 09:15:18 AM,604.5,280,169260.0,1099073.25
2025-08-01 09:15:23 AM,606.95,0,0.0,1099073.25
2025-08-01 09:15:27 AM,607.7,224,136124.80000000002,1235198.05
2025-08-01 09:15:29 AM,608.0,24,14592.0,1249790.05
2025-08-01 09:15:36 AM,608.0,13,7904.0,1257694.05
2025-08-01 09:15:37 AM,607.95,729,443195.55000000005,1700889.6
2025-08-01 09:15:43 AM,608.55,0,0.0,1700889.6
2025-08-01 09:15:44 AM,608.5,150,91275.0,1792164.6
2025-08-01 09:15:45 AM,608.15,7,4257.05,1796421.6500000001
2025-08-01 09:15:50 AM,608.95,0,0.0,1796421.6500000001
2025-08-01 09:15:52 AM,608.95,85,51760.75000000001,1848182.4000000001
2025-08-01 09:15:54 AM,608.95,147,89515.65000000001,1937698.05
2025-08-01 09:16:02 AM,607.5,311,188932.5,2126630.55
2025-08-01 09:16:04 AM,605.9,0,0.0,2126630.55
2025-08-01 09:16:08 AM,606.4,590,357776.0,2484406.55
2025-08-01 09:16:09 AM,606.55,0,0.0,2484406.55
2025-08-01 09:16:10 AM,606.55,98,59441.899999999994,2543848.4499999997
2025-08-01 09:16:16 AM,606.6,100,60660.0,2604508.4499999997
2025-08-01 09:16:18 AM,606.5,81,49126.5,2653634.9499999997
2025-08-01 09:16:25 AM,604.85,2036,1231474.6,3885109.55
2025-08-01 09:16:26 AM,606.1,406,246076.6,4131186.15
2025-08-01 09:16:35 AM,606.8,10,6068.0,4137254.15
2025-08-01 09:16:40 AM,606.0,0,0.0,4137254.15
2025-08-01 09:16:41 AM,605.7,1169,708063.3,4845317.45
2025-08-01 09:16:42 AM,606.5,0,0.0,4845317.45
2025-08-01 09:16:43 AM,606.5,70,42455.0,4887772.45
2025-08-01 09:16:50 AM,606.55,15,9098.25,4896870.7
2025-08-01 09:16:50 AM,606.6,0,0.0,4896870.7
2025-08-01 09:16:51 AM,606.6,116,70365.6,4967236.3
2025-08-01 09:16:58 AM,606.8,150,91020.0,5058256.3
2025-08-01 09:17:00 AM,606.2,0,0.0,5058256.3
2025-08-01 09:17:02 AM,606.85,0,0.0,5058256.3
2025-08-01 09:17:06 AM,606.8,54,32767.199999999997,5091023.5
2025-08-01 09:17:08 AM,606.85,0,0.0,5091023.5
2025-08-01 09:17:14 AM,606.9,101,61296.899999999994,5152320.4
2025-08-01 09:17:16 AM,606.85,19,11530.15,5163850.550000001
2025-08-01 09:17:17 AM,607.15,0,0.0,5163850.550000001
2025-08-01 09:17:23 AM,607.15,1084,658150.6,5822001.15
2025-08-01 09:17:26 AM,607.35,0,0.0,5822001.15
2025-08-01 09:17:28 AM,607.45,0,0.0,5822001.15
2025-08-01 09:17:31 AM,607.45,78,47381.100000000006,5869382.25
2025-08-01 09:17:32 AM,607.4,6,3644.3999999999996,5873026.65
2025-08-01 09:17:34 AM,607.0,0,0.0,5873026.65
2025-08-01 09:17:36 AM,607.1,0,0.0,5873026.65
2025-08-01 09:17:39 AM,607.6,153,92962.8,5965989.45
2025-08-01 09:17:40 AM,607.6,18,10936.800000000001,5976926.25
2025-08-01 09:17:44 AM,607.2,0,0.0,5976926.25
2025-08-01 09:17:47 AM,607.2,187,113546.40000000001,6090472.65
2025-08-01 09:17:53 AM,607.35,0,0.0,6090472.65
2025-08-01 09:17:56 AM,607.5,124,75330.0,6165802.65
2025-08-01 09:18:04 AM,608.2,157,95487.40000000001,6261290.050000001
2025-08-01 09:18:08 AM,609.15,0,0.0,6261290.050000001
2025-08-01 09:18:10 AM,609.6,0,0.0,6261290.050000001
2025-08-01 09:18:13 AM,609.6,140,85344.0,6346634.050000001
2025-08-01 09:18:14 AM,609.6,150,91440.0,6438074.050000001
2025-08-01 09:18:21 AM,610.05,569,347118.44999999995,6785192.500000001
2025-08-01 09:18:24 AM,610.75,0,0.0,6785192.500000001
2025-08-01 09:18:29 AM,610.75,75,45806.25,6830998.750000001
2025-08-01 09:18:31 AM,610.45,0,0.0,6830998.750000001
2025-08-01 09:18:37 AM,610.4,194,118417.59999999999,6949416.350000001
2025-08-01 09:18:38 AM,610.8,1125,687150.0,7636566.350000001
2025-08-01 09:18:40 AM,609.75,0,0.0,7636566.350000001
2025-08-01 09:18:45 AM,611.45,1290,788770.5000000001,8425336.850000001
2025-08-01 09:18:46 AM,611.4,41,25067.399999999998,8450404.250000002
2025-08-01 09:18:49 AM,612.15,0,0.0,8450404.250000002
2025-08-01 09:18:53 AM,612.6,233,142735.80000000002,8593140.050000003
2025-08-01 09:18:55 AM,611.15,328,200457.19999999998,8793597.250000002
2025-08-01 09:18:57 AM,611.9,0,0.0,8793597.250000002
2025-08-01 09:19:01 AM,610.9,188,114849.2,8908446.450000001
2025-08-01 09:19:03 AM,611.0,464,283504.0,9191950.450000001
2025-08-01 09:19:04 AM,611.55,0,0.0,9191950.450000001
2025-08-01 09:19:06 AM,611.6,0,0.0,9191950.450000001
2025-08-01 09:19:10 AM,612.0,503,307836.0,9499786.450000001
2025-08-01 09:19:11 AM,611.0,178,108758.0,9608544.450000001
2025-08-01 09:19:13 AM,611.15,0,0.0,9608544.450000001
2025-08-01 09:19:18 AM,612.1,133,81409.3,9689953.750000002
2025-08-01 09:19:19 AM,612.1,30,18363.0,9708316.750000002
2025-08-01 09:19:26 AM,612.4,1035,633834.0,10342150.750000002
2025-08-01 09:19:26 AM,613.3,0,0.0,10342150.750000002
2025-08-01 09:19:27 AM,612.45,193,118202.85,10460353.600000001
2025-08-01 09:19:33 AM,611.7,0,0.0,10460353.600000001
2025-08-01 09:19:34 AM,611.7,407,248961.90000000002,10709315.500000002
2025-08-01 09:19:35 AM,612.7,118,72298.6,10781614.100000001
2025-08-01 09:19:44 AM,612.15,50,30607.5,10812221.600000001
2025-08-01 09:19:49 AM,612.4,0,0.0,10812221.600000001
2025-08-01 09:19:50 AM,612.4,103,63077.2,10875298.8
2025-08-01 09:19:51 AM,613.05,0,0.0,10875298.8
2025-08-01 09:19:52 AM,613.05,20,12261.0,10887559.8
2025-08-01 09:19:57 AM,612.75,0,0.0,10887559.8
2025-08-01 09:19:58 AM,612.75,82,50245.5,10937805.3
2025-08-01 09:20:05 AM,611.35,0,0.0,10937805.3
2025-08-01 09:20:06 AM,611.35,423,258601.05000000002,11196406.350000001
2025-08-01 09:20:07 AM,611.65,49,29970.85,11226377.200000001
2025-08-01 09:20:12 AM,611.45,0,0.0,11226377.200000001
2025-08-01 09:20:14 AM,611.45,2,1222.9,11227600.100000001
2025-08-01 09:20:15 AM,611.55,6,3669.2999999999997,11231269.400000002
2025-08-01 09:20:19 AM,611.25,0,0.0,11231269.400000002
2025-08-01 09:20:21 AM,611.65,0,0.0,11231269.400000002
2025-08-01 09:20:22 AM,611.65,21,12844.65,11244114.050000003
2025-08-01 09:20:26 AM,611.9,0,0.0,11244114.050000003
2025-08-01 09:20:30 AM,611.9,100,61190.0,11305304.050000003
2025-08-01 09:20:31 AM,612.05,20,12241.0,11317545.050000003
2025-08-01 09:20:45 AM,612.0,148,90576.0,11408121.050000003
2025-08-01 09:20:50 AM,611.65,0,0.0,11408121.050000003
2025-08-01 09:20:53 AM,611.7,26,15904.2,11424025.250000002
2025-08-01 09:21:08 AM,611.7,39,23856.300000000003,11447881.550000003
2025-08-01 09:21:16 AM,611.7,102,62393.4,11510274.950000003
2025-08-01 09:21:17 AM,611.75,16,9788.0,11520062.950000003
2025-08-01 09:21:18 AM,611.2,0,0.0,11520062.950000003
2025-08-01 09:21:20 AM,611.7,0,0.0,11520062.950000003
2025-08-01 09:21:24 AM,611.7,113,69122.1,11589185.050000003
2025-08-01 09:21:32 AM,611.7,8,4893.6,11594078.650000002
2025-08-01 09:21:33 AM,611.7,50,30585.000000000004,11624663.650000002
2025-08-01 09:21:41 AM,611.55,4,2446.2,11627109.850000001
2025-08-01 09:21:47 AM,611.15,27,16501.05,11643610.900000002
2025-08-01 09:21:48 AM,611.15,4,2444.6,11646055.500000002
2025-08-01 09:21:55 AM,611.15,4,2444.6,11648500.100000001
2025-08-01 09:22:02 AM,611.15,1,611.15,11649111.250000002
2025-08-01 09:22:08 AM,611.35,0,0.0,11649111.250000002
2025-08-01 09:22:10 AM,611.35,35,21397.25,11670508.500000002
2025-08-01 09:22:12 AM,611.3,0,0.0,11670508.500000002
2025-08-01 09:22:18 AM,611.3,5,3056.5,11673565.000000002
2025-08-01 09:22:25 AM,611.3,35,21395.5,11694960.500000002
2025-08-01 09:22:26 AM,611.25,0,0.0,11694960.500000002
2025-08-01 09:22:27 AM,611.25,4,2445.0,11697405.500000002
2025-08-01 09:22:33 AM,610.65,125,76331.25,11773736.750000002
2025-08-01 09:22:35 AM,610.95,24,14662.800000000001,11788399.550000003
2025-08-01 09:22:41 AM,610.95,59,36046.05,11824445.600000003
2025-08-01 09:22:42 AM,611.75,795,486341.25,12310786.850000003
2025-08-01 09:22:47 AM,610.8,0,0.0,12310786.850000003
2025-08-01 09:22:48 AM,610.8,712,434889.6,12745676.450000003
2025-08-01 09:22:50 AM,611.2,162,99014.40000000001,12844690.850000003
2025-08-01 09:22:53 AM,611.0,0,0.0,12844690.850000003
2025-08-01 09:22:54 AM,611.75,0,0.0,12844690.850000003
2025-08-01 09:22:56 AM,611.75,459,280793.25,13125484.100000003
2025-08-01 09:23:00 AM,611.2,0,0.0,13125484.100000003
2025-08-01 09:23:03 AM,611.2,924,564748.8,13690232.900000004
2025-08-01 09:23:05 AM,611.0,198,120978.0,13811210.900000004
2025-08-01 09:23:07 AM,610.95,0,0.0,13811210.900000004
2025-08-01 09:23:11 AM,610.95,159,97141.05,13908351.950000005
2025-08-01 09:23:15 AM,610.45,0,0.0,13908351.950000005
2025-08-01 09:23:19 AM,610.25,229,139747.25,14048099.200000005
2025-08-01 09:23:20 AM,609.85,1434,874524.9,14922624.100000005
2025-08-01 09:23:26 AM,609.9,109,66479.09999999999,14989103.200000005
2025-08-01 09:23:27 AM,610.75,0,0.0,14989103.200000005
2025-08-01 09:23:28 AM,610.75,162,98941.5,15088044.700000005
2025-08-01 09:23:34 AM,610.2,63,38442.600000000006,15126487.300000004
2025-08-01 09:23:35 AM,610.9,0,0.0,15126487.300000004
2025-08-01 09:23:36 AM,610.9,26,15883.4,15142370.700000005
2025-08-01 09:23:40 AM,610.75,0,0.0,15142370.700000005
2025-08-01 09:23:41 AM,610.75,98,59853.5,15202224.200000005
2025-08-01 09:23:43 AM,610.75,10,6107.5,15208331.700000005
2025-08-01 09:23:47 AM,610.25,0,0.0,15208331.700000005
2025-08-01 09:23:49 AM,610.15,65,39659.75,15247991.450000005
2025-08-01 09:23:58 AM,610.55,5,3052.75,15251044.200000005
2025-08-01 09:23:59 AM,610.1,0,0.0,15251044.200000005
2025-08-01 09:24:05 AM,609.65,299,182285.35,15433329.550000004
2025-08-01 09:24:06 AM,610.35,5,3051.75,15436381.300000004
2025-08-01 09:24:12 AM,610.2,52,31730.4,15468111.700000005
2025-08-01 09:24:14 AM,609.95,59,35987.05,15504098.750000006
2025-08-01 09:24:14 AM,610.35,0,0.0,15504098.750000006
2025-08-01 09:24:20 AM,610.2,3,1830.6000000000001,15505929.350000005
2025-08-01 09:24:21 AM,610.1,6,3660.6000000000004,15509589.950000005
2025-08-01 09:24:26 AM,609.9,0,0.0,15509589.950000005
2025-08-01 09:24:27 AM,609.9,59,35984.1,15545574.050000004
2025-08-01 09:24:29 AM,610.25,18,10984.5,15556558.550000004
2025-08-01 09:24:32 AM,610.0,0,0.0,15556558.550000004
2025-08-01 09:24:35 AM,609.9,532,324466.8,15881025.350000005
2025-08-01 09:24:37 AM,610.05,46,28062.3,15909087.650000006
2025-08-01 09:24:38 AM,609.65,0,0.0,15909087.650000006
2025-08-01 09:24:43 AM,609.45,159,96902.55,16005990.200000007
2025-08-01 09:24:44 AM,609.6,6,3657.6000000000004,16009647.800000006
2025-08-01 09:24:50 AM,609.35,249,151728.15,16161375.950000007
2025-08-01 09:24:50 AM,609.8,0,0.0,16161375.950000007
2025-08-01 09:24:52 AM,610.25,267,162936.75,16324312.700000007
2025-08-01 09:24:58 AM,609.85,0,0.0,16324312.700000007
2025-08-01 09:24:59 AM,610.35,91,55541.85,16379854.550000006
2025-08-01 09:25:27 AM,610.35,50,30517.5,16410372.050000006
2025-08-01 09:25:42 AM,610.35,100,61035.0,16471407.050000006
2025-08-01 09:25:50 AM,610.65,120,73278.0,16544685.050000006
2025-08-01 09:25:52 AM,610.8,20,12216.0,16556901.050000006
2025-08-01 09:26:04 AM,611.2,0,0.0,16556901.050000006
2025-08-01 09:26:05 AM,611.2,1,611.2,16557512.250000006
2025-08-01 09:26:07 AM,611.2,10,6112.0,16563624.250000006
2025-08-01 09:26:11 AM,611.25,0,0.0,16563624.250000006
2025-08-01 09:26:13 AM,611.25,20,12225.0,16575849.250000006
2025-08-01 09:26:47 AM,611.0,0,0.0,16575849.250000006
2025-08-01 09:26:51 AM,611.0,50,30550.0,16606399.250000006
2025-08-01 09:26:54 AM,611.2,0,0.0,16606399.250000006
2025-08-01 09:26:57 AM,612.25,0,0.0,16606399.250000006
2025-08-01 09:26:59 AM,612.25,2071,1267969.75,17874369.000000007
2025-08-01 09:27:01 AM,612.9,0,0.0,17874369.000000007
2025-08-01 09:27:06 AM,613.05,104,63757.2,17938126.200000007
2025-08-01 09:27:18 AM,612.5,0,0.0,17938126.200000007
2025-08-01 09:27:21 AM,612.5,218,133525.0,18071651.200000007
2025-08-01 09:27:22 AM,612.45,108,66144.6,18137795.80000001
2025-08-01 09:27:23 AM,612.15,0,0.0,18137795.80000001
2025-08-01 09:27:28 AM,612.5,48,29400.0,18167195.80000001
2025-08-01 09:27:29 AM,612.4,0,0.0,18167195.80000001
2025-08-01 09:27:29 AM,612.4,28,17147.2,18184343.000000007
2025-08-01 09:27:52 AM,612.35,5,3061.75,18187404.750000007
2025-08-01 09:27:59 AM,612.0,0,0.0,18187404.750000007
2025-08-01 09:27:59 AM,612.0,2,1224.0,18188628.750000007
2025-08-01 09:28:28 AM,611.45,0,0.0,18188628.750000007
2025-08-01 09:28:29 AM,611.45,37,22623.65,18211252.400000006
2025-08-01 09:28:37 AM,611.5,8,4892.0,18216144.400000006
2025-08-01 09:28:45 AM,611.5,3,1834.5,18217978.900000006
2025-08-01 09:28:52 AM,611.5,38,23237.0,18241215.900000006
2025-08-01 09:28:53 AM,611.5,1,611.5,18241827.400000006
2025-08-01 09:29:13 AM,611.15,0,0.0,18241827.400000006
2025-08-01 09:29:15 AM,611.15,21,12834.15,18254661.550000004
2025-08-01 09:29:23 AM,611.35,20,12227.0,18266888.550000004
2025-08-01 09:29:33 AM,611.05,0,0.0,18266888.550000004
2025-08-01 09:29:38 AM,611.05,40,24442.0,18291330.550000004
2025-08-01 09:29:43 AM,610.8,0,0.0,18291330.550000004
2025-08-01 09:29:45 AM,610.8,200,122159.99999999999,18413490.550000004
2025-08-01 09:29:46 AM,610.85,1,610.85,18414101.400000006
2025-08-01 09:29:53 AM,610.85,6,3665.1000000000004,18417766.500000007
2025-08-01 09:30:08 AM,611.05,1,611.05,18418377.55000001
2025-08-01 09:30:13 AM,611.0,0,0.0,18418377.55000001
2025-08-01 09:30:15 AM,611.0,1,611.0,18418988.55000001
2025-08-01 09:30:16 AM,611.0,2,1222.0,18420210.55000001
2025-08-01 09:30:20 AM,610.6,0,0.0,18420210.55000001
2025-08-01 09:30:21 AM,610.85,0,0.0,18420210.55000001
2025-08-01 09:30:23 AM,610.85,4,2443.4,18422653.950000007
2025-08-01 09:30:24 AM,610.9,2,1221.8,18423875.750000007
2025-08-01 09:30:30 AM,610.9,5,3054.5,18426930.250000007
2025-08-01 09:30:38 AM,610.9,4,2443.6,18429373.85000001
2025-08-01 09:30:38 AM,611.0,2,1222.0,18430595.85000001
2025-08-01 09:30:41 AM,610.7,0,0.0,18430595.85000001
2025-08-01 09:30:42 AM,610.85,0,0.0,18430595.85000001
2025-08-01 09:30:45 AM,610.85,24,14660.400000000001,18445256.250000007
2025-08-01 09:30:48 AM,610.9,0,0.0,18445256.250000007
2025-08-01 09:30:52 AM,611.1,60,36666.0,18481922.250000007
2025-08-01 09:31:14 AM,611.1,22,13444.2,18495366.450000007
2025-08-01 09:31:27 AM,610.7,0,0.0,18495366.450000007
2025-08-01 09:31:29 AM,610.7,628,383519.60000000003,18878886.05000001
2025-08-01 09:31:33 AM,611.35,0,0.0,18878886.05000001
2025-08-01 09:31:36 AM,611.35,92,56244.200000000004,18935130.250000007
2025-08-01 09:31:51 AM,611.5,0,0.0,18935130.250000007
2025-08-01 09:31:57 AM,611.5,25,15287.5,18950417.750000007
2025-08-01 09:32:04 AM,611.05,50,30552.499999999996,18980970.250000007
2025-08-01 09:32:06 AM,611.35,0,0.0,18980970.250000007
2025-08-01 09:32:11 AM,611.35,300,183405.0,19164375.250000007
2025-08-01 09:32:18 AM,611.35,68,41571.8,19205947.05000001
2025-08-01 09:33:00 AM,611.5,76,46474.0,19252421.05000001
2025-08-01 09:33:01 AM,611.35,0,0.0,19252421.05000001
2025-08-01 09:33:07 AM,611.35,175,106986.25,19359407.30000001
2025-08-01 09:33:12 AM,611.45,0,0.0,19359407.30000001
2025-08-01 09:33:12 AM,611.65,0,0.0,19359407.30000001
2025-08-01 09:33:14 AM,611.65,66,40368.9,19399776.200000007
2025-08-01 09:33:27 AM,611.8,0,0.0,19399776.200000007
2025-08-01 09:33:27 AM,611.8,5,3059.0,19402835.200000007
2025-08-01 09:33:32 AM,611.65,0,0.0,19402835.200000007
2025-08-01 09:33:34 AM,611.65,60,36699.0,19439534.200000007
2025-08-01 09:33:48 AM,611.65,10,6116.5,19445650.700000007
2025-08-01 09:33:52 AM,611.95,0,0.0,19445650.700000007
2025-08-01 09:33:55 AM,611.95,5,3059.75,19448710.450000007
2025-08-01 09:34:02 AM,611.7,6,3670.2000000000003,19452380.650000006
2025-08-01 09:34:07 AM,612.0,0,0.0,19452380.650000006
2025-08-01 09:34:09 AM,612.0,100,61200.0,19513580.650000006
2025-08-01 09:34:27 AM,611.7,0,0.0,19513580.650000006
2025-08-01 09:34:30 AM,612.0,31,18972.0,19532552.650000006
2025-08-01 09:34:32 AM,611.4,0,0.0,19532552.650000006
2025-08-01 09:34:37 AM,612.05,87,53248.35,19585801.000000007
2025-08-01 09:34:44 AM,611.95,57,34881.15,19620682.150000006
2025-08-01 09:34:50 AM,611.8,0,0.0,19620682.150000006
2025-08-01 09:34:51 AM,611.8,18,11012.4,19631694.550000004
2025-08-01 09:34:58 AM,612.0,100,61200.0,19692894.550000004
2025-08-01 09:34:58 AM,611.55,1,611.55,19693506.100000005
2025-08-01 09:35:02 AM,612.0,0,0.0,19693506.100000005
2025-08-01 09:35:05 AM,612.0,13,7956.0,19701462.100000005
2025-08-01 09:35:07 AM,611.6,0,0.0,19701462.100000005
2025-08-01 09:35:12 AM,612.0,0,0.0,19701462.100000005
2025-08-01 09:35:12 AM,612.0,6,3672.0,19705134.100000005
2025-08-01 09:35:17 AM,612.15,0,0.0,19705134.100000005
2025-08-01 09:35:19 AM,612.15,1,612.15,19705746.250000004
2025-08-01 09:35:32 AM,612.1,0,0.0,19705746.250000004
2025-08-01 09:35:33 AM,612.1,1,612.1,19706358.350000005
2025-08-01 09:35:47 AM,612.1,8,4896.8,19711255.150000006
2025-08-01 09:36:05 AM,611.75,0,0.0,19711255.150000006
2025-08-01 09:36:07 AM,611.75,1,611.75,19711866.900000006
2025-08-01 09:36:13 AM,611.75,15,9176.25,19721043.150000006
2025-08-01 09:36:21 AM,612.05,0,0.0,19721043.150000006
2025-08-01 09:36:27 AM,612.05,1,612.05,19721655.200000007
2025-08-01 09:36:53 AM,612.05,431,263793.55,19985448.750000007
2025-08-01 09:36:57 AM,612.5,0,0.0,19985448.750000007
2025-08-01 09:36:59 AM,612.5,731,447737.5,20433186.250000007
2025-08-01 09:37:02 AM,613.0,0,0.0,20433186.250000007
2025-08-01 09:37:07 AM,613.0,56,34328.0,20467514.250000007
2025-08-01 09:37:10 AM,612.55,0,0.0,20467514.250000007
2025-08-01 09:37:13 AM,612.9,121,74160.9,20541675.150000006
2025-08-01 09:37:20 AM,612.9,56,34322.4,20575997.550000004
2025-08-01 09:37:21 AM,612.25,0,0.0,20575997.550000004
2025-08-01 09:37:27 AM,612.25,200,122450.0,20698447.550000004
2025-08-01 09:37:36 AM,612.45,0,0.0,20698447.550000004
2025-08-01 09:37:41 AM,612.45,1,612.45,20699060.000000004
2025-08-01 09:37:47 AM,612.9,0,0.0,20699060.000000004
2025-08-01 09:37:47 AM,612.9,3,1838.6999999999998,20700898.700000003
2025-08-01 09:37:54 AM,612.9,3,1838.6999999999998,20702737.400000002
2025-08-01 09:38:00 AM,612.35,0,0.0,20702737.400000002
2025-08-01 09:38:01 AM,612.35,1372,840144.2000000001,21542881.6
2025-08-01 09:38:06 AM,611.8,0,0.0,21542881.6
2025-08-01 09:38:08 AM,611.8,52,31813.6,21574695.200000003
2025-08-01 09:38:15 AM,611.8,1,611.8,21575307.000000004
2025-08-01 09:38:23 AM,612.35,0,0.0,21575307.000000004
2025-08-01 09:38:27 AM,611.85,0,0.0,21575307.000000004
2025-08-01 09:38:28 AM,611.85,26,15908.1,21591215.100000005
2025-08-01 09:38:35 AM,612.35,15,9185.25,21600400.350000005
2025-08-01 09:39:07 AM,611.6,0,0.0,21600400.350000005
2025-08-01 09:39:08 AM,611.6,1026,627501.6,22227901.950000007
2025-08-01 09:39:12 AM,611.0,0,0.0,22227901.950000007
2025-08-01 09:39:15 AM,610.7,237,144735.90000000002,22372637.850000005
2025-08-01 09:39:17 AM,610.75,0,0.0,22372637.850000005
2025-08-01 09:39:22 AM,611.15,163,99617.45,22472255.300000004
2025-08-01 09:39:27 AM,611.55,0,0.0,22472255.300000004
2025-08-01 09:39:28 AM,611.55,98,59931.899999999994,22532187.200000003
2025-08-01 09:39:48 AM,611.8,5,3059.0,22535246.200000003
2025-08-01 09:39:54 AM,611.35,0,0.0,22535246.200000003
2025-08-01 09:39:54 AM,611.35,3,1834.0500000000002,22537080.250000004
2025-08-01 09:40:01 AM,611.75,1,611.75,22537692.000000004
2025-08-01 09:40:11 AM,611.8,0,0.0,22537692.000000004
2025-08-01 09:40:14 AM,611.8,1,611.8,22538303.800000004
2025-08-01 09:40:27 AM,611.8,10,6118.0,22544421.800000004
2025-08-01 09:40:41 AM,611.8,10,6118.0,22550539.800000004
2025-08-01 09:40:54 AM,611.7,2,1223.4,22551763.200000003
2025-08-01 09:41:05 AM,611.8,0,0.0,22551763.200000003
2025-08-01 09:41:07 AM,611.8,68,41602.399999999994,22593365.6
2025-08-01 09:41:08 AM,612.3,421,257778.3,22851143.900000002
2025-08-01 09:41:14 AM,612.75,16,9804.0,22860947.900000002
2025-08-01 09:41:14 AM,612.4,0,0.0,22860947.900000002
2025-08-01 09:41:15 AM,612.4,3,1837.1999999999998,22862785.1
2025-08-01 09:41:20 AM,612.4,9,5511.599999999999,22868296.700000003
2025-08-01 09:41:41 AM,613.0,540,331020.0,23199316.700000003
2025-08-01 09:41:45 AM,612.4,0,0.0,23199316.700000003
2025-08-01 09:41:47 AM,612.4,146,89410.4,23288727.1
2025-08-01 09:41:59 AM,612.65,170,104150.5,23392877.6
2025-08-01 09:42:02 AM,612.8,0,0.0,23392877.6
2025-08-01 09:42:06 AM,612.05,331,202588.55,23595466.150000002
2025-08-01 09:42:19 AM,612.35,22,13471.7,23608937.85
2025-08-01 09:42:26 AM,612.45,1,612.45,23609550.3
2025-08-01 09:42:36 AM,612.7,0,0.0,23609550.3
2025-08-01 09:42:39 AM,612.2,17,10407.400000000001,23619957.7
2025-08-01 09:42:46 AM,612.7,1,612.7,23620570.4
2025-08-01 09:42:56 AM,612.75,0,0.0,23620570.4
2025-08-01 09:42:58 AM,612.75,50,30637.5,23651207.9
2025-08-01 09:42:59 AM,612.8,1,612.8,23651820.7
2025-08-01 09:43:04 AM,612.7,0,0.0,23651820.7
2025-08-01 09:43:05 AM,612.7,6,3676.2000000000003,23655496.9
2025-08-01 09:43:18 AM,612.7,18,11028.6,23666525.5
2025-08-01 09:43:25 AM,612.7,7,4288.900000000001,23670814.4
2025-08-01 09:43:32 AM,612.65,7,4288.55,23675102.95
2025-08-01 09:43:36 AM,612.75,0,0.0,23675102.95
2025-08-01 09:43:36 AM,612.8,0,0.0,23675102.95
2025-08-01 09:43:38 AM,612.8,55,33704.0,23708806.95
2025-08-01 09:43:45 AM,612.8,58,35542.399999999994,23744349.349999998
2025-08-01 09:43:51 AM,612.75,1,612.75,23744962.099999998
2025-08-01 09:43:57 AM,612.75,7,4289.25,23749251.349999998
2025-08-01 09:44:09 AM,612.9,0,0.0,23749251.349999998
2025-08-01 09:44:11 AM,612.9,104,63741.6,23812992.95
2025-08-01 09:44:13 AM,612.4,0,0.0,23812992.95
2025-08-01 09:44:18 AM,612.4,176,107782.4,23920775.349999998
2025-08-01 09:44:20 AM,614.1,0,0.0,23920775.349999998
2025-08-01 09:44:24 AM,614.55,2520,1548666.0,25469441.349999998
2025-08-01 09:44:28 AM,614.25,0,0.0,25469441.349999998
2025-08-01 09:44:31 AM,614.25,9,5528.25,25474969.599999998
2025-08-01 09:44:32 AM,614.55,5,3072.75,25478042.349999998
2025-08-01 09:44:36 AM,613.7,0,0.0,25478042.349999998
2025-08-01 09:44:37 AM,613.7,207,127035.90000000001,25605078.249999996
2025-08-01 09:44:43 AM,613.7,1,613.7,25605691.949999996
2025-08-01 09:44:45 AM,614.2,0,0.0,25605691.949999996
2025-08-01 09:44:48 AM,614.1,0,0.0,25605691.949999996
2025-08-01 09:44:50 AM,613.6,0,0.0,25605691.949999996
2025-08-01 09:44:50 AM,613.6,923,566352.8,26172044.749999996
2025-08-01 09:44:51 AM,614.05,51,31316.55,26203361.299999997
2025-08-01 09:44:54 AM,614.55,0,0.0,26203361.299999997
2025-08-01 09:44:56 AM,614.65,148,90968.2,26294329.499999996
2025-08-01 09:45:03 AM,614.2,0,0.0,26294329.499999996
2025-08-01 09:45:03 AM,614.2,2,1228.4,26295557.899999995
2025-08-01 09:45:05 AM,614.5,0,0.0,26295557.899999995
2025-08-01 09:45:10 AM,614.5,25,15362.5,26310920.399999995
2025-08-01 09:45:16 AM,614.2,0,0.0,26310920.399999995
2025-08-01 09:45:16 AM,614.2,20,12284.0,26323204.399999995
2025-08-01 09:45:18 AM,614.0,370,227180.0,26550384.399999995
2025-08-01 09:45:21 AM,613.9,0,0.0,26550384.399999995
2025-08-01 09:45:23 AM,613.9,20,12278.0,26562662.399999995
2025-08-01 09:45:35 AM,613.9,51,31308.899999999998,26593971.299999993
2025-08-01 09:45:48 AM,614.0,0,0.0,26593971.299999993
2025-08-01 09:45:49 AM,614.0,47,28858.0,26622829.299999993
2025-08-01 09:45:52 AM,614.15,0,0.0,26622829.299999993
2025-08-01 09:45:55 AM,614.15,1,614.15,26623443.44999999
2025-08-01 09:45:58 AM,613.85,0,0.0,26623443.44999999
2025-08-01 09:46:01 AM,613.85,300,184155.0,26807598.44999999
2025-08-01 09:46:08 AM,613.85,2,1227.7,26808826.14999999
2025-08-01 09:46:21 AM,613.7,0,0.0,26808826.14999999
2025-08-01 09:46:21 AM,613.7,1,613.7,26809439.84999999
2025-08-01 09:46:26 AM,613.1,0,0.0,26809439.84999999
2025-08-01 09:46:27 AM,613.1,113,69280.3,26878720.14999999
2025-08-01 09:46:29 AM,613.65,0,0.0,26878720.14999999
2025-08-01 09:46:29 AM,613.65,1,613.65,26879333.79999999
2025-08-01 09:46:39 AM,612.55,0,0.0,26879333.79999999
2025-08-01 09:46:40 AM,612.55,1000,612550.0,27491883.79999999
2025-08-01 09:46:50 AM,613.25,0,0.0,27491883.79999999
2025-08-01 09:46:53 AM,613.25,1,613.25,27492497.04999999
2025-08-01 09:46:59 AM,613.35,1,613.35,27493110.39999999
2025-08-01 09:47:34 AM,612.9,0,0.0,27493110.39999999
2025-08-01 09:47:36 AM,612.9,8,4903.2,27498013.59999999
2025-08-01 09:47:39 AM,613.3,2,1226.6,27499240.19999999
2025-08-01 09:47:43 AM,613.3,3,1839.8999999999999,27501080.09999999
2025-08-01 09:47:46 AM,612.8,50,30639.999999999996,27531720.09999999
2025-08-01 09:47:48 AM,613.35,0,0.0,27531720.09999999
2025-08-01 09:47:50 AM,612.8,201,123172.79999999999,27654892.89999999
2025-08-01 09:47:52 AM,612.7,818,501188.60000000003,28156081.499999993
2025-08-01 09:48:03 AM,613.0,50,30650.0,28186731.499999993
2025-08-01 09:48:09 AM,612.95,0,0.0,28186731.499999993
2025-08-01 09:48:10 AM,612.95,18,11033.1,28197764.599999994
2025-08-01 09:48:20 AM,612.8,0,0.0,28197764.599999994
2025-08-01 09:48:22 AM,613.0,63,38619.0,28236383.599999994
2025-08-01 09:48:35 AM,613.65,80,49092.0,28285475.599999994
2025-08-01 09:48:48 AM,612.9,0,0.0,28285475.599999994
2025-08-01 09:48:48 AM,612.9,988,605545.2,28891020.799999993
2025-08-01 09:48:51 AM,613.4,1,613.4,28891634.19999999
2025-08-01 09:48:56 AM,612.65,0,0.0,28891634.19999999
2025-08-01 09:48:57 AM,612.85,922,565047.7000000001,29456681.89999999
2025-08-01 09:49:03 AM,612.85,27,16546.95,29473228.84999999
2025-08-01 09:49:08 AM,612.35,0,0.0,29473228.84999999
2025-08-01 09:49:10 AM,612.35,110,67358.5,29540587.34999999
2025-08-01 09:49:20 AM,612.8,2,1225.6,29541812.94999999
2025-08-01 09:49:22 AM,612.8,123,75374.4,29617187.34999999
2025-08-01 09:49:49 AM,613.0,0,0.0,29617187.34999999
2025-08-01 09:49:51 AM,613.0,3507,2149791.0,31766978.34999999
2025-08-01 09:49:56 AM,613.7,0,0.0,31766978.34999999
2025-08-01 09:49:57 AM,613.95,340,208743.00000000003,31975721.34999999
2025-08-01 09:50:29 AM,613.05,800,490439.99999999994,32466161.34999999
2025-08-01 09:50:32 AM,613.2,1,613.2,32466774.54999999
2025-08-01 09:50:43 AM,613.5,0,0.0,32466774.54999999
2025-08-01 09:50:44 AM,613.5,1,613.5,32467388.04999999
2025-08-01 09:50:50 AM,613.85,5,3069.25,32470457.29999999
2025-08-01 09:50:54 AM,613.5,0,0.0,32470457.29999999
2025-08-01 09:50:54 AM,613.5,45,27607.5,32498064.79999999
2025-08-01 09:51:09 AM,613.5,56,34356.0,32532420.79999999
2025-08-01 09:51:20 AM,613.5,2,1227.0,32533647.79999999
2025-08-01 09:51:37 AM,613.2,0,0.0,32533647.79999999
2025-08-01 09:51:38 AM,613.2,21,12877.2,32546524.99999999
2025-08-01 09:51:45 AM,613.15,25,15328.75,32561853.74999999
2025-08-01 09:51:46 AM,613.0,0,0.0,32561853.74999999
2025-08-01 09:51:47 AM,613.0,244,149572.0,32711425.74999999
2025-08-01 09:51:51 AM,612.8,46,28188.8,32739614.54999999
2025-08-01 09:51:53 AM,612.9,0,0.0,32739614.54999999
2025-08-01 09:51:55 AM,613.35,0,0.0,32739614.54999999
2025-08-01 09:51:57 AM,613.35,249,152724.15,32892338.699999988
2025-08-01 09:51:59 AM,613.0,0,0.0,32892338.699999988
2025-08-01 09:52:00 AM,613.0,1,613.0,32892951.699999988
2025-08-01 09:52:03 AM,613.45,0,0.0,32892951.699999988
2025-08-01 09:52:03 AM,613.45,11,6747.950000000001,32899699.649999987
2025-08-01 09:52:15 AM,613.4,0,0.0,32899699.649999987
2025-08-01 09:52:15 AM,613.4,2,1226.8,32900926.449999988
2025-08-01 09:52:21 AM,613.9,500,306950.0,33207876.449999988
2025-08-01 09:52:36 AM,613.75,30,18412.5,33226288.949999988
2025-08-01 09:53:00 AM,613.55,4,2454.2,33228743.149999987
2025-08-01 09:53:08 AM,613.3,0,0.0,33228743.149999987
2025-08-01 09:53:10 AM,613.3,8,4906.4,33233649.549999986
2025-08-01 09:53:12 AM,613.6,0,0.0,33233649.549999986
2025-08-01 09:53:15 AM,613.2,0,0.0,33233649.549999986
2025-08-01 09:53:16 AM,613.2,31,19009.2,33252658.749999985
2025-08-01 09:53:28 AM,613.05,0,0.0,33252658.749999985
2025-08-01 09:53:29 AM,613.05,1,613.05,33253271.799999986
2025-08-01 09:53:48 AM,613.35,2,1226.7,33254498.499999985
2025-08-01 09:54:25 AM,613.75,0,0.0,33254498.499999985
2025-08-01 09:54:25 AM,613.75,200,122750.0,33377248.499999985
2025-08-01 09:54:31 AM,613.35,1,613.35,33377861.849999987
2025-08-01 09:54:43 AM,613.4,1,613.4,33378475.249999985
2025-08-01 09:54:49 AM,613.85,75,46038.75,33424513.999999985
2025-08-01 09:55:14 AM,613.05,0,0.0,33424513.999999985
2025-08-01 09:55:17 AM,613.15,0,0.0,33424513.999999985
2025-08-01 09:55:18 AM,613.15,541,331714.14999999997,33756228.14999998
2025-08-01 09:55:39 AM,613.5,0,0.0,33756228.14999998
2025-08-01 09:55:42 AM,613.5,10,6135.0,33762363.14999998
2025-08-01 09:56:13 AM,613.5,105,64417.5,33826780.64999998
2025-08-01 09:56:20 AM,613.5,20,12270.0,33839050.64999998
2025-08-01 09:56:28 AM,613.2,0,0.0,33839050.64999998
2025-08-01 09:56:30 AM,613.2,50,30660.000000000004,33869710.64999998
2025-08-01 09:57:00 AM,613.2,25,15330.000000000002,33885040.64999998
2025-08-01 09:57:06 AM,613.5,0,0.0,33885040.64999998
2025-08-01 09:57:07 AM,613.5,100,61350.0,33946390.64999998
2025-08-01 09:57:13 AM,613.2,12,7358.400000000001,33953749.04999998
2025-08-01 09:58:12 AM,613.2,80,49056.0,34002805.04999998
2025-08-01 09:58:45 AM,613.5,3,1840.5,34004645.54999998
2025-08-01 09:58:51 AM,613.5,4,2454.0,34007099.54999998
2025-08-01 09:58:54 AM,613.5,20,12270.0,34019369.54999998
2025-08-01 09:58:57 AM,613.5,1,613.5,34019983.04999998
2025-08-01 09:59:16 AM,613.2,100,61320.00000000001,34081303.04999998
2025-08-01 09:59:19 AM,613.2,275,168630.0,34249933.04999998
2025-08-01 09:59:26 AM,613.2,2,1226.4,34251159.44999998
2025-08-01 09:59:47 AM,613.5,5,3067.5,34254226.94999998
2025-08-01 09:59:53 AM,613.0,0,0.0,34254226.94999998
2025-08-01 09:59:53 AM,613.0,100,61300.0,34315526.94999998
2025-08-01 10:00:05 AM,613.45,3,1840.3500000000001,34317367.29999998
2025-08-01 10:00:09 AM,613.4,9,5520.599999999999,34322887.89999998
2025-08-01 10:00:16 AM,613.4,20,12268.0,34335155.89999998
2025-08-01 10:00:22 AM,613.0,100,61300.0,34396455.89999998
2025-08-01 10:00:28 AM,613.0,32,19616.0,34416071.89999998
2025-08-01 10:00:57 AM,613.0,65,39845.0,34455916.89999998
2025-08-01 10:01:03 AM,613.25,1,613.25,34456530.14999998
2025-08-01 10:01:12 AM,613.25,1,613.25,34457143.39999998
2025-08-01 10:01:19 AM,613.25,20,12265.0,34469408.39999998
2025-08-01 10:01:22 AM,613.3,50,30664.999999999996,34500073.39999998
2025-08-01 10:01:24 AM,613.25,0,0.0,34500073.39999998
2025-08-01 10:01:25 AM,613.25,107,65617.75,34565691.14999998
2025-08-01 10:01:34 AM,613.2,5,3066.0,34568757.14999998
2025-08-01 10:01:43 AM,613.2,10,6132.0,34574889.14999998
2025-08-01 10:01:55 AM,613.2,10,6132.0,34581021.14999998
2025-08-01 10:02:08 AM,612.9,0,0.0,34581021.14999998
2025-08-01 10:02:11 AM,613.3,0,0.0,34581021.14999998
2025-08-01 10:02:12 AM,613.3,11,6746.299999999999,34587767.44999998
2025-08-01 10:02:20 AM,613.3,4,2453.2,34590220.64999998
2025-08-01 10:02:21 AM,613.25,0,0.0,34590220.64999998
2025-08-01 10:02:24 AM,613.25,5,3066.25,34593286.89999998
2025-08-01 10:02:29 AM,613.35,0,0.0,34593286.89999998
2025-08-01 10:02:31 AM,613.35,1,613.35,34593900.249999985
2025-08-01 10:02:37 AM,613.35,2,1226.7,34595126.94999999
2025-08-01 10:02:42 AM,613.25,0,0.0,34595126.94999999
2025-08-01 10:02:43 AM,613.25,14,8585.5,34603712.44999999
2025-08-01 10:02:45 AM,613.35,100,61335.0,34665047.44999999
2025-08-01 10:02:56 AM,613.35,1,613.35,34665660.79999999
2025-08-01 10:03:02 AM,612.95,100,61295.00000000001,34726955.79999999
2025-08-01 10:03:07 AM,613.3,0,0.0,34726955.79999999
2025-08-01 10:03:08 AM,613.5,816,500616.0,35227571.79999999
2025-08-01 10:03:15 AM,613.35,0,0.0,35227571.79999999
2025-08-01 10:03:15 AM,613.35,32,19627.2,35247198.99999999
2025-08-01 10:03:28 AM,613.35,15,9200.25,35256399.24999999
2025-08-01 10:03:30 AM,613.35,30,18400.5,35274799.74999999
2025-08-01 10:03:59 AM,613.35,2,1226.7,35276026.449999996
2025-08-01 10:04:24 AM,613.35,8,4906.8,35280933.24999999
2025-08-01 10:04:31 AM,613.35,1,613.35,35281546.599999994
2025-08-01 10:04:39 AM,613.35,4,2453.4,35283999.99999999
2025-08-01 10:04:51 AM,613.2,50,30660.000000000004,35314659.99999999
2025-08-01 10:04:56 AM,613.35,53,32507.550000000003,35347167.54999999
2025-08-01 10:04:58 AM,613.0,0,0.0,35347167.54999999
2025-08-01 10:04:58 AM,613.0,1,613.0,35347780.54999999
2025-08-01 10:05:07 AM,613.35,0,0.0,35347780.54999999
2025-08-01 10:05:08 AM,613.35,25,15333.75,35363114.29999999
2025-08-01 10:05:10 AM,613.35,1,613.35,35363727.64999999
2025-08-01 10:05:28 AM,612.95,0,0.0,35363727.64999999
2025-08-01 10:05:29 AM,612.95,7,4290.650000000001,35368018.29999999
2025-08-01 10:05:51 AM,613.3,1,613.3,35368631.59999999
2025-08-01 10:05:55 AM,613.35,0,0.0,35368631.59999999
2025-08-01 10:05:57 AM,613.35,11,6746.85,35375378.44999999
2025-08-01 10:06:05 AM,613.1,0,0.0,35375378.44999999
2025-08-01 10:06:05 AM,613.4,113,69314.2,35444692.64999999
2025-08-01 10:06:34 AM,613.4,5,3067.0,35447759.64999999
2025-08-01 10:06:46 AM,613.15,11,6744.65,35454504.29999999
2025-08-01 10:06:50 AM,613.3,15,9199.5,35463703.79999999
2025-08-01 10:06:52 AM,613.1,6,3678.6000000000004,35467382.39999999
2025-08-01 10:06:57 AM,613.1,29,17779.9,35485162.29999999
2025-08-01 10:07:03 AM,613.1,28,17166.8,35502329.09999999
2025-08-01 10:07:09 AM,613.1,1,613.1,35502942.19999999
2025-08-01 10:07:15 AM,613.1,26,15940.6,35518882.79999999
2025-08-01 10:07:28 AM,613.35,0,0.0,35518882.79999999
2025-08-01 10:07:28 AM,613.35,12,7360.200000000001,35526242.99999999
2025-08-01 10:07:35 AM,613.4,0,0.0,35526242.99999999
2025-08-01 10:07:36 AM,613.4,1,613.4,35526856.39999999
2025-08-01 10:07:40 AM,613.1,0,0.0,35526856.39999999
2025-08-01 10:07:40 AM,613.1,76,46595.6,35573451.99999999
2025-08-01 10:07:42 AM,613.1,15,9196.5,35582648.49999999
2025-08-01 10:07:45 AM,613.4,0,0.0,35582648.49999999
2025-08-01 10:07:46 AM,613.4,2,1226.8,35583875.29999999
2025-08-01 10:07:50 AM,613.1,0,0.0,35583875.29999999
2025-08-01 10:07:52 AM,613.1,29,17779.9,35601655.19999999
2025-08-01 10:08:05 AM,613.1,2,1226.2,35602881.39999999
2025-08-01 10:08:06 AM,612.7,88,53917.600000000006,35656798.99999999
2025-08-01 10:08:45 AM,612.65,0,0.0,35656798.99999999
2025-08-01 10:08:47 AM,612.65,50,30632.5,35687431.49999999
2025-08-01 10:08:59 AM,612.7,1,612.7,35688044.199999996
2025-08-01 10:09:34 AM,613.05,0,0.0,35688044.199999996
2025-08-01 10:09:34 AM,613.05,5,3065.25,35691109.449999996
2025-08-01 10:09:59 AM,613.05,1,613.05,35691722.49999999
2025-08-01 10:10:15 AM,612.7,27,16542.9,35708265.39999999
2025-08-01 10:10:20 AM,613.1,80,49048.0,35757313.39999999
2025-08-01 10:10:28 AM,613.05,0,0.0,35757313.39999999
2025-08-01 10:10:28 AM,613.05,5,3065.25,35760378.64999999
2025-08-01 10:10:32 AM,613.2,35,21462.0,35781840.64999999
2025-08-01 10:10:34 AM,613.2,18,11037.6,35792878.24999999
2025-08-01 10:10:57 AM,613.15,0,0.0,35792878.24999999
2025-08-01 10:10:58 AM,613.15,1,613.15,35793491.39999999
2025-08-01 10:11:44 AM,613.2,9,5518.8,35799010.19999999
2025-08-01 10:12:06 AM,613.15,0,0.0,35799010.19999999
2025-08-01 10:12:07 AM,613.15,44,26978.6,35825988.79999999
2025-08-01 10:12:15 AM,613.1,0,0.0,35825988.79999999
2025-08-01 10:12:18 AM,613.1,1,613.1,35826601.89999999
2025-08-01 10:12:24 AM,613.1,7,4291.7,35830893.599999994
2025-08-01 10:12:40 AM,613.15,0,0.0,35830893.599999994
2025-08-01 10:12:41 AM,613.15,114,69899.09999999999,35900792.699999996
2025-08-01 10:12:49 AM,613.4,0,0.0,35900792.699999996
2025-08-01 10:12:53 AM,613.4,1,613.4,35901406.099999994
2025-08-01 10:13:10 AM,613.5,0,0.0,35901406.099999994
2025-08-01 10:13:11 AM,613.5,50,30675.0,35932081.099999994
2025-08-01 10:13:22 AM,613.15,55,33723.25,35965804.349999994
2025-08-01 10:13:41 AM,612.9,2,1225.8,35967030.14999999
2025-08-01 10:14:15 AM,612.9,20,12258.0,35979288.14999999
2025-08-01 10:14:21 AM,612.9,199,121967.09999999999,36101255.24999999
2025-08-01 10:14:51 AM,613.3,5,3066.5,36104321.74999999
2025-08-01 10:14:56 AM,612.9,0,0.0,36104321.74999999
2025-08-01 10:14:56 AM,612.9,46,28193.399999999998,36132515.14999999
2025-08-01 10:15:29 AM,613.25,0,0.0,36132515.14999999
2025-08-01 10:15:31 AM,613.25,5,3066.25,36135581.39999999
2025-08-01 10:15:49 AM,613.25,6,3679.5,36139260.89999999
2025-08-01 10:15:55 AM,612.9,56,34322.4,36173583.29999999
2025-08-01 10:16:18 AM,613.25,0,0.0,36173583.29999999
2025-08-01 10:16:18 AM,613.25,25,15331.25,36188914.54999999
2025-08-01 10:16:42 AM,613.25,2,1226.5,36190141.04999999
2025-08-01 10:16:47 AM,613.25,25,15331.25,36205472.29999999
2025-08-01 10:17:02 AM,613.4,0,0.0,36205472.29999999
2025-08-01 10:17:04 AM,613.4,2948,1808303.2,38013775.49999999
2025-08-01 10:17:18 AM,613.35,0,0.0,38013775.49999999
2025-08-01 10:17:21 AM,613.35,435,266807.25,38280582.74999999
2025-08-01 10:17:23 AM,613.05,0,0.0,38280582.74999999
2025-08-01 10:17:27 AM,613.05,50,30652.499999999996,38311235.24999999
2025-08-01 10:17:44 AM,613.45,0,0.0,38311235.24999999
2025-08-01 10:17:44 AM,613.45,1,613.45,38311848.699999996
2025-08-01 10:18:08 AM,613.45,5,3067.25,38314915.949999996
2025-08-01 10:18:11 AM,613.1,0,0.0,38314915.949999996
2025-08-01 10:18:13 AM,613.1,25,15327.5,38330243.449999996
2025-08-01 10:18:31 AM,613.1,1,613.1,38330856.55
2025-08-01 10:18:44 AM,612.9,0,0.0,38330856.55
2025-08-01 10:18:48 AM,612.9,200,122580.0,38453436.55
2025-08-01 10:18:57 AM,612.8,0,0.0,38453436.55
2025-08-01 10:18:58 AM,613.35,0,0.0,38453436.55
2025-08-01 10:18:59 AM,613.35,57,34960.950000000004,38488397.5
2025-08-01 10:19:17 AM,613.35,5,3066.75,38491464.25
2025-08-01 10:19:28 AM,613.35,1,613.35,38492077.6
2025-08-01 10:19:52 AM,613.35,2,1226.7,38493304.300000004
2025-08-01 10:20:14 AM,613.55,120,73626.0,38566930.300000004
2025-08-01 10:20:23 AM,613.05,0,0.0,38566930.300000004
2025-08-01 10:20:25 AM,613.05,31,19004.55,38585934.85
2025-08-01 10:20:51 AM,613.05,1,613.05,38586547.9
2025-08-01 10:20:58 AM,613.4,0,0.0,38586547.9
2025-08-01 10:21:00 AM,613.4,2,1226.8,38587774.699999996
2025-08-01 10:21:02 AM,613.0,0,0.0,38587774.699999996
2025-08-01 10:21:02 AM,613.0,4,2452.0,38590226.699999996
2025-08-01 10:21:30 AM,613.4,0,0.0,38590226.699999996
2025-08-01 10:21:30 AM,613.4,4,2453.6,38592680.3
2025-08-01 10:21:51 AM,613.0,0,0.0,38592680.3
2025-08-01 10:21:52 AM,613.0,1,613.0,38593293.3
2025-08-01 10:21:56 AM,612.85,100,61285.0,38654578.3
2025-08-01 10:21:57 AM,613.4,0,0.0,38654578.3
2025-08-01 10:21:58 AM,613.4,10,6134.0,38660712.3
2025-08-01 10:22:21 AM,613.5,0,0.0,38660712.3
2025-08-01 10:22:21 AM,613.5,9,5521.5,38666233.8
2025-08-01 10:22:25 AM,613.5,10,6135.0,38672368.8
2025-08-01 10:22:36 AM,613.6,10,6136.0,38678504.8
2025-08-01 10:23:06 AM,613.55,0,0.0,38678504.8
2025-08-01 10:23:06 AM,613.55,8,4908.4,38683413.199999996
2025-08-01 10:23:39 AM,613.6,0,0.0,38683413.199999996
2025-08-01 10:23:41 AM,613.6,9,5522.400000000001,38688935.599999994
2025-08-01 10:23:57 AM,613.5,0,0.0,38688935.599999994
2025-08-01 10:23:58 AM,613.5,30,18405.0,38707340.599999994
2025-08-01 10:24:11 AM,613.5,10,6135.0,38713475.599999994
2025-08-01 10:24:13 AM,613.1,0,0.0,38713475.599999994
2025-08-01 10:24:14 AM,613.1,2,1226.2,38714701.8
2025-08-01 10:24:20 AM,613.55,1,613.55,38715315.349999994
2025-08-01 10:24:32 AM,613.55,1,613.55,38715928.89999999
2025-08-01 10:25:00 AM,613.55,2,1227.1,38717155.99999999
2025-08-01 10:25:15 AM,613.4,0,0.0,38717155.99999999
2025-08-01 10:25:15 AM,613.4,1,613.4,38717769.39999999
2025-08-01 10:25:25 AM,613.15,0,0.0,38717769.39999999
2025-08-01 10:25:27 AM,613.15,5,3065.75,38720835.14999999
2025-08-01 10:25:35 AM,613.4,80,49072.0,38769907.14999999
2025-08-01 10:25:38 AM,613.4,204,125133.59999999999,38895040.74999999
2025-08-01 10:26:00 AM,613.25,0,0.0,38895040.74999999
2025-08-01 10:26:00 AM,613.25,10,6132.5,38901173.24999999
2025-08-01 10:26:01 AM,613.2,0,0.0,38901173.24999999
2025-08-01 10:26:02 AM,613.2,5,3066.0,38904239.24999999
2025-08-01 10:26:36 AM,613.6,0,0.0,38904239.24999999
2025-08-01 10:26:36 AM,613.6,4,2454.4,38906693.64999999
2025-08-01 10:26:51 AM,613.6,4,2454.4,38909148.04999999
2025-08-01 10:27:11 AM,613.6,25,15340.0,38924488.04999999
2025-08-01 10:27:21 AM,613.5,0,0.0,38924488.04999999
2025-08-01 10:27:22 AM,613.5,5,3067.5,38927555.54999999
2025-08-01 10:27:30 AM,613.5,25,15337.5,38942893.04999999
2025-08-01 10:27:39 AM,613.5,6,3681.0,38946574.04999999
2025-08-01 10:27:52 AM,613.25,81,49673.25,38996247.29999999
2025-08-01 10:28:08 AM,613.25,25,15331.25,39011578.54999999
2025-08-01 10:28:11 AM,613.5,0,0.0,39011578.54999999
2025-08-01 10:28:11 AM,613.5,10,6135.0,39017713.54999999
2025-08-01 10:28:16 AM,613.25,0,0.0,39017713.54999999
2025-08-01 10:28:17 AM,613.25,25,15331.25,39033044.79999999
2025-08-01 10:28:44 AM,613.25,3,1839.75,39034884.54999999
2025-08-01 10:29:10 AM,612.85,292,178952.2,39213836.74999999
2025-08-01 10:29:59 AM,613.0,0,0.0,39213836.74999999
2025-08-01 10:29:59 AM,613.0,2,1226.0,39215062.74999999
2025-08-01 10:30:02 AM,613.0,1,613.0,39215675.74999999
2025-08-01 10:30:05 AM,613.0,1,613.0,39216288.74999999
2025-08-01 10:30:19 AM,612.7,8,4901.6,39221190.349999994
2025-08-01 10:30:28 AM,613.0,10,6130.0,39227320.349999994
2025-08-01 10:30:42 AM,613.0,5,3065.0,39230385.349999994
2025-08-01 10:30:56 AM,613.0,4,2452.0,39232837.349999994
2025-08-01 10:31:18 AM,612.7,0,0.0,39232837.349999994
2025-08-01 10:31:19 AM,613.0,38,23294.0,39256131.349999994
2025-08-01 10:31:34 AM,613.1,2,1226.2,39257357.55
2025-08-01 10:32:01 AM,613.0,0,0.0,39257357.55
2025-08-01 10:32:03 AM,613.0,14,8582.0,39265939.55
2025-08-01 10:32:10 AM,612.75,42,25735.5,39291675.05
2025-08-01 10:32:23 AM,613.2,10,6132.0,39297807.05
2025-08-01 10:32:28 AM,613.0,0,0.0,39297807.05
2025-08-01 10:32:29 AM,613.0,26,15938.0,39313745.05
2025-08-01 10:32:39 AM,613.0,1,613.0,39314358.05
2025-08-01 10:32:56 AM,612.75,5,3063.75,39317421.8
2025-08-01 10:32:59 AM,613.0,1,613.0,39318034.8
2025-08-01 10:33:19 AM,613.0,10,6130.0,39324164.8
2025-08-01 10:33:36 AM,613.2,0,0.0,39324164.8
2025-08-01 10:33:37 AM,613.2,5,3066.0,39327230.8
2025-08-01 10:33:51 AM,613.25,0,0.0,39327230.8
2025-08-01 10:33:52 AM,613.25,1,613.25,39327844.05
2025-08-01 10:33:58 AM,613.25,25,15331.25,39343175.3
2025-08-01 10:34:15 AM,613.25,1,613.25,39343788.55
2025-08-01 10:34:28 AM,613.0,0,0.0,39343788.55
2025-08-01 10:34:28 AM,613.0,4,2452.0,39346240.55
2025-08-01 10:35:03 AM,613.25,0,0.0,39346240.55
2025-08-01 10:35:06 AM,613.25,21,12878.25,39359118.8
2025-08-01 10:35:11 AM,613.0,0,0.0,39359118.8
2025-08-01 10:35:12 AM,613.0,2,1226.0,39360344.8
2025-08-01 10:35:34 AM,613.0,8,4904.0,39365248.8
2025-08-01 10:35:40 AM,613.0,10,6130.0,39371378.8
2025-08-01 10:36:10 AM,613.0,5,3065.0,39374443.8
2025-08-01 10:36:16 AM,613.25,3,1839.75,39376283.55
2025-08-01 10:36:19 AM,613.25,1,613.25,39376896.8
2025-08-01 10:36:47 AM,613.25,7,4292.75,39381189.55
2025-08-01 10:36:49 AM,613.25,6,3679.5,39384869.05
2025-08-01 10:37:04 AM,613.25,10,6132.5,39391001.55
2025-08-01 10:37:19 AM,613.2,0,0.0,39391001.55
2025-08-01 10:37:19 AM,613.2,1,613.2,39391614.75
2025-08-01 10:37:25 AM,612.9,624,382449.6,39774064.35
2025-08-01 10:37:27 AM,613.2,72,44150.4,39818214.75
2025-08-01 10:37:30 AM,612.65,300,183795.0,40002009.75
2025-08-01 10:37:58 AM,612.75,0,0.0,40002009.75
2025-08-01 10:37:58 AM,612.75,2,1225.5,40003235.25
2025-08-01 10:39:03 AM,613.15,1,613.15,40003848.4
2025-08-01 10:39:39 AM,613.0,0,0.0,40003848.4
2025-08-01 10:39:39 AM,613.0,100,61300.0,40065148.4
2025-08-01 10:39:50 AM,612.75,50,30637.5,40095785.9
2025-08-01 10:40:10 AM,612.75,10,6127.5,40101913.4
2025-08-01 10:40:28 AM,613.0,0,0.0,40101913.4
2025-08-01 10:40:29 AM,613.0,2,1226.0,40103139.4
2025-08-01 10:40:35 AM,613.0,2,1226.0,40104365.4
2025-08-01 10:40:43 AM,613.0,2,1226.0,40105591.4
2025-08-01 10:40:54 AM,613.0,2,1226.0,40106817.4
2025-08-01 10:41:19 AM,613.2,30,18396.0,40125213.4
2025-08-01 10:41:24 AM,613.2,2,1226.4,40126439.8
2025-08-01 10:41:34 AM,613.2,1,613.2,40127053.0
2025-08-01 10:41:36 AM,613.0,0,0.0,40127053.0
2025-08-01 10:41:40 AM,613.25,600,367950.0,40495003.0
2025-08-01 10:41:50 AM,613.15,2,1226.3,40496229.3
2025-08-01 10:42:24 AM,613.1,3,1839.3000000000002,40498068.599999994
2025-08-01 10:42:42 AM,612.65,100,61265.0,40559333.599999994
2025-08-01 10:42:57 AM,612.95,1,612.95,40559946.55
2025-08-01 10:43:06 AM,612.65,0,0.0,40559946.55
2025-08-01 10:43:08 AM,612.65,32,19604.8,40579551.349999994
2025-08-01 10:44:40 AM,613.1,0,0.0,40579551.349999994
2025-08-01 10:44:41 AM,613.15,0,0.0,40579551.349999994
2025-08-01 10:44:41 AM,613.15,10,6131.5,40585682.849999994
2025-08-01 10:44:54 AM,613.15,5,3065.75,40588748.599999994
2025-08-01 10:44:57 AM,613.15,119,72964.84999999999,40661713.449999996
2025-08-01 10:45:02 AM,613.15,381,233610.15,40895323.599999994
2025-08-01 10:45:18 AM,612.7,0,0.0,40895323.599999994
2025-08-01 10:45:20 AM,612.7,71,43501.700000000004,40938825.3
2025-08-01 10:45:21 AM,612.2,0,0.0,40938825.3
2025-08-01 10:45:22 AM,611.4,0,0.0,40938825.3
2025-08-01 10:45:22 AM,611.4,1477,903037.7999999999,41841863.099999994
2025-08-01 10:45:53 AM,611.1,0,0.0,41841863.099999994
2025-08-01 10:45:54 AM,611.1,193,117942.3,41959805.39999999
2025-08-01 10:46:00 AM,611.4,0,0.0,41959805.39999999
2025-08-01 10:46:00 AM,611.4,100,61140.0,42020945.39999999
2025-08-01 10:46:23 AM,611.0,40,24440.0,42045385.39999999
2025-08-01 10:46:34 AM,611.0,25,15275.0,42060660.39999999
2025-08-01 10:46:42 AM,610.75,0,0.0,42060660.39999999
2025-08-01 10:46:44 AM,611.05,0,0.0,42060660.39999999
2025-08-01 10:46:45 AM,610.65,0,0.0,42060660.39999999
2025-08-01 10:46:45 AM,610.65,2075,1267098.75,43327759.14999999
2025-08-01 10:46:56 AM,610.65,50,30532.5,43358291.64999999
2025-08-01 10:47:12 AM,610.65,8,4885.2,43363176.849999994
2025-08-01 10:47:18 AM,610.65,30,18319.5,43381496.349999994
2025-08-01 10:47:23 AM,610.8,2,1221.6,43382717.949999996
2025-08-01 10:47:39 AM,610.65,15,9159.75,43391877.699999996
2025-08-01 10:47:47 AM,610.65,19,11602.35,43403480.05
2025-08-01 10:47:52 AM,610.4,0,0.0,43403480.05
2025-08-01 10:47:52 AM,610.4,101,61650.399999999994,43465130.449999996
2025-08-01 10:47:55 AM,610.75,0,0.0,43465130.449999996
2025-08-01 10:47:55 AM,610.75,1,610.75,43465741.199999996
2025-08-01 10:48:01 AM,610.65,1,610.65,43466351.849999994
2025-08-01 10:48:03 AM,610.75,0,0.0,43466351.849999994
2025-08-01 10:48:03 AM,610.75,40,24430.0,43490781.849999994
2025-08-01 10:48:11 AM,611.05,100,61104.99999999999,43551886.849999994
2025-08-01 10:49:01 AM,611.05,25,15276.249999999998,43567163.099999994
2025-08-01 10:49:13 AM,610.75,25,15268.75,43582431.849999994
2025-08-01 10:50:17 AM,611.1,1,611.1,43583042.949999996
2025-08-01 10:50:18 AM,610.75,12,7329.0,43590371.949999996
2025-08-01 10:50:33 AM,610.75,47,28705.25,43619077.199999996
2025-08-01 10:50:45 AM,611.1,44,26888.4,43645965.599999994
2025-08-01 10:50:48 AM,611.15,0,0.0,43645965.599999994
2025-08-01 10:50:50 AM,611.15,10,6111.5,43652077.099999994
2025-08-01 10:51:07 AM,611.1,0,0.0,43652077.099999994
2025-08-01 10:51:08 AM,611.1,2,1222.2,43653299.3
2025-08-01 10:51:15 AM,611.15,0,0.0,43653299.3
2025-08-01 10:51:19 AM,611.15,52,31779.8,43685079.099999994
2025-08-01 10:51:46 AM,611.15,67,40947.049999999996,43726026.14999999
2025-08-01 10:51:59 AM,610.85,0,0.0,43726026.14999999
2025-08-01 10:52:02 AM,611.15,8,4889.2,43730915.349999994
2025-08-01 10:52:10 AM,610.75,0,0.0,43730915.349999994
2025-08-01 10:52:13 AM,610.75,50,30537.5,43761452.849999994
2025-08-01 10:52:24 AM,611.1,50,30555.0,43792007.849999994
2025-08-01 10:52:29 AM,611.1,20,12222.0,43804229.849999994
2025-08-01 10:52:31 AM,611.15,0,0.0,43804229.849999994
2025-08-01 10:52:34 AM,611.15,130,79449.5,43883679.349999994
2025-08-01 10:52:39 AM,611.6,0,0.0,43883679.349999994
2025-08-01 10:52:40 AM,611.15,727,444306.05,44327985.39999999
2025-08-01 10:52:54 AM,611.25,0,0.0,44327985.39999999
2025-08-01 10:52:56 AM,611.25,15,9168.75,44337154.14999999
2025-08-01 10:53:15 AM,611.65,0,0.0,44337154.14999999
2025-08-01 10:53:16 AM,611.25,27,16503.75,44353657.89999999
2025-08-01 10:53:38 AM,611.25,5,3056.25,44356714.14999999
2025-08-01 10:54:00 AM,611.15,20,12223.0,44368937.14999999
2025-08-01 10:54:21 AM,611.45,0,0.0,44368937.14999999
2025-08-01 10:54:21 AM,611.45,10,6114.5,44375051.64999999
2025-08-01 10:54:37 AM,611.05,0,0.0,44375051.64999999
2025-08-01 10:54:37 AM,611.05,7,4277.349999999999,44379328.99999999
2025-08-01 10:55:08 AM,611.05,4,2444.2,44381773.199999996
2025-08-01 10:55:45 AM,611.4,0,0.0,44381773.199999996
2025-08-01 10:55:47 AM,611.4,1,611.4,44382384.599999994
2025-08-01 10:56:17 AM,611.5,0,0.0,44382384.599999994
2025-08-01 10:56:18 AM,611.5,100,61150.0,44443534.599999994
2025-08-01 10:56:27 AM,610.5,0,0.0,44443534.599999994
2025-08-01 10:56:28 AM,610.5,2514,1534797.0,45978331.599999994
2025-08-01 10:56:40 AM,610.0,659,401990.0,46380321.599999994
2025-08-01 10:56:45 AM,610.65,378,230825.69999999998,46611147.3
2025-08-01 10:56:46 AM,610.6,80,48848.0,46659995.3
2025-08-01 10:58:01 AM,611.2,0,0.0,46659995.3
2025-08-01 10:58:04 AM,611.2,1,611.2,46660606.5
2025-08-01 10:58:41 AM,611.0,0,0.0,46660606.5
2025-08-01 10:58:42 AM,611.0,4,2444.0,46663050.5
2025-08-01 10:58:45 AM,611.2,0,0.0,46663050.5
2025-08-01 10:58:47 AM,611.2,1,611.2,46663661.7
2025-08-01 10:59:03 AM,611.0,0,0.0,46663661.7
2025-08-01 10:59:03 AM,611.0,10,6110.0,46669771.7
2025-08-01 10:59:57 AM,611.2,0,0.0,46669771.7
2025-08-01 11:00:01 AM,611.2,1,611.2,46670382.900000006
2025-08-01 11:00:13 AM,611.2,5,3056.0,46673438.900000006
2025-08-01 11:00:19 AM,611.2,1,611.2,46674050.10000001
2025-08-01 11:00:24 AM,611.2,26,15891.2,46689941.30000001
2025-08-01 11:00:54 AM,611.5,0,0.0,46689941.30000001
2025-08-01 11:00:56 AM,611.5,6,3669.0,46693610.30000001
2025-08-01 11:01:01 AM,611.5,8,4892.0,46698502.30000001
2025-08-01 11:01:17 AM,611.5,10,6115.0,46704617.30000001
2025-08-01 11:01:33 AM,611.5,1,611.5,46705228.80000001
2025-08-01 11:01:49 AM,611.5,1,611.5,46705840.30000001
2025-08-01 11:02:20 AM,611.9,0,0.0,46705840.30000001
2025-08-01 11:02:20 AM,611.9,85,52011.5,46757851.80000001
2025-08-01 11:02:36 AM,611.85,0,0.0,46757851.80000001
2025-08-01 11:02:37 AM,611.85,1,611.85,46758463.65000001
2025-08-01 11:02:58 AM,611.35,100,61135.0,46819598.65000001
2025-08-01 11:03:02 AM,611.9,0,0.0,46819598.65000001
2025-08-01 11:03:03 AM,611.9,70,42833.0,46862431.65000001
2025-08-01 11:04:10 AM,611.8,0,0.0,46862431.65000001
2025-08-01 11:04:11 AM,611.8,5,3059.0,46865490.65000001
2025-08-01 11:04:18 AM,611.05,0,0.0,46865490.65000001
2025-08-01 11:04:18 AM,611.05,524,320190.19999999995,47185680.85000002
2025-08-01 11:04:20 AM,611.1,0,0.0,47185680.85000002
2025-08-01 11:04:21 AM,611.1,98,59887.8,47245568.65000001
2025-08-01 11:04:26 AM,611.7,0,0.0,47245568.65000001
2025-08-01 11:04:27 AM,611.7,1,611.7,47246180.35000002
2025-08-01 11:04:28 AM,611.75,0,0.0,47246180.35000002
2025-08-01 11:04:29 AM,611.75,2,1223.5,47247403.85000002
2025-08-01 11:04:52 AM,611.35,0,0.0,47247403.85000002
2025-08-01 11:04:52 AM,611.35,5,3056.75,47250460.60000002
2025-08-01 11:05:03 AM,611.25,0,0.0,47250460.60000002
2025-08-01 11:05:03 AM,611.25,14,8557.5,47259018.10000002
2025-08-01 11:05:07 AM,611.75,0,0.0,47259018.10000002
2025-08-01 11:05:09 AM,611.75,30,18352.5,47277370.60000002
2025-08-01 11:05:17 AM,611.8,0,0.0,47277370.60000002
2025-08-01 11:05:19 AM,611.8,10,6118.0,47283488.60000002
2025-08-01 11:05:41 AM,611.8,184,112571.2,47396059.80000002
2025-08-01 11:05:42 AM,611.85,3,1835.5500000000002,47397895.35000002
2025-08-01 11:05:52 AM,611.8,0,0.0,47397895.35000002
2025-08-01 11:05:52 AM,611.8,140,85652.0,47483547.35000002
2025-08-01 11:06:09 AM,611.85,0,0.0,47483547.35000002
2025-08-01 11:06:09 AM,611.85,11,6730.35,47490277.70000002
2025-08-01 11:06:18 AM,611.85,1,611.85,47490889.55000002
2025-08-01 11:06:20 AM,612.05,0,0.0,47490889.55000002
2025-08-01 11:06:24 AM,612.4,0,0.0,47490889.55000002
2025-08-01 11:06:24 AM,612.4,221,135340.4,47626229.95000002
2025-08-01 11:06:31 AM,612.4,1,612.4,47626842.35000002
2025-08-01 11:06:44 AM,612.4,1,612.4,47627454.750000015
2025-08-01 11:07:17 AM,612.6,38,23278.8,47650733.55000001
2025-08-01 11:07:34 AM,612.4,0,0.0,47650733.55000001
2025-08-01 11:07:34 AM,612.4,249,152487.6,47803221.15000001
2025-08-01 11:07:42 AM,612.2,0,0.0,47803221.15000001
2025-08-01 11:07:44 AM,612.2,10,6122.0,47809343.15000001
2025-08-01 11:07:52 AM,612.35,0,0.0,47809343.15000001
2025-08-01 11:07:54 AM,612.35,200,122470.0,47931813.15000001
2025-08-01 11:08:16 AM,611.85,453,277168.05,48208981.20000001
2025-08-01 11:08:17 AM,611.8,403,246555.4,48455536.60000001
2025-08-01 11:08:26 AM,611.8,11,6729.799999999999,48462266.400000006
2025-08-01 11:08:33 AM,611.55,1,611.55,48462877.95
2025-08-01 11:08:38 AM,611.55,109,66658.95,48529536.900000006
2025-08-01 11:09:19 AM,611.45,0,0.0,48529536.900000006
2025-08-01 11:09:21 AM,611.45,2,1222.9,48530759.800000004
2025-08-01 11:09:25 AM,611.1,0,0.0,48530759.800000004
2025-08-01 11:09:26 AM,611.1,245,149719.5,48680479.300000004
2025-08-01 11:09:48 AM,611.0,12,7332.0,48687811.300000004
2025-08-01 11:10:13 AM,610.9,0,0.0,48687811.300000004
2025-08-01 11:10:14 AM,610.9,90,54981.0,48742792.300000004
2025-08-01 11:10:19 AM,611.0,0,0.0,48742792.300000004
2025-08-01 11:10:20 AM,611.0,5,3055.0,48745847.300000004
2025-08-01 11:10:30 AM,611.0,49,29939.0,48775786.300000004
2025-08-01 11:10:39 AM,610.9,0,0.0,48775786.300000004
2025-08-01 11:10:41 AM,610.9,1,610.9,48776397.2
2025-08-01 11:10:42 AM,611.0,1,611.0,48777008.2
2025-08-01 11:10:47 AM,610.75,0,0.0,48777008.2
2025-08-01 11:10:47 AM,610.75,243,148412.25,48925420.45
2025-08-01 11:10:52 AM,610.8,8,4886.4,48930306.85
2025-08-01 11:11:17 AM,610.75,0,0.0,48930306.85
2025-08-01 11:11:20 AM,610.75,1,610.75,48930917.6
2025-08-01 11:11:35 AM,610.7,0,0.0,48930917.6
2025-08-01 11:11:37 AM,610.7,4,2442.8,48933360.4
2025-08-01 11:11:52 AM,610.7,4,2442.8,48935803.199999996
2025-08-01 11:12:19 AM,610.7,294,179545.80000000002,49115348.99999999
2025-08-01 11:12:43 AM,610.8,0,0.0,49115348.99999999
2025-08-01 11:12:46 AM,610.8,1,610.8,49115959.79999999
2025-08-01 11:13:05 AM,610.6,0,0.0,49115959.79999999
2025-08-01 11:13:06 AM,610.6,1,610.6,49116570.39999999
2025-08-01 11:13:12 AM,610.5,209,127594.5,49244164.89999999
2025-08-01 11:13:38 AM,610.8,0,0.0,49244164.89999999
2025-08-01 11:13:39 AM,610.8,142,86733.59999999999,49330898.49999999
2025-08-01 11:13:48 AM,610.7,0,0.0,49330898.49999999
2025-08-01 11:13:50 AM,610.7,1,610.7,49331509.199999996
2025-08-01 11:13:51 AM,610.15,681,415512.14999999997,49747021.349999994
2025-08-01 11:13:55 AM,610.15,3,1830.4499999999998,49748851.8
2025-08-01 11:14:33 AM,610.4,40,24416.0,49773267.8
2025-08-01 11:15:17 AM,610.4,8,4883.2,49778151.0
2025-08-01 11:15:48 AM,610.4,1,610.4,49778761.4
2025-08-01 11:16:21 AM,610.15,43,26236.45,49804997.85
2025-08-01 11:16:30 AM,610.15,10,6101.5,49811099.35
2025-08-01 11:16:40 AM,610.0,0,0.0,49811099.35
2025-08-01 11:16:40 AM,610.0,100,61000.0,49872099.35
2025-08-01 11:16:44 AM,609.65,0,0.0,49872099.35
2025-08-01 11:16:45 AM,609.65,137,83522.05,49955621.4
2025-08-01 11:16:47 AM,609.75,25,15243.75,49970865.15
2025-08-01 11:16:52 AM,609.65,0,0.0,49970865.15
2025-08-01 11:16:52 AM,609.65,34,20728.1,49991593.25
2025-08-01 11:17:01 AM,609.65,5,3048.25,49994641.5
2025-08-01 11:17:46 AM,610.1,0,0.0,49994641.5
2025-08-01 11:17:46 AM,610.1,1,610.1,49995251.6
2025-08-01 11:18:11 AM,609.35,228,138931.80000000002,50134183.4
2025-08-01 11:18:29 AM,609.3,4,2437.2,50136620.6
2025-08-01 11:18:40 AM,609.3,10,6093.0,50142713.6
2025-08-01 11:18:42 AM,609.6,0,0.0,50142713.6
2025-08-01 11:18:45 AM,609.6,50,30480.0,50173193.6
2025-08-01 11:18:54 AM,609.7,0,0.0,50173193.6
2025-08-01 11:18:56 AM,609.7,1,609.7,50173803.300000004
2025-08-01 11:19:11 AM,609.3,0,0.0,50173803.300000004
2025-08-01 11:19:14 AM,609.3,2,1218.6,50175021.900000006
2025-08-01 11:19:17 AM,609.6,0,0.0,50175021.900000006
2025-08-01 11:19:19 AM,609.6,10,6096.0,50181117.900000006
2025-08-01 11:19:30 AM,609.6,5,3048.0,50184165.900000006
2025-08-01 11:19:39 AM,609.65,0,0.0,50184165.900000006
2025-08-01 11:19:41 AM,609.65,51,31092.149999999998,50215258.050000004
2025-08-01 11:19:41 AM,609.75,0,0.0,50215258.050000004
2025-08-01 11:19:41 AM,609.75,2,1219.5,50216477.550000004
2025-08-01 11:20:08 AM,609.3,50,30464.999999999996,50246942.550000004
2025-08-01 11:20:18 AM,609.85,0,0.0,50246942.550000004
2025-08-01 11:20:18 AM,609.85,1,609.85,50247552.400000006
2025-08-01 11:20:49 AM,609.35,0,0.0,50247552.400000006
2025-08-01 11:20:49 AM,609.35,43,26202.05,50273754.45
2025-08-01 11:21:10 AM,609.4,0,0.0,50273754.45
2025-08-01 11:21:10 AM,609.4,10,6094.0,50279848.45
2025-08-01 11:21:23 AM,609.35,0,0.0,50279848.45
2025-08-01 11:21:26 AM,609.35,51,31076.850000000002,50310925.300000004
2025-08-01 11:21:28 AM,609.4,0,0.0,50310925.300000004
2025-08-01 11:21:31 AM,609.4,10,6094.0,50317019.300000004
2025-08-01 11:22:11 AM,609.8,0,0.0,50317019.300000004
2025-08-01 11:22:13 AM,609.8,1,609.8,50317629.1
2025-08-01 11:22:18 AM,609.8,1,609.8,50318238.9
2025-08-01 11:22:24 AM,609.8,15,9147.0,50327385.9
2025-08-01 11:22:38 AM,609.9,0,0.0,50327385.9
2025-08-01 11:22:40 AM,609.9,5,3049.5,50330435.4
2025-08-01 11:23:17 AM,610.0,3,1830.0,50332265.4
2025-08-01 11:23:34 AM,609.4,0,0.0,50332265.4
2025-08-01 11:23:38 AM,609.4,400,243760.0,50576025.4
2025-08-01 11:23:49 AM,609.9,0,0.0,50576025.4
2025-08-01 11:23:52 AM,609.9,100,60990.0,50637015.4
2025-08-01 11:23:58 AM,609.85,0,0.0,50637015.4
2025-08-01 11:24:02 AM,609.85,6,3659.1000000000004,50640674.5
2025-08-01 11:24:29 AM,609.85,19,11587.15,50652261.65
2025-08-01 11:24:34 AM,609.85,7,4268.95,50656530.6
2025-08-01 11:24:59 AM,609.8,0,0.0,50656530.6
2025-08-01 11:25:00 AM,609.8,5,3049.0,50659579.6
2025-08-01 11:25:09 AM,609.4,0,0.0,50659579.6
2025-08-01 11:25:11 AM,609.4,50,30470.0,50690049.6
2025-08-01 11:25:26 AM,609.4,75,45705.0,50735754.6
2025-08-01 11:25:38 AM,609.95,0,0.0,50735754.6
2025-08-01 11:25:42 AM,609.95,57,34767.15,50770521.75
2025-08-01 11:25:44 AM,609.45,0,0.0,50770521.75
2025-08-01 11:25:47 AM,609.45,51,31081.95,50801603.7
2025-08-01 11:26:19 AM,609.9,1,609.9,50802213.6
2025-08-01 11:26:45 AM,609.9,200,121980.0,50924193.6
2025-08-01 11:26:49 AM,609.9,3,1829.6999999999998,50926023.300000004
2025-08-01 11:27:22 AM,609.3,0,0.0,50926023.300000004
2025-08-01 11:27:24 AM,609.3,5,3046.5,50929069.800000004
2025-08-01 11:27:39 AM,609.8,0,0.0,50929069.800000004
2025-08-01 11:27:39 AM,609.8,3,1829.3999999999999,50930899.2
2025-08-01 11:28:04 AM,610.0,0,0.0,50930899.2
2025-08-01 11:28:05 AM,610.0,500,305000.0,51235899.2
2025-08-01 11:28:36 AM,609.55,0,0.0,51235899.2
2025-08-01 11:28:37 AM,609.55,5,3047.75,51238946.95
2025-08-01 11:28:44 AM,609.5,0,0.0,51238946.95
2025-08-01 11:28:46 AM,609.5,20,12190.0,51251136.95
2025-08-01 11:30:32 AM,609.5,59,35960.5,51287097.45
2025-08-01 11:30:44 AM,609.15,0,0.0,51287097.45
2025-08-01 11:30:45 AM,609.15,281,171171.15,51458268.6
2025-08-01 11:31:14 AM,609.55,0,0.0,51458268.6
2025-08-01 11:31:15 AM,609.55,85,51811.74999999999,51510080.35
2025-08-01 11:31:22 AM,609.4,0,0.0,51510080.35
2025-08-01 11:31:23 AM,609.4,5,3047.0,51513127.35
2025-08-01 11:31:24 AM,609.1,0,0.0,51513127.35
2025-08-01 11:31:25 AM,609.1,50,30455.0,51543582.35
2025-08-01 11:31:45 AM,609.55,0,0.0,51543582.35
2025-08-01 11:31:45 AM,609.55,10,6095.5,51549677.85
2025-08-01 11:31:56 AM,609.6,0,0.0,51549677.85
2025-08-01 11:31:59 AM,609.6,10,6096.0,51555773.85
2025-08-01 11:32:17 AM,609.15,0,0.0,51555773.85
2025-08-01 11:32:20 AM,609.15,10,6091.5,51561865.35
2025-08-01 11:32:59 AM,609.05,0,0.0,51561865.35
2025-08-01 11:33:02 AM,609.05,8,4872.4,51566737.75
2025-08-01 11:33:13 AM,609.05,13,7917.65,51574655.4
2025-08-01 11:33:16 AM,609.0,0,0.0,51574655.4
2025-08-01 11:33:17 AM,609.0,443,269787.0,51844442.4
2025-08-01 11:33:22 AM,609.0,2,1218.0,51845660.4
2025-08-01 11:33:27 AM,609.0,2,1218.0,51846878.4
2025-08-01 11:33:51 AM,608.95,0,0.0,51846878.4
2025-08-01 11:33:52 AM,608.8,0,0.0,51846878.4
2025-08-01 11:33:53 AM,608.8,170,103495.99999999999,51950374.4
2025-08-01 11:34:36 AM,608.4,0,0.0,51950374.4
2025-08-01 11:34:39 AM,608.4,150,91260.0,52041634.4
2025-08-01 11:34:49 AM,608.4,50,30420.0,52072054.4
2025-08-01 11:35:38 AM,608.8,15,9132.0,52081186.4
2025-08-01 11:36:01 AM,609.2,0,0.0,52081186.4
2025-08-01 11:36:03 AM,609.2,30,18276.0,52099462.4
2025-08-01 11:36:08 AM,609.3,5,3046.5,52102508.9
2025-08-01 11:36:24 AM,609.0,3,1827.0,52104335.9
2025-08-01 11:36:36 AM,609.45,0,0.0,52104335.9
2025-08-01 11:36:39 AM,609.45,33,20111.850000000002,52124447.75
2025-08-01 11:36:56 AM,609.35,0,0.0,52124447.75
2025-08-01 11:37:00 AM,609.35,1,609.35,52125057.1
2025-08-01 11:37:22 AM,609.35,100,60935.0,52185992.1
2025-08-01 11:37:37 AM,609.35,1,609.35,52186601.45
2025-08-01 11:37:42 AM,609.35,10,6093.5,52192694.95
2025-08-01 11:37:53 AM,609.35,2,1218.7,52193913.650000006
2025-08-01 11:38:02 AM,608.9,0,0.0,52193913.650000006
2025-08-01 11:38:02 AM,608.9,32,19484.8,52213398.45
2025-08-01 11:38:27 AM,608.85,0,0.0,52213398.45
2025-08-01 11:38:28 AM,608.85,15,9132.75,52222531.2
2025-08-01 11:39:04 AM,609.0,0,0.0,52222531.2
2025-08-01 11:39:04 AM,609.0,3,1827.0,52224358.2
2025-08-01 11:39:33 AM,608.8,189,115063.2,52339421.400000006
2025-08-01 11:39:54 AM,608.95,0,0.0,52339421.400000006
2025-08-01 11:39:55 AM,608.95,164,99867.8,52439289.2
2025-08-01 11:40:05 AM,608.95,30,18268.5,52457557.7
2025-08-01 11:41:57 AM,608.95,3,1826.8500000000001,52459384.550000004
2025-08-01 11:42:08 AM,608.95,1,608.95,52459993.50000001
2025-08-01 11:42:17 AM,608.95,1,608.95,52460602.45000001
2025-08-01 11:42:33 AM,608.95,1,608.95,52461211.40000001
2025-08-01 11:43:28 AM,608.55,0,0.0,52461211.40000001
2025-08-01 11:43:32 AM,608.55,10,6085.5,52467296.90000001
2025-08-01 11:43:52 AM,608.55,25,15213.749999999998,52482510.65000001
2025-08-01 11:43:56 AM,608.95,0,0.0,52482510.65000001
2025-08-01 11:43:57 AM,608.95,55,33492.25,52516002.90000001
2025-08-01 11:44:00 AM,609.0,0,0.0,52516002.90000001
2025-08-01 11:44:03 AM,609.0,40,24360.0,52540362.90000001
2025-08-01 11:44:08 AM,609.0,20,12180.0,52552542.90000001
2025-08-01 11:44:27 AM,609.0,1,609.0,52553151.90000001
2025-08-01 11:44:43 AM,609.1,0,0.0,52553151.90000001
2025-08-01 11:44:43 AM,609.1,40,24364.0,52577515.90000001
2025-08-01 11:45:18 AM,608.85,0,0.0,52577515.90000001
2025-08-01 11:45:21 AM,608.85,3,1826.5500000000002,52579342.45000001
2025-08-01 11:45:45 AM,609.35,0,0.0,52579342.45000001
2025-08-01 11:45:46 AM,609.4,0,0.0,52579342.45000001
2025-08-01 11:45:47 AM,609.4,16,9750.4,52589092.85000001
2025-08-01 11:45:51 AM,608.95,0,0.0,52589092.85000001
2025-08-01 11:45:53 AM,608.95,30,18268.5,52607361.35000001
2025-08-01 11:46:24 AM,609.4,0,0.0,52607361.35000001
2025-08-01 11:46:24 AM,609.4,1,609.4,52607970.75000001
2025-08-01 11:47:16 AM,609.45,0,0.0,52607970.75000001
2025-08-01 11:47:17 AM,609.45,21,12798.45,52620769.20000001
2025-08-01 11:47:26 AM,609.5,0,0.0,52620769.20000001
2025-08-01 11:47:27 AM,609.5,12,7314.0,52628083.20000001
2025-08-01 11:47:34 AM,609.0,0,0.0,52628083.20000001
2025-08-01 11:47:37 AM,609.0,10,6090.0,52634173.20000001
2025-08-01 11:47:41 AM,609.5,0,0.0,52634173.20000001
2025-08-01 11:47:42 AM,609.5,40,24380.0,52658553.20000001
2025-08-01 11:47:48 AM,609.5,5,3047.5,52661600.70000001
2025-08-01 11:48:18 AM,609.0,0,0.0,52661600.70000001
2025-08-01 11:48:18 AM,609.0,24,14616.0,52676216.70000001
2025-08-01 11:48:36 AM,609.5,0,0.0,52676216.70000001
2025-08-01 11:48:38 AM,609.5,1,609.5,52676826.20000001
2025-08-01 11:48:46 AM,609.0,0,0.0,52676826.20000001
2025-08-01 11:48:49 AM,609.0,1,609.0,52677435.20000001
2025-08-01 11:49:09 AM,609.0,5,3045.0,52680480.20000001
2025-08-01 11:49:50 AM,609.5,0,0.0,52680480.20000001
2025-08-01 11:49:51 AM,609.5,16,9752.0,52690232.20000001
2025-08-01 11:49:56 AM,609.05,3,1827.1499999999999,52692059.35000001
2025-08-01 11:50:29 AM,609.25,0,0.0,52692059.35000001
2025-08-01 11:50:32 AM,609.25,1,609.25,52692668.60000001
2025-08-01 11:51:16 AM,609.0,0,0.0,52692668.60000001
2025-08-01 11:51:17 AM,609.0,15,9135.0,52701803.60000001
2025-08-01 11:52:44 AM,609.3,0,0.0,52701803.60000001
2025-08-01 11:52:46 AM,609.3,1,609.3,52702412.900000006
2025-08-01 11:53:17 AM,609.3,100,60929.99999999999,52763342.900000006
2025-08-01 11:54:18 AM,609.3,1,609.3,52763952.2
2025-08-01 11:54:28 AM,609.0,0,0.0,52763952.2
2025-08-01 11:54:29 AM,609.0,3,1827.0,52765779.2
2025-08-01 11:54:45 AM,609.3,0,0.0,52765779.2
2025-08-01 11:54:49 AM,609.3,1,609.3,52766388.5
2025-08-01 11:55:18 AM,609.0,0,0.0,52766388.5
2025-08-01 11:55:19 AM,609.0,64,38976.0,52805364.5
2025-08-01 11:55:31 AM,608.9,0,0.0,52805364.5
2025-08-01 11:55:34 AM,608.9,1,608.9,52805973.4
2025-08-01 11:56:09 AM,608.9,2,1217.8,52807191.199999996
2025-08-01 11:56:27 AM,609.0,0,0.0,52807191.199999996
2025-08-01 11:56:30 AM,609.0,10,6090.0,52813281.199999996
2025-08-01 11:57:25 AM,609.0,1,609.0,52813890.199999996
2025-08-01 11:57:43 AM,608.7,0,0.0,52813890.199999996
2025-08-01 11:57:45 AM,609.0,12,7308.0,52821198.199999996
2025-08-01 11:57:48 AM,609.2,0,0.0,52821198.199999996
2025-08-01 11:57:50 AM,609.2,157,95644.40000000001,52916842.599999994
2025-08-01 11:57:52 AM,609.5,25,15237.5,52932080.099999994
2025-08-01 11:57:56 AM,609.45,0,0.0,52932080.099999994
2025-08-01 11:57:57 AM,609.45,1,609.45,52932689.55
2025-08-01 11:58:43 AM,609.0,0,0.0,52932689.55
2025-08-01 11:58:43 AM,609.0,45,27405.0,52960094.55
2025-08-01 11:58:57 AM,609.15,0,0.0,52960094.55
2025-08-01 11:58:59 AM,609.15,1,609.15,52960703.699999996
2025-08-01 11:59:11 AM,609.15,16,9746.4,52970450.099999994
2025-08-01 11:59:25 AM,609.15,2,1218.3,52971668.39999999
2025-08-01 12:00:01 PM,609.5,0,0.0,52971668.39999999
2025-08-01 12:00:03 PM,609.5,2,1219.0,52972887.39999999
2025-08-01 12:00:09 PM,609.5,6,3657.0,52976544.39999999
2025-08-01 12:00:12 PM,609.05,0,0.0,52976544.39999999
2025-08-01 12:00:14 PM,609.05,23,14008.15,52990552.54999999
2025-08-01 12:00:44 PM,609.05,36,21925.8,53012478.34999999
2025-08-01 12:00:54 PM,609.05,50,30452.499999999996,53042930.84999999
2025-08-01 12:01:08 PM,609.1,0,0.0,53042930.84999999
2025-08-01 12:01:09 PM,609.1,15,9136.5,53052067.34999999
2025-08-01 12:01:19 PM,609.55,2,1219.1,53053286.44999999
2025-08-01 12:01:36 PM,609.5,0,0.0,53053286.44999999
2025-08-01 12:01:37 PM,609.5,1,609.5,53053895.94999999
2025-08-01 12:01:51 PM,609.5,20,12190.0,53066085.94999999
2025-08-01 12:02:28 PM,609.6,0,0.0,53066085.94999999
2025-08-01 12:02:28 PM,609.6,81,49377.6,53115463.54999999
2025-08-01 12:03:11 PM,609.55,1,609.55,53116073.09999999
2025-08-01 12:03:17 PM,609.6,0,0.0,53116073.09999999
2025-08-01 12:03:18 PM,609.6,1,609.6,53116682.69999999
2025-08-01 12:03:38 PM,609.6,1,609.6,53117292.29999999
2025-08-01 12:04:15 PM,609.6,4,2438.4,53119730.69999999
2025-08-01 12:04:16 PM,609.85,0,0.0,53119730.69999999
2025-08-01 12:04:18 PM,609.45,96,58507.200000000004,53178237.89999999
2025-08-01 12:04:43 PM,609.7,0,0.0,53178237.89999999
2025-08-01 12:04:43 PM,609.7,13,7926.1,53186163.99999999
2025-08-01 12:04:55 PM,609.2,0,0.0,53186163.99999999
2025-08-01 12:04:58 PM,609.2,22,13402.400000000001,53199566.39999999
2025-08-01 12:05:20 PM,609.0,0,0.0,53199566.39999999
2025-08-01 12:05:21 PM,609.0,200,121800.0,53321366.39999999
2025-08-01 12:06:25 PM,609.55,0,0.0,53321366.39999999
2025-08-01 12:06:29 PM,609.55,1,609.55,53321975.94999999
2025-08-01 12:06:58 PM,609.65,0,0.0,53321975.94999999
2025-08-01 12:06:58 PM,609.65,10,6096.5,53328072.44999999
2025-08-01 12:07:24 PM,609.65,6,3657.8999999999996,53331730.34999999
2025-08-01 12:08:09 PM,609.65,1000,609650.0,53941380.34999999
2025-08-01 12:08:17 PM,609.2,0,0.0,53941380.34999999
2025-08-01 12:08:19 PM,609.2,1008,614073.6000000001,54555453.94999999
2025-08-01 12:08:29 PM,609.5,0,0.0,54555453.94999999
2025-08-01 12:08:29 PM,609.5,2,1219.0,54556672.94999999
2025-08-01 12:09:01 PM,609.05,0,0.0,54556672.94999999
2025-08-01 12:09:04 PM,609.05,50,30452.499999999996,54587125.44999999
2025-08-01 12:09:19 PM,608.95,100,60895.00000000001,54648020.44999999
2025-08-01 12:09:24 PM,608.95,5,3044.75,54651065.19999999
2025-08-01 12:09:34 PM,609.25,3,1827.75,54652892.94999999
2025-08-01 12:11:03 PM,608.95,0,0.0,54652892.94999999
2025-08-01 12:11:04 PM,608.95,74,45062.3,54697955.249999985
2025-08-01 12:11:09 PM,608.85,20,12177.0,54710132.249999985
2025-08-01 12:11:39 PM,608.65,0,0.0,54710132.249999985
2025-08-01 12:11:43 PM,608.65,40,24346.0,54734478.249999985
2025-08-01 12:12:01 PM,609.15,0,0.0,54734478.249999985
2025-08-01 12:12:02 PM,609.15,1,609.15,54735087.39999998
2025-08-01 12:13:28 PM,608.7,20,12174.0,54747261.39999998
2025-08-01 12:13:29 PM,608.6,0,0.0,54747261.39999998
2025-08-01 12:13:33 PM,608.6,60,36516.0,54783777.39999998
2025-08-01 12:13:47 PM,608.9,0,0.0,54783777.39999998
2025-08-01 12:13:48 PM,608.9,9,5480.099999999999,54789257.499999985
2025-08-01 12:13:59 PM,608.6,10,6086.0,54795343.499999985
2025-08-01 12:14:24 PM,608.45,0,0.0,54795343.499999985
2025-08-01 12:14:28 PM,608.45,200,121690.00000000001,54917033.499999985
2025-08-01 12:14:30 PM,608.4,0,0.0,54917033.499999985
2025-08-01 12:14:32 PM,608.4,15,9126.0,54926159.499999985
2025-08-01 12:15:09 PM,608.4,9,5475.599999999999,54931635.09999999
2025-08-01 12:15:24 PM,608.4,3,1825.1999999999998,54933460.29999999
2025-08-01 12:15:36 PM,608.3,0,0.0,54933460.29999999
2025-08-01 12:15:39 PM,608.3,25,15207.499999999998,54948667.79999999
2025-08-01 12:16:01 PM,608.4,0,0.0,54948667.79999999
2025-08-01 12:16:04 PM,608.4,1,608.4,54949276.19999999
2025-08-01 12:16:20 PM,608.3,20,12166.0,54961442.19999999
2025-08-01 12:16:24 PM,608.4,1,608.4,54962050.59999999
2025-08-01 12:17:08 PM,608.25,100,60825.0,55022875.59999999
2025-08-01 12:17:18 PM,608.9,250,152225.0,55175100.59999999
2025-08-01 12:17:21 PM,608.15,0,0.0,55175100.59999999
2025-08-01 12:17:23 PM,608.15,100,60815.0,55235915.59999999
2025-08-01 12:17:27 PM,608.55,0,0.0,55235915.59999999
2025-08-01 12:17:27 PM,608.55,2,1217.1,55237132.69999999
2025-08-01 12:17:29 PM,608.05,0,0.0,55237132.69999999
2025-08-01 12:17:32 PM,608.05,100,60804.99999999999,55297937.69999999
2025-08-01 12:17:39 PM,608.15,0,0.0,55297937.69999999
2025-08-01 12:17:42 PM,608.15,75,45611.25,55343548.94999999
2025-08-01 12:17:49 PM,608.4,0,0.0,55343548.94999999
2025-08-01 12:17:51 PM,608.4,1,608.4,55344157.34999999
2025-08-01 12:18:06 PM,608.4,2,1216.8,55345374.14999998
2025-08-01 12:18:13 PM,608.0,0,0.0,55345374.14999998
2025-08-01 12:18:16 PM,608.0,343,208544.0,55553918.14999998
2025-08-01 12:18:59 PM,608.35,0,0.0,55553918.14999998
2025-08-01 12:19:00 PM,608.35,4,2433.4,55556351.54999998
2025-08-01 12:19:02 PM,608.0,0,0.0,55556351.54999998
2025-08-01 12:19:06 PM,608.0,175,106400.0,55662751.54999998
2025-08-01 12:19:19 PM,607.95,0,0.0,55662751.54999998
2025-08-01 12:19:21 PM,607.95,117,71130.15000000001,55733881.69999998
2025-08-01 12:19:25 PM,607.75,0,0.0,55733881.69999998
2025-08-01 12:19:26 PM,607.75,25,15193.75,55749075.44999998
2025-08-01 12:19:31 PM,607.8,5,3039.0,55752114.44999998
2025-08-01 12:19:40 PM,607.35,0,0.0,55752114.44999998
2025-08-01 12:19:41 PM,607.35,90,54661.5,55806775.94999998
2025-08-01 12:20:17 PM,607.35,1,607.35,55807383.29999998
2025-08-01 12:20:28 PM,607.35,2,1214.7,55808597.999999985
2025-08-01 12:20:33 PM,607.35,43,26116.05,55834714.04999998
2025-08-01 12:20:58 PM,607.35,4,2429.4,55837143.44999998
2025-08-01 12:21:28 PM,607.35,10,6073.5,55843216.94999998
2025-08-01 12:21:34 PM,607.75,0,0.0,55843216.94999998
2025-08-01 12:21:37 PM,607.75,6,3646.5,55846863.44999998
2025-08-01 12:21:40 PM,607.8,0,0.0,55846863.44999998
2025-08-01 12:21:41 PM,607.8,1,607.8,55847471.24999998
2025-08-01 12:22:01 PM,607.8,2,1215.6,55848686.84999998
2025-08-01 12:22:13 PM,607.8,11,6685.799999999999,55855372.649999976
2025-08-01 12:22:23 PM,607.8,4,2431.2,55857803.84999998
2025-08-01 12:23:27 PM,607.85,0,0.0,55857803.84999998
2025-08-01 12:23:28 PM,607.85,1,607.85,55858411.69999998
2025-08-01 12:24:11 PM,608.0,0,0.0,55858411.69999998
2025-08-01 12:24:13 PM,608.0,10,6080.0,55864491.69999998
2025-08-01 12:24:15 PM,607.9,0,0.0,55864491.69999998
2025-08-01 12:24:18 PM,607.7,70,42539.0,55907030.69999998
2025-08-01 12:24:56 PM,607.65,0,0.0,55907030.69999998
2025-08-01 12:24:57 PM,607.65,1,607.65,55907638.34999998
2025-08-01 12:25:11 PM,608.0,0,0.0,55907638.34999998
2025-08-01 12:25:12 PM,608.0,50,30400.0,55938038.34999998
2025-08-01 12:25:52 PM,608.0,15,9120.0,55947158.34999998
2025-08-01 12:26:04 PM,608.2,0,0.0,55947158.34999998
2025-08-01 12:26:07 PM,608.2,50,30410.000000000004,55977568.34999998
2025-08-01 12:26:17 PM,607.65,0,0.0,55977568.34999998
2025-08-01 12:26:18 PM,607.65,50,30382.5,56007950.84999998
2025-08-01 12:26:31 PM,608.35,0,0.0,56007950.84999998
2025-08-01 12:26:33 PM,608.35,60,36501.0,56044451.84999998
2025-08-01 12:26:44 PM,608.1,0,0.0,56044451.84999998
2025-08-01 12:26:47 PM,608.1,1,608.1,56045059.94999998
2025-08-01 12:26:49 PM,607.65,0,0.0,56045059.94999998
2025-08-01 12:26:52 PM,607.65,1,607.65,56045667.59999998
2025-08-01 12:27:04 PM,608.3,0,0.0,56045667.59999998
2025-08-01 12:27:08 PM,608.3,15,9124.5,56054792.09999998
2025-08-01 12:27:22 PM,608.45,0,0.0,56054792.09999998
2025-08-01 12:27:23 PM,608.45,69,41983.05,56096775.149999976
2025-08-01 12:27:43 PM,608.45,1,608.45,56097383.59999998
2025-08-01 12:27:53 PM,608.45,50,30422.500000000004,56127806.09999998
2025-08-01 12:27:57 PM,608.45,20,12169.0,56139975.09999998
2025-08-01 12:28:17 PM,608.45,50,30422.500000000004,56170397.59999998
2025-08-01 12:28:44 PM,608.05,0,0.0,56170397.59999998
2025-08-01 12:28:47 PM,608.05,8,4864.4,56175261.99999998
2025-08-01 12:29:02 PM,608.0,0,0.0,56175261.99999998
2025-08-01 12:29:03 PM,609.15,951,579301.65,56754563.649999976
2025-08-01 12:29:16 PM,608.55,1,608.55,56755172.19999997
2025-08-01 12:29:20 PM,608.6,0,0.0,56755172.19999997
2025-08-01 12:29:21 PM,608.6,2,1217.2,56756389.399999976
2025-08-01 12:29:33 PM,608.15,0,0.0,56756389.399999976
2025-08-01 12:29:35 PM,608.15,2,1216.3,56757605.69999997
2025-08-01 12:29:42 PM,607.95,23,13982.85,56771588.549999975
2025-08-01 12:29:49 PM,607.95,1,607.95,56772196.49999998
2025-08-01 12:30:09 PM,607.95,6,3647.7000000000003,56775844.19999998
2025-08-01 12:30:24 PM,607.95,2,1215.9,56777060.09999998
2025-08-01 12:30:55 PM,608.0,0,0.0,56777060.09999998
2025-08-01 12:30:55 PM,608.0,10,6080.0,56783140.09999998
2025-08-01 12:32:14 PM,608.95,0,0.0,56783140.09999998
2025-08-01 12:32:17 PM,608.95,200,121790.00000000001,56904930.09999998
2025-08-01 12:32:46 PM,608.75,0,0.0,56904930.09999998
2025-08-01 12:32:48 PM,608.75,7,4261.25,56909191.34999998
2025-08-01 12:33:25 PM,608.2,0,0.0,56909191.34999998
2025-08-01 12:33:27 PM,608.2,320,194624.0,57103815.34999998
2025-08-01 12:33:49 PM,608.1,0,0.0,57103815.34999998
2025-08-01 12:33:53 PM,608.1,20,12162.0,57115977.34999998
2025-08-01 12:34:21 PM,608.3,0,0.0,57115977.34999998
2025-08-01 12:34:23 PM,608.3,1,608.3,57116585.649999976
2025-08-01 12:34:33 PM,608.0,0,0.0,57116585.649999976
2025-08-01 12:34:33 PM,608.0,3,1824.0,57118409.649999976
2025-08-01 12:34:43 PM,608.45,0,0.0,57118409.649999976
2025-08-01 12:34:44 PM,608.45,200,121690.00000000001,57240099.649999976
2025-08-01 12:34:53 PM,607.6,0,0.0,57240099.649999976
2025-08-01 12:34:54 PM,607.6,519,315344.4,57555444.049999975
2025-08-01 12:35:49 PM,607.5,0,0.0,57555444.049999975
2025-08-01 12:35:51 PM,607.5,1,607.5,57556051.549999975
2025-08-01 12:36:43 PM,607.55,5,3037.75,57559089.299999975
2025-08-01 12:36:43 PM,607.7,0,0.0,57559089.299999975
2025-08-01 12:36:47 PM,607.7,80,48616.0,57607705.299999975
2025-08-01 12:36:53 PM,607.7,16,9723.2,57617428.49999998
2025-08-01 12:37:33 PM,607.7,1,607.7,57618036.19999998
2025-08-01 12:37:43 PM,607.25,100,60725.0,57678761.19999998
2025-08-01 12:37:57 PM,607.35,0,0.0,57678761.19999998
2025-08-01 12:37:58 PM,607.35,6,3644.1000000000004,57682405.29999998
2025-08-01 12:38:23 PM,607.7,17,10330.900000000001,57692736.19999998
2025-08-01 12:38:31 PM,608.0,0,0.0,57692736.19999998
2025-08-01 12:38:32 PM,608.0,100,60800.0,57753536.19999998
2025-08-01 12:38:38 PM,607.95,0,0.0,57753536.19999998
2025-08-01 12:38:38 PM,608.0,0,0.0,57753536.19999998
2025-08-01 12:38:39 PM,608.0,141,85728.0,57839264.19999998
2025-08-01 12:38:51 PM,607.95,0,0.0,57839264.19999998
2025-08-01 12:38:51 PM,607.95,100,60795.00000000001,57900059.19999998
2025-08-01 12:39:21 PM,607.95,10,6079.5,57906138.69999998
2025-08-01 12:39:33 PM,608.0,0,0.0,57906138.69999998
2025-08-01 12:39:35 PM,607.95,0,0.0,57906138.69999998
2025-08-01 12:39:35 PM,607.95,241,146515.95,58052654.64999998
2025-08-01 12:40:43 PM,607.95,222,134964.90000000002,58187619.54999998
2025-08-01 12:41:07 PM,608.0,0,0.0,58187619.54999998
2025-08-01 12:41:09 PM,608.0,1,608.0,58188227.54999998
2025-08-01 12:42:23 PM,607.65,0,0.0,58188227.54999998
2025-08-01 12:42:26 PM,607.65,113,68664.45,58256891.999999985
2025-08-01 12:43:11 PM,607.45,0,0.0,58256891.999999985
2025-08-01 12:43:14 PM,607.2,202,122654.40000000001,58379546.39999998
2025-08-01 12:43:19 PM,607.25,0,0.0,58379546.39999998
2025-08-01 12:43:20 PM,607.25,10,6072.5,58385618.89999998
2025-08-01 12:43:22 PM,607.7,0,0.0,58385618.89999998
2025-08-01 12:43:25 PM,607.7,4,2430.8,58388049.69999998
2025-08-01 12:44:03 PM,607.7,200,121540.00000000001,58509589.69999998
2025-08-01 12:44:05 PM,607.05,0,0.0,58509589.69999998
2025-08-01 12:44:09 PM,607.05,525,318701.25,58828290.94999998
2025-08-01 12:44:27 PM,607.5,0,0.0,58828290.94999998
2025-08-01 12:44:30 PM,607.5,10,6075.0,58834365.94999998
2025-08-01 12:44:31 PM,607.0,0,0.0,58834365.94999998
2025-08-01 12:44:35 PM,607.0,130,78910.0,58913275.94999998
2025-08-01 12:45:11 PM,606.9,0,0.0,58913275.94999998
2025-08-01 12:45:11 PM,606.9,90,54621.0,58967896.94999998
2025-08-01 12:45:18 PM,606.85,0,0.0,58967896.94999998
2025-08-01 12:45:22 PM,606.85,40,24274.0,58992170.94999998
2025-08-01 12:45:53 PM,607.5,100,60750.0,59052920.94999998
2025-08-01 12:46:18 PM,606.9,0,0.0,59052920.94999998
2025-08-01 12:46:19 PM,606.9,30,18207.0,59071127.94999998
2025-08-01 12:46:33 PM,607.4,0,0.0,59071127.94999998
2025-08-01 12:46:33 PM,607.4,30,18222.0,59089349.94999998
2025-08-01 12:47:11 PM,607.5,0,0.0,59089349.94999998
2025-08-01 12:47:14 PM,607.5,6,3645.0,59092994.94999998
2025-08-01 12:47:44 PM,607.5,5,3037.5,59096032.44999998
2025-08-01 12:47:54 PM,607.5,6,3645.0,59099677.44999998
2025-08-01 12:48:04 PM,607.5,1,607.5,59100284.94999998
2025-08-01 12:48:07 PM,607.7,0,0.0,59100284.94999998
2025-08-01 12:48:09 PM,607.7,7,4253.900000000001,59104538.84999998
2025-08-01 12:48:15 PM,607.1,42,25498.2,59130037.04999998
2025-08-01 12:48:33 PM,607.0,0,0.0,59130037.04999998
2025-08-01 12:48:34 PM,607.0,20,12140.0,59142177.04999998
2025-08-01 12:48:39 PM,607.45,0,0.0,59142177.04999998
2025-08-01 12:48:39 PM,607.45,63,38269.350000000006,59180446.39999998
2025-08-01 12:48:45 PM,607.45,100,60745.00000000001,59241191.39999998
2025-08-01 12:48:49 PM,607.45,20,12149.0,59253340.39999998
2025-08-01 12:48:59 PM,607.45,1,607.45,59253947.84999999
2025-08-01 12:49:41 PM,607.0,0,0.0,59253947.84999999
2025-08-01 12:49:43 PM,607.45,73,44343.850000000006,59298291.69999999
2025-08-01 12:49:53 PM,607.45,10,6074.5,59304366.19999999
2025-08-01 12:50:39 PM,607.05,0,0.0,59304366.19999999
2025-08-01 12:50:40 PM,607.05,27,16390.35,59320756.54999999
2025-08-01 12:50:45 PM,607.05,3,1821.1499999999999,59322577.69999999
2025-08-01 12:50:49 PM,607.35,0,0.0,59322577.69999999
2025-08-01 12:50:51 PM,607.35,10,6073.5,59328651.19999999
2025-08-01 12:51:13 PM,607.0,0,0.0,59328651.19999999
2025-08-01 12:51:15 PM,607.35,0,0.0,59328651.19999999
2025-08-01 12:51:16 PM,607.35,47,28545.45,59357196.64999999
2025-08-01 12:51:39 PM,607.0,0,0.0,59357196.64999999
2025-08-01 12:51:41 PM,607.0,228,138396.0,59495592.64999999
2025-08-01 12:53:15 PM,607.3,0,0.0,59495592.64999999
2025-08-01 12:53:16 PM,607.3,1,607.3,59496199.94999999
2025-08-01 12:53:23 PM,607.0,0,0.0,59496199.94999999
2025-08-01 12:53:23 PM,607.3,0,0.0,59496199.94999999
2025-08-01 12:53:26 PM,607.3,3,1821.8999999999999,59498021.84999999
2025-08-01 12:53:30 PM,607.3,1,607.3,59498629.14999998
2025-08-01 12:53:41 PM,607.3,5,3036.5,59501665.64999998
2025-08-01 12:55:03 PM,607.3,1,607.3,59502272.94999998
2025-08-01 12:55:39 PM,607.3,10,6073.0,59508345.94999998
2025-08-01 12:55:54 PM,607.3,1,607.3,59508953.24999998
2025-08-01 12:57:33 PM,607.0,0,0.0,59508953.24999998
2025-08-01 12:57:34 PM,607.0,50,30350.0,59539303.24999998
2025-08-01 12:58:30 PM,607.0,25,15175.0,59554478.24999998
2025-08-01 12:58:39 PM,607.3,0,0.0,59554478.24999998
2025-08-01 12:58:39 PM,607.3,1,607.3,59555085.549999975
2025-08-01 12:58:49 PM,607.3,1,607.3,59555692.84999997
2025-08-01 12:59:05 PM,607.3,50,30364.999999999996,59586057.84999997
2025-08-01 12:59:10 PM,607.3,18,10931.4,59596989.24999997
2025-08-01 12:59:47 PM,607.5,0,0.0,59596989.24999997
2025-08-01 12:59:51 PM,607.5,10,6075.0,59603064.24999997
2025-08-01 12:59:56 PM,607.3,0,0.0,59603064.24999997
2025-08-01 12:59:56 PM,607.3,30,18219.0,59621283.24999997
2025-08-01 01:00:27 PM,607.6,0,0.0,59621283.24999997
2025-08-01 01:00:28 PM,607.6,25,15190.0,59636473.24999997
2025-08-01 01:00:36 PM,607.35,0,0.0,59636473.24999997
2025-08-01 01:00:38 PM,607.35,22,13361.7,59649834.94999997
2025-08-01 01:00:39 PM,607.35,20,12147.0,59661981.94999997
2025-08-01 01:00:54 PM,607.35,20,12147.0,59674128.94999997
2025-08-01 01:01:18 PM,607.75,0,0.0,59674128.94999997
2025-08-01 01:01:20 PM,607.75,100,60775.0,59734903.94999997
2025-08-01 01:01:38 PM,607.7,0,0.0,59734903.94999997
2025-08-01 01:01:40 PM,607.7,1,607.7,59735511.649999976
2025-08-01 01:03:00 PM,607.7,5,3038.5,59738550.149999976
2025-08-01 01:03:20 PM,607.3,0,0.0,59738550.149999976
2025-08-01 01:03:20 PM,607.3,287,174295.09999999998,59912845.24999998
2025-08-01 01:03:24 PM,607.4,0,0.0,59912845.24999998
2025-08-01 01:03:25 PM,607.4,1,607.4,59913452.649999976
2025-08-01 01:03:33 PM,607.3,0,0.0,59913452.649999976
2025-08-01 01:03:35 PM,607.3,10,6073.0,59919525.649999976
2025-08-01 01:03:41 PM,607.5,1,607.5,59920133.149999976
2025-08-01 01:03:43 PM,607.15,0,0.0,59920133.149999976
2025-08-01 01:03:45 PM,607.15,5,3035.75,59923168.899999976
2025-08-01 01:04:12 PM,606.55,0,0.0,59923168.899999976
2025-08-01 01:04:14 PM,606.55,950,576222.5,60499391.399999976
2025-08-01 01:04:28 PM,606.85,0,0.0,60499391.399999976
2025-08-01 01:04:28 PM,606.7,0,0.0,60499391.399999976
2025-08-01 01:04:28 PM,606.7,101,61276.700000000004,60560668.09999998
2025-08-01 01:04:38 PM,606.8,30,18204.0,60578872.09999998
2025-08-01 01:06:24 PM,607.25,0,0.0,60578872.09999998
2025-08-01 01:06:25 PM,607.25,1,607.25,60579479.34999998
2025-08-01 01:06:26 PM,607.5,1,607.5,60580086.84999998
2025-08-01 01:07:03 PM,607.1,0,0.0,60580086.84999998
2025-08-01 01:07:05 PM,607.1,43,26105.3,60606192.149999976
2025-08-01 01:08:23 PM,607.1,7,4249.7,60610441.84999998
2025-08-01 01:09:14 PM,607.4,0,0.0,60610441.84999998
2025-08-01 01:09:14 PM,607.4,1,607.4,60611049.24999998
2025-08-01 01:09:17 PM,607.4,48,29155.199999999997,60640204.44999998
2025-08-01 01:09:21 PM,607.1,0,0.0,60640204.44999998
2025-08-01 01:09:22 PM,607.1,1,607.1,60640811.54999998
2025-08-01 01:09:39 PM,607.15,0,0.0,60640811.54999998
2025-08-01 01:09:40 PM,607.15,1,607.15,60641418.69999998
2025-08-01 01:09:50 PM,607.45,0,0.0,60641418.69999998
2025-08-01 01:09:50 PM,607.45,6,3644.7000000000003,60645063.39999998
2025-08-01 01:10:20 PM,607.4,0,0.0,60645063.39999998
2025-08-01 01:10:23 PM,607.4,4,2429.6,60647492.999999985
2025-08-01 01:10:51 PM,607.45,41,24905.45,60672398.44999999
2025-08-01 01:11:10 PM,607.75,150,91162.5,60763560.94999999
2025-08-01 01:11:28 PM,607.75,50,30387.5,60793948.44999999
2025-08-01 01:11:50 PM,607.7,0,0.0,60793948.44999999
2025-08-01 01:11:53 PM,607.7,1,607.7,60794556.14999999
2025-08-01 01:11:58 PM,607.7,50,30385.000000000004,60824941.14999999
2025-08-01 01:12:11 PM,607.95,0,0.0,60824941.14999999
2025-08-01 01:12:13 PM,607.95,81,49243.950000000004,60874185.099999994
2025-08-01 01:13:02 PM,608.0,0,0.0,60874185.099999994
2025-08-01 01:13:04 PM,608.0,5,3040.0,60877225.099999994
2025-08-01 01:13:49 PM,608.25,2,1216.5,60878441.599999994
2025-08-01 01:13:57 PM,608.25,1,608.25,60879049.849999994
2025-08-01 01:14:00 PM,608.25,1,608.25,60879658.099999994
2025-08-01 01:14:20 PM,608.25,1,608.25,60880266.349999994
2025-08-01 01:14:40 PM,607.95,6,3647.7000000000003,60883914.05
2025-08-01 01:15:31 PM,607.85,0,0.0,60883914.05
2025-08-01 01:15:33 PM,607.7,0,0.0,60883914.05
2025-08-01 01:15:34 PM,607.7,244,148278.80000000002,61032192.849999994
2025-08-01 01:15:51 PM,608.0,0,0.0,61032192.849999994
2025-08-01 01:15:52 PM,608.0,273,165984.0,61198176.849999994
2025-08-01 01:15:55 PM,608.35,0,0.0,61198176.849999994
2025-08-01 01:15:55 PM,608.35,2,1216.7,61199393.55
2025-08-01 01:16:59 PM,608.4,0,0.0,61199393.55
2025-08-01 01:16:59 PM,608.4,10,6084.0,61205477.55
2025-08-01 01:17:24 PM,608.5,120,73020.0,61278497.55
2025-08-01 01:17:37 PM,609.2,0,0.0,61278497.55
2025-08-01 01:17:38 PM,609.2,61,37161.200000000004,61315658.75
2025-08-01 01:17:41 PM,608.7,0,0.0,61315658.75
2025-08-01 01:17:41 PM,608.7,3,1826.1000000000001,61317484.85
2025-08-01 01:18:07 PM,608.7,5,3043.5,61320528.35
2025-08-01 01:18:29 PM,609.15,0,0.0,61320528.35
2025-08-01 01:18:31 PM,609.15,501,305184.14999999997,61625712.5
2025-08-01 01:18:46 PM,609.3,2,1218.6,61626931.1
2025-08-01 01:18:52 PM,609.0,5,3045.0,61629976.1
2025-08-01 01:18:59 PM,608.85,0,0.0,61629976.1
2025-08-01 01:19:01 PM,608.85,97,59058.450000000004,61689034.550000004
2025-08-01 01:19:29 PM,609.25,0,0.0,61689034.550000004
2025-08-01 01:19:31 PM,609.25,5,3046.25,61692080.800000004
2025-08-01 01:19:57 PM,609.0,0,0.0,61692080.800000004
2025-08-01 01:20:00 PM,609.0,6,3654.0,61695734.800000004
2025-08-01 01:20:21 PM,609.0,19,11571.0,61707305.800000004
2025-08-01 01:21:01 PM,608.4,0,0.0,61707305.800000004
2025-08-01 01:21:05 PM,608.4,350,212940.0,61920245.800000004
2025-08-01 01:21:23 PM,609.0,0,0.0,61920245.800000004
2025-08-01 01:21:26 PM,609.0,120,73080.0,61993325.800000004
2025-08-01 01:21:36 PM,609.0,5,3045.0,61996370.800000004
2025-08-01 01:21:40 PM,609.0,25,15225.0,62011595.800000004
2025-08-01 01:21:50 PM,609.0,100,60900.0,62072495.800000004
2025-08-01 01:21:55 PM,609.0,20,12180.0,62084675.800000004
2025-08-01 01:22:27 PM,609.0,10,6090.0,62090765.800000004
2025-08-01 01:22:31 PM,609.25,0,0.0,62090765.800000004
2025-08-01 01:22:32 PM,609.0,0,0.0,62090765.800000004
2025-08-01 01:22:32 PM,609.0,76,46284.0,62137049.800000004
2025-08-01 01:22:37 PM,609.3,30,18279.0,62155328.800000004
2025-08-01 01:22:55 PM,609.3,4,2437.2,62157766.00000001
2025-08-01 01:23:08 PM,609.05,0,0.0,62157766.00000001
2025-08-01 01:23:08 PM,609.05,10,6090.5,62163856.50000001
2025-08-01 01:23:42 PM,609.05,50,30452.499999999996,62194309.00000001
2025-08-01 01:23:52 PM,609.05,35,21316.75,62215625.75000001
2025-08-01 01:24:14 PM,609.0,0,0.0,62215625.75000001
2025-08-01 01:24:16 PM,609.0,25,15225.0,62230850.75000001
2025-08-01 01:24:33 PM,609.5,0,0.0,62230850.75000001
2025-08-01 01:24:35 PM,609.5,200,121900.0,62352750.75000001
2025-08-01 01:25:52 PM,609.05,0,0.0,62352750.75000001
2025-08-01 01:25:53 PM,609.05,100,60904.99999999999,62413655.75000001
2025-08-01 01:26:16 PM,609.15,0,0.0,62413655.75000001
2025-08-01 01:26:18 PM,609.15,9,5482.349999999999,62419138.10000001
2025-08-01 01:26:23 PM,609.05,30,18271.5,62437409.60000001
2025-08-01 01:26:45 PM,609.0,0,0.0,62437409.60000001
2025-08-01 01:26:48 PM,609.0,13,7917.0,62445326.60000001
2025-08-01 01:27:34 PM,609.4,0,0.0,62445326.60000001
2025-08-01 01:27:36 PM,609.4,4,2437.6,62447764.20000001
2025-08-01 01:28:01 PM,609.4,21,12797.4,62460561.60000001
2025-08-01 01:28:35 PM,609.3,14,8530.199999999999,62469091.80000001
2025-08-01 01:28:53 PM,609.5,0,0.0,62469091.80000001
2025-08-01 01:28:54 PM,609.5,590,359605.0,62828696.80000001
2025-08-01 01:29:08 PM,609.5,2,1219.0,62829915.80000001
2025-08-01 01:29:17 PM,609.5,1,609.5,62830525.30000001
2025-08-01 01:29:23 PM,609.3,0,0.0,62830525.30000001
2025-08-01 01:29:27 PM,609.3,14,8530.199999999999,62839055.500000015
2025-08-01 01:29:35 PM,607.75,0,0.0,62839055.500000015
2025-08-01 01:29:37 PM,607.75,924,561561.0,63400616.500000015
2025-08-01 01:29:59 PM,608.7,0,0.0,63400616.500000015
2025-08-01 01:30:00 PM,608.7,15,9130.5,63409747.000000015
2025-08-01 01:30:39 PM,608.65,1,608.65,63410355.65000001
2025-08-01 01:31:28 PM,608.7,0,0.0,63410355.65000001
2025-08-01 01:31:30 PM,608.7,2,1217.4,63411573.05000001
2025-08-01 01:31:49 PM,608.45,0,0.0,63411573.05000001
2025-08-01 01:31:50 PM,608.45,2,1216.9,63412789.95000001
2025-08-01 01:31:52 PM,608.7,0,0.0,63412789.95000001
2025-08-01 01:31:55 PM,608.7,5,3043.5,63415833.45000001
2025-08-01 01:32:19 PM,609.0,0,0.0,63415833.45000001
2025-08-01 01:32:20 PM,609.0,1,609.0,63416442.45000001
2025-08-01 01:32:25 PM,608.7,7,4260.900000000001,63420703.35000001
2025-08-01 01:32:49 PM,608.7,2,1217.4,63421920.75000001
2025-08-01 01:33:37 PM,609.15,165,100509.75,63522430.50000001
2025-08-01 01:34:26 PM,608.5,0,0.0,63522430.50000001
2025-08-01 01:34:30 PM,608.5,55,33467.5,63555898.00000001
2025-08-01 01:34:42 PM,608.85,0,0.0,63555898.00000001
2025-08-01 01:34:44 PM,608.85,10,6088.5,63561986.50000001
2025-08-01 01:34:59 PM,608.5,9,5476.5,63567463.00000001
2025-08-01 01:35:17 PM,608.8,0,0.0,63567463.00000001
2025-08-01 01:35:17 PM,608.8,3,1826.3999999999999,63569289.400000006
2025-08-01 01:36:40 PM,608.95,0,0.0,63569289.400000006
2025-08-01 01:36:40 PM,608.95,82,49933.9,63619223.300000004
2025-08-01 01:36:52 PM,608.8,0,0.0,63619223.300000004
2025-08-01 01:36:54 PM,608.8,3,1826.3999999999999,63621049.7
2025-08-01 01:37:24 PM,608.8,10,6088.0,63627137.7
2025-08-01 01:37:54 PM,608.5,0,0.0,63627137.7
2025-08-01 01:37:58 PM,608.5,10,6085.0,63633222.7
2025-08-01 01:38:02 PM,608.75,0,0.0,63633222.7
2025-08-01 01:38:03 PM,608.75,1,608.75,63633831.45
2025-08-01 01:38:06 PM,608.5,0,0.0,63633831.45
2025-08-01 01:38:08 PM,608.65,0,0.0,63633831.45
2025-08-01 01:38:09 PM,608.65,10,6086.5,63639917.95
2025-08-01 01:38:13 PM,608.5,0,0.0,63639917.95
2025-08-01 01:38:15 PM,608.5,8,4868.0,63644785.95
2025-08-01 01:38:19 PM,608.45,0,0.0,63644785.95
2025-08-01 01:38:20 PM,608.45,255,155154.75,63799940.7
2025-08-01 01:38:25 PM,608.55,0,0.0,63799940.7
2025-08-01 01:38:26 PM,608.55,20,12171.0,63812111.7
2025-08-01 01:39:30 PM,608.55,5,3042.75,63815154.45
2025-08-01 01:39:50 PM,608.55,6,3651.2999999999997,63818805.75
2025-08-01 01:40:00 PM,608.55,1,608.55,63819414.3
2025-08-01 01:40:05 PM,608.55,16,9736.8,63829151.099999994
2025-08-01 01:40:46 PM,608.55,1,608.55,63829759.64999999
2025-08-01 01:41:59 PM,608.15,5,3040.75,63832800.39999999
2025-08-01 01:42:10 PM,608.0,42,25536.0,63858336.39999999
2025-08-01 01:42:21 PM,607.95,0,0.0,63858336.39999999
2025-08-01 01:42:24 PM,607.95,160,97272.0,63955608.39999999
2025-08-01 01:42:37 PM,607.85,0,0.0,63955608.39999999
2025-08-01 01:42:39 PM,607.85,5,3039.25,63958647.64999999
2025-08-01 01:42:58 PM,607.85,1,607.85,63959255.49999999
2025-08-01 01:43:01 PM,607.5,0,0.0,63959255.49999999
2025-08-01 01:43:03 PM,607.5,95,57712.5,64016967.99999999
2025-08-01 01:43:11 PM,607.3,0,0.0,64016967.99999999
2025-08-01 01:43:12 PM,607.45,0,0.0,64016967.99999999
2025-08-01 01:43:13 PM,607.45,138,83828.1,64100796.099999994
2025-08-01 01:43:31 PM,607.85,0,0.0,64100796.099999994
2025-08-01 01:43:33 PM,607.85,1,607.85,64101403.949999996
2025-08-01 01:44:03 PM,607.85,5,3039.25,64104443.199999996
2025-08-01 01:45:05 PM,608.0,0,0.0,64104443.199999996
2025-08-01 01:45:08 PM,608.0,590,358720.0,64463163.199999996
2025-08-01 01:45:39 PM,608.4,0,0.0,64463163.199999996
2025-08-01 01:45:43 PM,608.4,4,2433.6,64465596.8
2025-08-01 01:45:53 PM,608.5,0,0.0,64465596.8
2025-08-01 01:45:53 PM,608.5,1,608.5,64466205.3
2025-08-01 01:46:05 PM,608.45,0,0.0,64466205.3
2025-08-01 01:46:07 PM,608.45,40,24338.0,64490543.3
2025-08-01 01:46:23 PM,608.4,0,0.0,64490543.3
2025-08-01 01:46:27 PM,608.4,15,9126.0,64499669.3
2025-08-01 01:46:58 PM,608.4,38,23119.2,64522788.5
2025-08-01 01:48:38 PM,608.35,1,608.35,64523396.85
2025-08-01 01:48:45 PM,608.05,0,0.0,64523396.85
2025-08-01 01:48:47 PM,608.05,42,25538.1,64548934.95
2025-08-01 01:48:53 PM,607.6,0,0.0,64548934.95
2025-08-01 01:48:57 PM,607.6,200,121520.0,64670454.95
2025-08-01 01:49:02 PM,607.2,0,0.0,64670454.95
2025-08-01 01:49:06 PM,607.2,200,121440.00000000001,64791894.95
2025-08-01 01:49:41 PM,607.85,0,0.0,64791894.95
2025-08-01 01:49:45 PM,607.85,25,15196.25,64807091.2
2025-08-01 01:50:21 PM,607.3,0,0.0,64807091.2
2025-08-01 01:50:24 PM,607.3,100,60729.99999999999,64867821.2
2025-08-01 01:50:45 PM,607.6,0,0.0,64867821.2
2025-08-01 01:50:48 PM,607.2,204,123868.8,64991690.0
2025-08-01 01:51:03 PM,607.45,0,0.0,64991690.0
2025-08-01 01:51:03 PM,607.45,101,61352.450000000004,65053042.45
2025-08-01 01:51:21 PM,607.25,0,0.0,65053042.45
2025-08-01 01:51:23 PM,607.25,1,607.25,65053649.7
2025-08-01 01:52:01 PM,607.25,5,3036.25,65056685.95
2025-08-01 01:52:12 PM,607.1,250,151775.0,65208460.95
2025-08-01 01:52:35 PM,607.5,0,0.0,65208460.95
2025-08-01 01:52:35 PM,607.5,1,607.5,65209068.45
2025-08-01 01:52:49 PM,607.55,0,0.0,65209068.45
2025-08-01 01:52:50 PM,607.55,27,16403.85,65225472.300000004
2025-08-01 01:53:09 PM,607.75,0,0.0,65225472.300000004
2025-08-01 01:53:10 PM,607.75,2,1215.5,65226687.800000004
2025-08-01 01:53:47 PM,607.8,1,607.8,65227295.6
2025-08-01 01:53:56 PM,607.8,13,7901.4,65235197.0
2025-08-01 01:54:11 PM,607.8,1,607.8,65235804.8
2025-08-01 01:54:30 PM,607.8,14,8509.199999999999,65244314.0
2025-08-01 01:54:35 PM,607.8,47,28566.6,65272880.6
2025-08-01 01:54:57 PM,608.2,0,0.0,65272880.6
2025-08-01 01:54:58 PM,608.2,50,30410.000000000004,65303290.6
2025-08-01 01:54:59 PM,607.7,0,0.0,65303290.6
2025-08-01 01:54:59 PM,607.7,130,79001.0,65382291.6
2025-08-01 01:55:01 PM,607.6,0,0.0,65382291.6
2025-08-01 01:55:04 PM,607.6,42,25519.2,65407810.800000004
2025-08-01 01:56:07 PM,608.1,0,0.0,65407810.800000004
2025-08-01 01:56:09 PM,608.1,15,9121.5,65416932.300000004
2025-08-01 01:56:13 PM,607.65,0,0.0,65416932.300000004
2025-08-01 01:56:14 PM,607.65,13,7899.45,65424831.75000001
2025-08-01 01:56:17 PM,608.15,0,0.0,65424831.75000001
2025-08-01 01:56:19 PM,608.15,101,61423.149999999994,65486254.900000006
2025-08-01 01:56:19 PM,607.65,1,607.65,65486862.550000004
2025-08-01 01:56:57 PM,608.0,0,0.0,65486862.550000004
2025-08-01 01:56:59 PM,608.0,5,3040.0,65489902.550000004
2025-08-01 01:57:01 PM,607.6,0,0.0,65489902.550000004
2025-08-01 01:57:04 PM,607.6,15,9114.0,65499016.550000004
2025-08-01 01:57:35 PM,607.7,0,0.0,65499016.550000004
2025-08-01 01:57:37 PM,607.7,1,607.7,65499624.25000001
2025-08-01 01:57:42 PM,607.65,0,0.0,65499624.25000001
2025-08-01 01:57:42 PM,607.65,3,1822.9499999999998,65501447.20000001
2025-08-01 01:58:53 PM,608.15,0,0.0,65501447.20000001
2025-08-01 01:58:57 PM,608.15,2,1216.3,65502663.50000001
2025-08-01 01:59:21 PM,607.65,0,0.0,65502663.50000001
2025-08-01 01:59:22 PM,607.65,92,55903.799999999996,65558567.300000004
2025-08-01 01:59:31 PM,608.0,0,0.0,65558567.300000004
2025-08-01 01:59:33 PM,608.0,5,3040.0,65561607.300000004
2025-08-01 02:00:08 PM,608.0,2,1216.0,65562823.300000004
2025-08-01 02:00:53 PM,607.7,0,0.0,65562823.300000004
2025-08-01 02:00:56 PM,607.7,10,6077.0,65568900.300000004
2025-08-01 02:01:12 PM,607.7,20,12154.0,65581054.300000004
2025-08-01 02:01:18 PM,607.95,0,0.0,65581054.300000004
2025-08-01 02:01:19 PM,607.7,0,0.0,65581054.300000004
2025-08-01 02:01:21 PM,607.7,51,30992.7,65612047.00000001
2025-08-01 02:01:35 PM,607.7,40,24308.0,65636355.00000001
2025-08-01 02:01:41 PM,607.95,0,0.0,65636355.00000001
2025-08-01 02:01:45 PM,607.95,9,5471.55,65641826.550000004
2025-08-01 02:01:53 PM,606.9,0,0.0,65641826.550000004
2025-08-01 02:01:55 PM,606.9,3079,1868645.0999999999,67510471.65
2025-08-01 02:02:23 PM,606.2,0,0.0,67510471.65
2025-08-01 02:02:24 PM,606.2,2074,1257258.8,68767730.45
2025-08-01 02:02:29 PM,605.0,0,0.0,68767730.45
2025-08-01 02:02:33 PM,605.0,2156,1304380.0,70072110.45
2025-08-01 02:02:35 PM,605.1,0,0.0,70072110.45
2025-08-01 02:02:39 PM,605.1,50,30255.0,70102365.45
2025-08-01 02:02:44 PM,605.65,0,0.0,70102365.45
2025-08-01 02:02:44 PM,605.65,25,15141.25,70117506.7
2025-08-01 02:02:47 PM,605.6,0,0.0,70117506.7
2025-08-01 02:02:49 PM,605.6,3,1816.8000000000002,70119323.5
2025-08-01 02:02:59 PM,605.55,18,10899.9,70130223.4
2025-08-01 02:03:09 PM,605.55,9,5449.95,70135673.35000001
2025-08-01 02:03:29 PM,605.6,0,0.0,70135673.35000001
2025-08-01 02:03:30 PM,605.6,100,60560.0,70196233.35000001
2025-08-01 02:03:45 PM,605.6,16,9689.6,70205922.95
2025-08-01 02:04:23 PM,605.55,0,0.0,70205922.95
2025-08-01 02:04:25 PM,605.55,25,15138.749999999998,70221061.7
2025-08-01 02:04:27 PM,605.2,0,0.0,70221061.7
2025-08-01 02:04:30 PM,605.2,107,64756.4,70285818.10000001
2025-08-01 02:05:09 PM,605.5,0,0.0,70285818.10000001
2025-08-01 02:05:11 PM,605.5,25,15137.5,70300955.60000001
2025-08-01 02:05:18 PM,605.25,0,0.0,70300955.60000001
2025-08-01 02:05:19 PM,605.6,0,0.0,70300955.60000001
2025-08-01 02:05:21 PM,605.6,31,18773.600000000002,70319729.2
2025-08-01 02:05:42 PM,605.55,0,0.0,70319729.2
2025-08-01 02:05:45 PM,605.2,0,0.0,70319729.2
2025-08-01 02:05:46 PM,605.2,2,1210.4,70320939.60000001
2025-08-01 02:05:50 PM,605.6,20,12112.0,70333051.60000001
2025-08-01 02:05:52 PM,605.15,0,0.0,70333051.60000001
2025-08-01 02:05:55 PM,605.15,54,32678.1,70365729.7
2025-08-01 02:05:58 PM,605.1,0,0.0,70365729.7
2025-08-01 02:06:00 PM,605.1,20,12102.0,70377831.7
2025-08-01 02:06:32 PM,605.15,0,0.0,70377831.7
2025-08-01 02:06:35 PM,605.15,32,19364.8,70397196.5
2025-08-01 02:06:43 PM,605.1,0,0.0,70397196.5
2025-08-01 02:06:46 PM,605.1,75,45382.5,70442579.0
2025-08-01 02:06:59 PM,605.2,0,0.0,70442579.0
2025-08-01 02:07:02 PM,605.2,5,3026.0,70445605.0
2025-08-01 02:07:07 PM,605.6,0,0.0,70445605.0
2025-08-01 02:07:07 PM,605.6,50,30280.0,70475885.0
2025-08-01 02:07:22 PM,605.6,45,27252.0,70503137.0
2025-08-01 02:07:53 PM,605.6,1,605.6,70503742.6
2025-08-01 02:08:01 PM,605.05,0,0.0,70503742.6
2025-08-01 02:08:03 PM,605.4,19,11502.6,70515245.19999999
2025-08-01 02:08:29 PM,605.4,5,3027.0,70518272.19999999
2025-08-01 02:08:36 PM,605.0,0,0.0,70518272.19999999
2025-08-01 02:08:39 PM,605.0,785,474925.0,70993197.19999999
2025-08-01 02:08:44 PM,605.0,8,4840.0,70998037.19999999
2025-08-01 02:09:16 PM,605.0,245,148225.0,71146262.19999999
2025-08-01 02:09:40 PM,604.85,968,585494.8,71731756.99999999
2025-08-01 02:09:45 PM,604.85,68,41129.8,71772886.79999998
2025-08-01 02:10:07 PM,605.05,0,0.0,71772886.79999998
2025-08-01 02:10:10 PM,605.05,390,235969.49999999997,72008856.29999998
2025-08-01 02:10:40 PM,605.0,11,6655.0,72015511.29999998
2025-08-01 02:10:45 PM,605.0,4,2420.0,72017931.29999998
2025-08-01 02:10:50 PM,605.0,50,30250.0,72048181.29999998
2025-08-01 02:10:50 PM,605.0,10,6050.0,72054231.29999998
2025-08-01 02:10:52 PM,604.8,0,0.0,72054231.29999998
2025-08-01 02:10:55 PM,604.8,101,61084.799999999996,72115316.09999998
2025-08-01 02:11:00 PM,605.0,580,350900.0,72466216.09999998
2025-08-01 02:11:12 PM,605.0,36,21780.0,72487996.09999998
2025-08-01 02:11:17 PM,605.0,5,3025.0,72491021.09999998
2025-08-01 02:11:38 PM,605.0,10,6050.0,72497071.09999998
2025-08-01 02:11:48 PM,605.0,49,29645.0,72526716.09999998
2025-08-01 02:11:51 PM,604.8,0,0.0,72526716.09999998
2025-08-01 02:11:53 PM,604.8,50,30239.999999999996,72556956.09999998
2025-08-01 02:12:14 PM,604.8,5,3024.0,72559980.09999998
2025-08-01 02:12:30 PM,605.0,0,0.0,72559980.09999998
2025-08-01 02:12:34 PM,605.0,100,60500.0,72620480.09999998
2025-08-01 02:12:54 PM,605.0,25,15125.0,72635605.09999998
2025-08-01 02:13:15 PM,604.8,0,0.0,72635605.09999998
2025-08-01 02:13:15 PM,604.8,63,38102.399999999994,72673707.49999999
2025-08-01 02:13:23 PM,604.5,0,0.0,72673707.49999999
2025-08-01 02:13:25 PM,604.5,14,8463.0,72682170.49999999
2025-08-01 02:13:27 PM,604.5,323,195253.5,72877423.99999999
2025-08-01 02:13:31 PM,604.85,0,0.0,72877423.99999999
2025-08-01 02:13:32 PM,604.85,1,604.85,72878028.84999998
2025-08-01 02:13:51 PM,604.85,1,604.85,72878633.69999997
2025-08-01 02:13:53 PM,604.8,0,0.0,72878633.69999997
2025-08-01 02:13:53 PM,604.8,356,215308.8,73093942.49999997
2025-08-01 02:15:27 PM,604.8,23,13910.4,73107852.89999998
2025-08-01 02:15:53 PM,604.8,15,9072.0,73116924.89999998
2025-08-01 02:16:11 PM,605.0,0,0.0,73116924.89999998
2025-08-01 02:16:11 PM,605.0,10,6050.0,73122974.89999998
2025-08-01 02:16:30 PM,605.0,1,605.0,73123579.89999998
2025-08-01 02:16:34 PM,605.0,1,605.0,73124184.89999998
2025-08-01 02:16:57 PM,604.8,0,0.0,73124184.89999998
2025-08-01 02:16:59 PM,604.8,16,9676.8,73133861.69999997
2025-08-01 02:17:07 PM,604.95,0,0.0,73133861.69999997
2025-08-01 02:17:09 PM,604.95,14,8469.300000000001,73142330.99999997
2025-08-01 02:17:17 PM,604.8,0,0.0,73142330.99999997
2025-08-01 02:17:20 PM,604.8,1,604.8,73142935.79999997
2025-08-01 02:17:35 PM,604.3,0,0.0,73142935.79999997
2025-08-01 02:17:35 PM,604.3,250,151075.0,73294010.79999997
2025-08-01 02:17:55 PM,604.3,87,52574.1,73346584.89999996
2025-08-01 02:18:16 PM,604.3,100,60429.99999999999,73407014.89999996
2025-08-01 02:18:23 PM,604.4,0,0.0,73407014.89999996
2025-08-01 02:18:26 PM,604.4,105,63462.0,73470476.89999996
2025-08-01 02:18:49 PM,603.75,0,0.0,73470476.89999996
2025-08-01 02:18:51 PM,603.75,696,420210.0,73890686.89999996
