date,price,qty,trnvr,cum_trnvr
2025-08-01 09:15:00 AM,14.9,16492,245730.80000000002,245730.80000000002
2025-08-01 09:15:00 AM,14.91,0,0.0,245730.80000000002
2025-08-01 09:15:09 AM,14.95,0,0.0,245730.80000000002
2025-08-01 09:15:10 AM,14.87,15678,233131.86,478862.66000000003
2025-08-01 09:15:12 AM,14.86,93,1381.98,480244.64
2025-08-01 09:15:18 AM,14.88,0,0.0,480244.64
2025-08-01 09:15:21 AM,14.88,460,6844.8,487089.44
2025-08-01 09:15:26 AM,14.87,0,0.0,487089.44
2025-08-01 09:15:30 AM,14.87,26702,397058.74,884148.1799999999
2025-08-01 09:15:41 AM,14.93,0,0.0,884148.1799999999
2025-08-01 09:15:46 AM,14.93,2,29.86,884178.0399999999
2025-08-01 09:16:05 AM,14.88,22026,327746.88,1211924.92
2025-08-01 09:16:11 AM,14.88,26,386.88,1212311.7999999998
2025-08-01 09:16:12 AM,14.89,2000,29780.0,1242091.7999999998
2025-08-01 09:16:19 AM,14.89,300,4467.0,1246558.7999999998
2025-08-01 09:16:27 AM,14.89,18,268.02,1246826.8199999998
2025-08-01 09:16:36 AM,14.89,500,7445.0,1254271.8199999998
2025-08-01 09:16:44 AM,14.89,15,223.35000000000002,1254495.17
2025-08-01 09:17:13 AM,14.86,0,0.0,1254495.17
2025-08-01 09:17:17 AM,14.86,40,594.4,1255089.5699999998
2025-08-01 09:17:20 AM,14.92,0,0.0,1255089.5699999998
2025-08-01 09:17:25 AM,14.92,13648,203628.16,1458717.7299999997
2025-08-01 09:17:33 AM,14.94,18621,278197.74,1736915.4699999997
2025-08-01 09:17:42 AM,14.92,1,14.92,1736930.3899999997
2025-08-01 09:17:58 AM,14.92,80,1193.6,1738123.9899999998
2025-08-01 09:18:04 AM,14.93,0,0.0,1738123.9899999998
2025-08-01 09:18:07 AM,14.93,599,8943.07,1747067.0599999998
2025-08-01 09:18:20 AM,14.9,0,0.0,1747067.0599999998
2025-08-01 09:18:23 AM,14.9,1001,14914.9,1761981.9599999997
2025-08-01 09:18:39 AM,14.9,7000,104300.0,1866281.9599999997
2025-08-01 09:18:48 AM,14.9,455,6779.5,1873061.4599999997
2025-08-01 09:18:57 AM,14.92,60,895.2,1873956.6599999997
2025-08-01 09:19:04 AM,14.9,271,4037.9,1877994.5599999996
2025-08-01 09:19:28 AM,14.9,1,14.9,1878009.4599999995
2025-08-01 09:20:07 AM,14.93,0,0.0,1878009.4599999995
2025-08-01 09:20:08 AM,14.93,2798,41774.14,1919783.5999999994
2025-08-01 09:20:24 AM,14.91,1336,19919.76,1939703.3599999994
2025-08-01 09:20:32 AM,14.91,200,2982.0,1942685.3599999994
2025-08-01 09:20:40 AM,14.91,100,1491.0,1944176.3599999994
2025-08-01 09:21:04 AM,14.91,210,3131.1,1947307.4599999995
2025-08-01 09:21:19 AM,14.91,1,14.91,1947322.3699999994
2025-08-01 09:21:21 AM,14.93,0,0.0,1947322.3699999994
2025-08-01 09:21:27 AM,14.91,3500,52185.0,1999507.3699999994
2025-08-01 09:21:37 AM,14.94,0,0.0,1999507.3699999994
2025-08-01 09:21:42 AM,14.94,6700,100098.0,2099605.369999999
2025-08-01 09:21:49 AM,14.92,0,0.0,2099605.369999999
2025-08-01 09:21:50 AM,14.92,1,14.92,2099620.289999999
2025-08-01 09:22:14 AM,14.95,0,0.0,2099620.289999999
2025-08-01 09:22:20 AM,14.95,46549,695907.5499999999,2795527.839999999
2025-08-01 09:22:35 AM,14.95,16,239.2,2795767.039999999
2025-08-01 09:22:49 AM,14.94,0,0.0,2795767.039999999
2025-08-01 09:22:50 AM,14.94,89,1329.6599999999999,2797096.6999999993
2025-08-01 09:22:57 AM,14.97,0,0.0,2797096.6999999993
2025-08-01 09:22:58 AM,14.97,2100,31437.0,2828533.6999999993
2025-08-01 09:23:06 AM,14.97,2,29.94,2828563.639999999
2025-08-01 09:23:13 AM,14.97,45,673.65,2829237.289999999
2025-08-01 09:23:21 AM,14.94,6174,92239.56,2921476.849999999
2025-08-01 09:23:36 AM,14.95,4,59.8,2921536.649999999
2025-08-01 09:23:44 AM,14.96,67,1002.32,2922538.969999999
2025-08-01 09:23:51 AM,14.96,1,14.96,2922553.929999999
2025-08-01 09:24:07 AM,14.94,9047,135162.18,3057716.109999999
2025-08-01 09:24:15 AM,14.94,267,3988.98,3061705.089999999
2025-08-01 09:24:16 AM,14.94,500,7470.0,3069175.089999999
2025-08-01 09:24:22 AM,14.91,250,3727.5,3072902.589999999
2025-08-01 09:24:24 AM,14.94,250,3735.0,3076637.589999999
2025-08-01 09:24:30 AM,14.94,1,14.94,3076652.529999999
2025-08-01 09:24:45 AM,14.92,633,9444.36,3086096.8899999987
2025-08-01 09:24:52 AM,14.94,50,747.0,3086843.8899999987
2025-08-01 09:24:59 AM,14.91,0,0.0,3086843.8899999987
2025-08-01 09:25:00 AM,14.91,73,1088.43,3087932.319999999
2025-08-01 09:25:07 AM,14.91,8,119.28,3088051.5999999987
2025-08-01 09:25:31 AM,14.94,0,0.0,3088051.5999999987
2025-08-01 09:25:32 AM,14.94,1,14.94,3088066.5399999986
2025-08-01 09:25:43 AM,14.91,0,0.0,3088066.5399999986
2025-08-01 09:25:44 AM,14.91,200,2982.0,3091048.5399999986
2025-08-01 09:25:54 AM,14.94,0,0.0,3091048.5399999986
2025-08-01 09:26:00 AM,14.94,56,836.64,3091885.179999999
2025-08-01 09:26:07 AM,14.94,629,9397.26,3101282.4399999985
2025-08-01 09:26:15 AM,14.94,100,1494.0,3102776.4399999985
2025-08-01 09:26:53 AM,14.94,10,149.4,3102925.8399999985
2025-08-01 09:26:55 AM,14.92,50,746.0,3103671.8399999985
2025-08-01 09:26:57 AM,14.94,0,0.0,3103671.8399999985
2025-08-01 09:27:01 AM,14.94,101,1508.94,3105180.7799999984
2025-08-01 09:27:02 AM,14.94,3,44.82,3105225.599999998
2025-08-01 09:27:08 AM,14.95,25568,382241.6,3487467.1999999983
2025-08-01 09:27:09 AM,14.93,1000,14930.0,3502397.1999999983
2025-08-01 09:27:16 AM,14.94,0,0.0,3502397.1999999983
2025-08-01 09:27:17 AM,14.94,4,59.76,3502456.959999998
2025-08-01 09:27:30 AM,14.97,1,14.97,3502471.9299999983
2025-08-01 09:27:35 AM,14.94,0,0.0,3502471.9299999983
2025-08-01 09:27:38 AM,14.94,130,1942.2,3504414.1299999985
2025-08-01 09:27:39 AM,14.94,750,11205.0,3515619.1299999985
2025-08-01 09:27:41 AM,14.97,0,0.0,3515619.1299999985
2025-08-01 09:27:45 AM,14.97,3,44.910000000000004,3515664.0399999986
2025-08-01 09:27:51 AM,14.96,0,0.0,3515664.0399999986
2025-08-01 09:27:53 AM,14.96,2,29.92,3515693.9599999986
2025-08-01 09:28:01 AM,14.96,10,149.60000000000002,3515843.5599999987
2025-08-01 09:28:16 AM,14.96,597,8931.12,3524774.679999999
2025-08-01 09:28:24 AM,14.96,270,4039.2000000000003,3528813.879999999
2025-08-01 09:28:32 AM,14.96,60,897.6,3529711.479999999
2025-08-01 09:28:39 AM,14.96,2692,40272.32,3569983.799999999
2025-08-01 09:28:40 AM,14.97,100,1497.0,3571480.799999999
2025-08-01 09:28:54 AM,14.97,7,104.79,3571585.589999999
2025-08-01 09:29:02 AM,14.97,4,59.88,3571645.469999999
2025-08-01 09:29:10 AM,14.97,40,598.8000000000001,3572244.2699999986
2025-08-01 09:29:11 AM,14.97,20,299.40000000000003,3572543.6699999985
2025-08-01 09:29:25 AM,14.97,604,9041.880000000001,3581585.5499999984
2025-08-01 09:29:33 AM,14.98,1011,15144.78,3596730.329999998
2025-08-01 09:29:50 AM,14.95,0,0.0,3596730.329999998
2025-08-01 09:29:55 AM,14.95,90,1345.5,3598075.829999998
2025-08-01 09:30:08 AM,14.97,0,0.0,3598075.829999998
2025-08-01 09:30:10 AM,14.97,2848,42634.560000000005,3640710.3899999983
2025-08-01 09:30:15 AM,14.98,0,0.0,3640710.3899999983
2025-08-01 09:30:18 AM,14.98,1,14.98,3640725.3699999982
2025-08-01 09:30:19 AM,14.98,1,14.98,3640740.349999998
2025-08-01 09:30:36 AM,14.97,0,0.0,3640740.349999998
2025-08-01 09:30:40 AM,14.97,4530,67814.1,3708554.4499999983
2025-08-01 09:30:40 AM,14.97,1,14.97,3708569.4199999985
2025-08-01 09:30:47 AM,14.95,3213,48034.35,3756603.7699999986
2025-08-01 09:30:56 AM,14.98,0,0.0,3756603.7699999986
2025-08-01 09:31:02 AM,14.98,400,5992.0,3762595.7699999986
2025-08-01 09:31:05 AM,14.95,0,0.0,3762595.7699999986
2025-08-01 09:31:07 AM,14.98,0,0.0,3762595.7699999986
2025-08-01 09:31:09 AM,14.98,9,134.82,3762730.5899999985
2025-08-01 09:31:13 AM,14.95,0,0.0,3762730.5899999985
2025-08-01 09:31:17 AM,14.95,302,4514.9,3767245.4899999984
2025-08-01 09:31:23 AM,14.97,0,0.0,3767245.4899999984
2025-08-01 09:31:24 AM,14.97,2,29.94,3767275.4299999983
2025-08-01 09:31:35 AM,14.95,0,0.0,3767275.4299999983
2025-08-01 09:31:38 AM,14.95,1000,14950.0,3782225.4299999983
2025-08-01 09:32:13 AM,14.97,1099,16452.030000000002,3798677.459999998
2025-08-01 09:32:27 AM,14.95,0,0.0,3798677.459999998
2025-08-01 09:32:27 AM,14.95,100,1495.0,3800172.459999998
2025-08-01 09:32:39 AM,14.96,0,0.0,3800172.459999998
2025-08-01 09:32:41 AM,14.96,9363,140070.48,3940242.939999998
2025-08-01 09:32:55 AM,14.96,6621,99050.16,4039293.099999998
2025-08-01 09:33:02 AM,14.96,2,29.92,4039323.019999998
2025-08-01 09:33:09 AM,14.99,0,0.0,4039323.019999998
2025-08-01 09:33:09 AM,14.99,1,14.99,4039338.0099999984
2025-08-01 09:33:54 AM,14.97,0,0.0,4039338.0099999984
2025-08-01 09:33:57 AM,15.0,7562,113430.0,4152768.0099999984
2025-08-01 09:34:12 AM,14.99,1061,15904.39,4168672.3999999985
2025-08-01 09:34:19 AM,14.99,2,29.98,4168702.3799999985
2025-08-01 09:34:19 AM,15.01,0,0.0,4168702.3799999985
2025-08-01 09:34:26 AM,15.01,24839,372833.39,4541535.769999999
2025-08-01 09:34:34 AM,15.02,0,0.0,4541535.769999999
2025-08-01 09:34:39 AM,15.02,4,60.08,4541595.849999999
2025-08-01 09:35:07 AM,15.01,4149,62276.49,4603872.339999999
2025-08-01 09:35:19 AM,14.99,0,0.0,4603872.339999999
2025-08-01 09:35:19 AM,15.01,0,0.0,4603872.339999999
2025-08-01 09:35:21 AM,15.01,510,7655.099999999999,4611527.439999999
2025-08-01 09:35:28 AM,15.01,1204,18072.04,4629599.479999999
2025-08-01 09:35:35 AM,15.01,456,6844.5599999999995,4636444.039999998
2025-08-01 09:35:42 AM,14.99,5047,75654.53,4712098.569999998
2025-08-01 09:35:49 AM,14.99,1256,18827.44,4730926.009999999
2025-08-01 09:36:02 AM,14.99,1001,15004.99,4745930.999999999
2025-08-01 09:36:09 AM,14.99,58,869.42,4746800.419999999
2025-08-01 09:36:22 AM,14.99,100,1499.0,4748299.419999999
2025-08-01 09:36:29 AM,14.99,100,1499.0,4749798.419999999
2025-08-01 09:36:35 AM,14.99,211,3162.89,4752961.309999999
2025-08-01 09:36:41 AM,14.99,50,749.5,4753710.809999999
2025-08-01 09:36:55 AM,14.99,78,1169.22,4754880.029999998
2025-08-01 09:36:55 AM,14.99,15,224.85,4755104.879999998
2025-08-01 09:36:59 AM,14.97,0,0.0,4755104.879999998
2025-08-01 09:37:01 AM,14.97,1224,18323.280000000002,4773428.159999998
2025-08-01 09:37:03 AM,14.99,0,0.0,4773428.159999998
2025-08-01 09:37:08 AM,14.99,10,149.9,4773578.059999999
2025-08-01 09:37:23 AM,14.99,350,5246.5,4778824.559999999
2025-08-01 09:37:29 AM,14.97,1978,29610.66,4808435.219999999
2025-08-01 09:37:36 AM,14.99,10,149.9,4808585.119999999
2025-08-01 09:37:41 AM,14.97,0,0.0,4808585.119999999
2025-08-01 09:37:43 AM,14.97,200,2994.0,4811579.119999999
2025-08-01 09:37:43 AM,14.97,7,104.79,4811683.909999999
2025-08-01 09:37:45 AM,14.99,0,0.0,4811683.909999999
2025-08-01 09:37:49 AM,14.99,14,209.86,4811893.77
2025-08-01 09:37:51 AM,14.97,0,0.0,4811893.77
2025-08-01 09:37:55 AM,14.98,0,0.0,4811893.77
2025-08-01 09:37:56 AM,14.98,4753,71199.94,4883093.71
2025-08-01 09:38:03 AM,14.98,1000,14980.0,4898073.71
2025-08-01 09:38:23 AM,14.98,7,104.86,4898178.57
2025-08-01 09:38:30 AM,14.98,3,44.94,4898223.510000001
2025-08-01 09:38:34 AM,14.95,0,0.0,4898223.510000001
2025-08-01 09:38:37 AM,14.95,40,598.0,4898821.510000001
2025-08-01 09:38:50 AM,14.95,10,149.5,4898971.010000001
2025-08-01 09:39:17 AM,14.95,10590,158320.5,5057291.510000001
2025-08-01 09:39:24 AM,14.96,670,10023.2,5067314.710000001
2025-08-01 09:39:28 AM,14.95,0,0.0,5067314.710000001
2025-08-01 09:39:30 AM,14.95,218,3259.1,5070573.8100000005
2025-08-01 09:39:37 AM,14.95,316,4724.2,5075298.010000001
2025-08-01 09:39:40 AM,14.96,0,0.0,5075298.010000001
2025-08-01 09:39:43 AM,14.96,612,9155.52,5084453.53
2025-08-01 09:39:56 AM,14.94,0,0.0,5084453.53
2025-08-01 09:39:57 AM,14.94,100,1494.0,5085947.53
2025-08-01 09:40:23 AM,14.94,1,14.94,5085962.470000001
2025-08-01 09:40:29 AM,14.94,2080,31075.2,5117037.670000001
2025-08-01 09:40:30 AM,14.94,750,11205.0,5128242.670000001
2025-08-01 09:40:56 AM,14.96,100,1496.0,5129738.670000001
2025-08-01 09:40:56 AM,14.96,2,29.92,5129768.590000001
2025-08-01 09:41:02 AM,14.96,203,3036.88,5132805.470000001
2025-08-01 09:41:09 AM,14.96,4,59.84,5132865.3100000005
2025-08-01 09:41:16 AM,14.96,100,1496.0,5134361.3100000005
2025-08-01 09:41:22 AM,14.96,1,14.96,5134376.2700000005
2025-08-01 09:41:29 AM,14.96,452,6761.92,5141138.19
2025-08-01 09:41:42 AM,14.98,70,1048.6000000000001,5142186.79
2025-08-01 09:42:21 AM,14.98,20,299.6,5142486.39
2025-08-01 09:42:34 AM,14.98,1179,17661.420000000002,5160147.81
2025-08-01 09:42:42 AM,14.96,0,0.0,5160147.81
2025-08-01 09:42:47 AM,14.96,7,104.72,5160252.529999999
2025-08-01 09:42:55 AM,14.96,70,1047.2,5161299.7299999995
2025-08-01 09:42:58 AM,14.98,0,0.0,5161299.7299999995
2025-08-01 09:43:00 AM,14.98,1000,14980.0,5176279.7299999995
2025-08-01 09:43:08 AM,14.98,50,749.0,5177028.7299999995
2025-08-01 09:43:18 AM,14.95,0,0.0,5177028.7299999995
2025-08-01 09:43:20 AM,14.95,3200,47840.0,5224868.7299999995
2025-08-01 09:43:33 AM,14.95,1179,17626.05,5242494.779999999
2025-08-01 09:43:38 AM,14.97,0,0.0,5242494.779999999
2025-08-01 09:43:40 AM,14.97,2,29.94,5242524.72
2025-08-01 09:43:47 AM,14.97,12,179.64000000000001,5242704.359999999
2025-08-01 09:43:53 AM,14.97,5,74.85000000000001,5242779.209999999
2025-08-01 09:44:06 AM,14.97,33,494.01000000000005,5243273.219999999
2025-08-01 09:44:13 AM,14.97,79,1182.63,5244455.849999999
2025-08-01 09:44:14 AM,14.97,110,1646.7,5246102.549999999
2025-08-01 09:44:26 AM,14.97,6,89.82000000000001,5246192.369999999
2025-08-01 09:44:45 AM,14.96,1221,18266.16,5264458.529999999
2025-08-01 09:44:48 AM,14.98,0,0.0,5264458.529999999
2025-08-01 09:44:50 AM,14.95,0,0.0,5264458.529999999
2025-08-01 09:44:52 AM,14.95,180,2691.0,5267149.529999999
2025-08-01 09:44:53 AM,14.95,150,2242.5,5269392.029999999
2025-08-01 09:44:59 AM,14.98,13,194.74,5269586.77
2025-08-01 09:45:05 AM,14.98,5030,75349.40000000001,5344936.17
2025-08-01 09:45:18 AM,14.98,141,2112.18,5347048.35
2025-08-01 09:45:31 AM,14.98,7,104.86,5347153.21
2025-08-01 09:45:45 AM,14.98,100,1498.0,5348651.21
2025-08-01 09:45:57 AM,14.98,25,374.5,5349025.71
2025-08-01 09:46:05 AM,14.98,16,239.68,5349265.39
2025-08-01 09:46:10 AM,14.98,303,4538.9400000000005,5353804.33
2025-08-01 09:46:14 AM,14.96,0,0.0,5353804.33
2025-08-01 09:46:17 AM,14.96,3238,48440.48,5402244.8100000005
2025-08-01 09:46:18 AM,14.99,2600,38974.0,5441218.8100000005
2025-08-01 09:46:36 AM,14.98,15,224.70000000000002,5441443.510000001
2025-08-01 09:46:56 AM,14.98,1000,14980.0,5456423.510000001
2025-08-01 09:47:25 AM,14.98,4,59.92,5456483.430000001
2025-08-01 09:47:38 AM,14.98,10,149.8,5456633.23
2025-08-01 09:47:55 AM,14.98,12,179.76,5456812.99
2025-08-01 09:48:01 AM,14.98,90,1348.2,5458161.19
2025-08-01 09:48:05 AM,14.98,1,14.98,5458176.170000001
2025-08-01 09:48:14 AM,14.95,0,0.0,5458176.170000001
2025-08-01 09:48:14 AM,14.95,12,179.39999999999998,5458355.570000001
2025-08-01 09:48:20 AM,14.98,1,14.98,5458370.550000002
2025-08-01 09:48:31 AM,14.98,12,179.76,5458550.310000001
2025-08-01 09:48:37 AM,14.95,502,7504.9,5466055.210000002
2025-08-01 09:49:11 AM,14.98,15,224.70000000000002,5466279.910000002
2025-08-01 09:49:21 AM,14.98,200,2996.0,5469275.910000002
2025-08-01 09:49:46 AM,14.98,400,5992.0,5475267.910000002
2025-08-01 09:49:53 AM,14.98,5,74.9,5475342.810000002
2025-08-01 09:50:06 AM,14.98,5,74.9,5475417.710000003
2025-08-01 09:50:25 AM,14.98,33,494.34000000000003,5475912.050000003
2025-08-01 09:50:55 AM,14.99,0,0.0,5475912.050000003
2025-08-01 09:50:56 AM,14.99,600,8994.0,5484906.050000003
2025-08-01 09:50:58 AM,14.96,0,0.0,5484906.050000003
2025-08-01 09:50:58 AM,14.96,1,14.96,5484921.010000003
2025-08-01 09:51:25 AM,14.98,0,0.0,5484921.010000003
2025-08-01 09:51:28 AM,14.98,518,7759.64,5492680.650000002
2025-08-01 09:52:17 AM,14.97,0,0.0,5492680.650000002
2025-08-01 09:52:17 AM,14.97,2,29.94,5492710.590000003
2025-08-01 09:52:20 AM,14.97,5,74.85000000000001,5492785.440000002
2025-08-01 09:52:40 AM,14.99,0,0.0,5492785.440000002
2025-08-01 09:52:41 AM,14.99,6,89.94,5492875.380000003
2025-08-01 09:52:56 AM,14.99,1000,14990.0,5507865.380000003
2025-08-01 09:53:38 AM,14.97,0,0.0,5507865.380000003
2025-08-01 09:53:38 AM,14.97,80,1197.6000000000001,5509062.980000002
2025-08-01 09:53:43 AM,14.97,2840,42514.8,5551577.780000002
2025-08-01 09:53:50 AM,14.97,6077,90972.69,5642550.4700000025
2025-08-01 09:54:27 AM,14.97,15,224.55,5642775.020000002
2025-08-01 09:54:57 AM,14.99,293,4392.07,5647167.090000003
2025-08-01 09:55:26 AM,14.99,49,734.51,5647901.600000002
2025-08-01 09:55:32 AM,14.97,11316,169400.52000000002,5817302.120000003
2025-08-01 09:55:38 AM,14.98,15,224.70000000000002,5817526.820000003
2025-08-01 09:56:03 AM,14.98,4,59.92,5817586.740000003
2025-08-01 09:56:14 AM,14.96,0,0.0,5817586.740000003
2025-08-01 09:56:15 AM,14.96,2999,44865.04,5862451.780000003
2025-08-01 09:56:27 AM,14.98,1000,14980.0,5877431.780000003
2025-08-01 09:56:29 AM,14.97,0,0.0,5877431.780000003
2025-08-01 09:56:30 AM,14.96,0,0.0,5877431.780000003
2025-08-01 09:56:32 AM,14.96,438,6552.4800000000005,5883984.2600000035
2025-08-01 09:56:52 AM,14.99,4800,71952.0,5955936.2600000035
2025-08-01 09:57:22 AM,14.97,20,299.40000000000003,5956235.660000004
2025-08-01 09:57:25 AM,14.97,200,2994.0,5959229.660000004
2025-08-01 09:57:36 AM,14.99,0,0.0,5959229.660000004
2025-08-01 09:57:37 AM,14.99,19,284.81,5959514.470000003
2025-08-01 09:57:52 AM,14.99,107,1603.93,5961118.400000003
2025-08-01 09:58:16 AM,14.97,60,898.2,5962016.600000003
2025-08-01 09:58:38 AM,14.99,95,1424.05,5963440.650000003
2025-08-01 09:58:47 AM,14.98,13574,203338.52000000002,6166779.170000004
2025-08-01 09:58:59 AM,14.98,16911,253326.78,6420105.950000004
2025-08-01 09:59:52 AM,14.98,2,29.96,6420135.910000004
2025-08-01 09:59:58 AM,14.97,0,0.0,6420135.910000004
2025-08-01 09:59:58 AM,14.97,2,29.94,6420165.850000004
2025-08-01 10:00:11 AM,14.98,5,74.9,6420240.750000005
2025-08-01 10:00:14 AM,14.98,12,179.76,6420420.510000004
2025-08-01 10:00:18 AM,14.98,4,59.92,6420480.430000004
2025-08-01 10:00:21 AM,14.98,1,14.98,6420495.410000005
2025-08-01 10:00:24 AM,14.98,114,1707.72,6422203.130000005
2025-08-01 10:00:27 AM,14.98,1,14.98,6422218.110000005
2025-08-01 10:00:46 AM,14.98,200,2996.0,6425214.110000005
2025-08-01 10:00:49 AM,14.98,2,29.96,6425244.070000005
2025-08-01 10:00:59 AM,14.97,35,523.95,6425768.020000005
2025-08-01 10:01:01 AM,14.99,0,0.0,6425768.020000005
2025-08-01 10:01:02 AM,15.0,20676,310140.0,6735908.020000005
2025-08-01 10:01:05 AM,15.01,23226,348622.26,7084530.280000005
2025-08-01 10:01:07 AM,14.98,0,0.0,7084530.280000005
2025-08-01 10:01:08 AM,14.98,2682,40176.36,7124706.640000005
2025-08-01 10:01:11 AM,15.01,57,855.5699999999999,7125562.210000006
2025-08-01 10:01:14 AM,15.01,3,45.03,7125607.240000006
2025-08-01 10:01:24 AM,15.02,50674,761123.48,7886730.720000006
2025-08-01 10:01:30 AM,15.02,6000,90120.0,7976850.720000006
2025-08-01 10:01:42 AM,15.03,0,0.0,7976850.720000006
2025-08-01 10:01:42 AM,15.03,2242,33697.26,8010547.980000006
2025-08-01 10:01:46 AM,15.04,0,0.0,8010547.980000006
2025-08-01 10:01:49 AM,15.04,102,1534.08,8012082.060000006
2025-08-01 10:01:54 AM,15.02,0,0.0,8012082.060000006
2025-08-01 10:01:55 AM,15.04,114,1714.56,8013796.620000006
2025-08-01 10:02:01 AM,15.04,1,15.04,8013811.660000006
2025-08-01 10:02:06 AM,15.05,0,0.0,8013811.660000006
2025-08-01 10:02:07 AM,15.04,2766,41600.64,8055412.300000005
2025-08-01 10:02:08 AM,15.05,0,0.0,8055412.300000005
2025-08-01 10:02:09 AM,15.05,2000,30100.0,8085512.300000005
2025-08-01 10:02:15 AM,15.05,5000,75250.0,8160762.300000005
2025-08-01 10:02:26 AM,15.05,50,752.5,8161514.800000005
2025-08-01 10:02:28 AM,15.04,380,5715.2,8167230.000000006
2025-08-01 10:02:31 AM,15.06,0,0.0,8167230.000000006
2025-08-01 10:02:32 AM,15.08,18280,275662.4,8442892.400000006
2025-08-01 10:02:44 AM,15.06,0,0.0,8442892.400000006
2025-08-01 10:02:45 AM,15.07,255,3842.85,8446735.250000006
2025-08-01 10:02:47 AM,15.07,750,11302.5,8458037.750000006
2025-08-01 10:02:52 AM,15.07,15,226.05,8458263.800000006
2025-08-01 10:02:53 AM,15.07,5,75.35,8458339.150000006
2025-08-01 10:02:58 AM,15.08,26,392.08,8458731.230000006
2025-08-01 10:03:00 AM,15.07,180,2712.6,8461443.830000006
2025-08-01 10:03:04 AM,15.07,1000,15070.0,8476513.830000006
2025-08-01 10:03:06 AM,15.07,15567,234594.69,8711108.520000005
2025-08-01 10:03:09 AM,15.08,0,0.0,8711108.520000005
2025-08-01 10:03:10 AM,15.08,5,75.4,8711183.920000006
2025-08-01 10:03:17 AM,15.06,0,0.0,8711183.920000006
2025-08-01 10:03:17 AM,15.06,4527,68176.62,8779360.540000005
2025-08-01 10:03:23 AM,15.08,2,30.16,8779390.700000005
2025-08-01 10:03:26 AM,15.07,5,75.35,8779466.050000004
2025-08-01 10:03:30 AM,15.07,26,391.82,8779857.870000005
2025-08-01 10:03:37 AM,15.06,0,0.0,8779857.870000005
2025-08-01 10:03:37 AM,15.06,2102,31656.120000000003,8811513.990000004
2025-08-01 10:03:49 AM,15.07,0,0.0,8811513.990000004
2025-08-01 10:03:49 AM,15.07,1,15.07,8811529.060000004
2025-08-01 10:03:51 AM,15.08,300,4524.0,8816053.060000004
2025-08-01 10:04:03 AM,15.06,3000,45180.0,8861233.060000004
2025-08-01 10:04:10 AM,15.07,1,15.07,8861248.130000005
2025-08-01 10:04:14 AM,15.06,225,3388.5,8864636.630000005
2025-08-01 10:04:28 AM,15.06,50,753.0,8865389.630000005
2025-08-01 10:04:33 AM,15.07,0,0.0,8865389.630000005
2025-08-01 10:04:33 AM,15.07,1,15.07,8865404.700000005
2025-08-01 10:04:39 AM,15.08,10397,156786.76,9022191.460000005
2025-08-01 10:04:43 AM,15.07,0,0.0,9022191.460000005
2025-08-01 10:04:45 AM,15.07,10,150.7,9022342.160000004
2025-08-01 10:04:47 AM,15.08,0,0.0,9022342.160000004
2025-08-01 10:04:47 AM,15.09,101,1524.09,9023866.250000004
2025-08-01 10:04:51 AM,15.07,0,0.0,9023866.250000004
2025-08-01 10:04:51 AM,15.07,11,165.77,9024032.020000003
2025-08-01 10:04:55 AM,15.09,0,0.0,9024032.020000003
2025-08-01 10:04:57 AM,15.1,15001,226515.1,9250547.120000003
2025-08-01 10:05:00 AM,15.1,15193,229414.3,9479961.420000004
2025-08-01 10:05:04 AM,15.1,2500,37750.0,9517711.420000004
2025-08-01 10:05:06 AM,15.1,11,166.1,9517877.520000003
2025-08-01 10:05:10 AM,15.1,22,332.2,9518209.720000003
2025-08-01 10:05:18 AM,15.08,0,0.0,9518209.720000003
2025-08-01 10:05:18 AM,15.08,70,1055.6,9519265.320000002
2025-08-01 10:05:22 AM,15.1,0,0.0,9519265.320000002
2025-08-01 10:05:22 AM,15.1,20,302.0,9519567.320000002
2025-08-01 10:05:28 AM,15.1,11535,174178.5,9693745.820000002
2025-08-01 10:05:35 AM,15.11,481,7267.91,9701013.730000002
2025-08-01 10:05:36 AM,15.12,0,0.0,9701013.730000002
2025-08-01 10:05:36 AM,15.12,1,15.12,9701028.850000001
2025-08-01 10:05:52 AM,15.12,1,15.12,9701043.97
2025-08-01 10:05:55 AM,15.12,700,10584.0,9711627.97
2025-08-01 10:06:07 AM,15.12,3,45.36,9711673.33
2025-08-01 10:06:10 AM,15.12,2004,30300.48,9741973.81
2025-08-01 10:06:13 AM,15.11,50,755.5,9742729.31
2025-08-01 10:06:14 AM,15.12,0,0.0,9742729.31
2025-08-01 10:06:16 AM,15.12,29,438.47999999999996,9743167.790000001
2025-08-01 10:06:19 AM,15.12,5,75.6,9743243.39
2025-08-01 10:06:23 AM,15.1,0,0.0,9743243.39
2025-08-01 10:06:25 AM,15.1,19804,299040.39999999997,10042283.790000001
2025-08-01 10:06:26 AM,15.12,0,0.0,10042283.790000001
2025-08-01 10:06:28 AM,15.1,1600,24160.0,10066443.790000001
2025-08-01 10:06:29 AM,15.09,0,0.0,10066443.790000001
2025-08-01 10:06:30 AM,15.09,14939,225429.51,10291873.3
2025-08-01 10:06:34 AM,15.1,105,1585.5,10293458.8
2025-08-01 10:06:36 AM,15.08,0,0.0,10293458.8
2025-08-01 10:06:36 AM,15.1,195,2944.5,10296403.3
2025-08-01 10:06:40 AM,15.1,1000,15100.0,10311503.3
2025-08-01 10:06:52 AM,15.11,1009,15245.99,10326749.290000001
2025-08-01 10:07:00 AM,15.08,100,1508.0,10328257.290000001
2025-08-01 10:07:05 AM,15.08,2875,43355.0,10371612.290000001
2025-08-01 10:07:17 AM,15.08,14,211.12,10371823.41
2025-08-01 10:07:19 AM,15.06,40619,611722.14,10983545.55
2025-08-01 10:07:20 AM,15.05,0,0.0,10983545.55
2025-08-01 10:07:24 AM,15.06,10213,153807.78,11137353.33
2025-08-01 10:07:29 AM,15.09,0,0.0,11137353.33
2025-08-01 10:07:30 AM,15.09,2000,30180.0,11167533.33
2025-08-01 10:07:31 AM,15.1,8,120.8,11167654.13
2025-08-01 10:07:36 AM,15.1,500,7550.0,11175204.13
2025-08-01 10:07:42 AM,15.1,100,1510.0,11176714.13
2025-08-01 10:07:50 AM,15.08,3252,49040.16,11225754.290000001
2025-08-01 10:07:56 AM,15.08,1003,15125.24,11240879.530000001
2025-08-01 10:08:00 AM,15.06,58717,884278.02,12125157.55
2025-08-01 10:08:07 AM,15.04,864,12994.56,12138152.110000001
2025-08-01 10:08:08 AM,15.03,3124,46953.72,12185105.830000002
2025-08-01 10:08:33 AM,15.07,0,0.0,12185105.830000002
2025-08-01 10:08:33 AM,15.07,18267,275283.69,12460389.520000001
2025-08-01 10:08:51 AM,15.07,500,7535.0,12467924.520000001
2025-08-01 10:08:53 AM,15.09,0,0.0,12467924.520000001
2025-08-01 10:08:55 AM,15.09,699,10547.91,12478472.430000002
2025-08-01 10:08:59 AM,15.12,0,0.0,12478472.430000002
2025-08-01 10:09:01 AM,15.12,28298,427865.75999999995,12906338.190000001
2025-08-01 10:09:19 AM,15.13,4096,61972.48,12968310.670000002
2025-08-01 10:09:25 AM,15.12,140,2116.7999999999997,12970427.470000003
2025-08-01 10:09:50 AM,15.14,1600,24224.0,12994651.470000003
2025-08-01 10:09:57 AM,15.16,0,0.0,12994651.470000003
2025-08-01 10:09:59 AM,15.17,0,0.0,12994651.470000003
2025-08-01 10:09:59 AM,15.17,37768,572940.5599999999,13567592.030000003
2025-08-01 10:10:00 AM,15.19,0,0.0,13567592.030000003
2025-08-01 10:10:01 AM,15.2,5215,79268.0,13646860.030000003
2025-08-01 10:10:02 AM,15.17,0,0.0,13646860.030000003
2025-08-01 10:10:05 AM,15.17,139,2108.63,13648968.660000004
2025-08-01 10:10:09 AM,15.18,0,0.0,13648968.660000004
2025-08-01 10:10:11 AM,15.2,2505,38076.0,13687044.660000004
2025-08-01 10:10:16 AM,15.2,2000,30400.0,13717444.660000004
2025-08-01 10:10:22 AM,15.2,501,7615.2,13725059.860000003
2025-08-01 10:10:24 AM,15.19,600,9114.0,13734173.860000003
2025-08-01 10:10:26 AM,15.18,0,0.0,13734173.860000003
2025-08-01 10:10:28 AM,15.18,100,1518.0,13735691.860000003
2025-08-01 10:10:34 AM,15.18,5000,75900.0,13811591.860000003
2025-08-01 10:10:36 AM,15.19,1030,15645.699999999999,13827237.560000002
2025-08-01 10:10:38 AM,15.18,0,0.0,13827237.560000002
2025-08-01 10:10:40 AM,15.2,12033,182901.6,14010139.160000002
2025-08-01 10:10:41 AM,15.21,0,0.0,14010139.160000002
2025-08-01 10:10:42 AM,15.21,5074,77175.54000000001,14087314.700000001
2025-08-01 10:10:48 AM,15.21,11,167.31,14087482.010000002
2025-08-01 10:10:53 AM,15.22,700,10654.0,14098136.010000002
2025-08-01 10:10:58 AM,15.22,410,6240.2,14104376.21
2025-08-01 10:11:00 AM,15.22,1100,16742.0,14121118.21
2025-08-01 10:11:02 AM,15.24,0,0.0,14121118.21
2025-08-01 10:11:04 AM,15.24,5000,76200.0,14197318.21
2025-08-01 10:11:10 AM,15.23,960,14620.800000000001,14211939.010000002
2025-08-01 10:11:23 AM,15.23,500,7615.0,14219554.010000002
2025-08-01 10:11:27 AM,15.23,1001,15245.23,14234799.240000002
2025-08-01 10:11:34 AM,15.24,1,15.24,14234814.480000002
2025-08-01 10:11:38 AM,15.26,0,0.0,14234814.480000002
2025-08-01 10:11:39 AM,15.26,9201,140407.26,14375221.740000002
2025-08-01 10:11:44 AM,15.23,0,0.0,14375221.740000002
2025-08-01 10:11:45 AM,15.23,3020,45994.6,14421216.340000002
2025-08-01 10:12:08 AM,15.26,0,0.0,14421216.340000002
2025-08-01 10:12:08 AM,15.26,889,13566.14,14434782.480000002
2025-08-01 10:12:11 AM,15.24,0,0.0,14434782.480000002
2025-08-01 10:12:14 AM,15.24,2000,30480.0,14465262.480000002
2025-08-01 10:12:15 AM,15.27,253,3863.31,14469125.790000003
2025-08-01 10:12:20 AM,15.26,0,0.0,14469125.790000003
2025-08-01 10:12:20 AM,15.26,2297,35052.22,14504178.010000004
2025-08-01 10:12:32 AM,15.26,967,14756.42,14518934.430000003
2025-08-01 10:12:35 AM,15.24,0,0.0,14518934.430000003
2025-08-01 10:12:37 AM,15.24,786,11978.64,14530913.070000004
2025-08-01 10:12:47 AM,15.25,0,0.0,14530913.070000004
2025-08-01 10:12:49 AM,15.25,7001,106765.25,14637678.320000004
2025-08-01 10:12:49 AM,15.27,637,9726.99,14647405.310000004
2025-08-01 10:12:50 AM,15.25,0,0.0,14647405.310000004
2025-08-01 10:12:55 AM,15.28,6020,91985.59999999999,14739390.910000004
2025-08-01 10:13:06 AM,15.28,6101,93223.28,14832614.190000003
2025-08-01 10:13:11 AM,15.26,0,0.0,14832614.190000003
2025-08-01 10:13:12 AM,15.27,509,7772.429999999999,14840386.620000003
2025-08-01 10:13:23 AM,15.28,0,0.0,14840386.620000003
2025-08-01 10:13:24 AM,15.28,230,3514.3999999999996,14843901.020000003
2025-08-01 10:13:29 AM,15.29,0,0.0,14843901.020000003
2025-08-01 10:13:29 AM,15.3,0,0.0,14843901.020000003
2025-08-01 10:13:30 AM,15.3,32972,504471.60000000003,15348372.620000003
2025-08-01 10:13:41 AM,15.34,0,0.0,15348372.620000003
2025-08-01 10:13:42 AM,15.32,40021,613121.72,15961494.340000004
2025-08-01 10:13:43 AM,15.32,1,15.32,15961509.660000004
2025-08-01 10:13:44 AM,15.33,0,0.0,15961509.660000004
2025-08-01 10:13:48 AM,15.33,4785,73354.05,16034863.710000005
2025-08-01 10:13:54 AM,15.33,9981,153008.73,16187872.440000005
2025-08-01 10:14:00 AM,15.32,2229,34148.28,16222020.720000004
2025-08-01 10:14:05 AM,15.32,900,13788.0,16235808.720000004
2025-08-01 10:14:06 AM,15.34,6,92.03999999999999,16235900.760000004
2025-08-01 10:14:11 AM,15.34,2000,30680.0,16266580.760000004
2025-08-01 10:14:17 AM,15.34,5010,76853.4,16343434.160000004
2025-08-01 10:14:20 AM,15.33,0,0.0,16343434.160000004
2025-08-01 10:14:23 AM,15.34,0,0.0,16343434.160000004
2025-08-01 10:14:23 AM,15.34,6207,95215.38,16438649.540000005
2025-08-01 10:14:38 AM,15.32,0,0.0,16438649.540000005
2025-08-01 10:14:40 AM,15.32,23816,364861.12,16803510.660000004
2025-08-01 10:14:47 AM,15.32,126,1930.32,16805440.980000004
2025-08-01 10:14:57 AM,15.32,2500,38300.0,16843740.980000004
2025-08-01 10:15:03 AM,15.34,0,0.0,16843740.980000004
2025-08-01 10:15:03 AM,15.34,500,7670.0,16851410.980000004
2025-08-01 10:15:09 AM,15.34,2200,33748.0,16885158.980000004
2025-08-01 10:15:09 AM,15.34,52,797.68,16885956.660000004
2025-08-01 10:15:14 AM,15.34,752,11535.68,16897492.340000004
2025-08-01 10:15:19 AM,15.37,0,0.0,16897492.340000004
2025-08-01 10:15:21 AM,15.37,25771,396100.26999999996,17293592.610000003
2025-08-01 10:15:29 AM,15.34,0,0.0,17293592.610000003
2025-08-01 10:15:33 AM,15.34,5534,84891.56,17378484.17
2025-08-01 10:15:39 AM,15.34,627,9618.18,17388102.35
2025-08-01 10:15:41 AM,15.37,0,0.0,17388102.35
2025-08-01 10:15:45 AM,15.37,13100,201347.0,17589449.35
2025-08-01 10:15:51 AM,15.34,3100,47554.0,17637003.35
2025-08-01 10:15:55 AM,15.37,0,0.0,17637003.35
2025-08-01 10:15:57 AM,15.37,1034,15892.58,17652895.93
2025-08-01 10:15:58 AM,15.36,0,0.0,17652895.93
2025-08-01 10:16:02 AM,15.36,1,15.36,17652911.29
2025-08-01 10:16:04 AM,15.34,0,0.0,17652911.29
2025-08-01 10:16:08 AM,15.36,0,0.0,17652911.29
2025-08-01 10:16:08 AM,15.36,3410,52377.6,17705288.89
2025-08-01 10:16:11 AM,15.34,0,0.0,17705288.89
2025-08-01 10:16:14 AM,15.34,21098,323643.32,18028932.21
2025-08-01 10:16:19 AM,15.36,0,0.0,18028932.21
2025-08-01 10:16:20 AM,15.36,580,8908.8,18037841.01
2025-08-01 10:16:22 AM,15.35,0,0.0,18037841.01
2025-08-01 10:16:26 AM,15.35,16168,248178.8,18286019.810000002
2025-08-01 10:16:35 AM,15.36,0,0.0,18286019.810000002
2025-08-01 10:16:38 AM,15.36,330,5068.8,18291088.610000003
2025-08-01 10:16:47 AM,15.33,0,0.0,18291088.610000003
2025-08-01 10:16:49 AM,15.33,2001,30675.33,18321763.94
2025-08-01 10:17:04 AM,15.36,0,0.0,18321763.94
2025-08-01 10:17:05 AM,15.36,70,1075.2,18322839.14
2025-08-01 10:17:08 AM,15.33,0,0.0,18322839.14
2025-08-01 10:17:11 AM,15.33,800,12264.0,18335103.14
2025-08-01 10:17:14 AM,15.35,0,0.0,18335103.14
2025-08-01 10:17:17 AM,15.35,3760,57716.0,18392819.14
2025-08-01 10:17:19 AM,15.32,0,0.0,18392819.14
2025-08-01 10:17:20 AM,15.33,0,0.0,18392819.14
2025-08-01 10:17:23 AM,15.33,810,12417.3,18405236.44
2025-08-01 10:17:25 AM,15.29,0,0.0,18405236.44
2025-08-01 10:17:29 AM,15.29,19207,293675.02999999997,18698911.470000003
2025-08-01 10:17:31 AM,15.27,0,0.0,18698911.470000003
2025-08-01 10:17:34 AM,15.27,1550,23668.5,18722579.970000003
2025-08-01 10:17:40 AM,15.26,0,0.0,18722579.970000003
2025-08-01 10:17:40 AM,15.26,1395,21287.7,18743867.67
2025-08-01 10:17:41 AM,15.25,0,0.0,18743867.67
2025-08-01 10:17:43 AM,15.28,0,0.0,18743867.67
2025-08-01 10:17:46 AM,15.25,0,0.0,18743867.67
2025-08-01 10:17:46 AM,15.26,2894,44162.44,18788030.110000003
2025-08-01 10:17:49 AM,15.23,0,0.0,18788030.110000003
2025-08-01 10:17:50 AM,15.24,0,0.0,18788030.110000003
2025-08-01 10:17:52 AM,15.24,4401,67071.24,18855101.35
2025-08-01 10:17:57 AM,15.24,800,12192.0,18867293.35
2025-08-01 10:18:07 AM,15.23,0,0.0,18867293.35
2025-08-01 10:18:09 AM,15.23,176,2680.48,18869973.830000002
2025-08-01 10:18:15 AM,15.23,1041,15854.43,18885828.26
2025-08-01 10:18:21 AM,15.23,145,2208.35,18888036.610000003
2025-08-01 10:18:25 AM,15.2,0,0.0,18888036.610000003
2025-08-01 10:18:26 AM,15.23,0,0.0,18888036.610000003
2025-08-01 10:18:27 AM,15.23,2805,42720.15,18930756.76
2025-08-01 10:18:44 AM,15.23,40,609.2,18931365.96
2025-08-01 10:18:46 AM,15.24,0,0.0,18931365.96
2025-08-01 10:18:48 AM,15.22,0,0.0,18931365.96
2025-08-01 10:18:50 AM,15.22,5245,79828.90000000001,19011194.86
2025-08-01 10:18:58 AM,15.25,0,0.0,19011194.86
2025-08-01 10:19:01 AM,15.25,10000,152500.0,19163694.86
2025-08-01 10:19:02 AM,15.23,0,0.0,19163694.86
2025-08-01 10:19:07 AM,15.23,12242,186445.66,19350140.52
2025-08-01 10:19:15 AM,15.24,0,0.0,19350140.52
2025-08-01 10:19:18 AM,15.25,0,0.0,19350140.52
2025-08-01 10:19:18 AM,15.25,3000,45750.0,19395890.52
2025-08-01 10:19:21 AM,15.26,0,0.0,19395890.52
2025-08-01 10:19:24 AM,15.25,0,0.0,19395890.52
2025-08-01 10:19:24 AM,15.28,0,0.0,19395890.52
2025-08-01 10:19:24 AM,15.28,2711,41424.08,19437314.599999998
2025-08-01 10:19:25 AM,15.26,1,15.26,19437329.86
2025-08-01 10:19:27 AM,15.27,0,0.0,19437329.86
2025-08-01 10:19:30 AM,15.29,0,0.0,19437329.86
2025-08-01 10:19:30 AM,15.29,13001,198785.28999999998,19636115.15
2025-08-01 10:19:39 AM,15.27,0,0.0,19636115.15
2025-08-01 10:19:41 AM,15.29,2500,38225.0,19674340.15
2025-08-01 10:19:47 AM,15.27,2100,32067.0,19706407.15
2025-08-01 10:19:53 AM,15.27,24,366.48,19706773.63
2025-08-01 10:19:54 AM,15.29,0,0.0,19706773.63
2025-08-01 10:19:54 AM,15.29,6000,91740.0,19798513.63
2025-08-01 10:19:58 AM,15.29,1200,18348.0,19816861.63
2025-08-01 10:20:09 AM,15.29,138,2110.02,19818971.65
2025-08-01 10:20:14 AM,15.29,602,9204.58,19828176.229999997
2025-08-01 10:20:21 AM,15.29,600,9174.0,19837350.229999997
2025-08-01 10:20:32 AM,15.28,0,0.0,19837350.229999997
2025-08-01 10:20:32 AM,15.28,500,7640.0,19844990.229999997
2025-08-01 10:20:35 AM,15.29,0,0.0,19844990.229999997
2025-08-01 10:20:38 AM,15.29,10775,164749.75,20009739.979999997
2025-08-01 10:20:46 AM,15.3,1000,15300.0,20025039.979999997
2025-08-01 10:20:51 AM,15.3,1800,27540.0,20052579.979999997
2025-08-01 10:20:56 AM,15.3,760,11628.0,20064207.979999997
2025-08-01 10:21:03 AM,15.31,0,0.0,20064207.979999997
2025-08-01 10:21:04 AM,15.31,1358,20790.98,20084998.959999997
2025-08-01 10:21:07 AM,15.32,0,0.0,20084998.959999997
2025-08-01 10:21:07 AM,15.32,1938,29690.16,20114689.119999997
2025-08-01 10:21:15 AM,15.31,0,0.0,20114689.119999997
2025-08-01 10:21:15 AM,15.31,2000,30620.0,20145309.119999997
2025-08-01 10:21:18 AM,15.31,32,489.92,20145799.04
2025-08-01 10:21:20 AM,15.32,333,5101.56,20150900.599999998
2025-08-01 10:21:21 AM,15.33,0,0.0,20150900.599999998
2025-08-01 10:21:23 AM,15.32,0,0.0,20150900.599999998
2025-08-01 10:21:24 AM,15.32,2629,40276.28,20191176.88
2025-08-01 10:21:29 AM,15.33,0,0.0,20191176.88
2025-08-01 10:21:29 AM,15.33,1522,23332.26,20214509.14
2025-08-01 10:21:37 AM,15.31,3000,45930.0,20260439.14
2025-08-01 10:21:42 AM,15.31,880,13472.800000000001,20273911.94
2025-08-01 10:21:54 AM,15.31,924,14146.44,20288058.380000003
2025-08-01 10:21:56 AM,15.3,0,0.0,20288058.380000003
2025-08-01 10:21:58 AM,15.3,5037,77066.1,20365124.480000004
2025-08-01 10:22:02 AM,15.32,0,0.0,20365124.480000004
2025-08-01 10:22:03 AM,15.32,5000,76600.0,20441724.480000004
2025-08-01 10:22:05 AM,15.32,1000,15320.0,20457044.480000004
2025-08-01 10:22:15 AM,15.32,4002,61310.64,20518355.120000005
2025-08-01 10:22:20 AM,15.33,0,0.0,20518355.120000005
2025-08-01 10:22:21 AM,15.33,5000,76650.0,20595005.120000005
2025-08-01 10:22:23 AM,15.29,0,0.0,20595005.120000005
2025-08-01 10:22:23 AM,15.29,4000,61160.0,20656165.120000005
2025-08-01 10:22:29 AM,15.3,0,0.0,20656165.120000005
2025-08-01 10:22:29 AM,15.3,1,15.3,20656180.420000006
2025-08-01 10:22:34 AM,15.31,20,306.2,20656486.620000005
2025-08-01 10:22:38 AM,15.29,0,0.0,20656486.620000005
2025-08-01 10:22:38 AM,15.29,6280,96021.2,20752507.820000004
2025-08-01 10:22:40 AM,15.3,774,11842.2,20764350.020000003
2025-08-01 10:22:43 AM,15.28,5002,76430.56,20840780.580000002
2025-08-01 10:22:45 AM,15.3,100,1530.0,20842310.580000002
2025-08-01 10:22:51 AM,15.3,201,3075.3,20845385.880000003
2025-08-01 10:22:56 AM,15.3,2000,30600.0,20875985.880000003
2025-08-01 10:22:59 AM,15.3,270,4131.0,20880116.880000003
2025-08-01 10:23:02 AM,15.3,11,168.3,20880285.180000003
2025-08-01 10:23:08 AM,15.32,0,0.0,20880285.180000003
2025-08-01 10:23:08 AM,15.32,98,1501.3600000000001,20881786.540000003
2025-08-01 10:23:11 AM,15.32,50,766.0,20882552.540000003
2025-08-01 10:23:13 AM,15.29,0,0.0,20882552.540000003
2025-08-01 10:23:14 AM,15.29,8642,132136.18,21014688.720000003
2025-08-01 10:23:17 AM,15.28,5000,76400.0,21091088.720000003
2025-08-01 10:23:29 AM,15.3,0,0.0,21091088.720000003
2025-08-01 10:23:31 AM,15.3,2000,30600.0,21121688.720000003
2025-08-01 10:23:33 AM,15.29,3,45.87,21121734.590000004
2025-08-01 10:23:37 AM,15.29,3,45.87,21121780.460000005
2025-08-01 10:23:39 AM,15.3,2000,30600.0,21152380.460000005
2025-08-01 10:23:43 AM,15.28,2562,39147.36,21191527.820000004
2025-08-01 10:23:49 AM,15.3,0,0.0,21191527.820000004
2025-08-01 10:23:50 AM,15.3,5200,79560.0,21271087.820000004
2025-08-01 10:23:59 AM,15.3,6684,102265.20000000001,21373353.020000003
2025-08-01 10:24:04 AM,15.31,0,0.0,21373353.020000003
2025-08-01 10:24:05 AM,15.31,150,2296.5,21375649.520000003
2025-08-01 10:24:18 AM,15.28,135,2062.7999999999997,21377712.320000004
2025-08-01 10:24:23 AM,15.31,5,76.55,21377788.870000005
2025-08-01 10:24:38 AM,15.27,0,0.0,21377788.870000005
2025-08-01 10:24:38 AM,15.27,10060,153616.19999999998,21531405.070000004
2025-08-01 10:24:42 AM,15.3,0,0.0,21531405.070000004
2025-08-01 10:24:43 AM,15.3,25000,382500.0,21913905.070000004
2025-08-01 10:24:46 AM,15.31,0,0.0,21913905.070000004
2025-08-01 10:24:48 AM,15.31,13,199.03,21914104.100000005
2025-08-01 10:24:59 AM,15.3,300,4590.0,21918694.100000005
2025-08-01 10:25:14 AM,15.29,0,0.0,21918694.100000005
2025-08-01 10:25:14 AM,15.29,1,15.29,21918709.390000004
2025-08-01 10:25:34 AM,15.29,2200,33638.0,21952347.390000004
2025-08-01 10:25:40 AM,15.29,2,30.58,21952377.970000003
2025-08-01 10:25:45 AM,15.29,1,15.29,21952393.26
2025-08-01 10:25:47 AM,15.27,0,0.0,21952393.26
2025-08-01 10:25:48 AM,15.27,1,15.27,21952408.53
2025-08-01 10:25:50 AM,15.29,0,0.0,21952408.53
2025-08-01 10:25:51 AM,15.29,5500,84095.0,22036503.53
2025-08-01 10:26:20 AM,15.29,10,152.89999999999998,22036656.43
2025-08-01 10:26:26 AM,15.29,3181,48637.49,22085293.919999998
2025-08-01 10:26:30 AM,15.3,0,0.0,22085293.919999998
2025-08-01 10:26:30 AM,15.3,2268,34700.4,22119994.319999997
2025-08-01 10:26:41 AM,15.31,0,0.0,22119994.319999997
2025-08-01 10:26:41 AM,15.31,6,91.86,22120086.179999996
2025-08-01 10:26:44 AM,15.31,819,12538.890000000001,22132625.069999997
2025-08-01 10:26:51 AM,15.28,0,0.0,22132625.069999997
2025-08-01 10:26:53 AM,15.28,16000,244480.0,22377105.069999997
2025-08-01 10:27:11 AM,15.29,0,0.0,22377105.069999997
2025-08-01 10:27:13 AM,15.29,20,305.79999999999995,22377410.869999997
2025-08-01 10:27:26 AM,15.29,21,321.09,22377731.959999997
2025-08-01 10:27:37 AM,15.29,35,535.15,22378267.109999996
2025-08-01 10:27:50 AM,15.31,0,0.0,22378267.109999996
2025-08-01 10:27:51 AM,15.31,6497,99469.07,22477736.179999996
2025-08-01 10:28:04 AM,15.31,2250,34447.5,22512183.679999996
2025-08-01 10:28:07 AM,15.31,10,153.1,22512336.779999997
2025-08-01 10:28:10 AM,15.31,29,443.99,22512780.769999996
2025-08-01 10:28:13 AM,15.31,20,306.2,22513086.969999995
2025-08-01 10:28:18 AM,15.31,300,4593.0,22517679.969999995
2025-08-01 10:28:29 AM,15.31,200,3062.0,22520741.969999995
2025-08-01 10:28:35 AM,15.31,10060,154018.6,22674760.569999997
2025-08-01 10:28:37 AM,15.31,10496,160693.76,22835454.33
2025-08-01 10:28:40 AM,15.34,7441,114144.94,22949599.27
2025-08-01 10:28:43 AM,15.31,0,0.0,22949599.27
2025-08-01 10:28:43 AM,15.31,1500,22965.0,22972564.27
2025-08-01 10:28:55 AM,15.34,10000,153400.0,23125964.27
2025-08-01 10:29:04 AM,15.33,0,0.0,23125964.27
2025-08-01 10:29:04 AM,15.34,0,0.0,23125964.27
2025-08-01 10:29:05 AM,15.37,28711,441288.06999999995,23567252.34
2025-08-01 10:29:08 AM,15.38,0,0.0,23567252.34
2025-08-01 10:29:08 AM,15.38,21,322.98,23567575.32
2025-08-01 10:29:11 AM,15.44,102160,1577350.4,25144925.72
2025-08-01 10:29:12 AM,15.4,0,0.0,25144925.72
2025-08-01 10:29:14 AM,15.4,3001,46215.4,25191141.119999997
2025-08-01 10:29:17 AM,15.4,3058,47093.200000000004,25238234.319999997
2025-08-01 10:29:19 AM,15.39,2000,30780.0,25269014.319999997
2025-08-01 10:29:26 AM,15.41,0,0.0,25269014.319999997
2025-08-01 10:29:28 AM,15.39,0,0.0,25269014.319999997
2025-08-01 10:29:28 AM,15.39,2535,39013.65,25308027.969999995
2025-08-01 10:29:30 AM,15.4,0,0.0,25308027.969999995
2025-08-01 10:29:30 AM,15.4,500,7700.0,25315727.969999995
2025-08-01 10:29:36 AM,15.4,2000,30800.0,25346527.969999995
2025-08-01 10:29:39 AM,15.4,2000,30800.0,25377327.969999995
2025-08-01 10:29:44 AM,15.39,0,0.0,25377327.969999995
2025-08-01 10:29:44 AM,15.39,152,2339.28,25379667.249999996
2025-08-01 10:29:47 AM,15.38,443,6813.34,25386480.589999996
2025-08-01 10:29:50 AM,15.38,50,769.0,25387249.589999996
2025-08-01 10:29:52 AM,15.38,331,5090.780000000001,25392340.369999997
2025-08-01 10:29:54 AM,15.36,0,0.0,25392340.369999997
2025-08-01 10:29:55 AM,15.36,5032,77291.52,25469631.889999997
2025-08-01 10:29:58 AM,15.38,67,1030.46,25470662.349999998
2025-08-01 10:30:04 AM,15.38,11647,179130.86000000002,25649793.209999997
2025-08-01 10:30:06 AM,15.39,0,0.0,25649793.209999997
2025-08-01 10:30:06 AM,15.38,0,0.0,25649793.209999997
2025-08-01 10:30:07 AM,15.38,16555,254615.90000000002,25904409.109999996
2025-08-01 10:30:09 AM,15.4,364,5605.6,25910014.709999997
2025-08-01 10:30:13 AM,15.41,0,0.0,25910014.709999997
2025-08-01 10:30:13 AM,15.41,18624,286995.84,26197010.549999997
2025-08-01 10:30:21 AM,15.41,64,986.24,26197996.789999995
2025-08-01 10:30:27 AM,15.4,9,138.6,26198135.389999997
2025-08-01 10:30:29 AM,15.4,2000,30800.0,26228935.389999997
2025-08-01 10:30:33 AM,15.4,1,15.4,26228950.789999995
2025-08-01 10:30:35 AM,15.41,15052,231951.32,26460902.109999996
2025-08-01 10:30:41 AM,15.41,9958,153452.78,26614354.889999997
2025-08-01 10:30:50 AM,15.4,0,0.0,26614354.889999997
2025-08-01 10:30:50 AM,15.4,100,1540.0,26615894.889999997
2025-08-01 10:30:52 AM,15.4,5000,77000.0,26692894.889999997
2025-08-01 10:31:07 AM,15.4,3204,49341.6,26742236.49
2025-08-01 10:31:10 AM,15.4,1105,17017.0,26759253.49
2025-08-01 10:31:13 AM,15.4,3,46.2,26759299.689999998
2025-08-01 10:31:19 AM,15.4,100,1540.0,26760839.689999998
2025-08-01 10:31:33 AM,15.39,0,0.0,26760839.689999998
2025-08-01 10:31:35 AM,15.39,5,76.95,26760916.639999997
2025-08-01 10:31:41 AM,15.38,0,0.0,26760916.639999997
2025-08-01 10:31:41 AM,15.38,2085,32067.300000000003,26792983.939999998
2025-08-01 10:31:52 AM,15.38,601,9243.380000000001,26802227.319999997
2025-08-01 10:32:05 AM,15.38,5585,85897.3,26888124.619999997
2025-08-01 10:32:08 AM,15.35,37351,573337.85,27461462.47
2025-08-01 10:32:09 AM,15.38,0,0.0,27461462.47
2025-08-01 10:32:12 AM,15.38,100,1538.0,27463000.47
2025-08-01 10:32:35 AM,15.37,0,0.0,27463000.47
2025-08-01 10:32:35 AM,15.37,200,3074.0,27466074.47
2025-08-01 10:32:41 AM,15.35,0,0.0,27466074.47
2025-08-01 10:32:41 AM,15.35,4801,73695.34999999999,27539769.82
2025-08-01 10:32:44 AM,15.37,0,0.0,27539769.82
2025-08-01 10:32:44 AM,15.37,500,7685.0,27547454.82
2025-08-01 10:32:52 AM,15.33,26980,413603.4,27961058.22
2025-08-01 10:32:55 AM,15.33,916,14042.28,27975100.5
2025-08-01 10:32:56 AM,15.35,0,0.0,27975100.5
2025-08-01 10:32:58 AM,15.35,3,46.05,27975146.55
2025-08-01 10:33:01 AM,15.35,435,6677.25,27981823.8
2025-08-01 10:33:09 AM,15.35,3,46.05,27981869.85
2025-08-01 10:33:15 AM,15.35,2,30.7,27981900.55
2025-08-01 10:33:17 AM,15.33,0,0.0,27981900.55
2025-08-01 10:33:17 AM,15.33,878,13459.74,27995360.29
2025-08-01 10:33:20 AM,15.32,0,0.0,27995360.29
2025-08-01 10:33:20 AM,15.33,0,0.0,27995360.29
2025-08-01 10:33:21 AM,15.33,885,13567.05,28008927.34
2025-08-01 10:33:26 AM,15.32,0,0.0,28008927.34
2025-08-01 10:33:26 AM,15.32,200,3064.0,28011991.34
2025-08-01 10:33:28 AM,15.33,9,137.97,28012129.31
2025-08-01 10:33:48 AM,15.33,1000,15330.0,28027459.31
2025-08-01 10:33:56 AM,15.33,1,15.33,28027474.639999997
2025-08-01 10:34:00 AM,15.32,0,0.0,28027474.639999997
2025-08-01 10:34:02 AM,15.32,97,1486.04,28028960.679999996
2025-08-01 10:34:11 AM,15.33,5000,76650.0,28105610.679999996
2025-08-01 10:34:24 AM,15.32,0,0.0,28105610.679999996
2025-08-01 10:34:24 AM,15.33,1749,26812.170000000002,28132422.849999998
2025-08-01 10:34:29 AM,15.32,3,45.96,28132468.81
2025-08-01 10:34:41 AM,15.32,100,1532.0,28134000.81
2025-08-01 10:34:47 AM,15.32,1575,24129.0,28158129.81
2025-08-01 10:34:50 AM,15.32,7330,112295.6,28270425.41
2025-08-01 10:34:58 AM,15.33,0,0.0,28270425.41
2025-08-01 10:34:59 AM,15.33,1000,15330.0,28285755.41
2025-08-01 10:35:00 AM,15.32,0,0.0,28285755.41
2025-08-01 10:35:02 AM,15.31,0,0.0,28285755.41
2025-08-01 10:35:02 AM,15.31,2714,41551.340000000004,28327306.75
2025-08-01 10:35:03 AM,15.33,0,0.0,28327306.75
2025-08-01 10:35:04 AM,15.33,2145,32882.85,28360189.6
2025-08-01 10:35:08 AM,15.33,175,2682.75,28362872.35
2025-08-01 10:35:10 AM,15.35,0,0.0,28362872.35
2025-08-01 10:35:10 AM,15.35,500,7675.0,28370547.35
2025-08-01 10:35:21 AM,15.35,1000,15350.0,28385897.35
2025-08-01 10:35:27 AM,15.35,1000,15350.0,28401247.35
2025-08-01 10:35:30 AM,15.32,0,0.0,28401247.35
2025-08-01 10:35:30 AM,15.32,26201,401399.32,28802646.67
2025-08-01 10:35:32 AM,15.3,15000,229500.0,29032146.67
2025-08-01 10:35:35 AM,15.29,0,0.0,29032146.67
2025-08-01 10:35:36 AM,15.29,4009,61297.60999999999,29093444.28
2025-08-01 10:35:39 AM,15.3,0,0.0,29093444.28
2025-08-01 10:35:42 AM,15.3,1186,18145.8,29111590.080000002
2025-08-01 10:35:44 AM,15.28,0,0.0,29111590.080000002
2025-08-01 10:35:44 AM,15.28,41,626.48,29112216.560000002
2025-08-01 10:35:58 AM,15.3,2000,30600.0,29142816.560000002
2025-08-01 10:36:00 AM,15.28,2000,30560.0,29173376.560000002
2025-08-01 10:36:04 AM,15.3,105,1606.5,29174983.060000002
2025-08-01 10:36:06 AM,15.3,130,1989.0,29176972.060000002
2025-08-01 10:36:12 AM,15.3,10,153.0,29177125.060000002
2025-08-01 10:36:15 AM,15.3,2000,30600.0,29207725.060000002
2025-08-01 10:36:18 AM,15.3,12,183.60000000000002,29207908.660000004
2025-08-01 10:36:23 AM,15.3,9205,140836.5,29348745.160000004
2025-08-01 10:36:26 AM,15.3,85,1300.5,29350045.660000004
2025-08-01 10:36:34 AM,15.3,101,1545.3000000000002,29351590.960000005
2025-08-01 10:36:37 AM,15.32,0,0.0,29351590.960000005
2025-08-01 10:36:37 AM,15.32,5,76.6,29351667.560000006
2025-08-01 10:36:48 AM,15.31,10295,157616.45,29509284.010000005
2025-08-01 10:36:50 AM,15.29,27325,417799.25,29927083.260000005
2025-08-01 10:36:59 AM,15.29,828,12660.119999999999,29939743.380000006
2025-08-01 10:37:00 AM,15.3,0,0.0,29939743.380000006
2025-08-01 10:37:01 AM,15.3,20,306.0,29940049.380000006
2025-08-01 10:37:10 AM,15.3,500,7650.0,29947699.380000006
2025-08-01 10:37:33 AM,15.26,0,0.0,29947699.380000006
2025-08-01 10:37:34 AM,15.26,29100,444066.0,30391765.380000006
2025-08-01 10:37:37 AM,15.27,0,0.0,30391765.380000006
2025-08-01 10:37:38 AM,15.27,1325,20232.75,30411998.130000006
2025-08-01 10:37:41 AM,15.27,1000,15270.0,30427268.130000006
2025-08-01 10:37:43 AM,15.28,350,5348.0,30432616.130000006
2025-08-01 10:37:51 AM,15.28,500,7640.0,30440256.130000006
2025-08-01 10:37:57 AM,15.28,16,244.48,30440500.610000007
2025-08-01 10:38:06 AM,15.28,2001,30575.28,30471075.890000008
2025-08-01 10:38:09 AM,15.28,1670,25517.6,30496593.49000001
2025-08-01 10:38:12 AM,15.28,20,305.59999999999997,30496899.09000001
2025-08-01 10:38:18 AM,15.25,0,0.0,30496899.09000001
2025-08-01 10:38:19 AM,15.25,3,45.75,30496944.84000001
2025-08-01 10:38:27 AM,15.27,0,0.0,30496944.84000001
2025-08-01 10:38:27 AM,15.27,8200,125214.0,30622158.84000001
2025-08-01 10:38:35 AM,15.25,0,0.0,30622158.84000001
2025-08-01 10:38:37 AM,15.25,10300,157075.0,30779233.84000001
2025-08-01 10:38:47 AM,15.26,0,0.0,30779233.84000001
2025-08-01 10:38:48 AM,15.26,1000,15260.0,30794493.84000001
2025-08-01 10:38:53 AM,15.25,0,0.0,30794493.84000001
2025-08-01 10:38:54 AM,15.25,4165,63516.25,30858010.09000001
2025-08-01 10:39:07 AM,15.23,2051,31236.73,30889246.82000001
2025-08-01 10:39:13 AM,15.23,358,5452.34,30894699.16000001
2025-08-01 10:39:14 AM,15.26,0,0.0,30894699.16000001
2025-08-01 10:39:16 AM,15.26,16000,244160.0,31138859.16000001
2025-08-01 10:39:23 AM,15.24,0,0.0,31138859.16000001
2025-08-01 10:39:24 AM,15.26,0,0.0,31138859.16000001
2025-08-01 10:39:24 AM,15.26,1904,29055.04,31167914.20000001
2025-08-01 10:39:27 AM,15.26,1000,15260.0,31183174.20000001
2025-08-01 10:39:33 AM,15.26,2955,45093.3,31228267.50000001
2025-08-01 10:39:52 AM,15.22,29941,455702.02,31683969.52000001
2025-08-01 10:39:53 AM,15.21,0,0.0,31683969.52000001
2025-08-01 10:39:54 AM,15.23,0,0.0,31683969.52000001
2025-08-01 10:39:55 AM,15.23,1010,15382.300000000001,31699351.82000001
2025-08-01 10:40:00 AM,15.23,65,989.95,31700341.77000001
2025-08-01 10:40:03 AM,15.23,10,152.3,31700494.07000001
2025-08-01 10:40:07 AM,15.18,0,0.0,31700494.07000001
2025-08-01 10:40:08 AM,15.21,24917,378987.57,32079481.64000001
2025-08-01 10:40:11 AM,15.21,1,15.21,32079496.850000013
2025-08-01 10:40:17 AM,15.22,0,0.0,32079496.850000013
2025-08-01 10:40:17 AM,15.22,325,4946.5,32084443.350000013
2025-08-01 10:40:19 AM,15.21,0,0.0,32084443.350000013
2025-08-01 10:40:20 AM,15.21,20,304.20000000000005,32084747.550000012
2025-08-01 10:40:23 AM,15.22,5000,76100.0,32160847.550000012
2025-08-01 10:40:39 AM,15.22,400,6088.0,32166935.550000012
2025-08-01 10:40:48 AM,15.22,10010,152352.2,32319287.75000001
2025-08-01 10:41:01 AM,15.2,0,0.0,32319287.75000001
2025-08-01 10:41:01 AM,15.2,2918,44353.6,32363641.350000013
2025-08-01 10:41:04 AM,15.2,308,4681.599999999999,32368322.950000014
2025-08-01 10:41:09 AM,15.2,2,30.4,32368353.350000013
2025-08-01 10:41:13 AM,15.2,5,76.0,32368429.350000013
2025-08-01 10:41:30 AM,15.2,40,608.0,32369037.350000013
2025-08-01 10:41:34 AM,15.18,0,0.0,32369037.350000013
2025-08-01 10:41:36 AM,15.18,17312,262796.16,32631833.510000013
2025-08-01 10:41:37 AM,15.18,110,1669.8,32633503.310000014
2025-08-01 10:41:43 AM,15.18,1529,23210.22,32656713.530000012
2025-08-01 10:41:48 AM,15.18,500,7590.0,32664303.530000012
2025-08-01 10:41:49 AM,15.16,0,0.0,32664303.530000012
2025-08-01 10:41:51 AM,15.15,0,0.0,32664303.530000012
2025-08-01 10:41:52 AM,15.15,2257,34193.55,32698497.080000013
2025-08-01 10:42:07 AM,15.16,0,0.0,32698497.080000013
2025-08-01 10:42:08 AM,15.16,10910,165395.6,32863892.680000015
2025-08-01 10:42:11 AM,15.18,0,0.0,32863892.680000015
2025-08-01 10:42:14 AM,15.18,13671,207525.78,33071418.460000016
2025-08-01 10:42:16 AM,15.2,4000,60800.0,33132218.460000016
2025-08-01 10:42:19 AM,15.18,0,0.0,33132218.460000016
2025-08-01 10:42:20 AM,15.18,56792,862102.5599999999,33994321.02000002
2025-08-01 10:42:25 AM,15.18,2401,36447.18,34030768.20000002
2025-08-01 10:42:47 AM,15.18,2100,31878.0,34062646.20000002
2025-08-01 10:42:50 AM,15.18,1000,15180.0,34077826.20000002
2025-08-01 10:42:53 AM,15.18,500,7590.0,34085416.20000002
2025-08-01 10:42:58 AM,15.18,88,1335.84,34086752.04000002
2025-08-01 10:43:12 AM,15.16,0,0.0,34086752.04000002
2025-08-01 10:43:15 AM,15.16,200,3032.0,34089784.04000002
2025-08-01 10:43:16 AM,15.18,0,0.0,34089784.04000002
2025-08-01 10:43:17 AM,15.18,910,13813.8,34103597.84000002
2025-08-01 10:43:25 AM,15.18,1000,15180.0,34118777.84000002
2025-08-01 10:43:31 AM,15.18,5,75.9,34118853.74000002
2025-08-01 10:43:52 AM,15.18,2,30.36,34118884.10000002
2025-08-01 10:44:04 AM,15.18,2,30.36,34118914.460000016
2025-08-01 10:44:06 AM,15.16,0,0.0,34118914.460000016
2025-08-01 10:44:07 AM,15.16,50,758.0,34119672.460000016
2025-08-01 10:44:42 AM,15.18,0,0.0,34119672.460000016
2025-08-01 10:44:43 AM,15.18,1000,15180.0,34134852.460000016
2025-08-01 10:44:45 AM,15.18,35,531.3,34135383.76000001
2025-08-01 10:44:46 AM,15.17,0,0.0,34135383.76000001
2025-08-01 10:44:48 AM,15.17,10,151.7,34135535.460000016
2025-08-01 10:45:14 AM,15.18,0,0.0,34135535.460000016
2025-08-01 10:45:16 AM,15.18,300,4554.0,34140089.460000016
2025-08-01 10:45:18 AM,15.18,1,15.18,34140104.640000015
2025-08-01 10:45:23 AM,15.17,2900,43993.0,34184097.640000015
2025-08-01 10:45:34 AM,15.15,0,0.0,34184097.640000015
2025-08-01 10:45:34 AM,15.15,6828,103444.2,34287541.84000002
2025-08-01 10:45:35 AM,15.16,0,0.0,34287541.84000002
2025-08-01 10:45:37 AM,15.16,5,75.8,34287617.640000015
2025-08-01 10:45:40 AM,15.16,56,848.96,34288466.60000002
2025-08-01 10:45:45 AM,15.13,0,0.0,34288466.60000002
2025-08-01 10:45:45 AM,15.15,3901,59100.15,34347566.750000015
2025-08-01 10:45:48 AM,15.16,10,151.6,34347718.35000002
2025-08-01 10:45:53 AM,15.16,1200,18192.0,34365910.35000002
2025-08-01 10:45:54 AM,15.14,0,0.0,34365910.35000002
2025-08-01 10:45:56 AM,15.14,56,847.84,34366758.19000002
2025-08-01 10:46:21 AM,15.16,8,121.28,34366879.47000002
2025-08-01 10:46:43 AM,15.16,100,1516.0,34368395.47000002
2025-08-01 10:47:08 AM,15.15,0,0.0,34368395.47000002
2025-08-01 10:47:09 AM,15.15,5,75.75,34368471.22000002
2025-08-01 10:47:42 AM,15.16,0,0.0,34368471.22000002
2025-08-01 10:47:43 AM,15.16,20,303.2,34368774.420000024
2025-08-01 10:47:54 AM,15.15,0,0.0,34368774.420000024
2025-08-01 10:47:54 AM,15.15,2837,42980.55,34411754.97000002
2025-08-01 10:48:11 AM,15.16,0,0.0,34411754.97000002
2025-08-01 10:48:13 AM,15.16,660,10005.6,34421760.57000002
2025-08-01 10:48:18 AM,15.16,2138,32412.08,34454172.65000002
2025-08-01 10:48:22 AM,15.18,0,0.0,34454172.65000002
2025-08-01 10:48:24 AM,15.18,25198,382505.64,34836678.29000002
2025-08-01 10:48:29 AM,15.19,0,0.0,34836678.29000002
2025-08-01 10:48:29 AM,15.19,1000,15190.0,34851868.29000002
2025-08-01 10:48:35 AM,15.19,100,1519.0,34853387.29000002
2025-08-01 10:48:37 AM,15.19,1000,15190.0,34868577.29000002
2025-08-01 10:48:38 AM,15.17,0,0.0,34868577.29000002
2025-08-01 10:48:41 AM,15.17,1,15.17,34868592.46000002
2025-08-01 10:48:46 AM,15.19,1,15.19,34868607.65000002
2025-08-01 10:48:48 AM,15.19,5000,75950.0,34944557.65000002
2025-08-01 10:49:02 AM,15.19,350,5316.5,34949874.15000002
2025-08-01 10:49:15 AM,15.2,0,0.0,34949874.15000002
2025-08-01 10:49:15 AM,15.2,4025,61180.0,35011054.15000002
2025-08-01 10:49:16 AM,15.19,0,0.0,35011054.15000002
2025-08-01 10:49:19 AM,15.19,33,501.27,35011555.420000024
2025-08-01 10:49:20 AM,15.2,0,0.0,35011555.420000024
2025-08-01 10:49:20 AM,15.2,617,9378.4,35020933.82000002
2025-08-01 10:49:35 AM,15.2,348,5289.599999999999,35026223.420000024
2025-08-01 10:49:44 AM,15.18,0,0.0,35026223.420000024
2025-08-01 10:49:45 AM,15.18,6000,91080.0,35117303.420000024
2025-08-01 10:49:49 AM,15.2,0,0.0,35117303.420000024
2025-08-01 10:49:51 AM,15.2,3,45.599999999999994,35117349.020000026
2025-08-01 10:50:01 AM,15.18,0,0.0,35117349.020000026
2025-08-01 10:50:02 AM,15.18,200,3036.0,35120385.020000026
2025-08-01 10:50:02 AM,15.18,3505,53205.9,35173590.920000024
2025-08-01 10:50:24 AM,15.18,770,11688.6,35185279.520000026
2025-08-01 10:50:35 AM,15.18,1,15.18,35185294.700000025
2025-08-01 10:50:39 AM,15.15,0,0.0,35185294.700000025
2025-08-01 10:50:41 AM,15.15,5362,81234.3,35266529.00000002
2025-08-01 10:50:54 AM,15.17,0,0.0,35266529.00000002
2025-08-01 10:50:58 AM,15.17,10,151.7,35266680.700000025
2025-08-01 10:51:02 AM,15.18,0,0.0,35266680.700000025
2025-08-01 10:51:04 AM,15.18,40684,617583.12,35884263.82000002
2025-08-01 10:51:20 AM,15.2,0,0.0,35884263.82000002
2025-08-01 10:51:20 AM,15.2,50000,760000.0,36644263.82000002
2025-08-01 10:51:30 AM,15.19,0,0.0,36644263.82000002
2025-08-01 10:51:31 AM,15.19,865,13139.35,36657403.170000024
2025-08-01 10:51:34 AM,15.21,0,0.0,36657403.170000024
2025-08-01 10:51:37 AM,15.21,8919,135657.99000000002,36793061.160000026
2025-08-01 10:51:40 AM,15.23,0,0.0,36793061.160000026
2025-08-01 10:51:42 AM,15.23,20,304.6,36793365.76000003
2025-08-01 10:51:48 AM,15.23,100,1523.0,36794888.76000003
2025-08-01 10:51:52 AM,15.22,0,0.0,36794888.76000003
2025-08-01 10:51:53 AM,15.22,1,15.22,36794903.98000003
2025-08-01 10:52:06 AM,15.21,0,0.0,36794903.98000003
2025-08-01 10:52:09 AM,15.21,2500,38025.0,36832928.98000003
2025-08-01 10:52:26 AM,15.21,250,3802.5,36836731.48000003
2025-08-01 10:52:28 AM,15.22,0,0.0,36836731.48000003
2025-08-01 10:52:31 AM,15.22,5,76.10000000000001,36836807.58000003
2025-08-01 10:52:38 AM,15.2,0,0.0,36836807.58000003
2025-08-01 10:52:41 AM,15.2,1000,15200.0,36852007.58000003
2025-08-01 10:52:58 AM,15.2,4,60.8,36852068.380000025
2025-08-01 10:53:02 AM,15.22,0,0.0,36852068.380000025
2025-08-01 10:53:02 AM,15.22,500,7610.0,36859678.380000025
2025-08-01 10:53:08 AM,15.22,29,441.38,36860119.76000003
2025-08-01 10:53:18 AM,15.22,1000,15220.0,36875339.76000003
2025-08-01 10:53:20 AM,15.19,0,0.0,36875339.76000003
2025-08-01 10:53:24 AM,15.2,0,0.0,36875339.76000003
2025-08-01 10:53:24 AM,15.2,6475,98420.0,36973759.76000003
2025-08-01 10:53:29 AM,15.24,55203,841293.72,37815053.48000003
2025-08-01 10:53:30 AM,15.23,0,0.0,37815053.48000003
2025-08-01 10:53:30 AM,15.23,193,2939.39,37817992.87000003
2025-08-01 10:53:36 AM,15.22,0,0.0,37817992.87000003
2025-08-01 10:53:40 AM,15.22,4,60.88,37818053.75000003
2025-08-01 10:53:42 AM,15.23,0,0.0,37818053.75000003
2025-08-01 10:53:45 AM,15.23,1,15.23,37818068.98000003
2025-08-01 10:53:50 AM,15.25,0,0.0,37818068.98000003
2025-08-01 10:53:50 AM,15.25,2,30.5,37818099.48000003
2025-08-01 10:54:06 AM,15.25,2000,30500.0,37848599.48000003
2025-08-01 10:54:12 AM,15.25,5,76.25,37848675.73000003
2025-08-01 10:54:17 AM,15.25,5261,80230.25,37928905.98000003
2025-08-01 10:54:20 AM,15.24,0,0.0,37928905.98000003
2025-08-01 10:54:22 AM,15.23,0,0.0,37928905.98000003
2025-08-01 10:54:23 AM,15.23,45,685.35,37929591.33000003
2025-08-01 10:54:32 AM,15.25,0,0.0,37929591.33000003
2025-08-01 10:54:33 AM,15.25,40,610.0,37930201.33000003
2025-08-01 10:54:44 AM,15.25,5,76.25,37930277.58000003
2025-08-01 10:54:54 AM,15.25,1100,16775.0,37947052.58000003
2025-08-01 10:55:00 AM,15.25,1110,16927.5,37963980.08000003
2025-08-01 10:55:08 AM,15.24,0,0.0,37963980.08000003
2025-08-01 10:55:10 AM,15.24,1885,28727.4,37992707.48000003
2025-08-01 10:55:18 AM,15.23,0,0.0,37992707.48000003
2025-08-01 10:55:20 AM,15.23,5,76.15,37992783.630000025
2025-08-01 10:55:24 AM,15.22,0,0.0,37992783.630000025
2025-08-01 10:55:24 AM,15.24,0,0.0,37992783.630000025
2025-08-01 10:55:26 AM,15.24,610,9296.4,38002080.03000002
2025-08-01 10:55:36 AM,15.22,0,0.0,38002080.03000002
2025-08-01 10:55:38 AM,15.22,196,2983.1200000000003,38005063.15000002
2025-08-01 10:56:05 AM,15.22,10,152.20000000000002,38005215.350000024
2025-08-01 10:56:09 AM,15.22,955,14535.1,38019750.450000025
2025-08-01 10:56:12 AM,15.21,0,0.0,38019750.450000025
2025-08-01 10:56:14 AM,15.21,285,4334.85,38024085.30000003
2025-08-01 10:56:54 AM,15.22,0,0.0,38024085.30000003
2025-08-01 10:56:56 AM,15.22,40,608.8000000000001,38024694.100000024
2025-08-01 10:57:00 AM,15.21,0,0.0,38024694.100000024
2025-08-01 10:57:02 AM,15.21,3060,46542.600000000006,38071236.700000025
2025-08-01 10:57:56 AM,15.2,0,0.0,38071236.700000025
2025-08-01 10:58:00 AM,15.21,0,0.0,38071236.700000025
2025-08-01 10:58:00 AM,15.2,391,5943.2,38077179.90000003
2025-08-01 10:58:05 AM,15.21,2,30.42,38077210.32000003
2025-08-01 10:58:11 AM,15.21,10,152.10000000000002,38077362.42000003
2025-08-01 10:58:27 AM,15.21,286,4350.06,38081712.480000034
2025-08-01 10:58:36 AM,15.2,0,0.0,38081712.480000034
2025-08-01 10:58:36 AM,15.21,0,0.0,38081712.480000034
2025-08-01 10:58:38 AM,15.21,230,3498.3,38085210.78000003
2025-08-01 10:58:44 AM,15.21,4,60.84,38085271.620000035
2025-08-01 10:58:49 AM,15.21,8,121.68,38085393.300000034
2025-08-01 10:59:22 AM,15.2,0,0.0,38085393.300000034
2025-08-01 10:59:25 AM,15.2,3821,58079.2,38143472.50000004
2025-08-01 10:59:28 AM,15.21,0,0.0,38143472.50000004
2025-08-01 10:59:30 AM,15.21,100,1521.0,38144993.50000004
2025-08-01 10:59:41 AM,15.21,80,1216.8000000000002,38146210.300000034
2025-08-01 10:59:57 AM,15.21,1302,19803.420000000002,38166013.720000036
2025-08-01 11:00:13 AM,15.22,0,0.0,38166013.720000036
2025-08-01 11:00:15 AM,15.22,2000,30440.0,38196453.720000036
2025-08-01 11:00:20 AM,15.22,5,76.10000000000001,38196529.82000004
2025-08-01 11:00:26 AM,15.22,2,30.44,38196560.260000035
2025-08-01 11:00:31 AM,15.21,0,0.0,38196560.260000035
2025-08-01 11:00:31 AM,15.22,447,6803.34,38203363.60000004
2025-08-01 11:01:01 AM,15.2,0,0.0,38203363.60000004
2025-08-01 11:01:02 AM,15.2,100,1520.0,38204883.60000004
2025-08-01 11:01:11 AM,15.22,0,0.0,38204883.60000004
2025-08-01 11:01:13 AM,15.22,500,7610.0,38212493.60000004
2025-08-01 11:01:21 AM,15.2,0,0.0,38212493.60000004
2025-08-01 11:01:23 AM,15.22,0,0.0,38212493.60000004
2025-08-01 11:01:24 AM,15.22,14,213.08,38212706.68000004
2025-08-01 11:01:29 AM,15.2,5,76.0,38212782.68000004
2025-08-01 11:01:46 AM,15.22,1100,16742.0,38229524.68000004
2025-08-01 11:01:51 AM,15.22,50,761.0,38230285.68000004
2025-08-01 11:03:09 AM,15.21,0,0.0,38230285.68000004
2025-08-01 11:03:10 AM,15.21,1000,15210.0,38245495.68000004
2025-08-01 11:03:17 AM,15.21,704,10707.84,38256203.52000004
2025-08-01 11:03:23 AM,15.2,0,0.0,38256203.52000004
2025-08-01 11:03:25 AM,15.2,1866,28363.199999999997,38284566.72000004
2025-08-01 11:03:27 AM,15.21,0,0.0,38284566.72000004
2025-08-01 11:03:27 AM,15.21,1000,15210.0,38299776.72000004
2025-08-01 11:03:30 AM,15.21,437,6646.77,38306423.49000005
2025-08-01 11:03:37 AM,15.2,0,0.0,38306423.49000005
2025-08-01 11:03:38 AM,15.2,50,760.0,38307183.49000005
2025-08-01 11:04:05 AM,15.21,26,395.46000000000004,38307578.95000005
2025-08-01 11:04:20 AM,15.21,65,988.6500000000001,38308567.600000046
2025-08-01 11:04:30 AM,15.21,245,3726.4500000000003,38312294.05000005
2025-08-01 11:04:40 AM,15.21,10,152.10000000000002,38312446.15000005
2025-08-01 11:04:45 AM,15.21,115,1749.15,38314195.30000005
2025-08-01 11:04:49 AM,15.21,200,3042.0,38317237.30000005
2025-08-01 11:04:59 AM,15.22,1200,18264.0,38335501.30000005
2025-08-01 11:05:07 AM,15.22,5000,76100.0,38411601.30000005
2025-08-01 11:05:10 AM,15.21,2,30.42,38411631.72000005
2025-08-01 11:05:22 AM,15.22,100,1522.0,38413153.72000005
2025-08-01 11:05:28 AM,15.22,1000,15220.0,38428373.72000005
2025-08-01 11:05:37 AM,15.22,5000,76100.0,38504473.72000005
2025-08-01 11:05:48 AM,15.22,10,152.20000000000002,38504625.920000054
2025-08-01 11:06:15 AM,15.21,0,0.0,38504625.920000054
2025-08-01 11:06:16 AM,15.21,521,7924.410000000001,38512550.33000005
2025-08-01 11:06:21 AM,15.22,0,0.0,38512550.33000005
2025-08-01 11:06:21 AM,15.22,10,152.20000000000002,38512702.53000005
2025-08-01 11:06:22 AM,15.21,0,0.0,38512702.53000005
2025-08-01 11:06:26 AM,15.21,400,6084.0,38518786.53000005
2025-08-01 11:06:43 AM,15.22,0,0.0,38518786.53000005
2025-08-01 11:06:46 AM,15.22,1000,15220.0,38534006.53000005
2025-08-01 11:06:47 AM,15.22,2,30.44,38534036.97000005
2025-08-01 11:06:51 AM,15.22,30,456.6,38534493.57000005
2025-08-01 11:06:57 AM,15.22,100,1522.0,38536015.57000005
2025-08-01 11:07:13 AM,15.21,4221,64201.41,38600216.98000005
2025-08-01 11:07:50 AM,15.22,1,15.22,38600232.20000005
2025-08-01 11:08:01 AM,15.19,0,0.0,38600232.20000005
2025-08-01 11:08:01 AM,15.19,11385,172938.15,38773170.350000046
2025-08-01 11:08:03 AM,15.19,383,5817.7699999999995,38778988.12000005
2025-08-01 11:08:05 AM,15.2,0,0.0,38778988.12000005
2025-08-01 11:08:07 AM,15.2,1,15.2,38779003.32000005
2025-08-01 11:08:14 AM,15.2,2,30.4,38779033.72000005
2025-08-01 11:08:17 AM,15.2,1000,15200.0,38794233.72000005
2025-08-01 11:08:24 AM,15.18,1873,28432.14,38822665.86000005
2025-08-01 11:08:39 AM,15.19,0,0.0,38822665.86000005
2025-08-01 11:08:40 AM,15.19,1160,17620.399999999998,38840286.26000005
2025-08-01 11:08:45 AM,15.19,35,531.65,38840817.91000005
2025-08-01 11:09:02 AM,15.18,10369,157401.41999999998,38998219.33000005
2025-08-01 11:09:41 AM,15.18,1,15.18,38998234.51000005
2025-08-01 11:09:44 AM,15.17,0,0.0,38998234.51000005
2025-08-01 11:09:44 AM,15.17,52,788.84,38999023.35000005
2025-08-01 11:10:00 AM,15.18,0,0.0,38999023.35000005
2025-08-01 11:10:00 AM,15.18,2900,44022.0,39043045.35000005
2025-08-01 11:10:10 AM,15.17,0,0.0,39043045.35000005
2025-08-01 11:10:11 AM,15.17,2406,36499.02,39079544.37000006
2025-08-01 11:10:43 AM,15.17,3,45.51,39079589.880000055
2025-08-01 11:10:55 AM,15.17,1,15.17,39079605.05000006
2025-08-01 11:11:11 AM,15.17,2,30.34,39079635.39000006
2025-08-01 11:11:44 AM,15.17,658,9981.86,39089617.25000006
2025-08-01 11:12:12 AM,15.18,0,0.0,39089617.25000006
2025-08-01 11:12:14 AM,15.17,0,0.0,39089617.25000006
2025-08-01 11:12:15 AM,15.17,451,6841.67,39096458.92000006
2025-08-01 11:12:30 AM,15.18,0,0.0,39096458.92000006
2025-08-01 11:12:30 AM,15.17,0,0.0,39096458.92000006
2025-08-01 11:12:31 AM,15.17,40,606.8,39097065.72000006
2025-08-01 11:12:37 AM,15.17,20,303.4,39097369.12000006
2025-08-01 11:13:02 AM,15.17,300,4551.0,39101920.12000006
2025-08-01 11:13:04 AM,15.19,4000,60760.0,39162680.12000006
2025-08-01 11:13:25 AM,15.19,250,3797.5,39166477.62000006
2025-08-01 11:13:30 AM,15.19,100,1519.0,39167996.62000006
2025-08-01 11:14:10 AM,15.19,500,7595.0,39175591.62000006
2025-08-01 11:14:51 AM,15.19,100,1519.0,39177110.62000006
2025-08-01 11:14:56 AM,15.19,250,3797.5,39180908.12000006
2025-08-01 11:14:58 AM,15.18,637,9669.66,39190577.78000005
2025-08-01 11:15:01 AM,15.19,0,0.0,39190577.78000005
2025-08-01 11:15:01 AM,15.18,0,0.0,39190577.78000005
2025-08-01 11:15:02 AM,15.19,595,9038.05,39199615.83000005
2025-08-01 11:15:13 AM,15.17,2000,30340.0,39229955.83000005
2025-08-01 11:15:23 AM,15.17,1000,15170.0,39245125.83000005
2025-08-01 11:15:27 AM,15.18,0,0.0,39245125.83000005
2025-08-01 11:15:28 AM,15.18,669,10155.42,39255281.25000005
2025-08-01 11:15:37 AM,15.19,0,0.0,39255281.25000005
2025-08-01 11:15:39 AM,15.19,35,531.65,39255812.90000005
2025-08-01 11:16:05 AM,15.19,533,8096.2699999999995,39263909.170000054
2025-08-01 11:16:38 AM,15.17,2650,40200.5,39304109.670000054
2025-08-01 11:16:42 AM,15.18,7,106.25999999999999,39304215.93000005
2025-08-01 11:16:47 AM,15.17,0,0.0,39304215.93000005
2025-08-01 11:16:47 AM,15.17,1,15.17,39304231.10000005
2025-08-01 11:17:00 AM,15.17,1,15.17,39304246.270000055
2025-08-01 11:17:23 AM,15.18,0,0.0,39304246.270000055
2025-08-01 11:17:24 AM,15.18,5,75.9,39304322.170000054
2025-08-01 11:17:35 AM,15.17,0,0.0,39304322.170000054
2025-08-01 11:17:35 AM,15.17,880,13349.6,39317671.770000055
2025-08-01 11:17:39 AM,15.18,0,0.0,39317671.770000055
2025-08-01 11:17:40 AM,15.18,188,2853.84,39320525.61000006
2025-08-01 11:17:45 AM,15.19,0,0.0,39320525.61000006
2025-08-01 11:17:45 AM,15.19,51,774.6899999999999,39321300.30000006
2025-08-01 11:17:55 AM,15.17,0,0.0,39321300.30000006
2025-08-01 11:17:56 AM,15.17,33,500.61,39321800.910000056
2025-08-01 11:18:18 AM,15.17,4521,68583.56999999999,39390384.48000006
2025-08-01 11:18:39 AM,15.16,0,0.0,39390384.48000006
2025-08-01 11:18:39 AM,15.19,0,0.0,39390384.48000006
2025-08-01 11:18:41 AM,15.16,6292,95386.72,39485771.200000055
2025-08-01 11:18:46 AM,15.19,200,3038.0,39488809.200000055
2025-08-01 11:19:12 AM,15.17,0,0.0,39488809.200000055
2025-08-01 11:19:15 AM,15.17,33,500.61,39489309.810000055
2025-08-01 11:19:25 AM,15.19,0,0.0,39489309.810000055
2025-08-01 11:19:26 AM,15.19,1000,15190.0,39504499.810000055
2025-08-01 11:19:50 AM,15.17,0,0.0,39504499.810000055
2025-08-01 11:19:53 AM,15.17,818,12409.06,39516908.87000006
2025-08-01 11:19:54 AM,15.19,0,0.0,39516908.87000006
2025-08-01 11:19:58 AM,15.19,1000,15190.0,39532098.87000006
2025-08-01 11:20:22 AM,15.17,0,0.0,39532098.87000006
2025-08-01 11:20:25 AM,15.17,2,30.34,39532129.21000006
2025-08-01 11:20:30 AM,15.17,211,3200.87,39535330.08000006
2025-08-01 11:20:39 AM,15.16,0,0.0,39535330.08000006
2025-08-01 11:20:41 AM,15.16,800,12128.0,39547458.08000006
2025-08-01 11:20:46 AM,15.16,3000,45480.0,39592938.08000006
2025-08-01 11:21:01 AM,15.16,48,727.6800000000001,39593665.76000006
2025-08-01 11:21:06 AM,15.17,35,530.95,39594196.71000006
2025-08-01 11:21:43 AM,15.17,1,15.17,39594211.88000006
2025-08-01 11:22:09 AM,15.17,9,136.53,39594348.41000006
2025-08-01 11:22:19 AM,15.16,0,0.0,39594348.41000006
2025-08-01 11:22:20 AM,15.17,80,1213.6,39595562.010000065
2025-08-01 11:22:31 AM,15.17,1,15.17,39595577.18000007
2025-08-01 11:22:41 AM,15.17,5,75.85,39595653.03000007
2025-08-01 11:23:01 AM,15.16,0,0.0,39595653.03000007
2025-08-01 11:23:02 AM,15.16,25,379.0,39596032.03000007
2025-08-01 11:23:07 AM,15.17,3000,45510.0,39641542.03000007
2025-08-01 11:23:23 AM,15.17,24,364.08,39641906.11000007
2025-08-01 11:23:39 AM,15.17,500,7585.0,39649491.11000007
2025-08-01 11:23:49 AM,15.17,300,4551.0,39654042.11000007
2025-08-01 11:24:25 AM,15.17,1000,15170.0,39669212.11000007
2025-08-01 11:24:30 AM,15.17,20,303.4,39669515.510000065
2025-08-01 11:24:31 AM,15.17,15,227.55,39669743.06000006
2025-08-01 11:24:36 AM,15.17,100,1517.0,39671260.06000006
2025-08-01 11:25:07 AM,15.17,100,1517.0,39672777.06000006
2025-08-01 11:25:10 AM,15.14,0,0.0,39672777.06000006
2025-08-01 11:25:12 AM,15.14,14606,221134.84,39893911.900000066
2025-08-01 11:25:21 AM,15.15,0,0.0,39893911.900000066
2025-08-01 11:25:22 AM,15.15,100,1515.0,39895426.900000066
2025-08-01 11:25:30 AM,15.14,0,0.0,39895426.900000066
2025-08-01 11:25:33 AM,15.14,1000,15140.0,39910566.900000066
2025-08-01 11:25:41 AM,15.15,0,0.0,39910566.900000066
2025-08-01 11:25:42 AM,15.14,0,0.0,39910566.900000066
2025-08-01 11:25:43 AM,15.14,850,12869.0,39923435.900000066
2025-08-01 11:25:48 AM,15.15,0,0.0,39923435.900000066
2025-08-01 11:25:49 AM,15.15,1624,24603.600000000002,39948039.50000007
2025-08-01 11:25:59 AM,15.15,1165,17649.75,39965689.25000007
2025-08-01 11:26:18 AM,15.17,0,0.0,39965689.25000007
2025-08-01 11:26:19 AM,15.17,166,2518.22,39968207.470000066
2025-08-01 11:27:03 AM,15.15,0,0.0,39968207.470000066
2025-08-01 11:27:05 AM,15.15,33,499.95,39968707.42000007
2025-08-01 11:27:22 AM,15.15,596,9029.4,39977736.82000007
2025-08-01 11:27:37 AM,15.15,650,9847.5,39987584.32000007
2025-08-01 11:28:01 AM,15.17,0,0.0,39987584.32000007
2025-08-01 11:28:02 AM,15.17,5,75.85,39987660.17000007
2025-08-01 11:28:07 AM,15.15,0,0.0,39987660.17000007
2025-08-01 11:28:07 AM,15.15,33046,500646.9,40488307.07000007
2025-08-01 11:28:09 AM,15.14,0,0.0,40488307.07000007
2025-08-01 11:28:10 AM,15.15,0,0.0,40488307.07000007
2025-08-01 11:28:12 AM,15.14,1583,23966.620000000003,40512273.690000065
2025-08-01 11:28:13 AM,15.15,0,0.0,40512273.690000065
2025-08-01 11:28:14 AM,15.15,1000,15150.0,40527423.690000065
2025-08-01 11:28:35 AM,15.15,1,15.15,40527438.84000006
2025-08-01 11:29:00 AM,15.15,2513,38071.950000000004,40565510.790000066
2025-08-01 11:29:12 AM,15.13,0,0.0,40565510.790000066
2025-08-01 11:29:13 AM,15.13,500,7565.0,40573075.790000066
2025-08-01 11:29:18 AM,15.12,0,0.0,40573075.790000066
2025-08-01 11:29:19 AM,15.12,825,12474.0,40585549.790000066
2025-08-01 11:29:21 AM,15.15,0,0.0,40585549.790000066
2025-08-01 11:29:22 AM,15.15,35,530.25,40586080.040000066
2025-08-01 11:29:30 AM,15.15,100,1515.0,40587595.040000066
2025-08-01 11:29:42 AM,15.12,0,0.0,40587595.040000066
2025-08-01 11:29:42 AM,15.12,1,15.12,40587610.16000006
2025-08-01 11:29:44 AM,15.15,0,0.0,40587610.16000006
2025-08-01 11:29:45 AM,15.15,100,1515.0,40589125.16000006
2025-08-01 11:29:53 AM,15.12,1000,15120.0,40604245.16000006
2025-08-01 11:29:56 AM,15.12,2000,30240.0,40634485.16000006
2025-08-01 11:30:06 AM,15.12,100,1512.0,40635997.16000006
2025-08-01 11:30:25 AM,15.15,0,0.0,40635997.16000006
2025-08-01 11:30:27 AM,15.15,100,1515.0,40637512.16000006
2025-08-01 11:32:07 AM,15.15,830,12574.5,40650086.66000006
2025-08-01 11:32:19 AM,15.12,0,0.0,40650086.66000006
2025-08-01 11:32:22 AM,15.12,3,45.36,40650132.02000006
2025-08-01 11:32:32 AM,15.12,4000,60480.0,40710612.02000006
2025-08-01 11:33:49 AM,15.12,100,1512.0,40712124.02000006
2025-08-01 11:34:00 AM,15.12,100,1512.0,40713636.02000006
2025-08-01 11:34:08 AM,15.11,0,0.0,40713636.02000006
2025-08-01 11:34:09 AM,15.11,4330,65426.299999999996,40779062.32000006
2025-08-01 11:34:17 AM,15.12,0,0.0,40779062.32000006
2025-08-01 11:34:19 AM,15.14,0,0.0,40779062.32000006
2025-08-01 11:34:20 AM,15.14,60,908.4000000000001,40779970.72000006
2025-08-01 11:34:35 AM,15.14,5,75.7,40780046.42000006
2025-08-01 11:34:56 AM,15.14,1,15.14,40780061.56000006
2025-08-01 11:35:01 AM,15.14,1,15.14,40780076.70000006
2025-08-01 11:35:10 AM,15.13,0,0.0,40780076.70000006
2025-08-01 11:35:12 AM,15.13,30,453.90000000000003,40780530.60000006
2025-08-01 11:35:23 AM,15.13,361,5461.93,40785992.53000006
2025-08-01 11:35:39 AM,15.13,10,151.3,40786143.83000006
2025-08-01 11:35:54 AM,15.13,100,1513.0,40787656.83000006
2025-08-01 11:36:31 AM,15.14,0,0.0,40787656.83000006
2025-08-01 11:36:35 AM,15.14,2,30.28,40787687.11000006
2025-08-01 11:37:07 AM,15.14,50,757.0,40788444.11000006
2025-08-01 11:37:12 AM,15.14,743,11249.02,40799693.13000006
2025-08-01 11:37:23 AM,15.14,150,2271.0,40801964.13000006
2025-08-01 11:37:28 AM,15.14,500,7570.0,40809534.13000006
2025-08-01 11:37:33 AM,15.14,100,1514.0,40811048.13000006
2025-08-01 11:37:35 AM,15.13,0,0.0,40811048.13000006
2025-08-01 11:37:38 AM,15.14,0,0.0,40811048.13000006
2025-08-01 11:37:39 AM,15.14,645,9765.300000000001,40820813.43000006
2025-08-01 11:37:57 AM,15.15,0,0.0,40820813.43000006
2025-08-01 11:37:59 AM,15.15,3530,53479.5,40874292.93000006
2025-08-01 11:38:24 AM,15.15,202,3060.3,40877353.23000006
2025-08-01 11:39:10 AM,15.15,1000,15150.0,40892503.23000006
2025-08-01 11:39:21 AM,15.15,7,106.05,40892609.28000005
2025-08-01 11:39:24 AM,15.15,386,5847.900000000001,40898457.18000005
2025-08-01 11:39:39 AM,15.14,0,0.0,40898457.18000005
2025-08-01 11:39:41 AM,15.14,1097,16608.58,40915065.76000005
2025-08-01 11:39:42 AM,15.16,6300,95508.0,41010573.76000005
2025-08-01 11:40:17 AM,15.16,100,1516.0,41012089.76000005
2025-08-01 11:40:27 AM,15.16,198,3001.68,41015091.44000005
2025-08-01 11:40:29 AM,15.14,0,0.0,41015091.44000005
2025-08-01 11:40:32 AM,15.14,400,6056.0,41021147.44000005
2025-08-01 11:40:35 AM,15.16,0,0.0,41021147.44000005
2025-08-01 11:40:38 AM,15.16,50,758.0,41021905.44000005
2025-08-01 11:40:53 AM,15.16,5,75.8,41021981.24000005
2025-08-01 11:41:23 AM,15.16,100,1516.0,41023497.24000005
2025-08-01 11:41:33 AM,15.13,0,0.0,41023497.24000005
2025-08-01 11:41:33 AM,15.13,501,7580.13,41031077.37000005
2025-08-01 11:41:47 AM,15.15,0,0.0,41031077.37000005
2025-08-01 11:41:48 AM,15.15,50,757.5,41031834.87000005
2025-08-01 11:41:59 AM,15.15,200,3030.0,41034864.87000005
2025-08-01 11:42:40 AM,15.15,5,75.75,41034940.62000005
2025-08-01 11:42:45 AM,15.15,50,757.5,41035698.12000005
2025-08-01 11:42:51 AM,15.15,50,757.5,41036455.62000005
2025-08-01 11:43:25 AM,15.14,0,0.0,41036455.62000005
2025-08-01 11:43:28 AM,15.14,2844,43058.16,41079513.780000046
2025-08-01 11:43:33 AM,15.13,0,0.0,41079513.780000046
2025-08-01 11:43:33 AM,15.13,5,75.65,41079589.430000044
2025-08-01 11:43:49 AM,15.13,219,3313.4700000000003,41082902.90000004
2025-08-01 11:43:54 AM,15.13,1,15.13,41082918.030000046
2025-08-01 11:44:10 AM,15.12,117,1769.04,41084687.070000045
2025-08-01 11:44:17 AM,15.11,151,2281.61,41086968.680000044
2025-08-01 11:44:17 AM,15.14,0,0.0,41086968.680000044
2025-08-01 11:44:21 AM,15.13,0,0.0,41086968.680000044
2025-08-01 11:44:23 AM,15.11,40558,612831.38,41699800.06000005
2025-08-01 11:44:27 AM,15.1,0,0.0,41699800.06000005
2025-08-01 11:44:28 AM,15.1,2000,30200.0,41730000.06000005
2025-08-01 11:44:29 AM,15.1,20220,305322.0,42035322.06000005
2025-08-01 11:44:33 AM,15.08,0,0.0,42035322.06000005
2025-08-01 11:44:33 AM,15.09,0,0.0,42035322.06000005
2025-08-01 11:44:34 AM,15.09,1750,26407.5,42061729.56000005
2025-08-01 11:44:40 AM,15.06,2900,43674.0,42105403.56000005
2025-08-01 11:44:48 AM,15.09,0,0.0,42105403.56000005
2025-08-01 11:44:50 AM,15.09,8,120.72,42105524.280000046
2025-08-01 11:44:51 AM,15.07,1523,22951.61,42128475.890000045
2025-08-01 11:44:56 AM,15.09,1,15.09,42128490.98000005
2025-08-01 11:45:12 AM,15.09,1,15.09,42128506.07000005
2025-08-01 11:45:15 AM,15.06,0,0.0,42128506.07000005
2025-08-01 11:45:17 AM,15.09,29402,443676.18,42572182.25000005
2025-08-01 11:45:27 AM,15.08,0,0.0,42572182.25000005
2025-08-01 11:45:28 AM,15.08,1,15.08,42572197.33000005
2025-08-01 11:45:32 AM,15.11,0,0.0,42572197.33000005
2025-08-01 11:45:33 AM,15.11,1,15.11,42572212.44000005
2025-08-01 11:45:36 AM,15.08,0,0.0,42572212.44000005
2025-08-01 11:45:38 AM,15.08,1000,15080.0,42587292.44000005
2025-08-01 11:46:16 AM,15.06,50520,760831.2000000001,43348123.64000005
2025-08-01 11:46:20 AM,15.07,0,0.0,43348123.64000005
2025-08-01 11:46:21 AM,15.08,5034,75912.72,43424036.36000005
2025-08-01 11:46:49 AM,15.06,0,0.0,43424036.36000005
2025-08-01 11:46:53 AM,15.06,104,1566.24,43425602.60000005
2025-08-01 11:47:04 AM,15.09,0,0.0,43425602.60000005
2025-08-01 11:47:04 AM,15.09,12510,188775.9,43614378.50000005
2025-08-01 11:47:15 AM,15.1,0,0.0,43614378.50000005
2025-08-01 11:47:17 AM,15.09,0,0.0,43614378.50000005
2025-08-01 11:47:19 AM,15.09,13776,207879.84,43822258.340000056
2025-08-01 11:47:24 AM,15.09,100,1509.0,43823767.340000056
2025-08-01 11:47:39 AM,15.09,100,1509.0,43825276.340000056
2025-08-01 11:47:44 AM,15.09,22,331.98,43825608.32000005
2025-08-01 11:47:49 AM,15.09,500,7545.0,43833153.32000005
2025-08-01 11:47:54 AM,15.09,5005,75525.45,43908678.770000055
2025-08-01 11:48:15 AM,15.09,90,1358.1,43910036.87000006
2025-08-01 11:48:23 AM,15.08,0,0.0,43910036.87000006
2025-08-01 11:48:25 AM,15.08,100,1508.0,43911544.87000006
2025-08-01 11:48:37 AM,15.09,0,0.0,43911544.87000006
2025-08-01 11:48:40 AM,15.09,3,45.269999999999996,43911590.14000006
2025-08-01 11:48:40 AM,15.09,25,377.25,43911967.39000006
2025-08-01 11:48:51 AM,15.08,0,0.0,43911967.39000006
2025-08-01 11:48:55 AM,15.08,2405,36267.4,43948234.79000006
2025-08-01 11:48:57 AM,15.09,0,0.0,43948234.79000006
2025-08-01 11:48:58 AM,15.06,0,0.0,43948234.79000006
2025-08-01 11:49:00 AM,15.06,7096,106865.76000000001,44055100.55000006
2025-08-01 11:49:16 AM,15.06,5500,82830.0,44137930.55000006
2025-08-01 11:49:22 AM,15.09,0,0.0,44137930.55000006
2025-08-01 11:49:27 AM,15.09,25,377.25,44138307.80000006
2025-08-01 11:49:52 AM,15.09,2901,43776.09,44182083.89000006
2025-08-01 11:50:03 AM,15.09,20,301.8,44182385.69000006
2025-08-01 11:50:18 AM,15.09,31,467.79,44182853.48000006
2025-08-01 11:50:24 AM,15.09,500,7545.0,44190398.48000006
2025-08-01 11:50:27 AM,15.06,0,0.0,44190398.48000006
2025-08-01 11:50:29 AM,15.06,8,120.48,44190518.96000005
2025-08-01 11:51:08 AM,15.06,4800,72288.0,44262806.96000005
2025-08-01 11:51:18 AM,15.06,301,4533.06,44267340.020000055
2025-08-01 11:51:23 AM,15.06,150,2259.0,44269599.020000055
2025-08-01 11:51:28 AM,15.06,500,7530.0,44277129.020000055
2025-08-01 11:51:44 AM,15.08,0,0.0,44277129.020000055
2025-08-01 11:51:47 AM,15.08,9,135.72,44277264.740000054
2025-08-01 11:51:58 AM,15.08,7226,108968.08,44386232.82000005
2025-08-01 11:52:02 AM,15.07,0,0.0,44386232.82000005
2025-08-01 11:52:03 AM,15.07,275,4144.25,44390377.07000005
2025-08-01 11:52:18 AM,15.08,10,150.8,44390527.87000005
2025-08-01 11:52:29 AM,15.07,200,3014.0,44393541.87000005
2025-08-01 11:52:30 AM,15.08,0,0.0,44393541.87000005
2025-08-01 11:52:33 AM,15.08,7618,114879.44,44508421.31000005
2025-08-01 11:52:36 AM,15.07,0,0.0,44508421.31000005
2025-08-01 11:52:38 AM,15.07,500,7535.0,44515956.31000005
2025-08-01 11:52:54 AM,15.08,0,0.0,44515956.31000005
2025-08-01 11:52:54 AM,15.08,3596,54227.68,44570183.99000005
2025-08-01 11:52:59 AM,15.09,0,0.0,44570183.99000005
2025-08-01 11:52:59 AM,15.09,48,724.3199999999999,44570908.31000005
2025-08-01 11:53:14 AM,15.09,1,15.09,44570923.40000005
2025-08-01 11:53:39 AM,15.09,1504,22695.36,44593618.76000005
2025-08-01 11:53:40 AM,15.09,10,150.9,44593769.66000005
2025-08-01 11:53:44 AM,15.09,6600,99594.0,44693363.66000005
2025-08-01 11:53:54 AM,15.09,25,377.25,44693740.91000005
2025-08-01 11:53:59 AM,15.08,0,0.0,44693740.91000005
2025-08-01 11:53:59 AM,15.08,500,7540.0,44701280.91000005
2025-08-01 11:54:04 AM,15.09,0,0.0,44701280.91000005
2025-08-01 11:54:04 AM,15.09,107,1614.6299999999999,44702895.54000005
2025-08-01 11:54:07 AM,15.08,0,0.0,44702895.54000005
2025-08-01 11:54:09 AM,15.08,100,1508.0,44704403.54000005
2025-08-01 11:54:12 AM,15.09,0,0.0,44704403.54000005
2025-08-01 11:54:15 AM,15.09,19,286.71,44704690.25000005
2025-08-01 11:54:36 AM,15.08,0,0.0,44704690.25000005
2025-08-01 11:54:36 AM,15.08,11,165.88,44704856.130000055
2025-08-01 11:54:37 AM,15.09,0,0.0,44704856.130000055
2025-08-01 11:54:40 AM,15.09,200,3018.0,44707874.130000055
2025-08-01 11:55:10 AM,15.08,0,0.0,44707874.130000055
2025-08-01 11:55:10 AM,15.08,295,4448.6,44712322.73000006
2025-08-01 11:55:15 AM,15.08,89,1342.1200000000001,44713664.85000005
2025-08-01 11:55:26 AM,15.08,2287,34487.96,44748152.810000055
2025-08-01 11:55:55 AM,15.09,2,30.18,44748182.990000054
2025-08-01 11:56:00 AM,15.09,1000,15090.0,44763272.990000054
2025-08-01 11:56:09 AM,15.07,0,0.0,44763272.990000054
2025-08-01 11:56:11 AM,15.07,250,3767.5,44767040.490000054
2025-08-01 11:56:26 AM,15.08,240,3619.2,44770659.69000006
2025-08-01 11:56:27 AM,15.06,0,0.0,44770659.69000006
2025-08-01 11:56:28 AM,15.06,2260,34035.6,44804695.29000006
2025-08-01 11:56:43 AM,15.06,2000,30120.0,44834815.29000006
2025-08-01 11:56:46 AM,15.06,501,7545.06,44842360.35000006
2025-08-01 11:56:53 AM,15.08,20,301.6,44842661.95000006
2025-08-01 11:57:36 AM,15.08,489,7374.12,44850036.07000006
2025-08-01 11:57:41 AM,15.06,0,0.0,44850036.07000006
2025-08-01 11:57:41 AM,15.06,250,3765.0,44853801.07000006
2025-08-01 11:57:56 AM,15.06,400,6024.0,44859825.07000006
2025-08-01 11:58:14 AM,15.08,0,0.0,44859825.07000006
2025-08-01 11:58:14 AM,15.08,489,7374.12,44867199.19000006
2025-08-01 11:58:15 AM,15.06,0,0.0,44867199.19000006
2025-08-01 11:58:18 AM,15.06,1,15.06,44867214.25000006
2025-08-01 11:58:34 AM,15.06,200,3012.0,44870226.25000006
2025-08-01 11:58:45 AM,15.06,299,4502.9400000000005,44874729.19000006
2025-08-01 11:58:50 AM,15.06,1,15.06,44874744.25000006
2025-08-01 11:58:55 AM,15.08,6,90.48,44874834.73000006
2025-08-01 11:59:00 AM,15.08,469,7072.52,44881907.25000006
2025-08-01 11:59:11 AM,15.08,5,75.4,44881982.65000006
2025-08-01 11:59:27 AM,15.08,875,13195.0,44895177.65000006
2025-08-01 11:59:38 AM,15.06,0,0.0,44895177.65000006
2025-08-01 11:59:38 AM,15.06,100,1506.0,44896683.65000006
2025-08-01 12:00:06 PM,15.08,0,0.0,44896683.65000006
2025-08-01 12:00:08 PM,15.08,489,7374.12,44904057.770000055
2025-08-01 12:00:12 PM,15.06,0,0.0,44904057.770000055
2025-08-01 12:00:13 PM,15.08,0,0.0,44904057.770000055
2025-08-01 12:00:13 PM,15.08,35,527.8,44904585.57000005
2025-08-01 12:00:19 PM,15.09,0,0.0,44904585.57000005
2025-08-01 12:00:20 PM,15.09,2500,37725.0,44942310.57000005
2025-08-01 12:00:25 PM,15.06,0,0.0,44942310.57000005
2025-08-01 12:00:25 PM,15.06,54,813.24,44943123.810000055
2025-08-01 12:00:59 PM,15.07,0,0.0,44943123.810000055
2025-08-01 12:01:00 PM,15.07,50,753.5,44943877.310000055
2025-08-01 12:01:03 PM,15.07,2895,43627.65,44987504.96000005
2025-08-01 12:01:17 PM,15.06,0,0.0,44987504.96000005
2025-08-01 12:01:18 PM,15.06,25,376.5,44987881.46000005
2025-08-01 12:01:21 PM,15.07,0,0.0,44987881.46000005
2025-08-01 12:01:23 PM,15.07,167,2516.69,44990398.15000005
2025-08-01 12:01:27 PM,15.08,1000,15080.0,45005478.15000005
2025-08-01 12:01:58 PM,15.08,406,6122.4800000000005,45011600.63000005
2025-08-01 12:02:04 PM,15.06,0,0.0,45011600.63000005
2025-08-01 12:02:04 PM,15.06,400,6024.0,45017624.63000005
2025-08-01 12:02:19 PM,15.08,0,0.0,45017624.63000005
2025-08-01 12:02:20 PM,15.08,270,4071.6,45021696.23000005
2025-08-01 12:02:37 PM,15.08,2,30.16,45021726.390000045
2025-08-01 12:02:40 PM,15.08,30,452.4,45022178.790000044
2025-08-01 12:02:47 PM,15.08,60,904.8,45023083.59000004
2025-08-01 12:03:10 PM,15.08,3,45.24,45023128.83000004
2025-08-01 12:03:42 PM,15.08,192,2895.36,45026024.19000004
2025-08-01 12:04:01 PM,15.06,0,0.0,45026024.19000004
2025-08-01 12:04:03 PM,15.06,9604,144636.24,45170660.430000044
2025-08-01 12:04:13 PM,15.07,0,0.0,45170660.430000044
2025-08-01 12:04:14 PM,15.07,693,10443.51,45181103.94000004
2025-08-01 12:04:19 PM,15.07,1,15.07,45181119.01000004
2025-08-01 12:04:46 PM,15.06,0,0.0,45181119.01000004
2025-08-01 12:04:46 PM,15.06,5,75.3,45181194.31000004
2025-08-01 12:04:52 PM,15.05,0,0.0,45181194.31000004
2025-08-01 12:04:54 PM,15.07,0,0.0,45181194.31000004
2025-08-01 12:04:54 PM,15.07,602,9072.14,45190266.45000004
2025-08-01 12:05:16 PM,15.07,504,7595.28,45197861.73000004
2025-08-01 12:05:34 PM,15.05,0,0.0,45197861.73000004
2025-08-01 12:05:36 PM,15.07,130,1959.1000000000001,45199820.83000004
2025-08-01 12:05:54 PM,15.05,0,0.0,45199820.83000004
2025-08-01 12:05:56 PM,15.05,47,707.35,45200528.180000044
2025-08-01 12:06:04 PM,15.07,0,0.0,45200528.180000044
2025-08-01 12:06:06 PM,15.07,50,753.5,45201281.680000044
2025-08-01 12:06:16 PM,15.07,340,5123.8,45206405.48000004
2025-08-01 12:06:30 PM,15.07,60,904.2,45207309.680000044
2025-08-01 12:07:02 PM,15.06,0,0.0,45207309.680000044
2025-08-01 12:07:05 PM,15.06,10,150.6,45207460.280000046
2025-08-01 12:07:10 PM,15.07,400,6028.0,45213488.280000046
2025-08-01 12:07:15 PM,15.07,6,90.42,45213578.70000005
2025-08-01 12:07:20 PM,15.07,15,226.05,45213804.750000045
2025-08-01 12:07:34 PM,15.06,0,0.0,45213804.750000045
2025-08-01 12:07:35 PM,15.06,2031,30586.86,45244391.610000044
2025-08-01 12:07:38 PM,15.07,0,0.0,45244391.610000044
2025-08-01 12:07:41 PM,15.07,250,3767.5,45248159.110000044
2025-08-01 12:07:51 PM,15.07,25,376.75,45248535.860000044
2025-08-01 12:08:00 PM,15.07,2000,30140.0,45278675.860000044
2025-08-01 12:08:04 PM,15.08,0,0.0,45278675.860000044
2025-08-01 12:08:05 PM,15.08,388,5851.04,45284526.90000004
2025-08-01 12:08:36 PM,15.06,110,1656.6000000000001,45286183.500000045
2025-08-01 12:09:15 PM,15.06,3114,46896.840000000004,45333080.34000005
2025-08-01 12:09:28 PM,15.05,0,0.0,45333080.34000005
2025-08-01 12:09:30 PM,15.05,80,1204.0,45334284.34000005
2025-08-01 12:09:40 PM,15.06,0,0.0,45334284.34000005
2025-08-01 12:09:40 PM,15.06,10,150.6,45334434.94000005
2025-08-01 12:09:50 PM,15.06,1000,15060.0,45349494.94000005
2025-08-01 12:09:58 PM,15.05,0,0.0,45349494.94000005
2025-08-01 12:10:00 PM,15.05,5000,75250.0,45424744.94000005
2025-08-01 12:10:11 PM,15.05,400,6020.0,45430764.94000005
2025-08-01 12:10:12 PM,15.06,0,0.0,45430764.94000005
2025-08-01 12:10:16 PM,15.06,10,150.6,45430915.54000005
2025-08-01 12:10:36 PM,15.06,2050,30873.0,45461788.54000005
2025-08-01 12:11:05 PM,15.06,2000,30120.0,45491908.54000005
2025-08-01 12:11:10 PM,15.05,0,0.0,45491908.54000005
2025-08-01 12:11:10 PM,15.05,91,1369.55,45493278.09000005
2025-08-01 12:12:09 PM,15.05,116,1745.8000000000002,45495023.890000045
2025-08-01 12:12:14 PM,15.06,11230,169123.80000000002,45664147.69000004
2025-08-01 12:12:24 PM,15.05,200,3010.0,45667157.69000004
2025-08-01 12:12:38 PM,15.04,0,0.0,45667157.69000004
2025-08-01 12:12:39 PM,15.04,5,75.19999999999999,45667232.890000045
2025-08-01 12:12:39 PM,15.06,378,5692.68,45672925.570000045
2025-08-01 12:12:54 PM,15.04,0,0.0,45672925.570000045
2025-08-01 12:12:55 PM,15.04,100,1504.0,45674429.570000045
2025-08-01 12:13:10 PM,15.04,201,3023.04,45677452.610000044
2025-08-01 12:13:16 PM,15.06,0,0.0,45677452.610000044
2025-08-01 12:13:20 PM,15.06,100,1506.0,45678958.610000044
2025-08-01 12:13:26 PM,15.04,0,0.0,45678958.610000044
2025-08-01 12:13:29 PM,15.05,106,1595.3000000000002,45680553.91000004
2025-08-01 12:13:30 PM,15.06,30,451.8,45681005.71000004
2025-08-01 12:13:34 PM,15.06,235,3539.1,45684544.81000004
2025-08-01 12:15:20 PM,15.04,0,0.0,45684544.81000004
2025-08-01 12:15:20 PM,15.04,30,451.2,45684996.01000004
2025-08-01 12:15:34 PM,15.06,0,0.0,45684996.01000004
2025-08-01 12:15:35 PM,15.06,368,5542.08,45690538.09000004
2025-08-01 12:16:11 PM,15.06,1,15.06,45690553.15000004
2025-08-01 12:16:25 PM,15.06,15,225.9,45690779.05000004
2025-08-01 12:16:28 PM,15.04,0,0.0,45690779.05000004
2025-08-01 12:16:30 PM,15.04,10,150.39999999999998,45690929.45000004
2025-08-01 12:16:34 PM,15.06,0,0.0,45690929.45000004
2025-08-01 12:16:35 PM,15.06,10,150.6,45691080.05000004
2025-08-01 12:16:40 PM,15.06,100,1506.0,45692586.05000004
2025-08-01 12:17:09 PM,15.06,4,60.24,45692646.290000044
2025-08-01 12:17:29 PM,15.06,563,8478.78,45701125.070000045
2025-08-01 12:18:02 PM,15.05,0,0.0,45701125.070000045
2025-08-01 12:18:03 PM,15.05,50,752.5,45701877.570000045
2025-08-01 12:18:10 PM,15.06,0,0.0,45701877.570000045
2025-08-01 12:18:12 PM,15.06,1,15.06,45701892.63000005
2025-08-01 12:18:16 PM,15.05,0,0.0,45701892.63000005
2025-08-01 12:18:17 PM,15.05,563,8473.15,45710365.780000046
2025-08-01 12:18:50 PM,15.06,0,0.0,45710365.780000046
2025-08-01 12:18:52 PM,15.06,50,753.0,45711118.780000046
2025-08-01 12:19:02 PM,15.06,5,75.3,45711194.08000004
2025-08-01 12:19:24 PM,15.05,0,0.0,45711194.08000004
2025-08-01 12:19:27 PM,15.05,1616,24320.800000000003,45735514.88000004
2025-08-01 12:19:33 PM,15.06,0,0.0,45735514.88000004
2025-08-01 12:19:34 PM,15.04,0,0.0,45735514.88000004
2025-08-01 12:19:36 PM,15.05,0,0.0,45735514.88000004
2025-08-01 12:19:38 PM,15.05,7957,119752.85,45855267.73000004
2025-08-01 12:19:38 PM,15.03,0,0.0,45855267.73000004
2025-08-01 12:19:43 PM,15.03,1671,25115.129999999997,45880382.860000044
2025-08-01 12:19:57 PM,15.03,12,180.35999999999999,45880563.22000004
2025-08-01 12:20:03 PM,15.03,1000,15030.0,45895593.22000004
2025-08-01 12:20:08 PM,15.03,1000,15030.0,45910623.22000004
2025-08-01 12:20:13 PM,15.02,0,0.0,45910623.22000004
2025-08-01 12:20:14 PM,15.02,851,12782.02,45923405.24000005
2025-08-01 12:20:29 PM,15.02,4018,60350.36,45983755.600000046
2025-08-01 12:20:53 PM,15.03,0,0.0,45983755.600000046
2025-08-01 12:20:55 PM,15.03,2,30.06,45983785.66000005
2025-08-01 12:21:19 PM,15.02,0,0.0,45983785.66000005
2025-08-01 12:21:19 PM,15.02,2000,30040.0,46013825.66000005
2025-08-01 12:21:26 PM,15.03,0,0.0,46013825.66000005
2025-08-01 12:21:29 PM,15.03,1,15.03,46013840.69000005
2025-08-01 12:21:58 PM,15.03,2,30.06,46013870.75000005
2025-08-01 12:22:08 PM,15.03,38,571.14,46014441.89000005
2025-08-01 12:22:15 PM,15.03,18,270.53999999999996,46014712.43000005
2025-08-01 12:22:19 PM,15.03,13,195.39,46014907.82000005
2025-08-01 12:22:24 PM,15.03,1,15.03,46014922.85000005
2025-08-01 12:22:45 PM,15.03,1000,15030.0,46029952.85000005
2025-08-01 12:23:11 PM,15.02,1500,22530.0,46052482.85000005
2025-08-01 12:23:20 PM,15.02,2600,39052.0,46091534.85000005
2025-08-01 12:23:49 PM,15.03,0,0.0,46091534.85000005
2025-08-01 12:23:54 PM,15.03,25,375.75,46091910.60000005
2025-08-01 12:24:09 PM,15.03,250,3757.5,46095668.10000005
2025-08-01 12:24:33 PM,15.02,0,0.0,46095668.10000005
2025-08-01 12:24:34 PM,15.02,1575,23656.5,46119324.60000005
2025-08-01 12:24:51 PM,15.03,0,0.0,46119324.60000005
2025-08-01 12:24:53 PM,15.03,200,3006.0,46122330.60000005
2025-08-01 12:25:03 PM,15.03,2,30.06,46122360.660000056
2025-08-01 12:25:43 PM,15.03,1000,15030.0,46137390.660000056
2025-08-01 12:26:14 PM,15.03,5,75.14999999999999,46137465.810000055
2025-08-01 12:26:21 PM,15.02,0,0.0,46137465.810000055
2025-08-01 12:26:24 PM,15.02,1029,15455.58,46152921.39000005
2025-08-01 12:26:44 PM,15.02,9,135.18,46153056.57000005
2025-08-01 12:26:44 PM,15.03,0,0.0,46153056.57000005
2025-08-01 12:26:44 PM,15.03,500,7515.0,46160571.57000005
2025-08-01 12:27:30 PM,15.03,22,330.65999999999997,46160902.23000005
2025-08-01 12:27:35 PM,15.03,700,10521.0,46171423.23000005
2025-08-01 12:27:41 PM,15.02,0,0.0,46171423.23000005
2025-08-01 12:27:44 PM,15.02,400,6008.0,46177431.23000005
2025-08-01 12:27:53 PM,15.01,0,0.0,46177431.23000005
2025-08-01 12:27:54 PM,15.01,20031,300665.31,46478096.54000005
2025-08-01 12:28:43 PM,15.02,0,0.0,46478096.54000005
2025-08-01 12:28:44 PM,15.02,1,15.02,46478111.560000055
2025-08-01 12:29:08 PM,15.02,44,660.88,46478772.44000006
2025-08-01 12:30:02 PM,15.02,2,30.04,46478802.48000006
2025-08-01 12:30:05 PM,15.02,1000,15020.0,46493822.48000006
2025-08-01 12:30:20 PM,15.01,0,0.0,46493822.48000006
2025-08-01 12:30:20 PM,15.01,4882,73278.81999999999,46567101.30000006
2025-08-01 12:30:26 PM,15.03,1,15.03,46567116.33000006
2025-08-01 12:30:30 PM,15.01,0,0.0,46567116.33000006
2025-08-01 12:30:31 PM,15.01,3,45.03,46567161.36000006
2025-08-01 12:30:34 PM,15.01,56,840.56,46568001.92000006
2025-08-01 12:30:48 PM,15.03,0,0.0,46568001.92000006
2025-08-01 12:30:50 PM,15.03,250,3757.5,46571759.42000006
2025-08-01 12:31:41 PM,15.03,2,30.06,46571789.480000064
2025-08-01 12:31:52 PM,15.03,9000,135270.0,46707059.480000064
2025-08-01 12:31:53 PM,15.03,50,751.5,46707810.980000064
2025-08-01 12:31:59 PM,15.03,10000,150300.0,46858110.980000064
2025-08-01 12:32:04 PM,15.04,0,0.0,46858110.980000064
2025-08-01 12:32:08 PM,15.01,0,0.0,46858110.980000064
2025-08-01 12:32:08 PM,15.01,27,405.27,46858516.25000007
2025-08-01 12:32:16 PM,15.04,0,0.0,46858516.25000007
2025-08-01 12:32:19 PM,15.04,400,6016.0,46864532.25000007
2025-08-01 12:33:29 PM,15.04,16,240.64,46864772.89000007
2025-08-01 12:33:42 PM,15.03,0,0.0,46864772.89000007
2025-08-01 12:33:44 PM,15.03,1051,15796.529999999999,46880569.42000007
2025-08-01 12:34:00 PM,15.03,100,1503.0,46882072.42000007
2025-08-01 12:34:10 PM,15.02,400,6008.0,46888080.42000007
2025-08-01 12:34:30 PM,15.02,120,1802.3999999999999,46889882.82000007
2025-08-01 12:34:35 PM,15.02,105,1577.1,46891459.92000007
2025-08-01 12:34:38 PM,15.03,0,0.0,46891459.92000007
2025-08-01 12:34:40 PM,15.03,1,15.03,46891474.95000007
2025-08-01 12:35:16 PM,15.03,2001,30075.03,46921549.98000007
2025-08-01 12:35:26 PM,15.02,1111,16687.22,46938237.20000007
2025-08-01 12:35:28 PM,15.03,0,0.0,46938237.20000007
2025-08-01 12:35:31 PM,15.03,20,300.59999999999997,46938537.80000007
2025-08-01 12:35:50 PM,15.02,0,0.0,46938537.80000007
2025-08-01 12:35:52 PM,15.02,2500,37550.0,46976087.80000007
2025-08-01 12:35:58 PM,15.03,0,0.0,46976087.80000007
2025-08-01 12:35:58 PM,15.03,4092,61502.759999999995,47037590.56000007
2025-08-01 12:36:13 PM,15.03,1,15.03,47037605.59000007
2025-08-01 12:36:18 PM,15.03,100,1503.0,47039108.59000007
2025-08-01 12:37:23 PM,15.02,0,0.0,47039108.59000007
2025-08-01 12:37:24 PM,15.02,250,3755.0,47042863.59000007
2025-08-01 12:37:34 PM,15.04,4000,60160.0,47103023.59000007
2025-08-01 12:38:02 PM,15.03,0,0.0,47103023.59000007
2025-08-01 12:38:04 PM,15.03,11,165.32999999999998,47103188.92000007
2025-08-01 12:38:39 PM,15.03,2,30.06,47103218.98000007
2025-08-01 12:38:40 PM,15.03,238,3577.14,47106796.12000007
2025-08-01 12:39:14 PM,15.03,8,120.24,47106916.360000074
2025-08-01 12:39:17 PM,15.03,200,3006.0,47109922.360000074
2025-08-01 12:39:42 PM,15.03,3,45.089999999999996,47109967.45000008
2025-08-01 12:40:10 PM,15.02,0,0.0,47109967.45000008
2025-08-01 12:40:13 PM,15.02,99,1486.98,47111454.430000074
2025-08-01 12:41:22 PM,15.03,0,0.0,47111454.430000074
2025-08-01 12:41:26 PM,15.03,200,3006.0,47114460.430000074
2025-08-01 12:41:31 PM,15.03,118,1773.54,47116233.97000007
2025-08-01 12:41:41 PM,15.03,500,7515.0,47123748.97000007
2025-08-01 12:42:08 PM,15.03,50,751.5,47124500.47000007
2025-08-01 12:42:13 PM,15.03,1,15.03,47124515.500000075
2025-08-01 12:42:19 PM,15.03,1,15.03,47124530.530000076
2025-08-01 12:42:34 PM,15.03,1000,15030.0,47139560.530000076
2025-08-01 12:43:05 PM,15.03,2,30.06,47139590.59000008
2025-08-01 12:43:42 PM,15.02,0,0.0,47139590.59000008
2025-08-01 12:43:43 PM,15.02,3000,45060.0,47184650.59000008
2025-08-01 12:43:48 PM,15.03,0,0.0,47184650.59000008
2025-08-01 12:43:49 PM,15.03,60,901.8,47185552.390000075
2025-08-01 12:44:06 PM,15.02,0,0.0,47185552.390000075
2025-08-01 12:44:10 PM,15.02,400,6008.0,47191560.390000075
2025-08-01 12:45:13 PM,15.02,2000,30040.0,47221600.390000075
2025-08-01 12:45:18 PM,15.02,100,1502.0,47223102.390000075
2025-08-01 12:45:44 PM,15.02,21,315.42,47223417.81000008
2025-08-01 12:46:10 PM,15.03,100,1503.0,47224920.81000008
2025-08-01 12:46:24 PM,15.03,67,1007.01,47225927.820000075
2025-08-01 12:46:45 PM,15.03,10,150.29999999999998,47226078.12000007
2025-08-01 12:46:48 PM,15.02,0,0.0,47226078.12000007
2025-08-01 12:46:50 PM,15.02,5792,86995.84,47313073.960000075
2025-08-01 12:47:00 PM,15.02,200,3004.0,47316077.960000075
2025-08-01 12:47:20 PM,15.01,0,0.0,47316077.960000075
2025-08-01 12:47:20 PM,15.01,10,150.1,47316228.06000008
2025-08-01 12:48:20 PM,15.01,5000,75050.0,47391278.06000008
2025-08-01 12:48:40 PM,15.03,0,0.0,47391278.06000008
2025-08-01 12:48:41 PM,15.03,20,300.59999999999997,47391578.66000008
2025-08-01 12:49:15 PM,15.01,1000,15010.0,47406588.66000008
2025-08-01 12:49:35 PM,15.01,263,3947.63,47410536.29000008
2025-08-01 12:50:16 PM,15.02,0,0.0,47410536.29000008
2025-08-01 12:50:17 PM,15.02,1,15.02,47410551.310000084
2025-08-01 12:50:46 PM,15.01,0,0.0,47410551.310000084
2025-08-01 12:50:47 PM,15.01,99,1485.99,47412037.30000009
2025-08-01 12:50:59 PM,15.01,34,510.34,47412547.64000009
2025-08-01 12:52:24 PM,15.02,400,6008.0,47418555.64000009
2025-08-01 12:53:32 PM,15.02,4,60.08,47418615.72000009
2025-08-01 12:54:23 PM,15.02,153,2298.06,47420913.78000009
2025-08-01 12:54:36 PM,15.03,0,0.0,47420913.78000009
2025-08-01 12:54:38 PM,15.03,4700,70641.0,47491554.78000009
2025-08-01 12:55:10 PM,15.03,2,30.06,47491584.84000009
2025-08-01 12:55:58 PM,15.04,0,0.0,47491584.84000009
2025-08-01 12:56:00 PM,15.02,2405,36123.1,47527707.940000094
2025-08-01 12:57:02 PM,15.04,0,0.0,47527707.940000094
2025-08-01 12:57:04 PM,15.03,0,0.0,47527707.940000094
2025-08-01 12:57:05 PM,15.03,1712,25731.36,47553439.300000094
2025-08-01 12:57:36 PM,15.03,745,11197.35,47564636.650000095
2025-08-01 12:58:05 PM,15.03,942,14158.26,47578794.91000009
2025-08-01 12:58:15 PM,15.04,527,7926.08,47586720.99000009
2025-08-01 12:58:51 PM,15.04,1,15.04,47586736.03000009
2025-08-01 12:59:22 PM,15.03,0,0.0,47586736.03000009
2025-08-01 12:59:24 PM,15.04,0,0.0,47586736.03000009
2025-08-01 12:59:26 PM,15.04,55,827.1999999999999,47587563.23000009
2025-08-01 12:59:31 PM,15.04,100,1504.0,47589067.23000009
2025-08-01 12:59:36 PM,15.03,0,0.0,47589067.23000009
2025-08-01 12:59:37 PM,15.03,2000,30060.0,47619127.23000009
2025-08-01 01:00:08 PM,15.03,19,285.57,47619412.800000094
2025-08-01 01:00:19 PM,15.03,3,45.089999999999996,47619457.8900001
2025-08-01 01:01:03 PM,15.04,0,0.0,47619457.8900001
2025-08-01 01:01:05 PM,15.04,1,15.04,47619472.9300001
2025-08-01 01:01:22 PM,15.04,21,315.84,47619788.7700001
2025-08-01 01:01:47 PM,15.03,836,12565.08,47632353.8500001
2025-08-01 01:02:01 PM,15.03,1015,15255.449999999999,47647609.3000001
2025-08-01 01:02:11 PM,15.03,20,300.59999999999997,47647909.9000001
2025-08-01 01:02:31 PM,15.02,0,0.0,47647909.9000001
2025-08-01 01:02:31 PM,15.02,150,2253.0,47650162.9000001
2025-08-01 01:02:35 PM,15.03,0,0.0,47650162.9000001
2025-08-01 01:02:37 PM,15.03,7,105.21,47650268.1100001
2025-08-01 01:02:52 PM,15.03,80,1202.3999999999999,47651470.5100001
2025-08-01 01:03:07 PM,15.03,500,7515.0,47658985.5100001
2025-08-01 01:03:12 PM,15.03,3,45.089999999999996,47659030.600000106
2025-08-01 01:03:15 PM,15.02,0,0.0,47659030.600000106
2025-08-01 01:03:17 PM,15.02,2002,30070.04,47689100.640000105
2025-08-01 01:03:42 PM,15.03,500,7515.0,47696615.640000105
2025-08-01 01:03:45 PM,15.02,0,0.0,47696615.640000105
2025-08-01 01:03:46 PM,15.02,50,751.0,47697366.640000105
2025-08-01 01:03:47 PM,15.03,14,210.42,47697577.06000011
2025-08-01 01:03:56 PM,15.03,4,60.12,47697637.180000104
2025-08-01 01:04:10 PM,15.03,2500,37575.0,47735212.180000104
2025-08-01 01:04:11 PM,15.02,0,0.0,47735212.180000104
2025-08-01 01:04:12 PM,15.02,700,10514.0,47745726.180000104
2025-08-01 01:04:15 PM,15.03,0,0.0,47745726.180000104
2025-08-01 01:04:16 PM,15.03,50,751.5,47746477.680000104
2025-08-01 01:04:41 PM,15.02,0,0.0,47746477.680000104
2025-08-01 01:04:41 PM,15.02,1000,15020.0,47761497.680000104
2025-08-01 01:04:49 PM,15.03,20,300.59999999999997,47761798.280000106
2025-08-01 01:04:51 PM,15.03,1000,15030.0,47776828.280000106
2025-08-01 01:06:16 PM,15.03,1,15.03,47776843.31000011
2025-08-01 01:06:25 PM,15.04,0,0.0,47776843.31000011
2025-08-01 01:06:26 PM,15.04,1416,21296.64,47798139.95000011
2025-08-01 01:06:41 PM,15.04,33,496.32,47798636.27000011
2025-08-01 01:06:47 PM,15.04,1,15.04,47798651.31000011
2025-08-01 01:06:52 PM,15.04,27,406.08,47799057.390000105
2025-08-01 01:07:07 PM,15.04,25,376.0,47799433.390000105
2025-08-01 01:07:29 PM,15.04,100,1504.0,47800937.390000105
2025-08-01 01:07:38 PM,15.04,783,11776.32,47812713.710000105
2025-08-01 01:07:50 PM,15.04,30,451.2,47813164.91000011
2025-08-01 01:07:52 PM,15.05,0,0.0,47813164.91000011
