date,price,qty,trnvr,cum_trnvr
2025-08-01 09:15:00 AM,1499.5,1279,1917860.5,1917860.5
2025-08-01 09:15:01 AM,1498.0,0,0.0,1917860.5
2025-08-01 09:15:09 AM,1495.9,0,0.0,1917860.5
2025-08-01 09:15:10 AM,1498.0,706,1057588.0,2975448.5
2025-08-01 09:15:12 AM,1495.1,159,237720.9,3213169.4
2025-08-01 09:15:18 AM,1496.2,0,0.0,3213169.4
2025-08-01 09:15:19 AM,1497.5,0,0.0,3213169.4
2025-08-01 09:15:21 AM,1498.0,1580,2366840.0,5580009.4
2025-08-01 09:15:23 AM,1499.3,600,899580.0,6479589.4
2025-08-01 09:15:26 AM,1499.7,0,0.0,6479589.4
2025-08-01 09:15:29 AM,1497.6,0,0.0,6479589.4
2025-08-01 09:15:30 AM,1497.6,101,151257.59999999998,6630847.0
2025-08-01 09:15:31 AM,1496.1,548,819862.7999999999,7450709.8
2025-08-01 09:15:38 AM,1495.1,675,1009192.4999999999,8459902.299999999
2025-08-01 09:15:40 AM,1496.3,8,11970.4,8471872.7
2025-08-01 09:15:45 AM,1497.6,0,0.0,8471872.7
2025-08-01 09:15:47 AM,1497.6,300,449280.0,8921152.7
2025-08-01 09:15:48 AM,1498.2,134,200758.80000000002,9121911.5
2025-08-01 09:15:51 AM,1497.4,0,0.0,9121911.5
2025-08-01 09:15:55 AM,1497.4,29,43424.600000000006,9165336.1
2025-08-01 09:15:57 AM,1497.3,30,44919.0,9210255.1
2025-08-01 09:16:00 AM,1496.3,0,0.0,9210255.1
2025-08-01 09:16:02 AM,1496.1,0,0.0,9210255.1
2025-08-01 09:16:03 AM,1496.1,263,393474.3,9603729.4
2025-08-01 09:16:08 AM,1495.5,0,0.0,9603729.4
2025-08-01 09:16:11 AM,1496.0,44,65824.0,9669553.4
2025-08-01 09:16:13 AM,1495.0,0,0.0,9669553.4
2025-08-01 09:16:16 AM,1495.7,0,0.0,9669553.4
2025-08-01 09:16:19 AM,1495.7,113,169014.1,9838567.5
2025-08-01 09:16:21 AM,1495.7,106,158544.2,9997111.7
2025-08-01 09:16:24 AM,1495.8,0,0.0,9997111.7
2025-08-01 09:16:28 AM,1495.8,253,378437.39999999997,10375549.1
2025-08-01 09:16:29 AM,1496.3,100,149630.0,10525179.1
2025-08-01 09:16:34 AM,1495.8,0,0.0,10525179.1
2025-08-01 09:16:36 AM,1495.8,175,261765.0,10786944.1
2025-08-01 09:16:37 AM,1496.0,500,748000.0,11534944.1
2025-08-01 09:16:44 AM,1495.8,110,164538.0,11699482.1
2025-08-01 09:16:44 AM,1495.5,0,0.0,11699482.1
2025-08-01 09:16:46 AM,1495.5,125,186937.5,11886419.6
2025-08-01 09:16:54 AM,1496.2,40,59848.0,11946267.6
2025-08-01 09:16:56 AM,1495.8,0,0.0,11946267.6
2025-08-01 09:17:01 AM,1496.0,166,248336.0,12194603.6
2025-08-01 09:17:09 AM,1496.0,46,68816.0,12263419.6
2025-08-01 09:17:14 AM,1496.6,0,0.0,12263419.6
2025-08-01 09:17:17 AM,1496.7,587,878562.9,13141982.5
2025-08-01 09:17:18 AM,1496.6,118,176598.8,13318581.3
2025-08-01 09:17:25 AM,1496.0,100,149600.0,13468181.3
2025-08-01 09:17:31 AM,1497.3,0,0.0,13468181.3
2025-08-01 09:17:34 AM,1497.3,25,37432.5,13505613.8
2025-08-01 09:17:37 AM,1497.2,0,0.0,13505613.8
2025-08-01 09:17:42 AM,1496.1,13,19449.3,13525063.100000001
2025-08-01 09:17:46 AM,1496.2,0,0.0,13525063.100000001
2025-08-01 09:17:48 AM,1496.0,0,0.0,13525063.100000001
2025-08-01 09:17:50 AM,1496.0,20,29920.0,13554983.100000001
2025-08-01 09:17:55 AM,1495.5,0,0.0,13554983.100000001
2025-08-01 09:17:56 AM,1495.9,0,0.0,13554983.100000001
2025-08-01 09:17:58 AM,1496.5,176,263384.0,13818367.100000001
2025-08-01 09:18:02 AM,1496.7,0,0.0,13818367.100000001
2025-08-01 09:18:04 AM,1497.8,0,0.0,13818367.100000001
2025-08-01 09:18:07 AM,1497.8,690,1033482.0,14851849.100000001
2025-08-01 09:18:08 AM,1497.3,117,175184.1,15027033.200000001
2025-08-01 09:18:15 AM,1498.2,108,161805.6,15188838.8
2025-08-01 09:18:20 AM,1498.7,0,0.0,15188838.8
2025-08-01 09:18:23 AM,1500.1,374,561037.4,15749876.200000001
2025-08-01 09:18:26 AM,1499.7,0,0.0,15749876.200000001
2025-08-01 09:18:31 AM,1499.4,129,193422.6,15943298.8
2025-08-01 09:18:36 AM,1498.8,0,0.0,15943298.8
2025-08-01 09:18:40 AM,1499.5,503,754248.5,16697547.3
2025-08-01 09:18:41 AM,1499.5,65,97467.5,16795014.8
2025-08-01 09:18:42 AM,1500.1,0,0.0,16795014.8
2025-08-01 09:18:48 AM,1500.1,57,85505.7,16880520.5
2025-08-01 09:18:56 AM,1500.0,150,225000.0,17105520.5
2025-08-01 09:18:57 AM,1500.0,1,1500.0,17107020.5
2025-08-01 09:19:04 AM,1499.9,65,97493.5,17204514.0
2025-08-01 09:19:07 AM,1500.2,0,0.0,17204514.0
2025-08-01 09:19:13 AM,1500.9,174,261156.6,17465670.6
2025-08-01 09:19:20 AM,1501.2,222,333266.4,17798937.0
2025-08-01 09:19:21 AM,1501.0,0,0.0,17798937.0
2025-08-01 09:19:22 AM,1501.0,74,111074.0,17910011.0
2025-08-01 09:19:28 AM,1501.1,250,375275.0,18285286.0
2025-08-01 09:19:36 AM,1500.8,0,0.0,18285286.0
2025-08-01 09:19:36 AM,1500.8,211,316668.8,18601954.8
2025-08-01 09:19:44 AM,1500.2,0,0.0,18601954.8
2025-08-01 09:19:44 AM,1500.2,2,3000.4,18604955.2
2025-08-01 09:19:46 AM,1501.0,327,490827.0,19095782.2
2025-08-01 09:19:52 AM,1500.8,0,0.0,19095782.2
2025-08-01 09:19:52 AM,1500.8,845,1268176.0,20363958.2
2025-08-01 09:19:53 AM,1499.8,0,0.0,20363958.2
2025-08-01 09:19:54 AM,1499.8,139,208472.19999999998,20572430.4
2025-08-01 09:20:00 AM,1500.7,0,0.0,20572430.4
2025-08-01 09:20:00 AM,1500.7,514,771359.8,21343790.2
2025-08-01 09:20:02 AM,1500.0,113,169500.0,21513290.2
2025-08-01 09:20:08 AM,1500.0,1,1500.0,21514790.2
2025-08-01 09:20:16 AM,1499.9,100,149990.0,21664780.2
2025-08-01 09:20:21 AM,1499.4,0,0.0,21664780.2
2025-08-01 09:20:24 AM,1500.2,557,835611.4,22500391.599999998
2025-08-01 09:20:26 AM,1499.0,73,109427.0,22609818.599999998
2025-08-01 09:20:32 AM,1499.0,50,74950.0,22684768.599999998
2025-08-01 09:20:42 AM,1498.5,0,0.0,22684768.599999998
2025-08-01 09:20:48 AM,1498.5,3,4495.5,22689264.099999998
2025-08-01 09:20:55 AM,1498.5,47,70429.5,22759693.599999998
2025-08-01 09:20:57 AM,1499.0,63,94437.0,22854130.599999998
2025-08-01 09:21:20 AM,1499.0,50,74950.0,22929080.599999998
2025-08-01 09:21:21 AM,1498.4,0,0.0,22929080.599999998
2025-08-01 09:21:27 AM,1498.4,150,224760.0,23153840.599999998
2025-08-01 09:21:28 AM,1498.7,0,0.0,23153840.599999998
2025-08-01 09:21:35 AM,1498.7,4,5994.8,23159835.4
2025-08-01 09:21:37 AM,1498.9,0,0.0,23159835.4
2025-08-01 09:21:42 AM,1498.9,21,31476.9,23191312.299999997
2025-08-01 09:21:43 AM,1499.0,85,127415.0,23318727.299999997
2025-08-01 09:21:46 AM,1499.2,0,0.0,23318727.299999997
2025-08-01 09:21:50 AM,1499.2,415,622168.0,23940895.299999997
2025-08-01 09:21:53 AM,1499.0,0,0.0,23940895.299999997
2025-08-01 09:21:57 AM,1499.0,1,1499.0,23942394.299999997
2025-08-01 09:21:59 AM,1499.2,14,20988.8,23963383.099999998
2025-08-01 09:22:03 AM,1498.5,0,0.0,23963383.099999998
2025-08-01 09:22:05 AM,1498.5,6,8991.0,23972374.099999998
2025-08-01 09:22:07 AM,1498.7,0,0.0,23972374.099999998
2025-08-01 09:22:13 AM,1498.7,19,28475.3,24000849.4
2025-08-01 09:22:20 AM,1498.7,1,1498.7,24002348.099999998
2025-08-01 09:22:24 AM,1498.0,0,0.0,24002348.099999998
2025-08-01 09:22:28 AM,1497.7,245,366936.5,24369284.599999998
2025-08-01 09:22:31 AM,1497.1,0,0.0,24369284.599999998
2025-08-01 09:22:35 AM,1497.1,106,158692.59999999998,24527977.2
2025-08-01 09:22:38 AM,1497.0,0,0.0,24527977.2
2025-08-01 09:22:43 AM,1497.0,10,14970.0,24542947.2
2025-08-01 09:22:49 AM,1496.4,0,0.0,24542947.2
2025-08-01 09:22:51 AM,1496.4,1,1496.4,24544443.599999998
2025-08-01 09:22:57 AM,1496.3,0,0.0,24544443.599999998
2025-08-01 09:22:58 AM,1496.6,12,17959.199999999997,24562402.799999997
2025-08-01 09:23:06 AM,1496.6,25,37415.0,24599817.799999997
2025-08-01 09:23:11 AM,1496.9,0,0.0,24599817.799999997
2025-08-01 09:23:14 AM,1496.9,57,85323.3,24685141.099999998
2025-08-01 09:23:21 AM,1496.9,50,74845.0,24759986.099999998
2025-08-01 09:23:36 AM,1496.9,6,8981.400000000001,24768967.499999996
2025-08-01 09:23:43 AM,1497.0,0,0.0,24768967.499999996
2025-08-01 09:23:43 AM,1497.1,0,0.0,24768967.499999996
2025-08-01 09:23:44 AM,1497.1,58,86831.79999999999,24855799.299999997
2025-08-01 09:23:49 AM,1496.9,0,0.0,24855799.299999997
2025-08-01 09:23:52 AM,1496.9,3,4490.700000000001,24860289.999999996
2025-08-01 09:23:59 AM,1496.6,15,22449.0,24882738.999999996
2025-08-01 09:24:07 AM,1496.5,110,164615.0,25047353.999999996
2025-08-01 09:24:09 AM,1496.0,58,86768.0,25134121.999999996
2025-08-01 09:24:15 AM,1496.5,30,44895.0,25179016.999999996
2025-08-01 09:24:22 AM,1496.6,10,14966.0,25193982.999999996
2025-08-01 09:24:28 AM,1496.9,0,0.0,25193982.999999996
2025-08-01 09:24:30 AM,1496.9,1,1496.9,25195479.899999995
2025-08-01 09:24:37 AM,1496.6,5,7483.0,25202962.899999995
2025-08-01 09:24:45 AM,1496.4,105,157122.0,25360084.899999995
2025-08-01 09:24:54 AM,1496.1,5,7480.5,25367565.399999995
2025-08-01 09:25:07 AM,1496.1,73,109215.29999999999,25476780.699999996
2025-08-01 09:25:09 AM,1496.0,40,59840.0,25536620.699999996
2025-08-01 09:25:22 AM,1496.7,33,49391.1,25586011.799999997
2025-08-01 09:25:31 AM,1497.1,0,0.0,25586011.799999997
2025-08-01 09:25:32 AM,1497.1,668,1000062.7999999999,26586074.599999998
2025-08-01 09:25:37 AM,1497.3,1,1497.3,26587571.9
2025-08-01 09:25:39 AM,1497.3,26,38929.799999999996,26626501.7
2025-08-01 09:25:54 AM,1497.7,10,14977.0,26641478.7
2025-08-01 09:26:00 AM,1496.7,51,76331.7,26717810.4
2025-08-01 09:26:07 AM,1496.4,0,0.0,26717810.4
2025-08-01 09:26:07 AM,1496.4,14,20949.600000000002,26738760.0
2025-08-01 09:26:09 AM,1496.7,1,1496.7,26740256.7
2025-08-01 09:26:14 AM,1496.0,0,0.0,26740256.7
2025-08-01 09:26:15 AM,1496.0,26,38896.0,26779152.7
2025-08-01 09:26:20 AM,1496.2,0,0.0,26779152.7
2025-08-01 09:26:23 AM,1496.2,57,85283.40000000001,26864436.099999998
2025-08-01 09:26:30 AM,1495.6,0,0.0,26864436.099999998
2025-08-01 09:26:31 AM,1495.6,1,1495.6,26865931.7
2025-08-01 09:26:32 AM,1495.5,101,151045.5,27016977.2
2025-08-01 09:26:40 AM,1496.2,25,37405.0,27054382.2
2025-08-01 09:26:41 AM,1496.6,0,0.0,27054382.2
2025-08-01 09:26:46 AM,1496.6,146,218503.59999999998,27272885.8
2025-08-01 09:26:47 AM,1496.1,0,0.0,27272885.8
2025-08-01 09:26:47 AM,1496.1,10,14961.0,27287846.8
2025-08-01 09:26:57 AM,1496.5,0,0.0,27287846.8
2025-08-01 09:27:01 AM,1496.5,5,7482.5,27295329.3
2025-08-01 09:27:02 AM,1496.5,50,74825.0,27370154.3
2025-08-01 09:27:04 AM,1497.1,0,0.0,27370154.3
2025-08-01 09:27:08 AM,1497.1,2,2994.2,27373148.5
2025-08-01 09:27:23 AM,1497.1,86,128750.59999999999,27501899.1
2025-08-01 09:27:30 AM,1497.1,25,37427.5,27539326.6
2025-08-01 09:27:35 AM,1496.9,0,0.0,27539326.6
2025-08-01 09:27:38 AM,1496.9,1,1496.9,27540823.5
2025-08-01 09:27:41 AM,1496.5,0,0.0,27540823.5
2025-08-01 09:27:45 AM,1496.4,16,23942.4,27564765.9
2025-08-01 09:27:46 AM,1496.0,0,0.0,27564765.9
2025-08-01 09:27:47 AM,1496.0,50,74800.0,27639565.9
2025-08-01 09:27:50 AM,1496.7,0,0.0,27639565.9
2025-08-01 09:27:53 AM,1496.3,210,314223.0,27953788.9
2025-08-01 09:28:01 AM,1496.0,0,0.0,27953788.9
2025-08-01 09:28:01 AM,1495.9,83,124159.70000000001,28077948.599999998
2025-08-01 09:28:07 AM,1495.8,0,0.0,28077948.599999998
2025-08-01 09:28:09 AM,1495.8,55,82269.0,28160217.599999998
2025-08-01 09:28:10 AM,1495.8,1,1495.8,28161713.4
2025-08-01 09:28:24 AM,1495.7,3,4487.1,28166200.5
2025-08-01 09:28:30 AM,1494.6,0,0.0,28166200.5
2025-08-01 09:28:32 AM,1494.0,1002,1496988.0,29663188.5
2025-08-01 09:28:33 AM,1493.7,324,483958.8,30147147.3
2025-08-01 09:28:36 AM,1494.6,0,0.0,30147147.3
2025-08-01 09:28:36 AM,1493.6,0,0.0,30147147.3
2025-08-01 09:28:39 AM,1493.6,191,285277.6,30432424.900000002
2025-08-01 09:28:47 AM,1495.5,100,149550.0,30581974.900000002
2025-08-01 09:28:47 AM,1494.8,0,0.0,30581974.900000002
2025-08-01 09:28:48 AM,1494.8,51,76234.8,30658209.700000003
2025-08-01 09:28:57 AM,1495.7,0,0.0,30658209.700000003
2025-08-01 09:28:58 AM,1496.0,0,0.0,30658209.700000003
2025-08-01 09:29:02 AM,1497.4,266,398308.4,31056518.1
2025-08-01 09:29:09 AM,1496.3,0,0.0,31056518.1
2025-08-01 09:29:11 AM,1496.3,89,133170.69999999998,31189688.8
2025-08-01 09:29:15 AM,1496.9,0,0.0,31189688.8
2025-08-01 09:29:18 AM,1496.2,15,22443.0,31212131.8
2025-08-01 09:29:25 AM,1496.7,78,116742.6,31328874.400000002
2025-08-01 09:29:25 AM,1495.5,0,0.0,31328874.400000002
2025-08-01 09:29:27 AM,1495.5,23,34396.5,31363270.900000002
2025-08-01 09:29:40 AM,1497.2,265,396758.0,31760028.900000002
2025-08-01 09:29:40 AM,1496.2,0,0.0,31760028.900000002
2025-08-01 09:29:41 AM,1496.2,49,73313.8,31833342.700000003
2025-08-01 09:29:48 AM,1496.8,15,22452.0,31855794.700000003
2025-08-01 09:29:49 AM,1496.0,10,14960.0,31870754.700000003
2025-08-01 09:29:55 AM,1496.6,20,29932.0,31900686.700000003
2025-08-01 09:30:02 AM,1496.4,3,4489.200000000001,31905175.900000002
2025-08-01 09:30:08 AM,1495.3,0,0.0,31905175.900000002
2025-08-01 09:30:10 AM,1495.3,62,92708.59999999999,31997884.500000004
2025-08-01 09:30:19 AM,1495.5,89,133099.5,32130984.000000004
2025-08-01 09:30:22 AM,1494.8,0,0.0,32130984.000000004
2025-08-01 09:30:25 AM,1494.8,12,17937.6,32148921.600000005
2025-08-01 09:30:26 AM,1494.7,23,34378.1,32183299.700000007
2025-08-01 09:30:29 AM,1494.8,0,0.0,32183299.700000007
2025-08-01 09:30:33 AM,1494.7,227,339296.9,32522596.600000005
2025-08-01 09:30:33 AM,1494.0,25,37350.0,32559946.600000005
2025-08-01 09:30:40 AM,1494.0,71,106074.0,32666020.600000005
2025-08-01 09:30:47 AM,1494.0,15,22410.0,32688430.600000005
2025-08-01 09:30:48 AM,1494.0,6,8964.0,32697394.600000005
2025-08-01 09:30:59 AM,1494.9,0,0.0,32697394.600000005
2025-08-01 09:31:01 AM,1493.1,0,0.0,32697394.600000005
2025-08-01 09:31:02 AM,1493.1,882,1316914.2,34014308.800000004
2025-08-01 09:31:02 AM,1492.4,208,310419.2,34324728.00000001
2025-08-01 09:31:05 AM,1492.7,0,0.0,34324728.00000001
2025-08-01 09:31:09 AM,1492.7,16,23883.2,34348611.20000001
2025-08-01 09:31:13 AM,1492.4,0,0.0,34348611.20000001
2025-08-01 09:31:17 AM,1493.1,0,0.0,34348611.20000001
2025-08-01 09:31:17 AM,1493.1,123,183651.3,34532262.50000001
2025-08-01 09:31:19 AM,1493.5,0,0.0,34532262.50000001
2025-08-01 09:31:24 AM,1493.5,1,1493.5,34533756.00000001
2025-08-01 09:31:29 AM,1492.7,0,0.0,34533756.00000001
2025-08-01 09:31:31 AM,1492.7,150,223905.0,34757661.00000001
2025-08-01 09:31:32 AM,1493.8,61,91121.8,34848782.800000004
2025-08-01 09:31:35 AM,1493.3,0,0.0,34848782.800000004
2025-08-01 09:31:38 AM,1493.3,11,16426.3,34865209.1
2025-08-01 09:31:39 AM,1493.0,22,32846.0,34898055.1
2025-08-01 09:31:45 AM,1493.0,18,26874.0,34924929.1
2025-08-01 09:31:48 AM,1493.2,0,0.0,34924929.1
2025-08-01 09:31:52 AM,1493.2,5,7466.0,34932395.1
2025-08-01 09:31:58 AM,1493.7,0,0.0,34932395.1
2025-08-01 09:31:59 AM,1493.7,48,71697.6,35004092.7
2025-08-01 09:32:06 AM,1493.7,31,46304.700000000004,35050397.400000006
2025-08-01 09:32:09 AM,1493.9,0,0.0,35050397.400000006
2025-08-01 09:32:13 AM,1494.1,377,563275.7,35613673.10000001
2025-08-01 09:32:20 AM,1494.1,53,79187.29999999999,35692860.400000006
2025-08-01 09:32:27 AM,1494.1,2,2988.2,35695848.60000001
2025-08-01 09:32:39 AM,1494.0,0,0.0,35695848.60000001
2025-08-01 09:32:41 AM,1494.0,142,212148.0,35907996.60000001
2025-08-01 09:32:45 AM,1493.5,0,0.0,35907996.60000001
2025-08-01 09:32:45 AM,1493.9,0,0.0,35907996.60000001
2025-08-01 09:32:48 AM,1493.9,38,56768.200000000004,35964764.80000001
2025-08-01 09:32:51 AM,1494.1,0,0.0,35964764.80000001
2025-08-01 09:32:55 AM,1494.5,84,125538.0,36090302.80000001
2025-08-01 09:33:03 AM,1494.2,0,0.0,36090302.80000001
2025-08-01 09:33:09 AM,1494.3,0,0.0,36090302.80000001
2025-08-01 09:33:09 AM,1494.3,45,67243.5,36157546.30000001
2025-08-01 09:33:14 AM,1494.5,0,0.0,36157546.30000001
2025-08-01 09:33:16 AM,1494.5,50,74725.0,36232271.30000001
2025-08-01 09:33:23 AM,1494.4,376,561894.4,36794165.70000001
2025-08-01 09:33:24 AM,1494.0,0,0.0,36794165.70000001
2025-08-01 09:33:30 AM,1494.0,49,73206.0,36867371.70000001
2025-08-01 09:33:34 AM,1494.6,0,0.0,36867371.70000001
2025-08-01 09:33:37 AM,1494.6,268,400552.8,37267924.50000001
2025-08-01 09:33:39 AM,1494.5,0,0.0,37267924.50000001
2025-08-01 09:33:43 AM,1494.9,39,58301.100000000006,37326225.60000001
2025-08-01 09:33:47 AM,1494.5,0,0.0,37326225.60000001
2025-08-01 09:33:49 AM,1494.2,0,0.0,37326225.60000001
2025-08-01 09:33:51 AM,1494.2,21,31378.2,37357603.80000001
2025-08-01 09:33:51 AM,1494.2,6,8965.2,37366569.000000015
2025-08-01 09:33:53 AM,1495.0,0,0.0,37366569.000000015
2025-08-01 09:33:54 AM,1494.9,0,0.0,37366569.000000015
2025-08-01 09:33:58 AM,1495.0,156,233220.0,37599789.000000015
2025-08-01 09:34:14 AM,1494.7,0,0.0,37599789.000000015
2025-08-01 09:34:19 AM,1494.7,10,14947.0,37614736.000000015
2025-08-01 09:34:22 AM,1494.2,0,0.0,37614736.000000015
2025-08-01 09:34:26 AM,1494.2,207,309299.4,37924035.40000001
2025-08-01 09:34:26 AM,1494.0,30,44820.0,37968855.40000001
2025-08-01 09:34:33 AM,1494.0,5,7470.0,37976325.40000001
2025-08-01 09:34:34 AM,1493.5,0,0.0,37976325.40000001
2025-08-01 09:34:37 AM,1494.0,0,0.0,37976325.40000001
2025-08-01 09:34:40 AM,1494.0,51,76194.0,38052519.40000001
2025-08-01 09:34:44 AM,1493.8,0,0.0,38052519.40000001
2025-08-01 09:34:46 AM,1493.5,12,17922.0,38070441.40000001
2025-08-01 09:34:47 AM,1493.5,2,2987.0,38073428.40000001
2025-08-01 09:34:53 AM,1493.6,48,71692.79999999999,38145121.20000001
2025-08-01 09:34:54 AM,1493.1,106,158268.59999999998,38303389.80000001
2025-08-01 09:34:59 AM,1493.0,0,0.0,38303389.80000001
2025-08-01 09:35:00 AM,1493.0,66,98538.0,38401927.80000001
2025-08-01 09:35:04 AM,1492.7,0,0.0,38401927.80000001
2025-08-01 09:35:07 AM,1492.7,14,20897.8,38422825.60000001
2025-08-01 09:35:14 AM,1492.4,0,0.0,38422825.60000001
2025-08-01 09:35:14 AM,1492.4,188,280571.2,38703396.80000001
2025-08-01 09:35:15 AM,1492.4,1,1492.4,38704889.20000001
2025-08-01 09:35:19 AM,1492.0,0,0.0,38704889.20000001
2025-08-01 09:35:21 AM,1492.4,20,29848.0,38734737.20000001
2025-08-01 09:35:24 AM,1492.0,0,0.0,38734737.20000001
2025-08-01 09:35:24 AM,1492.2,0,0.0,38734737.20000001
2025-08-01 09:35:28 AM,1492.0,285,425220.0,39159957.20000001
2025-08-01 09:35:34 AM,1491.6,0,0.0,39159957.20000001
2025-08-01 09:35:35 AM,1491.5,26,38779.0,39198736.20000001
2025-08-01 09:35:39 AM,1491.4,0,0.0,39198736.20000001
2025-08-01 09:35:42 AM,1491.4,6,8948.400000000001,39207684.60000001
2025-08-01 09:35:49 AM,1491.5,0,0.0,39207684.60000001
2025-08-01 09:35:49 AM,1491.5,98,146167.0,39353851.60000001
2025-08-01 09:35:54 AM,1491.4,0,0.0,39353851.60000001
2025-08-01 09:35:54 AM,1491.5,0,0.0,39353851.60000001
2025-08-01 09:35:55 AM,1491.5,21,31321.5,39385173.10000001
2025-08-01 09:35:59 AM,1491.4,0,0.0,39385173.10000001
2025-08-01 09:35:59 AM,1491.5,0,0.0,39385173.10000001
2025-08-01 09:36:02 AM,1491.5,101,150641.5,39535814.60000001
2025-08-01 09:36:02 AM,1491.0,47,70077.0,39605891.60000001
2025-08-01 09:36:09 AM,1491.9,276,411764.4,40017656.00000001
2025-08-01 09:36:11 AM,1491.8,0,0.0,40017656.00000001
2025-08-01 09:36:11 AM,1491.2,0,0.0,40017656.00000001
2025-08-01 09:36:15 AM,1491.7,0,0.0,40017656.00000001
2025-08-01 09:36:16 AM,1491.7,341,508669.7,40526325.70000001
2025-08-01 09:36:16 AM,1491.5,12,17898.0,40544223.70000001
2025-08-01 09:36:19 AM,1491.1,0,0.0,40544223.70000001
2025-08-01 09:36:22 AM,1491.7,54,80551.8,40624775.50000001
2025-08-01 09:36:27 AM,1491.5,0,0.0,40624775.50000001
2025-08-01 09:36:27 AM,1491.6,0,0.0,40624775.50000001
2025-08-01 09:36:29 AM,1491.9,45,67135.5,40691911.00000001
2025-08-01 09:36:35 AM,1491.8,0,0.0,40691911.00000001
2025-08-01 09:36:41 AM,1491.8,16,23868.8,40715779.800000004
2025-08-01 09:36:43 AM,1491.9,0,0.0,40715779.800000004
2025-08-01 09:36:47 AM,1491.8,0,0.0,40715779.800000004
2025-08-01 09:36:48 AM,1491.9,4,5967.6,40721747.400000006
2025-08-01 09:36:51 AM,1492.0,0,0.0,40721747.400000006
2025-08-01 09:36:55 AM,1492.1,0,0.0,40721747.400000006
2025-08-01 09:36:55 AM,1492.1,119,177559.9,40899307.300000004
2025-08-01 09:36:59 AM,1492.8,0,0.0,40899307.300000004
2025-08-01 09:37:01 AM,1492.8,501,747892.7999999999,41647200.1
2025-08-01 09:37:01 AM,1492.0,0,0.0,41647200.1
2025-08-01 09:37:02 AM,1492.0,76,113392.0,41760592.1
2025-08-01 09:37:07 AM,1492.6,15,22389.0,41782981.1
2025-08-01 09:37:11 AM,1492.0,2,2984.0,41785965.1
2025-08-01 09:37:12 AM,1492.1,1,1492.1,41787457.2
2025-08-01 09:37:18 AM,1492.1,40,59684.0,41847141.2
2025-08-01 09:37:20 AM,1491.9,0,0.0,41847141.2
2025-08-01 09:37:21 AM,1491.9,568,847399.2000000001,42694540.400000006
2025-08-01 09:37:22 AM,1492.1,0,0.0,42694540.400000006
2025-08-01 09:37:22 AM,1492.1,20,29842.0,42724382.400000006
2025-08-01 09:37:22 AM,1491.9,0,0.0,42724382.400000006
2025-08-01 09:37:23 AM,1491.9,72,107416.8,42831799.2
2025-08-01 09:37:25 AM,1491.5,0,0.0,42831799.2
2025-08-01 09:37:25 AM,1491.5,100,149150.0,42980949.2
2025-08-01 09:37:27 AM,1491.6,10,14916.0,42995865.2
2025-08-01 09:37:29 AM,1491.1,0,0.0,42995865.2
2025-08-01 09:37:30 AM,1491.1,2,2982.2,42998847.400000006
2025-08-01 09:37:33 AM,1491.2,2,2982.4,43001829.800000004
2025-08-01 09:37:34 AM,1491.2,1,1491.2,43003321.00000001
2025-08-01 09:37:36 AM,1491.2,10,14912.0,43018233.00000001
2025-08-01 09:37:37 AM,1491.2,1,1491.2,43019724.20000001
2025-08-01 09:37:44 AM,1491.2,48,71577.6,43091301.80000001
2025-08-01 09:37:48 AM,1491.2,10,14912.0,43106213.80000001
2025-08-01 09:37:50 AM,1491.2,16,23859.2,43130073.000000015
2025-08-01 09:37:51 AM,1491.2,426,635251.2000000001,43765324.20000002
2025-08-01 09:37:51 AM,1491.1,0,0.0,43765324.20000002
2025-08-01 09:37:52 AM,1491.2,727,1084102.4000000001,44849426.60000002
2025-08-01 09:37:53 AM,1491.0,64,95424.0,44944850.60000002
2025-08-01 09:37:54 AM,1491.1,1,1491.1,44946341.70000002
2025-08-01 09:37:56 AM,1491.0,100,149100.0,45095441.70000002
2025-08-01 09:38:10 AM,1491.0,78,116298.0,45211739.70000002
2025-08-01 09:38:14 AM,1491.1,0,0.0,45211739.70000002
2025-08-01 09:38:17 AM,1491.0,172,256452.0,45468191.70000002
2025-08-01 09:38:19 AM,1491.2,0,0.0,45468191.70000002
2025-08-01 09:38:24 AM,1491.2,357,532358.4,46000550.10000002
2025-08-01 09:38:24 AM,1491.0,0,0.0,46000550.10000002
2025-08-01 09:38:29 AM,1490.9,0,0.0,46000550.10000002
2025-08-01 09:38:30 AM,1490.9,1329,1981406.1,47981956.20000002
2025-08-01 09:38:30 AM,1490.3,155,230996.5,48212952.70000002
2025-08-01 09:38:34 AM,1489.2,0,0.0,48212952.70000002
2025-08-01 09:38:37 AM,1489.2,1750,2606100.0,50819052.70000002
2025-08-01 09:38:39 AM,1489.9,0,0.0,50819052.70000002
2025-08-01 09:38:43 AM,1490.0,0,0.0,50819052.70000002
2025-08-01 09:38:44 AM,1490.0,447,666030.0,51485082.70000002
2025-08-01 09:38:52 AM,1490.1,0,0.0,51485082.70000002
2025-08-01 09:38:57 AM,1490.1,15,22351.5,51507434.20000002
2025-08-01 09:38:59 AM,1490.3,0,0.0,51507434.20000002
2025-08-01 09:39:03 AM,1490.0,258,384420.0,51891854.20000002
2025-08-01 09:39:04 AM,1490.4,0,0.0,51891854.20000002
2025-08-01 09:39:09 AM,1489.9,0,0.0,51891854.20000002
2025-08-01 09:39:10 AM,1489.7,413,615246.1,52507100.30000002
2025-08-01 09:39:14 AM,1489.9,0,0.0,52507100.30000002
2025-08-01 09:39:17 AM,1489.8,140,208572.0,52715672.30000002
2025-08-01 09:39:19 AM,1489.1,0,0.0,52715672.30000002
2025-08-01 09:39:24 AM,1489.8,84,125143.2,52840815.50000002
2025-08-01 09:39:31 AM,1489.3,7,10425.1,52851240.600000024
2025-08-01 09:39:32 AM,1491.5,0,0.0,52851240.600000024
2025-08-01 09:39:37 AM,1491.5,3255,4854832.5,57706073.100000024
2025-08-01 09:39:37 AM,1491.5,12,17898.0,57723971.100000024
2025-08-01 09:39:40 AM,1491.2,0,0.0,57723971.100000024
2025-08-01 09:39:43 AM,1491.3,427,636785.1,58360756.200000025
2025-08-01 09:39:44 AM,1491.6,48,71596.79999999999,58432353.00000002
2025-08-01 09:39:50 AM,1492.0,102,152184.0,58584537.00000002
2025-08-01 09:39:53 AM,1491.5,0,0.0,58584537.00000002
2025-08-01 09:39:56 AM,1491.6,0,0.0,58584537.00000002
2025-08-01 09:39:57 AM,1491.6,214,319202.39999999997,58903739.40000002
2025-08-01 09:39:57 AM,1491.1,827,1233139.7,60136879.100000024
2025-08-01 09:40:00 AM,1490.3,0,0.0,60136879.100000024
2025-08-01 09:40:03 AM,1490.0,142,211580.0,60348459.100000024
2025-08-01 09:40:04 AM,1490.2,25,37255.0,60385714.100000024
2025-08-01 09:40:04 AM,1490.0,0,0.0,60385714.100000024
2025-08-01 09:40:08 AM,1489.5,0,0.0,60385714.100000024
2025-08-01 09:40:10 AM,1490.0,79,117710.0,60503424.100000024
2025-08-01 09:40:12 AM,1490.2,0,0.0,60503424.100000024
2025-08-01 09:40:16 AM,1490.2,7,10431.4,60513855.50000002
2025-08-01 09:40:21 AM,1491.6,0,0.0,60513855.50000002
2025-08-01 09:40:23 AM,1491.6,189,281912.39999999997,60795767.90000002
2025-08-01 09:40:28 AM,1491.3,0,0.0,60795767.90000002
2025-08-01 09:40:30 AM,1491.3,85,126760.5,60922528.40000002
2025-08-01 09:40:35 AM,1490.6,0,0.0,60922528.40000002
2025-08-01 09:40:37 AM,1490.6,48,71548.79999999999,60994077.20000002
2025-08-01 09:40:39 AM,1490.8,0,0.0,60994077.20000002
2025-08-01 09:40:40 AM,1490.7,0,0.0,60994077.20000002
2025-08-01 09:40:43 AM,1491.0,101,150591.0,61144668.20000002
2025-08-01 09:40:43 AM,1491.0,12,17892.0,61162560.20000002
2025-08-01 09:40:47 AM,1491.7,0,0.0,61162560.20000002
2025-08-01 09:40:49 AM,1491.7,414,617563.8,61780124.000000015
2025-08-01 09:40:50 AM,1492.0,60,89520.0,61869644.000000015
2025-08-01 09:40:56 AM,1492.3,49,73122.7,61942766.70000002
2025-08-01 09:40:57 AM,1491.9,0,0.0,61942766.70000002
2025-08-01 09:41:02 AM,1492.3,129,192506.69999999998,62135273.40000002
2025-08-01 09:41:10 AM,1492.1,12,17905.199999999997,62153178.600000024
2025-08-01 09:41:15 AM,1492.0,0,0.0,62153178.600000024
2025-08-01 09:41:17 AM,1492.0,62,92504.0,62245682.600000024
2025-08-01 09:41:23 AM,1492.0,407,607244.0,62852926.600000024
2025-08-01 09:41:23 AM,1491.5,0,0.0,62852926.600000024
2025-08-01 09:41:27 AM,1492.0,0,0.0,62852926.600000024
2025-08-01 09:41:30 AM,1492.0,118,176056.0,63028982.600000024
2025-08-01 09:41:35 AM,1491.0,0,0.0,63028982.600000024
2025-08-01 09:41:36 AM,1491.0,135,201285.0,63230267.600000024
2025-08-01 09:41:39 AM,1491.1,0,0.0,63230267.600000024
2025-08-01 09:41:40 AM,1491.0,0,0.0,63230267.600000024
2025-08-01 09:41:42 AM,1491.0,126,187866.0,63418133.600000024
2025-08-01 09:41:43 AM,1491.0,7,10437.0,63428570.600000024
2025-08-01 09:41:47 AM,1490.9,0,0.0,63428570.600000024
2025-08-01 09:41:49 AM,1490.9,83,123744.70000000001,63552315.30000003
2025-08-01 09:41:55 AM,1491.0,8,11928.0,63564243.30000003
2025-08-01 09:41:56 AM,1490.9,1,1490.9,63565734.200000025
2025-08-01 09:42:01 AM,1490.9,10,14909.0,63580643.200000025
2025-08-01 09:42:08 AM,1490.0,38,56620.0,63637263.200000025
2025-08-01 09:42:08 AM,1490.1,0,0.0,63637263.200000025
2025-08-01 09:42:09 AM,1490.0,17,25330.0,63662593.200000025
2025-08-01 09:42:12 AM,1490.3,0,0.0,63662593.200000025
2025-08-01 09:42:15 AM,1490.3,79,117733.7,63780326.90000003
2025-08-01 09:42:16 AM,1490.5,329,490374.5,64270701.40000003
2025-08-01 09:42:26 AM,1490.6,0,0.0,64270701.40000003
2025-08-01 09:42:28 AM,1490.5,9,13414.5,64284115.90000003
2025-08-01 09:42:34 AM,1490.6,0,0.0,64284115.90000003
2025-08-01 09:42:35 AM,1490.6,103,153531.8,64437647.700000025
2025-08-01 09:42:38 AM,1490.5,0,0.0,64437647.700000025
2025-08-01 09:42:41 AM,1490.5,64,95392.0,64533039.700000025
2025-08-01 09:42:46 AM,1490.7,0,0.0,64533039.700000025
2025-08-01 09:42:46 AM,1490.5,0,0.0,64533039.700000025
2025-08-01 09:42:47 AM,1490.5,290,432245.0,64965284.700000025
2025-08-01 09:43:01 AM,1490.0,677,1008730.0,65974014.700000025
2025-08-01 09:43:02 AM,1489.9,0,0.0,65974014.700000025
2025-08-01 09:43:02 AM,1490.0,0,0.0,65974014.700000025
2025-08-01 09:43:06 AM,1489.9,0,0.0,65974014.700000025
2025-08-01 09:43:07 AM,1489.9,466,694293.4,66668308.100000024
2025-08-01 09:43:14 AM,1489.9,48,71515.20000000001,66739823.30000003
2025-08-01 09:43:14 AM,1489.9,18,26818.2,66766641.50000003
2025-08-01 09:43:18 AM,1489.8,0,0.0,66766641.50000003
2025-08-01 09:43:21 AM,1489.6,186,277065.6,67043707.10000003
2025-08-01 09:43:22 AM,1489.0,0,0.0,67043707.10000003
2025-08-01 09:43:26 AM,1489.4,0,0.0,67043707.10000003
2025-08-01 09:43:27 AM,1489.0,182,270998.0,67314705.10000002
2025-08-01 09:43:30 AM,1489.2,0,0.0,67314705.10000002
2025-08-01 09:43:34 AM,1489.0,0,0.0,67314705.10000002
2025-08-01 09:43:34 AM,1489.0,13,19357.0,67334062.10000002
2025-08-01 09:43:41 AM,1489.0,79,117631.0,67451693.10000002
2025-08-01 09:43:47 AM,1489.0,118,175702.0,67627395.10000002
2025-08-01 09:43:48 AM,1489.0,50,74450.0,67701845.10000002
2025-08-01 09:43:53 AM,1488.6,177,263482.2,67965327.30000003
2025-08-01 09:44:00 AM,1489.0,274,407986.0,68373313.30000003
2025-08-01 09:44:06 AM,1488.7,0,0.0,68373313.30000003
2025-08-01 09:44:06 AM,1488.7,5,7443.5,68380756.80000003
2025-08-01 09:44:11 AM,1488.6,0,0.0,68380756.80000003
2025-08-01 09:44:13 AM,1488.9,147,218868.30000000002,68599625.10000002
2025-08-01 09:44:18 AM,1489.1,0,0.0,68599625.10000002
2025-08-01 09:44:20 AM,1489.1,1832,2728031.1999999997,71327656.30000003
2025-08-01 09:44:22 AM,1489.0,0,0.0,71327656.30000003
2025-08-01 09:44:27 AM,1489.0,244,363316.0,71690972.30000003
2025-08-01 09:44:28 AM,1489.3,35,52125.5,71743097.80000003
2025-08-01 09:44:30 AM,1489.1,0,0.0,71743097.80000003
2025-08-01 09:44:32 AM,1489.3,0,0.0,71743097.80000003
2025-08-01 09:44:33 AM,1489.3,117,174248.1,71917345.90000002
2025-08-01 09:44:38 AM,1488.7,0,0.0,71917345.90000002
2025-08-01 09:44:39 AM,1489.3,102,151908.6,72069254.50000001
2025-08-01 09:44:52 AM,1489.1,10,14891.0,72084145.50000001
2025-08-01 09:44:56 AM,1489.0,0,0.0,72084145.50000001
2025-08-01 09:44:58 AM,1489.3,1363,2029915.9,74114061.40000002
2025-08-01 09:44:59 AM,1489.6,18,26812.8,74140874.20000002
2025-08-01 09:45:00 AM,1489.4,0,0.0,74140874.20000002
2025-08-01 09:45:02 AM,1489.3,0,0.0,74140874.20000002
2025-08-01 09:45:04 AM,1488.6,0,0.0,74140874.20000002
2025-08-01 09:45:05 AM,1489.1,271,403546.1,74544420.30000001
2025-08-01 09:45:07 AM,1489.2,0,0.0,74544420.30000001
2025-08-01 09:45:12 AM,1489.2,149,221890.80000000002,74766311.10000001
2025-08-01 09:45:18 AM,1488.4,0,0.0,74766311.10000001
2025-08-01 09:45:19 AM,1488.4,1209,1799475.6,76565786.7
2025-08-01 09:45:22 AM,1487.5,0,0.0,76565786.7
2025-08-01 09:45:25 AM,1488.8,2246,3343844.8,79909631.5
2025-08-01 09:45:26 AM,1487.6,0,0.0,79909631.5
2025-08-01 09:45:31 AM,1488.3,0,0.0,79909631.5
2025-08-01 09:45:31 AM,1488.3,497,739685.1,80649316.6
2025-08-01 09:45:33 AM,1488.6,1,1488.6,80650805.19999999
2025-08-01 09:45:35 AM,1487.8,0,0.0,80650805.19999999
2025-08-01 09:45:38 AM,1488.4,15,22326.0,80673131.19999999
2025-08-01 09:45:42 AM,1487.8,0,0.0,80673131.19999999
2025-08-01 09:45:44 AM,1487.8,570,848046.0,81521177.19999999
2025-08-01 09:45:46 AM,1490.1,0,0.0,81521177.19999999
2025-08-01 09:45:50 AM,1489.0,0,0.0,81521177.19999999
2025-08-01 09:45:51 AM,1489.0,5131,7640059.0,89161236.19999999
2025-08-01 09:45:57 AM,1489.6,615,916104.0,90077340.19999999
2025-08-01 09:46:00 AM,1489.5,0,0.0,90077340.19999999
2025-08-01 09:46:00 AM,1489.5,80,119160.0,90196500.19999999
2025-08-01 09:46:04 AM,1491.1,0,0.0,90196500.19999999
2025-08-01 09:46:05 AM,1491.1,2000,2982200.0,93178700.19999999
2025-08-01 09:46:06 AM,1489.4,0,0.0,93178700.19999999
2025-08-01 09:46:06 AM,1489.4,224,333625.60000000003,93512325.79999998
2025-08-01 09:46:14 AM,1489.5,50,74475.0,93586800.79999998
2025-08-01 09:46:22 AM,1489.5,47,70006.5,93656807.29999998
2025-08-01 09:46:23 AM,1490.3,0,0.0,93656807.29999998
2025-08-01 09:46:24 AM,1490.3,2,2980.6,93659787.89999998
2025-08-01 09:46:29 AM,1489.9,0,0.0,93659787.89999998
2025-08-01 09:46:30 AM,1489.9,16,23838.4,93683626.29999998
2025-08-01 09:46:32 AM,1489.6,0,0.0,93683626.29999998
2025-08-01 09:46:33 AM,1489.6,25,37240.0,93720866.29999998
2025-08-01 09:46:42 AM,1491.0,0,0.0,93720866.29999998
2025-08-01 09:46:43 AM,1491.0,177,263907.0,93984773.29999998
2025-08-01 09:46:43 AM,1492.3,3,4476.9,93989250.19999999
2025-08-01 09:46:51 AM,1492.1,0,0.0,93989250.19999999
2025-08-01 09:46:52 AM,1492.2,0,0.0,93989250.19999999
2025-08-01 09:46:52 AM,1492.2,18,26859.600000000002,94016109.79999998
2025-08-01 09:46:54 AM,1493.0,925,1381025.0,95397134.79999998
2025-08-01 09:46:55 AM,1491.9,0,0.0,95397134.79999998
2025-08-01 09:46:56 AM,1491.9,140,208866.0,95606000.79999998
2025-08-01 09:46:57 AM,1493.0,147,219471.0,95825471.79999998
2025-08-01 09:47:00 AM,1493.0,1,1493.0,95826964.79999998
2025-08-01 09:47:02 AM,1492.7,26,38810.200000000004,95865774.99999999
2025-08-01 09:47:09 AM,1492.3,0,0.0,95865774.99999999
2025-08-01 09:47:10 AM,1492.3,14,20892.2,95886667.19999999
2025-08-01 09:47:10 AM,1491.4,0,0.0,95886667.19999999
2025-08-01 09:47:11 AM,1491.4,282,420574.80000000005,96307241.99999999
2025-08-01 09:47:11 AM,1491.9,55,82054.5,96389296.49999999
2025-08-01 09:47:15 AM,1491.9,16,23870.4,96413166.89999999
2025-08-01 09:47:15 AM,1492.2,0,0.0,96413166.89999999
2025-08-01 09:47:16 AM,1492.2,28,41781.6,96454948.49999999
2025-08-01 09:47:31 AM,1491.6,0,0.0,96454948.49999999
2025-08-01 09:47:32 AM,1491.6,473,705526.7999999999,97160475.29999998
2025-08-01 09:47:32 AM,1491.6,58,86512.79999999999,97246988.09999998
2025-08-01 09:47:37 AM,1492.2,43,64164.6,97311152.69999997
2025-08-01 09:47:41 AM,1492.7,0,0.0,97311152.69999997
2025-08-01 09:47:42 AM,1492.7,6,8956.2,97320108.89999998
2025-08-01 09:47:43 AM,1492.5,0,0.0,97320108.89999998
2025-08-01 09:47:44 AM,1492.5,100,149250.0,97469358.89999998
2025-08-01 09:47:48 AM,1492.2,0,0.0,97469358.89999998
2025-08-01 09:47:49 AM,1492.2,244,364096.8,97833455.69999997
2025-08-01 09:47:50 AM,1492.3,0,0.0,97833455.69999997
2025-08-01 09:47:51 AM,1492.7,0,0.0,97833455.69999997
2025-08-01 09:47:51 AM,1492.7,99,147777.30000000002,97981232.99999997
2025-08-01 09:47:52 AM,1492.1,52,77589.2,98058822.19999997
2025-08-01 09:48:00 AM,1492.1,15,22381.5,98081203.69999997
2025-08-01 09:48:01 AM,1492.1,62,92510.2,98173713.89999998
2025-08-01 09:48:04 AM,1491.3,1,1491.3,98175205.19999997
2025-08-01 09:48:08 AM,1491.9,0,0.0,98175205.19999997
2025-08-01 09:48:08 AM,1491.9,37,55200.3,98230405.49999997
2025-08-01 09:48:21 AM,1491.9,32,47740.8,98278146.29999997
2025-08-01 09:48:24 AM,1492.0,30,44760.0,98322906.29999997
2025-08-01 09:48:31 AM,1491.9,0,0.0,98322906.29999997
2025-08-01 09:48:31 AM,1491.9,2,2983.8,98325890.09999996
2025-08-01 09:48:32 AM,1492.0,0,0.0,98325890.09999996
2025-08-01 09:48:33 AM,1492.0,10,14920.0,98340810.09999996
2025-08-01 09:48:33 AM,1492.5,50,74625.0,98415435.09999996
2025-08-01 09:48:37 AM,1492.5,1,1492.5,98416927.59999996
2025-08-01 09:48:39 AM,1492.5,5,7462.5,98424390.09999996
2025-08-01 09:48:51 AM,1492.0,0,0.0,98424390.09999996
2025-08-01 09:48:52 AM,1492.0,2,2984.0,98427374.09999996
2025-08-01 09:48:53 AM,1492.1,0,0.0,98427374.09999996
2025-08-01 09:48:54 AM,1492.0,99,147708.0,98575082.09999996
2025-08-01 09:49:03 AM,1492.0,2,2984.0,98578066.09999996
2025-08-01 09:49:10 AM,1491.5,15,22372.5,98600438.59999996
2025-08-01 09:49:10 AM,1491.9,0,0.0,98600438.59999996
2025-08-01 09:49:11 AM,1491.8,35,52213.0,98652651.59999996
2025-08-01 09:49:17 AM,1491.9,0,0.0,98652651.59999996
2025-08-01 09:49:18 AM,1491.9,8,11935.2,98664586.79999997
2025-08-01 09:49:23 AM,1492.0,0,0.0,98664586.79999997
2025-08-01 09:49:24 AM,1492.0,100,149200.0,98813786.79999997
2025-08-01 09:49:24 AM,1491.6,57,85021.2,98898807.99999997
2025-08-01 09:49:28 AM,1491.6,1,1491.6,98900299.59999996
2025-08-01 09:49:32 AM,1491.7,18,26850.600000000002,98927150.19999996
2025-08-01 09:49:38 AM,1491.9,0,0.0,98927150.19999996
2025-08-01 09:49:39 AM,1491.9,34,50724.600000000006,98977874.79999995
2025-08-01 09:49:40 AM,1491.1,0,0.0,98977874.79999995
2025-08-01 09:49:41 AM,1491.1,41,61135.1,99039009.89999995
2025-08-01 09:49:54 AM,1491.1,2,2982.2,99041992.09999995
2025-08-01 09:49:59 AM,1491.1,15,22366.5,99064358.59999995
2025-08-01 09:50:01 AM,1491.1,16,23857.6,99088216.19999994
2025-08-01 09:50:03 AM,1491.2,1,1491.2,99089707.39999995
2025-08-01 09:50:07 AM,1491.5,1,1491.5,99091198.89999995
2025-08-01 09:50:11 AM,1491.2,2,2982.4,99094181.29999995
2025-08-01 09:50:16 AM,1491.6,221,329643.6,99423824.89999995
2025-08-01 09:50:22 AM,1492.0,0,0.0,99423824.89999995
2025-08-01 09:50:22 AM,1492.0,2,2984.0,99426808.89999995
2025-08-01 09:50:24 AM,1492.1,0,0.0,99426808.89999995
2025-08-01 09:50:25 AM,1492.1,30,44763.0,99471571.89999995
2025-08-01 09:50:28 AM,1491.6,4,5966.4,99477538.29999995
2025-08-01 09:50:29 AM,1491.6,3,4474.799999999999,99482013.09999995
2025-08-01 09:50:33 AM,1491.6,16,23865.6,99505878.69999994
2025-08-01 09:50:33 AM,1491.7,0,0.0,99505878.69999994
2025-08-01 09:50:34 AM,1491.7,2,2983.4,99508862.09999995
2025-08-01 09:50:35 AM,1491.6,0,0.0,99508862.09999995
2025-08-01 09:50:36 AM,1491.6,5,7458.0,99516320.09999995
2025-08-01 09:50:41 AM,1492.2,4,5968.8,99522288.89999995
2025-08-01 09:50:42 AM,1491.6,28,41764.799999999996,99564053.69999994
2025-08-01 09:50:44 AM,1491.6,2,2983.2,99567036.89999995
2025-08-01 09:50:45 AM,1491.6,7,10441.199999999999,99577478.09999995
2025-08-01 09:50:47 AM,1491.6,50,74580.0,99652058.09999995
2025-08-01 09:50:48 AM,1491.6,12,17899.199999999997,99669957.29999995
2025-08-01 09:50:52 AM,1491.6,2,2983.2,99672940.49999996
2025-08-01 09:50:55 AM,1491.6,1,1491.6,99674432.09999995
2025-08-01 09:51:02 AM,1491.7,0,0.0,99674432.09999995
2025-08-01 09:51:03 AM,1491.7,55,82043.5,99756475.59999995
2025-08-01 09:51:04 AM,1492.3,0,0.0,99756475.59999995
2025-08-01 09:51:05 AM,1492.9,479,715099.1000000001,100471574.69999994
2025-08-01 09:51:05 AM,1492.6,0,0.0,100471574.69999994
2025-08-01 09:51:08 AM,1492.3,0,0.0,100471574.69999994
2025-08-01 09:51:09 AM,1492.8,195,291096.0,100762670.69999994
2025-08-01 09:51:12 AM,1492.7,0,0.0,100762670.69999994
2025-08-01 09:51:15 AM,1492.7,32,47766.4,100810437.09999995
2025-08-01 09:51:17 AM,1492.8,10,14928.0,100825365.09999995
2025-08-01 09:51:20 AM,1492.7,0,0.0,100825365.09999995
2025-08-01 09:51:21 AM,1492.9,0,0.0,100825365.09999995
2025-08-01 09:51:22 AM,1492.9,54,80616.6,100905981.69999994
2025-08-01 09:51:27 AM,1493.1,0,0.0,100905981.69999994
2025-08-01 09:51:28 AM,1493.1,19,28368.899999999998,100934350.59999995
2025-08-01 09:51:28 AM,1493.7,0,0.0,100934350.59999995
2025-08-01 09:51:30 AM,1493.7,71,106052.7,101040403.29999995
2025-08-01 09:51:31 AM,1493.0,0,0.0,101040403.29999995
2025-08-01 09:51:33 AM,1492.7,0,0.0,101040403.29999995
2025-08-01 09:51:34 AM,1492.7,72,107474.40000000001,101147877.69999996
2025-08-01 09:51:37 AM,1492.6,0,0.0,101147877.69999996
2025-08-01 09:51:41 AM,1492.6,12,17911.199999999997,101165788.89999996
2025-08-01 09:51:41 AM,1492.3,0,0.0,101165788.89999996
2025-08-01 09:51:43 AM,1492.3,17,25369.1,101191157.99999996
2025-08-01 09:51:45 AM,1492.0,0,0.0,101191157.99999996
2025-08-01 09:51:47 AM,1492.0,27,40284.0,101231441.99999996
2025-08-01 09:51:49 AM,1492.4,5,7462.0,101238903.99999996
2025-08-01 09:51:50 AM,1492.0,0,0.0,101238903.99999996
2025-08-01 09:51:51 AM,1492.1,0,0.0,101238903.99999996
2025-08-01 09:51:53 AM,1492.1,58,86541.79999999999,101325445.79999995
2025-08-01 09:51:59 AM,1492.0,14,20888.0,101346333.79999995
2025-08-01 09:52:03 AM,1492.0,93,138756.0,101485089.79999995
2025-08-01 09:52:04 AM,1491.6,23,34306.799999999996,101519396.59999995
2025-08-01 09:52:05 AM,1491.6,16,23865.6,101543262.19999994
2025-08-01 09:52:06 AM,1492.3,1,1492.3,101544754.49999994
2025-08-01 09:52:08 AM,1492.2,1,1492.2,101546246.69999994
2025-08-01 09:52:12 AM,1491.6,5,7458.0,101553704.69999994
2025-08-01 09:52:15 AM,1491.6,100,149160.0,101702864.69999994
2025-08-01 09:52:16 AM,1491.5,0,0.0,101702864.69999994
2025-08-01 09:52:16 AM,1491.2,1551,2312851.2,104015715.89999995
2025-08-01 09:52:17 AM,1491.7,0,0.0,104015715.89999995
2025-08-01 09:52:17 AM,1491.7,50,74585.0,104090300.89999995
2025-08-01 09:52:18 AM,1491.1,206,307166.6,104397467.49999994
2025-08-01 09:52:19 AM,1490.8,445,663406.0,105060873.49999994
2025-08-01 09:52:20 AM,1490.7,50,74535.0,105135408.49999994
2025-08-01 09:52:22 AM,1491.4,2,2982.8,105138391.29999994
2025-08-01 09:52:23 AM,1490.9,0,0.0,105138391.29999994
2025-08-01 09:52:24 AM,1490.9,13,19381.7,105157772.99999994
2025-08-01 09:52:27 AM,1491.4,30,44742.0,105202514.99999994
2025-08-01 09:52:28 AM,1491.2,0,0.0,105202514.99999994
2025-08-01 09:52:29 AM,1491.2,8,11929.6,105214444.59999993
2025-08-01 09:52:34 AM,1491.7,0,0.0,105214444.59999993
2025-08-01 09:52:35 AM,1492.1,46,68636.59999999999,105283081.19999993
2025-08-01 09:52:35 AM,1492.4,0,0.0,105283081.19999993
2025-08-01 09:52:36 AM,1492.4,118,176103.2,105459184.39999993
2025-08-01 09:52:45 AM,1491.3,0,0.0,105459184.39999993
2025-08-01 09:52:46 AM,1491.3,1,1491.3,105460675.69999993
2025-08-01 09:52:47 AM,1491.3,27,40265.1,105500940.79999992
2025-08-01 09:52:51 AM,1491.3,5,7456.5,105508397.29999992
2025-08-01 09:52:55 AM,1491.4,16,23862.4,105532259.69999993
2025-08-01 09:52:56 AM,1491.5,0,0.0,105532259.69999993
2025-08-01 09:52:56 AM,1491.4,21,31319.4,105563579.09999993
2025-08-01 09:53:00 AM,1491.4,1,1491.4,105565070.49999994
2025-08-01 09:53:01 AM,1491.9,0,0.0,105565070.49999994
2025-08-01 09:53:01 AM,1492.0,5,7460.0,105572530.49999994
2025-08-01 09:53:05 AM,1492.6,2,2985.2,105575515.69999994
2025-08-01 09:53:09 AM,1491.9,0,0.0,105575515.69999994
2025-08-01 09:53:10 AM,1491.9,1,1491.9,105577007.59999995
2025-08-01 09:53:10 AM,1491.4,0,0.0,105577007.59999995
2025-08-01 09:53:11 AM,1491.4,1,1491.4,105578498.99999996
2025-08-01 09:53:12 AM,1492.0,10,14920.0,105593418.99999996
2025-08-01 09:53:13 AM,1491.4,0,0.0,105593418.99999996
2025-08-01 09:53:14 AM,1491.4,3,4474.200000000001,105597893.19999996
2025-08-01 09:53:25 AM,1491.4,16,23862.4,105621755.59999996
2025-08-01 09:53:28 AM,1491.6,25,37290.0,105659045.59999996
2025-08-01 09:53:29 AM,1491.4,0,0.0,105659045.59999996
2025-08-01 09:53:29 AM,1491.4,4,5965.6,105665011.19999996
2025-08-01 09:53:33 AM,1491.4,6,8948.400000000001,105673959.59999996
2025-08-01 09:53:33 AM,1491.5,0,0.0,105673959.59999996
2025-08-01 09:53:34 AM,1491.5,1,1491.5,105675451.09999996
2025-08-01 09:53:34 AM,1491.4,0,0.0,105675451.09999996
2025-08-01 09:53:35 AM,1491.4,17,25353.800000000003,105700804.89999996
2025-08-01 09:53:37 AM,1491.4,3,4474.200000000001,105705279.09999996
2025-08-01 09:53:39 AM,1491.3,91,135708.3,105840987.39999996
2025-08-01 09:53:39 AM,1490.0,0,0.0,105840987.39999996
2025-08-01 09:53:40 AM,1490.0,52,77480.0,105918467.39999996
2025-08-01 09:53:54 AM,1490.2,35,52157.0,105970624.39999996
2025-08-01 09:53:55 AM,1490.8,0,0.0,105970624.39999996
2025-08-01 09:53:55 AM,1490.8,30,44724.0,106015348.39999996
2025-08-01 09:53:55 AM,1490.7,0,0.0,106015348.39999996
2025-08-01 09:53:56 AM,1490.7,4,5962.8,106021311.19999996
2025-08-01 09:53:58 AM,1490.2,0,0.0,106021311.19999996
2025-08-01 09:53:58 AM,1490.2,10,14902.0,106036213.19999996
2025-08-01 09:54:04 AM,1490.7,1,1490.7,106037703.89999996
2025-08-01 09:54:05 AM,1490.7,2,2981.4,106040685.29999997
2025-08-01 09:54:07 AM,1490.6,0,0.0,106040685.29999997
2025-08-01 09:54:08 AM,1490.6,2,2981.2,106043666.49999997
2025-08-01 09:54:08 AM,1490.6,3,4471.799999999999,106048138.29999997
2025-08-01 09:54:10 AM,1490.2,2,2980.4,106051118.69999997
2025-08-01 09:54:10 AM,1490.2,6,8941.2,106060059.89999998
2025-08-01 09:54:12 AM,1490.7,0,0.0,106060059.89999998
2025-08-01 09:54:12 AM,1490.7,14,20869.8,106080929.69999997
2025-08-01 09:54:22 AM,1490.0,5,7450.0,106088379.69999997
2025-08-01 09:54:25 AM,1490.3,21,31296.3,106119675.99999997
2025-08-01 09:54:26 AM,1490.0,0,0.0,106119675.99999997
2025-08-01 09:54:27 AM,1490.0,6,8940.0,106128615.99999997
2025-08-01 09:54:27 AM,1490.7,0,0.0,106128615.99999997
2025-08-01 09:54:28 AM,1490.7,250,372675.0,106501290.99999997
2025-08-01 09:54:28 AM,1490.6,0,0.0,106501290.99999997
2025-08-01 09:54:29 AM,1490.6,6,8943.599999999999,106510234.59999996
2025-08-01 09:54:29 AM,1490.0,0,0.0,106510234.59999996
2025-08-01 09:54:30 AM,1490.0,64,95360.0,106605594.59999996
2025-08-01 09:54:31 AM,1490.0,47,70030.0,106675624.59999996
2025-08-01 09:54:33 AM,1490.1,0,0.0,106675624.59999996
2025-08-01 09:54:33 AM,1490.1,12,17881.199999999997,106693505.79999997
2025-08-01 09:54:36 AM,1490.2,2,2980.4,106696486.19999997
2025-08-01 09:54:40 AM,1490.5,0,0.0,106696486.19999997
2025-08-01 09:54:41 AM,1490.5,1,1490.5,106697976.69999997
2025-08-01 09:54:42 AM,1490.1,0,0.0,106697976.69999997
2025-08-01 09:54:43 AM,1490.1,14,20861.399999999998,106718838.09999998
2025-08-01 09:54:43 AM,1490.0,15,22350.0,106741188.09999998
2025-08-01 09:54:44 AM,1490.0,1,1490.0,106742678.09999998
2025-08-01 09:54:47 AM,1490.0,7,10430.0,106753108.09999998
2025-08-01 09:54:47 AM,1490.0,2,2980.0,106756088.09999998
2025-08-01 09:54:50 AM,1490.0,1,1490.0,106757578.09999998
2025-08-01 09:54:53 AM,1490.0,7,10430.0,106768008.09999998
2025-08-01 09:54:55 AM,1490.0,17,25330.0,106793338.09999998
2025-08-01 09:54:57 AM,1490.0,4,5960.0,106799298.09999998
2025-08-01 09:54:58 AM,1490.4,4,5961.6,106805259.69999997
2025-08-01 09:54:59 AM,1490.0,1,1490.0,106806749.69999997
2025-08-01 09:55:06 AM,1490.4,0,0.0,106806749.69999997
2025-08-01 09:55:08 AM,1490.4,2,2980.8,106809730.49999997
2025-08-01 09:55:12 AM,1490.0,0,0.0,106809730.49999997
2025-08-01 09:55:14 AM,1490.0,66,98340.0,106908070.49999997
2025-08-01 09:55:20 AM,1489.7,4114,6128625.8,113036696.29999997
2025-08-01 09:55:22 AM,1489.3,0,0.0,113036696.29999997
2025-08-01 09:55:22 AM,1489.3,49,72975.7,113109671.99999997
2025-08-01 09:55:25 AM,1489.4,0,0.0,113109671.99999997
2025-08-01 09:55:26 AM,1489.4,630,938322.0,114047993.99999997
2025-08-01 09:55:28 AM,1489.1,1047,1559087.7,115607081.69999997
2025-08-01 09:55:29 AM,1488.3,0,0.0,115607081.69999997
2025-08-01 09:55:32 AM,1488.3,133,197943.9,115805025.59999998
2025-08-01 09:55:33 AM,1489.2,0,0.0,115805025.59999998
2025-08-01 09:55:34 AM,1489.2,124,184660.80000000002,115989686.39999998
2025-08-01 09:55:37 AM,1489.0,0,0.0,115989686.39999998
2025-08-01 09:55:38 AM,1489.0,45,67005.0,116056691.39999998
2025-08-01 09:55:44 AM,1488.9,21,31266.9,116087958.29999998
2025-08-01 09:55:45 AM,1488.9,15,22333.5,116110291.79999998
2025-08-01 09:55:48 AM,1489.5,0,0.0,116110291.79999998
2025-08-01 09:55:51 AM,1489.0,0,0.0,116110291.79999998
2025-08-01 09:55:51 AM,1489.0,96,142944.0,116253235.79999998
2025-08-01 09:56:02 AM,1488.4,0,0.0,116253235.79999998
2025-08-01 09:56:03 AM,1488.4,20,29768.0,116283003.79999998
2025-08-01 09:56:04 AM,1488.4,2,2976.8,116285980.59999998
2025-08-01 09:56:05 AM,1488.3,0,0.0,116285980.59999998
2025-08-01 09:56:08 AM,1488.4,0,0.0,116285980.59999998
2025-08-01 09:56:09 AM,1488.4,33,49117.200000000004,116335097.79999998
2025-08-01 09:56:15 AM,1488.4,3,4465.200000000001,116339562.99999999
2025-08-01 09:56:21 AM,1488.8,0,0.0,116339562.99999999
2025-08-01 09:56:21 AM,1488.8,72,107193.59999999999,116446756.59999998
2025-08-01 09:56:27 AM,1488.1,0,0.0,116446756.59999998
2025-08-01 09:56:27 AM,1488.1,34,50595.399999999994,116497351.99999999
2025-08-01 09:56:29 AM,1488.2,0,0.0,116497351.99999999
2025-08-01 09:56:32 AM,1488.2,6,8929.2,116506281.19999999
2025-08-01 09:56:33 AM,1488.8,52,77417.59999999999,116583698.79999998
2025-08-01 09:56:35 AM,1488.2,0,0.0,116583698.79999998
2025-08-01 09:56:36 AM,1488.1,0,0.0,116583698.79999998
2025-08-01 09:56:38 AM,1488.0,0,0.0,116583698.79999998
2025-08-01 09:56:38 AM,1488.0,1114,1657632.0,118241330.79999998
2025-08-01 09:56:39 AM,1488.1,0,0.0,118241330.79999998
2025-08-01 09:56:39 AM,1488.1,66,98214.59999999999,118339545.39999998
2025-08-01 09:56:41 AM,1487.8,0,0.0,118339545.39999998
2025-08-01 09:56:45 AM,1487.8,808,1202142.4,119541687.79999998
2025-08-01 09:56:48 AM,1488.0,0,0.0,119541687.79999998
2025-08-01 09:56:51 AM,1488.2,237,352703.4,119894391.19999999
2025-08-01 09:56:56 AM,1488.0,0,0.0,119894391.19999999
2025-08-01 09:56:57 AM,1488.0,27,40176.0,119934567.19999999
2025-08-01 09:57:00 AM,1487.0,0,0.0,119934567.19999999
2025-08-01 09:57:02 AM,1487.5,860,1279250.0,121213817.19999999
2025-08-01 09:57:04 AM,1488.1,0,0.0,121213817.19999999
2025-08-01 09:57:04 AM,1488.1,17,25297.699999999997,121239114.89999999
2025-08-01 09:57:08 AM,1488.0,0,0.0,121239114.89999999
2025-08-01 09:57:08 AM,1488.0,157,233616.0,121472730.89999999
2025-08-01 09:57:10 AM,1487.2,164,243900.80000000002,121716631.69999999
2025-08-01 09:57:14 AM,1487.2,43,63949.6,121780581.29999998
2025-08-01 09:57:16 AM,1487.6,0,0.0,121780581.29999998
2025-08-01 09:57:16 AM,1487.6,22,32727.199999999997,121813308.49999999
2025-08-01 09:57:20 AM,1487.2,0,0.0,121813308.49999999
2025-08-01 09:57:20 AM,1487.2,144,214156.80000000002,122027465.29999998
2025-08-01 09:57:24 AM,1487.8,0,0.0,122027465.29999998
2025-08-01 09:57:26 AM,1487.8,47,69926.59999999999,122097391.89999998
2025-08-01 09:57:28 AM,1487.6,0,0.0,122097391.89999998
2025-08-01 09:57:28 AM,1487.6,39,58016.399999999994,122155408.29999998
2025-08-01 09:57:32 AM,1487.5,0,0.0,122155408.29999998
2025-08-01 09:57:34 AM,1487.2,91,135335.2,122290743.49999999
2025-08-01 09:57:36 AM,1487.3,0,0.0,122290743.49999999
2025-08-01 09:57:36 AM,1487.2,0,0.0,122290743.49999999
2025-08-01 09:57:37 AM,1487.2,19,28256.8,122319000.29999998
2025-08-01 09:57:40 AM,1487.3,0,0.0,122319000.29999998
2025-08-01 09:57:40 AM,1487.3,359,533940.7,122852940.99999999
2025-08-01 09:57:43 AM,1486.9,79,117465.1,122970406.09999998
2025-08-01 09:57:44 AM,1487.3,0,0.0,122970406.09999998
2025-08-01 09:57:44 AM,1486.8,0,0.0,122970406.09999998
2025-08-01 09:57:46 AM,1486.8,6,8920.8,122979326.89999998
2025-08-01 09:57:50 AM,1487.6,351,522147.6,123501474.49999997
2025-08-01 09:58:00 AM,1487.4,0,0.0,123501474.49999997
2025-08-01 09:58:02 AM,1487.4,7,10411.800000000001,123511886.29999997
2025-08-01 09:58:04 AM,1487.0,0,0.0,123511886.29999997
2025-08-01 09:58:04 AM,1486.5,89,132298.5,123644184.79999997
2025-08-01 09:58:08 AM,1486.5,24,35676.0,123679860.79999997
2025-08-01 09:58:11 AM,1486.6,2,2973.2,123682833.99999997
2025-08-01 09:58:13 AM,1486.9,0,0.0,123682833.99999997
2025-08-01 09:58:14 AM,1486.9,10,14869.0,123697702.99999997
2025-08-01 09:58:17 AM,1486.3,0,0.0,123697702.99999997
2025-08-01 09:58:17 AM,1486.3,11,16349.3,123714052.29999997
2025-08-01 09:58:20 AM,1486.6,58,86222.79999999999,123800275.09999996
2025-08-01 09:58:23 AM,1486.2,1,1486.2,123801761.29999997
2025-08-01 09:58:26 AM,1486.2,1,1486.2,123803247.49999997
2025-08-01 09:58:29 AM,1486.6,0,0.0,123803247.49999997
2025-08-01 09:58:29 AM,1486.6,6,8919.599999999999,123812167.09999996
2025-08-01 09:58:32 AM,1486.6,10,14866.0,123827033.09999996
2025-08-01 09:58:33 AM,1486.8,0,0.0,123827033.09999996
2025-08-01 09:58:35 AM,1486.7,118,175430.6,124002463.69999996
2025-08-01 09:58:37 AM,1486.4,0,0.0,124002463.69999996
2025-08-01 09:58:38 AM,1486.4,571,848734.4,124851198.09999996
2025-08-01 09:58:41 AM,1486.6,0,0.0,124851198.09999996
2025-08-01 09:58:41 AM,1486.6,8,11892.8,124863090.89999996
2025-08-01 09:58:44 AM,1486.6,79,117441.4,124980532.29999997
2025-08-01 09:58:47 AM,1486.6,1,1486.6,124982018.89999996
2025-08-01 09:58:50 AM,1486.7,6,8920.2,124990939.09999996
2025-08-01 09:58:53 AM,1486.6,0,0.0,124990939.09999996
2025-08-01 09:58:53 AM,1486.6,8,11892.8,125002831.89999996
2025-08-01 09:58:56 AM,1486.6,14,20812.399999999998,125023644.29999997
2025-08-01 09:59:05 AM,1486.4,0,0.0,125023644.29999997
2025-08-01 09:59:05 AM,1486.4,5,7432.0,125031076.29999997
2025-08-01 09:59:09 AM,1486.6,22,32705.199999999997,125063781.49999997
2025-08-01 09:59:19 AM,1486.2,0,0.0,125063781.49999997
2025-08-01 09:59:21 AM,1486.1,6,8916.599999999999,125072698.09999996
2025-08-01 09:59:23 AM,1486.3,0,0.0,125072698.09999996
2025-08-01 09:59:24 AM,1486.6,61,90682.59999999999,125163380.69999996
2025-08-01 09:59:27 AM,1486.4,0,0.0,125163380.69999996
2025-08-01 09:59:28 AM,1486.4,81,120398.40000000001,125283779.09999996
2025-08-01 09:59:31 AM,1486.2,0,0.0,125283779.09999996
2025-08-01 09:59:34 AM,1486.2,95,141189.0,125424968.09999996
2025-08-01 09:59:35 AM,1486.5,0,0.0,125424968.09999996
2025-08-01 09:59:37 AM,1486.4,51,75806.40000000001,125500774.49999997
2025-08-01 09:59:39 AM,1486.8,0,0.0,125500774.49999997
2025-08-01 09:59:40 AM,1486.8,35,52038.0,125552812.49999997
2025-08-01 09:59:53 AM,1486.8,7,10407.6,125563220.09999996
2025-08-01 10:00:01 AM,1486.6,0,0.0,125563220.09999996
2025-08-01 10:00:01 AM,1486.7,8,11893.6,125575113.69999996
2025-08-01 10:00:05 AM,1486.7,12,17840.4,125592954.09999996
2025-08-01 10:00:08 AM,1486.7,551,819171.7000000001,126412125.79999997
2025-08-01 10:00:11 AM,1485.4,1469,2182052.6,128594178.39999996
2025-08-01 10:00:18 AM,1485.2,1904,2827820.8000000003,131421999.19999996
2025-08-01 10:00:20 AM,1485.0,0,0.0,131421999.19999996
2025-08-01 10:00:21 AM,1485.9,142,210997.80000000002,131632996.99999996
2025-08-01 10:00:24 AM,1484.6,696,1033281.6,132666278.59999995
2025-08-01 10:00:26 AM,1485.2,0,0.0,132666278.59999995
2025-08-01 10:00:27 AM,1485.2,47,69804.40000000001,132736082.99999996
2025-08-01 10:00:30 AM,1485.0,177,262845.0,132998927.99999996
2025-08-01 10:00:31 AM,1485.8,0,0.0,132998927.99999996
2025-08-01 10:00:33 AM,1485.0,54,80190.0,133079117.99999996
2025-08-01 10:00:36 AM,1485.0,22,32670.0,133111787.99999996
2025-08-01 10:00:38 AM,1485.4,0,0.0,133111787.99999996
2025-08-01 10:00:40 AM,1485.4,4,5941.6,133117729.59999995
2025-08-01 10:00:43 AM,1485.2,0,0.0,133117729.59999995
2025-08-01 10:00:46 AM,1485.2,30,44556.0,133162285.59999995
2025-08-01 10:00:49 AM,1485.2,10,14852.0,133177137.59999995
2025-08-01 10:00:52 AM,1485.0,20,29700.0,133206837.59999995
2025-08-01 10:00:55 AM,1485.0,4,5940.0,133212777.59999995
2025-08-01 10:00:59 AM,1485.0,11,16335.0,133229112.59999995
2025-08-01 10:01:02 AM,1485.1,16,23761.6,133252874.19999994
2025-08-01 10:01:05 AM,1486.0,71,105506.0,133358380.19999994
2025-08-01 10:01:08 AM,1485.9,92,136702.80000000002,133495082.99999994
2025-08-01 10:01:11 AM,1486.0,897,1332942.0,134828024.99999994
2025-08-01 10:01:13 AM,1485.9,0,0.0,134828024.99999994
2025-08-01 10:01:14 AM,1485.7,192,285254.4,135113279.39999995
2025-08-01 10:01:17 AM,1485.9,0,0.0,135113279.39999995
2025-08-01 10:01:18 AM,1486.1,0,0.0,135113279.39999995
2025-08-01 10:01:18 AM,1486.1,156,231831.59999999998,135345110.99999994
2025-08-01 10:01:21 AM,1485.4,0,0.0,135345110.99999994
2025-08-01 10:01:21 AM,1485.4,29,43076.600000000006,135388187.59999993
2025-08-01 10:01:22 AM,1486.1,0,0.0,135388187.59999993
2025-08-01 10:01:24 AM,1486.0,163,242218.0,135630405.59999993
2025-08-01 10:01:27 AM,1485.4,23,34164.200000000004,135664569.79999992
2025-08-01 10:01:29 AM,1486.3,0,0.0,135664569.79999992
2025-08-01 10:01:30 AM,1486.1,0,0.0,135664569.79999992
2025-08-01 10:01:30 AM,1486.2,263,390870.60000000003,136055440.39999992
2025-08-01 10:01:32 AM,1486.3,31,46075.299999999996,136101515.69999993
2025-08-01 10:01:36 AM,1486.7,1,1486.7,136103002.39999992
2025-08-01 10:01:42 AM,1487.1,0,0.0,136103002.39999992
2025-08-01 10:01:42 AM,1487.1,340,505613.99999999994,136608616.39999992
2025-08-01 10:01:45 AM,1486.8,122,181389.6,136790005.9999999
2025-08-01 10:01:46 AM,1487.5,0,0.0,136790005.9999999
2025-08-01 10:01:47 AM,1486.8,0,0.0,136790005.9999999
2025-08-01 10:01:49 AM,1486.9,119,176941.1,136966947.0999999
2025-08-01 10:01:54 AM,1487.1,0,0.0,136966947.0999999
2025-08-01 10:01:57 AM,1487.4,27,40159.8,137007106.89999992
2025-08-01 10:02:00 AM,1486.9,54,80292.6,137087399.4999999
2025-08-01 10:02:01 AM,1487.5,0,0.0,137087399.4999999
2025-08-01 10:02:01 AM,1487.5,2,2975.0,137090374.4999999
2025-08-01 10:02:02 AM,1487.5,2,2975.0,137093349.4999999
2025-08-01 10:02:03 AM,1487.0,24,35688.0,137129037.4999999
2025-08-01 10:02:04 AM,1487.5,0,0.0,137129037.4999999
2025-08-01 10:02:04 AM,1487.5,8,11900.0,137140937.4999999
2025-08-01 10:02:06 AM,1488.0,0,0.0,137140937.4999999
2025-08-01 10:02:06 AM,1488.0,2,2976.0,137143913.4999999
2025-08-01 10:02:08 AM,1487.0,23,34201.0,137178114.4999999
2025-08-01 10:02:14 AM,1487.1,16,23793.6,137201908.0999999
2025-08-01 10:02:16 AM,1487.1,16,23793.6,137225701.6999999
2025-08-01 10:02:18 AM,1487.1,461,685553.1,137911254.7999999
2025-08-01 10:02:18 AM,1487.0,0,0.0,137911254.7999999
2025-08-01 10:02:18 AM,1487.0,83,123421.0,138034675.7999999
2025-08-01 10:02:19 AM,1487.1,500,743550.0,138778225.7999999
2025-08-01 10:02:20 AM,1487.3,0,0.0,138778225.7999999
2025-08-01 10:02:20 AM,1487.3,1,1487.3,138779713.0999999
2025-08-01 10:02:21 AM,1487.3,59,87750.7,138867463.7999999
2025-08-01 10:02:22 AM,1486.9,65,96648.5,138964112.2999999
2025-08-01 10:02:24 AM,1487.5,30,44625.0,139008737.2999999
2025-08-01 10:02:24 AM,1488.2,0,0.0,139008737.2999999
2025-08-01 10:02:24 AM,1488.2,95,141379.0,139150116.2999999
2025-08-01 10:02:25 AM,1488.5,0,0.0,139150116.2999999
2025-08-01 10:02:25 AM,1488.5,65,96752.5,139246868.7999999
2025-08-01 10:02:26 AM,1488.6,0,0.0,139246868.7999999
2025-08-01 10:02:26 AM,1489.0,0,0.0,139246868.7999999
2025-08-01 10:02:26 AM,1489.0,28,41692.0,139288560.7999999
2025-08-01 10:02:27 AM,1489.1,1,1489.1,139290049.8999999
2025-08-01 10:02:28 AM,1489.8,89,132592.19999999998,139422642.09999987
2025-08-01 10:02:35 AM,1489.7,2,2979.4,139425621.49999988
2025-08-01 10:02:35 AM,1489.0,17,25313.0,139450934.49999988
2025-08-01 10:02:36 AM,1489.4,0,0.0,139450934.49999988
2025-08-01 10:02:36 AM,1489.4,1,1489.4,139452423.8999999
2025-08-01 10:02:38 AM,1488.3,1,1488.3,139453912.1999999
2025-08-01 10:02:45 AM,1488.8,0,0.0,139453912.1999999
2025-08-01 10:02:45 AM,1488.8,14,20843.2,139474755.3999999
2025-08-01 10:02:47 AM,1489.0,3,4467.0,139479222.3999999
2025-08-01 10:02:50 AM,1489.1,0,0.0,139479222.3999999
2025-08-01 10:02:50 AM,1489.1,1,1489.1,139480711.49999988
2025-08-01 10:02:51 AM,1489.0,1,1489.0,139482200.49999988
2025-08-01 10:02:52 AM,1489.1,1,1489.1,139483689.59999987
2025-08-01 10:02:56 AM,1489.1,87,129551.7,139613241.29999986
2025-08-01 10:02:56 AM,1489.1,172,256125.19999999998,139869366.49999985
2025-08-01 10:02:57 AM,1489.0,21,31269.0,139900635.49999985
2025-08-01 10:02:58 AM,1489.0,11,16379.0,139917014.49999985
2025-08-01 10:03:05 AM,1489.0,1,1489.0,139918503.49999985
2025-08-01 10:03:06 AM,1488.7,0,0.0,139918503.49999985
2025-08-01 10:03:06 AM,1488.7,47,69968.90000000001,139988472.39999986
2025-08-01 10:03:09 AM,1488.3,0,0.0,139988472.39999986
2025-08-01 10:03:09 AM,1488.3,79,117575.7,140106048.09999985
2025-08-01 10:03:11 AM,1488.3,20,29766.0,140135814.09999985
2025-08-01 10:03:12 AM,1489.1,330,491402.99999999994,140627217.09999985
2025-08-01 10:03:13 AM,1488.3,0,0.0,140627217.09999985
2025-08-01 10:03:13 AM,1488.3,152,226221.6,140853438.69999984
2025-08-01 10:03:15 AM,1488.4,12,17860.800000000003,140871299.49999985
2025-08-01 10:03:18 AM,1488.0,6,8928.0,140880227.49999985
2025-08-01 10:03:24 AM,1488.6,45,66987.0,140947214.49999985
2025-08-01 10:03:25 AM,1488.8,0,0.0,140947214.49999985
2025-08-01 10:03:25 AM,1488.8,11,16376.8,140963591.29999986
2025-08-01 10:03:26 AM,1489.4,7,10425.800000000001,140974017.09999987
2025-08-01 10:03:29 AM,1489.3,0,0.0,140974017.09999987
2025-08-01 10:03:29 AM,1489.3,3,4467.9,140978484.99999988
2025-08-01 10:03:35 AM,1489.2,0,0.0,140978484.99999988
2025-08-01 10:03:35 AM,1489.2,2,2978.4,140981463.3999999
2025-08-01 10:03:36 AM,1489.1,0,0.0,140981463.3999999
2025-08-01 10:03:36 AM,1489.1,1,1489.1,140982952.49999988
2025-08-01 10:03:37 AM,1489.0,0,0.0,140982952.49999988
2025-08-01 10:03:37 AM,1489.0,10,14890.0,140997842.49999988
2025-08-01 10:03:38 AM,1488.3,0,0.0,140997842.49999988
2025-08-01 10:03:38 AM,1488.3,6,8929.8,141006772.2999999
2025-08-01 10:03:38 AM,1488.3,1,1488.3,141008260.5999999
2025-08-01 10:03:45 AM,1488.3,6,8929.8,141017190.39999992
2025-08-01 10:03:46 AM,1488.4,0,0.0,141017190.39999992
2025-08-01 10:03:47 AM,1488.4,1,1488.4,141018678.79999992
2025-08-01 10:03:57 AM,1488.5,2,2977.0,141021655.79999992
2025-08-01 10:03:59 AM,1488.4,0,0.0,141021655.79999992
2025-08-01 10:03:59 AM,1488.4,2,2976.8,141024632.59999993
2025-08-01 10:04:05 AM,1488.5,0,0.0,141024632.59999993
2025-08-01 10:04:05 AM,1488.5,1,1488.5,141026121.09999993
2025-08-01 10:04:08 AM,1488.5,17,25304.5,141051425.59999993
2025-08-01 10:04:09 AM,1488.5,5,7442.5,141058868.09999993
2025-08-01 10:04:12 AM,1488.5,14,20839.0,141079707.09999993
2025-08-01 10:04:13 AM,1488.5,3,4465.5,141084172.59999993
2025-08-01 10:04:16 AM,1488.5,59,87821.5,141171994.09999993
2025-08-01 10:04:17 AM,1488.4,0,0.0,141171994.09999993
2025-08-01 10:04:17 AM,1488.4,40,59536.0,141231530.09999993
2025-08-01 10:04:19 AM,1488.0,6,8928.0,141240458.09999993
2025-08-01 10:04:23 AM,1488.1,0,0.0,141240458.09999993
2025-08-01 10:04:23 AM,1488.1,2,2976.2,141243434.29999992
2025-08-01 10:04:25 AM,1488.0,0,0.0,141243434.29999992
2025-08-01 10:04:25 AM,1488.0,1,1488.0,141244922.29999992
2025-08-01 10:04:25 AM,1488.0,14,20832.0,141265754.29999992
2025-08-01 10:04:26 AM,1488.1,0,0.0,141265754.29999992
2025-08-01 10:04:26 AM,1488.1,29,43154.899999999994,141308909.19999993
2025-08-01 10:04:27 AM,1488.0,10,14880.0,141323789.19999993
2025-08-01 10:04:34 AM,1488.7,2,2977.4,141326766.59999993
2025-08-01 10:04:35 AM,1489.3,2,2978.6,141329745.19999993
2025-08-01 10:04:36 AM,1488.9,1,1488.9,141331234.09999993
2025-08-01 10:04:45 AM,1488.9,14,20844.600000000002,141352078.69999993
2025-08-01 10:04:47 AM,1489.4,1,1489.4,141353568.09999993
2025-08-01 10:04:48 AM,1489.2,0,0.0,141353568.09999993
2025-08-01 10:04:48 AM,1489.2,50,74460.0,141428028.09999993
2025-08-01 10:04:49 AM,1489.0,0,0.0,141428028.09999993
2025-08-01 10:04:49 AM,1489.0,52,77428.0,141505456.09999993
2025-08-01 10:04:50 AM,1489.2,25,37230.0,141542686.09999993
2025-08-01 10:04:53 AM,1489.4,7,10425.800000000001,141553111.89999995
2025-08-01 10:04:54 AM,1488.5,407,605819.5,142158931.39999995
2025-08-01 10:04:56 AM,1489.2,16,23827.2,142182758.59999993
2025-08-01 10:04:57 AM,1489.2,50,74460.0,142257218.59999993
2025-08-01 10:04:57 AM,1489.6,1,1489.6,142258708.19999993
2025-08-01 10:05:05 AM,1489.6,2,2979.2,142261687.39999992
2025-08-01 10:05:06 AM,1489.0,119,177191.0,142438878.39999992
2025-08-01 10:05:09 AM,1489.6,80,119168.0,142558046.39999992
2025-08-01 10:05:11 AM,1488.9,20,29778.0,142587824.39999992
2025-08-01 10:05:11 AM,1488.9,50,74445.0,142662269.39999992
2025-08-01 10:05:16 AM,1488.2,50,74410.0,142736679.39999992
2025-08-01 10:05:17 AM,1488.4,1,1488.4,142738167.79999992
2025-08-01 10:05:19 AM,1488.4,1,1488.4,142739656.19999993
2025-08-01 10:05:20 AM,1488.5,0,0.0,142739656.19999993
2025-08-01 10:05:20 AM,1488.5,70,104195.0,142843851.19999993
2025-08-01 10:05:23 AM,1488.4,0,0.0,142843851.19999993
2025-08-01 10:05:23 AM,1488.4,23,34233.200000000004,142878084.39999992
2025-08-01 10:05:25 AM,1488.4,100,148840.0,143026924.39999992
2025-08-01 10:05:25 AM,1488.4,57,84838.8,143111763.19999993
2025-08-01 10:05:26 AM,1488.3,0,0.0,143111763.19999993
2025-08-01 10:05:26 AM,1488.3,20,29766.0,143141529.19999993
2025-08-01 10:05:30 AM,1488.2,39,58039.8,143199568.99999994
2025-08-01 10:05:35 AM,1488.7,0,0.0,143199568.99999994
2025-08-01 10:05:35 AM,1488.7,1,1488.7,143201057.69999993
2025-08-01 10:05:36 AM,1488.4,2,2976.8,143204034.49999994
2025-08-01 10:05:37 AM,1488.2,0,0.0,143204034.49999994
2025-08-01 10:05:37 AM,1488.2,1,1488.2,143205522.69999993
2025-08-01 10:05:45 AM,1488.2,15,22323.0,143227845.69999993
2025-08-01 10:05:47 AM,1488.2,4,5952.8,143233798.49999994
2025-08-01 10:05:49 AM,1488.6,0,0.0,143233798.49999994
2025-08-01 10:05:49 AM,1488.6,1,1488.6,143235287.09999993
2025-08-01 10:05:56 AM,1488.2,1,1488.2,143236775.29999992
2025-08-01 10:06:02 AM,1488.3,2,2976.6,143239751.89999992
2025-08-01 10:06:03 AM,1488.2,3,4464.6,143244216.4999999
2025-08-01 10:06:04 AM,1488.2,14,20834.8,143265051.29999992
2025-08-01 10:06:07 AM,1488.2,4,5952.8,143271004.09999993
2025-08-01 10:06:10 AM,1488.2,35,52087.0,143323091.09999993
2025-08-01 10:06:13 AM,1488.0,150,223200.0,143546291.09999993
2025-08-01 10:06:14 AM,1487.2,46,68411.2,143614702.29999992
2025-08-01 10:06:17 AM,1487.2,2,2974.4,143617676.69999993
2025-08-01 10:06:25 AM,1487.2,296,440211.2,144057887.89999992
2025-08-01 10:06:25 AM,1486.5,61,90676.5,144148564.39999992
2025-08-01 10:06:27 AM,1486.8,0,0.0,144148564.39999992
2025-08-01 10:06:27 AM,1486.8,1,1486.8,144150051.19999993
2025-08-01 10:06:34 AM,1486.6,1,1486.6,144151537.79999992
2025-08-01 10:06:35 AM,1486.5,0,0.0,144151537.79999992
2025-08-01 10:06:35 AM,1486.5,2,2973.0,144154510.79999992
2025-08-01 10:06:40 AM,1486.6,0,0.0,144154510.79999992
2025-08-01 10:06:40 AM,1486.6,1,1486.6,144155997.39999992
2025-08-01 10:06:47 AM,1486.6,5,7433.0,144163430.39999992
2025-08-01 10:06:48 AM,1486.6,12,17839.199999999997,144181269.5999999
2025-08-01 10:06:50 AM,1486.5,0,0.0,144181269.5999999
2025-08-01 10:06:50 AM,1486.5,5,7432.5,144188702.0999999
2025-08-01 10:06:52 AM,1486.2,0,0.0,144188702.0999999
2025-08-01 10:06:52 AM,1486.2,97,144161.4,144332863.4999999
2025-08-01 10:06:53 AM,1486.6,28,41624.799999999996,144374488.29999992
2025-08-01 10:06:55 AM,1486.6,89,132307.4,144506795.69999993
2025-08-01 10:06:57 AM,1486.6,20,29732.0,144536527.69999993
2025-08-01 10:06:57 AM,1486.6,16,23785.6,144560313.29999992
2025-08-01 10:07:01 AM,1486.6,4,5946.4,144566259.69999993
2025-08-01 10:07:05 AM,1486.7,0,0.0,144566259.69999993
2025-08-01 10:07:05 AM,1486.8,0,0.0,144566259.69999993
2025-08-01 10:07:05 AM,1486.8,16,23788.8,144590048.49999994
2025-08-01 10:07:07 AM,1486.6,9,13379.4,144603427.89999995
2025-08-01 10:07:17 AM,1487.0,402,597774.0,145201201.89999995
2025-08-01 10:07:19 AM,1487.1,78,115993.79999999999,145317195.69999996
2025-08-01 10:07:20 AM,1487.2,0,0.0,145317195.69999996
2025-08-01 10:07:24 AM,1487.2,34,50564.8,145367760.49999997
2025-08-01 10:07:30 AM,1487.5,73,108587.5,145476347.99999997
2025-08-01 10:07:32 AM,1487.5,1,1487.5,145477835.49999997
2025-08-01 10:07:36 AM,1487.4,3,4462.200000000001,145482297.69999996
2025-08-01 10:07:42 AM,1487.9,0,0.0,145482297.69999996
2025-08-01 10:07:42 AM,1487.9,85,126471.50000000001,145608769.19999996
2025-08-01 10:07:47 AM,1487.5,0,0.0,145608769.19999996
2025-08-01 10:07:48 AM,1487.5,15,22312.5,145631081.69999996
2025-08-01 10:07:54 AM,1487.4,9,13386.6,145644468.29999995
2025-08-01 10:07:56 AM,1487.3,1,1487.3,145645955.59999996
2025-08-01 10:08:00 AM,1486.7,36,53521.200000000004,145699476.79999995
2025-08-01 10:08:01 AM,1486.7,1,1486.7,145700963.49999994
2025-08-01 10:08:05 AM,1487.2,0,0.0,145700963.49999994
2025-08-01 10:08:05 AM,1487.2,2,2974.4,145703937.89999995
2025-08-01 10:08:06 AM,1486.6,13,19325.8,145723263.69999996
2025-08-01 10:08:06 AM,1486.6,15,22299.0,145745562.69999996
2025-08-01 10:08:11 AM,1486.7,0,0.0,145745562.69999996
2025-08-01 10:08:11 AM,1486.7,29,43114.3,145788676.99999997
2025-08-01 10:08:13 AM,1486.6,11,16352.599999999999,145805029.59999996
2025-08-01 10:08:16 AM,1487.3,0,0.0,145805029.59999996
2025-08-01 10:08:16 AM,1487.3,1191,1771374.3,147576403.89999998
2025-08-01 10:08:16 AM,1487.6,30,44628.0,147621031.89999998
2025-08-01 10:08:17 AM,1487.6,405,602478.0,148223509.89999998
2025-08-01 10:08:18 AM,1487.6,61,90743.59999999999,148314253.49999997
2025-08-01 10:08:19 AM,1488.0,0,0.0,148314253.49999997
2025-08-01 10:08:19 AM,1488.0,4,5952.0,148320205.49999997
2025-08-01 10:08:19 AM,1487.7,6,8926.2,148329131.69999996
2025-08-01 10:08:20 AM,1488.0,116,172608.0,148501739.69999996
2025-08-01 10:08:23 AM,1488.3,25,37207.5,148538947.19999996
2025-08-01 10:08:25 AM,1488.5,0,0.0,148538947.19999996
2025-08-01 10:08:25 AM,1488.5,446,663871.0,149202818.19999996
2025-08-01 10:08:26 AM,1488.0,0,0.0,149202818.19999996
2025-08-01 10:08:26 AM,1488.0,61,90768.0,149293586.19999996
2025-08-01 10:08:29 AM,1488.7,0,0.0,149293586.19999996
2025-08-01 10:08:29 AM,1488.7,4,5954.8,149299540.99999997
2025-08-01 10:08:34 AM,1488.9,2,2977.8,149302518.79999998
2025-08-01 10:08:35 AM,1488.3,0,0.0,149302518.79999998
2025-08-01 10:08:35 AM,1488.3,1,1488.3,149304007.1
2025-08-01 10:08:37 AM,1488.2,48,71433.6,149375440.7
2025-08-01 10:08:39 AM,1488.0,3,4464.0,149379904.7
2025-08-01 10:08:45 AM,1488.0,29,43152.0,149423056.7
2025-08-01 10:08:45 AM,1488.0,14,20832.0,149443888.7
2025-08-01 10:08:46 AM,1488.0,1,1488.0,149445376.7
2025-08-01 10:08:48 AM,1487.9,0,0.0,149445376.7
2025-08-01 10:08:48 AM,1487.9,47,69931.3,149515308.0
2025-08-01 10:08:51 AM,1488.2,0,0.0,149515308.0
2025-08-01 10:08:51 AM,1488.2,3,4464.6,149519772.6
2025-08-01 10:08:56 AM,1487.4,15,22311.0,149542083.6
2025-08-01 10:08:59 AM,1488.1,0,0.0,149542083.6
2025-08-01 10:08:59 AM,1487.5,59,87762.5,149629846.1
2025-08-01 10:09:03 AM,1487.5,11,16362.5,149646208.6
2025-08-01 10:09:04 AM,1487.5,6,8925.0,149655133.6
2025-08-01 10:09:06 AM,1488.8,500,744400.0,150399533.6
2025-08-01 10:09:08 AM,1487.8,0,0.0,150399533.6
2025-08-01 10:09:08 AM,1487.8,1,1487.8,150401021.4
2025-08-01 10:09:08 AM,1487.6,3,4462.799999999999,150405484.20000002
2025-08-01 10:09:09 AM,1487.2,196,291491.2,150696975.4
2025-08-01 10:09:17 AM,1487.5,0,0.0,150696975.4
2025-08-01 10:09:17 AM,1488.4,0,0.0,150696975.4
2025-08-01 10:09:17 AM,1488.4,60,89304.0,150786279.4
2025-08-01 10:09:24 AM,1487.3,0,0.0,150786279.4
2025-08-01 10:09:24 AM,1487.3,15,22309.5,150808588.9
2025-08-01 10:09:28 AM,1488.0,0,0.0,150808588.9
2025-08-01 10:09:28 AM,1488.0,12,17856.0,150826444.9
2025-08-01 10:09:35 AM,1487.7,0,0.0,150826444.9
2025-08-01 10:09:35 AM,1487.7,2,2975.4,150829420.3
2025-08-01 10:09:37 AM,1487.2,2,2974.4,150832394.70000002
2025-08-01 10:09:40 AM,1487.0,0,0.0,150832394.70000002
2025-08-01 10:09:40 AM,1487.0,60,89220.0,150921614.70000002
2025-08-01 10:09:44 AM,1486.9,0,0.0,150921614.70000002
2025-08-01 10:09:44 AM,1486.9,46,68397.40000000001,150990012.10000002
2025-08-01 10:09:45 AM,1486.9,14,20816.600000000002,151010828.70000002
2025-08-01 10:09:50 AM,1487.1,24,35690.399999999994,151046519.10000002
2025-08-01 10:09:57 AM,1487.1,18,26767.8,151073286.90000004
2025-08-01 10:10:00 AM,1487.7,0,0.0,151073286.90000004
2025-08-01 10:10:00 AM,1487.7,105,156208.5,151229495.40000004
2025-08-01 10:10:05 AM,1487.5,1,1487.5,151230982.90000004
2025-08-01 10:10:10 AM,1487.0,0,0.0,151230982.90000004
2025-08-01 10:10:10 AM,1486.4,27,40132.8,151271115.70000005
2025-08-01 10:10:12 AM,1486.3,24,35671.2,151306786.90000004
2025-08-01 10:10:16 AM,1486.3,58,86205.4,151392992.30000004
2025-08-01 10:10:18 AM,1486.3,2,2972.6,151395964.90000004
2025-08-01 10:10:19 AM,1486.3,12,17835.6,151413800.50000003
2025-08-01 10:10:21 AM,1486.3,1,1486.3,151415286.80000004
2025-08-01 10:10:22 AM,1486.4,0,0.0,151415286.80000004
2025-08-01 10:10:22 AM,1486.4,58,86211.20000000001,151501498.00000003
2025-08-01 10:10:24 AM,1486.4,10,14864.0,151516362.00000003
2025-08-01 10:10:28 AM,1486.3,2,2972.6,151519334.60000002
2025-08-01 10:10:30 AM,1486.4,15,22296.0,151541630.60000002
2025-08-01 10:10:33 AM,1486.4,2,2972.8,151544603.40000004
2025-08-01 10:10:39 AM,1486.5,5,7432.5,151552035.90000004
2025-08-01 10:10:41 AM,1487.3,335,498245.5,152050281.40000004
2025-08-01 10:10:41 AM,1487.3,74,110060.2,152160341.60000002
2025-08-01 10:10:42 AM,1487.2,0,0.0,152160341.60000002
2025-08-01 10:10:42 AM,1487.2,23,34205.6,152194547.20000002
2025-08-01 10:10:45 AM,1487.3,0,0.0,152194547.20000002
2025-08-01 10:10:45 AM,1487.3,102,151704.6,152346251.8
2025-08-01 10:10:56 AM,1487.4,18,26773.2,152373025.0
2025-08-01 10:10:56 AM,1487.5,0,0.0,152373025.0
2025-08-01 10:10:56 AM,1487.5,880,1309000.0,153682025.0
2025-08-01 10:10:58 AM,1487.4,0,0.0,153682025.0
2025-08-01 10:10:58 AM,1487.4,10,14874.0,153696899.0
2025-08-01 10:10:58 AM,1487.3,303,450651.89999999997,154147550.9
2025-08-01 10:11:00 AM,1487.5,0,0.0,154147550.9
2025-08-01 10:11:00 AM,1487.5,25,37187.5,154184738.4
2025-08-01 10:11:02 AM,1488.3,0,0.0,154184738.4
2025-08-01 10:11:04 AM,1488.3,153,227709.9,154412448.3
2025-08-01 10:11:05 AM,1487.7,0,0.0,154412448.3
2025-08-01 10:11:06 AM,1487.9,2,2975.8,154415424.10000002
2025-08-01 10:11:14 AM,1487.3,0,0.0,154415424.10000002
2025-08-01 10:11:16 AM,1487.9,53,78858.70000000001,154494282.8
2025-08-01 10:11:17 AM,1487.5,0,0.0,154494282.8
2025-08-01 10:11:18 AM,1487.5,52,77350.0,154571632.8
2025-08-01 10:11:22 AM,1487.9,8,11903.2,154583536.0
2025-08-01 10:11:26 AM,1487.5,0,0.0,154583536.0
2025-08-01 10:11:28 AM,1487.5,19,28262.5,154611798.5
2025-08-01 10:11:32 AM,1487.6,0,0.0,154611798.5
2025-08-01 10:11:33 AM,1487.6,1,1487.6,154613286.1
2025-08-01 10:11:35 AM,1487.9,0,0.0,154613286.1
2025-08-01 10:11:35 AM,1487.9,50,74395.0,154687681.1
2025-08-01 10:11:38 AM,1487.8,0,0.0,154687681.1
2025-08-01 10:11:40 AM,1487.8,1,1487.8,154689168.9
2025-08-01 10:11:44 AM,1487.9,0,0.0,154689168.9
2025-08-01 10:11:45 AM,1487.9,26,38685.4,154727854.3
2025-08-01 10:11:47 AM,1488.0,0,0.0,154727854.3
2025-08-01 10:11:51 AM,1488.0,21,31248.0,154759102.3
2025-08-01 10:11:56 AM,1488.1,0,0.0,154759102.3
2025-08-01 10:11:57 AM,1488.1,89,132440.9,154891543.20000002
2025-08-01 10:12:02 AM,1488.7,0,0.0,154891543.20000002
2025-08-01 10:12:03 AM,1488.7,162,241169.4,155132712.60000002
2025-08-01 10:12:05 AM,1488.4,0,0.0,155132712.60000002
2025-08-01 10:12:08 AM,1488.5,0,0.0,155132712.60000002
2025-08-01 10:12:08 AM,1488.1,0,0.0,155132712.60000002
2025-08-01 10:12:09 AM,1488.6,113,168211.8,155300924.40000004
2025-08-01 10:12:10 AM,1488.1,54,80357.4,155381281.80000004
2025-08-01 10:12:29 AM,1488.0,0,0.0,155381281.80000004
2025-08-01 10:12:32 AM,1488.1,0,0.0,155381281.80000004
2025-08-01 10:12:32 AM,1488.1,39,58035.899999999994,155439317.70000005
2025-08-01 10:12:32 AM,1488.1,1,1488.1,155440805.80000004
2025-08-01 10:12:37 AM,1488.1,34,50595.399999999994,155491401.20000005
2025-08-01 10:12:38 AM,1488.0,0,0.0,155491401.20000005
2025-08-01 10:12:38 AM,1488.0,16,23808.0,155515209.20000005
2025-08-01 10:12:41 AM,1488.3,0,0.0,155515209.20000005
2025-08-01 10:12:44 AM,1488.3,32,47625.6,155562834.80000004
2025-08-01 10:12:53 AM,1488.9,0,0.0,155562834.80000004
2025-08-01 10:12:55 AM,1488.9,12,17866.800000000003,155580701.60000005
2025-08-01 10:12:59 AM,1488.8,0,0.0,155580701.60000005
2025-08-01 10:13:00 AM,1488.8,274,407931.2,155988632.80000004
2025-08-01 10:13:02 AM,1488.0,0,0.0,155988632.80000004
2025-08-01 10:13:06 AM,1488.3,40,59532.0,156048164.80000004
2025-08-01 10:13:07 AM,1487.5,45,66937.5,156115102.30000004
2025-08-01 10:13:08 AM,1488.5,0,0.0,156115102.30000004
2025-08-01 10:13:11 AM,1487.5,0,0.0,156115102.30000004
2025-08-01 10:13:12 AM,1487.0,744,1106328.0,157221430.30000004
2025-08-01 10:13:13 AM,1487.4,87,129403.8,157350834.10000005
2025-08-01 10:13:17 AM,1487.1,0,0.0,157350834.10000005
2025-08-01 10:13:18 AM,1487.1,45,66919.5,157417753.60000005
2025-08-01 10:13:23 AM,1487.3,0,0.0,157417753.60000005
2025-08-01 10:13:24 AM,1487.3,45,66928.5,157484682.10000005
2025-08-01 10:13:29 AM,1487.6,0,0.0,157484682.10000005
2025-08-01 10:13:30 AM,1487.6,196,291569.6,157776251.70000005
2025-08-01 10:13:35 AM,1488.7,0,0.0,157776251.70000005
2025-08-01 10:13:41 AM,1488.2,0,0.0,157776251.70000005
2025-08-01 10:13:42 AM,1488.2,60,89292.0,157865543.70000005
2025-08-01 10:13:50 AM,1487.9,0,0.0,157865543.70000005
2025-08-01 10:13:54 AM,1487.9,15,22318.5,157887862.20000005
2025-08-01 10:13:59 AM,1489.1,0,0.0,157887862.20000005
2025-08-01 10:14:00 AM,1488.8,174,259051.19999999998,158146913.40000004
2025-08-01 10:14:00 AM,1488.7,60,89322.0,158236235.40000004
2025-08-01 10:14:04 AM,1489.3,2,2978.6,158239214.00000003
2025-08-01 10:14:13 AM,1488.4,0,0.0,158239214.00000003
2025-08-01 10:14:13 AM,1488.4,59,87815.6,158327029.60000002
2025-08-01 10:14:20 AM,1488.7,0,0.0,158327029.60000002
2025-08-01 10:14:20 AM,1488.7,69,102720.3,158429749.90000004
2025-08-01 10:14:24 AM,1489.0,0,0.0,158429749.90000004
2025-08-01 10:14:24 AM,1489.0,150,223350.0,158653099.90000004
2025-08-01 10:14:31 AM,1487.9,0,0.0,158653099.90000004
2025-08-01 10:14:31 AM,1487.9,25,37197.5,158690297.40000004
2025-08-01 10:14:35 AM,1488.2,2,2976.4,158693273.80000004
2025-08-01 10:14:38 AM,1488.4,3,4465.200000000001,158697739.00000003
2025-08-01 10:14:40 AM,1488.4,1,1488.4,158699227.40000004
2025-08-01 10:14:49 AM,1488.0,0,0.0,158699227.40000004
2025-08-01 10:14:49 AM,1488.0,49,72912.0,158772139.40000004
2025-08-01 10:14:52 AM,1488.1,15,22321.5,158794460.90000004
2025-08-01 10:14:56 AM,1488.0,0,0.0,158794460.90000004
2025-08-01 10:14:56 AM,1488.0,17,25296.0,158819756.90000004
2025-08-01 10:15:02 AM,1488.3,0,0.0,158819756.90000004
2025-08-01 10:15:02 AM,1488.3,4,5953.2,158825710.10000002
2025-08-01 10:15:06 AM,1488.9,0,0.0,158825710.10000002
2025-08-01 10:15:06 AM,1488.9,1,1488.9,158827199.00000003
2025-08-01 10:15:08 AM,1488.7,0,0.0,158827199.00000003
2025-08-01 10:15:08 AM,1488.7,15,22330.5,158849529.50000003
2025-08-01 10:15:09 AM,1488.8,1,1488.8,158851018.30000004
2025-08-01 10:15:10 AM,1488.6,0,0.0,158851018.30000004
2025-08-01 10:15:10 AM,1488.6,4,5954.4,158856972.70000005
2025-08-01 10:15:13 AM,1489.0,0,0.0,158856972.70000005
2025-08-01 10:15:13 AM,1489.0,4,5956.0,158862928.70000005
2025-08-01 10:15:13 AM,1488.6,5,7443.0,158870371.70000005
2025-08-01 10:15:14 AM,1488.6,3,4465.799999999999,158874837.50000006
2025-08-01 10:15:19 AM,1489.0,0,0.0,158874837.50000006
2025-08-01 10:15:19 AM,1489.0,2,2978.0,158877815.50000006
2025-08-01 10:15:27 AM,1488.9,0,0.0,158877815.50000006
2025-08-01 10:15:27 AM,1488.9,10,14889.0,158892704.50000006
2025-08-01 10:15:28 AM,1488.6,0,0.0,158892704.50000006
2025-08-01 10:15:28 AM,1488.6,2,2977.2,158895681.70000005
2025-08-01 10:15:29 AM,1488.6,2,2977.2,158898658.90000004
2025-08-01 10:15:30 AM,1488.4,0,0.0,158898658.90000004
2025-08-01 10:15:30 AM,1488.4,1225,1823290.0,160721948.90000004
2025-08-01 10:15:30 AM,1488.1,102,151786.19999999998,160873735.10000002
2025-08-01 10:15:32 AM,1487.8,0,0.0,160873735.10000002
2025-08-01 10:15:32 AM,1487.8,187,278218.6,161151953.70000002
2025-08-01 10:15:32 AM,1488.4,367,546242.8,161698196.50000003
2025-08-01 10:15:35 AM,1488.4,32,47628.8,161745825.30000004
2025-08-01 10:15:36 AM,1488.3,0,0.0,161745825.30000004
2025-08-01 10:15:36 AM,1488.3,15,22324.5,161768149.80000004
2025-08-01 10:15:38 AM,1488.2,99,147331.80000000002,161915481.60000005
2025-08-01 10:15:39 AM,1488.2,57,84827.40000000001,162000309.00000006
2025-08-01 10:15:41 AM,1487.9,0,0.0,162000309.00000006
2025-08-01 10:15:41 AM,1487.9,15,22318.5,162022627.50000006
2025-08-01 10:15:50 AM,1488.6,0,0.0,162022627.50000006
2025-08-01 10:15:50 AM,1488.6,52,77407.2,162100034.70000005
2025-08-01 10:15:51 AM,1488.6,30,44658.0,162144692.70000005
2025-08-01 10:15:51 AM,1488.5,12,17862.0,162162554.70000005
2025-08-01 10:15:54 AM,1489.0,0,0.0,162162554.70000005
2025-08-01 10:15:54 AM,1489.0,33,49137.0,162211691.70000005
2025-08-01 10:15:55 AM,1489.0,8,11912.0,162223603.70000005
2025-08-01 10:15:59 AM,1489.0,80,119120.0,162342723.70000005
2025-08-01 10:15:59 AM,1489.0,16,23824.0,162366547.70000005
2025-08-01 10:16:00 AM,1489.0,28,41692.0,162408239.70000005
2025-08-01 10:16:02 AM,1489.1,1,1489.1,162409728.80000004
2025-08-01 10:16:03 AM,1489.0,5,7445.0,162417173.80000004
2025-08-01 10:16:04 AM,1489.1,1,1489.1,162418662.90000004
2025-08-01 10:16:07 AM,1489.1,191,284418.1,162703081.00000003
2025-08-01 10:16:08 AM,1489.1,139,206984.9,162910065.90000004
2025-08-01 10:16:10 AM,1489.0,0,0.0,162910065.90000004
2025-08-01 10:16:10 AM,1489.0,2,2978.0,162913043.90000004
2025-08-01 10:16:12 AM,1488.1,0,0.0,162913043.90000004
2025-08-01 10:16:12 AM,1488.1,83,123512.29999999999,163036556.20000005
2025-08-01 10:16:16 AM,1488.5,0,0.0,163036556.20000005
2025-08-01 10:16:16 AM,1488.5,2,2977.0,163039533.20000005
2025-08-01 10:16:20 AM,1488.5,16,23816.0,163063349.20000005
2025-08-01 10:16:21 AM,1488.5,4,5954.0,163069303.20000005
2025-08-01 10:16:25 AM,1488.6,1,1488.6,163070791.80000004
2025-08-01 10:16:27 AM,1488.5,0,0.0,163070791.80000004
2025-08-01 10:16:27 AM,1488.5,19,28281.5,163099073.30000004
2025-08-01 10:16:28 AM,1487.9,5,7439.5,163106512.80000004
2025-08-01 10:16:35 AM,1488.3,0,0.0,163106512.80000004
2025-08-01 10:16:35 AM,1488.3,1,1488.3,163108001.10000005
2025-08-01 10:16:36 AM,1488.4,0,0.0,163108001.10000005
2025-08-01 10:16:36 AM,1488.4,1,1488.4,163109489.50000006
2025-08-01 10:16:38 AM,1488.3,0,0.0,163109489.50000006
2025-08-01 10:16:38 AM,1488.3,1,1488.3,163110977.80000007
2025-08-01 10:16:38 AM,1488.3,1,1488.3,163112466.10000008
2025-08-01 10:16:39 AM,1488.3,16,23812.8,163136278.9000001
2025-08-01 10:16:42 AM,1488.0,4,5952.0,163142230.9000001
2025-08-01 10:16:56 AM,1488.3,0,0.0,163142230.9000001
2025-08-01 10:16:56 AM,1488.3,7,10418.1,163152649.0000001
2025-08-01 10:16:57 AM,1488.1,0,0.0,163152649.0000001
2025-08-01 10:16:57 AM,1488.1,2,2976.2,163155625.20000008
2025-08-01 10:17:00 AM,1488.7,155,230748.5,163386373.70000008
2025-08-01 10:17:02 AM,1488.0,0,0.0,163386373.70000008
2025-08-01 10:17:05 AM,1488.5,0,0.0,163386373.70000008
2025-08-01 10:17:05 AM,1488.5,114,169689.0,163556062.70000008
2025-08-01 10:17:13 AM,1488.0,0,0.0,163556062.70000008
2025-08-01 10:17:17 AM,1487.2,0,0.0,163556062.70000008
2025-08-01 10:17:17 AM,1487.8,155,230609.0,163786671.70000008
2025-08-01 10:17:19 AM,1487.3,0,0.0,163786671.70000008
2025-08-01 10:17:23 AM,1487.3,35,52055.5,163838727.20000008
2025-08-01 10:17:23 AM,1487.3,2,2974.6,163841701.80000007
2025-08-01 10:17:25 AM,1487.2,0,0.0,163841701.80000007
2025-08-01 10:17:26 AM,1487.7,0,0.0,163841701.80000007
2025-08-01 10:17:29 AM,1487.7,52,77360.40000000001,163919062.20000008
2025-08-01 10:17:31 AM,1487.2,0,0.0,163919062.20000008
2025-08-01 10:17:34 AM,1487.2,19,28256.8,163947319.0000001
2025-08-01 10:17:34 AM,1487.2,14,20820.8,163968139.8000001
2025-08-01 10:17:37 AM,1487.4,0,0.0,163968139.8000001
2025-08-01 10:17:40 AM,1487.3,99,147242.69999999998,164115382.5000001
2025-08-01 10:17:44 AM,1487.9,0,0.0,164115382.5000001
2025-08-01 10:17:46 AM,1487.9,28,41661.200000000004,164157043.70000008
2025-08-01 10:17:52 AM,1487.9,5,7439.5,164164483.20000008
2025-08-01 10:17:55 AM,1487.3,0,0.0,164164483.20000008
2025-08-01 10:17:58 AM,1487.3,2,2974.6,164167457.80000007
2025-08-01 10:18:07 AM,1487.7,0,0.0,164167457.80000007
2025-08-01 10:18:09 AM,1487.7,12,17852.4,164185310.20000008
2025-08-01 10:18:10 AM,1487.4,0,0.0,164185310.20000008
2025-08-01 10:18:11 AM,1487.3,0,0.0,164185310.20000008
2025-08-01 10:18:15 AM,1487.3,5,7436.5,164192746.70000008
2025-08-01 10:18:16 AM,1487.6,0,0.0,164192746.70000008
2025-08-01 10:18:19 AM,1487.9,0,0.0,164192746.70000008
2025-08-01 10:18:21 AM,1487.6,16,23801.6,164216548.30000007
2025-08-01 10:18:25 AM,1488.1,0,0.0,164216548.30000007
2025-08-01 10:18:27 AM,1488.1,37,55059.7,164271608.00000006
2025-08-01 10:18:37 AM,1487.9,0,0.0,164271608.00000006
2025-08-01 10:18:38 AM,1488.1,0,0.0,164271608.00000006
2025-08-01 10:18:39 AM,1488.1,91,135417.1,164407025.10000005
2025-08-01 10:18:40 AM,1488.0,0,0.0,164407025.10000005
2025-08-01 10:18:44 AM,1488.0,7,10416.0,164417441.10000005
2025-08-01 10:19:01 AM,1487.5,16,23800.0,164441241.10000005
2025-08-01 10:19:01 AM,1487.5,2,2975.0,164444216.10000005
2025-08-01 10:19:02 AM,1487.3,0,0.0,164444216.10000005
2025-08-01 10:19:06 AM,1488.4,0,0.0,164444216.10000005
2025-08-01 10:19:07 AM,1488.4,259,385495.60000000003,164829711.70000005
2025-08-01 10:19:09 AM,1488.2,0,0.0,164829711.70000005
2025-08-01 10:19:13 AM,1488.2,34,50598.8,164880310.50000006
2025-08-01 10:19:21 AM,1488.0,0,0.0,164880310.50000006
2025-08-01 10:19:24 AM,1488.2,0,0.0,164880310.50000006
2025-08-01 10:19:24 AM,1488.2,59,87803.8,164968114.30000007
2025-08-01 10:19:30 AM,1487.6,0,0.0,164968114.30000007
2025-08-01 10:19:30 AM,1487.6,10,14876.0,164982990.30000007
2025-08-01 10:19:31 AM,1487.9,16,23806.4,165006796.70000008
2025-08-01 10:19:36 AM,1488.0,0,0.0,165006796.70000008
2025-08-01 10:19:36 AM,1488.0,14,20832.0,165027628.70000008
2025-08-01 10:19:39 AM,1487.7,0,0.0,165027628.70000008
2025-08-01 10:19:41 AM,1487.7,5,7438.5,165035067.20000008
2025-08-01 10:19:51 AM,1487.5,0,0.0,165035067.20000008
2025-08-01 10:19:53 AM,1487.8,21,31243.8,165066311.0000001
2025-08-01 10:19:58 AM,1487.6,12,17851.199999999997,165084162.20000008
2025-08-01 10:20:01 AM,1487.6,1,1487.6,165085649.80000007
2025-08-01 10:20:05 AM,1487.9,0,0.0,165085649.80000007
2025-08-01 10:20:05 AM,1487.8,17,25292.6,165110942.40000007
2025-08-01 10:20:06 AM,1487.8,5,7439.0,165118381.40000007
2025-08-01 10:20:08 AM,1487.8,2,2975.6,165121357.00000006
2025-08-01 10:20:16 AM,1487.9,0,0.0,165121357.00000006
2025-08-01 10:20:17 AM,1487.9,1,1487.9,165122844.90000007
2025-08-01 10:20:21 AM,1487.9,2,2975.8,165125820.70000008
2025-08-01 10:20:22 AM,1487.9,1,1487.9,165127308.60000008
2025-08-01 10:20:23 AM,1487.7,1,1487.7,165128796.30000007
2025-08-01 10:20:26 AM,1487.9,184,273773.60000000003,165402569.90000007
2025-08-01 10:20:27 AM,1487.9,143,212769.7,165615339.60000005
2025-08-01 10:20:27 AM,1487.9,173,257406.7,165872746.30000004
2025-08-01 10:20:29 AM,1487.7,30,44631.0,165917377.30000004
2025-08-01 10:20:36 AM,1488.0,0,0.0,165917377.30000004
2025-08-01 10:20:36 AM,1488.0,2,2976.0,165920353.30000004
2025-08-01 10:20:36 AM,1487.7,37,55044.9,165975398.20000005
2025-08-01 10:20:41 AM,1488.0,0,0.0,165975398.20000005
2025-08-01 10:20:41 AM,1488.3,0,0.0,165975398.20000005
2025-08-01 10:20:41 AM,1488.3,31,46137.299999999996,166021535.50000006
2025-08-01 10:20:42 AM,1488.0,0,0.0,166021535.50000006
2025-08-01 10:20:42 AM,1488.0,1,1488.0,166023023.50000006
2025-08-01 10:20:50 AM,1488.1,0,0.0,166023023.50000006
2025-08-01 10:20:50 AM,1488.1,1,1488.1,166024511.60000005
2025-08-01 10:20:50 AM,1488.0,0,0.0,166024511.60000005
2025-08-01 10:20:50 AM,1488.0,2,2976.0,166027487.60000005
2025-08-01 10:20:51 AM,1487.9,0,0.0,166027487.60000005
2025-08-01 10:20:51 AM,1487.9,8,11903.2,166039390.80000004
2025-08-01 10:20:52 AM,1488.1,15,22321.5,166061712.30000004
2025-08-01 10:20:54 AM,1488.1,4,5952.4,166067664.70000005
2025-08-01 10:20:55 AM,1488.6,0,0.0,166067664.70000005
2025-08-01 10:20:55 AM,1488.6,22,32749.199999999997,166100413.90000004
2025-08-01 10:21:02 AM,1487.9,6,8927.400000000001,166109341.30000004
2025-08-01 10:21:07 AM,1488.3,0,0.0,166109341.30000004
2025-08-01 10:21:07 AM,1488.3,1,1488.3,166110829.60000005
2025-08-01 10:21:09 AM,1488.2,0,0.0,166110829.60000005
2025-08-01 10:21:13 AM,1488.2,2,2976.4,166113806.00000006
2025-08-01 10:21:17 AM,1488.8,0,0.0,166113806.00000006
2025-08-01 10:21:19 AM,1488.8,90,133992.0,166247798.00000006
2025-08-01 10:21:23 AM,1489.0,0,0.0,166247798.00000006
2025-08-01 10:21:24 AM,1489.0,81,120609.0,166368407.00000006
2025-08-01 10:21:27 AM,1488.8,0,0.0,166368407.00000006
2025-08-01 10:21:30 AM,1488.8,17,25309.6,166393716.60000005
2025-08-01 10:21:32 AM,1488.9,1,1488.9,166395205.50000006
2025-08-01 10:21:35 AM,1489.1,0,0.0,166395205.50000006
2025-08-01 10:21:35 AM,1489.1,55,81900.5,166477106.00000006
2025-08-01 10:21:40 AM,1489.1,14,20847.399999999998,166497953.40000007
2025-08-01 10:21:42 AM,1489.2,7,10424.4,166508377.80000007
2025-08-01 10:21:46 AM,1489.2,2,2978.4,166511356.20000008
2025-08-01 10:21:52 AM,1489.3,2,2978.6,166514334.80000007
2025-08-01 10:21:53 AM,1489.2,0,0.0,166514334.80000007
2025-08-01 10:21:54 AM,1489.2,2,2978.4,166517313.20000008
2025-08-01 10:21:56 AM,1489.6,0,0.0,166517313.20000008
2025-08-01 10:21:58 AM,1489.6,116,172793.59999999998,166690106.80000007
2025-08-01 10:22:03 AM,1489.6,138,205564.8,166895671.60000008
2025-08-01 10:22:05 AM,1489.9,0,0.0,166895671.60000008
2025-08-01 10:22:05 AM,1489.9,334,497626.60000000003,167393298.20000008
2025-08-01 10:22:08 AM,1490.0,0,0.0,167393298.20000008
2025-08-01 10:22:09 AM,1490.0,282,420180.0,167813478.20000008
2025-08-01 10:22:11 AM,1489.8,0,0.0,167813478.20000008
2025-08-01 10:22:11 AM,1489.8,2,2979.6,167816457.80000007
2025-08-01 10:22:17 AM,1490.0,50,74500.0,167890957.80000007
2025-08-01 10:22:20 AM,1489.8,0,0.0,167890957.80000007
2025-08-01 10:22:21 AM,1489.8,14,20857.2,167911815.00000006
2025-08-01 10:22:26 AM,1489.9,0,0.0,167911815.00000006
2025-08-01 10:22:27 AM,1489.9,26,38737.4,167950552.40000007
2025-08-01 10:22:29 AM,1489.9,7,10429.300000000001,167960981.70000008
2025-08-01 10:22:32 AM,1489.8,0,0.0,167960981.70000008
2025-08-01 10:22:33 AM,1489.8,15,22347.0,167983328.70000008
2025-08-01 10:22:35 AM,1489.9,2,2979.8,167986308.5000001
2025-08-01 10:22:46 AM,1489.8,45,67041.0,168053349.5000001
2025-08-01 10:22:49 AM,1490.0,4,5960.0,168059309.5000001
2025-08-01 10:22:53 AM,1489.9,0,0.0,168059309.5000001
2025-08-01 10:22:54 AM,1489.9,5,7449.5,168066759.0000001
2025-08-01 10:23:01 AM,1489.4,0,0.0,168066759.0000001
2025-08-01 10:23:02 AM,1489.4,1592,2371124.8000000003,170437883.8000001
2025-08-01 10:23:04 AM,1488.4,0,0.0,170437883.8000001
2025-08-01 10:23:05 AM,1488.4,218,324471.2,170762355.0000001
2025-08-01 10:23:11 AM,1488.4,512,762060.8,171524415.8000001
2025-08-01 10:23:16 AM,1489.2,0,0.0,171524415.8000001
2025-08-01 10:23:17 AM,1489.2,77,114668.40000000001,171639084.2000001
2025-08-01 10:23:25 AM,1488.5,0,0.0,171639084.2000001
2025-08-01 10:23:26 AM,1488.5,19,28281.5,171667365.7000001
2025-08-01 10:23:29 AM,1488.7,0,0.0,171667365.7000001
2025-08-01 10:23:31 AM,1488.7,16,23819.2,171691184.9000001
2025-08-01 10:23:34 AM,1488.8,5,7444.0,171698628.9000001
2025-08-01 10:23:37 AM,1488.9,0,0.0,171698628.9000001
2025-08-01 10:23:37 AM,1488.9,120,178668.0,171877296.9000001
2025-08-01 10:23:44 AM,1488.6,0,0.0,171877296.9000001
2025-08-01 10:23:45 AM,1488.6,53,78895.79999999999,171956192.7000001
2025-08-01 10:23:48 AM,1488.6,31,46146.6,172002339.3000001
2025-08-01 10:23:52 AM,1489.2,0,0.0,172002339.3000001
2025-08-01 10:23:54 AM,1489.2,14,20848.8,172023188.1000001
2025-08-01 10:23:56 AM,1488.6,0,0.0,172023188.1000001
2025-08-01 10:23:56 AM,1488.6,50,74430.0,172097618.1000001
2025-08-01 10:23:59 AM,1488.6,17,25306.199999999997,172122924.3000001
2025-08-01 10:24:01 AM,1488.6,17,25306.199999999997,172148230.5000001
2025-08-01 10:24:07 AM,1489.1,2,2978.2,172151208.70000008
2025-08-01 10:24:10 AM,1489.6,0,0.0,172151208.70000008
2025-08-01 10:24:11 AM,1489.6,175,260679.99999999997,172411888.70000008
2025-08-01 10:24:12 AM,1489.4,0,0.0,172411888.70000008
2025-08-01 10:24:12 AM,1489.4,104,154897.6,172566786.30000007
2025-08-01 10:24:13 AM,1489.3,0,0.0,172566786.30000007
2025-08-01 10:24:16 AM,1489.9,0,0.0,172566786.30000007
2025-08-01 10:24:16 AM,1489.9,12,17878.800000000003,172584665.10000008
2025-08-01 10:24:21 AM,1489.9,5,7449.5,172592114.60000008
2025-08-01 10:24:23 AM,1489.9,2,2979.8,172595094.4000001
2025-08-01 10:24:25 AM,1489.3,0,0.0,172595094.4000001
2025-08-01 10:24:27 AM,1489.8,21,31285.8,172626380.2000001
2025-08-01 10:24:31 AM,1489.9,0,0.0,172626380.2000001
2025-08-01 10:24:32 AM,1489.9,71,105782.90000000001,172732163.1000001
2025-08-01 10:24:38 AM,1489.9,1,1489.9,172733653.00000012
2025-08-01 10:24:40 AM,1489.2,0,0.0,172733653.00000012
2025-08-01 10:24:40 AM,1489.2,202,300818.4,173034471.40000013
2025-08-01 10:24:49 AM,1489.2,69,102754.8,173137226.20000014
2025-08-01 10:24:56 AM,1489.2,16,23827.2,173161053.40000013
2025-08-01 10:24:58 AM,1489.5,0,0.0,173161053.40000013
2025-08-01 10:24:59 AM,1489.2,0,0.0,173161053.40000013
2025-08-01 10:25:00 AM,1489.2,96,142963.2,173304016.6000001
2025-08-01 10:25:00 AM,1488.4,0,0.0,173304016.6000001
2025-08-01 10:25:02 AM,1488.4,87,129490.8,173433507.40000013
2025-08-01 10:25:05 AM,1488.5,0,0.0,173433507.40000013
2025-08-01 10:25:05 AM,1488.5,15,22327.5,173455834.90000013
2025-08-01 10:25:06 AM,1489.0,0,0.0,173455834.90000013
2025-08-01 10:25:08 AM,1488.6,0,0.0,173455834.90000013
2025-08-01 10:25:08 AM,1488.6,39,58055.399999999994,173513890.30000013
2025-08-01 10:25:11 AM,1488.8,0,0.0,173513890.30000013
2025-08-01 10:25:11 AM,1489.0,5,7445.0,173521335.30000013
2025-08-01 10:25:12 AM,1488.7,0,0.0,173521335.30000013
2025-08-01 10:25:14 AM,1489.0,0,0.0,173521335.30000013
2025-08-01 10:25:14 AM,1489.0,9,13401.0,173534736.30000013
2025-08-01 10:25:20 AM,1489.0,49,72961.0,173607697.30000013
2025-08-01 10:25:23 AM,1489.0,1,1489.0,173609186.30000013
2025-08-01 10:25:26 AM,1489.0,12,17868.0,173627054.30000013
2025-08-01 10:25:31 AM,1488.5,9,13396.5,173640450.80000013
2025-08-01 10:25:35 AM,1489.4,0,0.0,173640450.80000013
2025-08-01 10:25:36 AM,1489.1,0,0.0,173640450.80000013
2025-08-01 10:25:37 AM,1489.5,103,153418.5,173793869.30000013
2025-08-01 10:25:42 AM,1489.5,9,13405.5,173807274.80000013
2025-08-01 10:25:44 AM,1489.3,0,0.0,173807274.80000013
2025-08-01 10:25:45 AM,1489.3,14,20850.2,173828125.00000012
2025-08-01 10:25:47 AM,1489.0,0,0.0,173828125.00000012
2025-08-01 10:25:48 AM,1490.1,0,0.0,173828125.00000012
2025-08-01 10:25:48 AM,1490.1,135,201163.5,174029288.50000012
2025-08-01 10:25:51 AM,1489.2,0,0.0,174029288.50000012
2025-08-01 10:25:51 AM,1489.2,10,14892.0,174044180.50000012
2025-08-01 10:25:53 AM,1489.0,0,0.0,174044180.50000012
2025-08-01 10:25:53 AM,1488.9,37,55089.3,174099269.80000013
2025-08-01 10:25:56 AM,1489.7,34,50649.8,174149919.60000014
2025-08-01 10:25:57 AM,1489.1,0,0.0,174149919.60000014
2025-08-01 10:25:58 AM,1489.1,68,101258.79999999999,174251178.40000015
2025-08-01 10:26:03 AM,1490.8,424,632099.2,174883277.60000014
2025-08-01 10:26:05 AM,1490.5,0,0.0,174883277.60000014
2025-08-01 10:26:05 AM,1490.5,2,2981.0,174886258.60000014
2025-08-01 10:26:05 AM,1489.9,33,49166.700000000004,174935425.30000013
2025-08-01 10:26:06 AM,1489.8,52,77469.59999999999,175012894.90000013
2025-08-01 10:26:09 AM,1490.1,0,0.0,175012894.90000013
2025-08-01 10:26:10 AM,1490.1,63,93876.29999999999,175106771.20000014
2025-08-01 10:26:11 AM,1490.1,55,81955.5,175188726.70000014
2025-08-01 10:26:13 AM,1490.2,0,0.0,175188726.70000014
2025-08-01 10:26:13 AM,1490.2,1,1490.2,175190216.90000013
2025-08-01 10:26:19 AM,1490.1,0,0.0,175190216.90000013
2025-08-01 10:26:19 AM,1490.1,10,14901.0,175205117.90000013
2025-08-01 10:26:21 AM,1490.0,0,0.0,175205117.90000013
2025-08-01 10:26:21 AM,1490.0,3,4470.0,175209587.90000013
2025-08-01 10:26:21 AM,1490.0,1,1490.0,175211077.90000013
2025-08-01 10:26:24 AM,1490.0,108,160920.0,175371997.90000013
2025-08-01 10:26:24 AM,1490.0,16,23840.0,175395837.90000013
2025-08-01 10:26:25 AM,1490.2,0,0.0,175395837.90000013
2025-08-01 10:26:25 AM,1490.2,43,64078.6,175459916.50000012
2025-08-01 10:26:25 AM,1490.1,27,40232.7,175500149.2000001
2025-08-01 10:26:28 AM,1490.0,0,0.0,175500149.2000001
2025-08-01 10:26:28 AM,1490.0,15,22350.0,175522499.2000001
2025-08-01 10:26:36 AM,1490.5,2,2981.0,175525480.2000001
2025-08-01 10:26:39 AM,1490.2,0,0.0,175525480.2000001
2025-08-01 10:26:39 AM,1490.2,2,2980.4,175528460.6000001
2025-08-01 10:26:39 AM,1490.0,0,0.0,175528460.6000001
2025-08-01 10:26:39 AM,1490.0,1,1490.0,175529950.6000001
2025-08-01 10:26:49 AM,1490.1,2,2980.2,175532930.8000001
2025-08-01 10:26:56 AM,1490.0,67,99830.0,175632760.8000001
2025-08-01 10:26:58 AM,1490.0,6,8940.0,175641700.8000001
2025-08-01 10:26:59 AM,1489.9,0,0.0,175641700.8000001
2025-08-01 10:26:59 AM,1489.9,1,1489.9,175643190.7000001
2025-08-01 10:27:04 AM,1490.0,37,55130.0,175698320.7000001
2025-08-01 10:27:05 AM,1489.8,0,0.0,175698320.7000001
2025-08-01 10:27:06 AM,1490.0,0,0.0,175698320.7000001
2025-08-01 10:27:07 AM,1490.2,251,374040.2,176072360.9000001
2025-08-01 10:27:09 AM,1490.0,0,0.0,176072360.9000001
2025-08-01 10:27:10 AM,1490.0,5,7450.0,176079810.9000001
2025-08-01 10:27:13 AM,1490.0,63,93870.0,176173680.9000001
2025-08-01 10:27:19 AM,1490.0,2,2980.0,176176660.9000001
2025-08-01 10:27:24 AM,1490.0,1,1490.0,176178150.9000001
2025-08-01 10:27:30 AM,1490.0,2,2980.0,176181130.9000001
2025-08-01 10:27:32 AM,1490.0,152,226480.0,176407610.9000001
2025-08-01 10:27:33 AM,1490.1,0,0.0,176407610.9000001
2025-08-01 10:27:35 AM,1489.9,6,8939.400000000001,176416550.3000001
2025-08-01 10:27:37 AM,1489.9,1,1489.9,176418040.2000001
2025-08-01 10:27:39 AM,1489.8,0,0.0,176418040.2000001
2025-08-01 10:27:41 AM,1489.9,29,43207.100000000006,176461247.3000001
2025-08-01 10:27:42 AM,1489.8,0,0.0,176461247.3000001
2025-08-01 10:27:43 AM,1489.8,1,1489.8,176462737.1000001
2025-08-01 10:27:46 AM,1489.1,7,10423.699999999999,176473160.8000001
2025-08-01 10:27:49 AM,1489.1,14,20847.399999999998,176494008.2000001
2025-08-01 10:27:50 AM,1489.0,0,0.0,176494008.2000001
2025-08-01 10:27:52 AM,1489.0,1,1489.0,176495497.2000001
2025-08-01 10:27:57 AM,1489.0,8,11912.0,176507409.2000001
2025-08-01 10:27:59 AM,1489.0,10,14890.0,176522299.2000001
2025-08-01 10:28:02 AM,1489.0,5,7445.0,176529744.2000001
2025-08-01 10:28:06 AM,1489.1,0,0.0,176529744.2000001
2025-08-01 10:28:08 AM,1489.1,1,1489.1,176531233.3000001
2025-08-01 10:28:08 AM,1489.0,0,0.0,176531233.3000001
2025-08-01 10:28:10 AM,1489.1,0,0.0,176531233.3000001
2025-08-01 10:28:10 AM,1489.1,22,32760.199999999997,176563993.5000001
2025-08-01 10:28:15 AM,1489.0,0,0.0,176563993.5000001
2025-08-01 10:28:15 AM,1489.0,6,8934.0,176572927.5000001
2025-08-01 10:28:26 AM,1489.0,8,11912.0,176584839.5000001
2025-08-01 10:28:29 AM,1489.0,4,5956.0,176590795.5000001
2025-08-01 10:28:32 AM,1488.9,0,0.0,176590795.5000001
2025-08-01 10:28:32 AM,1488.9,70,104223.0,176695018.5000001
2025-08-01 10:28:33 AM,1488.5,0,0.0,176695018.5000001
2025-08-01 10:28:35 AM,1488.9,0,0.0,176695018.5000001
2025-08-01 10:28:35 AM,1488.9,169,251624.1,176946642.60000008
2025-08-01 10:28:36 AM,1488.5,0,0.0,176946642.60000008
2025-08-01 10:28:38 AM,1488.5,32,47632.0,176994274.60000008
2025-08-01 10:28:40 AM,1488.5,24,35724.0,177029998.60000008
2025-08-01 10:28:42 AM,1488.8,0,0.0,177029998.60000008
2025-08-01 10:28:43 AM,1488.8,7,10421.6,177040420.20000008
2025-08-01 10:28:51 AM,1488.5,0,0.0,177040420.20000008
2025-08-01 10:28:52 AM,1488.5,36,53586.0,177094006.20000008
2025-08-01 10:29:00 AM,1488.5,9,13396.5,177107402.70000008
2025-08-01 10:29:02 AM,1488.5,1,1488.5,177108891.20000008
2025-08-01 10:29:04 AM,1488.6,0,0.0,177108891.20000008
2025-08-01 10:29:06 AM,1488.5,10,14885.0,177123776.20000008
2025-08-01 10:29:08 AM,1488.5,4,5954.0,177129730.20000008
2025-08-01 10:29:10 AM,1488.0,0,0.0,177129730.20000008
2025-08-01 10:29:12 AM,1488.0,348,517824.0,177647554.20000008
2025-08-01 10:29:14 AM,1488.0,77,114576.0,177762130.20000008
2025-08-01 10:29:20 AM,1487.7,0,0.0,177762130.20000008
2025-08-01 10:29:20 AM,1487.5,0,0.0,177762130.20000008
2025-08-01 10:29:23 AM,1487.5,54,80325.0,177842455.20000008
2025-08-01 10:29:25 AM,1488.0,65,96720.0,177939175.20000008
2025-08-01 10:29:30 AM,1487.5,0,0.0,177939175.20000008
2025-08-01 10:29:30 AM,1487.5,2,2975.0,177942150.20000008
2025-08-01 10:29:32 AM,1487.7,0,0.0,177942150.20000008
2025-08-01 10:29:33 AM,1487.8,18,26780.399999999998,177968930.60000008
2025-08-01 10:29:34 AM,1487.7,0,0.0,177968930.60000008
2025-08-01 10:29:36 AM,1487.7,4,5950.8,177974881.4000001
2025-08-01 10:29:38 AM,1487.9,0,0.0,177974881.4000001
2025-08-01 10:29:39 AM,1487.9,35,52076.5,178026957.9000001
2025-08-01 10:29:42 AM,1487.5,6,8925.0,178035882.9000001
2025-08-01 10:29:46 AM,1487.8,0,0.0,178035882.9000001
2025-08-01 10:29:47 AM,1487.8,71,105633.8,178141516.7000001
2025-08-01 10:29:50 AM,1487.7,0,0.0,178141516.7000001
2025-08-01 10:29:52 AM,1487.7,25,37192.5,178178709.2000001
2025-08-01 10:29:58 AM,1487.7,25,37192.5,178215901.7000001
2025-08-01 10:30:01 AM,1487.5,10,14875.0,178230776.7000001
2025-08-01 10:30:02 AM,1487.7,0,0.0,178230776.7000001
2025-08-01 10:30:04 AM,1487.7,37,55044.9,178285821.6000001
2025-08-01 10:30:06 AM,1487.6,0,0.0,178285821.6000001
2025-08-01 10:30:06 AM,1488.2,0,0.0,178285821.6000001
2025-08-01 10:30:07 AM,1488.4,515,766526.0,179052347.6000001
2025-08-01 10:30:10 AM,1488.3,0,0.0,179052347.6000001
2025-08-01 10:30:10 AM,1488.3,130,193479.0,179245826.6000001
2025-08-01 10:30:13 AM,1488.3,128,190502.4,179436329.00000012
2025-08-01 10:30:16 AM,1488.8,0,0.0,179436329.00000012
2025-08-01 10:30:19 AM,1488.3,33,49113.9,179485442.90000013
2025-08-01 10:30:21 AM,1488.3,56,83344.8,179568787.70000014
2025-08-01 10:30:27 AM,1487.5,785,1167687.5,180736475.20000014
2025-08-01 10:30:31 AM,1487.2,0,0.0,180736475.20000014
2025-08-01 10:30:33 AM,1487.0,443,658741.0,181395216.20000014
2025-08-01 10:30:35 AM,1486.8,18,26762.399999999998,181421978.60000014
2025-08-01 10:30:38 AM,1486.5,0,0.0,181421978.60000014
2025-08-01 10:30:39 AM,1486.5,67,99595.5,181521574.10000014
2025-08-01 10:30:46 AM,1486.4,0,0.0,181521574.10000014
2025-08-01 10:30:47 AM,1486.4,35,52024.0,181573598.10000014
2025-08-01 10:30:48 AM,1486.2,0,0.0,181573598.10000014
2025-08-01 10:30:50 AM,1486.2,59,87685.8,181661283.90000015
2025-08-01 10:30:55 AM,1486.2,22,32696.4,181693980.30000016
2025-08-01 10:30:58 AM,1486.2,2,2972.4,181696952.70000017
2025-08-01 10:31:01 AM,1486.2,10,14862.0,181711814.70000017
2025-08-01 10:31:04 AM,1486.4,43,63915.200000000004,181775729.90000015
2025-08-01 10:31:07 AM,1486.7,13,19327.100000000002,181795057.00000015
2025-08-01 10:31:11 AM,1486.8,0,0.0,181795057.00000015
2025-08-01 10:31:11 AM,1486.9,0,0.0,181795057.00000015
2025-08-01 10:31:13 AM,1488.1,0,0.0,181795057.00000015
2025-08-01 10:31:13 AM,1488.1,32,47619.2,181842676.20000014
2025-08-01 10:31:19 AM,1487.9,0,0.0,181842676.20000014
2025-08-01 10:31:19 AM,1487.9,2,2975.8,181845652.00000015
2025-08-01 10:31:23 AM,1487.5,0,0.0,181845652.00000015
2025-08-01 10:31:24 AM,1487.5,8,11900.0,181857552.00000015
2025-08-01 10:31:35 AM,1487.5,8,11900.0,181869452.00000015
2025-08-01 10:31:38 AM,1487.5,2,2975.0,181872427.00000015
2025-08-01 10:31:41 AM,1487.5,11,16362.5,181888789.50000015
2025-08-01 10:31:42 AM,1487.9,0,0.0,181888789.50000015
2025-08-01 10:31:43 AM,1487.9,3,4463.700000000001,181893253.20000014
2025-08-01 10:31:45 AM,1487.5,0,0.0,181893253.20000014
2025-08-01 10:31:46 AM,1487.5,20,29750.0,181923003.20000014
2025-08-01 10:31:49 AM,1487.7,3,4463.1,181927466.30000013
