date,price,qty,trnvr,cum_trnvr
2025-08-01 09:15:01 AM,622.5,218,135705.0,135705.0
2025-08-01 09:15:02 AM,622.0,1109,689798.0,825503.0
2025-08-01 09:15:11 AM,623.7,0,0.0,825503.0
2025-08-01 09:15:12 AM,623.7,110,68607.0,894110.0
2025-08-01 09:15:14 AM,623.15,37,23056.55,917166.55
2025-08-01 09:15:20 AM,618.6,0,0.0,917166.55
2025-08-01 09:15:23 AM,618.6,104,64334.4,981500.9500000001
2025-08-01 09:15:24 AM,621.45,14,8700.300000000001,990201.2500000001
2025-08-01 09:15:31 AM,619.05,24,14857.199999999999,1005058.4500000001
2025-08-01 09:15:40 AM,619.05,4,2476.2,1007534.65
2025-08-01 09:15:41 AM,621.3,398,247277.4,1254812.05
2025-08-01 09:15:50 AM,619.4,92,56984.799999999996,1311796.85
2025-08-01 09:15:52 AM,619.0,0,0.0,1311796.85
2025-08-01 09:15:55 AM,619.35,0,0.0,1311796.85
2025-08-01 09:15:56 AM,619.05,212,131238.59999999998,1443035.4500000002
2025-08-01 09:15:58 AM,618.0,24,14832.0,1457867.4500000002
2025-08-01 09:16:04 AM,618.0,26,16068.0,1473935.4500000002
2025-08-01 09:16:06 AM,618.0,10,6180.0,1480115.4500000002
2025-08-01 09:16:12 AM,617.6,2,1235.2,1481350.6500000001
2025-08-01 09:16:21 AM,616.0,84,51744.0,1533094.6500000001
2025-08-01 09:16:22 AM,617.6,25,15440.0,1548534.6500000001
2025-08-01 09:16:26 AM,616.1,0,0.0,1548534.6500000001
2025-08-01 09:16:29 AM,618.1,603,372714.3,1921248.9500000002
2025-08-01 09:16:31 AM,615.05,37,22756.85,1944005.8000000003
2025-08-01 09:16:37 AM,615.65,126,77571.9,2021577.7000000002
2025-08-01 09:16:45 AM,616.85,0,0.0,2021577.7000000002
2025-08-01 09:16:46 AM,616.85,109,67236.65000000001,2088814.35
2025-08-01 09:16:47 AM,616.65,10,6166.5,2094980.85
2025-08-01 09:16:54 AM,615.6,115,70794.0,2165774.85
2025-08-01 09:17:02 AM,616.0,64,39424.0,2205198.85
2025-08-01 09:17:03 AM,616.85,2,1233.7,2206432.5500000003
2025-08-01 09:17:04 AM,618.15,0,0.0,2206432.5500000003
2025-08-01 09:17:10 AM,618.15,10,6181.5,2212614.0500000003
2025-08-01 09:17:12 AM,617.0,49,30233.0,2242847.0500000003
2025-08-01 09:17:13 AM,618.15,0,0.0,2242847.0500000003
2025-08-01 09:17:19 AM,618.15,18,11126.699999999999,2253973.7500000005
2025-08-01 09:17:30 AM,617.85,0,0.0,2253973.7500000005
2025-08-01 09:17:35 AM,617.85,5,3089.25,2257063.0000000005
2025-08-01 09:17:38 AM,617.6,0,0.0,2257063.0000000005
2025-08-01 09:17:43 AM,617.6,74,45702.4,2302765.4000000004
2025-08-01 09:17:47 AM,618.5,0,0.0,2302765.4000000004
2025-08-01 09:17:52 AM,618.5,150,92775.0,2395540.4000000004
2025-08-01 09:18:00 AM,618.4,50,30920.0,2426460.4000000004
2025-08-01 09:18:04 AM,617.55,0,0.0,2426460.4000000004
2025-08-01 09:18:08 AM,617.55,23,14203.65,2440664.0500000003
2025-08-01 09:18:22 AM,618.5,0,0.0,2440664.0500000003
2025-08-01 09:18:25 AM,618.5,53,32780.5,2473444.5500000003
2025-08-01 09:18:41 AM,619.4,51,31589.399999999998,2505033.95
2025-08-01 09:18:44 AM,618.7,0,0.0,2505033.95
2025-08-01 09:18:46 AM,618.4,0,0.0,2505033.95
2025-08-01 09:18:49 AM,617.5,147,90772.5,2595806.45
2025-08-01 09:18:52 AM,617.75,0,0.0,2595806.45
2025-08-01 09:18:58 AM,617.75,24,14826.0,2610632.45
2025-08-01 09:19:06 AM,618.2,29,17927.800000000003,2628560.25
2025-08-01 09:19:14 AM,618.1,64,39558.4,2668118.65
2025-08-01 09:19:16 AM,617.5,0,0.0,2668118.65
2025-08-01 09:19:22 AM,617.05,34,20979.699999999997,2689098.35
2025-08-01 09:19:38 AM,618.0,90,55620.0,2744718.35
2025-08-01 09:19:41 AM,617.2,0,0.0,2744718.35
2025-08-01 09:19:46 AM,616.5,131,80761.5,2825479.85
2025-08-01 09:19:46 AM,616.45,0,0.0,2825479.85
2025-08-01 09:19:48 AM,616.45,8,4931.6,2830411.45
2025-08-01 09:19:54 AM,617.5,45,27787.5,2858198.95
2025-08-01 09:20:02 AM,618.1,100,61810.0,2920008.95
2025-08-01 09:20:09 AM,617.5,0,0.0,2920008.95
2025-08-01 09:20:10 AM,617.5,21,12967.5,2932976.45
2025-08-01 09:20:16 AM,618.0,0,0.0,2932976.45
2025-08-01 09:20:18 AM,618.1,334,206445.4,3139421.85
2025-08-01 09:20:23 AM,616.8,0,0.0,3139421.85
2025-08-01 09:20:26 AM,616.8,84,51811.2,3191233.0500000003
2025-08-01 09:20:30 AM,616.85,0,0.0,3191233.0500000003
2025-08-01 09:20:34 AM,617.0,33,20361.0,3211594.0500000003
2025-08-01 09:20:51 AM,617.6,0,0.0,3211594.0500000003
2025-08-01 09:20:57 AM,616.9,36,22208.399999999998,3233802.45
2025-08-01 09:20:57 AM,617.0,0,0.0,3233802.45
2025-08-01 09:20:58 AM,616.5,365,225022.5,3458824.95
2025-08-01 09:21:21 AM,616.7,102,62903.4,3521728.35
2025-08-01 09:21:25 AM,616.25,0,0.0,3521728.35
2025-08-01 09:21:28 AM,616.25,12,7395.0,3529123.35
2025-08-01 09:21:44 AM,616.75,0,0.0,3529123.35
2025-08-01 09:21:45 AM,616.75,1,616.75,3529740.1
2025-08-01 09:21:47 AM,616.1,0,0.0,3529740.1
2025-08-01 09:21:50 AM,616.4,0,0.0,3529740.1
2025-08-01 09:21:51 AM,616.4,35,21574.0,3551314.1
2025-08-01 09:22:05 AM,615.5,0,0.0,3551314.1
2025-08-01 09:22:06 AM,615.5,122,75091.0,3626405.1
2025-08-01 09:22:11 AM,615.0,0,0.0,3626405.1
2025-08-01 09:22:14 AM,615.0,19,11685.0,3638090.1
2025-08-01 09:22:16 AM,614.4,0,0.0,3638090.1
2025-08-01 09:22:22 AM,614.4,17,10444.8,3648534.9
2025-08-01 09:22:23 AM,614.2,19,11669.800000000001,3660204.6999999997
2025-08-01 09:22:25 AM,614.1,0,0.0,3660204.6999999997
2025-08-01 09:22:29 AM,614.0,431,264634.0,3924838.6999999997
2025-08-01 09:22:37 AM,614.0,74,45436.0,3970274.6999999997
2025-08-01 09:22:50 AM,614.65,0,0.0,3970274.6999999997
2025-08-01 09:22:51 AM,615.0,0,0.0,3970274.6999999997
2025-08-01 09:22:52 AM,615.0,72,44280.0,4014554.6999999997
2025-08-01 09:22:56 AM,614.45,0,0.0,4014554.6999999997
2025-08-01 09:22:59 AM,615.0,0,0.0,4014554.6999999997
2025-08-01 09:23:00 AM,615.0,119,73185.0,4087739.6999999997
2025-08-01 09:23:01 AM,614.2,24,14740.800000000001,4102480.4999999995
2025-08-01 09:23:07 AM,614.15,19,11668.85,4114149.3499999996
2025-08-01 09:23:15 AM,614.0,480,294720.0,4408869.35
2025-08-01 09:23:30 AM,613.1,0,0.0,4408869.35
2025-08-01 09:23:30 AM,613.1,19,11648.9,4420518.25
2025-08-01 09:23:32 AM,612.5,10,6125.0,4426643.25
2025-08-01 09:23:37 AM,613.15,0,0.0,4426643.25
2025-08-01 09:23:38 AM,613.1,26,15940.6,4442583.85
2025-08-01 09:23:44 AM,611.5,0,0.0,4442583.85
2025-08-01 09:23:45 AM,611.5,305,186507.5,4629091.35
2025-08-01 09:23:47 AM,611.2,225,137520.0,4766611.35
2025-08-01 09:23:53 AM,611.3,124,75801.2,4842412.55
2025-08-01 09:24:03 AM,612.6,0,0.0,4842412.55
2025-08-01 09:24:09 AM,612.6,53,32467.800000000003,4874880.35
2025-08-01 09:24:16 AM,613.0,50,30650.0,4905530.35
2025-08-01 09:24:17 AM,612.6,0,0.0,4905530.35
2025-08-01 09:24:18 AM,612.6,3,1837.8000000000002,4907368.149999999
2025-08-01 09:24:39 AM,612.5,33,20212.5,4927580.649999999
2025-08-01 09:24:41 AM,611.65,0,0.0,4927580.649999999
2025-08-01 09:24:46 AM,611.65,31,18961.149999999998,4946541.8
2025-08-01 09:25:00 AM,612.4,0,0.0,4946541.8
2025-08-01 09:25:01 AM,612.4,261,159836.4,5106378.2
2025-08-01 09:25:08 AM,612.25,0,0.0,5106378.2
2025-08-01 09:25:09 AM,612.25,24,14694.0,5121072.2
2025-08-01 09:25:14 AM,611.7,0,0.0,5121072.2
2025-08-01 09:25:15 AM,612.15,0,0.0,5121072.2
2025-08-01 09:25:16 AM,612.15,12,7345.799999999999,5128418.0
2025-08-01 09:25:20 AM,612.8,0,0.0,5128418.0
2025-08-01 09:25:24 AM,612.8,54,33091.2,5161509.2
2025-08-01 09:25:31 AM,612.4,100,61240.0,5222749.2
2025-08-01 09:25:33 AM,612.4,24,14697.599999999999,5237446.8
2025-08-01 09:25:39 AM,613.65,1150,705697.5,5943144.3
2025-08-01 09:25:44 AM,613.8,0,0.0,5943144.3
2025-08-01 09:25:46 AM,613.8,1,613.8,5943758.1
2025-08-01 09:26:01 AM,613.65,3,1840.9499999999998,5945599.05
2025-08-01 09:26:01 AM,613.4,0,0.0,5945599.05
2025-08-01 09:26:03 AM,613.95,22,13506.900000000001,5959105.95
2025-08-01 09:26:08 AM,616.45,0,0.0,5959105.95
2025-08-01 09:26:09 AM,616.45,427,263224.15,6222330.100000001
2025-08-01 09:26:11 AM,615.5,9,5539.5,6227869.600000001
2025-08-01 09:26:19 AM,615.25,14,8613.5,6236483.100000001
2025-08-01 09:26:21 AM,614.75,0,0.0,6236483.100000001
2025-08-01 09:26:24 AM,614.75,10,6147.5,6242630.600000001
2025-08-01 09:26:26 AM,614.1,0,0.0,6242630.600000001
2025-08-01 09:26:32 AM,614.1,14,8597.4,6251228.000000001
2025-08-01 09:26:45 AM,614.15,0,0.0,6251228.000000001
2025-08-01 09:26:47 AM,614.15,25,15353.75,6266581.750000001
2025-08-01 09:26:56 AM,614.1,5,3070.5,6269652.250000001
2025-08-01 09:27:10 AM,614.7,2,1229.4,6270881.650000001
2025-08-01 09:27:11 AM,614.1,0,0.0,6270881.650000001
2025-08-01 09:27:17 AM,614.1,24,14738.400000000001,6285620.050000002
2025-08-01 09:27:21 AM,614.15,0,0.0,6285620.050000002
2025-08-01 09:27:25 AM,614.15,20,12283.0,6297903.050000002
2025-08-01 09:27:36 AM,614.3,0,0.0,6297903.050000002
2025-08-01 09:27:39 AM,614.3,24,14743.199999999999,6312646.250000002
2025-08-01 09:27:47 AM,614.3,8,4914.4,6317560.650000002
2025-08-01 09:27:56 AM,614.0,148,90872.0,6408432.650000002
2025-08-01 09:28:01 AM,613.4,0,0.0,6408432.650000002
2025-08-01 09:28:03 AM,613.4,475,291365.0,6699797.650000002
2025-08-01 09:28:08 AM,613.8,0,0.0,6699797.650000002
2025-08-01 09:28:10 AM,613.8,15,9207.0,6709004.650000002
2025-08-01 09:28:19 AM,614.1,15,9211.5,6718216.150000002
2025-08-01 09:28:21 AM,614.35,0,0.0,6718216.150000002
2025-08-01 09:28:26 AM,614.35,68,41775.8,6759991.950000002
2025-08-01 09:28:27 AM,614.35,24,14744.400000000001,6774736.350000002
2025-08-01 09:28:31 AM,614.1,0,0.0,6774736.350000002
2025-08-01 09:28:33 AM,614.1,4,2456.4,6777192.750000003
2025-08-01 09:28:41 AM,613.8,50,30689.999999999996,6807882.750000003
2025-08-01 09:28:52 AM,613.55,0,0.0,6807882.750000003
2025-08-01 09:28:56 AM,612.85,147,90088.95,6897971.700000003
2025-08-01 09:29:10 AM,613.5,0,0.0,6897971.700000003
2025-08-01 09:29:11 AM,613.5,17,10429.5,6908401.200000003
2025-08-01 09:29:16 AM,613.15,0,0.0,6908401.200000003
2025-08-01 09:29:19 AM,613.15,24,14715.599999999999,6923116.800000003
2025-08-01 09:29:34 AM,615.4,1331,819097.4,7742214.200000003
2025-08-01 09:29:41 AM,614.75,0,0.0,7742214.200000003
2025-08-01 09:29:41 AM,614.75,24,14754.0,7756968.200000003
2025-08-01 09:29:56 AM,615.65,9,5540.849999999999,7762509.050000003
2025-08-01 09:29:57 AM,614.85,0,0.0,7762509.050000003
2025-08-01 09:29:57 AM,614.85,10,6148.5,7768657.550000003
2025-08-01 09:30:02 AM,615.85,0,0.0,7768657.550000003
2025-08-01 09:30:04 AM,615.85,10,6158.5,7774816.050000003
2025-08-01 09:30:10 AM,614.85,0,0.0,7774816.050000003
2025-08-01 09:30:12 AM,614.85,24,14756.400000000001,7789572.450000003
2025-08-01 09:30:13 AM,619.2,801,495979.2,8285551.650000003
2025-08-01 09:30:16 AM,617.3,0,0.0,8285551.650000003
2025-08-01 09:30:19 AM,617.3,87,53705.1,8339256.750000003
2025-08-01 09:30:31 AM,616.35,0,0.0,8339256.750000003
2025-08-01 09:30:34 AM,616.35,35,21572.25,8360829.000000003
2025-08-01 09:30:35 AM,616.85,5,3084.25,8363913.250000003
2025-08-01 09:30:38 AM,617.65,0,0.0,8363913.250000003
2025-08-01 09:30:41 AM,617.65,50,30882.5,8394795.750000004
2025-08-01 09:30:55 AM,617.55,0,0.0,8394795.750000004
2025-08-01 09:30:56 AM,617.55,14,8645.699999999999,8403441.450000003
2025-08-01 09:30:57 AM,617.4,25,15435.0,8418876.450000003
2025-08-01 09:31:02 AM,617.2,0,0.0,8418876.450000003
2025-08-01 09:31:03 AM,617.2,2,1234.4,8420110.850000003
2025-08-01 09:31:04 AM,616.3,17,10477.099999999999,8430587.950000003
2025-08-01 09:31:11 AM,617.15,67,41349.049999999996,8471937.000000004
2025-08-01 09:31:14 AM,615.0,0,0.0,8471937.000000004
2025-08-01 09:31:18 AM,615.0,539,331485.0,8803422.000000004
2025-08-01 09:31:20 AM,615.65,0,0.0,8803422.000000004
2025-08-01 09:31:24 AM,615.2,0,0.0,8803422.000000004
2025-08-01 09:31:26 AM,615.2,58,35681.600000000006,8839103.600000003
2025-08-01 09:31:26 AM,615.1,0,0.0,8839103.600000003
2025-08-01 09:31:30 AM,615.4,0,0.0,8839103.600000003
2025-08-01 09:31:33 AM,615.4,342,210466.8,9049570.400000004
2025-08-01 09:31:40 AM,612.55,4566,2796903.3,11846473.700000003
2025-08-01 09:31:42 AM,611.85,0,0.0,11846473.700000003
2025-08-01 09:31:47 AM,611.55,112,68493.59999999999,11914967.300000003
2025-08-01 09:31:49 AM,611.35,0,0.0,11914967.300000003
2025-08-01 09:31:54 AM,611.35,10,6113.5,11921080.800000003
2025-08-01 09:32:04 AM,611.25,0,0.0,11921080.800000003
2025-08-01 09:32:08 AM,611.05,850,519392.49999999994,12440473.300000003
2025-08-01 09:32:10 AM,611.0,0,0.0,12440473.300000003
2025-08-01 09:32:15 AM,610.4,46,28078.399999999998,12468551.700000003
2025-08-01 09:32:28 AM,611.4,0,0.0,12468551.700000003
2025-08-01 09:32:29 AM,611.4,151,92321.4,12560873.100000003
2025-08-01 09:32:43 AM,609.6,2960,1804416.0,14365289.100000003
2025-08-01 09:32:50 AM,608.55,212,129012.59999999999,14494301.700000003
2025-08-01 09:33:03 AM,608.6,28,17040.8,14511342.500000004
2025-08-01 09:33:10 AM,609.1,0,0.0,14511342.500000004
2025-08-01 09:33:10 AM,609.1,15,9136.5,14520479.000000004
2025-08-01 09:33:24 AM,609.1,25,15227.5,14535706.500000004
2025-08-01 09:33:30 AM,610.65,0,0.0,14535706.500000004
2025-08-01 09:33:31 AM,610.65,386,235710.9,14771417.400000004
2025-08-01 09:33:52 AM,611.05,43,26275.149999999998,14797692.550000004
2025-08-01 09:33:54 AM,611.85,0,0.0,14797692.550000004
2025-08-01 09:33:59 AM,612.15,23,14079.449999999999,14811772.000000004
2025-08-01 09:34:00 AM,611.55,0,0.0,14811772.000000004
2025-08-01 09:34:00 AM,611.1,0,0.0,14811772.000000004
2025-08-01 09:34:05 AM,612.15,0,0.0,14811772.000000004
2025-08-01 09:34:06 AM,612.15,80,48972.0,14860744.000000004
2025-08-01 09:34:18 AM,611.5,0,0.0,14860744.000000004
2025-08-01 09:34:20 AM,611.5,24,14676.0,14875420.000000004
2025-08-01 09:34:35 AM,612.0,0,0.0,14875420.000000004
2025-08-01 09:34:41 AM,612.0,618,378216.0,15253636.000000004
2025-08-01 09:34:43 AM,612.05,0,0.0,15253636.000000004
2025-08-01 09:34:45 AM,613.1,0,0.0,15253636.000000004
2025-08-01 09:34:48 AM,613.1,1548,949078.8,16202714.800000004
2025-08-01 09:34:50 AM,612.0,0,0.0,16202714.800000004
2025-08-01 09:34:55 AM,611.35,1652,1009950.2000000001,17212665.000000004
2025-08-01 09:34:57 AM,611.95,0,0.0,17212665.000000004
2025-08-01 09:35:00 AM,612.1,0,0.0,17212665.000000004
2025-08-01 09:35:01 AM,612.1,51,31217.100000000002,17243882.100000005
2025-08-01 09:35:05 AM,612.3,0,0.0,17243882.100000005
2025-08-01 09:35:09 AM,612.05,163,99764.15,17343646.250000004
2025-08-01 09:35:15 AM,612.0,0,0.0,17343646.250000004
2025-08-01 09:35:16 AM,612.0,231,141372.0,17485018.250000004
2025-08-01 09:35:30 AM,611.65,0,0.0,17485018.250000004
2025-08-01 09:35:30 AM,611.65,7,4281.55,17489299.800000004
2025-08-01 09:35:35 AM,611.35,0,0.0,17489299.800000004
2025-08-01 09:35:37 AM,611.35,24,14672.400000000001,17503972.200000003
2025-08-01 09:35:45 AM,610.95,0,0.0,17503972.200000003
2025-08-01 09:35:50 AM,610.95,101,61705.950000000004,17565678.150000002
2025-08-01 09:35:57 AM,610.8,26,15880.8,17581558.950000003
2025-08-01 09:36:00 AM,611.3,0,0.0,17581558.950000003
2025-08-01 09:36:03 AM,611.3,9,5501.7,17587060.650000002
2025-08-01 09:36:12 AM,611.1,0,0.0,17587060.650000002
2025-08-01 09:36:17 AM,611.1,9,5499.900000000001,17592560.55
2025-08-01 09:36:20 AM,611.9,0,0.0,17592560.55
2025-08-01 09:36:20 AM,611.7,0,0.0,17592560.55
2025-08-01 09:36:23 AM,611.7,413,252632.1,17845192.650000002
2025-08-01 09:36:28 AM,610.85,0,0.0,17845192.650000002
2025-08-01 09:36:30 AM,611.6,252,154123.2,17999315.85
2025-08-01 09:36:36 AM,612.15,0,0.0,17999315.85
2025-08-01 09:36:36 AM,612.15,432,264448.8,18263764.650000002
2025-08-01 09:36:40 AM,612.1,0,0.0,18263764.650000002
2025-08-01 09:36:43 AM,612.1,113,69167.3,18332931.950000003
2025-08-01 09:36:44 AM,611.6,0,0.0,18332931.950000003
2025-08-01 09:36:48 AM,611.15,0,0.0,18332931.950000003
2025-08-01 09:36:49 AM,611.15,34,20779.1,18353711.050000004
2025-08-01 09:36:52 AM,611.1,0,0.0,18353711.050000004
2025-08-01 09:36:56 AM,611.1,2,1222.2,18354933.250000004
2025-08-01 09:37:13 AM,611.0,0,0.0,18354933.250000004
2025-08-01 09:37:17 AM,611.0,140,85540.0,18440473.250000004
2025-08-01 09:37:31 AM,611.0,200,122200.0,18562673.250000004
2025-08-01 09:37:38 AM,611.0,24,14664.0,18577337.250000004
2025-08-01 09:37:44 AM,611.0,46,28106.0,18605443.250000004
2025-08-01 09:38:04 AM,611.0,270,164970.0,18770413.250000004
2025-08-01 09:38:09 AM,609.15,0,0.0,18770413.250000004
2025-08-01 09:38:11 AM,609.15,553,336859.95,19107273.200000003
2025-08-01 09:38:30 AM,609.3,0,0.0,19107273.200000003
2025-08-01 09:38:31 AM,609.3,75,45697.5,19152970.700000003
2025-08-01 09:38:35 AM,609.35,0,0.0,19152970.700000003
2025-08-01 09:38:38 AM,609.0,98,59682.0,19212652.700000003
2025-08-01 09:38:43 AM,609.3,0,0.0,19212652.700000003
2025-08-01 09:38:45 AM,609.3,801,488049.3,19700702.000000004
2025-08-01 09:38:52 AM,608.7,0,0.0,19700702.000000004
2025-08-01 09:38:56 AM,608.9,0,0.0,19700702.000000004
2025-08-01 09:38:58 AM,608.9,484,294707.6,19995409.600000005
2025-08-01 09:39:10 AM,608.8,0,0.0,19995409.600000005
2025-08-01 09:39:12 AM,608.8,12,7305.599999999999,20002715.200000007
2025-08-01 09:39:15 AM,608.9,0,0.0,20002715.200000007
2025-08-01 09:39:18 AM,608.8,206,125412.79999999999,20128128.000000007
2025-08-01 09:39:25 AM,608.8,20,12176.0,20140304.000000007
2025-08-01 09:39:32 AM,608.8,20,12176.0,20152480.000000007
2025-08-01 09:39:36 AM,608.5,0,0.0,20152480.000000007
2025-08-01 09:39:38 AM,608.5,2,1217.0,20153697.000000007
2025-08-01 09:39:41 AM,608.55,0,0.0,20153697.000000007
2025-08-01 09:39:45 AM,609.3,561,341817.3,20495514.30000001
2025-08-01 09:39:49 AM,609.15,0,0.0,20495514.30000001
2025-08-01 09:39:51 AM,609.15,728,443461.2,20938975.500000007
2025-08-01 09:40:04 AM,608.6,4,2434.4,20941409.900000006
2025-08-01 09:40:09 AM,608.25,0,0.0,20941409.900000006
2025-08-01 09:40:11 AM,608.25,24,14598.0,20956007.900000006
2025-08-01 09:40:19 AM,608.7,0,0.0,20956007.900000006
2025-08-01 09:40:24 AM,608.0,127,77216.0,21033223.900000006
2025-08-01 09:40:31 AM,608.45,37,22512.65,21055736.550000004
2025-08-01 09:40:32 AM,608.05,24,14593.199999999999,21070329.750000004
2025-08-01 09:40:33 AM,608.55,0,0.0,21070329.750000004
2025-08-01 09:40:37 AM,608.55,9,5476.95,21075806.700000003
2025-08-01 09:40:48 AM,608.45,0,0.0,21075806.700000003
2025-08-01 09:40:51 AM,608.45,500,304225.0,21380031.700000003
2025-08-01 09:40:57 AM,608.5,24,14604.0,21394635.700000003
2025-08-01 09:41:03 AM,608.45,0,0.0,21394635.700000003
2025-08-01 09:41:04 AM,608.45,45,27380.250000000004,21422015.950000003
2025-08-01 09:41:08 AM,609.0,0,0.0,21422015.950000003
2025-08-01 09:41:10 AM,609.0,892,543228.0,21965243.950000003
2025-08-01 09:41:17 AM,609.0,5,3045.0,21968288.950000003
2025-08-01 09:41:24 AM,608.5,29,17646.5,21985935.450000003
2025-08-01 09:41:28 AM,608.45,0,0.0,21985935.450000003
2025-08-01 09:41:30 AM,608.45,16,9735.2,21995670.650000002
2025-08-01 09:41:36 AM,608.75,0,0.0,21995670.650000002
2025-08-01 09:41:37 AM,608.75,23,14001.25,22009671.900000002
2025-08-01 09:41:44 AM,609.25,7,4264.75,22013936.650000002
2025-08-01 09:41:47 AM,608.85,0,0.0,22013936.650000002
2025-08-01 09:41:50 AM,608.6,262,159453.2,22173389.85
2025-08-01 09:41:52 AM,608.5,0,0.0,22173389.85
2025-08-01 09:41:56 AM,608.5,7,4259.5,22177649.35
2025-08-01 09:42:03 AM,608.5,17,10344.5,22187993.85
2025-08-01 09:42:13 AM,608.6,0,0.0,22187993.85
2025-08-01 09:42:16 AM,608.6,101,61468.600000000006,22249462.450000003
2025-08-01 09:42:35 AM,608.3,0,0.0,22249462.450000003
2025-08-01 09:42:36 AM,608.3,1,608.3,22250070.750000004
2025-08-01 09:42:37 AM,608.3,18,10949.4,22261020.150000002
2025-08-01 09:42:42 AM,608.1,6,3648.6000000000004,22264668.750000004
2025-08-01 09:42:59 AM,608.2,0,0.0,22264668.750000004
2025-08-01 09:43:02 AM,608.1,41,24932.100000000002,22289600.850000005
2025-08-01 09:43:02 AM,608.15,2,1216.3,22290817.150000006
2025-08-01 09:43:08 AM,608.15,47,28583.05,22319400.200000007
2025-08-01 09:43:28 AM,608.15,3,1824.4499999999998,22321224.650000006
2025-08-01 09:43:35 AM,608.15,21,12771.15,22333995.800000004
2025-08-01 09:43:49 AM,608.7,200,121740.00000000001,22455735.800000004
2025-08-01 09:43:51 AM,608.1,0,0.0,22455735.800000004
2025-08-01 09:43:54 AM,608.1,602,366076.2,22821812.000000004
2025-08-01 09:44:07 AM,608.4,0,0.0,22821812.000000004
2025-08-01 09:44:08 AM,608.4,5,3042.0,22824854.000000004
2025-08-01 09:44:09 AM,608.0,32,19456.0,22844310.000000004
2025-08-01 09:44:21 AM,609.15,0,0.0,22844310.000000004
2025-08-01 09:44:21 AM,609.2,734,447152.80000000005,23291462.800000004
2025-08-01 09:44:22 AM,608.95,149,90733.55,23382196.350000005
2025-08-01 09:44:27 AM,609.7,0,0.0,23382196.350000005
2025-08-01 09:44:28 AM,609.7,441,268877.7,23651074.050000004
2025-08-01 09:44:33 AM,608.05,0,0.0,23651074.050000004
2025-08-01 09:44:34 AM,608.05,99,60196.95,23711271.000000004
2025-08-01 09:44:35 AM,608.7,57,34695.9,23745966.900000002
2025-08-01 09:44:35 AM,608.0,0,0.0,23745966.900000002
2025-08-01 09:44:39 AM,608.6,0,0.0,23745966.900000002
2025-08-01 09:44:40 AM,608.6,120,73032.0,23818998.900000002
2025-08-01 09:44:43 AM,608.15,0,0.0,23818998.900000002
2025-08-01 09:44:47 AM,608.1,25,15202.5,23834201.400000002
2025-08-01 09:44:59 AM,609.0,0,0.0,23834201.400000002
2025-08-01 09:45:00 AM,609.0,5,3045.0,23837246.400000002
2025-08-01 09:45:03 AM,608.9,0,0.0,23837246.400000002
2025-08-01 09:45:06 AM,608.2,8,4865.6,23842112.000000004
2025-08-01 09:45:13 AM,608.9,171,104121.9,23946233.900000002
2025-08-01 09:45:19 AM,608.2,0,0.0,23946233.900000002
2025-08-01 09:45:20 AM,608.2,56,34059.200000000004,23980293.1
2025-08-01 09:45:23 AM,608.75,0,0.0,23980293.1
2025-08-01 09:45:26 AM,608.1,565,343576.5,24323869.6
2025-08-01 09:45:32 AM,608.55,29,17647.949999999997,24341517.55
2025-08-01 09:45:39 AM,608.55,4,2434.2,24343951.75
2025-08-01 09:45:43 AM,608.1,0,0.0,24343951.75
2025-08-01 09:45:46 AM,608.1,34,20675.4,24364627.15
2025-08-01 09:45:47 AM,608.1,5,3040.5,24367667.65
2025-08-01 09:45:56 AM,608.05,0,0.0,24367667.65
2025-08-01 09:45:58 AM,608.8,186,113236.79999999999,24480904.45
2025-08-01 09:46:01 AM,608.0,0,0.0,24480904.45
2025-08-01 09:46:05 AM,607.1,0,0.0,24480904.45
2025-08-01 09:46:05 AM,607.1,1388,842654.8,25323559.25
2025-08-01 09:46:15 AM,607.55,0,0.0,25323559.25
2025-08-01 09:46:18 AM,607.55,9,5467.95,25329027.2
2025-08-01 09:46:20 AM,607.75,30,18232.5,25347259.7
2025-08-01 09:46:21 AM,607.7,0,0.0,25347259.7
2025-08-01 09:46:24 AM,607.7,5,3038.5,25350298.2
2025-08-01 09:46:31 AM,607.1,20,12142.0,25362440.2
2025-08-01 09:46:33 AM,607.4,5,3037.0,25365477.2
2025-08-01 09:46:49 AM,607.4,30,18222.0,25383699.2
2025-08-01 09:47:05 AM,607.7,0,0.0,25383699.2
2025-08-01 09:47:08 AM,607.7,5,3038.5,25386737.7
2025-08-01 09:47:13 AM,607.4,0,0.0,25386737.7
2025-08-01 09:47:14 AM,607.4,1,607.4,25387345.099999998
2025-08-01 09:47:16 AM,607.4,3,1822.1999999999998,25389167.299999997
2025-08-01 09:47:17 AM,607.1,0,0.0,25389167.299999997
2025-08-01 09:47:20 AM,607.1,20,12142.0,25401309.299999997
2025-08-01 09:47:23 AM,607.4,5,3037.0,25404346.299999997
2025-08-01 09:47:27 AM,607.4,1,607.4,25404953.699999996
2025-08-01 09:47:33 AM,607.4,6,3644.3999999999996,25408598.099999994
2025-08-01 09:47:36 AM,607.4,25,15185.0,25423783.099999994
2025-08-01 09:47:37 AM,607.1,0,0.0,25423783.099999994
2025-08-01 09:47:40 AM,607.1,32,19427.2,25443210.299999993
2025-08-01 09:47:47 AM,607.3,618,375311.39999999997,25818521.69999999
2025-08-01 09:47:56 AM,607.4,238,144561.19999999998,25963082.89999999
2025-08-01 09:48:02 AM,607.5,0,0.0,25963082.89999999
2025-08-01 09:48:02 AM,607.45,0,0.0,25963082.89999999
2025-08-01 09:48:02 AM,607.45,85,51633.25000000001,26014716.14999999
2025-08-01 09:48:06 AM,607.1,20,12142.0,26026858.14999999
2025-08-01 09:48:18 AM,607.4,0,0.0,26026858.14999999
2025-08-01 09:48:19 AM,607.4,75,45555.0,26072413.14999999
2025-08-01 09:48:27 AM,607.1,0,0.0,26072413.14999999
2025-08-01 09:48:28 AM,607.1,26,15784.6,26088197.749999993
2025-08-01 09:48:31 AM,607.0,0,0.0,26088197.749999993
2025-08-01 09:48:32 AM,607.4,50,30370.0,26118567.749999993
2025-08-01 09:48:35 AM,607.05,34,20639.699999999997,26139207.44999999
2025-08-01 09:48:38 AM,607.0,0,0.0,26139207.44999999
2025-08-01 09:48:39 AM,607.0,120,72840.0,26212047.44999999
2025-08-01 09:48:41 AM,607.35,12,7288.200000000001,26219335.64999999
2025-08-01 09:48:51 AM,607.8,0,0.0,26219335.64999999
2025-08-01 09:48:51 AM,607.8,6,3646.7999999999997,26222982.44999999
2025-08-01 09:48:51 AM,607.3,0,0.0,26222982.44999999
2025-08-01 09:48:54 AM,607.1,99,60102.9,26283085.34999999
2025-08-01 09:49:03 AM,607.6,0,0.0,26283085.34999999
2025-08-01 09:49:04 AM,607.6,5,3038.0,26286123.34999999
2025-08-01 09:49:18 AM,607.55,0,0.0,26286123.34999999
2025-08-01 09:49:19 AM,607.55,30,18226.5,26304349.84999999
2025-08-01 09:49:21 AM,607.75,0,0.0,26304349.84999999
2025-08-01 09:49:23 AM,607.75,4,2431.0,26306780.84999999
2025-08-01 09:49:30 AM,607.8,0,0.0,26306780.84999999
2025-08-01 09:49:31 AM,607.8,5,3039.0,26309819.84999999
2025-08-01 09:49:33 AM,607.75,0,0.0,26309819.84999999
2025-08-01 09:49:35 AM,607.75,6,3646.5,26313466.34999999
2025-08-01 09:49:44 AM,607.1,24,14570.400000000001,26328036.74999999
2025-08-01 09:49:48 AM,607.75,0,0.0,26328036.74999999
2025-08-01 09:49:48 AM,607.75,569,345809.75,26673846.49999999
2025-08-01 09:49:54 AM,607.95,4,2431.8,26676278.29999999
2025-08-01 09:49:56 AM,607.05,0,0.0,26676278.29999999
2025-08-01 09:49:57 AM,607.05,100,60704.99999999999,26736983.29999999
2025-08-01 09:50:02 AM,606.95,0,0.0,26736983.29999999
2025-08-01 09:50:04 AM,606.95,1005,609984.75,27346968.04999999
2025-08-01 09:50:07 AM,606.5,0,0.0,27346968.04999999
2025-08-01 09:50:07 AM,606.5,24,14556.0,27361524.04999999
2025-08-01 09:50:08 AM,607.0,0,0.0,27361524.04999999
2025-08-01 09:50:10 AM,607.0,86,52202.0,27413726.04999999
2025-08-01 09:50:17 AM,607.35,0,0.0,27413726.04999999
2025-08-01 09:50:20 AM,607.35,6,3644.1000000000004,27417370.14999999
2025-08-01 09:50:32 AM,607.3,25,15182.499999999998,27432552.64999999
2025-08-01 09:50:38 AM,607.4,0,0.0,27432552.64999999
2025-08-01 09:50:39 AM,607.4,4,2429.6,27434982.249999993
2025-08-01 09:50:47 AM,607.5,0,0.0,27434982.249999993
2025-08-01 09:50:48 AM,607.5,6,3645.0,27438627.249999993
2025-08-01 09:50:51 AM,607.45,3,1822.3500000000001,27440449.599999994
2025-08-01 09:50:56 AM,607.0,0,0.0,27440449.599999994
2025-08-01 09:50:58 AM,607.0,24,14568.0,27455017.599999994
2025-08-01 09:51:02 AM,607.4,0,0.0,27455017.599999994
2025-08-01 09:51:04 AM,607.4,5,3037.0,27458054.599999994
2025-08-01 09:51:17 AM,607.55,1,607.55,27458662.149999995
2025-08-01 09:51:21 AM,607.05,0,0.0,27458662.149999995
2025-08-01 09:51:23 AM,607.05,29,17604.449999999997,27476266.599999994
2025-08-01 09:51:33 AM,607.75,0,0.0,27476266.599999994
2025-08-01 09:51:35 AM,607.75,6,3646.5,27479913.099999994
2025-08-01 09:51:45 AM,607.05,0,0.0,27479913.099999994
2025-08-01 09:51:47 AM,607.1,0,0.0,27479913.099999994
2025-08-01 09:51:48 AM,607.55,39,23694.449999999997,27503607.549999993
2025-08-01 09:51:52 AM,607.0,0,0.0,27503607.549999993
2025-08-01 09:51:54 AM,607.0,20,12140.0,27515747.549999993
2025-08-01 09:52:03 AM,607.5,5,3037.5,27518785.049999993
2025-08-01 09:52:09 AM,607.5,5,3037.5,27521822.549999993
2025-08-01 09:52:12 AM,607.05,24,14569.199999999999,27536391.749999993
2025-08-01 09:52:16 AM,607.0,0,0.0,27536391.749999993
2025-08-01 09:52:18 AM,607.55,11,6683.049999999999,27543074.799999993
2025-08-01 09:52:25 AM,607.05,0,0.0,27543074.799999993
2025-08-01 09:52:27 AM,607.05,7,4249.349999999999,27547324.149999995
2025-08-01 09:52:33 AM,607.55,5,3037.75,27550361.899999995
2025-08-01 09:52:37 AM,607.1,0,0.0,27550361.899999995
2025-08-01 09:52:37 AM,607.1,5,3035.5,27553397.399999995
2025-08-01 09:52:43 AM,607.05,0,0.0,27553397.399999995
2025-08-01 09:52:43 AM,607.05,6,3642.2999999999997,27557039.699999996
2025-08-01 09:52:45 AM,607.0,30,18210.0,27575249.699999996
2025-08-01 09:52:49 AM,607.0,13,7891.0,27583140.699999996
2025-08-01 09:52:55 AM,607.1,0,0.0,27583140.699999996
2025-08-01 09:52:55 AM,607.1,5,3035.5,27586176.199999996
2025-08-01 09:53:01 AM,607.0,0,0.0,27586176.199999996
2025-08-01 09:53:03 AM,607.1,30,18213.0,27604389.199999996
2025-08-01 09:53:07 AM,607.1,3,1821.3000000000002,27606210.499999996
2025-08-01 09:53:15 AM,607.0,27,16389.0,27622599.499999996
2025-08-01 09:53:17 AM,606.85,0,0.0,27622599.499999996
2025-08-01 09:53:20 AM,606.85,5,3034.25,27625633.749999996
2025-08-01 09:53:26 AM,606.5,0,0.0,27625633.749999996
2025-08-01 09:53:28 AM,606.5,24,14556.0,27640189.749999996
2025-08-01 09:53:29 AM,606.25,0,0.0,27640189.749999996
2025-08-01 09:53:32 AM,606.25,65,39406.25,27679595.999999996
2025-08-01 09:53:38 AM,606.0,676,409656.0,28089251.999999996
2025-08-01 09:53:40 AM,606.0,5,3030.0,28092281.999999996
2025-08-01 09:53:41 AM,605.55,0,0.0,28092281.999999996
2025-08-01 09:53:45 AM,605.55,4,2422.2,28094704.199999996
2025-08-01 09:53:47 AM,605.8,0,0.0,28094704.199999996
2025-08-01 09:53:51 AM,605.8,5,3029.0,28097733.199999996
2025-08-01 09:53:52 AM,605.55,601,363935.55,28461668.749999996
2025-08-01 09:53:56 AM,605.6,0,0.0,28461668.749999996
2025-08-01 09:53:57 AM,605.6,10,6056.0,28467724.749999996
2025-08-01 09:54:02 AM,605.55,0,0.0,28467724.749999996
2025-08-01 09:54:03 AM,605.55,23,13927.65,28481652.399999995
2025-08-01 09:54:05 AM,605.6,0,0.0,28481652.399999995
2025-08-01 09:54:09 AM,605.6,31,18773.600000000002,28500425.999999996
2025-08-01 09:54:17 AM,605.6,24,14534.400000000001,28514960.399999995
2025-08-01 09:54:17 AM,605.8,0,0.0,28514960.399999995
2025-08-01 09:54:22 AM,605.8,6,3634.7999999999997,28518595.199999996
2025-08-01 09:54:34 AM,605.8,5,3029.0,28521624.199999996
2025-08-01 09:54:36 AM,605.6,0,0.0,28521624.199999996
2025-08-01 09:54:40 AM,605.8,115,69667.0,28591291.199999996
2025-08-01 09:54:46 AM,605.8,25,15144.999999999998,28606436.199999996
2025-08-01 09:54:51 AM,606.0,0,0.0,28606436.199999996
2025-08-01 09:54:52 AM,606.0,5,3030.0,28609466.199999996
2025-08-01 09:54:58 AM,606.0,1,606.0,28610072.199999996
2025-08-01 09:55:03 AM,606.0,6,3636.0,28613708.199999996
2025-08-01 09:55:06 AM,605.8,0,0.0,28613708.199999996
2025-08-01 09:55:09 AM,606.0,0,0.0,28613708.199999996
2025-08-01 09:55:09 AM,606.0,154,93324.0,28707032.199999996
2025-08-01 09:55:13 AM,606.3,0,0.0,28707032.199999996
2025-08-01 09:55:15 AM,606.3,30,18189.0,28725221.199999996
2025-08-01 09:55:18 AM,606.7,0,0.0,28725221.199999996
2025-08-01 09:55:21 AM,606.7,5,3033.5,28728254.699999996
2025-08-01 09:55:33 AM,606.7,29,17594.300000000003,28745848.999999996
2025-08-01 09:55:52 AM,606.7,16,9707.2,28755556.199999996
2025-08-01 09:55:58 AM,606.25,25,15156.25,28770712.449999996
2025-08-01 09:56:02 AM,606.65,0,0.0,28770712.449999996
2025-08-01 09:56:04 AM,606.65,5,3033.25,28773745.699999996
2025-08-01 09:56:14 AM,606.85,0,0.0,28773745.699999996
2025-08-01 09:56:16 AM,606.85,50,30342.5,28804088.199999996
2025-08-01 09:56:22 AM,606.65,14,8493.1,28812581.299999997
2025-08-01 09:56:27 AM,606.4,0,0.0,28812581.299999997
2025-08-01 09:56:28 AM,606.2,68,41221.600000000006,28853802.9
2025-08-01 09:56:33 AM,606.85,0,0.0,28853802.9
2025-08-01 09:56:33 AM,606.85,5,3034.25,28856837.15
2025-08-01 09:56:47 AM,606.5,24,14556.0,28871393.15
2025-08-01 09:56:49 AM,606.85,0,0.0,28871393.15
2025-08-01 09:56:52 AM,606.5,0,0.0,28871393.15
2025-08-01 09:56:52 AM,606.5,125,75812.5,28947205.65
2025-08-01 09:57:01 AM,606.8,0,0.0,28947205.65
2025-08-01 09:57:04 AM,606.8,18,10922.4,28958128.049999997
2025-08-01 09:57:09 AM,606.95,0,0.0,28958128.049999997
2025-08-01 09:57:10 AM,606.95,5,3034.75,28961162.799999997
2025-08-01 09:57:12 AM,606.8,0,0.0,28961162.799999997
2025-08-01 09:57:15 AM,606.8,24,14563.199999999999,28975725.999999996
2025-08-01 09:57:21 AM,607.05,0,0.0,28975725.999999996
2025-08-01 09:57:21 AM,607.05,5,3035.25,28978761.249999996
2025-08-01 09:57:32 AM,607.05,5,3035.25,28981796.499999996
2025-08-01 09:57:37 AM,606.95,0,0.0,28981796.499999996
2025-08-01 09:57:39 AM,606.95,10,6069.5,28987865.999999996
2025-08-01 09:57:41 AM,606.95,1,606.95,28988472.949999996
2025-08-01 09:57:45 AM,606.8,0,0.0,28988472.949999996
2025-08-01 09:57:45 AM,606.8,68,41262.399999999994,29029735.349999994
2025-08-01 09:57:47 AM,606.75,9,5460.75,29035196.099999994
2025-08-01 09:58:03 AM,606.85,30,18205.5,29053401.599999994
2025-08-01 09:58:10 AM,606.8,0,0.0,29053401.599999994
2025-08-01 09:58:12 AM,606.8,1,606.8,29054008.399999995
2025-08-01 09:58:18 AM,606.8,5,3034.0,29057042.399999995
2025-08-01 09:58:21 AM,606.85,14,8495.9,29065538.299999993
2025-08-01 09:58:24 AM,607.0,3,1821.0,29067359.299999993
2025-08-01 09:58:27 AM,606.85,24,14564.400000000001,29081923.69999999
2025-08-01 09:58:33 AM,607.05,6,3642.2999999999997,29085565.999999993
2025-08-01 09:58:48 AM,607.15,16,9714.4,29095280.39999999
2025-08-01 09:58:51 AM,607.2,104,63148.8,29158429.19999999
2025-08-01 09:58:54 AM,607.2,43,26109.600000000002,29184538.799999993
2025-08-01 09:59:02 AM,607.3,0,0.0,29184538.799999993
2025-08-01 09:59:04 AM,607.3,6,3643.7999999999997,29188182.599999994
2025-08-01 09:59:06 AM,606.85,0,0.0,29188182.599999994
2025-08-01 09:59:06 AM,606.85,38,23060.3,29211242.899999995
2025-08-01 09:59:19 AM,607.1,29,17605.9,29228848.799999993
2025-08-01 09:59:34 AM,607.15,0,0.0,29228848.799999993
2025-08-01 09:59:35 AM,607.15,5,3035.75,29231884.549999993
2025-08-01 09:59:44 AM,606.85,0,0.0,29231884.549999993
2025-08-01 09:59:44 AM,606.85,24,14564.400000000001,29246448.94999999
2025-08-01 09:59:48 AM,607.3,0,0.0,29246448.94999999
2025-08-01 09:59:48 AM,607.3,6,3643.7999999999997,29250092.749999993
2025-08-01 10:00:02 AM,607.15,8,4857.2,29254949.94999999
2025-08-01 10:00:09 AM,607.35,0,0.0,29254949.94999999
2025-08-01 10:00:09 AM,607.35,56,34011.6,29288961.549999993
2025-08-01 10:00:19 AM,607.4,5,3037.0,29291998.549999993
2025-08-01 10:00:31 AM,606.85,529,321023.65,29613022.19999999
2025-08-01 10:00:34 AM,606.85,30,18205.5,29631227.69999999
2025-08-01 10:00:47 AM,606.8,5,3034.0,29634261.69999999
2025-08-01 10:00:53 AM,606.85,10,6068.5,29640330.19999999
2025-08-01 10:00:57 AM,606.7,24,14560.800000000001,29654890.999999993
2025-08-01 10:01:02 AM,606.9,0,0.0,29654890.999999993
2025-08-01 10:01:03 AM,606.9,5,3034.5,29657925.499999993
2025-08-01 10:01:06 AM,606.45,231,140089.95,29798015.44999999
2025-08-01 10:01:18 AM,606.65,0,0.0,29798015.44999999
2025-08-01 10:01:19 AM,606.65,1,606.65,29798622.09999999
2025-08-01 10:01:22 AM,606.7,0,0.0,29798622.09999999
2025-08-01 10:01:22 AM,606.35,6,3638.1000000000004,29802260.19999999
2025-08-01 10:01:27 AM,606.2,0,0.0,29802260.19999999
2025-08-01 10:01:28 AM,606.2,7,4243.400000000001,29806503.59999999
2025-08-01 10:01:31 AM,606.2,36,21823.2,29828326.79999999
2025-08-01 10:01:34 AM,606.4,0,0.0,29828326.79999999
2025-08-01 10:01:34 AM,606.4,5,3032.0,29831358.79999999
2025-08-01 10:01:47 AM,606.45,0,0.0,29831358.79999999
2025-08-01 10:01:50 AM,607.0,25,15175.0,29846533.79999999
2025-08-01 10:02:00 AM,607.2,0,0.0,29846533.79999999
2025-08-01 10:02:02 AM,607.2,6,3643.2000000000003,29850176.99999999
2025-08-01 10:02:07 AM,607.4,0,0.0,29850176.99999999
2025-08-01 10:02:08 AM,607.4,5,3037.0,29853213.99999999
2025-08-01 10:02:10 AM,607.4,100,60740.0,29913953.99999999
2025-08-01 10:02:18 AM,607.25,0,0.0,29913953.99999999
2025-08-01 10:02:21 AM,607.25,5,3036.25,29916990.24999999
2025-08-01 10:02:27 AM,607.0,0,0.0,29916990.24999999
2025-08-01 10:02:28 AM,607.3,260,157898.0,30074888.24999999
2025-08-01 10:02:33 AM,607.3,6,3643.7999999999997,30078532.04999999
2025-08-01 10:02:40 AM,606.95,0,0.0,30078532.04999999
2025-08-01 10:02:40 AM,606.95,20,12139.0,30090671.04999999
2025-08-01 10:02:42 AM,606.8,4,2427.2,30093098.24999999
2025-08-01 10:02:48 AM,607.15,5,3035.75,30096133.99999999
2025-08-01 10:02:53 AM,607.15,1,607.15,30096741.149999987
2025-08-01 10:03:02 AM,606.95,0,0.0,30096741.149999987
2025-08-01 10:03:05 AM,607.15,29,17607.35,30114348.49999999
2025-08-01 10:03:18 AM,607.2,0,0.0,30114348.49999999
2025-08-01 10:03:18 AM,607.2,6,3643.2000000000003,30117991.699999988
2025-08-01 10:03:25 AM,607.0,19,11533.0,30129524.699999988
2025-08-01 10:03:27 AM,606.95,1,606.95,30130131.649999987
2025-08-01 10:03:34 AM,606.8,0,0.0,30130131.649999987
2025-08-01 10:03:34 AM,606.8,23,13956.4,30144088.049999986
2025-08-01 10:03:42 AM,607.0,0,0.0,30144088.049999986
2025-08-01 10:03:44 AM,607.0,5,3035.0,30147123.049999986
2025-08-01 10:03:50 AM,607.0,5,3035.0,30150158.049999986
2025-08-01 10:03:52 AM,606.8,24,14563.199999999999,30164721.249999985
2025-08-01 10:04:02 AM,607.0,0,0.0,30164721.249999985
2025-08-01 10:04:02 AM,607.0,6,3642.0,30168363.249999985
2025-08-01 10:04:15 AM,606.8,10,6068.0,30174431.249999985
2025-08-01 10:04:17 AM,607.0,29,17603.0,30192034.249999985
2025-08-01 10:04:28 AM,607.0,15,9105.0,30201139.249999985
2025-08-01 10:04:34 AM,607.0,6,3642.0,30204781.249999985
2025-08-01 10:04:40 AM,607.0,1,607.0,30205388.249999985
2025-08-01 10:04:42 AM,606.8,25,15169.999999999998,30220558.249999985
2025-08-01 10:04:48 AM,607.0,0,0.0,30220558.249999985
2025-08-01 10:04:48 AM,607.0,5,3035.0,30223593.249999985
2025-08-01 10:04:53 AM,607.0,1,607.0,30224200.249999985
2025-08-01 10:04:59 AM,607.0,16,9712.0,30233912.249999985
2025-08-01 10:05:05 AM,607.0,11,6677.0,30240589.249999985
2025-08-01 10:05:07 AM,606.8,24,14563.199999999999,30255152.449999984
2025-08-01 10:05:11 AM,607.0,0,0.0,30255152.449999984
2025-08-01 10:05:11 AM,607.0,49,29743.0,30284895.449999984
2025-08-01 10:05:17 AM,606.2,1031,624992.2000000001,30909887.649999984
2025-08-01 10:05:19 AM,606.25,18,10912.5,30920800.149999984
2025-08-01 10:05:23 AM,604.2,0,0.0,30920800.149999984
2025-08-01 10:05:23 AM,604.2,2309,1395097.8,32315897.949999984
2025-08-01 10:05:32 AM,604.9,26,15727.4,32331625.349999983
2025-08-01 10:05:38 AM,604.4,60,36264.0,32367889.349999983
2025-08-01 10:05:42 AM,605.0,0,0.0,32367889.349999983
2025-08-01 10:05:42 AM,605.0,150,90750.0,32458639.349999983
2025-08-01 10:05:48 AM,604.9,0,0.0,32458639.349999983
2025-08-01 10:05:48 AM,604.9,5,3024.5,32461663.849999983
2025-08-01 10:05:57 AM,604.45,0,0.0,32461663.849999983
2025-08-01 10:06:00 AM,604.45,24,14506.800000000001,32476170.649999984
2025-08-01 10:06:02 AM,604.9,6,3629.3999999999996,32479800.049999982
2025-08-01 10:06:17 AM,604.4,0,0.0,32479800.049999982
2025-08-01 10:06:17 AM,604.85,0,0.0,32479800.049999982
2025-08-01 10:06:17 AM,604.85,13,7863.05,32487663.099999983
2025-08-01 10:06:23 AM,604.95,0,0.0,32487663.099999983
2025-08-01 10:06:23 AM,604.95,124,75013.8,32562676.899999984
2025-08-01 10:06:32 AM,604.9,0,0.0,32562676.899999984
2025-08-01 10:06:35 AM,604.9,5,3024.5,32565701.399999984
2025-08-01 10:06:48 AM,604.85,30,18145.5,32583846.899999984
2025-08-01 10:06:51 AM,604.0,0,0.0,32583846.899999984
2025-08-01 10:06:54 AM,604.0,150,90600.0,32674446.899999984
2025-08-01 10:07:00 AM,604.0,308,186032.0,32860478.899999984
2025-08-01 10:07:06 AM,604.45,0,0.0,32860478.899999984
2025-08-01 10:07:06 AM,604.45,5,3022.25,32863501.149999984
2025-08-01 10:07:12 AM,603.4,215,129731.0,32993232.149999984
2025-08-01 10:07:18 AM,603.85,1,603.85,32993835.999999985
2025-08-01 10:07:21 AM,604.0,0,0.0,32993835.999999985
2025-08-01 10:07:21 AM,604.0,5,3020.0,32996855.999999985
2025-08-01 10:07:25 AM,604.5,1221,738094.5,33734950.499999985
2025-08-01 10:07:33 AM,604.9,15,9073.5,33744023.999999985
2025-08-01 10:07:37 AM,604.35,24,14504.400000000001,33758528.39999998
2025-08-01 10:07:43 AM,604.8,0,0.0,33758528.39999998
2025-08-01 10:07:43 AM,604.8,201,121564.79999999999,33880093.19999998
2025-08-01 10:07:48 AM,605.15,0,0.0,33880093.19999998
2025-08-01 10:07:49 AM,605.15,5,3025.75,33883118.94999998
2025-08-01 10:08:02 AM,603.4,142,85682.8,33968801.74999998
2025-08-01 10:08:02 AM,603.6,0,0.0,33968801.74999998
2025-08-01 10:08:03 AM,604.25,0,0.0,33968801.74999998
2025-08-01 10:08:03 AM,604.25,28,16919.0,33985720.74999998
2025-08-01 10:08:10 AM,604.4,3,1813.1999999999998,33987533.94999998
2025-08-01 10:08:18 AM,604.35,0,0.0,33987533.94999998
2025-08-01 10:08:20 AM,604.35,5,3021.75,33990555.69999998
2025-08-01 10:08:26 AM,604.65,52,31441.8,34021997.49999998
2025-08-01 10:08:28 AM,604.0,80,48320.0,34070317.49999998
2025-08-01 10:08:32 AM,604.85,5,3024.25,34073341.74999998
2025-08-01 10:08:38 AM,605.0,0,0.0,34073341.74999998
2025-08-01 10:08:38 AM,605.0,10,6050.0,34079391.74999998
2025-08-01 10:08:42 AM,604.25,0,0.0,34079391.74999998
2025-08-01 10:08:44 AM,604.25,100,60425.0,34139816.74999998
2025-08-01 10:08:47 AM,604.9,0,0.0,34139816.74999998
2025-08-01 10:08:50 AM,604.9,6,3629.3999999999996,34143446.149999976
2025-08-01 10:08:52 AM,604.35,24,14504.400000000001,34157950.549999975
2025-08-01 10:08:56 AM,604.9,0,0.0,34157950.549999975
2025-08-01 10:08:56 AM,604.9,24,14517.599999999999,34172468.149999976
2025-08-01 10:08:58 AM,604.85,8,4838.8,34177306.94999997
2025-08-01 10:09:06 AM,605.4,0,0.0,34177306.94999997
2025-08-01 10:09:08 AM,605.4,3,1816.1999999999998,34179123.149999976
2025-08-01 10:09:12 AM,605.45,0,0.0,34179123.149999976
2025-08-01 10:09:14 AM,605.45,2,1210.9,34180334.049999975
2025-08-01 10:09:17 AM,604.95,0,0.0,34180334.049999975
2025-08-01 10:09:20 AM,604.95,18,10889.1,34191223.149999976
2025-08-01 10:09:22 AM,604.9,6,3629.3999999999996,34194852.549999975
2025-08-01 10:09:33 AM,605.45,0,0.0,34194852.549999975
2025-08-01 10:09:33 AM,605.45,6,3632.7000000000003,34198485.24999998
2025-08-01 10:09:35 AM,605.5,0,0.0,34198485.24999998
2025-08-01 10:09:36 AM,604.9,0,0.0,34198485.24999998
2025-08-01 10:09:37 AM,604.9,7,4234.3,34202719.549999975
2025-08-01 10:09:43 AM,605.3,27,16343.099999999999,34219062.649999976
2025-08-01 10:09:48 AM,605.4,0,0.0,34219062.649999976
2025-08-01 10:09:49 AM,605.4,5,3027.0,34222089.649999976
2025-08-01 10:10:03 AM,605.35,0,0.0,34222089.649999976
2025-08-01 10:10:06 AM,605.35,6,3632.1000000000004,34225721.74999998
2025-08-01 10:10:08 AM,604.9,0,0.0,34225721.74999998
2025-08-01 10:10:08 AM,604.9,24,14517.599999999999,34240239.34999998
2025-08-01 10:10:12 AM,604.9,221,133682.9,34373922.24999998
2025-08-01 10:10:18 AM,605.3,5,3026.5,34376948.74999998
2025-08-01 10:10:32 AM,604.9,0,0.0,34376948.74999998
2025-08-01 10:10:35 AM,605.25,0,0.0,34376948.74999998
2025-08-01 10:10:36 AM,605.25,29,17552.25,34394500.99999998
2025-08-01 10:10:48 AM,605.4,6,3632.3999999999996,34398133.399999976
2025-08-01 10:10:58 AM,604.9,0,0.0,34398133.399999976
2025-08-01 10:11:00 AM,604.9,24,14517.599999999999,34412650.99999998
2025-08-01 10:11:05 AM,604.9,5,3024.5,34415675.49999998
2025-08-01 10:11:23 AM,604.95,0,0.0,34415675.49999998
2025-08-01 10:11:23 AM,604.95,25,15123.750000000002,34430799.24999998
2025-08-01 10:11:32 AM,605.3,0,0.0,34430799.24999998
2025-08-01 10:11:34 AM,605.3,6,3631.7999999999997,34434431.049999975
2025-08-01 10:11:47 AM,605.3,29,17553.699999999997,34451984.74999998
2025-08-01 10:11:53 AM,605.3,139,84136.7,34536121.44999998
2025-08-01 10:11:58 AM,604.95,170,102841.50000000001,34638962.94999998
2025-08-01 10:12:02 AM,605.45,0,0.0,34638962.94999998
2025-08-01 10:12:04 AM,605.45,5,3027.25,34641990.19999998
2025-08-01 10:12:14 AM,604.95,0,0.0,34641990.19999998
2025-08-01 10:12:16 AM,604.95,52,31457.4,34673447.59999998
2025-08-01 10:12:20 AM,605.45,0,0.0,34673447.59999998
2025-08-01 10:12:21 AM,605.45,6,3632.7000000000003,34677080.29999998
2025-08-01 10:12:32 AM,605.5,0,0.0,34677080.29999998
2025-08-01 10:12:33 AM,605.45,20,12109.0,34689189.29999998
2025-08-01 10:12:34 AM,605.45,4,2421.8,34691611.09999998
2025-08-01 10:12:38 AM,604.95,0,0.0,34691611.09999998
2025-08-01 10:12:39 AM,604.95,28,16938.600000000002,34708549.69999998
2025-08-01 10:12:50 AM,605.35,0,0.0,34708549.69999998
2025-08-01 10:12:50 AM,605.35,3,1816.0500000000002,34710365.74999998
2025-08-01 10:12:53 AM,605.4,0,0.0,34710365.74999998
2025-08-01 10:12:56 AM,605.4,3,1816.1999999999998,34712181.94999998
2025-08-01 10:12:59 AM,604.9,0,0.0,34712181.94999998
2025-08-01 10:13:02 AM,604.9,1,604.9,34712786.84999998
2025-08-01 10:13:02 AM,605.3,29,17553.699999999997,34730340.54999998
2025-08-01 10:13:17 AM,604.9,0,0.0,34730340.54999998
2025-08-01 10:13:19 AM,605.3,15,9079.5,34739420.04999998
2025-08-01 10:13:29 AM,605.05,0,0.0,34739420.04999998
2025-08-01 10:13:31 AM,605.05,15,9075.75,34748495.79999998
2025-08-01 10:13:32 AM,604.9,0,0.0,34748495.79999998
2025-08-01 10:13:32 AM,605.05,15,9075.75,34757571.54999998
2025-08-01 10:13:47 AM,604.95,0,0.0,34757571.54999998
2025-08-01 10:13:49 AM,604.9,26,15727.4,34773298.94999998
2025-08-01 10:13:53 AM,604.15,0,0.0,34773298.94999998
2025-08-01 10:13:55 AM,604.15,34,20541.1,34793840.04999998
2025-08-01 10:14:01 AM,604.15,100,60415.0,34854255.04999998
2025-08-01 10:14:02 AM,604.7,0,0.0,34854255.04999998
2025-08-01 10:14:06 AM,603.4,605,365057.0,35219312.04999998
2025-08-01 10:14:17 AM,604.6,0,0.0,35219312.04999998
2025-08-01 10:14:18 AM,604.6,30,18138.0,35237450.04999998
2025-08-01 10:14:32 AM,604.55,0,0.0,35237450.04999998
2025-08-01 10:14:35 AM,604.55,5,3022.75,35240472.79999998
2025-08-01 10:14:42 AM,603.9,25,15097.5,35255570.29999998
2025-08-01 10:14:48 AM,604.45,5,3022.25,35258592.54999998
2025-08-01 10:14:51 AM,603.65,0,0.0,35258592.54999998
2025-08-01 10:14:53 AM,603.65,14,8451.1,35267043.64999998
2025-08-01 10:14:57 AM,603.1,0,0.0,35267043.64999998
2025-08-01 10:14:58 AM,603.1,105,63325.5,35330369.14999998
2025-08-01 10:14:59 AM,604.15,179,108142.84999999999,35438511.999999985
2025-08-01 10:15:05 AM,604.55,0,0.0,35438511.999999985
2025-08-01 10:15:05 AM,604.55,6,3627.2999999999997,35442139.29999998
2025-08-01 10:15:07 AM,603.9,0,0.0,35442139.29999998
2025-08-01 10:15:10 AM,603.9,24,14493.599999999999,35456632.89999998
2025-08-01 10:15:19 AM,604.35,0,0.0,35456632.89999998
2025-08-01 10:15:22 AM,604.35,5,3021.75,35459654.64999998
2025-08-01 10:15:32 AM,603.95,0,0.0,35459654.64999998
2025-08-01 10:15:34 AM,603.95,13,7851.35,35467505.999999985
2025-08-01 10:15:38 AM,603.9,0,0.0,35467505.999999985
2025-08-01 10:15:40 AM,603.9,11,6642.9,35474148.89999998
2025-08-01 10:15:49 AM,604.4,0,0.0,35474148.89999998
2025-08-01 10:15:52 AM,604.4,5,3022.0,35477170.89999998
2025-08-01 10:15:58 AM,603.9,0,0.0,35477170.89999998
2025-08-01 10:15:58 AM,603.9,24,14493.599999999999,35491664.499999985
2025-08-01 10:16:04 AM,604.35,0,0.0,35491664.499999985
2025-08-01 10:16:04 AM,604.35,5,3021.75,35494686.249999985
2025-08-01 10:16:17 AM,604.0,0,0.0,35494686.249999985
2025-08-01 10:16:21 AM,604.0,5,3020.0,35497706.249999985
2025-08-01 10:16:22 AM,604.0,3,1812.0,35499518.249999985
2025-08-01 10:16:27 AM,603.9,15,9058.5,35508576.749999985
2025-08-01 10:16:32 AM,603.45,0,0.0,35508576.749999985
2025-08-01 10:16:33 AM,603.45,6,3620.7000000000003,35512197.44999999
2025-08-01 10:16:37 AM,604.15,0,0.0,35512197.44999999
2025-08-01 10:16:39 AM,604.15,5,3020.75,35515218.19999999
2025-08-01 10:16:50 AM,604.15,29,17520.35,35532738.54999999
2025-08-01 10:16:55 AM,603.8,0,0.0,35532738.54999999
2025-08-01 10:16:55 AM,603.8,1,603.8,35533342.34999999
2025-08-01 10:17:02 AM,604.1,0,0.0,35533342.34999999
2025-08-01 10:17:07 AM,604.1,6,3624.6000000000004,35536966.94999999
2025-08-01 10:17:10 AM,604.15,0,0.0,35536966.94999999
2025-08-01 10:17:12 AM,603.8,39,23548.199999999997,35560515.14999999
2025-08-01 10:17:17 AM,604.15,0,0.0,35560515.14999999
2025-08-01 10:17:18 AM,604.15,5,3020.75,35563535.89999999
2025-08-01 10:17:35 AM,604.15,5,3020.75,35566556.64999999
2025-08-01 10:17:38 AM,603.75,0,0.0,35566556.64999999
2025-08-01 10:17:41 AM,603.75,24,14490.0,35581046.64999999
2025-08-01 10:17:47 AM,604.15,6,3624.8999999999996,35584671.54999999
2025-08-01 10:17:53 AM,604.15,3,1812.4499999999998,35586483.99999999
2025-08-01 10:18:02 AM,603.7,0,0.0,35586483.99999999
2025-08-01 10:18:04 AM,604.15,0,0.0,35586483.99999999
2025-08-01 10:18:05 AM,604.15,30,18124.5,35604608.49999999
2025-08-01 10:18:16 AM,604.15,9,5437.349999999999,35610045.849999994
2025-08-01 10:18:22 AM,604.15,6,3624.8999999999996,35613670.74999999
2025-08-01 10:18:28 AM,603.8,0,0.0,35613670.74999999
2025-08-01 10:18:28 AM,603.8,16,9660.8,35623331.54999999
2025-08-01 10:18:32 AM,603.5,0,0.0,35623331.54999999
2025-08-01 10:18:34 AM,603.8,0,0.0,35623331.54999999
2025-08-01 10:18:34 AM,603.8,13,7849.4,35631180.94999999
2025-08-01 10:18:43 AM,603.65,0,0.0,35631180.94999999
2025-08-01 10:18:45 AM,603.65,3,1810.9499999999998,35632991.89999999
2025-08-01 10:18:48 AM,604.0,0,0.0,35632991.89999999
2025-08-01 10:18:51 AM,604.0,5,3020.0,35636011.89999999
2025-08-01 10:18:54 AM,603.3,0,0.0,35636011.89999999
2025-08-01 10:18:56 AM,603.3,24,14479.199999999999,35650491.099999994
2025-08-01 10:19:02 AM,603.85,6,3623.1000000000004,35654114.199999996
2025-08-01 10:19:18 AM,604.0,0,0.0,35654114.199999996
2025-08-01 10:19:20 AM,604.0,51,30804.0,35684918.199999996
2025-08-01 10:19:32 AM,604.0,5,3020.0,35687938.199999996
2025-08-01 10:19:42 AM,603.4,0,0.0,35687938.199999996
2025-08-01 10:19:42 AM,603.4,24,14481.599999999999,35702419.8
2025-08-01 10:19:45 AM,604.0,0,0.0,35702419.8
2025-08-01 10:19:48 AM,603.85,0,0.0,35702419.8
2025-08-01 10:19:48 AM,603.85,26,15700.1,35718119.9
2025-08-01 10:20:03 AM,603.8,0,0.0,35718119.9
2025-08-01 10:20:04 AM,603.8,5,3019.0,35721138.9
2025-08-01 10:20:09 AM,603.25,0,0.0,35721138.9
2025-08-01 10:20:10 AM,603.25,24,14478.0,35735616.9
2025-08-01 10:20:17 AM,603.9,5,3019.5,35738636.4
2025-08-01 10:20:32 AM,603.3,0,0.0,35738636.4
2025-08-01 10:20:33 AM,603.85,30,18115.5,35756751.9
2025-08-01 10:20:48 AM,603.85,5,3019.25,35759771.15
2025-08-01 10:20:51 AM,604.25,0,0.0,35759771.15
2025-08-01 10:20:52 AM,604.25,99,59820.75,35819591.9
2025-08-01 10:20:53 AM,604.5,0,0.0,35819591.9
2025-08-01 10:20:54 AM,604.5,1,604.5,35820196.4
2025-08-01 10:20:57 AM,604.2,0,0.0,35820196.4
2025-08-01 10:20:58 AM,604.2,9,5437.8,35825634.199999996
2025-08-01 10:21:03 AM,603.9,0,0.0,35825634.199999996
2025-08-01 10:21:03 AM,603.9,18,10870.199999999999,35836504.4
2025-08-01 10:21:07 AM,604.5,0,0.0,35836504.4
2025-08-01 10:21:09 AM,604.5,6,3627.0,35840131.4
2025-08-01 10:21:19 AM,605.1,0,0.0,35840131.4
2025-08-01 10:21:20 AM,605.1,395,239014.5,36079145.9
2025-08-01 10:21:32 AM,604.5,0,0.0,36079145.9
2025-08-01 10:21:33 AM,604.5,5,3022.5,36082168.4
2025-08-01 10:21:41 AM,604.45,0,0.0,36082168.4
2025-08-01 10:21:41 AM,604.45,1,604.45,36082772.85
2025-08-01 10:21:43 AM,604.5,26,15717.0,36098489.85
2025-08-01 10:21:47 AM,604.6,0,0.0,36098489.85
2025-08-01 10:21:47 AM,604.5,0,0.0,36098489.85
2025-08-01 10:21:47 AM,604.5,24,14508.0,36112997.85
2025-08-01 10:21:53 AM,604.7,0,0.0,36112997.85
2025-08-01 10:21:53 AM,604.7,6,3628.2000000000003,36116626.050000004
2025-08-01 10:22:02 AM,604.75,0,0.0,36116626.050000004
2025-08-01 10:22:04 AM,604.75,5,3023.75,36119649.800000004
2025-08-01 10:22:12 AM,604.5,2,1209.0,36120858.800000004
2025-08-01 10:22:17 AM,604.0,0,0.0,36120858.800000004
2025-08-01 10:22:18 AM,604.0,26,15704.0,36136562.800000004
2025-08-01 10:22:34 AM,604.5,6,3627.0,36140189.800000004
2025-08-01 10:22:38 AM,604.15,0,0.0,36140189.800000004
2025-08-01 10:22:39 AM,604.15,24,14499.599999999999,36154689.400000006
2025-08-01 10:22:50 AM,604.5,0,0.0,36154689.400000006
2025-08-01 10:22:50 AM,604.5,5,3022.5,36157711.900000006
2025-08-01 10:22:55 AM,604.5,3,1813.5,36159525.400000006
2025-08-01 10:22:59 AM,603.75,0,0.0,36159525.400000006
2025-08-01 10:23:00 AM,603.75,11,6641.25,36166166.650000006
2025-08-01 10:23:03 AM,604.25,29,17523.25,36183689.900000006
2025-08-01 10:23:05 AM,604.6,0,0.0,36183689.900000006
2025-08-01 10:23:06 AM,604.6,260,157196.0,36340885.900000006
2025-08-01 10:23:09 AM,605.0,40,24200.0,36365085.900000006
2025-08-01 10:23:10 AM,605.3,0,0.0,36365085.900000006
2025-08-01 10:23:12 AM,605.3,71,42976.299999999996,36408062.2
2025-08-01 10:23:18 AM,605.3,6,3631.7999999999997,36411694.0
2025-08-01 10:23:27 AM,605.0,24,14520.0,36426214.0
2025-08-01 10:23:31 AM,606.0,0,0.0,36426214.0
2025-08-01 10:23:32 AM,605.3,834,504820.19999999995,36931034.2
2025-08-01 10:23:49 AM,605.35,0,0.0,36931034.2
2025-08-01 10:23:49 AM,605.35,6,3632.1000000000004,36934666.300000004
2025-08-01 10:23:52 AM,604.65,0,0.0,36934666.300000004
2025-08-01 10:23:55 AM,604.65,24,14511.599999999999,36949177.900000006
2025-08-01 10:24:02 AM,605.25,5,3026.25,36952204.150000006
2025-08-01 10:24:17 AM,605.2,29,17550.800000000003,36969754.95
2025-08-01 10:24:33 AM,605.15,6,3630.8999999999996,36973385.85
2025-08-01 10:24:42 AM,604.6,0,0.0,36973385.85
2025-08-01 10:24:44 AM,604.6,25,15115.0,36988500.85
2025-08-01 10:24:47 AM,605.4,0,0.0,36988500.85
2025-08-01 10:24:50 AM,605.4,5,3027.0,36991527.85
2025-08-01 10:25:02 AM,605.3,0,0.0,36991527.85
2025-08-01 10:25:03 AM,605.3,3,1815.8999999999999,36993343.75
2025-08-01 10:25:09 AM,605.3,2,1210.6,36994554.35
2025-08-01 10:25:12 AM,604.55,0,0.0,36994554.35
2025-08-01 10:25:13 AM,604.55,22,13300.099999999999,37007854.45
2025-08-01 10:25:18 AM,605.25,0,0.0,37007854.45
2025-08-01 10:25:19 AM,605.25,2,1210.5,37009064.95
2025-08-01 10:25:20 AM,605.65,0,0.0,37009064.95
2025-08-01 10:25:21 AM,605.65,4,2422.6,37011487.550000004
2025-08-01 10:25:32 AM,605.15,26,15733.9,37027221.45
2025-08-01 10:25:33 AM,605.6,0,0.0,37027221.45
2025-08-01 10:25:35 AM,604.8,0,0.0,37027221.45
2025-08-01 10:25:35 AM,604.8,6,3628.7999999999997,37030850.25
2025-08-01 10:25:48 AM,605.45,0,0.0,37030850.25
2025-08-01 10:25:49 AM,605.45,5,3027.25,37033877.5
2025-08-01 10:25:51 AM,605.0,0,0.0,37033877.5
2025-08-01 10:25:52 AM,605.0,5,3025.0,37036902.5
2025-08-01 10:25:57 AM,605.0,24,14520.0,37051422.5
2025-08-01 10:26:03 AM,605.65,6,3633.8999999999996,37055056.4
2025-08-01 10:26:08 AM,605.65,2,1211.3,37056267.699999996
2025-08-01 10:26:14 AM,605.0,0,0.0,37056267.699999996
2025-08-01 10:26:14 AM,605.0,342,206910.0,37263177.699999996
2025-08-01 10:26:18 AM,605.35,0,0.0,37263177.699999996
2025-08-01 10:26:20 AM,605.35,5,3026.75,37266204.449999996
2025-08-01 10:26:22 AM,604.75,24,14514.0,37280718.449999996
2025-08-01 10:26:24 AM,605.65,0,0.0,37280718.449999996
2025-08-01 10:26:25 AM,605.65,200,121130.0,37401848.449999996
2025-08-01 10:26:33 AM,605.6,0,0.0,37401848.449999996
2025-08-01 10:26:33 AM,605.6,6,3633.6000000000004,37405482.05
2025-08-01 10:26:48 AM,605.55,0,0.0,37405482.05
2025-08-01 10:26:48 AM,605.55,29,17560.949999999997,37423043.0
2025-08-01 10:27:02 AM,605.45,5,3027.25,37426070.25
2025-08-01 10:27:12 AM,604.8,0,0.0,37426070.25
2025-08-01 10:27:14 AM,604.8,24,14515.199999999999,37440585.45
2025-08-01 10:27:17 AM,605.4,6,3632.3999999999996,37444217.85
2025-08-01 10:27:24 AM,605.35,0,0.0,37444217.85
2025-08-01 10:27:25 AM,605.35,24,14528.400000000001,37458746.25
2025-08-01 10:27:33 AM,605.35,5,3026.75,37461773.0
2025-08-01 10:27:38 AM,604.6,0,0.0,37461773.0
2025-08-01 10:27:39 AM,604.6,24,14510.400000000001,37476283.4
2025-08-01 10:27:44 AM,604.55,0,0.0,37476283.4
2025-08-01 10:27:44 AM,604.55,70,42318.5,37518601.9
2025-08-01 10:27:47 AM,605.2,5,3026.0,37521627.9
2025-08-01 10:27:50 AM,605.25,10,6052.5,37527680.4
2025-08-01 10:28:02 AM,604.7,0,0.0,37527680.4
2025-08-01 10:28:03 AM,605.35,0,0.0,37527680.4
2025-08-01 10:28:03 AM,605.35,31,18765.850000000002,37546446.25
2025-08-01 10:28:19 AM,605.35,5,3026.75,37549473.0
2025-08-01 10:28:28 AM,604.75,24,14514.0,37563987.0
2025-08-01 10:28:30 AM,605.35,0,0.0,37563987.0
2025-08-01 10:28:30 AM,605.35,2,1210.7,37565197.7
2025-08-01 10:28:33 AM,605.35,5,3026.75,37568224.45
2025-08-01 10:28:47 AM,605.25,6,3631.5,37571855.95
2025-08-01 10:28:53 AM,604.6,24,14510.400000000001,37586366.35
2025-08-01 10:29:02 AM,605.25,0,0.0,37586366.35
2025-08-01 10:29:03 AM,605.25,5,3026.25,37589392.6
2025-08-01 10:29:18 AM,605.3,0,0.0,37589392.6
2025-08-01 10:29:18 AM,605.3,30,18159.0,37607551.6
2025-08-01 10:29:32 AM,605.2,0,0.0,37607551.6
2025-08-01 10:29:34 AM,605.2,5,3026.0,37610577.6
2025-08-01 10:29:42 AM,604.6,0,0.0,37610577.6
2025-08-01 10:29:43 AM,604.6,24,14510.400000000001,37625088.0
2025-08-01 10:29:45 AM,604.6,1,604.6,37625692.6
2025-08-01 10:29:48 AM,605.0,0,0.0,37625692.6
2025-08-01 10:29:48 AM,605.0,5,3025.0,37628717.6
2025-08-01 10:29:57 AM,604.5,18,10881.0,37639598.6
2025-08-01 10:30:02 AM,605.0,0,0.0,37639598.6
2025-08-01 10:30:02 AM,605.0,6,3630.0,37643228.6
2025-08-01 10:30:07 AM,605.1,0,0.0,37643228.6
2025-08-01 10:30:08 AM,605.05,45,27227.249999999996,37670455.85
2025-08-01 10:30:13 AM,605.35,0,0.0,37670455.85
2025-08-01 10:30:14 AM,605.35,3,1816.0500000000002,37672271.9
2025-08-01 10:30:19 AM,605.45,0,0.0,37672271.9
2025-08-01 10:30:20 AM,605.45,5,3027.25,37675299.15
2025-08-01 10:30:28 AM,605.45,8,4843.6,37680142.75
2025-08-01 10:30:34 AM,605.6,0,0.0,37680142.75
2025-08-01 10:30:34 AM,605.6,29,17562.4,37697705.15
2025-08-01 10:30:48 AM,605.5,0,0.0,37697705.15
2025-08-01 10:30:48 AM,605.5,6,3633.0,37701338.15
2025-08-01 10:30:52 AM,605.55,0,0.0,37701338.15
2025-08-01 10:30:53 AM,605.55,100,60554.99999999999,37761893.15
2025-08-01 10:30:59 AM,605.0,0,0.0,37761893.15
2025-08-01 10:30:59 AM,605.0,24,14520.0,37776413.15
2025-08-01 10:31:02 AM,605.65,5,3028.25,37779441.4
2025-08-01 10:31:19 AM,605.7,0,0.0,37779441.4
2025-08-01 10:31:20 AM,605.7,5,3028.5,37782469.9
2025-08-01 10:31:22 AM,605.3,25,15132.499999999998,37797602.4
2025-08-01 10:31:33 AM,605.8,0,0.0,37797602.4
2025-08-01 10:31:33 AM,605.8,6,3634.7999999999997,37801237.199999996
2025-08-01 10:31:47 AM,605.85,29,17569.65,37818806.849999994
2025-08-01 10:32:03 AM,605.65,0,0.0,37818806.849999994
2025-08-01 10:32:03 AM,605.65,6,3633.8999999999996,37822440.74999999
2025-08-01 10:32:12 AM,605.1,0,0.0,37822440.74999999
2025-08-01 10:32:13 AM,605.1,24,14522.400000000001,37836963.14999999
2025-08-01 10:32:17 AM,605.3,34,20580.199999999997,37857543.349999994
2025-08-01 10:32:19 AM,605.65,0,0.0,37857543.349999994
2025-08-01 10:32:20 AM,605.65,5,3028.25,37860571.599999994
2025-08-01 10:32:33 AM,605.65,5,3028.25,37863599.849999994
2025-08-01 10:32:38 AM,605.3,0,0.0,37863599.849999994
2025-08-01 10:32:39 AM,605.3,24,14527.199999999999,37878127.05
2025-08-01 10:32:45 AM,605.6,8,4844.8,37882971.849999994
2025-08-01 10:32:48 AM,605.6,6,3633.6000000000004,37886605.449999996
2025-08-01 10:33:02 AM,605.3,8,4842.4,37891447.849999994
2025-08-01 10:33:05 AM,605.3,5,3026.5,37894474.349999994
2025-08-01 10:33:07 AM,605.0,11,6655.0,37901129.349999994
2025-08-01 10:33:10 AM,605.35,101,61140.350000000006,37962269.699999996
2025-08-01 10:33:18 AM,605.5,2,1211.0,37963480.699999996
2025-08-01 10:33:23 AM,605.8,0,0.0,37963480.699999996
2025-08-01 10:33:24 AM,605.8,5,3029.0,37966509.699999996
2025-08-01 10:33:27 AM,605.1,24,14522.400000000001,37981032.099999994
2025-08-01 10:33:32 AM,605.6,6,3633.6000000000004,37984665.699999996
2025-08-01 10:33:48 AM,605.65,0,0.0,37984665.699999996
2025-08-01 10:33:49 AM,605.65,5,3028.25,37987693.949999996
2025-08-01 10:33:52 AM,605.05,0,0.0,37987693.949999996
2025-08-01 10:33:55 AM,605.05,24,14521.199999999999,38002215.15
2025-08-01 10:33:57 AM,605.05,16,9680.8,38011895.949999996
2025-08-01 10:34:02 AM,605.5,0,0.0,38011895.949999996
2025-08-01 10:34:03 AM,605.5,5,3027.5,38014923.449999996
2025-08-01 10:34:18 AM,605.5,30,18165.0,38033088.449999996
2025-08-01 10:34:29 AM,605.0,62,37510.0,38070598.449999996
2025-08-01 10:34:33 AM,605.35,0,0.0,38070598.449999996
2025-08-01 10:34:35 AM,605.35,5,3026.75,38073625.199999996
2025-08-01 10:34:42 AM,604.75,0,0.0,38073625.199999996
2025-08-01 10:34:42 AM,604.75,25,15118.75,38088743.949999996
2025-08-01 10:34:48 AM,605.35,0,0.0,38088743.949999996
2025-08-01 10:34:48 AM,605.35,21,12712.35,38101456.3
2025-08-01 10:34:54 AM,605.5,0,0.0,38101456.3
2025-08-01 10:34:54 AM,605.5,6,3633.0,38105089.3
2025-08-01 10:35:02 AM,605.6,0,0.0,38105089.3
2025-08-01 10:35:03 AM,605.6,5,3028.0,38108117.3
2025-08-01 10:35:08 AM,605.35,0,0.0,38108117.3
2025-08-01 10:35:09 AM,605.35,21,12712.35,38120829.65
2025-08-01 10:35:12 AM,604.75,0,0.0,38120829.65
2025-08-01 10:35:15 AM,604.75,3,1814.25,38122643.9
2025-08-01 10:35:17 AM,605.3,5,3026.5,38125670.4
2025-08-01 10:35:18 AM,604.75,0,0.0,38125670.4
2025-08-01 10:35:20 AM,604.75,3,1814.25,38127484.65
2025-08-01 10:35:33 AM,605.2,0,0.0,38127484.65
2025-08-01 10:35:34 AM,605.2,30,18156.0,38145640.65
2025-08-01 10:35:38 AM,605.25,0,0.0,38145640.65
2025-08-01 10:35:39 AM,605.25,10,6052.5,38151693.15
2025-08-01 10:35:48 AM,605.35,0,0.0,38151693.15
2025-08-01 10:35:48 AM,605.35,50,30267.5,38181960.65
2025-08-01 10:35:53 AM,605.2,0,0.0,38181960.65
2025-08-01 10:35:54 AM,605.2,59,35706.8,38217667.449999996
2025-08-01 10:35:57 AM,604.8,0,0.0,38217667.449999996
2025-08-01 10:36:00 AM,604.8,24,14515.199999999999,38232182.65
2025-08-01 10:36:04 AM,605.3,0,0.0,38232182.65
2025-08-01 10:36:05 AM,605.3,5,3026.5,38235209.15
2025-08-01 10:36:19 AM,605.3,6,3631.7999999999997,38238840.949999996
2025-08-01 10:36:22 AM,604.8,24,14515.199999999999,38253356.15
2025-08-01 10:36:33 AM,605.2,6,3631.2000000000003,38256987.35
2025-08-01 10:36:35 AM,605.3,0,0.0,38256987.35
2025-08-01 10:36:35 AM,605.25,3,1815.75,38258803.1
2025-08-01 10:36:48 AM,605.35,0,0.0,38258803.1
2025-08-01 10:36:49 AM,605.35,29,17555.15,38276358.25
2025-08-01 10:37:03 AM,605.3,0,0.0,38276358.25
2025-08-01 10:37:06 AM,605.3,4,2421.2,38278779.45
2025-08-01 10:37:09 AM,605.35,0,0.0,38278779.45
2025-08-01 10:37:11 AM,605.35,2,1210.7,38279990.150000006
2025-08-01 10:37:12 AM,604.95,0,0.0,38279990.150000006
2025-08-01 10:37:13 AM,604.95,25,15123.750000000002,38295113.900000006
2025-08-01 10:37:18 AM,605.35,0,0.0,38295113.900000006
2025-08-01 10:37:19 AM,605.35,5,3026.75,38298140.650000006
2025-08-01 10:37:33 AM,605.25,0,0.0,38298140.650000006
2025-08-01 10:37:33 AM,605.25,6,3631.5,38301772.150000006
2025-08-01 10:37:39 AM,604.8,0,0.0,38301772.150000006
2025-08-01 10:37:39 AM,604.8,24,14515.199999999999,38316287.35000001
2025-08-01 10:37:47 AM,605.25,0,0.0,38316287.35000001
2025-08-01 10:37:47 AM,605.25,5,3026.25,38319313.60000001
2025-08-01 10:37:50 AM,605.8,457,276850.6,38596164.20000001
2025-08-01 10:37:57 AM,606.4,0,0.0,38596164.20000001
2025-08-01 10:37:58 AM,606.4,1,606.4,38596770.60000001
2025-08-01 10:38:02 AM,606.25,0,0.0,38596770.60000001
2025-08-01 10:38:04 AM,605.75,0,0.0,38596770.60000001
2025-08-01 10:38:04 AM,605.75,30,18172.5,38614943.10000001
2025-08-01 10:38:10 AM,604.9,0,0.0,38614943.10000001
2025-08-01 10:38:10 AM,604.9,349,211110.1,38826053.20000001
2025-08-01 10:38:16 AM,605.85,0,0.0,38826053.20000001
2025-08-01 10:38:17 AM,605.6,53,32096.800000000003,38858150.00000001
2025-08-01 10:38:24 AM,606.1,0,0.0,38858150.00000001
2025-08-01 10:38:26 AM,606.1,3,1818.3000000000002,38859968.300000004
2025-08-01 10:38:29 AM,606.1,3,1818.3000000000002,38861786.6
2025-08-01 10:38:32 AM,605.5,0,0.0,38861786.6
2025-08-01 10:38:32 AM,605.95,26,15754.7,38877541.300000004
2025-08-01 10:38:41 AM,605.4,0,0.0,38877541.300000004
2025-08-01 10:38:41 AM,605.4,1,605.4,38878146.7
2025-08-01 10:38:44 AM,605.9,13,7876.7,38886023.400000006
2025-08-01 10:38:48 AM,606.2,0,0.0,38886023.400000006
2025-08-01 10:38:49 AM,606.2,5,3031.0,38889054.400000006
2025-08-01 10:38:52 AM,605.3,25,15132.499999999998,38904186.900000006
2025-08-01 10:39:03 AM,605.95,0,0.0,38904186.900000006
2025-08-01 10:39:03 AM,605.95,6,3635.7000000000003,38907822.60000001
2025-08-01 10:39:17 AM,605.85,0,0.0,38907822.60000001
2025-08-01 10:39:17 AM,605.85,29,17569.65,38925392.25000001
2025-08-01 10:39:34 AM,605.85,5,3029.25,38928421.50000001
2025-08-01 10:39:42 AM,605.3,24,14527.199999999999,38942948.70000001
2025-08-01 10:39:45 AM,605.15,0,0.0,38942948.70000001
2025-08-01 10:39:45 AM,605.15,100,60515.0,39003463.70000001
2025-08-01 10:39:47 AM,605.65,0,0.0,39003463.70000001
2025-08-01 10:39:48 AM,605.65,6,3633.8999999999996,39007097.60000001
2025-08-01 10:39:56 AM,605.0,0,0.0,39007097.60000001
2025-08-01 10:39:56 AM,605.0,100,60500.0,39067597.60000001
2025-08-01 10:40:03 AM,605.55,0,0.0,39067597.60000001
2025-08-01 10:40:04 AM,605.0,105,63525.0,39131122.60000001
2025-08-01 10:40:07 AM,605.15,51,30862.649999999998,39161985.25000001
2025-08-01 10:40:17 AM,605.6,0,0.0,39161985.25000001
2025-08-01 10:40:18 AM,605.6,6,3633.6000000000004,39165618.85000001
2025-08-01 10:40:21 AM,605.0,0,0.0,39165618.85000001
2025-08-01 10:40:21 AM,605.0,100,60500.0,39226118.85000001
2025-08-01 10:40:24 AM,604.8,66,39916.799999999996,39266035.650000006
2025-08-01 10:40:31 AM,605.0,0,0.0,39266035.650000006
2025-08-01 10:40:32 AM,604.75,129,78012.75,39344048.400000006
2025-08-01 10:40:35 AM,605.2,0,0.0,39344048.400000006
2025-08-01 10:40:35 AM,605.2,258,156141.6,39500190.00000001
2025-08-01 10:40:38 AM,605.2,13,7867.6,39508057.60000001
2025-08-01 10:40:49 AM,605.3,11,6658.299999999999,39514715.900000006
2025-08-01 10:40:57 AM,605.05,24,14521.199999999999,39529237.10000001
2025-08-01 10:41:03 AM,605.6,6,3633.6000000000004,39532870.70000001
2025-08-01 10:41:10 AM,605.55,0,0.0,39532870.70000001
2025-08-01 10:41:11 AM,605.55,25,15138.749999999998,39548009.45000001
2025-08-01 10:41:18 AM,605.6,0,0.0,39548009.45000001
2025-08-01 10:41:19 AM,605.25,0,0.0,39548009.45000001
2025-08-01 10:41:20 AM,605.25,1006,608881.5,40156890.95000001
2025-08-01 10:41:22 AM,604.9,0,0.0,40156890.95000001
2025-08-01 10:41:25 AM,604.9,25,15122.5,40172013.45000001
2025-08-01 10:41:33 AM,605.35,0,0.0,40172013.45000001
2025-08-01 10:41:33 AM,605.35,5,3026.75,40175040.20000001
2025-08-01 10:41:41 AM,605.0,0,0.0,40175040.20000001
2025-08-01 10:41:42 AM,605.0,100,60500.0,40235540.20000001
2025-08-01 10:41:48 AM,605.4,27,16345.8,40251886.00000001
2025-08-01 10:41:51 AM,605.45,0,0.0,40251886.00000001
2025-08-01 10:41:53 AM,605.45,3,1816.3500000000001,40253702.35000001
2025-08-01 10:42:03 AM,605.6,0,0.0,40253702.35000001
2025-08-01 10:42:04 AM,605.6,701,424525.60000000003,40678227.95000001
2025-08-01 10:42:13 AM,606.05,0,0.0,40678227.95000001
2025-08-01 10:42:15 AM,606.05,24,14545.199999999999,40692773.15000001
2025-08-01 10:42:17 AM,606.6,5,3033.0,40695806.15000001
2025-08-01 10:42:32 AM,606.6,6,3639.6000000000004,40699445.750000015
2025-08-01 10:42:34 AM,606.55,2,1213.1,40700658.85000002
2025-08-01 10:42:37 AM,605.9,0,0.0,40700658.85000002
2025-08-01 10:42:37 AM,605.9,24,14541.599999999999,40715200.45000002
2025-08-01 10:42:43 AM,606.3,119,72149.7,40787350.15000002
2025-08-01 10:42:47 AM,606.65,0,0.0,40787350.15000002
2025-08-01 10:42:48 AM,606.65,5,3033.25,40790383.40000002
2025-08-01 10:43:02 AM,607.35,87,52839.450000000004,40843222.850000024
2025-08-01 10:43:05 AM,606.85,0,0.0,40843222.850000024
2025-08-01 10:43:05 AM,606.85,83,50368.55,40893591.40000002
2025-08-01 10:43:18 AM,607.6,0,0.0,40893591.40000002
2025-08-01 10:43:18 AM,607.6,1,607.6,40894199.00000002
2025-08-01 10:43:23 AM,607.6,13,7898.8,40902097.80000002
2025-08-01 10:43:28 AM,607.05,0,0.0,40902097.80000002
2025-08-01 10:43:29 AM,607.05,22,13355.099999999999,40915452.90000002
2025-08-01 10:43:32 AM,606.85,0,0.0,40915452.90000002
2025-08-01 10:43:32 AM,606.85,2,1213.7,40916666.600000024
2025-08-01 10:43:34 AM,607.25,0,0.0,40916666.600000024
2025-08-01 10:43:34 AM,607.25,5,3036.25,40919702.850000024
2025-08-01 10:43:45 AM,607.35,17,10324.95,40930027.80000003
2025-08-01 10:43:46 AM,606.85,0,0.0,40930027.80000003
2025-08-01 10:43:48 AM,606.75,0,0.0,40930027.80000003
2025-08-01 10:43:48 AM,606.75,119,72203.25,41002231.05000003
2025-08-01 10:43:52 AM,606.15,0,0.0,41002231.05000003
2025-08-01 10:43:53 AM,606.15,24,14547.599999999999,41016778.65000003
2025-08-01 10:44:03 AM,606.75,5,3033.75,41019812.40000003
2025-08-01 10:44:18 AM,606.3,0,0.0,41019812.40000003
2025-08-01 10:44:19 AM,605.7,9,5451.3,41025263.700000025
2025-08-01 10:44:22 AM,605.75,0,0.0,41025263.700000025
2025-08-01 10:44:22 AM,605.75,22,13326.5,41038590.200000025
2025-08-01 10:44:32 AM,606.4,0,0.0,41038590.200000025
2025-08-01 10:44:33 AM,606.4,6,3638.3999999999996,41042228.600000024
2025-08-01 10:44:42 AM,606.7,0,0.0,41042228.600000024
2025-08-01 10:44:44 AM,606.7,100,60670.00000000001,41102898.600000024
2025-08-01 10:44:46 AM,606.95,0,0.0,41102898.600000024
2025-08-01 10:44:47 AM,606.95,36,21850.2,41124748.80000003
2025-08-01 10:44:48 AM,606.6,0,0.0,41124748.80000003
2025-08-01 10:44:49 AM,606.6,15,9099.0,41133847.80000003
2025-08-01 10:45:02 AM,606.55,0,0.0,41133847.80000003
2025-08-01 10:45:03 AM,606.55,35,21229.25,41155077.05000003
2025-08-01 10:45:08 AM,605.95,0,0.0,41155077.05000003
2025-08-01 10:45:08 AM,605.95,24,14542.800000000001,41169619.850000024
2025-08-01 10:45:17 AM,606.55,0,0.0,41169619.850000024
2025-08-01 10:45:17 AM,606.55,6,3639.2999999999997,41173259.15000002
2025-08-01 10:45:21 AM,606.85,0,0.0,41173259.15000002
2025-08-01 10:45:22 AM,606.85,10,6068.5,41179327.65000002
2025-08-01 10:45:32 AM,606.2,0,0.0,41179327.65000002
2025-08-01 10:45:33 AM,606.2,16,9699.2,41189026.850000024
2025-08-01 10:45:38 AM,606.0,0,0.0,41189026.850000024
2025-08-01 10:45:38 AM,606.0,13,7878.0,41196904.850000024
2025-08-01 10:45:47 AM,606.6,0,0.0,41196904.850000024
2025-08-01 10:45:49 AM,606.6,6,3639.6000000000004,41200544.450000025
2025-08-01 10:45:57 AM,606.35,24,14552.400000000001,41215096.850000024
2025-08-01 10:46:03 AM,606.7,5,3033.5,41218130.350000024
2025-08-01 10:46:03 AM,606.95,0,0.0,41218130.350000024
2025-08-01 10:46:04 AM,607.05,0,0.0,41218130.350000024
2025-08-01 10:46:05 AM,607.05,33,20032.649999999998,41238163.00000002
2025-08-01 10:46:14 AM,606.2,0,0.0,41238163.00000002
2025-08-01 10:46:15 AM,606.2,100,60620.00000000001,41298783.00000002
2025-08-01 10:46:19 AM,606.75,0,0.0,41298783.00000002
2025-08-01 10:46:20 AM,606.75,5,3033.75,41301816.75000002
2025-08-01 10:46:22 AM,606.2,0,0.0,41301816.75000002
2025-08-01 10:46:22 AM,606.2,24,14548.800000000001,41316365.55000002
2025-08-01 10:46:33 AM,606.75,5,3033.75,41319399.30000002
2025-08-01 10:46:38 AM,607.05,0,0.0,41319399.30000002
2025-08-01 10:46:38 AM,607.05,1,607.05,41320006.35000002
2025-08-01 10:46:48 AM,606.6,19,11525.4,41331531.750000015
2025-08-01 10:46:53 AM,606.25,0,0.0,41331531.750000015
2025-08-01 10:46:54 AM,606.25,5,3031.25,41334563.000000015
2025-08-01 10:47:03 AM,606.8,0,0.0,41334563.000000015
2025-08-01 10:47:04 AM,606.8,5,3034.0,41337597.000000015
2025-08-01 10:47:13 AM,606.2,0,0.0,41337597.000000015
2025-08-01 10:47:15 AM,606.2,24,14548.800000000001,41352145.80000001
2025-08-01 10:47:18 AM,606.7,0,0.0,41352145.80000001
2025-08-01 10:47:21 AM,606.7,6,3640.2000000000003,41355786.000000015
2025-08-01 10:47:33 AM,606.65,0,0.0,41355786.000000015
2025-08-01 10:47:33 AM,606.65,5,3033.25,41358819.250000015
2025-08-01 10:47:38 AM,606.2,0,0.0,41358819.250000015
2025-08-01 10:47:39 AM,606.2,6,3637.2000000000003,41362456.45000002
2025-08-01 10:47:42 AM,606.0,0,0.0,41362456.45000002
2025-08-01 10:47:42 AM,606.0,18,10908.0,41373364.45000002
2025-08-01 10:47:47 AM,606.35,5,3031.75,41376396.20000002
2025-08-01 10:48:02 AM,606.4,0,0.0,41376396.20000002
2025-08-01 10:48:03 AM,606.0,0,0.0,41376396.20000002
2025-08-01 10:48:04 AM,606.0,31,18786.0,41395182.20000002
2025-08-01 10:48:17 AM,606.65,5,3033.25,41398215.45000002
2025-08-01 10:48:27 AM,606.3,0,0.0,41398215.45000002
2025-08-01 10:48:27 AM,606.3,24,14551.199999999999,41412766.65000002
2025-08-01 10:48:33 AM,606.6,6,3639.6000000000004,41416406.25000002
2025-08-01 10:48:36 AM,606.1,0,0.0,41416406.25000002
2025-08-01 10:48:36 AM,606.1,5,3030.5,41419436.75000002
2025-08-01 10:48:47 AM,606.6,0,0.0,41419436.75000002
2025-08-01 10:48:47 AM,606.6,7,4246.2,41423682.950000025
2025-08-01 10:48:53 AM,606.15,24,14547.599999999999,41438230.55000003
2025-08-01 10:49:03 AM,606.65,0,0.0,41438230.55000003
2025-08-01 10:49:04 AM,606.65,5,3033.25,41441263.80000003
2025-08-01 10:49:20 AM,606.65,30,18199.5,41459463.30000003
2025-08-01 10:49:36 AM,606.65,5,3033.25,41462496.55000003
2025-08-01 10:49:43 AM,606.35,2,1212.7,41463709.25000003
2025-08-01 10:49:48 AM,606.35,5,3031.75,41466741.00000003
2025-08-01 10:49:52 AM,606.0,17,10302.0,41477043.00000003
2025-08-01 10:50:03 AM,606.35,6,3638.1000000000004,41480681.10000003
2025-08-01 10:50:07 AM,606.15,0,0.0,41480681.10000003
2025-08-01 10:50:08 AM,606.15,24,14547.599999999999,41495228.70000003
2025-08-01 10:50:17 AM,606.75,0,0.0,41495228.70000003
2025-08-01 10:50:20 AM,606.75,5,3033.75,41498262.45000003
2025-08-01 10:50:32 AM,606.85,20,12137.0,41510399.45000003
2025-08-01 10:50:32 AM,606.75,0,0.0,41510399.45000003
2025-08-01 10:50:33 AM,606.2,0,0.0,41510399.45000003
2025-08-01 10:50:36 AM,606.2,21,12730.2,41523129.650000036
2025-08-01 10:50:47 AM,606.75,0,0.0,41523129.650000036
2025-08-01 10:50:48 AM,606.75,6,3640.5,41526770.150000036
2025-08-01 10:50:57 AM,606.1,0,0.0,41526770.150000036
2025-08-01 10:50:59 AM,606.1,24,14546.400000000001,41541316.550000034
2025-08-01 10:51:02 AM,606.75,0,0.0,41541316.550000034
2025-08-01 10:51:05 AM,606.75,5,3033.75,41544350.300000034
2025-08-01 10:51:08 AM,607.0,0,0.0,41544350.300000034
2025-08-01 10:51:10 AM,607.5,0,0.0,41544350.300000034
2025-08-01 10:51:11 AM,607.5,413,250897.5,41795247.800000034
2025-08-01 10:51:18 AM,607.95,0,0.0,41795247.800000034
2025-08-01 10:51:22 AM,607.95,6,3647.7000000000003,41798895.50000004
2025-08-01 10:51:22 AM,607.3,0,0.0,41798895.50000004
2025-08-01 10:51:27 AM,607.3,25,15182.499999999998,41814078.00000004
2025-08-01 10:51:32 AM,607.85,5,3039.25,41817117.25000004
2025-08-01 10:51:48 AM,607.65,0,0.0,41817117.25000004
2025-08-01 10:51:49 AM,607.65,30,18229.5,41835346.75000004
2025-08-01 10:51:58 AM,607.7,0,0.0,41835346.75000004
2025-08-01 10:51:59 AM,607.7,3,1823.1000000000001,41837169.85000004
2025-08-01 10:52:04 AM,608.75,0,0.0,41837169.85000004
2025-08-01 10:52:04 AM,608.8,0,0.0,41837169.85000004
2025-08-01 10:52:05 AM,608.8,166,101060.79999999999,41938230.650000036
2025-08-01 10:52:12 AM,608.85,0,0.0,41938230.650000036
2025-08-01 10:52:14 AM,610.5,0,0.0,41938230.650000036
2025-08-01 10:52:16 AM,610.5,1527,932233.5,42870464.150000036
2025-08-01 10:52:18 AM,611.5,0,0.0,42870464.150000036
2025-08-01 10:52:21 AM,611.5,8,4892.0,42875356.150000036
2025-08-01 10:52:37 AM,611.4,6,3668.3999999999996,42879024.550000034
2025-08-01 10:52:38 AM,611.0,0,0.0,42879024.550000034
2025-08-01 10:52:38 AM,611.0,100,61100.0,42940124.550000034
2025-08-01 10:52:42 AM,610.55,0,0.0,42940124.550000034
2025-08-01 10:52:42 AM,610.55,19,11600.449999999999,42951725.00000004
2025-08-01 10:52:59 AM,610.0,4,2440.0,42954165.00000004
2025-08-01 10:53:03 AM,610.0,17,10370.0,42964535.00000004
2025-08-01 10:53:09 AM,610.0,225,137250.0,43101785.00000004
2025-08-01 10:53:14 AM,609.8,0,0.0,43101785.00000004
2025-08-01 10:53:14 AM,609.8,1,609.8,43102394.800000034
2025-08-01 10:53:19 AM,609.25,15,9138.75,43111533.550000034
2025-08-01 10:53:21 AM,609.8,2,1219.6,43112753.150000036
2025-08-01 10:53:28 AM,609.2,0,0.0,43112753.150000036
2025-08-01 10:53:30 AM,609.2,24,14620.800000000001,43127373.95000003
2025-08-01 10:53:32 AM,609.75,0,0.0,43127373.95000003
2025-08-01 10:53:36 AM,609.75,6,3658.5,43131032.45000003
2025-08-01 10:53:48 AM,609.8,0,0.0,43131032.45000003
2025-08-01 10:53:52 AM,609.8,5,3049.0,43134081.45000003
2025-08-01 10:53:52 AM,609.15,0,0.0,43134081.45000003
2025-08-01 10:53:52 AM,609.15,16,9746.4,43143827.85000003
2025-08-01 10:53:57 AM,608.8,8,4870.4,43148698.25000003
2025-08-01 10:54:03 AM,609.15,6,3654.8999999999996,43152353.15000003
2025-08-01 10:54:07 AM,608.4,110,66924.0,43219277.15000003
2025-08-01 10:54:18 AM,608.1,0,0.0,43219277.15000003
2025-08-01 10:54:18 AM,608.1,17,10337.7,43229614.85000003
2025-08-01 10:54:22 AM,607.9,0,0.0,43229614.85000003
2025-08-01 10:54:24 AM,607.9,9,5471.099999999999,43235085.95000003
2025-08-01 10:54:32 AM,608.25,0,0.0,43235085.95000003
2025-08-01 10:54:34 AM,607.9,0,0.0,43235085.95000003
2025-08-01 10:54:34 AM,607.9,24,14589.599999999999,43249675.550000034
2025-08-01 10:54:45 AM,607.9,25,15197.5,43264873.050000034
2025-08-01 10:54:48 AM,608.25,0,0.0,43264873.050000034
2025-08-01 10:54:50 AM,608.25,6,3649.5,43268522.550000034
2025-08-01 10:54:56 AM,608.45,0,0.0,43268522.550000034
2025-08-01 10:54:56 AM,608.45,1,608.45,43269131.00000004
2025-08-01 10:55:01 AM,607.9,41,24923.899999999998,43294054.900000036
2025-08-01 10:55:02 AM,608.4,0,0.0,43294054.900000036
2025-08-01 10:55:06 AM,608.4,4,2433.6,43296488.50000004
2025-08-01 10:55:11 AM,608.4,1,608.4,43297096.900000036
2025-08-01 10:55:12 AM,608.1,0,0.0,43297096.900000036
2025-08-01 10:55:16 AM,608.25,0,0.0,43297096.900000036
2025-08-01 10:55:16 AM,608.25,50,30412.5,43327509.400000036
2025-08-01 10:55:20 AM,608.9,0,0.0,43327509.400000036
2025-08-01 10:55:22 AM,608.9,30,18267.0,43345776.400000036
2025-08-01 10:55:32 AM,608.85,0,0.0,43345776.400000036
2025-08-01 10:55:32 AM,608.4,0,0.0,43345776.400000036
2025-08-01 10:55:33 AM,608.4,22,13384.8,43359161.20000003
2025-08-01 10:55:38 AM,608.0,0,0.0,43359161.20000003
2025-08-01 10:55:39 AM,608.0,8,4864.0,43364025.20000003
2025-08-01 10:55:48 AM,608.6,0,0.0,43364025.20000003
2025-08-01 10:55:49 AM,608.6,5,3043.0,43367068.20000003
2025-08-01 10:55:58 AM,608.05,0,0.0,43367068.20000003
2025-08-01 10:56:00 AM,608.05,24,14593.199999999999,43381661.400000036
2025-08-01 10:56:02 AM,608.65,0,0.0,43381661.400000036
2025-08-01 10:56:05 AM,608.65,5,3043.25,43384704.650000036
2025-08-01 10:56:21 AM,608.65,6,3651.8999999999996,43388356.550000034
2025-08-01 10:56:22 AM,608.05,0,0.0,43388356.550000034
2025-08-01 10:56:22 AM,608.05,24,14593.199999999999,43402949.75000004
2025-08-01 10:56:33 AM,608.65,5,3043.25,43405993.00000004
2025-08-01 10:56:47 AM,608.65,30,18259.5,43424252.50000004
2025-08-01 10:57:02 AM,607.25,0,0.0,43424252.50000004
2025-08-01 10:57:02 AM,607.6,0,0.0,43424252.50000004
2025-08-01 10:57:03 AM,607.6,562,341471.2,43765723.70000004
2025-08-01 10:57:12 AM,607.05,0,0.0,43765723.70000004
2025-08-01 10:57:13 AM,607.05,24,14569.199999999999,43780292.90000004
2025-08-01 10:57:18 AM,607.55,0,0.0,43780292.90000004
2025-08-01 10:57:18 AM,607.55,5,3037.75,43783330.65000004
2025-08-01 10:57:32 AM,607.5,0,0.0,43783330.65000004
2025-08-01 10:57:35 AM,607.5,6,3645.0,43786975.65000004
2025-08-01 10:57:38 AM,607.05,0,0.0,43786975.65000004
2025-08-01 10:57:40 AM,607.05,24,14569.199999999999,43801544.850000046
2025-08-01 10:57:48 AM,607.5,0,0.0,43801544.850000046
2025-08-01 10:57:51 AM,607.5,5,3037.5,43804582.350000046
2025-08-01 10:58:02 AM,607.15,0,0.0,43804582.350000046
2025-08-01 10:58:02 AM,607.15,8,4857.2,43809439.55000005
2025-08-01 10:58:07 AM,607.15,1,607.15,43810046.70000005
2025-08-01 10:58:07 AM,607.3,62,37652.6,43847699.30000005
2025-08-01 10:58:14 AM,607.0,0,0.0,43847699.30000005
2025-08-01 10:58:17 AM,607.0,97,58879.0,43906578.30000005
2025-08-01 10:58:20 AM,607.95,0,0.0,43906578.30000005
2025-08-01 10:58:22 AM,607.95,6,3647.7000000000003,43910226.00000005
2025-08-01 10:58:28 AM,607.55,0,0.0,43910226.00000005
2025-08-01 10:58:28 AM,607.55,24,14581.199999999999,43924807.200000055
2025-08-01 10:58:30 AM,607.05,0,0.0,43924807.200000055
2025-08-01 10:58:32 AM,607.95,0,0.0,43924807.200000055
2025-08-01 10:58:34 AM,607.95,132,80249.40000000001,44005056.60000005
2025-08-01 10:58:48 AM,607.5,0,0.0,44005056.60000005
2025-08-01 10:58:50 AM,607.6,0,0.0,44005056.60000005
2025-08-01 10:58:50 AM,607.6,56,34025.6,44039082.200000055
2025-08-01 10:58:52 AM,607.3,0,0.0,44039082.200000055
2025-08-01 10:58:54 AM,607.95,0,0.0,44039082.200000055
2025-08-01 10:58:56 AM,607.95,121,73561.95000000001,44112644.15000006
2025-08-01 10:59:04 AM,608.1,0,0.0,44112644.15000006
2025-08-01 10:59:06 AM,608.1,4,2432.4,44115076.55000006
2025-08-01 10:59:11 AM,608.1,202,122836.20000000001,44237912.75000006
2025-08-01 10:59:18 AM,607.55,0,0.0,44237912.75000006
2025-08-01 10:59:21 AM,607.55,24,14581.199999999999,44252493.95000006
2025-08-01 10:59:24 AM,607.45,0,0.0,44252493.95000006
2025-08-01 10:59:26 AM,607.45,50,30372.500000000004,44282866.45000006
2025-08-01 10:59:32 AM,608.7,0,0.0,44282866.45000006
2025-08-01 10:59:36 AM,608.7,160,97392.0,44380258.45000006
2025-08-01 10:59:38 AM,608.4,0,0.0,44380258.45000006
2025-08-01 10:59:42 AM,607.7,30,18231.0,44398489.45000006
2025-08-01 10:59:46 AM,607.5,0,0.0,44398489.45000006
2025-08-01 10:59:47 AM,607.5,503,305572.5,44704061.95000006
2025-08-01 11:00:04 AM,607.5,6,3645.0,44707706.95000006
2025-08-01 11:00:07 AM,607.15,0,0.0,44707706.95000006
2025-08-01 11:00:10 AM,607.5,30,18225.0,44725931.95000006
2025-08-01 11:00:16 AM,607.5,3,1822.5,44727754.45000006
2025-08-01 11:00:21 AM,607.5,6,3645.0,44731399.45000006
2025-08-01 11:00:27 AM,607.8,0,0.0,44731399.45000006
2025-08-01 11:00:27 AM,607.8,533,323957.39999999997,45055356.85000006
2025-08-01 11:00:28 AM,608.5,0,0.0,45055356.85000006
2025-08-01 11:00:32 AM,607.45,22,13363.900000000001,45068720.75000006
2025-08-01 11:00:38 AM,607.45,20,12149.0,45080869.75000006
2025-08-01 11:00:47 AM,608.1,0,0.0,45080869.75000006
2025-08-01 11:00:48 AM,608.1,5,3040.5,45083910.25000006
2025-08-01 11:00:55 AM,607.5,0,0.0,45083910.25000006
2025-08-01 11:00:57 AM,607.1,0,0.0,45083910.25000006
2025-08-01 11:00:58 AM,607.1,26,15784.6,45099694.85000006
2025-08-01 11:01:03 AM,607.5,0,0.0,45099694.85000006
2025-08-01 11:01:03 AM,607.5,6,3645.0,45103339.85000006
2025-08-01 11:01:13 AM,607.1,0,0.0,45103339.85000006
2025-08-01 11:01:15 AM,607.1,50,30355.0,45133694.85000006
2025-08-01 11:01:17 AM,607.45,0,0.0,45133694.85000006
2025-08-01 11:01:20 AM,607.45,5,3037.25,45136732.10000006
2025-08-01 11:01:23 AM,607.05,0,0.0,45136732.10000006
2025-08-01 11:01:25 AM,607.05,25,15176.249999999998,45151908.35000006
2025-08-01 11:01:33 AM,607.45,0,0.0,45151908.35000006
2025-08-01 11:01:35 AM,607.45,5,3037.25,45154945.60000006
2025-08-01 11:01:47 AM,607.6,0,0.0,45154945.60000006
2025-08-01 11:01:47 AM,607.6,116,70481.6,45225427.20000006
2025-08-01 11:01:51 AM,608.15,0,0.0,45225427.20000006
2025-08-01 11:01:51 AM,608.15,6,3648.8999999999996,45229076.10000006
2025-08-01 11:02:02 AM,608.1,23,13986.300000000001,45243062.40000006
2025-08-01 11:02:06 AM,607.45,10,6074.5,45249136.90000006
2025-08-01 11:02:13 AM,607.45,24,14578.800000000001,45263715.700000055
2025-08-01 11:02:15 AM,607.95,0,0.0,45263715.700000055
2025-08-01 11:02:17 AM,607.9,0,0.0,45263715.700000055
2025-08-01 11:02:17 AM,607.9,12,7294.799999999999,45271010.50000005
2025-08-01 11:02:29 AM,607.9,58,35258.2,45306268.700000055
2025-08-01 11:02:35 AM,607.9,5,3039.5,45309308.200000055
2025-08-01 11:02:37 AM,607.5,0,0.0,45309308.200000055
2025-08-01 11:02:40 AM,607.5,4,2430.0,45311738.200000055
2025-08-01 11:02:43 AM,607.45,0,0.0,45311738.200000055
2025-08-01 11:02:45 AM,607.45,20,12149.0,45323887.200000055
2025-08-01 11:02:47 AM,607.7,0,0.0,45323887.200000055
2025-08-01 11:02:51 AM,607.7,5,3038.5,45326925.700000055
2025-08-01 11:02:59 AM,607.45,0,0.0,45326925.700000055
2025-08-01 11:03:01 AM,607.45,4,2429.8,45329355.50000005
2025-08-01 11:03:02 AM,607.15,30,18214.5,45347570.00000005
2025-08-01 11:03:17 AM,607.65,0,0.0,45347570.00000005
2025-08-01 11:03:18 AM,607.65,5,3038.25,45350608.25000005
2025-08-01 11:03:25 AM,607.0,0,0.0,45350608.25000005
2025-08-01 11:03:26 AM,607.0,175,106225.0,45456833.25000005
2025-08-01 11:03:27 AM,607.15,0,0.0,45456833.25000005
2025-08-01 11:03:28 AM,607.15,24,14571.599999999999,45471404.85000005
2025-08-01 11:03:33 AM,607.6,0,0.0,45471404.85000005
2025-08-01 11:03:33 AM,607.6,5,3038.0,45474442.85000005
2025-08-01 11:03:47 AM,607.55,0,0.0,45474442.85000005
2025-08-01 11:03:48 AM,607.55,18,10935.9,45485378.75000005
2025-08-01 11:03:53 AM,607.45,0,0.0,45485378.75000005
2025-08-01 11:03:53 AM,607.45,24,14578.800000000001,45499957.55000005
2025-08-01 11:04:03 AM,607.95,0,0.0,45499957.55000005
2025-08-01 11:04:03 AM,607.95,5,3039.75,45502997.30000005
2025-08-01 11:04:17 AM,607.6,0,0.0,45502997.30000005
2025-08-01 11:04:19 AM,608.05,0,0.0,45502997.30000005
2025-08-01 11:04:19 AM,608.05,29,17633.449999999997,45520630.75000005
2025-08-01 11:04:32 AM,608.35,0,0.0,45520630.75000005
2025-08-01 11:04:34 AM,608.35,6,3650.1000000000004,45524280.85000005
2025-08-01 11:04:39 AM,608.05,0,0.0,45524280.85000005
2025-08-01 11:04:39 AM,608.05,100,60804.99999999999,45585085.85000005
2025-08-01 11:04:44 AM,607.95,0,0.0,45585085.85000005
2025-08-01 11:04:44 AM,607.95,28,17022.600000000002,45602108.450000055
2025-08-01 11:04:47 AM,607.8,0,0.0,45602108.450000055
2025-08-01 11:04:50 AM,607.8,5,3039.0,45605147.450000055
2025-08-01 11:05:02 AM,607.8,6,3646.7999999999997,45608794.25000005
2025-08-01 11:05:07 AM,607.3,0,0.0,45608794.25000005
2025-08-01 11:05:08 AM,607.3,24,14575.199999999999,45623369.450000055
2025-08-01 11:05:17 AM,607.75,5,3038.75,45626408.200000055
2025-08-01 11:05:33 AM,607.35,29,17613.15,45644021.35000005
2025-08-01 11:05:45 AM,608.25,0,0.0,45644021.35000005
2025-08-01 11:05:45 AM,608.25,179,108876.75,45752898.10000005
2025-08-01 11:05:47 AM,608.15,0,0.0,45752898.10000005
2025-08-01 11:05:49 AM,608.15,6,3648.8999999999996,45756547.00000005
2025-08-01 11:05:58 AM,607.55,0,0.0,45756547.00000005
2025-08-01 11:06:00 AM,607.55,5,3037.75,45759584.75000005
2025-08-01 11:06:02 AM,607.1,0,0.0,45759584.75000005
2025-08-01 11:06:05 AM,607.1,20,12142.0,45771726.75000005
2025-08-01 11:06:16 AM,607.85,0,0.0,45771726.75000005
2025-08-01 11:06:17 AM,607.85,25,15196.25,45786923.00000005
2025-08-01 11:06:20 AM,607.6,0,0.0,45786923.00000005
2025-08-01 11:06:20 AM,607.6,7,4253.2,45791176.200000055
2025-08-01 11:06:22 AM,607.05,0,0.0,45791176.200000055
2025-08-01 11:06:22 AM,607.05,30,18211.5,45809387.700000055
2025-08-01 11:06:25 AM,607.75,0,0.0,45809387.700000055
2025-08-01 11:06:28 AM,607.75,1,607.75,45809995.450000055
2025-08-01 11:06:34 AM,607.75,6,3646.5,45813641.950000055
2025-08-01 11:06:47 AM,607.65,0,0.0,45813641.950000055
2025-08-01 11:06:47 AM,607.25,32,19432.0,45833073.950000055
2025-08-01 11:06:50 AM,607.8,0,0.0,45833073.950000055
2025-08-01 11:06:53 AM,607.8,5,3039.0,45836112.950000055
2025-08-01 11:07:03 AM,607.9,0,0.0,45836112.950000055
2025-08-01 11:07:03 AM,607.9,5,3039.5,45839152.450000055
2025-08-01 11:07:07 AM,608.0,0,0.0,45839152.450000055
2025-08-01 11:07:08 AM,608.0,300,182400.0,46021552.450000055
2025-08-01 11:07:13 AM,607.45,0,0.0,46021552.450000055
2025-08-01 11:07:14 AM,607.45,24,14578.800000000001,46036131.25000005
2025-08-01 11:07:17 AM,607.95,0,0.0,46036131.25000005
2025-08-01 11:07:19 AM,607.95,6,3647.7000000000003,46039778.950000055
2025-08-01 11:07:33 AM,607.85,0,0.0,46039778.950000055
2025-08-01 11:07:35 AM,607.85,5,3039.25,46042818.200000055
2025-08-01 11:07:37 AM,607.2,0,0.0,46042818.200000055
2025-08-01 11:07:41 AM,607.2,24,14572.800000000001,46057391.00000005
2025-08-01 11:07:47 AM,607.7,0,0.0,46057391.00000005
2025-08-01 11:07:48 AM,607.7,6,3646.2000000000003,46061037.200000055
2025-08-01 11:08:02 AM,607.15,30,18214.5,46079251.700000055
2025-08-01 11:08:17 AM,607.7,0,0.0,46079251.700000055
2025-08-01 11:08:18 AM,607.7,5,3038.5,46082290.200000055
2025-08-01 11:08:23 AM,607.7,1,607.7,46082897.90000006
2025-08-01 11:08:27 AM,607.2,0,0.0,46082897.90000006
2025-08-01 11:08:28 AM,607.2,24,14572.800000000001,46097470.700000055
2025-08-01 11:08:33 AM,607.7,0,0.0,46097470.700000055
2025-08-01 11:08:34 AM,607.7,6,3646.2000000000003,46101116.90000006
2025-08-01 11:08:47 AM,607.6,0,0.0,46101116.90000006
2025-08-01 11:08:49 AM,607.6,5,3038.0,46104154.90000006
2025-08-01 11:08:52 AM,607.25,0,0.0,46104154.90000006
2025-08-01 11:08:55 AM,607.25,4,2429.0,46106583.90000006
2025-08-01 11:08:57 AM,607.4,50,30370.0,46136953.90000006
2025-08-01 11:09:03 AM,607.9,5,3039.5,46139993.40000006
2025-08-01 11:09:18 AM,607.6,30,18228.0,46158221.40000006
2025-08-01 11:09:23 AM,607.0,44,26708.0,46184929.40000006
2025-08-01 11:09:32 AM,607.4,0,0.0,46184929.40000006
2025-08-01 11:09:34 AM,607.4,5,3037.0,46187966.40000006
2025-08-01 11:09:38 AM,607.5,0,0.0,46187966.40000006
2025-08-01 11:09:40 AM,607.5,1,607.5,46188573.90000006
2025-08-01 11:09:42 AM,607.0,0,0.0,46188573.90000006
2025-08-01 11:09:45 AM,607.0,24,14568.0,46203141.90000006
2025-08-01 11:09:47 AM,607.5,5,3037.5,46206179.40000006
2025-08-01 11:10:02 AM,607.45,0,0.0,46206179.40000006
2025-08-01 11:10:02 AM,607.45,6,3644.7000000000003,46209824.10000006
2025-08-01 11:10:08 AM,607.0,24,14568.0,46224392.10000006
2025-08-01 11:10:16 AM,607.5,0,0.0,46224392.10000006
2025-08-01 11:10:17 AM,607.5,118,71685.0,46296077.10000006
2025-08-01 11:10:20 AM,607.9,0,0.0,46296077.10000006
2025-08-01 11:10:22 AM,607.9,5,3039.5,46299116.60000006
2025-08-01 11:10:32 AM,607.1,0,0.0,46299116.60000006
2025-08-01 11:10:33 AM,607.1,67,40675.700000000004,46339792.300000064
2025-08-01 11:10:48 AM,607.7,0,0.0,46339792.300000064
2025-08-01 11:10:50 AM,607.7,5,3038.5,46342830.800000064
2025-08-01 11:10:58 AM,607.3,0,0.0,46342830.800000064
2025-08-01 11:11:01 AM,607.3,24,14575.199999999999,46357406.00000007
2025-08-01 11:11:02 AM,607.6,0,0.0,46357406.00000007
2025-08-01 11:11:02 AM,607.55,0,0.0,46357406.00000007
2025-08-01 11:11:07 AM,607.55,8,4860.4,46362266.400000066
2025-08-01 11:11:17 AM,607.7,6,3646.2000000000003,46365912.60000007
2025-08-01 11:11:20 AM,608.45,0,0.0,46365912.60000007
2025-08-01 11:11:23 AM,608.45,461,280495.45,46646408.05000007
2025-08-01 11:11:32 AM,608.7,0,0.0,46646408.05000007
2025-08-01 11:11:34 AM,608.7,5,3043.5,46649451.55000007
2025-08-01 11:11:36 AM,608.15,0,0.0,46649451.55000007
2025-08-01 11:11:39 AM,608.15,4,2432.6,46651884.15000007
2025-08-01 11:11:48 AM,608.1,0,0.0,46651884.15000007
2025-08-01 11:11:50 AM,608.1,29,17634.9,46669519.05000007
2025-08-01 11:12:02 AM,608.5,0,0.0,46669519.05000007
2025-08-01 11:12:05 AM,608.5,6,3651.0,46673170.05000007
2025-08-01 11:12:12 AM,607.95,0,0.0,46673170.05000007
2025-08-01 11:12:16 AM,607.95,24,14590.800000000001,46687760.85000007
2025-08-01 11:12:17 AM,608.5,75,45637.5,46733398.35000007
2025-08-01 11:12:22 AM,607.8,4,2431.2,46735829.55000007
2025-08-01 11:12:32 AM,608.15,0,0.0,46735829.55000007
2025-08-01 11:12:33 AM,608.15,5,3040.75,46738870.30000007
2025-08-01 11:12:38 AM,607.6,0,0.0,46738870.30000007
2025-08-01 11:12:38 AM,607.6,24,14582.400000000001,46753452.70000007
2025-08-01 11:12:48 AM,608.15,0,0.0,46753452.70000007
2025-08-01 11:12:48 AM,608.15,6,3648.8999999999996,46757101.60000007
2025-08-01 11:12:56 AM,607.25,0,0.0,46757101.60000007
2025-08-01 11:12:58 AM,607.25,200,121450.0,46878551.60000007
2025-08-01 11:13:02 AM,607.5,0,0.0,46878551.60000007
2025-08-01 11:13:04 AM,607.5,29,17617.5,46896169.10000007
2025-08-01 11:13:05 AM,607.95,33,20062.350000000002,46916231.45000007
2025-08-01 11:13:18 AM,608.35,0,0.0,46916231.45000007
2025-08-01 11:13:20 AM,608.35,5,3041.75,46919273.20000007
2025-08-01 11:13:27 AM,608.0,24,14592.0,46933865.20000007
2025-08-01 11:13:32 AM,608.4,0,0.0,46933865.20000007
2025-08-01 11:13:33 AM,608.4,15,9126.0,46942991.20000007
2025-08-01 11:13:44 AM,608.0,14,8512.0,46951503.20000007
2025-08-01 11:13:47 AM,608.55,0,0.0,46951503.20000007
2025-08-01 11:13:47 AM,608.55,5,3042.75,46954545.95000007
2025-08-01 11:13:53 AM,607.35,19,11539.65,46966085.60000007
2025-08-01 11:13:57 AM,607.4,0,0.0,46966085.60000007
2025-08-01 11:13:58 AM,607.4,10,6074.0,46972159.60000007
2025-08-01 11:14:03 AM,608.2,0,0.0,46972159.60000007
2025-08-01 11:14:04 AM,608.2,6,3649.2000000000003,46975808.80000007
2025-08-01 11:14:09 AM,607.5,0,0.0,46975808.80000007
2025-08-01 11:14:09 AM,607.5,10,6075.0,46981883.80000007
2025-08-01 11:14:11 AM,608.05,9,5472.45,46987356.250000075
2025-08-01 11:14:15 AM,608.3,1,608.3,46987964.55000007
2025-08-01 11:14:17 AM,607.85,0,0.0,46987964.55000007
2025-08-01 11:14:20 AM,607.85,29,17627.65,47005592.20000007
2025-08-01 11:14:32 AM,608.25,5,3041.25,47008633.45000007
2025-08-01 11:14:41 AM,608.0,0,0.0,47008633.45000007
2025-08-01 11:14:41 AM,608.0,3,1824.0,47010457.45000007
2025-08-01 11:14:43 AM,608.0,2,1216.0,47011673.45000007
2025-08-01 11:14:47 AM,607.55,0,0.0,47011673.45000007
2025-08-01 11:14:48 AM,607.55,23,13973.65,47025647.10000007
2025-08-01 11:14:51 AM,608.1,0,0.0,47025647.10000007
2025-08-01 11:14:52 AM,608.1,7,4256.7,47029903.80000007
2025-08-01 11:14:57 AM,608.0,0,0.0,47029903.80000007
2025-08-01 11:14:58 AM,608.0,4,2432.0,47032335.80000007
2025-08-01 11:14:59 AM,607.95,0,0.0,47032335.80000007
2025-08-01 11:14:59 AM,607.95,5,3039.75,47035375.55000007
2025-08-01 11:15:03 AM,607.95,7,4255.650000000001,47039631.20000007
2025-08-01 11:15:07 AM,607.45,0,0.0,47039631.20000007
2025-08-01 11:15:09 AM,607.45,24,14578.800000000001,47054210.00000007
2025-08-01 11:15:17 AM,608.0,0,0.0,47054210.00000007
2025-08-01 11:15:19 AM,608.0,9,5472.0,47059682.00000007
2025-08-01 11:15:31 AM,607.95,0,0.0,47059682.00000007
2025-08-01 11:15:33 AM,607.5,0,0.0,47059682.00000007
2025-08-01 11:15:35 AM,607.5,33,20047.5,47079729.50000007
2025-08-01 11:15:43 AM,608.0,0,0.0,47079729.50000007
2025-08-01 11:15:46 AM,608.0,3,1824.0,47081553.50000007
2025-08-01 11:15:50 AM,608.0,6,3648.0,47085201.50000007
2025-08-01 11:15:56 AM,608.0,3,1824.0,47087025.50000007
2025-08-01 11:15:57 AM,607.55,0,0.0,47087025.50000007
2025-08-01 11:15:59 AM,608.3,0,0.0,47087025.50000007
2025-08-01 11:16:00 AM,608.3,109,66304.7,47153330.20000007
2025-08-01 11:16:03 AM,608.25,0,0.0,47153330.20000007
2025-08-01 11:16:06 AM,608.25,5,3041.25,47156371.45000007
2025-08-01 11:16:12 AM,608.55,1,608.55,47156980.00000007
2025-08-01 11:16:17 AM,608.55,6,3651.2999999999997,47160631.300000064
2025-08-01 11:16:22 AM,608.1,16,9729.6,47170360.900000066
2025-08-01 11:16:27 AM,608.0,0,0.0,47170360.900000066
2025-08-01 11:16:28 AM,608.0,4,2432.0,47172792.900000066
2025-08-01 11:16:33 AM,607.65,7,4253.55,47177046.45000006
2025-08-01 11:16:38 AM,607.55,11,6683.049999999999,47183729.50000006
2025-08-01 11:16:47 AM,608.05,0,0.0,47183729.50000006
2025-08-01 11:16:47 AM,608.0,0,0.0,47183729.50000006
2025-08-01 11:16:48 AM,608.0,30,18240.0,47201969.50000006
2025-08-01 11:16:53 AM,608.05,0,0.0,47201969.50000006
2025-08-01 11:16:53 AM,608.05,1,608.05,47202577.55000006
2025-08-01 11:17:03 AM,608.25,0,0.0,47202577.55000006
2025-08-01 11:17:04 AM,608.25,5,3041.25,47205618.80000006
2025-08-01 11:17:13 AM,608.05,0,0.0,47205618.80000006
2025-08-01 11:17:15 AM,608.05,24,14593.199999999999,47220212.00000006
2025-08-01 11:17:20 AM,608.05,6,3648.2999999999997,47223860.30000006
2025-08-01 11:17:33 AM,608.35,0,0.0,47223860.30000006
2025-08-01 11:17:33 AM,608.35,6,3650.1000000000004,47227510.40000006
2025-08-01 11:17:36 AM,608.35,1,608.35,47228118.75000006
2025-08-01 11:17:37 AM,608.05,0,0.0,47228118.75000006
2025-08-01 11:17:38 AM,608.05,24,14593.199999999999,47242711.95000006
2025-08-01 11:17:47 AM,608.35,0,0.0,47242711.95000006
2025-08-01 11:17:49 AM,608.35,5,3041.75,47245753.70000006
2025-08-01 11:17:52 AM,608.45,35,21295.75,47267049.45000006
2025-08-01 11:18:02 AM,608.1,15,9121.5,47276170.95000006
2025-08-01 11:18:07 AM,608.05,0,0.0,47276170.95000006
2025-08-01 11:18:08 AM,608.05,15,9120.75,47285291.70000006
2025-08-01 11:18:14 AM,608.3,1,608.3,47285900.00000006
2025-08-01 11:18:19 AM,608.3,6,3649.7999999999997,47289549.80000006
2025-08-01 11:18:27 AM,608.0,0,0.0,47289549.80000006
2025-08-01 11:18:30 AM,608.0,15,9120.0,47298669.80000006
2025-08-01 11:18:32 AM,608.0,11,6688.0,47305357.80000006
2025-08-01 11:18:33 AM,607.5,0,0.0,47305357.80000006
2025-08-01 11:18:36 AM,607.5,13,7897.5,47313255.30000006
2025-08-01 11:18:43 AM,608.0,0,0.0,47313255.30000006
2025-08-01 11:18:43 AM,608.0,2,1216.0,47314471.30000006
2025-08-01 11:18:47 AM,608.1,0,0.0,47314471.30000006
2025-08-01 11:18:48 AM,608.1,5,3040.5,47317511.80000006
2025-08-01 11:18:53 AM,607.55,0,0.0,47317511.80000006
2025-08-01 11:18:54 AM,607.55,24,14581.199999999999,47332093.00000006
2025-08-01 11:18:54 AM,608.25,1,608.25,47332701.25000006
2025-08-01 11:19:05 AM,608.25,6,3649.5,47336350.75000006
2025-08-01 11:19:11 AM,608.4,9,5475.599999999999,47341826.35000006
2025-08-01 11:19:17 AM,608.5,0,0.0,47341826.35000006
2025-08-01 11:19:17 AM,608.2,21,12772.2,47354598.550000064
2025-08-01 11:19:22 AM,608.0,0,0.0,47354598.550000064
2025-08-01 11:19:22 AM,608.0,4,2432.0,47357030.550000064
2025-08-01 11:19:27 AM,607.75,4,2431.0,47359461.550000064
2025-08-01 11:19:29 AM,608.45,0,0.0,47359461.550000064
2025-08-01 11:19:33 AM,608.45,100,60845.00000000001,47420306.550000064
2025-08-01 11:19:38 AM,608.45,7,4259.150000000001,47424565.70000006
2025-08-01 11:19:42 AM,608.05,0,0.0,47424565.70000006
2025-08-01 11:19:44 AM,608.05,10,6080.5,47430646.20000006
2025-08-01 11:19:48 AM,608.0,0,0.0,47430646.20000006
2025-08-01 11:19:49 AM,608.0,7,4256.0,47434902.20000006
2025-08-01 11:19:52 AM,607.65,0,0.0,47434902.20000006
2025-08-01 11:19:54 AM,607.65,7,4253.55,47439155.75000006
2025-08-01 11:20:02 AM,608.35,0,0.0,47439155.75000006
2025-08-01 11:20:05 AM,608.35,5,3041.75,47442197.50000006
2025-08-01 11:20:08 AM,608.0,0,0.0,47442197.50000006
2025-08-01 11:20:10 AM,608.0,1,608.0,47442805.50000006
2025-08-01 11:20:12 AM,607.55,0,0.0,47442805.50000006
2025-08-01 11:20:15 AM,608.3,24,14599.199999999999,47457404.70000006
2025-08-01 11:20:21 AM,608.3,6,3649.7999999999997,47461054.50000006
2025-08-01 11:20:32 AM,608.0,0,0.0,47461054.50000006
2025-08-01 11:20:37 AM,608.0,26,15808.0,47476862.50000006
2025-08-01 11:20:38 AM,607.55,0,0.0,47476862.50000006
2025-08-01 11:20:42 AM,607.55,3,1822.6499999999999,47478685.15000006
2025-08-01 11:20:47 AM,608.2,0,0.0,47478685.15000006
2025-08-01 11:20:47 AM,608.2,5,3041.0,47481726.15000006
2025-08-01 11:20:53 AM,607.5,0,0.0,47481726.15000006
2025-08-01 11:20:57 AM,608.1,81,49256.1,47530982.25000006
2025-08-01 11:20:58 AM,607.6,0,0.0,47530982.25000006
2025-08-01 11:21:02 AM,608.05,0,0.0,47530982.25000006
2025-08-01 11:21:02 AM,608.05,30,18241.5,47549223.75000006
2025-08-01 11:21:04 AM,608.0,0,0.0,47549223.75000006
2025-08-01 11:21:07 AM,608.0,17,10336.0,47559559.75000006
2025-08-01 11:21:17 AM,608.15,0,0.0,47559559.75000006
2025-08-01 11:21:18 AM,608.15,5,3040.75,47562600.50000006
2025-08-01 11:21:22 AM,607.55,0,0.0,47562600.50000006
2025-08-01 11:21:24 AM,607.55,25,15188.749999999998,47577789.25000006
2025-08-01 11:21:32 AM,608.15,0,0.0,47577789.25000006
2025-08-01 11:21:33 AM,608.0,0,0.0,47577789.25000006
2025-08-01 11:21:34 AM,608.0,9,5472.0,47583261.25000006
2025-08-01 11:21:37 AM,608.15,0,0.0,47583261.25000006
2025-08-01 11:21:39 AM,608.15,1,608.15,47583869.40000006
2025-08-01 11:21:43 AM,607.5,0,0.0,47583869.40000006
2025-08-01 11:21:44 AM,607.5,49,29767.5,47613636.90000006
2025-08-01 11:21:47 AM,608.1,0,0.0,47613636.90000006
2025-08-01 11:21:48 AM,607.55,0,0.0,47613636.90000006
2025-08-01 11:21:49 AM,607.55,30,18226.5,47631863.40000006
2025-08-01 11:21:58 AM,608.0,0,0.0,47631863.40000006
2025-08-01 11:21:59 AM,608.0,4,2432.0,47634295.40000006
2025-08-01 11:22:02 AM,608.05,0,0.0,47634295.40000006
2025-08-01 11:22:04 AM,608.05,5,3040.25,47637335.65000006
2025-08-01 11:22:12 AM,607.5,0,0.0,47637335.65000006
2025-08-01 11:22:15 AM,607.5,194,117855.0,47755190.65000006
2025-08-01 11:22:18 AM,608.05,0,0.0,47755190.65000006
2025-08-01 11:22:21 AM,608.05,7,4256.349999999999,47759447.00000006
2025-08-01 11:22:24 AM,608.0,0,0.0,47759447.00000006
2025-08-01 11:22:26 AM,608.0,27,16416.0,47775863.00000006
2025-08-01 11:22:32 AM,607.95,6,3647.7000000000003,47779510.70000006
2025-08-01 11:22:37 AM,607.55,24,14581.199999999999,47794091.900000066
2025-08-01 11:22:48 AM,607.95,9,5471.55,47799563.45000006
2025-08-01 11:22:48 AM,607.95,1,607.95,47800171.400000066
2025-08-01 11:23:02 AM,607.6,0,0.0,47800171.400000066
2025-08-01 11:23:03 AM,607.6,32,19443.2,47819614.60000007
2025-08-01 11:23:14 AM,608.0,4,2432.0,47822046.60000007
2025-08-01 11:23:19 AM,608.0,5,3040.0,47825086.60000007
2025-08-01 11:23:28 AM,607.5,0,0.0,47825086.60000007
2025-08-01 11:23:29 AM,607.5,24,14580.0,47839666.60000007
2025-08-01 11:23:32 AM,607.95,0,0.0,47839666.60000007
2025-08-01 11:23:35 AM,607.95,6,3647.7000000000003,47843314.30000007
2025-08-01 11:23:39 AM,608.0,0,0.0,47843314.30000007
2025-08-01 11:23:40 AM,608.0,5,3040.0,47846354.30000007
2025-08-01 11:23:50 AM,608.0,7,4256.0,47850610.30000007
2025-08-01 11:23:52 AM,607.65,0,0.0,47850610.30000007
2025-08-01 11:23:55 AM,607.65,24,14583.599999999999,47865193.90000007
2025-08-01 11:24:02 AM,607.95,0,0.0,47865193.90000007
2025-08-01 11:24:04 AM,607.95,10,6079.5,47871273.40000007
2025-08-01 11:24:15 AM,607.6,2,1215.2,47872488.600000076
2025-08-01 11:24:17 AM,607.9,0,0.0,47872488.600000076
2025-08-01 11:24:18 AM,607.55,0,0.0,47872488.600000076
2025-08-01 11:24:20 AM,607.9,0,0.0,47872488.600000076
2025-08-01 11:24:20 AM,607.9,31,18844.899999999998,47891333.500000075
2025-08-01 11:24:28 AM,607.95,0,0.0,47891333.500000075
2025-08-01 11:24:31 AM,607.95,4,2431.8,47893765.30000007
2025-08-01 11:24:32 AM,607.9,7,4255.3,47898020.60000007
2025-08-01 11:24:42 AM,607.5,0,0.0,47898020.60000007
2025-08-01 11:24:47 AM,607.9,0,0.0,47898020.60000007
2025-08-01 11:24:47 AM,607.9,30,18237.0,47916257.60000007
2025-08-01 11:24:52 AM,607.95,0,0.0,47916257.60000007
2025-08-01 11:24:52 AM,607.95,5,3039.75,47919297.35000007
2025-08-01 11:25:00 AM,607.9,0,0.0,47919297.35000007
2025-08-01 11:25:03 AM,607.9,8,4863.2,47924160.55000007
2025-08-01 11:25:08 AM,607.5,0,0.0,47924160.55000007
2025-08-01 11:25:08 AM,607.5,24,14580.0,47938740.55000007
2025-08-01 11:25:18 AM,607.9,0,0.0,47938740.55000007
