date,price,qty,trnvr,cum_trnvr
2025-08-01 09:15:01 AM,1465.2,15599,22855654.8,22855654.8
2025-08-01 09:15:01 AM,1462.9,0,0.0,22855654.8
2025-08-01 09:15:02 AM,1462.9,267,390594.30000000005,23246249.1
2025-08-01 09:15:02 AM,1462.7,946,1383714.2,24629963.3
2025-08-01 09:15:03 AM,1461.8,60,87708.0,24717671.3
2025-08-01 09:15:03 AM,1462.7,5,7313.5,24724984.8
2025-08-01 09:15:03 AM,1461.0,0,0.0,24724984.8
2025-08-01 09:15:04 AM,1461.0,538,786018.0,25511002.8
2025-08-01 09:15:04 AM,1461.0,30,43830.0,25554832.8
2025-08-01 09:15:04 AM,1461.3,0,0.0,25554832.8
2025-08-01 09:15:05 AM,1461.3,688,1005374.4,26560207.2
2025-08-01 09:15:05 AM,1461.0,392,572712.0,27132919.2
2025-08-01 09:15:05 AM,1458.1,0,0.0,27132919.2
2025-08-01 09:15:06 AM,1459.9,1025,1496397.5,28629316.7
2025-08-01 09:15:06 AM,1458.1,46,67072.59999999999,28696389.3
2025-08-01 09:15:06 AM,1458.8,0,0.0,28696389.3
2025-08-01 09:15:07 AM,1458.8,3343,4876768.399999999,33573157.7
2025-08-01 09:15:07 AM,1459.2,11,16051.2,33589208.900000006
2025-08-01 09:15:07 AM,1457.4,0,0.0,33589208.900000006
2025-08-01 09:15:08 AM,1457.4,227,330829.80000000005,33920038.7
2025-08-01 09:15:08 AM,1457.1,41,59741.1,33979779.800000004
2025-08-01 09:15:08 AM,1459.0,0,0.0,33979779.800000004
2025-08-01 09:15:09 AM,1459.0,83,121097.0,34100876.800000004
2025-08-01 09:15:09 AM,1456.7,830,1209061.0,35309937.800000004
2025-08-01 09:15:10 AM,1456.5,38,55347.0,35365284.800000004
2025-08-01 09:15:10 AM,1456.5,150,218475.0,35583759.800000004
2025-08-01 09:15:10 AM,1457.4,0,0.0,35583759.800000004
2025-08-01 09:15:10 AM,1458.0,0,0.0,35583759.800000004
2025-08-01 09:15:11 AM,1458.0,686,1000188.0,36583947.800000004
2025-08-01 09:15:12 AM,1456.3,112,163105.6,36747053.400000006
2025-08-01 09:15:12 AM,1456.7,0,0.0,36747053.400000006
2025-08-01 09:15:13 AM,1456.7,1072,1561582.4000000001,38308635.800000004
2025-08-01 09:15:13 AM,1455.8,0,0.0,38308635.800000004
2025-08-01 09:15:14 AM,1455.8,936,1362628.8,39671264.6
2025-08-01 09:15:14 AM,1456.9,10,14569.0,39685833.6
2025-08-01 09:15:14 AM,1457.1,0,0.0,39685833.6
2025-08-01 09:15:15 AM,1457.1,56,81597.59999999999,39767431.2
2025-08-01 09:15:15 AM,1456.1,250,364025.0,40131456.2
2025-08-01 09:15:16 AM,1456.1,65,94646.5,40226102.7
2025-08-01 09:15:16 AM,1456.4,0,0.0,40226102.7
2025-08-01 09:15:17 AM,1456.4,24,34953.600000000006,40261056.300000004
2025-08-01 09:15:17 AM,1457.1,0,0.0,40261056.300000004
2025-08-01 09:15:18 AM,1457.1,206,300162.6,40561218.900000006
2025-08-01 09:15:18 AM,1457.8,0,0.0,40561218.900000006
2025-08-01 09:15:18 AM,1457.0,0,0.0,40561218.900000006
2025-08-01 09:15:19 AM,1457.0,465,677505.0,41238723.900000006
2025-08-01 09:15:19 AM,1458.1,0,0.0,41238723.900000006
2025-08-01 09:15:20 AM,1458.1,350,510334.99999999994,41749058.900000006
2025-08-01 09:15:20 AM,1457.2,371,540621.2000000001,42289680.10000001
2025-08-01 09:15:21 AM,1458.1,0,0.0,42289680.10000001
2025-08-01 09:15:21 AM,1458.1,326,475340.6,42765020.70000001
2025-08-01 09:15:22 AM,1458.2,1633,2381240.6,45146261.30000001
2025-08-01 09:15:22 AM,1459.6,21,30651.6,45176912.90000001
2025-08-01 09:15:22 AM,1457.7,0,0.0,45176912.90000001
2025-08-01 09:15:22 AM,1457.7,828,1206975.6,46383888.500000015
2025-08-01 09:15:23 AM,1460.0,0,0.0,46383888.500000015
2025-08-01 09:15:23 AM,1460.1,501,731510.1,47115398.60000002
2025-08-01 09:15:25 AM,1459.6,0,0.0,47115398.60000002
2025-08-01 09:15:25 AM,1459.6,147,214561.19999999998,47329959.80000002
2025-08-01 09:15:26 AM,1459.9,52,75914.8,47405874.60000002
2025-08-01 09:15:26 AM,1459.9,16,23358.4,47429233.000000015
2025-08-01 09:15:27 AM,1460.6,10,14606.0,47443839.000000015
2025-08-01 09:15:28 AM,1461.0,122,178242.0,47622081.000000015
2025-08-01 09:15:28 AM,1462.1,256,374297.6,47996378.60000002
2025-08-01 09:15:29 AM,1461.3,497,726266.1,48722644.70000002
2025-08-01 09:15:29 AM,1462.8,0,0.0,48722644.70000002
2025-08-01 09:15:29 AM,1461.7,254,371271.8,49093916.500000015
2025-08-01 09:15:30 AM,1462.6,3,4387.799999999999,49098304.30000001
2025-08-01 09:15:31 AM,1461.8,20,29236.0,49127540.30000001
2025-08-01 09:15:32 AM,1462.2,110,160842.0,49288382.30000001
2025-08-01 09:15:32 AM,1461.5,0,0.0,49288382.30000001
2025-08-01 09:15:32 AM,1461.2,428,625393.6,49913775.90000001
2025-08-01 09:15:33 AM,1461.2,1,1461.2,49915237.10000002
2025-08-01 09:15:33 AM,1461.2,44,64292.8,49979529.90000001
2025-08-01 09:15:34 AM,1461.9,236,345008.4,50324538.30000001
2025-08-01 09:15:35 AM,1462.2,51,74572.2,50399110.500000015
2025-08-01 09:15:36 AM,1462.2,5,7311.0,50406421.500000015
2025-08-01 09:15:37 AM,1463.5,253,370265.5,50776687.000000015
2025-08-01 09:15:37 AM,1462.9,0,0.0,50776687.000000015
2025-08-01 09:15:38 AM,1462.9,4,5851.6,50782538.60000002
2025-08-01 09:15:38 AM,1462.9,25,36572.5,50819111.10000002
2025-08-01 09:15:39 AM,1462.9,20,29258.0,50848369.10000002
2025-08-01 09:15:39 AM,1463.0,10,14630.0,50862999.10000002
2025-08-01 09:15:40 AM,1463.3,0,0.0,50862999.10000002
2025-08-01 09:15:40 AM,1463.3,100,146330.0,51009329.10000002
2025-08-01 09:15:41 AM,1462.5,15,21937.5,51031266.60000002
2025-08-01 09:15:41 AM,1463.3,0,0.0,51031266.60000002
2025-08-01 09:15:41 AM,1463.3,2,2926.6,51034193.20000002
2025-08-01 09:15:42 AM,1463.3,25,36582.5,51070775.70000002
2025-08-01 09:15:42 AM,1463.4,0,0.0,51070775.70000002
2025-08-01 09:15:42 AM,1463.4,357,522433.80000000005,51593209.500000015
2025-08-01 09:15:44 AM,1464.1,263,385058.3,51978267.80000001
2025-08-01 09:15:45 AM,1464.2,0,0.0,51978267.80000001
2025-08-01 09:15:45 AM,1465.0,202,295930.0,52274197.80000001
2025-08-01 09:15:46 AM,1464.1,28,40994.799999999996,52315192.60000001
2025-08-01 09:15:46 AM,1464.4,0,0.0,52315192.60000001
2025-08-01 09:15:46 AM,1464.4,45,65898.0,52381090.60000001
2025-08-01 09:15:48 AM,1464.0,181,264984.0,52646074.60000001
2025-08-01 09:15:48 AM,1463.5,0,0.0,52646074.60000001
2025-08-01 09:15:48 AM,1463.5,268,392218.0,53038292.60000001
2025-08-01 09:15:49 AM,1462.6,23,33639.799999999996,53071932.400000006
2025-08-01 09:15:50 AM,1462.2,50,73110.0,53145042.400000006
2025-08-01 09:15:50 AM,1462.5,0,0.0,53145042.400000006
2025-08-01 09:15:50 AM,1462.5,76,111150.0,53256192.400000006
2025-08-01 09:15:52 AM,1462.5,57,83362.5,53339554.900000006
2025-08-01 09:15:52 AM,1463.0,0,0.0,53339554.900000006
2025-08-01 09:15:52 AM,1463.0,16,23408.0,53362962.900000006
2025-08-01 09:15:53 AM,1463.0,1,1463.0,53364425.900000006
2025-08-01 09:15:54 AM,1462.7,0,0.0,53364425.900000006
2025-08-01 09:15:54 AM,1462.7,37,54119.9,53418545.800000004
2025-08-01 09:15:55 AM,1463.6,0,0.0,53418545.800000004
2025-08-01 09:15:55 AM,1463.6,279,408344.39999999997,53826890.2
2025-08-01 09:15:56 AM,1465.6,0,0.0,53826890.2
2025-08-01 09:15:56 AM,1465.6,1142,1673715.2,55500605.400000006
2025-08-01 09:15:56 AM,1465.3,0,0.0,55500605.400000006
2025-08-01 09:15:57 AM,1464.7,64,93740.8,55594346.2
2025-08-01 09:15:57 AM,1465.3,0,0.0,55594346.2
2025-08-01 09:15:58 AM,1465.3,1,1465.3,55595811.5
2025-08-01 09:15:59 AM,1464.7,90,131823.0,55727634.5
2025-08-01 09:16:00 AM,1464.7,59,86417.3,55814051.8
2025-08-01 09:16:01 AM,1464.3,0,0.0,55814051.8
2025-08-01 09:16:01 AM,1464.3,234,342646.2,56156698.0
2025-08-01 09:16:02 AM,1463.7,3,4391.1,56161089.1
2025-08-01 09:16:03 AM,1464.3,1,1464.3,56162553.4
2025-08-01 09:16:04 AM,1465.0,0,0.0,56162553.4
2025-08-01 09:16:05 AM,1465.0,1848,2707320.0,58869873.4
2025-08-01 09:16:05 AM,1465.7,3,4397.1,58874270.5
2025-08-01 09:16:06 AM,1465.0,0,0.0,58874270.5
2025-08-01 09:16:07 AM,1465.3,136,199280.8,59073551.3
2025-08-01 09:16:07 AM,1464.4,0,0.0,59073551.3
2025-08-01 09:16:08 AM,1464.4,545,798098.0,59871649.3
2025-08-01 09:16:09 AM,1463.2,0,0.0,59871649.3
2025-08-01 09:16:10 AM,1463.2,70,102424.0,59974073.3
2025-08-01 09:16:11 AM,1464.1,112,163979.19999999998,60138052.5
2025-08-01 09:16:12 AM,1464.4,2,2928.8,60140981.3
2025-08-01 09:16:14 AM,1464.9,38,55666.200000000004,60196647.5
2025-08-01 09:16:17 AM,1464.9,3,4394.700000000001,60201042.2
2025-08-01 09:16:17 AM,1464.5,198,289971.0,60491013.2
2025-08-01 09:16:17 AM,1464.3,0,0.0,60491013.2
2025-08-01 09:16:18 AM,1464.3,277,405611.1,60896624.300000004
2025-08-01 09:16:18 AM,1463.7,3,4391.1,60901015.400000006
2025-08-01 09:16:18 AM,1463.2,0,0.0,60901015.400000006
2025-08-01 09:16:19 AM,1462.9,244,356947.60000000003,61257963.00000001
2025-08-01 09:16:20 AM,1463.6,1,1463.6,61259426.60000001
2025-08-01 09:16:21 AM,1462.9,141,206268.90000000002,61465695.50000001
2025-08-01 09:16:23 AM,1463.3,38,55605.4,61521300.900000006
2025-08-01 09:16:25 AM,1463.3,27,39509.1,61560810.00000001
2025-08-01 09:16:26 AM,1463.3,119,174132.69999999998,61734942.70000001
2025-08-01 09:16:27 AM,1463.7,12,17564.4,61752507.10000001
2025-08-01 09:16:28 AM,1464.1,0,0.0,61752507.10000001
2025-08-01 09:16:28 AM,1464.1,15,21961.5,61774468.60000001
2025-08-01 09:16:29 AM,1463.2,0,0.0,61774468.60000001
2025-08-01 09:16:30 AM,1463.2,1107,1619762.4000000001,63394231.00000001
2025-08-01 09:16:31 AM,1464.4,0,0.0,63394231.00000001
2025-08-01 09:16:32 AM,1464.4,752,1101228.8,64495459.800000004
2025-08-01 09:16:32 AM,1464.7,0,0.0,64495459.800000004
2025-08-01 09:16:33 AM,1465.0,182,266630.0,64762089.800000004
2025-08-01 09:16:35 AM,1465.0,2,2930.0,64765019.800000004
2025-08-01 09:16:36 AM,1465.0,100,146500.0,64911519.800000004
2025-08-01 09:16:38 AM,1465.0,1,1465.0,64912984.800000004
2025-08-01 09:16:40 AM,1464.6,0,0.0,64912984.800000004
2025-08-01 09:16:41 AM,1464.6,896,1312281.5999999999,66225266.400000006
2025-08-01 09:16:42 AM,1464.6,140,205044.0,66430310.400000006
2025-08-01 09:16:42 AM,1464.5,0,0.0,66430310.400000006
2025-08-01 09:16:43 AM,1464.5,343,502323.5,66932633.900000006
2025-08-01 09:16:43 AM,1464.3,237,347039.1,67279673.0
2025-08-01 09:16:43 AM,1464.4,0,0.0,67279673.0
2025-08-01 09:16:44 AM,1464.4,176,257734.40000000002,67537407.4
2025-08-01 09:16:44 AM,1464.6,50,73230.0,67610637.4
2025-08-01 09:16:44 AM,1464.5,0,0.0,67610637.4
2025-08-01 09:16:45 AM,1464.5,30,43935.0,67654572.4
2025-08-01 09:16:46 AM,1464.5,125,183062.5,67837634.9
2025-08-01 09:16:47 AM,1463.7,130,190281.0,68027915.9
2025-08-01 09:16:47 AM,1464.3,0,0.0,68027915.9
2025-08-01 09:16:48 AM,1464.3,65,95179.5,68123095.4
2025-08-01 09:16:50 AM,1465.0,1126,1649590.0,69772685.4
2025-08-01 09:16:52 AM,1465.3,0,0.0,69772685.4
2025-08-01 09:16:53 AM,1465.3,324,474757.2,70247442.60000001
2025-08-01 09:16:54 AM,1465.3,2,2930.6,70250373.2
2025-08-01 09:16:55 AM,1464.5,2,2929.0,70253302.2
2025-08-01 09:16:55 AM,1464.4,0,0.0,70253302.2
2025-08-01 09:16:56 AM,1464.4,1,1464.4,70254766.60000001
2025-08-01 09:16:57 AM,1464.4,10,14644.0,70269410.60000001
2025-08-01 09:16:57 AM,1464.0,0,0.0,70269410.60000001
2025-08-01 09:16:58 AM,1464.0,119,174216.0,70443626.60000001
2025-08-01 09:16:58 AM,1464.2,0,0.0,70443626.60000001
2025-08-01 09:16:59 AM,1464.3,17,24893.1,70468519.7
2025-08-01 09:17:00 AM,1464.0,0,0.0,70468519.7
2025-08-01 09:17:03 AM,1465.0,1216,1781440.0,72249959.7
2025-08-01 09:17:04 AM,1463.7,163,238583.1,72488542.8
2025-08-01 09:17:11 AM,1462.7,20,29254.0,72517796.8
2025-08-01 09:17:13 AM,1463.5,1,1463.5,72519260.3
2025-08-01 09:17:19 AM,1463.1,250,365775.0,72885035.3
2025-08-01 09:17:21 AM,1462.7,79,115553.3,73000588.6
2025-08-01 09:17:28 AM,1462.9,171,250155.90000000002,73250744.5
2025-08-01 09:17:31 AM,1462.6,0,0.0,73250744.5
2025-08-01 09:17:33 AM,1463.5,0,0.0,73250744.5
2025-08-01 09:17:36 AM,1462.4,307,448956.80000000005,73699701.3
2025-08-01 09:17:37 AM,1463.5,6,8781.0,73708482.3
2025-08-01 09:17:41 AM,1463.8,0,0.0,73708482.3
2025-08-01 09:17:44 AM,1463.1,32,46819.2,73755301.5
2025-08-01 09:17:50 AM,1462.8,0,0.0,73755301.5
2025-08-01 09:17:53 AM,1462.8,113,165296.4,73920597.9
2025-08-01 09:17:54 AM,1462.8,28,40958.4,73961556.30000001
2025-08-01 09:17:57 AM,1462.5,0,0.0,73961556.30000001
2025-08-01 09:17:59 AM,1463.1,0,0.0,73961556.30000001
2025-08-01 09:18:01 AM,1462.9,188,275025.2,74236581.50000001
2025-08-01 09:18:02 AM,1462.2,54,78958.8,74315540.30000001
2025-08-01 09:18:09 AM,1462.0,161,235382.0,74550922.30000001
2025-08-01 09:18:11 AM,1462.2,886,1295509.2,75846431.50000001
2025-08-01 09:18:13 AM,1463.0,0,0.0,75846431.50000001
2025-08-01 09:18:18 AM,1463.0,646,945098.0,76791529.50000001
2025-08-01 09:18:19 AM,1462.1,310,453251.0,77244780.50000001
2025-08-01 09:18:21 AM,1462.0,0,0.0,77244780.50000001
2025-08-01 09:18:23 AM,1462.8,0,0.0,77244780.50000001
2025-08-01 09:18:26 AM,1462.2,46,67261.2,77312041.70000002
2025-08-01 09:18:27 AM,1462.9,4,5851.6,77317893.30000001
2025-08-01 09:18:29 AM,1462.8,0,0.0,77317893.30000001
2025-08-01 09:18:34 AM,1462.1,72,105271.2,77423164.50000001
2025-08-01 09:18:37 AM,1462.5,0,0.0,77423164.50000001
2025-08-01 09:18:39 AM,1462.7,0,0.0,77423164.50000001
2025-08-01 09:18:42 AM,1462.1,120,175452.0,77598616.50000001
2025-08-01 09:18:43 AM,1462.3,5,7311.5,77605928.00000001
2025-08-01 09:18:47 AM,1462.5,0,0.0,77605928.00000001
2025-08-01 09:18:50 AM,1462.8,228,333518.39999999997,77939446.40000002
2025-08-01 09:18:52 AM,1462.9,5,7314.5,77946760.90000002
2025-08-01 09:18:55 AM,1463.0,0,0.0,77946760.90000002
2025-08-01 09:18:59 AM,1463.7,270,395199.0,78341959.90000002
2025-08-01 09:19:00 AM,1463.7,6,8782.2,78350742.10000002
2025-08-01 09:19:01 AM,1463.9,0,0.0,78350742.10000002
2025-08-01 09:19:07 AM,1463.9,287,420139.30000000005,78770881.40000002
2025-08-01 09:19:09 AM,1463.8,0,0.0,78770881.40000002
2025-08-01 09:19:11 AM,1464.3,0,0.0,78770881.40000002
2025-08-01 09:19:15 AM,1464.1,2610,3821300.9999999995,82592182.40000002
2025-08-01 09:19:16 AM,1463.4,176,257558.40000000002,82849740.80000003
2025-08-01 09:19:17 AM,1463.7,0,0.0,82849740.80000003
2025-08-01 09:19:23 AM,1464.1,132,193261.19999999998,83043002.00000003
2025-08-01 09:19:26 AM,1464.2,0,0.0,83043002.00000003
2025-08-01 09:19:31 AM,1464.1,39,57099.899999999994,83100101.90000004
2025-08-01 09:19:32 AM,1463.8,4,5855.2,83105957.10000004
2025-08-01 09:19:34 AM,1463.9,0,0.0,83105957.10000004
2025-08-01 09:19:39 AM,1463.9,5,7319.5,83113276.60000004
2025-08-01 09:19:46 AM,1464.5,0,0.0,83113276.60000004
2025-08-01 09:19:47 AM,1465.0,1007,1475255.0,84588531.60000004
2025-08-01 09:19:48 AM,1464.4,0,0.0,84588531.60000004
2025-08-01 09:19:49 AM,1464.4,252,369028.80000000005,84957560.40000004
2025-08-01 09:19:55 AM,1465.0,37,54205.0,85011765.40000004
2025-08-01 09:19:57 AM,1465.0,103,150895.0,85162660.40000004
2025-08-01 09:20:02 AM,1464.4,0,0.0,85162660.40000004
2025-08-01 09:20:03 AM,1464.4,224,328025.60000000003,85490686.00000003
2025-08-01 09:20:11 AM,1464.4,435,637014.0,86127700.00000003
2025-08-01 09:20:11 AM,1464.1,0,0.0,86127700.00000003
2025-08-01 09:20:13 AM,1463.8,178,260556.4,86388256.40000004
2025-08-01 09:20:16 AM,1464.4,0,0.0,86388256.40000004
2025-08-01 09:20:19 AM,1464.3,2071,3032565.3,89420821.70000003
2025-08-01 09:20:19 AM,1464.2,0,0.0,89420821.70000003
2025-08-01 09:20:20 AM,1464.4,378,553543.2000000001,89974364.90000004
2025-08-01 09:20:24 AM,1464.7,0,0.0,89974364.90000004
2025-08-01 09:20:27 AM,1464.7,171,250463.7,90224828.60000004
2025-08-01 09:20:34 AM,1465.6,1588,2327372.8,92552201.40000004
2025-08-01 09:20:37 AM,1465.0,0,0.0,92552201.40000004
2025-08-01 09:20:41 AM,1465.5,0,0.0,92552201.40000004
2025-08-01 09:20:42 AM,1465.2,327,479120.4,93031321.80000004
2025-08-01 09:20:44 AM,1465.2,242,354578.4,93385900.20000005
2025-08-01 09:20:48 AM,1466.1,0,0.0,93385900.20000005
2025-08-01 09:20:50 AM,1466.7,1153,1691105.1,95077005.30000004
2025-08-01 09:20:51 AM,1466.2,0,0.0,95077005.30000004
2025-08-01 09:20:51 AM,1466.2,15,21993.0,95098998.30000004
2025-08-01 09:20:55 AM,1466.8,0,0.0,95098998.30000004
2025-08-01 09:20:58 AM,1466.3,50,73315.0,95172313.30000004
2025-08-01 09:21:02 AM,1465.7,0,0.0,95172313.30000004
2025-08-01 09:21:05 AM,1465.7,313,458764.10000000003,95631077.40000004
2025-08-01 09:21:09 AM,1465.2,0,0.0,95631077.40000004
2025-08-01 09:21:11 AM,1465.4,0,0.0,95631077.40000004
2025-08-01 09:21:13 AM,1465.4,327,479185.80000000005,96110263.20000003
2025-08-01 09:21:18 AM,1465.2,0,0.0,96110263.20000003
2025-08-01 09:21:21 AM,1464.7,130,190411.0,96300674.20000003
2025-08-01 09:21:23 AM,1464.9,0,0.0,96300674.20000003
2025-08-01 09:21:29 AM,1464.9,11,16113.900000000001,96316788.10000004
2025-08-01 09:21:30 AM,1464.7,0,0.0,96316788.10000004
2025-08-01 09:21:37 AM,1464.7,47,68840.90000000001,96385629.00000004
2025-08-01 09:21:38 AM,1464.7,4,5858.8,96391487.80000004
2025-08-01 09:21:39 AM,1464.5,0,0.0,96391487.80000004
2025-08-01 09:21:44 AM,1464.7,9,13182.300000000001,96404670.10000004
2025-08-01 09:21:52 AM,1464.7,16,23435.2,96428105.30000004
2025-08-01 09:21:53 AM,1464.9,51,74709.90000000001,96502815.20000005
2025-08-01 09:21:58 AM,1465.0,0,0.0,96502815.20000005
2025-08-01 09:22:00 AM,1465.0,128,187520.0,96690335.20000005
2025-08-01 09:22:01 AM,1464.9,4,5859.6,96696194.80000004
2025-08-01 09:22:02 AM,1464.4,0,0.0,96696194.80000004
2025-08-01 09:22:05 AM,1463.5,0,0.0,96696194.80000004
2025-08-01 09:22:07 AM,1463.4,813,1189744.2000000002,97885939.00000004
2025-08-01 09:22:09 AM,1463.5,90,131715.0,98017654.00000004
2025-08-01 09:22:12 AM,1463.6,0,0.0,98017654.00000004
2025-08-01 09:22:15 AM,1464.1,74,108343.4,98125997.40000005
2025-08-01 09:22:16 AM,1464.1,5,7320.5,98133317.90000005
2025-08-01 09:22:19 AM,1463.8,0,0.0,98133317.90000005
2025-08-01 09:22:23 AM,1464.5,289,423240.5,98556558.40000005
2025-08-01 09:22:26 AM,1464.4,0,0.0,98556558.40000005
2025-08-01 09:22:30 AM,1464.8,202,295889.6,98852448.00000004
2025-08-01 09:22:32 AM,1464.8,7,10253.6,98862701.60000004
2025-08-01 09:22:38 AM,1465.4,164,240325.6,99103027.20000003
2025-08-01 09:22:45 AM,1466.0,173,253618.0,99356645.20000003
2025-08-01 09:22:46 AM,1466.9,0,0.0,99356645.20000003
2025-08-01 09:22:47 AM,1466.9,1892,2775374.8000000003,102132020.00000003
2025-08-01 09:22:52 AM,1466.1,0,0.0,102132020.00000003
2025-08-01 09:22:53 AM,1466.4,7,10264.800000000001,102142284.80000003
2025-08-01 09:22:55 AM,1466.4,135,197964.0,102340248.80000003
2025-08-01 09:22:57 AM,1466.0,0,0.0,102340248.80000003
2025-08-01 09:23:00 AM,1466.0,9,13194.0,102353442.80000003
2025-08-01 09:23:02 AM,1465.2,66,96703.2,102450146.00000003
2025-08-01 09:23:08 AM,1465.2,11,16117.2,102466263.20000003
2025-08-01 09:23:10 AM,1465.2,20,29304.0,102495567.20000003
2025-08-01 09:23:16 AM,1465.2,26,38095.200000000004,102533662.40000004
2025-08-01 09:23:18 AM,1465.2,5,7326.0,102540988.40000004
2025-08-01 09:23:24 AM,1464.6,156,228477.59999999998,102769466.00000003
2025-08-01 09:23:25 AM,1464.6,4,5858.4,102775324.40000004
2025-08-01 09:23:31 AM,1464.6,7,10252.199999999999,102785576.60000004
2025-08-01 09:23:33 AM,1464.6,29,42473.399999999994,102828050.00000004
2025-08-01 09:23:38 AM,1464.4,0,0.0,102828050.00000004
2025-08-01 09:23:39 AM,1464.4,60,87864.0,102915914.00000004
2025-08-01 09:23:45 AM,1464.6,0,0.0,102915914.00000004
2025-08-01 09:23:46 AM,1464.6,39,57119.399999999994,102973033.40000005
2025-08-01 09:23:48 AM,1464.6,43,62977.799999999996,103036011.20000005
2025-08-01 09:23:51 AM,1464.5,0,0.0,103036011.20000005
2025-08-01 09:23:54 AM,1464.5,101,147914.5,103183925.70000005
2025-08-01 09:23:57 AM,1464.6,0,0.0,103183925.70000005
2025-08-01 09:24:02 AM,1465.0,184,269560.0,103453485.70000005
2025-08-01 09:24:03 AM,1464.4,2,2928.8,103456414.50000004
2025-08-01 09:24:04 AM,1464.2,0,0.0,103456414.50000004
2025-08-01 09:24:09 AM,1464.8,1148,1681590.4,105138004.90000005
2025-08-01 09:24:11 AM,1464.4,408,597475.2000000001,105735480.10000005
2025-08-01 09:24:17 AM,1464.0,926,1355664.0,107091144.10000005
2025-08-01 09:24:24 AM,1465.1,0,0.0,107091144.10000005
2025-08-01 09:24:25 AM,1465.1,91,133324.1,107224468.20000005
2025-08-01 09:24:32 AM,1465.1,388,568458.7999999999,107792927.00000004
2025-08-01 09:24:34 AM,1464.9,100,146490.0,107939417.00000004
2025-08-01 09:24:36 AM,1465.1,0,0.0,107939417.00000004
2025-08-01 09:24:40 AM,1465.0,38,55670.0,107995087.00000004
2025-08-01 09:24:41 AM,1464.9,19,27833.100000000002,108022920.10000004
2025-08-01 09:24:47 AM,1464.9,25,36622.5,108059542.60000004
2025-08-01 09:24:48 AM,1465.1,0,0.0,108059542.60000004
2025-08-01 09:24:48 AM,1465.2,0,0.0,108059542.60000004
2025-08-01 09:24:49 AM,1465.2,1465,2146518.0,110206060.60000004
2025-08-01 09:24:54 AM,1464.9,0,0.0,110206060.60000004
2025-08-01 09:24:55 AM,1464.9,5,7324.5,110213385.10000004
2025-08-01 09:24:55 AM,1464.4,0,0.0,110213385.10000004
2025-08-01 09:24:57 AM,1464.4,560,820064.0,111033449.10000004
2025-08-01 09:25:02 AM,1464.5,1,1464.5,111034913.60000004
2025-08-01 09:25:02 AM,1463.9,0,0.0,111034913.60000004
2025-08-01 09:25:04 AM,1464.3,215,314824.5,111349738.10000004
2025-08-01 09:25:08 AM,1464.1,0,0.0,111349738.10000004
2025-08-01 09:25:09 AM,1464.1,26,38066.6,111387804.70000003
2025-08-01 09:25:12 AM,1463.9,8,11711.2,111399515.90000004
2025-08-01 09:25:17 AM,1463.9,23,33669.700000000004,111433185.60000004
2025-08-01 09:25:19 AM,1463.9,201,294243.9,111727429.50000004
2025-08-01 09:25:21 AM,1463.1,0,0.0,111727429.50000004
2025-08-01 09:25:25 AM,1463.0,630,921690.0,112649119.50000004
2025-08-01 09:25:27 AM,1463.6,36,52689.6,112701809.10000004
2025-08-01 09:25:32 AM,1463.6,6,8781.599999999999,112710590.70000003
2025-08-01 09:25:33 AM,1463.5,0,0.0,112710590.70000003
2025-08-01 09:25:34 AM,1463.5,5,7317.5,112717908.20000003
2025-08-01 09:25:39 AM,1464.0,0,0.0,112717908.20000003
2025-08-01 09:25:40 AM,1464.0,91,133224.0,112851132.20000003
2025-08-01 09:25:40 AM,1463.5,0,0.0,112851132.20000003
2025-08-01 09:25:42 AM,1463.5,196,286846.0,113137978.20000003
2025-08-01 09:25:44 AM,1463.9,0,0.0,113137978.20000003
2025-08-01 09:25:47 AM,1463.5,369,540031.5,113678009.70000003
2025-08-01 09:25:49 AM,1463.3,11,16096.3,113694106.00000003
2025-08-01 09:25:50 AM,1463.2,0,0.0,113694106.00000003
2025-08-01 09:25:55 AM,1463.2,38,55601.6,113749707.60000002
2025-08-01 09:25:56 AM,1463.0,0,0.0,113749707.60000002
2025-08-01 09:25:57 AM,1463.0,51,74613.0,113824320.60000002
2025-08-01 09:26:02 AM,1463.2,26,38043.200000000004,113862363.80000003
2025-08-01 09:26:04 AM,1462.5,510,745875.0,114608238.80000003
2025-08-01 09:26:09 AM,1462.4,0,0.0,114608238.80000003
2025-08-01 09:26:10 AM,1462.4,16,23398.4,114631637.20000003
2025-08-01 09:26:12 AM,1462.6,198,289594.8,114921232.00000003
2025-08-01 09:26:18 AM,1462.6,173,253029.8,115174261.80000003
2025-08-01 09:26:19 AM,1462.2,404,590728.8,115764990.60000002
2025-08-01 09:26:22 AM,1461.9,0,0.0,115764990.60000002
2025-08-01 09:26:25 AM,1461.5,411,600676.5,116365667.10000002
2025-08-01 09:26:27 AM,1461.2,242,353610.4,116719277.50000003
2025-08-01 09:26:27 AM,1461.7,0,0.0,116719277.50000003
2025-08-01 09:26:28 AM,1462.0,0,0.0,116719277.50000003
2025-08-01 09:26:31 AM,1462.1,0,0.0,116719277.50000003
2025-08-01 09:26:33 AM,1462.1,392,573143.2,117292420.70000003
2025-08-01 09:26:34 AM,1462.2,0,0.0,117292420.70000003
2025-08-01 09:26:35 AM,1462.2,18,26319.600000000002,117318740.30000003
2025-08-01 09:26:37 AM,1461.7,0,0.0,117318740.30000003
2025-08-01 09:26:40 AM,1462.2,0,0.0,117318740.30000003
2025-08-01 09:26:41 AM,1462.2,43,62874.6,117381614.90000002
2025-08-01 09:26:43 AM,1462.0,0,0.0,117381614.90000002
2025-08-01 09:26:48 AM,1461.9,43,62861.700000000004,117444476.60000002
2025-08-01 09:26:49 AM,1461.3,0,0.0,117444476.60000002
2025-08-01 09:26:50 AM,1461.3,2,2922.6,117447399.20000002
2025-08-01 09:26:52 AM,1461.5,0,0.0,117447399.20000002
2025-08-01 09:26:56 AM,1461.5,508,742442.0,118189841.20000002
2025-08-01 09:26:57 AM,1461.6,4,5846.4,118195687.60000002
2025-08-01 09:27:01 AM,1461.2,0,0.0,118195687.60000002
2025-08-01 09:27:03 AM,1462.1,81,118430.09999999999,118314117.70000002
2025-08-01 09:27:07 AM,1461.9,0,0.0,118314117.70000002
2025-08-01 09:27:11 AM,1461.9,5,7309.5,118321427.20000002
2025-08-01 09:27:12 AM,1461.9,1,1461.9,118322889.10000002
2025-08-01 09:27:18 AM,1461.9,8,11695.2,118334584.30000003
2025-08-01 09:27:19 AM,1461.9,3,4385.700000000001,118338970.00000003
2025-08-01 09:27:22 AM,1461.5,0,0.0,118338970.00000003
2025-08-01 09:27:25 AM,1461.6,145,211932.0,118550902.00000003
2025-08-01 09:27:26 AM,1461.2,0,0.0,118550902.00000003
2025-08-01 09:27:27 AM,1461.2,8,11689.6,118562591.60000002
2025-08-01 09:27:31 AM,1461.6,0,0.0,118562591.60000002
2025-08-01 09:27:33 AM,1461.6,13,19000.8,118581592.40000002
2025-08-01 09:27:34 AM,1461.6,1,1461.6,118583054.00000001
2025-08-01 09:27:40 AM,1461.6,5,7308.0,118590362.00000001
2025-08-01 09:27:42 AM,1461.0,3157,4612377.0,123202739.00000001
2025-08-01 09:27:46 AM,1461.6,0,0.0,123202739.00000001
2025-08-01 09:27:48 AM,1461.6,148,216316.8,123419055.80000001
2025-08-01 09:27:49 AM,1461.3,497,726266.1,124145321.9
2025-08-01 09:27:52 AM,1461.8,0,0.0,124145321.9
2025-08-01 09:27:56 AM,1461.5,562,821363.0,124966684.9
2025-08-01 09:27:58 AM,1461.7,0,0.0,124966684.9
2025-08-01 09:28:02 AM,1461.9,0,0.0,124966684.9
2025-08-01 09:28:03 AM,1461.9,66,96485.40000000001,125063170.30000001
2025-08-01 09:28:05 AM,1461.8,1,1461.8,125064632.10000001
2025-08-01 09:28:08 AM,1461.3,0,0.0,125064632.10000001
2025-08-01 09:28:11 AM,1460.8,352,514201.6,125578833.7
2025-08-01 09:28:13 AM,1461.2,160,233792.0,125812625.7
2025-08-01 09:28:15 AM,1460.8,0,0.0,125812625.7
2025-08-01 09:28:19 AM,1460.5,28,40894.0,125853519.7
2025-08-01 09:28:20 AM,1460.1,262,382546.19999999995,126236065.9
2025-08-01 09:28:22 AM,1460.7,0,0.0,126236065.9
2025-08-01 09:28:27 AM,1460.7,180,262926.0,126498991.9
2025-08-01 09:28:27 AM,1460.8,0,0.0,126498991.9
2025-08-01 09:28:28 AM,1460.8,51,74500.8,126573492.7
2025-08-01 09:28:32 AM,1461.0,0,0.0,126573492.7
2025-08-01 09:28:34 AM,1461.0,42,61362.0,126634854.7
2025-08-01 09:28:35 AM,1461.3,9,13151.699999999999,126648006.4
2025-08-01 09:28:38 AM,1461.4,0,0.0,126648006.4
2025-08-01 09:28:42 AM,1461.9,0,0.0,126648006.4
2025-08-01 09:28:42 AM,1461.9,49,71633.1,126719639.5
2025-08-01 09:28:43 AM,1461.6,690,1008503.9999999999,127728143.5
2025-08-01 09:28:47 AM,1461.4,0,0.0,127728143.5
2025-08-01 09:28:48 AM,1461.3,0,0.0,127728143.5
2025-08-01 09:28:49 AM,1461.3,79,115442.7,127843586.2
2025-08-01 09:28:50 AM,1460.9,185,270266.5,128113852.7
2025-08-01 09:28:53 AM,1461.3,0,0.0,128113852.7
2025-08-01 09:28:57 AM,1461.2,41,59909.200000000004,128173761.9
2025-08-01 09:29:00 AM,1460.9,0,0.0,128173761.9
2025-08-01 09:29:05 AM,1460.9,119,173847.1,128347609.0
2025-08-01 09:29:06 AM,1460.9,34,49670.600000000006,128397279.6
2025-08-01 09:29:12 AM,1460.9,122,178229.80000000002,128575509.39999999
2025-08-01 09:29:14 AM,1460.6,25,36515.0,128612024.39999999
2025-08-01 09:29:16 AM,1461.9,0,0.0,128612024.39999999
2025-08-01 09:29:20 AM,1461.9,426,622769.4,129234793.8
2025-08-01 09:29:21 AM,1461.7,7,10231.9,129245025.7
2025-08-01 09:29:27 AM,1461.7,8,11693.6,129256719.3
2025-08-01 09:29:29 AM,1461.7,4,5846.8,129262566.1
2025-08-01 09:29:35 AM,1461.7,2,2923.4,129265489.5
2025-08-01 09:29:36 AM,1461.6,1,1461.6,129266951.1
2025-08-01 09:29:41 AM,1461.7,0,0.0,129266951.1
2025-08-01 09:29:42 AM,1461.7,20,29234.0,129296185.1
2025-08-01 09:29:43 AM,1461.4,92,134448.80000000002,129430633.89999999
2025-08-01 09:29:50 AM,1461.4,147,214825.80000000002,129645459.69999999
2025-08-01 09:29:57 AM,1461.7,12,17540.4,129663000.1
2025-08-01 09:29:57 AM,1461.2,0,0.0,129663000.1
2025-08-01 09:29:58 AM,1461.2,3,4383.6,129667383.69999999
2025-08-01 09:30:03 AM,1460.8,0,0.0,129667383.69999999
2025-08-01 09:30:05 AM,1460.8,1023,1494398.4,131161782.1
2025-08-01 09:30:06 AM,1460.8,135,197208.0,131358990.1
2025-08-01 09:30:10 AM,1461.1,0,0.0,131358990.1
2025-08-01 09:30:13 AM,1461.0,550,803550.0,132162540.1
2025-08-01 09:30:14 AM,1461.7,3,4385.1,132166925.19999999
2025-08-01 09:30:20 AM,1461.7,89,130091.3,132297016.49999999
2025-08-01 09:30:27 AM,1461.0,545,796245.0,133093261.49999999
2025-08-01 09:30:28 AM,1460.8,92,134393.6,133227655.09999998
2025-08-01 09:30:31 AM,1461.0,0,0.0,133227655.09999998
2025-08-01 09:30:35 AM,1461.1,16,23377.6,133251032.69999997
2025-08-01 09:30:42 AM,1461.4,1733,2532606.2,135783638.89999998
2025-08-01 09:30:43 AM,1461.0,230,336030.0,136119668.89999998
2025-08-01 09:30:45 AM,1461.4,0,0.0,136119668.89999998
2025-08-01 09:30:47 AM,1461.0,0,0.0,136119668.89999998
2025-08-01 09:30:49 AM,1461.1,24,35066.399999999994,136154735.29999998
2025-08-01 09:30:52 AM,1461.0,0,0.0,136154735.29999998
2025-08-01 09:30:55 AM,1461.4,0,0.0,136154735.29999998
2025-08-01 09:30:57 AM,1461.4,18,26305.2,136181040.49999997
2025-08-01 09:31:00 AM,1461.1,0,0.0,136181040.49999997
2025-08-01 09:31:03 AM,1461.4,0,0.0,136181040.49999997
2025-08-01 09:31:04 AM,1461.4,32,46764.8,136227805.29999998
2025-08-01 09:31:05 AM,1461.3,2,2922.6,136230727.89999998
2025-08-01 09:31:12 AM,1461.3,28,40916.4,136271644.29999998
2025-08-01 09:31:19 AM,1461.2,0,0.0,136271644.29999998
2025-08-01 09:31:19 AM,1461.2,75,109590.0,136381234.29999998
2025-08-01 09:31:21 AM,1461.3,0,0.0,136381234.29999998
2025-08-01 09:31:26 AM,1461.3,4,5845.2,136387079.49999997
2025-08-01 09:31:27 AM,1461.3,10,14613.0,136401692.49999997
2025-08-01 09:31:33 AM,1461.5,0,0.0,136401692.49999997
2025-08-01 09:31:34 AM,1461.5,1420,2075330.0,138477022.49999997
2025-08-01 09:31:37 AM,1461.1,0,0.0,138477022.49999997
2025-08-01 09:31:39 AM,1461.5,0,0.0,138477022.49999997
2025-08-01 09:31:41 AM,1461.3,264,385783.2,138862805.69999996
2025-08-01 09:31:45 AM,1461.5,0,0.0,138862805.69999996
2025-08-01 09:31:47 AM,1461.5,78,113997.0,138976802.69999996
2025-08-01 09:31:48 AM,1461.5,5,7307.5,138984110.19999996
2025-08-01 09:31:49 AM,1461.1,0,0.0,138984110.19999996
2025-08-01 09:31:54 AM,1461.9,0,0.0,138984110.19999996
2025-08-01 09:31:54 AM,1461.9,338,494122.2,139478232.39999995
2025-08-01 09:31:55 AM,1462.3,0,0.0,139478232.39999995
2025-08-01 09:31:55 AM,1462.3,750,1096725.0,140574957.39999995
2025-08-01 09:31:59 AM,1462.5,0,0.0,140574957.39999995
2025-08-01 09:32:01 AM,1463.0,265,387695.0,140962652.39999995
2025-08-01 09:32:05 AM,1462.5,0,0.0,140962652.39999995
2025-08-01 09:32:09 AM,1463.0,146,213598.0,141176250.39999995
2025-08-01 09:32:16 AM,1462.7,66,96538.2,141272788.59999993
2025-08-01 09:32:17 AM,1461.9,0,0.0,141272788.59999993
2025-08-01 09:32:23 AM,1461.9,99,144728.1,141417516.69999993
2025-08-01 09:32:23 AM,1462.1,866,1266178.5999999999,142683695.29999992
2025-08-01 09:32:29 AM,1462.2,0,0.0,142683695.29999992
2025-08-01 09:32:29 AM,1462.2,5,7311.0,142691006.29999992
2025-08-01 09:32:35 AM,1462.0,0,0.0,142691006.29999992
2025-08-01 09:32:36 AM,1461.9,130,190047.0,142881053.29999992
2025-08-01 09:32:36 AM,1461.9,4,5847.6,142886900.89999992
2025-08-01 09:32:41 AM,1461.0,0,0.0,142886900.89999992
2025-08-01 09:32:41 AM,1461.5,0,0.0,142886900.89999992
2025-08-01 09:32:43 AM,1461.5,113,165149.5,143052050.39999992
2025-08-01 09:32:50 AM,1461.5,22,32153.0,143084203.39999992
2025-08-01 09:32:57 AM,1461.5,21,30691.5,143114894.89999992
2025-08-01 09:33:04 AM,1460.9,345,504010.50000000006,143618905.39999992
2025-08-01 09:33:11 AM,1460.7,0,0.0,143618905.39999992
2025-08-01 09:33:11 AM,1460.7,15,21910.5,143640815.89999992
2025-08-01 09:33:18 AM,1460.7,56,81799.2,143722615.0999999
2025-08-01 09:33:25 AM,1460.7,222,324275.4,144046890.4999999
2025-08-01 09:33:26 AM,1460.9,0,0.0,144046890.4999999
2025-08-01 09:33:31 AM,1461.4,0,0.0,144046890.4999999
2025-08-01 09:33:32 AM,1461.4,630,920682.0,144967572.4999999
2025-08-01 09:33:37 AM,1461.2,0,0.0,144967572.4999999
2025-08-01 09:33:39 AM,1461.7,1061,1550863.7,146518436.1999999
2025-08-01 09:33:41 AM,1462.0,0,0.0,146518436.1999999
2025-08-01 09:33:46 AM,1462.0,64,93568.0,146612004.1999999
2025-08-01 09:33:46 AM,1462.0,10,14620.0,146626624.1999999
2025-08-01 09:33:53 AM,1462.0,17,24854.0,146651478.1999999
2025-08-01 09:33:56 AM,1462.7,0,0.0,146651478.1999999
2025-08-01 09:34:00 AM,1462.6,1739,2543461.4,149194939.5999999
2025-08-01 09:34:06 AM,1462.4,0,0.0,149194939.5999999
2025-08-01 09:34:07 AM,1462.4,315,460656.0,149655595.5999999
2025-08-01 09:34:14 AM,1462.4,108,157939.2,149813534.7999999
2025-08-01 09:34:14 AM,1462.4,4,5849.6,149819384.3999999
2025-08-01 09:34:21 AM,1462.4,14,20473.600000000002,149839857.99999988
2025-08-01 09:34:24 AM,1462.0,0,0.0,149839857.99999988
2025-08-01 09:34:25 AM,1462.4,0,0.0,149839857.99999988
2025-08-01 09:34:28 AM,1462.4,148,216435.2,150056293.19999987
2025-08-01 09:34:33 AM,1462.2,0,0.0,150056293.19999987
2025-08-01 09:34:35 AM,1462.4,18,26323.2,150082616.39999986
2025-08-01 09:34:42 AM,1462.4,8,11699.2,150094315.59999985
2025-08-01 09:34:43 AM,1462.3,0,0.0,150094315.59999985
2025-08-01 09:34:45 AM,1462.4,0,0.0,150094315.59999985
2025-08-01 09:34:49 AM,1461.4,0,0.0,150094315.59999985
2025-08-01 09:34:49 AM,1461.4,630,920682.0,151014997.59999985
2025-08-01 09:34:49 AM,1461.4,1,1461.4,151016458.99999985
2025-08-01 09:34:50 AM,1461.7,0,0.0,151016458.99999985
2025-08-01 09:34:55 AM,1461.7,6,8770.2,151025229.19999984
2025-08-01 09:35:02 AM,1461.7,182,266029.4,151291258.59999985
2025-08-01 09:35:05 AM,1462.2,0,0.0,151291258.59999985
2025-08-01 09:35:09 AM,1462.9,919,1344405.1,152635663.69999984
2025-08-01 09:35:10 AM,1462.6,101,147722.59999999998,152783386.29999983
2025-08-01 09:35:15 AM,1464.0,0,0.0,152783386.29999983
2025-08-01 09:35:15 AM,1464.1,0,0.0,152783386.29999983
2025-08-01 09:35:16 AM,1463.7,1862,2725409.4,155508795.69999984
2025-08-01 09:35:20 AM,1463.2,0,0.0,155508795.69999984
2025-08-01 09:35:24 AM,1463.6,471,689355.6,156198151.29999983
2025-08-01 09:35:30 AM,1463.2,0,0.0,156198151.29999983
2025-08-01 09:35:30 AM,1463.2,24,35116.8,156233268.09999985
2025-08-01 09:35:37 AM,1463.0,14,20482.0,156253750.09999985
2025-08-01 09:35:44 AM,1462.9,43,62904.700000000004,156316654.79999983
2025-08-01 09:35:45 AM,1463.0,0,0.0,156316654.79999983
2025-08-01 09:35:45 AM,1462.9,0,0.0,156316654.79999983
2025-08-01 09:35:51 AM,1462.9,180,263322.0,156579976.79999983
2025-08-01 09:35:51 AM,1463.0,10,14630.0,156594606.79999983
2025-08-01 09:35:55 AM,1462.9,0,0.0,156594606.79999983
2025-08-01 09:35:57 AM,1462.9,51,74607.90000000001,156669214.69999984
2025-08-01 09:36:11 AM,1462.6,86,125783.59999999999,156794998.29999983
2025-08-01 09:36:11 AM,1462.9,20,29258.0,156824256.29999983
2025-08-01 09:36:18 AM,1462.9,2,2925.8,156827182.09999985
2025-08-01 09:36:20 AM,1462.5,0,0.0,156827182.09999985
2025-08-01 09:36:24 AM,1462.8,0,0.0,156827182.09999985
2025-08-01 09:36:24 AM,1462.8,76,111172.8,156938354.89999986
2025-08-01 09:36:24 AM,1462.8,1,1462.8,156939817.69999987
2025-08-01 09:36:31 AM,1462.1,114,166679.4,157106497.09999987
2025-08-01 09:36:32 AM,1462.6,0,0.0,157106497.09999987
2025-08-01 09:36:36 AM,1461.8,0,0.0,157106497.09999987
2025-08-01 09:36:36 AM,1461.7,0,0.0,157106497.09999987
2025-08-01 09:36:37 AM,1461.5,951,1389886.5,158496383.59999987
2025-08-01 09:36:40 AM,1461.4,0,0.0,158496383.59999987
2025-08-01 09:36:43 AM,1461.4,11,16075.400000000001,158512458.99999988
2025-08-01 09:36:50 AM,1461.3,15,21919.5,158534378.49999988
2025-08-01 09:36:50 AM,1461.7,1000,1461700.0,159996078.49999988
2025-08-01 09:36:52 AM,1461.4,0,0.0,159996078.49999988
2025-08-01 09:36:56 AM,1461.6,0,0.0,159996078.49999988
2025-08-01 09:36:57 AM,1461.4,39,56994.600000000006,160053073.09999987
2025-08-01 09:37:00 AM,1460.9,0,0.0,160053073.09999987
2025-08-01 09:37:00 AM,1461.1,0,0.0,160053073.09999987
2025-08-01 09:37:04 AM,1460.9,401,585820.9,160638893.99999988
2025-08-01 09:37:04 AM,1460.7,1,1460.7,160640354.69999987
2025-08-01 09:37:04 AM,1460.6,0,0.0,160640354.69999987
2025-08-01 09:37:08 AM,1460.4,0,0.0,160640354.69999987
2025-08-01 09:37:09 AM,1460.3,0,0.0,160640354.69999987
2025-08-01 09:37:11 AM,1460.3,1164,1699789.2,162340143.89999986
2025-08-01 09:37:11 AM,1459.5,3882,5665779.0,168005922.89999986
2025-08-01 09:37:14 AM,1459.8,0,0.0,168005922.89999986
2025-08-01 09:37:18 AM,1459.8,386,563482.7999999999,168569405.69999987
2025-08-01 09:37:18 AM,1459.1,115,167796.5,168737202.19999987
2025-08-01 09:37:23 AM,1459.5,0,0.0,168737202.19999987
2025-08-01 09:37:25 AM,1459.5,235,342982.5,169080184.69999987
2025-08-01 09:37:29 AM,1459.4,0,0.0,169080184.69999987
2025-08-01 09:37:32 AM,1459.4,270,394038.0,169474222.69999987
2025-08-01 09:37:33 AM,1459.0,0,0.0,169474222.69999987
2025-08-01 09:37:34 AM,1459.3,0,0.0,169474222.69999987
2025-08-01 09:37:38 AM,1459.4,0,0.0,169474222.69999987
2025-08-01 09:37:38 AM,1459.4,717,1046389.8,170520612.49999988
2025-08-01 09:37:39 AM,1459.4,4,5837.6,170526450.09999987
2025-08-01 09:37:42 AM,1459.3,0,0.0,170526450.09999987
2025-08-01 09:37:45 AM,1459.5,1459,2129410.5,172655860.59999987
2025-08-01 09:37:45 AM,1458.9,273,398279.7,173054140.29999986
2025-08-01 09:37:50 AM,1459.5,0,0.0,173054140.29999986
2025-08-01 09:37:52 AM,1458.8,0,0.0,173054140.29999986
2025-08-01 09:37:52 AM,1458.8,117,170679.6,173224819.89999986
2025-08-01 09:37:54 AM,1458.9,0,0.0,173224819.89999986
2025-08-01 09:37:56 AM,1458.4,0,0.0,173224819.89999986
2025-08-01 09:37:58 AM,1458.7,166,242144.2,173466964.09999985
2025-08-01 09:37:58 AM,1458.9,133,194033.7,173660997.79999983
2025-08-01 09:37:58 AM,1458.6,0,0.0,173660997.79999983
2025-08-01 09:38:00 AM,1458.7,0,0.0,173660997.79999983
2025-08-01 09:38:05 AM,1458.5,420,612570.0,174273567.79999983
2025-08-01 09:38:10 AM,1458.7,0,0.0,174273567.79999983
2025-08-01 09:38:12 AM,1459.5,0,0.0,174273567.79999983
2025-08-01 09:38:12 AM,1459.5,680,992460.0,175266027.79999983
2025-08-01 09:38:19 AM,1459.5,335,488932.5,175754960.29999983
2025-08-01 09:38:25 AM,1459.3,0,0.0,175754960.29999983
2025-08-01 09:38:26 AM,1459.3,276,402766.8,176157727.09999985
2025-08-01 09:38:30 AM,1459.1,0,0.0,176157727.09999985
2025-08-01 09:38:32 AM,1458.5,357,520684.5,176678411.59999985
2025-08-01 09:38:39 AM,1458.7,294,428857.8,177107269.39999986
2025-08-01 09:38:44 AM,1458.5,0,0.0,177107269.39999986
2025-08-01 09:38:46 AM,1458.5,2396,3494566.0,180601835.39999986
2025-08-01 09:38:48 AM,1458.4,0,0.0,180601835.39999986
2025-08-01 09:38:52 AM,1458.4,399,581901.6000000001,181183736.99999985
2025-08-01 09:38:52 AM,1458.0,0,0.0,181183736.99999985
2025-08-01 09:38:56 AM,1458.4,0,0.0,181183736.99999985
2025-08-01 09:38:59 AM,1458.1,128,186636.8,181370373.79999986
2025-08-01 09:39:00 AM,1458.5,0,0.0,181370373.79999986
2025-08-01 09:39:05 AM,1458.1,0,0.0,181370373.79999986
2025-08-01 09:39:05 AM,1458.1,1094,1595161.4,182965535.19999987
2025-08-01 09:39:11 AM,1458.5,0,0.0,182965535.19999987
2025-08-01 09:39:12 AM,1458.2,6,8749.2,182974284.39999986
2025-08-01 09:39:15 AM,1458.5,0,0.0,182974284.39999986
2025-08-01 09:39:19 AM,1458.5,78,113763.0,183088047.39999986
2025-08-01 09:39:25 AM,1458.2,0,0.0,183088047.39999986
2025-08-01 09:39:26 AM,1458.2,40,58328.0,183146375.39999986
2025-08-01 09:39:29 AM,1458.4,0,0.0,183146375.39999986
2025-08-01 09:39:33 AM,1458.3,12,17499.6,183163874.99999985
2025-08-01 09:39:33 AM,1458.1,0,0.0,183163874.99999985
2025-08-01 09:39:37 AM,1457.5,0,0.0,183163874.99999985
2025-08-01 09:39:39 AM,1457.5,12437,18126927.5,201290802.49999985
2025-08-01 09:39:39 AM,1457.6,1,1457.6,201292260.09999985
2025-08-01 09:39:41 AM,1457.5,0,0.0,201292260.09999985
2025-08-01 09:39:45 AM,1457.8,0,0.0,201292260.09999985
2025-08-01 09:39:45 AM,1457.8,1052,1533605.5999999999,202825865.69999984
2025-08-01 09:39:46 AM,1457.8,6,8746.8,202834612.49999985
2025-08-01 09:39:49 AM,1457.6,0,0.0,202834612.49999985
2025-08-01 09:39:52 AM,1457.6,238,346908.8,203181521.29999986
2025-08-01 09:39:57 AM,1457.9,0,0.0,203181521.29999986
2025-08-01 09:39:59 AM,1457.6,677,986795.2,204168316.49999985
2025-08-01 09:40:01 AM,1457.7,0,0.0,204168316.49999985
2025-08-01 09:40:05 AM,1457.5,35,51012.5,204219328.99999985
2025-08-01 09:40:09 AM,1457.3,0,0.0,204219328.99999985
2025-08-01 09:40:12 AM,1457.2,350,510020.0,204729348.99999985
2025-08-01 09:40:13 AM,1457.6,0,0.0,204729348.99999985
2025-08-01 09:40:18 AM,1458.5,624,910104.0,205639452.99999985
2025-08-01 09:40:19 AM,1458.5,1,1458.5,205640911.49999985
2025-08-01 09:40:22 AM,1458.4,0,0.0,205640911.49999985
2025-08-01 09:40:24 AM,1457.8,0,0.0,205640911.49999985
2025-08-01 09:40:25 AM,1458.3,22,32082.6,205672994.09999985
2025-08-01 09:40:26 AM,1458.3,2,2916.6,205675910.69999984
2025-08-01 09:40:31 AM,1458.3,10,14583.0,205690493.69999984
2025-08-01 09:40:38 AM,1458.1,16,23329.6,205713823.29999983
2025-08-01 09:40:39 AM,1458.6,138,201286.8,205915110.09999985
2025-08-01 09:40:40 AM,1458.3,0,0.0,205915110.09999985
2025-08-01 09:40:44 AM,1458.6,0,0.0,205915110.09999985
2025-08-01 09:40:45 AM,1458.6,12,17503.199999999997,205932613.29999983
2025-08-01 09:40:45 AM,1458.6,7,10210.199999999999,205942823.49999982
2025-08-01 09:40:51 AM,1459.0,670,977530.0,206920353.49999982
2025-08-01 09:40:52 AM,1458.7,135,196924.5,207117277.99999982
2025-08-01 09:40:58 AM,1459.2,4,5836.8,207123114.79999983
2025-08-01 09:41:04 AM,1459.9,300,437970.0,207561084.79999983
2025-08-01 09:41:05 AM,1460.1,0,0.0,207561084.79999983
2025-08-01 09:41:05 AM,1460.1,643,938844.2999999999,208499929.09999985
2025-08-01 09:41:11 AM,1460.7,744,1086760.8,209586689.89999986
2025-08-01 09:41:12 AM,1460.2,10,14602.0,209601291.89999986
2025-08-01 09:41:18 AM,1460.6,282,411889.19999999995,210013181.09999985
2025-08-01 09:41:19 AM,1460.5,2,2921.0,210016102.09999985
2025-08-01 09:41:20 AM,1460.3,0,0.0,210016102.09999985
2025-08-01 09:41:25 AM,1460.3,2,2920.6,210019022.69999984
2025-08-01 09:41:32 AM,1460.5,6,8763.0,210027785.69999984
2025-08-01 09:41:36 AM,1460.3,0,0.0,210027785.69999984
2025-08-01 09:41:38 AM,1460.4,170,248268.00000000003,210276053.69999984
2025-08-01 09:41:38 AM,1460.5,1,1460.5,210277514.19999984
2025-08-01 09:41:40 AM,1460.7,0,0.0,210277514.19999984
2025-08-01 09:41:44 AM,1460.9,881,1287052.9000000001,211564567.09999985
2025-08-01 09:41:48 AM,1460.8,0,0.0,211564567.09999985
2025-08-01 09:41:51 AM,1460.8,8,11686.4,211576253.49999985
2025-08-01 09:41:52 AM,1460.8,5,7304.0,211583557.49999985
2025-08-01 09:41:56 AM,1461.0,0,0.0,211583557.49999985
2025-08-01 09:41:57 AM,1460.8,0,0.0,211583557.49999985
2025-08-01 09:41:57 AM,1460.8,188,274630.39999999997,211858187.89999986
2025-08-01 09:42:03 AM,1461.0,139,203079.0,212061266.89999986
2025-08-01 09:42:04 AM,1461.0,1,1461.0,212062727.89999986
2025-08-01 09:42:10 AM,1460.8,34,49667.2,212112395.09999985
2025-08-01 09:42:11 AM,1460.4,58,84703.20000000001,212197098.29999983
2025-08-01 09:42:17 AM,1460.4,6,8762.400000000001,212205860.69999984
2025-08-01 09:42:21 AM,1459.9,0,0.0,212205860.69999984
2025-08-01 09:42:23 AM,1459.9,145,211685.5,212417546.19999984
2025-08-01 09:42:25 AM,1460.0,49,71540.0,212489086.19999984
2025-08-01 09:42:26 AM,1460.1,0,0.0,212489086.19999984
2025-08-01 09:42:30 AM,1460.1,15,21901.5,212510987.69999984
2025-08-01 09:42:37 AM,1460.1,35,51103.5,212562091.19999984
2025-08-01 09:42:43 AM,1460.0,0,0.0,212562091.19999984
2025-08-01 09:42:43 AM,1460.0,830,1211800.0,213773891.19999984
2025-08-01 09:42:44 AM,1460.0,11,16060.0,213789951.19999984
2025-08-01 09:42:47 AM,1460.2,0,0.0,213789951.19999984
2025-08-01 09:42:49 AM,1460.4,912,1331884.8,215121835.99999985
2025-08-01 09:42:50 AM,1460.0,2,2920.0,215124755.99999985
2025-08-01 09:42:55 AM,1460.4,0,0.0,215124755.99999985
2025-08-01 09:42:56 AM,1460.4,262,382624.80000000005,215507380.79999986
2025-08-01 09:42:57 AM,1460.4,1,1460.4,215508841.19999987
2025-08-01 09:43:02 AM,1460.4,19,27747.600000000002,215536588.79999986
2025-08-01 09:43:03 AM,1460.5,70,102235.0,215638823.79999986
2025-08-01 09:43:09 AM,1460.5,115,167957.5,215806781.29999986
2025-08-01 09:43:16 AM,1460.5,15,21907.5,215828688.79999986
2025-08-01 09:43:23 AM,1460.5,20,29210.0,215857898.79999986
2025-08-01 09:43:29 AM,1460.5,10,14605.0,215872503.79999986
2025-08-01 09:43:35 AM,1460.8,0,0.0,215872503.79999986
2025-08-01 09:43:36 AM,1460.8,381,556564.7999999999,216429068.59999987
2025-08-01 09:43:37 AM,1460.7,557,813609.9,217242678.49999988
2025-08-01 09:43:39 AM,1460.9,0,0.0,217242678.49999988
2025-08-01 09:43:42 AM,1460.9,256,373990.4,217616668.8999999
2025-08-01 09:43:43 AM,1461.0,0,0.0,217616668.8999999
2025-08-01 09:43:43 AM,1461.0,140,204540.0,217821208.8999999
2025-08-01 09:43:49 AM,1461.0,1,1461.0,217822669.8999999
2025-08-01 09:43:55 AM,1461.4,175,255745.00000000003,218078414.8999999
2025-08-01 09:43:56 AM,1461.4,113,165138.2,218243553.09999987
2025-08-01 09:43:59 AM,1461.2,0,0.0,218243553.09999987
2025-08-01 09:44:02 AM,1461.2,62,90594.40000000001,218334147.49999988
2025-08-01 09:44:03 AM,1461.7,0,0.0,218334147.49999988
2025-08-01 09:44:09 AM,1461.2,87,127124.40000000001,218461271.8999999
2025-08-01 09:44:11 AM,1461.1,0,0.0,218461271.8999999
2025-08-01 09:44:15 AM,1461.2,231,337537.2,218798809.09999987
2025-08-01 09:44:21 AM,1461.4,0,0.0,218798809.09999987
2025-08-01 09:44:22 AM,1461.5,278,406297.0,219205106.09999987
2025-08-01 09:44:23 AM,1461.2,0,0.0,219205106.09999987
2025-08-01 09:44:27 AM,1461.3,0,0.0,219205106.09999987
2025-08-01 09:44:28 AM,1461.3,6,8767.8,219213873.8999999
2025-08-01 09:44:35 AM,1461.2,80,116896.0,219330769.8999999
2025-08-01 09:44:36 AM,1461.2,2,2922.4,219333692.2999999
2025-08-01 09:44:39 AM,1461.1,0,0.0,219333692.2999999
2025-08-01 09:44:41 AM,1461.1,11,16072.099999999999,219349764.3999999
2025-08-01 09:44:42 AM,1461.1,5,7305.5,219357069.8999999
2025-08-01 09:44:47 AM,1461.1,5,7305.5,219364375.3999999
2025-08-01 09:44:49 AM,1461.1,1,1461.1,219365836.49999988
2025-08-01 09:44:54 AM,1461.0,111,162171.0,219528007.49999988
2025-08-01 09:44:55 AM,1460.7,7,10224.9,219538232.3999999
2025-08-01 09:44:57 AM,1460.8,0,0.0,219538232.3999999
2025-08-01 09:45:00 AM,1460.8,179,261483.19999999998,219799715.59999987
2025-08-01 09:45:01 AM,1461.0,103,150483.0,219950198.59999987
2025-08-01 09:45:03 AM,1460.8,0,0.0,219950198.59999987
2025-08-01 09:45:07 AM,1460.5,42,61341.0,220011539.59999987
2025-08-01 09:45:09 AM,1460.0,0,0.0,220011539.59999987
2025-08-01 09:45:11 AM,1460.3,0,0.0,220011539.59999987
2025-08-01 09:45:14 AM,1460.3,259,378217.7,220389757.29999986
2025-08-01 09:45:19 AM,1460.0,0,0.0,220389757.29999986
2025-08-01 09:45:20 AM,1460.0,57,83220.0,220472977.29999986
2025-08-01 09:45:22 AM,1460.0,247,360620.0,220833597.29999986
2025-08-01 09:45:27 AM,1460.0,155,226300.0,221059897.29999986
2025-08-01 09:45:27 AM,1459.8,0,0.0,221059897.29999986
2025-08-01 09:45:28 AM,1459.4,142,207234.80000000002,221267132.09999987
2025-08-01 09:45:31 AM,1459.6,0,0.0,221267132.09999987
2025-08-01 09:45:33 AM,1459.6,269,392632.39999999997,221659764.49999988
2025-08-01 09:45:35 AM,1459.6,1,1459.6,221661224.09999987
2025-08-01 09:45:40 AM,1459.6,2,2919.2,221664143.29999986
2025-08-01 09:45:41 AM,1459.6,1,1459.6,221665602.89999986
2025-08-01 09:45:46 AM,1459.2,54,78796.8,221744399.69999987
2025-08-01 09:45:51 AM,1459.6,0,0.0,221744399.69999987
2025-08-01 09:45:53 AM,1459.5,19,27730.5,221772130.19999987
2025-08-01 09:45:54 AM,1459.5,1,1459.5,221773589.69999987
2025-08-01 09:45:59 AM,1459.5,3,4378.5,221777968.19999987
2025-08-01 09:46:00 AM,1459.5,2,2919.0,221780887.19999987
2025-08-01 09:46:01 AM,1459.2,0,0.0,221780887.19999987
2025-08-01 09:46:05 AM,1459.1,0,0.0,221780887.19999987
2025-08-01 09:46:06 AM,1459.5,234,341523.0,222122410.19999987
2025-08-01 09:46:07 AM,1459.4,1,1459.4,222123869.59999987
2025-08-01 09:46:11 AM,1459.6,0,0.0,222123869.59999987
2025-08-01 09:46:11 AM,1459.7,0,0.0,222123869.59999987
2025-08-01 09:46:12 AM,1459.7,1403,2047959.1,224171828.69999987
2025-08-01 09:46:14 AM,1459.7,11,16056.7,224187885.39999986
2025-08-01 09:46:19 AM,1459.7,410,598477.0,224786362.39999986
2025-08-01 09:46:20 AM,1459.8,359,524068.2,225310430.59999985
2025-08-01 09:46:25 AM,1459.8,25,36495.0,225346925.59999985
2025-08-01 09:46:27 AM,1459.5,1,1459.5,225348385.09999985
2025-08-01 09:46:29 AM,1459.8,0,0.0,225348385.09999985
2025-08-01 09:46:32 AM,1459.8,1,1459.8,225349844.89999986
2025-08-01 09:46:33 AM,1459.8,10,14598.0,225364442.89999986
2025-08-01 09:46:38 AM,1459.8,21,30655.8,225395098.69999987
2025-08-01 09:46:40 AM,1459.8,13,18977.399999999998,225414076.09999987
2025-08-01 09:46:41 AM,1459.3,0,0.0,225414076.09999987
2025-08-01 09:46:44 AM,1459.8,0,0.0,225414076.09999987
2025-08-01 09:46:44 AM,1459.8,46,67150.8,225481226.8999999
2025-08-01 09:46:46 AM,1459.6,123,179530.8,225660757.6999999
2025-08-01 09:46:48 AM,1459.2,0,0.0,225660757.6999999
2025-08-01 09:46:49 AM,1459.5,0,0.0,225660757.6999999
2025-08-01 09:46:50 AM,1459.5,2,2919.0,225663676.6999999
2025-08-01 09:46:52 AM,1458.8,93,135668.4,225799345.0999999
2025-08-01 09:46:56 AM,1459.8,0,0.0,225799345.0999999
2025-08-01 09:46:57 AM,1459.8,7,10218.6,225809563.6999999
2025-08-01 09:47:03 AM,1459.8,12,17517.6,225827081.2999999
2025-08-01 09:47:05 AM,1459.8,13,18977.399999999998,225846058.6999999
2025-08-01 09:47:09 AM,1459.8,31,45253.799999999996,225891312.4999999
2025-08-01 09:47:11 AM,1459.6,29,42328.399999999994,225933640.89999992
2025-08-01 09:47:13 AM,1459.7,0,0.0,225933640.89999992
2025-08-01 09:47:15 AM,1459.7,45,65686.5,225999327.39999992
2025-08-01 09:47:17 AM,1459.7,3,4379.1,226003706.4999999
2025-08-01 09:47:20 AM,1459.6,0,0.0,226003706.4999999
2025-08-01 09:47:21 AM,1459.5,97,141571.5,226145277.9999999
2025-08-01 09:47:23 AM,1459.5,1,1459.5,226146737.4999999
2025-08-01 09:47:27 AM,1459.4,127,185343.80000000002,226332081.29999992
2025-08-01 09:47:30 AM,1459.4,1,1459.4,226333540.69999993
2025-08-01 09:47:32 AM,1458.6,0,0.0,226333540.69999993
2025-08-01 09:47:34 AM,1458.6,67,97726.2,226431266.89999992
2025-08-01 09:47:36 AM,1459.5,145,211627.5,226642894.39999992
2025-08-01 09:47:41 AM,1459.5,15,21892.5,226664786.89999992
2025-08-01 09:47:43 AM,1459.5,57,83191.5,226747978.39999992
2025-08-01 09:47:48 AM,1459.9,640,934336.0,227682314.39999992
2025-08-01 09:47:50 AM,1459.9,5,7299.5,227689613.89999992
2025-08-01 09:47:54 AM,1459.4,0,0.0,227689613.89999992
2025-08-01 09:47:54 AM,1459.4,26,37944.4,227727558.29999992
2025-08-01 09:47:57 AM,1459.4,6,8756.400000000001,227736314.69999993
2025-08-01 09:47:58 AM,1459.7,0,0.0,227736314.69999993
2025-08-01 09:48:01 AM,1459.6,6,8757.599999999999,227745072.29999992
2025-08-01 09:48:07 AM,1459.4,0,0.0,227745072.29999992
2025-08-01 09:48:07 AM,1459.4,29,42322.600000000006,227787394.89999992
2025-08-01 09:48:10 AM,1459.4,26,37944.4,227825339.29999992
2025-08-01 09:48:14 AM,1459.4,13,18972.2,227844311.4999999
2025-08-01 09:48:16 AM,1459.4,3,4378.200000000001,227848689.6999999
2025-08-01 09:48:19 AM,1458.8,0,0.0,227848689.6999999
2025-08-01 09:48:20 AM,1458.8,101,147338.8,227996028.4999999
2025-08-01 09:48:23 AM,1459.4,0,0.0,227996028.4999999
2025-08-01 09:48:23 AM,1459.4,1,1459.4,227997487.89999992
2025-08-01 09:48:23 AM,1459.0,0,0.0,227997487.89999992
2025-08-01 09:48:26 AM,1459.0,50,72950.0,228070437.89999992
2025-08-01 09:48:29 AM,1459.0,2,2918.0,228073355.89999992
2025-08-01 09:48:33 AM,1459.0,1000,1459000.0,229532355.89999992
2025-08-01 09:48:35 AM,1459.8,0,0.0,229532355.89999992
2025-08-01 09:48:36 AM,1459.8,1271,1855405.8,231387761.69999993
2025-08-01 09:48:39 AM,1459.9,0,0.0,231387761.69999993
2025-08-01 09:48:39 AM,1459.9,418,610238.2000000001,231997999.89999992
2025-08-01 09:48:42 AM,1459.0,12,17508.0,232015507.89999992
2025-08-01 09:48:46 AM,1459.1,2,2918.2,232018426.0999999
2025-08-01 09:48:47 AM,1458.3,0,0.0,232018426.0999999
2025-08-01 09:48:47 AM,1459.2,0,0.0,232018426.0999999
2025-08-01 09:48:48 AM,1459.2,706,1030195.2000000001,233048621.2999999
2025-08-01 09:48:51 AM,1458.3,0,0.0,233048621.2999999
2025-08-01 09:48:52 AM,1458.3,27,39374.1,233087995.3999999
2025-08-01 09:48:55 AM,1458.2,0,0.0,233087995.3999999
2025-08-01 09:48:59 AM,1458.3,120,174996.0,233262991.3999999
2025-08-01 09:49:03 AM,1458.0,0,0.0,233262991.3999999
2025-08-01 09:49:05 AM,1458.0,454,661932.0,233924923.3999999
2025-08-01 09:49:07 AM,1458.0,11,16038.0,233940961.3999999
2025-08-01 09:49:11 AM,1458.0,55,80190.0,234021151.3999999
2025-08-01 09:49:13 AM,1458.0,2,2916.0,234024067.3999999
2025-08-01 09:49:15 AM,1457.9,0,0.0,234024067.3999999
2025-08-01 09:49:17 AM,1457.9,36,52484.4,234076551.7999999
2025-08-01 09:49:19 AM,1458.0,0,0.0,234076551.7999999
2025-08-01 09:49:20 AM,1458.0,3,4374.0,234080925.7999999
2025-08-01 09:49:23 AM,1457.8,30,43734.0,234124659.7999999
2025-08-01 09:49:24 AM,1457.7,0,0.0,234124659.7999999
2025-08-01 09:49:26 AM,1457.7,7,10203.9,234134863.6999999
2025-08-01 09:49:29 AM,1457.5,62,90365.0,234225228.6999999
2025-08-01 09:49:34 AM,1457.6,0,0.0,234225228.6999999
2025-08-01 09:49:36 AM,1457.1,0,0.0,234225228.6999999
2025-08-01 09:49:36 AM,1457.1,309,450243.89999999997,234675472.5999999
2025-08-01 09:49:37 AM,1457.6,0,0.0,234675472.5999999
2025-08-01 09:49:39 AM,1457.6,5,7288.0,234682760.5999999
2025-08-01 09:49:42 AM,1457.6,3,4372.799999999999,234687133.39999992
2025-08-01 09:49:45 AM,1457.6,30,43728.0,234730861.39999992
2025-08-01 09:49:48 AM,1457.6,3,4372.799999999999,234735234.19999993
2025-08-01 09:49:51 AM,1457.0,33,48081.0,234783315.19999993
2025-08-01 09:49:55 AM,1457.2,0,0.0,234783315.19999993
2025-08-01 09:49:55 AM,1457.3,26,37889.799999999996,234821204.99999994
2025-08-01 09:49:56 AM,1457.7,0,0.0,234821204.99999994
2025-08-01 09:49:58 AM,1457.8,649,946112.2,235767317.19999993
2025-08-01 09:49:59 AM,1457.7,0,0.0,235767317.19999993
2025-08-01 09:50:01 AM,1457.7,175,255097.5,236022414.69999993
2025-08-01 09:50:03 AM,1458.0,0,0.0,236022414.69999993
2025-08-01 09:50:04 AM,1458.6,1038,1514026.7999999998,237536441.49999994
2025-08-01 09:50:06 AM,1458.1,0,0.0,237536441.49999994
2025-08-01 09:50:08 AM,1458.6,48,70012.79999999999,237606454.29999995
2025-08-01 09:50:14 AM,1458.5,1,1458.5,237607912.79999995
2025-08-01 09:50:15 AM,1458.6,0,0.0,237607912.79999995
2025-08-01 09:50:17 AM,1458.5,18,26253.0,237634165.79999995
2025-08-01 09:50:19 AM,1458.4,0,0.0,237634165.79999995
2025-08-01 09:50:21 AM,1458.4,66,96254.40000000001,237730420.19999996
2025-08-01 09:50:24 AM,1458.4,100,145840.0,237876260.19999996
2025-08-01 09:50:24 AM,1457.9,0,0.0,237876260.19999996
2025-08-01 09:50:26 AM,1458.4,0,0.0,237876260.19999996
2025-08-01 09:50:27 AM,1458.4,346,504606.4,238380866.59999996
2025-08-01 09:50:27 AM,1458.3,0,0.0,238380866.59999996
2025-08-01 09:50:30 AM,1458.3,27,39374.1,238420240.69999996
2025-08-01 09:50:32 AM,1458.1,0,0.0,238420240.69999996
2025-08-01 09:50:33 AM,1458.0,179,260982.0,238681222.69999996
2025-08-01 09:50:33 AM,1458.1,0,0.0,238681222.69999996
2025-08-01 09:50:36 AM,1458.6,67,97726.2,238778948.89999995
2025-08-01 09:50:36 AM,1458.9,0,0.0,238778948.89999995
2025-08-01 09:50:38 AM,1459.0,0,0.0,238778948.89999995
2025-08-01 09:50:39 AM,1459.0,468,682812.0,239461760.89999995
2025-08-01 09:50:41 AM,1459.1,0,0.0,239461760.89999995
2025-08-01 09:50:42 AM,1459.1,40,58364.0,239520124.89999995
2025-08-01 09:50:44 AM,1458.6,0,0.0,239520124.89999995
2025-08-01 09:50:45 AM,1458.1,0,0.0,239520124.89999995
2025-08-01 09:50:46 AM,1458.1,111,161849.09999999998,239681973.99999994
2025-08-01 09:50:47 AM,1458.6,0,0.0,239681973.99999994
2025-08-01 09:50:48 AM,1458.5,18,26253.0,239708226.99999994
2025-08-01 09:50:52 AM,1458.5,4,5834.0,239714060.99999994
2025-08-01 09:50:53 AM,1458.0,0,0.0,239714060.99999994
2025-08-01 09:50:54 AM,1458.0,38,55404.0,239769464.99999994
2025-08-01 09:50:56 AM,1457.8,0,0.0,239769464.99999994
2025-08-01 09:50:58 AM,1458.2,14,20414.8,239789879.79999995
2025-08-01 09:50:59 AM,1457.7,0,0.0,239789879.79999995
2025-08-01 09:51:00 AM,1457.8,0,0.0,239789879.79999995
2025-08-01 09:51:00 AM,1457.8,7,10204.6,239800084.39999995
2025-08-01 09:51:03 AM,1457.7,0,0.0,239800084.39999995
2025-08-01 09:51:05 AM,1457.8,52,75805.59999999999,239875889.99999994
2025-08-01 09:51:07 AM,1457.8,109,158900.19999999998,240034790.19999993
2025-08-01 09:51:11 AM,1457.8,5,7289.0,240042079.19999993
2025-08-01 09:51:17 AM,1457.8,29,42276.2,240084355.39999992
2025-08-01 09:51:23 AM,1457.3,10,14573.0,240098928.39999992
2025-08-01 09:51:25 AM,1457.8,0,0.0,240098928.39999992
2025-08-01 09:51:26 AM,1457.8,15,21867.0,240120795.39999992
2025-08-01 09:51:26 AM,1457.7,0,0.0,240120795.39999992
2025-08-01 09:51:28 AM,1457.3,0,0.0,240120795.39999992
2025-08-01 09:51:30 AM,1457.3,5,7286.5,240128081.89999992
2025-08-01 09:51:32 AM,1457.3,160,233168.0,240361249.89999992
2025-08-01 09:51:32 AM,1457.0,0,0.0,240361249.89999992
2025-08-01 09:51:36 AM,1457.3,738,1075487.4,241436737.29999992
2025-08-01 09:51:38 AM,1457.3,47,68493.09999999999,241505230.39999992
2025-08-01 09:51:42 AM,1457.0,81,118017.0,241623247.39999992
2025-08-01 09:51:43 AM,1457.3,0,0.0,241623247.39999992
2025-08-01 09:51:45 AM,1456.9,0,0.0,241623247.39999992
2025-08-01 09:51:45 AM,1457.0,52,75764.0,241699011.39999992
2025-08-01 09:51:49 AM,1457.0,62,90334.0,241789345.39999992
2025-08-01 09:51:51 AM,1456.9,76,110724.40000000001,241900069.79999992
2025-08-01 09:51:52 AM,1456.8,0,0.0,241900069.79999992
2025-08-01 09:51:55 AM,1456.8,14,20395.2,241920464.9999999
2025-08-01 09:51:57 AM,1456.8,42,61185.6,241981650.5999999
2025-08-01 09:52:01 AM,1456.8,3,4370.4,241986020.9999999
2025-08-01 09:52:03 AM,1456.8,9,13111.199999999999,241999132.1999999
2025-08-01 09:52:04 AM,1456.6,0,0.0,241999132.1999999
2025-08-01 09:52:06 AM,1457.3,0,0.0,241999132.1999999
2025-08-01 09:52:06 AM,1457.5,1383,2015722.5,244014854.6999999
2025-08-01 09:52:09 AM,1457.5,8,11660.0,244026514.6999999
2025-08-01 09:52:11 AM,1458.1,0,0.0,244026514.6999999
2025-08-01 09:52:13 AM,1458.0,551,803358.0,244829872.6999999
2025-08-01 09:52:14 AM,1457.5,0,0.0,244829872.6999999
2025-08-01 09:52:14 AM,1458.1,0,0.0,244829872.6999999
2025-08-01 09:52:16 AM,1458.1,31,45201.1,244875073.7999999
2025-08-01 09:52:19 AM,1458.1,56,81653.59999999999,244956727.3999999
2025-08-01 09:52:22 AM,1457.8,0,0.0,244956727.3999999
2025-08-01 09:52:22 AM,1457.8,61,88925.8,245045653.1999999
2025-08-01 09:52:25 AM,1458.1,18,26245.8,245071898.9999999
2025-08-01 09:52:28 AM,1458.5,8,11668.0,245083566.9999999
2025-08-01 09:52:31 AM,1458.5,7,10209.5,245093776.4999999
2025-08-01 09:52:34 AM,1458.6,132,192535.19999999998,245286311.6999999
2025-08-01 09:52:35 AM,1458.7,0,0.0,245286311.6999999
2025-08-01 09:52:37 AM,1459.0,125,182375.0,245468686.6999999
2025-08-01 09:52:40 AM,1458.9,8,11671.2,245480357.8999999
2025-08-01 09:52:40 AM,1458.4,0,0.0,245480357.8999999
2025-08-01 09:52:43 AM,1458.1,52,75821.2,245556179.09999987
2025-08-01 09:52:44 AM,1458.3,0,0.0,245556179.09999987
2025-08-01 09:52:46 AM,1458.3,10,14583.0,245570762.09999987
2025-08-01 09:52:50 AM,1458.7,0,0.0,245570762.09999987
2025-08-01 09:52:50 AM,1458.7,7,10210.9,245580972.99999988
2025-08-01 09:52:52 AM,1458.6,6,8751.599999999999,245589724.59999987
2025-08-01 09:52:53 AM,1458.1,0,0.0,245589724.59999987
2025-08-01 09:52:56 AM,1458.1,61,88944.09999999999,245678668.69999987
2025-08-01 09:52:58 AM,1458.4,0,0.0,245678668.69999987
2025-08-01 09:52:58 AM,1458.4,1,1458.4,245680127.09999987
2025-08-01 09:53:01 AM,1458.4,24,35001.600000000006,245715128.69999987
2025-08-01 09:53:04 AM,1458.4,8,11667.2,245726795.89999986
2025-08-01 09:53:08 AM,1458.4,137,199800.80000000002,245926596.69999987
2025-08-01 09:53:10 AM,1458.3,2,2916.6,245929513.29999986
2025-08-01 09:53:14 AM,1458.2,0,0.0,245929513.29999986
2025-08-01 09:53:14 AM,1458.2,843,1229262.6,247158775.89999986
2025-08-01 09:53:16 AM,1457.8,45,65601.0,247224376.89999986
2025-08-01 09:53:17 AM,1457.7,0,0.0,247224376.89999986
2025-08-01 09:53:20 AM,1457.7,4,5830.8,247230207.69999987
2025-08-01 09:53:23 AM,1457.8,602,877595.6,248107803.29999986
2025-08-01 09:53:24 AM,1457.5,0,0.0,248107803.29999986
2025-08-01 09:53:27 AM,1457.8,0,0.0,248107803.29999986
2025-08-01 09:53:27 AM,1457.8,158,230332.4,248338135.69999987
2025-08-01 09:53:29 AM,1457.8,10,14578.0,248352713.69999987
2025-08-01 09:53:30 AM,1457.5,0,0.0,248352713.69999987
2025-08-01 09:53:32 AM,1457.8,0,0.0,248352713.69999987
2025-08-01 09:53:32 AM,1457.8,254,370281.2,248722994.89999986
2025-08-01 09:53:36 AM,1457.9,0,0.0,248722994.89999986
2025-08-01 09:53:39 AM,1457.8,0,0.0,248722994.89999986
2025-08-01 09:53:39 AM,1457.8,144,209923.19999999998,248932918.09999985
2025-08-01 09:53:43 AM,1457.9,0,0.0,248932918.09999985
2025-08-01 09:53:45 AM,1457.9,3,4373.700000000001,248937291.79999983
2025-08-01 09:53:47 AM,1457.5,210,306075.0,249243366.79999983
2025-08-01 09:53:51 AM,1457.8,0,0.0,249243366.79999983
2025-08-01 09:53:52 AM,1457.8,3,4373.4,249247740.19999984
2025-08-01 09:53:53 AM,1457.8,1,1457.8,249249197.99999985
2025-08-01 09:53:54 AM,1457.9,0,0.0,249249197.99999985
2025-08-01 09:53:57 AM,1457.3,0,0.0,249249197.99999985
2025-08-01 09:53:58 AM,1457.3,594,865636.2,250114834.19999984
2025-08-01 09:53:59 AM,1457.4,11,16031.400000000001,250130865.59999985
2025-08-01 09:54:02 AM,1457.3,0,0.0,250130865.59999985
2025-08-01 09:54:04 AM,1457.3,16,23316.8,250154182.39999986
2025-08-01 09:54:09 AM,1457.0,0,0.0,250154182.39999986
2025-08-01 09:54:10 AM,1457.0,115,167555.0,250321737.39999986
2025-08-01 09:54:11 AM,1457.3,390,568347.0,250890084.39999986
2025-08-01 09:54:16 AM,1457.3,2,2914.6,250892998.99999985
2025-08-01 09:54:17 AM,1457.3,2,2914.6,250895913.59999985
2025-08-01 09:54:21 AM,1457.0,0,0.0,250895913.59999985
2025-08-01 09:54:21 AM,1457.2,0,0.0,250895913.59999985
2025-08-01 09:54:23 AM,1457.2,18,26229.600000000002,250922143.19999984
2025-08-01 09:54:24 AM,1457.2,7,10200.4,250932343.59999985
2025-08-01 09:54:29 AM,1456.9,734,1069364.6,252001708.19999984
2025-08-01 09:54:34 AM,1457.2,0,0.0,252001708.19999984
2025-08-01 09:54:35 AM,1457.2,208,303097.60000000003,252304805.79999983
2025-08-01 09:54:37 AM,1456.6,0,0.0,252304805.79999983
2025-08-01 09:54:37 AM,1456.9,0,0.0,252304805.79999983
2025-08-01 09:54:41 AM,1456.9,214,311776.60000000003,252616582.39999983
2025-08-01 09:54:42 AM,1456.9,1,1456.9,252618039.29999983
2025-08-01 09:54:43 AM,1456.5,0,0.0,252618039.29999983
2025-08-01 09:54:45 AM,1456.9,0,0.0,252618039.29999983
2025-08-01 09:54:46 AM,1457.1,0,0.0,252618039.29999983
2025-08-01 09:54:47 AM,1457.1,74,107825.4,252725864.69999984
2025-08-01 09:54:51 AM,1456.6,0,0.0,252725864.69999984
2025-08-01 09:54:52 AM,1456.8,0,0.0,252725864.69999984
2025-08-01 09:54:53 AM,1456.8,50,72840.0,252798704.69999984
2025-08-01 09:54:53 AM,1456.9,100,145690.0,252944394.69999984
2025-08-01 09:54:58 AM,1456.5,0,0.0,252944394.69999984
2025-08-01 09:54:58 AM,1456.5,35,50977.5,252995372.19999984
2025-08-01 09:54:59 AM,1456.9,18,26224.2,253021596.39999983
2025-08-01 09:55:04 AM,1457.0,0,0.0,253021596.39999983
2025-08-01 09:55:04 AM,1457.0,107,155899.0,253177495.39999983
2025-08-01 09:55:05 AM,1457.0,14,20398.0,253197893.39999983
2025-08-01 09:55:09 AM,1456.9,0,0.0,253197893.39999983
2025-08-01 09:55:10 AM,1456.9,37,53905.3,253251798.69999984
2025-08-01 09:55:11 AM,1457.0,10,14570.0,253266368.69999984
2025-08-01 09:55:16 AM,1457.0,250,364250.0,253630618.69999984
2025-08-01 09:55:17 AM,1457.0,18,26226.0,253656844.69999984
2025-08-01 09:55:19 AM,1456.9,0,0.0,253656844.69999984
2025-08-01 09:55:22 AM,1456.9,356,518656.4,254175501.09999985
2025-08-01 09:55:26 AM,1456.8,0,0.0,254175501.09999985
2025-08-01 09:55:28 AM,1456.8,8,11654.4,254187155.49999985
2025-08-01 09:55:29 AM,1456.8,10,14568.0,254201723.49999985
2025-08-01 09:55:34 AM,1456.8,8,11654.4,254213377.89999986
2025-08-01 09:55:35 AM,1456.5,130,189345.0,254402722.89999986
2025-08-01 09:55:38 AM,1456.2,0,0.0,254402722.89999986
2025-08-01 09:55:40 AM,1456.2,187,272309.4,254675032.29999986
2025-08-01 09:55:46 AM,1456.3,105,152911.5,254827943.79999986
2025-08-01 09:55:52 AM,1456.3,72,104853.59999999999,254932797.39999986
2025-08-01 09:55:58 AM,1456.4,0,0.0,254932797.39999986
2025-08-01 09:55:59 AM,1456.4,33,48061.200000000004,254980858.59999985
2025-08-01 09:56:03 AM,1456.5,0,0.0,254980858.59999985
2025-08-01 09:56:05 AM,1456.5,41,59716.5,255040575.09999985
2025-08-01 09:56:05 AM,1456.5,107,155845.5,255196420.59999985
2025-08-01 09:56:10 AM,1456.3,0,0.0,255196420.59999985
2025-08-01 09:56:11 AM,1456.3,23,33494.9,255229915.49999985
2025-08-01 09:56:17 AM,1456.5,191,278191.5,255508106.99999985
2025-08-01 09:56:17 AM,1456.3,25,36407.5,255544514.49999985
2025-08-01 09:56:18 AM,1456.2,0,0.0,255544514.49999985
2025-08-01 09:56:21 AM,1456.1,0,0.0,255544514.49999985
2025-08-01 09:56:23 AM,1456.1,176,256273.59999999998,255800788.09999985
2025-08-01 09:56:23 AM,1456.2,1,1456.2,255802244.29999983
2025-08-01 09:56:28 AM,1456.2,15,21843.0,255824087.29999983
2025-08-01 09:56:29 AM,1456.2,3,4368.6,255828455.89999983
2025-08-01 09:56:33 AM,1456.4,0,0.0,255828455.89999983
2025-08-01 09:56:34 AM,1456.6,1178,1715874.7999999998,257544330.69999984
2025-08-01 09:56:35 AM,1456.6,11,16022.599999999999,257560353.29999983
2025-08-01 09:56:36 AM,1456.3,0,0.0,257560353.29999983
2025-08-01 09:56:39 AM,1456.6,0,0.0,257560353.29999983
2025-08-01 09:56:40 AM,1456.5,151,219931.5,257780284.79999983
2025-08-01 09:56:41 AM,1456.7,251,365631.7,258145916.49999982
2025-08-01 09:56:44 AM,1456.5,0,0.0,258145916.49999982
2025-08-01 09:56:45 AM,1456.4,0,0.0,258145916.49999982
2025-08-01 09:56:46 AM,1456.4,128,186419.2,258332335.6999998
2025-08-01 09:56:47 AM,1456.5,5,7282.5,258339618.1999998
2025-08-01 09:56:49 AM,1456.2,0,0.0,258339618.1999998
2025-08-01 09:56:53 AM,1455.9,0,0.0,258339618.1999998
2025-08-01 09:56:53 AM,1455.9,3437,5003928.300000001,263343546.49999982
2025-08-01 09:56:54 AM,1456.0,177,257712.0,263601258.49999982
2025-08-01 09:56:57 AM,1455.8,0,0.0,263601258.49999982
2025-08-01 09:56:58 AM,1455.5,549,799069.5,264400327.99999982
2025-08-01 09:57:00 AM,1455.8,28,40762.4,264441090.39999983
2025-08-01 09:57:04 AM,1455.7,16,23291.2,264464381.59999982
2025-08-01 09:57:06 AM,1455.9,6,8735.400000000001,264473116.99999982
2025-08-01 09:57:09 AM,1455.3,0,0.0,264473116.99999982
2025-08-01 09:57:10 AM,1455.3,603,877545.9,265350662.89999983
2025-08-01 09:57:12 AM,1455.7,1,1455.7,265352118.59999982
2025-08-01 09:57:13 AM,1455.2,0,0.0,265352118.59999982
2025-08-01 09:57:16 AM,1455.5,198,288189.0,265640307.59999982
2025-08-01 09:57:17 AM,1455.6,0,0.0,265640307.59999982
2025-08-01 09:57:18 AM,1455.9,6,8735.400000000001,265649042.99999982
2025-08-01 09:57:21 AM,1456.0,0,0.0,265649042.99999982
2025-08-01 09:57:22 AM,1455.2,288,419097.60000000003,266068140.59999982
2025-08-01 09:57:24 AM,1455.4,540,785916.0,266854056.59999982
2025-08-01 09:57:27 AM,1455.6,2,2911.2,266856967.7999998
2025-08-01 09:57:29 AM,1456.0,0,0.0,266856967.7999998
2025-08-01 09:57:30 AM,1456.1,552,803767.2,267660734.9999998
2025-08-01 09:57:33 AM,1456.0,0,0.0,267660734.9999998
2025-08-01 09:57:33 AM,1456.0,9,13104.0,267673838.9999998
2025-08-01 09:57:36 AM,1456.1,121,176188.09999999998,267850027.0999998
2025-08-01 09:57:37 AM,1456.4,0,0.0,267850027.0999998
2025-08-01 09:57:39 AM,1456.4,520,757328.0,268607355.0999998
2025-08-01 09:57:41 AM,1456.5,0,0.0,268607355.0999998
2025-08-01 09:57:42 AM,1456.4,18,26215.2,268633570.2999998
2025-08-01 09:57:45 AM,1456.4,16,23302.4,268656872.69999975
2025-08-01 09:57:48 AM,1456.4,1,1456.4,268658329.0999997
2025-08-01 09:57:54 AM,1456.4,8,11651.2,268669980.2999997
2025-08-01 09:57:57 AM,1456.4,12,17476.800000000003,268687457.0999997
2025-08-01 09:58:00 AM,1456.4,270,393228.0,269080685.0999997
2025-08-01 09:58:01 AM,1455.6,0,0.0,269080685.0999997
2025-08-01 09:58:04 AM,1456.1,181,263554.1,269344239.19999975
2025-08-01 09:58:05 AM,1456.5,0,0.0,269344239.19999975
2025-08-01 09:58:06 AM,1456.5,110,160215.0,269504454.19999975
2025-08-01 09:58:10 AM,1456.5,12,17478.0,269521932.19999975
2025-08-01 09:58:13 AM,1456.5,1,1456.5,269523388.69999975
2025-08-01 09:58:16 AM,1456.5,60,87390.0,269610778.69999975
2025-08-01 09:58:18 AM,1456.4,0,0.0,269610778.69999975
2025-08-01 09:58:18 AM,1456.4,3,4369.200000000001,269615147.89999974
2025-08-01 09:58:24 AM,1456.5,8,11652.0,269626799.89999974
2025-08-01 09:58:28 AM,1456.5,18,26217.0,269653016.89999974
2025-08-01 09:58:30 AM,1456.5,3,4369.5,269657386.39999974
2025-08-01 09:58:34 AM,1456.5,117,170410.5,269827796.89999974
2025-08-01 09:58:37 AM,1456.5,11,16021.5,269843818.39999974
2025-08-01 09:58:40 AM,1456.5,57,83020.5,269926838.89999974
2025-08-01 09:58:43 AM,1456.5,4,5826.0,269932664.89999974
2025-08-01 09:58:46 AM,1456.4,25,36410.0,269969074.89999974
2025-08-01 09:58:49 AM,1456.4,1,1456.4,269970531.2999997
2025-08-01 09:58:52 AM,1456.5,51,74281.5,270044812.7999997
2025-08-01 09:58:55 AM,1456.5,11,16021.5,270060834.2999997
2025-08-01 09:58:58 AM,1456.4,0,0.0,270060834.2999997
2025-08-01 09:58:58 AM,1456.4,109,158747.6,270219581.89999974
2025-08-01 09:59:01 AM,1456.3,7,10194.1,270229775.99999976
2025-08-01 09:59:04 AM,1456.3,11,16019.3,270245795.2999998
2025-08-01 09:59:07 AM,1456.3,110,160193.0,270405988.2999998
2025-08-01 09:59:11 AM,1456.3,16,23300.8,270429289.0999998
2025-08-01 09:59:13 AM,1456.3,11,16019.3,270445308.3999998
2025-08-01 09:59:17 AM,1456.4,1156,1683598.4000000001,272128906.7999998
2025-08-01 09:59:20 AM,1456.4,1,1456.4,272130363.19999975
2025-08-01 09:59:23 AM,1456.3,706,1028147.7999999999,273158510.99999976
2025-08-01 09:59:26 AM,1456.4,75,109230.0,273267740.99999976
2025-08-01 09:59:30 AM,1456.5,3,4369.5,273272110.49999976
2025-08-01 09:59:32 AM,1456.5,1,1456.5,273273566.99999976
2025-08-01 09:59:36 AM,1456.5,108,157302.0,273430868.99999976
2025-08-01 09:59:38 AM,1456.2,0,0.0,273430868.99999976
2025-08-01 09:59:39 AM,1456.5,23,33499.5,273464368.49999976
2025-08-01 09:59:42 AM,1456.5,2,2913.0,273467281.49999976
2025-08-01 09:59:44 AM,1456.6,0,0.0,273467281.49999976
2025-08-01 09:59:45 AM,1456.6,51,74286.59999999999,273541568.0999998
2025-08-01 09:59:51 AM,1456.6,14,20392.399999999998,273561960.49999976
2025-08-01 09:59:54 AM,1456.6,2,2913.2,273564873.69999975
2025-08-01 09:59:56 AM,1456.0,0,0.0,273564873.69999975
2025-08-01 09:59:57 AM,1456.6,0,0.0,273564873.69999975
2025-08-01 09:59:57 AM,1456.6,83,120897.79999999999,273685771.49999976
2025-08-01 09:59:59 AM,1456.0,0,0.0,273685771.49999976
2025-08-01 10:00:00 AM,1456.5,0,0.0,273685771.49999976
2025-08-01 10:00:00 AM,1456.5,105,152932.5,273838703.99999976
2025-08-01 10:00:03 AM,1456.3,0,0.0,273838703.99999976
2025-08-01 10:00:03 AM,1456.3,43,62620.9,273901324.89999974
2025-08-01 10:00:07 AM,1456.1,0,0.0,273901324.89999974
2025-08-01 10:00:07 AM,1456.1,210,305781.0,274207105.89999974
2025-08-01 10:00:09 AM,1456.0,0,0.0,274207105.89999974
2025-08-01 10:00:10 AM,1456.0,32,46592.0,274253697.89999974
2025-08-01 10:00:13 AM,1455.9,128,186355.2,274440053.0999997
2025-08-01 10:00:16 AM,1456.1,20,29122.0,274469175.0999997
2025-08-01 10:00:20 AM,1455.8,2111,3073193.8,277542368.89999974
2025-08-01 10:00:21 AM,1455.9,0,0.0,277542368.89999974
2025-08-01 10:00:22 AM,1455.5,0,0.0,277542368.89999974
2025-08-01 10:00:23 AM,1455.5,400,582200.0,278124568.89999974
2025-08-01 10:00:26 AM,1455.3,754,1097296.2,279221865.0999997
2025-08-01 10:00:29 AM,1455.8,4,5823.2,279227688.2999997
2025-08-01 10:00:32 AM,1455.8,645,938991.0,280166679.2999997
2025-08-01 10:00:35 AM,1455.8,42,61143.6,280227822.89999974
2025-08-01 10:00:38 AM,1455.7,110,160127.0,280387949.89999974
2025-08-01 10:00:40 AM,1455.8,0,0.0,280387949.89999974
2025-08-01 10:00:42 AM,1456.0,998,1453088.0,281841037.89999974
2025-08-01 10:00:45 AM,1455.8,0,0.0,281841037.89999974
2025-08-01 10:00:45 AM,1455.8,254,369773.2,282210811.0999997
2025-08-01 10:00:48 AM,1456.0,9,13104.0,282223915.0999997
2025-08-01 10:00:51 AM,1456.0,3,4368.0,282228283.0999997
2025-08-01 10:00:54 AM,1456.0,4,5824.0,282234107.0999997
2025-08-01 10:00:57 AM,1456.2,0,0.0,282234107.0999997
2025-08-01 10:00:57 AM,1456.5,892,1299198.0,283533305.0999997
2025-08-01 10:01:01 AM,1456.6,4,5826.4,283539131.4999997
2025-08-01 10:01:07 AM,1456.8,107,155877.6,283695009.0999997
2025-08-01 10:01:09 AM,1456.5,0,0.0,283695009.0999997
2025-08-01 10:01:10 AM,1456.5,4,5826.0,283700835.0999997
2025-08-01 10:01:13 AM,1456.7,11,16023.7,283716858.7999997
2025-08-01 10:01:16 AM,1456.5,11,16021.5,283732880.2999997
2025-08-01 10:01:19 AM,1456.7,0,0.0,283732880.2999997
2025-08-01 10:01:20 AM,1456.5,7,10195.5,283743075.7999997
2025-08-01 10:01:22 AM,1456.7,0,0.0,283743075.7999997
2025-08-01 10:01:22 AM,1456.7,74,107795.8,283850871.5999997
2025-08-01 10:01:26 AM,1456.7,4,5826.8,283856698.39999974
2025-08-01 10:01:28 AM,1456.7,2,2913.4,283859611.7999997
2025-08-01 10:01:32 AM,1456.7,1,1456.7,283861068.4999997
2025-08-01 10:01:34 AM,1456.4,0,0.0,283861068.4999997
2025-08-01 10:01:34 AM,1456.6,24,34958.399999999994,283896026.8999997
2025-08-01 10:01:35 AM,1456.7,0,0.0,283896026.8999997
2025-08-01 10:01:38 AM,1456.7,109,158780.30000000002,284054807.1999997
2025-08-01 10:01:40 AM,1456.7,3,4370.1,284059177.2999997
2025-08-01 10:01:44 AM,1456.7,508,740003.6,284799180.89999974
2025-08-01 10:01:51 AM,1456.7,3,4370.1,284803550.99999976
2025-08-01 10:01:52 AM,1456.7,28,40787.6,284844338.5999998
2025-08-01 10:01:57 AM,1456.7,3,4370.1,284848708.6999998
2025-08-01 10:01:59 AM,1456.7,68,99055.6,284947764.29999983
2025-08-01 10:02:03 AM,1457.1,0,0.0,284947764.29999983
2025-08-01 10:02:03 AM,1457.1,420,611982.0,285559746.29999983
2025-08-01 10:02:04 AM,1457.1,16,23313.6,285583059.89999986
2025-08-01 10:02:07 AM,1456.7,0,0.0,285583059.89999986
2025-08-01 10:02:09 AM,1457.0,0,0.0,285583059.89999986
2025-08-01 10:02:09 AM,1457.1,672,979171.2,286562231.09999985
2025-08-01 10:02:11 AM,1456.7,0,0.0,286562231.09999985
2025-08-01 10:02:11 AM,1456.7,203,295710.10000000003,286857941.19999987
2025-08-01 10:02:14 AM,1457.1,0,0.0,286857941.19999987
2025-08-01 10:02:15 AM,1456.9,5,7284.5,286865225.69999987
2025-08-01 10:02:17 AM,1456.8,11,16024.8,286881250.4999999
2025-08-01 10:02:22 AM,1456.8,3,4370.4,286885620.89999986
2025-08-01 10:02:24 AM,1456.8,2,2913.6,286888534.4999999
2025-08-01 10:02:28 AM,1456.8,8,11654.4,286900188.89999986
2025-08-01 10:02:30 AM,1456.6,5,7283.0,286907471.89999986
2025-08-01 10:02:34 AM,1456.8,4,5827.2,286913299.09999985
2025-08-01 10:02:36 AM,1456.8,118,171902.4,287085201.4999998
2025-08-01 10:02:40 AM,1456.9,0,0.0,287085201.4999998
2025-08-01 10:02:41 AM,1456.9,105,152974.5,287238175.9999998
2025-08-01 10:02:43 AM,1457.1,2,2914.2,287241090.1999998
2025-08-01 10:02:45 AM,1456.8,0,0.0,287241090.1999998
2025-08-01 10:02:47 AM,1457.1,3,4371.299999999999,287245461.4999998
2025-08-01 10:02:54 AM,1457.1,11,16028.099999999999,287261489.59999985
2025-08-01 10:02:55 AM,1457.0,17,24769.0,287286258.59999985
2025-08-01 10:03:00 AM,1457.1,18,26227.8,287312486.39999986
2025-08-01 10:03:02 AM,1457.1,26,37884.6,287350370.9999999
2025-08-01 10:03:06 AM,1457.1,372,542041.2,287892412.19999987
2025-08-01 10:03:08 AM,1457.1,3,4371.299999999999,287896783.4999999
2025-08-01 10:03:13 AM,1457.5,261,380407.5,288277190.9999999
2025-08-01 10:03:18 AM,1457.7,0,0.0,288277190.9999999
2025-08-01 10:03:19 AM,1457.7,16,23323.2,288300514.19999987
2025-08-01 10:03:21 AM,1457.5,163,237572.5,288538086.69999987
2025-08-01 10:03:26 AM,1457.9,0,0.0,288538086.69999987
2025-08-01 10:03:26 AM,1457.9,153,223058.7,288761145.39999986
2025-08-01 10:03:26 AM,1457.7,0,0.0,288761145.39999986
2025-08-01 10:03:28 AM,1457.7,146,212824.2,288973969.59999985
2025-08-01 10:03:34 AM,1457.9,0,0.0,288973969.59999985
2025-08-01 10:03:34 AM,1457.9,198,288664.2,289262633.79999983
2025-08-01 10:03:38 AM,1458.2,0,0.0,289262633.79999983
2025-08-01 10:03:39 AM,1457.9,245,357185.5,289619819.29999983
2025-08-01 10:03:45 AM,1458.2,28,40829.6,289660648.89999986
2025-08-01 10:03:51 AM,1458.2,258,376215.60000000003,290036864.4999999
2025-08-01 10:03:57 AM,1458.2,11,16040.2,290052904.69999987
2025-08-01 10:04:05 AM,1458.0,121,176418.0,290229322.69999987
2025-08-01 10:04:09 AM,1458.0,22,32076.0,290261398.69999987
2025-08-01 10:04:12 AM,1458.2,1,1458.2,290262856.89999986
2025-08-01 10:04:16 AM,1458.2,16,23331.2,290286188.09999985
2025-08-01 10:04:18 AM,1458.2,11,16040.2,290302228.29999983
2025-08-01 10:04:22 AM,1458.2,221,322262.2,290624490.4999998
2025-08-01 10:04:24 AM,1458.2,139,202689.80000000002,290827180.29999983
2025-08-01 10:04:28 AM,1458.3,77,112289.09999999999,290939469.39999986
2025-08-01 10:04:35 AM,1458.3,122,177912.6,291117381.9999999
2025-08-01 10:04:37 AM,1458.2,14,20414.8,291137796.7999999
2025-08-01 10:04:39 AM,1458.3,0,0.0,291137796.7999999
2025-08-01 10:04:41 AM,1458.5,306,446301.0,291584097.7999999
2025-08-01 10:04:47 AM,1458.5,6,8751.0,291592848.7999999
2025-08-01 10:04:49 AM,1458.5,19,27711.5,291620560.2999999
2025-08-01 10:04:52 AM,1458.3,0,0.0,291620560.2999999
2025-08-01 10:04:53 AM,1458.5,19,27711.5,291648271.7999999
2025-08-01 10:04:59 AM,1458.5,72,105012.0,291753283.7999999
2025-08-01 10:05:00 AM,1459.0,0,0.0,291753283.7999999
2025-08-01 10:05:02 AM,1459.0,200,291800.0,292045083.7999999
2025-08-01 10:05:03 AM,1458.5,0,0.0,292045083.7999999
2025-08-01 10:05:06 AM,1459.0,0,0.0,292045083.7999999
2025-08-01 10:05:06 AM,1459.0,258,376422.0,292421505.7999999
2025-08-01 10:05:06 AM,1458.5,0,0.0,292421505.7999999
2025-08-01 10:05:08 AM,1459.0,124,180916.0,292602421.7999999
2025-08-01 10:05:12 AM,1458.8,0,0.0,292602421.7999999
2025-08-01 10:05:12 AM,1458.8,182,265501.6,292867923.3999999
2025-08-01 10:05:14 AM,1458.7,10,14587.0,292882510.3999999
2025-08-01 10:05:15 AM,1458.0,0,0.0,292882510.3999999
2025-08-01 10:05:18 AM,1457.9,2084,3038263.6,295920773.99999994
2025-08-01 10:05:19 AM,1457.2,0,0.0,295920773.99999994
2025-08-01 10:05:19 AM,1457.6,0,0.0,295920773.99999994
2025-08-01 10:05:20 AM,1457.4,270,393498.0,296314271.99999994
2025-08-01 10:05:24 AM,1457.4,10,14574.0,296328845.99999994
2025-08-01 10:05:26 AM,1457.0,48,69936.0,296398781.99999994
2025-08-01 10:05:30 AM,1457.3,23,33517.9,296432299.8999999
2025-08-01 10:05:33 AM,1457.0,1,1457.0,296433756.8999999
2025-08-01 10:05:37 AM,1457.3,0,0.0,296433756.8999999
2025-08-01 10:05:37 AM,1457.3,162,236082.6,296669839.49999994
2025-08-01 10:05:39 AM,1457.2,36,52459.200000000004,296722298.6999999
2025-08-01 10:05:40 AM,1457.0,0,0.0,296722298.6999999
2025-08-01 10:05:42 AM,1457.3,132,192363.6,296914662.29999995
2025-08-01 10:05:48 AM,1457.3,146,212765.8,297127428.09999996
2025-08-01 10:05:50 AM,1457.0,100,145700.0,297273128.09999996
2025-08-01 10:05:52 AM,1457.4,0,0.0,297273128.09999996
2025-08-01 10:05:54 AM,1457.0,0,0.0,297273128.09999996
2025-08-01 10:05:54 AM,1457.4,14,20403.600000000002,297293531.7
2025-08-01 10:05:57 AM,1457.4,12,17488.800000000003,297311020.5
2025-08-01 10:05:58 AM,1457.3,0,0.0,297311020.5
2025-08-01 10:06:00 AM,1457.3,3,4371.9,297315392.4
2025-08-01 10:06:03 AM,1457.3,1,1457.3,297316849.7
2025-08-01 10:06:04 AM,1457.4,0,0.0,297316849.7
2025-08-01 10:06:06 AM,1457.3,112,163217.6,297480067.3
2025-08-01 10:06:09 AM,1457.3,35,51005.5,297531072.8
2025-08-01 10:06:12 AM,1457.3,2,2914.6,297533987.40000004
2025-08-01 10:06:15 AM,1457.1,0,0.0,297533987.40000004
2025-08-01 10:06:15 AM,1457.1,45,65569.5,297599556.90000004
2025-08-01 10:06:18 AM,1457.3,0,0.0,297599556.90000004
2025-08-01 10:06:18 AM,1457.3,33,48090.9,297647647.8
2025-08-01 10:06:24 AM,1457.3,256,373068.8,298020716.6
2025-08-01 10:06:30 AM,1457.2,0,0.0,298020716.6
2025-08-01 10:06:30 AM,1457.2,9,13114.800000000001,298033831.40000004
2025-08-01 10:06:32 AM,1457.0,10,14570.0,298048401.40000004
2025-08-01 10:06:36 AM,1457.2,140,204008.0,298252409.40000004
2025-08-01 10:06:38 AM,1457.2,1,1457.2,298253866.6
2025-08-01 10:06:41 AM,1457.3,0,0.0,298253866.6
2025-08-01 10:06:41 AM,1457.2,0,0.0,298253866.6
2025-08-01 10:06:42 AM,1457.4,23,33520.200000000004,298287386.8
2025-08-01 10:06:44 AM,1457.4,86,125336.40000000001,298412723.2
2025-08-01 10:06:48 AM,1457.4,15,21861.0,298434584.2
2025-08-01 10:06:54 AM,1457.4,15,21861.0,298456445.2
2025-08-01 10:06:56 AM,1457.1,0,0.0,298456445.2
2025-08-01 10:06:56 AM,1457.1,59,85968.9,298542414.09999996
2025-08-01 10:07:01 AM,1457.4,0,0.0,298542414.09999996
2025-08-01 10:07:01 AM,1457.4,1,1457.4,298543871.49999994
2025-08-01 10:07:02 AM,1457.4,1,1457.4,298545328.8999999
2025-08-01 10:07:06 AM,1457.1,0,0.0,298545328.8999999
2025-08-01 10:07:07 AM,1457.0,392,571144.0,299116472.8999999
2025-08-01 10:07:09 AM,1457.0,23,33511.0,299149983.8999999
2025-08-01 10:07:11 AM,1456.9,0,0.0,299149983.8999999
2025-08-01 10:07:13 AM,1457.0,54,78678.0,299228661.8999999
2025-08-01 10:07:15 AM,1457.0,14,20398.0,299249059.8999999
2025-08-01 10:07:19 AM,1457.0,21,30597.0,299279656.8999999
2025-08-01 10:07:26 AM,1457.0,34,49538.0,299329194.8999999
2025-08-01 10:07:27 AM,1457.0,2,2914.0,299332108.8999999
2025-08-01 10:07:30 AM,1457.1,0,0.0,299332108.8999999
2025-08-01 10:07:32 AM,1457.3,327,476537.1,299808645.99999994
2025-08-01 10:07:33 AM,1457.3,5,7286.5,299815932.49999994
2025-08-01 10:07:38 AM,1457.3,151,220052.3,300035984.79999995
2025-08-01 10:07:39 AM,1457.2,3,4371.6,300040356.4
2025-08-01 10:07:43 AM,1457.3,0,0.0,300040356.4
2025-08-01 10:07:44 AM,1457.0,9,13113.0,300053469.4
2025-08-01 10:07:46 AM,1457.3,6,8743.8,300062213.2
2025-08-01 10:07:50 AM,1457.0,12,17484.0,300079697.2
2025-08-01 10:07:52 AM,1457.3,10,14573.0,300094270.2
2025-08-01 10:07:53 AM,1457.0,0,0.0,300094270.2
2025-08-01 10:07:56 AM,1457.3,56,81608.8,300175879.0
2025-08-01 10:08:02 AM,1457.0,0,0.0,300175879.0
2025-08-01 10:08:02 AM,1457.0,19,27683.0,300203562.0
2025-08-01 10:08:08 AM,1457.1,0,0.0,300203562.0
2025-08-01 10:08:09 AM,1457.0,144,209808.0,300413370.0
2025-08-01 10:08:15 AM,1457.2,1,1457.2,300414827.2
2025-08-01 10:08:21 AM,1457.2,21,30601.2,300445428.4
2025-08-01 10:08:23 AM,1457.1,10,14571.0,300459999.4
2025-08-01 10:08:27 AM,1457.0,0,0.0,300459999.4
2025-08-01 10:08:27 AM,1457.0,29,42253.0,300502252.4
2025-08-01 10:08:32 AM,1457.1,0,0.0,300502252.4
2025-08-01 10:08:33 AM,1457.1,117,170480.69999999998,300672733.09999996
2025-08-01 10:08:35 AM,1457.1,13,18942.3,300691675.4
2025-08-01 10:08:39 AM,1457.1,10,14571.0,300706246.4
2025-08-01 10:08:41 AM,1457.1,25,36427.5,300742673.9
2025-08-01 10:08:45 AM,1457.1,16,23313.6,300765987.5
2025-08-01 10:08:47 AM,1457.1,5,7285.5,300773273.0
2025-08-01 10:08:48 AM,1457.0,0,0.0,300773273.0
2025-08-01 10:08:50 AM,1457.1,0,0.0,300773273.0
2025-08-01 10:08:51 AM,1457.1,23,33513.299999999996,300806786.3
2025-08-01 10:08:57 AM,1457.1,11,16028.099999999999,300822814.40000004
2025-08-01 10:09:03 AM,1457.1,110,160281.0,300983095.40000004
2025-08-01 10:09:04 AM,1457.0,1,1457.0,300984552.40000004
2025-08-01 10:09:09 AM,1457.1,23,33513.299999999996,301018065.70000005
2025-08-01 10:09:15 AM,1457.1,16,23313.6,301041379.3000001
2025-08-01 10:09:16 AM,1457.0,12,17484.0,301058863.3000001
2025-08-01 10:09:18 AM,1457.1,0,0.0,301058863.3000001
2025-08-01 10:09:21 AM,1457.0,550,801350.0,301860213.3000001
2025-08-01 10:09:22 AM,1457.0,163,237491.0,302097704.3000001
2025-08-01 10:09:28 AM,1457.0,1,1457.0,302099161.3000001
2025-08-01 10:09:32 AM,1457.0,91,132587.0,302231748.3000001
2025-08-01 10:09:34 AM,1457.0,1,1457.0,302233205.3000001
2025-08-01 10:09:38 AM,1457.0,176,256432.0,302489637.3000001
2025-08-01 10:09:40 AM,1457.0,2,2914.0,302492551.3000001
2025-08-01 10:09:42 AM,1456.6,0,0.0,302492551.3000001
2025-08-01 10:09:44 AM,1457.0,0,0.0,302492551.3000001
2025-08-01 10:09:44 AM,1456.6,125,182075.0,302674626.3000001
2025-08-01 10:09:46 AM,1457.0,0,0.0,302674626.3000001
2025-08-01 10:09:46 AM,1457.0,3,4371.0,302678997.3000001
2025-08-01 10:09:50 AM,1457.0,2,2914.0,302681911.3000001
2025-08-01 10:09:51 AM,1457.0,100,145700.0,302827611.3000001
2025-08-01 10:09:55 AM,1457.0,260,378820.0,303206431.3000001
2025-08-01 10:09:59 AM,1456.9,0,0.0,303206431.3000001
2025-08-01 10:10:01 AM,1457.0,22,32054.0,303238485.3000001
2025-08-01 10:10:02 AM,1457.0,3,4371.0,303242856.3000001
2025-08-01 10:10:07 AM,1457.0,122,177754.0,303420610.3000001
2025-08-01 10:10:08 AM,1457.0,9,13113.0,303433723.3000001
2025-08-01 10:10:13 AM,1457.0,11,16027.0,303449750.3000001
2025-08-01 10:10:15 AM,1457.0,2,2914.0,303452664.3000001
2025-08-01 10:10:18 AM,1457.0,1,1457.0,303454121.3000001
2025-08-01 10:10:23 AM,1456.9,0,0.0,303454121.3000001
2025-08-01 10:10:24 AM,1456.9,12,17482.800000000003,303471604.1000001
2025-08-01 10:10:26 AM,1456.9,15,21853.5,303493457.6000001
2025-08-01 10:10:29 AM,1456.8,0,0.0,303493457.6000001
2025-08-01 10:10:30 AM,1456.5,60,87390.0,303580847.6000001
2025-08-01 10:10:32 AM,1456.9,1,1456.9,303582304.50000006
2025-08-01 10:10:36 AM,1456.9,154,224362.6,303806667.1000001
2025-08-01 10:10:41 AM,1457.1,0,0.0,303806667.1000001
2025-08-01 10:10:42 AM,1457.1,2824,4114850.4,307921517.50000006
2025-08-01 10:10:44 AM,1457.1,393,572640.2999999999,308494157.8000001
2025-08-01 10:10:49 AM,1457.1,113,164652.3,308658810.1000001
2025-08-01 10:10:50 AM,1457.1,100,145710.0,308804520.1000001
2025-08-01 10:10:54 AM,1457.1,29,42255.899999999994,308846776.00000006
2025-08-01 10:10:56 AM,1457.1,12,17485.199999999997,308864261.20000005
2025-08-01 10:11:00 AM,1457.1,53,77226.29999999999,308941487.50000006
2025-08-01 10:11:01 AM,1457.1,54,78683.4,309020170.90000004
2025-08-01 10:11:06 AM,1457.1,141,205451.09999999998,309225622.00000006
2025-08-01 10:11:12 AM,1457.1,2,2914.2,309228536.20000005
2025-08-01 10:11:14 AM,1457.1,43,62655.299999999996,309291191.50000006
2025-08-01 10:11:18 AM,1457.1,25,36427.5,309327619.00000006
2025-08-01 10:11:24 AM,1457.1,13,18942.3,309346561.3000001
2025-08-01 10:11:27 AM,1456.9,0,0.0,309346561.3000001
2025-08-01 10:11:29 AM,1456.9,21,30594.9,309377156.20000005
2025-08-01 10:11:31 AM,1456.8,100,145680.0,309522836.20000005
2025-08-01 10:11:33 AM,1457.0,0,0.0,309522836.20000005
2025-08-01 10:11:35 AM,1457.0,129,187953.0,309710789.20000005
2025-08-01 10:11:36 AM,1457.2,154,224408.80000000002,309935198.00000006
2025-08-01 10:11:39 AM,1457.1,0,0.0,309935198.00000006
2025-08-01 10:11:41 AM,1457.1,16,23313.6,309958511.6000001
2025-08-01 10:11:51 AM,1457.0,0,0.0,309958511.6000001
2025-08-01 10:11:53 AM,1457.1,67,97625.7,310056137.3000001
2025-08-01 10:11:56 AM,1457.2,0,0.0,310056137.3000001
2025-08-01 10:11:58 AM,1457.2,18,26229.600000000002,310082366.9000001
2025-08-01 10:12:00 AM,1457.2,1,1457.2,310083824.1000001
2025-08-01 10:12:05 AM,1457.2,135,196722.0,310280546.1000001
2025-08-01 10:12:06 AM,1457.2,2,2914.4,310283460.50000006
2025-08-01 10:12:09 AM,1457.1,0,0.0,310283460.50000006
2025-08-01 10:12:10 AM,1457.1,64,93254.4,310376714.90000004
2025-08-01 10:12:15 AM,1457.2,0,0.0,310376714.90000004
2025-08-01 10:12:16 AM,1457.2,181,263753.2,310640468.1
2025-08-01 10:12:20 AM,1457.1,0,0.0,310640468.1
2025-08-01 10:12:21 AM,1457.2,0,0.0,310640468.1
2025-08-01 10:12:22 AM,1457.2,7,10200.4,310650668.5
2025-08-01 10:12:23 AM,1457.2,2,2914.4,310653582.9
2025-08-01 10:12:28 AM,1457.2,2,2914.4,310656497.29999995
2025-08-01 10:12:28 AM,1457.2,2,2914.4,310659411.6999999
2025-08-01 10:12:34 AM,1457.2,107,155920.4,310815332.0999999
2025-08-01 10:12:34 AM,1457.2,17,24772.4,310840104.4999999
2025-08-01 10:12:39 AM,1457.2,119,173406.80000000002,311013511.2999999
2025-08-01 10:12:40 AM,1457.2,4,5828.8,311019340.0999999
2025-08-01 10:12:44 AM,1457.1,0,0.0,311019340.0999999
2025-08-01 10:12:45 AM,1457.1,7,10199.699999999999,311029539.7999999
2025-08-01 10:12:50 AM,1457.2,0,0.0,311029539.7999999
2025-08-01 10:12:51 AM,1457.2,151,220037.2,311249576.9999999
2025-08-01 10:12:54 AM,1457.1,0,0.0,311249576.9999999
2025-08-01 10:12:56 AM,1457.2,0,0.0,311249576.9999999
2025-08-01 10:12:57 AM,1457.2,232,338070.4,311587647.39999986
2025-08-01 10:13:02 AM,1457.2,17,24772.4,311612419.79999983
2025-08-01 10:13:05 AM,1457.3,0,0.0,311612419.79999983
2025-08-01 10:13:08 AM,1457.3,108,157388.4,311769808.1999998
2025-08-01 10:13:14 AM,1457.2,2,2914.4,311772722.5999998
2025-08-01 10:13:18 AM,1457.4,0,0.0,311772722.5999998
2025-08-01 10:13:20 AM,1457.4,100,145740.0,311918462.5999998
2025-08-01 10:13:26 AM,1457.4,11,16031.400000000001,311934493.99999976
2025-08-01 10:13:32 AM,1457.4,98,142825.2,312077319.19999975
2025-08-01 10:13:33 AM,1457.4,109,158856.6,312236175.7999998
2025-08-01 10:13:36 AM,1457.6,0,0.0,312236175.7999998
2025-08-01 10:13:38 AM,1457.6,196,285689.6,312521865.3999998
2025-08-01 10:13:44 AM,1457.6,207,301723.19999999995,312823588.5999998
2025-08-01 10:13:45 AM,1457.4,32,46636.8,312870225.3999998
2025-08-01 10:13:48 AM,1457.6,0,0.0,312870225.3999998
2025-08-01 10:13:50 AM,1457.6,2,2915.2,312873140.5999998
2025-08-01 10:13:51 AM,1457.6,7,10203.199999999999,312883343.7999998
2025-08-01 10:13:53 AM,1457.4,0,0.0,312883343.7999998
2025-08-01 10:13:54 AM,1457.6,0,0.0,312883343.7999998
2025-08-01 10:13:56 AM,1457.5,0,0.0,312883343.7999998
2025-08-01 10:13:56 AM,1457.5,33,48097.5,312931441.2999998
2025-08-01 10:14:03 AM,1457.6,0,0.0,312931441.2999998
2025-08-01 10:14:07 AM,1457.7,108,157431.6,313088872.8999998
2025-08-01 10:14:08 AM,1457.7,10,14577.0,313103449.8999998
2025-08-01 10:14:12 AM,1457.8,0,0.0,313103449.8999998
2025-08-01 10:14:13 AM,1457.8,27,39360.6,313142810.4999998
2025-08-01 10:14:14 AM,1457.8,31,45191.799999999996,313188002.29999983
2025-08-01 10:14:19 AM,1457.8,10,14578.0,313202580.29999983
2025-08-01 10:14:25 AM,1457.8,11,16035.8,313218616.09999985
2025-08-01 10:14:30 AM,1457.5,696,1014420.0,314233036.09999985
2025-08-01 10:14:31 AM,1457.5,3,4372.5,314237408.59999985
2025-08-01 10:14:36 AM,1457.5,142,206965.0,314444373.59999985
2025-08-01 10:14:42 AM,1457.5,5,7287.5,314451661.09999985
2025-08-01 10:14:45 AM,1457.7,0,0.0,314451661.09999985
2025-08-01 10:14:47 AM,1458.0,0,0.0,314451661.09999985
2025-08-01 10:14:48 AM,1458.0,82,119556.0,314571217.09999985
2025-08-01 10:14:49 AM,1458.0,1,1458.0,314572675.09999985
2025-08-01 10:14:53 AM,1458.0,2,2916.0,314575591.09999985
2025-08-01 10:14:59 AM,1458.0,12,17496.0,314593087.09999985
2025-08-01 10:15:00 AM,1457.7,169,246351.30000000002,314839438.39999986
2025-08-01 10:15:05 AM,1457.8,0,0.0,314839438.39999986
2025-08-01 10:15:05 AM,1457.7,110,160347.0,314999785.39999986
2025-08-01 10:15:06 AM,1457.9,1,1457.9,315001243.29999983
2025-08-01 10:15:10 AM,1457.9,11,16036.900000000001,315017280.1999998
2025-08-01 10:15:15 AM,1457.8,0,0.0,315017280.1999998
2025-08-01 10:15:16 AM,1457.6,234,341078.39999999997,315358358.5999998
2025-08-01 10:15:17 AM,1457.9,1,1457.9,315359816.49999976
2025-08-01 10:15:23 AM,1457.3,0,0.0,315359816.49999976
2025-08-01 10:15:23 AM,1457.3,691,1006994.2999999999,316366810.7999998
2025-08-01 10:15:23 AM,1457.4,10,14574.0,316381384.7999998
2025-08-01 10:15:29 AM,1457.2,0,0.0,316381384.7999998
2025-08-01 10:15:29 AM,1457.2,19,27686.8,316409071.5999998
2025-08-01 10:15:29 AM,1457.4,2,2914.8,316411986.3999998
2025-08-01 10:15:34 AM,1457.1,0,0.0,316411986.3999998
2025-08-01 10:15:35 AM,1457.1,102,148624.19999999998,316560610.5999998
2025-08-01 10:15:36 AM,1457.4,60,87444.0,316648054.5999998
2025-08-01 10:15:41 AM,1457.4,6,8744.400000000001,316656798.99999976
2025-08-01 10:15:41 AM,1457.4,5,7287.0,316664085.99999976
2025-08-01 10:15:46 AM,1457.6,0,0.0,316664085.99999976
2025-08-01 10:15:47 AM,1457.6,649,945982.3999999999,317610068.39999974
2025-08-01 10:15:47 AM,1457.1,171,249164.09999999998,317859232.49999976
2025-08-01 10:15:56 AM,1457.6,0,0.0,317859232.49999976
2025-08-01 10:15:59 AM,1457.6,62,90371.2,317949603.69999975
2025-08-01 10:16:03 AM,1457.7,0,0.0,317949603.69999975
2025-08-01 10:16:04 AM,1457.7,601,876077.7000000001,318825681.39999974
2025-08-01 10:16:04 AM,1457.8,14,20409.2,318846090.5999997
2025-08-01 10:16:10 AM,1457.8,114,166189.19999999998,319012279.7999997
2025-08-01 10:16:16 AM,1457.7,29,42273.3,319054553.0999997
2025-08-01 10:16:22 AM,1457.7,27,39357.9,319093910.9999997
2025-08-01 10:16:27 AM,1457.3,0,0.0,319093910.9999997
2025-08-01 10:16:28 AM,1457.3,206,300203.8,319394114.7999997
2025-08-01 10:16:29 AM,1457.5,0,0.0,319394114.7999997
2025-08-01 10:16:34 AM,1457.5,4,5830.0,319399944.7999997
2025-08-01 10:16:40 AM,1457.5,119,173442.5,319573387.2999997
2025-08-01 10:16:45 AM,1457.5,103,150122.5,319723509.7999997
2025-08-01 10:16:51 AM,1457.5,9,13117.5,319736627.2999997
2025-08-01 10:16:56 AM,1457.5,3,4372.5,319740999.7999997
2025-08-01 10:17:02 AM,1457.5,201,292957.5,320033957.2999997
2025-08-01 10:17:03 AM,1457.7,0,0.0,320033957.2999997
2025-08-01 10:17:07 AM,1457.5,0,0.0,320033957.2999997
2025-08-01 10:17:07 AM,1457.5,209,304617.5,320338574.7999997
2025-08-01 10:17:08 AM,1457.3,0,0.0,320338574.7999997
2025-08-01 10:17:10 AM,1457.6,0,0.0,320338574.7999997
2025-08-01 10:17:13 AM,1457.7,239,348390.3,320686965.0999997
2025-08-01 10:17:17 AM,1457.6,0,0.0,320686965.0999997
2025-08-01 10:17:19 AM,1457.6,29,42270.399999999994,320729235.4999997
2025-08-01 10:17:23 AM,1457.2,0,0.0,320729235.4999997
2025-08-01 10:17:25 AM,1457.6,0,0.0,320729235.4999997
2025-08-01 10:17:25 AM,1457.6,25,36440.0,320765675.4999997
2025-08-01 10:17:36 AM,1457.6,115,167624.0,320933299.4999997
2025-08-01 10:17:42 AM,1457.6,11,16033.599999999999,320949333.0999997
2025-08-01 10:17:48 AM,1457.1,92,134053.19999999998,321083386.2999997
2025-08-01 10:17:51 AM,1457.6,0,0.0,321083386.2999997
2025-08-01 10:17:54 AM,1457.6,9,13118.4,321096504.6999997
2025-08-01 10:17:56 AM,1457.3,0,0.0,321096504.6999997
2025-08-01 10:17:59 AM,1457.3,14,20402.2,321116906.8999997
2025-08-01 10:18:05 AM,1457.2,20,29144.0,321146050.8999997
2025-08-01 10:18:05 AM,1457.3,93,135528.9,321281579.79999965
2025-08-01 10:18:11 AM,1457.3,7,10201.1,321291780.8999997
2025-08-01 10:18:17 AM,1457.0,439,639623.0,321931403.8999997
2025-08-01 10:18:20 AM,1457.2,0,0.0,321931403.8999997
2025-08-01 10:18:23 AM,1457.2,4,5828.8,321937232.6999997
2025-08-01 10:18:29 AM,1457.2,101,147177.2,322084409.8999997
2025-08-01 10:18:34 AM,1457.2,8,11657.6,322096067.4999997
2025-08-01 10:18:35 AM,1457.2,11,16029.2,322112096.6999997
2025-08-01 10:18:38 AM,1457.3,0,0.0,322112096.6999997
2025-08-01 10:18:40 AM,1457.3,124,180705.19999999998,322292801.8999997
2025-08-01 10:18:46 AM,1457.3,16,23316.8,322316118.6999997
2025-08-01 10:18:52 AM,1457.3,78,113669.4,322429788.09999967
2025-08-01 10:18:57 AM,1457.5,0,0.0,322429788.09999967
2025-08-01 10:18:57 AM,1457.5,1621,2362607.5,324792395.59999967
2025-08-01 10:19:00 AM,1457.4,0,0.0,324792395.59999967
2025-08-01 10:19:03 AM,1457.5,347,505752.5,325298148.09999967
2025-08-01 10:19:06 AM,1457.7,0,0.0,325298148.09999967
2025-08-01 10:19:09 AM,1457.7,320,466464.0,325764612.09999967
2025-08-01 10:19:14 AM,1457.7,464,676372.8,326440984.8999997
2025-08-01 10:19:20 AM,1457.7,8,11661.6,326452646.4999997
2025-08-01 10:19:26 AM,1457.7,17,24780.9,326477427.3999997
2025-08-01 10:19:27 AM,1457.7,1,1457.7,326478885.09999967
2025-08-01 10:19:32 AM,1457.7,6,8746.2,326487631.29999965
2025-08-01 10:19:37 AM,1457.7,107,155973.9,326643605.19999963
2025-08-01 10:19:43 AM,1457.7,69,100581.3,326744186.49999964
2025-08-01 10:19:49 AM,1457.7,18,26238.600000000002,326770425.09999967
2025-08-01 10:19:54 AM,1457.7,12,17492.4,326787917.49999964
2025-08-01 10:19:56 AM,1457.7,14,20407.8,326808325.29999965
2025-08-01 10:19:57 AM,1458.0,0,0.0,326808325.29999965
2025-08-01 10:20:00 AM,1458.0,274,399492.0,327207817.29999965
2025-08-01 10:20:01 AM,1458.0,16,23328.0,327231145.29999965
2025-08-01 10:20:02 AM,1457.7,0,0.0,327231145.29999965
2025-08-01 10:20:05 AM,1458.0,174,253692.0,327484837.29999965
2025-08-01 10:20:06 AM,1458.0,156,227448.0,327712285.29999965
2025-08-01 10:20:11 AM,1458.0,92,134136.0,327846421.29999965
2025-08-01 10:20:12 AM,1458.0,10,14580.0,327861001.29999965
2025-08-01 10:20:17 AM,1458.0,38,55404.0,327916405.29999965
2025-08-01 10:20:18 AM,1458.0,101,147258.0,328063663.29999965
2025-08-01 10:20:23 AM,1458.0,42,61236.0,328124899.29999965
2025-08-01 10:20:24 AM,1458.0,20,29160.0,328154059.29999965
2025-08-01 10:20:26 AM,1457.7,0,0.0,328154059.29999965
2025-08-01 10:20:28 AM,1457.4,0,0.0,328154059.29999965
2025-08-01 10:20:28 AM,1457.4,1007,1467601.8,329621661.09999967
2025-08-01 10:20:30 AM,1457.4,6,8744.400000000001,329630405.49999964
2025-08-01 10:20:34 AM,1458.7,2011,2933445.7,332563851.19999963
2025-08-01 10:20:36 AM,1459.2,0,0.0,332563851.19999963
2025-08-01 10:20:36 AM,1459.1,0,0.0,332563851.19999963
2025-08-01 10:20:36 AM,1459.1,21,30641.1,332594492.29999965
2025-08-01 10:20:38 AM,1459.2,0,0.0,332594492.29999965
2025-08-01 10:20:40 AM,1459.2,208,303513.60000000003,332898005.8999997
2025-08-01 10:20:42 AM,1459.2,1,1459.2,332899465.09999967
2025-08-01 10:20:47 AM,1459.2,19,27724.8,332927189.8999997
2025-08-01 10:20:49 AM,1458.8,112,163385.6,333090575.4999997
2025-08-01 10:20:51 AM,1459.4,0,0.0,333090575.4999997
2025-08-01 10:20:51 AM,1458.9,0,0.0,333090575.4999997
2025-08-01 10:20:53 AM,1458.9,62,90451.8,333181027.2999997
2025-08-01 10:20:54 AM,1459.2,5,7296.0,333188323.2999997
2025-08-01 10:20:57 AM,1459.4,0,0.0,333188323.2999997
2025-08-01 10:20:58 AM,1458.8,8,11670.4,333199993.6999997
2025-08-01 10:21:01 AM,1459.1,0,0.0,333199993.6999997
2025-08-01 10:21:03 AM,1459.2,118,172185.6,333372179.2999997
2025-08-01 10:21:09 AM,1459.2,124,180940.80000000002,333553120.0999997
2025-08-01 10:21:11 AM,1459.2,1,1459.2,333554579.2999997
2025-08-01 10:21:15 AM,1459.0,0,0.0,333554579.2999997
2025-08-01 10:21:15 AM,1459.0,52,75868.0,333630447.2999997
2025-08-01 10:21:15 AM,1459.1,0,0.0,333630447.2999997
2025-08-01 10:21:17 AM,1459.1,13,18968.3,333649415.5999997
2025-08-01 10:21:20 AM,1459.1,3,4377.299999999999,333653792.89999974
2025-08-01 10:21:25 AM,1458.8,0,0.0,333653792.89999974
2025-08-01 10:21:26 AM,1458.8,400,583520.0,334237312.89999974
2025-08-01 10:21:28 AM,1459.0,18,26262.0,334263574.89999974
2025-08-01 10:21:31 AM,1459.1,3,4377.299999999999,334267952.19999975
2025-08-01 10:21:33 AM,1459.0,0,0.0,334267952.19999975
2025-08-01 10:21:33 AM,1459.1,0,0.0,334267952.19999975
2025-08-01 10:21:33 AM,1459.1,2,2918.2,334270870.39999974
2025-08-01 10:21:36 AM,1459.1,110,160501.0,334431371.39999974
2025-08-01 10:21:39 AM,1460.3,0,0.0,334431371.39999974
2025-08-01 10:21:41 AM,1459.7,0,0.0,334431371.39999974
2025-08-01 10:21:42 AM,1459.7,1983,2894585.1,337325956.49999976
2025-08-01 10:21:44 AM,1460.0,0,0.0,337325956.49999976
2025-08-01 10:21:44 AM,1460.0,5,7300.0,337333256.49999976
2025-08-01 10:21:45 AM,1459.4,0,0.0,337333256.49999976
2025-08-01 10:21:48 AM,1459.4,338,493277.2,337826533.69999975
2025-08-01 10:21:50 AM,1459.3,0,0.0,337826533.69999975
2025-08-01 10:21:50 AM,1459.3,239,348772.7,338175306.39999974
2025-08-01 10:21:54 AM,1459.3,5,7296.5,338182602.89999974
2025-08-01 10:21:59 AM,1459.5,0,0.0,338182602.89999974
2025-08-01 10:22:00 AM,1459.5,3,4378.5,338186981.39999974
2025-08-01 10:22:01 AM,1459.7,24,35032.8,338222014.19999975
2025-08-01 10:22:03 AM,1459.6,0,0.0,338222014.19999975
2025-08-01 10:22:05 AM,1459.4,0,0.0,338222014.19999975
2025-08-01 10:22:05 AM,1459.4,375,547275.0,338769289.19999975
2025-08-01 10:22:09 AM,1459.0,0,0.0,338769289.19999975
2025-08-01 10:22:11 AM,1459.0,28,40852.0,338810141.19999975
2025-08-01 10:22:12 AM,1459.0,13,18967.0,338829108.19999975
2025-08-01 10:22:18 AM,1458.9,0,0.0,338829108.19999975
2025-08-01 10:22:18 AM,1458.9,199,290321.10000000003,339119429.2999998
2025-08-01 10:22:23 AM,1458.9,6,8753.400000000001,339128182.69999975
2025-08-01 10:22:25 AM,1459.0,78,113802.0,339241984.69999975
2025-08-01 10:22:29 AM,1458.9,0,0.0,339241984.69999975
2025-08-01 10:22:29 AM,1458.9,21,30636.9,339272621.5999997
2025-08-01 10:22:31 AM,1459.2,302,440678.4,339713299.9999997
2025-08-01 10:22:34 AM,1458.7,257,374885.9,340088185.8999997
2025-08-01 10:22:36 AM,1458.8,0,0.0,340088185.8999997
2025-08-01 10:22:36 AM,1458.8,177,258207.6,340346393.4999997
2025-08-01 10:22:40 AM,1458.8,220,320936.0,340667329.4999997
2025-08-01 10:22:42 AM,1458.8,11,16046.8,340683376.2999997
2025-08-01 10:22:45 AM,1458.8,5,7294.0,340690670.2999997
2025-08-01 10:22:47 AM,1458.9,0,0.0,340690670.2999997
2025-08-01 10:22:47 AM,1458.9,100,145890.0,340836560.2999997
2025-08-01 10:22:50 AM,1458.7,0,0.0,340836560.2999997
2025-08-01 10:22:50 AM,1458.9,6,8753.400000000001,340845313.6999997
2025-08-01 10:22:54 AM,1458.8,0,0.0,340845313.6999997
2025-08-01 10:22:56 AM,1458.8,2,2917.6,340848231.2999997
2025-08-01 10:22:56 AM,1458.9,0,0.0,340848231.2999997
2025-08-01 10:22:58 AM,1458.9,1,1458.9,340849690.1999997
2025-08-01 10:23:04 AM,1458.7,379,552847.3,341402537.4999997
2025-08-01 10:23:06 AM,1458.3,0,0.0,341402537.4999997
2025-08-01 10:23:07 AM,1458.5,34,49589.0,341452126.4999997
2025-08-01 10:23:08 AM,1457.7,0,0.0,341452126.4999997
2025-08-01 10:23:10 AM,1457.7,700,1020390.0,342472516.4999997
2025-08-01 10:23:11 AM,1458.4,0,0.0,342472516.4999997
2025-08-01 10:23:12 AM,1458.3,0,0.0,342472516.4999997
2025-08-01 10:23:13 AM,1458.3,36,52498.799999999996,342525015.2999997
2025-08-01 10:23:16 AM,1458.1,12,17497.199999999997,342542512.4999997
2025-08-01 10:23:17 AM,1457.8,0,0.0,342542512.4999997
2025-08-01 10:23:18 AM,1457.6,0,0.0,342542512.4999997
2025-08-01 10:23:18 AM,1457.6,49,71422.4,342613934.8999997
2025-08-01 10:23:20 AM,1457.7,0,0.0,342613934.8999997
2025-08-01 10:23:22 AM,1457.7,33,48104.1,342662038.9999997
2025-08-01 10:23:22 AM,1457.6,0,0.0,342662038.9999997
2025-08-01 10:23:24 AM,1457.6,156,227385.59999999998,342889424.5999997
