date,price,qty,trnvr,cum_trnvr
2025-08-01 09:15:05 AM,423.6,5232,2216275.2,2216275.2
2025-08-01 09:15:05 AM,422.75,0,0.0,2216275.2
2025-08-01 09:15:07 AM,423.1,1572,665113.2000000001,2881388.4000000004
2025-08-01 09:15:14 AM,423.2,0,0.0,2881388.4000000004
2025-08-01 09:15:17 AM,423.2,2895,1225164.0,4106552.4000000004
2025-08-01 09:15:19 AM,422.9,275,116297.5,4222849.9
2025-08-01 09:15:23 AM,424.0,0,0.0,4222849.9
2025-08-01 09:15:27 AM,424.45,5703,2420638.35,6643488.25
2025-08-01 09:15:28 AM,424.55,379,160904.45,6804392.7
2025-08-01 09:15:34 AM,424.4,0,0.0,6804392.7
2025-08-01 09:15:35 AM,424.15,3914,1660123.0999999999,8464515.8
2025-08-01 09:15:37 AM,424.5,115,48817.5,8513333.3
2025-08-01 09:15:38 AM,424.8,0,0.0,8513333.3
2025-08-01 09:15:42 AM,424.75,0,0.0,8513333.3
2025-08-01 09:15:43 AM,424.75,587,249328.25,8762661.55
2025-08-01 09:15:45 AM,424.5,524,222438.0,8985099.55
2025-08-01 09:15:50 AM,424.6,0,0.0,8985099.55
2025-08-01 09:15:52 AM,424.65,927,393650.55,9378750.100000001
2025-08-01 09:15:53 AM,423.95,1836,778372.2,10157122.3
2025-08-01 09:15:58 AM,424.05,0,0.0,10157122.3
2025-08-01 09:16:00 AM,424.05,135,57246.75,10214369.05
2025-08-01 09:16:02 AM,423.2,990,418968.0,10633337.05
2025-08-01 09:16:04 AM,423.3,0,0.0,10633337.05
2025-08-01 09:16:08 AM,423.35,245,103720.75,10737057.8
2025-08-01 09:16:08 AM,422.75,0,0.0,10737057.8
2025-08-01 09:16:10 AM,422.75,106,44811.5,10781869.3
2025-08-01 09:16:12 AM,423.05,0,0.0,10781869.3
2025-08-01 09:16:16 AM,422.85,962,406781.7,11188651.0
2025-08-01 09:16:18 AM,423.1,33,13962.300000000001,11202613.3
2025-08-01 09:16:19 AM,423.15,0,0.0,11202613.3
2025-08-01 09:16:22 AM,423.05,0,0.0,11202613.3
2025-08-01 09:16:24 AM,422.65,1640,693146.0,11895759.3
2025-08-01 09:16:26 AM,422.7,20,8454.0,11904213.3
2025-08-01 09:16:29 AM,422.85,0,0.0,11904213.3
2025-08-01 09:16:33 AM,422.65,432,182584.8,12086798.100000001
2025-08-01 09:16:34 AM,422.6,750,316950.0,12403748.100000001
2025-08-01 09:16:41 AM,422.8,118,49890.4,12453638.500000002
2025-08-01 09:16:42 AM,422.6,25,10565.0,12464203.500000002
2025-08-01 09:16:49 AM,422.85,443,187322.55000000002,12651526.050000003
2025-08-01 09:16:51 AM,423.15,282,119328.29999999999,12770854.350000003
2025-08-01 09:16:51 AM,422.9,0,0.0,12770854.350000003
2025-08-01 09:16:57 AM,422.8,472,199561.6,12970415.950000003
2025-08-01 09:16:59 AM,422.95,0,0.0,12970415.950000003
2025-08-01 09:17:06 AM,422.95,1234,521920.3,13492336.250000004
2025-08-01 09:17:07 AM,423.0,36,15228.0,13507564.250000004
2025-08-01 09:17:14 AM,423.35,204,86363.40000000001,13593927.650000004
2025-08-01 09:17:15 AM,423.3,74,31324.2,13625251.850000003
2025-08-01 09:17:17 AM,423.5,0,0.0,13625251.850000003
2025-08-01 09:17:19 AM,423.35,0,0.0,13625251.850000003
2025-08-01 09:17:22 AM,423.6,1225,518910.0,14144161.850000003
2025-08-01 09:17:25 AM,423.5,0,0.0,14144161.850000003
2025-08-01 09:17:30 AM,423.5,806,341341.0,14485502.850000003
2025-08-01 09:17:31 AM,423.65,300,127095.0,14612597.850000003
2025-08-01 09:17:33 AM,423.95,0,0.0,14612597.850000003
2025-08-01 09:17:35 AM,423.9,0,0.0,14612597.850000003
2025-08-01 09:17:39 AM,423.8,546,231394.80000000002,14843992.650000004
2025-08-01 09:17:41 AM,423.85,0,0.0,14843992.650000004
2025-08-01 09:17:47 AM,423.6,478,202480.80000000002,15046473.450000005
2025-08-01 09:17:53 AM,423.3,0,0.0,15046473.450000005
2025-08-01 09:17:55 AM,423.35,1035,438167.25,15484640.700000005
2025-08-01 09:17:56 AM,423.1,12,5077.200000000001,15489717.900000004
2025-08-01 09:18:01 AM,423.25,0,0.0,15489717.900000004
2025-08-01 09:18:03 AM,423.25,48,20316.0,15510033.900000004
2025-08-01 09:18:05 AM,423.4,39,16512.6,15526546.500000004
2025-08-01 09:18:09 AM,423.25,0,0.0,15526546.500000004
2025-08-01 09:18:12 AM,423.4,67,28367.8,15554914.300000004
2025-08-01 09:18:20 AM,423.5,160,67760.0,15622674.300000004
2025-08-01 09:18:25 AM,423.4,0,0.0,15622674.300000004
2025-08-01 09:18:28 AM,423.4,714,302307.6,15924981.900000004
2025-08-01 09:18:33 AM,423.65,0,0.0,15924981.900000004
2025-08-01 09:18:36 AM,423.5,2886,1222221.0,17147202.900000006
2025-08-01 09:18:38 AM,423.65,1,423.65,17147626.550000004
2025-08-01 09:18:41 AM,424.0,0,0.0,17147626.550000004
2025-08-01 09:18:45 AM,424.0,636,269664.0,17417290.550000004
2025-08-01 09:18:46 AM,423.85,75,31788.75,17449079.300000004
2025-08-01 09:18:53 AM,423.7,91,38556.7,17487636.000000004
2025-08-01 09:18:54 AM,423.9,1000,423900.0,17911536.000000004
2025-08-01 09:19:01 AM,423.8,181,76707.8,17988243.800000004
2025-08-01 09:19:02 AM,423.85,454,192427.90000000002,18180671.700000003
2025-08-01 09:19:03 AM,423.8,0,0.0,18180671.700000003
2025-08-01 09:19:09 AM,424.15,609,258307.34999999998,18438979.050000004
2025-08-01 09:19:10 AM,424.2,42,17816.399999999998,18456795.450000003
2025-08-01 09:19:13 AM,423.8,0,0.0,18456795.450000003
2025-08-01 09:19:17 AM,423.95,1482,628293.9,19085089.35
2025-08-01 09:19:18 AM,423.95,17,7207.15,19092296.5
2025-08-01 09:19:25 AM,423.95,758,321354.1,19413650.6
2025-08-01 09:19:27 AM,424.15,1,424.15,19414074.75
2025-08-01 09:19:28 AM,423.9,0,0.0,19414074.75
2025-08-01 09:19:33 AM,423.9,317,134376.3,19548451.05
2025-08-01 09:19:36 AM,424.1,0,0.0,19548451.05
2025-08-01 09:19:41 AM,424.25,1869,792923.25,20341374.3
2025-08-01 09:19:43 AM,424.45,12,5093.4,20346467.7
2025-08-01 09:19:49 AM,424.5,372,157914.0,20504381.7
2025-08-01 09:19:51 AM,424.5,35,14857.5,20519239.2
2025-08-01 09:19:57 AM,424.4,977,414638.8,20933878.0
2025-08-01 09:19:57 AM,424.5,0,0.0,20933878.0
2025-08-01 09:19:59 AM,424.5,1575,668587.5,21602465.5
2025-08-01 09:20:05 AM,424.3,118,50067.4,21652532.9
2025-08-01 09:20:07 AM,424.25,125,53031.25,21705564.15
2025-08-01 09:20:12 AM,424.3,0,0.0,21705564.15
2025-08-01 09:20:13 AM,424.1,265,112386.5,21817950.65
2025-08-01 09:20:15 AM,424.3,51,21639.3,21839589.95
2025-08-01 09:20:19 AM,424.0,0,0.0,21839589.95
2025-08-01 09:20:21 AM,424.05,1117,473663.85000000003,22313253.8
2025-08-01 09:20:23 AM,423.95,1,423.95,22313677.75
2025-08-01 09:20:26 AM,424.0,0,0.0,22313677.75
2025-08-01 09:20:29 AM,424.15,8923,3784690.4499999997,26098368.2
2025-08-01 09:20:31 AM,424.3,129,54734.700000000004,26153102.9
2025-08-01 09:20:37 AM,424.3,25,10607.5,26163710.4
2025-08-01 09:20:43 AM,424.25,0,0.0,26163710.4
2025-08-01 09:20:45 AM,424.25,27,11454.75,26175165.15
2025-08-01 09:20:50 AM,424.3,0,0.0,26175165.15
2025-08-01 09:20:52 AM,423.5,24258,10273263.0,36448428.15
2025-08-01 09:20:57 AM,423.7,0,0.0,36448428.15
2025-08-01 09:21:00 AM,423.75,90,38137.5,36486565.65
2025-08-01 09:21:01 AM,423.75,10,4237.5,36490803.15
2025-08-01 09:21:09 AM,423.7,5,2118.5,36492921.65
2025-08-01 09:21:11 AM,423.75,0,0.0,36492921.65
2025-08-01 09:21:16 AM,423.75,57,24153.75,36517075.4
2025-08-01 09:21:20 AM,423.85,0,0.0,36517075.4
2025-08-01 09:21:24 AM,423.9,93,39422.7,36556498.1
2025-08-01 09:21:25 AM,423.85,1,423.85,36556921.95
2025-08-01 09:21:32 AM,423.75,466,197467.5,36754389.45
2025-08-01 09:21:32 AM,423.8,100,42380.0,36796769.45
2025-08-01 09:21:39 AM,423.85,770,326364.5,37123133.95
2025-08-01 09:21:47 AM,423.85,58,24583.300000000003,37147717.25
2025-08-01 09:21:48 AM,423.75,430,182212.5,37329929.75
2025-08-01 09:21:50 AM,423.55,0,0.0,37329929.75
2025-08-01 09:21:54 AM,423.6,25,10590.0,37340519.75
2025-08-01 09:21:55 AM,423.4,407,172323.8,37512843.55
2025-08-01 09:22:01 AM,423.7,0,0.0,37512843.55
2025-08-01 09:22:02 AM,423.7,1081,458019.7,37970863.25
2025-08-01 09:22:03 AM,423.6,10,4236.0,37975099.25
2025-08-01 09:22:07 AM,423.7,0,0.0,37975099.25
2025-08-01 09:22:09 AM,423.6,113,47866.8,38022966.05
2025-08-01 09:22:11 AM,423.6,1199,507896.4,38530862.449999996
2025-08-01 09:22:14 AM,423.5,0,0.0,38530862.449999996
2025-08-01 09:22:17 AM,423.35,1038,439437.30000000005,38970299.74999999
2025-08-01 09:22:18 AM,423.25,0,0.0,38970299.74999999
2025-08-01 09:22:19 AM,423.25,119,50366.75,39020666.49999999
2025-08-01 09:22:21 AM,423.5,0,0.0,39020666.49999999
2025-08-01 09:22:25 AM,423.45,624,264232.8,39284899.29999999
2025-08-01 09:22:26 AM,423.45,2,846.9,39285746.19999999
2025-08-01 09:22:28 AM,423.1,0,0.0,39285746.19999999
2025-08-01 09:22:32 AM,423.5,1364,577654.0,39863400.19999999
2025-08-01 09:22:35 AM,423.45,0,0.0,39863400.19999999
2025-08-01 09:22:40 AM,423.35,427,180770.45,40044170.64999999
2025-08-01 09:22:42 AM,423.45,8,3387.6,40047558.24999999
2025-08-01 09:22:48 AM,423.45,26,11009.699999999999,40058567.949999996
2025-08-01 09:22:49 AM,423.5,317,134249.5,40192817.449999996
2025-08-01 09:22:54 AM,423.45,0,0.0,40192817.449999996
2025-08-01 09:22:55 AM,423.2,120,50784.0,40243601.449999996
2025-08-01 09:22:57 AM,423.1,300,126930.0,40370531.449999996
2025-08-01 09:23:02 AM,423.4,0,0.0,40370531.449999996
2025-08-01 09:23:03 AM,423.4,1,423.4,40370954.849999994
2025-08-01 09:23:04 AM,423.2,4,1692.8,40372647.64999999
2025-08-01 09:23:07 AM,423.4,0,0.0,40372647.64999999
2025-08-01 09:23:11 AM,423.4,211,89337.4,40461985.04999999
2025-08-01 09:23:13 AM,423.25,0,0.0,40461985.04999999
2025-08-01 09:23:18 AM,423.4,85,35989.0,40497974.04999999
2025-08-01 09:23:26 AM,423.3,100,42330.0,40540304.04999999
2025-08-01 09:23:28 AM,423.25,445,188346.25,40728650.29999999
2025-08-01 09:23:33 AM,421.85,0,0.0,40728650.29999999
2025-08-01 09:23:33 AM,421.85,45670,19265889.5,59994539.79999999
2025-08-01 09:23:35 AM,421.7,1355,571403.5,60565943.29999999
2025-08-01 09:23:40 AM,421.85,0,0.0,60565943.29999999
2025-08-01 09:23:41 AM,421.85,1425,601136.25,61167079.54999999
2025-08-01 09:23:43 AM,421.85,6,2531.1000000000004,61169610.64999999
2025-08-01 09:23:47 AM,421.7,0,0.0,61169610.64999999
2025-08-01 09:23:48 AM,421.7,549,231513.3,61401123.94999999
2025-08-01 09:23:50 AM,421.7,200,84340.0,61485463.94999999
2025-08-01 09:23:53 AM,421.5,0,0.0,61485463.94999999
2025-08-01 09:23:56 AM,421.7,1134,478207.8,61963671.749999985
2025-08-01 09:24:04 AM,421.6,482,203211.2,62166882.94999999
2025-08-01 09:24:06 AM,421.55,0,0.0,62166882.94999999
2025-08-01 09:24:12 AM,421.55,1068,450215.4,62617098.34999999
2025-08-01 09:24:13 AM,421.55,12,5058.6,62622156.94999999
2025-08-01 09:24:19 AM,421.65,210,88546.5,62710703.44999999
2025-08-01 09:24:21 AM,421.55,17,7166.35,62717869.79999999
2025-08-01 09:24:27 AM,421.55,1263,532417.65,63250287.44999999
2025-08-01 09:24:29 AM,421.55,1278,538740.9,63789028.34999999
2025-08-01 09:24:31 AM,421.5,0,0.0,63789028.34999999
2025-08-01 09:24:35 AM,420.0,107265,45051300.0,108840328.35
2025-08-01 09:24:36 AM,420.0,2380,999600.0,109839928.35
2025-08-01 09:24:38 AM,419.85,0,0.0,109839928.35
2025-08-01 09:24:38 AM,420.0,0,0.0,109839928.35
2025-08-01 09:24:42 AM,419.85,493,206986.05000000002,110046914.39999999
2025-08-01 09:24:43 AM,419.7,0,0.0,110046914.39999999
2025-08-01 09:24:44 AM,419.8,205,86059.0,110132973.39999999
2025-08-01 09:24:49 AM,419.85,884,371147.4,110504120.8
2025-08-01 09:24:50 AM,419.95,0,0.0,110504120.8
2025-08-01 09:24:51 AM,419.95,325,136483.75,110640604.55
2025-08-01 09:24:56 AM,419.65,0,0.0,110640604.55
2025-08-01 09:24:57 AM,419.65,1540,646261.0,111286865.55
2025-08-01 09:24:57 AM,419.6,0,0.0,111286865.55
2025-08-01 09:24:59 AM,419.6,711,298335.60000000003,111585201.14999999
2025-08-01 09:25:03 AM,420.0,0,0.0,111585201.14999999
2025-08-01 09:25:04 AM,419.8,1723,723315.4,112308516.55
2025-08-01 09:25:06 AM,419.6,30,12588.0,112321104.55
2025-08-01 09:25:10 AM,420.0,0,0.0,112321104.55
2025-08-01 09:25:12 AM,420.35,75407,31697332.450000003,144018437.0
2025-08-01 09:25:14 AM,420.65,194,81606.09999999999,144100043.1
2025-08-01 09:25:17 AM,420.55,0,0.0,144100043.1
2025-08-01 09:25:19 AM,420.55,298,125323.90000000001,144225367.0
2025-08-01 09:25:22 AM,420.55,81,34064.55,144259431.55
2025-08-01 09:25:22 AM,420.4,0,0.0,144259431.55
2025-08-01 09:25:23 AM,420.55,0,0.0,144259431.55
2025-08-01 09:25:27 AM,420.5,251,105545.5,144364977.05
2025-08-01 09:25:29 AM,420.5,26,10933.0,144375910.05
2025-08-01 09:25:30 AM,420.55,0,0.0,144375910.05
2025-08-01 09:25:34 AM,420.8,1997,840337.6,145216247.65
2025-08-01 09:25:36 AM,420.95,0,0.0,145216247.65
2025-08-01 09:25:36 AM,420.95,5,2104.75,145218352.4
2025-08-01 09:25:40 AM,420.85,0,0.0,145218352.4
2025-08-01 09:25:41 AM,421.0,0,0.0,145218352.4
2025-08-01 09:25:42 AM,420.85,255,107316.75,145325669.15
2025-08-01 09:25:44 AM,420.9,247,103962.29999999999,145429631.45000002
2025-08-01 09:25:46 AM,420.95,0,0.0,145429631.45000002
2025-08-01 09:25:49 AM,420.95,2858,1203075.0999999999,146632706.55
2025-08-01 09:25:57 AM,420.8,910,382928.0,147015634.55
2025-08-01 09:25:59 AM,420.8,90,37872.0,147053506.55
2025-08-01 09:26:04 AM,420.75,0,0.0,147053506.55
2025-08-01 09:26:04 AM,420.75,250,105187.5,147158694.05
2025-08-01 09:26:07 AM,420.65,70,29445.5,147188139.55
2025-08-01 09:26:11 AM,420.5,0,0.0,147188139.55
2025-08-01 09:26:12 AM,420.5,2602,1094141.0,148282280.55
2025-08-01 09:26:14 AM,420.75,228,95931.0,148378211.55
2025-08-01 09:26:17 AM,420.7,0,0.0,148378211.55
2025-08-01 09:26:20 AM,420.55,189,79483.95,148457695.5
2025-08-01 09:26:22 AM,420.55,83,34905.65,148492601.15
2025-08-01 09:26:28 AM,420.55,45,18924.75,148511525.9
2025-08-01 09:26:28 AM,420.65,0,0.0,148511525.9
2025-08-01 09:26:29 AM,420.55,533,224153.15,148735679.05
2025-08-01 09:26:33 AM,420.4,0,0.0,148735679.05
2025-08-01 09:26:35 AM,420.6,4162,1750537.2000000002,150486216.25
2025-08-01 09:26:37 AM,420.65,5470,2300955.5,152787171.75
2025-08-01 09:26:38 AM,419.9,0,0.0,152787171.75
2025-08-01 09:26:41 AM,420.0,0,0.0,152787171.75
2025-08-01 09:26:43 AM,419.8,67486,28330622.8,181117794.55
2025-08-01 09:26:44 AM,419.95,0,0.0,181117794.55
2025-08-01 09:26:45 AM,419.95,16,6719.2,181124513.75
2025-08-01 09:26:50 AM,419.8,0,0.0,181124513.75
2025-08-01 09:26:50 AM,419.8,302,126779.6,181251293.35
2025-08-01 09:26:52 AM,419.95,63,26456.85,181277750.2
2025-08-01 09:26:58 AM,419.95,487,204515.65,181482265.85
2025-08-01 09:26:59 AM,419.8,50,20990.0,181503255.85
2025-08-01 09:27:01 AM,419.95,0,0.0,181503255.85
2025-08-01 09:27:05 AM,419.95,602,252809.9,181756065.75
2025-08-01 09:27:07 AM,419.95,100,41995.0,181798060.75
2025-08-01 09:27:13 AM,419.7,1151,483074.7,182281135.45
2025-08-01 09:27:13 AM,419.75,0,0.0,182281135.45
2025-08-01 09:27:14 AM,419.85,385,161642.25,182442777.7
2025-08-01 09:27:18 AM,419.6,0,0.0,182442777.7
2025-08-01 09:27:19 AM,419.75,0,0.0,182442777.7
2025-08-01 09:27:20 AM,419.75,814,341676.5,182784454.2
2025-08-01 09:27:22 AM,419.7,40,16788.0,182801242.2
2025-08-01 09:27:23 AM,419.75,0,0.0,182801242.2
2025-08-01 09:27:24 AM,419.7,0,0.0,182801242.2
2025-08-01 09:27:28 AM,419.7,1373,576248.1,183377490.29999998
2025-08-01 09:27:29 AM,419.65,30,12589.5,183390079.79999998
2025-08-01 09:27:33 AM,419.7,0,0.0,183390079.79999998
2025-08-01 09:27:35 AM,419.6,296,124201.6,183514281.39999998
2025-08-01 09:27:36 AM,419.7,81,33995.7,183548277.09999996
2025-08-01 09:27:42 AM,419.7,39,16368.3,183564645.39999998
2025-08-01 09:27:43 AM,419.85,0,0.0,183564645.39999998
2025-08-01 09:27:44 AM,419.85,2525,1060121.25,184624766.64999998
2025-08-01 09:27:44 AM,419.7,0,0.0,184624766.64999998
2025-08-01 09:27:50 AM,419.7,691,290012.7,184914779.34999996
2025-08-01 09:27:52 AM,419.7,11,4616.7,184919396.04999995
2025-08-01 09:27:58 AM,419.7,397,166620.9,185086016.94999996
2025-08-01 09:27:59 AM,419.65,0,0.0,185086016.94999996
2025-08-01 09:28:00 AM,419.7,201,84359.7,185170376.64999995
2025-08-01 09:28:03 AM,419.5,0,0.0,185170376.64999995
2025-08-01 09:28:04 AM,419.35,0,0.0,185170376.64999995
2025-08-01 09:28:06 AM,419.25,2994,1255234.5,186425611.14999995
2025-08-01 09:28:07 AM,419.15,950,398192.5,186823803.64999995
2025-08-01 09:28:11 AM,419.4,0,0.0,186823803.64999995
2025-08-01 09:28:14 AM,419.55,217,91042.35,186914845.99999994
2025-08-01 09:28:15 AM,419.5,123,51598.5,186966444.49999994
2025-08-01 09:28:21 AM,419.5,21,8809.5,186975253.99999994
2025-08-01 09:28:29 AM,419.5,100,41950.0,187017203.99999994
2025-08-01 09:28:30 AM,419.5,134,56213.0,187073416.99999994
2025-08-01 09:28:33 AM,419.4,0,0.0,187073416.99999994
2025-08-01 09:28:36 AM,419.5,628,263446.0,187336862.99999994
2025-08-01 09:28:38 AM,419.45,367,153938.15,187490801.14999995
2025-08-01 09:28:44 AM,419.5,0,0.0,187490801.14999995
2025-08-01 09:28:44 AM,419.5,169,70895.5,187561696.64999995
2025-08-01 09:28:45 AM,419.5,2,839.0,187562535.64999995
2025-08-01 09:28:49 AM,419.6,0,0.0,187562535.64999995
2025-08-01 09:28:52 AM,419.6,237,99445.20000000001,187661980.84999993
2025-08-01 09:28:59 AM,419.65,62634,26284358.099999998,213946338.94999993
2025-08-01 09:29:02 AM,419.7,0,0.0,213946338.94999993
2025-08-01 09:29:06 AM,419.6,0,0.0,213946338.94999993
2025-08-01 09:29:07 AM,419.65,847,355443.55,214301782.49999994
2025-08-01 09:29:08 AM,419.6,1,419.6,214302202.09999993
2025-08-01 09:29:15 AM,419.6,5,2098.0,214304300.09999993
2025-08-01 09:29:18 AM,419.5,0,0.0,214304300.09999993
2025-08-01 09:29:18 AM,419.35,0,0.0,214304300.09999993
2025-08-01 09:29:22 AM,419.1,1832,767791.2000000001,215072091.29999992
2025-08-01 09:29:23 AM,419.35,0,0.0,215072091.29999992
2025-08-01 09:29:24 AM,419.35,205,85966.75,215158058.04999992
2025-08-01 09:29:28 AM,419.15,0,0.0,215158058.04999992
2025-08-01 09:29:30 AM,419.15,3230,1353854.5,216511912.54999992
2025-08-01 09:29:31 AM,419.3,1,419.3,216512331.84999993
2025-08-01 09:29:37 AM,418.9,18694,7830916.6,224343248.44999993
2025-08-01 09:29:38 AM,419.0,32,13408.0,224356656.44999993
2025-08-01 09:29:45 AM,419.0,158,66202.0,224422858.44999993
2025-08-01 09:29:46 AM,419.15,2,838.3,224423696.74999994
2025-08-01 09:29:52 AM,419.3,1871,784510.3,225208207.04999995
2025-08-01 09:29:53 AM,419.45,119,49914.549999999996,225258121.59999996
2025-08-01 09:29:58 AM,419.55,0,0.0,225258121.59999996
2025-08-01 09:29:59 AM,419.6,0,0.0,225258121.59999996
2025-08-01 09:30:00 AM,419.6,2909,1220616.4000000001,226478737.99999997
2025-08-01 09:30:00 AM,419.55,328,137612.4,226616350.39999998
2025-08-01 09:30:05 AM,419.15,0,0.0,226616350.39999998
2025-08-01 09:30:07 AM,419.2,2182,914694.4,227531044.79999998
2025-08-01 09:30:08 AM,419.2,106,44435.2,227575479.99999997
2025-08-01 09:30:15 AM,419.4,668,280159.2,227855639.19999996
2025-08-01 09:30:19 AM,419.2,0,0.0,227855639.19999996
2025-08-01 09:30:22 AM,419.15,3929,1646840.3499999999,229502479.54999995
2025-08-01 09:30:23 AM,419.15,502,210413.3,229712892.84999996
2025-08-01 09:30:26 AM,419.1,0,0.0,229712892.84999996
2025-08-01 09:30:30 AM,419.0,29,12151.0,229725043.84999996
2025-08-01 09:30:30 AM,419.1,15,6286.5,229731330.34999996
2025-08-01 09:30:33 AM,419.2,0,0.0,229731330.34999996
2025-08-01 09:30:37 AM,419.1,2236,937107.6000000001,230668437.94999996
2025-08-01 09:30:38 AM,419.2,20,8384.0,230676821.94999996
2025-08-01 09:30:40 AM,419.0,0,0.0,230676821.94999996
2025-08-01 09:30:44 AM,419.0,1707,715233.0,231392054.94999996
2025-08-01 09:30:45 AM,419.0,1,419.0,231392473.94999996
2025-08-01 09:30:50 AM,418.95,0,0.0,231392473.94999996
2025-08-01 09:30:52 AM,418.95,300,125685.0,231518158.94999996
2025-08-01 09:30:57 AM,418.9,0,0.0,231518158.94999996
2025-08-01 09:30:59 AM,418.9,163,68280.7,231586439.64999995
2025-08-01 09:30:59 AM,418.7,0,0.0,231586439.64999995
2025-08-01 09:31:00 AM,418.9,110,46079.0,231632518.64999995
2025-08-01 09:31:04 AM,418.8,0,0.0,231632518.64999995
2025-08-01 09:31:06 AM,418.8,51,21358.8,231653877.44999996
2025-08-01 09:31:07 AM,418.8,2,837.6,231654715.04999995
2025-08-01 09:31:09 AM,418.7,0,0.0,231654715.04999995
2025-08-01 09:31:10 AM,418.8,0,0.0,231654715.04999995
2025-08-01 09:31:14 AM,419.0,0,0.0,231654715.04999995
2025-08-01 09:31:14 AM,419.0,1906,798614.0,232453329.04999995
2025-08-01 09:31:16 AM,418.7,0,0.0,232453329.04999995
2025-08-01 09:31:21 AM,419.2,1732,726054.4,233179383.44999996
2025-08-01 09:31:26 AM,419.15,0,0.0,233179383.44999996
2025-08-01 09:31:28 AM,419.2,0,0.0,233179383.44999996
2025-08-01 09:31:29 AM,419.2,425,178160.0,233357543.44999996
2025-08-01 09:31:36 AM,419.2,349,146300.8,233503844.24999997
2025-08-01 09:31:36 AM,419.0,208,87152.0,233590996.24999997
2025-08-01 09:31:40 AM,419.2,0,0.0,233590996.24999997
2025-08-01 09:31:43 AM,419.15,1009,422922.35,234013918.59999996
2025-08-01 09:31:43 AM,419.2,117,49046.4,234062964.99999997
2025-08-01 09:31:46 AM,419.6,0,0.0,234062964.99999997
2025-08-01 09:31:49 AM,419.55,6117,2566387.35,236629352.34999996
2025-08-01 09:31:51 AM,419.3,0,0.0,236629352.34999996
2025-08-01 09:31:56 AM,419.25,0,0.0,236629352.34999996
2025-08-01 09:31:57 AM,419.25,436,182793.0,236812145.34999996
2025-08-01 09:32:01 AM,419.3,0,0.0,236812145.34999996
2025-08-01 09:32:01 AM,419.75,0,0.0,236812145.34999996
2025-08-01 09:32:03 AM,419.75,902,378614.5,237190759.84999996
2025-08-01 09:32:06 AM,419.9,0,0.0,237190759.84999996
2025-08-01 09:32:06 AM,419.75,0,0.0,237190759.84999996
2025-08-01 09:32:11 AM,419.95,1564,656801.7999999999,237847561.64999998
2025-08-01 09:32:18 AM,419.95,798,335120.1,238182681.74999997
2025-08-01 09:32:19 AM,419.9,0,0.0,238182681.74999997
2025-08-01 09:32:24 AM,420.3,0,0.0,238182681.74999997
2025-08-01 09:32:24 AM,420.35,0,0.0,238182681.74999997
2025-08-01 09:32:25 AM,420.35,1943,816740.05,238999421.79999998
2025-08-01 09:32:30 AM,420.55,0,0.0,238999421.79999998
2025-08-01 09:32:31 AM,420.55,520,218686.0,239218107.79999998
2025-08-01 09:32:36 AM,420.45,0,0.0,239218107.79999998
2025-08-01 09:32:36 AM,420.35,0,0.0,239218107.79999998
2025-08-01 09:32:38 AM,420.45,2001,841320.45,240059428.24999997
2025-08-01 09:32:42 AM,420.55,0,0.0,240059428.24999997
2025-08-01 09:32:45 AM,420.6,307,129124.20000000001,240188552.44999996
2025-08-01 09:32:48 AM,420.55,0,0.0,240188552.44999996
2025-08-01 09:32:53 AM,420.55,195,82007.25,240270559.69999996
2025-08-01 09:32:54 AM,420.5,0,0.0,240270559.69999996
2025-08-01 09:32:54 AM,420.6,0,0.0,240270559.69999996
2025-08-01 09:32:59 AM,420.8,366,154012.80000000002,240424572.49999997
2025-08-01 09:33:06 AM,420.95,0,0.0,240424572.49999997
2025-08-01 09:33:06 AM,420.8,2738,1152150.4000000001,241576722.89999998
2025-08-01 09:33:12 AM,421.0,0,0.0,241576722.89999998
2025-08-01 09:33:13 AM,420.8,2096,881996.8,242458719.7
2025-08-01 09:33:17 AM,420.95,0,0.0,242458719.7
2025-08-01 09:33:20 AM,420.9,1162,489085.8,242947805.5
2025-08-01 09:33:22 AM,420.95,0,0.0,242947805.5
2025-08-01 09:33:27 AM,421.0,0,0.0,242947805.5
2025-08-01 09:33:27 AM,421.0,653,274913.0,243222718.5
2025-08-01 09:33:27 AM,420.95,0,0.0,243222718.5
2025-08-01 09:33:32 AM,421.95,0,0.0,243222718.5
2025-08-01 09:33:32 AM,421.85,0,0.0,243222718.5
2025-08-01 09:33:34 AM,421.85,16719,7052910.15,250275628.65
2025-08-01 09:33:34 AM,421.85,6,2531.1000000000004,250278159.75
2025-08-01 09:33:41 AM,421.95,1008,425325.6,250703485.35
2025-08-01 09:33:41 AM,422.0,1139,480658.0,251184143.35
2025-08-01 09:33:42 AM,422.45,0,0.0,251184143.35
2025-08-01 09:33:44 AM,422.25,0,0.0,251184143.35
2025-08-01 09:33:47 AM,422.1,0,0.0,251184143.35
2025-08-01 09:33:48 AM,422.1,7030,2967363.0,254151506.35
2025-08-01 09:33:50 AM,422.35,0,0.0,254151506.35
2025-08-01 09:33:52 AM,422.15,0,0.0,254151506.35
2025-08-01 09:33:55 AM,422.35,700,295645.0,254447151.35
2025-08-01 09:33:55 AM,422.35,13,5490.55,254452641.9
2025-08-01 09:33:57 AM,422.25,0,0.0,254452641.9
2025-08-01 09:34:02 AM,422.15,0,0.0,254452641.9
2025-08-01 09:34:02 AM,422.15,1328,560615.2,255013257.1
2025-08-01 09:34:02 AM,422.2,0,0.0,255013257.1
2025-08-01 09:34:07 AM,421.9,0,0.0,255013257.1
2025-08-01 09:34:09 AM,421.95,2264,955294.7999999999,255968551.9
2025-08-01 09:34:09 AM,421.95,12,5063.4,255973615.3
2025-08-01 09:34:12 AM,421.9,0,0.0,255973615.3
2025-08-01 09:34:16 AM,421.85,1330,561060.5,256534675.8
2025-08-01 09:34:22 AM,421.95,0,0.0,256534675.8
2025-08-01 09:34:23 AM,421.95,1,421.95,256535097.75
2025-08-01 09:34:30 AM,421.95,5,2109.75,256537207.5
2025-08-01 09:34:32 AM,421.8,0,0.0,256537207.5
2025-08-01 09:34:35 AM,421.7,0,0.0,256537207.5
2025-08-01 09:34:37 AM,421.65,561,236545.65,256773753.15
2025-08-01 09:34:40 AM,421.6,0,0.0,256773753.15
2025-08-01 09:34:42 AM,421.55,0,0.0,256773753.15
2025-08-01 09:34:44 AM,421.55,45,18969.75,256792722.9
2025-08-01 09:34:45 AM,421.5,0,0.0,256792722.9
2025-08-01 09:34:47 AM,421.45,0,0.0,256792722.9
2025-08-01 09:34:50 AM,421.3,0,0.0,256792722.9
2025-08-01 09:34:51 AM,421.3,1296,546004.8,257338727.70000002
2025-08-01 09:34:52 AM,421.35,0,0.0,257338727.70000002
2025-08-01 09:34:54 AM,421.15,0,0.0,257338727.70000002
2025-08-01 09:34:57 AM,420.85,0,0.0,257338727.70000002
2025-08-01 09:34:58 AM,420.85,279,117417.15000000001,257456144.85000002
2025-08-01 09:35:02 AM,420.9,0,0.0,257456144.85000002
2025-08-01 09:35:04 AM,420.9,289,121640.09999999999,257577784.95000002
2025-08-01 09:35:05 AM,420.9,10,4209.0,257581993.95000002
2025-08-01 09:35:07 AM,420.85,0,0.0,257581993.95000002
2025-08-01 09:35:07 AM,420.6,0,0.0,257581993.95000002
2025-08-01 09:35:12 AM,420.85,0,0.0,257581993.95000002
2025-08-01 09:35:12 AM,420.85,472,198641.2,257780635.15
2025-08-01 09:35:19 AM,420.85,12,5050.200000000001,257785685.35
2025-08-01 09:35:22 AM,420.7,0,0.0,257785685.35
2025-08-01 09:35:26 AM,420.45,1980,832491.0,258618176.35
2025-08-01 09:35:33 AM,420.45,16,6727.2,258624903.54999998
2025-08-01 09:35:37 AM,420.3,0,0.0,258624903.54999998
2025-08-01 09:35:37 AM,420.35,0,0.0,258624903.54999998
2025-08-01 09:35:40 AM,420.35,228,95839.8,258720743.35
2025-08-01 09:35:46 AM,420.15,32,13444.8,258734188.15
2025-08-01 09:35:47 AM,420.3,0,0.0,258734188.15
2025-08-01 09:35:51 AM,420.5,0,0.0,258734188.15
2025-08-01 09:35:53 AM,420.5,485,203942.5,258938130.65
2025-08-01 09:35:56 AM,420.75,0,0.0,258938130.65
2025-08-01 09:35:59 AM,420.75,77,32397.75,258970528.4
2025-08-01 09:36:05 AM,420.6,0,0.0,258970528.4
2025-08-01 09:36:06 AM,420.6,3,1261.8000000000002,258971790.20000002
2025-08-01 09:36:09 AM,420.55,0,0.0,258971790.20000002
2025-08-01 09:36:13 AM,420.65,0,0.0,258971790.20000002
2025-08-01 09:36:13 AM,420.75,75,31556.25,259003346.45000002
2025-08-01 09:36:17 AM,420.65,0,0.0,259003346.45000002
2025-08-01 09:36:20 AM,420.7,1238,520826.6,259524173.05
2025-08-01 09:36:26 AM,420.7,121,50904.7,259575077.75
2025-08-01 09:36:29 AM,420.65,0,0.0,259575077.75
2025-08-01 09:36:33 AM,420.65,37,15564.05,259590641.8
2025-08-01 09:36:39 AM,420.65,261,109789.65,259700431.45000002
2025-08-01 09:36:39 AM,420.65,1735,729827.75,260430259.20000002
2025-08-01 09:36:41 AM,420.8,0,0.0,260430259.20000002
2025-08-01 09:36:45 AM,420.8,179,75323.2,260505582.4
2025-08-01 09:36:46 AM,420.8,306,128764.8,260634347.20000002
2025-08-01 09:36:49 AM,420.9,0,0.0,260634347.20000002
2025-08-01 09:36:52 AM,420.85,1009,424637.65,261058984.85000002
2025-08-01 09:36:53 AM,420.85,15,6312.75,261065297.60000002
2025-08-01 09:36:53 AM,420.95,0,0.0,261065297.60000002
2025-08-01 09:36:57 AM,420.6,0,0.0,261065297.60000002
2025-08-01 09:36:59 AM,420.75,956,402237.0,261467534.60000002
2025-08-01 09:37:01 AM,420.6,0,0.0,261467534.60000002
2025-08-01 09:37:05 AM,420.65,0,0.0,261467534.60000002
2025-08-01 09:37:05 AM,420.45,0,0.0,261467534.60000002
2025-08-01 09:37:06 AM,420.5,132,55506.0,261523040.60000002
2025-08-01 09:37:06 AM,420.5,2,841.0,261523881.60000002
2025-08-01 09:37:09 AM,420.45,0,0.0,261523881.60000002
2025-08-01 09:37:11 AM,420.4,0,0.0,261523881.60000002
2025-08-01 09:37:13 AM,420.4,108,45403.2,261569284.8
2025-08-01 09:37:15 AM,420.3,0,0.0,261569284.8
2025-08-01 09:37:20 AM,420.35,0,0.0,261569284.8
2025-08-01 09:37:20 AM,420.35,372,156370.2,261725655.0
2025-08-01 09:37:21 AM,420.3,0,0.0,261725655.0
2025-08-01 09:37:25 AM,420.05,0,0.0,261725655.0
2025-08-01 09:37:26 AM,420.25,0,0.0,261725655.0
2025-08-01 09:37:27 AM,420.25,687,288711.75,262014366.75
2025-08-01 09:37:27 AM,420.3,250,105075.0,262119441.75
2025-08-01 09:37:30 AM,420.25,0,0.0,262119441.75
2025-08-01 09:37:34 AM,420.25,11,4622.75,262124064.5
2025-08-01 09:37:39 AM,420.6,0,0.0,262124064.5
2025-08-01 09:37:40 AM,420.6,1521,639732.6,262763797.1
2025-08-01 09:37:47 AM,420.75,20,8415.0,262772212.1
2025-08-01 09:37:51 AM,420.9,0,0.0,262772212.1
2025-08-01 09:37:54 AM,420.9,2275,957547.5,263729759.6
2025-08-01 09:37:55 AM,420.85,0,0.0,263729759.6
2025-08-01 09:37:57 AM,420.65,0,0.0,263729759.6
2025-08-01 09:38:00 AM,420.6,326,137115.6,263866875.2
2025-08-01 09:38:05 AM,420.5,0,0.0,263866875.2
2025-08-01 09:38:07 AM,420.25,0,0.0,263866875.2
2025-08-01 09:38:07 AM,420.25,274,115148.5,263982023.7
2025-08-01 09:38:07 AM,420.5,5,2102.5,263984126.2
2025-08-01 09:38:11 AM,420.85,0,0.0,263984126.2
2025-08-01 09:38:14 AM,420.5,1216,511328.0,264495454.2
2025-08-01 09:38:21 AM,420.5,16,6728.0,264502182.2
2025-08-01 09:38:28 AM,420.5,95,39947.5,264542129.7
2025-08-01 09:38:32 AM,420.55,0,0.0,264542129.7
2025-08-01 09:38:34 AM,420.55,1260,529893.0,265072022.7
2025-08-01 09:38:41 AM,420.5,628,264074.0,265336096.7
2025-08-01 09:38:45 AM,420.7,0,0.0,265336096.7
2025-08-01 09:38:48 AM,420.7,150,63105.0,265399201.7
2025-08-01 09:38:53 AM,420.5,0,0.0,265399201.7
2025-08-01 09:38:54 AM,420.5,105,44152.5,265443354.2
2025-08-01 09:39:00 AM,420.5,32,13456.0,265456810.2
2025-08-01 09:39:01 AM,420.35,0,0.0,265456810.2
2025-08-01 09:39:01 AM,420.35,398,167299.30000000002,265624109.5
2025-08-01 09:39:02 AM,420.35,100,42035.0,265666144.5
2025-08-01 09:39:04 AM,420.35,5,2101.75,265668246.25
2025-08-01 09:39:08 AM,420.35,1,420.35,265668666.6
2025-08-01 09:39:19 AM,420.35,10,4203.5,265672870.1
2025-08-01 09:39:19 AM,420.35,4,1681.4,265674551.5
2025-08-01 09:39:26 AM,420.35,10,4203.5,265678755.0
2025-08-01 09:39:30 AM,420.35,20,8407.0,265687162.0
2025-08-01 09:39:31 AM,420.35,245,102985.75,265790147.75
2025-08-01 09:39:32 AM,420.45,0,0.0,265790147.75
2025-08-01 09:39:33 AM,420.45,4,1681.8,265791829.55
2025-08-01 09:39:33 AM,420.5,50,21025.0,265812854.55
2025-08-01 09:39:35 AM,420.5,2,841.0,265813695.55
2025-08-01 09:39:36 AM,420.35,0,0.0,265813695.55
2025-08-01 09:39:37 AM,420.35,23,9668.050000000001,265823363.60000002
2025-08-01 09:39:38 AM,420.5,5,2102.5,265825466.10000002
2025-08-01 09:39:39 AM,420.45,1,420.45,265825886.55
2025-08-01 09:39:39 AM,420.45,1,420.45,265826307.0
2025-08-01 09:39:41 AM,420.5,0,0.0,265826307.0
2025-08-01 09:39:42 AM,420.5,2,841.0,265827148.0
2025-08-01 09:39:44 AM,420.5,1,420.5,265827568.5
2025-08-01 09:39:45 AM,420.5,3,1261.5,265828830.0
2025-08-01 09:39:46 AM,420.5,813,341866.5,266170696.5
2025-08-01 09:39:46 AM,420.75,0,0.0,266170696.5
2025-08-01 09:39:47 AM,420.75,5,2103.75,266172800.25
2025-08-01 09:39:49 AM,420.8,0,0.0,266172800.25
2025-08-01 09:39:49 AM,420.8,70,29456.0,266202256.25
2025-08-01 09:39:50 AM,420.8,40,16832.0,266219088.25
2025-08-01 09:39:52 AM,420.55,0,0.0,266219088.25
2025-08-01 09:39:53 AM,420.55,5,2102.75,266221191.0
2025-08-01 09:39:55 AM,420.7,0,0.0,266221191.0
2025-08-01 09:39:55 AM,420.7,121,50904.7,266272095.7
2025-08-01 09:39:56 AM,420.7,2,841.4,266272937.1
2025-08-01 09:40:07 AM,420.7,22,9255.4,266282192.5
2025-08-01 09:40:08 AM,420.7,1,420.7,266282613.2
2025-08-01 09:40:14 AM,420.75,236,99297.0,266381910.2
2025-08-01 09:40:18 AM,420.85,0,0.0,266381910.2
2025-08-01 09:40:20 AM,420.85,350,147297.5,266529207.7
2025-08-01 09:40:23 AM,420.7,0,0.0,266529207.7
2025-08-01 09:40:27 AM,420.7,318,133782.6,266662990.29999998
2025-08-01 09:40:29 AM,420.5,0,0.0,266662990.29999998
2025-08-01 09:40:31 AM,420.7,0,0.0,266662990.29999998
2025-08-01 09:40:34 AM,420.7,1143,480860.1,267143850.39999998
2025-08-01 09:40:40 AM,420.7,650,273455.0,267417305.39999998
2025-08-01 09:40:42 AM,420.6,0,0.0,267417305.39999998
2025-08-01 09:40:45 AM,420.8,0,0.0,267417305.39999998
2025-08-01 09:40:47 AM,420.8,4978,2094742.4000000001,269512047.79999995
2025-08-01 09:40:50 AM,421.0,0,0.0,269512047.79999995
2025-08-01 09:40:53 AM,421.0,610,256810.0,269768857.79999995
2025-08-01 09:40:55 AM,421.2,0,0.0,269768857.79999995
2025-08-01 09:41:00 AM,421.2,25,10530.0,269779387.79999995
2025-08-01 09:41:07 AM,421.2,17,7160.4,269786548.1999999
2025-08-01 09:41:09 AM,421.4,0,0.0,269786548.1999999
2025-08-01 09:41:13 AM,421.3,909,382961.7,270169509.8999999
2025-08-01 09:41:13 AM,421.4,0,0.0,270169509.8999999
2025-08-01 09:41:14 AM,421.4,1,421.4,270169931.2999999
2025-08-01 09:41:17 AM,421.5,0,0.0,270169931.2999999
2025-08-01 09:41:20 AM,421.5,2040,859860.0,271029791.2999999
2025-08-01 09:41:21 AM,421.4,130,54782.0,271084573.2999999
2025-08-01 09:41:25 AM,421.55,0,0.0,271084573.2999999
2025-08-01 09:41:27 AM,421.45,628,264670.6,271349243.8999999
2025-08-01 09:41:29 AM,421.5,0,0.0,271349243.8999999
2025-08-01 09:41:33 AM,421.6,1313,553560.8,271902804.6999999
2025-08-01 09:41:33 AM,421.55,0,0.0,271902804.6999999
2025-08-01 09:41:34 AM,421.55,1,421.55,271903226.24999994
2025-08-01 09:41:40 AM,421.7,456,192295.19999999998,272095521.4499999
2025-08-01 09:41:41 AM,421.75,0,0.0,272095521.4499999
2025-08-01 09:41:45 AM,421.9,0,0.0,272095521.4499999
2025-08-01 09:41:46 AM,421.9,81,34173.9,272129695.3499999
2025-08-01 09:41:49 AM,421.7,0,0.0,272129695.3499999
2025-08-01 09:41:53 AM,421.55,822,346514.10000000003,272476209.4499999
2025-08-01 09:41:54 AM,421.55,10,4215.5,272480424.9499999
2025-08-01 09:41:57 AM,421.4,0,0.0,272480424.9499999
2025-08-01 09:41:59 AM,421.5,20,8430.0,272488854.9499999
2025-08-01 09:42:01 AM,421.55,0,0.0,272488854.9499999
2025-08-01 09:42:06 AM,421.4,1722,725650.7999999999,273214505.74999994
2025-08-01 09:42:06 AM,421.5,0,0.0,273214505.74999994
2025-08-01 09:42:07 AM,421.5,7283,3069784.5,276284290.24999994
2025-08-01 09:42:10 AM,421.55,0,0.0,276284290.24999994
2025-08-01 09:42:12 AM,421.6,18,7588.8,276291879.04999995
2025-08-01 09:42:13 AM,421.55,231,97378.05,276389257.09999996
2025-08-01 09:42:18 AM,421.65,0,0.0,276389257.09999996
2025-08-01 09:42:19 AM,421.85,0,0.0,276389257.09999996
2025-08-01 09:42:19 AM,421.85,51,21514.350000000002,276410771.45
2025-08-01 09:42:20 AM,421.8,2,843.6,276411615.05
2025-08-01 09:42:23 AM,421.7,0,0.0,276411615.05
2025-08-01 09:42:25 AM,421.7,17,7168.9,276418783.95
2025-08-01 09:42:27 AM,421.7,2,843.4,276419627.34999996
2025-08-01 09:42:32 AM,421.6,0,0.0,276419627.34999996
2025-08-01 09:42:32 AM,421.6,1,421.6,276420048.95
2025-08-01 09:42:36 AM,421.7,0,0.0,276420048.95
2025-08-01 09:42:36 AM,421.5,0,0.0,276420048.95
2025-08-01 09:42:39 AM,421.5,1170,493155.0,276913203.95
2025-08-01 09:42:40 AM,421.6,0,0.0,276913203.95
2025-08-01 09:42:40 AM,421.6,262,110459.20000000001,277023663.15
2025-08-01 09:42:40 AM,421.65,0,0.0,277023663.15
2025-08-01 09:42:45 AM,421.65,129,54392.85,277078056.0
2025-08-01 09:42:46 AM,421.6,12,5059.200000000001,277083115.2
2025-08-01 09:42:51 AM,421.75,501,211296.75,277294411.95
2025-08-01 09:42:56 AM,421.7,0,0.0,277294411.95
2025-08-01 09:42:58 AM,421.7,329,138739.3,277433151.25
2025-08-01 09:43:00 AM,421.75,0,0.0,277433151.25
2025-08-01 09:43:00 AM,421.6,0,0.0,277433151.25
2025-08-01 09:43:04 AM,421.9,0,0.0,277433151.25
2025-08-01 09:43:04 AM,421.75,496,209188.0,277642339.25
2025-08-01 09:43:05 AM,421.9,25,10547.5,277652886.75
2025-08-01 09:43:08 AM,421.75,0,0.0,277652886.75
2025-08-01 09:43:08 AM,421.9,0,0.0,277652886.75
2025-08-01 09:43:11 AM,421.9,141,59487.899999999994,277712374.65
2025-08-01 09:43:16 AM,421.95,0,0.0,277712374.65
2025-08-01 09:43:16 AM,422.0,0,0.0,277712374.65
2025-08-01 09:43:18 AM,421.9,6121,2582449.9,280294824.54999995
2025-08-01 09:43:20 AM,422.0,0,0.0,280294824.54999995
2025-08-01 09:43:24 AM,421.9,0,0.0,280294824.54999995
2025-08-01 09:43:24 AM,421.85,0,0.0,280294824.54999995
2025-08-01 09:43:25 AM,421.85,3946,1664620.1,281959444.65
2025-08-01 09:43:25 AM,421.8,10,4218.0,281963662.65
2025-08-01 09:43:31 AM,421.6,605,255068.0,282218730.65
2025-08-01 09:43:36 AM,421.75,0,0.0,282218730.65
2025-08-01 09:43:38 AM,421.75,36,15183.0,282233913.65
2025-08-01 09:43:40 AM,421.6,0,0.0,282233913.65
2025-08-01 09:43:44 AM,421.6,3,1264.8000000000002,282235178.45
2025-08-01 09:43:51 AM,421.5,116,48894.0,282284072.45
2025-08-01 09:43:52 AM,421.5,6,2529.0,282286601.45
2025-08-01 09:43:52 AM,421.6,0,0.0,282286601.45
2025-08-01 09:43:56 AM,421.65,0,0.0,282286601.45
2025-08-01 09:43:57 AM,421.75,509,214670.75,282501272.2
2025-08-01 09:44:00 AM,421.7,0,0.0,282501272.2
2025-08-01 09:44:04 AM,421.4,0,0.0,282501272.2
2025-08-01 09:44:04 AM,421.4,404,170245.59999999998,282671517.8
2025-08-01 09:44:09 AM,421.3,0,0.0,282671517.8
2025-08-01 09:44:11 AM,421.3,101,42551.3,282714069.1
2025-08-01 09:44:12 AM,421.15,199,83808.84999999999,282797877.95000005
2025-08-01 09:44:18 AM,421.15,5,2105.75,282799983.70000005
2025-08-01 09:44:24 AM,421.15,14,5896.099999999999,282805879.8000001
2025-08-01 09:44:25 AM,421.15,2,842.3,282806722.1000001
2025-08-01 09:44:28 AM,421.0,0,0.0,282806722.1000001
2025-08-01 09:44:30 AM,420.95,0,0.0,282806722.1000001
2025-08-01 09:44:30 AM,420.95,448,188585.6,282995307.7000001
2025-08-01 09:44:31 AM,421.1,200,84220.0,283079527.7000001
2025-08-01 09:44:36 AM,421.05,0,0.0,283079527.7000001
2025-08-01 09:44:37 AM,420.95,115,48409.25,283127936.9500001
2025-08-01 09:44:40 AM,420.8,0,0.0,283127936.9500001
2025-08-01 09:44:43 AM,420.8,41,17252.8,283145189.7500001
2025-08-01 09:44:44 AM,420.9,60,25254.0,283170443.7500001
2025-08-01 09:44:48 AM,421.0,0,0.0,283170443.7500001
2025-08-01 09:44:49 AM,421.0,727,306067.0,283476510.7500001
2025-08-01 09:44:52 AM,420.9,0,0.0,283476510.7500001
2025-08-01 09:44:56 AM,420.9,397,167097.3,283643608.05000013
2025-08-01 09:44:57 AM,420.95,37,15575.15,283659183.2000001
2025-08-01 09:45:00 AM,420.9,0,0.0,283659183.2000001
2025-08-01 09:45:02 AM,420.75,0,0.0,283659183.2000001
2025-08-01 09:45:02 AM,420.75,892,375309.0,284034492.2000001
2025-08-01 09:45:04 AM,420.75,35,14726.25,284049218.4500001
2025-08-01 09:45:05 AM,420.9,0,0.0,284049218.4500001
2025-08-01 09:45:07 AM,420.7,0,0.0,284049218.4500001
2025-08-01 09:45:09 AM,420.8,328,138022.4,284187240.8500001
2025-08-01 09:45:12 AM,420.6,0,0.0,284187240.8500001
2025-08-01 09:45:16 AM,420.75,171,71948.25,284259189.1000001
2025-08-01 09:45:22 AM,420.75,6,2524.5,284261713.6000001
2025-08-01 09:45:24 AM,420.7,37,15565.9,284277279.50000006
2025-08-01 09:45:28 AM,420.75,0,0.0,284277279.50000006
2025-08-01 09:45:29 AM,420.75,1004,422433.0,284699712.50000006
2025-08-01 09:45:30 AM,420.7,11,4627.7,284704340.20000005
2025-08-01 09:45:32 AM,420.75,0,0.0,284704340.20000005
2025-08-01 09:45:35 AM,420.75,6,2524.5,284706864.70000005
2025-08-01 09:45:36 AM,421.0,0,0.0,284706864.70000005
2025-08-01 09:45:36 AM,421.0,1017,428157.0,285135021.70000005
2025-08-01 09:45:40 AM,421.4,0,0.0,285135021.70000005
2025-08-01 09:45:42 AM,421.4,40,16856.0,285151877.70000005
2025-08-01 09:45:44 AM,421.2,0,0.0,285151877.70000005
2025-08-01 09:45:48 AM,421.4,382,160974.8,285312852.50000006
2025-08-01 09:45:52 AM,421.6,0,0.0,285312852.50000006
2025-08-01 09:45:55 AM,421.6,75,31620.0,285344472.50000006
2025-08-01 09:45:56 AM,421.6,235,99076.0,285443548.50000006
2025-08-01 09:45:58 AM,421.65,0,0.0,285443548.50000006
2025-08-01 09:46:01 AM,421.65,551,232329.15,285675877.65000004
2025-08-01 09:46:07 AM,421.6,0,0.0,285675877.65000004
2025-08-01 09:46:08 AM,421.6,75,31620.0,285707497.65000004
2025-08-01 09:46:09 AM,421.5,43,18124.5,285725622.15000004
2025-08-01 09:46:13 AM,421.7,0,0.0,285725622.15000004
2025-08-01 09:46:14 AM,421.7,225,94882.5,285820504.65000004
2025-08-01 09:46:16 AM,421.5,44,18546.0,285839050.65000004
2025-08-01 09:46:18 AM,421.6,0,0.0,285839050.65000004
2025-08-01 09:46:21 AM,421.6,6,2529.6000000000004,285841580.25000006
2025-08-01 09:46:25 AM,421.5,0,0.0,285841580.25000006
2025-08-01 09:46:26 AM,421.65,0,0.0,285841580.25000006
2025-08-01 09:46:27 AM,421.65,1296,546458.4,286388038.65000004
2025-08-01 09:46:29 AM,421.6,0,0.0,286388038.65000004
2025-08-01 09:46:29 AM,421.6,1,421.6,286388460.25000006
2025-08-01 09:46:34 AM,421.7,0,0.0,286388460.25000006
2025-08-01 09:46:35 AM,421.7,231,97412.7,286485872.95000005
2025-08-01 09:46:37 AM,421.55,0,0.0,286485872.95000005
2025-08-01 09:46:38 AM,421.6,0,0.0,286485872.95000005
2025-08-01 09:46:40 AM,421.6,48,20236.800000000003,286506109.75000006
2025-08-01 09:46:45 AM,421.55,0,0.0,286506109.75000006
2025-08-01 09:46:46 AM,421.65,54,22769.1,286528878.8500001
2025-08-01 09:46:50 AM,421.6,0,0.0,286528878.8500001
2025-08-01 09:46:52 AM,421.5,1725,727087.5,287255966.3500001
2025-08-01 09:46:54 AM,421.65,1004,423336.6,287679302.9500001
2025-08-01 09:47:00 AM,421.6,10,4216.0,287683518.9500001
2025-08-01 09:47:02 AM,421.55,0,0.0,287683518.9500001
2025-08-01 09:47:05 AM,421.6,270,113832.0,287797350.9500001
2025-08-01 09:47:10 AM,421.5,0,0.0,287797350.9500001
2025-08-01 09:47:11 AM,421.5,6,2529.0,287799879.9500001
2025-08-01 09:47:14 AM,421.45,0,0.0,287799879.9500001
2025-08-01 09:47:17 AM,421.45,46,19386.7,287819266.6500001
2025-08-01 09:47:18 AM,421.55,0,0.0,287819266.6500001
2025-08-01 09:47:19 AM,421.55,5,2107.75,287821374.4000001
2025-08-01 09:47:23 AM,421.55,35,14754.25,287836128.6500001
2025-08-01 09:47:25 AM,421.5,2,843.0,287836971.6500001
2025-08-01 09:47:30 AM,421.45,0,0.0,287836971.6500001
2025-08-01 09:47:32 AM,421.25,457,192511.25,288029482.9000001
2025-08-01 09:47:35 AM,421.2,0,0.0,288029482.9000001
2025-08-01 09:47:36 AM,421.2,25,10530.0,288040012.9000001
2025-08-01 09:47:43 AM,421.25,0,0.0,288040012.9000001
2025-08-01 09:47:43 AM,421.2,87,36644.4,288076657.3000001
2025-08-01 09:47:45 AM,421.15,47,19794.05,288096451.3500001
2025-08-01 09:47:52 AM,421.15,4,1684.6,288098135.9500001
2025-08-01 09:47:56 AM,421.15,102,42957.299999999996,288141093.2500001
2025-08-01 09:48:03 AM,421.15,10,4211.5,288145304.7500001
2025-08-01 09:48:05 AM,421.2,27,11372.4,288156677.1500001
2025-08-01 09:48:09 AM,421.2,43,18111.6,288174788.7500001
2025-08-01 09:48:12 AM,421.2,226,95191.2,288269979.9500001
2025-08-01 09:48:15 AM,421.2,104,43804.799999999996,288313784.7500001
2025-08-01 09:48:28 AM,421.4,0,0.0,288313784.7500001
2025-08-01 09:48:28 AM,421.4,337,142011.8,288455796.55000013
2025-08-01 09:48:31 AM,421.45,10,4214.5,288460011.05000013
2025-08-01 09:48:32 AM,421.6,0,0.0,288460011.05000013
2025-08-01 09:48:35 AM,421.6,40,16864.0,288476875.05000013
2025-08-01 09:48:41 AM,421.65,371,156432.15,288633307.2000001
2025-08-01 09:48:44 AM,421.65,8,3373.2,288636680.4000001
2025-08-01 09:48:44 AM,421.6,0,0.0,288636680.4000001
2025-08-01 09:48:48 AM,421.6,50,21080.0,288657760.4000001
2025-08-01 09:48:52 AM,421.75,0,0.0,288657760.4000001
2025-08-01 09:48:54 AM,421.7,401,169101.69999999998,288826862.1000001
2025-08-01 09:48:56 AM,421.6,0,0.0,288826862.1000001
2025-08-01 09:48:57 AM,421.6,40,16864.0,288843726.1000001
2025-08-01 09:49:00 AM,421.65,0,0.0,288843726.1000001
2025-08-01 09:49:00 AM,421.65,3,1264.9499999999998,288844991.0500001
2025-08-01 09:49:07 AM,421.7,313,131992.1,288976983.1500001
2025-08-01 09:49:08 AM,421.65,0,0.0,288976983.1500001
2025-08-01 09:49:09 AM,421.65,2,843.3,288977826.4500001
2025-08-01 09:49:15 AM,421.6,155,65348.0,289043174.4500001
2025-08-01 09:49:16 AM,421.65,0,0.0,289043174.4500001
2025-08-01 09:49:19 AM,421.65,1,421.65,289043596.1000001
2025-08-01 09:49:22 AM,421.75,0,0.0,289043596.1000001
2025-08-01 09:49:22 AM,421.75,1005,423858.75,289467454.8500001
2025-08-01 09:49:25 AM,421.6,800,337280.0,289804734.8500001
2025-08-01 09:49:28 AM,421.75,0,0.0,289804734.8500001
2025-08-01 09:49:28 AM,421.75,100,42175.0,289846909.8500001
2025-08-01 09:49:31 AM,421.75,220,92785.0,289939694.8500001
2025-08-01 09:49:37 AM,421.7,0,0.0,289939694.8500001
2025-08-01 09:49:38 AM,421.7,6,2530.2,289942225.0500001
2025-08-01 09:49:40 AM,421.8,0,0.0,289942225.0500001
2025-08-01 09:49:41 AM,421.8,60,25308.0,289967533.0500001
2025-08-01 09:49:46 AM,421.75,0,0.0,289967533.0500001
2025-08-01 09:49:47 AM,421.75,45,18978.75,289986511.8000001
2025-08-01 09:49:50 AM,421.75,2,843.5,289987355.3000001
2025-08-01 09:49:52 AM,421.65,0,0.0,289987355.3000001
2025-08-01 09:49:53 AM,421.6,955,402628.0,290389983.3000001
2025-08-01 09:49:53 AM,421.5,0,0.0,290389983.3000001
2025-08-01 09:49:57 AM,421.5,2339,985888.5,291375871.8000001
2025-08-01 09:50:00 AM,421.45,3,1264.35,291377136.1500001
2025-08-01 09:50:10 AM,421.45,29,12222.05,291389358.2000001
2025-08-01 09:50:13 AM,421.45,7,2950.15,291392308.3500001
2025-08-01 09:50:16 AM,421.45,79,33294.549999999996,291425602.9000001
2025-08-01 09:50:19 AM,421.45,16,6743.2,291432346.1000001
2025-08-01 09:50:21 AM,421.3,0,0.0,291432346.1000001
2025-08-01 09:50:23 AM,421.3,21,8847.300000000001,291441193.4000001
2025-08-01 09:50:29 AM,421.3,15,6319.5,291447512.9000001
2025-08-01 09:50:33 AM,421.4,0,0.0,291447512.9000001
2025-08-01 09:50:35 AM,421.4,11,4635.4,291452148.3000001
2025-08-01 09:50:37 AM,421.45,0,0.0,291452148.3000001
2025-08-01 09:50:38 AM,421.45,77,32451.649999999998,291484599.95000005
2025-08-01 09:50:44 AM,421.4,12,5056.799999999999,291489656.75000006
2025-08-01 09:50:48 AM,421.4,44,18541.6,291508198.3500001
2025-08-01 09:50:50 AM,421.65,0,0.0,291508198.3500001
2025-08-01 09:50:50 AM,421.6,7,2951.2000000000003,291511149.5500001
2025-08-01 09:50:54 AM,421.4,0,0.0,291511149.5500001
2025-08-01 09:50:56 AM,421.6,0,0.0,291511149.5500001
2025-08-01 09:50:56 AM,421.6,113,47640.8,291558790.3500001
2025-08-01 09:50:58 AM,421.65,0,0.0,291558790.3500001
2025-08-01 09:51:00 AM,421.55,0,0.0,291558790.3500001
2025-08-01 09:51:01 AM,421.55,115,48478.25,291607268.6000001
2025-08-01 09:51:04 AM,421.75,0,0.0,291607268.6000001
2025-08-01 09:51:04 AM,421.75,5,2108.75,291609377.3500001
2025-08-01 09:51:04 AM,421.65,0,0.0,291609377.3500001
2025-08-01 09:51:05 AM,421.65,2,843.3,291610220.6500001
2025-08-01 09:51:06 AM,421.75,142,59888.5,291670109.1500001
2025-08-01 09:51:07 AM,421.9,0,0.0,291670109.1500001
2025-08-01 09:51:08 AM,421.9,923,389413.69999999995,292059522.8500001
2025-08-01 09:51:10 AM,422.0,44,18568.0,292078090.8500001
2025-08-01 09:51:11 AM,421.85,0,0.0,292078090.8500001
2025-08-01 09:51:11 AM,421.85,2184,921320.4,292999411.25000006
2025-08-01 09:51:14 AM,421.8,0,0.0,292999411.25000006
2025-08-01 09:51:15 AM,421.8,44,18559.2,293017970.45000005
2025-08-01 09:51:18 AM,422.0,61,25742.0,293043712.45000005
2025-08-01 09:51:26 AM,422.0,2,844.0,293044556.45000005
2025-08-01 09:51:31 AM,421.9,5,2109.5,293046665.95000005
2025-08-01 09:51:31 AM,421.75,0,0.0,293046665.95000005
2025-08-01 09:51:32 AM,421.7,0,0.0,293046665.95000005
2025-08-01 09:51:32 AM,421.7,572,241212.4,293287878.35
2025-08-01 09:51:33 AM,421.65,0,0.0,293287878.35
2025-08-01 09:51:34 AM,421.65,104,43851.6,293331729.95000005
2025-08-01 09:51:34 AM,421.6,0,0.0,293331729.95000005
2025-08-01 09:51:35 AM,421.6,5,2108.0,293333837.95000005
2025-08-01 09:51:36 AM,421.6,1,421.6,293334259.5500001
2025-08-01 09:51:38 AM,421.6,1,421.6,293334681.1500001
2025-08-01 09:51:41 AM,421.6,7,2951.2000000000003,293337632.3500001
2025-08-01 09:51:44 AM,421.4,0,0.0,293337632.3500001
2025-08-01 09:51:45 AM,421.65,91,38370.15,293376002.50000006
2025-08-01 09:51:47 AM,421.6,0,0.0,293376002.50000006
2025-08-01 09:51:47 AM,421.6,5,2108.0,293378110.50000006
2025-08-01 09:51:49 AM,421.4,50,21070.0,293399180.50000006
2025-08-01 09:51:54 AM,421.6,0,0.0,293399180.50000006
2025-08-01 09:51:55 AM,421.6,1,421.6,293399602.1000001
2025-08-01 09:51:55 AM,421.4,0,0.0,293399602.1000001
2025-08-01 09:51:56 AM,421.4,10,4214.0,293403816.1000001
2025-08-01 09:51:56 AM,421.6,0,0.0,293403816.1000001
2025-08-01 09:51:57 AM,421.6,25,10540.0,293414356.1000001
2025-08-01 09:52:02 AM,421.6,34,14334.400000000001,293428690.50000006
2025-08-01 09:52:05 AM,421.6,1,421.6,293429112.1000001
2025-08-01 09:52:07 AM,421.55,0,0.0,293429112.1000001
2025-08-01 09:52:08 AM,421.55,3,1264.65,293430376.75000006
2025-08-01 09:52:11 AM,421.55,7,2950.85,293433327.6000001
2025-08-01 09:52:14 AM,421.4,0,0.0,293433327.6000001
2025-08-01 09:52:15 AM,421.4,307,129369.79999999999,293562697.4000001
2025-08-01 09:52:21 AM,421.4,36,15170.4,293577867.8000001
2025-08-01 09:52:32 AM,421.05,0,0.0,293577867.8000001
2025-08-01 09:52:32 AM,421.3,0,0.0,293577867.8000001
2025-08-01 09:52:33 AM,421.3,6001,2528221.3000000003,296106089.1000001
2025-08-01 09:52:38 AM,421.25,0,0.0,296106089.1000001
2025-08-01 09:52:39 AM,421.25,1,421.25,296106510.3500001
2025-08-01 09:52:41 AM,421.05,0,0.0,296106510.3500001
2025-08-01 09:52:42 AM,421.05,200,84210.0,296190720.3500001
2025-08-01 09:52:44 AM,421.3,0,0.0,296190720.3500001
2025-08-01 09:52:44 AM,421.05,0,0.0,296190720.3500001
2025-08-01 09:52:45 AM,421.3,349,147033.7,296337754.0500001
2025-08-01 09:52:53 AM,421.05,0,0.0,296337754.0500001
2025-08-01 09:52:54 AM,421.05,10,4210.5,296341964.5500001
2025-08-01 09:52:57 AM,421.05,50,21052.5,296363017.0500001
2025-08-01 09:53:03 AM,421.25,0,0.0,296363017.0500001
2025-08-01 09:53:03 AM,421.25,26,10952.5,296373969.5500001
2025-08-01 09:53:06 AM,421.25,46,19377.5,296393347.0500001
2025-08-01 09:53:12 AM,421.25,5,2106.25,296395453.3000001
2025-08-01 09:53:14 AM,421.05,0,0.0,296395453.3000001
2025-08-01 09:53:16 AM,420.95,1373,577964.35,296973417.6500001
2025-08-01 09:53:18 AM,420.75,0,0.0,296973417.6500001
2025-08-01 09:53:18 AM,420.75,1,420.75,296973838.4000001
2025-08-01 09:53:22 AM,420.95,0,0.0,296973838.4000001
2025-08-01 09:53:22 AM,420.95,25,10523.75,296984362.1500001
2025-08-01 09:53:24 AM,420.85,0,0.0,296984362.1500001
2025-08-01 09:53:24 AM,420.85,1,420.85,296984783.0000001
2025-08-01 09:53:28 AM,420.65,0,0.0,296984783.0000001
2025-08-01 09:53:28 AM,420.75,1248,525096.0,297509879.0000001
2025-08-01 09:53:30 AM,420.65,10,4206.5,297514085.5000001
2025-08-01 09:53:34 AM,420.65,12,5047.799999999999,297519133.30000013
2025-08-01 09:53:36 AM,420.65,19,7992.349999999999,297527125.65000015
2025-08-01 09:53:40 AM,420.5,0,0.0,297527125.65000015
2025-08-01 09:53:41 AM,420.5,392,164836.0,297691961.65000015
2025-08-01 09:53:43 AM,420.6,41,17244.600000000002,297709206.2500002
2025-08-01 09:53:44 AM,420.45,0,0.0,297709206.2500002
2025-08-01 09:53:45 AM,420.5,0,0.0,297709206.2500002
2025-08-01 09:53:47 AM,420.0,5075,2131500.0,299840706.2500002
2025-08-01 09:53:49 AM,420.25,10,4202.5,299844908.7500002
2025-08-01 09:53:53 AM,420.25,2,840.5,299845749.2500002
2025-08-01 09:53:55 AM,420.2,5,2101.0,299847850.2500002
2025-08-01 09:54:00 AM,420.05,85,35704.25,299883554.5000002
2025-08-01 09:54:03 AM,420.2,0,0.0,299883554.5000002
2025-08-01 09:54:06 AM,420.2,266,111773.2,299995327.70000017
2025-08-01 09:54:07 AM,420.2,11,4622.2,299999949.90000015
2025-08-01 09:54:12 AM,420.25,0,0.0,299999949.90000015
2025-08-01 09:54:12 AM,420.25,1,420.25,300000370.15000015
2025-08-01 09:54:12 AM,420.3,0,0.0,300000370.15000015
2025-08-01 09:54:13 AM,420.3,550,231165.0,300231535.15000015
2025-08-01 09:54:15 AM,420.15,0,0.0,300231535.15000015
2025-08-01 09:54:15 AM,420.3,0,0.0,300231535.15000015
2025-08-01 09:54:18 AM,420.3,99,41609.700000000004,300273144.85000014
2025-08-01 09:54:25 AM,420.3,100,42030.0,300315174.85000014
2025-08-01 09:54:31 AM,420.3,120,50436.0,300365610.85000014
2025-08-01 09:54:31 AM,420.3,12,5043.6,300370654.45000017
2025-08-01 09:54:37 AM,420.3,6,2521.8,300373176.2500002
2025-08-01 09:54:43 AM,420.3,5,2101.5,300375277.7500002
2025-08-01 09:54:46 AM,420.1,0,0.0,300375277.7500002
2025-08-01 09:54:49 AM,420.2,0,0.0,300375277.7500002
2025-08-01 09:54:49 AM,420.2,830,348766.0,300724043.7500002
2025-08-01 09:54:54 AM,420.25,778,326954.5,301050998.2500002
2025-08-01 09:54:58 AM,420.2,0,0.0,301050998.2500002
2025-08-01 09:55:00 AM,420.2,5,2101.0,301053099.2500002
2025-08-01 09:55:04 AM,420.25,0,0.0,301053099.2500002
2025-08-01 09:55:06 AM,420.25,121,50850.25,301103949.5000002
2025-08-01 09:55:08 AM,420.2,0,0.0,301103949.5000002
2025-08-01 09:55:08 AM,420.25,0,0.0,301103949.5000002
2025-08-01 09:55:12 AM,420.25,136,57154.0,301161103.5000002
2025-08-01 09:55:13 AM,420.2,0,0.0,301161103.5000002
2025-08-01 09:55:13 AM,420.2,10,4202.0,301165305.5000002
2025-08-01 09:55:14 AM,420.25,0,0.0,301165305.5000002
2025-08-01 09:55:17 AM,420.2,0,0.0,301165305.5000002
2025-08-01 09:55:17 AM,420.25,0,0.0,301165305.5000002
2025-08-01 09:55:18 AM,420.25,129,54212.25,301219517.7500002
2025-08-01 09:55:23 AM,420.1,0,0.0,301219517.7500002
2025-08-01 09:55:24 AM,420.1,434,182323.40000000002,301401841.15000015
2025-08-01 09:55:27 AM,420.0,0,0.0,301401841.15000015
2025-08-01 09:55:30 AM,420.0,9448,3968160.0,305370001.15000015
2025-08-01 09:55:31 AM,420.0,200,84000.0,305454001.15000015
2025-08-01 09:55:36 AM,420.0,74,31080.0,305485081.15000015
2025-08-01 09:55:37 AM,420.0,176,73920.0,305559001.15000015
2025-08-01 09:55:42 AM,420.0,54,22680.0,305581681.15000015
2025-08-01 09:55:43 AM,420.0,437,183540.0,305765221.15000015
2025-08-01 09:55:46 AM,420.15,0,0.0,305765221.15000015
2025-08-01 09:55:48 AM,420.15,727,305449.05,306070670.20000017
2025-08-01 09:55:49 AM,420.4,1705,716782.0,306787452.20000017
2025-08-01 09:55:54 AM,420.4,66,27746.399999999998,306815198.60000014
2025-08-01 09:56:00 AM,420.4,1,420.4,306815619.0000001
2025-08-01 09:56:06 AM,420.4,22,9248.8,306824867.80000013
2025-08-01 09:56:07 AM,420.4,300,126120.0,306950987.80000013
2025-08-01 09:56:12 AM,420.25,0,0.0,306950987.80000013
2025-08-01 09:56:12 AM,420.4,172,72308.8,307023296.60000014
2025-08-01 09:56:15 AM,420.25,0,0.0,307023296.60000014
2025-08-01 09:56:17 AM,420.4,0,0.0,307023296.60000014
2025-08-01 09:56:18 AM,420.4,49,20599.6,307043896.20000017
2025-08-01 09:56:19 AM,420.4,12,5044.799999999999,307048941.0000002
2025-08-01 09:56:30 AM,420.45,0,0.0,307048941.0000002
2025-08-01 09:56:30 AM,420.45,21,8829.449999999999,307057770.45000017
2025-08-01 09:56:36 AM,420.45,2,840.9,307058611.35000014
2025-08-01 09:56:37 AM,420.45,65,27329.25,307085940.60000014
2025-08-01 09:56:42 AM,420.45,100,42045.0,307127985.60000014
2025-08-01 09:56:45 AM,420.4,0,0.0,307127985.60000014
2025-08-01 09:56:46 AM,420.35,0,0.0,307127985.60000014
2025-08-01 09:56:48 AM,420.4,566,237946.4,307365932.0000001
2025-08-01 09:56:49 AM,420.4,10,4204.0,307370136.0000001
2025-08-01 09:56:54 AM,420.4,202,84920.79999999999,307455056.80000013
2025-08-01 09:56:56 AM,420.4,1,420.4,307455477.2000001
2025-08-01 09:57:08 AM,420.3,25,10507.5,307465984.7000001
2025-08-01 09:57:10 AM,420.4,0,0.0,307465984.7000001
2025-08-01 09:57:12 AM,420.4,158,66423.2,307532407.9000001
2025-08-01 09:57:18 AM,420.4,47,19758.8,307552166.7000001
2025-08-01 09:57:22 AM,420.3,0,0.0,307552166.7000001
2025-08-01 09:57:23 AM,420.3,9,3782.7000000000003,307555949.4000001
2025-08-01 09:57:25 AM,420.4,25,10510.0,307566459.4000001
2025-08-01 09:57:29 AM,420.25,2066,868236.5,308434695.9000001
2025-08-01 09:57:31 AM,420.15,12,5041.799999999999,308439737.7000001
2025-08-01 09:57:37 AM,420.1,21,8822.1,308448559.80000013
2025-08-01 09:57:41 AM,420.15,17,7142.549999999999,308455702.35000014
2025-08-01 09:57:44 AM,420.1,7,2940.7000000000003,308458643.05000013
2025-08-01 09:57:47 AM,420.1,64,26886.4,308485529.4500001
2025-08-01 09:57:50 AM,420.1,71,29827.100000000002,308515356.55000013
2025-08-01 09:57:53 AM,420.0,1225,514500.0,309029856.55000013
2025-08-01 09:57:58 AM,420.15,0,0.0,309029856.55000013
2025-08-01 09:57:59 AM,419.9,240,100776.0,309130632.55000013
2025-08-01 09:58:06 AM,419.9,13,5458.7,309136091.2500001
2025-08-01 09:58:07 AM,420.0,0,0.0,309136091.2500001
2025-08-01 09:58:08 AM,420.0,25,10500.0,309146591.2500001
2025-08-01 09:58:12 AM,420.0,203,85260.0,309231851.2500001
2025-08-01 09:58:14 AM,420.0,300,126000.0,309357851.2500001
2025-08-01 09:58:18 AM,420.05,66,27723.3,309385574.55000013
2025-08-01 09:58:23 AM,420.0,0,0.0,309385574.55000013
2025-08-01 09:58:24 AM,420.05,371,155838.55000000002,309541413.10000014
2025-08-01 09:58:32 AM,420.0,32,13440.0,309554853.10000014
2025-08-01 09:58:36 AM,420.05,56,23522.8,309578375.90000015
2025-08-01 09:58:45 AM,420.0,94,39480.0,309617855.90000015
2025-08-01 09:58:48 AM,420.0,360,151200.0,309769055.90000015
2025-08-01 09:58:51 AM,420.0,1536,645120.0,310414175.90000015
2025-08-01 09:58:54 AM,419.95,110,46194.5,310460370.40000015
2025-08-01 09:58:55 AM,420.0,0,0.0,310460370.40000015
2025-08-01 09:58:57 AM,419.65,609,255566.84999999998,310715937.2500002
2025-08-01 09:59:00 AM,419.8,202,84799.6,310800736.8500002
2025-08-01 09:59:03 AM,419.7,0,0.0,310800736.8500002
2025-08-01 09:59:03 AM,419.7,53,22244.1,310822980.9500002
2025-08-01 09:59:06 AM,419.85,325,136451.25,310959432.2000002
2025-08-01 09:59:09 AM,419.65,0,0.0,310959432.2000002
2025-08-01 09:59:09 AM,419.65,59,24759.35,310984191.55000025
2025-08-01 09:59:15 AM,419.65,44,18464.6,311002656.1500003
2025-08-01 09:59:19 AM,419.65,1016,426364.39999999997,311429020.55000025
2025-08-01 09:59:22 AM,419.85,201,84389.85,311513410.4000003
2025-08-01 09:59:25 AM,419.85,10,4198.5,311517608.9000003
2025-08-01 09:59:28 AM,419.7,1,419.7,311518028.60000026
2025-08-01 09:59:31 AM,419.7,7,2937.9,311520966.50000024
2025-08-01 09:59:33 AM,419.65,0,0.0,311520966.50000024
2025-08-01 09:59:34 AM,419.85,35,14694.75,311535661.25000024
2025-08-01 09:59:37 AM,419.7,0,0.0,311535661.25000024
2025-08-01 09:59:38 AM,419.7,1121,470483.7,312006144.9500002
2025-08-01 09:59:42 AM,419.85,0,0.0,312006144.9500002
2025-08-01 09:59:44 AM,419.75,35,14691.25,312020836.2000002
2025-08-01 09:59:47 AM,419.85,109,45763.65,312066599.8500002
2025-08-01 09:59:50 AM,419.85,10,4198.5,312070798.3500002
2025-08-01 09:59:56 AM,419.85,5,2099.25,312072897.6000002
2025-08-01 09:59:59 AM,419.75,0,0.0,312072897.6000002
2025-08-01 09:59:59 AM,419.75,2,839.5,312073737.1000002
2025-08-01 10:00:00 AM,419.7,0,0.0,312073737.1000002
2025-08-01 10:00:02 AM,419.75,307,128863.25,312202600.3500002
2025-08-01 10:00:03 AM,419.65,0,0.0,312202600.3500002
2025-08-01 10:00:05 AM,419.75,0,0.0,312202600.3500002
2025-08-01 10:00:05 AM,419.75,33,13851.75,312216452.1000002
2025-08-01 10:00:09 AM,419.75,12,5037.0,312221489.1000002
2025-08-01 10:00:15 AM,419.6,1897,795981.2000000001,313017470.3000002
2025-08-01 10:00:18 AM,419.6,54,22658.4,313040128.70000017
2025-08-01 10:00:22 AM,419.35,374,156836.9,313196965.60000014
2025-08-01 10:00:23 AM,419.4,0,0.0,313196965.60000014
2025-08-01 10:00:25 AM,419.6,46,19301.600000000002,313216267.20000017
2025-08-01 10:00:28 AM,419.6,5,2098.0,313218365.20000017
2025-08-01 10:00:31 AM,419.6,38,15944.800000000001,313234310.0000002
2025-08-01 10:00:34 AM,419.35,0,0.0,313234310.0000002
2025-08-01 10:00:34 AM,419.35,142,59547.700000000004,313293857.70000017
2025-08-01 10:00:37 AM,419.6,351,147279.6,313441137.3000002
2025-08-01 10:00:44 AM,419.6,2,839.2,313441976.5000002
2025-08-01 10:00:47 AM,419.4,0,0.0,313441976.5000002
2025-08-01 10:00:47 AM,419.4,1245,522153.0,313964129.5000002
2025-08-01 10:00:50 AM,419.6,1,419.6,313964549.1000002
2025-08-01 10:00:53 AM,419.5,3,1258.5,313965807.6000002
2025-08-01 10:00:56 AM,419.5,11,4614.5,313970422.1000002
2025-08-01 10:00:59 AM,419.5,31,13004.5,313983426.6000002
2025-08-01 10:01:03 AM,419.9,41,17215.899999999998,314000642.5000002
2025-08-01 10:01:06 AM,419.9,102,42829.799999999996,314043472.3000002
2025-08-01 10:01:09 AM,419.95,337,141523.15,314184995.45000017
2025-08-01 10:01:10 AM,419.9,0,0.0,314184995.45000017
2025-08-01 10:01:12 AM,419.9,11,4618.9,314189614.35000014
2025-08-01 10:01:15 AM,419.9,45,18895.5,314208509.85000014
2025-08-01 10:01:20 AM,419.95,0,0.0,314208509.85000014
2025-08-01 10:01:22 AM,419.95,124,52073.799999999996,314260583.65000015
2025-08-01 10:01:27 AM,420.0,0,0.0,314260583.65000015
2025-08-01 10:01:28 AM,420.0,554,232680.0,314493263.65000015
2025-08-01 10:01:32 AM,420.15,0,0.0,314493263.65000015
2025-08-01 10:01:34 AM,420.15,15,6302.25,314499565.90000015
2025-08-01 10:01:36 AM,420.15,60,25209.0,314524774.90000015
2025-08-01 10:01:42 AM,420.15,6,2520.8999999999996,314527295.80000013
2025-08-01 10:01:45 AM,420.1,0,0.0,314527295.80000013
2025-08-01 10:01:46 AM,420.15,54,22688.1,314549983.90000015
2025-08-01 10:01:48 AM,420.1,0,0.0,314549983.90000015
2025-08-01 10:01:48 AM,420.1,160,67216.0,314617199.90000015
2025-08-01 10:01:52 AM,420.15,0,0.0,314617199.90000015
2025-08-01 10:01:53 AM,420.15,10,4201.5,314621401.40000015
2025-08-01 10:01:54 AM,420.1,150,63015.0,314684416.40000015
2025-08-01 10:01:59 AM,420.1,2,840.2,314685256.60000014
2025-08-01 10:02:00 AM,420.15,0,0.0,314685256.60000014
2025-08-01 10:02:00 AM,420.15,3,1260.4499999999998,314686517.05000013
2025-08-01 10:02:05 AM,420.15,1254,526868.1,315213385.15000015
2025-08-01 10:02:11 AM,420.25,0,0.0,315213385.15000015
2025-08-01 10:02:11 AM,420.25,131,55052.75,315268437.90000015
2025-08-01 10:02:15 AM,420.2,0,0.0,315268437.90000015
2025-08-01 10:02:16 AM,419.7,0,0.0,315268437.90000015
2025-08-01 10:02:17 AM,419.7,1218,511194.6,315779632.5000002
2025-08-01 10:02:19 AM,419.5,0,0.0,315779632.5000002
2025-08-01 10:02:19 AM,419.5,500,209750.0,315989382.5000002
2025-08-01 10:02:23 AM,419.8,0,0.0,315989382.5000002
2025-08-01 10:02:24 AM,419.8,140,58772.0,316048154.5000002
2025-08-01 10:02:26 AM,419.8,41,17211.8,316065366.3000002
2025-08-01 10:02:29 AM,419.85,0,0.0,316065366.3000002
2025-08-01 10:02:30 AM,419.85,20,8397.0,316073763.3000002
2025-08-01 10:02:32 AM,420.1,21,8822.1,316082585.4000002
2025-08-01 10:02:38 AM,419.75,25,10493.75,316093079.1500002
2025-08-01 10:02:41 AM,419.95,0,0.0,316093079.1500002
2025-08-01 10:02:43 AM,419.95,3,1259.85,316094339.00000024
2025-08-01 10:02:45 AM,419.7,46,19306.2,316113645.2000002
2025-08-01 10:02:49 AM,419.95,2,839.9,316114485.1000002
2025-08-01 10:02:51 AM,419.75,75,31481.25,316145966.3500002
2025-08-01 10:02:55 AM,419.95,0,0.0,316145966.3500002
2025-08-01 10:02:56 AM,419.95,49,20577.55,316166543.9000002
2025-08-01 10:03:08 AM,419.95,2009,843679.5499999999,317010223.4500002
2025-08-01 10:03:15 AM,420.05,0,0.0,317010223.4500002
2025-08-01 10:03:15 AM,420.05,465,195323.25,317205546.7000002
2025-08-01 10:03:19 AM,419.8,0,0.0,317205546.7000002
2025-08-01 10:03:21 AM,419.8,5000,2099000.0,319304546.7000002
2025-08-01 10:03:23 AM,420.1,10,4201.0,319308747.7000002
2025-08-01 10:03:27 AM,419.7,0,0.0,319308747.7000002
2025-08-01 10:03:28 AM,419.7,5005,2100598.5,321409346.2000002
2025-08-01 10:03:34 AM,420.05,1,420.05,321409766.25000024
2025-08-01 10:03:36 AM,420.0,30,12600.0,321422366.25000024
2025-08-01 10:03:41 AM,420.0,2,840.0,321423206.25000024
2025-08-01 10:03:47 AM,419.85,0,0.0,321423206.25000024
2025-08-01 10:03:47 AM,419.85,5065,2126540.25,323549746.50000024
2025-08-01 10:03:49 AM,419.85,10,4198.5,323553945.00000024
2025-08-01 10:03:53 AM,419.85,53,22252.050000000003,323576197.05000025
2025-08-01 10:03:55 AM,419.4,0,0.0,323576197.05000025
2025-08-01 10:03:55 AM,419.4,355,148887.0,323725084.05000025
2025-08-01 10:03:59 AM,419.5,0,0.0,323725084.05000025
2025-08-01 10:03:59 AM,419.5,128,53696.0,323778780.05000025
2025-08-01 10:04:05 AM,419.85,5138,2157189.3000000003,325935969.35000026
2025-08-01 10:04:07 AM,419.95,0,0.0,325935969.35000026
2025-08-01 10:04:07 AM,419.6,4057,1702317.2000000002,327638286.55000025
2025-08-01 10:04:11 AM,419.7,0,0.0,327638286.55000025
2025-08-01 10:04:11 AM,419.7,5,2098.5,327640385.05000025
2025-08-01 10:04:18 AM,419.7,130,54561.0,327694946.05000025
2025-08-01 10:04:19 AM,419.65,0,0.0,327694946.05000025
2025-08-01 10:04:20 AM,419.6,18,7552.8,327702498.85000026
2025-08-01 10:04:30 AM,419.9,13597,5709380.3,333411879.1500003
2025-08-01 10:04:32 AM,419.9,2,839.8,333412718.9500003
2025-08-01 10:04:37 AM,419.9,79,33172.1,333445891.0500003
2025-08-01 10:04:39 AM,419.9,104,43669.6,333489560.65000033
2025-08-01 10:04:43 AM,419.9,534,224226.59999999998,333713787.25000036
2025-08-01 10:04:45 AM,419.75,0,0.0,333713787.25000036
2025-08-01 10:04:45 AM,419.9,0,0.0,333713787.25000036
2025-08-01 10:04:45 AM,419.9,56,23514.399999999998,333737301.65000033
2025-08-01 10:04:49 AM,419.9,5,2099.5,333739401.15000033
2025-08-01 10:04:51 AM,419.9,2,839.8,333740240.95000035
2025-08-01 10:04:53 AM,419.85,0,0.0,333740240.95000035
2025-08-01 10:04:53 AM,419.75,0,0.0,333740240.95000035
2025-08-01 10:04:55 AM,419.7,944,396196.8,334136437.75000036
2025-08-01 10:05:01 AM,419.7,143,60017.1,334196454.8500004
2025-08-01 10:05:08 AM,419.7,10,4197.0,334200651.8500004
2025-08-01 10:05:10 AM,419.7,35,14689.5,334215341.3500004
2025-08-01 10:05:14 AM,419.7,1171,491468.7,334706810.05000037
2025-08-01 10:05:16 AM,419.5,0,0.0,334706810.05000037
2025-08-01 10:05:16 AM,419.5,44,18458.0,334725268.05000037
2025-08-01 10:05:20 AM,419.6,0,0.0,334725268.05000037
2025-08-01 10:05:20 AM,419.6,105,44058.0,334769326.05000037
2025-08-01 10:05:26 AM,419.6,228,95668.8,334864994.8500004
2025-08-01 10:05:28 AM,419.65,0,0.0,334864994.8500004
2025-08-01 10:05:28 AM,419.65,219,91903.34999999999,334956898.2000004
2025-08-01 10:05:32 AM,419.65,5017,2105384.05,337062282.2500004
2025-08-01 10:05:34 AM,419.8,1169,490746.2,337553028.4500004
2025-08-01 10:05:37 AM,419.6,0,0.0,337553028.4500004
2025-08-01 10:05:38 AM,419.9,153,64244.7,337617273.1500004
2025-08-01 10:05:44 AM,419.9,1,419.9,337617693.05000037
2025-08-01 10:05:46 AM,419.85,0,0.0,337617693.05000037
2025-08-01 10:05:46 AM,419.85,46,19313.100000000002,337637006.1500004
2025-08-01 10:05:50 AM,419.9,6,2519.3999999999996,337639525.55000037
2025-08-01 10:05:52 AM,419.9,27,11337.3,337650862.8500004
2025-08-01 10:05:56 AM,419.75,263,110394.25,337761257.1000004
2025-08-01 10:06:01 AM,419.7,0,0.0,337761257.1000004
2025-08-01 10:06:02 AM,419.7,12,5036.4,337766293.50000036
2025-08-01 10:06:05 AM,419.75,0,0.0,337766293.50000036
2025-08-01 10:06:05 AM,419.75,25,10493.75,337776787.25000036
2025-08-01 10:06:05 AM,419.7,0,0.0,337776787.25000036
2025-08-01 10:06:08 AM,419.75,998,418910.5,338195697.75000036
2025-08-01 10:06:11 AM,419.75,10,4197.5,338199895.25000036
2025-08-01 10:06:14 AM,419.55,191,80134.05,338280029.30000037
2025-08-01 10:06:15 AM,419.5,0,0.0,338280029.30000037
2025-08-01 10:06:16 AM,419.25,849,355943.25,338635972.55000037
2025-08-01 10:06:22 AM,419.5,5,2097.5,338638070.05000037
2025-08-01 10:06:26 AM,419.5,9,3775.5,338641845.55000037
2025-08-01 10:06:30 AM,419.45,0,0.0,338641845.55000037
2025-08-01 10:06:32 AM,419.45,1,419.45,338642265.00000036
2025-08-01 10:06:34 AM,419.5,0,0.0,338642265.00000036
2025-08-01 10:06:34 AM,419.5,12,5034.0,338647299.00000036
2025-08-01 10:06:38 AM,419.35,0,0.0,338647299.00000036
2025-08-01 10:06:38 AM,419.35,258,108192.3,338755491.30000037
2025-08-01 10:06:40 AM,419.35,1906,799281.1000000001,339554772.4000004
2025-08-01 10:06:43 AM,419.4,0,0.0,339554772.4000004
2025-08-01 10:06:44 AM,419.35,450,188707.5,339743479.9000004
2025-08-01 10:06:46 AM,419.35,150,62902.5,339806382.4000004
2025-08-01 10:06:48 AM,419.5,0,0.0,339806382.4000004
2025-08-01 10:06:48 AM,419.15,0,0.0,339806382.4000004
2025-08-01 10:06:50 AM,419.15,852,357115.8,340163498.2000004
2025-08-01 10:06:52 AM,419.35,40,16774.0,340180272.2000004
2025-08-01 10:06:56 AM,419.3,164,68765.2,340249037.4000004
2025-08-01 10:06:58 AM,419.2,150,62880.0,340311917.4000004
2025-08-01 10:07:02 AM,419.25,0,0.0,340311917.4000004
2025-08-01 10:07:02 AM,419.25,194,81334.5,340393251.9000004
2025-08-01 10:07:08 AM,419.3,0,0.0,340393251.9000004
2025-08-01 10:07:08 AM,419.25,0,0.0,340393251.9000004
2025-08-01 10:07:09 AM,419.0,3471,1454349.0,341847600.9000004
2025-08-01 10:07:11 AM,419.0,1133,474727.0,342322327.9000004
2025-08-01 10:07:13 AM,419.25,0,0.0,342322327.9000004
2025-08-01 10:07:15 AM,419.4,5939,2490816.6,344813144.5000004
2025-08-01 10:07:17 AM,419.35,110,46128.5,344859273.0000004
2025-08-01 10:07:21 AM,419.45,695,291517.75,345150790.7500004
2025-08-01 10:07:23 AM,419.5,0,0.0,345150790.7500004
2025-08-01 10:07:23 AM,419.4,361,151403.4,345302194.1500004
2025-08-01 10:07:27 AM,419.55,141,59156.55,345361350.7000004
2025-08-01 10:07:31 AM,419.8,0,0.0,345361350.7000004
2025-08-01 10:07:34 AM,419.6,86,36085.6,345397436.3000004
2025-08-01 10:07:35 AM,419.6,5,2098.0,345399534.3000004
2025-08-01 10:07:39 AM,419.6,279,117068.40000000001,345516602.7000004
2025-08-01 10:07:41 AM,419.8,5,2099.0,345518701.7000004
2025-08-01 10:07:45 AM,419.55,0,0.0,345518701.7000004
2025-08-01 10:07:45 AM,419.55,268,112439.40000000001,345631141.1000004
2025-08-01 10:07:47 AM,419.5,548,229886.0,345861027.1000004
2025-08-01 10:07:50 AM,419.7,0,0.0,345861027.1000004
2025-08-01 10:07:52 AM,419.1,1668,699058.8,346560085.9000004
2025-08-01 10:07:54 AM,419.0,539,225841.0,346785926.9000004
2025-08-01 10:07:58 AM,419.0,291,121929.0,346907855.9000004
2025-08-01 10:08:00 AM,419.0,209,87571.0,346995426.9000004
2025-08-01 10:08:01 AM,419.0,71,29749.0,347025175.9000004
2025-08-01 10:08:02 AM,419.15,20,8383.0,347033558.9000004
2025-08-01 10:08:03 AM,419.0,121,50699.0,347084257.9000004
2025-08-01 10:08:05 AM,419.1,1,419.1,347084677.0000004
2025-08-01 10:08:06 AM,419.1,23,9639.300000000001,347094316.3000004
2025-08-01 10:08:07 AM,419.0,0,0.0,347094316.3000004
2025-08-01 10:08:07 AM,419.0,77,32263.0,347126579.3000004
2025-08-01 10:08:10 AM,419.0,7,2933.0,347129512.3000004
2025-08-01 10:08:11 AM,419.3,0,0.0,347129512.3000004
2025-08-01 10:08:11 AM,419.3,324,135853.2,347265365.5000004
2025-08-01 10:08:12 AM,419.25,20,8385.0,347273750.5000004
2025-08-01 10:08:15 AM,419.3,0,0.0,347273750.5000004
2025-08-01 10:08:15 AM,419.3,44,18449.2,347292199.7000004
2025-08-01 10:08:17 AM,419.5,0,0.0,347292199.7000004
2025-08-01 10:08:17 AM,419.5,500,209750.0,347501949.7000004
2025-08-01 10:08:18 AM,419.3,50,20965.0,347522914.7000004
2025-08-01 10:08:20 AM,419.5,0,0.0,347522914.7000004
2025-08-01 10:08:20 AM,419.5,5,2097.5,347525012.2000004
2025-08-01 10:08:25 AM,419.6,0,0.0,347525012.2000004
2025-08-01 10:08:25 AM,419.6,3,1258.8000000000002,347526271.0000004
2025-08-01 10:08:30 AM,419.45,10,4194.5,347530465.5000004
2025-08-01 10:08:34 AM,419.5,0,0.0,347530465.5000004
2025-08-01 10:08:34 AM,419.55,240,100692.0,347631157.5000004
2025-08-01 10:08:35 AM,419.6,0,0.0,347631157.5000004
2025-08-01 10:08:35 AM,419.8,59,24768.2,347655925.7000004
2025-08-01 10:08:38 AM,419.75,0,0.0,347655925.7000004
2025-08-01 10:08:38 AM,419.75,5,2098.75,347658024.4500004
2025-08-01 10:08:39 AM,419.65,0,0.0,347658024.4500004
2025-08-01 10:08:39 AM,419.85,896,376185.60000000003,348034210.0500004
2025-08-01 10:08:40 AM,419.75,0,0.0,348034210.0500004
2025-08-01 10:08:40 AM,419.75,2,839.5,348035049.5500004
2025-08-01 10:08:45 AM,419.55,0,0.0,348035049.5500004
2025-08-01 10:08:45 AM,419.55,44,18460.2,348053509.7500004
2025-08-01 10:08:47 AM,419.75,20,8395.0,348061904.7500004
2025-08-01 10:08:53 AM,419.6,0,0.0,348061904.7500004
2025-08-01 10:08:53 AM,419.6,251,105319.6,348167224.35000044
2025-08-01 10:08:56 AM,419.6,38,15944.800000000001,348183169.15000045
2025-08-01 10:08:56 AM,419.6,750,314700.0,348497869.15000045
2025-08-01 10:08:57 AM,419.6,11,4615.6,348502484.7500005
2025-08-01 10:09:00 AM,419.6,4,1678.4,348504163.15000045
2025-08-01 10:09:03 AM,419.4,0,0.0,348504163.15000045
2025-08-01 10:09:05 AM,419.6,421,176651.6,348680814.7500005
2025-08-01 10:09:06 AM,419.6,6,2517.6000000000004,348683332.3500005
2025-08-01 10:09:11 AM,419.6,5,2098.0,348685430.3500005
2025-08-01 10:09:12 AM,419.6,60,25176.0,348710606.3500005
2025-08-01 10:09:15 AM,419.45,0,0.0,348710606.3500005
2025-08-01 10:09:17 AM,419.45,55,23069.75,348733676.1000005
2025-08-01 10:09:21 AM,419.5,0,0.0,348733676.1000005
2025-08-01 10:09:23 AM,419.5,135,56632.5,348790308.6000005
2025-08-01 10:09:24 AM,419.6,100,41960.0,348832268.6000005
2025-08-01 10:09:28 AM,419.7,393,164942.1,348997210.7000005
2025-08-01 10:09:30 AM,419.75,0,0.0,348997210.7000005
2025-08-01 10:09:30 AM,419.75,100,41975.0,349039185.7000005
2025-08-01 10:09:34 AM,419.75,17,7135.75,349046321.4500005
2025-08-01 10:09:39 AM,419.8,0,0.0,349046321.4500005
2025-08-01 10:09:40 AM,419.8,135,56673.0,349102994.4500005
2025-08-01 10:09:45 AM,419.75,0,0.0,349102994.4500005
2025-08-01 10:09:46 AM,419.8,0,0.0,349102994.4500005
2025-08-01 10:09:46 AM,419.8,69,28966.2,349131960.6500005
2025-08-01 10:09:47 AM,419.8,227,95294.6,349227255.25000054
2025-08-01 10:09:51 AM,419.9,0,0.0,349227255.25000054
2025-08-01 10:09:51 AM,419.9,10,4199.0,349231454.25000054
2025-08-01 10:09:55 AM,419.75,0,0.0,349231454.25000054
2025-08-01 10:09:57 AM,419.75,1100,461725.0,349693179.25000054
2025-08-01 10:10:10 AM,419.7,1106,464188.2,350157367.4500005
2025-08-01 10:10:12 AM,419.55,0,0.0,350157367.4500005
2025-08-01 10:10:14 AM,419.55,1371,575203.05,350732570.50000054
2025-08-01 10:10:16 AM,419.4,0,0.0,350732570.50000054
2025-08-01 10:10:16 AM,419.4,629,263802.6,350996373.10000056
2025-08-01 10:10:20 AM,419.2,0,0.0,350996373.10000056
2025-08-01 10:10:20 AM,419.2,113,47369.6,351043742.7000006
2025-08-01 10:10:22 AM,419.4,100,41940.0,351085682.7000006
2025-08-01 10:10:26 AM,419.4,117,49069.799999999996,351134752.5000006
2025-08-01 10:10:32 AM,419.3,4,1677.2,351136429.7000006
2025-08-01 10:10:34 AM,419.3,50,20965.0,351157394.7000006
2025-08-01 10:10:36 AM,419.4,0,0.0,351157394.7000006
2025-08-01 10:10:38 AM,419.4,7,2935.7999999999997,351160330.5000006
2025-08-01 10:10:42 AM,419.55,0,0.0,351160330.5000006
2025-08-01 10:10:44 AM,419.8,1344,564211.2000000001,351724541.7000006
2025-08-01 10:10:45 AM,419.55,0,0.0,351724541.7000006
2025-08-01 10:10:46 AM,419.55,44,18460.2,351743001.9000006
2025-08-01 10:10:56 AM,419.75,9,3777.75,351746779.6500006
2025-08-01 10:11:01 AM,419.75,10,4197.5,351750977.1500006
2025-08-01 10:11:02 AM,419.75,8,3358.0,351754335.1500006
2025-08-01 10:11:04 AM,419.9,367,154103.3,351908438.4500006
2025-08-01 10:11:07 AM,420.0,10,4200.0,351912638.4500006
2025-08-01 10:11:08 AM,420.0,33,13860.0,351926498.4500006
2025-08-01 10:11:11 AM,419.85,0,0.0,351926498.4500006
2025-08-01 10:11:11 AM,419.85,1,419.85,351926918.3000006
2025-08-01 10:11:15 AM,419.9,0,0.0,351926918.3000006
2025-08-01 10:11:15 AM,419.9,119,49968.1,351976886.40000063
2025-08-01 10:11:16 AM,420.0,0,0.0,351976886.40000063
2025-08-01 10:11:16 AM,420.0,60,25200.0,352002086.40000063
2025-08-01 10:11:19 AM,419.9,0,0.0,352002086.40000063
2025-08-01 10:11:19 AM,419.9,25,10497.5,352012583.90000063
2025-08-01 10:11:21 AM,420.0,0,0.0,352012583.90000063
2025-08-01 10:11:21 AM,420.0,11,4620.0,352017203.90000063
2025-08-01 10:11:24 AM,420.0,300,126000.0,352143203.90000063
2025-08-01 10:11:26 AM,420.0,300,126000.0,352269203.90000063
2025-08-01 10:11:28 AM,420.0,25,10500.0,352279703.90000063
2025-08-01 10:11:29 AM,420.0,1,420.0,352280123.90000063
2025-08-01 10:11:30 AM,420.0,20,8400.0,352288523.90000063
2025-08-01 10:11:31 AM,420.1,0,0.0,352288523.90000063
2025-08-01 10:11:31 AM,420.1,1225,514622.5,352803146.40000063
2025-08-01 10:11:35 AM,420.15,1,420.15,352803566.5500006
2025-08-01 10:11:37 AM,420.15,11,4621.65,352808188.2000006
2025-08-01 10:11:41 AM,420.15,50,21007.5,352829195.7000006
2025-08-01 10:11:42 AM,420.25,0,0.0,352829195.7000006
2025-08-01 10:11:42 AM,420.2,14,5882.8,352835078.5000006
2025-08-01 10:11:44 AM,420.45,0,0.0,352835078.5000006
2025-08-01 10:11:44 AM,420.45,245,103010.25,352938088.7500006
2025-08-01 10:11:45 AM,420.25,0,0.0,352938088.7500006
2025-08-01 10:11:45 AM,420.45,46,19340.7,352957429.4500006
2025-08-01 10:11:46 AM,420.5,200,84100.0,353041529.4500006
2025-08-01 10:11:47 AM,420.0,2920,1226400.0,354267929.4500006
2025-08-01 10:11:52 AM,419.65,669,280745.85,354548675.3000006
2025-08-01 10:11:53 AM,419.55,125,52443.75,354601119.0500006
2025-08-01 10:11:53 AM,419.7,25,10492.5,354611611.5500006
2025-08-01 10:11:54 AM,419.7,1,419.7,354612031.2500006
2025-08-01 10:11:58 AM,419.7,6,2518.2,354614549.4500006
2025-08-01 10:12:01 AM,419.7,2,839.4,354615388.85000056
2025-08-01 10:12:07 AM,419.65,1,419.65,354615808.50000054
2025-08-01 10:12:12 AM,419.6,0,0.0,354615808.50000054
2025-08-01 10:12:12 AM,419.6,10,4196.0,354620004.50000054
2025-08-01 10:12:13 AM,419.6,1,419.6,354620424.10000056
2025-08-01 10:12:15 AM,419.5,0,0.0,354620424.10000056
2025-08-01 10:12:18 AM,419.6,0,0.0,354620424.10000056
2025-08-01 10:12:18 AM,419.6,210,88116.0,354708540.10000056
2025-08-01 10:12:19 AM,419.8,5,2099.0,354710639.10000056
2025-08-01 10:12:24 AM,419.8,13,5457.400000000001,354716096.50000054
2025-08-01 10:12:30 AM,419.8,5,2099.0,354718195.50000054
2025-08-01 10:12:30 AM,419.8,10,4198.0,354722393.50000054
2025-08-01 10:12:33 AM,419.9,0,0.0,354722393.50000054
2025-08-01 10:12:35 AM,419.9,40,16796.0,354739189.50000054
2025-08-01 10:12:39 AM,419.95,0,0.0,354739189.50000054
2025-08-01 10:12:41 AM,420.0,38,15960.0,354755149.50000054
2025-08-01 10:12:41 AM,419.9,8,3359.2,354758508.7000005
2025-08-01 10:12:45 AM,419.75,0,0.0,354758508.7000005
2025-08-01 10:12:47 AM,419.75,44,18469.0,354776977.7000005
2025-08-01 10:12:51 AM,419.9,0,0.0,354776977.7000005
2025-08-01 10:12:53 AM,419.9,7,2939.2999999999997,354779917.00000054
2025-08-01 10:12:53 AM,419.95,8,3359.6,354783276.60000056
2025-08-01 10:12:59 AM,419.9,1,419.9,354783696.50000054
2025-08-01 10:13:04 AM,419.8,0,0.0,354783696.50000054
2025-08-01 10:13:04 AM,419.4,0,0.0,354783696.50000054
2025-08-01 10:13:04 AM,419.4,3081,1292171.4,356075867.9000005
2025-08-01 10:13:05 AM,419.4,127,53263.799999999996,356129131.7000005
2025-08-01 10:13:09 AM,419.35,0,0.0,356129131.7000005
2025-08-01 10:13:10 AM,419.4,346,145112.4,356274244.1000005
2025-08-01 10:13:15 AM,419.1,0,0.0,356274244.1000005
2025-08-01 10:13:16 AM,419.1,243,101841.3,356376085.4000005
2025-08-01 10:13:21 AM,419.3,0,0.0,356376085.4000005
2025-08-01 10:13:22 AM,419.4,326,136724.4,356512809.8000005
2025-08-01 10:13:24 AM,419.55,0,0.0,356512809.8000005
2025-08-01 10:13:27 AM,419.6,0,0.0,356512809.8000005
2025-08-01 10:13:28 AM,419.6,22,9231.2,356522041.0000005
2025-08-01 10:13:34 AM,419.6,50,20980.0,356543021.0000005
2025-08-01 10:13:46 AM,419.65,153,64206.45,356607227.45000046
2025-08-01 10:13:46 AM,419.65,1,419.65,356607647.10000044
2025-08-01 10:13:48 AM,419.6,0,0.0,356607647.10000044
2025-08-01 10:13:51 AM,419.65,0,0.0,356607647.10000044
2025-08-01 10:13:52 AM,419.75,423,177554.25,356785201.35000044
2025-08-01 10:13:57 AM,419.65,0,0.0,356785201.35000044
2025-08-01 10:13:58 AM,419.75,68,28543.0,356813744.35000044
2025-08-01 10:14:03 AM,419.65,0,0.0,356813744.35000044
2025-08-01 10:14:03 AM,419.65,186,78054.9,356891799.2500004
2025-08-01 10:14:09 AM,419.65,30,12589.5,356904388.7500004
2025-08-01 10:14:12 AM,419.75,0,0.0,356904388.7500004
2025-08-01 10:14:15 AM,419.6,0,0.0,356904388.7500004
2025-08-01 10:14:15 AM,419.6,59,24756.4,356929145.1500004
2025-08-01 10:14:21 AM,419.7,0,0.0,356929145.1500004
2025-08-01 10:14:21 AM,419.7,1,419.7,356929564.8500004
2025-08-01 10:14:26 AM,419.7,3,1259.1,356930823.9500004
2025-08-01 10:14:27 AM,419.7,100,41970.0,356972793.9500004
2025-08-01 10:14:30 AM,419.65,0,0.0,356972793.9500004
2025-08-01 10:14:32 AM,419.65,4,1678.6,356974472.5500004
2025-08-01 10:14:38 AM,419.65,5,2098.25,356976570.8000004
2025-08-01 10:14:42 AM,419.6,0,0.0,356976570.8000004
2025-08-01 10:14:44 AM,419.65,58,24339.699999999997,357000910.5000004
2025-08-01 10:14:45 AM,419.65,44,18464.6,357019375.10000044
2025-08-01 10:14:49 AM,419.65,15,6294.75,357025669.85000044
2025-08-01 10:14:55 AM,419.6,74,31050.4,357056720.2500004
2025-08-01 10:14:56 AM,419.65,0,0.0,357056720.2500004
2025-08-01 10:14:56 AM,419.65,32,13428.8,357070149.0500004
2025-08-01 10:14:58 AM,419.7,0,0.0,357070149.0500004
2025-08-01 10:15:01 AM,419.75,107,44913.25,357115062.3000004
2025-08-01 10:15:12 AM,419.75,29,12172.75,357127235.0500004
2025-08-01 10:15:15 AM,419.7,0,0.0,357127235.0500004
2025-08-01 10:15:18 AM,419.5,0,0.0,357127235.0500004
2025-08-01 10:15:18 AM,419.5,2103,882208.5,358009443.5500004
2025-08-01 10:15:19 AM,419.75,145,60863.75,358070307.3000004
2025-08-01 10:15:24 AM,419.8,0,0.0,358070307.3000004
2025-08-01 10:15:25 AM,419.8,225,94455.0,358164762.3000004
2025-08-01 10:15:31 AM,419.8,207,86898.6,358251660.90000045
2025-08-01 10:15:33 AM,419.75,0,0.0,358251660.90000045
2025-08-01 10:15:37 AM,419.8,29,12174.2,358263835.10000044
2025-08-01 10:15:37 AM,419.8,12,5037.6,358268872.70000046
2025-08-01 10:15:39 AM,419.7,0,0.0,358268872.70000046
2025-08-01 10:15:41 AM,419.8,0,0.0,358268872.70000046
2025-08-01 10:15:43 AM,419.8,272,114185.6,358383058.3000005
2025-08-01 10:15:45 AM,419.7,0,0.0,358383058.3000005
2025-08-01 10:15:49 AM,419.7,44,18466.8,358401525.1000005
2025-08-01 10:15:51 AM,419.75,0,0.0,358401525.1000005
2025-08-01 10:15:53 AM,419.8,0,0.0,358401525.1000005
2025-08-01 10:15:55 AM,419.8,27,11334.6,358412859.7000005
2025-08-01 10:16:00 AM,419.75,0,0.0,358412859.7000005
2025-08-01 10:16:00 AM,419.75,60,25185.0,358438044.7000005
2025-08-01 10:16:02 AM,419.8,0,0.0,358438044.7000005
2025-08-01 10:16:06 AM,419.8,42,17631.600000000002,358455676.30000055
2025-08-01 10:16:12 AM,419.8,29,12174.2,358467850.50000054
2025-08-01 10:16:14 AM,419.75,0,0.0,358467850.50000054
2025-08-01 10:16:15 AM,419.7,0,0.0,358467850.50000054
2025-08-01 10:16:17 AM,419.75,0,0.0,358467850.50000054
2025-08-01 10:16:18 AM,419.75,502,210714.5,358678565.00000054
2025-08-01 10:16:24 AM,419.75,44,18469.0,358697034.00000054
2025-08-01 10:16:30 AM,419.75,419,175875.25,358872909.25000054
2025-08-01 10:16:36 AM,419.75,312,130962.0,359003871.25000054
2025-08-01 10:16:39 AM,419.8,0,0.0,359003871.25000054
2025-08-01 10:16:41 AM,419.8,572,240125.6,359243996.85000056
2025-08-01 10:16:44 AM,419.75,0,0.0,359243996.85000056
2025-08-01 10:16:47 AM,419.75,414,173776.5,359417773.35000056
2025-08-01 10:16:50 AM,419.8,0,0.0,359417773.35000056
2025-08-01 10:16:52 AM,419.75,20,8395.0,359426168.35000056
2025-08-01 10:16:56 AM,419.9,0,0.0,359426168.35000056
2025-08-01 10:16:58 AM,419.9,335,140666.5,359566834.85000056
2025-08-01 10:17:05 AM,420.0,0,0.0,359566834.85000056
2025-08-01 10:17:08 AM,419.9,0,0.0,359566834.85000056
2025-08-01 10:17:09 AM,419.9,26,10917.4,359577752.25000054
2025-08-01 10:17:15 AM,419.75,870,365182.5,359942934.75000054
2025-08-01 10:17:16 AM,419.55,0,0.0,359942934.75000054
2025-08-01 10:17:20 AM,419.5,0,0.0,359942934.75000054
2025-08-01 10:17:21 AM,419.6,339,142244.4,360085179.1500005
2025-08-01 10:17:26 AM,419.6,38,15944.800000000001,360101123.9500005
2025-08-01 10:17:32 AM,419.6,116,48673.600000000006,360149797.55000055
2025-08-01 10:17:38 AM,419.6,20,8392.0,360158189.55000055
2025-08-01 10:17:44 AM,419.6,30,12588.0,360170777.55000055
2025-08-01 10:17:44 AM,419.6,1,419.6,360171197.1500006
2025-08-01 10:17:45 AM,419.5,0,0.0,360171197.1500006
2025-08-01 10:17:50 AM,419.6,64,26854.4,360198051.55000055
2025-08-01 10:17:51 AM,419.65,0,0.0,360198051.55000055
2025-08-01 10:17:54 AM,419.5,0,0.0,360198051.55000055
2025-08-01 10:17:55 AM,419.6,23,9650.800000000001,360207702.35000056
2025-08-01 10:17:58 AM,419.55,0,0.0,360207702.35000056
2025-08-01 10:18:01 AM,419.55,97,40696.35,360248398.7000006
2025-08-01 10:18:07 AM,419.55,1,419.55,360248818.2500006
2025-08-01 10:18:09 AM,419.6,0,0.0,360248818.2500006
2025-08-01 10:18:13 AM,419.4,595,249543.0,360498361.2500006
2025-08-01 10:18:15 AM,419.3,0,0.0,360498361.2500006
2025-08-01 10:18:17 AM,419.4,0,0.0,360498361.2500006
2025-08-01 10:18:19 AM,419.4,45,18873.0,360517234.2500006
2025-08-01 10:18:24 AM,419.35,0,0.0,360517234.2500006
2025-08-01 10:18:24 AM,419.35,5,2096.75,360519331.0000006
2025-08-01 10:18:25 AM,419.35,6,2516.1000000000004,360521847.1000006
2025-08-01 10:18:30 AM,419.3,5022,2105724.6,362627571.70000064
2025-08-01 10:18:32 AM,419.4,0,0.0,362627571.70000064
2025-08-01 10:18:36 AM,419.4,10,4194.0,362631765.70000064
2025-08-01 10:18:41 AM,419.35,0,0.0,362631765.70000064
2025-08-01 10:18:42 AM,419.35,10,4193.5,362635959.20000064
2025-08-01 10:18:46 AM,419.4,0,0.0,362635959.20000064
2025-08-01 10:18:48 AM,419.4,51,21389.399999999998,362657348.6000006
2025-08-01 10:18:49 AM,419.35,0,0.0,362657348.6000006
2025-08-01 10:18:51 AM,419.4,0,0.0,362657348.6000006
2025-08-01 10:18:53 AM,419.4,141,59135.399999999994,362716484.0000006
2025-08-01 10:18:55 AM,419.5,0,0.0,362716484.0000006
2025-08-01 10:18:59 AM,419.55,0,0.0,362716484.0000006
2025-08-01 10:18:59 AM,419.55,69,28948.95,362745432.9500006
2025-08-01 10:19:01 AM,419.5,0,0.0,362745432.9500006
2025-08-01 10:19:04 AM,419.5,14,5873.0,362751305.9500006
2025-08-01 10:19:07 AM,419.7,0,0.0,362751305.9500006
2025-08-01 10:19:10 AM,419.65,0,0.0,362751305.9500006
2025-08-01 10:19:10 AM,419.65,195,81831.75,362833137.7000006
2025-08-01 10:19:13 AM,419.85,0,0.0,362833137.7000006
2025-08-01 10:19:16 AM,419.65,0,0.0,362833137.7000006
2025-08-01 10:19:16 AM,419.65,171,71760.15,362904897.85000056
2025-08-01 10:19:23 AM,419.65,102,42804.299999999996,362947702.1500006
2025-08-01 10:19:25 AM,419.75,0,0.0,362947702.1500006
2025-08-01 10:19:28 AM,419.75,214,89826.5,363037528.6500006
2025-08-01 10:19:33 AM,419.75,1,419.75,363037948.4000006
2025-08-01 10:19:39 AM,419.65,172,72179.8,363110128.2000006
2025-08-01 10:19:40 AM,419.65,5,2098.25,363112226.4500006
2025-08-01 10:19:43 AM,419.75,0,0.0,363112226.4500006
2025-08-01 10:19:45 AM,419.65,61,25598.649999999998,363137825.10000056
2025-08-01 10:19:55 AM,419.75,0,0.0,363137825.10000056
2025-08-01 10:19:56 AM,419.75,10,4197.5,363142022.60000056
2025-08-01 10:20:01 AM,419.85,0,0.0,363142022.60000056
2025-08-01 10:20:01 AM,419.85,100,41985.0,363184007.60000056
2025-08-01 10:20:07 AM,419.85,15,6297.75,363190305.35000056
2025-08-01 10:20:12 AM,419.8,1,419.8,363190725.1500006
2025-08-01 10:20:14 AM,419.8,2,839.6,363191564.7500006
2025-08-01 10:20:16 AM,419.7,0,0.0,363191564.7500006
2025-08-01 10:20:18 AM,419.7,44,18466.8,363210031.5500006
2025-08-01 10:20:22 AM,419.75,0,0.0,363210031.5500006
2025-08-01 10:20:24 AM,419.5,2151,902344.5,364112376.0500006
2025-08-01 10:20:31 AM,419.75,0,0.0,364112376.0500006
2025-08-01 10:20:32 AM,419.75,100,41975.0,364154351.0500006
2025-08-01 10:20:33 AM,419.8,0,0.0,364154351.0500006
2025-08-01 10:20:36 AM,419.8,36,15112.800000000001,364169463.8500006
2025-08-01 10:20:38 AM,419.9,200,83980.0,364253443.8500006
2025-08-01 10:20:39 AM,419.8,0,0.0,364253443.8500006
2025-08-01 10:20:42 AM,419.9,0,0.0,364253443.8500006
2025-08-01 10:20:42 AM,419.9,72,30232.8,364283676.65000063
2025-08-01 10:20:44 AM,419.85,15,6297.75,364289974.40000063
2025-08-01 10:20:45 AM,419.8,0,0.0,364289974.40000063
2025-08-01 10:20:48 AM,419.9,0,0.0,364289974.40000063
2025-08-01 10:20:49 AM,419.9,99,41570.1,364331544.50000066
2025-08-01 10:21:00 AM,419.9,7,2939.2999999999997,364334483.80000067
2025-08-01 10:21:10 AM,419.75,0,0.0,364334483.80000067
2025-08-01 10:21:11 AM,419.75,151,63382.25,364397866.05000067
2025-08-01 10:21:14 AM,419.8,0,0.0,364397866.05000067
2025-08-01 10:21:16 AM,419.65,0,0.0,364397866.05000067
2025-08-01 10:21:16 AM,419.65,59,24759.35,364422625.4000007
2025-08-01 10:21:18 AM,419.8,0,0.0,364422625.4000007
2025-08-01 10:21:18 AM,419.8,1,419.8,364423045.2000007
2025-08-01 10:21:22 AM,419.95,0,0.0,364423045.2000007
2025-08-01 10:21:22 AM,420.0,465,195300.0,364618345.2000007
2025-08-01 10:21:26 AM,420.25,0,0.0,364618345.2000007
2025-08-01 10:21:28 AM,420.2,302,126900.4,364745245.6000007
2025-08-01 10:21:33 AM,420.15,0,0.0,364745245.6000007
2025-08-01 10:21:33 AM,420.15,531,223099.65,364968345.25000066
2025-08-01 10:21:38 AM,420.1,4,1680.4,364970025.65000063
2025-08-01 10:21:39 AM,420.0,0,0.0,364970025.65000063
2025-08-01 10:21:40 AM,420.0,310,130200.0,365100225.65000063
2025-08-01 10:21:44 AM,420.15,45,18906.75,365119132.40000063
2025-08-01 10:21:45 AM,420.0,0,0.0,365119132.40000063
2025-08-01 10:21:46 AM,420.1,79,33187.9,365152320.3000006
2025-08-01 10:21:56 AM,420.15,18,7562.7,365159883.0000006
2025-08-01 10:21:57 AM,420.2,0,0.0,365159883.0000006
2025-08-01 10:21:58 AM,420.2,50,21010.0,365180893.0000006
2025-08-01 10:22:00 AM,419.95,0,0.0,365180893.0000006
2025-08-01 10:22:01 AM,419.95,1281,537955.95,365718848.9500006
2025-08-01 10:22:03 AM,419.95,5,2099.75,365720948.7000006
2025-08-01 10:22:07 AM,419.95,10,4199.5,365725148.2000006
2025-08-01 10:22:08 AM,419.95,5,2099.75,365727247.9500006
2025-08-01 10:22:12 AM,419.95,28,11758.6,365739006.5500006
2025-08-01 10:22:18 AM,419.95,44,18477.8,365757484.3500006
2025-08-01 10:22:24 AM,420.0,0,0.0,365757484.3500006
2025-08-01 10:22:25 AM,419.95,101,42414.95,365799899.3000006
2025-08-01 10:22:27 AM,420.0,2,840.0,365800739.3000006
2025-08-01 10:22:30 AM,420.0,70,29400.0,365830139.3000006
2025-08-01 10:22:32 AM,419.95,15,6299.25,365836438.5500006
2025-08-01 10:22:33 AM,420.0,0,0.0,365836438.5500006
2025-08-01 10:22:36 AM,420.0,5,2100.0,365838538.5500006
2025-08-01 10:22:41 AM,419.95,9,3779.5499999999997,365842318.1000006
2025-08-01 10:22:44 AM,420.1,1012,425141.2,366267459.3000006
2025-08-01 10:22:45 AM,419.95,0,0.0,366267459.3000006
2025-08-01 10:22:47 AM,420.05,66,27723.3,366295182.6000006
2025-08-01 10:22:49 AM,420.05,100,42005.0,366337187.6000006
2025-08-01 10:22:54 AM,420.05,2,840.1,366338027.70000064
2025-08-01 10:22:57 AM,420.05,4,1680.2,366339707.90000063
2025-08-01 10:23:00 AM,419.9,0,0.0,366339707.90000063
2025-08-01 10:23:00 AM,419.9,695,291830.5,366631538.40000063
2025-08-01 10:23:03 AM,419.9,13,5458.7,366636997.1000006
2025-08-01 10:23:05 AM,419.85,0,0.0,366636997.1000006
2025-08-01 10:23:06 AM,419.85,8,3358.8,366640355.90000063
2025-08-01 10:23:12 AM,419.85,100,41985.0,366682340.90000063
2025-08-01 10:23:14 AM,419.75,0,0.0,366682340.90000063
2025-08-01 10:23:14 AM,419.6,61,25595.600000000002,366707936.50000066
2025-08-01 10:23:19 AM,419.7,0,0.0,366707936.50000066
2025-08-01 10:23:20 AM,419.7,76,31897.2,366739833.70000064
2025-08-01 10:23:26 AM,419.7,1,419.7,366740253.40000063
2025-08-01 10:23:37 AM,419.7,63,26441.1,366766694.50000066
2025-08-01 10:23:40 AM,419.7,55,23083.5,366789778.00000066
2025-08-01 10:23:45 AM,419.6,0,0.0,366789778.00000066
2025-08-01 10:23:46 AM,419.65,144,60429.6,366850207.6000007
2025-08-01 10:23:50 AM,419.5,0,0.0,366850207.6000007
2025-08-01 10:23:52 AM,419.5,2500,1048750.0,367898957.6000007
2025-08-01 10:23:54 AM,419.65,0,0.0,367898957.6000007
2025-08-01 10:23:54 AM,419.65,1,419.65,367899377.25000066
2025-08-01 10:23:56 AM,419.75,0,0.0,367899377.25000066
2025-08-01 10:23:57 AM,419.8,35,14693.0,367914070.25000066
2025-08-01 10:24:03 AM,419.8,29,12174.2,367926244.45000064
2025-08-01 10:24:14 AM,419.8,20,8396.0,367934640.45000064
2025-08-01 10:24:15 AM,419.65,0,0.0,367934640.45000064
2025-08-01 10:24:16 AM,419.65,44,18464.6,367953105.05000067
2025-08-01 10:24:17 AM,419.8,0,0.0,367953105.05000067
2025-08-01 10:24:19 AM,419.8,345,144831.0,368097936.05000067
2025-08-01 10:24:25 AM,419.8,9,3778.2000000000003,368101714.25000066
2025-08-01 10:24:29 AM,419.9,0,0.0,368101714.25000066
2025-08-01 10:24:30 AM,419.9,110,46189.0,368147903.25000066
2025-08-01 10:24:32 AM,419.8,0,0.0,368147903.25000066
2025-08-01 10:24:32 AM,419.8,5,2099.0,368150002.25000066
2025-08-01 10:24:35 AM,419.9,0,0.0,368150002.25000066
2025-08-01 10:24:36 AM,419.9,5,2099.5,368152101.75000066
2025-08-01 10:24:38 AM,419.9,150,62985.0,368215086.75000066
2025-08-01 10:24:41 AM,419.9,92,38630.799999999996,368253717.55000067
2025-08-01 10:24:45 AM,419.8,0,0.0,368253717.55000067
2025-08-01 10:24:47 AM,419.8,199,83540.2,368337257.75000066
2025-08-01 10:24:51 AM,419.55,0,0.0,368337257.75000066
2025-08-01 10:24:52 AM,419.55,4,1678.2,368338935.95000064
2025-08-01 10:24:53 AM,419.8,0,0.0,368338935.95000064
2025-08-01 10:24:54 AM,419.8,25,10495.0,368349430.95000064
2025-08-01 10:24:57 AM,419.75,0,0.0,368349430.95000064
2025-08-01 10:24:57 AM,419.75,6,2518.5,368351949.45000064
2025-08-01 10:25:03 AM,419.7,0,0.0,368351949.45000064
2025-08-01 10:25:03 AM,419.7,13,5456.099999999999,368357405.55000067
2025-08-01 10:25:06 AM,419.7,1,419.7,368357825.25000066
2025-08-01 10:25:12 AM,419.7,1,419.7,368358244.95000064
2025-08-01 10:25:15 AM,419.55,0,0.0,368358244.95000064
2025-08-01 10:25:15 AM,419.55,55,23075.25,368381320.20000064
2025-08-01 10:25:18 AM,419.7,0,0.0,368381320.20000064
2025-08-01 10:25:18 AM,419.7,30,12591.0,368393911.20000064
2025-08-01 10:25:21 AM,419.75,0,0.0,368393911.20000064
2025-08-01 10:25:21 AM,419.75,25,10493.75,368404404.95000064
2025-08-01 10:25:22 AM,419.7,0,0.0,368404404.95000064
2025-08-01 10:25:23 AM,419.7,1,419.7,368404824.65000063
2025-08-01 10:25:25 AM,419.75,0,0.0,368404824.65000063
2025-08-01 10:25:27 AM,419.75,1,419.75,368405244.40000063
2025-08-01 10:25:28 AM,419.7,0,0.0,368405244.40000063
2025-08-01 10:25:29 AM,419.7,5,2098.5,368407342.90000063
2025-08-01 10:25:32 AM,419.75,40,16790.0,368424132.90000063
2025-08-01 10:25:34 AM,419.55,0,0.0,368424132.90000063
2025-08-01 10:25:34 AM,419.55,525,220263.75,368644396.65000063
2025-08-01 10:25:40 AM,419.65,0,0.0,368644396.65000063
2025-08-01 10:25:40 AM,419.65,7,2937.5499999999997,368647334.20000064
2025-08-01 10:25:42 AM,419.6,0,0.0,368647334.20000064
2025-08-01 10:25:43 AM,419.65,0,0.0,368647334.20000064
2025-08-01 10:25:43 AM,419.65,20,8393.0,368655727.20000064
2025-08-01 10:25:45 AM,419.6,0,0.0,368655727.20000064
2025-08-01 10:25:46 AM,419.6,54,22658.4,368678385.6000006
2025-08-01 10:25:48 AM,419.65,0,0.0,368678385.6000006
2025-08-01 10:25:49 AM,419.65,12,5035.799999999999,368683421.40000063
2025-08-01 10:25:51 AM,419.95,4715,1980064.25,370663485.65000063
2025-08-01 10:25:54 AM,420.05,0,0.0,370663485.65000063
2025-08-01 10:25:54 AM,420.05,2,840.1,370664325.75000066
2025-08-01 10:26:04 AM,420.15,0,0.0,370664325.75000066
2025-08-01 10:26:05 AM,419.95,1004,421629.8,371085955.55000067
2025-08-01 10:26:08 AM,419.9,0,0.0,371085955.55000067
2025-08-01 10:26:11 AM,419.9,3,1259.6999999999998,371087215.25000066
2025-08-01 10:26:15 AM,419.8,0,0.0,371087215.25000066
2025-08-01 10:26:16 AM,419.9,0,0.0,371087215.25000066
2025-08-01 10:26:16 AM,419.9,60,25194.0,371112409.25000066
2025-08-01 10:26:18 AM,419.9,1,419.9,371112829.15000063
2025-08-01 10:26:22 AM,419.9,21,8817.9,371121647.0500006
2025-08-01 10:26:28 AM,419.9,38,15956.199999999999,371137603.2500006
2025-08-01 10:26:34 AM,419.9,8,3359.2,371140962.4500006
2025-08-01 10:26:36 AM,419.9,15,6298.5,371147260.9500006
2025-08-01 10:26:39 AM,419.9,10,4199.0,371151459.9500006
2025-08-01 10:26:45 AM,419.8,0,0.0,371151459.9500006
2025-08-01 10:26:45 AM,419.8,44,18471.2,371169931.1500006
2025-08-01 10:26:46 AM,419.85,0,0.0,371169931.1500006
2025-08-01 10:26:48 AM,419.8,10,4198.0,371174129.1500006
2025-08-01 10:26:51 AM,419.7,0,0.0,371174129.1500006
2025-08-01 10:26:51 AM,419.7,277,116256.9,371290386.05000055
2025-08-01 10:26:53 AM,419.65,41,17205.649999999998,371307591.7000005
2025-08-01 10:26:55 AM,419.7,0,0.0,371307591.7000005
2025-08-01 10:26:57 AM,419.7,23,9653.1,371317244.80000055
2025-08-01 10:27:02 AM,419.55,295,123767.25,371441012.05000055
2025-08-01 10:27:03 AM,419.6,0,0.0,371441012.05000055
2025-08-01 10:27:05 AM,419.6,140,58744.0,371499756.05000055
2025-08-01 10:27:08 AM,419.6,165,69234.0,371568990.05000055
2025-08-01 10:27:11 AM,419.65,105,44063.25,371613053.30000055
2025-08-01 10:27:15 AM,419.55,0,0.0,371613053.30000055
2025-08-01 10:27:16 AM,419.55,122,51185.1,371664238.4000006
2025-08-01 10:27:21 AM,419.7,0,0.0,371664238.4000006
2025-08-01 10:27:22 AM,419.7,1,419.7,371664658.10000056
2025-08-01 10:27:27 AM,419.5,0,0.0,371664658.10000056
2025-08-01 10:27:27 AM,419.5,440,184580.0,371849238.10000056
2025-08-01 10:27:28 AM,419.55,0,0.0,371849238.10000056
2025-08-01 10:27:30 AM,419.6,0,0.0,371849238.10000056
2025-08-01 10:27:30 AM,419.4,1070,448758.0,372297996.10000056
2025-08-01 10:27:33 AM,419.45,0,0.0,372297996.10000056
2025-08-01 10:27:33 AM,419.45,23,9647.35,372307643.4500006
2025-08-01 10:27:41 AM,419.4,5,2097.0,372309740.4500006
2025-08-01 10:27:46 AM,419.4,109,45714.6,372355455.0500006
2025-08-01 10:27:49 AM,419.45,1,419.45,372355874.5000006
2025-08-01 10:27:51 AM,419.55,0,0.0,372355874.5000006
2025-08-01 10:27:52 AM,419.55,15,6293.25,372362167.7500006
2025-08-01 10:27:55 AM,419.55,50,20977.5,372383145.2500006
2025-08-01 10:27:56 AM,419.5,0,0.0,372383145.2500006
2025-08-01 10:27:57 AM,419.5,5,2097.5,372385242.7500006
2025-08-01 10:28:08 AM,419.55,0,0.0,372385242.7500006
2025-08-01 10:28:08 AM,419.55,11,4615.05,372389857.8000006
2025-08-01 10:28:11 AM,419.55,10,4195.5,372394053.3000006
2025-08-01 10:28:12 AM,419.4,0,0.0,372394053.3000006
2025-08-01 10:28:13 AM,419.55,0,0.0,372394053.3000006
2025-08-01 10:28:13 AM,419.55,87,36500.85,372430554.15000063
2025-08-01 10:28:15 AM,419.4,0,0.0,372430554.15000063
2025-08-01 10:28:16 AM,419.4,44,18453.6,372449007.75000066
2025-08-01 10:28:18 AM,419.55,0,0.0,372449007.75000066
2025-08-01 10:28:19 AM,419.55,16,6712.8,372455720.55000067
2025-08-01 10:28:22 AM,419.55,1,419.55,372456140.1000007
2025-08-01 10:28:27 AM,419.5,1,419.5,372456559.6000007
2025-08-01 10:28:33 AM,419.5,22,9229.0,372465788.6000007
2025-08-01 10:28:38 AM,419.5,21,8809.5,372474598.1000007
2025-08-01 10:28:40 AM,419.35,0,0.0,372474598.1000007
2025-08-01 10:28:41 AM,419.3,727,304831.10000000003,372779429.2000007
2025-08-01 10:28:46 AM,419.25,0,0.0,372779429.2000007
2025-08-01 10:28:47 AM,419.25,291,122001.75,372901430.9500007
2025-08-01 10:28:49 AM,419.25,75,31443.75,372932874.7000007
2025-08-01 10:28:52 AM,419.2,0,0.0,372932874.7000007
2025-08-01 10:28:53 AM,419.2,16,6707.2,372939581.9000007
2025-08-01 10:28:55 AM,419.25,0,0.0,372939581.9000007
2025-08-01 10:28:55 AM,419.25,6,2515.5,372942097.4000007
2025-08-01 10:28:58 AM,419.2,0,0.0,372942097.4000007
2025-08-01 10:28:58 AM,419.2,15,6288.0,372948385.4000007
2025-08-01 10:29:00 AM,419.2,100,41920.0,372990305.4000007
2025-08-01 10:29:01 AM,419.25,0,0.0,372990305.4000007
2025-08-01 10:29:03 AM,419.25,181,75884.25,373066189.6500007
2025-08-01 10:29:06 AM,419.25,61,25574.25,373091763.9000007
2025-08-01 10:29:07 AM,419.3,0,0.0,373091763.9000007
2025-08-01 10:29:09 AM,419.3,1,419.3,373092183.2000007
2025-08-01 10:29:12 AM,419.3,2,838.6,373093021.8000007
2025-08-01 10:29:15 AM,419.2,0,0.0,373093021.8000007
2025-08-01 10:29:15 AM,419.3,0,0.0,373093021.8000007
2025-08-01 10:29:15 AM,419.3,424,177783.2,373270805.0000007
2025-08-01 10:29:17 AM,419.3,102,42768.6,373313573.60000074
2025-08-01 10:29:20 AM,419.3,84,35221.200000000004,373348794.8000007
2025-08-01 10:29:23 AM,419.3,54,22642.2,373371437.0000007
2025-08-01 10:29:26 AM,419.3,1000,419300.0,373790737.0000007
2025-08-01 10:29:28 AM,419.25,2,838.5,373791575.5000007
2025-08-01 10:29:29 AM,419.35,0,0.0,373791575.5000007
2025-08-01 10:29:31 AM,419.3,55,23061.5,373814637.0000007
2025-08-01 10:29:35 AM,419.5,0,0.0,373814637.0000007
2025-08-01 10:29:37 AM,419.4,0,0.0,373814637.0000007
2025-08-01 10:29:37 AM,419.4,497,208441.8,374023078.8000007
2025-08-01 10:29:41 AM,419.5,0,0.0,374023078.8000007
2025-08-01 10:29:42 AM,419.5,16,6712.0,374029790.8000007
2025-08-01 10:29:45 AM,419.5,45,18877.5,374048668.3000007
2025-08-01 10:29:47 AM,419.7,0,0.0,374048668.3000007
2025-08-01 10:29:48 AM,419.7,1,419.7,374049088.0000007
2025-08-01 10:29:50 AM,419.7,3,1259.1,374050347.10000074
2025-08-01 10:29:53 AM,419.7,10,4197.0,374054544.10000074
2025-08-01 10:30:02 AM,419.7,10,4197.0,374058741.10000074
2025-08-01 10:30:04 AM,419.75,0,0.0,374058741.10000074
2025-08-01 10:30:04 AM,419.7,14,5875.8,374064616.90000075
2025-08-01 10:30:07 AM,419.7,86,36094.2,374100711.10000074
2025-08-01 10:30:14 AM,419.8,0,0.0,374100711.10000074
2025-08-01 10:30:16 AM,419.7,45,18886.5,374119597.60000074
2025-08-01 10:30:19 AM,419.8,151,63389.8,374182987.40000075
2025-08-01 10:30:20 AM,419.7,0,0.0,374182987.40000075
2025-08-01 10:30:20 AM,419.8,0,0.0,374182987.40000075
2025-08-01 10:30:22 AM,419.9,320,134368.0,374317355.40000075
2025-08-01 10:30:26 AM,419.7,0,0.0,374317355.40000075
2025-08-01 10:30:27 AM,419.7,165,69250.5,374386605.90000075
2025-08-01 10:30:29 AM,419.8,0,0.0,374386605.90000075
2025-08-01 10:30:30 AM,419.8,501,210319.80000000002,374596925.70000076
2025-08-01 10:30:36 AM,419.65,145,60849.25,374657774.95000076
2025-08-01 10:30:39 AM,419.8,0,0.0,374657774.95000076
2025-08-01 10:30:39 AM,419.8,2,839.6,374658614.5500008
2025-08-01 10:30:42 AM,419.8,10,4198.0,374662812.5500008
2025-08-01 10:30:44 AM,419.75,0,0.0,374662812.5500008
2025-08-01 10:30:44 AM,419.65,46,19303.899999999998,374682116.45000076
2025-08-01 10:30:51 AM,419.8,0,0.0,374682116.45000076
2025-08-01 10:30:53 AM,419.8,7,2938.6,374685055.0500008
2025-08-01 10:30:57 AM,419.15,0,0.0,374685055.0500008
2025-08-01 10:30:59 AM,419.15,2822,1182841.3,375867896.3500008
2025-08-01 10:31:01 AM,419.65,0,0.0,375867896.3500008
2025-08-01 10:31:01 AM,419.65,19,7973.349999999999,375875869.7000008
2025-08-01 10:31:05 AM,419.8,52,21829.600000000002,375897699.30000085
2025-08-01 10:31:07 AM,419.8,200,83960.0,375981659.30000085
2025-08-01 10:31:09 AM,419.75,0,0.0,375981659.30000085
2025-08-01 10:31:09 AM,419.8,0,0.0,375981659.30000085
2025-08-01 10:31:11 AM,419.8,21,8815.800000000001,375990475.10000086
2025-08-01 10:31:13 AM,419.8,2,839.6,375991314.7000009
2025-08-01 10:31:16 AM,419.7,0,0.0,375991314.7000009
2025-08-01 10:31:16 AM,419.8,0,0.0,375991314.7000009
2025-08-01 10:31:17 AM,419.8,54,22669.2,376013983.9000009
2025-08-01 10:31:19 AM,419.8,45,18891.0,376032874.9000009
2025-08-01 10:31:22 AM,419.8,11,4617.8,376037492.7000009
2025-08-01 10:31:28 AM,419.8,11,4617.8,376042110.5000009
