date,price,qty,trnvr,cum_trnvr
2025-08-01 09:15:01 AM,242.84,18534,4500796.5600000005,4500796.5600000005
2025-08-01 09:15:02 AM,242.84,3562,864996.08,5365792.640000001
2025-08-01 09:15:11 AM,242.15,0,0.0,5365792.640000001
2025-08-01 09:15:12 AM,242.15,18766,4544186.9,9909979.540000001
2025-08-01 09:15:14 AM,242.11,26,6294.860000000001,9916274.4
2025-08-01 09:15:20 AM,243.24,0,0.0,9916274.4
2025-08-01 09:15:21 AM,243.23,0,0.0,9916274.4
2025-08-01 09:15:23 AM,243.35,19974,4860672.899999999,14776947.3
2025-08-01 09:15:24 AM,243.11,500,121555.0,14898502.3
2025-08-01 09:15:27 AM,243.5,0,0.0,14898502.3
2025-08-01 09:15:30 AM,243.58,0,0.0,14898502.3
2025-08-01 09:15:32 AM,243.8,5914,1441833.2,16340335.5
2025-08-01 09:15:33 AM,243.87,855,208508.85,16548844.35
2025-08-01 09:15:39 AM,243.79,0,0.0,16548844.35
2025-08-01 09:15:40 AM,243.79,6417,1564400.43,18113244.78
2025-08-01 09:15:42 AM,244.1,5553,1355487.3,19468732.080000002
2025-08-01 09:15:43 AM,244.39,0,0.0,19468732.080000002
2025-08-01 09:15:47 AM,244.2,0,0.0,19468732.080000002
2025-08-01 09:15:48 AM,244.2,3947,963857.3999999999,20432589.48
2025-08-01 09:15:50 AM,244.2,510,124542.0,20557131.48
2025-08-01 09:15:52 AM,243.95,0,0.0,20557131.48
2025-08-01 09:15:55 AM,243.84,0,0.0,20557131.48
2025-08-01 09:15:56 AM,243.93,8922,2176343.46,22733474.94
2025-08-01 09:15:58 AM,243.83,1000,243830.0,22977304.94
2025-08-01 09:16:01 AM,243.7,0,0.0,22977304.94
2025-08-01 09:16:04 AM,243.74,0,0.0,22977304.94
2025-08-01 09:16:05 AM,243.7,6595,1607201.5,24584506.44
2025-08-01 09:16:06 AM,243.75,3185,776343.75,25360850.19
2025-08-01 09:16:09 AM,243.7,0,0.0,25360850.19
2025-08-01 09:16:13 AM,243.8,5252,1280437.6,26641287.790000003
2025-08-01 09:16:14 AM,243.95,500,121975.0,26763262.790000003
2025-08-01 09:16:15 AM,243.52,0,0.0,26763262.790000003
2025-08-01 09:16:18 AM,243.5,0,0.0,26763262.790000003
2025-08-01 09:16:21 AM,243.74,1840,448481.60000000003,27211744.390000004
2025-08-01 09:16:22 AM,243.65,33,8040.45,27219784.840000004
2025-08-01 09:16:26 AM,243.6,0,0.0,27219784.840000004
2025-08-01 09:16:28 AM,244.0,0,0.0,27219784.840000004
2025-08-01 09:16:29 AM,244.07,10881,2655725.67,29875510.510000005
2025-08-01 09:16:31 AM,244.59,2841,694880.1900000001,30570390.700000007
2025-08-01 09:16:36 AM,244.39,0,0.0,30570390.700000007
2025-08-01 09:16:37 AM,244.32,0,0.0,30570390.700000007
2025-08-01 09:16:37 AM,244.32,8890,2172004.8,32742395.500000007
2025-08-01 09:16:39 AM,243.78,400,97512.0,32839907.500000007
2025-08-01 09:16:45 AM,244.11,0,0.0,32839907.500000007
2025-08-01 09:16:46 AM,244.11,3388,827044.68,33666952.18000001
2025-08-01 09:16:47 AM,244.01,5889,1436974.89,35103927.07000001
2025-08-01 09:16:48 AM,244.32,0,0.0,35103927.07000001
2025-08-01 09:16:54 AM,244.28,1472,359580.16,35463507.230000004
2025-08-01 09:16:55 AM,244.28,2,488.56,35463995.79000001
2025-08-01 09:16:57 AM,244.24,0,0.0,35463995.79000001
2025-08-01 09:17:02 AM,244.2,3697,902807.3999999999,36366803.190000005
2025-08-01 09:17:03 AM,244.2,830,202686.0,36569489.190000005
2025-08-01 09:17:04 AM,244.3,0,0.0,36569489.190000005
2025-08-01 09:17:06 AM,244.34,0,0.0,36569489.190000005
2025-08-01 09:17:10 AM,244.89,5036,1233266.04,37802755.230000004
2025-08-01 09:17:13 AM,244.63,0,0.0,37802755.230000004
2025-08-01 09:17:15 AM,244.89,0,0.0,37802755.230000004
2025-08-01 09:17:19 AM,244.9,3906,956579.4,38759334.63
2025-08-01 09:17:20 AM,244.89,300,73467.0,38832801.63
2025-08-01 09:17:22 AM,245.01,0,0.0,38832801.63
2025-08-01 09:17:24 AM,245.0,0,0.0,38832801.63
2025-08-01 09:17:27 AM,244.67,10166,2487315.2199999997,41320116.85
2025-08-01 09:17:28 AM,244.35,125,30543.75,41350660.6
2025-08-01 09:17:30 AM,244.52,0,0.0,41350660.6
2025-08-01 09:17:32 AM,244.74,0,0.0,41350660.6
2025-08-01 09:17:35 AM,244.44,5312,1298465.28,42649125.88
2025-08-01 09:17:38 AM,244.67,0,0.0,42649125.88
2025-08-01 09:17:40 AM,244.92,0,0.0,42649125.88
2025-08-01 09:17:44 AM,244.57,9477,2317789.89,44966915.77
2025-08-01 09:17:47 AM,244.56,0,0.0,44966915.77
2025-08-01 09:17:49 AM,244.21,0,0.0,44966915.77
2025-08-01 09:17:52 AM,244.53,8120,1985583.6,46952499.370000005
2025-08-01 09:17:53 AM,244.26,795,194186.69999999998,47146686.07000001
2025-08-01 09:17:56 AM,244.33,0,0.0,47146686.07000001
2025-08-01 09:17:58 AM,244.2,0,0.0,47146686.07000001
2025-08-01 09:18:00 AM,244.34,1947,475729.98,47622416.050000004
2025-08-01 09:18:01 AM,244.33,4215,1029850.9500000001,48652267.00000001
2025-08-01 09:18:04 AM,244.01,0,0.0,48652267.00000001
2025-08-01 09:18:06 AM,244.25,0,0.0,48652267.00000001
2025-08-01 09:18:08 AM,244.02,216,52708.32,48704975.32000001
2025-08-01 09:18:10 AM,244.29,2442,596556.1799999999,49301531.50000001
2025-08-01 09:18:12 AM,244.0,0,0.0,49301531.50000001
2025-08-01 09:18:14 AM,244.28,0,0.0,49301531.50000001
2025-08-01 09:18:17 AM,244.03,1643,400941.29,49702472.79000001
2025-08-01 09:18:22 AM,244.27,0,0.0,49702472.79000001
2025-08-01 09:18:25 AM,244.45,1289,315096.05,50017568.84
2025-08-01 09:18:26 AM,244.56,409,100025.04000000001,50117593.88
2025-08-01 09:18:28 AM,244.68,0,0.0,50117593.88
2025-08-01 09:18:30 AM,244.5,0,0.0,50117593.88
2025-08-01 09:18:33 AM,244.56,1629,398388.24,50515982.120000005
2025-08-01 09:18:34 AM,244.7,200,48940.0,50564922.120000005
2025-08-01 09:18:36 AM,244.76,0,0.0,50564922.120000005
2025-08-01 09:18:38 AM,245.0,0,0.0,50564922.120000005
2025-08-01 09:18:41 AM,245.3,11096,2721848.8000000003,53286770.92
2025-08-01 09:18:44 AM,245.07,0,0.0,53286770.92
2025-08-01 09:18:46 AM,245.29,0,0.0,53286770.92
2025-08-01 09:18:50 AM,245.21,1887,462711.27,53749482.190000005
2025-08-01 09:18:51 AM,245.4,78,19141.2,53768623.39000001
2025-08-01 09:18:54 AM,245.3,0,0.0,53768623.39000001
2025-08-01 09:18:58 AM,245.21,1339,328336.19,54096959.580000006
2025-08-01 09:18:59 AM,245.0,3176,778120.0,54875079.580000006
2025-08-01 09:19:00 AM,245.16,0,0.0,54875079.580000006
2025-08-01 09:19:02 AM,245.15,0,0.0,54875079.580000006
2025-08-01 09:19:06 AM,244.98,3960,970120.7999999999,55845200.38
2025-08-01 09:19:07 AM,245.27,1907,467729.89,56312930.27
2025-08-01 09:19:14 AM,245.0,320,78400.0,56391330.27
2025-08-01 09:19:15 AM,245.1,5,1225.5,56392555.77
2025-08-01 09:19:16 AM,245.2,0,0.0,56392555.77
2025-08-01 09:19:18 AM,245.23,0,0.0,56392555.77
2025-08-01 09:19:22 AM,245.2,8361,2050117.2,58442672.970000006
2025-08-01 09:19:25 AM,245.25,0,0.0,58442672.970000006
2025-08-01 09:19:30 AM,245.25,680,166770.0,58609442.970000006
2025-08-01 09:19:31 AM,245.16,1058,259379.28,58868822.25000001
2025-08-01 09:19:33 AM,245.21,0,0.0,58868822.25000001
2025-08-01 09:19:38 AM,245.05,6829,1673446.4500000002,60542268.70000001
2025-08-01 09:19:38 AM,245.24,0,0.0,60542268.70000001
2025-08-01 09:19:40 AM,245.36,400,98144.0,60640412.70000001
2025-08-01 09:19:46 AM,245.24,37,9073.880000000001,60649486.58000001
2025-08-01 09:19:47 AM,245.48,0,0.0,60649486.58000001
2025-08-01 09:19:48 AM,245.48,20,4909.599999999999,60654396.180000015
2025-08-01 09:19:54 AM,245.47,1763,432763.61,61087159.790000014
2025-08-01 09:19:54 AM,245.49,0,0.0,61087159.790000014
2025-08-01 09:19:56 AM,245.49,150,36823.5,61123983.290000014
2025-08-01 09:20:02 AM,245.31,1593,390778.83,61514762.12000001
2025-08-01 09:20:02 AM,245.49,0,0.0,61514762.12000001
2025-08-01 09:20:04 AM,245.4,3002,736690.8,62251452.92000001
2025-08-01 09:20:09 AM,244.98,0,0.0,62251452.92000001
2025-08-01 09:20:10 AM,245.0,21083,5165335.0,67416787.92000002
2025-08-01 09:20:12 AM,245.0,750,183750.0,67600537.92000002
2025-08-01 09:20:16 AM,244.89,0,0.0,67600537.92000002
2025-08-01 09:20:18 AM,244.89,1025,251012.25,67851550.17000002
2025-08-01 09:20:23 AM,244.83,0,0.0,67851550.17000002
2025-08-01 09:20:26 AM,245.0,413,101185.0,67952735.17000002
2025-08-01 09:20:27 AM,245.06,6067,1486779.02,69439514.19000001
2025-08-01 09:20:30 AM,245.27,0,0.0,69439514.19000001
2025-08-01 09:20:34 AM,245.03,2587,633892.61,70073406.80000001
2025-08-01 09:20:34 AM,245.02,0,0.0,70073406.80000001
2025-08-01 09:20:35 AM,245.01,510,124955.09999999999,70198361.9
2025-08-01 09:20:37 AM,244.95,0,0.0,70198361.9
2025-08-01 09:20:40 AM,245.0,0,0.0,70198361.9
2025-08-01 09:20:42 AM,245.0,1943,476035.0,70674396.9
2025-08-01 09:20:43 AM,245.0,100,24500.0,70698896.9
2025-08-01 09:20:49 AM,245.06,1053,258048.18,70956945.08000001
2025-08-01 09:20:51 AM,245.2,0,0.0,70956945.08000001
2025-08-01 09:20:55 AM,245.01,0,0.0,70956945.08000001
2025-08-01 09:20:57 AM,245.25,2520,618030.0,71574975.08000001
2025-08-01 09:21:02 AM,245.0,0,0.0,71574975.08000001
2025-08-01 09:21:04 AM,244.99,0,0.0,71574975.08000001
2025-08-01 09:21:05 AM,244.99,2016,493899.84,72068874.92000002
2025-08-01 09:21:09 AM,245.08,0,0.0,72068874.92000002
2025-08-01 09:21:13 AM,245.08,1033,253167.64,72322042.56000002
2025-08-01 09:21:14 AM,245.08,4,980.32,72323022.88000001
2025-08-01 09:21:17 AM,245.14,0,0.0,72323022.88000001
2025-08-01 09:21:20 AM,245.01,138,33811.38,72356834.26
2025-08-01 09:21:23 AM,245.2,0,0.0,72356834.26
2025-08-01 09:21:28 AM,245.0,2007,491715.0,72848549.26
2025-08-01 09:21:29 AM,245.18,0,0.0,72848549.26
2025-08-01 09:21:31 AM,245.2,0,0.0,72848549.26
2025-08-01 09:21:35 AM,245.0,0,0.0,72848549.26
2025-08-01 09:21:36 AM,245.0,919,225155.0,73073704.26
2025-08-01 09:21:37 AM,245.0,2502,612990.0,73686694.26
2025-08-01 09:21:44 AM,245.0,225,55125.0,73741819.26
2025-08-01 09:21:47 AM,244.85,0,0.0,73741819.26
2025-08-01 09:21:50 AM,244.97,0,0.0,73741819.26
2025-08-01 09:21:51 AM,244.83,9029,2210570.0700000003,75952389.33000001
2025-08-01 09:21:52 AM,244.74,88,21537.120000000003,75973926.45000002
2025-08-01 09:21:54 AM,244.6,0,0.0,75973926.45000002
2025-08-01 09:21:58 AM,244.5,0,0.0,75973926.45000002
2025-08-01 09:21:59 AM,244.5,303,74083.5,76048009.95000002
2025-08-01 09:22:00 AM,244.5,10,2445.0,76050454.95000002
2025-08-01 09:22:02 AM,244.42,0,0.0,76050454.95000002
2025-08-01 09:22:05 AM,244.52,0,0.0,76050454.95000002
2025-08-01 09:22:06 AM,244.52,609,148912.68,76199367.63000003
2025-08-01 09:22:08 AM,244.54,550,134497.0,76333864.63000003
2025-08-01 09:22:11 AM,244.46,0,0.0,76333864.63000003
2025-08-01 09:22:14 AM,244.22,595,145310.9,76479175.53000003
2025-08-01 09:22:15 AM,244.41,1000,244410.0,76723585.53000003
2025-08-01 09:22:16 AM,244.12,0,0.0,76723585.53000003
2025-08-01 09:22:19 AM,244.27,0,0.0,76723585.53000003
2025-08-01 09:22:22 AM,244.27,2233,545454.91,77269040.44000003
2025-08-01 09:22:22 AM,244.32,0,0.0,77269040.44000003
2025-08-01 09:22:23 AM,244.32,1200,293184.0,77562224.44000003
2025-08-01 09:22:29 AM,244.09,626,152800.34,77715024.78000003
2025-08-01 09:22:37 AM,244.14,38,9277.32,77724302.10000002
2025-08-01 09:22:39 AM,244.1,1500,366150.0,78090452.10000002
2025-08-01 09:22:39 AM,244.32,0,0.0,78090452.10000002
2025-08-01 09:22:44 AM,244.15,0,0.0,78090452.10000002
2025-08-01 09:22:45 AM,244.15,785,191657.75,78282109.85000002
2025-08-01 09:22:45 AM,244.04,0,0.0,78282109.85000002
2025-08-01 09:22:46 AM,244.04,2300,561292.0,78843401.85000002
2025-08-01 09:22:50 AM,244.14,0,0.0,78843401.85000002
2025-08-01 09:22:52 AM,244.23,1765,431065.94999999995,79274467.80000003
2025-08-01 09:22:54 AM,244.24,3,732.72,79275200.52000003
2025-08-01 09:22:56 AM,244.15,0,0.0,79275200.52000003
2025-08-01 09:23:00 AM,244.15,11,2685.65,79277886.17000003
2025-08-01 09:23:06 AM,244.2,0,0.0,79277886.17000003
2025-08-01 09:23:07 AM,244.2,196,47863.2,79325749.37000003
2025-08-01 09:23:10 AM,244.11,0,0.0,79325749.37000003
2025-08-01 09:23:15 AM,244.15,580,141607.0,79467356.37000003
2025-08-01 09:23:17 AM,244.29,1214,296568.06,79763924.43000004
2025-08-01 09:23:23 AM,244.42,2112,516215.04,80280139.47000004
2025-08-01 09:23:24 AM,244.27,0,0.0,80280139.47000004
2025-08-01 09:23:24 AM,244.27,8,1954.16,80282093.63000004
2025-08-01 09:23:30 AM,244.25,402,98188.5,80380282.13000004
2025-08-01 09:23:32 AM,244.43,410,100216.3,80480498.43000004
2025-08-01 09:23:38 AM,244.44,1020,249328.8,80729827.23000003
2025-08-01 09:23:40 AM,244.2,630,153846.0,80883673.23000003
2025-08-01 09:23:44 AM,244.18,0,0.0,80883673.23000003
2025-08-01 09:23:45 AM,244.4,11240,2747056.0,83630729.23000003
2025-08-01 09:23:47 AM,244.32,1310,320059.2,83950788.43000004
2025-08-01 09:23:50 AM,244.25,0,0.0,83950788.43000004
2025-08-01 09:23:53 AM,244.3,150,36645.0,83987433.43000004
2025-08-01 09:23:55 AM,244.25,56,13678.0,84001111.43000004
2025-08-01 09:24:02 AM,244.24,13,3175.12,84004286.55000004
2025-08-01 09:24:03 AM,244.13,0,0.0,84004286.55000004
2025-08-01 09:24:09 AM,244.13,294,71774.22,84076060.77000004
2025-08-01 09:24:10 AM,244.25,50,12212.5,84088273.27000004
2025-08-01 09:24:11 AM,244.13,0,0.0,84088273.27000004
2025-08-01 09:24:16 AM,244.15,682,166510.30000000002,84254783.57000004
2025-08-01 09:24:23 AM,244.4,0,0.0,84254783.57000004
2025-08-01 09:24:24 AM,244.4,125,30550.0,84285333.57000004
2025-08-01 09:24:25 AM,244.41,218,53281.38,84338614.95000003
2025-08-01 09:24:29 AM,244.35,0,0.0,84338614.95000003
2025-08-01 09:24:31 AM,244.25,5824,1422512.0,85761126.95000003
2025-08-01 09:24:33 AM,244.31,100,24431.0,85785557.95000003
2025-08-01 09:24:41 AM,243.99,6474,1579591.26,87365149.21000004
2025-08-01 09:24:46 AM,243.95,100,24395.0,87389544.21000004
2025-08-01 09:24:48 AM,243.77,456,111159.12000000001,87500703.33000004
2025-08-01 09:24:53 AM,243.74,0,0.0,87500703.33000004
2025-08-01 09:24:54 AM,243.74,550,134057.0,87634760.33000004
2025-08-01 09:24:56 AM,243.81,551,134339.31,87769099.64000005
2025-08-01 09:25:01 AM,243.74,4139,1008839.86,88777939.50000004
2025-08-01 09:25:08 AM,243.7,0,0.0,88777939.50000004
2025-08-01 09:25:09 AM,243.7,1649,401861.3,89179800.80000004
2025-08-01 09:25:09 AM,243.6,0,0.0,89179800.80000004
2025-08-01 09:25:11 AM,243.6,1205,293538.0,89473338.80000004
2025-08-01 09:25:14 AM,243.59,0,0.0,89473338.80000004
2025-08-01 09:25:16 AM,243.35,360,87606.0,89560944.80000004
2025-08-01 09:25:18 AM,243.5,700,170450.0,89731394.80000004
2025-08-01 09:25:20 AM,243.55,0,0.0,89731394.80000004
2025-08-01 09:25:21 AM,243.54,0,0.0,89731394.80000004
2025-08-01 09:25:24 AM,243.36,1012,246280.32,89977675.12000003
2025-08-01 09:25:26 AM,243.35,100,24335.0,90002010.12000003
2025-08-01 09:25:31 AM,243.36,1373,334133.28,90336143.40000004
2025-08-01 09:25:32 AM,243.39,0,0.0,90336143.40000004
2025-08-01 09:25:33 AM,243.39,1048,255072.71999999997,90591216.12000003
2025-08-01 09:25:38 AM,243.36,0,0.0,90591216.12000003
2025-08-01 09:25:39 AM,243.36,3300,803088.0,91394304.12000003
2025-08-01 09:25:39 AM,243.58,0,0.0,91394304.12000003
2025-08-01 09:25:41 AM,243.4,300,73020.0,91467324.12000003
2025-08-01 09:25:46 AM,243.36,362,88096.32,91555420.44000003
2025-08-01 09:25:48 AM,243.38,5107,1242941.66,92798362.10000002
2025-08-01 09:25:49 AM,243.4,0,0.0,92798362.10000002
2025-08-01 09:25:54 AM,243.4,2539,617992.6,93416354.70000002
2025-08-01 09:25:56 AM,243.25,661,160788.25,93577142.95000002
2025-08-01 09:26:01 AM,243.58,641,156134.78,93733277.73000002
2025-08-01 09:26:02 AM,243.54,0,0.0,93733277.73000002
2025-08-01 09:26:03 AM,243.4,206,50140.4,93783418.13000003
2025-08-01 09:26:08 AM,243.55,0,0.0,93783418.13000003
2025-08-01 09:26:09 AM,243.55,53,12908.150000000001,93796326.28000003
2025-08-01 09:26:11 AM,243.32,300,72996.0,93869322.28000003
2025-08-01 09:26:15 AM,243.44,0,0.0,93869322.28000003
2025-08-01 09:26:17 AM,243.53,1025,249618.25,94118940.53000003
2025-08-01 09:26:21 AM,243.4,0,0.0,94118940.53000003
2025-08-01 09:26:25 AM,243.41,225,54767.25,94173707.78000003
2025-08-01 09:26:26 AM,243.4,1210,294514.0,94468221.78000003
2025-08-01 09:26:31 AM,243.56,0,0.0,94468221.78000003
2025-08-01 09:26:32 AM,243.56,41,9985.960000000001,94478207.74000002
2025-08-01 09:26:36 AM,243.74,0,0.0,94478207.74000002
2025-08-01 09:26:39 AM,243.6,0,0.0,94478207.74000002
2025-08-01 09:26:40 AM,243.6,207,50425.2,94528632.94000003
2025-08-01 09:26:45 AM,243.87,0,0.0,94528632.94000003
2025-08-01 09:26:47 AM,243.87,435,106083.45,94634716.39000003
2025-08-01 09:26:51 AM,243.73,0,0.0,94634716.39000003
2025-08-01 09:26:54 AM,243.9,0,0.0,94634716.39000003
2025-08-01 09:26:55 AM,243.9,1016,247802.4,94882518.79000004
2025-08-01 09:26:56 AM,243.9,93,22682.7,94905201.49000004
2025-08-01 09:26:58 AM,243.99,0,0.0,94905201.49000004
2025-08-01 09:27:00 AM,243.98,0,0.0,94905201.49000004
2025-08-01 09:27:02 AM,243.98,268,65386.64,94970588.13000004
2025-08-01 09:27:05 AM,243.79,0,0.0,94970588.13000004
2025-08-01 09:27:10 AM,244.0,1117,272548.0,95243136.13000004
2025-08-01 09:27:11 AM,243.9,5,1219.5,95244355.63000004
2025-08-01 09:27:11 AM,243.76,0,0.0,95244355.63000004
2025-08-01 09:27:12 AM,243.74,0,0.0,95244355.63000004
2025-08-01 09:27:16 AM,243.94,0,0.0,95244355.63000004
2025-08-01 09:27:17 AM,243.94,201,49031.94,95293387.57000004
2025-08-01 09:27:21 AM,243.75,0,0.0,95293387.57000004
2025-08-01 09:27:22 AM,243.83,0,0.0,95293387.57000004
2025-08-01 09:27:25 AM,243.79,3311,807188.69,96100576.26000004
2025-08-01 09:27:26 AM,243.84,490,119481.6,96220057.86000003
2025-08-01 09:27:26 AM,243.83,0,0.0,96220057.86000003
2025-08-01 09:27:27 AM,243.79,0,0.0,96220057.86000003
2025-08-01 09:27:31 AM,243.78,0,0.0,96220057.86000003
2025-08-01 09:27:32 AM,243.78,137,33397.86,96253455.72000003
2025-08-01 09:27:33 AM,243.76,50,12188.0,96265643.72000003
2025-08-01 09:27:37 AM,243.5,0,0.0,96265643.72000003
2025-08-01 09:27:39 AM,243.76,2815,686184.4,96951828.12000003
2025-08-01 09:27:41 AM,243.89,50,12194.5,96964022.62000003
2025-08-01 09:27:41 AM,243.88,0,0.0,96964022.62000003
2025-08-01 09:27:47 AM,243.93,223,54396.39,97018419.01000004
2025-08-01 09:27:49 AM,243.75,250,60937.5,97079356.51000004
2025-08-01 09:27:55 AM,243.67,954,232461.18,97311817.69000004
2025-08-01 09:28:02 AM,243.56,0,0.0,97311817.69000004
2025-08-01 09:28:03 AM,243.5,1870,455345.0,97767162.69000004
2025-08-01 09:28:08 AM,243.29,0,0.0,97767162.69000004
2025-08-01 09:28:10 AM,243.29,1220,296813.8,98063976.49000004
2025-08-01 09:28:15 AM,243.36,0,0.0,98063976.49000004
2025-08-01 09:28:18 AM,243.15,654,159020.1,98222996.59000003
2025-08-01 09:28:19 AM,243.14,5,1215.6999999999998,98224212.29000004
2025-08-01 09:28:25 AM,243.29,0,0.0,98224212.29000004
2025-08-01 09:28:26 AM,243.29,2,486.58,98224698.87000003
2025-08-01 09:28:33 AM,243.44,52,12658.88,98237357.75000003
2025-08-01 09:28:37 AM,243.66,0,0.0,98237357.75000003
2025-08-01 09:28:41 AM,243.44,1000,243440.0,98480797.75000003
2025-08-01 09:28:43 AM,243.64,0,0.0,98480797.75000003
2025-08-01 09:28:47 AM,243.66,0,0.0,98480797.75000003
2025-08-01 09:28:48 AM,243.6,0,0.0,98480797.75000003
2025-08-01 09:28:48 AM,243.6,261,63579.6,98544377.35000002
2025-08-01 09:28:50 AM,243.84,485,118262.40000000001,98662639.75000003
2025-08-01 09:28:56 AM,243.66,20611,5022076.26,103684716.01000004
2025-08-01 09:28:59 AM,243.6,0,0.0,103684716.01000004
2025-08-01 09:29:04 AM,243.66,0,0.0,103684716.01000004
2025-08-01 09:29:04 AM,243.66,28,6822.48,103691538.49000004
2025-08-01 09:29:05 AM,243.47,1575,383465.25,104075003.74000004
2025-08-01 09:29:10 AM,243.31,0,0.0,104075003.74000004
2025-08-01 09:29:11 AM,243.44,0,0.0,104075003.74000004
2025-08-01 09:29:12 AM,243.44,944,229807.36,104304811.10000004
2025-08-01 09:29:16 AM,243.14,0,0.0,104304811.10000004
2025-08-01 09:29:19 AM,243.1,3128,760416.7999999999,105065227.90000004
2025-08-01 09:29:21 AM,243.0,0,0.0,105065227.90000004
2025-08-01 09:29:26 AM,242.88,0,0.0,105065227.90000004
2025-08-01 09:29:27 AM,242.88,6575,1596936.0,106662163.90000004
2025-08-01 09:29:31 AM,242.75,0,0.0,106662163.90000004
2025-08-01 09:29:32 AM,243.0,0,0.0,106662163.90000004
2025-08-01 09:29:34 AM,242.83,2408,584734.64,107246898.54000004
2025-08-01 09:29:35 AM,243.07,1,243.07,107247141.61000003
2025-08-01 09:29:41 AM,243.0,0,0.0,107247141.61000003
2025-08-01 09:29:42 AM,243.0,500,121500.0,107368641.61000003
2025-08-01 09:29:43 AM,243.07,305,74136.34999999999,107442777.96000002
2025-08-01 09:29:50 AM,243.07,10,2430.7,107445208.66000003
2025-08-01 09:29:56 AM,243.07,1027,249632.88999999998,107694841.55000003
2025-08-01 09:30:02 AM,243.12,0,0.0,107694841.55000003
2025-08-01 09:30:04 AM,242.9,3656,888042.4,108582883.95000003
2025-08-01 09:30:05 AM,242.68,50,12134.0,108595017.95000003
2025-08-01 09:30:10 AM,242.81,0,0.0,108595017.95000003
2025-08-01 09:30:12 AM,242.73,2259,548327.07,109143345.02000003
2025-08-01 09:30:17 AM,242.52,0,0.0,109143345.02000003
2025-08-01 09:30:17 AM,242.73,0,0.0,109143345.02000003
2025-08-01 09:30:19 AM,242.72,5001,1213842.72,110357187.74000002
2025-08-01 09:30:24 AM,242.51,0,0.0,110357187.74000002
2025-08-01 09:30:25 AM,242.6,0,0.0,110357187.74000002
2025-08-01 09:30:27 AM,242.4,882,213796.80000000002,110570984.54000002
2025-08-01 09:30:27 AM,242.5,2026,491305.0,111062289.54000002
2025-08-01 09:30:31 AM,242.45,0,0.0,111062289.54000002
2025-08-01 09:30:32 AM,242.5,0,0.0,111062289.54000002
2025-08-01 09:30:34 AM,242.36,6286,1523474.9600000002,112585764.50000001
2025-08-01 09:30:38 AM,242.7,0,0.0,112585764.50000001
2025-08-01 09:30:41 AM,242.84,5278,1281709.52,113867474.02000001
2025-08-01 09:30:44 AM,242.85,0,0.0,113867474.02000001
2025-08-01 09:30:49 AM,242.84,65,15784.6,113883258.62
2025-08-01 09:30:55 AM,242.82,0,0.0,113883258.62
2025-08-01 09:30:56 AM,242.82,264,64104.479999999996,113947363.10000001
2025-08-01 09:31:02 AM,242.4,0,0.0,113947363.10000001
2025-08-01 09:31:03 AM,242.4,1781,431714.4,114379077.50000001
2025-08-01 09:31:08 AM,242.6,0,0.0,114379077.50000001
2025-08-01 09:31:11 AM,242.64,602,146069.28,114525146.78000002
2025-08-01 09:31:14 AM,242.56,0,0.0,114525146.78000002
2025-08-01 09:31:18 AM,242.56,420,101875.2,114627021.98000002
2025-08-01 09:31:20 AM,242.6,0,0.0,114627021.98000002
2025-08-01 09:31:26 AM,242.44,125,30305.0,114657326.98000002
2025-08-01 09:31:32 AM,242.6,0,0.0,114657326.98000002
2025-08-01 09:31:33 AM,242.6,1302,315865.2,114973192.18000002
2025-08-01 09:31:38 AM,242.64,0,0.0,114973192.18000002
2025-08-01 09:31:40 AM,242.52,2261,548337.72,115521529.90000002
2025-08-01 09:31:42 AM,242.7,0,0.0,115521529.90000002
2025-08-01 09:31:47 AM,242.52,523,126837.96,115648367.86000001
2025-08-01 09:31:47 AM,242.83,228,55365.240000000005,115703733.10000001
2025-08-01 09:31:49 AM,242.84,0,0.0,115703733.10000001
2025-08-01 09:31:54 AM,243.05,0,0.0,115703733.10000001
2025-08-01 09:31:54 AM,243.05,4979,1210145.95,116913879.05000001
2025-08-01 09:31:54 AM,243.0,0,0.0,116913879.05000001
2025-08-01 09:31:59 AM,243.07,0,0.0,116913879.05000001
2025-08-01 09:32:01 AM,242.96,367,89166.32,117003045.37
2025-08-01 09:32:04 AM,243.05,0,0.0,117003045.37
2025-08-01 09:32:08 AM,243.2,1158,281625.6,117284670.97
2025-08-01 09:32:15 AM,243.39,1250,304237.5,117588908.47
2025-08-01 09:32:16 AM,243.02,0,0.0,117588908.47
2025-08-01 09:32:22 AM,243.38,0,0.0,117588908.47
2025-08-01 09:32:22 AM,243.38,3916,953076.08,118541984.55
2025-08-01 09:32:28 AM,243.4,0,0.0,118541984.55
2025-08-01 09:32:29 AM,243.4,311,75697.40000000001,118617681.95
2025-08-01 09:32:34 AM,243.41,0,0.0,118617681.95
2025-08-01 09:32:35 AM,243.41,1303,317163.23,118934845.18
2025-08-01 09:32:36 AM,243.64,5,1218.1999999999998,118936063.38000001
2025-08-01 09:32:43 AM,243.67,1023,249274.40999999997,119185337.79
2025-08-01 09:32:46 AM,243.41,0,0.0,119185337.79
2025-08-01 09:32:50 AM,243.58,202,49203.16,119234540.95
2025-08-01 09:32:52 AM,243.6,0,0.0,119234540.95
2025-08-01 09:32:57 AM,243.6,101,24603.6,119259144.55
2025-08-01 09:33:03 AM,243.43,280,68160.40000000001,119327304.95
2025-08-01 09:33:10 AM,243.42,0,0.0,119327304.95
2025-08-01 09:33:10 AM,243.42,10,2434.2,119329739.15
2025-08-01 09:33:15 AM,243.5,0,0.0,119329739.15
2025-08-01 09:33:17 AM,243.6,1063,258946.8,119588685.95
2025-08-01 09:33:20 AM,243.5,0,0.0,119588685.95
2025-08-01 09:33:24 AM,243.6,300,73080.0,119661765.95
2025-08-01 09:33:25 AM,243.75,0,0.0,119661765.95
2025-08-01 09:33:30 AM,243.86,0,0.0,119661765.95
2025-08-01 09:33:31 AM,243.86,2075,506009.5,120167775.45
2025-08-01 09:33:35 AM,243.85,0,0.0,120167775.45
2025-08-01 09:33:38 AM,243.84,1420,346252.8,120514028.25
2025-08-01 09:33:40 AM,243.95,0,0.0,120514028.25
2025-08-01 09:33:42 AM,244.01,0,0.0,120514028.25
2025-08-01 09:33:45 AM,243.92,2631,641753.52,121155781.77
2025-08-01 09:33:45 AM,244.01,0,0.0,121155781.77
2025-08-01 09:33:48 AM,244.18,0,0.0,121155781.77
2025-08-01 09:33:52 AM,244.18,316,77160.88,121232942.64999999
2025-08-01 09:33:54 AM,244.35,0,0.0,121232942.64999999
2025-08-01 09:33:55 AM,244.24,0,0.0,121232942.64999999
2025-08-01 09:33:59 AM,244.29,7083,1730306.0699999998,122963248.71999998
2025-08-01 09:33:59 AM,244.18,500,122090.0,123085338.71999998
2025-08-01 09:34:00 AM,244.2,0,0.0,123085338.71999998
2025-08-01 09:34:05 AM,244.26,0,0.0,123085338.71999998
2025-08-01 09:34:06 AM,244.26,909,222032.34,123307371.05999999
2025-08-01 09:34:10 AM,244.3,0,0.0,123307371.05999999
2025-08-01 09:34:13 AM,244.22,5318,1298761.96,124606133.01999998
2025-08-01 09:34:15 AM,244.18,0,0.0,124606133.01999998
2025-08-01 09:34:18 AM,244.32,0,0.0,124606133.01999998
2025-08-01 09:34:20 AM,244.28,709,173194.52,124779327.53999998
2025-08-01 09:34:20 AM,244.3,0,0.0,124779327.53999998
2025-08-01 09:34:23 AM,244.44,0,0.0,124779327.53999998
2025-08-01 09:34:25 AM,244.28,0,0.0,124779327.53999998
2025-08-01 09:34:27 AM,244.28,5475,1337433.0,126116760.53999998
2025-08-01 09:34:30 AM,244.29,0,0.0,126116760.53999998
2025-08-01 09:34:33 AM,244.28,0,0.0,126116760.53999998
2025-08-01 09:34:34 AM,244.28,1061,259181.08,126375941.61999997
2025-08-01 09:34:35 AM,244.2,0,0.0,126375941.61999997
2025-08-01 09:34:38 AM,244.24,0,0.0,126375941.61999997
2025-08-01 09:34:40 AM,244.23,0,0.0,126375941.61999997
2025-08-01 09:34:41 AM,244.32,4591,1121673.1199999999,127497614.73999998
2025-08-01 09:34:43 AM,244.19,0,0.0,127497614.73999998
2025-08-01 09:34:45 AM,244.05,0,0.0,127497614.73999998
2025-08-01 09:34:48 AM,243.98,0,0.0,127497614.73999998
2025-08-01 09:34:48 AM,243.98,2485,606290.2999999999,128103905.03999998
2025-08-01 09:34:48 AM,243.96,10,2439.6,128106344.63999997
2025-08-01 09:34:55 AM,243.96,735,179310.6,128285655.23999996
2025-08-01 09:34:57 AM,243.72,0,0.0,128285655.23999996
2025-08-01 09:35:01 AM,243.72,764,186202.08,128471857.31999996
2025-08-01 09:35:02 AM,243.78,26,6338.28,128478195.59999996
2025-08-01 09:35:05 AM,243.83,0,0.0,128478195.59999996
2025-08-01 09:35:09 AM,243.84,541,131917.44,128610113.03999996
2025-08-01 09:35:09 AM,243.84,42,10241.28,128620354.31999996
2025-08-01 09:35:16 AM,243.67,478,116474.26,128736828.57999997
2025-08-01 09:35:20 AM,243.5,0,0.0,128736828.57999997
2025-08-01 09:35:23 AM,243.61,380,92571.8,128829400.37999997
2025-08-01 09:35:23 AM,243.13,2776,674928.88,129504329.25999996
2025-08-01 09:35:30 AM,243.16,0,0.0,129504329.25999996
2025-08-01 09:35:30 AM,243.16,179,43525.64,129547854.89999996
2025-08-01 09:35:35 AM,243.33,0,0.0,129547854.89999996
2025-08-01 09:35:37 AM,243.33,1824,443833.92000000004,129991688.81999996
2025-08-01 09:35:40 AM,243.32,0,0.0,129991688.81999996
2025-08-01 09:35:40 AM,243.34,0,0.0,129991688.81999996
2025-08-01 09:35:43 AM,243.35,612,148930.19999999998,130140619.01999997
2025-08-01 09:35:50 AM,243.28,0,0.0,130140619.01999997
2025-08-01 09:35:50 AM,243.28,150,36492.0,130177111.01999997
2025-08-01 09:35:55 AM,243.52,0,0.0,130177111.01999997
2025-08-01 09:35:57 AM,243.52,262,63802.240000000005,130240913.25999996
2025-08-01 09:36:00 AM,243.33,0,0.0,130240913.25999996
2025-08-01 09:36:03 AM,243.3,2,486.6,130241399.85999995
2025-08-01 09:36:08 AM,243.46,0,0.0,130241399.85999995
2025-08-01 09:36:10 AM,243.46,300,73038.0,130314437.85999995
2025-08-01 09:36:20 AM,243.72,0,0.0,130314437.85999995
2025-08-01 09:36:23 AM,243.7,548,133547.6,130447985.45999995
2025-08-01 09:36:30 AM,243.7,166,40454.2,130488439.65999995
2025-08-01 09:36:32 AM,243.54,0,0.0,130488439.65999995
2025-08-01 09:36:36 AM,243.84,0,0.0,130488439.65999995
2025-08-01 09:36:36 AM,243.84,604,147279.36000000002,130635719.01999995
2025-08-01 09:36:40 AM,243.9,0,0.0,130635719.01999995
2025-08-01 09:36:43 AM,243.9,14,3414.6,130639133.61999995
2025-08-01 09:36:48 AM,243.81,0,0.0,130639133.61999995
2025-08-01 09:36:49 AM,243.81,200,48762.0,130687895.61999995
2025-08-01 09:36:52 AM,243.95,0,0.0,130687895.61999995
2025-08-01 09:36:56 AM,243.84,0,0.0,130687895.61999995
2025-08-01 09:36:56 AM,243.84,3381,824423.04,131512318.65999995
2025-08-01 09:37:00 AM,243.95,0,0.0,131512318.65999995
2025-08-01 09:37:03 AM,243.51,1148,279549.48,131791868.13999996
2025-08-01 09:37:13 AM,243.6,0,0.0,131791868.13999996
2025-08-01 09:37:14 AM,243.51,0,0.0,131791868.13999996
2025-08-01 09:37:17 AM,243.61,54,13154.94,131805023.07999995
2025-08-01 09:37:19 AM,243.51,0,0.0,131805023.07999995
2025-08-01 09:37:24 AM,243.61,68,16565.48,131821588.55999996
2025-08-01 09:37:28 AM,243.4,0,0.0,131821588.55999996
2025-08-01 09:37:29 AM,243.49,0,0.0,131821588.55999996
2025-08-01 09:37:31 AM,243.49,1290,314102.10000000003,132135690.65999995
2025-08-01 09:37:33 AM,243.5,0,0.0,132135690.65999995
2025-08-01 09:37:38 AM,243.5,3,730.5,132136421.15999995
2025-08-01 09:37:46 AM,243.53,0,0.0,132136421.15999995
2025-08-01 09:37:48 AM,243.57,0,0.0,132136421.15999995
2025-08-01 09:37:51 AM,243.6,909,221432.4,132357853.55999996
2025-08-01 09:37:54 AM,243.41,0,0.0,132357853.55999996
2025-08-01 09:37:56 AM,243.6,0,0.0,132357853.55999996
2025-08-01 09:37:57 AM,243.6,304,74054.4,132431907.95999996
2025-08-01 09:37:58 AM,243.59,0,0.0,132431907.95999996
2025-08-01 09:38:00 AM,243.4,0,0.0,132431907.95999996
2025-08-01 09:38:03 AM,243.5,0,0.0,132431907.95999996
2025-08-01 09:38:04 AM,243.3,951,231378.30000000002,132663286.25999996
2025-08-01 09:38:09 AM,243.28,0,0.0,132663286.25999996
2025-08-01 09:38:11 AM,243.2,520,126464.0,132789750.25999996
2025-08-01 09:38:15 AM,243.43,0,0.0,132789750.25999996
2025-08-01 09:38:18 AM,243.28,51,12407.28,132802157.53999996
2025-08-01 09:38:25 AM,243.3,803,195369.90000000002,132997527.43999997
2025-08-01 09:38:30 AM,243.28,0,0.0,132997527.43999997
2025-08-01 09:38:32 AM,243.28,1801,438147.28,133435674.71999997
2025-08-01 09:38:35 AM,243.16,0,0.0,133435674.71999997
2025-08-01 09:38:36 AM,243.0,0,0.0,133435674.71999997
2025-08-01 09:38:38 AM,243.0,417,101331.0,133537005.71999997
2025-08-01 09:38:45 AM,243.0,820,199260.0,133736265.71999997
2025-08-01 09:38:51 AM,243.2,488,118681.59999999999,133854947.31999996
2025-08-01 09:38:56 AM,243.0,0,0.0,133854947.31999996
2025-08-01 09:38:58 AM,243.0,40,9720.0,133864667.31999996
2025-08-01 09:39:00 AM,243.19,0,0.0,133864667.31999996
2025-08-01 09:39:05 AM,243.01,29,7047.29,133871714.60999997
2025-08-01 09:39:05 AM,243.0,0,0.0,133871714.60999997
2025-08-01 09:39:10 AM,243.01,0,0.0,133871714.60999997
2025-08-01 09:39:12 AM,243.01,103,25030.03,133896744.63999997
2025-08-01 09:39:18 AM,243.0,792,192456.0,134089200.63999997
2025-08-01 09:39:20 AM,243.01,0,0.0,134089200.63999997
2025-08-01 09:39:25 AM,243.01,121,29404.21,134118604.84999996
2025-08-01 09:39:33 AM,243.03,0,0.0,134118604.84999996
2025-08-01 09:39:36 AM,243.23,0,0.0,134118604.84999996
2025-08-01 09:39:38 AM,243.23,407,98994.61,134217599.45999996
2025-08-01 09:39:41 AM,243.0,0,0.0,134217599.45999996
2025-08-01 09:39:45 AM,243.01,1017,247141.16999999998,134464740.62999997
2025-08-01 09:39:49 AM,243.22,0,0.0,134464740.62999997
2025-08-01 09:39:51 AM,243.24,1052,255888.48,134720629.10999995
2025-08-01 09:39:52 AM,243.01,58,14094.58,134734723.68999997
2025-08-01 09:39:58 AM,243.2,1,243.2,134734966.88999996
2025-08-01 09:40:01 AM,243.04,0,0.0,134734966.88999996
2025-08-01 09:40:04 AM,243.0,0,0.0,134734966.88999996
2025-08-01 09:40:04 AM,243.0,1235,300105.0,135035071.88999996
2025-08-01 09:40:05 AM,243.01,10,2430.1,135037501.98999995
2025-08-01 09:40:09 AM,243.0,0,0.0,135037501.98999995
2025-08-01 09:40:11 AM,243.2,10082,2451942.4,137489444.38999996
2025-08-01 09:40:18 AM,243.05,20,4861.0,137494305.38999996
2025-08-01 09:40:22 AM,243.04,0,0.0,137494305.38999996
2025-08-01 09:40:24 AM,243.04,80,19443.2,137513748.58999994
2025-08-01 09:40:27 AM,243.19,0,0.0,137513748.58999994
2025-08-01 09:40:31 AM,243.04,187,45448.479999999996,137559197.06999993
2025-08-01 09:40:36 AM,243.17,0,0.0,137559197.06999993
2025-08-01 09:40:37 AM,243.4,4616,1123534.4000000001,138682731.46999994
2025-08-01 09:40:44 AM,243.4,33,8032.2,138690763.66999993
2025-08-01 09:40:48 AM,243.8,0,0.0,138690763.66999993
2025-08-01 09:40:49 AM,244.0,0,0.0,138690763.66999993
2025-08-01 09:40:51 AM,243.82,8736,2130011.52,140820775.18999994
2025-08-01 09:40:57 AM,243.78,1253,305456.34,141126231.52999994
2025-08-01 09:41:03 AM,243.68,0,0.0,141126231.52999994
2025-08-01 09:41:04 AM,243.68,1000,243680.0,141369911.52999994
2025-08-01 09:41:08 AM,243.7,0,0.0,141369911.52999994
2025-08-01 09:41:10 AM,243.7,2072,504946.39999999997,141874857.92999995
2025-08-01 09:41:16 AM,243.96,0,0.0,141874857.92999995
2025-08-01 09:41:17 AM,243.96,300,73188.0,141948045.92999995
2025-08-01 09:41:20 AM,243.98,0,0.0,141948045.92999995
2025-08-01 09:41:24 AM,243.98,200,48796.0,141996841.92999995
2025-08-01 09:41:24 AM,243.95,0,0.0,141996841.92999995
2025-08-01 09:41:25 AM,243.95,2,487.9,141997329.82999995
2025-08-01 09:41:28 AM,243.94,0,0.0,141997329.82999995
2025-08-01 09:41:30 AM,243.94,101,24637.94,142021967.76999995
2025-08-01 09:41:36 AM,243.95,0,0.0,142021967.76999995
2025-08-01 09:41:37 AM,243.93,0,0.0,142021967.76999995
2025-08-01 09:41:37 AM,243.93,35,8537.550000000001,142030505.31999996
2025-08-01 09:41:40 AM,243.92,0,0.0,142030505.31999996
2025-08-01 09:41:44 AM,243.88,301,73407.88,142103913.19999996
2025-08-01 09:41:47 AM,243.86,0,0.0,142103913.19999996
2025-08-01 09:41:50 AM,243.9,204,49755.6,142153668.79999995
2025-08-01 09:41:55 AM,243.85,0,0.0,142153668.79999995
2025-08-01 09:41:56 AM,243.85,1,243.85,142153912.64999995
2025-08-01 09:41:57 AM,243.85,50,12192.5,142166105.14999995
2025-08-01 09:42:03 AM,243.84,725,176784.0,142342889.14999995
2025-08-01 09:42:04 AM,243.82,1000,243820.0,142586709.14999995
2025-08-01 09:42:04 AM,243.8,0,0.0,142586709.14999995
2025-08-01 09:42:09 AM,243.6,0,0.0,142586709.14999995
2025-08-01 09:42:10 AM,243.6,530,129108.0,142715817.14999995
2025-08-01 09:42:11 AM,243.7,140,34118.0,142749935.14999995
2025-08-01 09:42:13 AM,243.6,0,0.0,142749935.14999995
2025-08-01 09:42:16 AM,243.7,1530,372861.0,143122796.14999995
2025-08-01 09:42:17 AM,243.7,1,243.7,143123039.84999993
2025-08-01 09:42:21 AM,243.63,0,0.0,143123039.84999993
2025-08-01 09:42:23 AM,243.63,4301,1047852.63,144170892.47999993
2025-08-01 09:42:31 AM,243.59,133,32397.47,144203289.94999993
2025-08-01 09:42:35 AM,243.17,0,0.0,144203289.94999993
2025-08-01 09:42:36 AM,243.17,9714,2362153.38,146565443.32999992
2025-08-01 09:42:39 AM,243.43,0,0.0,146565443.32999992
2025-08-01 09:42:42 AM,244.0,36086,8804984.0,155370427.32999992
2025-08-01 09:42:43 AM,244.19,5,1220.95,155371648.2799999
2025-08-01 09:42:47 AM,244.33,0,0.0,155371648.2799999
2025-08-01 09:42:49 AM,244.34,206,50334.04,155421982.3199999
2025-08-01 09:42:54 AM,244.44,0,0.0,155421982.3199999
2025-08-01 09:42:54 AM,244.49,0,0.0,155421982.3199999
2025-08-01 09:42:55 AM,244.34,1380,337189.2,155759171.5199999
2025-08-01 09:42:56 AM,244.5,545,133252.5,155892424.0199999
2025-08-01 09:42:59 AM,244.33,0,0.0,155892424.0199999
2025-08-01 09:43:02 AM,244.48,114,27870.719999999998,155920294.7399999
2025-08-01 09:43:06 AM,244.6,0,0.0,155920294.7399999
2025-08-01 09:43:08 AM,244.56,3568,872590.08,156792884.8199999
2025-08-01 09:43:09 AM,244.65,215,52599.75,156845484.5699999
2025-08-01 09:43:11 AM,244.6,0,0.0,156845484.5699999
2025-08-01 09:43:15 AM,244.6,1510,369346.0,157214830.5699999
2025-08-01 09:43:16 AM,244.6,35,8561.0,157223391.5699999
2025-08-01 09:43:19 AM,244.83,0,0.0,157223391.5699999
2025-08-01 09:43:19 AM,244.98,0,0.0,157223391.5699999
2025-08-01 09:43:22 AM,244.99,6349,1555441.51,158778833.0799999
2025-08-01 09:43:23 AM,244.84,0,0.0,158778833.0799999
2025-08-01 09:43:23 AM,244.84,100,24484.0,158803317.0799999
2025-08-01 09:43:28 AM,244.98,2,489.96,158803807.0399999
2025-08-01 09:43:29 AM,244.99,600,146994.0,158950801.0399999
2025-08-01 09:43:34 AM,244.91,0,0.0,158950801.0399999
2025-08-01 09:43:35 AM,244.91,722,176825.02,159127626.0599999
2025-08-01 09:43:39 AM,244.73,0,0.0,159127626.0599999
2025-08-01 09:43:41 AM,244.52,902,220557.04,159348183.0999999
2025-08-01 09:43:42 AM,244.75,10,2447.5,159350630.5999999
2025-08-01 09:43:46 AM,244.53,0,0.0,159350630.5999999
2025-08-01 09:43:47 AM,244.74,0,0.0,159350630.5999999
2025-08-01 09:43:48 AM,244.74,1241,303722.34,159654352.9399999
2025-08-01 09:43:51 AM,244.73,0,0.0,159654352.9399999
2025-08-01 09:43:54 AM,244.54,332,81187.28,159735540.2199999
2025-08-01 09:43:55 AM,244.54,100,24454.0,159759994.2199999
2025-08-01 09:43:59 AM,244.7,0,0.0,159759994.2199999
2025-08-01 09:43:59 AM,244.54,0,0.0,159759994.2199999
2025-08-01 09:44:01 AM,244.55,9506,2324692.3000000003,162084686.51999992
2025-08-01 09:44:02 AM,244.55,50,12227.5,162096914.01999992
2025-08-01 09:44:07 AM,244.27,0,0.0,162096914.01999992
2025-08-01 09:44:08 AM,244.27,4991,1219151.57,163316065.5899999
2025-08-01 09:44:11 AM,244.47,0,0.0,163316065.5899999
2025-08-01 09:44:15 AM,244.47,570,139347.9,163455413.48999992
2025-08-01 09:44:19 AM,244.25,0,0.0,163455413.48999992
2025-08-01 09:44:21 AM,244.44,550,134442.0,163589855.48999992
2025-08-01 09:44:23 AM,244.45,0,0.0,163589855.48999992
2025-08-01 09:44:25 AM,244.5,0,0.0,163589855.48999992
2025-08-01 09:44:27 AM,244.09,0,0.0,163589855.48999992
2025-08-01 09:44:28 AM,244.23,2548,622298.0399999999,164212153.5299999
2025-08-01 09:44:31 AM,244.25,0,0.0,164212153.5299999
2025-08-01 09:44:33 AM,244.26,0,0.0,164212153.5299999
2025-08-01 09:44:34 AM,244.26,114,27845.64,164239999.1699999
2025-08-01 09:44:39 AM,244.25,0,0.0,164239999.1699999
2025-08-01 09:44:40 AM,244.25,112,27356.0,164267355.1699999
2025-08-01 09:44:41 AM,244.05,100,24405.0,164291760.1699999
2025-08-01 09:44:43 AM,244.23,0,0.0,164291760.1699999
2025-08-01 09:44:45 AM,244.0,0,0.0,164291760.1699999
2025-08-01 09:44:47 AM,244.0,155,37820.0,164329580.1699999
2025-08-01 09:44:47 AM,244.12,0,0.0,164329580.1699999
2025-08-01 09:44:48 AM,244.12,2001,488484.12,164818064.2899999
2025-08-01 09:44:51 AM,244.32,0,0.0,164818064.2899999
2025-08-01 09:44:53 AM,244.31,30,7329.3,164825393.5899999
2025-08-01 09:45:06 AM,244.02,3939,961194.78,165786588.36999992
2025-08-01 09:45:13 AM,243.86,503,122661.58,165909249.94999993
2025-08-01 09:45:19 AM,243.96,0,0.0,165909249.94999993
2025-08-01 09:45:20 AM,244.03,0,0.0,165909249.94999993
2025-08-01 09:45:20 AM,244.03,299,72964.97,165982214.91999993
2025-08-01 09:45:26 AM,244.0,106,25864.0,166008078.91999993
2025-08-01 09:45:32 AM,244.0,645,157380.0,166165458.91999993
2025-08-01 09:45:34 AM,244.0,200,48800.0,166214258.91999993
2025-08-01 09:45:46 AM,244.0,2100,512400.0,166726658.91999993
2025-08-01 09:45:47 AM,244.06,36,8786.16,166735445.07999992
2025-08-01 09:45:52 AM,244.29,84,20520.36,166755965.43999994
2025-08-01 09:45:56 AM,244.31,0,0.0,166755965.43999994
2025-08-01 09:45:58 AM,244.31,100,24431.0,166780396.43999994
2025-08-01 09:46:00 AM,244.14,300,73242.0,166853638.43999994
2025-08-01 09:46:05 AM,244.05,815,198900.75,167052539.18999994
2025-08-01 09:46:06 AM,244.22,1,244.22,167052783.40999994
2025-08-01 09:46:10 AM,244.24,0,0.0,167052783.40999994
2025-08-01 09:46:11 AM,244.24,44,10746.560000000001,167063529.96999994
2025-08-01 09:46:13 AM,244.14,50,12207.0,167075736.96999994
2025-08-01 09:46:16 AM,244.22,0,0.0,167075736.96999994
2025-08-01 09:46:18 AM,244.22,200,48844.0,167124580.96999994
2025-08-01 09:46:20 AM,244.22,4,976.88,167125557.84999993
2025-08-01 09:46:26 AM,244.22,30,7326.6,167132884.44999993
2025-08-01 09:46:31 AM,244.22,5,1221.1,167134105.54999992
2025-08-01 09:46:33 AM,244.22,20,4884.4,167138989.94999993
2025-08-01 09:46:37 AM,244.14,138,33691.32,167172681.26999992
2025-08-01 09:46:51 AM,244.14,400,97656.0,167270337.26999992
2025-08-01 09:46:56 AM,244.14,128,31249.92,167301587.1899999
2025-08-01 09:46:58 AM,244.0,100,24400.0,167325987.1899999
2025-08-01 09:47:04 AM,244.14,0,0.0,167325987.1899999
2025-08-01 09:47:04 AM,244.14,20,4882.799999999999,167330869.98999992
2025-08-01 09:47:05 AM,244.0,0,0.0,167330869.98999992
2025-08-01 09:47:08 AM,244.0,73,17812.0,167348681.98999992
2025-08-01 09:47:13 AM,243.93,0,0.0,167348681.98999992
2025-08-01 09:47:14 AM,244.0,75,18300.0,167366981.98999992
2025-08-01 09:47:16 AM,244.0,277,67588.0,167434569.98999992
2025-08-01 09:47:23 AM,244.14,100,24414.0,167458983.98999992
2025-08-01 09:47:27 AM,243.93,521,127087.53,167586071.51999992
2025-08-01 09:47:29 AM,244.12,15,3661.8,167589733.31999993
2025-08-01 09:47:32 AM,243.9,0,0.0,167589733.31999993
2025-08-01 09:47:33 AM,243.84,2065,503529.60000000003,168093262.91999993
2025-08-01 09:47:36 AM,243.91,4,975.64,168094238.5599999
2025-08-01 09:47:42 AM,243.8,0,0.0,168094238.5599999
2025-08-01 09:47:43 AM,243.8,10,2438.0,168096676.5599999
2025-08-01 09:47:44 AM,243.91,0,0.0,168096676.5599999
2025-08-01 09:47:47 AM,243.95,510,124414.5,168221091.0599999
2025-08-01 09:47:49 AM,243.95,4,975.8,168222066.85999992
2025-08-01 09:47:53 AM,243.8,0,0.0,168222066.85999992
2025-08-01 09:47:54 AM,243.8,90,21942.0,168244008.85999992
2025-08-01 09:47:56 AM,243.79,25,6094.75,168250103.60999992
2025-08-01 09:47:57 AM,243.72,0,0.0,168250103.60999992
2025-08-01 09:48:00 AM,243.72,238,58005.36,168308108.96999994
2025-08-01 09:48:02 AM,243.77,0,0.0,168308108.96999994
2025-08-01 09:48:03 AM,243.77,25,6094.25,168314203.21999994
2025-08-01 09:48:06 AM,243.8,50,12190.0,168326393.21999994
2025-08-01 09:48:07 AM,243.61,0,0.0,168326393.21999994
2025-08-01 09:48:09 AM,243.61,500,121805.0,168448198.21999994
2025-08-01 09:48:10 AM,243.84,0,0.0,168448198.21999994
2025-08-01 09:48:13 AM,243.67,75,18275.25,168466473.46999994
2025-08-01 09:48:26 AM,243.84,51,12435.84,168478909.30999994
2025-08-01 09:48:27 AM,244.0,0,0.0,168478909.30999994
2025-08-01 09:48:28 AM,244.0,14,3416.0,168482325.30999994
2025-08-01 09:48:31 AM,243.91,0,0.0,168482325.30999994
2025-08-01 09:48:32 AM,243.91,46,11219.86,168493545.16999996
2025-08-01 09:48:35 AM,244.0,0,0.0,168493545.16999996
2025-08-01 09:48:35 AM,244.0,42,10248.0,168503793.16999996
2025-08-01 09:48:39 AM,244.0,144,35136.0,168538929.16999996
2025-08-01 09:48:41 AM,244.08,33,8054.64,168546983.80999994
2025-08-01 09:48:45 AM,244.0,50,12200.0,168559183.80999994
2025-08-01 09:48:47 AM,244.08,0,0.0,168559183.80999994
2025-08-01 09:48:48 AM,244.08,1,244.08,168559427.88999996
2025-08-01 09:48:51 AM,244.07,0,0.0,168559427.88999996
2025-08-01 09:48:52 AM,244.07,200,48814.0,168608241.88999996
2025-08-01 09:48:55 AM,244.08,0,0.0,168608241.88999996
2025-08-01 09:48:58 AM,244.08,52,12692.16,168620934.04999995
2025-08-01 09:49:00 AM,244.1,105,25630.5,168646564.54999995
2025-08-01 09:49:03 AM,244.08,0,0.0,168646564.54999995
2025-08-01 09:49:04 AM,244.08,45,10983.6,168657548.14999995
2025-08-01 09:49:07 AM,244.08,4,976.32,168658524.46999994
2025-08-01 09:49:10 AM,244.1,0,0.0,168658524.46999994
2025-08-01 09:49:10 AM,244.14,75,18310.5,168676834.96999994
2025-08-01 09:49:13 AM,244.14,10,2441.3999999999996,168679276.36999995
2025-08-01 09:49:17 AM,244.14,14,3417.96,168682694.32999995
2025-08-01 09:49:19 AM,244.14,2,488.28,168683182.60999995
2025-08-01 09:49:21 AM,243.97,0,0.0,168683182.60999995
2025-08-01 09:49:23 AM,244.14,1014,247557.96,168930740.56999996
2025-08-01 09:49:27 AM,243.94,0,0.0,168930740.56999996
2025-08-01 09:49:29 AM,243.94,300,73182.0,169003922.56999996
2025-08-01 09:49:38 AM,244.15,300,73245.0,169077167.56999996
2025-08-01 09:49:39 AM,244.19,0,0.0,169077167.56999996
2025-08-01 09:49:41 AM,244.19,33,8058.2699999999995,169085225.83999997
2025-08-01 09:49:48 AM,244.15,0,0.0,169085225.83999997
2025-08-01 09:49:51 AM,244.15,1,244.15,169085469.98999998
2025-08-01 09:49:54 AM,244.04,413,100788.51999999999,169186258.51
2025-08-01 09:49:57 AM,244.0,15,3660.0,169189918.51
2025-08-01 09:50:01 AM,244.0,2,488.0,169190406.51
2025-08-01 09:50:07 AM,244.0,250,61000.0,169251406.51
2025-08-01 09:50:14 AM,244.01,7,1708.07,169253114.57999998
2025-08-01 09:50:19 AM,244.18,0,0.0,169253114.57999998
2025-08-01 09:50:20 AM,244.0,26,6344.0,169259458.57999998
2025-08-01 09:50:22 AM,244.17,0,0.0,169259458.57999998
2025-08-01 09:50:23 AM,244.17,1,244.17,169259702.74999997
2025-08-01 09:50:32 AM,244.01,139,33917.39,169293620.13999996
2025-08-01 09:50:35 AM,244.01,65,15860.65,169309480.78999996
2025-08-01 09:50:38 AM,244.18,0,0.0,169309480.78999996
2025-08-01 09:50:39 AM,244.18,4,976.72,169310457.50999996
2025-08-01 09:50:41 AM,244.04,202,49296.08,169359753.58999997
2025-08-01 09:50:44 AM,243.96,0,0.0,169359753.58999997
2025-08-01 09:50:45 AM,243.96,5205,1269811.8,170629565.39
2025-08-01 09:50:49 AM,244.05,0,0.0,170629565.39
2025-08-01 09:50:51 AM,244.01,11,2684.1099999999997,170632249.5
2025-08-01 09:50:52 AM,244.02,0,0.0,170632249.5
2025-08-01 09:50:54 AM,244.07,105,25627.35,170657876.85
2025-08-01 09:50:58 AM,244.01,0,0.0,170657876.85
2025-08-01 09:50:58 AM,244.01,26,6344.26,170664221.10999998
2025-08-01 09:50:59 AM,244.14,0,0.0,170664221.10999998
2025-08-01 09:51:00 AM,244.14,300,73242.0,170737463.10999998
2025-08-01 09:51:01 AM,244.01,0,0.0,170737463.10999998
2025-08-01 09:51:04 AM,244.0,0,0.0,170737463.10999998
2025-08-01 09:51:04 AM,244.19,8654,2113220.26,172850683.36999997
2025-08-01 09:51:06 AM,244.19,54,13186.26,172863869.62999997
2025-08-01 09:51:12 AM,244.22,0,0.0,172863869.62999997
2025-08-01 09:51:12 AM,244.2,59,14407.8,172878277.42999998
2025-08-01 09:51:17 AM,244.2,1963,479364.6,173357642.02999997
2025-08-01 09:51:20 AM,244.22,0,0.0,173357642.02999997
2025-08-01 09:51:21 AM,244.09,0,0.0,173357642.02999997
2025-08-01 09:51:23 AM,244.09,223,54432.07,173412074.09999996
2025-08-01 09:51:25 AM,244.28,82,20030.96,173432105.05999997
2025-08-01 09:51:31 AM,244.29,0,0.0,173432105.05999997
2025-08-01 09:51:33 AM,244.09,0,0.0,173432105.05999997
2025-08-01 09:51:35 AM,244.18,277,67637.86,173499742.92
2025-08-01 09:51:38 AM,244.18,50,12209.0,173511951.92
2025-08-01 09:51:44 AM,244.18,1,244.18,173512196.1
2025-08-01 09:51:45 AM,244.0,0,0.0,173512196.1
2025-08-01 09:51:47 AM,243.77,0,0.0,173512196.1
2025-08-01 09:51:48 AM,243.77,418,101895.86,173614091.96
2025-08-01 09:51:48 AM,244.04,0,0.0,173614091.96
2025-08-01 09:51:50 AM,244.18,0,0.0,173614091.96
2025-08-01 09:51:50 AM,244.18,3260,796026.8,174410118.76000002
2025-08-01 09:51:52 AM,244.13,0,0.0,174410118.76000002
2025-08-01 09:51:54 AM,244.13,11,2685.43,174412804.19000003
2025-08-01 09:52:04 AM,244.05,0,0.0,174412804.19000003
2025-08-01 09:52:06 AM,244.05,10,2440.5,174415244.69000003
2025-08-01 09:52:12 AM,244.05,1,244.05,174415488.74000004
2025-08-01 09:52:13 AM,243.88,0,0.0,174415488.74000004
2025-08-01 09:52:15 AM,244.13,525,128168.25,174543656.99000004
2025-08-01 09:52:16 AM,244.06,0,0.0,174543656.99000004
2025-08-01 09:52:18 AM,243.85,298,72667.3,174616324.29000005
2025-08-01 09:52:19 AM,244.06,0,0.0,174616324.29000005
2025-08-01 09:52:21 AM,244.05,140,34167.0,174650491.29000005
2025-08-01 09:52:25 AM,244.1,0,0.0,174650491.29000005
2025-08-01 09:52:25 AM,244.1,1254,306101.39999999997,174956592.69000006
2025-08-01 09:52:31 AM,243.96,0,0.0,174956592.69000006
2025-08-01 09:52:33 AM,243.96,440,107342.40000000001,175063935.09000006
2025-08-01 09:52:34 AM,244.18,0,0.0,175063935.09000006
2025-08-01 09:52:37 AM,244.18,26,6348.68,175070283.77000007
2025-08-01 09:52:39 AM,244.18,44,10743.92,175081027.69000006
2025-08-01 09:52:40 AM,244.13,0,0.0,175081027.69000006
2025-08-01 09:52:43 AM,244.14,0,0.0,175081027.69000006
2025-08-01 09:52:43 AM,244.14,106,25878.84,175106906.53000006
2025-08-01 09:52:45 AM,244.14,4,976.56,175107883.09000006
2025-08-01 09:52:55 AM,244.01,0,0.0,175107883.09000006
2025-08-01 09:52:55 AM,244.01,176,42945.759999999995,175150828.85000005
2025-08-01 09:52:57 AM,244.13,100,24413.0,175175241.85000005
2025-08-01 09:53:01 AM,244.13,1,244.13,175175485.98000005
2025-08-01 09:53:03 AM,244.13,30,7323.9,175182809.88000005
2025-08-01 09:53:07 AM,244.13,110,26854.3,175209664.18000007
2025-08-01 09:53:09 AM,244.13,46,11229.98,175220894.16000006
2025-08-01 09:53:13 AM,244.13,41,10009.33,175230903.49000007
2025-08-01 09:53:15 AM,244.13,190,46384.7,175277288.19000006
2025-08-01 09:53:23 AM,243.96,0,0.0,175277288.19000006
2025-08-01 09:53:26 AM,243.97,0,0.0,175277288.19000006
2025-08-01 09:53:26 AM,243.97,5663,1381602.11,176658890.30000007
2025-08-01 09:53:32 AM,243.92,0,0.0,176658890.30000007
2025-08-01 09:53:32 AM,243.92,11,2683.12,176661573.42000008
2025-08-01 09:53:38 AM,243.94,0,0.0,176661573.42000008
2025-08-01 09:53:38 AM,243.94,30,7318.2,176668891.62000006
2025-08-01 09:53:40 AM,243.94,2,487.88,176669379.50000006
2025-08-01 09:53:42 AM,243.84,0,0.0,176669379.50000006
2025-08-01 09:53:45 AM,243.84,2,487.68,176669867.18000007
2025-08-01 09:53:46 AM,243.7,785,191304.5,176861171.68000007
2025-08-01 09:53:47 AM,243.74,0,0.0,176861171.68000007
2025-08-01 09:53:50 AM,243.5,0,0.0,176861171.68000007
2025-08-01 09:53:51 AM,243.66,915,222948.9,177084120.58000007
2025-08-01 09:54:02 AM,243.63,0,0.0,177084120.58000007
2025-08-01 09:54:02 AM,243.65,0,0.0,177084120.58000007
2025-08-01 09:54:03 AM,243.65,393,95754.45,177179875.03000006
2025-08-01 09:54:04 AM,243.65,23,5603.95,177185478.98000005
2025-08-01 09:54:09 AM,243.65,200,48730.0,177234208.98000005
2025-08-01 09:54:16 AM,243.65,250,60912.5,177295121.48000005
2025-08-01 09:54:17 AM,243.64,0,0.0,177295121.48000005
2025-08-01 09:54:17 AM,243.64,50,12182.0,177307303.48000005
2025-08-01 09:54:17 AM,243.65,0,0.0,177307303.48000005
2025-08-01 09:54:20 AM,243.5,0,0.0,177307303.48000005
2025-08-01 09:54:22 AM,243.65,100,24365.0,177331668.48000005
2025-08-01 09:54:26 AM,243.5,0,0.0,177331668.48000005
2025-08-01 09:54:28 AM,243.5,79,19236.5,177350904.98000005
2025-08-01 09:54:39 AM,243.45,0,0.0,177350904.98000005
2025-08-01 09:54:40 AM,243.45,347,84477.15,177435382.13000005
2025-08-01 09:54:42 AM,243.66,0,0.0,177435382.13000005
2025-08-01 09:54:45 AM,243.68,0,0.0,177435382.13000005
2025-08-01 09:54:46 AM,243.68,551,134267.68,177569649.81000006
2025-08-01 09:54:51 AM,243.64,0,0.0,177569649.81000006
2025-08-01 09:54:52 AM,243.64,200,48728.0,177618377.81000006
2025-08-01 09:54:54 AM,243.71,0,0.0,177618377.81000006
2025-08-01 09:54:54 AM,243.68,0,0.0,177618377.81000006
2025-08-01 09:54:57 AM,243.69,0,0.0,177618377.81000006
2025-08-01 09:54:58 AM,243.69,130,31679.7,177650057.51000005
2025-08-01 09:55:03 AM,243.5,0,0.0,177650057.51000005
2025-08-01 09:55:03 AM,243.5,1461,355753.5,178005811.01000005
2025-08-01 09:55:13 AM,243.4,0,0.0,178005811.01000005
2025-08-01 09:55:16 AM,243.5,0,0.0,178005811.01000005
2025-08-01 09:55:16 AM,243.5,220,53570.0,178059381.01000005
2025-08-01 09:55:21 AM,243.5,30,7305.0,178066686.01000005
2025-08-01 09:55:27 AM,243.5,700,170450.0,178237136.01000005
2025-08-01 09:55:29 AM,243.5,100,24350.0,178261486.01000005
2025-08-01 09:55:30 AM,243.4,0,0.0,178261486.01000005
2025-08-01 09:55:33 AM,243.5,52,12662.0,178274148.01000005
2025-08-01 09:55:39 AM,243.5,50,12175.0,178286323.01000005
2025-08-01 09:55:41 AM,243.5,4,974.0,178287297.01000005
2025-08-01 09:55:45 AM,243.5,100,24350.0,178311647.01000005
2025-08-01 09:55:52 AM,243.4,20,4868.0,178316515.01000005
2025-08-01 09:55:56 AM,243.5,0,0.0,178316515.01000005
2025-08-01 09:55:58 AM,243.4,75,18255.0,178334770.01000005
2025-08-01 09:56:04 AM,243.4,50,12170.0,178346940.01000005
2025-08-01 09:56:05 AM,243.36,666,162077.76,178509017.77000004
2025-08-01 09:56:15 AM,243.5,0,0.0,178509017.77000004
2025-08-01 09:56:16 AM,243.5,1000,243500.0,178752517.77000004
2025-08-01 09:56:20 AM,243.36,0,0.0,178752517.77000004
2025-08-01 09:56:21 AM,243.5,0,0.0,178752517.77000004
2025-08-01 09:56:22 AM,243.36,82,19955.52,178772473.29000005
2025-08-01 09:56:30 AM,243.5,0,0.0,178772473.29000005
2025-08-01 09:56:33 AM,243.36,0,0.0,178772473.29000005
2025-08-01 09:56:33 AM,243.36,510,124113.6,178896586.89000005
2025-08-01 09:56:38 AM,243.5,0,0.0,178896586.89000005
2025-08-01 09:56:39 AM,243.36,211,51348.96000000001,178947935.85000005
2025-08-01 09:56:44 AM,243.21,0,0.0,178947935.85000005
2025-08-01 09:56:46 AM,243.21,57,13862.970000000001,178961798.82000005
2025-08-01 09:56:52 AM,243.21,55,13376.550000000001,178975175.37000006
2025-08-01 09:56:58 AM,243.21,105,25537.05,179000712.42000008
2025-08-01 09:57:04 AM,243.18,2060,500950.8,179501663.2200001
2025-08-01 09:57:09 AM,243.05,0,0.0,179501663.2200001
2025-08-01 09:57:10 AM,243.05,3,729.1500000000001,179502392.3700001
2025-08-01 09:57:16 AM,243.18,25,6079.5,179508471.8700001
2025-08-01 09:57:21 AM,243.18,16,3890.88,179512362.7500001
2025-08-01 09:57:25 AM,243.05,0,0.0,179512362.7500001
2025-08-01 09:57:27 AM,243.15,217,52763.55,179565126.3000001
2025-08-01 09:57:29 AM,243.01,0,0.0,179565126.3000001
2025-08-01 09:57:29 AM,243.01,500,121505.0,179686631.3000001
2025-08-01 09:57:33 AM,242.95,0,0.0,179686631.3000001
2025-08-01 09:57:33 AM,242.95,3750,911062.5,180597693.8000001
2025-08-01 09:57:35 AM,243.0,5,1215.0,180598908.8000001
2025-08-01 09:57:39 AM,243.12,178,43275.36,180642184.16000012
2025-08-01 09:57:41 AM,243.0,7,1701.0,180643885.16000012
2025-08-01 09:57:47 AM,243.0,143,34749.0,180678634.16000012
2025-08-01 09:57:51 AM,243.0,1,243.0,180678877.16000012
2025-08-01 09:57:54 AM,243.0,20,4860.0,180683737.16000012
2025-08-01 09:58:03 AM,243.0,48,11664.0,180695401.16000012
2025-08-01 09:58:12 AM,243.0,334,81162.0,180776563.16000012
2025-08-01 09:58:18 AM,242.85,0,0.0,180776563.16000012
2025-08-01 09:58:18 AM,242.85,7,1699.95,180778263.1100001
2025-08-01 09:58:21 AM,242.97,0,0.0,180778263.1100001
2025-08-01 09:58:21 AM,242.97,1,242.97,180778506.0800001
2025-08-01 09:58:24 AM,242.97,10,2429.7,180780935.7800001
2025-08-01 09:58:30 AM,242.94,0,0.0,180780935.7800001
2025-08-01 09:58:30 AM,242.94,1,242.94,180781178.7200001
2025-08-01 09:58:33 AM,242.81,50,12140.5,180793319.2200001
2025-08-01 09:58:36 AM,242.75,2479,601777.25,181395096.4700001
2025-08-01 09:58:42 AM,242.83,10,2428.3,181397524.7700001
2025-08-01 09:58:48 AM,242.83,1975,479589.25,181877114.0200001
2025-08-01 09:58:50 AM,242.82,0,0.0,181877114.0200001
2025-08-01 09:58:52 AM,242.82,125,30352.5,181907466.5200001
2025-08-01 09:58:54 AM,242.81,0,0.0,181907466.5200001
2025-08-01 09:58:54 AM,242.81,13,3156.53,181910623.0500001
2025-08-01 09:58:58 AM,242.8,0,0.0,181910623.0500001
2025-08-01 09:58:58 AM,242.8,1325,321710.0,182232333.0500001
2025-08-01 09:59:00 AM,242.8,40,9712.0,182242045.0500001
2025-08-01 09:59:04 AM,242.79,702,170438.58,182412483.6300001
2025-08-01 09:59:10 AM,242.6,371,90004.59999999999,182502488.2300001
2025-08-01 09:59:12 AM,242.75,0,0.0,182502488.2300001
2025-08-01 09:59:13 AM,242.6,1250,303250.0,182805738.2300001
2025-08-01 09:59:16 AM,242.76,0,0.0,182805738.2300001
2025-08-01 09:59:16 AM,242.76,100,24276.0,182830014.2300001
2025-08-01 09:59:19 AM,242.6,17,4124.2,182834138.4300001
2025-08-01 09:59:23 AM,242.4,31343,7597543.2,190431681.63000008
2025-08-01 09:59:26 AM,242.29,2485,602090.65,191033772.2800001
2025-08-01 09:59:28 AM,242.48,0,0.0,191033772.2800001
2025-08-01 09:59:29 AM,242.48,500,121240.0,191155012.2800001
2025-08-01 09:59:31 AM,242.24,0,0.0,191155012.2800001
2025-08-01 09:59:32 AM,242.1,2580,624618.0,191779630.2800001
2025-08-01 09:59:35 AM,242.1,1101,266552.1,192046182.38000008
2025-08-01 09:59:40 AM,242.13,0,0.0,192046182.38000008
2025-08-01 09:59:41 AM,242.1,0,0.0,192046182.38000008
2025-08-01 09:59:41 AM,242.1,2058,498241.8,192544424.1800001
2025-08-01 09:59:44 AM,242.11,0,0.0,192544424.1800001
2025-08-01 09:59:44 AM,242.2,528,127881.59999999999,192672305.7800001
2025-08-01 09:59:47 AM,242.33,0,0.0,192672305.7800001
2025-08-01 09:59:48 AM,242.33,651,157756.83000000002,192830062.6100001
2025-08-01 09:59:56 AM,242.22,1,242.22,192830304.8300001
2025-08-01 09:59:58 AM,242.3,0,0.0,192830304.8300001
2025-08-01 09:59:59 AM,242.1,0,0.0,192830304.8300001
2025-08-01 10:00:00 AM,242.1,1417,343055.7,193173360.5300001
2025-08-01 10:00:06 AM,242.24,0,0.0,193173360.5300001
2025-08-01 10:00:06 AM,242.24,100,24224.0,193197584.5300001
2025-08-01 10:00:09 AM,242.25,0,0.0,193197584.5300001
2025-08-01 10:00:09 AM,242.25,246,59593.5,193257178.0300001
2025-08-01 10:00:13 AM,242.24,559,135412.16,193392590.1900001
2025-08-01 10:00:15 AM,242.25,0,0.0,193392590.1900001
2025-08-01 10:00:16 AM,242.25,26,6298.5,193398888.6900001
2025-08-01 10:00:19 AM,242.23,101,24465.23,193423353.92000008
2025-08-01 10:00:20 AM,242.24,0,0.0,193423353.92000008
2025-08-01 10:00:21 AM,242.1,0,0.0,193423353.92000008
2025-08-01 10:00:22 AM,242.1,39,9441.9,193432795.82000008
2025-08-01 10:00:25 AM,241.97,18380,4447408.6,197880204.42000008
2025-08-01 10:00:27 AM,241.8,0,0.0,197880204.42000008
2025-08-01 10:00:28 AM,241.99,189,45736.11,197925940.5300001
2025-08-01 10:00:31 AM,241.99,220,53237.8,197979178.3300001
2025-08-01 10:00:34 AM,241.8,1151,278311.8,198257490.1300001
2025-08-01 10:00:38 AM,241.98,0,0.0,198257490.1300001
2025-08-01 10:00:38 AM,241.98,60,14518.8,198272008.93000013
2025-08-01 10:00:39 AM,241.99,0,0.0,198272008.93000013
2025-08-01 10:00:41 AM,242.01,400,96804.0,198368812.93000013
2025-08-01 10:00:44 AM,242.0,0,0.0,198368812.93000013
2025-08-01 10:00:44 AM,242.04,160,38726.4,198407539.33000013
2025-08-01 10:00:47 AM,242.02,1,242.02,198407781.35000014
2025-08-01 10:00:50 AM,242.02,350,84707.0,198492488.35000014
2025-08-01 10:00:54 AM,242.0,171,41382.0,198533870.35000014
2025-08-01 10:01:00 AM,241.99,27,6533.7300000000005,198540404.08000013
2025-08-01 10:01:03 AM,241.99,103,24924.97,198565329.05000013
2025-08-01 10:01:06 AM,242.16,2875,696210.0,199261539.05000013
2025-08-01 10:01:08 AM,242.28,0,0.0,199261539.05000013
2025-08-01 10:01:09 AM,242.5,257,62322.5,199323861.55000013
2025-08-01 10:01:13 AM,242.26,0,0.0,199323861.55000013
2025-08-01 10:01:13 AM,242.26,125,30282.5,199354144.05000013
2025-08-01 10:01:16 AM,242.4,637,154408.80000000002,199508552.85000014
2025-08-01 10:01:19 AM,242.43,0,0.0,199508552.85000014
2025-08-01 10:01:19 AM,242.43,501,121457.43000000001,199630010.28000015
2025-08-01 10:01:22 AM,242.26,0,0.0,199630010.28000015
2025-08-01 10:01:22 AM,242.26,190,46029.4,199676039.68000016
2025-08-01 10:01:25 AM,242.26,200,48452.0,199724491.68000016
2025-08-01 10:01:28 AM,242.46,275,66676.5,199791168.18000016
2025-08-01 10:01:30 AM,242.19,0,0.0,199791168.18000016
2025-08-01 10:01:31 AM,242.24,0,0.0,199791168.18000016
2025-08-01 10:01:31 AM,242.24,10277,2489500.48,202280668.66000015
2025-08-01 10:01:34 AM,242.24,3,726.72,202281395.38000014
2025-08-01 10:01:40 AM,242.24,10,2422.4,202283817.78000015
2025-08-01 10:01:43 AM,242.21,0,0.0,202283817.78000015
2025-08-01 10:01:44 AM,242.21,50,12110.5,202295928.28000015
2025-08-01 10:01:46 AM,242.24,75,18168.0,202314096.28000015
2025-08-01 10:01:50 AM,242.21,26,6297.46,202320393.74000016
2025-08-01 10:01:56 AM,242.21,60,14532.6,202334926.34000015
2025-08-01 10:01:58 AM,242.21,150,36331.5,202371257.84000015
2025-08-01 10:02:02 AM,242.26,177,42880.02,202414137.86000016
2025-08-01 10:02:08 AM,242.21,123,29791.83,202443929.69000018
2025-08-01 10:02:17 AM,242.3,1,242.3,202444171.9900002
2025-08-01 10:02:21 AM,242.33,20,4846.6,202449018.59000018
2025-08-01 10:02:22 AM,242.3,0,0.0,202449018.59000018
2025-08-01 10:02:23 AM,242.3,1050,254415.0,202703433.59000018
2025-08-01 10:02:28 AM,242.49,1,242.49,202703676.0800002
2025-08-01 10:02:29 AM,242.49,3,727.47,202704403.5500002
2025-08-01 10:02:34 AM,242.49,156,37828.44,202742231.9900002
2025-08-01 10:02:40 AM,242.2,0,0.0,202742231.9900002
2025-08-01 10:02:40 AM,242.2,6254,1514718.7999999998,204256950.7900002
2025-08-01 10:02:42 AM,242.23,58,14049.34,204271000.1300002
2025-08-01 10:02:47 AM,242.27,5,1211.3500000000001,204272211.4800002
2025-08-01 10:02:48 AM,241.85,6363,1538891.55,205811103.0300002
2025-08-01 10:02:50 AM,241.98,0,0.0,205811103.0300002
2025-08-01 10:02:53 AM,241.98,8,1935.84,205813038.8700002
2025-08-01 10:02:58 AM,242.0,0,0.0,205813038.8700002
2025-08-01 10:02:59 AM,241.8,950,229710.0,206042748.8700002
2025-08-01 10:03:01 AM,241.96,100,24196.0,206066944.8700002
2025-08-01 10:03:02 AM,241.8,0,0.0,206066944.8700002
2025-08-01 10:03:05 AM,241.8,2182,527607.6,206594552.4700002
2025-08-01 10:03:06 AM,241.69,0,0.0,206594552.4700002
2025-08-01 10:03:07 AM,241.69,287,69365.03,206663917.5000002
2025-08-01 10:03:10 AM,241.6,0,0.0,206663917.5000002
2025-08-01 10:03:12 AM,241.71,4358,1053372.18,207717289.68000022
2025-08-01 10:03:14 AM,241.78,0,0.0,207717289.68000022
2025-08-01 10:03:14 AM,241.78,11984,2897491.52,210614781.20000023
2025-08-01 10:03:18 AM,241.98,0,0.0,210614781.20000023
2025-08-01 10:03:19 AM,241.98,473,114456.54,210729237.74000022
2025-08-01 10:03:21 AM,241.82,100,24182.0,210753419.74000022
2025-08-01 10:03:25 AM,242.0,5962,1442804.0,212196223.74000022
2025-08-01 10:03:27 AM,242.16,1004,243128.63999999998,212439352.3800002
2025-08-01 10:03:30 AM,242.11,0,0.0,212439352.3800002
2025-08-01 10:03:31 AM,242.04,186,45019.439999999995,212484371.8200002
2025-08-01 10:03:34 AM,241.89,0,0.0,212484371.8200002
2025-08-01 10:03:34 AM,241.89,100,24189.0,212508560.8200002
2025-08-01 10:03:38 AM,242.09,0,0.0,212508560.8200002
2025-08-01 10:03:38 AM,242.09,30,7262.7,212515823.5200002
2025-08-01 10:03:46 AM,242.31,0,0.0,212515823.5200002
2025-08-01 10:03:46 AM,242.31,160,38769.6,212554593.12000018
2025-08-01 10:03:50 AM,242.34,210,50891.4,212605484.5200002
2025-08-01 10:03:56 AM,242.35,340,82399.0,212687883.5200002
2025-08-01 10:04:01 AM,242.34,0,0.0,212687883.5200002
2025-08-01 10:04:02 AM,242.25,0,0.0,212687883.5200002
2025-08-01 10:04:03 AM,242.25,55,13323.75,212701207.2700002
2025-08-01 10:04:05 AM,242.41,850,206048.5,212907255.7700002
2025-08-01 10:04:09 AM,242.46,205,49704.3,212956960.0700002
2025-08-01 10:04:14 AM,242.49,0,0.0,212956960.0700002
2025-08-01 10:04:15 AM,242.49,525,127307.25,213084267.3200002
2025-08-01 10:04:21 AM,242.49,409,99178.41,213183445.7300002
2025-08-01 10:04:24 AM,242.48,1,242.48,213183688.2100002
2025-08-01 10:04:28 AM,242.49,975,236427.75,213420115.9600002
2025-08-01 10:04:30 AM,242.38,0,0.0,213420115.9600002
2025-08-01 10:04:30 AM,242.38,139,33690.82,213453806.78000018
2025-08-01 10:04:34 AM,242.75,0,0.0,213453806.78000018
2025-08-01 10:04:34 AM,242.75,1094,265568.5,213719375.28000018
2025-08-01 10:04:36 AM,242.76,1,242.76,213719618.04000017
2025-08-01 10:04:40 AM,242.79,1,242.79,213719860.83000016
2025-08-01 10:04:42 AM,242.75,2,485.5,213720346.33000016
2025-08-01 10:04:44 AM,242.59,0,0.0,213720346.33000016
2025-08-01 10:04:46 AM,242.61,358,86854.38,213807200.71000016
2025-08-01 10:04:52 AM,242.75,0,0.0,213807200.71000016
2025-08-01 10:04:53 AM,242.75,536,130114.0,213937314.71000016
2025-08-01 10:04:55 AM,242.71,5,1213.55,213938528.26000017
2025-08-01 10:04:59 AM,242.77,0,0.0,213938528.26000017
2025-08-01 10:04:59 AM,242.77,400,97108.0,214035636.26000017
2025-08-01 10:05:11 AM,242.79,0,0.0,214035636.26000017
2025-08-01 10:05:11 AM,242.61,1503,364642.83,214400279.09000018
2025-08-01 10:05:13 AM,242.49,1211,293655.39,214693934.48000017
2025-08-01 10:05:17 AM,242.56,100,24256.0,214718190.48000017
2025-08-01 10:05:19 AM,242.49,1,242.49,214718432.97000018
2025-08-01 10:05:23 AM,242.38,0,0.0,214718432.97000018
2025-08-01 10:05:23 AM,242.38,19,4605.22,214723038.19000018
2025-08-01 10:05:26 AM,242.35,200,48470.0,214771508.19000018
2025-08-01 10:05:27 AM,242.5,0,0.0,214771508.19000018
2025-08-01 10:05:30 AM,242.34,406,98390.04000000001,214869898.23000017
2025-08-01 10:05:36 AM,242.58,0,0.0,214869898.23000017
2025-08-01 10:05:36 AM,242.58,1251,303467.58,215173365.81000018
2025-08-01 10:05:42 AM,242.56,0,0.0,215173365.81000018
2025-08-01 10:05:42 AM,242.56,10,2425.6,215175791.41000018
2025-08-01 10:05:44 AM,242.35,60,14541.0,215190332.41000018
2025-08-01 10:05:50 AM,242.5,50,12125.0,215202457.41000018
2025-08-01 10:05:54 AM,242.34,0,0.0,215202457.41000018
2025-08-01 10:05:54 AM,242.34,112,27142.08,215229599.4900002
2025-08-01 10:06:00 AM,242.33,0,0.0,215229599.4900002
2025-08-01 10:06:00 AM,242.33,225,54524.25,215284123.7400002
2025-08-01 10:06:06 AM,242.31,64,15507.84,215299631.5800002
2025-08-01 10:06:11 AM,242.33,0,0.0,215299631.5800002
2025-08-01 10:06:11 AM,242.33,15,3634.9500000000003,215303266.53000018
2025-08-01 10:06:14 AM,242.04,0,0.0,215303266.53000018
2025-08-01 10:06:14 AM,242.04,948,229453.91999999998,215532720.45000017
2025-08-01 10:06:17 AM,241.8,0,0.0,215532720.45000017
2025-08-01 10:06:17 AM,241.8,1801,435481.80000000005,215968202.25000018
2025-08-01 10:06:23 AM,241.8,20,4836.0,215973038.25000018
2025-08-01 10:06:26 AM,241.96,0,0.0,215973038.25000018
2025-08-01 10:06:26 AM,241.96,1,241.96,215973280.2100002
2025-08-01 10:06:29 AM,241.8,0,0.0,215973280.2100002
2025-08-01 10:06:29 AM,241.8,300,72540.0,216045820.2100002
2025-08-01 10:06:32 AM,241.75,0,0.0,216045820.2100002
2025-08-01 10:06:32 AM,241.75,222,53668.5,216099488.7100002
2025-08-01 10:06:33 AM,241.8,0,0.0,216099488.7100002
2025-08-01 10:06:35 AM,241.69,1991,481204.79,216580693.50000018
2025-08-01 10:06:37 AM,241.93,0,0.0,216580693.50000018
2025-08-01 10:06:38 AM,241.93,103,24918.79,216605612.29000017
2025-08-01 10:06:41 AM,241.6,0,0.0,216605612.29000017
2025-08-01 10:06:41 AM,241.6,1020,246432.0,216852044.29000017
2025-08-01 10:06:46 AM,241.68,0,0.0,216852044.29000017
2025-08-01 10:06:48 AM,241.83,88,21281.04,216873325.33000016
2025-08-01 10:06:51 AM,241.71,0,0.0,216873325.33000016
2025-08-01 10:06:54 AM,241.71,21,5075.91,216878401.24000016
2025-08-01 10:06:56 AM,241.83,0,0.0,216878401.24000016
2025-08-01 10:06:56 AM,241.83,200,48366.0,216926767.24000016
2025-08-01 10:07:00 AM,241.83,429,103745.07,217030512.31000015
2025-08-01 10:07:02 AM,241.7,117,28278.899999999998,217058791.21000016
2025-08-01 10:07:06 AM,241.8,0,0.0,217058791.21000016
2025-08-01 10:07:06 AM,241.8,167,40380.6,217099171.81000015
2025-08-01 10:07:08 AM,241.7,650,157105.0,217256276.81000015
2025-08-01 10:07:12 AM,241.7,1043,252093.09999999998,217508369.91000015
2025-08-01 10:07:14 AM,241.92,5,1209.6,217509579.51000014
2025-08-01 10:07:16 AM,241.8,0,0.0,217509579.51000014
2025-08-01 10:07:19 AM,241.7,4176,1009339.2,218518918.71000013
2025-08-01 10:07:21 AM,241.93,0,0.0,218518918.71000013
2025-08-01 10:07:21 AM,241.93,335,81046.55,218599965.26000014
2025-08-01 10:07:25 AM,241.98,33,7985.339999999999,218607950.60000014
2025-08-01 10:07:27 AM,241.82,247,59729.54,218667680.14000013
2025-08-01 10:07:30 AM,242.0,0,0.0,218667680.14000013
2025-08-01 10:07:31 AM,242.0,400,96800.0,218764480.14000013
2025-08-01 10:07:33 AM,241.76,296,71560.95999999999,218836041.10000014
2025-08-01 10:07:37 AM,241.73,1,241.73,218836282.83000013
2025-08-01 10:07:39 AM,241.8,100,24180.0,218860462.83000013
2025-08-01 10:07:43 AM,241.76,0,0.0,218860462.83000013
2025-08-01 10:07:43 AM,241.76,70,16923.2,218877386.03000012
2025-08-01 10:07:48 AM,241.9,0,0.0,218877386.03000012
2025-08-01 10:07:49 AM,241.9,25,6047.5,218883433.53000012
2025-08-01 10:07:51 AM,241.75,120,29010.0,218912443.53000012
2025-08-01 10:07:56 AM,241.88,31,7498.28,218919941.81000012
2025-08-01 10:07:57 AM,241.91,573,138614.43,219058556.24000013
2025-08-01 10:08:02 AM,241.75,491,118699.25,219177255.49000013
2025-08-01 10:08:03 AM,241.89,11,2660.79,219179916.28000012
2025-08-01 10:08:07 AM,241.75,0,0.0,219179916.28000012
2025-08-01 10:08:08 AM,241.75,59,14263.25,219194179.53000012
2025-08-01 10:08:10 AM,241.89,4,967.56,219195147.09000012
2025-08-01 10:08:12 AM,241.92,0,0.0,219195147.09000012
2025-08-01 10:08:14 AM,241.92,1938,468840.95999999996,219663988.05000013
2025-08-01 10:08:16 AM,241.9,10,2419.0,219666407.05000013
2025-08-01 10:08:20 AM,241.95,0,0.0,219666407.05000013
2025-08-01 10:08:20 AM,241.95,200,48390.0,219714797.05000013
2025-08-01 10:08:28 AM,241.95,1105,267354.75,219982151.80000013
2025-08-01 10:08:32 AM,242.07,0,0.0,219982151.80000013
2025-08-01 10:08:33 AM,242.04,0,0.0,219982151.80000013
2025-08-01 10:08:33 AM,242.04,750,181530.0,220163681.80000013
2025-08-01 10:08:58 AM,242.19,10,2421.9,220166103.70000014
2025-08-01 10:08:59 AM,242.1,0,0.0,220166103.70000014
2025-08-01 10:09:02 AM,242.1,3,726.3,220166830.00000015
2025-08-01 10:09:06 AM,242.19,0,0.0,220166830.00000015
2025-08-01 10:09:08 AM,242.19,140,33906.6,220200736.60000014
2025-08-01 10:09:12 AM,242.25,0,0.0,220200736.60000014
2025-08-01 10:09:14 AM,242.25,100,24225.0,220224961.60000014
2025-08-01 10:09:20 AM,242.2,0,0.0,220224961.60000014
2025-08-01 10:09:20 AM,242.2,23,5570.599999999999,220230532.20000014
2025-08-01 10:09:26 AM,242.19,0,0.0,220230532.20000014
2025-08-01 10:09:26 AM,242.19,1000,242190.0,220472722.20000014
2025-08-01 10:09:27 AM,242.36,0,0.0,220472722.20000014
2025-08-01 10:09:28 AM,242.4,1600,387840.0,220860562.20000014
2025-08-01 10:09:29 AM,242.31,0,0.0,220860562.20000014
2025-08-01 10:09:32 AM,242.31,70,16961.7,220877523.90000013
2025-08-01 10:09:35 AM,242.5,0,0.0,220877523.90000013
2025-08-01 10:09:37 AM,242.5,1,242.5,220877766.40000013
2025-08-01 10:09:39 AM,242.5,100,24250.0,220902016.40000013
2025-08-01 10:09:41 AM,242.53,0,0.0,220902016.40000013
2025-08-01 10:09:43 AM,242.62,152,36878.24,220938894.64000013
2025-08-01 10:09:47 AM,242.64,0,0.0,220938894.64000013
2025-08-01 10:09:49 AM,242.64,100,24264.0,220963158.64000013
2025-08-01 10:09:51 AM,242.6,0,0.0,220963158.64000013
2025-08-01 10:09:51 AM,242.6,53,12857.8,220976016.44000015
2025-08-01 10:10:00 AM,242.56,0,0.0,220976016.44000015
2025-08-01 10:10:00 AM,242.56,459,111335.04000000001,221087351.48000014
2025-08-01 10:10:02 AM,242.49,0,0.0,221087351.48000014
2025-08-01 10:10:02 AM,242.49,107,25946.43,221113297.91000015
2025-08-01 10:10:05 AM,242.48,0,0.0,221113297.91000015
2025-08-01 10:10:06 AM,242.48,205,49708.4,221163006.31000015
2025-08-01 10:10:08 AM,242.51,0,0.0,221163006.31000015
2025-08-01 10:10:08 AM,242.51,100,24251.0,221187257.31000015
2025-08-01 10:10:09 AM,242.2,0,0.0,221187257.31000015
2025-08-01 10:10:11 AM,242.21,0,0.0,221187257.31000015
2025-08-01 10:10:12 AM,242.21,2963,717668.23,221904925.54000014
2025-08-01 10:10:14 AM,242.21,20,4844.2,221909769.74000013
2025-08-01 10:10:15 AM,242.2,0,0.0,221909769.74000013
2025-08-01 10:10:18 AM,242.2,252,61034.399999999994,221970804.14000013
2025-08-01 10:10:20 AM,242.2,1,242.2,221971046.34000012
2025-08-01 10:10:26 AM,242.21,1166,282416.86,222253463.20000014
2025-08-01 10:10:30 AM,242.38,16,3878.08,222257341.28000015
2025-08-01 10:10:35 AM,242.42,0,0.0,222257341.28000015
2025-08-01 10:10:36 AM,242.42,243,58908.06,222316249.34000015
2025-08-01 10:10:37 AM,242.45,10,2424.5,222318673.84000015
2025-08-01 10:10:43 AM,242.3,250,60575.0,222379248.84000015
2025-08-01 10:10:47 AM,242.32,0,0.0,222379248.84000015
2025-08-01 10:10:48 AM,242.32,500,121160.0,222500408.84000015
2025-08-01 10:10:53 AM,242.5,0,0.0,222500408.84000015
2025-08-01 10:10:54 AM,242.5,50,12125.0,222512533.84000015
2025-08-01 10:11:00 AM,242.5,51,12367.5,222524901.34000015
2025-08-01 10:11:01 AM,242.5,1,242.5,222525143.84000015
2025-08-01 10:11:05 AM,242.5,325,78812.5,222603956.34000015
2025-08-01 10:11:24 AM,242.5,10,2425.0,222606381.34000015
2025-08-01 10:11:29 AM,242.51,0,0.0,222606381.34000015
2025-08-01 10:11:29 AM,242.51,3,727.53,222607108.87000015
2025-08-01 10:11:30 AM,242.5,16,3880.0,222610988.87000015
2025-08-01 10:11:34 AM,242.5,2,485.0,222611473.87000015
2025-08-01 10:11:35 AM,242.57,0,0.0,222611473.87000015
2025-08-01 10:11:36 AM,242.57,25,6064.25,222617538.12000015
2025-08-01 10:11:41 AM,242.64,0,0.0,222617538.12000015
2025-08-01 10:11:42 AM,242.64,200,48528.0,222666066.12000015
2025-08-01 10:11:44 AM,242.51,0,0.0,222666066.12000015
2025-08-01 10:11:46 AM,242.51,1,242.51,222666308.63000014
2025-08-01 10:11:50 AM,242.63,0,0.0,222666308.63000014
2025-08-01 10:11:52 AM,242.63,8,1941.04,222668249.67000014
2025-08-01 10:11:53 AM,242.75,0,0.0,222668249.67000014
2025-08-01 10:11:53 AM,242.75,2100,509775.0,223178024.67000014
2025-08-01 10:12:04 AM,242.45,2295,556422.75,223734447.42000014
2025-08-01 10:12:08 AM,242.39,0,0.0,223734447.42000014
2025-08-01 10:12:10 AM,242.39,7,1696.73,223736144.15000013
2025-08-01 10:12:16 AM,242.4,41,9938.4,223746082.55000013
2025-08-01 10:12:21 AM,242.4,148,35875.200000000004,223781957.75000012
2025-08-01 10:12:32 AM,242.43,0,0.0,223781957.75000012
2025-08-01 10:12:33 AM,242.43,724,175519.32,223957477.0700001
2025-08-01 10:12:44 AM,242.4,0,0.0,223957477.0700001
2025-08-01 10:12:44 AM,242.4,55,13332.0,223970809.0700001
2025-08-01 10:12:47 AM,242.58,0,0.0,223970809.0700001
2025-08-01 10:12:50 AM,242.41,0,0.0,223970809.0700001
2025-08-01 10:12:50 AM,242.41,110,26665.1,223997474.1700001
2025-08-01 10:12:51 AM,242.4,101,24482.4,224021956.5700001
2025-08-01 10:12:53 AM,242.61,0,0.0,224021956.5700001
2025-08-01 10:12:56 AM,242.41,0,0.0,224021956.5700001
2025-08-01 10:12:56 AM,242.41,306,74177.45999999999,224096134.03000012
2025-08-01 10:12:59 AM,242.61,0,0.0,224096134.03000012
2025-08-01 10:13:02 AM,242.61,5,1213.0500000000002,224097347.08000013
2025-08-01 10:13:05 AM,242.52,0,0.0,224097347.08000013
2025-08-01 10:13:07 AM,242.52,50,12126.0,224109473.08000013
2025-08-01 10:13:13 AM,242.36,1575,381717.0,224491190.08000013
2025-08-01 10:13:19 AM,242.47,16,3879.52,224495069.60000014
2025-08-01 10:13:23 AM,242.45,0,0.0,224495069.60000014
2025-08-01 10:13:25 AM,242.46,350,84861.0,224579930.60000014
2025-08-01 10:13:31 AM,242.47,4,969.88,224580900.48000014
2025-08-01 10:13:37 AM,242.61,31,7520.910000000001,224588421.39000013
2025-08-01 10:13:38 AM,242.4,0,0.0,224588421.39000013
2025-08-01 10:13:38 AM,242.4,44,10665.6,224599086.99000013
2025-08-01 10:13:41 AM,242.55,0,0.0,224599086.99000013
2025-08-01 10:13:43 AM,242.55,25,6063.75,224605150.74000013
2025-08-01 10:13:49 AM,242.55,13,3153.15,224608303.89000013
2025-08-01 10:13:53 AM,242.53,0,0.0,224608303.89000013
2025-08-01 10:13:53 AM,242.54,0,0.0,224608303.89000013
2025-08-01 10:13:55 AM,242.55,55,13340.25,224621644.14000013
2025-08-01 10:13:59 AM,242.61,0,0.0,224621644.14000013
2025-08-01 10:14:01 AM,242.55,433,105024.15000000001,224726668.29000014
2025-08-01 10:14:05 AM,242.4,0,0.0,224726668.29000014
2025-08-01 10:14:07 AM,242.4,100,24240.0,224750908.29000014
2025-08-01 10:14:07 AM,242.55,2,485.1,224751393.39000013
2025-08-01 10:14:11 AM,242.51,0,0.0,224751393.39000013
2025-08-01 10:14:12 AM,242.51,701,169999.50999999998,224921392.90000013
2025-08-01 10:14:17 AM,242.54,0,0.0,224921392.90000013
2025-08-01 10:14:18 AM,242.54,600,145524.0,225066916.90000013
2025-08-01 10:14:24 AM,242.38,310,75137.8,225142054.70000014
2025-08-01 10:14:26 AM,242.54,0,0.0,225142054.70000014
2025-08-01 10:14:29 AM,242.5,0,0.0,225142054.70000014
2025-08-01 10:14:29 AM,242.5,135,32737.5,225174792.20000014
2025-08-01 10:14:30 AM,242.35,26,6301.099999999999,225181093.30000013
2025-08-01 10:14:35 AM,242.35,50,12117.5,225193210.80000013
2025-08-01 10:14:41 AM,242.5,0,0.0,225193210.80000013
2025-08-01 10:14:41 AM,242.5,50,12125.0,225205335.80000013
2025-08-01 10:14:42 AM,242.47,1,242.47,225205578.27000013
2025-08-01 10:14:47 AM,242.47,2,484.94,225206063.21000013
2025-08-01 10:14:51 AM,242.5,0,0.0,225206063.21000013
2025-08-01 10:14:53 AM,242.47,0,0.0,225206063.21000013
2025-08-01 10:14:53 AM,242.47,70,16972.9,225223036.11000013
2025-08-01 10:14:57 AM,242.4,0,0.0,225223036.11000013
2025-08-01 10:14:59 AM,242.62,0,0.0,225223036.11000013
2025-08-01 10:14:59 AM,242.62,626,151880.12,225374916.23000014
2025-08-01 10:15:03 AM,242.64,0,0.0,225374916.23000014
2025-08-01 10:15:04 AM,242.64,1,242.64,225375158.87000012
2025-08-01 10:15:05 AM,242.64,1,242.64,225375401.5100001
2025-08-01 10:15:10 AM,242.63,4,970.52,225376372.03000012
2025-08-01 10:15:13 AM,242.45,0,0.0,225376372.03000012
2025-08-01 10:15:16 AM,242.45,50,12122.5,225388494.53000012
2025-08-01 10:15:17 AM,242.63,11,2668.93,225391163.46000013
2025-08-01 10:15:22 AM,242.69,0,0.0,225391163.46000013
2025-08-01 10:15:22 AM,242.69,2104,510619.76,225901783.22000012
2025-08-01 10:15:31 AM,242.57,0,0.0,225901783.22000012
2025-08-01 10:15:34 AM,242.57,100,24257.0,225926040.22000012
2025-08-01 10:15:35 AM,242.65,0,0.0,225926040.22000012
2025-08-01 10:15:35 AM,242.65,50,12132.5,225938172.72000012
2025-08-01 10:15:37 AM,242.69,0,0.0,225938172.72000012
2025-08-01 10:15:40 AM,242.69,16,3883.04,225942055.7600001
2025-08-01 10:15:44 AM,242.68,0,0.0,225942055.7600001
2025-08-01 10:15:46 AM,242.54,77,18675.579999999998,225960731.34000012
2025-08-01 10:15:52 AM,242.69,0,0.0,225960731.34000012
2025-08-01 10:15:52 AM,242.69,6,1456.1399999999999,225962187.4800001
2025-08-01 10:15:58 AM,242.68,0,0.0,225962187.4800001
2025-08-01 10:15:58 AM,242.68,46,11163.28,225973350.7600001
2025-08-01 10:16:08 AM,242.69,0,0.0,225973350.7600001
2025-08-01 10:16:09 AM,242.69,87,21114.03,225994464.7900001
2025-08-01 10:16:13 AM,242.68,0,0.0,225994464.7900001
2025-08-01 10:16:15 AM,242.69,12,2912.2799999999997,225997377.0700001
2025-08-01 10:16:17 AM,242.66,0,0.0,225997377.0700001
2025-08-01 10:16:21 AM,242.66,1077,261344.82,226258721.8900001
2025-08-01 10:16:27 AM,242.65,1,242.65,226258964.5400001
2025-08-01 10:16:29 AM,242.66,0,0.0,226258964.5400001
2025-08-01 10:16:31 AM,242.65,0,0.0,226258964.5400001
2025-08-01 10:16:32 AM,242.66,0,0.0,226258964.5400001
2025-08-01 10:16:33 AM,242.66,247,59937.02,226318901.56000012
2025-08-01 10:16:35 AM,242.65,0,0.0,226318901.56000012
2025-08-01 10:16:39 AM,242.65,11,2669.15,226321570.71000013
2025-08-01 10:16:43 AM,242.61,0,0.0,226321570.71000013
2025-08-01 10:16:44 AM,242.64,0,0.0,226321570.71000013
2025-08-01 10:16:45 AM,242.61,188,45610.68,226367181.39000013
2025-08-01 10:16:47 AM,242.65,0,0.0,226367181.39000013
2025-08-01 10:16:50 AM,242.65,775,188053.75,226555235.14000013
2025-08-01 10:16:52 AM,242.61,0,0.0,226555235.14000013
2025-08-01 10:16:56 AM,242.61,2,485.22,226555720.36000013
2025-08-01 10:16:59 AM,242.65,0,0.0,226555720.36000013
2025-08-01 10:17:01 AM,242.61,0,0.0,226555720.36000013
2025-08-01 10:17:01 AM,242.61,205,49735.05,226605455.41000015
2025-08-01 10:17:04 AM,242.65,0,0.0,226605455.41000015
2025-08-01 10:17:05 AM,242.61,0,0.0,226605455.41000015
2025-08-01 10:17:07 AM,242.61,13,3153.9300000000003,226608609.34000015
2025-08-01 10:17:10 AM,242.65,0,0.0,226608609.34000015
2025-08-01 10:17:12 AM,242.65,10,2426.5,226611035.84000015
2025-08-01 10:17:18 AM,242.65,35,8492.75,226619528.59000015
2025-08-01 10:17:24 AM,242.65,100,24265.0,226643793.59000015
2025-08-01 10:17:30 AM,242.65,152,36882.8,226680676.39000016
2025-08-01 10:17:36 AM,242.65,24,5823.6,226686499.99000016
2025-08-01 10:17:38 AM,242.61,0,0.0,226686499.99000016
2025-08-01 10:17:41 AM,242.61,55,13343.550000000001,226699843.54000017
2025-08-01 10:17:46 AM,242.65,0,0.0,226699843.54000017
2025-08-01 10:17:47 AM,242.65,225,54596.25,226754439.79000017
2025-08-01 10:17:53 AM,242.65,1,242.65,226754682.44000018
2025-08-01 10:17:59 AM,242.61,0,0.0,226754682.44000018
2025-08-01 10:17:59 AM,242.61,825,200153.25,226954835.69000018
2025-08-01 10:18:05 AM,242.61,20,4852.200000000001,226959687.89000016
2025-08-01 10:18:10 AM,242.56,0,0.0,226959687.89000016
2025-08-01 10:18:11 AM,242.56,428,103815.68000000001,227063503.57000017
2025-08-01 10:18:19 AM,242.65,0,0.0,227063503.57000017
2025-08-01 10:18:22 AM,242.65,5,1213.25,227064716.82000017
2025-08-01 10:18:28 AM,242.65,203,49257.950000000004,227113974.77000016
2025-08-01 10:18:44 AM,242.6,0,0.0,227113974.77000016
2025-08-01 10:18:45 AM,242.6,2,485.2,227114459.97000015
2025-08-01 10:18:48 AM,242.55,0,0.0,227114459.97000015
2025-08-01 10:18:51 AM,242.6,0,0.0,227114459.97000015
2025-08-01 10:18:51 AM,242.6,238,57738.799999999996,227172198.77000016
2025-08-01 10:18:51 AM,242.6,6,1455.6,227173654.37000015
2025-08-01 10:18:57 AM,242.6,45,10917.0,227184571.37000015
2025-08-01 10:18:58 AM,242.65,0,0.0,227184571.37000015
2025-08-01 10:19:02 AM,242.6,0,0.0,227184571.37000015
2025-08-01 10:19:02 AM,242.6,2005,486413.0,227670984.37000015
2025-08-01 10:19:18 AM,242.65,0,0.0,227670984.37000015
2025-08-01 10:19:20 AM,242.65,25,6066.25,227677050.62000015
2025-08-01 10:19:25 AM,242.56,1024,248381.44,227925432.06000015
2025-08-01 10:19:33 AM,242.65,0,0.0,227925432.06000015
2025-08-01 10:19:37 AM,242.65,29,7036.85,227932468.91000015
2025-08-01 10:19:49 AM,242.75,80,19420.0,227951888.91000015
2025-08-01 10:19:54 AM,242.75,1,242.75,227952131.66000015
2025-08-01 10:20:04 AM,242.75,42,10195.5,227962327.16000015
2025-08-01 10:20:10 AM,242.75,100,24275.0,227986602.16000015
2025-08-01 10:20:28 AM,242.75,5,1213.75,227987815.91000015
2025-08-01 10:20:29 AM,242.75,50,12137.5,227999953.41000015
2025-08-01 10:20:33 AM,242.75,200,48550.0,228048503.41000015
2025-08-01 10:20:35 AM,242.8,2126,516192.80000000005,228564696.21000016
2025-08-01 10:20:38 AM,242.77,0,0.0,228564696.21000016
2025-08-01 10:20:40 AM,242.77,500,121385.0,228686081.21000016
2025-08-01 10:20:48 AM,242.9,928,225411.2,228911492.41000015
2025-08-01 10:20:51 AM,242.95,0,0.0,228911492.41000015
2025-08-01 10:20:52 AM,242.95,6,1457.6999999999998,228912950.11000013
2025-08-01 10:20:54 AM,242.97,220,53453.4,228966403.51000014
2025-08-01 10:20:58 AM,242.97,368,89412.96,229055816.47000015
2025-08-01 10:20:59 AM,242.97,1,242.97,229056059.44000015
2025-08-01 10:21:05 AM,242.91,0,0.0,229056059.44000015
2025-08-01 10:21:05 AM,242.91,20,4858.2,229060917.64000013
2025-08-01 10:21:07 AM,242.97,0,0.0,229060917.64000013
2025-08-01 10:21:09 AM,242.97,1561,379276.17,229440193.81000012
2025-08-01 10:21:11 AM,242.99,200,48598.0,229488791.81000012
2025-08-01 10:21:14 AM,242.99,50,12149.5,229500941.31000012
2025-08-01 10:21:15 AM,242.9,0,0.0,229500941.31000012
2025-08-01 10:21:16 AM,242.99,170,41308.3,229542249.61000013
2025-08-01 10:21:20 AM,242.99,325,78971.75,229621221.36000013
2025-08-01 10:21:23 AM,243.05,0,0.0,229621221.36000013
2025-08-01 10:21:25 AM,243.37,0,0.0,229621221.36000013
2025-08-01 10:21:25 AM,243.37,2253,548312.61,230169533.97000015
2025-08-01 10:21:29 AM,243.17,0,0.0,230169533.97000015
2025-08-01 10:21:31 AM,243.17,51,12401.67,230181935.64000013
2025-08-01 10:21:32 AM,243.35,0,0.0,230181935.64000013
2025-08-01 10:21:33 AM,243.34,5,1216.7,230183152.34000012
2025-08-01 10:21:41 AM,242.55,0,0.0,230183152.34000012
2025-08-01 10:21:41 AM,242.55,8379,2032326.4500000002,232215478.7900001
2025-08-01 10:21:43 AM,242.68,25,6067.0,232221545.7900001
2025-08-01 10:21:47 AM,242.73,0,0.0,232221545.7900001
2025-08-01 10:21:47 AM,242.73,1000,242730.0,232464275.7900001
2025-08-01 10:21:49 AM,242.66,5,1213.3,232465489.09000012
2025-08-01 10:21:53 AM,242.55,0,0.0,232465489.09000012
2025-08-01 10:21:53 AM,242.55,346,83922.3,232549411.39000013
2025-08-01 10:21:59 AM,242.6,0,0.0,232549411.39000013
2025-08-01 10:21:59 AM,242.6,20,4852.0,232554263.39000013
2025-08-01 10:22:02 AM,242.9,0,0.0,232554263.39000013
2025-08-01 10:22:04 AM,242.93,1300,315809.0,232870072.39000013
2025-08-01 10:22:10 AM,243.21,500,121605.0,232991677.39000013
2025-08-01 10:22:20 AM,243.18,0,0.0,232991677.39000013
2025-08-01 10:22:22 AM,242.96,205,49806.8,233041484.19000015
2025-08-01 10:22:24 AM,243.15,7,1702.05,233043186.24000016
2025-08-01 10:22:30 AM,243.17,25,6079.25,233049265.49000016
2025-08-01 10:22:34 AM,243.25,1000,243250.0,233292515.49000016
2025-08-01 10:22:38 AM,243.17,0,0.0,233292515.49000016
2025-08-01 10:22:39 AM,243.17,2,486.34,233293001.83000016
2025-08-01 10:22:44 AM,243.2,0,0.0,233293001.83000016
2025-08-01 10:22:44 AM,243.2,2,486.4,233293488.23000017
2025-08-01 10:22:47 AM,243.15,0,0.0,233293488.23000017
2025-08-01 10:22:47 AM,243.15,1013,246310.95,233539799.18000016
2025-08-01 10:22:50 AM,243.15,10,2431.5,233542230.68000016
2025-08-01 10:22:52 AM,243.2,50,12160.0,233554390.68000016
2025-08-01 10:22:55 AM,243.2,15,3648.0,233558038.68000016
2025-08-01 10:23:03 AM,243.27,401,97551.27,233655589.95000017
2025-08-01 10:23:06 AM,243.3,5,1216.5,233656806.45000017
2025-08-01 10:23:09 AM,243.15,2042,496512.3,234153318.75000018
2025-08-01 10:23:16 AM,243.14,0,0.0,234153318.75000018
2025-08-01 10:23:18 AM,243.14,100,24314.0,234177632.75000018
2025-08-01 10:23:22 AM,243.2,0,0.0,234177632.75000018
2025-08-01 10:23:24 AM,243.2,130,31616.0,234209248.75000018
2025-08-01 10:23:27 AM,243.2,25,6080.0,234215328.75000018
2025-08-01 10:23:32 AM,243.1,0,0.0,234215328.75000018
2025-08-01 10:23:32 AM,243.1,25,6077.5,234221406.25000018
2025-08-01 10:23:34 AM,243.2,0,0.0,234221406.25000018
2025-08-01 10:23:35 AM,243.2,350,85120.0,234306526.25000018
2025-08-01 10:23:37 AM,243.1,0,0.0,234306526.25000018
2025-08-01 10:23:38 AM,243.1,100,24310.0,234330836.25000018
2025-08-01 10:23:40 AM,243.2,0,0.0,234330836.25000018
2025-08-01 10:23:40 AM,243.2,250,60800.0,234391636.25000018
2025-08-01 10:23:51 AM,243.2,20,4864.0,234396500.25000018
2025-08-01 10:23:55 AM,243.25,651,158355.75,234554856.00000018
2025-08-01 10:24:00 AM,243.29,0,0.0,234554856.00000018
2025-08-01 10:24:00 AM,243.29,5,1216.45,234556072.45000017
2025-08-01 10:24:01 AM,243.11,0,0.0,234556072.45000017
2025-08-01 10:24:02 AM,243.25,0,0.0,234556072.45000017
2025-08-01 10:24:02 AM,243.25,504,122598.0,234678670.45000017
2025-08-01 10:24:04 AM,243.2,0,0.0,234678670.45000017
2025-08-01 10:24:06 AM,243.2,26,6323.2,234684993.65000015
2025-08-01 10:24:07 AM,243.25,0,0.0,234684993.65000015
2025-08-01 10:24:08 AM,243.25,278,67623.5,234752617.15000015
2025-08-01 10:24:19 AM,243.25,100,24325.0,234776942.15000015
2025-08-01 10:24:22 AM,243.3,0,0.0,234776942.15000015
2025-08-01 10:24:22 AM,243.3,1,243.3,234777185.45000017
2025-08-01 10:24:24 AM,243.25,160,38920.0,234816105.45000017
2025-08-01 10:24:25 AM,243.3,0,0.0,234816105.45000017
2025-08-01 10:24:28 AM,243.2,0,0.0,234816105.45000017
2025-08-01 10:24:28 AM,243.2,137,33318.4,234849423.85000017
2025-08-01 10:24:46 AM,243.3,0,0.0,234849423.85000017
2025-08-01 10:24:46 AM,243.2,1331,323699.2,235173123.05000016
2025-08-01 10:24:50 AM,243.25,0,0.0,235173123.05000016
2025-08-01 10:24:52 AM,243.25,52,12649.0,235185772.05000016
2025-08-01 10:24:57 AM,243.1,16,3889.6,235189661.65000015
2025-08-01 10:25:01 AM,243.1,28,6806.8,235196468.45000017
2025-08-01 10:25:06 AM,243.0,0,0.0,235196468.45000017
2025-08-01 10:25:07 AM,243.0,350,85050.0,235281518.45000017
2025-08-01 10:25:08 AM,243.19,0,0.0,235281518.45000017
2025-08-01 10:25:09 AM,243.2,0,0.0,235281518.45000017
2025-08-01 10:25:09 AM,243.2,86,20915.2,235302433.65000015
2025-08-01 10:25:15 AM,243.1,13,3160.2999999999997,235305593.95000017
2025-08-01 10:25:24 AM,243.2,0,0.0,235305593.95000017
2025-08-01 10:25:24 AM,243.2,100,24320.0,235329913.95000017
2025-08-01 10:25:30 AM,243.2,13,3161.6,235333075.55000016
2025-08-01 10:25:35 AM,243.1,0,0.0,235333075.55000016
2025-08-01 10:25:35 AM,243.1,17,4132.7,235337208.25000015
2025-08-01 10:25:38 AM,243.24,0,0.0,235337208.25000015
2025-08-01 10:25:38 AM,243.24,400,97296.0,235434504.25000015
2025-08-01 10:25:41 AM,243.24,15,3648.6000000000004,235438152.85000014
2025-08-01 10:25:49 AM,243.24,55,13378.2,235451531.05000013
2025-08-01 10:25:51 AM,243.3,0,0.0,235451531.05000013
2025-08-01 10:25:52 AM,243.24,84,20432.16,235471963.21000013
2025-08-01 10:25:57 AM,243.3,0,0.0,235471963.21000013
2025-08-01 10:25:57 AM,243.3,53,12894.900000000001,235484858.11000013
2025-08-01 10:26:08 AM,243.25,0,0.0,235484858.11000013
2025-08-01 10:26:08 AM,243.25,13,3162.25,235488020.36000013
2025-08-01 10:26:12 AM,243.41,0,0.0,235488020.36000013
2025-08-01 10:26:14 AM,243.41,2000,486820.0,235974840.36000013
2025-08-01 10:26:20 AM,243.3,211,51336.3,236026176.66000015
2025-08-01 10:26:31 AM,243.3,50,12165.0,236038341.66000015
2025-08-01 10:26:32 AM,243.25,0,0.0,236038341.66000015
2025-08-01 10:26:34 AM,243.25,10,2432.5,236040774.16000015
2025-08-01 10:26:37 AM,243.3,45,10948.5,236051722.66000015
2025-08-01 10:26:43 AM,243.3,50,12165.0,236063887.66000015
2025-08-01 10:26:44 AM,243.25,0,0.0,236063887.66000015
2025-08-01 10:26:45 AM,243.25,117,28460.25,236092347.91000015
2025-08-01 10:26:48 AM,243.25,25,6081.25,236098429.16000015
2025-08-01 10:26:53 AM,243.28,0,0.0,236098429.16000015
2025-08-01 10:26:54 AM,243.28,681,165673.68,236264102.84000015
2025-08-01 10:26:59 AM,243.1,0,0.0,236264102.84000015
2025-08-01 10:27:00 AM,243.1,101,24553.1,236288655.94000015
2025-08-01 10:27:02 AM,242.99,0,0.0,236288655.94000015
2025-08-01 10:27:03 AM,243.0,1918,466074.0,236754729.94000015
2025-08-01 10:27:05 AM,243.04,0,0.0,236754729.94000015
2025-08-01 10:27:06 AM,243.07,231,56149.17,236810879.11000013
2025-08-01 10:27:22 AM,243.07,104,25279.28,236836158.39000013
2025-08-01 10:27:27 AM,243.07,50,12153.5,236848311.89000013
2025-08-01 10:27:33 AM,243.07,50,12153.5,236860465.39000013
2025-08-01 10:27:35 AM,243.12,0,0.0,236860465.39000013
2025-08-01 10:27:36 AM,243.12,1550,376836.0,237237301.39000013
2025-08-01 10:27:38 AM,243.05,0,0.0,237237301.39000013
2025-08-01 10:27:39 AM,243.14,1964,477526.95999999996,237714828.35000014
2025-08-01 10:27:44 AM,243.13,0,0.0,237714828.35000014
2025-08-01 10:27:44 AM,243.13,100,24313.0,237739141.35000014
2025-08-01 10:27:47 AM,243.12,0,0.0,237739141.35000014
2025-08-01 10:27:47 AM,243.12,136,33064.32,237772205.67000014
2025-08-01 10:27:50 AM,243.11,0,0.0,237772205.67000014
2025-08-01 10:27:50 AM,243.11,17,4132.87,237776338.54000014
2025-08-01 10:28:06 AM,243.0,163,39609.0,237815947.54000014
2025-08-01 10:28:08 AM,243.1,0,0.0,237815947.54000014
2025-08-01 10:28:09 AM,243.1,200,48620.0,237864567.54000014
2025-08-01 10:28:19 AM,243.1,101,24553.1,237889120.64000013
2025-08-01 10:28:25 AM,243.1,1,243.1,237889363.74000013
2025-08-01 10:28:26 AM,243.0,0,0.0,237889363.74000013
2025-08-01 10:28:28 AM,243.0,39,9477.0,237898840.74000013
2025-08-01 10:28:29 AM,242.8,0,0.0,237898840.74000013
2025-08-01 10:28:30 AM,242.93,0,0.0,237898840.74000013
2025-08-01 10:28:30 AM,242.92,7109,1726918.2799999998,239625759.02000013
2025-08-01 10:28:35 AM,242.93,0,0.0,239625759.02000013
2025-08-01 10:28:36 AM,242.93,50,12146.5,239637905.52000013
2025-08-01 10:28:39 AM,242.9,0,0.0,239637905.52000013
2025-08-01 10:28:39 AM,242.9,1,242.9,239638148.42000014
2025-08-01 10:28:44 AM,242.9,1,242.9,239638391.32000014
2025-08-01 10:28:45 AM,242.77,0,0.0,239638391.32000014
2025-08-01 10:28:47 AM,242.77,535,129881.95000000001,239768273.27000013
2025-08-01 10:28:50 AM,242.77,1,242.77,239768516.04000014
2025-08-01 10:28:56 AM,242.77,1,242.77,239768758.81000015
2025-08-01 10:29:03 AM,242.88,33,8015.04,239776773.85000014
2025-08-01 10:29:09 AM,242.77,10,2427.7000000000003,239779201.55000013
2025-08-01 10:29:16 AM,242.87,0,0.0,239779201.55000013
2025-08-01 10:29:17 AM,242.98,0,0.0,239779201.55000013
2025-08-01 10:29:18 AM,242.87,1401,340260.87,240119462.42000014
2025-08-01 10:29:24 AM,242.85,0,0.0,240119462.42000014
2025-08-01 10:29:26 AM,242.85,10,2428.5,240121890.92000014
2025-08-01 10:29:31 AM,242.85,7,1699.95,240123590.87000012
2025-08-01 10:29:37 AM,242.85,584,141824.4,240265415.27000013
2025-08-01 10:29:38 AM,242.68,0,0.0,240265415.27000013
2025-08-01 10:29:38 AM,242.84,0,0.0,240265415.27000013
2025-08-01 10:29:40 AM,242.84,3751,910892.84,241176308.11000013
2025-08-01 10:29:45 AM,242.84,5,1214.2,241177522.31000012
2025-08-01 10:29:51 AM,242.79,26,6312.54,241183834.8500001
2025-08-01 10:29:56 AM,242.8,0,0.0,241183834.8500001
2025-08-01 10:29:57 AM,242.8,12,2913.6000000000004,241186748.4500001
2025-08-01 10:30:02 AM,242.8,49,11897.2,241198645.6500001
2025-08-01 10:30:10 AM,242.83,0,0.0,241198645.6500001
2025-08-01 10:30:11 AM,242.83,3,728.49,241199374.1400001
2025-08-01 10:30:13 AM,242.85,0,0.0,241199374.1400001
2025-08-01 10:30:14 AM,242.85,10,2428.5,241201802.6400001
2025-08-01 10:30:22 AM,242.84,0,0.0,241201802.6400001
2025-08-01 10:30:22 AM,242.84,45,10927.8,241212730.44000012
2025-08-01 10:30:36 AM,242.84,103,25012.52,241237742.96000013
2025-08-01 10:30:40 AM,242.88,0,0.0,241237742.96000013
2025-08-01 10:30:40 AM,242.88,10,2428.8,241240171.76000014
2025-08-01 10:30:45 AM,242.88,20,4857.6,241245029.36000013
2025-08-01 10:30:56 AM,242.8,0,0.0,241245029.36000013
2025-08-01 10:30:56 AM,242.83,211,51237.130000000005,241296266.49000013
2025-08-01 10:31:05 AM,242.87,0,0.0,241296266.49000013
2025-08-01 10:31:05 AM,242.87,250,60717.5,241356983.99000013
2025-08-01 10:31:08 AM,242.88,0,0.0,241356983.99000013
2025-08-01 10:31:08 AM,242.88,10,2428.8,241359412.79000014
2025-08-01 10:31:11 AM,242.93,0,0.0,241359412.79000014
2025-08-01 10:31:11 AM,242.93,600,145758.0,241505170.79000014
2025-08-01 10:31:13 AM,242.88,0,0.0,241505170.79000014
2025-08-01 10:31:14 AM,242.75,650,157787.5,241662958.29000014
2025-08-01 10:31:17 AM,242.92,0,0.0,241662958.29000014
2025-08-01 10:31:17 AM,242.92,300,72876.0,241735834.29000014
2025-08-01 10:31:28 AM,242.92,5,1214.6,241737048.89000013
2025-08-01 10:31:31 AM,242.92,15,3643.7999999999997,241740692.69000015
2025-08-01 10:31:34 AM,243.0,20,4860.0,241745552.69000015
2025-08-01 10:31:35 AM,242.92,0,0.0,241745552.69000015
2025-08-01 10:31:36 AM,242.92,20,4858.4,241750411.09000015
2025-08-01 10:31:47 AM,243.1,11604,2820932.4,244571343.49000016
2025-08-01 10:31:51 AM,243.08,0,0.0,244571343.49000016
2025-08-01 10:31:54 AM,243.08,45,10938.6,244582282.09000015
2025-08-01 10:32:03 AM,243.26,0,0.0,244582282.09000015
2025-08-01 10:32:03 AM,243.26,1000,243260.0,244825542.09000015
2025-08-01 10:32:09 AM,243.34,0,0.0,244825542.09000015
2025-08-01 10:32:10 AM,243.34,380,92469.2,244918011.29000014
2025-08-01 10:32:12 AM,243.24,0,0.0,244918011.29000014
2025-08-01 10:32:13 AM,243.24,200,48648.0,244966659.29000014
2025-08-01 10:32:19 AM,243.3,0,0.0,244966659.29000014
2025-08-01 10:32:20 AM,243.3,26,6325.8,244972985.09000015
2025-08-01 10:32:23 AM,243.2,0,0.0,244972985.09000015
2025-08-01 10:32:23 AM,243.3,33,8028.900000000001,244981013.99000016
2025-08-01 10:32:26 AM,243.12,3697,898814.64,245879828.63000014
2025-08-01 10:32:29 AM,243.19,0,0.0,245879828.63000014
2025-08-01 10:32:30 AM,243.23,310,75401.3,245955229.93000016
2025-08-01 10:32:33 AM,243.23,36,8756.279999999999,245963986.21000016
2025-08-01 10:32:35 AM,243.21,0,0.0,245963986.21000016
2025-08-01 10:32:36 AM,243.21,30,7296.3,245971282.51000017
2025-08-01 10:32:38 AM,243.23,0,0.0,245971282.51000017
2025-08-01 10:32:39 AM,243.23,150,36484.5,246007767.01000017
2025-08-01 10:32:42 AM,243.3,50,12165.0,246019932.01000017
2025-08-01 10:32:45 AM,243.3,100,24330.0,246044262.01000017
2025-08-01 10:32:53 AM,243.23,0,0.0,246044262.01000017
2025-08-01 10:32:54 AM,243.23,1,243.23,246044505.24000016
2025-08-01 10:32:59 AM,243.38,3,730.14,246045235.38000014
2025-08-01 10:33:02 AM,243.23,0,0.0,246045235.38000014
2025-08-01 10:33:02 AM,243.23,400,97292.0,246142527.38000014
2025-08-01 10:33:08 AM,243.24,0,0.0,246142527.38000014
2025-08-01 10:33:10 AM,243.4,380,92492.0,246235019.38000014
2025-08-01 10:33:13 AM,243.21,1885,458450.85000000003,246693470.23000014
2025-08-01 10:33:18 AM,242.96,323,78476.08,246771946.31000015
2025-08-01 10:33:24 AM,243.1,1,243.1,246772189.41000015
2025-08-01 10:33:27 AM,243.1,15,3646.5,246775835.91000015
2025-08-01 10:33:29 AM,243.1,50,12155.0,246787990.91000015
2025-08-01 10:33:34 AM,243.0,0,0.0,246787990.91000015
2025-08-01 10:33:35 AM,242.79,530,128678.7,246916669.61000013
2025-08-01 10:33:36 AM,243.0,0,0.0,246916669.61000013
2025-08-01 10:33:38 AM,243.0,1227,298161.0,247214830.61000013
2025-08-01 10:33:43 AM,243.22,100,24322.0,247239152.61000013
2025-08-01 10:33:44 AM,243.01,0,0.0,247239152.61000013
2025-08-01 10:33:46 AM,243.0,0,0.0,247239152.61000013
2025-08-01 10:33:46 AM,243.0,298,72414.0,247311566.61000013
2025-08-01 10:33:54 AM,243.21,0,0.0,247311566.61000013
2025-08-01 10:33:55 AM,243.21,100,24321.0,247335887.61000013
2025-08-01 10:33:57 AM,243.21,55,13376.550000000001,247349264.16000015
2025-08-01 10:33:58 AM,243.23,0,0.0,247349264.16000015
2025-08-01 10:34:00 AM,243.2,0,0.0,247349264.16000015
2025-08-01 10:34:01 AM,243.3,306,74449.8,247423713.96000016
2025-08-01 10:34:04 AM,243.21,0,0.0,247423713.96000016
2025-08-01 10:34:07 AM,243.21,9,2188.89,247425902.85000014
2025-08-01 10:34:08 AM,243.23,0,0.0,247425902.85000014
2025-08-01 10:34:08 AM,243.23,15,3648.45,247429551.30000013
2025-08-01 10:34:14 AM,243.24,6,1459.44,247431010.74000013
2025-08-01 10:34:20 AM,243.24,15,3648.6000000000004,247434659.34000012
2025-08-01 10:34:23 AM,243.24,79,19215.96,247453875.30000013
2025-08-01 10:34:25 AM,243.25,18,4378.5,247458253.80000013
2025-08-01 10:34:33 AM,243.38,0,0.0,247458253.80000013
2025-08-01 10:34:35 AM,243.38,422,102706.36,247560960.16000015
2025-08-01 10:34:40 AM,243.38,2,486.76,247561446.92000014
2025-08-01 10:34:45 AM,243.3,0,0.0,247561446.92000014
2025-08-01 10:34:46 AM,243.3,100,24330.0,247585776.92000014
2025-08-01 10:34:48 AM,243.3,14,3406.2000000000003,247589183.12000012
2025-08-01 10:34:56 AM,243.36,0,0.0,247589183.12000012
2025-08-01 10:34:58 AM,243.36,8,1946.88,247591130.00000012
2025-08-01 10:35:14 AM,243.35,0,0.0,247591130.00000012
2025-08-01 10:35:15 AM,243.35,3,730.05,247591860.05000013
2025-08-01 10:35:20 AM,243.35,2000,486700.0,248078560.05000013
2025-08-01 10:35:22 AM,243.35,197,47939.95,248126500.00000012
2025-08-01 10:35:31 AM,243.35,100,24335.0,248150835.00000012
2025-08-01 10:35:34 AM,243.34,400,97336.0,248248171.00000012
2025-08-01 10:35:37 AM,243.34,218,53048.12,248301219.12000012
2025-08-01 10:35:38 AM,243.33,0,0.0,248301219.12000012
2025-08-01 10:35:39 AM,243.33,44,10706.52,248311925.64000013
2025-08-01 10:35:42 AM,243.34,0,0.0,248311925.64000013
2025-08-01 10:35:43 AM,243.34,250,60835.0,248372760.64000013
2025-08-01 10:35:45 AM,243.34,5,1216.7,248373977.34000012
2025-08-01 10:35:47 AM,243.3,0,0.0,248373977.34000012
2025-08-01 10:35:48 AM,243.3,712,173229.6,248547206.94000012
2025-08-01 10:35:54 AM,243.25,0,0.0,248547206.94000012
2025-08-01 10:35:54 AM,243.25,100,24325.0,248571531.94000012
2025-08-01 10:35:56 AM,243.24,0,0.0,248571531.94000012
2025-08-01 10:35:56 AM,243.24,4,972.96,248572504.90000013
2025-08-01 10:35:59 AM,243.04,0,0.0,248572504.90000013
2025-08-01 10:36:00 AM,243.04,70,17012.8,248589517.70000014
2025-08-01 10:36:01 AM,243.24,0,0.0,248589517.70000014
2025-08-01 10:36:02 AM,243.24,8,1945.92,248591463.62000012
2025-08-01 10:36:05 AM,243.24,25,6081.0,248597544.62000012
2025-08-01 10:36:16 AM,243.24,160,38918.4,248636463.02000013
2025-08-01 10:36:19 AM,243.23,0,0.0,248636463.02000013
2025-08-01 10:36:19 AM,243.23,132,32106.359999999997,248668569.38000014
2025-08-01 10:36:24 AM,243.23,7,1702.61,248670271.99000016
2025-08-01 10:36:29 AM,243.24,0,0.0,248670271.99000016
2025-08-01 10:36:30 AM,243.24,1235,300401.4,248970673.39000016
2025-08-01 10:36:32 AM,243.23,0,0.0,248970673.39000016
2025-08-01 10:36:33 AM,243.23,15,3648.45,248974321.84000015
2025-08-01 10:36:35 AM,243.23,50,12161.5,248986483.34000015
2025-08-01 10:36:37 AM,243.22,0,0.0,248986483.34000015
2025-08-01 10:36:38 AM,243.22,4,972.88,248987456.22000015
2025-08-01 10:36:46 AM,243.03,0,0.0,248987456.22000015
2025-08-01 10:36:46 AM,243.03,25,6075.75,248993531.97000015
2025-08-01 10:36:54 AM,243.22,0,0.0,248993531.97000015
2025-08-01 10:36:55 AM,243.22,2,486.44,248994018.41000015
2025-08-01 10:37:00 AM,243.22,3,729.66,248994748.07000014
2025-08-01 10:37:06 AM,243.25,126,30649.5,249025397.57000014
2025-08-01 10:37:12 AM,243.05,0,0.0,249025397.57000014
2025-08-01 10:37:13 AM,243.05,200,48610.0,249074007.57000014
2025-08-01 10:37:17 AM,243.0,1496,363528.0,249437535.57000014
2025-08-01 10:37:22 AM,243.0,123,29889.0,249467424.57000014
2025-08-01 10:37:33 AM,243.0,500,121500.0,249588924.57000014
2025-08-01 10:37:42 AM,243.16,0,0.0,249588924.57000014
2025-08-01 10:37:45 AM,243.16,20,4863.2,249593787.77000013
2025-08-01 10:37:53 AM,243.16,5,1215.8,249595003.57000014
2025-08-01 10:37:55 AM,243.05,0,0.0,249595003.57000014
2025-08-01 10:37:56 AM,243.05,20,4861.0,249599864.57000014
2025-08-01 10:37:57 AM,243.18,0,0.0,249599864.57000014
2025-08-01 10:37:58 AM,243.18,8,1945.44,249601810.01000014
2025-08-01 10:38:00 AM,243.19,0,0.0,249601810.01000014
2025-08-01 10:38:01 AM,243.19,150,36478.5,249638288.51000014
2025-08-01 10:38:07 AM,243.19,49,11916.31,249650204.82000014
2025-08-01 10:38:10 AM,243.19,50,12159.5,249662364.32000014
2025-08-01 10:38:14 AM,243.22,6,1459.32,249663823.64000013
2025-08-01 10:38:17 AM,243.22,1,243.22,249664066.86000013
2025-08-01 10:38:18 AM,243.19,0,0.0,249664066.86000013
2025-08-01 10:38:20 AM,243.08,0,0.0,249664066.86000013
2025-08-01 10:38:20 AM,243.08,115,27954.2,249692021.06000012
2025-08-01 10:38:26 AM,243.21,0,0.0,249692021.06000012
2025-08-01 10:38:26 AM,243.21,8,1945.68,249693966.74000013
2025-08-01 10:38:29 AM,243.05,0,0.0,249693966.74000013
2025-08-01 10:38:29 AM,243.05,242,58818.100000000006,249752784.84000012
