date,price,qty,trnvr,cum_trnvr
2025-08-01 09:15:08 AM,612.8,291,178324.8,178324.8
2025-08-01 09:15:15 AM,615.05,0,0.0,178324.8
2025-08-01 09:15:19 AM,615.05,481,295839.05,474163.85
2025-08-01 09:15:21 AM,616.4,7,4314.8,478478.64999999997
2025-08-01 09:15:28 AM,616.4,7,4314.8,482793.44999999995
2025-08-01 09:15:30 AM,615.65,199,122514.34999999999,605307.7999999999
2025-08-01 09:15:51 AM,615.4,0,0.0,605307.7999999999
2025-08-01 09:15:53 AM,615.4,24,14769.599999999999,620077.3999999999
2025-08-01 09:16:13 AM,615.15,0,0.0,620077.3999999999
2025-08-01 09:16:18 AM,614.15,988,606780.2,1226857.5999999999
2025-08-01 09:16:42 AM,614.15,1672,1026858.7999999999,2253716.4
2025-08-01 09:16:51 AM,614.75,349,214547.75,2468264.15
2025-08-01 09:16:53 AM,615.0,0,0.0,2468264.15
2025-08-01 09:16:59 AM,615.0,1128,693720.0,3161984.15
2025-08-01 09:17:00 AM,615.1,3,1845.3000000000002,3163829.4499999997
2025-08-01 09:17:15 AM,615.1,42,25834.2,3189663.65
2025-08-01 09:17:20 AM,615.25,0,0.0,3189663.65
2025-08-01 09:17:24 AM,615.25,400,246100.0,3435763.65
2025-08-01 09:18:06 AM,614.85,50,30742.5,3466506.15
2025-08-01 09:18:09 AM,615.25,0,0.0,3466506.15
2025-08-01 09:18:14 AM,615.25,142,87365.5,3553871.65
2025-08-01 09:18:17 AM,615.35,0,0.0,3553871.65
2025-08-01 09:18:22 AM,615.55,365,224675.74999999997,3778547.4
2025-08-01 09:18:32 AM,615.8,0,0.0,3778547.4
2025-08-01 09:18:38 AM,615.8,152,93601.59999999999,3872149.0
2025-08-01 09:18:46 AM,615.55,1,615.55,3872764.55
2025-08-01 09:18:50 AM,615.35,0,0.0,3872764.55
2025-08-01 09:18:55 AM,615.35,2,1230.7,3873995.25
2025-08-01 09:19:05 AM,614.8,0,0.0,3873995.25
2025-08-01 09:19:11 AM,615.25,299,183959.75,4057955.0
2025-08-01 09:19:19 AM,615.35,50,30767.5,4088722.5
2025-08-01 09:19:58 AM,614.8,0,0.0,4088722.5
2025-08-01 09:19:59 AM,614.8,559,343673.19999999995,4432395.7
2025-08-01 09:20:06 AM,615.3,0,0.0,4432395.7
2025-08-01 09:20:07 AM,615.3,190,116906.99999999999,4549302.7
2025-08-01 09:20:20 AM,614.8,0,0.0,4549302.7
2025-08-01 09:20:23 AM,614.8,5,3074.0,4552376.7
2025-08-01 09:20:24 AM,614.8,7,4303.599999999999,4556680.3
2025-08-01 09:20:30 AM,614.45,0,0.0,4556680.3
2025-08-01 09:20:31 AM,614.45,70,43011.5,4599691.8
2025-08-01 09:20:34 AM,614.5,0,0.0,4599691.8
2025-08-01 09:20:38 AM,614.5,1,614.5,4600306.3
2025-08-01 09:20:48 AM,614.5,16,9832.0,4610138.3
2025-08-01 09:20:54 AM,614.5,10,6145.0,4616283.3
2025-08-01 09:21:10 AM,614.5,579,355795.5,4972078.8
2025-08-01 09:21:13 AM,614.6,0,0.0,4972078.8
2025-08-01 09:21:17 AM,614.6,3,1843.8000000000002,4973922.6
2025-08-01 09:21:33 AM,614.85,3,1844.5500000000002,4975767.149999999
2025-08-01 09:21:35 AM,614.8,0,0.0,4975767.149999999
2025-08-01 09:21:41 AM,614.8,1,614.8,4976381.949999999
2025-08-01 09:21:42 AM,614.95,75,46121.25,5022503.199999999
2025-08-01 09:22:04 AM,614.9,2,1229.8,5023732.999999999
2025-08-01 09:22:17 AM,614.55,0,0.0,5023732.999999999
2025-08-01 09:22:18 AM,614.55,100,61454.99999999999,5085187.999999999
2025-08-01 09:22:19 AM,614.55,1,614.55,5085802.549999999
2025-08-01 09:22:26 AM,614.5,0,0.0,5085802.549999999
2025-08-01 09:22:26 AM,614.5,378,232281.0,5318083.549999999
2025-08-01 09:22:29 AM,614.25,0,0.0,5318083.549999999
2025-08-01 09:22:29 AM,614.25,1,614.25,5318697.799999999
2025-08-01 09:22:30 AM,614.2,1,614.2,5319311.999999999
2025-08-01 09:22:36 AM,614.55,6,3687.2999999999997,5322999.299999999
2025-08-01 09:23:10 AM,614.2,40,24568.0,5347567.299999999
2025-08-01 09:23:11 AM,614.25,1,614.25,5348181.549999999
2025-08-01 09:23:17 AM,614.15,0,0.0,5348181.549999999
2025-08-01 09:23:18 AM,614.15,48,29479.199999999997,5377660.749999999
2025-08-01 09:23:20 AM,614.45,50,30722.500000000004,5408383.249999999
2025-08-01 09:23:22 AM,614.35,1,614.35,5408997.599999999
2025-08-01 09:23:33 AM,614.0,54,33156.0,5442153.599999999
2025-08-01 09:23:34 AM,613.85,46,28237.100000000002,5470390.699999998
2025-08-01 09:23:43 AM,613.85,5,3069.25,5473459.949999998
2025-08-01 09:24:08 AM,613.5,0,0.0,5473459.949999998
2025-08-01 09:24:13 AM,613.5,116,71166.0,5544625.949999998
2025-08-01 09:24:14 AM,613.45,0,0.0,5544625.949999998
2025-08-01 09:24:15 AM,613.45,1,613.45,5545239.3999999985
2025-08-01 09:24:26 AM,613.5,0,0.0,5545239.3999999985
2025-08-01 09:24:28 AM,613.5,24,14724.0,5559963.3999999985
2025-08-01 09:24:51 AM,613.5,476,292026.0,5851989.3999999985
2025-08-01 09:24:57 AM,613.05,0,0.0,5851989.3999999985
2025-08-01 09:24:58 AM,613.05,3,1839.1499999999999,5853828.549999999
2025-08-01 09:25:00 AM,613.0,33,20229.0,5874057.549999999
2025-08-01 09:25:05 AM,612.75,0,0.0,5874057.549999999
2025-08-01 09:25:06 AM,612.75,183,112133.25,5986190.799999999
2025-08-01 09:25:08 AM,612.65,1,612.65,5986803.449999999
2025-08-01 09:25:13 AM,612.65,16,9802.4,5996605.85
2025-08-01 09:25:16 AM,612.65,3,1837.9499999999998,5998443.8
2025-08-01 09:25:18 AM,612.5,0,0.0,5998443.8
2025-08-01 09:25:21 AM,612.5,172,105350.0,6103793.8
2025-08-01 09:25:23 AM,612.9,2513,1540217.7,7644011.5
2025-08-01 09:25:29 AM,612.95,0,0.0,7644011.5
2025-08-01 09:25:30 AM,612.95,4,2451.8,7646463.3
2025-08-01 09:25:31 AM,613.0,0,0.0,7646463.3
2025-08-01 09:25:36 AM,613.0,18,11034.0,7657497.3
2025-08-01 09:25:37 AM,613.35,0,0.0,7657497.3
2025-08-01 09:25:38 AM,613.0,45,27585.0,7685082.3
2025-08-01 09:25:42 AM,613.35,0,0.0,7685082.3
2025-08-01 09:25:43 AM,613.35,46,28214.100000000002,7713296.399999999
2025-08-01 09:25:45 AM,613.0,1,613.0,7713909.399999999
2025-08-01 09:25:58 AM,613.35,91,55814.85,7769724.249999999
2025-08-01 09:26:00 AM,613.45,0,0.0,7769724.249999999
2025-08-01 09:26:01 AM,613.45,1,613.45,7770337.699999999
2025-08-01 09:26:03 AM,613.5,50,30675.0,7801012.699999999
2025-08-01 09:26:04 AM,613.2,1,613.2,7801625.899999999
2025-08-01 09:26:08 AM,613.35,0,0.0,7801625.899999999
2025-08-01 09:26:09 AM,613.35,50,30667.5,7832293.399999999
2025-08-01 09:26:39 AM,613.3,1,613.3,7832906.699999999
2025-08-01 09:27:01 AM,613.15,0,0.0,7832906.699999999
2025-08-01 09:27:01 AM,613.15,95,58249.25,7891155.949999999
2025-08-01 09:27:02 AM,613.1,1,613.1,7891769.049999999
2025-08-01 09:27:15 AM,613.1,100,61310.0,7953079.049999999
2025-08-01 09:27:22 AM,613.3,628,385152.39999999997,8338231.449999999
2025-08-01 09:27:23 AM,613.2,2,1226.4,8339457.85
2025-08-01 09:27:25 AM,613.2,1,613.2,8340071.05
2025-08-01 09:27:26 AM,613.15,0,0.0,8340071.05
2025-08-01 09:27:27 AM,613.15,1,613.15,8340684.2
2025-08-01 09:27:36 AM,613.15,10,6131.5,8346815.7
2025-08-01 09:27:45 AM,613.15,604,370342.6,8717158.3
2025-08-01 09:27:46 AM,613.15,2,1226.3,8718384.600000001
2025-08-01 09:27:48 AM,613.0,50,30650.0,8749034.600000001
2025-08-01 09:27:49 AM,613.0,1,613.0,8749647.600000001
2025-08-01 09:28:34 AM,612.75,0,0.0,8749647.600000001
2025-08-01 09:28:38 AM,612.55,368,225418.4,8975066.000000002
2025-08-01 09:28:39 AM,612.55,2,1225.1,8976291.100000001
2025-08-01 09:29:08 AM,612.65,0,0.0,8976291.100000001
2025-08-01 09:29:09 AM,612.65,20,12253.0,8988544.100000001
2025-08-01 09:29:13 AM,613.1,0,0.0,8988544.100000001
2025-08-01 09:29:16 AM,613.1,485,297353.5,9285897.600000001
2025-08-01 09:29:18 AM,613.05,2,1226.1,9287123.700000001
2025-08-01 09:29:24 AM,613.05,2,1226.1,9288349.8
2025-08-01 09:29:39 AM,613.2,26,15943.2,9304293.0
2025-08-01 09:29:46 AM,613.0,10,6130.0,9310423.0
2025-08-01 09:29:59 AM,612.5,0,0.0,9310423.0
2025-08-01 09:30:01 AM,612.5,216,132300.0,9442723.0
2025-08-01 09:30:01 AM,612.3,10,6123.0,9448846.0
2025-08-01 09:30:04 AM,612.1,2,1224.2,9450070.2
2025-08-01 09:30:07 AM,612.1,8,4896.8,9454967.0
2025-08-01 09:30:09 AM,612.1,7,4284.7,9459251.7
2025-08-01 09:30:09 AM,612.35,5,3061.75,9462313.45
2025-08-01 09:30:16 AM,611.8,842,515135.6,9977449.049999999
2025-08-01 09:30:19 AM,611.5,2,1223.0,9978672.049999999
2025-08-01 09:30:21 AM,611.45,2,1222.9,9979894.95
2025-08-01 09:30:47 AM,611.8,3,1835.3999999999999,9981730.35
2025-08-01 09:30:55 AM,611.45,0,0.0,9981730.35
2025-08-01 09:30:56 AM,611.45,100,61145.00000000001,10042875.35
2025-08-01 09:31:10 AM,611.8,0,0.0,10042875.35
2025-08-01 09:31:15 AM,611.8,10,6118.0,10048993.35
2025-08-01 09:31:23 AM,611.8,524,320583.19999999995,10369576.549999999
2025-08-01 09:31:30 AM,611.8,4,2447.2,10372023.749999998
2025-08-01 09:31:35 AM,611.85,0,0.0,10372023.749999998
2025-08-01 09:31:37 AM,611.9,146,89337.4,10461361.149999999
2025-08-01 09:31:51 AM,612.0,0,0.0,10461361.149999999
2025-08-01 09:31:51 AM,612.0,15,9180.0,10470541.149999999
2025-08-01 09:32:12 AM,612.2,25,15305.000000000002,10485846.149999999
2025-08-01 09:32:26 AM,612.2,1,612.2,10486458.349999998
2025-08-01 09:32:33 AM,612.2,1,612.2,10487070.549999997
2025-08-01 09:32:40 AM,612.2,1,612.2,10487682.749999996
2025-08-01 09:32:47 AM,612.2,5,3061.0,10490743.749999996
2025-08-01 09:32:54 AM,612.2,15,9183.0,10499926.749999996
2025-08-01 09:32:54 AM,612.2,22,13468.400000000001,10513395.149999997
2025-08-01 09:32:56 AM,612.35,0,0.0,10513395.149999997
2025-08-01 09:33:01 AM,612.35,2,1224.7,10514619.849999996
2025-08-01 09:33:13 AM,612.55,0,0.0,10514619.849999996
2025-08-01 09:33:15 AM,612.55,21,12863.55,10527483.399999997
2025-08-01 09:33:18 AM,612.85,0,0.0,10527483.399999997
2025-08-01 09:33:21 AM,612.85,500,306425.0,10833908.399999997
2025-08-01 09:33:23 AM,612.3,0,0.0,10833908.399999997
2025-08-01 09:33:28 AM,612.55,0,0.0,10833908.399999997
2025-08-01 09:33:28 AM,612.55,11,6738.049999999999,10840646.449999997
2025-08-01 09:33:48 AM,612.95,0,0.0,10840646.449999997
2025-08-01 09:33:49 AM,612.95,7,4290.650000000001,10844937.099999998
2025-08-01 09:33:51 AM,612.7,0,0.0,10844937.099999998
2025-08-01 09:33:56 AM,613.0,375,229875.0,11074812.099999998
2025-08-01 09:34:00 AM,612.7,500,306350.0,11381162.099999998
2025-08-01 09:34:03 AM,612.75,0,0.0,11381162.099999998
2025-08-01 09:34:04 AM,612.75,3,1838.25,11383000.349999998
2025-08-01 09:34:05 AM,612.7,0,0.0,11383000.349999998
2025-08-01 09:34:06 AM,612.7,2,1225.4,11384225.749999998
2025-08-01 09:34:14 AM,613.0,5,3065.0,11387290.749999998
2025-08-01 09:34:15 AM,612.7,0,0.0,11387290.749999998
2025-08-01 09:34:16 AM,612.7,50,30635.000000000004,11417925.749999998
2025-08-01 09:34:45 AM,612.55,0,0.0,11417925.749999998
2025-08-01 09:34:46 AM,612.55,460,281773.0,11699698.749999998
2025-08-01 09:34:47 AM,612.3,2,1224.6,11700923.349999998
2025-08-01 09:35:03 AM,612.3,41,25104.3,11726027.649999999
2025-08-01 09:35:20 AM,612.35,1,612.35,11726639.999999998
2025-08-01 09:35:29 AM,612.3,357,218591.09999999998,11945231.099999998
2025-08-01 09:35:31 AM,612.2,3,1836.6000000000001,11947067.699999997
2025-08-01 09:35:33 AM,612.3,1,612.3,11947679.999999998
2025-08-01 09:35:42 AM,612.2,0,0.0,11947679.999999998
2025-08-01 09:35:42 AM,612.2,3,1836.6000000000001,11949516.599999998
2025-08-01 09:35:51 AM,612.3,5,3061.5,11952578.099999998
2025-08-01 09:36:06 AM,612.2,0,0.0,11952578.099999998
2025-08-01 09:36:08 AM,612.0,1650,1009800.0,12962378.099999998
2025-08-01 09:36:10 AM,611.9,0,0.0,12962378.099999998
2025-08-01 09:36:14 AM,611.9,11,6730.9,12969108.999999998
2025-08-01 09:36:26 AM,611.85,0,0.0,12969108.999999998
2025-08-01 09:36:28 AM,611.85,589,360379.65,13329488.649999999
2025-08-01 09:36:30 AM,611.9,0,0.0,13329488.649999999
2025-08-01 09:36:34 AM,611.9,4,2447.6,13331936.249999998
2025-08-01 09:37:14 AM,611.9,147,89949.3,13421885.549999999
2025-08-01 09:37:26 AM,611.65,0,0.0,13421885.549999999
2025-08-01 09:37:28 AM,611.65,138,84407.7,13506293.249999998
2025-08-01 09:37:52 AM,611.45,0,0.0,13506293.249999998
2025-08-01 09:37:55 AM,611.45,1339,818731.55,14325024.799999999
2025-08-01 09:37:58 AM,611.3,0,0.0,14325024.799999999
2025-08-01 09:38:01 AM,611.1,0,0.0,14325024.799999999
2025-08-01 09:38:01 AM,611.1,6,3666.6000000000004,14328691.399999999
2025-08-01 09:38:03 AM,611.0,0,0.0,14328691.399999999
2025-08-01 09:38:09 AM,611.1,120,73332.0,14402023.399999999
2025-08-01 09:38:16 AM,611.1,450,274995.0,14677018.399999999
2025-08-01 09:38:22 AM,611.0,1260,769860.0,15446878.399999999
2025-08-01 09:38:23 AM,610.85,0,0.0,15446878.399999999
2025-08-01 09:38:29 AM,610.85,105,64139.25,15511017.649999999
2025-08-01 09:38:33 AM,610.5,0,0.0,15511017.649999999
2025-08-01 09:38:36 AM,610.8,31,18934.8,15529952.45
2025-08-01 09:38:42 AM,610.8,8,4886.4,15534838.85
2025-08-01 09:38:46 AM,610.75,0,0.0,15534838.85
2025-08-01 09:38:49 AM,610.75,81,49470.75,15584309.6
2025-08-01 09:38:54 AM,610.85,0,0.0,15584309.6
2025-08-01 09:38:55 AM,610.85,500,305425.0,15889734.6
2025-08-01 09:39:08 AM,610.75,0,0.0,15889734.6
2025-08-01 09:39:09 AM,610.75,1,610.75,15890345.35
2025-08-01 09:39:27 AM,610.55,0,0.0,15890345.35
2025-08-01 09:39:29 AM,610.55,20,12211.0,15902556.35
2025-08-01 09:39:31 AM,610.45,0,0.0,15902556.35
2025-08-01 09:39:36 AM,610.45,131,79968.95000000001,15982525.299999999
2025-08-01 09:39:38 AM,610.3,0,0.0,15982525.299999999
2025-08-01 09:39:42 AM,610.3,4,2441.2,15984966.499999998
2025-08-01 09:39:55 AM,610.3,102,62250.6,16047217.099999998
2025-08-01 09:39:56 AM,610.3,3,1830.8999999999999,16049047.999999998
2025-08-01 09:39:59 AM,610.35,0,0.0,16049047.999999998
2025-08-01 09:40:02 AM,610.35,45,27465.75,16076513.749999998
2025-08-01 09:40:03 AM,610.2,15,9153.0,16085666.749999998
2025-08-01 09:40:08 AM,610.2,15,9153.0,16094819.749999998
2025-08-01 09:40:15 AM,610.2,9,5491.8,16100311.549999999
2025-08-01 09:40:16 AM,610.2,10,6102.0,16106413.549999999
2025-08-01 09:40:22 AM,610.2,9,5491.8,16111905.35
2025-08-01 09:40:28 AM,610.5,2374,1449327.0,17561232.35
2025-08-01 09:40:31 AM,610.35,0,0.0,17561232.35
2025-08-01 09:40:34 AM,610.7,0,0.0,17561232.35
2025-08-01 09:40:35 AM,610.7,48,29313.600000000002,17590545.950000003
2025-08-01 09:40:41 AM,610.7,14,8549.800000000001,17599095.750000004
2025-08-01 09:40:48 AM,610.7,18,10992.6,17610088.350000005
2025-08-01 09:40:51 AM,611.0,0,0.0,17610088.350000005
2025-08-01 09:40:55 AM,611.0,946,578006.0,18188094.350000005
2025-08-01 09:41:02 AM,611.0,1,611.0,18188705.350000005
2025-08-01 09:41:08 AM,611.05,2847,1739659.3499999999,19928364.700000007
2025-08-01 09:41:09 AM,611.1,923,564045.3,20492410.000000007
2025-08-01 09:41:10 AM,611.05,0,0.0,20492410.000000007
2025-08-01 09:41:14 AM,611.0,0,0.0,20492410.000000007
2025-08-01 09:41:15 AM,611.1,0,0.0,20492410.000000007
2025-08-01 09:41:15 AM,611.1,569,347715.9,20840125.900000006
2025-08-01 09:41:18 AM,611.0,0,0.0,20840125.900000006
2025-08-01 09:41:21 AM,611.0,6,3666.0,20843791.900000006
2025-08-01 09:41:28 AM,611.1,308,188218.80000000002,21032010.700000007
2025-08-01 09:41:29 AM,611.15,925,565313.75,21597324.450000007
2025-08-01 09:41:30 AM,611.2,0,0.0,21597324.450000007
2025-08-01 09:41:34 AM,611.3,11474,7014056.199999999,28611380.650000006
2025-08-01 09:41:38 AM,611.5,0,0.0,28611380.650000006
2025-08-01 09:41:41 AM,611.5,38,23237.0,28634617.650000006
2025-08-01 09:41:46 AM,611.8,0,0.0,28634617.650000006
2025-08-01 09:41:48 AM,611.5,83,50754.5,28685372.150000006
2025-08-01 09:41:58 AM,611.8,0,0.0,28685372.150000006
2025-08-01 09:42:00 AM,611.8,170,104005.99999999999,28789378.150000006
2025-08-01 09:42:06 AM,611.5,0,0.0,28789378.150000006
2025-08-01 09:42:07 AM,611.5,1346,823079.0,29612457.150000006
2025-08-01 09:42:11 AM,611.4,0,0.0,29612457.150000006
2025-08-01 09:42:14 AM,611.4,9,5502.599999999999,29617959.750000007
2025-08-01 09:42:19 AM,611.9,0,0.0,29617959.750000007
2025-08-01 09:42:20 AM,611.75,31,18964.25,29636924.000000007
2025-08-01 09:42:27 AM,611.95,500,305975.0,29942899.000000007
2025-08-01 09:43:13 AM,611.9,1,611.9,29943510.900000006
2025-08-01 09:43:17 AM,611.9,50,30595.0,29974105.900000006
2025-08-01 09:43:29 AM,611.9,15,9178.5,29983284.400000006
2025-08-01 09:43:31 AM,611.9,20,12238.0,29995522.400000006
2025-08-01 09:43:40 AM,612.0,0,0.0,29995522.400000006
2025-08-01 09:43:41 AM,612.0,8,4896.0,30000418.400000006
2025-08-01 09:43:42 AM,611.9,0,0.0,30000418.400000006
2025-08-01 09:43:43 AM,611.9,100,61190.0,30061608.400000006
2025-08-01 09:43:43 AM,612.0,0,0.0,30061608.400000006
2025-08-01 09:43:44 AM,612.0,20,12240.0,30073848.400000006
2025-08-01 09:44:02 AM,611.9,0,0.0,30073848.400000006
2025-08-01 09:44:02 AM,611.9,50,30595.0,30104443.400000006
2025-08-01 09:44:11 AM,611.9,500,305950.0,30410393.400000006
2025-08-01 09:44:12 AM,611.55,0,0.0,30410393.400000006
2025-08-01 09:44:13 AM,611.55,9,5503.95,30415897.350000005
2025-08-01 09:44:14 AM,611.55,50,30577.499999999996,30446474.850000005
2025-08-01 09:44:19 AM,611.55,91,55651.049999999996,30502125.900000006
2025-08-01 09:44:21 AM,610.6,3011,1838516.6,32340642.500000007
2025-08-01 09:44:22 AM,610.5,0,0.0,32340642.500000007
2025-08-01 09:44:22 AM,610.5,12,7326.0,32347968.500000007
2025-08-01 09:44:22 AM,610.05,14,8540.699999999999,32356509.200000007
2025-08-01 09:44:25 AM,610.25,9,5492.25,32362001.450000007
2025-08-01 09:44:26 AM,610.6,5,3053.0,32365054.450000007
2025-08-01 09:44:30 AM,610.25,36,21969.0,32387023.450000007
2025-08-01 09:44:36 AM,610.65,10,6106.5,32393129.950000007
2025-08-01 09:44:40 AM,610.4,4,2441.6,32395571.55000001
2025-08-01 09:44:42 AM,610.25,33,20138.25,32415709.80000001
2025-08-01 09:44:42 AM,610.4,0,0.0,32415709.80000001
2025-08-01 09:44:43 AM,610.4,1,610.4,32416320.200000007
2025-08-01 09:44:47 AM,610.4,1,610.4,32416930.600000005
2025-08-01 09:44:47 AM,610.55,0,0.0,32416930.600000005
2025-08-01 09:44:48 AM,610.55,925,564758.75,32981689.350000005
2025-08-01 09:44:50 AM,610.4,0,0.0,32981689.350000005
2025-08-01 09:44:50 AM,610.4,37,22584.8,33004274.150000006
2025-08-01 09:44:53 AM,610.25,200,122050.0,33126324.150000006
2025-08-01 09:45:00 AM,610.25,5,3051.25,33129375.400000006
2025-08-01 09:45:00 AM,610.25,37,22579.25,33151954.650000006
2025-08-01 09:45:09 AM,610.4,0,0.0,33151954.650000006
2025-08-01 09:45:10 AM,610.4,37,22584.8,33174539.450000007
2025-08-01 09:45:16 AM,610.55,50,30527.499999999996,33205066.950000007
2025-08-01 09:45:20 AM,610.4,0,0.0,33205066.950000007
2025-08-01 09:45:20 AM,610.4,1,610.4,33205677.350000005
2025-08-01 09:45:21 AM,610.25,0,0.0,33205677.350000005
2025-08-01 09:45:22 AM,610.25,36,21969.0,33227646.350000005
2025-08-01 09:45:27 AM,610.5,2,1221.0,33228867.350000005
2025-08-01 09:45:30 AM,610.25,37,22579.25,33251446.600000005
2025-08-01 09:45:34 AM,610.0,0,0.0,33251446.600000005
2025-08-01 09:45:35 AM,610.0,2885,1759850.0,35011296.60000001
2025-08-01 09:45:35 AM,609.75,0,0.0,35011296.60000001
2025-08-01 09:45:36 AM,609.75,10,6097.5,35017394.10000001
2025-08-01 09:45:40 AM,609.8,0,0.0,35017394.10000001
2025-08-01 09:45:40 AM,609.8,13,7927.4,35025321.50000001
2025-08-01 09:45:45 AM,609.8,1,609.8,35025931.300000004
2025-08-01 09:45:47 AM,609.8,1,609.8,35026541.1
2025-08-01 09:45:52 AM,609.8,30,18294.0,35044835.1
2025-08-01 09:45:56 AM,609.95,1,609.95,35045445.050000004
2025-08-01 09:45:57 AM,610.0,0,0.0,35045445.050000004
2025-08-01 09:45:57 AM,610.0,1,610.0,35046055.050000004
2025-08-01 09:46:00 AM,610.0,8,4880.0,35050935.050000004
2025-08-01 09:46:03 AM,610.25,0,0.0,35050935.050000004
2025-08-01 09:46:04 AM,610.3,1017,620675.1,35671610.150000006
2025-08-01 09:46:09 AM,610.3,111,67743.29999999999,35739353.45
2025-08-01 09:46:10 AM,610.3,37,22581.1,35761934.550000004
2025-08-01 09:46:15 AM,610.5,5,3052.5,35764987.050000004
2025-08-01 09:46:22 AM,610.3,0,0.0,35764987.050000004
2025-08-01 09:46:22 AM,610.3,741,452232.3,36217219.35
2025-08-01 09:46:23 AM,610.25,0,0.0,36217219.35
2025-08-01 09:46:24 AM,610.25,120,73230.0,36290449.35
2025-08-01 09:46:26 AM,610.0,0,0.0,36290449.35
2025-08-01 09:46:28 AM,610.0,22,13420.0,36303869.35
2025-08-01 09:46:30 AM,610.0,37,22570.0,36326439.35
2025-08-01 09:46:41 AM,610.4,358,218523.19999999998,36544962.550000004
2025-08-01 09:46:47 AM,610.4,23,14039.199999999999,36559001.75000001
2025-08-01 09:46:51 AM,610.0,0,0.0,36559001.75000001
2025-08-01 09:46:53 AM,610.0,37,22570.0,36581571.75000001
2025-08-01 09:46:55 AM,610.35,0,0.0,36581571.75000001
2025-08-01 09:47:00 AM,610.35,35,21362.25,36602934.00000001
2025-08-01 09:47:01 AM,610.1,37,22573.7,36625507.70000001
2025-08-01 09:47:12 AM,610.1,37,22573.7,36648081.40000001
2025-08-01 09:47:20 AM,610.05,37,22571.85,36670653.250000015
2025-08-01 09:47:31 AM,610.0,36,21960.0,36692613.250000015
2025-08-01 09:47:36 AM,609.5,0,0.0,36692613.250000015
2025-08-01 09:47:37 AM,609.5,1461,890479.5,37583092.750000015
2025-08-01 09:47:40 AM,610.0,0,0.0,37583092.750000015
2025-08-01 09:47:40 AM,610.0,261,159210.0,37742302.750000015
2025-08-01 09:47:42 AM,609.6,0,0.0,37742302.750000015
2025-08-01 09:47:44 AM,609.6,6,3657.6000000000004,37745960.35000002
2025-08-01 09:47:48 AM,610.3,0,0.0,37745960.35000002
2025-08-01 09:47:51 AM,610.1,731,445983.10000000003,38191943.45000002
2025-08-01 09:47:56 AM,609.7,0,0.0,38191943.45000002
2025-08-01 09:47:58 AM,609.7,12,7316.400000000001,38199259.85000002
2025-08-01 09:48:06 AM,609.85,15,9147.75,38208407.60000002
2025-08-01 09:48:19 AM,609.85,1,609.85,38209017.45000002
2025-08-01 09:48:21 AM,610.05,330,201316.49999999997,38410333.95000002
2025-08-01 09:48:24 AM,610.2,18,10983.6,38421317.55000002
2025-08-01 09:48:25 AM,610.0,7,4270.0,38425587.55000002
2025-08-01 09:48:36 AM,610.0,20,12200.0,38437787.55000002
2025-08-01 09:48:38 AM,610.0,2,1220.0,38439007.55000002
2025-08-01 09:48:50 AM,610.0,15,9150.0,38448157.55000002
2025-08-01 09:48:53 AM,610.0,1,610.0,38448767.55000002
2025-08-01 09:48:59 AM,610.0,40,24400.0,38473167.55000002
2025-08-01 09:49:02 AM,609.8,5,3049.0,38476216.55000002
2025-08-01 09:49:07 AM,610.0,0,0.0,38476216.55000002
2025-08-01 09:49:08 AM,610.0,417,254370.0,38730586.55000002
2025-08-01 09:49:08 AM,610.0,8,4880.0,38735466.55000002
2025-08-01 09:49:10 AM,610.0,46,28060.0,38763526.55000002
2025-08-01 09:49:14 AM,610.05,0,0.0,38763526.55000002
2025-08-01 09:49:15 AM,610.05,50,30502.499999999996,38794029.05000002
2025-08-01 09:49:20 AM,610.05,37,22571.85,38816600.90000002
2025-08-01 09:49:30 AM,610.05,20,12201.0,38828801.90000002
2025-08-01 09:49:31 AM,610.0,0,0.0,38828801.90000002
2025-08-01 09:49:32 AM,610.0,17,10370.0,38839171.90000002
2025-08-01 09:49:40 AM,610.05,1,610.05,38839781.95000002
2025-08-01 09:49:48 AM,610.0,10,6100.0,38845881.95000002
2025-08-01 09:49:54 AM,609.95,0,0.0,38845881.95000002
2025-08-01 09:49:55 AM,609.95,1,609.95,38846491.90000002
2025-08-01 09:49:56 AM,610.0,0,0.0,38846491.90000002
2025-08-01 09:49:56 AM,610.0,75,45750.0,38892241.90000002
2025-08-01 09:50:04 AM,610.0,25,15250.0,38907491.90000002
2025-08-01 09:50:07 AM,610.0,17,10370.0,38917861.90000002
2025-08-01 09:50:11 AM,610.0,1,610.0,38918471.90000002
2025-08-01 09:50:24 AM,610.0,24,14640.0,38933111.90000002
2025-08-01 09:50:29 AM,610.0,1,610.0,38933721.90000002
2025-08-01 09:50:41 AM,609.85,0,0.0,38933721.90000002
2025-08-01 09:50:42 AM,609.85,49,29882.65,38963604.55000002
2025-08-01 09:50:53 AM,609.85,2,1219.7,38964824.25000002
2025-08-01 09:50:58 AM,610.2,0,0.0,38964824.25000002
2025-08-01 09:50:58 AM,610.2,400,244080.00000000003,39208904.25000002
2025-08-01 09:50:58 AM,609.85,20,12197.0,39221101.25000002
2025-08-01 09:50:59 AM,609.85,12,7318.200000000001,39228419.450000025
2025-08-01 09:51:08 AM,610.05,295,179964.75,39408384.200000025
2025-08-01 09:51:20 AM,610.1,0,0.0,39408384.200000025
2025-08-01 09:51:20 AM,610.1,37,22573.7,39430957.90000003
2025-08-01 09:51:24 AM,609.7,0,0.0,39430957.90000003
2025-08-01 09:51:27 AM,609.7,1378,840166.6000000001,40271124.50000003
2025-08-01 09:51:33 AM,609.7,12,7316.400000000001,40278440.90000003
2025-08-01 09:51:38 AM,609.75,0,0.0,40278440.90000003
2025-08-01 09:51:39 AM,609.75,10,6097.5,40284538.40000003
2025-08-01 09:51:54 AM,609.7,5,3048.5,40287586.90000003
2025-08-01 09:52:04 AM,609.6,344,209702.4,40497289.30000003
2025-08-01 09:52:27 AM,609.65,0,0.0,40497289.30000003
2025-08-01 09:52:28 AM,609.65,50,30482.5,40527771.80000003
2025-08-01 09:52:37 AM,609.65,2,1219.3,40528991.100000024
2025-08-01 09:52:46 AM,609.65,30,18289.5,40547280.600000024
2025-08-01 09:52:49 AM,609.65,25,15241.25,40562521.850000024
2025-08-01 09:52:53 AM,609.65,15,9144.75,40571666.600000024
2025-08-01 09:53:00 AM,609.6,0,0.0,40571666.600000024
2025-08-01 09:53:00 AM,609.8,0,0.0,40571666.600000024
2025-08-01 09:53:01 AM,609.8,26,15854.8,40587521.40000002
2025-08-01 09:53:09 AM,609.95,0,0.0,40587521.40000002
2025-08-01 09:53:11 AM,609.95,1136,692903.2000000001,41280424.600000024
2025-08-01 09:53:15 AM,609.65,0,0.0,41280424.600000024
2025-08-01 09:53:17 AM,609.65,42,25605.3,41306029.90000002
2025-08-01 09:53:22 AM,609.8,0,0.0,41306029.90000002
2025-08-01 09:53:24 AM,609.8,14,8537.199999999999,41314567.100000024
2025-08-01 09:53:37 AM,609.65,0,0.0,41314567.100000024
2025-08-01 09:53:38 AM,609.6,131,79857.6,41394424.700000025
2025-08-01 09:53:49 AM,609.5,2,1219.0,41395643.700000025
2025-08-01 09:53:55 AM,609.5,3,1828.5,41397472.200000025
2025-08-01 09:54:01 AM,609.55,0,0.0,41397472.200000025
2025-08-01 09:54:01 AM,609.55,124,75584.2,41473056.40000003
2025-08-01 09:54:07 AM,609.5,0,0.0,41473056.40000003
2025-08-01 09:54:08 AM,609.5,100,60950.0,41534006.40000003
2025-08-01 09:54:10 AM,609.45,0,0.0,41534006.40000003
2025-08-01 09:54:13 AM,609.45,13,7922.85,41541929.25000003
2025-08-01 09:54:20 AM,609.45,48,29253.600000000002,41571182.85000003
2025-08-01 09:54:32 AM,609.55,0,0.0,41571182.85000003
2025-08-01 09:54:33 AM,609.55,170,103623.49999999999,41674806.35000003
2025-08-01 09:54:44 AM,609.45,0,0.0,41674806.35000003
2025-08-01 09:54:45 AM,609.45,119,72524.55,41747330.90000003
2025-08-01 09:54:50 AM,609.25,0,0.0,41747330.90000003
2025-08-01 09:54:50 AM,609.25,8,4874.0,41752204.90000003
2025-08-01 09:55:01 AM,609.15,25,15228.75,41767433.65000003
2025-08-01 09:55:02 AM,609.4,0,0.0,41767433.65000003
2025-08-01 09:55:02 AM,609.4,200,121880.0,41889313.65000003
2025-08-01 09:55:05 AM,609.25,0,0.0,41889313.65000003
2025-08-01 09:55:07 AM,609.25,3,1827.75,41891141.40000003
2025-08-01 09:55:18 AM,609.4,0,0.0,41891141.40000003
2025-08-01 09:55:19 AM,609.4,1,609.4,41891750.80000003
2025-08-01 09:55:24 AM,609.25,0,0.0,41891750.80000003
2025-08-01 09:55:25 AM,609.25,55,33508.75,41925259.55000003
2025-08-01 09:55:31 AM,609.4,243,148084.19999999998,42073343.75000003
2025-08-01 09:55:36 AM,609.35,0,0.0,42073343.75000003
2025-08-01 09:55:37 AM,609.35,1,609.35,42073953.10000003
2025-08-01 09:55:49 AM,609.35,100,60935.0,42134888.10000003
2025-08-01 09:55:50 AM,609.35,1,609.35,42135497.45000003
2025-08-01 09:55:55 AM,609.45,7,4266.150000000001,42139763.60000003
2025-08-01 09:56:01 AM,609.25,0,0.0,42139763.60000003
2025-08-01 09:56:02 AM,609.25,90,54832.5,42194596.10000003
2025-08-01 09:56:07 AM,609.35,0,0.0,42194596.10000003
2025-08-01 09:56:08 AM,609.35,40,24374.0,42218970.10000003
2025-08-01 09:56:31 AM,609.1,0,0.0,42218970.10000003
2025-08-01 09:56:31 AM,609.1,27,16445.7,42235415.800000034
2025-08-01 09:56:43 AM,608.7,0,0.0,42235415.800000034
2025-08-01 09:56:43 AM,608.7,469,285480.30000000005,42520896.10000003
2025-08-01 09:56:46 AM,608.8,0,0.0,42520896.10000003
2025-08-01 09:56:47 AM,608.4,0,0.0,42520896.10000003
2025-08-01 09:56:50 AM,608.7,140,85218.0,42606114.10000003
2025-08-01 09:57:07 AM,608.25,0,0.0,42606114.10000003
2025-08-01 09:57:07 AM,608.25,1,608.25,42606722.35000003
2025-08-01 09:57:09 AM,608.6,50,30430.0,42637152.35000003
2025-08-01 09:57:13 AM,608.6,101,61468.600000000006,42698620.95000003
2025-08-01 09:57:30 AM,608.5,50,30425.0,42729045.95000003
2025-08-01 09:57:35 AM,608.65,0,0.0,42729045.95000003
2025-08-01 09:57:36 AM,608.65,118,71820.7,42800866.650000036
2025-08-01 09:57:42 AM,608.65,39,23737.35,42824604.00000004
2025-08-01 09:57:45 AM,608.65,3,1825.9499999999998,42826429.95000004
2025-08-01 09:57:48 AM,608.5,130,79105.0,42905534.95000004
2025-08-01 09:57:54 AM,608.35,0,0.0,42905534.95000004
2025-08-01 09:57:54 AM,608.35,27,16425.45,42921960.40000004
2025-08-01 09:57:57 AM,608.65,80,48692.0,42970652.40000004
2025-08-01 09:58:00 AM,608.5,25,15212.5,42985864.90000004
2025-08-01 09:58:07 AM,608.25,0,0.0,42985864.90000004
2025-08-01 09:58:07 AM,608.25,72,43794.0,43029658.90000004
2025-08-01 09:58:12 AM,608.1,0,0.0,43029658.90000004
2025-08-01 09:58:13 AM,608.0,747,454176.0,43483834.90000004
2025-08-01 09:58:16 AM,607.95,0,0.0,43483834.90000004
2025-08-01 09:58:16 AM,607.65,298,181079.69999999998,43664914.600000046
2025-08-01 09:58:19 AM,607.95,342,207918.90000000002,43872833.500000045
2025-08-01 09:58:20 AM,608.0,0,0.0,43872833.500000045
2025-08-01 09:58:21 AM,608.0,8,4864.0,43877697.500000045
2025-08-01 09:58:27 AM,608.0,50,30400.0,43908097.500000045
2025-08-01 09:58:31 AM,608.0,10,6080.0,43914177.500000045
2025-08-01 09:58:46 AM,607.95,3,1823.8500000000001,43916001.350000046
2025-08-01 09:58:55 AM,607.65,20,12153.0,43928154.350000046
2025-08-01 09:59:01 AM,607.9,60,36474.0,43964628.350000046
2025-08-01 09:59:04 AM,607.65,3,1822.9499999999998,43966451.30000005
2025-08-01 09:59:10 AM,607.65,1,607.65,43967058.95000005
2025-08-01 09:59:23 AM,607.65,4,2430.6,43969489.55000005
2025-08-01 09:59:26 AM,607.8,0,0.0,43969489.55000005
2025-08-01 09:59:26 AM,607.8,124,75367.2,44044856.75000005
2025-08-01 09:59:33 AM,607.9,0,0.0,44044856.75000005
2025-08-01 09:59:33 AM,607.9,8,4863.2,44049719.950000055
2025-08-01 09:59:35 AM,607.9,2,1215.8,44050935.75000005
2025-08-01 09:59:39 AM,607.9,1,607.9,44051543.65000005
2025-08-01 09:59:45 AM,607.9,32,19452.8,44070996.45000005
2025-08-01 10:00:00 AM,607.65,0,0.0,44070996.45000005
2025-08-01 10:00:00 AM,607.65,50,30382.5,44101378.95000005
2025-08-01 10:00:03 AM,607.9,1,607.9,44101986.850000046
2025-08-01 10:00:06 AM,607.8,0,0.0,44101986.850000046
2025-08-01 10:00:06 AM,607.8,1,607.8,44102594.65000004
2025-08-01 10:00:10 AM,607.8,4,2431.2,44105025.850000046
2025-08-01 10:00:17 AM,607.8,100,60779.99999999999,44165805.850000046
2025-08-01 10:00:23 AM,607.55,72,43743.6,44209549.45000005
2025-08-01 10:00:29 AM,607.4,14,8503.6,44218053.05000005
2025-08-01 10:00:42 AM,607.55,50,30377.499999999996,44248430.55000005
2025-08-01 10:00:45 AM,607.55,1,607.55,44249038.100000046
2025-08-01 10:00:57 AM,607.75,520,316030.0,44565068.100000046
2025-08-01 10:01:04 AM,607.8,48,29174.399999999998,44594242.500000045
2025-08-01 10:01:06 AM,607.9,0,0.0,44594242.500000045
2025-08-01 10:01:07 AM,607.9,121,73555.9,44667798.40000004
2025-08-01 10:01:10 AM,607.8,24,14587.199999999999,44682385.600000046
2025-08-01 10:01:11 AM,607.9,0,0.0,44682385.600000046
2025-08-01 10:01:13 AM,607.9,4,2431.6,44684817.20000005
2025-08-01 10:01:19 AM,608.5,5634,3428289.0,48113106.20000005
2025-08-01 10:01:23 AM,608.25,500,304125.0,48417231.20000005
2025-08-01 10:01:24 AM,608.3,0,0.0,48417231.20000005
2025-08-01 10:01:25 AM,608.45,0,0.0,48417231.20000005
2025-08-01 10:01:25 AM,608.45,45,27380.250000000004,48444611.45000005
2025-08-01 10:01:31 AM,608.15,0,0.0,48444611.45000005
2025-08-01 10:01:31 AM,608.15,517,314413.55,48759025.000000045
2025-08-01 10:01:35 AM,607.95,1101,669352.9500000001,49428377.95000005
2025-08-01 10:01:37 AM,608.1,0,0.0,49428377.95000005
2025-08-01 10:01:37 AM,608.1,15,9121.5,49437499.45000005
2025-08-01 10:01:48 AM,608.5,121,73628.5,49511127.95000005
2025-08-01 10:01:53 AM,608.85,0,0.0,49511127.95000005
2025-08-01 10:01:54 AM,608.85,2169,1320595.6500000001,50831723.600000046
2025-08-01 10:01:56 AM,608.85,10,6088.5,50837812.100000046
2025-08-01 10:02:00 AM,608.85,7,4261.95,50842074.05000005
2025-08-01 10:02:01 AM,608.85,19,11568.15,50853642.20000005
2025-08-01 10:02:08 AM,609.35,925,563648.75,51417290.95000005
2025-08-01 10:02:14 AM,609.05,54,32888.7,51450179.65000005
2025-08-01 10:02:20 AM,609.05,1,609.05,51450788.70000005
2025-08-01 10:02:33 AM,609.2,3,1827.6000000000001,51452616.30000005
2025-08-01 10:02:38 AM,609.05,0,0.0,51452616.30000005
2025-08-01 10:02:39 AM,609.05,3,1827.1499999999999,51454443.45000005
2025-08-01 10:02:56 AM,608.65,0,0.0,51454443.45000005
2025-08-01 10:02:57 AM,608.65,164,99818.59999999999,51554262.05000005
2025-08-01 10:03:09 AM,608.65,3,1825.9499999999998,51556088.00000005
2025-08-01 10:03:11 AM,609.0,1,609.0,51556697.00000005
2025-08-01 10:03:22 AM,609.15,118,71879.7,51628576.700000055
2025-08-01 10:03:25 AM,609.15,28,17056.2,51645632.90000006
2025-08-01 10:03:28 AM,609.35,0,0.0,51645632.90000006
2025-08-01 10:03:29 AM,609.35,1,609.35,51646242.25000006
2025-08-01 10:03:36 AM,609.35,3,1828.0500000000002,51648070.30000006
2025-08-01 10:03:37 AM,609.0,1117,680253.0,52328323.30000006
2025-08-01 10:03:48 AM,609.4,0,0.0,52328323.30000006
2025-08-01 10:03:48 AM,609.4,33,20110.2,52348433.50000006
2025-08-01 10:04:00 AM,609.4,5,3047.0,52351480.50000006
2025-08-01 10:04:06 AM,609.4,1,609.4,52352089.90000006
2025-08-01 10:04:12 AM,609.0,0,0.0,52352089.90000006
2025-08-01 10:04:13 AM,609.0,5,3045.0,52355134.90000006
2025-08-01 10:04:16 AM,609.25,0,0.0,52355134.90000006
2025-08-01 10:04:19 AM,609.25,13,7920.25,52363055.15000006
2025-08-01 10:04:25 AM,609.25,8,4874.0,52367929.15000006
2025-08-01 10:04:38 AM,609.25,1,609.25,52368538.40000006
2025-08-01 10:05:10 AM,609.15,0,0.0,52368538.40000006
2025-08-01 10:05:11 AM,609.2,103,62747.600000000006,52431286.00000006
2025-08-01 10:05:15 AM,608.85,21,12785.85,52444071.85000006
2025-08-01 10:05:21 AM,608.65,0,0.0,52444071.85000006
2025-08-01 10:05:21 AM,608.65,3,1825.9499999999998,52445897.800000064
2025-08-01 10:05:27 AM,608.9,78,47494.2,52493392.00000007
2025-08-01 10:05:32 AM,609.0,0,0.0,52493392.00000007
2025-08-01 10:05:33 AM,609.0,200,121800.0,52615192.00000007
2025-08-01 10:05:35 AM,608.8,0,0.0,52615192.00000007
2025-08-01 10:05:36 AM,609.0,162,98658.0,52713850.00000007
2025-08-01 10:05:40 AM,609.0,3,1827.0,52715677.00000007
2025-08-01 10:05:51 AM,609.0,255,155295.0,52870972.00000007
2025-08-01 10:05:59 AM,608.85,0,0.0,52870972.00000007
2025-08-01 10:06:00 AM,608.85,285,173522.25,53044494.25000007
2025-08-01 10:06:18 AM,608.85,1,608.85,53045103.10000007
2025-08-01 10:06:24 AM,608.8,102,62097.6,53107200.70000007
2025-08-01 10:06:41 AM,608.6,176,107113.6,53214314.30000007
2025-08-01 10:06:45 AM,608.5,173,105270.5,53319584.80000007
2025-08-01 10:06:47 AM,608.4,10,6084.0,53325668.80000007
2025-08-01 10:07:12 AM,608.8,2,1217.6,53326886.40000007
2025-08-01 10:07:29 AM,608.8,120,73056.0,53399942.40000007
2025-08-01 10:07:32 AM,608.5,0,0.0,53399942.40000007
2025-08-01 10:07:35 AM,608.8,308,187510.4,53587452.80000007
2025-08-01 10:07:36 AM,608.55,0,0.0,53587452.80000007
2025-08-01 10:07:37 AM,608.55,1,608.55,53588061.35000007
2025-08-01 10:07:46 AM,608.5,0,0.0,53588061.35000007
2025-08-01 10:07:47 AM,608.5,496,301816.0,53889877.35000007
2025-08-01 10:07:53 AM,608.45,15,9126.75,53899004.10000007
2025-08-01 10:07:59 AM,608.45,6,3650.7000000000003,53902654.80000007
2025-08-01 10:08:20 AM,608.4,0,0.0,53902654.80000007
2025-08-01 10:08:20 AM,608.4,1,608.4,53903263.20000007
2025-08-01 10:08:36 AM,608.4,380,231192.0,54134455.20000007
2025-08-01 10:08:44 AM,608.5,0,0.0,54134455.20000007
2025-08-01 10:08:44 AM,608.5,15,9127.5,54143582.70000007
2025-08-01 10:08:46 AM,608.4,0,0.0,54143582.70000007
2025-08-01 10:08:48 AM,608.4,6,3650.3999999999996,54147233.10000007
2025-08-01 10:08:54 AM,608.4,4,2433.6,54149666.70000007
2025-08-01 10:08:55 AM,608.3,0,0.0,54149666.70000007
2025-08-01 10:08:55 AM,608.3,122,74212.59999999999,54223879.30000007
2025-08-01 10:09:18 AM,608.5,2,1217.0,54225096.30000007
2025-08-01 10:09:35 AM,608.5,1,608.5,54225704.80000007
2025-08-01 10:09:43 AM,608.5,5,3042.5,54228747.30000007
2025-08-01 10:09:47 AM,608.5,536,326156.0,54554903.30000007
2025-08-01 10:09:49 AM,608.5,18,10953.0,54565856.30000007
2025-08-01 10:09:58 AM,608.5,4,2434.0,54568290.30000007
2025-08-01 10:10:04 AM,608.55,25,15213.749999999998,54583504.05000007
2025-08-01 10:10:08 AM,608.25,0,0.0,54583504.05000007
2025-08-01 10:10:10 AM,608.25,293,178217.25,54761721.30000007
2025-08-01 10:10:11 AM,608.55,0,0.0,54761721.30000007
2025-08-01 10:10:11 AM,608.55,21,12779.55,54774500.85000007
2025-08-01 10:10:16 AM,608.5,0,0.0,54774500.85000007
2025-08-01 10:10:17 AM,608.5,492,299382.0,55073882.85000007
2025-08-01 10:10:21 AM,608.4,0,0.0,55073882.85000007
2025-08-01 10:10:21 AM,608.4,3,1825.1999999999998,55075708.05000007
2025-08-01 10:10:27 AM,608.4,3,1825.1999999999998,55077533.250000075
2025-08-01 10:10:43 AM,608.2,0,0.0,55077533.250000075
2025-08-01 10:10:45 AM,608.2,21,12772.2,55090305.45000008
2025-08-01 10:10:49 AM,608.4,0,0.0,55090305.45000008
2025-08-01 10:10:52 AM,608.4,25,15210.0,55105515.45000008
2025-08-01 10:11:10 AM,608.25,0,0.0,55105515.45000008
2025-08-01 10:11:11 AM,608.25,20,12165.0,55117680.45000008
2025-08-01 10:11:21 AM,608.55,324,197170.19999999998,55314850.65000008
2025-08-01 10:11:25 AM,608.7,0,0.0,55314850.65000008
2025-08-01 10:11:26 AM,608.7,1,608.7,55315459.35000008
2025-08-01 10:11:34 AM,608.6,0,0.0,55315459.35000008
2025-08-01 10:11:38 AM,608.6,74,45036.4,55360495.75000008
2025-08-01 10:11:44 AM,608.7,6,3652.2000000000003,55364147.950000085
2025-08-01 10:11:50 AM,608.8,49,29831.199999999997,55393979.15000009
2025-08-01 10:11:51 AM,608.95,134,81599.3,55475578.450000085
2025-08-01 10:11:55 AM,608.9,0,0.0,55475578.450000085
2025-08-01 10:11:55 AM,608.9,1107,674052.2999999999,56149630.75000008
2025-08-01 10:11:57 AM,608.7,0,0.0,56149630.75000008
2025-08-01 10:11:57 AM,608.7,18,10956.6,56160587.35000008
2025-08-01 10:12:13 AM,608.9,0,0.0,56160587.35000008
2025-08-01 10:12:13 AM,608.9,2,1217.8,56161805.15000008
2025-08-01 10:12:14 AM,608.9,20,12178.0,56173983.15000008
2025-08-01 10:12:25 AM,608.9,20,12178.0,56186161.15000008
2025-08-01 10:12:31 AM,608.9,36,21920.399999999998,56208081.55000008
2025-08-01 10:12:46 AM,609.0,0,0.0,56208081.55000008
2025-08-01 10:12:48 AM,609.0,309,188181.0,56396262.55000008
2025-08-01 10:12:59 AM,609.0,99,60291.0,56456553.55000008
2025-08-01 10:13:08 AM,609.1,0,0.0,56456553.55000008
2025-08-01 10:13:08 AM,609.1,3,1827.3000000000002,56458380.850000076
2025-08-01 10:13:14 AM,609.1,41,24973.100000000002,56483353.95000008
2025-08-01 10:13:18 AM,609.35,517,315033.95,56798387.90000008
2025-08-01 10:13:29 AM,609.35,38,23155.3,56821543.20000008
2025-08-01 10:13:30 AM,609.35,82,49966.700000000004,56871509.90000008
2025-08-01 10:13:34 AM,609.5,6,3657.0,56875166.90000008
2025-08-01 10:13:39 AM,609.55,200,121909.99999999999,56997076.90000008
2025-08-01 10:13:47 AM,609.05,11,6699.549999999999,57003776.45000008
2025-08-01 10:13:58 AM,608.8,0,0.0,57003776.45000008
2025-08-01 10:13:58 AM,608.8,2879,1752735.2,58756511.65000008
2025-08-01 10:13:59 AM,608.6,106,64511.600000000006,58821023.25000008
2025-08-01 10:14:01 AM,608.25,0,0.0,58821023.25000008
2025-08-01 10:14:01 AM,608.25,150,91237.5,58912260.75000008
2025-08-01 10:14:06 AM,608.5,0,0.0,58912260.75000008
2025-08-01 10:14:06 AM,608.5,50,30425.0,58942685.75000008
2025-08-01 10:14:40 AM,608.6,3,1825.8000000000002,58944511.55000008
2025-08-01 10:14:51 AM,608.8,129,78535.2,59023046.75000008
2025-08-01 10:15:38 AM,609.0,5,3045.0,59026091.75000008
2025-08-01 10:15:54 AM,608.9,0,0.0,59026091.75000008
2025-08-01 10:15:55 AM,609.0,0,0.0,59026091.75000008
2025-08-01 10:15:56 AM,609.0,201,122409.0,59148500.75000008
2025-08-01 10:16:02 AM,609.0,5,3045.0,59151545.75000008
2025-08-01 10:16:11 AM,609.0,30,18270.0,59169815.75000008
2025-08-01 10:16:15 AM,609.0,1,609.0,59170424.75000008
2025-08-01 10:16:15 AM,608.75,3,1826.25,59172251.00000008
2025-08-01 10:16:32 AM,608.85,0,0.0,59172251.00000008
2025-08-01 10:16:32 AM,608.85,7,4261.95,59176512.950000085
2025-08-01 10:16:43 AM,608.65,0,0.0,59176512.950000085
2025-08-01 10:16:43 AM,608.65,49,29823.85,59206336.80000009
2025-08-01 10:17:09 AM,608.95,0,0.0,59206336.80000009
2025-08-01 10:17:10 AM,608.95,300,182685.0,59389021.80000009
2025-08-01 10:17:19 AM,608.6,0,0.0,59389021.80000009
2025-08-01 10:17:22 AM,608.6,412,250743.2,59639765.00000009
2025-08-01 10:17:27 AM,608.7,0,0.0,59639765.00000009
2025-08-01 10:17:28 AM,608.7,1,608.7,59640373.70000009
2025-08-01 10:17:48 AM,608.9,0,0.0,59640373.70000009
2025-08-01 10:17:51 AM,608.9,1004,611335.6,60251709.300000094
2025-08-01 10:17:52 AM,608.7,0,0.0,60251709.300000094
2025-08-01 10:17:56 AM,608.2,26,15813.2,60267522.5000001
2025-08-01 10:18:04 AM,608.55,7,4259.849999999999,60271782.3500001
2025-08-01 10:18:06 AM,608.6,15,9129.0,60280911.3500001
2025-08-01 10:18:12 AM,608.6,1,608.6,60281519.9500001
2025-08-01 10:18:13 AM,608.25,35,21288.75,60302808.7000001
2025-08-01 10:18:32 AM,608.25,100,60825.0,60363633.7000001
2025-08-01 10:19:04 AM,608.5,242,147257.0,60510890.7000001
2025-08-01 10:19:06 AM,608.75,0,0.0,60510890.7000001
2025-08-01 10:19:06 AM,608.75,118,71832.5,60582723.2000001
2025-08-01 10:19:09 AM,609.0,0,0.0,60582723.2000001
2025-08-01 10:19:09 AM,609.0,7,4263.0,60586986.2000001
2025-08-01 10:19:11 AM,609.0,4,2436.0,60589422.2000001
2025-08-01 10:19:16 AM,609.0,24,14616.0,60604038.2000001
2025-08-01 10:19:22 AM,609.0,10,6090.0,60610128.2000001
2025-08-01 10:19:32 AM,609.25,88,53614.0,60663742.2000001
2025-08-01 10:19:33 AM,609.05,45,27407.249999999996,60691149.4500001
2025-08-01 10:19:36 AM,609.0,89,54201.0,60745350.4500001
2025-08-01 10:19:38 AM,609.0,90,54810.0,60800160.4500001
2025-08-01 10:19:39 AM,609.0,89,54201.0,60854361.4500001
2025-08-01 10:19:41 AM,608.8,0,0.0,60854361.4500001
2025-08-01 10:19:41 AM,608.8,678,412766.39999999997,61267127.8500001
2025-08-01 10:19:53 AM,608.95,105,63939.75000000001,61331067.6000001
2025-08-01 10:19:56 AM,609.0,179,109011.0,61440078.6000001
2025-08-01 10:19:59 AM,609.0,89,54201.0,61494279.6000001
2025-08-01 10:20:01 AM,609.0,90,54810.0,61549089.6000001
2025-08-01 10:20:03 AM,609.0,179,109011.0,61658100.6000001
2025-08-01 10:20:04 AM,609.0,20,12180.0,61670280.6000001
2025-08-01 10:20:06 AM,609.0,89,54201.0,61724481.6000001
2025-08-01 10:20:09 AM,609.0,1,609.0,61725090.6000001
2025-08-01 10:20:10 AM,609.0,11,6699.0,61731789.6000001
2025-08-01 10:20:11 AM,608.8,0,0.0,61731789.6000001
2025-08-01 10:20:11 AM,608.8,20,12176.0,61743965.6000001
2025-08-01 10:20:27 AM,609.0,0,0.0,61743965.6000001
2025-08-01 10:20:27 AM,609.0,30,18270.0,61762235.6000001
2025-08-01 10:20:30 AM,609.0,10,6090.0,61768325.6000001
2025-08-01 10:20:59 AM,608.85,0,0.0,61768325.6000001
2025-08-01 10:20:59 AM,608.85,35,21309.75,61789635.3500001
2025-08-01 10:21:03 AM,609.0,8,4872.0,61794507.3500001
2025-08-01 10:21:12 AM,609.15,0,0.0,61794507.3500001
2025-08-01 10:21:12 AM,609.15,419,255233.84999999998,62049741.2000001
2025-08-01 10:21:14 AM,609.15,179,109037.84999999999,62158779.0500001
2025-08-01 10:21:18 AM,609.2,545,332014.0,62490793.0500001
2025-08-01 10:21:19 AM,609.2,90,54828.00000000001,62545621.0500001
2025-08-01 10:21:22 AM,609.5,0,0.0,62545621.0500001
2025-08-01 10:21:23 AM,609.5,3,1828.5,62547449.5500001
2025-08-01 10:21:24 AM,609.2,0,0.0,62547449.5500001
2025-08-01 10:21:25 AM,609.2,48,29241.600000000002,62576691.1500001
2025-08-01 10:21:31 AM,609.2,45,27414.000000000004,62604105.1500001
2025-08-01 10:21:39 AM,609.2,129,78586.8,62682691.9500001
2025-08-01 10:21:43 AM,609.0,0,0.0,62682691.9500001
2025-08-01 10:21:45 AM,609.2,577,351508.4,63034200.3500001
2025-08-01 10:21:51 AM,609.0,45,27405.0,63061605.3500001
2025-08-01 10:22:02 AM,609.0,45,27405.0,63089010.3500001
2025-08-01 10:22:07 AM,609.4,0,0.0,63089010.3500001
2025-08-01 10:22:08 AM,609.4,57,34735.799999999996,63123746.150000095
2025-08-01 10:22:10 AM,609.5,0,0.0,63123746.150000095
2025-08-01 10:22:10 AM,609.5,101,61559.5,63185305.650000095
2025-08-01 10:22:13 AM,609.7,0,0.0,63185305.650000095
2025-08-01 10:22:14 AM,609.7,27,16461.9,63201767.550000094
2025-08-01 10:22:20 AM,609.7,2,1219.4,63202986.95000009
2025-08-01 10:22:22 AM,609.8,0,0.0,63202986.95000009
2025-08-01 10:22:22 AM,609.8,1587,967752.6,64170739.550000094
2025-08-01 10:22:26 AM,609.8,22,13415.599999999999,64184155.150000095
2025-08-01 10:22:31 AM,610.3,0,0.0,64184155.150000095
2025-08-01 10:22:32 AM,610.3,943,575512.8999999999,64759668.050000094
2025-08-01 10:22:33 AM,610.3,910,555373.0,65315041.050000094
2025-08-01 10:22:42 AM,609.8,45,27440.999999999996,65342482.050000094
2025-08-01 10:22:50 AM,609.8,44,26831.199999999997,65369313.2500001
2025-08-01 10:22:53 AM,610.05,100,61004.99999999999,65430318.2500001
2025-08-01 10:23:00 AM,609.75,0,0.0,65430318.2500001
2025-08-01 10:23:01 AM,609.75,45,27438.75,65457757.0000001
2025-08-01 10:23:04 AM,610.25,0,0.0,65457757.0000001
2025-08-01 10:23:04 AM,610.25,878,535799.5,65993556.5000001
2025-08-01 10:23:07 AM,610.25,20,12205.0,66005761.5000001
2025-08-01 10:23:09 AM,609.9,0,0.0,66005761.5000001
2025-08-01 10:23:10 AM,609.9,21,12807.9,66018569.400000095
2025-08-01 10:23:13 AM,609.9,45,27445.5,66046014.900000095
2025-08-01 10:23:21 AM,609.55,0,0.0,66046014.900000095
2025-08-01 10:23:21 AM,609.55,45,27429.749999999996,66073444.650000095
2025-08-01 10:23:24 AM,609.9,0,0.0,66073444.650000095
2025-08-01 10:23:25 AM,609.9,70,42693.0,66116137.650000095
2025-08-01 10:23:27 AM,609.85,0,0.0,66116137.650000095
2025-08-01 10:23:27 AM,609.85,1,609.85,66116747.5000001
2025-08-01 10:23:30 AM,609.45,44,26815.800000000003,66143563.300000094
2025-08-01 10:23:34 AM,609.85,0,0.0,66143563.300000094
2025-08-01 10:23:36 AM,609.85,2,1219.7,66144783.0000001
2025-08-01 10:23:42 AM,609.55,45,27429.749999999996,66172212.7500001
2025-08-01 10:23:46 AM,609.5,0,0.0,66172212.7500001
2025-08-01 10:23:47 AM,609.5,20,12190.0,66184402.7500001
2025-08-01 10:23:53 AM,609.5,45,27427.5,66211830.2500001
2025-08-01 10:23:57 AM,609.9,0,0.0,66211830.2500001
2025-08-01 10:23:58 AM,609.9,15,9148.5,66220978.7500001
2025-08-01 10:24:00 AM,609.5,45,27427.5,66248406.2500001
2025-08-01 10:24:03 AM,609.5,1,609.5,66249015.7500001
2025-08-01 10:24:08 AM,609.55,0,0.0,66249015.7500001
2025-08-01 10:24:08 AM,609.55,18,10971.9,66259987.650000095
2025-08-01 10:24:10 AM,609.45,0,0.0,66259987.650000095
2025-08-01 10:24:10 AM,609.45,44,26815.800000000003,66286803.45000009
2025-08-01 10:24:20 AM,609.55,45,27429.749999999996,66314233.20000009
2025-08-01 10:24:30 AM,609.5,45,27427.5,66341660.70000009
2025-08-01 10:24:32 AM,609.75,0,0.0,66341660.70000009
2025-08-01 10:24:32 AM,609.75,30,18292.5,66359953.20000009
2025-08-01 10:24:40 AM,609.35,0,0.0,66359953.20000009
2025-08-01 10:24:40 AM,609.35,45,27420.75,66387373.95000009
2025-08-01 10:24:50 AM,609.4,44,26813.6,66414187.550000094
2025-08-01 10:25:01 AM,609.4,45,27423.0,66441610.550000094
2025-08-01 10:25:10 AM,609.6,0,0.0,66441610.550000094
2025-08-01 10:25:10 AM,609.6,87,53035.200000000004,66494645.7500001
2025-08-01 10:25:20 AM,609.65,0,0.0,66494645.7500001
2025-08-01 10:25:22 AM,609.65,45,27434.25,66522080.0000001
2025-08-01 10:25:30 AM,609.55,44,26820.199999999997,66548900.2000001
2025-08-01 10:25:39 AM,609.6,10,6096.0,66554996.2000001
2025-08-01 10:25:41 AM,609.6,45,27432.0,66582428.2000001
2025-08-01 10:25:50 AM,609.6,45,27432.0,66609860.2000001
2025-08-01 10:25:52 AM,609.7,0,0.0,66609860.2000001
2025-08-01 10:25:52 AM,609.7,3,1829.1000000000001,66611689.3000001
2025-08-01 10:25:59 AM,609.65,0,0.0,66611689.3000001
2025-08-01 10:26:01 AM,609.6,0,0.0,66611689.3000001
2025-08-01 10:26:01 AM,609.6,45,27432.0,66639121.3000001
2025-08-01 10:26:08 AM,609.6,44,26822.4,66665943.7000001
2025-08-01 10:26:20 AM,609.6,2,1219.2,66667162.9000001
2025-08-01 10:26:25 AM,609.25,0,0.0,66667162.9000001
2025-08-01 10:26:25 AM,609.25,43,26197.75,66693360.6500001
2025-08-01 10:26:31 AM,609.2,0,0.0,66693360.6500001
2025-08-01 10:26:31 AM,609.2,45,27414.000000000004,66720774.6500001
2025-08-01 10:26:41 AM,609.25,45,27416.25,66748190.9000001
2025-08-01 10:26:52 AM,609.2,0,0.0,66748190.9000001
2025-08-01 10:26:52 AM,609.2,44,26804.800000000003,66774995.7000001
2025-08-01 10:26:58 AM,609.5,0,0.0,66774995.7000001
2025-08-01 10:26:58 AM,609.5,1,609.5,66775605.2000001
2025-08-01 10:27:00 AM,609.25,45,27416.25,66803021.4500001
2025-08-01 10:27:06 AM,609.5,10,6095.0,66809116.4500001
2025-08-01 10:27:10 AM,609.25,0,0.0,66809116.4500001
2025-08-01 10:27:12 AM,609.25,45,27416.25,66836532.7000001
2025-08-01 10:27:20 AM,609.2,45,27414.000000000004,66863946.7000001
2025-08-01 10:27:31 AM,609.45,0,0.0,66863946.7000001
2025-08-01 10:27:31 AM,609.45,195,118842.75000000001,66982789.4500001
2025-08-01 10:27:35 AM,609.2,0,0.0,66982789.4500001
2025-08-01 10:27:37 AM,609.45,5,3047.25,66985836.7000001
2025-08-01 10:27:41 AM,609.2,0,0.0,66985836.7000001
2025-08-01 10:27:42 AM,609.2,45,27414.000000000004,67013250.7000001
2025-08-01 10:27:45 AM,609.45,3,1828.3500000000001,67015079.0500001
2025-08-01 10:27:47 AM,609.6,335,204216.0,67219295.0500001
2025-08-01 10:27:49 AM,609.55,0,0.0,67219295.0500001
2025-08-01 10:27:51 AM,609.4,45,27423.0,67246718.0500001
2025-08-01 10:27:58 AM,609.6,50,30480.0,67277198.0500001
2025-08-01 10:28:00 AM,609.55,0,0.0,67277198.0500001
2025-08-01 10:28:01 AM,609.55,45,27429.749999999996,67304627.8000001
2025-08-01 10:28:08 AM,609.55,3,1828.6499999999999,67306456.4500001
2025-08-01 10:28:10 AM,609.45,44,26815.800000000003,67333272.2500001
2025-08-01 10:28:14 AM,609.3,0,0.0,67333272.2500001
2025-08-01 10:28:14 AM,609.3,300,182790.0,67516062.2500001
2025-08-01 10:28:20 AM,609.3,45,27418.499999999996,67543480.7500001
2025-08-01 10:28:31 AM,609.2,45,27414.000000000004,67570894.7500001
2025-08-01 10:28:33 AM,609.45,0,0.0,67570894.7500001
2025-08-01 10:28:33 AM,609.45,5,3047.25,67573942.0000001
2025-08-01 10:28:40 AM,609.3,18,10967.4,67584909.40000011
2025-08-01 10:28:42 AM,609.2,27,16448.4,67601357.80000012
2025-08-01 10:28:47 AM,609.25,6,3655.5,67605013.30000012
2025-08-01 10:28:48 AM,609.2,0,0.0,67605013.30000012
2025-08-01 10:28:48 AM,609.2,44,26804.800000000003,67631818.10000011
2025-08-01 10:28:54 AM,609.25,0,0.0,67631818.10000011
2025-08-01 10:28:54 AM,609.2,31,18885.2,67650703.30000012
2025-08-01 10:29:00 AM,609.0,45,27405.0,67678108.30000012
2025-08-01 10:29:05 AM,609.2,0,0.0,67678108.30000012
2025-08-01 10:29:07 AM,609.2,35,21322.0,67699430.30000012
2025-08-01 10:29:09 AM,609.3,0,0.0,67699430.30000012
2025-08-01 10:29:10 AM,609.3,45,27418.499999999996,67726848.80000012
2025-08-01 10:29:13 AM,609.55,0,0.0,67726848.80000012
2025-08-01 10:29:13 AM,609.55,1,609.55,67727458.35000011
2025-08-01 10:29:24 AM,609.2,45,27414.000000000004,67754872.35000011
2025-08-01 10:29:31 AM,609.0,0,0.0,67754872.35000011
2025-08-01 10:29:32 AM,609.0,44,26796.0,67781668.35000011
2025-08-01 10:29:37 AM,609.2,0,0.0,67781668.35000011
2025-08-01 10:29:38 AM,609.15,137,83453.55,67865121.90000011
2025-08-01 10:29:41 AM,609.15,1,609.15,67865731.05000012
2025-08-01 10:29:51 AM,609.15,45,27411.75,67893142.80000012
2025-08-01 10:29:59 AM,609.6,0,0.0,67893142.80000012
2025-08-01 10:29:59 AM,609.65,0,0.0,67893142.80000012
2025-08-01 10:30:00 AM,609.7,684,417034.80000000005,68310177.60000011
2025-08-01 10:30:01 AM,609.6,0,0.0,68310177.60000011
2025-08-01 10:30:01 AM,609.6,22,13411.2,68323588.80000012
2025-08-01 10:30:04 AM,609.7,19,11584.300000000001,68335173.10000011
2025-08-01 10:30:11 AM,609.65,0,0.0,68335173.10000011
2025-08-01 10:30:11 AM,609.65,45,27434.25,68362607.35000011
2025-08-01 10:30:20 AM,609.7,45,27436.500000000004,68390043.85000011
2025-08-01 10:30:31 AM,609.7,45,27436.500000000004,68417480.35000011
2025-08-01 10:30:34 AM,610.25,0,0.0,68417480.35000011
2025-08-01 10:30:34 AM,610.25,2835,1730058.75,70147539.10000011
2025-08-01 10:30:40 AM,609.65,44,26824.6,70174363.7000001
2025-08-01 10:30:50 AM,609.65,45,27434.25,70201797.9500001
2025-08-01 10:31:00 AM,609.45,45,27425.250000000004,70229223.2000001
2025-08-01 10:31:10 AM,609.5,0,0.0,70229223.2000001
2025-08-01 10:31:12 AM,609.5,45,27427.5,70256650.7000001
2025-08-01 10:31:18 AM,609.65,0,0.0,70256650.7000001
2025-08-01 10:31:18 AM,609.65,15,9144.75,70265795.4500001
2025-08-01 10:31:20 AM,609.7,0,0.0,70265795.4500001
2025-08-01 10:31:20 AM,609.7,142,86577.40000000001,70352372.85000011
2025-08-01 10:31:31 AM,609.9,45,27445.5,70379818.35000011
2025-08-01 10:31:40 AM,609.85,45,27443.25,70407261.60000011
2025-08-01 10:31:47 AM,610.1,0,0.0,70407261.60000011
2025-08-01 10:31:48 AM,610.1,1,610.1,70407871.7000001
2025-08-01 10:31:51 AM,609.9,45,27445.5,70435317.2000001
2025-08-01 10:31:53 AM,610.05,0,0.0,70435317.2000001
2025-08-01 10:31:55 AM,610.05,78,47583.899999999994,70482901.10000011
2025-08-01 10:32:01 AM,610.05,44,26842.199999999997,70509743.30000012
2025-08-01 10:32:04 AM,610.15,6,3660.8999999999996,70513404.20000012
2025-08-01 10:32:07 AM,610.95,698,426443.10000000003,70939847.30000012
2025-08-01 10:32:08 AM,610.7,0,0.0,70939847.30000012
2025-08-01 10:32:11 AM,611.4,0,0.0,70939847.30000012
2025-08-01 10:32:11 AM,611.4,935,571659.0,71511506.30000012
2025-08-01 10:32:14 AM,611.1,0,0.0,71511506.30000012
2025-08-01 10:32:14 AM,611.1,74,45221.4,71556727.70000012
2025-08-01 10:32:17 AM,611.5,0,0.0,71556727.70000012
2025-08-01 10:32:17 AM,611.5,4,2446.0,71559173.70000012
2025-08-01 10:32:21 AM,611.2,0,0.0,71559173.70000012
2025-08-01 10:32:21 AM,611.2,45,27504.000000000004,71586677.70000012
2025-08-01 10:32:27 AM,611.4,378,231109.19999999998,71817786.90000013
2025-08-01 10:32:28 AM,611.5,0,0.0,71817786.90000013
2025-08-01 10:32:30 AM,611.5,1409,861603.5,72679390.40000013
2025-08-01 10:32:34 AM,611.15,53,32390.949999999997,72711781.35000013
2025-08-01 10:32:40 AM,611.75,0,0.0,72711781.35000013
2025-08-01 10:32:40 AM,611.75,4000,2447000.0,75158781.35000013
2025-08-01 10:32:43 AM,611.05,0,0.0,75158781.35000013
2025-08-01 10:32:43 AM,611.05,25,15276.249999999998,75174057.60000013
2025-08-01 10:32:51 AM,611.05,45,27497.249999999996,75201554.85000013
2025-08-01 10:33:00 AM,611.05,45,27497.249999999996,75229052.10000013
2025-08-01 10:33:03 AM,611.05,20,12221.0,75241273.10000013
2025-08-01 10:33:11 AM,611.05,45,27497.249999999996,75268770.35000013
2025-08-01 10:33:16 AM,611.05,100,61104.99999999999,75329875.35000013
2025-08-01 10:33:20 AM,611.05,96,58660.799999999996,75388536.15000013
2025-08-01 10:33:22 AM,611.0,0,0.0,75388536.15000013
2025-08-01 10:33:22 AM,611.0,44,26884.0,75415420.15000013
2025-08-01 10:33:30 AM,610.9,45,27490.5,75442910.65000013
2025-08-01 10:33:33 AM,610.9,50,30545.0,75473455.65000013
2025-08-01 10:33:41 AM,610.85,0,0.0,75473455.65000013
2025-08-01 10:33:41 AM,610.85,45,27488.25,75500943.90000013
2025-08-01 10:33:50 AM,610.7,45,27481.500000000004,75528425.40000013
2025-08-01 10:33:51 AM,610.9,0,0.0,75528425.40000013
2025-08-01 10:33:53 AM,610.9,76,46428.4,75574853.80000013
2025-08-01 10:33:59 AM,610.95,0,0.0,75574853.80000013
2025-08-01 10:33:59 AM,610.95,30,18328.5,75593182.30000013
2025-08-01 10:34:01 AM,610.95,83,50708.850000000006,75643891.15000013
2025-08-01 10:34:10 AM,610.9,45,27490.5,75671381.65000013
2025-08-01 10:34:18 AM,610.9,10,6109.0,75677490.65000013
2025-08-01 10:34:21 AM,610.8,2521,1539826.7999999998,77217317.45000012
2025-08-01 10:34:32 AM,610.75,0,0.0,77217317.45000012
2025-08-01 10:34:33 AM,610.75,386,235749.5,77453066.95000012
2025-08-01 10:34:38 AM,611.05,0,0.0,77453066.95000012
2025-08-01 10:34:38 AM,611.05,773,472341.64999999997,77925408.60000013
2025-08-01 10:34:40 AM,610.9,39,23825.1,77949233.70000012
2025-08-01 10:34:52 AM,610.85,46,28099.100000000002,77977332.80000012
2025-08-01 10:35:01 AM,610.7,0,0.0,77977332.80000012
2025-08-01 10:35:01 AM,610.7,45,27481.500000000004,78004814.30000012
2025-08-01 10:35:13 AM,610.7,45,27481.500000000004,78032295.80000012
2025-08-01 10:35:14 AM,610.9,0,0.0,78032295.80000012
2025-08-01 10:35:15 AM,610.9,2,1221.8,78033517.60000011
2025-08-01 10:35:18 AM,610.85,44,26877.4,78060395.00000012
2025-08-01 10:35:24 AM,611.15,10,6111.5,78066506.50000012
2025-08-01 10:35:31 AM,610.85,0,0.0,78066506.50000012
2025-08-01 10:35:31 AM,610.85,45,27488.25,78093994.75000012
2025-08-01 10:35:43 AM,610.65,0,0.0,78093994.75000012
2025-08-01 10:35:43 AM,610.65,20,12213.0,78106207.75000012
2025-08-01 10:35:46 AM,610.65,10,6106.5,78112314.25000012
2025-08-01 10:35:48 AM,610.55,15,9158.25,78121472.50000012
2025-08-01 10:35:52 AM,610.55,45,27474.749999999996,78148947.25000012
2025-08-01 10:36:00 AM,610.55,44,26864.199999999997,78175811.45000012
2025-08-01 10:36:03 AM,610.5,0,0.0,78175811.45000012
2025-08-01 10:36:03 AM,610.65,381,232657.65,78408469.10000013
2025-08-01 10:36:08 AM,610.65,50,30532.5,78439001.60000013
2025-08-01 10:36:14 AM,610.65,1,610.65,78439612.25000013
2025-08-01 10:36:18 AM,610.65,59,36028.35,78475640.60000013
2025-08-01 10:36:30 AM,610.55,45,27474.749999999996,78503115.35000013
2025-08-01 10:36:39 AM,610.65,0,0.0,78503115.35000013
2025-08-01 10:36:39 AM,610.65,64,39081.6,78542196.95000012
2025-08-01 10:36:49 AM,610.55,55,33580.25,78575777.20000012
2025-08-01 10:36:52 AM,610.2,0,0.0,78575777.20000012
2025-08-01 10:36:52 AM,610.2,45,27459.000000000004,78603236.20000012
2025-08-01 10:37:00 AM,610.2,45,27459.000000000004,78630695.20000012
2025-08-01 10:37:08 AM,610.25,0,0.0,78630695.20000012
2025-08-01 10:37:08 AM,610.25,100,61025.0,78691720.20000012
2025-08-01 10:37:10 AM,610.2,45,27459.000000000004,78719179.20000012
2025-08-01 10:37:17 AM,610.25,7,4271.75,78723450.95000012
2025-08-01 10:37:20 AM,610.2,44,26848.800000000003,78750299.75000012
2025-08-01 10:37:28 AM,610.45,1,610.45,78750910.20000012
2025-08-01 10:37:30 AM,610.3,0,0.0,78750910.20000012
2025-08-01 10:37:30 AM,610.3,44,26853.199999999997,78777763.40000013
2025-08-01 10:37:40 AM,610.3,45,27463.499999999996,78805226.90000013
2025-08-01 10:37:50 AM,610.3,45,27463.499999999996,78832690.40000013
2025-08-01 10:38:00 AM,610.25,0,0.0,78832690.40000013
2025-08-01 10:38:00 AM,610.25,544,331976.0,79164666.40000013
2025-08-01 10:38:05 AM,610.2,158,96411.6,79261078.00000012
2025-08-01 10:38:10 AM,610.15,45,27456.75,79288534.75000012
2025-08-01 10:38:13 AM,610.25,0,0.0,79288534.75000012
2025-08-01 10:38:13 AM,610.25,10,6102.5,79294637.25000012
2025-08-01 10:38:18 AM,610.45,110,67149.5,79361786.75000012
2025-08-01 10:38:30 AM,610.15,0,0.0,79361786.75000012
2025-08-01 10:38:30 AM,610.15,44,26846.6,79388633.35000011
2025-08-01 10:38:39 AM,610.35,0,0.0,79388633.35000011
2025-08-01 10:38:39 AM,610.35,14,8544.9,79397178.25000012
2025-08-01 10:38:40 AM,610.1,0,0.0,79397178.25000012
2025-08-01 10:38:40 AM,610.1,31,18913.100000000002,79416091.35000011
2025-08-01 10:38:50 AM,610.0,0,0.0,79416091.35000011
2025-08-01 10:38:50 AM,610.1,115,70161.5,79486252.85000011
2025-08-01 10:38:53 AM,610.1,390,237939.0,79724191.85000011
2025-08-01 10:39:00 AM,609.8,45,27440.999999999996,79751632.85000011
2025-08-01 10:39:02 AM,609.7,1,609.7,79752242.55000012
2025-08-01 10:39:10 AM,609.75,0,0.0,79752242.55000012
2025-08-01 10:39:10 AM,609.65,57,34750.049999999996,79786992.60000011
2025-08-01 10:39:14 AM,609.65,1,609.65,79787602.25000012
2025-08-01 10:39:20 AM,609.6,23,14020.800000000001,79801623.05000012
2025-08-01 10:39:22 AM,609.4,0,0.0,79801623.05000012
2025-08-01 10:39:22 AM,609.4,44,26813.6,79828436.65000011
2025-08-01 10:39:30 AM,609.4,45,27423.0,79855859.65000011
2025-08-01 10:39:40 AM,609.35,0,0.0,79855859.65000011
2025-08-01 10:39:40 AM,609.35,45,27420.75,79883280.40000011
2025-08-01 10:39:50 AM,609.4,44,26813.6,79910094.0000001
2025-08-01 10:39:51 AM,609.55,10,6095.5,79916189.5000001
2025-08-01 10:40:00 AM,609.5,0,0.0,79916189.5000001
2025-08-01 10:40:00 AM,609.5,1,609.5,79916799.0000001
2025-08-01 10:40:02 AM,609.35,0,0.0,79916799.0000001
2025-08-01 10:40:02 AM,609.35,44,26811.4,79943610.40000011
2025-08-01 10:40:07 AM,609.6,408,248716.80000000002,80192327.2000001
2025-08-01 10:40:10 AM,609.6,45,27432.0,80219759.2000001
2025-08-01 10:40:20 AM,609.5,0,0.0,80219759.2000001
2025-08-01 10:40:22 AM,609.5,45,27427.5,80247186.7000001
2025-08-01 10:40:27 AM,609.8,62,37807.6,80284994.3000001
2025-08-01 10:40:30 AM,609.4,0,0.0,80284994.3000001
2025-08-01 10:40:30 AM,609.4,44,26813.6,80311807.9000001
2025-08-01 10:40:41 AM,609.4,295,179773.0,80491580.9000001
2025-08-01 10:40:51 AM,609.45,0,0.0,80491580.9000001
2025-08-01 10:40:52 AM,609.45,45,27425.250000000004,80519006.1500001
2025-08-01 10:40:58 AM,609.65,0,0.0,80519006.1500001
2025-08-01 10:41:00 AM,609.55,0,0.0,80519006.1500001
2025-08-01 10:41:00 AM,609.55,45,27429.749999999996,80546435.9000001
2025-08-01 10:41:06 AM,609.65,1,609.65,80547045.5500001
2025-08-01 10:41:09 AM,609.6,5,3048.0,80550093.5500001
2025-08-01 10:41:11 AM,609.55,0,0.0,80550093.5500001
2025-08-01 10:41:12 AM,609.55,39,23772.449999999997,80573866.0000001
2025-08-01 10:41:15 AM,610.05,0,0.0,80573866.0000001
2025-08-01 10:41:18 AM,610.05,840,512441.99999999994,81086308.0000001
2025-08-01 10:41:18 AM,609.55,0,0.0,81086308.0000001
2025-08-01 10:41:19 AM,609.55,45,27429.749999999996,81113737.7500001
2025-08-01 10:41:30 AM,609.65,45,27434.25,81141172.0000001
2025-08-01 10:41:40 AM,609.65,40,24386.0,81165558.0000001
2025-08-01 10:41:42 AM,609.35,5,3046.75,81168604.7500001
2025-08-01 10:41:47 AM,609.35,50,30467.5,81199072.2500001
2025-08-01 10:41:51 AM,609.35,44,26811.4,81225883.65000011
2025-08-01 10:41:58 AM,609.5,5,3047.5,81228931.15000011
2025-08-01 10:42:00 AM,609.35,0,0.0,81228931.15000011
2025-08-01 10:42:02 AM,609.55,0,0.0,81228931.15000011
2025-08-01 10:42:02 AM,609.55,136,82898.79999999999,81311829.9500001
2025-08-01 10:42:07 AM,609.55,22,13410.099999999999,81325240.0500001
2025-08-01 10:42:10 AM,609.35,0,0.0,81325240.0500001
2025-08-01 10:42:13 AM,609.35,45,27420.75,81352660.8000001
2025-08-01 10:42:14 AM,609.55,0,0.0,81352660.8000001
2025-08-01 10:42:15 AM,609.55,50,30477.499999999996,81383138.3000001
2025-08-01 10:42:21 AM,609.35,45,27420.75,81410559.0500001
2025-08-01 10:42:32 AM,609.35,44,26811.4,81437370.4500001
2025-08-01 10:42:40 AM,609.5,0,0.0,81437370.4500001
2025-08-01 10:42:41 AM,609.5,6,3657.0,81441027.4500001
2025-08-01 10:42:42 AM,609.35,0,0.0,81441027.4500001
2025-08-01 10:42:43 AM,609.35,39,23764.65,81464792.10000011
2025-08-01 10:42:52 AM,609.35,45,27420.75,81492212.85000011
2025-08-01 10:43:03 AM,609.35,70,42654.5,81534867.35000011
2025-08-01 10:43:10 AM,609.35,44,26811.4,81561678.75000012
2025-08-01 10:43:21 AM,609.35,45,27420.75,81589099.50000012
2025-08-01 10:43:30 AM,609.35,30,18280.5,81607380.00000012
2025-08-01 10:43:31 AM,609.3,0,0.0,81607380.00000012
2025-08-01 10:43:32 AM,609.3,57,34730.1,81642110.10000011
2025-08-01 10:43:41 AM,609.25,0,0.0,81642110.10000011
2025-08-01 10:43:41 AM,609.25,45,27416.25,81669526.35000011
2025-08-01 10:43:51 AM,609.25,44,26807.0,81696333.35000011
2025-08-01 10:44:01 AM,609.25,45,27416.25,81723749.60000011
2025-08-01 10:44:05 AM,609.45,0,0.0,81723749.60000011
2025-08-01 10:44:06 AM,609.45,25,15236.250000000002,81738985.85000011
2025-08-01 10:44:11 AM,609.25,0,0.0,81738985.85000011
2025-08-01 10:44:12 AM,609.25,45,27416.25,81766402.10000011
2025-08-01 10:44:20 AM,609.55,610,371825.5,82138227.60000011
2025-08-01 10:44:28 AM,609.55,25,15238.749999999998,82153466.35000011
2025-08-01 10:44:31 AM,609.25,0,0.0,82153466.35000011
2025-08-01 10:44:31 AM,609.25,44,26807.0,82180273.35000011
2025-08-01 10:44:40 AM,609.2,0,0.0,82180273.35000011
2025-08-01 10:44:42 AM,609.2,45,27414.000000000004,82207687.35000011
2025-08-01 10:44:52 AM,609.5,47,28646.5,82236333.85000011
2025-08-01 10:44:59 AM,609.4,0,0.0,82236333.85000011
2025-08-01 10:45:01 AM,609.15,84,51168.6,82287502.4500001
2025-08-01 10:45:10 AM,609.4,0,0.0,82287502.4500001
2025-08-01 10:45:12 AM,609.15,44,26802.6,82314305.0500001
2025-08-01 10:45:20 AM,609.15,45,27411.75,82341716.8000001
2025-08-01 10:45:23 AM,609.9,2656,1619894.4,83961611.2000001
2025-08-01 10:45:30 AM,609.55,0,0.0,83961611.2000001
2025-08-01 10:45:31 AM,609.55,45,27429.749999999996,83989040.9500001
2025-08-01 10:45:41 AM,609.5,0,0.0,83989040.9500001
2025-08-01 10:45:41 AM,609.5,45,27427.5,84016468.4500001
2025-08-01 10:45:51 AM,609.9,0,0.0,84016468.4500001
2025-08-01 10:45:52 AM,609.45,0,0.0,84016468.4500001
2025-08-01 10:45:52 AM,609.45,1125,685631.25,84702099.7000001
2025-08-01 10:46:00 AM,609.4,0,0.0,84702099.7000001
2025-08-01 10:46:00 AM,609.4,5,3047.0,84705146.7000001
2025-08-01 10:46:02 AM,609.3,0,0.0,84705146.7000001
2025-08-01 10:46:02 AM,609.3,40,24372.0,84729518.7000001
2025-08-01 10:46:08 AM,609.4,4,2437.6,84731956.3000001
2025-08-01 10:46:12 AM,609.15,0,0.0,84731956.3000001
2025-08-01 10:46:12 AM,609.15,41,24975.149999999998,84756931.4500001
2025-08-01 10:46:14 AM,609.0,463,281967.0,85038898.4500001
2025-08-01 10:46:18 AM,609.2,25,15230.000000000002,85054128.4500001
2025-08-01 10:46:34 AM,609.0,0,0.0,85054128.4500001
2025-08-01 10:46:35 AM,609.0,136,82824.0,85136952.4500001
2025-08-01 10:46:41 AM,609.0,45,27405.0,85164357.4500001
2025-08-01 10:46:52 AM,609.0,45,27405.0,85191762.4500001
2025-08-01 10:47:02 AM,609.45,0,0.0,85191762.4500001
2025-08-01 10:47:02 AM,609.45,381,232200.45,85423962.90000011
2025-08-01 10:47:07 AM,609.1,0,0.0,85423962.90000011
2025-08-01 10:47:08 AM,609.1,34,20709.4,85444672.30000012
2025-08-01 10:47:09 AM,609.0,140,85260.0,85529932.30000012
2025-08-01 10:47:10 AM,609.05,0,0.0,85529932.30000012
2025-08-01 10:47:13 AM,609.05,5,3045.25,85532977.55000012
2025-08-01 10:47:26 AM,609.0,1,609.0,85533586.55000012
2025-08-01 10:47:31 AM,609.05,0,0.0,85533586.55000012
2025-08-01 10:47:31 AM,609.05,134,81612.7,85615199.25000012
2025-08-01 10:47:35 AM,609.05,1,609.05,85615808.30000012
2025-08-01 10:47:39 AM,609.4,0,0.0,85615808.30000012
2025-08-01 10:47:40 AM,609.0,361,219849.0,85835657.30000012
2025-08-01 10:48:01 AM,609.0,2,1218.0,85836875.30000012
2025-08-01 10:48:07 AM,609.0,5,3045.0,85839920.30000012
2025-08-01 10:48:20 AM,609.0,233,141897.0,85981817.30000012
2025-08-01 10:48:25 AM,609.15,0,0.0,85981817.30000012
2025-08-01 10:48:25 AM,609.15,1,609.15,85982426.45000012
2025-08-01 10:48:26 AM,608.9,0,0.0,85982426.45000012
2025-08-01 10:48:29 AM,608.9,152,92552.8,86074979.25000012
2025-08-01 10:48:45 AM,608.9,50,30445.0,86105424.25000012
2025-08-01 10:49:39 AM,608.9,319,194239.1,86299663.35000011
2025-08-01 10:49:43 AM,608.95,0,0.0,86299663.35000011
2025-08-01 10:49:45 AM,608.95,6,3653.7000000000003,86303317.05000012
2025-08-01 10:49:48 AM,608.85,0,0.0,86303317.05000012
2025-08-01 10:49:49 AM,608.9,0,0.0,86303317.05000012
2025-08-01 10:49:50 AM,608.9,114,69414.59999999999,86372731.65000011
2025-08-01 10:50:12 AM,608.9,1,608.9,86373340.55000012
2025-08-01 10:50:55 AM,608.75,0,0.0,86373340.55000012
2025-08-01 10:50:57 AM,608.75,1,608.75,86373949.30000012
2025-08-01 10:51:07 AM,608.5,0,0.0,86373949.30000012
2025-08-01 10:51:09 AM,608.5,2003,1218825.5,87592774.80000012
2025-08-01 10:51:29 AM,608.3,0,0.0,87592774.80000012
2025-08-01 10:51:30 AM,608.3,355,215946.49999999997,87808721.30000012
2025-08-01 10:51:47 AM,608.45,0,0.0,87808721.30000012
2025-08-01 10:51:47 AM,608.45,1,608.45,87809329.75000012
2025-08-01 10:51:52 AM,608.45,2,1216.9,87810546.65000013
2025-08-01 10:51:57 AM,608.25,0,0.0,87810546.65000013
2025-08-01 10:51:57 AM,608.25,19,11556.75,87822103.40000013
2025-08-01 10:52:13 AM,608.25,200,121650.0,87943753.40000013
2025-08-01 10:52:33 AM,608.1,0,0.0,87943753.40000013
2025-08-01 10:52:35 AM,608.1,385,234118.5,88177871.90000013
2025-08-01 10:53:01 AM,608.0,0,0.0,88177871.90000013
2025-08-01 10:53:01 AM,608.0,123,74784.0,88252655.90000013
2025-08-01 10:53:05 AM,608.35,0,0.0,88252655.90000013
2025-08-01 10:53:07 AM,608.35,344,209272.4,88461928.30000013
2025-08-01 10:53:08 AM,608.2,34,20678.800000000003,88482607.10000013
2025-08-01 10:53:41 AM,608.45,0,0.0,88482607.10000013
2025-08-01 10:53:44 AM,608.45,4,2433.8,88485040.90000013
2025-08-01 10:53:57 AM,608.5,0,0.0,88485040.90000013
2025-08-01 10:54:00 AM,608.5,200,121700.0,88606740.90000013
2025-08-01 10:54:18 AM,608.5,45,27382.5,88634123.40000013
2025-08-01 10:55:03 AM,608.45,0,0.0,88634123.40000013
2025-08-01 10:55:04 AM,608.45,2,1216.9,88635340.30000013
2025-08-01 10:55:04 AM,608.05,760,462117.99999999994,89097458.30000013
2025-08-01 10:55:07 AM,608.15,0,0.0,89097458.30000013
2025-08-01 10:55:09 AM,608.45,0,0.0,89097458.30000013
2025-08-01 10:55:09 AM,608.45,45,27380.250000000004,89124838.55000013
2025-08-01 10:55:20 AM,608.45,8,4867.6,89129706.15000013
2025-08-01 10:55:25 AM,608.45,10,6084.5,89135790.65000013
2025-08-01 10:55:31 AM,608.45,2,1216.9,89137007.55000013
2025-08-01 10:55:53 AM,608.45,156,94918.20000000001,89231925.75000013
2025-08-01 10:55:58 AM,608.45,1,608.45,89232534.20000014
2025-08-01 10:56:01 AM,608.45,11,6692.950000000001,89239227.15000014
2025-08-01 10:56:33 AM,608.4,18,10951.199999999999,89250178.35000014
2025-08-01 10:56:43 AM,608.2,32,19462.4,89269640.75000015
2025-08-01 10:56:50 AM,608.4,2,1216.8,89270857.55000015
2025-08-01 10:56:59 AM,608.4,4,2433.6,89273291.15000014
2025-08-01 10:57:19 AM,608.15,0,0.0,89273291.15000014
2025-08-01 10:57:22 AM,608.15,68,41354.2,89314645.35000014
2025-08-01 10:57:35 AM,608.0,0,0.0,89314645.35000014
2025-08-01 10:57:38 AM,608.0,280,170240.0,89484885.35000014
2025-08-01 10:57:53 AM,608.35,0,0.0,89484885.35000014
2025-08-01 10:57:54 AM,608.35,1,608.35,89485493.70000014
2025-08-01 10:58:02 AM,608.35,73,44409.55,89529903.25000013
2025-08-01 10:58:14 AM,608.35,10,6083.5,89535986.75000013
2025-08-01 10:58:16 AM,608.45,0,0.0,89535986.75000013
2025-08-01 10:58:16 AM,608.45,476,289622.2,89825608.95000014
2025-08-01 10:58:26 AM,608.5,0,0.0,89825608.95000014
2025-08-01 10:58:26 AM,608.5,250,152125.0,89977733.95000014
2025-08-01 10:58:29 AM,608.5,12,7302.0,89985035.95000014
2025-08-01 10:58:49 AM,608.5,5,3042.5,89988078.45000014
2025-08-01 10:58:54 AM,608.5,42,25557.0,90013635.45000014
2025-08-01 10:59:07 AM,608.55,40,24342.0,90037977.45000014
2025-08-01 10:59:23 AM,608.55,43,26167.649999999998,90064145.10000014
2025-08-01 10:59:32 AM,608.55,1,608.55,90064753.65000014
2025-08-01 10:59:35 AM,608.85,0,0.0,90064753.65000014
2025-08-01 10:59:35 AM,608.85,165,100460.25,90165213.90000014
2025-08-01 10:59:39 AM,608.85,15,9132.75,90174346.65000014
2025-08-01 10:59:41 AM,608.9,0,0.0,90174346.65000014
2025-08-01 10:59:41 AM,608.9,40,24356.0,90198702.65000014
2025-08-01 11:00:02 AM,608.95,0,0.0,90198702.65000014
2025-08-01 11:00:02 AM,608.95,1,608.95,90199311.60000014
2025-08-01 11:00:03 AM,608.95,1,608.95,90199920.55000015
2025-08-01 11:00:04 AM,608.95,1,608.95,90200529.50000015
2025-08-01 11:00:09 AM,609.0,0,0.0,90200529.50000015
2025-08-01 11:00:09 AM,609.2,0,0.0,90200529.50000015
2025-08-01 11:00:09 AM,609.2,293,178495.6,90379025.10000014
2025-08-01 11:00:10 AM,609.0,25,15225.0,90394250.10000014
2025-08-01 11:00:10 AM,609.0,19,11571.0,90405821.10000014
2025-08-01 11:00:12 AM,609.0,25,15225.0,90421046.10000014
2025-08-01 11:00:13 AM,609.0,65,39585.0,90460631.10000014
2025-08-01 11:00:14 AM,609.15,0,0.0,90460631.10000014
2025-08-01 11:00:14 AM,609.15,89,54214.35,90514845.45000014
2025-08-01 11:00:15 AM,609.1,0,0.0,90514845.45000014
2025-08-01 11:00:15 AM,609.1,26,15836.6,90530682.05000013
2025-08-01 11:00:16 AM,609.0,45,27405.0,90558087.05000013
2025-08-01 11:00:31 AM,609.0,50,30450.0,90588537.05000013
2025-08-01 11:00:55 AM,609.0,1,609.0,90589146.05000013
2025-08-01 11:00:58 AM,609.35,0,0.0,90589146.05000013
2025-08-01 11:00:58 AM,609.35,2420,1474627.0,92063773.05000013
2025-08-01 11:01:04 AM,609.3,195,118813.49999999999,92182586.55000013
2025-08-01 11:01:04 AM,609.0,0,0.0,92182586.55000013
2025-08-01 11:01:05 AM,609.0,45,27405.0,92209991.55000013
2025-08-01 11:01:07 AM,609.0,89,54201.0,92264192.55000013
2025-08-01 11:01:08 AM,609.05,45,27407.249999999996,92291599.80000013
2025-08-01 11:01:10 AM,609.0,0,0.0,92291599.80000013
2025-08-01 11:01:10 AM,609.0,90,54810.0,92346409.80000013
2025-08-01 11:01:11 AM,609.0,44,26796.0,92373205.80000013
2025-08-01 11:01:12 AM,609.0,45,27405.0,92400610.80000013
2025-08-01 11:01:31 AM,609.0,10,6090.0,92406700.80000013
2025-08-01 11:01:48 AM,609.0,20,12180.0,92418880.80000013
2025-08-01 11:02:36 AM,609.0,3,1827.0,92420707.80000013
2025-08-01 11:03:10 AM,608.9,0,0.0,92420707.80000013
2025-08-01 11:03:11 AM,608.9,81,49320.9,92470028.70000014
2025-08-01 11:03:16 AM,608.9,1,608.9,92470637.60000014
2025-08-01 11:03:22 AM,608.75,0,0.0,92470637.60000014
2025-08-01 11:03:24 AM,608.75,87,52961.25,92523598.85000014
2025-08-01 11:03:34 AM,608.9,0,0.0,92523598.85000014
2025-08-01 11:03:34 AM,608.9,1,608.9,92524207.75000015
2025-08-01 11:03:48 AM,608.9,1,608.9,92524816.65000015
2025-08-01 11:04:19 AM,608.9,17,10351.3,92535167.95000015
2025-08-01 11:04:27 AM,608.9,4,2435.6,92537603.55000015
2025-08-01 11:04:29 AM,608.9,6,3653.3999999999996,92541256.95000015
2025-08-01 11:04:32 AM,608.9,103,62716.7,92603973.65000015
2025-08-01 11:04:34 AM,608.9,51,31053.899999999998,92635027.55000016
2025-08-01 11:04:43 AM,608.9,2,1217.8,92636245.35000016
2025-08-01 11:04:45 AM,608.9,5,3044.5,92639289.85000016
2025-08-01 11:04:48 AM,608.9,5,3044.5,92642334.35000016
2025-08-01 11:04:50 AM,608.9,1,608.9,92642943.25000016
2025-08-01 11:04:53 AM,608.9,3,1826.6999999999998,92644769.95000017
2025-08-01 11:04:58 AM,608.7,0,0.0,92644769.95000017
2025-08-01 11:04:59 AM,608.9,106,64543.399999999994,92709313.35000017
2025-08-01 11:05:00 AM,608.9,2,1217.8,92710531.15000017
2025-08-01 11:05:04 AM,608.9,2,1217.8,92711748.95000017
2025-08-01 11:05:06 AM,608.9,2,1217.8,92712966.75000016
2025-08-01 11:05:10 AM,608.7,52,31652.4,92744619.15000017
2025-08-01 11:05:10 AM,608.9,0,0.0,92744619.15000017
2025-08-01 11:05:11 AM,608.9,2,1217.8,92745836.95000017
2025-08-01 11:05:15 AM,608.9,4,2435.6,92748272.55000016
2025-08-01 11:05:16 AM,608.9,4,2435.6,92750708.15000015
2025-08-01 11:05:25 AM,608.9,2,1217.8,92751925.95000015
2025-08-01 11:05:42 AM,608.9,10,6089.0,92758014.95000015
2025-08-01 11:05:43 AM,608.9,1,608.9,92758623.85000016
2025-08-01 11:05:46 AM,608.85,0,0.0,92758623.85000016
2025-08-01 11:05:47 AM,608.85,5,3044.25,92761668.10000016
2025-08-01 11:05:48 AM,608.9,0,0.0,92761668.10000016
2025-08-01 11:05:48 AM,608.9,5,3044.5,92764712.60000016
2025-08-01 11:05:50 AM,608.85,0,0.0,92764712.60000016
2025-08-01 11:05:53 AM,608.85,8,4870.8,92769583.40000015
2025-08-01 11:05:54 AM,608.85,3,1826.5500000000002,92771409.95000015
2025-08-01 11:05:58 AM,608.85,2,1217.7,92772627.65000015
2025-08-01 11:05:59 AM,608.85,6,3653.1000000000004,92776280.75000015
2025-08-01 11:06:00 AM,608.85,30,18265.5,92794546.25000015
2025-08-01 11:06:01 AM,608.85,9,5479.650000000001,92800025.90000015
2025-08-01 11:06:02 AM,608.85,1,608.85,92800634.75000015
2025-08-01 11:06:03 AM,608.85,3,1826.5500000000002,92802461.30000015
2025-08-01 11:06:05 AM,608.8,0,0.0,92802461.30000015
2025-08-01 11:06:05 AM,608.8,1,608.8,92803070.10000014
2025-08-01 11:06:07 AM,608.8,1,608.8,92803678.90000014
2025-08-01 11:06:09 AM,608.8,2,1217.6,92804896.50000013
2025-08-01 11:06:10 AM,608.8,3,1826.3999999999999,92806722.90000014
2025-08-01 11:06:10 AM,608.85,0,0.0,92806722.90000014
2025-08-01 11:06:11 AM,608.85,112,68191.2,92874914.10000014
2025-08-01 11:06:11 AM,608.9,0,0.0,92874914.10000014
2025-08-01 11:06:12 AM,608.9,5,3044.5,92877958.60000014
2025-08-01 11:06:13 AM,608.9,1,608.9,92878567.50000015
2025-08-01 11:06:14 AM,608.9,3,1826.6999999999998,92880394.20000015
2025-08-01 11:06:15 AM,608.9,5,3044.5,92883438.70000015
2025-08-01 11:06:15 AM,608.9,1,608.9,92884047.60000016
2025-08-01 11:06:16 AM,608.9,1,608.9,92884656.50000016
2025-08-01 11:06:17 AM,608.9,3,1826.6999999999998,92886483.20000017
2025-08-01 11:06:17 AM,608.9,1,608.9,92887092.10000017
2025-08-01 11:06:18 AM,608.8,0,0.0,92887092.10000017
2025-08-01 11:06:18 AM,608.8,89,54183.2,92941275.30000018
2025-08-01 11:06:18 AM,608.85,1,608.85,92941884.15000017
2025-08-01 11:06:19 AM,608.9,1,608.9,92942493.05000018
2025-08-01 11:06:20 AM,608.9,3,1826.6999999999998,92944319.75000018
2025-08-01 11:06:21 AM,608.9,1,608.9,92944928.65000018
2025-08-01 11:06:21 AM,608.9,1,608.9,92945537.55000019
2025-08-01 11:06:23 AM,608.9,1,608.9,92946146.4500002
2025-08-01 11:06:23 AM,608.9,2,1217.8,92947364.2500002
2025-08-01 11:06:25 AM,608.9,2,1217.8,92948582.05000019
2025-08-01 11:06:26 AM,608.9,2,1217.8,92949799.85000019
2025-08-01 11:06:27 AM,608.9,5,3044.5,92952844.35000019
2025-08-01 11:06:28 AM,608.9,2,1217.8,92954062.15000018
2025-08-01 11:06:29 AM,608.9,5,3044.5,92957106.65000018
2025-08-01 11:06:29 AM,608.9,1,608.9,92957715.55000019
2025-08-01 11:06:30 AM,608.9,4,2435.6,92960151.15000018
2025-08-01 11:06:31 AM,608.9,2,1217.8,92961368.95000018
2025-08-01 11:06:32 AM,608.9,1,608.9,92961977.85000019
2025-08-01 11:06:32 AM,608.9,1,608.9,92962586.7500002
2025-08-01 11:06:33 AM,608.9,6,3653.3999999999996,92966240.1500002
2025-08-01 11:06:33 AM,608.9,1,608.9,92966849.0500002
2025-08-01 11:06:34 AM,608.9,3,1826.6999999999998,92968675.75000021
2025-08-01 11:06:35 AM,608.9,8,4871.2,92973546.95000021
2025-08-01 11:06:36 AM,608.9,4,2435.6,92975982.5500002
2025-08-01 11:06:37 AM,608.9,6,3653.3999999999996,92979635.95000021
2025-08-01 11:06:38 AM,608.95,5,3044.75,92982680.70000021
2025-08-01 11:06:39 AM,608.95,1,608.95,92983289.65000021
2025-08-01 11:06:39 AM,608.95,5,3044.75,92986334.40000021
2025-08-01 11:06:40 AM,608.95,1,608.95,92986943.35000022
2025-08-01 11:06:40 AM,608.95,8,4871.6,92991814.95000021
2025-08-01 11:06:41 AM,608.95,1,608.95,92992423.90000021
2025-08-01 11:06:42 AM,608.95,1,608.95,92993032.85000022
2025-08-01 11:06:42 AM,608.95,5,3044.75,92996077.60000022
2025-08-01 11:06:43 AM,608.95,3,1826.8500000000001,92997904.45000021
2025-08-01 11:06:44 AM,608.95,1,608.95,92998513.40000021
2025-08-01 11:06:44 AM,608.95,4,2435.8,93000949.20000021
2025-08-01 11:06:45 AM,608.95,3,1826.8500000000001,93002776.0500002
2025-08-01 11:06:45 AM,608.95,2,1217.9,93003993.95000021
2025-08-01 11:06:46 AM,608.95,3,1826.8500000000001,93005820.8000002
2025-08-01 11:06:48 AM,608.95,6,3653.7000000000003,93009474.50000021
2025-08-01 11:06:50 AM,608.95,5,3044.75,93012519.25000021
2025-08-01 11:06:51 AM,608.95,1,608.95,93013128.20000021
2025-08-01 11:06:52 AM,608.95,9,5480.55,93018608.75000021
2025-08-01 11:06:53 AM,608.95,4,2435.8,93021044.5500002
2025-08-01 11:06:54 AM,608.95,10,6089.5,93027134.0500002
2025-08-01 11:06:55 AM,608.95,1,608.95,93027743.00000021
2025-08-01 11:06:56 AM,608.95,6,3653.7000000000003,93031396.70000021
2025-08-01 11:06:57 AM,608.95,1,608.95,93032005.65000021
2025-08-01 11:07:19 AM,608.95,1,608.95,93032614.60000022
2025-08-01 11:07:28 AM,608.95,1,608.95,93033223.55000022
2025-08-01 11:07:40 AM,608.9,0,0.0,93033223.55000022
2025-08-01 11:07:40 AM,608.9,1,608.9,93033832.45000023
2025-08-01 11:07:55 AM,608.8,0,0.0,93033832.45000023
2025-08-01 11:07:55 AM,608.9,122,74285.8,93108118.25000022
2025-08-01 11:07:56 AM,608.9,1,608.9,93108727.15000023
2025-08-01 11:07:59 AM,608.9,11,6697.9,93115425.05000024
2025-08-01 11:08:14 AM,608.6,50,30430.0,93145855.05000024
2025-08-01 11:08:30 AM,608.55,0,0.0,93145855.05000024
2025-08-01 11:08:30 AM,608.55,46,27993.3,93173848.35000023
2025-08-01 11:08:49 AM,608.55,1,608.55,93174456.90000023
2025-08-01 11:08:50 AM,608.5,0,0.0,93174456.90000023
2025-08-01 11:08:50 AM,608.5,267,162469.5,93336926.40000023
2025-08-01 11:08:54 AM,608.45,0,0.0,93336926.40000023
2025-08-01 11:08:54 AM,608.45,1,608.45,93337534.85000023
2025-08-01 11:09:00 AM,608.2,20,12164.0,93349698.85000023
2025-08-01 11:09:06 AM,608.4,0,0.0,93349698.85000023
2025-08-01 11:09:07 AM,608.4,2,1216.8,93350915.65000023
2025-08-01 11:09:11 AM,608.15,1,608.15,93351523.80000024
2025-08-01 11:09:13 AM,608.15,9,5473.349999999999,93356997.15000023
2025-08-01 11:09:39 AM,608.25,0,0.0,93356997.15000023
2025-08-01 11:09:39 AM,608.25,1,608.25,93357605.40000023
2025-08-01 11:09:41 AM,608.3,9,5474.7,93363080.10000023
2025-08-01 11:09:44 AM,608.1,5,3040.5,93366120.60000023
2025-08-01 11:09:44 AM,608.05,0,0.0,93366120.60000023
2025-08-01 11:09:45 AM,608.05,62,37699.1,93403819.70000023
2025-08-01 11:09:45 AM,608.15,1,608.15,93404427.85000023
2025-08-01 11:09:56 AM,608.15,50,30407.5,93434835.35000023
2025-08-01 11:10:03 AM,607.9,0,0.0,93434835.35000023
2025-08-01 11:10:04 AM,607.9,626,380545.39999999997,93815380.75000024
2025-08-01 11:10:09 AM,607.8,0,0.0,93815380.75000024
2025-08-01 11:10:10 AM,607.75,11,6685.25,93822066.00000024
2025-08-01 11:10:13 AM,607.9,0,0.0,93822066.00000024
2025-08-01 11:10:15 AM,607.9,9,5471.099999999999,93827537.10000023
2025-08-01 11:10:25 AM,607.8,0,0.0,93827537.10000023
2025-08-01 11:10:26 AM,607.8,197,119736.59999999999,93947273.70000023
2025-08-01 11:10:27 AM,607.55,0,0.0,93947273.70000023
2025-08-01 11:10:27 AM,607.05,0,0.0,93947273.70000023
2025-08-01 11:10:31 AM,607.1,0,0.0,93947273.70000023
2025-08-01 11:10:31 AM,607.1,3437,2086602.7000000002,96033876.40000023
2025-08-01 11:10:42 AM,607.2,120,72864.0,96106740.40000023
2025-08-01 11:10:53 AM,607.55,41,24909.55,96131649.95000023
2025-08-01 11:11:01 AM,607.7,6,3646.2000000000003,96135296.15000023
2025-08-01 11:11:09 AM,607.55,0,0.0,96135296.15000023
2025-08-01 11:11:09 AM,607.55,102,61970.1,96197266.25000022
2025-08-01 11:11:10 AM,607.85,0,0.0,96197266.25000022
2025-08-01 11:11:10 AM,607.85,250,151962.5,96349228.75000022
2025-08-01 11:11:13 AM,607.9,0,0.0,96349228.75000022
2025-08-01 11:11:13 AM,607.9,3,1823.6999999999998,96351052.45000023
2025-08-01 11:11:25 AM,607.95,0,0.0,96351052.45000023
2025-08-01 11:11:25 AM,607.95,93,56539.350000000006,96407591.80000022
2025-08-01 11:11:26 AM,607.95,27,16414.65,96424006.45000023
2025-08-01 11:11:39 AM,608.0,0,0.0,96424006.45000023
2025-08-01 11:11:39 AM,608.0,20,12160.0,96436166.45000023
2025-08-01 11:11:51 AM,608.05,0,0.0,96436166.45000023
2025-08-01 11:11:51 AM,608.05,25,15201.249999999998,96451367.70000023
2025-08-01 11:12:07 AM,608.25,0,0.0,96451367.70000023
2025-08-01 11:12:09 AM,608.25,108,65691.0,96517058.70000023
2025-08-01 11:12:51 AM,608.25,35,21288.75,96538347.45000023
2025-08-01 11:12:52 AM,608.25,10,6082.5,96544429.95000023
2025-08-01 11:13:14 AM,608.0,317,192736.0,96737165.95000023
2025-08-01 11:13:17 AM,607.75,0,0.0,96737165.95000023
2025-08-01 11:13:18 AM,607.75,10,6077.5,96743243.45000023
2025-08-01 11:13:34 AM,607.4,81,49199.4,96792442.85000023
2025-08-01 11:13:44 AM,607.7,0,0.0,96792442.85000023
2025-08-01 11:13:45 AM,607.4,33,20044.2,96812487.05000024
2025-08-01 11:14:01 AM,607.4,25,15185.0,96827672.05000024
2025-08-01 11:14:14 AM,607.65,0,0.0,96827672.05000024
2025-08-01 11:14:14 AM,607.65,8,4861.2,96832533.25000024
2025-08-01 11:14:22 AM,607.4,0,0.0,96832533.25000024
2025-08-01 11:14:23 AM,607.7,39,23700.300000000003,96856233.55000024
2025-08-01 11:14:50 AM,607.9,0,0.0,96856233.55000024
2025-08-01 11:14:50 AM,607.9,86,52279.4,96908512.95000024
2025-08-01 11:15:58 AM,607.55,0,0.0,96908512.95000024
2025-08-01 11:15:58 AM,607.55,81,49211.549999999996,96957724.50000024
2025-08-01 11:16:08 AM,607.85,0,0.0,96957724.50000024
2025-08-01 11:16:09 AM,607.5,301,182857.5,97140582.00000024
2025-08-01 11:16:12 AM,607.85,0,0.0,97140582.00000024
2025-08-01 11:16:15 AM,607.85,26,15804.1,97156386.10000023
2025-08-01 11:16:41 AM,607.85,19,11549.15,97167935.25000024
2025-08-01 11:16:47 AM,607.8,25,15194.999999999998,97183130.25000024
2025-08-01 11:16:56 AM,607.85,0,0.0,97183130.25000024
2025-08-01 11:16:57 AM,607.85,166,100903.1,97284033.35000023
2025-08-01 11:17:20 AM,607.7,0,0.0,97284033.35000023
2025-08-01 11:17:20 AM,607.7,1,607.7,97284641.05000024
2025-08-01 11:17:26 AM,607.7,129,78393.3,97363034.35000023
2025-08-01 11:17:31 AM,607.7,1,607.7,97363642.05000024
2025-08-01 11:17:36 AM,607.9,0,0.0,97363642.05000024
2025-08-01 11:17:36 AM,607.9,483,293615.7,97657257.75000024
2025-08-01 11:18:12 AM,607.7,211,128224.70000000001,97785482.45000024
2025-08-01 11:18:16 AM,607.65,0,0.0,97785482.45000024
2025-08-01 11:18:17 AM,607.65,2,1215.3,97786697.75000024
2025-08-01 11:18:24 AM,607.5,0,0.0,97786697.75000024
2025-08-01 11:18:24 AM,607.5,701,425857.5,98212555.25000024
2025-08-01 11:18:28 AM,607.65,0,0.0,98212555.25000024
2025-08-01 11:18:28 AM,607.65,13,7899.45,98220454.70000024
2025-08-01 11:18:40 AM,607.65,3,1822.9499999999998,98222277.65000024
2025-08-01 11:19:03 AM,607.65,20,12153.0,98234430.65000024
2025-08-01 11:19:21 AM,607.7,0,0.0,98234430.65000024
2025-08-01 11:19:25 AM,607.5,0,0.0,98234430.65000024
2025-08-01 11:19:25 AM,607.5,67,40702.5,98275133.15000024
2025-08-01 11:19:37 AM,607.35,0,0.0,98275133.15000024
2025-08-01 11:19:41 AM,607.35,162,98390.7,98373523.85000025
2025-08-01 11:19:46 AM,607.7,0,0.0,98373523.85000025
2025-08-01 11:19:47 AM,607.7,50,30385.000000000004,98403908.85000025
2025-08-01 11:20:02 AM,607.45,0,0.0,98403908.85000025
2025-08-01 11:20:03 AM,607.45,15,9111.75,98413020.60000025
2025-08-01 11:20:24 AM,607.7,0,0.0,98413020.60000025
2025-08-01 11:20:24 AM,607.7,10,6077.0,98419097.60000025
2025-08-01 11:20:47 AM,607.45,0,0.0,98419097.60000025
2025-08-01 11:20:50 AM,607.45,159,96584.55,98515682.15000024
2025-08-01 11:20:55 AM,607.65,1,607.65,98516289.80000025
2025-08-01 11:21:11 AM,607.65,1,607.65,98516897.45000026
2025-08-01 11:21:22 AM,607.65,1,607.65,98517505.10000026
2025-08-01 11:21:43 AM,607.35,0,0.0,98517505.10000026
2025-08-01 11:21:43 AM,607.35,59,35833.65,98553338.75000027
2025-08-01 11:22:37 AM,607.4,0,0.0,98553338.75000027
2025-08-01 11:22:40 AM,607.4,15,9111.0,98562449.75000027
2025-08-01 11:22:56 AM,607.65,1,607.65,98563057.40000027
2025-08-01 11:22:59 AM,607.4,0,0.0,98563057.40000027
2025-08-01 11:23:01 AM,607.4,4,2429.6,98565487.00000027
2025-08-01 11:23:06 AM,607.4,59,35836.6,98601323.60000026
2025-08-01 11:23:33 AM,607.6,5,3038.0,98604361.60000026
2025-08-01 11:23:43 AM,607.6,2,1215.2,98605576.80000027
2025-08-01 11:23:45 AM,607.65,0,0.0,98605576.80000027
2025-08-01 11:23:48 AM,607.65,102,61980.299999999996,98667557.10000026
2025-08-01 11:23:52 AM,607.7,0,0.0,98667557.10000026
2025-08-01 11:23:53 AM,607.7,51,30992.7,98698549.80000027
2025-08-01 11:23:57 AM,607.65,0,0.0,98698549.80000027
2025-08-01 11:23:58 AM,607.65,1,607.65,98699157.45000027
2025-08-01 11:24:45 AM,607.35,50,30367.5,98729524.95000027
2025-08-01 11:24:52 AM,607.55,0,0.0,98729524.95000027
2025-08-01 11:24:56 AM,607.55,1,607.55,98730132.50000027
2025-08-01 11:24:58 AM,607.35,0,0.0,98730132.50000027
2025-08-01 11:25:01 AM,607.35,1,607.35,98730739.85000026
2025-08-01 11:25:08 AM,607.65,0,0.0,98730739.85000026
2025-08-01 11:25:12 AM,607.65,74,44966.1,98775705.95000026
2025-08-01 11:25:15 AM,607.7,0,0.0,98775705.95000026
2025-08-01 11:25:17 AM,607.65,6,3645.8999999999996,98779351.85000026
2025-08-01 11:25:37 AM,607.65,214,130037.09999999999,98909388.95000026
2025-08-01 11:25:53 AM,607.65,1,607.65,98909996.60000026
2025-08-01 11:26:04 AM,607.8,0,0.0,98909996.60000026
2025-08-01 11:26:04 AM,607.8,298,181124.4,99091121.00000027
2025-08-01 11:26:08 AM,607.8,706,429106.8,99520227.80000027
2025-08-01 11:26:43 AM,607.65,0,0.0,99520227.80000027
2025-08-01 11:26:44 AM,607.65,56,34028.4,99554256.20000027
2025-08-01 11:27:14 AM,607.65,56,34028.4,99588284.60000028
2025-08-01 11:27:25 AM,607.65,15,9114.75,99597399.35000028
2025-08-01 11:27:39 AM,607.7,0,0.0,99597399.35000028
2025-08-01 11:27:40 AM,607.7,30,18231.0,99615630.35000028
2025-08-01 11:27:45 AM,607.35,0,0.0,99615630.35000028
2025-08-01 11:27:45 AM,607.35,106,64379.100000000006,99680009.45000027
2025-08-01 11:27:52 AM,607.35,6,3644.1000000000004,99683653.55000027
2025-08-01 11:28:08 AM,607.65,1,607.65,99684261.20000027
2025-08-01 11:28:27 AM,607.65,300,182295.0,99866556.20000027
2025-08-01 11:28:56 AM,607.35,0,0.0,99866556.20000027
2025-08-01 11:28:57 AM,607.35,1,607.35,99867163.55000027
2025-08-01 11:29:15 AM,607.6,102,61975.200000000004,99929138.75000027
2025-08-01 11:29:31 AM,607.65,0,0.0,99929138.75000027
2025-08-01 11:29:31 AM,607.65,3,1822.9499999999998,99930961.70000027
2025-08-01 11:29:55 AM,607.7,10,6077.0,99937038.70000027
2025-08-01 11:30:26 AM,607.65,5,3038.25,99940076.95000027
2025-08-01 11:30:38 AM,607.65,3,1822.9499999999998,99941899.90000027
2025-08-01 11:30:58 AM,607.35,2,1214.7,99943114.60000028
2025-08-01 11:31:22 AM,607.65,0,0.0,99943114.60000028
2025-08-01 11:31:24 AM,607.65,5,3038.25,99946152.85000028
2025-08-01 11:32:03 AM,607.3,0,0.0,99946152.85000028
2025-08-01 11:32:05 AM,607.3,58,35223.399999999994,99981376.25000028
2025-08-01 11:32:10 AM,606.9,0,0.0,99981376.25000028
2025-08-01 11:32:10 AM,606.9,2462,1494187.8,101475564.05000028
2025-08-01 11:32:12 AM,607.1,25,15177.5,101490741.55000028
2025-08-01 11:32:13 AM,607.0,0,0.0,101490741.55000028
2025-08-01 11:32:14 AM,607.1,0,0.0,101490741.55000028
2025-08-01 11:32:15 AM,606.75,0,0.0,101490741.55000028
2025-08-01 11:32:16 AM,606.75,159,96473.25,101587214.80000028
2025-08-01 11:32:18 AM,606.9,8,4855.2,101592070.00000028
2025-08-01 11:32:18 AM,606.7,0,0.0,101592070.00000028
2025-08-01 11:32:21 AM,606.4,138,83683.2,101675753.20000029
2025-08-01 11:32:22 AM,606.8,0,0.0,101675753.20000029
2025-08-01 11:32:23 AM,606.8,15,9102.0,101684855.20000029
2025-08-01 11:32:24 AM,606.75,0,0.0,101684855.20000029
2025-08-01 11:32:26 AM,606.4,12,7276.799999999999,101692132.00000028
2025-08-01 11:32:27 AM,606.1,0,0.0,101692132.00000028
2025-08-01 11:32:28 AM,606.1,5,3030.5,101695162.50000028
2025-08-01 11:32:30 AM,606.15,0,0.0,101695162.50000028
2025-08-01 11:32:31 AM,606.1,0,0.0,101695162.50000028
2025-08-01 11:32:31 AM,606.1,3,1818.3000000000002,101696980.80000028
2025-08-01 11:32:33 AM,606.1,1,606.1,101697586.90000027
2025-08-01 11:32:34 AM,606.05,0,0.0,101697586.90000027
2025-08-01 11:32:36 AM,606.05,6,3636.2999999999997,101701223.20000027
2025-08-01 11:32:41 AM,606.4,0,0.0,101701223.20000027
2025-08-01 11:32:41 AM,606.4,151,91566.4,101792789.60000028
2025-08-01 11:32:43 AM,606.4,6,3638.3999999999996,101796428.00000028
2025-08-01 11:33:02 AM,606.3,1,606.3,101797034.30000028
2025-08-01 11:33:06 AM,606.4,0,0.0,101797034.30000028
2025-08-01 11:33:08 AM,606.4,20,12128.0,101809162.30000028
2025-08-01 11:33:11 AM,606.3,0,0.0,101809162.30000028
2025-08-01 11:33:13 AM,606.3,1,606.3,101809768.60000028
2025-08-01 11:33:19 AM,606.3,1,606.3,101810374.90000027
2025-08-01 11:33:51 AM,606.35,0,0.0,101810374.90000027
2025-08-01 11:33:54 AM,606.35,5,3031.75,101813406.65000027
2025-08-01 11:33:58 AM,606.3,0,0.0,101813406.65000027
2025-08-01 11:33:59 AM,606.3,26,15763.8,101829170.45000027
2025-08-01 11:34:01 AM,606.35,0,0.0,101829170.45000027
2025-08-01 11:34:03 AM,606.3,0,0.0,101829170.45000027
2025-08-01 11:34:04 AM,606.3,51,30921.3,101860091.75000027
2025-08-01 11:34:04 AM,606.3,13,7881.9,101867973.65000027
2025-08-01 11:34:08 AM,606.3,3,1818.8999999999999,101869792.55000028
2025-08-01 11:34:19 AM,606.3,66,40015.799999999996,101909808.35000028
2025-08-01 11:34:23 AM,606.05,0,0.0,101909808.35000028
2025-08-01 11:34:24 AM,606.35,6,3638.1000000000004,101913446.45000027
2025-08-01 11:34:33 AM,606.3,0,0.0,101913446.45000027
2025-08-01 11:34:34 AM,606.3,1,606.3,101914052.75000027
2025-08-01 11:34:35 AM,606.05,0,0.0,101914052.75000027
2025-08-01 11:34:40 AM,606.05,168,101816.4,102015869.15000027
2025-08-01 11:34:41 AM,606.0,0,0.0,102015869.15000027
2025-08-01 11:34:45 AM,606.0,656,397536.0,102413405.15000027
2025-08-01 11:34:45 AM,606.0,30,18180.0,102431585.15000027
2025-08-01 11:34:50 AM,606.0,29,17574.0,102449159.15000027
2025-08-01 11:34:55 AM,606.0,4,2424.0,102451583.15000027
2025-08-01 11:35:01 AM,606.2,50,30310.000000000004,102481893.15000027
2025-08-01 11:35:02 AM,606.0,0,0.0,102481893.15000027
2025-08-01 11:35:06 AM,606.0,19,11514.0,102493407.15000027
2025-08-01 11:35:11 AM,606.0,1,606.0,102494013.15000027
2025-08-01 11:35:29 AM,606.25,0,0.0,102494013.15000027
2025-08-01 11:35:30 AM,606.3,0,0.0,102494013.15000027
2025-08-01 11:35:32 AM,606.2,0,0.0,102494013.15000027
2025-08-01 11:35:33 AM,606.15,0,0.0,102494013.15000027
2025-08-01 11:35:33 AM,606.15,206,124866.9,102618880.05000028
2025-08-01 11:35:35 AM,606.2,0,0.0,102618880.05000028
2025-08-01 11:35:38 AM,606.2,4,2424.8,102621304.85000028
2025-08-01 11:35:54 AM,606.2,4,2424.8,102623729.65000027
2025-08-01 11:35:56 AM,606.15,0,0.0,102623729.65000027
2025-08-01 11:35:58 AM,606.15,280,169722.0,102793451.65000027
2025-08-01 11:35:59 AM,606.1,1,606.1,102794057.75000027
2025-08-01 11:36:01 AM,606.05,0,0.0,102794057.75000027
2025-08-01 11:36:03 AM,606.05,12,7272.599999999999,102801330.35000026
2025-08-01 11:36:09 AM,606.05,201,121816.04999999999,102923146.40000026
2025-08-01 11:36:14 AM,606.05,1,606.05,102923752.45000026
2025-08-01 11:36:14 AM,606.0,0,0.0,102923752.45000026
2025-08-01 11:36:14 AM,606.0,424,256944.0,103180696.45000026
2025-08-01 11:36:18 AM,606.05,0,0.0,103180696.45000026
2025-08-01 11:36:19 AM,606.05,12,7272.599999999999,103187969.05000025
2025-08-01 11:36:20 AM,605.85,0,0.0,103187969.05000025
2025-08-01 11:36:23 AM,605.95,0,0.0,103187969.05000025
2025-08-01 11:36:24 AM,605.95,226,136944.7,103324913.75000025
2025-08-01 11:36:26 AM,605.8,0,0.0,103324913.75000025
2025-08-01 11:36:29 AM,605.8,3,1817.3999999999999,103326731.15000026
2025-08-01 11:36:34 AM,605.8,1,605.8,103327336.95000026
2025-08-01 11:36:42 AM,605.65,0,0.0,103327336.95000026
2025-08-01 11:36:43 AM,606.05,0,0.0,103327336.95000026
2025-08-01 11:36:45 AM,606.05,516,312721.8,103640058.75000025
2025-08-01 11:36:47 AM,605.6,0,0.0,103640058.75000025
2025-08-01 11:36:50 AM,605.7,0,0.0,103640058.75000025
2025-08-01 11:36:51 AM,605.7,103,62387.100000000006,103702445.85000025
2025-08-01 11:36:52 AM,605.55,0,0.0,103702445.85000025
2025-08-01 11:36:56 AM,605.55,2,1211.1,103703656.95000024
2025-08-01 11:37:09 AM,605.75,0,0.0,103703656.95000024
2025-08-01 11:37:11 AM,605.75,1,605.75,103704262.70000024
2025-08-01 11:37:16 AM,605.6,0,0.0,103704262.70000024
2025-08-01 11:37:17 AM,605.6,3,1816.8000000000002,103706079.50000024
2025-08-01 11:37:25 AM,605.55,0,0.0,103706079.50000024
2025-08-01 11:37:27 AM,605.55,168,101732.4,103807811.90000024
2025-08-01 11:37:33 AM,605.55,6,3633.2999999999997,103811445.20000024
2025-08-01 11:37:53 AM,605.9,3,1817.6999999999998,103813262.90000024
2025-08-01 11:37:55 AM,606.1,0,0.0,103813262.90000024
2025-08-01 11:37:58 AM,606.1,261,158192.1,103971455.00000024
2025-08-01 11:38:00 AM,606.0,0,0.0,103971455.00000024
2025-08-01 11:38:01 AM,606.0,1,606.0,103972061.00000024
2025-08-01 11:38:01 AM,606.0,1,606.0,103972667.00000024
2025-08-01 11:38:54 AM,605.65,0,0.0,103972667.00000024
2025-08-01 11:38:54 AM,605.65,4,2422.6,103975089.60000023
2025-08-01 11:38:55 AM,605.9,0,0.0,103975089.60000023
2025-08-01 11:38:55 AM,605.9,101,61195.899999999994,104036285.50000024
2025-08-01 11:39:13 AM,605.8,0,0.0,104036285.50000024
2025-08-01 11:39:14 AM,605.8,3,1817.3999999999999,104038102.90000024
2025-08-01 11:39:18 AM,605.65,0,0.0,104038102.90000024
2025-08-01 11:39:18 AM,605.65,89,53902.85,104092005.75000024
2025-08-01 11:39:34 AM,605.65,107,64804.549999999996,104156810.30000024
2025-08-01 11:39:38 AM,605.55,0,0.0,104156810.30000024
2025-08-01 11:39:40 AM,605.55,1,605.55,104157415.85000023
2025-08-01 11:39:56 AM,605.65,0,0.0,104157415.85000023
2025-08-01 11:39:56 AM,605.65,12,7267.799999999999,104164683.65000023
2025-08-01 11:39:58 AM,605.15,0,0.0,104164683.65000023
2025-08-01 11:40:00 AM,605.15,925,559763.75,104724447.40000023
2025-08-01 11:40:02 AM,605.0,620,375100.0,105099547.40000023
2025-08-01 11:40:05 AM,605.0,36,21780.0,105121327.40000023
2025-08-01 11:40:07 AM,605.05,0,0.0,105121327.40000023
2025-08-01 11:40:07 AM,605.15,0,0.0,105121327.40000023
2025-08-01 11:40:07 AM,605.15,3,1815.4499999999998,105123142.85000023
2025-08-01 11:40:08 AM,605.0,0,0.0,105123142.85000023
2025-08-01 11:40:09 AM,605.0,100,60500.0,105183642.85000023
2025-08-01 11:40:10 AM,605.0,2,1210.0,105184852.85000023
2025-08-01 11:40:11 AM,605.0,52,31460.0,105216312.85000023
2025-08-01 11:40:12 AM,605.35,25,15133.75,105231446.60000023
2025-08-01 11:40:15 AM,605.35,50,30267.5,105261714.10000023
2025-08-01 11:40:38 AM,605.45,240,145308.0,105407022.10000023
2025-08-01 11:40:39 AM,605.2,2,1210.4,105408232.50000024
2025-08-01 11:40:54 AM,605.45,1,605.45,105408837.95000024
2025-08-01 11:40:59 AM,605.45,1,605.45,105409443.40000024
2025-08-01 11:41:10 AM,605.55,25,15138.749999999998,105424582.15000024
2025-08-01 11:41:20 AM,605.45,40,24218.0,105448800.15000024
2025-08-01 11:41:33 AM,605.4,0,0.0,105448800.15000024
2025-08-01 11:41:33 AM,605.4,15,9081.0,105457881.15000024
2025-08-01 11:41:39 AM,605.25,1,605.25,105458486.40000024
2025-08-01 11:41:43 AM,605.25,2,1210.5,105459696.90000024
2025-08-01 11:41:47 AM,604.95,0,0.0,105459696.90000024
2025-08-01 11:41:47 AM,604.95,1000,604950.0,106064646.90000024
2025-08-01 11:41:55 AM,604.95,1,604.95,106065251.85000025
2025-08-01 11:41:58 AM,605.25,26,15736.5,106080988.35000025
2025-08-01 11:41:59 AM,605.25,74,44788.5,106125776.85000025
2025-08-01 11:42:10 AM,604.95,0,0.0,106125776.85000025
2025-08-01 11:42:10 AM,604.95,2,1209.9,106126986.75000025
2025-08-01 11:42:21 AM,605.05,70,42353.5,106169340.25000025
2025-08-01 11:42:36 AM,605.05,20,12101.0,106181441.25000025
2025-08-01 11:42:44 AM,605.3,0,0.0,106181441.25000025
2025-08-01 11:42:44 AM,605.3,43,26027.899999999998,106207469.15000026
2025-08-01 11:42:51 AM,605.0,150,90750.0,106298219.15000026
2025-08-01 11:42:55 AM,605.35,20,12107.0,106310326.15000026
2025-08-01 11:43:19 AM,605.05,10,6050.5,106316376.65000026
2025-08-01 11:43:21 AM,605.35,11,6658.85,106323035.50000025
2025-08-01 11:43:22 AM,605.35,1,605.35,106323640.85000025
2025-08-01 11:43:35 AM,605.35,1,605.35,106324246.20000024
2025-08-01 11:43:37 AM,605.35,10,6053.5,106330299.70000024
2025-08-01 11:43:40 AM,605.35,84,50849.4,106381149.10000025
2025-08-01 11:44:00 AM,605.35,16,9685.6,106390834.70000024
2025-08-01 11:44:08 AM,604.95,0,0.0,106390834.70000024
2025-08-01 11:44:08 AM,604.95,151,91347.45000000001,106482182.15000024
2025-08-01 11:44:13 AM,604.8,0,0.0,106482182.15000024
2025-08-01 11:44:13 AM,604.8,50,30239.999999999996,106512422.15000024
2025-08-01 11:44:22 AM,605.05,196,118589.79999999999,106631011.95000024
2025-08-01 11:44:24 AM,604.8,2,1209.6,106632221.55000024
2025-08-01 11:44:41 AM,604.9,0,0.0,106632221.55000024
2025-08-01 11:44:42 AM,604.9,1,604.9,106632826.45000024
2025-08-01 11:44:43 AM,605.05,0,0.0,106632826.45000024
2025-08-01 11:44:43 AM,605.05,16,9680.8,106642507.25000024
2025-08-01 11:44:55 AM,604.7,0,0.0,106642507.25000024
2025-08-01 11:44:55 AM,604.7,28,16931.600000000002,106659438.85000023
2025-08-01 11:45:11 AM,604.95,0,0.0,106659438.85000023
2025-08-01 11:45:16 AM,604.95,1,604.95,106660043.80000024
2025-08-01 11:45:21 AM,604.65,0,0.0,106660043.80000024
2025-08-01 11:45:21 AM,604.65,100,60465.0,106720508.80000024
2025-08-01 11:45:24 AM,604.6,0,0.0,106720508.80000024
2025-08-01 11:45:26 AM,604.65,0,0.0,106720508.80000024
2025-08-01 11:45:27 AM,604.65,58,35069.7,106755578.50000024
2025-08-01 11:45:44 AM,604.95,0,0.0,106755578.50000024
2025-08-01 11:45:48 AM,604.95,3,1814.8500000000001,106757393.35000023
2025-08-01 11:45:58 AM,604.9,0,0.0,106757393.35000023
2025-08-01 11:45:59 AM,604.9,1,604.9,106757998.25000024
2025-08-01 11:46:06 AM,604.75,0,0.0,106757998.25000024
2025-08-01 11:46:10 AM,604.75,48,29028.0,106787026.25000024
2025-08-01 11:46:15 AM,604.75,1,604.75,106787631.00000024
2025-08-01 11:46:25 AM,604.75,1,604.75,106788235.75000024
2025-08-01 11:46:30 AM,604.75,21,12699.75,106800935.50000024
2025-08-01 11:46:38 AM,604.85,0,0.0,106800935.50000024
2025-08-01 11:46:41 AM,604.85,4,2419.4,106803354.90000024
2025-08-01 11:46:43 AM,604.75,0,0.0,106803354.90000024
2025-08-01 11:46:47 AM,604.75,2,1209.5,106804564.40000024
2025-08-01 11:46:49 AM,604.9,0,0.0,106804564.40000024
2025-08-01 11:46:52 AM,604.9,34,20566.6,106825131.00000024
2025-08-01 11:47:07 AM,605.05,700,423534.99999999994,107248666.00000024
2025-08-01 11:47:09 AM,604.85,3,1814.5500000000002,107250480.55000024
2025-08-01 11:47:27 AM,604.8,16,9676.8,107260157.35000023
2025-08-01 11:47:33 AM,604.8,6,3628.7999999999997,107263786.15000023
2025-08-01 11:47:48 AM,604.65,0,0.0,107263786.15000023
2025-08-01 11:47:49 AM,604.65,288,174139.19999999998,107437925.35000023
2025-08-01 11:47:50 AM,604.65,2,1209.3,107439134.65000023
2025-08-01 11:47:54 AM,604.6,4,2418.4,107441553.05000024
2025-08-01 11:47:57 AM,604.6,57,34462.200000000004,107476015.25000024
2025-08-01 11:47:59 AM,604.55,0,0.0,107476015.25000024
2025-08-01 11:48:00 AM,604.55,139,84032.45,107560047.70000024
2025-08-01 11:48:02 AM,604.55,34,20554.699999999997,107580602.40000024
2025-08-01 11:48:03 AM,604.55,2,1209.1,107581811.50000024
2025-08-01 11:48:06 AM,604.5,0,0.0,107581811.50000024
2025-08-01 11:48:06 AM,604.55,0,0.0,107581811.50000024
2025-08-01 11:48:06 AM,604.55,248,149928.4,107731739.90000024
2025-08-01 11:48:10 AM,604.55,80,48364.0,107780103.90000024
2025-08-01 11:48:11 AM,604.4,0,0.0,107780103.90000024
2025-08-01 11:48:11 AM,604.4,2,1208.8,107781312.70000024
2025-08-01 11:48:24 AM,604.4,7,4230.8,107785543.50000024
2025-08-01 11:48:30 AM,604.4,5,3022.0,107788565.50000024
2025-08-01 11:48:35 AM,604.5,5,3022.5,107791588.00000024
2025-08-01 11:48:39 AM,604.5,4,2418.0,107794006.00000024
2025-08-01 11:48:41 AM,604.5,1,604.5,107794610.50000024
2025-08-01 11:49:00 AM,604.5,3,1813.5,107796424.00000024
2025-08-01 11:49:04 AM,604.4,58,35055.2,107831479.20000024
