date,price,qty,trnvr,cum_trnvr
2025-08-01 09:15:00 AM,448.0,840,376320.0,376320.0
2025-08-01 09:15:00 AM,449.2,0,0.0,376320.0
2025-08-01 09:15:01 AM,449.35,215,96610.25,472930.25
2025-08-01 09:15:09 AM,449.25,0,0.0,472930.25
2025-08-01 09:15:11 AM,449.25,113,50765.25,523695.5
2025-08-01 09:15:19 AM,449.15,0,0.0,523695.5
2025-08-01 09:15:20 AM,450.2,0,0.0,523695.5
2025-08-01 09:15:22 AM,450.2,42,18908.399999999998,542603.9
2025-08-01 09:15:29 AM,450.95,0,0.0,542603.9
2025-08-01 09:15:30 AM,450.95,15,6764.25,549368.15
2025-08-01 09:15:33 AM,449.8,0,0.0,549368.15
2025-08-01 09:15:38 AM,450.95,0,0.0,549368.15
2025-08-01 09:15:39 AM,450.95,117,52761.15,602129.3
2025-08-01 09:15:46 AM,451.8,0,0.0,602129.3
2025-08-01 09:15:47 AM,451.8,428,193370.4,795499.7000000001
2025-08-01 09:15:49 AM,451.0,3,1353.0,796852.7000000001
2025-08-01 09:15:51 AM,451.95,0,0.0,796852.7000000001
2025-08-01 09:15:54 AM,451.7,0,0.0,796852.7000000001
2025-08-01 09:15:55 AM,451.7,33,14906.1,811758.8
2025-08-01 09:16:00 AM,451.85,0,0.0,811758.8
2025-08-01 09:16:02 AM,449.0,0,0.0,811758.8
2025-08-01 09:16:04 AM,449.0,1218,546882.0,1358640.8
2025-08-01 09:16:12 AM,449.0,6,2694.0,1361334.8
2025-08-01 09:16:14 AM,446.75,0,0.0,1361334.8
2025-08-01 09:16:20 AM,447.05,1170,523048.5,1884383.3
2025-08-01 09:16:21 AM,446.05,74,33007.700000000004,1917391.0
2025-08-01 09:16:28 AM,446.55,9,4018.9500000000003,1921409.95
2025-08-01 09:16:38 AM,446.3,5,2231.5,1923641.45
2025-08-01 09:16:44 AM,446.1,0,0.0,1923641.45
2025-08-01 09:16:45 AM,446.1,188,83866.8,2007508.25
2025-08-01 09:16:53 AM,446.1,6,2676.6000000000004,2010184.85
2025-08-01 09:16:54 AM,446.1,20,8922.0,2019106.85
2025-08-01 09:17:01 AM,446.2,15,6693.0,2025799.85
2025-08-01 09:17:09 AM,445.65,61,27184.649999999998,2052984.5
2025-08-01 09:17:18 AM,446.05,5,2230.25,2055214.75
2025-08-01 09:17:19 AM,446.3,108,48200.4,2103415.15
2025-08-01 09:17:29 AM,446.7,0,0.0,2103415.15
2025-08-01 09:17:34 AM,446.7,105,46903.5,2150318.65
2025-08-01 09:17:37 AM,446.1,0,0.0,2150318.65
2025-08-01 09:17:43 AM,446.35,573,255758.55000000002,2406077.1999999997
2025-08-01 09:17:46 AM,445.5,0,0.0,2406077.1999999997
2025-08-01 09:17:51 AM,446.05,258,115080.90000000001,2521158.0999999996
2025-08-01 09:17:59 AM,446.15,50,22307.5,2543465.5999999996
2025-08-01 09:18:03 AM,445.55,0,0.0,2543465.5999999996
2025-08-01 09:18:07 AM,445.55,32,14257.6,2557723.1999999997
2025-08-01 09:18:09 AM,446.1,10,4461.0,2562184.1999999997
2025-08-01 09:18:13 AM,445.5,0,0.0,2562184.1999999997
2025-08-01 09:18:16 AM,446.35,443,197733.05000000002,2759917.2499999995
2025-08-01 09:18:19 AM,446.25,0,0.0,2759917.2499999995
2025-08-01 09:18:21 AM,446.7,0,0.0,2759917.2499999995
2025-08-01 09:18:24 AM,446.7,190,84873.0,2844790.2499999995
2025-08-01 09:18:25 AM,446.45,50,22322.5,2867112.7499999995
2025-08-01 09:18:27 AM,445.8,0,0.0,2867112.7499999995
2025-08-01 09:18:29 AM,446.35,0,0.0,2867112.7499999995
2025-08-01 09:18:32 AM,446.35,444,198179.40000000002,3065292.1499999994
2025-08-01 09:18:35 AM,446.7,0,0.0,3065292.1499999994
2025-08-01 09:18:40 AM,446.6,535,238931.0,3304223.1499999994
2025-08-01 09:19:01 AM,445.35,0,0.0,3304223.1499999994
2025-08-01 09:19:05 AM,445.35,740,329559.0,3633782.1499999994
2025-08-01 09:19:07 AM,445.5,0,0.0,3633782.1499999994
2025-08-01 09:19:13 AM,445.5,161,71725.5,3705507.6499999994
2025-08-01 09:19:32 AM,445.9,0,0.0,3705507.6499999994
2025-08-01 09:19:37 AM,445.35,41,18259.350000000002,3723766.9999999995
2025-08-01 09:19:45 AM,445.9,59,26308.1,3750075.0999999996
2025-08-01 09:20:01 AM,445.85,15,6687.75,3756762.8499999996
2025-08-01 09:20:08 AM,445.35,0,0.0,3756762.8499999996
2025-08-01 09:20:09 AM,445.35,200,89070.0,3845832.8499999996
2025-08-01 09:20:15 AM,445.75,0,0.0,3845832.8499999996
2025-08-01 09:20:17 AM,445.75,1,445.75,3846278.5999999996
2025-08-01 09:20:22 AM,445.4,0,0.0,3846278.5999999996
2025-08-01 09:20:25 AM,445.4,690,307326.0,4153604.5999999996
2025-08-01 09:20:33 AM,445.1,14,6231.400000000001,4159835.9999999995
2025-08-01 09:20:50 AM,445.7,10,4457.0,4164292.9999999995
2025-08-01 09:21:01 AM,445.65,0,0.0,4164292.9999999995
2025-08-01 09:21:04 AM,445.65,5,2228.25,4166521.2499999995
2025-08-01 09:21:05 AM,445.65,15,6684.75,4173205.9999999995
2025-08-01 09:21:12 AM,445.9,458,204222.19999999998,4377428.199999999
2025-08-01 09:21:24 AM,446.4,0,0.0,4377428.199999999
2025-08-01 09:21:27 AM,446.4,34,15177.599999999999,4392605.799999999
2025-08-01 09:21:35 AM,446.95,2,893.9,4393499.699999999
2025-08-01 09:21:44 AM,447.45,0,0.0,4393499.699999999
2025-08-01 09:21:50 AM,447.45,200,89490.0,4482989.699999999
2025-08-01 09:21:57 AM,447.2,0,0.0,4482989.699999999
2025-08-01 09:21:58 AM,447.2,10,4472.0,4487461.699999999
2025-08-01 09:22:01 AM,446.7,0,0.0,4487461.699999999
2025-08-01 09:22:04 AM,447.2,0,0.0,4487461.699999999
2025-08-01 09:22:05 AM,447.2,76,33987.2,4521448.899999999
2025-08-01 09:22:08 AM,447.6,0,0.0,4521448.899999999
2025-08-01 09:22:11 AM,447.5,0,0.0,4521448.899999999
2025-08-01 09:22:13 AM,447.7,353,158038.1,4679486.999999999
2025-08-01 09:22:18 AM,447.4,0,0.0,4679486.999999999
2025-08-01 09:22:21 AM,447.65,430,192489.5,4871976.499999999
2025-08-01 09:22:25 AM,446.7,0,0.0,4871976.499999999
2025-08-01 09:22:28 AM,447.05,197,88068.85,4960045.349999999
2025-08-01 09:22:32 AM,446.9,0,0.0,4960045.349999999
2025-08-01 09:22:36 AM,446.9,10,4469.0,4964514.349999999
2025-08-01 09:22:50 AM,447.0,0,0.0,4964514.349999999
2025-08-01 09:22:51 AM,447.0,95,42465.0,5006979.349999999
2025-08-01 09:22:56 AM,446.9,0,0.0,5006979.349999999
2025-08-01 09:22:58 AM,447.0,0,0.0,5006979.349999999
2025-08-01 09:22:59 AM,447.0,150,67050.0,5074029.349999999
2025-08-01 09:23:00 AM,447.0,5,2235.0,5076264.349999999
2025-08-01 09:23:03 AM,446.5,0,0.0,5076264.349999999
2025-08-01 09:23:06 AM,446.5,213,95104.5,5171368.849999999
2025-08-01 09:23:08 AM,446.4,10,4464.0,5175832.849999999
2025-08-01 09:23:22 AM,446.55,223,99580.65000000001,5275413.499999999
2025-08-01 09:23:30 AM,447.0,109,48723.0,5324136.499999999
2025-08-01 09:23:37 AM,446.9,405,180994.5,5505130.999999999
2025-08-01 09:23:44 AM,446.05,0,0.0,5505130.999999999
2025-08-01 09:23:44 AM,446.05,121,53972.05,5559103.049999999
2025-08-01 09:23:46 AM,446.45,32,14286.4,5573389.449999999
2025-08-01 09:23:52 AM,446.45,89,39734.049999999996,5613123.499999999
2025-08-01 09:23:54 AM,446.65,21,9379.65,5622503.149999999
2025-08-01 09:23:56 AM,447.5,0,0.0,5622503.149999999
2025-08-01 09:24:00 AM,447.5,14,6265.0,5628768.149999999
2025-08-01 09:24:08 AM,447.7,360,161172.0,5789940.149999999
2025-08-01 09:24:17 AM,447.5,0,0.0,5789940.149999999
2025-08-01 09:24:22 AM,447.55,0,0.0,5789940.149999999
2025-08-01 09:24:23 AM,447.55,13,5818.150000000001,5795758.3
2025-08-01 09:24:38 AM,447.55,514,230040.7,6025799.0
2025-08-01 09:25:00 AM,447.55,10,4475.5,6030274.5
2025-08-01 09:25:01 AM,447.1,0,0.0,6030274.5
2025-08-01 09:25:02 AM,447.1,36,16095.6,6046370.1
2025-08-01 09:25:07 AM,447.6,0,0.0,6046370.1
2025-08-01 09:25:08 AM,447.6,25,11190.0,6057560.1
2025-08-01 09:25:08 AM,447.8,0,0.0,6057560.1
2025-08-01 09:25:10 AM,447.8,90,40302.0,6097862.1
2025-08-01 09:25:14 AM,448.2,0,0.0,6097862.1
2025-08-01 09:25:15 AM,448.2,194,86950.8,6184812.899999999
2025-08-01 09:25:15 AM,448.9,0,0.0,6184812.899999999
2025-08-01 09:25:18 AM,449.2,47,21112.399999999998,6205925.3
2025-08-01 09:25:20 AM,449.5,0,0.0,6205925.3
2025-08-01 09:25:23 AM,449.5,13,5843.5,6211768.8
2025-08-01 09:25:26 AM,449.65,0,0.0,6211768.8
2025-08-01 09:25:27 AM,448.6,0,0.0,6211768.8
2025-08-01 09:25:30 AM,448.95,300,134685.0,6346453.8
2025-08-01 09:25:38 AM,449.0,12,5388.0,6351841.8
2025-08-01 09:25:49 AM,448.8,0,0.0,6351841.8
2025-08-01 09:25:53 AM,449.0,213,95637.0,6447478.8
2025-08-01 09:26:00 AM,449.5,19,8540.5,6456019.3
2025-08-01 09:26:02 AM,449.05,37,16614.850000000002,6472634.149999999
2025-08-01 09:26:08 AM,449.5,52,23374.0,6496008.149999999
2025-08-01 09:26:10 AM,449.05,55,24697.75,6520705.899999999
2025-08-01 09:26:16 AM,449.05,45,20207.25,6540913.149999999
2025-08-01 09:26:18 AM,448.7,11,4935.7,6545848.85
2025-08-01 09:26:21 AM,449.05,0,0.0,6545848.85
2025-08-01 09:26:24 AM,449.05,1,449.05,6546297.899999999
2025-08-01 09:26:27 AM,449.15,0,0.0,6546297.899999999
2025-08-01 09:26:30 AM,449.65,0,0.0,6546297.899999999
2025-08-01 09:26:31 AM,449.65,254,114211.09999999999,6660508.999999999
2025-08-01 09:26:39 AM,449.65,6,2697.8999999999996,6663206.899999999
2025-08-01 09:26:42 AM,450.0,0,0.0,6663206.899999999
2025-08-01 09:26:44 AM,450.4,0,0.0,6663206.899999999
2025-08-01 09:26:46 AM,450.4,155,69812.0,6733018.899999999
2025-08-01 09:26:51 AM,450.1,0,0.0,6733018.899999999
2025-08-01 09:26:54 AM,450.1,9,4050.9,6737069.8
2025-08-01 09:26:58 AM,450.55,0,0.0,6737069.8
2025-08-01 09:27:01 AM,450.55,3,1351.65,6738421.45
2025-08-01 09:27:03 AM,450.45,100,45045.0,6783466.45
2025-08-01 09:27:09 AM,450.45,10,4504.5,6787970.95
2025-08-01 09:27:15 AM,450.1,0,0.0,6787970.95
2025-08-01 09:27:16 AM,450.1,12,5401.200000000001,6793372.15
2025-08-01 09:27:24 AM,449.65,188,84534.2,6877906.350000001
2025-08-01 09:27:25 AM,450.05,40,18002.0,6895908.350000001
2025-08-01 09:27:25 AM,449.85,0,0.0,6895908.350000001
2025-08-01 09:27:31 AM,449.85,21,9446.85,6905355.2
2025-08-01 09:27:32 AM,450.1,10,4501.0,6909856.2
2025-08-01 09:27:39 AM,449.85,21,9446.85,6919303.05
2025-08-01 09:27:56 AM,450.45,0,0.0,6919303.05
2025-08-01 09:28:02 AM,450.45,500,225225.0,7144528.05
2025-08-01 09:28:20 AM,449.9,0,0.0,7144528.05
2025-08-01 09:28:25 AM,449.9,20,8998.0,7153526.05
2025-08-01 09:28:32 AM,449.9,33,14846.699999999999,7168372.75
2025-08-01 09:28:40 AM,449.9,10,4499.0,7172871.75
2025-08-01 09:28:46 AM,449.95,0,0.0,7172871.75
2025-08-01 09:28:48 AM,449.95,30,13498.5,7186370.25
2025-08-01 09:28:52 AM,449.9,0,0.0,7186370.25
2025-08-01 09:28:55 AM,449.95,11,4949.45,7191319.7
2025-08-01 09:29:04 AM,449.8,0,0.0,7191319.7
2025-08-01 09:29:04 AM,449.8,41,18441.8,7209761.5
2025-08-01 09:29:11 AM,449.8,6,2698.8,7212460.3
2025-08-01 09:29:16 AM,449.45,0,0.0,7212460.3
2025-08-01 09:29:18 AM,449.45,53,23820.85,7236281.149999999
2025-08-01 09:29:20 AM,449.0,0,0.0,7236281.149999999
2025-08-01 09:29:25 AM,449.35,0,0.0,7236281.149999999
2025-08-01 09:29:26 AM,449.35,512,230067.2,7466348.35
2025-08-01 09:29:40 AM,448.45,0,0.0,7466348.35
2025-08-01 09:29:41 AM,448.45,282,126462.9,7592811.25
2025-08-01 09:29:55 AM,448.35,26,11657.1,7604468.35
2025-08-01 09:29:56 AM,448.4,0,0.0,7604468.35
2025-08-01 09:29:56 AM,448.4,34,15245.599999999999,7619713.949999999
2025-08-01 09:30:30 AM,448.25,0,0.0,7619713.949999999
2025-08-01 09:30:33 AM,448.25,109,48859.25,7668573.199999999
2025-08-01 09:30:41 AM,448.25,20,8965.0,7677538.199999999
2025-08-01 09:30:46 AM,448.4,0,0.0,7677538.199999999
2025-08-01 09:30:48 AM,448.45,7,3139.15,7680677.35
2025-08-01 09:30:48 AM,448.4,23,10313.199999999999,7690990.55
2025-08-01 09:31:06 AM,448.65,0,0.0,7690990.55
2025-08-01 09:31:08 AM,448.7,0,0.0,7690990.55
2025-08-01 09:31:10 AM,448.7,88,39485.6,7730476.149999999
2025-08-01 09:31:11 AM,448.7,5,2243.5,7732719.649999999
2025-08-01 09:31:14 AM,448.25,0,0.0,7732719.649999999
2025-08-01 09:31:17 AM,448.4,158,70847.2,7803566.85
2025-08-01 09:31:36 AM,448.55,0,0.0,7803566.85
2025-08-01 09:31:37 AM,448.75,0,0.0,7803566.85
2025-08-01 09:31:39 AM,448.75,19,8526.25,7812093.1
2025-08-01 09:31:42 AM,448.8,0,0.0,7812093.1
2025-08-01 09:31:46 AM,448.3,32,14345.6,7826438.699999999
2025-08-01 09:31:53 AM,448.8,12,5385.6,7831824.299999999
2025-08-01 09:32:00 AM,448.8,5,2244.0,7834068.299999999
2025-08-01 09:32:07 AM,448.8,12,5385.6,7839453.8999999985
2025-08-01 09:32:28 AM,449.15,0,0.0,7839453.8999999985
2025-08-01 09:32:28 AM,449.15,76,34135.4,7873589.299999999
2025-08-01 09:32:46 AM,449.25,0,0.0,7873589.299999999
2025-08-01 09:32:49 AM,449.25,26,11680.5,7885269.799999999
2025-08-01 09:33:02 AM,449.15,25,11228.75,7896498.549999999
2025-08-01 09:33:16 AM,449.15,10,4491.5,7900990.049999999
2025-08-01 09:33:19 AM,449.35,0,0.0,7900990.049999999
2025-08-01 09:33:23 AM,449.35,75,33701.25,7934691.299999999
2025-08-01 09:33:24 AM,449.65,0,0.0,7934691.299999999
2025-08-01 09:33:30 AM,449.65,170,76440.5,8011131.799999999
2025-08-01 09:33:34 AM,450.0,0,0.0,8011131.799999999
2025-08-01 09:33:37 AM,450.0,749,337050.0,8348181.799999999
2025-08-01 09:33:40 AM,450.4,0,0.0,8348181.799999999
2025-08-01 09:33:44 AM,450.4,27,12160.8,8360342.599999999
2025-08-01 09:33:48 AM,450.15,0,0.0,8360342.599999999
2025-08-01 09:33:51 AM,450.15,120,54018.0,8414360.599999998
2025-08-01 09:33:58 AM,449.85,200,89970.0,8504330.599999998
2025-08-01 09:34:00 AM,450.45,0,0.0,8504330.599999998
2025-08-01 09:34:04 AM,450.5,0,0.0,8504330.599999998
2025-08-01 09:34:05 AM,450.5,54,24327.0,8528657.599999998
2025-08-01 09:34:05 AM,450.5,31,13965.5,8542623.099999998
2025-08-01 09:34:12 AM,450.5,6,2703.0,8545326.099999998
2025-08-01 09:34:19 AM,451.0,150,67650.0,8612976.099999998
2025-08-01 09:34:26 AM,450.95,1,450.95,8613427.049999997
2025-08-01 09:34:29 AM,450.5,0,0.0,8613427.049999997
2025-08-01 09:34:32 AM,451.0,0,0.0,8613427.049999997
2025-08-01 09:34:33 AM,451.0,589,265639.0,8879066.049999997
2025-08-01 09:34:39 AM,451.5,0,0.0,8879066.049999997
2025-08-01 09:34:40 AM,451.5,111,50116.5,8929182.549999997
2025-08-01 09:34:44 AM,451.2,0,0.0,8929182.549999997
2025-08-01 09:34:47 AM,451.2,5,2256.0,8931438.549999997
2025-08-01 09:34:49 AM,451.6,0,0.0,8931438.549999997
2025-08-01 09:34:54 AM,451.6,56,25289.600000000002,8956728.149999997
2025-08-01 09:35:01 AM,451.6,6,2709.6000000000004,8959437.749999996
2025-08-01 09:35:08 AM,451.65,10,4516.5,8963954.249999996
2025-08-01 09:35:22 AM,451.6,102,46063.200000000004,9010017.449999996
2025-08-01 09:35:24 AM,451.45,0,0.0,9010017.449999996
2025-08-01 09:35:29 AM,451.5,236,106554.0,9116571.449999996
2025-08-01 09:35:34 AM,451.55,0,0.0,9116571.449999996
2025-08-01 09:35:36 AM,451.5,163,73594.5,9190165.949999996
2025-08-01 09:35:39 AM,451.4,0,0.0,9190165.949999996
2025-08-01 09:35:43 AM,451.05,237,106898.85,9297064.799999995
2025-08-01 09:35:54 AM,450.55,0,0.0,9297064.799999995
2025-08-01 09:35:56 AM,450.9,5,2254.5,9299319.299999995
2025-08-01 09:36:02 AM,450.9,1,450.9,9299770.199999996
2025-08-01 09:36:15 AM,450.1,0,0.0,9299770.199999996
2025-08-01 09:36:16 AM,450.1,500,225050.0,9524820.199999996
2025-08-01 09:36:19 AM,450.65,0,0.0,9524820.199999996
2025-08-01 09:36:23 AM,450.65,1,450.65,9525270.849999996
2025-08-01 09:36:29 AM,450.55,50,22527.5,9547798.349999996
2025-08-01 09:36:31 AM,450.4,0,0.0,9547798.349999996
2025-08-01 09:36:31 AM,450.55,0,0.0,9547798.349999996
2025-08-01 09:36:35 AM,450.65,0,0.0,9547798.349999996
2025-08-01 09:36:36 AM,450.65,102,45966.299999999996,9593764.649999997
2025-08-01 09:36:42 AM,451.05,150,67657.5,9661422.149999997
2025-08-01 09:36:55 AM,451.5,50,22575.0,9683997.149999997
2025-08-01 09:36:56 AM,451.05,100,45105.0,9729102.149999997
2025-08-01 09:37:02 AM,451.4,100,45140.0,9774242.149999997
2025-08-01 09:37:03 AM,451.7,0,0.0,9774242.149999997
2025-08-01 09:37:09 AM,451.35,689,310980.15,10085222.299999997
2025-08-01 09:37:23 AM,451.35,1,451.35,10085673.649999997
2025-08-01 09:37:23 AM,451.0,0,0.0,10085673.649999997
2025-08-01 09:37:24 AM,451.0,735,331485.0,10417158.649999997
2025-08-01 09:37:30 AM,451.0,20,9020.0,10426178.649999997
2025-08-01 09:37:37 AM,450.75,0,0.0,10426178.649999997
2025-08-01 09:37:37 AM,450.75,177,79782.75,10505961.399999997
2025-08-01 09:37:53 AM,450.5,0,0.0,10505961.399999997
2025-08-01 09:37:57 AM,450.5,3,1351.5,10507312.899999997
2025-08-01 09:38:09 AM,450.55,0,0.0,10507312.899999997
2025-08-01 09:38:10 AM,450.55,66,29736.3,10537049.199999997
2025-08-01 09:38:17 AM,450.55,1,450.55,10537499.749999998
2025-08-01 09:38:24 AM,450.55,21,9461.550000000001,10546961.299999999
2025-08-01 09:38:39 AM,450.3,0,0.0,10546961.299999999
2025-08-01 09:38:44 AM,450.3,5,2251.5,10549212.799999999
2025-08-01 09:38:55 AM,450.5,0,0.0,10549212.799999999
2025-08-01 09:38:57 AM,450.5,4,1802.0,10551014.799999999
2025-08-01 09:39:04 AM,450.1,127,57162.700000000004,10608177.499999998
2025-08-01 09:39:24 AM,449.9,15,6748.5,10614925.999999998
2025-08-01 09:39:31 AM,449.75,28,12593.0,10627518.999999998
2025-08-01 09:39:37 AM,449.75,2004,901299.0,11528817.999999998
2025-08-01 09:39:38 AM,449.75,1,449.75,11529267.749999998
2025-08-01 09:39:44 AM,449.45,10,4494.5,11533762.249999998
2025-08-01 09:39:48 AM,449.05,0,0.0,11533762.249999998
2025-08-01 09:39:51 AM,449.05,10,4490.5,11538252.749999998
2025-08-01 09:39:57 AM,448.8,0,0.0,11538252.749999998
2025-08-01 09:39:57 AM,448.8,4,1795.2,11540047.949999997
2025-08-01 09:40:00 AM,449.0,0,0.0,11540047.949999997
2025-08-01 09:40:04 AM,448.75,2,897.5,11540945.449999997
2025-08-01 09:40:12 AM,448.35,0,0.0,11540945.449999997
2025-08-01 09:40:16 AM,448.25,0,0.0,11540945.449999997
2025-08-01 09:40:17 AM,448.25,11,4930.75,11545876.199999997
2025-08-01 09:40:21 AM,448.35,0,0.0,11545876.199999997
2025-08-01 09:40:23 AM,448.35,278,124641.3,11670517.499999998
2025-08-01 09:40:30 AM,448.7,174,78073.8,11748591.299999999
2025-08-01 09:40:39 AM,448.35,0,0.0,11748591.299999999
2025-08-01 09:40:43 AM,448.35,10,4483.5,11753074.799999999
2025-08-01 09:40:52 AM,448.8,0,0.0,11753074.799999999
2025-08-01 09:40:56 AM,448.8,44,19747.2,11772821.999999998
2025-08-01 09:41:43 AM,449.4,10,4494.0,11777315.999999998
2025-08-01 09:42:08 AM,449.0,0,0.0,11777315.999999998
2025-08-01 09:42:09 AM,449.0,2,898.0,11778213.999999998
2025-08-01 09:42:12 AM,449.4,0,0.0,11778213.999999998
2025-08-01 09:42:15 AM,449.4,4,1797.6,11780011.599999998
2025-08-01 09:42:34 AM,449.35,0,0.0,11780011.599999998
2025-08-01 09:42:35 AM,449.35,1,449.35,11780460.949999997
2025-08-01 09:42:36 AM,449.35,1,449.35,11780910.299999997
2025-08-01 09:42:41 AM,449.4,2,898.8,11781809.099999998
2025-08-01 09:43:01 AM,449.7,2,899.4,11782708.499999998
2025-08-01 09:43:08 AM,449.7,17,7644.9,11790353.399999999
2025-08-01 09:43:10 AM,450.55,0,0.0,11790353.399999999
2025-08-01 09:43:14 AM,449.95,2002,900799.9,12691153.299999999
2025-08-01 09:43:28 AM,449.95,14,6299.3,12697452.6
2025-08-01 09:43:46 AM,450.0,0,0.0,12697452.6
2025-08-01 09:43:47 AM,450.0,13,5850.0,12703302.6
2025-08-01 09:44:00 AM,450.0,1,450.0,12703752.6
2025-08-01 09:44:06 AM,449.95,0,0.0,12703752.6
2025-08-01 09:44:07 AM,449.95,21,9448.949999999999,12713201.549999999
2025-08-01 09:44:10 AM,450.0,0,0.0,12713201.549999999
2025-08-01 09:44:14 AM,449.95,14,6299.3,12719500.85
2025-08-01 09:44:21 AM,449.95,2,899.9,12720400.75
2025-08-01 09:44:27 AM,449.95,2,899.9,12721300.65
2025-08-01 09:44:28 AM,449.95,13,5849.349999999999,12727150.0
2025-08-01 09:44:32 AM,450.2,0,0.0,12727150.0
2025-08-01 09:44:33 AM,450.2,23,10354.6,12737504.6
2025-08-01 09:44:38 AM,450.55,0,0.0,12737504.6
2025-08-01 09:44:40 AM,450.55,300,135165.0,12872669.6
2025-08-01 09:44:42 AM,450.0,0,0.0,12872669.6
2025-08-01 09:44:46 AM,450.0,134,60300.0,12932969.6
2025-08-01 09:44:50 AM,450.45,0,0.0,12932969.6
2025-08-01 09:44:53 AM,450.45,5,2252.25,12935221.85
2025-08-01 09:44:58 AM,449.45,0,0.0,12935221.85
2025-08-01 09:44:59 AM,449.45,520,233714.0,13168935.85
2025-08-01 09:45:06 AM,449.45,1,449.45,13169385.299999999
2025-08-01 09:45:18 AM,449.7,0,0.0,13169385.299999999
2025-08-01 09:45:19 AM,449.7,222,99833.4,13269218.7
2025-08-01 09:45:20 AM,449.4,2,898.8,13270117.5
2025-08-01 09:45:32 AM,449.4,1,449.4,13270566.9
2025-08-01 09:45:38 AM,449.5,0,0.0,13270566.9
2025-08-01 09:45:40 AM,449.4,31,13931.4,13284498.3
2025-08-01 09:45:50 AM,449.75,0,0.0,13284498.3
2025-08-01 09:45:51 AM,449.75,85,38228.75,13322727.05
2025-08-01 09:46:00 AM,449.55,0,0.0,13322727.05
2025-08-01 09:46:04 AM,449.75,0,0.0,13322727.05
2025-08-01 09:46:04 AM,449.75,9,4047.75,13326774.8
2025-08-01 09:46:09 AM,448.8,0,0.0,13326774.8
2025-08-01 09:46:10 AM,449.05,0,0.0,13326774.8
2025-08-01 09:46:11 AM,449.05,438,196683.9,13523458.700000001
2025-08-01 09:46:12 AM,449.05,86,38618.3,13562077.000000002
2025-08-01 09:46:14 AM,449.95,0,0.0,13562077.000000002
2025-08-01 09:46:17 AM,449.95,1000,449950.0,14012027.000000002
2025-08-01 09:46:25 AM,449.45,100,44945.0,14056972.000000002
2025-08-01 09:47:09 AM,448.7,900,403830.0,14460802.000000002
2025-08-01 09:47:19 AM,449.35,0,0.0,14460802.000000002
2025-08-01 09:47:20 AM,449.35,5,2246.75,14463048.750000002
2025-08-01 09:47:35 AM,449.75,200,89950.0,14552998.750000002
2025-08-01 09:47:41 AM,449.3,0,0.0,14552998.750000002
2025-08-01 09:47:42 AM,449.3,45,20218.5,14573217.250000002
2025-08-01 09:48:08 AM,449.8,150,67470.0,14640687.250000002
2025-08-01 09:48:12 AM,449.35,7,3145.4500000000003,14643832.700000001
2025-08-01 09:48:28 AM,449.35,20,8987.0,14652819.700000001
2025-08-01 09:48:57 AM,448.85,250,112212.5,14765032.200000001
2025-08-01 09:49:02 AM,449.1,0,0.0,14765032.200000001
2025-08-01 09:49:03 AM,449.1,16,7185.6,14772217.8
2025-08-01 09:49:12 AM,449.55,60,26973.0,14799190.8
2025-08-01 09:49:16 AM,449.4,250,112350.0,14911540.8
2025-08-01 09:49:37 AM,449.95,1,449.95,14911990.75
2025-08-01 09:49:45 AM,449.45,0,0.0,14911990.75
2025-08-01 09:49:47 AM,449.45,56,25169.2,14937159.95
2025-08-01 09:49:58 AM,449.35,0,0.0,14937159.95
2025-08-01 09:50:00 AM,449.35,50,22467.5,14959627.45
2025-08-01 09:50:02 AM,449.3,0,0.0,14959627.45
2025-08-01 09:50:03 AM,449.3,10,4493.0,14964120.45
2025-08-01 09:50:16 AM,449.3,30,13479.0,14977599.45
2025-08-01 09:50:19 AM,449.3,3,1347.9,14978947.35
2025-08-01 09:50:23 AM,449.0,0,0.0,14978947.35
2025-08-01 09:50:26 AM,449.0,149,66901.0,15045848.35
2025-08-01 09:50:34 AM,449.0,100,44900.0,15090748.35
2025-08-01 09:50:44 AM,449.3,0,0.0,15090748.35
2025-08-01 09:50:47 AM,449.3,57,25610.100000000002,15116358.45
2025-08-01 09:51:05 AM,449.05,200,89810.0,15206168.45
2025-08-01 09:51:08 AM,449.6,0,0.0,15206168.45
2025-08-01 09:51:10 AM,449.6,47,21131.2,15227299.649999999
2025-08-01 09:51:12 AM,449.95,20,8999.0,15236298.649999999
2025-08-01 09:51:45 AM,449.9,0,0.0,15236298.649999999
2025-08-01 09:51:47 AM,449.9,1,449.9,15236748.549999999
2025-08-01 09:51:51 AM,449.45,0,0.0,15236748.549999999
2025-08-01 09:51:53 AM,449.45,5,2247.25,15238995.799999999
2025-08-01 09:51:59 AM,449.9,2,899.8,15239895.6
2025-08-01 09:52:10 AM,449.95,0,0.0,15239895.6
2025-08-01 09:52:11 AM,449.95,5,2249.75,15242145.35
2025-08-01 09:52:39 AM,449.45,2,898.9,15243044.25
2025-08-01 09:52:51 AM,449.95,6,2699.7,15245743.95
2025-08-01 09:53:44 AM,449.95,10,4499.5,15250243.45
2025-08-01 09:53:58 AM,449.45,61,27416.45,15277659.899999999
2025-08-01 09:54:04 AM,449.45,1,449.45,15278109.349999998
2025-08-01 09:54:10 AM,449.1,10,4491.0,15282600.349999998
2025-08-01 09:54:11 AM,449.45,0,0.0,15282600.349999998
2025-08-01 09:54:15 AM,449.45,20,8989.0,15291589.349999998
2025-08-01 09:54:26 AM,449.05,0,0.0,15291589.349999998
2025-08-01 09:54:27 AM,449.1,96,43113.600000000006,15334702.949999997
2025-08-01 09:54:28 AM,449.0,4,1796.0,15336498.949999997
2025-08-01 09:54:57 AM,449.1,0,0.0,15336498.949999997
2025-08-01 09:54:57 AM,449.1,431,193562.1,15530061.049999997
2025-08-01 09:55:15 AM,449.0,0,0.0,15530061.049999997
2025-08-01 09:55:15 AM,449.0,67,30083.0,15560144.049999997
2025-08-01 09:55:21 AM,449.45,0,0.0,15560144.049999997
2025-08-01 09:55:21 AM,449.45,434,195061.3,15755205.349999998
2025-08-01 09:55:27 AM,449.45,1,449.45,15755654.799999997
2025-08-01 09:55:39 AM,449.45,2,898.9,15756553.699999997
2025-08-01 09:56:00 AM,449.55,0,0.0,15756553.699999997
2025-08-01 09:56:03 AM,449.65,0,0.0,15756553.699999997
2025-08-01 09:56:03 AM,449.65,12,5395.799999999999,15761949.499999998
2025-08-01 09:56:05 AM,449.25,0,0.0,15761949.499999998
2025-08-01 09:56:09 AM,449.25,1,449.25,15762398.749999998
2025-08-01 09:56:21 AM,449.4,0,0.0,15762398.749999998
2025-08-01 09:56:21 AM,449.4,106,47636.399999999994,15810035.149999999
2025-08-01 09:57:15 AM,449.0,609,273441.0,16083476.149999999
2025-08-01 09:57:16 AM,449.65,0,0.0,16083476.149999999
2025-08-01 09:57:17 AM,449.65,1,449.65,16083925.799999999
2025-08-01 09:57:47 AM,449.2,1,449.2,16084374.999999998
2025-08-01 09:58:02 AM,449.1,40,17964.0,16102338.999999998
2025-08-01 09:58:08 AM,448.8,57,25581.600000000002,16127920.599999998
2025-08-01 09:59:06 AM,448.8,35,15708.0,16143628.599999998
2025-08-01 09:59:09 AM,448.55,5,2242.75,16145871.349999998
2025-08-01 09:59:25 AM,448.85,62,27828.7,16173700.049999997
2025-08-01 09:59:31 AM,448.5,0,0.0,16173700.049999997
2025-08-01 09:59:31 AM,448.5,17,7624.5,16181324.549999997
2025-08-01 10:00:40 AM,448.5,50,22425.0,16203749.549999997
2025-08-01 10:00:43 AM,447.95,319,142896.05,16346645.599999998
2025-08-01 10:00:46 AM,447.95,1,447.95,16347093.549999997
2025-08-01 10:01:08 AM,447.85,0,0.0,16347093.549999997
2025-08-01 10:01:08 AM,447.85,2,895.7,16347989.249999996
2025-08-01 10:01:21 AM,447.9,50,22395.0,16370384.249999996
2025-08-01 10:01:24 AM,447.95,4,1791.8,16372176.049999997
2025-08-01 10:01:27 AM,447.95,2,895.9,16373071.949999997
2025-08-01 10:02:08 AM,447.65,0,0.0,16373071.949999997
2025-08-01 10:02:08 AM,447.65,15,6714.75,16379786.699999997
2025-08-01 10:02:22 AM,448.0,0,0.0,16379786.699999997
2025-08-01 10:02:22 AM,448.0,84,37632.0,16417418.699999997
2025-08-01 10:02:39 AM,448.15,0,0.0,16417418.699999997
2025-08-01 10:02:39 AM,448.15,10,4481.5,16421900.199999997
2025-08-01 10:02:59 AM,448.5,1,448.5,16422348.699999997
2025-08-01 10:03:31 AM,448.5,44,19734.0,16442082.699999997
2025-08-01 10:04:02 AM,448.9,10,4489.0,16446571.699999997
2025-08-01 10:04:13 AM,448.55,0,0.0,16446571.699999997
2025-08-01 10:04:14 AM,448.55,10,4485.5,16451057.199999997
2025-08-01 10:04:59 AM,448.9,0,0.0,16451057.199999997
2025-08-01 10:05:00 AM,448.9,2,897.8,16451954.999999998
2025-08-01 10:06:17 AM,448.9,23,10324.699999999999,16462279.699999997
2025-08-01 10:06:19 AM,448.9,15,6733.5,16469013.199999997
2025-08-01 10:06:36 AM,448.55,0,0.0,16469013.199999997
2025-08-01 10:06:37 AM,448.55,11,4934.05,16473947.249999998
2025-08-01 10:06:41 AM,448.05,656,293920.8,16767868.049999999
2025-08-01 10:06:47 AM,448.05,200,89610.0,16857478.049999997
2025-08-01 10:06:49 AM,447.6,7,3133.2000000000003,16860611.249999996
2025-08-01 10:06:53 AM,447.6,45,20142.0,16880753.249999996
2025-08-01 10:06:55 AM,447.45,10,4474.5,16885227.749999996
2025-08-01 10:07:12 AM,447.45,198,88595.09999999999,16973822.849999998
2025-08-01 10:07:13 AM,447.0,748,334356.0,17308178.849999998
2025-08-01 10:07:18 AM,446.45,6,2678.7,17310857.549999997
2025-08-01 10:07:20 AM,446.65,35,15632.75,17326490.299999997
2025-08-01 10:07:24 AM,446.3,219,97739.7,17424229.999999996
2025-08-01 10:07:29 AM,446.85,0,0.0,17424229.999999996
2025-08-01 10:07:30 AM,446.85,190,84901.5,17509131.499999996
2025-08-01 10:07:32 AM,446.7,140,62538.0,17571669.499999996
2025-08-01 10:07:36 AM,446.75,84,37527.0,17609196.499999996
2025-08-01 10:07:42 AM,446.75,4,1787.0,17610983.499999996
2025-08-01 10:07:48 AM,446.5,339,151363.5,17762346.999999996
2025-08-01 10:07:55 AM,446.45,153,68306.84999999999,17830653.849999998
2025-08-01 10:07:57 AM,446.15,0,0.0,17830653.849999998
2025-08-01 10:07:57 AM,446.15,50,22307.5,17852961.349999998
2025-08-01 10:08:01 AM,446.05,0,0.0,17852961.349999998
2025-08-01 10:08:01 AM,446.05,78,34791.9,17887753.249999996
2025-08-01 10:08:09 AM,446.05,8,3568.4,17891321.649999995
2025-08-01 10:08:13 AM,446.45,11,4910.95,17896232.599999994
2025-08-01 10:08:17 AM,446.75,0,0.0,17896232.599999994
2025-08-01 10:08:20 AM,446.75,129,57630.75,17953863.349999994
2025-08-01 10:08:35 AM,447.5,0,0.0,17953863.349999994
2025-08-01 10:08:36 AM,447.45,0,0.0,17953863.349999994
2025-08-01 10:08:38 AM,447.45,121,54141.45,18008004.799999993
2025-08-01 10:08:42 AM,448.1,0,0.0,18008004.799999993
2025-08-01 10:08:44 AM,448.1,401,179688.1,18187692.899999995
2025-08-01 10:09:01 AM,447.85,115,51502.75,18239195.649999995
2025-08-01 10:09:50 AM,448.05,3,1344.15,18240539.799999993
2025-08-01 10:09:56 AM,448.05,1,448.05,18240987.849999994
2025-08-01 10:10:47 AM,448.1,1,448.1,18241435.949999996
2025-08-01 10:10:50 AM,447.8,0,0.0,18241435.949999996
2025-08-01 10:10:53 AM,447.8,319,142848.2,18384284.149999995
2025-08-01 10:11:12 AM,447.8,100,44780.0,18429064.149999995
2025-08-01 10:11:18 AM,447.9,8,3583.2,18432647.349999994
2025-08-01 10:11:20 AM,447.45,0,0.0,18432647.349999994
2025-08-01 10:11:22 AM,447.45,3,1342.35,18433989.699999996
2025-08-01 10:11:32 AM,447.3,0,0.0,18433989.699999996
2025-08-01 10:11:34 AM,447.3,204,91249.2,18525238.899999995
2025-08-01 10:11:51 AM,447.9,1,447.9,18525686.799999993
2025-08-01 10:12:15 AM,447.95,30,13438.5,18539125.299999993
2025-08-01 10:12:27 AM,447.95,3,1343.85,18540469.149999995
2025-08-01 10:12:50 AM,447.95,10,4479.5,18544948.649999995
2025-08-01 10:13:13 AM,447.7,50,22385.0,18567333.649999995
2025-08-01 10:13:35 AM,448.15,0,0.0,18567333.649999995
2025-08-01 10:13:36 AM,448.15,5,2240.75,18569574.399999995
2025-08-01 10:13:53 AM,448.2,0,0.0,18569574.399999995
2025-08-01 10:13:55 AM,448.2,122,54680.4,18624254.799999993
2025-08-01 10:14:12 AM,448.2,50,22410.0,18646664.799999993
2025-08-01 10:14:20 AM,448.8,0,0.0,18646664.799999993
2025-08-01 10:14:23 AM,448.9,0,0.0,18646664.799999993
2025-08-01 10:14:23 AM,448.9,36,16160.4,18662825.19999999
2025-08-01 10:14:36 AM,448.9,2,897.8,18663722.999999993
2025-08-01 10:14:52 AM,448.9,10,4489.0,18668211.999999993
2025-08-01 10:15:21 AM,448.9,1,448.9,18668660.89999999
2025-08-01 10:15:38 AM,449.0,0,0.0,18668660.89999999
2025-08-01 10:15:40 AM,449.0,40,17960.0,18686620.89999999
2025-08-01 10:16:19 AM,449.65,0,0.0,18686620.89999999
2025-08-01 10:16:21 AM,449.65,153,68796.45,18755417.34999999
2025-08-01 10:16:35 AM,449.8,0,0.0,18755417.34999999
2025-08-01 10:16:38 AM,449.8,4,1799.2,18757216.54999999
2025-08-01 10:16:58 AM,449.3,0,0.0,18757216.54999999
2025-08-01 10:17:00 AM,449.3,120,53916.0,18811132.54999999
2025-08-01 10:17:04 AM,449.8,0,0.0,18811132.54999999
2025-08-01 10:17:06 AM,449.8,2,899.6,18812032.14999999
2025-08-01 10:17:41 AM,449.8,20,8996.0,18821028.14999999
2025-08-01 10:18:07 AM,449.0,0,0.0,18821028.14999999
2025-08-01 10:18:10 AM,449.0,241,108209.0,18929237.14999999
2025-08-01 10:18:13 AM,448.65,0,0.0,18929237.14999999
2025-08-01 10:18:16 AM,449.0,0,0.0,18929237.14999999
2025-08-01 10:18:16 AM,449.0,12,5388.0,18934625.14999999
2025-08-01 10:18:21 AM,449.0,20,8980.0,18943605.14999999
2025-08-01 10:18:26 AM,448.65,0,0.0,18943605.14999999
2025-08-01 10:18:27 AM,448.65,32,14356.8,18957961.94999999
2025-08-01 10:18:45 AM,448.25,3,1344.75,18959306.69999999
2025-08-01 10:18:50 AM,448.5,0,0.0,18959306.69999999
2025-08-01 10:18:50 AM,448.5,127,56959.5,19016266.19999999
2025-08-01 10:19:00 AM,449.0,0,0.0,19016266.19999999
2025-08-01 10:19:01 AM,449.0,50,22450.0,19038716.19999999
2025-08-01 10:19:06 AM,448.95,0,0.0,19038716.19999999
2025-08-01 10:19:07 AM,448.95,2,897.9,19039614.09999999
2025-08-01 10:19:37 AM,449.35,19,8537.65,19048151.74999999
2025-08-01 10:19:48 AM,449.35,1,449.35,19048601.09999999
2025-08-01 10:19:53 AM,449.35,1,449.35,19049050.44999999
2025-08-01 10:20:27 AM,449.35,2,898.7,19049949.14999999
2025-08-01 10:21:08 AM,449.3,1,449.3,19050398.44999999
2025-08-01 10:21:15 AM,449.35,0,0.0,19050398.44999999
2025-08-01 10:21:15 AM,449.35,21,9436.35,19059834.799999993
2025-08-01 10:21:21 AM,449.5,0,0.0,19059834.799999993
2025-08-01 10:21:21 AM,449.5,40,17980.0,19077814.799999993
2025-08-01 10:21:25 AM,449.45,1,449.45,19078264.249999993
2025-08-01 10:21:49 AM,449.45,1,449.45,19078713.69999999
2025-08-01 10:22:09 AM,449.45,2,898.9,19079612.59999999
2025-08-01 10:22:49 AM,449.45,10,4494.5,19084107.09999999
2025-08-01 10:23:02 AM,449.4,0,0.0,19084107.09999999
2025-08-01 10:23:02 AM,449.4,12,5392.799999999999,19089499.89999999
2025-08-01 10:23:08 AM,449.35,3,1348.0500000000002,19090847.94999999
2025-08-01 10:23:20 AM,449.35,11,4942.85,19095790.799999993
2025-08-01 10:23:25 AM,449.05,0,0.0,19095790.799999993
2025-08-01 10:23:26 AM,449.05,40,17962.0,19113752.799999993
2025-08-01 10:23:34 AM,449.05,20,8981.0,19122733.799999993
2025-08-01 10:23:43 AM,449.4,0,0.0,19122733.799999993
2025-08-01 10:23:43 AM,449.4,4,1797.6,19124531.399999995
2025-08-01 10:23:45 AM,449.05,100,44905.0,19169436.399999995
2025-08-01 10:24:14 AM,449.45,0,0.0,19169436.399999995
2025-08-01 10:24:16 AM,449.45,4,1797.8,19171234.199999996
2025-08-01 10:24:44 AM,449.8,1,449.8,19171683.999999996
2025-08-01 10:25:02 AM,449.8,1,449.8,19172133.799999997
2025-08-01 10:25:06 AM,449.8,1,449.8,19172583.599999998
2025-08-01 10:25:23 AM,450.6,0,0.0,19172583.599999998
2025-08-01 10:25:24 AM,450.6,289,130223.40000000001,19302806.999999996
2025-08-01 10:25:27 AM,450.8,0,0.0,19302806.999999996
2025-08-01 10:25:29 AM,450.8,66,29752.8,19332559.799999997
2025-08-01 10:25:31 AM,450.95,16,7215.2,19339774.999999996
2025-08-01 10:25:35 AM,450.6,0,0.0,19339774.999999996
2025-08-01 10:25:35 AM,450.6,4,1802.4,19341577.399999995
2025-08-01 10:25:57 AM,450.6,25,11265.0,19352842.399999995
2025-08-01 10:26:08 AM,450.5,0,0.0,19352842.399999995
2025-08-01 10:26:08 AM,450.5,20,9010.0,19361852.399999995
2025-08-01 10:26:13 AM,450.5,67,30183.5,19392035.899999995
2025-08-01 10:26:14 AM,450.1,0,0.0,19392035.899999995
2025-08-01 10:26:15 AM,450.1,52,23405.2,19415441.099999994
2025-08-01 10:26:38 AM,450.4,0,0.0,19415441.099999994
2025-08-01 10:26:39 AM,450.2,0,0.0,19415441.099999994
2025-08-01 10:26:39 AM,450.2,1353,609120.6,20024561.699999996
2025-08-01 10:26:41 AM,450.85,0,0.0,20024561.699999996
2025-08-01 10:26:42 AM,450.85,1562,704227.7000000001,20728789.399999995
2025-08-01 10:26:47 AM,451.0,0,0.0,20728789.399999995
2025-08-01 10:26:48 AM,451.0,100,45100.0,20773889.399999995
2025-08-01 10:26:53 AM,450.95,0,0.0,20773889.399999995
2025-08-01 10:26:53 AM,450.7,7,3154.9,20777044.299999993
2025-08-01 10:26:56 AM,450.7,6,2704.2,20779748.499999993
2025-08-01 10:26:59 AM,450.5,0,0.0,20779748.499999993
2025-08-01 10:26:59 AM,450.5,22,9911.0,20789659.499999993
2025-08-01 10:27:05 AM,451.0,0,0.0,20789659.499999993
2025-08-01 10:27:05 AM,451.0,188,84788.0,20874447.499999993
2025-08-01 10:27:09 AM,451.05,0,0.0,20874447.499999993
2025-08-01 10:27:11 AM,451.05,31,13982.550000000001,20888430.049999993
2025-08-01 10:27:13 AM,451.05,32,14433.6,20902863.649999995
2025-08-01 10:27:19 AM,451.55,25,11288.75,20914152.399999995
2025-08-01 10:27:26 AM,451.05,0,0.0,20914152.399999995
2025-08-01 10:27:27 AM,451.05,316,142531.80000000002,21056684.199999996
2025-08-01 10:27:29 AM,451.0,0,0.0,21056684.199999996
2025-08-01 10:27:30 AM,451.3,0,0.0,21056684.199999996
2025-08-01 10:27:30 AM,451.3,142,64084.6,21120768.799999997
2025-08-01 10:27:32 AM,450.75,50,22537.5,21143306.299999997
2025-08-01 10:27:36 AM,450.6,50,22530.0,21165836.299999997
2025-08-01 10:27:38 AM,450.6,50,22530.0,21188366.299999997
2025-08-01 10:27:46 AM,450.95,2201,992540.95,22180907.249999996
2025-08-01 10:27:50 AM,450.6,0,0.0,22180907.249999996
2025-08-01 10:27:50 AM,451.0,0,0.0,22180907.249999996
2025-08-01 10:27:52 AM,450.7,0,0.0,22180907.249999996
2025-08-01 10:27:52 AM,450.7,246,110872.2,22291779.449999996
2025-08-01 10:27:53 AM,451.25,0,0.0,22291779.449999996
2025-08-01 10:27:55 AM,451.25,13,5866.25,22297645.699999996
2025-08-01 10:27:59 AM,451.3,0,0.0,22297645.699999996
2025-08-01 10:28:00 AM,451.3,5,2256.5,22299902.199999996
2025-08-01 10:28:03 AM,451.3,50,22565.0,22322467.199999996
2025-08-01 10:28:07 AM,451.0,0,0.0,22322467.199999996
2025-08-01 10:28:08 AM,451.0,200,90200.0,22412667.199999996
2025-08-01 10:28:09 AM,451.3,0,0.0,22412667.199999996
2025-08-01 10:28:10 AM,451.5,144,65016.0,22477683.199999996
2025-08-01 10:28:13 AM,452.0,0,0.0,22477683.199999996
2025-08-01 10:28:13 AM,452.0,360,162720.0,22640403.199999996
2025-08-01 10:28:16 AM,452.0,177,80004.0,22720407.199999996
2025-08-01 10:28:19 AM,452.0,321,145092.0,22865499.199999996
2025-08-01 10:28:28 AM,451.9,0,0.0,22865499.199999996
2025-08-01 10:28:30 AM,451.9,103,46545.7,22912044.899999995
2025-08-01 10:28:33 AM,452.15,79,35719.85,22947764.749999996
2025-08-01 10:28:34 AM,451.85,0,0.0,22947764.749999996
2025-08-01 10:28:35 AM,451.25,0,0.0,22947764.749999996
2025-08-01 10:28:35 AM,451.25,255,115068.75,23062833.499999996
2025-08-01 10:28:48 AM,451.45,0,0.0,23062833.499999996
2025-08-01 10:28:49 AM,451.45,12,5417.4,23068250.899999995
2025-08-01 10:28:54 AM,451.25,0,0.0,23068250.899999995
2025-08-01 10:28:55 AM,451.45,224,101124.8,23169375.699999996
2025-08-01 10:28:58 AM,451.35,22,9929.7,23179305.399999995
2025-08-01 10:29:00 AM,451.4,0,0.0,23179305.399999995
2025-08-01 10:29:01 AM,451.4,85,38369.0,23217674.399999995
2025-08-01 10:29:02 AM,451.25,0,0.0,23217674.399999995
2025-08-01 10:29:03 AM,451.25,58,26172.5,23243846.899999995
2025-08-01 10:29:06 AM,451.2,0,0.0,23243846.899999995
2025-08-01 10:29:06 AM,451.2,90,40608.0,23284454.899999995
2025-08-01 10:29:08 AM,451.15,0,0.0,23284454.899999995
2025-08-01 10:29:08 AM,451.15,72,32482.8,23316937.699999996
2025-08-01 10:29:10 AM,451.2,0,0.0,23316937.699999996
2025-08-01 10:29:12 AM,451.25,0,0.0,23316937.699999996
2025-08-01 10:29:12 AM,451.25,384,173280.0,23490217.699999996
2025-08-01 10:29:14 AM,451.4,0,0.0,23490217.699999996
2025-08-01 10:29:14 AM,451.4,30,13542.0,23503759.699999996
2025-08-01 10:29:18 AM,451.2,50,22560.0,23526319.699999996
2025-08-01 10:29:20 AM,451.4,0,0.0,23526319.699999996
2025-08-01 10:29:20 AM,451.45,33,14897.85,23541217.549999997
2025-08-01 10:29:22 AM,451.3,0,0.0,23541217.549999997
2025-08-01 10:29:23 AM,451.3,43,19405.9,23560623.449999996
2025-08-01 10:29:25 AM,451.45,47,21218.149999999998,23581841.599999994
2025-08-01 10:29:26 AM,451.3,0,0.0,23581841.599999994
2025-08-01 10:29:28 AM,451.3,416,187740.80000000002,23769582.399999995
2025-08-01 10:29:36 AM,451.5,0,0.0,23769582.399999995
2025-08-01 10:29:36 AM,451.5,110,49665.0,23819247.399999995
2025-08-01 10:29:39 AM,451.65,740,334221.0,24153468.399999995
2025-08-01 10:29:42 AM,451.85,0,0.0,24153468.399999995
2025-08-01 10:29:42 AM,451.85,50,22592.5,24176060.899999995
2025-08-01 10:29:44 AM,451.65,0,0.0,24176060.899999995
2025-08-01 10:29:45 AM,451.75,52,23491.0,24199551.899999995
2025-08-01 10:29:46 AM,451.55,0,0.0,24199551.899999995
2025-08-01 10:29:47 AM,451.7,312,140930.4,24340482.299999993
2025-08-01 10:29:50 AM,451.55,0,0.0,24340482.299999993
2025-08-01 10:29:50 AM,451.85,110,49703.5,24390185.799999993
2025-08-01 10:29:54 AM,451.9,0,0.0,24390185.799999993
2025-08-01 10:29:56 AM,451.9,30,13557.0,24403742.799999993
2025-08-01 10:29:58 AM,452.0,0,0.0,24403742.799999993
2025-08-01 10:29:59 AM,452.0,35,15820.0,24419562.799999993
2025-08-01 10:30:00 AM,451.95,0,0.0,24419562.799999993
2025-08-01 10:30:01 AM,452.0,100,45200.0,24464762.799999993
2025-08-01 10:30:02 AM,451.6,0,0.0,24464762.799999993
2025-08-01 10:30:04 AM,451.55,39,17610.45,24482373.249999993
2025-08-01 10:30:07 AM,451.65,56,25292.399999999998,24507665.64999999
2025-08-01 10:30:13 AM,451.75,0,0.0,24507665.64999999
2025-08-01 10:30:13 AM,451.75,6,2710.5,24510376.14999999
2025-08-01 10:30:24 AM,451.75,101,45626.75,24556002.89999999
2025-08-01 10:30:28 AM,452.0,0,0.0,24556002.89999999
2025-08-01 10:30:30 AM,451.75,142,64148.5,24620151.39999999
2025-08-01 10:30:33 AM,451.7,22,9937.4,24630088.79999999
2025-08-01 10:30:36 AM,451.75,11,4969.25,24635058.04999999
2025-08-01 10:30:37 AM,452.05,0,0.0,24635058.04999999
2025-08-01 10:30:39 AM,451.7,2078,938632.6,25573690.64999999
2025-08-01 10:30:41 AM,451.7,35,15809.5,25589500.14999999
2025-08-01 10:30:44 AM,451.6,0,0.0,25589500.14999999
2025-08-01 10:30:45 AM,451.8,409,184786.2,25774286.34999999
2025-08-01 10:30:46 AM,451.0,0,0.0,25774286.34999999
2025-08-01 10:30:47 AM,451.45,37,16703.649999999998,25790989.99999999
2025-08-01 10:30:50 AM,451.45,30,13543.5,25804533.49999999
2025-08-01 10:30:53 AM,451.45,2,902.9,25805436.399999987
2025-08-01 10:31:02 AM,451.0,0,0.0,25805436.399999987
2025-08-01 10:31:02 AM,451.0,40,18040.0,25823476.399999987
2025-08-01 10:31:04 AM,451.2,2,902.4,25824378.799999986
2025-08-01 10:31:16 AM,451.1,90,40599.0,25864977.799999986
2025-08-01 10:31:21 AM,451.0,0,0.0,25864977.799999986
2025-08-01 10:31:22 AM,451.05,209,94269.45,25959247.249999985
2025-08-01 10:31:23 AM,451.2,0,0.0,25959247.249999985
2025-08-01 10:31:25 AM,451.2,448,202137.6,26161384.849999987
2025-08-01 10:31:27 AM,451.35,0,0.0,26161384.849999987
2025-08-01 10:31:27 AM,451.35,49,22116.15,26183500.999999985
2025-08-01 10:31:33 AM,451.35,114,51453.9,26234954.899999984
2025-08-01 10:31:35 AM,451.4,0,0.0,26234954.899999984
2025-08-01 10:31:36 AM,451.4,165,74481.0,26309435.899999984
2025-08-01 10:31:38 AM,451.65,60,27099.0,26336534.899999984
2025-08-01 10:31:41 AM,451.4,0,0.0,26336534.899999984
2025-08-01 10:31:41 AM,451.4,22,9930.8,26346465.699999984
2025-08-01 10:31:44 AM,451.65,50,22582.5,26369048.199999984
2025-08-01 10:31:46 AM,451.65,62,28002.3,26397050.499999985
2025-08-01 10:31:48 AM,451.45,0,0.0,26397050.499999985
2025-08-01 10:31:48 AM,451.5,0,0.0,26397050.499999985
2025-08-01 10:31:50 AM,451.5,48,21672.0,26418722.499999985
2025-08-01 10:31:51 AM,451.7,0,0.0,26418722.499999985
2025-08-01 10:31:53 AM,451.45,121,54625.45,26473347.949999984
2025-08-01 10:31:56 AM,451.5,51,23026.5,26496374.449999984
2025-08-01 10:31:59 AM,451.4,3935,1776259.0,28272633.449999984
2025-08-01 10:32:03 AM,450.95,498,224573.1,28497206.549999986
2025-08-01 10:32:03 AM,450.8,0,0.0,28497206.549999986
2025-08-01 10:32:06 AM,451.3,0,0.0,28497206.549999986
2025-08-01 10:32:06 AM,451.3,3,1353.9,28498560.449999984
2025-08-01 10:32:22 AM,451.35,90,40621.5,28539181.949999984
2025-08-01 10:32:23 AM,451.05,0,0.0,28539181.949999984
2025-08-01 10:32:26 AM,451.05,50,22552.5,28561734.449999984
2025-08-01 10:32:29 AM,451.1,0,0.0,28561734.449999984
2025-08-01 10:32:29 AM,451.1,278,125405.8,28687140.249999985
2025-08-01 10:32:35 AM,451.05,0,0.0,28687140.249999985
2025-08-01 10:32:35 AM,451.05,2,902.1,28688042.349999987
2025-08-01 10:32:38 AM,451.05,29,13080.45,28701122.799999986
2025-08-01 10:32:42 AM,451.05,7,3157.35,28704280.149999987
2025-08-01 10:32:44 AM,451.05,3,1353.15,28705633.299999986
2025-08-01 10:32:47 AM,451.05,28,12629.4,28718262.699999984
2025-08-01 10:32:50 AM,451.05,11,4961.55,28723224.249999985
2025-08-01 10:32:53 AM,451.0,0,0.0,28723224.249999985
2025-08-01 10:32:53 AM,451.0,10,4510.0,28727734.249999985
2025-08-01 10:32:59 AM,451.15,511,230537.65,28958271.899999984
2025-08-01 10:33:04 AM,451.2,19,8572.8,28966844.699999984
2025-08-01 10:33:10 AM,451.25,1,451.25,28967295.949999984
2025-08-01 10:33:12 AM,451.2,35,15792.0,28983087.949999984
2025-08-01 10:33:14 AM,451.25,0,0.0,28983087.949999984
2025-08-01 10:33:15 AM,451.3,2964,1337653.2,30320741.149999984
2025-08-01 10:33:18 AM,451.45,1143,516007.35,30836748.499999985
2025-08-01 10:33:20 AM,451.35,0,0.0,30836748.499999985
2025-08-01 10:33:21 AM,451.35,21,9478.35,30846226.849999987
2025-08-01 10:33:23 AM,451.05,0,0.0,30846226.849999987
2025-08-01 10:33:23 AM,451.05,1,451.05,30846677.899999987
2025-08-01 10:33:29 AM,451.75,0,0.0,30846677.899999987
2025-08-01 10:33:29 AM,451.75,82,37043.5,30883721.399999987
2025-08-01 10:33:32 AM,451.65,0,0.0,30883721.399999987
2025-08-01 10:33:32 AM,451.65,158,71360.7,30955082.099999987
2025-08-01 10:33:50 AM,451.6,0,0.0,30955082.099999987
2025-08-01 10:33:51 AM,451.6,2,903.2,30955985.299999986
2025-08-01 10:33:54 AM,451.35,0,0.0,30955985.299999986
2025-08-01 10:33:54 AM,451.35,10,4513.5,30960498.799999986
2025-08-01 10:34:06 AM,451.3,0,0.0,30960498.799999986
2025-08-01 10:34:06 AM,451.3,82,37006.6,30997505.399999987
2025-08-01 10:34:08 AM,451.75,0,0.0,30997505.399999987
2025-08-01 10:34:08 AM,451.75,88,39754.0,31037259.399999987
2025-08-01 10:34:12 AM,451.3,0,0.0,31037259.399999987
2025-08-01 10:34:12 AM,451.3,28,12636.4,31049895.799999986
2025-08-01 10:34:14 AM,451.55,2009,907163.9500000001,31957059.749999985
2025-08-01 10:34:15 AM,451.35,0,0.0,31957059.749999985
2025-08-01 10:34:17 AM,451.5,75,33862.5,31990922.249999985
2025-08-01 10:34:23 AM,451.35,27,12186.45,32003108.699999984
2025-08-01 10:34:40 AM,451.35,1,451.35,32003560.049999986
2025-08-01 10:34:41 AM,451.45,11,4965.95,32008525.999999985
2025-08-01 10:34:47 AM,451.2,96,43315.2,32051841.199999984
2025-08-01 10:34:51 AM,451.5,0,0.0,32051841.199999984
2025-08-01 10:34:51 AM,451.5,30,13545.0,32065386.199999984
2025-08-01 10:34:54 AM,451.75,0,0.0,32065386.199999984
2025-08-01 10:34:54 AM,451.45,0,0.0,32065386.199999984
2025-08-01 10:34:56 AM,451.3,0,0.0,32065386.199999984
2025-08-01 10:34:57 AM,451.3,87,39263.1,32104649.299999986
2025-08-01 10:35:00 AM,451.45,0,0.0,32104649.299999986
2025-08-01 10:35:03 AM,451.45,26,11737.699999999999,32116386.999999985
2025-08-01 10:35:08 AM,451.45,1,451.45,32116838.449999984
2025-08-01 10:35:11 AM,451.45,14,6320.3,32123158.749999985
2025-08-01 10:35:14 AM,451.55,0,0.0,32123158.749999985
2025-08-01 10:35:14 AM,451.55,162,73151.1,32196309.849999987
2025-08-01 10:35:15 AM,451.6,0,0.0,32196309.849999987
2025-08-01 10:35:16 AM,451.4,1045,471713.0,32668022.849999987
2025-08-01 10:35:18 AM,451.35,0,0.0,32668022.849999987
2025-08-01 10:35:19 AM,451.15,690,311293.5,32979316.349999987
2025-08-01 10:35:22 AM,451.45,1,451.45,32979767.799999986
2025-08-01 10:35:25 AM,451.45,4,1805.8,32981573.599999987
2025-08-01 10:35:27 AM,451.2,0,0.0,32981573.599999987
2025-08-01 10:35:27 AM,451.15,24,10827.599999999999,32992401.199999988
2025-08-01 10:35:39 AM,451.15,2,902.3,32993303.49999999
2025-08-01 10:35:41 AM,451.4,0,0.0,32993303.49999999
2025-08-01 10:35:42 AM,451.4,5,2257.0,32995560.49999999
2025-08-01 10:35:47 AM,451.05,0,0.0,32995560.49999999
2025-08-01 10:35:48 AM,451.05,77,34730.85,33030291.34999999
2025-08-01 10:35:50 AM,450.9,0,0.0,33030291.34999999
2025-08-01 10:35:50 AM,450.9,103,46442.7,33076734.04999999
2025-08-01 10:35:51 AM,450.95,0,0.0,33076734.04999999
2025-08-01 10:35:53 AM,451.05,0,0.0,33076734.04999999
2025-08-01 10:35:53 AM,451.1,67,30223.7,33106957.74999999
2025-08-01 10:35:54 AM,450.8,0,0.0,33106957.74999999
2025-08-01 10:35:55 AM,450.8,22,9917.6,33116875.34999999
2025-08-01 10:35:57 AM,450.95,0,0.0,33116875.34999999
2025-08-01 10:35:59 AM,450.9,0,0.0,33116875.34999999
2025-08-01 10:35:59 AM,450.9,36,16232.4,33133107.74999999
2025-08-01 10:36:01 AM,450.95,0,0.0,33133107.74999999
2025-08-01 10:36:01 AM,450.95,11,4960.45,33138068.199999988
2025-08-01 10:36:04 AM,450.65,0,0.0,33138068.199999988
2025-08-01 10:36:04 AM,450.65,48,21631.199999999997,33159699.399999987
2025-08-01 10:36:05 AM,450.2,0,0.0,33159699.399999987
2025-08-01 10:36:07 AM,450.85,96,43281.600000000006,33202980.99999999
2025-08-01 10:36:10 AM,450.85,11,4959.35,33207940.34999999
2025-08-01 10:36:12 AM,450.35,8,3602.8,33211543.14999999
2025-08-01 10:36:21 AM,450.85,32,14427.2,33225970.34999999
2025-08-01 10:36:22 AM,450.9,0,0.0,33225970.34999999
2025-08-01 10:36:23 AM,450.65,0,0.0,33225970.34999999
2025-08-01 10:36:24 AM,450.65,780,351507.0,33577477.349999994
2025-08-01 10:36:25 AM,450.85,0,0.0,33577477.349999994
2025-08-01 10:36:27 AM,450.85,30,13525.5,33591002.849999994
2025-08-01 10:36:27 AM,450.6,0,0.0,33591002.849999994
2025-08-01 10:36:29 AM,450.85,0,0.0,33591002.849999994
2025-08-01 10:36:29 AM,450.85,279,125787.15000000001,33716789.99999999
2025-08-01 10:36:31 AM,450.9,0,0.0,33716789.99999999
2025-08-01 10:36:32 AM,450.7,0,0.0,33716789.99999999
2025-08-01 10:36:32 AM,450.7,489,220392.3,33937182.29999999
2025-08-01 10:36:34 AM,450.85,9,4057.65,33941239.94999999
2025-08-01 10:36:37 AM,450.45,0,0.0,33941239.94999999
2025-08-01 10:36:38 AM,450.45,1,450.45,33941690.39999999
2025-08-01 10:36:39 AM,450.8,0,0.0,33941690.39999999
2025-08-01 10:36:40 AM,450.6,0,0.0,33941690.39999999
2025-08-01 10:36:40 AM,450.6,227,102286.20000000001,34043976.599999994
2025-08-01 10:36:43 AM,450.8,67,30203.600000000002,34074180.199999996
2025-08-01 10:36:45 AM,450.85,0,0.0,34074180.199999996
2025-08-01 10:36:45 AM,450.05,902,405945.10000000003,34480125.3
2025-08-01 10:36:48 AM,450.0,0,0.0,34480125.3
2025-08-01 10:36:49 AM,450.8,297,133887.6,34614012.9
2025-08-01 10:36:51 AM,449.8,422,189815.6,34803828.5
2025-08-01 10:36:54 AM,449.9,0,0.0,34803828.5
2025-08-01 10:36:54 AM,449.9,102,45889.799999999996,34849718.3
2025-08-01 10:36:55 AM,449.55,0,0.0,34849718.3
2025-08-01 10:36:56 AM,449.95,8,3599.6,34853317.9
2025-08-01 10:37:18 AM,449.95,5,2249.75,34855567.65
2025-08-01 10:37:27 AM,449.95,22,9898.9,34865466.55
2025-08-01 10:37:29 AM,449.6,195,87672.0,34953138.55
2025-08-01 10:37:34 AM,450.2,0,0.0,34953138.55
2025-08-01 10:37:35 AM,449.7,2,899.4,34954037.949999996
2025-08-01 10:37:38 AM,450.15,8,3601.2,34957639.15
2025-08-01 10:37:44 AM,450.15,20,9003.0,34966642.15
2025-08-01 10:37:52 AM,450.15,1,450.15,34967092.3
2025-08-01 10:37:54 AM,449.95,0,0.0,34967092.3
2025-08-01 10:37:55 AM,449.95,7,3149.65,34970241.949999996
2025-08-01 10:38:00 AM,449.8,0,0.0,34970241.949999996
2025-08-01 10:38:01 AM,449.8,11,4947.8,34975189.74999999
2025-08-01 10:38:06 AM,449.9,0,0.0,34975189.74999999
2025-08-01 10:38:07 AM,449.9,10,4499.0,34979688.74999999
2025-08-01 10:38:08 AM,449.95,0,0.0,34979688.74999999
2025-08-01 10:38:10 AM,449.95,20,8999.0,34988687.74999999
2025-08-01 10:38:23 AM,449.55,0,0.0,34988687.74999999
2025-08-01 10:38:24 AM,449.9,0,0.0,34988687.74999999
2025-08-01 10:38:25 AM,449.9,84,37791.6,35026479.349999994
2025-08-01 10:38:32 AM,450.15,300,135045.0,35161524.349999994
2025-08-01 10:38:46 AM,450.0,2,900.0,35162424.349999994
2025-08-01 10:38:50 AM,449.85,0,0.0,35162424.349999994
2025-08-01 10:38:51 AM,449.85,24,10796.400000000001,35173220.74999999
2025-08-01 10:39:00 AM,450.35,0,0.0,35173220.74999999
2025-08-01 10:39:00 AM,450.35,30,13510.5,35186731.24999999
2025-08-01 10:39:08 AM,450.35,90,40531.5,35227262.74999999
2025-08-01 10:39:11 AM,450.7,2515,1133510.5,36360773.24999999
2025-08-01 10:39:14 AM,450.65,129,58133.85,36418907.099999994
2025-08-01 10:39:16 AM,450.65,2,901.3,36419808.39999999
2025-08-01 10:39:18 AM,450.5,0,0.0,36419808.39999999
2025-08-01 10:39:19 AM,450.5,16,7208.0,36427016.39999999
2025-08-01 10:39:24 AM,450.35,0,0.0,36427016.39999999
2025-08-01 10:39:25 AM,450.35,200,90070.0,36517086.39999999
2025-08-01 10:39:30 AM,450.0,0,0.0,36517086.39999999
2025-08-01 10:39:31 AM,450.0,7,3150.0,36520236.39999999
2025-08-01 10:39:34 AM,450.0,1,450.0,36520686.39999999
2025-08-01 10:39:35 AM,449.95,0,0.0,36520686.39999999
2025-08-01 10:39:36 AM,449.95,3,1349.85,36522036.24999999
2025-08-01 10:39:47 AM,449.55,0,0.0,36522036.24999999
2025-08-01 10:39:47 AM,449.55,2,899.1,36522935.349999994
2025-08-01 10:39:50 AM,449.95,0,0.0,36522935.349999994
2025-08-01 10:39:50 AM,449.95,100,44995.0,36567930.349999994
2025-08-01 10:40:17 AM,450.5,0,0.0,36567930.349999994
2025-08-01 10:40:18 AM,450.5,1300,585650.0,37153580.349999994
2025-08-01 10:40:19 AM,449.95,0,0.0,37153580.349999994
2025-08-01 10:40:20 AM,449.95,74,33296.299999999996,37186876.64999999
2025-08-01 10:40:26 AM,449.25,260,116805.0,37303681.64999999
2025-08-01 10:40:34 AM,449.25,2,898.5,37304580.14999999
2025-08-01 10:40:37 AM,449.25,2,898.5,37305478.64999999
2025-08-01 10:40:40 AM,449.35,37,16625.95,37322104.599999994
2025-08-01 10:40:45 AM,449.3,5,2246.5,37324351.099999994
2025-08-01 10:40:58 AM,449.4,0,0.0,37324351.099999994
2025-08-01 10:40:59 AM,449.4,1,449.4,37324800.49999999
2025-08-01 10:41:07 AM,449.7,0,0.0,37324800.49999999
2025-08-01 10:41:08 AM,449.7,48,21585.6,37346386.099999994
2025-08-01 10:41:42 AM,449.7,20,8994.0,37355380.099999994
2025-08-01 10:41:52 AM,449.4,15,6741.0,37362121.099999994
2025-08-01 10:41:59 AM,449.7,0,0.0,37362121.099999994
2025-08-01 10:41:59 AM,449.7,2,899.4,37363020.49999999
2025-08-01 10:42:09 AM,449.0,0,0.0,37363020.49999999
2025-08-01 10:42:09 AM,449.0,809,363241.0,37726261.49999999
2025-08-01 10:42:10 AM,449.0,307,137843.0,37864104.49999999
2025-08-01 10:42:17 AM,448.9,0,0.0,37864104.49999999
2025-08-01 10:42:20 AM,448.9,1,448.9,37864553.39999999
2025-08-01 10:42:33 AM,448.7,2,897.4,37865450.79999999
2025-08-01 10:42:35 AM,448.8,0,0.0,37865450.79999999
2025-08-01 10:42:37 AM,448.8,5,2244.0,37867694.79999999
2025-08-01 10:42:56 AM,448.85,110,49373.5,37917068.29999999
2025-08-01 10:43:12 AM,448.8,0,0.0,37917068.29999999
2025-08-01 10:43:12 AM,448.8,1,448.8,37917517.09999999
2025-08-01 10:43:30 AM,448.55,0,0.0,37917517.09999999
2025-08-01 10:43:31 AM,448.55,4,1794.2,37919311.29999999
2025-08-01 10:43:39 AM,448.55,5,2242.75,37921554.04999999
2025-08-01 10:43:52 AM,448.8,0,0.0,37921554.04999999
2025-08-01 10:43:52 AM,448.8,2,897.6,37922451.64999999
2025-08-01 10:43:57 AM,448.8,13,5834.400000000001,37928286.04999999
2025-08-01 10:44:24 AM,448.8,37,16605.600000000002,37944891.64999999
2025-08-01 10:44:32 AM,448.8,50,22440.0,37967331.64999999
2025-08-01 10:44:51 AM,448.8,1,448.8,37967780.44999999
2025-08-01 10:44:56 AM,449.0,0,0.0,37967780.44999999
2025-08-01 10:44:56 AM,449.0,300,134700.0,38102480.44999999
2025-08-01 10:45:46 AM,449.0,2,898.0,38103378.44999999
2025-08-01 10:45:53 AM,449.0,5,2245.0,38105623.44999999
2025-08-01 10:46:13 AM,448.8,0,0.0,38105623.44999999
2025-08-01 10:46:14 AM,448.8,132,59241.6,38164865.04999999
2025-08-01 10:46:25 AM,448.8,1,448.8,38165313.84999999
2025-08-01 10:46:53 AM,448.75,0,0.0,38165313.84999999
2025-08-01 10:46:53 AM,448.75,25,11218.75,38176532.59999999
2025-08-01 10:47:15 AM,448.3,0,0.0,38176532.59999999
2025-08-01 10:47:16 AM,448.3,200,89660.0,38266192.59999999
2025-08-01 10:47:36 AM,448.55,0,0.0,38266192.59999999
2025-08-01 10:47:36 AM,448.55,20,8971.0,38275163.59999999
2025-08-01 10:47:44 AM,448.15,29,12996.349999999999,38288159.94999999
2025-08-01 10:47:48 AM,448.05,0,0.0,38288159.94999999
2025-08-01 10:47:49 AM,448.5,0,0.0,38288159.94999999
2025-08-01 10:47:49 AM,448.5,3,1345.5,38289505.44999999
2025-08-01 10:47:52 AM,448.0,0,0.0,38289505.44999999
2025-08-01 10:47:52 AM,448.0,41,18368.0,38307873.44999999
2025-08-01 10:48:00 AM,448.0,11,4928.0,38312801.44999999
2025-08-01 10:48:03 AM,448.4,5,2242.0,38315043.44999999
2025-08-01 10:48:08 AM,448.4,15,6726.0,38321769.44999999
2025-08-01 10:48:16 AM,448.4,12,5380.799999999999,38327150.249999985
2025-08-01 10:48:19 AM,448.4,6,2690.3999999999996,38329840.64999998
2025-08-01 10:48:21 AM,448.4,79,35423.6,38365264.249999985
2025-08-01 10:48:30 AM,448.4,1,448.4,38365712.64999998
2025-08-01 10:48:35 AM,448.0,0,0.0,38365712.64999998
2025-08-01 10:48:35 AM,448.4,30,13452.0,38379164.64999998
2025-08-01 10:48:48 AM,448.4,5,2242.0,38381406.64999998
2025-08-01 10:48:52 AM,448.35,1,448.35,38381854.999999985
2025-08-01 10:50:41 AM,448.35,29,13002.150000000001,38394857.14999998
2025-08-01 10:52:05 AM,448.0,0,0.0,38394857.14999998
2025-08-01 10:52:09 AM,448.0,200,89600.0,38484457.14999998
2025-08-01 10:52:20 AM,448.45,0,0.0,38484457.14999998
2025-08-01 10:52:21 AM,448.45,2,896.9,38485354.04999998
2025-08-01 10:52:36 AM,448.45,20,8969.0,38494323.04999998
2025-08-01 10:53:13 AM,448.45,15,6726.75,38501049.79999998
2025-08-01 10:53:15 AM,448.1,60,26886.0,38527935.79999998
2025-08-01 10:53:18 AM,448.45,0,0.0,38527935.79999998
2025-08-01 10:53:19 AM,448.45,100,44845.0,38572780.79999998
2025-08-01 10:53:25 AM,448.55,30,13456.5,38586237.29999998
2025-08-01 10:54:24 AM,448.5,0,0.0,38586237.29999998
2025-08-01 10:54:24 AM,448.5,50,22425.0,38608662.29999998
2025-08-01 10:54:55 AM,448.5,50,22425.0,38631087.29999998
2025-08-01 10:55:00 AM,448.5,50,22425.0,38653512.29999998
2025-08-01 10:55:11 AM,448.5,15,6727.5,38660239.79999998
2025-08-01 10:55:58 AM,447.5,0,0.0,38660239.79999998
2025-08-01 10:55:59 AM,447.5,442,197795.0,38858034.79999998
2025-08-01 10:56:08 AM,447.7,0,0.0,38858034.79999998
2025-08-01 10:56:09 AM,447.7,21,9401.699999999999,38867436.499999985
2025-08-01 10:56:10 AM,447.4,0,0.0,38867436.499999985
2025-08-01 10:56:10 AM,447.7,0,0.0,38867436.499999985
2025-08-01 10:56:10 AM,447.7,5,2238.5,38869674.999999985
2025-08-01 10:56:15 AM,447.85,14,6269.900000000001,38875944.89999998
2025-08-01 10:56:16 AM,447.85,4,1791.4,38877736.29999998
2025-08-01 10:56:18 AM,447.9,0,0.0,38877736.29999998
2025-08-01 10:56:20 AM,447.9,2,895.8,38878632.09999998
2025-08-01 10:57:14 AM,447.85,5,2239.25,38880871.34999998
2025-08-01 10:57:30 AM,447.85,1,447.85,38881319.19999998
2025-08-01 10:57:50 AM,447.85,1,447.85,38881767.04999998
2025-08-01 10:57:51 AM,447.85,12,5374.200000000001,38887141.249999985
2025-08-01 10:58:06 AM,447.85,1,447.85,38887589.09999999
2025-08-01 10:58:38 AM,447.5,0,0.0,38887589.09999999
2025-08-01 10:58:39 AM,447.5,84,37590.0,38925179.09999999
2025-08-01 10:58:44 AM,447.5,1,447.5,38925626.59999999
2025-08-01 10:58:56 AM,447.25,0,0.0,38925626.59999999
2025-08-01 10:59:00 AM,446.9,0,0.0,38925626.59999999
2025-08-01 10:59:00 AM,447.0,0,0.0,38925626.59999999
2025-08-01 10:59:00 AM,447.0,592,264624.0,39190250.59999999
2025-08-01 10:59:04 AM,446.75,0,0.0,39190250.59999999
2025-08-01 10:59:05 AM,446.75,69,30825.75,39221076.34999999
2025-08-01 10:59:12 AM,446.4,0,0.0,39221076.34999999
2025-08-01 10:59:15 AM,446.4,4,1785.6,39222861.94999999
2025-08-01 10:59:41 AM,446.4,20,8928.0,39231789.94999999
2025-08-01 11:00:02 AM,446.7,0,0.0,39231789.94999999
2025-08-01 11:00:03 AM,446.7,2,893.4,39232683.34999999
2025-08-01 11:00:10 AM,446.4,10,4464.0,39237147.34999999
2025-08-01 11:00:17 AM,446.65,0,0.0,39237147.34999999
2025-08-01 11:00:21 AM,446.65,6,2679.8999999999996,39239827.249999985
2025-08-01 11:00:37 AM,446.65,15,6699.75,39246526.999999985
2025-08-01 11:00:47 AM,446.7,0,0.0,39246526.999999985
2025-08-01 11:00:47 AM,446.7,3,1340.1,39247867.09999999
2025-08-01 11:01:15 AM,446.95,0,0.0,39247867.09999999
2025-08-01 11:01:20 AM,446.95,16,7151.2,39255018.29999999
2025-08-01 11:01:23 AM,447.15,0,0.0,39255018.29999999
2025-08-01 11:01:25 AM,447.15,1,447.15,39255465.44999999
2025-08-01 11:01:27 AM,446.65,0,0.0,39255465.44999999
2025-08-01 11:01:29 AM,447.25,0,0.0,39255465.44999999
2025-08-01 11:01:30 AM,447.25,1438,643145.5,39898610.94999999
2025-08-01 11:01:37 AM,447.05,0,0.0,39898610.94999999
2025-08-01 11:01:40 AM,447.05,34,15199.7,39913810.64999999
2025-08-01 11:01:46 AM,447.05,4,1788.2,39915598.849999994
2025-08-01 11:01:51 AM,447.05,62,27717.100000000002,39943315.949999996
2025-08-01 11:02:28 AM,447.05,1189,531542.4500000001,40474858.4
2025-08-01 11:02:34 AM,447.0,34,15198.0,40490056.4
2025-08-01 11:02:49 AM,447.05,0,0.0,40490056.4
2025-08-01 11:02:50 AM,447.05,10,4470.5,40494526.9
2025-08-01 11:02:57 AM,447.25,2,894.5,40495421.4
2025-08-01 11:03:02 AM,447.25,3,1341.75,40496763.15
2025-08-01 11:03:36 AM,447.7,30,13431.0,40510194.15
2025-08-01 11:03:47 AM,447.7,2,895.4,40511089.55
2025-08-01 11:03:58 AM,447.7,2,895.4,40511984.949999996
2025-08-01 11:04:35 AM,447.75,0,0.0,40511984.949999996
2025-08-01 11:04:36 AM,447.75,110,49252.5,40561237.449999996
2025-08-01 11:04:39 AM,448.55,0,0.0,40561237.449999996
2025-08-01 11:04:39 AM,448.55,10,4485.5,40565722.949999996
2025-08-01 11:04:44 AM,448.45,2,896.9,40566619.849999994
2025-08-01 11:05:11 AM,448.45,2,896.9,40567516.74999999
2025-08-01 11:05:20 AM,448.55,0,0.0,40567516.74999999
2025-08-01 11:05:21 AM,448.55,451,202296.05000000002,40769812.79999999
2025-08-01 11:05:32 AM,448.45,3,1345.35,40771158.14999999
2025-08-01 11:05:33 AM,448.5,0,0.0,40771158.14999999
2025-08-01 11:05:34 AM,448.5,1,448.5,40771606.64999999
2025-08-01 11:05:42 AM,448.05,0,0.0,40771606.64999999
2025-08-01 11:05:43 AM,448.05,2,896.1,40772502.74999999
2025-08-01 11:06:22 AM,447.95,0,0.0,40772502.74999999
2025-08-01 11:06:27 AM,447.95,481,215463.94999999998,40987966.699999996
2025-08-01 11:06:50 AM,447.9,0,0.0,40987966.699999996
2025-08-01 11:06:52 AM,447.9,37,16572.3,41004538.99999999
2025-08-01 11:06:57 AM,447.85,1,447.85,41004986.849999994
2025-08-01 11:07:05 AM,448.0,0,0.0,41004986.849999994
2025-08-01 11:07:07 AM,447.85,0,0.0,41004986.849999994
2025-08-01 11:07:08 AM,447.85,19,8509.15,41013495.99999999
2025-08-01 11:07:21 AM,447.9,0,0.0,41013495.99999999
2025-08-01 11:07:24 AM,447.9,100,44790.0,41058285.99999999
2025-08-01 11:07:40 AM,448.05,1,448.05,41058734.04999999
2025-08-01 11:07:49 AM,447.9,0,0.0,41058734.04999999
2025-08-01 11:07:51 AM,447.9,2,895.8,41059629.84999999
2025-08-01 11:07:55 AM,448.05,0,0.0,41059629.84999999
2025-08-01 11:07:56 AM,448.05,4,1792.2,41061422.04999999
2025-08-01 11:08:09 AM,448.55,0,0.0,41061422.04999999
2025-08-01 11:08:13 AM,448.55,2,897.1,41062319.14999999
2025-08-01 11:08:23 AM,448.55,54,24221.7,41086540.849999994
2025-08-01 11:08:28 AM,448.55,10,4485.5,41091026.349999994
2025-08-01 11:08:35 AM,448.55,2,897.1,41091923.449999996
2025-08-01 11:08:51 AM,448.55,25,11213.75,41103137.199999996
2025-08-01 11:08:53 AM,448.6,0,0.0,41103137.199999996
2025-08-01 11:08:54 AM,448.6,200,89720.0,41192857.199999996
2025-08-01 11:08:58 AM,448.05,0,0.0,41192857.199999996
2025-08-01 11:08:59 AM,448.05,429,192213.45,41385070.65
2025-08-01 11:09:17 AM,448.05,50,22402.5,41407473.15
2025-08-01 11:09:18 AM,447.9,0,0.0,41407473.15
2025-08-01 11:09:20 AM,448.0,2,896.0,41408369.15
2025-08-01 11:09:23 AM,448.0,1,448.0,41408817.15
2025-08-01 11:09:39 AM,448.0,1,448.0,41409265.15
2025-08-01 11:09:52 AM,448.0,1,448.0,41409713.15
2025-08-01 11:09:55 AM,448.0,1,448.0,41410161.15
2025-08-01 11:10:00 AM,448.0,3,1344.0,41411505.15
2025-08-01 11:10:02 AM,448.0,50,22400.0,41433905.15
2025-08-01 11:10:06 AM,448.0,2,896.0,41434801.15
2025-08-01 11:10:11 AM,447.85,90,40306.5,41475107.65
2025-08-01 11:10:20 AM,448.25,0,0.0,41475107.65
2025-08-01 11:10:20 AM,447.85,0,0.0,41475107.65
2025-08-01 11:10:22 AM,447.8,198,88664.40000000001,41563772.05
2025-08-01 11:11:44 AM,447.8,5,2239.0,41566011.05
2025-08-01 11:11:58 AM,447.85,0,0.0,41566011.05
2025-08-01 11:12:00 AM,447.85,10,4478.5,41570489.55
2025-08-01 11:12:32 AM,447.85,1,447.85,41570937.4
2025-08-01 11:12:52 AM,447.25,0,0.0,41570937.4
2025-08-01 11:12:52 AM,447.25,150,67087.5,41638024.9
2025-08-01 11:13:47 AM,447.25,18,8050.5,41646075.4
2025-08-01 11:13:57 AM,447.5,0,0.0,41646075.4
2025-08-01 11:13:57 AM,447.5,1,447.5,41646522.9
2025-08-01 11:14:03 AM,447.0,0,0.0,41646522.9
2025-08-01 11:14:03 AM,447.0,200,89400.0,41735922.9
2025-08-01 11:14:05 AM,447.4,1,447.4,41736370.3
2025-08-01 11:14:07 AM,447.0,0,0.0,41736370.3
2025-08-01 11:14:09 AM,447.0,1,447.0,41736817.3
2025-08-01 11:14:19 AM,447.55,0,0.0,41736817.3
2025-08-01 11:14:20 AM,447.55,100,44755.0,41781572.3
2025-08-01 11:14:29 AM,447.05,0,0.0,41781572.3
2025-08-01 11:14:30 AM,447.05,31,13858.550000000001,41795430.849999994
2025-08-01 11:14:51 AM,447.0,0,0.0,41795430.849999994
2025-08-01 11:14:51 AM,447.0,4,1788.0,41797218.849999994
2025-08-01 11:15:34 AM,447.0,9,4023.0,41801241.849999994
2025-08-01 11:15:40 AM,447.0,2,894.0,41802135.849999994
2025-08-01 11:16:27 AM,447.1,0,0.0,41802135.849999994
2025-08-01 11:16:27 AM,447.1,16,7153.6,41809289.449999996
2025-08-01 11:16:31 AM,447.2,0,0.0,41809289.449999996
2025-08-01 11:16:32 AM,447.2,2,894.4,41810183.849999994
2025-08-01 11:16:47 AM,447.2,32,14310.4,41824494.24999999
2025-08-01 11:17:16 AM,447.35,18,8052.3,41832546.54999999
2025-08-01 11:17:31 AM,447.5,0,0.0,41832546.54999999
2025-08-01 11:17:32 AM,447.5,45,20137.5,41852684.04999999
2025-08-01 11:18:47 AM,447.5,25,11187.5,41863871.54999999
2025-08-01 11:18:59 AM,447.5,27,12082.5,41875954.04999999
2025-08-01 11:19:10 AM,447.5,6,2685.0,41878639.04999999
2025-08-01 11:19:18 AM,447.95,0,0.0,41878639.04999999
2025-08-01 11:19:21 AM,447.95,608,272353.6,42150992.64999999
2025-08-01 11:19:27 AM,447.75,2,895.5,42151888.14999999
2025-08-01 11:19:35 AM,447.05,0,0.0,42151888.14999999
2025-08-01 11:19:36 AM,447.5,0,0.0,42151888.14999999
2025-08-01 11:19:37 AM,447.5,601,268947.5,42420835.64999999
2025-08-01 11:19:48 AM,447.5,9,4027.5,42424863.14999999
2025-08-01 11:20:13 AM,447.2,0,0.0,42424863.14999999
2025-08-01 11:20:14 AM,447.5,0,0.0,42424863.14999999
2025-08-01 11:20:15 AM,447.5,51,22822.5,42447685.64999999
2025-08-01 11:20:35 AM,447.4,0,0.0,42447685.64999999
2025-08-01 11:20:36 AM,447.4,5,2237.0,42449922.64999999
2025-08-01 11:20:41 AM,447.4,1,447.4,42450370.04999999
2025-08-01 11:20:56 AM,447.4,1,447.4,42450817.44999999
2025-08-01 11:21:01 AM,447.0,0,0.0,42450817.44999999
2025-08-01 11:21:01 AM,447.0,50,22350.0,42473167.44999999
2025-08-01 11:21:04 AM,447.5,0,0.0,42473167.44999999
2025-08-01 11:21:07 AM,447.5,96,42960.0,42516127.44999999
2025-08-01 11:21:10 AM,447.0,0,0.0,42516127.44999999
2025-08-01 11:21:12 AM,447.0,704,314688.0,42830815.44999999
2025-08-01 11:21:28 AM,446.95,0,0.0,42830815.44999999
2025-08-01 11:21:28 AM,446.95,11,4916.45,42835731.89999999
2025-08-01 11:21:39 AM,446.95,1,446.95,42836178.849999994
2025-08-01 11:21:41 AM,446.3,0,0.0,42836178.849999994
2025-08-01 11:21:44 AM,446.3,300,133890.0,42970068.849999994
2025-08-01 11:22:14 AM,446.5,0,0.0,42970068.849999994
2025-08-01 11:22:15 AM,446.5,7,3125.5,42973194.349999994
2025-08-01 11:22:27 AM,446.95,0,0.0,42973194.349999994
2025-08-01 11:22:31 AM,446.95,100,44695.0,43017889.349999994
2025-08-01 11:22:42 AM,446.95,12,5363.4,43023252.74999999
2025-08-01 11:22:47 AM,446.95,1,446.95,43023699.699999996
2025-08-01 11:23:02 AM,446.95,1,446.95,43024146.65
2025-08-01 11:23:04 AM,446.55,0,0.0,43024146.65
2025-08-01 11:23:08 AM,446.55,9,4018.9500000000003,43028165.6
2025-08-01 11:23:37 AM,446.7,0,0.0,43028165.6
2025-08-01 11:23:40 AM,446.7,5,2233.5,43030399.1
2025-08-01 11:24:34 AM,446.9,0,0.0,43030399.1
2025-08-01 11:24:36 AM,446.9,30,13407.0,43043806.1
2025-08-01 11:24:37 AM,446.95,0,0.0,43043806.1
2025-08-01 11:24:41 AM,446.95,2,893.9,43044700.0
2025-08-01 11:25:02 AM,446.95,1,446.95,43045146.95
2025-08-01 11:25:33 AM,446.95,15,6704.25,43051851.2
2025-08-01 11:25:39 AM,446.95,1,446.95,43052298.150000006
2025-08-01 11:26:04 AM,446.7,0,0.0,43052298.150000006
2025-08-01 11:26:04 AM,446.7,6,2680.2,43054978.35000001
2025-08-01 11:26:20 AM,446.7,14,6253.8,43061232.150000006
2025-08-01 11:26:41 AM,446.7,2,893.4,43062125.550000004
2025-08-01 11:26:55 AM,446.7,58,25908.6,43088034.150000006
2025-08-01 11:27:05 AM,446.7,2,893.4,43088927.550000004
2025-08-01 11:27:12 AM,446.7,5,2233.5,43091161.050000004
2025-08-01 11:27:21 AM,446.7,222,99167.4,43190328.45
2025-08-01 11:27:51 AM,446.5,0,0.0,43190328.45
2025-08-01 11:27:52 AM,446.5,151,67421.5,43257749.95
2025-08-01 11:28:02 AM,446.45,0,0.0,43257749.95
2025-08-01 11:28:02 AM,446.45,3,1339.35,43259089.300000004
2025-08-01 11:28:18 AM,446.0,0,0.0,43259089.300000004
2025-08-01 11:28:20 AM,446.0,400,178400.0,43437489.300000004
2025-08-01 11:28:30 AM,446.0,30,13380.0,43450869.300000004
2025-08-01 11:28:42 AM,446.35,0,0.0,43450869.300000004
2025-08-01 11:28:44 AM,446.35,30,13390.5,43464259.800000004
2025-08-01 11:29:24 AM,446.0,0,0.0,43464259.800000004
2025-08-01 11:29:25 AM,446.0,50,22300.0,43486559.800000004
2025-08-01 11:30:09 AM,446.0,250,111500.0,43598059.800000004
2025-08-01 11:30:17 AM,446.0,52,23192.0,43621251.800000004
2025-08-01 11:30:49 AM,445.6,0,0.0,43621251.800000004
2025-08-01 11:30:49 AM,445.6,7,3119.2000000000003,43624371.00000001
2025-08-01 11:30:53 AM,445.55,0,0.0,43624371.00000001
2025-08-01 11:30:54 AM,445.55,13,5792.150000000001,43630163.150000006
2025-08-01 11:31:12 AM,445.45,6,2672.7,43632835.85000001
2025-08-01 11:31:13 AM,445.8,0,0.0,43632835.85000001
2025-08-01 11:31:15 AM,445.8,30,13374.0,43646209.85000001
2025-08-01 11:31:42 AM,446.0,0,0.0,43646209.85000001
2025-08-01 11:31:42 AM,446.0,448,199808.0,43846017.85000001
2025-08-01 11:31:45 AM,446.4,0,0.0,43846017.85000001
2025-08-01 11:31:46 AM,446.4,5,2232.0,43848249.85000001
2025-08-01 11:31:55 AM,446.4,1,446.4,43848696.25000001
2025-08-01 11:32:18 AM,446.35,0,0.0,43848696.25000001
2025-08-01 11:32:19 AM,446.35,1,446.35,43849142.60000001
2025-08-01 11:32:22 AM,446.2,50,22310.0,43871452.60000001
2025-08-01 11:32:24 AM,446.2,2,892.4,43872345.00000001
2025-08-01 11:32:32 AM,446.0,0,0.0,43872345.00000001
2025-08-01 11:32:32 AM,446.0,103,45938.0,43918283.00000001
2025-08-01 11:32:46 AM,446.05,0,0.0,43918283.00000001
2025-08-01 11:32:48 AM,446.05,5,2230.25,43920513.25000001
2025-08-01 11:33:07 AM,446.0,0,0.0,43920513.25000001
2025-08-01 11:33:09 AM,446.0,18,8028.0,43928541.25000001
2025-08-01 11:33:14 AM,445.6,0,0.0,43928541.25000001
2025-08-01 11:33:14 AM,445.6,957,426439.2,44354980.45000001
2025-08-01 11:33:31 AM,445.3,0,0.0,44354980.45000001
2025-08-01 11:33:32 AM,445.75,0,0.0,44354980.45000001
2025-08-01 11:33:34 AM,445.75,17,7577.75,44362558.20000001
2025-08-01 11:33:40 AM,445.65,1,445.65,44363003.85000001
2025-08-01 11:34:05 AM,446.25,15,6693.75,44369697.60000001
2025-08-01 11:34:25 AM,446.25,10,4462.5,44374160.10000001
2025-08-01 11:34:26 AM,446.4,0,0.0,44374160.10000001
2025-08-01 11:34:30 AM,446.4,4,1785.6,44375945.70000001
2025-08-01 11:34:36 AM,446.4,1,446.4,44376392.10000001
2025-08-01 11:35:18 AM,446.4,16,7142.4,44383534.50000001
2025-08-01 11:35:24 AM,446.25,34,15172.5,44398707.00000001
2025-08-01 11:35:45 AM,446.25,2,892.5,44399599.50000001
2025-08-01 11:36:15 AM,446.25,8,3570.0,44403169.50000001
2025-08-01 11:36:21 AM,446.25,12,5355.0,44408524.50000001
2025-08-01 11:36:26 AM,446.25,6,2677.5,44411202.00000001
2025-08-01 11:36:41 AM,446.25,1,446.25,44411648.25000001
2025-08-01 11:36:57 AM,446.25,1,446.25,44412094.50000001
2025-08-01 11:37:34 AM,446.25,1,446.25,44412540.75000001
2025-08-01 11:37:41 AM,445.9,0,0.0,44412540.75000001
2025-08-01 11:37:44 AM,445.9,315,140458.5,44552999.25000001
2025-08-01 11:37:51 AM,445.15,0,0.0,44552999.25000001
2025-08-01 11:37:55 AM,445.15,3908,1739646.2,46292645.45000001
2025-08-01 11:37:56 AM,445.65,0,0.0,46292645.45000001
2025-08-01 11:37:59 AM,445.65,1,445.65,46293091.10000001
2025-08-01 11:38:09 AM,445.65,3,1336.9499999999998,46294428.05000001
2025-08-01 11:38:15 AM,445.65,30,13369.5,46307797.55000001
2025-08-01 11:38:35 AM,445.65,4,1782.6,46309580.15000001
2025-08-01 11:39:02 AM,446.0,0,0.0,46309580.15000001
2025-08-01 11:39:05 AM,446.0,15,6690.0,46316270.15000001
2025-08-01 11:39:15 AM,446.0,1,446.0,46316716.15000001
2025-08-01 11:39:29 AM,446.15,0,0.0,46316716.15000001
2025-08-01 11:39:30 AM,446.15,51,22753.649999999998,46339469.80000001
2025-08-01 11:39:32 AM,445.4,0,0.0,46339469.80000001
2025-08-01 11:39:34 AM,445.0,0,0.0,46339469.80000001
2025-08-01 11:39:35 AM,445.0,1077,479265.0,46818734.80000001
2025-08-01 11:39:37 AM,445.0,48,21360.0,46840094.80000001
2025-08-01 11:39:58 AM,445.05,2,890.1,46840984.90000001
2025-08-01 11:39:59 AM,445.0,31,13795.0,46854779.90000001
2025-08-01 11:40:02 AM,445.0,48,21360.0,46876139.90000001
2025-08-01 11:40:21 AM,444.9,0,0.0,46876139.90000001
2025-08-01 11:40:23 AM,444.9,166,73853.4,46949993.30000001
2025-08-01 11:40:47 AM,444.6,0,0.0,46949993.30000001
2025-08-01 11:40:48 AM,444.9,0,0.0,46949993.30000001
2025-08-01 11:40:48 AM,444.9,12,5338.799999999999,46955332.10000001
2025-08-01 11:40:58 AM,444.6,0,0.0,46955332.10000001
2025-08-01 11:40:58 AM,444.6,7,3112.2000000000003,46958444.30000001
2025-08-01 11:41:14 AM,444.9,1,444.9,46958889.20000001
2025-08-01 11:41:15 AM,444.6,5,2223.0,46961112.20000001
2025-08-01 11:41:17 AM,444.3,0,0.0,46961112.20000001
2025-08-01 11:41:19 AM,444.3,120,53316.0,47014428.20000001
2025-08-01 11:41:19 AM,444.15,0,0.0,47014428.20000001
2025-08-01 11:41:19 AM,444.0,394,174936.0,47189364.20000001
2025-08-01 11:41:24 AM,444.0,63,27972.0,47217336.20000001
2025-08-01 11:41:35 AM,444.4,0,0.0,47217336.20000001
2025-08-01 11:41:39 AM,444.4,4,1777.6,47219113.80000001
2025-08-01 11:41:41 AM,444.45,0,0.0,47219113.80000001
2025-08-01 11:41:44 AM,444.45,10,4444.5,47223558.30000001
2025-08-01 11:41:49 AM,444.45,8,3555.6,47227113.90000001
2025-08-01 11:41:54 AM,444.45,1,444.45,47227558.35000002
2025-08-01 11:42:20 AM,444.45,1,444.45,47228002.80000002
2025-08-01 11:42:27 AM,444.6,0,0.0,47228002.80000002
2025-08-01 11:42:29 AM,444.45,0,0.0,47228002.80000002
2025-08-01 11:42:30 AM,444.45,3,1333.35,47229336.15000002
2025-08-01 11:42:59 AM,444.5,0,0.0,47229336.15000002
2025-08-01 11:43:01 AM,444.6,0,0.0,47229336.15000002
2025-08-01 11:43:01 AM,444.6,99,44015.4,47273351.55000002
2025-08-01 11:43:21 AM,444.95,0,0.0,47273351.55000002
2025-08-01 11:43:23 AM,444.95,33,14683.35,47288034.90000002
2025-08-01 11:43:54 AM,445.15,100,44515.0,47332549.90000002
2025-08-01 11:44:07 AM,444.9,0,0.0,47332549.90000002
2025-08-01 11:44:11 AM,444.9,16,7118.4,47339668.30000002
2025-08-01 11:44:17 AM,444.85,0,0.0,47339668.30000002
2025-08-01 11:44:17 AM,444.85,2,889.7,47340558.00000002
2025-08-01 11:44:29 AM,444.85,3,1334.5500000000002,47341892.55000002
2025-08-01 11:44:34 AM,444.85,1,444.85,47342337.40000002
2025-08-01 11:44:54 AM,445.05,0,0.0,47342337.40000002
2025-08-01 11:44:56 AM,445.05,1,445.05,47342782.45000002
2025-08-01 11:45:15 AM,444.6,0,0.0,47342782.45000002
2025-08-01 11:45:17 AM,444.9,0,0.0,47342782.45000002
2025-08-01 11:45:18 AM,444.9,21,9342.9,47352125.35000002
2025-08-01 11:45:33 AM,444.5,0,0.0,47352125.35000002
2025-08-01 11:45:34 AM,444.5,8,3556.0,47355681.35000002
2025-08-01 11:46:17 AM,444.5,5,2222.5,47357903.85000002
2025-08-01 11:46:21 AM,444.5,186,82677.0,47440580.85000002
2025-08-01 11:46:47 AM,445.1,0,0.0,47440580.85000002
2025-08-01 11:46:48 AM,445.1,120,53412.0,47493992.85000002
2025-08-01 11:46:49 AM,445.0,1,445.0,47494437.85000002
2025-08-01 11:46:56 AM,445.5,0,0.0,47494437.85000002
2025-08-01 11:46:59 AM,445.5,20,8910.0,47503347.85000002
2025-08-01 11:47:00 AM,445.5,2,891.0,47504238.85000002
2025-08-01 11:47:07 AM,445.45,0,0.0,47504238.85000002
2025-08-01 11:47:09 AM,445.05,102,45395.1,47549633.95000002
2025-08-01 11:47:25 AM,445.05,25,11126.25,47560760.20000002
2025-08-01 11:47:33 AM,445.45,0,0.0,47560760.20000002
2025-08-01 11:47:34 AM,445.45,11,4899.95,47565660.15000002
2025-08-01 11:47:44 AM,445.45,2,890.9,47566551.05000002
2025-08-01 11:47:45 AM,445.15,3,1335.4499999999998,47567886.50000002
2025-08-01 11:48:05 AM,445.15,25,11128.75,47579015.25000002
2025-08-01 11:48:29 AM,445.45,0,0.0,47579015.25000002
2025-08-01 11:48:30 AM,445.45,12,5345.4,47584360.65000002
2025-08-01 11:48:32 AM,445.15,0,0.0,47584360.65000002
2025-08-01 11:48:35 AM,445.15,25,11128.75,47595489.40000002
2025-08-01 11:49:07 AM,445.45,0,0.0,47595489.40000002
2025-08-01 11:49:11 AM,445.45,14,6236.3,47601725.70000002
2025-08-01 11:49:27 AM,445.45,87,38754.15,47640479.85000002
2025-08-01 11:49:32 AM,445.45,1,445.45,47640925.30000002
2025-08-01 11:49:48 AM,445.45,250,111362.5,47752287.80000002
2025-08-01 11:49:49 AM,445.4,0,0.0,47752287.80000002
2025-08-01 11:49:53 AM,445.0,1139,506855.0,48259142.80000002
2025-08-01 11:50:44 AM,445.0,70,31150.0,48290292.80000002
2025-08-01 11:51:38 AM,445.0,1,445.0,48290737.80000002
2025-08-01 11:51:48 AM,445.0,1,445.0,48291182.80000002
2025-08-01 11:51:58 AM,444.85,0,0.0,48291182.80000002
2025-08-01 11:51:58 AM,444.85,50,22242.5,48313425.30000002
2025-08-01 11:52:22 AM,444.8,0,0.0,48313425.30000002
2025-08-01 11:52:23 AM,444.8,3,1334.4,48314759.70000002
2025-08-01 11:52:31 AM,445.0,0,0.0,48314759.70000002
2025-08-01 11:52:32 AM,445.2,0,0.0,48314759.70000002
2025-08-01 11:52:33 AM,445.2,38,16917.6,48331677.30000002
2025-08-01 11:52:57 AM,445.4,0,0.0,48331677.30000002
2025-08-01 11:52:59 AM,445.4,1,445.4,48332122.70000002
2025-08-01 11:53:02 AM,445.05,0,0.0,48332122.70000002
2025-08-01 11:53:04 AM,445.05,50,22252.5,48354375.20000002
2025-08-01 11:53:28 AM,445.15,0,0.0,48354375.20000002
2025-08-01 11:53:30 AM,445.15,128,56979.2,48411354.40000002
2025-08-01 11:54:13 AM,445.2,0,0.0,48411354.40000002
2025-08-01 11:54:14 AM,445.15,0,0.0,48411354.40000002
2025-08-01 11:54:15 AM,445.15,3,1335.4499999999998,48412689.850000024
2025-08-01 11:54:54 AM,445.2,0,0.0,48412689.850000024
2025-08-01 11:54:56 AM,445.2,1,445.2,48413135.05000003
2025-08-01 11:55:13 AM,445.0,0,0.0,48413135.05000003
2025-08-01 11:55:16 AM,445.0,10,4450.0,48417585.05000003
2025-08-01 11:55:21 AM,445.0,1,445.0,48418030.05000003
2025-08-01 11:55:53 AM,445.15,0,0.0,48418030.05000003
2025-08-01 11:55:56 AM,445.15,10,4451.5,48422481.55000003
2025-08-01 11:56:27 AM,445.15,1,445.15,48422926.700000025
2025-08-01 11:56:47 AM,445.15,3,1335.4499999999998,48424262.15000003
2025-08-01 11:57:21 AM,444.75,0,0.0,48424262.15000003
2025-08-01 11:57:22 AM,444.75,27,12008.25,48436270.40000003
2025-08-01 11:57:25 AM,445.0,0,0.0,48436270.40000003
2025-08-01 11:57:27 AM,445.0,48,21360.0,48457630.40000003
2025-08-01 11:57:33 AM,444.6,0,0.0,48457630.40000003
2025-08-01 11:57:33 AM,444.6,6,2667.6000000000004,48460298.00000003
2025-08-01 11:58:13 AM,444.6,15,6669.0,48466967.00000003
2025-08-01 11:58:35 AM,444.95,3,1334.85,48468301.85000003
2025-08-01 11:58:36 AM,444.6,8,3556.8,48471858.65000003
2025-08-01 11:58:45 AM,444.6,8,3556.8,48475415.450000025
2025-08-01 11:59:30 AM,444.95,0,0.0,48475415.450000025
2025-08-01 11:59:31 AM,444.95,10,4449.5,48479864.950000025
2025-08-01 11:59:38 AM,444.45,0,0.0,48479864.950000025
2025-08-01 11:59:39 AM,444.45,243,108001.34999999999,48587866.30000003
2025-08-01 12:00:41 PM,444.45,3,1333.35,48589199.65000003
2025-08-01 12:00:59 PM,444.75,0,0.0,48589199.65000003
2025-08-01 12:01:01 PM,444.75,5,2223.75,48591423.40000003
2025-08-01 12:01:08 PM,444.75,1,444.75,48591868.15000003
2025-08-01 12:01:09 PM,444.1,0,0.0,48591868.15000003
2025-08-01 12:01:11 PM,444.1,100,44410.0,48636278.15000003
2025-08-01 12:01:14 PM,444.3,0,0.0,48636278.15000003
2025-08-01 12:01:16 PM,444.3,2,888.6,48637166.75000003
2025-08-01 12:02:47 PM,444.3,50,22215.0,48659381.75000003
2025-08-01 12:02:56 PM,444.3,50,22215.0,48681596.75000003
2025-08-01 12:03:07 PM,444.1,0,0.0,48681596.75000003
2025-08-01 12:03:08 PM,444.1,2,888.2,48682484.95000003
2025-08-01 12:03:49 PM,444.3,0,0.0,48682484.95000003
2025-08-01 12:03:51 PM,444.3,4,1777.2,48684262.150000036
2025-08-01 12:03:53 PM,444.45,25,11111.25,48695373.400000036
2025-08-01 12:04:06 PM,444.45,2,888.9,48696262.300000034
2025-08-01 12:04:11 PM,444.1,0,0.0,48696262.300000034
2025-08-01 12:04:11 PM,444.1,11,4885.1,48701147.400000036
2025-08-01 12:04:44 PM,444.0,0,0.0,48701147.400000036
2025-08-01 12:04:45 PM,444.0,624,277056.0,48978203.400000036
2025-08-01 12:04:46 PM,443.95,0,0.0,48978203.400000036
2025-08-01 12:04:47 PM,443.95,15,6659.25,48984862.650000036
2025-08-01 12:05:10 PM,444.0,0,0.0,48984862.650000036
2025-08-01 12:05:11 PM,444.0,13,5772.0,48990634.650000036
2025-08-01 12:05:18 PM,444.0,10,4440.0,48995074.650000036
2025-08-01 12:05:27 PM,444.1,1,444.1,48995518.75000004
2025-08-01 12:05:56 PM,444.1,1,444.1,48995962.85000004
2025-08-01 12:06:21 PM,444.1,20,8882.0,49004844.85000004
2025-08-01 12:06:26 PM,444.1,432,191851.2,49196696.05000004
2025-08-01 12:07:00 PM,444.25,0,0.0,49196696.05000004
2025-08-01 12:07:00 PM,444.25,17,7552.25,49204248.30000004
2025-08-01 12:07:26 PM,444.25,13,5775.25,49210023.55000004
2025-08-01 12:08:02 PM,444.3,0,0.0,49210023.55000004
2025-08-01 12:08:06 PM,444.3,10,4443.0,49214466.55000004
2025-08-01 12:08:48 PM,444.1,0,0.0,49214466.55000004
2025-08-01 12:08:51 PM,444.1,100,44410.0,49258876.55000004
2025-08-01 12:09:34 PM,444.35,0,0.0,49258876.55000004
2025-08-01 12:09:36 PM,444.35,1,444.35,49259320.90000004
2025-08-01 12:10:00 PM,444.35,6,2666.1000000000004,49261987.000000045
2025-08-01 12:10:16 PM,444.35,10,4443.5,49266430.500000045
2025-08-01 12:10:40 PM,444.5,0,0.0,49266430.500000045
2025-08-01 12:10:41 PM,444.5,5,2222.5,49268653.000000045
2025-08-01 12:10:51 PM,444.5,1,444.5,49269097.500000045
2025-08-01 12:12:16 PM,444.8,0,0.0,49269097.500000045
2025-08-01 12:12:19 PM,444.8,1,444.8,49269542.30000004
2025-08-01 12:12:24 PM,444.5,0,0.0,49269542.30000004
2025-08-01 12:12:24 PM,444.5,18,8001.0,49277543.30000004
2025-08-01 12:12:29 PM,444.5,10,4445.0,49281988.30000004
2025-08-01 12:12:32 PM,444.35,0,0.0,49281988.30000004
2025-08-01 12:12:34 PM,444.35,42,18662.7,49300651.000000045
2025-08-01 12:13:12 PM,444.55,0,0.0,49300651.000000045
2025-08-01 12:13:15 PM,444.55,100,44455.0,49345106.000000045
2025-08-01 12:13:30 PM,444.1,4,1776.4,49346882.40000004
2025-08-01 12:13:40 PM,444.4,0,0.0,49346882.40000004
2025-08-01 12:13:40 PM,444.4,15,6666.0,49353548.40000004
2025-08-01 12:13:50 PM,444.1,29,12878.900000000001,49366427.30000004
2025-08-01 12:14:00 PM,444.4,0,0.0,49366427.30000004
2025-08-01 12:14:01 PM,444.4,10,4444.0,49370871.30000004
2025-08-01 12:14:34 PM,444.4,1,444.4,49371315.70000004
2025-08-01 12:15:14 PM,444.1,0,0.0,49371315.70000004
2025-08-01 12:15:16 PM,444.1,11,4885.1,49376200.80000004
2025-08-01 12:15:57 PM,444.1,2,888.2,49377089.000000045
2025-08-01 12:16:12 PM,444.1,6,2664.6000000000004,49379753.600000046
2025-08-01 12:16:21 PM,444.1,9,3996.9,49383750.500000045
2025-08-01 12:17:44 PM,444.1,12,5329.200000000001,49389079.70000005
2025-08-01 12:19:22 PM,444.0,0,0.0,49389079.70000005
2025-08-01 12:19:23 PM,444.0,322,142968.0,49532047.70000005
2025-08-01 12:19:24 PM,443.7,0,0.0,49532047.70000005
2025-08-01 12:19:28 PM,443.7,103,45701.1,49577748.80000005
2025-08-01 12:19:36 PM,443.55,0,0.0,49577748.80000005
2025-08-01 12:19:38 PM,443.55,12,5322.6,49583071.40000005
2025-08-01 12:19:48 PM,443.55,38,16854.9,49599926.30000005
2025-08-01 12:20:03 PM,443.55,14,6209.7,49606136.00000005
2025-08-01 12:20:09 PM,443.55,2,887.1,49607023.10000005
2025-08-01 12:20:51 PM,443.55,3,1330.65,49608353.75000005
2025-08-01 12:21:01 PM,443.7,0,0.0,49608353.75000005
2025-08-01 12:21:05 PM,443.7,5,2218.5,49610572.25000005
2025-08-01 12:21:18 PM,443.55,0,0.0,49610572.25000005
2025-08-01 12:21:20 PM,443.55,2,887.1,49611459.35000005
2025-08-01 12:22:05 PM,444.15,0,0.0,49611459.35000005
2025-08-01 12:22:09 PM,444.15,500,222075.0,49833534.35000005
2025-08-01 12:22:16 PM,444.05,0,0.0,49833534.35000005
2025-08-01 12:22:19 PM,444.05,11,4884.55,49838418.90000005
2025-08-01 12:22:27 PM,444.35,0,0.0,49838418.90000005
2025-08-01 12:22:30 PM,444.35,1,444.35,49838863.25000005
2025-08-01 12:22:41 PM,444.35,1,444.35,49839307.60000005
2025-08-01 12:22:45 PM,444.05,0,0.0,49839307.60000005
2025-08-01 12:22:46 PM,444.05,26,11545.300000000001,49850852.90000005
2025-08-01 12:22:47 PM,444.5,0,0.0,49850852.90000005
2025-08-01 12:22:50 PM,444.5,200,88900.0,49939752.90000005
2025-08-01 12:23:07 PM,444.4,0,0.0,49939752.90000005
2025-08-01 12:23:11 PM,444.4,1,444.4,49940197.30000005
2025-08-01 12:23:14 PM,444.35,0,0.0,49940197.30000005
2025-08-01 12:23:16 PM,444.35,1,444.35,49940641.65000005
2025-08-01 12:23:36 PM,444.1,0,0.0,49940641.65000005
2025-08-01 12:23:39 PM,443.9,188,83453.2,50024094.85000005
2025-08-01 12:23:44 PM,443.9,4,1775.6,50025870.450000055
2025-08-01 12:23:54 PM,443.6,4,1774.4,50027644.85000005
2025-08-01 12:24:05 PM,443.9,46,20419.399999999998,50048064.25000005
2025-08-01 12:24:33 PM,444.2,0,0.0,50048064.25000005
2025-08-01 12:24:34 PM,444.2,1,444.2,50048508.450000055
2025-08-01 12:25:15 PM,444.2,1,444.2,50048952.65000006
2025-08-01 12:25:44 PM,444.2,11,4886.2,50053838.85000006
2025-08-01 12:25:54 PM,444.2,5,2221.0,50056059.85000006
2025-08-01 12:25:55 PM,444.2,1,444.2,50056504.050000064
2025-08-01 12:26:14 PM,444.2,1,444.2,50056948.25000007
2025-08-01 12:26:35 PM,444.2,1,444.2,50057392.45000007
2025-08-01 12:26:40 PM,444.2,10,4442.0,50061834.45000007
2025-08-01 12:27:05 PM,444.2,15,6663.0,50068497.45000007
2025-08-01 12:27:16 PM,443.1,0,0.0,50068497.45000007
2025-08-01 12:27:19 PM,443.3,0,0.0,50068497.45000007
2025-08-01 12:27:20 PM,443.3,903,400299.9,50468797.35000007
2025-08-01 12:27:25 PM,443.65,15,6654.75,50475452.10000007
2025-08-01 12:27:30 PM,443.65,5,2218.25,50477670.35000007
2025-08-01 12:27:40 PM,443.65,20,8873.0,50486543.35000007
2025-08-01 12:27:54 PM,443.1,0,0.0,50486543.35000007
2025-08-01 12:27:55 PM,443.1,11,4874.1,50491417.45000007
2025-08-01 12:28:19 PM,443.1,24,10634.400000000001,50502051.85000007
2025-08-01 12:29:12 PM,443.15,0,0.0,50502051.85000007
2025-08-01 12:29:13 PM,443.4,0,0.0,50502051.85000007
2025-08-01 12:29:13 PM,443.4,33,14632.199999999999,50516684.05000007
2025-08-01 12:29:30 PM,443.4,1,443.4,50517127.45000007
2025-08-01 12:29:39 PM,443.4,1,443.4,50517570.85000007
2025-08-01 12:30:03 PM,443.1,125,55387.5,50572958.35000007
2025-08-01 12:30:47 PM,443.55,50,22177.5,50595135.85000007
2025-08-01 12:31:00 PM,443.55,1,443.55,50595579.400000066
2025-08-01 12:31:07 PM,443.55,1,443.55,50596022.95000006
2025-08-01 12:31:10 PM,443.55,5,2217.75,50598240.70000006
2025-08-01 12:31:26 PM,443.9,0,0.0,50598240.70000006
2025-08-01 12:31:26 PM,443.9,25,11097.5,50609338.20000006
2025-08-01 12:31:32 PM,443.9,1,443.9,50609782.10000006
2025-08-01 12:31:40 PM,444.25,0,0.0,50609782.10000006
2025-08-01 12:31:42 PM,444.25,5,2221.25,50612003.35000006
2025-08-01 12:31:47 PM,444.4,35,15554.0,50627557.35000006
2025-08-01 12:31:50 PM,444.25,0,0.0,50627557.35000006
2025-08-01 12:31:53 PM,444.25,1,444.25,50628001.60000006
2025-08-01 12:31:56 PM,444.2,0,0.0,50628001.60000006
2025-08-01 12:31:58 PM,444.2,2,888.4,50628890.00000006
2025-08-01 12:32:04 PM,444.2,1,444.2,50629334.20000006
2025-08-01 12:32:08 PM,444.25,0,0.0,50629334.20000006
2025-08-01 12:32:09 PM,444.25,10,4442.5,50633776.70000006
2025-08-01 12:32:14 PM,444.25,2,888.5,50634665.20000006
2025-08-01 12:32:30 PM,444.0,0,0.0,50634665.20000006
2025-08-01 12:32:30 PM,444.0,11,4884.0,50639549.20000006
2025-08-01 12:32:32 PM,444.25,0,0.0,50639549.20000006
2025-08-01 12:32:35 PM,444.25,1,444.25,50639993.45000006
2025-08-01 12:32:40 PM,444.25,2,888.5,50640881.95000006
2025-08-01 12:32:57 PM,444.0,0,0.0,50640881.95000006
2025-08-01 12:32:59 PM,444.0,1,444.0,50641325.95000006
2025-08-01 12:33:15 PM,444.0,17,7548.0,50648873.95000006
2025-08-01 12:33:34 PM,444.0,125,55500.0,50704373.95000006
2025-08-01 12:33:54 PM,443.95,0,0.0,50704373.95000006
2025-08-01 12:33:55 PM,443.95,5,2219.75,50706593.70000006
2025-08-01 12:34:06 PM,443.9,0,0.0,50706593.70000006
2025-08-01 12:34:10 PM,443.9,1,443.9,50707037.60000006
2025-08-01 12:34:14 PM,443.85,0,0.0,50707037.60000006
2025-08-01 12:34:15 PM,443.85,10,4438.5,50711476.10000006
2025-08-01 12:34:34 PM,443.45,0,0.0,50711476.10000006
2025-08-01 12:34:35 PM,443.5,126,55881.0,50767357.10000006
2025-08-01 12:35:02 PM,443.6,0,0.0,50767357.10000006
2025-08-01 12:35:06 PM,443.6,18,7984.8,50775341.90000006
2025-08-01 12:35:08 PM,443.45,0,0.0,50775341.90000006
2025-08-01 12:35:11 PM,443.45,1,443.45,50775785.35000006
2025-08-01 12:35:31 PM,443.45,10,4434.5,50780219.85000006
2025-08-01 12:35:36 PM,443.45,1,443.45,50780663.300000064
2025-08-01 12:35:58 PM,443.45,5,2217.25,50782880.550000064
2025-08-01 12:36:08 PM,443.4,0,0.0,50782880.550000064
2025-08-01 12:36:09 PM,443.4,201,89123.4,50872003.95000006
2025-08-01 12:36:32 PM,443.05,0,0.0,50872003.95000006
2025-08-01 12:36:34 PM,443.05,95,42089.75,50914093.70000006
2025-08-01 12:36:43 PM,443.4,0,0.0,50914093.70000006
2025-08-01 12:36:45 PM,443.4,1,443.4,50914537.10000006
2025-08-01 12:36:48 PM,443.5,0,0.0,50914537.10000006
2025-08-01 12:36:49 PM,443.5,25,11087.5,50925624.60000006
2025-08-01 12:36:53 PM,443.05,0,0.0,50925624.60000006
2025-08-01 12:36:55 PM,443.05,932,412922.60000000003,51338547.20000006
2025-08-01 12:37:29 PM,443.45,0,0.0,51338547.20000006
2025-08-01 12:37:30 PM,443.45,5,2217.25,51340764.45000006
2025-08-01 12:37:45 PM,443.45,1,443.45,51341207.900000066
2025-08-01 12:38:05 PM,443.05,0,0.0,51341207.900000066
2025-08-01 12:38:05 PM,443.05,10,4430.5,51345638.400000066
2025-08-01 12:38:11 PM,443.45,18,7982.099999999999,51353620.50000007
2025-08-01 12:38:15 PM,443.45,4,1773.8,51355394.300000064
2025-08-01 12:38:25 PM,443.45,200,88690.0,51444084.300000064
2025-08-01 12:38:29 PM,443.45,1,443.45,51444527.75000007
2025-08-01 12:38:43 PM,443.55,0,0.0,51444527.75000007
2025-08-01 12:38:44 PM,443.55,50,22177.5,51466705.25000007
2025-08-01 12:39:10 PM,443.5,0,0.0,51466705.25000007
2025-08-01 12:39:13 PM,443.5,1,443.5,51467148.75000007
2025-08-01 12:39:24 PM,443.5,1,443.5,51467592.25000007
2025-08-01 12:39:28 PM,443.5,13,5765.5,51473357.75000007
2025-08-01 12:39:46 PM,443.05,0,0.0,51473357.75000007
2025-08-01 12:39:48 PM,443.05,1200,531660.0,52005017.75000007
2025-08-01 12:39:54 PM,442.85,0,0.0,52005017.75000007
2025-08-01 12:39:55 PM,442.8,0,0.0,52005017.75000007
2025-08-01 12:39:58 PM,442.8,1604,710251.2000000001,52715268.95000007
2025-08-01 12:40:24 PM,442.8,10,4428.0,52719696.95000007
2025-08-01 12:41:02 PM,442.9,0,0.0,52719696.95000007
2025-08-01 12:41:05 PM,442.9,35,15501.5,52735198.45000007
2025-08-01 12:41:21 PM,442.55,14,6195.7,52741394.15000007
2025-08-01 12:41:22 PM,442.9,0,0.0,52741394.15000007
2025-08-01 12:41:26 PM,442.9,18,7972.2,52749366.350000076
2025-08-01 12:41:42 PM,442.9,14,6200.599999999999,52755566.95000008
2025-08-01 12:42:16 PM,442.8,0,0.0,52755566.95000008
2025-08-01 12:42:18 PM,442.85,0,0.0,52755566.95000008
2025-08-01 12:42:18 PM,442.85,954,422478.9,53178045.850000076
2025-08-01 12:42:28 PM,442.85,1,442.85,53178488.70000008
2025-08-01 12:42:54 PM,442.85,1,442.85,53178931.55000008
2025-08-01 12:43:11 PM,442.55,36,15931.800000000001,53194863.350000076
2025-08-01 12:43:12 PM,442.2,0,0.0,53194863.350000076
2025-08-01 12:43:16 PM,442.2,34,15034.8,53209898.15000007
2025-08-01 12:43:21 PM,442.3,0,0.0,53209898.15000007
2025-08-01 12:43:21 PM,442.3,10,4423.0,53214321.15000007
2025-08-01 12:43:27 PM,442.2,0,0.0,53214321.15000007
2025-08-01 12:43:28 PM,442.2,1,442.2,53214763.350000076
2025-08-01 12:43:33 PM,442.2,7,3095.4,53217858.750000075
2025-08-01 12:43:38 PM,442.3,53,23441.9,53241300.65000007
2025-08-01 12:43:42 PM,442.2,0,0.0,53241300.65000007
2025-08-01 12:43:44 PM,442.2,4,1768.8,53243069.45000007
2025-08-01 12:43:56 PM,442.3,0,0.0,53243069.45000007
2025-08-01 12:44:00 PM,442.3,2,884.6,53243954.05000007
2025-08-01 12:44:05 PM,442.3,13,5749.900000000001,53249703.95000007
2025-08-01 12:44:14 PM,442.5,0,0.0,53249703.95000007
2025-08-01 12:44:17 PM,442.5,53,23452.5,53273156.45000007
2025-08-01 12:44:27 PM,442.5,5,2212.5,53275368.95000007
2025-08-01 12:44:32 PM,442.5,1,442.5,53275811.45000007
2025-08-01 12:44:43 PM,442.5,1,442.5,53276253.95000007
2025-08-01 12:44:48 PM,442.5,50,22125.0,53298378.95000007
2025-08-01 12:44:53 PM,442.5,2,885.0,53299263.95000007
2025-08-01 12:45:03 PM,442.5,10,4425.0,53303688.95000007
2025-08-01 12:45:19 PM,442.5,1,442.5,53304131.45000007
2025-08-01 12:45:44 PM,442.5,2,885.0,53305016.45000007
2025-08-01 12:45:50 PM,442.5,1,442.5,53305458.95000007
2025-08-01 12:46:44 PM,442.8,0,0.0,53305458.95000007
2025-08-01 12:46:45 PM,442.8,1,442.8,53305901.75000007
2025-08-01 12:47:06 PM,442.55,18,7965.900000000001,53313867.650000066
2025-08-01 12:47:14 PM,442.8,0,0.0,53313867.650000066
2025-08-01 12:47:16 PM,442.8,5,2214.0,53316081.650000066
2025-08-01 12:47:36 PM,442.8,7,3099.6,53319181.25000007
2025-08-01 12:47:46 PM,442.8,1,442.8,53319624.050000064
2025-08-01 12:48:24 PM,442.7,0,0.0,53319624.050000064
2025-08-01 12:48:26 PM,442.7,10,4427.0,53324051.050000064
2025-08-01 12:48:28 PM,442.8,0,0.0,53324051.050000064
2025-08-01 12:48:31 PM,442.8,5,2214.0,53326265.050000064
2025-08-01 12:48:47 PM,442.8,1,442.8,53326707.85000006
2025-08-01 12:49:02 PM,442.7,26,11510.199999999999,53338218.050000064
2025-08-01 12:49:16 PM,442.7,1,442.7,53338660.75000007
2025-08-01 12:49:26 PM,442.3,40,17692.0,53356352.75000007
2025-08-01 12:50:04 PM,442.45,0,0.0,53356352.75000007
2025-08-01 12:50:05 PM,442.45,3,1327.35,53357680.10000007
2025-08-01 12:50:10 PM,442.25,0,0.0,53357680.10000007
2025-08-01 12:50:11 PM,442.25,10,4422.5,53362102.60000007
2025-08-01 12:50:34 PM,442.3,0,0.0,53362102.60000007
2025-08-01 12:50:37 PM,442.3,8,3538.4,53365641.00000007
2025-08-01 12:50:38 PM,442.45,0,0.0,53365641.00000007
2025-08-01 12:50:39 PM,442.45,5,2212.25,53367853.25000007
2025-08-01 12:50:40 PM,442.25,0,0.0,53367853.25000007
2025-08-01 12:50:42 PM,442.25,42,18574.5,53386427.75000007
2025-08-01 12:50:56 PM,442.2,0,0.0,53386427.75000007
2025-08-01 12:50:58 PM,442.2,57,25205.399999999998,53411633.150000066
2025-08-01 12:51:04 PM,442.2,281,124258.2,53535891.35000007
2025-08-01 12:51:20 PM,442.55,581,257121.55000000002,53793012.900000066
2025-08-01 12:51:33 PM,442.6,9,3983.4,53796996.300000064
2025-08-01 12:51:38 PM,442.6,5,2213.0,53799209.300000064
2025-08-01 12:51:43 PM,442.6,1,442.6,53799651.900000066
2025-08-01 12:51:55 PM,442.6,1,442.6,53800094.50000007
2025-08-01 12:52:08 PM,441.55,0,0.0,53800094.50000007
2025-08-01 12:52:08 PM,441.55,1400,618170.0,54418264.50000007
2025-08-01 12:52:10 PM,442.3,2,884.6,54419149.10000007
2025-08-01 12:52:10 PM,441.75,0,0.0,54419149.10000007
2025-08-01 12:52:13 PM,441.75,308,136059.0,54555208.10000007
2025-08-01 12:52:29 PM,442.05,2,884.1,54556092.20000007
2025-08-01 12:52:40 PM,441.95,0,0.0,54556092.20000007
2025-08-01 12:52:43 PM,441.95,20,8839.0,54564931.20000007
2025-08-01 12:52:48 PM,442.05,2,884.1,54565815.30000007
2025-08-01 12:52:54 PM,442.5,1,442.5,54566257.80000007
2025-08-01 12:53:16 PM,442.45,0,0.0,54566257.80000007
2025-08-01 12:53:18 PM,442.45,1,442.45,54566700.250000075
2025-08-01 12:53:49 PM,442.45,1,442.45,54567142.70000008
2025-08-01 12:53:58 PM,442.45,10,4424.5,54571567.20000008
2025-08-01 12:54:13 PM,442.45,1,442.45,54572009.65000008
2025-08-01 12:54:16 PM,442.05,0,0.0,54572009.65000008
2025-08-01 12:54:18 PM,442.05,11,4862.55,54576872.20000008
2025-08-01 12:54:49 PM,442.05,4,1768.2,54578640.40000008
2025-08-01 12:55:00 PM,442.05,15,6630.75,54585271.15000008
2025-08-01 12:55:04 PM,442.1,0,0.0,54585271.15000008
2025-08-01 12:55:05 PM,442.1,84,37136.4,54622407.55000008
2025-08-01 12:55:21 PM,442.55,30,13276.5,54635684.05000008
2025-08-01 12:55:31 PM,442.55,3,1327.65,54637011.70000008
2025-08-01 12:55:50 PM,442.5,0,0.0,54637011.70000008
2025-08-01 12:55:51 PM,442.5,10,4425.0,54641436.70000008
2025-08-01 12:55:51 PM,442.5,13,5752.5,54647189.20000008
2025-08-01 12:56:08 PM,442.55,0,0.0,54647189.20000008
2025-08-01 12:56:11 PM,442.55,35,15489.25,54662678.45000008
2025-08-01 12:56:16 PM,442.45,0,0.0,54662678.45000008
2025-08-01 12:56:16 PM,442.45,1,442.45,54663120.90000008
2025-08-01 12:56:40 PM,442.5,0,0.0,54663120.90000008
2025-08-01 12:56:41 PM,442.5,12,5310.0,54668430.90000008
2025-08-01 12:56:46 PM,442.5,2,885.0,54669315.90000008
2025-08-01 12:56:50 PM,442.45,0,0.0,54669315.90000008
2025-08-01 12:56:51 PM,442.45,313,138486.85,54807802.75000008
2025-08-01 12:57:01 PM,442.45,1,442.45,54808245.200000085
2025-08-01 12:57:14 PM,442.4,0,0.0,54808245.200000085
2025-08-01 12:57:15 PM,442.4,1,442.4,54808687.60000008
2025-08-01 12:57:38 PM,441.75,0,0.0,54808687.60000008
2025-08-01 12:57:41 PM,441.75,14,6184.5,54814872.10000008
2025-08-01 12:57:50 PM,441.5,0,0.0,54814872.10000008
2025-08-01 12:57:51 PM,441.5,25,11037.5,54825909.60000008
2025-08-01 12:57:56 PM,441.8,100,44180.0,54870089.60000008
2025-08-01 12:58:14 PM,441.45,0,0.0,54870089.60000008
2025-08-01 12:58:16 PM,441.45,849,374791.05,55244880.65000008
2025-08-01 12:58:16 PM,441.1,287,126595.70000000001,55371476.35000008
2025-08-01 12:58:16 PM,441.45,0,0.0,55371476.35000008
2025-08-01 12:58:21 PM,441.45,75,33108.75,55404585.10000008
2025-08-01 12:58:32 PM,441.45,1,441.45,55405026.55000009
2025-08-01 12:58:42 PM,441.05,17,7497.85,55412524.40000009
2025-08-01 12:58:56 PM,441.05,19,8379.95,55420904.35000009
2025-08-01 12:59:00 PM,441.1,0,0.0,55420904.35000009
2025-08-01 12:59:02 PM,441.1,16,7057.6,55427961.95000009
2025-08-01 12:59:07 PM,441.4,5,2207.0,55430168.95000009
2025-08-01 12:59:43 PM,441.4,5,2207.0,55432375.95000009
2025-08-01 12:59:58 PM,441.3,0,0.0,55432375.95000009
2025-08-01 12:59:59 PM,441.3,17,7502.1,55439878.050000094
2025-08-01 01:00:14 PM,441.3,4,1765.2,55441643.2500001
2025-08-01 01:00:23 PM,441.4,0,0.0,55441643.2500001
2025-08-01 01:00:25 PM,441.4,21,9269.4,55450912.650000095
2025-08-01 01:00:35 PM,441.4,1,441.4,55451354.050000094
2025-08-01 01:00:35 PM,441.0,0,0.0,55451354.050000094
2025-08-01 01:00:36 PM,441.0,560,246960.0,55698314.050000094
2025-08-01 01:00:39 PM,441.3,0,0.0,55698314.050000094
2025-08-01 01:00:40 PM,441.3,1,441.3,55698755.35000009
2025-08-01 01:00:45 PM,441.3,6,2647.8,55701403.15000009
2025-08-01 01:00:46 PM,441.3,1,441.3,55701844.450000085
2025-08-01 01:00:55 PM,441.3,1,441.3,55702285.75000008
2025-08-01 01:01:37 PM,441.35,0,0.0,55702285.75000008
2025-08-01 01:01:37 PM,441.35,1,441.35,55702727.10000008
2025-08-01 01:01:47 PM,441.35,1,441.35,55703168.450000085
2025-08-01 01:02:09 PM,441.5,0,0.0,55703168.450000085
2025-08-01 01:02:12 PM,441.5,34,15011.0,55718179.450000085
2025-08-01 01:02:22 PM,441.5,6,2649.0,55720828.450000085
2025-08-01 01:02:23 PM,441.95,0,0.0,55720828.450000085
2025-08-01 01:02:23 PM,441.95,1,441.95,55721270.40000009
2025-08-01 01:02:32 PM,441.95,1,441.95,55721712.35000009
2025-08-01 01:02:38 PM,441.95,1,441.95,55722154.300000094
2025-08-01 01:02:47 PM,441.95,7,3093.65,55725247.95000009
2025-08-01 01:03:07 PM,441.95,3,1325.85,55726573.800000094
2025-08-01 01:03:32 PM,441.95,8,3535.6,55730109.400000095
2025-08-01 01:03:37 PM,441.9,0,0.0,55730109.400000095
2025-08-01 01:03:37 PM,441.9,1,441.9,55730551.300000094
2025-08-01 01:03:52 PM,441.9,2,883.8,55731435.10000009
2025-08-01 01:04:01 PM,441.9,3,1325.6999999999998,55732760.800000094
2025-08-01 01:04:06 PM,441.9,25,11047.5,55743808.300000094
2025-08-01 01:04:07 PM,441.9,2,883.8,55744692.10000009
2025-08-01 01:04:11 PM,441.9,10,4419.0,55749111.10000009
2025-08-01 01:04:22 PM,441.9,1,441.9,55749553.00000009
2025-08-01 01:04:35 PM,441.9,10,4419.0,55753972.00000009
2025-08-01 01:05:52 PM,441.9,20,8838.0,55762810.00000009
2025-08-01 01:05:55 PM,442.1,0,0.0,55762810.00000009
2025-08-01 01:05:56 PM,442.1,600,265260.0,56028070.00000009
2025-08-01 01:06:05 PM,442.4,0,0.0,56028070.00000009
2025-08-01 01:06:06 PM,442.4,25,11060.0,56039130.00000009
2025-08-01 01:06:12 PM,442.4,1,442.4,56039572.40000009
2025-08-01 01:06:28 PM,442.4,1,442.4,56040014.80000009
2025-08-01 01:06:37 PM,442.4,10,4424.0,56044438.80000009
2025-08-01 01:06:42 PM,442.4,2,884.8,56045323.60000008
2025-08-01 01:06:48 PM,442.4,165,72996.0,56118319.60000008
2025-08-01 01:06:56 PM,442.85,0,0.0,56118319.60000008
2025-08-01 01:06:58 PM,442.85,5,2214.25,56120533.85000008
2025-08-01 01:07:19 PM,443.0,100,44300.0,56164833.85000008
2025-08-01 01:08:09 PM,443.0,100,44300.0,56209133.85000008
2025-08-01 01:08:26 PM,442.85,0,0.0,56209133.85000008
2025-08-01 01:08:26 PM,442.85,116,51370.600000000006,56260504.450000085
2025-08-01 01:08:30 PM,442.9,0,0.0,56260504.450000085
2025-08-01 01:08:30 PM,442.9,18,7972.2,56268476.65000009
2025-08-01 01:08:31 PM,442.9,330,146157.0,56414633.65000009
2025-08-01 01:08:40 PM,442.85,0,0.0,56414633.65000009
2025-08-01 01:08:40 PM,442.85,11,4871.35,56419505.00000009
2025-08-01 01:09:06 PM,442.9,10,4429.0,56423934.00000009
2025-08-01 01:09:11 PM,443.05,461,204246.05000000002,56628180.05000009
2025-08-01 01:09:32 PM,443.05,1,443.05,56628623.10000008
2025-08-01 01:09:47 PM,443.05,11,4873.55,56633496.65000008
2025-08-01 01:09:54 PM,443.15,0,0.0,56633496.65000008
2025-08-01 01:09:54 PM,443.15,10,4431.5,56637928.15000008
2025-08-01 01:10:18 PM,442.9,0,0.0,56637928.15000008
2025-08-01 01:10:20 PM,442.9,421,186460.9,56824389.05000008
2025-08-01 01:10:42 PM,442.5,1,442.5,56824831.55000008
2025-08-01 01:11:00 PM,442.5,36,15930.0,56840761.55000008
2025-08-01 01:11:20 PM,442.6,12,5311.200000000001,56846072.75000008
2025-08-01 01:11:22 PM,442.6,7,3098.2000000000003,56849170.950000085
2025-08-01 01:11:40 PM,442.7,10,4427.0,56853597.950000085
2025-08-01 01:11:58 PM,442.8,0,0.0,56853597.950000085
2025-08-01 01:12:00 PM,442.8,5,2214.0,56855811.950000085
2025-08-01 01:12:15 PM,442.8,1,442.8,56856254.75000008
2025-08-01 01:12:42 PM,442.8,46,20368.8,56876623.55000008
2025-08-01 01:13:18 PM,442.85,6,2657.1000000000004,56879280.65000008
2025-08-01 01:13:23 PM,442.85,5,2214.25,56881494.90000008
2025-08-01 01:13:51 PM,443.0,100,44300.0,56925794.90000008
2025-08-01 01:13:58 PM,443.05,0,0.0,56925794.90000008
2025-08-01 01:13:59 PM,443.05,5,2215.25,56928010.15000008
2025-08-01 01:14:04 PM,443.5,0,0.0,56928010.15000008
2025-08-01 01:14:04 PM,443.5,1,443.5,56928453.65000008
2025-08-01 01:14:22 PM,443.55,20,8871.0,56937324.65000008
2025-08-01 01:14:24 PM,443.5,0,0.0,56937324.65000008
2025-08-01 01:14:24 PM,443.5,15,6652.5,56943977.15000008
2025-08-01 01:14:27 PM,443.5,50,22175.0,56966152.15000008
2025-08-01 01:14:29 PM,443.5,251,111318.5,57077470.65000008
2025-08-01 01:14:45 PM,443.5,1,443.5,57077914.15000008
2025-08-01 01:15:08 PM,443.75,0,0.0,57077914.15000008
2025-08-01 01:15:08 PM,443.75,500,221875.0,57299789.15000008
2025-08-01 01:15:36 PM,443.75,2,887.5,57300676.65000008
2025-08-01 01:15:38 PM,443.7,12,5324.4,57306001.05000008
2025-08-01 01:15:46 PM,443.5,0,0.0,57306001.05000008
2025-08-01 01:15:46 PM,443.5,10,4435.0,57310436.05000008
2025-08-01 01:15:57 PM,443.5,98,43463.0,57353899.05000008
2025-08-01 01:16:04 PM,444.0,0,0.0,57353899.05000008
2025-08-01 01:16:04 PM,444.0,100,44400.0,57398299.05000008
