date,price,qty,trnvr,cum_trnvr
2025-08-01 09:15:02 AM,316.45,2036,644292.2,644292.2
2025-08-01 09:15:03 AM,316.0,0,0.0,644292.2
2025-08-01 09:15:05 AM,316.0,1000,316000.0,960292.2
2025-08-01 09:15:12 AM,317.75,0,0.0,960292.2
2025-08-01 09:15:14 AM,317.75,51,16205.25,976497.45
2025-08-01 09:15:16 AM,316.15,25,7903.749999999999,984401.2
2025-08-01 09:15:21 AM,317.5,0,0.0,984401.2
2025-08-01 09:15:25 AM,317.95,578,183775.1,1168176.3
2025-08-01 09:15:32 AM,317.35,0,0.0,1168176.3
2025-08-01 09:15:33 AM,317.35,183,58075.05,1226251.35
2025-08-01 09:15:41 AM,317.35,1,317.35,1226568.7000000002
2025-08-01 09:15:58 AM,317.65,96,30494.399999999998,1257063.1
2025-08-01 09:16:02 AM,317.6,0,0.0,1257063.1
2025-08-01 09:16:06 AM,317.45,647,205390.15,1462453.25
2025-08-01 09:16:06 AM,317.35,0,0.0,1462453.25
2025-08-01 09:16:08 AM,317.35,25,7933.750000000001,1470387.0
2025-08-01 09:16:10 AM,317.2,0,0.0,1470387.0
2025-08-01 09:16:14 AM,317.0,114,36138.0,1506525.0
2025-08-01 09:16:16 AM,317.1,130,41223.0,1547748.0
2025-08-01 09:16:24 AM,317.85,288,91540.8,1639288.8
2025-08-01 09:16:27 AM,317.9,0,0.0,1639288.8
2025-08-01 09:16:31 AM,317.9,161,51181.899999999994,1690470.7
2025-08-01 09:16:37 AM,317.95,0,0.0,1690470.7
2025-08-01 09:16:39 AM,317.95,25,7948.75,1698419.45
2025-08-01 09:16:40 AM,318.4,60,19104.0,1717523.45
2025-08-01 09:16:55 AM,318.9,206,65693.4,1783216.8499999999
2025-08-01 09:17:04 AM,320.25,4222,1352095.5,3135312.3499999996
2025-08-01 09:17:12 AM,320.25,41,13130.25,3148442.5999999996
2025-08-01 09:17:21 AM,320.2,100,32020.0,3180462.5999999996
2025-08-01 09:17:29 AM,320.05,33,10561.65,3191024.2499999995
2025-08-01 09:17:37 AM,320.55,1012,324396.60000000003,3515420.8499999996
2025-08-01 09:17:45 AM,321.15,120,38538.0,3553958.8499999996
2025-08-01 09:17:49 AM,321.0,0,0.0,3553958.8499999996
2025-08-01 09:17:53 AM,321.0,1656,531576.0,4085534.8499999996
2025-08-01 09:17:54 AM,320.95,799,256439.05,4341973.899999999
2025-08-01 09:18:03 AM,320.05,299,95694.95,4437668.85
2025-08-01 09:18:26 AM,320.5,91,29165.5,4466834.35
2025-08-01 09:18:52 AM,321.0,755,242355.0,4709189.35
2025-08-01 09:19:00 AM,321.4,250,80350.0,4789539.35
2025-08-01 09:19:16 AM,321.05,10,3210.5,4792749.85
2025-08-01 09:19:23 AM,321.05,65,20868.25,4813618.1
2025-08-01 09:19:25 AM,320.7,123,39446.1,4853064.199999999
2025-08-01 09:19:26 AM,321.0,0,0.0,4853064.199999999
2025-08-01 09:19:31 AM,321.0,355,113955.0,4967019.199999999
2025-08-01 09:19:49 AM,320.5,41,13140.5,4980159.699999999
2025-08-01 09:19:55 AM,320.9,0,0.0,4980159.699999999
2025-08-01 09:19:55 AM,320.9,201,64500.899999999994,5044660.6
2025-08-01 09:20:05 AM,320.95,177,56808.15,5101468.75
2025-08-01 09:20:24 AM,320.9,0,0.0,5101468.75
2025-08-01 09:20:27 AM,320.9,76,24388.399999999998,5125857.15
2025-08-01 09:20:35 AM,320.95,10,3209.5,5129066.65
2025-08-01 09:20:51 AM,320.85,1,320.85,5129387.5
2025-08-01 09:21:03 AM,320.9,0,0.0,5129387.5
2025-08-01 09:21:06 AM,320.9,50,16044.999999999998,5145432.5
2025-08-01 09:21:07 AM,321.05,185,59394.25,5204826.75
2025-08-01 09:21:22 AM,321.7,1505,484158.5,5688985.25
2025-08-01 09:21:49 AM,321.5,0,0.0,5688985.25
2025-08-01 09:21:52 AM,321.65,0,0.0,5688985.25
2025-08-01 09:21:53 AM,321.65,480,154392.0,5843377.25
2025-08-01 09:21:54 AM,321.5,54,17361.0,5860738.25
2025-08-01 09:22:08 AM,321.65,10,3216.5,5863954.75
2025-08-01 09:22:10 AM,321.35,0,0.0,5863954.75
2025-08-01 09:22:13 AM,321.5,0,0.0,5863954.75
2025-08-01 09:22:15 AM,321.5,171,54976.5,5918931.25
2025-08-01 09:22:23 AM,323.0,2951,953173.0,6872104.25
2025-08-01 09:22:27 AM,323.1,0,0.0,6872104.25
2025-08-01 09:22:31 AM,323.1,10,3231.0,6875335.25
2025-08-01 09:22:31 AM,323.0,0,0.0,6875335.25
2025-08-01 09:22:32 AM,323.0,200,64600.0,6939935.25
2025-08-01 09:22:38 AM,323.95,1209,391655.55,7331590.8
2025-08-01 09:22:51 AM,323.1,0,0.0,7331590.8
2025-08-01 09:22:52 AM,323.5,0,0.0,7331590.8
2025-08-01 09:22:53 AM,323.5,75,24262.5,7355853.3
2025-08-01 09:22:58 AM,323.45,0,0.0,7355853.3
2025-08-01 09:23:01 AM,323.45,154,49811.299999999996,7405664.6
2025-08-01 09:23:03 AM,323.1,10,3231.0,7408895.6
2025-08-01 09:23:05 AM,323.55,0,0.0,7408895.6
2025-08-01 09:23:07 AM,324.45,0,0.0,7408895.6
2025-08-01 09:23:09 AM,324.45,3030,983083.5,8391979.1
2025-08-01 09:23:17 AM,323.9,2100,680190.0,9072169.1
2025-08-01 09:23:18 AM,324.0,309,100116.0,9172285.1
2025-08-01 09:23:19 AM,324.4,0,0.0,9172285.1
2025-08-01 09:23:24 AM,324.0,1051,340524.0,9512809.1
2025-08-01 09:23:32 AM,323.9,234,75792.59999999999,9588601.7
2025-08-01 09:23:39 AM,324.3,2,648.6,9589250.299999999
2025-08-01 09:23:49 AM,323.35,360,116406.00000000001,9705656.299999999
2025-08-01 09:23:52 AM,322.65,0,0.0,9705656.299999999
2025-08-01 09:23:54 AM,322.65,423,136480.94999999998,9842137.249999998
2025-08-01 09:23:56 AM,322.7,129,41628.299999999996,9883765.549999999
2025-08-01 09:24:02 AM,321.8,106,34110.8,9917876.35
2025-08-01 09:24:10 AM,321.8,15,4827.0,9922703.35
2025-08-01 09:24:12 AM,322.0,0,0.0,9922703.35
2025-08-01 09:24:18 AM,322.0,187,60214.0,9982917.35
2025-08-01 09:24:24 AM,322.2,0,0.0,9982917.35
2025-08-01 09:24:25 AM,321.6,931,299409.60000000003,10282326.95
2025-08-01 09:24:33 AM,321.6,50,16080.000000000002,10298406.95
2025-08-01 09:24:40 AM,321.05,656,210608.80000000002,10509015.75
2025-08-01 09:24:42 AM,321.25,0,0.0,10509015.75
2025-08-01 09:24:48 AM,320.6,200,64120.00000000001,10573135.75
2025-08-01 09:24:55 AM,320.5,356,114098.0,10687233.75
2025-08-01 09:25:02 AM,319.65,0,0.0,10687233.75
2025-08-01 09:25:03 AM,319.65,1161,371113.64999999997,11058347.4
2025-08-01 09:25:12 AM,319.45,522,166752.9,11225100.3
2025-08-01 09:25:16 AM,319.65,0,0.0,11225100.3
2025-08-01 09:25:18 AM,319.65,100,31964.999999999996,11257065.3
2025-08-01 09:25:25 AM,319.65,200,63929.99999999999,11320995.3
2025-08-01 09:25:39 AM,320.05,0,0.0,11320995.3
2025-08-01 09:25:40 AM,320.05,24,7681.200000000001,11328676.5
2025-08-01 09:25:55 AM,320.1,340,108834.00000000001,11437510.5
2025-08-01 09:26:10 AM,319.65,0,0.0,11437510.5
2025-08-01 09:26:10 AM,319.65,722,230787.3,11668297.8
2025-08-01 09:26:40 AM,319.85,0,0.0,11668297.8
2025-08-01 09:26:41 AM,319.85,163,52135.55,11720433.350000001
2025-08-01 09:26:43 AM,319.65,0,0.0,11720433.350000001
2025-08-01 09:26:49 AM,319.65,33,10548.449999999999,11730981.8
2025-08-01 09:27:07 AM,320.0,0,0.0,11730981.8
2025-08-01 09:27:11 AM,320.0,10,3200.0,11734181.8
2025-08-01 09:27:32 AM,319.8,0,0.0,11734181.8
2025-08-01 09:27:33 AM,319.8,238,76112.40000000001,11810294.200000001
2025-08-01 09:27:52 AM,319.6,0,0.0,11810294.200000001
2025-08-01 09:27:56 AM,319.6,50,15980.000000000002,11826274.200000001
2025-08-01 09:28:13 AM,319.05,350,111667.5,11937941.700000001
2025-08-01 09:28:19 AM,319.3,512,163481.6,12101423.3
2025-08-01 09:28:27 AM,319.1,0,0.0,12101423.3
2025-08-01 09:28:27 AM,319.1,297,94772.70000000001,12196196.0
2025-08-01 09:28:32 AM,319.4,0,0.0,12196196.0
2025-08-01 09:28:35 AM,319.4,757,241785.8,12437981.8
2025-08-01 09:28:58 AM,319.4,25,7984.999999999999,12445966.8
2025-08-01 09:29:05 AM,319.05,0,0.0,12445966.8
2025-08-01 09:29:05 AM,319.05,2,638.1,12446604.9
2025-08-01 09:29:22 AM,319.1,272,86795.20000000001,12533400.1
2025-08-01 09:29:27 AM,318.9,0,0.0,12533400.1
2025-08-01 09:29:28 AM,318.9,168,53575.2,12586975.299999999
2025-08-01 09:29:47 AM,318.35,0,0.0,12586975.299999999
2025-08-01 09:29:50 AM,318.75,30,9562.5,12596537.799999999
2025-08-01 09:30:04 AM,318.3,0,0.0,12596537.799999999
2025-08-01 09:30:05 AM,318.3,215,68434.5,12664972.299999999
2025-08-01 09:30:25 AM,318.4,0,0.0,12664972.299999999
2025-08-01 09:30:28 AM,318.4,25,7959.999999999999,12672932.299999999
2025-08-01 09:30:36 AM,318.5,21,6688.5,12679620.799999999
2025-08-01 09:30:43 AM,319.55,2335,746149.25,13425770.049999999
2025-08-01 09:30:51 AM,319.2,33,10533.6,13436303.649999999
2025-08-01 09:30:53 AM,319.6,0,0.0,13436303.649999999
2025-08-01 09:30:56 AM,318.95,0,0.0,13436303.649999999
2025-08-01 09:30:57 AM,318.95,2237,713491.15,14149794.799999999
2025-08-01 09:30:58 AM,318.95,1,318.95,14150113.749999998
2025-08-01 09:31:05 AM,318.3,528,168062.4,14318176.149999999
2025-08-01 09:31:19 AM,318.9,0,0.0,14318176.149999999
2025-08-01 09:31:20 AM,318.9,53,16901.699999999997,14335077.849999998
2025-08-01 09:31:21 AM,319.2,0,0.0,14335077.849999998
2025-08-01 09:31:27 AM,319.2,1,319.2,14335397.049999997
2025-08-01 09:31:41 AM,319.2,190,60648.0,14396045.049999997
2025-08-01 09:31:48 AM,319.3,10,3193.0,14399238.049999997
2025-08-01 09:31:55 AM,319.3,78,24905.4,14424143.449999997
2025-08-01 09:32:02 AM,319.3,288,91958.40000000001,14516101.849999998
2025-08-01 09:32:09 AM,319.45,2,638.9,14516740.749999998
2025-08-01 09:32:16 AM,319.45,11,3513.95,14520254.699999997
2025-08-01 09:32:23 AM,319.95,0,0.0,14520254.699999997
2025-08-01 09:32:23 AM,319.95,104,33274.799999999996,14553529.499999998
2025-08-01 09:32:47 AM,320.7,0,0.0,14553529.499999998
2025-08-01 09:32:51 AM,320.7,50,16035.0,14569564.499999998
2025-08-01 09:33:05 AM,320.55,0,0.0,14569564.499999998
2025-08-01 09:33:05 AM,320.55,13,4167.150000000001,14573731.649999999
2025-08-01 09:33:11 AM,320.25,0,0.0,14573731.649999999
2025-08-01 09:33:12 AM,320.25,334,106963.5,14680695.149999999
2025-08-01 09:33:36 AM,320.55,0,0.0,14680695.149999999
2025-08-01 09:33:39 AM,320.55,10,3205.5,14683900.649999999
2025-08-01 09:33:49 AM,320.9,0,0.0,14683900.649999999
2025-08-01 09:33:53 AM,320.9,243,77978.7,14761879.349999998
2025-08-01 09:34:00 AM,321.6,233,74932.8,14836812.149999999
2025-08-01 09:34:01 AM,321.3,0,0.0,14836812.149999999
2025-08-01 09:34:07 AM,321.3,1,321.3,14837133.45
2025-08-01 09:34:13 AM,321.05,0,0.0,14837133.45
2025-08-01 09:34:14 AM,321.05,105,33710.25,14870843.7
2025-08-01 09:34:42 AM,321.05,6,1926.3000000000002,14872770.0
2025-08-01 09:34:46 AM,321.4,0,0.0,14872770.0
2025-08-01 09:34:49 AM,321.25,246,79027.5,14951797.5
2025-08-01 09:34:51 AM,320.9,0,0.0,14951797.5
2025-08-01 09:34:56 AM,321.05,246,78978.3,15030775.8
2025-08-01 09:35:03 AM,321.05,96,30820.800000000003,15061596.600000001
2025-08-01 09:35:24 AM,321.05,104,33389.200000000004,15094985.8
2025-08-01 09:35:26 AM,320.9,0,0.0,15094985.8
2025-08-01 09:35:31 AM,320.55,0,0.0,15094985.8
2025-08-01 09:35:31 AM,320.55,42,13463.1,15108448.9
2025-08-01 09:35:36 AM,320.65,0,0.0,15108448.9
2025-08-01 09:35:38 AM,320.65,75,24048.75,15132497.65
2025-08-01 09:35:58 AM,320.95,200,64190.0,15196687.65
2025-08-01 09:36:01 AM,320.4,0,0.0,15196687.65
2025-08-01 09:36:05 AM,320.4,30,9612.0,15206299.65
2025-08-01 09:36:31 AM,320.4,11,3524.3999999999996,15209824.05
2025-08-01 09:36:36 AM,320.65,0,0.0,15209824.05
2025-08-01 09:36:37 AM,320.65,15,4809.75,15214633.8
2025-08-01 09:37:04 AM,320.35,0,0.0,15214633.8
2025-08-01 09:37:04 AM,320.35,300,96105.0,15310738.8
2025-08-01 09:37:35 AM,320.1,0,0.0,15310738.8
2025-08-01 09:37:39 AM,320.1,575,184057.5,15494796.3
2025-08-01 09:37:46 AM,321.0,384,123264.0,15618060.3
2025-08-01 09:38:04 AM,320.4,0,0.0,15618060.3
2025-08-01 09:38:06 AM,320.4,36,11534.4,15629594.700000001
2025-08-01 09:38:10 AM,320.8,0,0.0,15629594.700000001
2025-08-01 09:38:13 AM,320.8,250,80200.0,15709794.700000001
2025-08-01 09:38:36 AM,320.65,0,0.0,15709794.700000001
2025-08-01 09:38:40 AM,320.65,10,3206.5,15713001.200000001
2025-08-01 09:39:06 AM,320.1,161,51536.100000000006,15764537.3
2025-08-01 09:39:16 AM,320.0,0,0.0,15764537.3
2025-08-01 09:39:20 AM,320.0,15,4800.0,15769337.3
2025-08-01 09:39:57 AM,319.3,0,0.0,15769337.3
2025-08-01 09:39:59 AM,319.3,100,31930.0,15801267.3
2025-08-01 09:40:10 AM,319.4,0,0.0,15801267.3
2025-08-01 09:40:12 AM,319.4,33,10540.199999999999,15811807.5
2025-08-01 09:41:04 AM,319.75,0,0.0,15811807.5
2025-08-01 09:41:05 AM,319.8,0,0.0,15811807.5
2025-08-01 09:41:05 AM,319.8,209,66838.2,15878645.7
2025-08-01 09:41:36 AM,320.4,0,0.0,15878645.7
2025-08-01 09:41:38 AM,320.4,99,31719.6,15910365.299999999
2025-08-01 09:41:56 AM,320.05,0,0.0,15910365.299999999
2025-08-01 09:41:58 AM,320.05,3,960.1500000000001,15911325.45
2025-08-01 09:42:05 AM,320.2,320,102464.0,16013789.45
2025-08-01 09:42:09 AM,320.85,0,0.0,16013789.45
2025-08-01 09:42:11 AM,320.85,71,22780.350000000002,16036569.799999999
2025-08-01 09:42:22 AM,320.65,0,0.0,16036569.799999999
2025-08-01 09:42:23 AM,320.35,0,0.0,16036569.799999999
2025-08-01 09:42:24 AM,320.35,519,166261.65000000002,16202831.45
2025-08-01 09:42:43 AM,320.35,10,3203.5,16206034.95
2025-08-01 09:42:47 AM,321.0,0,0.0,16206034.95
2025-08-01 09:42:50 AM,321.0,606,194526.0,16400560.95
2025-08-01 09:43:10 AM,321.15,33,10597.949999999999,16411158.899999999
2025-08-01 09:43:27 AM,321.2,0,0.0,16411158.899999999
2025-08-01 09:43:29 AM,321.2,863,277195.6,16688354.499999998
2025-08-01 09:43:56 AM,321.2,88,28265.6,16716620.099999998
2025-08-01 09:44:03 AM,321.0,0,0.0,16716620.099999998
2025-08-01 09:44:03 AM,321.0,300,96300.0,16812920.099999998
2025-08-01 09:44:25 AM,320.6,0,0.0,16812920.099999998
2025-08-01 09:44:29 AM,320.6,1,320.6,16813240.7
2025-08-01 09:44:35 AM,320.6,28,8976.800000000001,16822217.5
2025-08-01 09:45:04 AM,320.1,0,0.0,16822217.5
2025-08-01 09:45:08 AM,320.1,349,111714.90000000001,16933932.4
2025-08-01 09:45:09 AM,319.35,0,0.0,16933932.4
2025-08-01 09:45:15 AM,319.35,23,7345.05,16941277.45
2025-08-01 09:45:20 AM,319.85,0,0.0,16941277.45
2025-08-01 09:45:21 AM,319.85,100,31985.000000000004,16973262.45
2025-08-01 09:45:23 AM,319.3,0,0.0,16973262.45
2025-08-01 09:45:27 AM,319.3,100,31930.0,17005192.45
2025-08-01 09:45:35 AM,319.1,51,16274.1,17021466.55
2025-08-01 09:45:40 AM,319.3,217,69288.1,17090754.650000002
2025-08-01 09:45:47 AM,319.3,1,319.3,17091073.950000003
2025-08-01 09:45:53 AM,319.3,1,319.3,17091393.250000004
2025-08-01 09:46:06 AM,318.95,0,0.0,17091393.250000004
2025-08-01 09:46:06 AM,318.95,175,55816.25,17147209.500000004
2025-08-01 09:46:17 AM,318.65,0,0.0,17147209.500000004
2025-08-01 09:46:19 AM,318.65,2,637.3,17147846.800000004
2025-08-01 09:46:29 AM,318.5,0,0.0,17147846.800000004
2025-08-01 09:46:32 AM,318.5,508,161798.0,17309644.800000004
2025-08-01 09:46:44 AM,318.95,0,0.0,17309644.800000004
2025-08-01 09:46:44 AM,318.95,100,31895.0,17341539.800000004
2025-08-01 09:46:49 AM,318.55,0,0.0,17341539.800000004
2025-08-01 09:46:51 AM,318.55,10,3185.5,17344725.300000004
2025-08-01 09:46:57 AM,318.85,0,0.0,17344725.300000004
2025-08-01 09:46:59 AM,318.85,5,1594.25,17346319.550000004
2025-08-01 09:47:09 AM,318.5,595,189507.5,17535827.050000004
2025-08-01 09:47:40 AM,318.55,0,0.0,17535827.050000004
2025-08-01 09:47:41 AM,318.55,1453,462853.15,17998680.200000003
2025-08-01 09:47:44 AM,318.2,75,23865.0,18022545.200000003
2025-08-01 09:47:50 AM,318.85,0,0.0,18022545.200000003
2025-08-01 09:47:51 AM,318.85,200,63770.00000000001,18086315.200000003
2025-08-01 09:47:57 AM,318.5,5,1592.5,18087907.700000003
2025-08-01 09:48:08 AM,318.7,0,0.0,18087907.700000003
2025-08-01 09:48:08 AM,318.7,8,2549.6,18090457.300000004
2025-08-01 09:48:14 AM,318.45,11,3502.95,18093960.250000004
2025-08-01 09:48:49 AM,318.45,11,3502.95,18097463.200000003
2025-08-01 09:48:59 AM,318.45,73,23246.85,18120710.050000004
2025-08-01 09:49:18 AM,318.45,10,3184.5,18123894.550000004
2025-08-01 09:49:36 AM,318.45,100,31845.0,18155739.550000004
2025-08-01 09:49:52 AM,318.05,0,0.0,18155739.550000004
2025-08-01 09:49:52 AM,318.05,589,187331.45,18343071.000000004
2025-08-01 09:49:55 AM,318.0,0,0.0,18343071.000000004
2025-08-01 09:49:55 AM,318.0,2033,646494.0,18989565.000000004
2025-08-01 09:50:03 AM,318.4,0,0.0,18989565.000000004
2025-08-01 09:50:05 AM,318.0,792,251856.0,19241421.000000004
2025-08-01 09:50:15 AM,318.0,43,13674.0,19255095.000000004
2025-08-01 09:50:51 AM,318.15,0,0.0,19255095.000000004
2025-08-01 09:50:53 AM,318.15,46,14634.9,19269729.900000002
2025-08-01 09:50:56 AM,318.05,0,0.0,19269729.900000002
2025-08-01 09:50:59 AM,318.05,1,318.05,19270047.950000003
2025-08-01 09:51:03 AM,318.25,0,0.0,19270047.950000003
2025-08-01 09:51:05 AM,318.8,0,0.0,19270047.950000003
2025-08-01 09:51:05 AM,318.8,210,66948.0,19336995.950000003
2025-08-01 09:51:25 AM,318.9,0,0.0,19336995.950000003
2025-08-01 09:51:26 AM,318.9,20,6378.0,19343373.950000003
2025-08-01 09:51:36 AM,318.8,1,318.8,19343692.750000004
2025-08-01 09:52:08 AM,318.35,0,0.0,19343692.750000004
2025-08-01 09:52:10 AM,318.35,22,7003.700000000001,19350696.450000003
2025-08-01 09:52:26 AM,318.5,0,0.0,19350696.450000003
2025-08-01 09:52:28 AM,318.5,1,318.5,19351014.950000003
2025-08-01 09:52:44 AM,318.15,0,0.0,19351014.950000003
2025-08-01 09:52:44 AM,318.15,356,113261.4,19464276.35
2025-08-01 09:53:17 AM,318.05,5,1590.25,19465866.6
2025-08-01 09:53:21 AM,318.0,0,0.0,19465866.6
2025-08-01 09:53:23 AM,318.0,518,164724.0,19630590.6
2025-08-01 09:53:36 AM,318.3,0,0.0,19630590.6
2025-08-01 09:53:39 AM,317.4,0,0.0,19630590.6
2025-08-01 09:53:39 AM,317.4,2492,790960.7999999999,20421551.400000002
2025-08-01 09:54:04 AM,317.4,80,25392.0,20446943.400000002
2025-08-01 09:54:15 AM,317.2,0,0.0,20446943.400000002
2025-08-01 09:54:17 AM,317.2,100,31720.0,20478663.400000002
2025-08-01 09:54:58 AM,317.35,0,0.0,20478663.400000002
2025-08-01 09:54:59 AM,317.35,25,7933.750000000001,20486597.150000002
2025-08-01 09:55:04 AM,317.35,1,317.35,20486914.500000004
2025-08-01 09:55:23 AM,317.35,281,89175.35,20576089.850000005
2025-08-01 09:55:31 AM,317.15,0,0.0,20576089.850000005
2025-08-01 09:55:34 AM,317.15,7,2220.0499999999997,20578309.900000006
2025-08-01 09:55:42 AM,317.15,1,317.15,20578627.050000004
2025-08-01 09:56:11 AM,317.25,1,317.25,20578944.300000004
2025-08-01 09:56:40 AM,317.0,882,279594.0,20858538.300000004
2025-08-01 09:56:47 AM,317.0,1505,477085.0,21335623.300000004
2025-08-01 09:56:53 AM,317.0,651,206367.0,21541990.300000004
2025-08-01 09:56:59 AM,317.0,197,62449.0,21604439.300000004
2025-08-01 09:57:17 AM,317.0,100,31700.0,21636139.300000004
2025-08-01 09:57:34 AM,317.0,1351,428267.0,22064406.300000004
2025-08-01 09:58:06 AM,317.2,0,0.0,22064406.300000004
2025-08-01 09:58:07 AM,317.2,1433,454547.6,22518953.900000006
2025-08-01 09:58:10 AM,316.75,355,112446.25,22631400.150000006
2025-08-01 09:58:13 AM,317.2,140,44408.0,22675808.150000006
2025-08-01 09:58:59 AM,316.0,705,222780.0,22898588.150000006
2025-08-01 09:59:20 AM,316.55,381,120605.55,23019193.700000007
2025-08-01 09:59:30 AM,316.55,1,316.55,23019510.250000007
2025-08-01 09:59:38 AM,316.95,0,0.0,23019510.250000007
2025-08-01 09:59:39 AM,316.95,3785,1199655.75,24219166.000000007
2025-08-01 10:00:04 AM,317.6,100,31760.000000000004,24250926.000000007
2025-08-01 10:00:08 AM,317.25,0,0.0,24250926.000000007
2025-08-01 10:00:10 AM,317.25,3,951.75,24251877.750000007
2025-08-01 10:00:14 AM,316.9,113,35809.7,24287687.450000007
2025-08-01 10:00:15 AM,316.75,0,0.0,24287687.450000007
2025-08-01 10:00:17 AM,316.75,4,1267.0,24288954.450000007
2025-08-01 10:00:23 AM,316.35,121,38278.350000000006,24327232.80000001
2025-08-01 10:00:33 AM,316.4,0,0.0,24327232.80000001
2025-08-01 10:00:33 AM,316.4,497,157250.8,24484483.60000001
2025-08-01 10:00:42 AM,316.55,1,316.55,24484800.15000001
2025-08-01 10:00:48 AM,316.6,2,633.2,24485433.35000001
2025-08-01 10:01:04 AM,316.6,24,7598.400000000001,24493031.750000007
2025-08-01 10:01:07 AM,316.95,2,633.9,24493665.650000006
2025-08-01 10:01:35 AM,317.15,0,0.0,24493665.650000006
2025-08-01 10:01:35 AM,317.15,398,126225.7,24619891.350000005
2025-08-01 10:01:41 AM,316.95,101,32011.949999999997,24651903.300000004
2025-08-01 10:01:56 AM,317.5,0,0.0,24651903.300000004
2025-08-01 10:01:57 AM,317.5,50,15875.0,24667778.300000004
2025-08-01 10:02:56 AM,317.65,1,317.65,24668095.950000003
2025-08-01 10:03:01 AM,317.35,84,26657.4,24694753.35
2025-08-01 10:03:28 AM,317.5,12,3810.0,24698563.35
2025-08-01 10:03:34 AM,317.15,0,0.0,24698563.35
2025-08-01 10:03:35 AM,317.15,70,22200.5,24720763.85
2025-08-01 10:03:51 AM,317.15,33,10465.949999999999,24731229.8
2025-08-01 10:04:14 AM,317.45,0,0.0,24731229.8
2025-08-01 10:04:16 AM,317.45,1,317.45,24731547.25
2025-08-01 10:04:50 AM,317.25,50,15862.5,24747409.75
2025-08-01 10:05:09 AM,317.45,0,0.0,24747409.75
2025-08-01 10:05:12 AM,317.45,35,11110.75,24758520.5
2025-08-01 10:05:19 AM,317.45,261,82854.45,24841374.95
2025-08-01 10:05:37 AM,317.6,0,0.0,24841374.95
2025-08-01 10:05:37 AM,317.6,360,114336.00000000001,24955710.95
2025-08-01 10:05:45 AM,317.45,9,2857.0499999999997,24958568.0
2025-08-01 10:06:27 AM,317.35,0,0.0,24958568.0
2025-08-01 10:06:27 AM,317.35,150,47602.5,25006170.5
2025-08-01 10:06:30 AM,317.05,0,0.0,25006170.5
2025-08-01 10:06:30 AM,317.05,28,8877.4,25015047.9
2025-08-01 10:06:45 AM,316.85,119,37705.15,25052753.049999997
2025-08-01 10:07:01 AM,317.0,0,0.0,25052753.049999997
2025-08-01 10:07:01 AM,317.0,113,35821.0,25088574.049999997
2025-08-01 10:07:09 AM,317.25,190,60277.5,25148851.549999997
2025-08-01 10:07:22 AM,317.0,0,0.0,25148851.549999997
2025-08-01 10:07:22 AM,317.0,2,634.0,25149485.549999997
2025-08-01 10:07:38 AM,316.85,115,36437.75,25185923.299999997
2025-08-01 10:07:46 AM,316.85,11,3485.3500000000004,25189408.65
2025-08-01 10:07:52 AM,316.55,12,3798.6000000000004,25193207.25
2025-08-01 10:08:39 AM,316.65,0,0.0,25193207.25
2025-08-01 10:08:40 AM,316.65,1,316.65,25193523.9
2025-08-01 10:09:33 AM,316.65,10,3166.5,25196690.4
2025-08-01 10:09:50 AM,316.65,25,7916.249999999999,25204606.65
2025-08-01 10:10:19 AM,316.65,116,36731.399999999994,25241338.049999997
2025-08-01 10:10:56 AM,316.85,36,11406.6,25252744.65
2025-08-01 10:11:09 AM,316.9,0,0.0,25252744.65
2025-08-01 10:11:13 AM,316.9,4,1267.6,25254012.25
2025-08-01 10:11:35 AM,316.9,29,9190.099999999999,25263202.35
2025-08-01 10:11:53 AM,316.85,2,633.7,25263836.05
2025-08-01 10:12:23 AM,316.85,2,633.7,25264469.75
2025-08-01 10:12:57 AM,316.85,1,316.85,25264786.6
2025-08-01 10:13:09 AM,316.9,1,316.9,25265103.5
2025-08-01 10:13:09 AM,317.0,10,3170.0,25268273.5
2025-08-01 10:13:12 AM,316.9,0,0.0,25268273.5
2025-08-01 10:13:14 AM,316.9,333,105527.7,25373801.2
2025-08-01 10:13:24 AM,317.2,0,0.0,25373801.2
2025-08-01 10:13:26 AM,317.2,20,6344.0,25380145.2
2025-08-01 10:13:32 AM,317.6,10,3176.0,25383321.2
2025-08-01 10:14:42 AM,317.6,20,6352.0,25389673.2
2025-08-01 10:15:05 AM,317.6,1,317.6,25389990.8
2025-08-01 10:15:47 AM,317.65,1,317.65,25390308.45
2025-08-01 10:15:50 AM,317.7,0,0.0,25390308.45
2025-08-01 10:15:53 AM,317.7,1,317.7,25390626.15
2025-08-01 10:15:57 AM,317.85,0,0.0,25390626.15
2025-08-01 10:15:59 AM,317.85,132,41956.200000000004,25432582.349999998
2025-08-01 10:16:34 AM,318.2,7,2227.4,25434809.749999996
2025-08-01 10:16:56 AM,318.45,0,0.0,25434809.749999996
2025-08-01 10:16:57 AM,318.45,133,42353.85,25477163.599999998
2025-08-01 10:17:05 AM,318.55,0,0.0,25477163.599999998
2025-08-01 10:17:08 AM,318.55,200,63710.0,25540873.599999998
2025-08-01 10:17:48 AM,317.9,0,0.0,25540873.599999998
2025-08-01 10:17:48 AM,317.9,375,119212.49999999999,25660086.099999998
2025-08-01 10:17:57 AM,317.65,0,0.0,25660086.099999998
2025-08-01 10:18:00 AM,317.65,2,635.3,25660721.4
2025-08-01 10:18:14 AM,317.9,0,0.0,25660721.4
2025-08-01 10:18:17 AM,317.9,350,111264.99999999999,25771986.4
2025-08-01 10:18:23 AM,317.2,719,228066.8,26000053.2
2025-08-01 10:19:38 AM,317.8,2,635.6,26000688.8
2025-08-01 10:21:15 AM,318.0,0,0.0,26000688.8
2025-08-01 10:21:15 AM,318.0,5,1590.0,26002278.8
2025-08-01 10:21:27 AM,318.3,0,0.0,26002278.8
2025-08-01 10:21:28 AM,318.3,326,103765.8,26106044.6
2025-08-01 10:22:05 AM,318.7,100,31870.0,26137914.6
2025-08-01 10:23:20 AM,318.65,0,0.0,26137914.6
2025-08-01 10:23:22 AM,318.65,1000,318650.0,26456564.6
2025-08-01 10:24:07 AM,318.3,15,4774.5,26461339.1
2025-08-01 10:24:44 AM,318.7,0,0.0,26461339.1
2025-08-01 10:24:45 AM,318.7,10,3187.0,26464526.1
2025-08-01 10:25:42 AM,318.7,100,31870.0,26496396.1
2025-08-01 10:26:24 AM,318.8,0,0.0,26496396.1
2025-08-01 10:26:27 AM,318.8,38,12114.4,26508510.5
2025-08-01 10:26:32 AM,318.95,5,1594.75,26510105.25
2025-08-01 10:27:21 AM,321.0,0,0.0,26510105.25
2025-08-01 10:27:21 AM,321.0,5667,1819107.0,28329212.25
2025-08-01 10:27:23 AM,320.7,183,58688.1,28387900.35
2025-08-01 10:27:37 AM,320.65,0,0.0,28387900.35
2025-08-01 10:27:37 AM,320.65,12,3847.7999999999997,28391748.150000002
2025-08-01 10:28:10 AM,320.65,1,320.65,28392068.8
2025-08-01 10:28:12 AM,320.65,1,320.65,28392389.45
2025-08-01 10:28:26 AM,321.6,0,0.0,28392389.45
2025-08-01 10:28:26 AM,321.6,161,51777.600000000006,28444167.05
2025-08-01 10:28:49 AM,321.65,0,0.0,28444167.05
2025-08-01 10:28:51 AM,321.65,10,3216.5,28447383.55
2025-08-01 10:29:06 AM,321.6,0,0.0,28447383.55
2025-08-01 10:29:08 AM,321.6,250,80400.0,28527783.55
2025-08-01 10:30:03 AM,321.55,0,0.0,28527783.55
2025-08-01 10:30:03 AM,321.55,5,1607.75,28529391.3
2025-08-01 10:30:15 AM,321.5,1,321.5,28529712.8
2025-08-01 10:30:26 AM,321.15,0,0.0,28529712.8
2025-08-01 10:30:26 AM,321.15,10,3211.5,28532924.3
2025-08-01 10:30:50 AM,321.25,0,0.0,28532924.3
2025-08-01 10:30:52 AM,321.25,10,3212.5,28536136.8
2025-08-01 10:31:37 AM,321.65,0,0.0,28536136.8
2025-08-01 10:31:37 AM,321.65,1146,368610.89999999997,28904747.7
2025-08-01 10:31:55 AM,322.0,609,196098.0,29100845.7
2025-08-01 10:32:14 AM,322.2,46,14821.199999999999,29115666.9
2025-08-01 10:32:20 AM,322.45,0,0.0,29115666.9
2025-08-01 10:32:21 AM,322.45,34,10963.3,29126630.2
2025-08-01 10:33:00 AM,322.7,0,0.0,29126630.2
2025-08-01 10:33:00 AM,322.95,374,120783.3,29247413.5
2025-08-01 10:33:14 AM,323.05,50,16152.5,29263566.0
2025-08-01 10:33:38 AM,323.4,0,0.0,29263566.0
2025-08-01 10:33:39 AM,323.4,443,143266.19999999998,29406832.2
2025-08-01 10:33:44 AM,322.55,0,0.0,29406832.2
2025-08-01 10:33:45 AM,322.55,1034,333516.7,29740348.9
2025-08-01 10:34:24 AM,322.2,10,3222.0,29743570.9
2025-08-01 10:34:34 AM,322.45,0,0.0,29743570.9
2025-08-01 10:34:36 AM,322.45,30,9673.5,29753244.4
2025-08-01 10:35:31 AM,322.4,0,0.0,29753244.4
2025-08-01 10:35:32 AM,322.4,50,16119.999999999998,29769364.4
2025-08-01 10:35:52 AM,322.4,11,3546.3999999999996,29772910.799999997
2025-08-01 10:36:00 AM,322.1,100,32210.000000000004,29805120.799999997
2025-08-01 10:36:08 AM,322.4,30,9672.0,29814792.799999997
2025-08-01 10:36:11 AM,322.15,0,0.0,29814792.799999997
2025-08-01 10:36:11 AM,322.15,2,644.3,29815437.099999998
2025-08-01 10:36:14 AM,322.0,0,0.0,29815437.099999998
2025-08-01 10:36:14 AM,322.0,500,161000.0,29976437.099999998
2025-08-01 10:36:20 AM,321.7,0,0.0,29976437.099999998
2025-08-01 10:36:20 AM,321.7,215,69165.5,30045602.599999998
2025-08-01 10:36:31 AM,321.7,192,61766.399999999994,30107368.999999996
2025-08-01 10:36:44 AM,322.0,0,0.0,30107368.999999996
2025-08-01 10:36:45 AM,322.0,100,32200.0,30139568.999999996
2025-08-01 10:37:38 AM,321.9,0,0.0,30139568.999999996
2025-08-01 10:37:40 AM,321.9,28,9013.199999999999,30148582.199999996
2025-08-01 10:38:02 AM,321.35,0,0.0,30148582.199999996
2025-08-01 10:38:02 AM,321.35,1325,425788.75000000006,30574370.949999996
2025-08-01 10:38:33 AM,321.0,0,0.0,30574370.949999996
2025-08-01 10:38:33 AM,321.0,202,64842.0,30639212.949999996
2025-08-01 10:39:10 AM,320.4,170,54467.99999999999,30693680.949999996
2025-08-01 10:39:34 AM,320.45,0,0.0,30693680.949999996
2025-08-01 10:39:35 AM,320.45,10,3204.5,30696885.449999996
2025-08-01 10:39:49 AM,320.35,0,0.0,30696885.449999996
2025-08-01 10:39:49 AM,320.35,19,6086.650000000001,30702972.099999994
2025-08-01 10:40:16 AM,320.3,0,0.0,30702972.099999994
2025-08-01 10:40:16 AM,320.3,170,54451.0,30757423.099999994
2025-08-01 10:40:47 AM,319.85,0,0.0,30757423.099999994
2025-08-01 10:40:47 AM,319.85,388,124101.8,30881524.899999995
2025-08-01 10:40:50 AM,320.0,0,0.0,30881524.899999995
2025-08-01 10:40:53 AM,320.0,11,3520.0,30885044.899999995
2025-08-01 10:40:57 AM,319.65,0,0.0,30885044.899999995
2025-08-01 10:40:58 AM,319.65,13,4155.45,30889200.349999994
2025-08-01 10:41:04 AM,319.85,1,319.85,30889520.199999996
2025-08-01 10:41:06 AM,319.85,1,319.85,30889840.049999997
2025-08-01 10:41:25 AM,319.65,0,0.0,30889840.049999997
2025-08-01 10:41:26 AM,319.65,2,639.3,30890479.349999998
2025-08-01 10:41:51 AM,319.95,0,0.0,30890479.349999998
2025-08-01 10:41:54 AM,319.95,10,3199.5,30893678.849999998
2025-08-01 10:42:27 AM,319.6,0,0.0,30893678.849999998
2025-08-01 10:42:27 AM,319.6,14,4474.400000000001,30898153.249999996
2025-08-01 10:42:29 AM,319.85,0,0.0,30898153.249999996
2025-08-01 10:42:29 AM,319.85,15,4797.75,30902950.999999996
2025-08-01 10:42:35 AM,319.65,0,0.0,30902950.999999996
2025-08-01 10:42:35 AM,319.65,230,73519.5,30976470.499999996
2025-08-01 10:42:42 AM,319.6,0,0.0,30976470.499999996
2025-08-01 10:42:44 AM,319.6,35,11186.0,30987656.499999996
2025-08-01 10:43:10 AM,319.15,0,0.0,30987656.499999996
2025-08-01 10:43:12 AM,319.15,65,20744.75,31008401.249999996
2025-08-01 10:43:34 AM,319.45,0,0.0,31008401.249999996
2025-08-01 10:43:35 AM,319.45,10,3194.5,31011595.749999996
2025-08-01 10:43:50 AM,319.55,0,0.0,31011595.749999996
2025-08-01 10:43:51 AM,319.55,65,20770.75,31032366.499999996
2025-08-01 10:43:54 AM,319.1,0,0.0,31032366.499999996
2025-08-01 10:43:54 AM,319.1,10,3191.0,31035557.499999996
2025-08-01 10:43:59 AM,319.05,100,31905.0,31067462.499999996
2025-08-01 10:44:12 AM,319.6,0,0.0,31067462.499999996
2025-08-01 10:44:12 AM,319.6,416,132953.6,31200416.099999998
2025-08-01 10:44:20 AM,319.9,0,0.0,31200416.099999998
2025-08-01 10:44:21 AM,319.9,36,11516.4,31211932.499999996
2025-08-01 10:44:33 AM,319.85,0,0.0,31211932.499999996
2025-08-01 10:44:34 AM,319.85,10,3198.5,31215130.999999996
2025-08-01 10:44:42 AM,319.9,50,15994.999999999998,31231125.999999996
2025-08-01 10:45:01 AM,319.05,0,0.0,31231125.999999996
2025-08-01 10:45:01 AM,319.05,2000,638100.0,31869225.999999996
2025-08-01 10:45:20 AM,319.8,0,0.0,31869225.999999996
2025-08-01 10:45:20 AM,319.8,333,106493.40000000001,31975719.399999995
2025-08-01 10:45:31 AM,319.6,0,0.0,31975719.399999995
2025-08-01 10:45:31 AM,319.6,20,6392.0,31982111.399999995
2025-08-01 10:46:23 AM,319.55,20,6391.0,31988502.399999995
2025-08-01 10:46:38 AM,319.2,0,0.0,31988502.399999995
2025-08-01 10:46:38 AM,319.2,1,319.2,31988821.599999994
2025-08-01 10:47:11 AM,319.15,115,36702.25,32025523.849999994
2025-08-01 10:48:53 AM,319.45,0,0.0,32025523.849999994
2025-08-01 10:48:54 AM,319.45,50,15972.5,32041496.349999994
2025-08-01 10:49:03 AM,318.3,0,0.0,32041496.349999994
2025-08-01 10:49:05 AM,318.3,7832,2492925.6,34534421.949999996
2025-08-01 10:50:01 AM,318.0,0,0.0,34534421.949999996
2025-08-01 10:50:04 AM,318.0,1000,318000.0,34852421.949999996
2025-08-01 10:50:17 AM,318.5,0,0.0,34852421.949999996
2025-08-01 10:50:21 AM,318.5,2,637.0,34853058.949999996
2025-08-01 10:50:55 AM,318.4,0,0.0,34853058.949999996
2025-08-01 10:50:55 AM,318.4,10,3184.0,34856242.949999996
2025-08-01 10:51:00 AM,317.8,0,0.0,34856242.949999996
2025-08-01 10:51:00 AM,317.8,2968,943230.4,35799473.349999994
2025-08-01 10:51:06 AM,317.4,0,0.0,35799473.349999994
2025-08-01 10:51:06 AM,317.4,1,317.4,35799790.74999999
2025-08-01 10:51:45 AM,317.55,49,15559.95,35815350.699999996
2025-08-01 10:51:50 AM,318.15,0,0.0,35815350.699999996
2025-08-01 10:51:50 AM,318.15,480,152712.0,35968062.699999996
2025-08-01 10:52:14 AM,317.8,0,0.0,35968062.699999996
2025-08-01 10:52:17 AM,317.8,1,317.8,35968380.49999999
2025-08-01 10:52:34 AM,318.05,220,69971.0,36038351.49999999
2025-08-01 10:52:46 AM,318.0,0,0.0,36038351.49999999
2025-08-01 10:52:49 AM,318.0,250,79500.0,36117851.49999999
2025-08-01 10:52:54 AM,317.85,0,0.0,36117851.49999999
2025-08-01 10:52:54 AM,317.85,1,317.85,36118169.349999994
2025-08-01 10:55:32 AM,317.5,0,0.0,36118169.349999994
2025-08-01 10:55:34 AM,317.5,488,154940.0,36273109.349999994
2025-08-01 10:56:46 AM,317.7,0,0.0,36273109.349999994
2025-08-01 10:56:48 AM,317.7,6,1906.1999999999998,36275015.55
2025-08-01 10:57:02 AM,317.5,0,0.0,36275015.55
2025-08-01 10:57:04 AM,317.5,2,635.0,36275650.55
2025-08-01 10:57:10 AM,317.6,0,0.0,36275650.55
2025-08-01 10:57:10 AM,317.6,31,9845.6,36285496.15
2025-08-01 10:57:52 AM,317.6,1,317.6,36285813.75
2025-08-01 10:57:56 AM,317.85,0,0.0,36285813.75
2025-08-01 10:57:57 AM,317.85,74,23520.9,36309334.65
2025-08-01 10:58:03 AM,317.75,1844,585931.0,36895265.65
2025-08-01 10:58:06 AM,317.85,0,0.0,36895265.65
2025-08-01 10:58:08 AM,317.85,1,317.85,36895583.5
2025-08-01 10:58:46 AM,317.85,1,317.85,36895901.35
2025-08-01 10:58:51 AM,317.85,1,317.85,36896219.2
2025-08-01 11:00:17 AM,318.1,0,0.0,36896219.2
2025-08-01 11:00:17 AM,318.1,3,954.3000000000001,36897173.5
2025-08-01 11:00:37 AM,318.15,0,0.0,36897173.5
2025-08-01 11:00:38 AM,318.2,0,0.0,36897173.5
2025-08-01 11:00:38 AM,318.2,35,11137.0,36908310.5
2025-08-01 11:00:47 AM,318.3,0,0.0,36908310.5
2025-08-01 11:00:49 AM,318.3,152,48381.6,36956692.1
2025-08-01 11:01:09 AM,318.35,0,0.0,36956692.1
2025-08-01 11:01:10 AM,318.35,2,636.7,36957328.800000004
2025-08-01 11:01:45 AM,318.3,0,0.0,36957328.800000004
2025-08-01 11:01:47 AM,318.3,25,7957.5,36965286.300000004
2025-08-01 11:02:52 AM,318.3,366,116497.8,37081784.1
2025-08-01 11:03:49 AM,318.3,155,49336.5,37131120.6
2025-08-01 11:03:56 AM,318.6,1,318.6,37131439.2
2025-08-01 11:04:12 AM,318.6,187,59578.200000000004,37191017.400000006
2025-08-01 11:04:35 AM,318.3,110,35013.0,37226030.400000006
2025-08-01 11:04:53 AM,318.65,150,47797.5,37273827.900000006
2025-08-01 11:04:57 AM,318.7,0,0.0,37273827.900000006
2025-08-01 11:04:58 AM,318.7,30,9561.0,37283388.900000006
2025-08-01 11:05:03 AM,318.65,0,0.0,37283388.900000006
2025-08-01 11:05:03 AM,318.65,1,318.65,37283707.550000004
2025-08-01 11:05:23 AM,318.75,0,0.0,37283707.550000004
2025-08-01 11:05:23 AM,318.85,119,37943.15,37321650.7
2025-08-01 11:05:34 AM,318.85,200,63770.00000000001,37385420.7
2025-08-01 11:05:38 AM,318.45,0,0.0,37385420.7
2025-08-01 11:05:39 AM,318.45,10,3184.5,37388605.2
2025-08-01 11:06:09 AM,319.0,0,0.0,37388605.2
2025-08-01 11:06:11 AM,319.0,425,135575.0,37524180.2
2025-08-01 11:06:19 AM,319.4,0,0.0,37524180.2
2025-08-01 11:06:22 AM,319.4,75,23955.0,37548135.2
2025-08-01 11:06:55 AM,319.25,4,1277.0,37549412.2
2025-08-01 11:07:47 AM,319.65,0,0.0,37549412.2
2025-08-01 11:07:47 AM,319.65,2827,903650.5499999999,38453062.75
2025-08-01 11:07:49 AM,319.25,10,3192.5,38456255.25
2025-08-01 11:08:03 AM,319.15,0,0.0,38456255.25
2025-08-01 11:08:03 AM,319.15,239,76276.84999999999,38532532.1
2025-08-01 11:08:59 AM,318.35,392,124793.20000000001,38657325.300000004
2025-08-01 11:09:04 AM,318.15,0,0.0,38657325.300000004
2025-08-01 11:09:05 AM,318.15,125,39768.75,38697094.050000004
2025-08-01 11:10:52 AM,318.15,3,954.4499999999999,38698048.50000001
2025-08-01 11:11:02 AM,318.15,3,954.4499999999999,38699002.95000001
2025-08-01 11:11:46 AM,318.15,135,42950.25,38741953.20000001
2025-08-01 11:12:34 AM,318.4,500,159200.0,38901153.20000001
2025-08-01 11:13:14 AM,318.05,0,0.0,38901153.20000001
2025-08-01 11:13:16 AM,318.05,286,90962.3,38992115.50000001
2025-08-01 11:13:23 AM,317.85,136,43227.600000000006,39035343.10000001
2025-08-01 11:13:35 AM,317.7,0,0.0,39035343.10000001
2025-08-01 11:13:38 AM,317.7,2,635.4,39035978.50000001
2025-08-01 11:14:06 AM,317.95,7,2225.65,39038204.150000006
2025-08-01 11:14:23 AM,317.65,0,0.0,39038204.150000006
2025-08-01 11:14:26 AM,317.65,15,4764.75,39042968.900000006
2025-08-01 11:14:59 AM,317.5,222,70485.0,39113453.900000006
2025-08-01 11:15:05 AM,317.8,0,0.0,39113453.900000006
2025-08-01 11:15:05 AM,317.8,79,25106.2,39138560.10000001
2025-08-01 11:16:11 AM,317.6,0,0.0,39138560.10000001
2025-08-01 11:16:12 AM,317.6,19,6034.400000000001,39144594.50000001
2025-08-01 11:16:59 AM,317.55,0,0.0,39144594.50000001
2025-08-01 11:17:00 AM,317.55,18,5715.900000000001,39150310.400000006
2025-08-01 11:17:32 AM,317.85,40,12714.0,39163024.400000006
2025-08-01 11:17:57 AM,317.55,0,0.0,39163024.400000006
2025-08-01 11:17:58 AM,317.55,24,7621.200000000001,39170645.60000001
2025-08-01 11:18:13 AM,317.5,0,0.0,39170645.60000001
2025-08-01 11:18:15 AM,317.5,377,119697.5,39290343.10000001
2025-08-01 11:19:06 AM,317.5,14,4445.0,39294788.10000001
2025-08-01 11:19:36 AM,317.45,0,0.0,39294788.10000001
2025-08-01 11:19:39 AM,317.45,3365,1068219.25,40363007.35000001
2025-08-01 11:19:43 AM,317.1,0,0.0,40363007.35000001
2025-08-01 11:19:45 AM,317.1,11,3488.1000000000004,40366495.45000001
2025-08-01 11:20:02 AM,317.05,0,0.0,40366495.45000001
2025-08-01 11:20:06 AM,317.05,124,39314.200000000004,40405809.65000001
2025-08-01 11:20:14 AM,316.85,0,0.0,40405809.65000001
2025-08-01 11:20:17 AM,316.85,500,158425.0,40564234.65000001
2025-08-01 11:20:32 AM,316.85,15,4752.75,40568987.40000001
2025-08-01 11:20:45 AM,317.25,0,0.0,40568987.40000001
2025-08-01 11:20:48 AM,317.25,79,25062.75,40594050.15000001
2025-08-01 11:21:19 AM,316.85,0,0.0,40594050.15000001
2025-08-01 11:21:19 AM,316.85,2164,685663.4,41279713.55000001
2025-08-01 11:22:40 AM,317.0,0,0.0,41279713.55000001
2025-08-01 11:22:43 AM,317.0,2251,713567.0,41993280.55000001
2025-08-01 11:22:58 AM,317.4,0,0.0,41993280.55000001
2025-08-01 11:22:59 AM,317.4,38,12061.199999999999,42005341.750000015
2025-08-01 11:23:09 AM,317.65,137,43518.049999999996,42048859.80000001
2025-08-01 11:25:33 AM,317.85,0,0.0,42048859.80000001
2025-08-01 11:25:35 AM,317.85,100,31785.000000000004,42080644.80000001
2025-08-01 11:26:52 AM,317.6,10,3176.0,42083820.80000001
2025-08-01 11:26:56 AM,317.55,0,0.0,42083820.80000001
2025-08-01 11:26:57 AM,317.55,250,79387.5,42163208.30000001
2025-08-01 11:26:58 AM,317.5,0,0.0,42163208.30000001
2025-08-01 11:26:58 AM,317.5,250,79375.0,42242583.30000001
2025-08-01 11:27:41 AM,317.95,0,0.0,42242583.30000001
2025-08-01 11:27:43 AM,317.95,312,99200.4,42341783.70000001
2025-08-01 11:30:45 AM,317.5,0,0.0,42341783.70000001
2025-08-01 11:30:46 AM,317.5,265,84137.5,42425921.20000001
2025-08-01 11:31:19 AM,317.15,0,0.0,42425921.20000001
2025-08-01 11:31:22 AM,317.15,1,317.15,42426238.35000001
2025-08-01 11:32:50 AM,316.5,0,0.0,42426238.35000001
2025-08-01 11:32:51 AM,316.5,5,1582.5,42427820.85000001
2025-08-01 11:32:56 AM,316.5,170,53805.0,42481625.85000001
2025-08-01 11:33:10 AM,316.45,0,0.0,42481625.85000001
2025-08-01 11:33:11 AM,316.45,33,10442.85,42492068.70000001
2025-08-01 11:33:22 AM,317.1,478,151573.80000000002,42643642.50000001
2025-08-01 11:34:34 AM,316.2,0,0.0,42643642.50000001
2025-08-01 11:34:37 AM,316.2,1000,316200.0,42959842.50000001
2025-08-01 11:34:47 AM,316.05,0,0.0,42959842.50000001
2025-08-01 11:34:48 AM,316.05,800,252840.0,43212682.50000001
2025-08-01 11:35:20 AM,316.6,33,10447.800000000001,43223130.300000004
2025-08-01 11:36:12 AM,317.1,0,0.0,43223130.300000004
2025-08-01 11:36:12 AM,317.1,82,26002.2,43249132.50000001
2025-08-01 11:36:56 AM,317.3,0,0.0,43249132.50000001
2025-08-01 11:36:58 AM,317.25,0,0.0,43249132.50000001
2025-08-01 11:36:59 AM,317.25,61,19352.25,43268484.75000001
2025-08-01 11:38:50 AM,316.7,0,0.0,43268484.75000001
2025-08-01 11:38:51 AM,316.6,0,0.0,43268484.75000001
2025-08-01 11:38:51 AM,316.6,167,52872.200000000004,43321356.95000001
2025-08-01 11:39:13 AM,316.5,142,44943.0,43366299.95000001
2025-08-01 11:39:13 AM,316.65,0,0.0,43366299.95000001
2025-08-01 11:39:16 AM,316.65,1,316.65,43366616.60000001
2025-08-01 11:39:29 AM,316.6,0,0.0,43366616.60000001
2025-08-01 11:39:31 AM,316.6,31,9814.6,43376431.20000001
2025-08-01 11:39:39 AM,316.6,500,158300.0,43534731.20000001
2025-08-01 11:39:53 AM,316.25,0,0.0,43534731.20000001
2025-08-01 11:39:54 AM,316.25,15,4743.75,43539474.95000001
2025-08-01 11:40:36 AM,316.25,306,96772.5,43636247.45000001
2025-08-01 11:41:13 AM,316.55,0,0.0,43636247.45000001
2025-08-01 11:41:15 AM,316.55,2,633.1,43636880.55000001
2025-08-01 11:41:37 AM,316.25,0,0.0,43636880.55000001
2025-08-01 11:41:40 AM,316.25,1149,363371.25,44000251.80000001
2025-08-01 11:41:59 AM,316.55,0,0.0,44000251.80000001
2025-08-01 11:42:01 AM,316.55,75,23741.25,44023993.05000001
2025-08-01 11:43:40 AM,316.5,91,28801.5,44052794.55000001
2025-08-01 11:44:07 AM,316.5,2035,644077.5,44696872.05000001
2025-08-01 11:44:09 AM,316.6,0,0.0,44696872.05000001
2025-08-01 11:44:13 AM,316.6,50,15830.000000000002,44712702.05000001
2025-08-01 11:44:28 AM,316.15,0,0.0,44712702.05000001
2025-08-01 11:44:31 AM,316.15,50,15807.499999999998,44728509.55000001
2025-08-01 11:45:31 AM,316.25,0,0.0,44728509.55000001
2025-08-01 11:45:35 AM,316.25,1,316.25,44728825.80000001
2025-08-01 11:45:40 AM,316.3,0,0.0,44728825.80000001
2025-08-01 11:45:40 AM,316.3,1,316.3,44729142.10000001
2025-08-01 11:46:33 AM,316.3,4,1265.2,44730407.30000001
2025-08-01 11:47:57 AM,316.3,537,169853.1,44900260.40000001
2025-08-01 11:49:20 AM,316.65,0,0.0,44900260.40000001
2025-08-01 11:49:23 AM,316.65,85,26915.249999999996,44927175.65000001
2025-08-01 11:50:49 AM,317.0,0,0.0,44927175.65000001
2025-08-01 11:50:50 AM,317.0,60,19020.0,44946195.65000001
2025-08-01 11:51:13 AM,316.85,0,0.0,44946195.65000001
2025-08-01 11:51:15 AM,316.85,1,316.85,44946512.500000015
2025-08-01 11:51:55 AM,316.85,15,4752.75,44951265.250000015
2025-08-01 11:52:11 AM,317.0,0,0.0,44951265.250000015
2025-08-01 11:52:15 AM,317.0,204,64668.0,45015933.250000015
2025-08-01 11:52:25 AM,317.0,10,3170.0,45019103.250000015
2025-08-01 11:52:59 AM,317.25,0,0.0,45019103.250000015
2025-08-01 11:53:00 AM,317.25,100,31725.0,45050828.250000015
2025-08-01 11:55:06 AM,318.95,0,0.0,45050828.250000015
2025-08-01 11:55:07 AM,318.95,6219,1983550.0499999998,47034378.30000001
2025-08-01 11:55:08 AM,318.45,0,0.0,47034378.30000001
2025-08-01 11:55:09 AM,318.45,160,50952.0,47085330.30000001
2025-08-01 11:55:29 AM,318.8,293,93408.40000000001,47178738.70000001
2025-08-01 11:57:48 AM,318.7,1,318.7,47179057.40000001
2025-08-01 11:58:03 AM,318.7,3,956.0999999999999,47180013.500000015
2025-08-01 11:58:07 AM,318.05,0,0.0,47180013.500000015
2025-08-01 11:58:09 AM,318.05,442,140578.1,47320591.60000002
2025-08-01 11:58:14 AM,318.65,0,0.0,47320591.60000002
2025-08-01 11:58:15 AM,318.65,1090,347328.5,47667920.10000002
2025-08-01 11:58:24 AM,319.4,0,0.0,47667920.10000002
2025-08-01 11:58:26 AM,319.4,16,5110.4,47673030.500000015
2025-08-01 11:58:27 AM,318.95,0,0.0,47673030.500000015
2025-08-01 11:58:30 AM,319.3,0,0.0,47673030.500000015
2025-08-01 11:58:31 AM,319.3,29,9259.7,47682290.20000002
2025-08-01 11:59:02 AM,319.25,0,0.0,47682290.20000002
2025-08-01 11:59:03 AM,319.25,1,319.25,47682609.45000002
2025-08-01 11:59:08 AM,318.9,50,15944.999999999998,47698554.45000002
2025-08-01 12:00:05 PM,319.3,5,1596.5,47700150.95000002
2025-08-01 12:00:45 PM,319.3,3,957.9000000000001,47701108.85000002
2025-08-01 12:01:10 PM,319.3,10,3193.0,47704301.85000002
2025-08-01 12:01:33 PM,319.0,0,0.0,47704301.85000002
2025-08-01 12:01:34 PM,319.0,253,80707.0,47785008.85000002
2025-08-01 12:01:36 PM,318.15,585,186117.75,47971126.60000002
2025-08-01 12:01:38 PM,318.4,2,636.8,47971763.40000001
2025-08-01 12:02:57 PM,318.4,1,318.4,47972081.80000001
2025-08-01 12:03:32 PM,318.1,290,92249.0,48064330.80000001
2025-08-01 12:03:49 PM,318.1,21,6680.1,48071010.90000001
2025-08-01 12:04:18 PM,318.1,300,95430.0,48166440.90000001
2025-08-01 12:04:48 PM,318.0,0,0.0,48166440.90000001
2025-08-01 12:04:48 PM,318.45,0,0.0,48166440.90000001
2025-08-01 12:04:48 PM,318.45,964,306985.8,48473426.70000001
2025-08-01 12:05:30 PM,318.1,0,0.0,48473426.70000001
2025-08-01 12:05:33 PM,318.1,104,33082.4,48506509.10000001
2025-08-01 12:12:16 PM,318.35,100,31835.000000000004,48538344.10000001
2025-08-01 12:12:36 PM,318.4,0,0.0,48538344.10000001
2025-08-01 12:12:36 PM,318.4,179,56993.6,48595337.70000001
2025-08-01 12:12:36 PM,318.4,2,636.8,48595974.50000001
2025-08-01 12:12:44 PM,318.6,0,0.0,48595974.50000001
2025-08-01 12:12:46 PM,318.6,20,6372.0,48602346.50000001
2025-08-01 12:13:18 PM,318.65,0,0.0,48602346.50000001
2025-08-01 12:13:22 PM,318.65,660,210308.99999999997,48812655.50000001
2025-08-01 12:15:18 PM,318.55,200,63710.0,48876365.50000001
2025-08-01 12:15:28 PM,318.6,2,637.2,48877002.70000001
2025-08-01 12:15:58 PM,318.6,68,21664.800000000003,48898667.50000001
2025-08-01 12:17:54 PM,318.6,224,71366.40000000001,48970033.900000006
2025-08-01 12:18:42 PM,318.05,0,0.0,48970033.900000006
2025-08-01 12:18:44 PM,318.05,200,63610.0,49033643.900000006
2025-08-01 12:19:24 PM,318.05,172,54704.6,49088348.50000001
2025-08-01 12:20:09 PM,318.4,0,0.0,49088348.50000001
2025-08-01 12:20:10 PM,318.4,5,1592.0,49089940.50000001
2025-08-01 12:21:36 PM,318.1,30,9543.0,49099483.50000001
2025-08-01 12:23:05 PM,318.4,0,0.0,49099483.50000001
2025-08-01 12:23:07 PM,318.4,11,3502.3999999999996,49102985.900000006
2025-08-01 12:23:27 PM,318.4,1,318.4,49103304.300000004
2025-08-01 12:23:28 PM,318.2,0,0.0,49103304.300000004
2025-08-01 12:23:31 PM,318.2,1,318.2,49103622.50000001
2025-08-01 12:24:36 PM,318.2,10,3182.0,49106804.50000001
2025-08-01 12:25:36 PM,318.2,5,1591.0,49108395.50000001
2025-08-01 12:26:56 PM,318.2,158,50275.6,49158671.10000001
2025-08-01 12:27:04 PM,317.9,0,0.0,49158671.10000001
2025-08-01 12:27:07 PM,317.9,431,137014.9,49295686.00000001
2025-08-01 12:27:19 PM,317.85,0,0.0,49295686.00000001
2025-08-01 12:27:22 PM,317.85,140,44499.0,49340185.00000001
2025-08-01 12:29:15 PM,317.85,130,41320.5,49381505.50000001
2025-08-01 12:29:17 PM,317.5,70,22225.0,49403730.50000001
2025-08-01 12:29:18 PM,317.85,0,0.0,49403730.50000001
2025-08-01 12:29:20 PM,317.85,1,317.85,49404048.35000001
2025-08-01 12:31:38 PM,317.45,0,0.0,49404048.35000001
2025-08-01 12:31:38 PM,317.45,1005,319037.25,49723085.60000001
2025-08-01 12:32:56 PM,317.45,130,41268.5,49764354.10000001
2025-08-01 12:34:35 PM,317.5,0,0.0,49764354.10000001
2025-08-01 12:34:36 PM,317.5,8,2540.0,49766894.10000001
2025-08-01 12:34:38 PM,317.8,0,0.0,49766894.10000001
2025-08-01 12:34:38 PM,317.8,3,953.4000000000001,49767847.50000001
2025-08-01 12:35:30 PM,317.45,0,0.0,49767847.50000001
2025-08-01 12:35:33 PM,317.45,7,2222.15,49770069.650000006
2025-08-01 12:35:48 PM,317.55,0,0.0,49770069.650000006
2025-08-01 12:35:49 PM,317.55,160,50808.0,49820877.650000006
2025-08-01 12:36:14 PM,317.45,0,0.0,49820877.650000006
2025-08-01 12:36:15 PM,317.45,8,2539.6,49823417.25000001
2025-08-01 12:37:06 PM,317.45,9,2857.0499999999997,49826274.300000004
2025-08-01 12:37:09 PM,317.65,0,0.0,49826274.300000004
2025-08-01 12:37:11 PM,317.65,2,635.3,49826909.6
2025-08-01 12:37:23 PM,317.35,0,0.0,49826909.6
2025-08-01 12:37:26 PM,317.35,72,22849.2,49849758.800000004
2025-08-01 12:38:12 PM,317.35,10,3173.5,49852932.300000004
2025-08-01 12:38:40 PM,317.35,1,317.35,49853249.650000006
2025-08-01 12:39:00 PM,317.1,150,47565.0,49900814.650000006
2025-08-01 12:40:04 PM,317.05,0,0.0,49900814.650000006
2025-08-01 12:40:05 PM,317.05,500,158525.0,50059339.650000006
2025-08-01 12:40:20 PM,317.15,0,0.0,50059339.650000006
2025-08-01 12:40:21 PM,317.15,273,86581.95,50145921.60000001
2025-08-01 12:41:45 PM,317.15,33,10465.949999999999,50156387.55000001
2025-08-01 12:43:06 PM,317.15,15,4757.25,50161144.80000001
2025-08-01 12:44:39 PM,317.15,6,1902.8999999999999,50163047.70000001
2025-08-01 12:45:21 PM,317.15,6,1902.8999999999999,50164950.60000001
2025-08-01 12:45:26 PM,317.15,6,1902.8999999999999,50166853.50000001
2025-08-01 12:46:11 PM,317.15,12,3805.7999999999997,50170659.300000004
2025-08-01 12:46:57 PM,317.15,90,28543.499999999996,50199202.800000004
2025-08-01 12:47:02 PM,317.15,230,72944.5,50272147.300000004
2025-08-01 12:48:49 PM,317.15,5,1585.75,50273733.050000004
2025-08-01 12:48:53 PM,317.15,53,16808.949999999997,50290542.00000001
2025-08-01 12:49:10 PM,317.0,0,0.0,50290542.00000001
2025-08-01 12:49:12 PM,317.0,488,154696.0,50445238.00000001
2025-08-01 12:49:22 PM,317.0,1075,340775.0,50786013.00000001
2025-08-01 12:50:16 PM,316.8,0,0.0,50786013.00000001
2025-08-01 12:50:18 PM,316.8,5224,1654963.2,52440976.20000001
2025-08-01 12:50:22 PM,316.6,0,0.0,52440976.20000001
2025-08-01 12:50:23 PM,316.6,1,316.6,52441292.80000001
2025-08-01 12:50:30 PM,316.35,0,0.0,52441292.80000001
2025-08-01 12:50:33 PM,316.35,486,153746.1,52595038.90000001
2025-08-01 12:50:39 PM,316.3,2,632.6,52595671.500000015
2025-08-01 12:51:30 PM,316.6,3,949.8000000000001,52596621.30000001
2025-08-01 12:51:50 PM,316.35,18,5694.3,52602315.60000001
2025-08-01 12:52:21 PM,316.35,10,3163.5,52605479.10000001
2025-08-01 12:54:54 PM,316.4,0,0.0,52605479.10000001
2025-08-01 12:54:56 PM,316.4,300,94920.0,52700399.10000001
2025-08-01 12:55:22 PM,316.1,0,0.0,52700399.10000001
2025-08-01 12:55:23 PM,316.1,1037,327795.7,53028194.80000001
2025-08-01 12:56:27 PM,316.35,100,31635.000000000004,53059829.80000001
2025-08-01 12:57:38 PM,316.35,57,18031.95,53077861.750000015
2025-08-01 01:00:17 PM,316.4,0,0.0,53077861.750000015
2025-08-01 01:00:21 PM,316.4,48,15187.199999999999,53093048.95000002
2025-08-01 01:00:39 PM,316.6,0,0.0,53093048.95000002
2025-08-01 01:00:42 PM,316.6,834,264044.4,53357093.35000002
2025-08-01 01:00:43 PM,316.95,0,0.0,53357093.35000002
2025-08-01 01:00:47 PM,316.95,44,13945.8,53371039.15000001
2025-08-01 01:01:02 PM,316.85,1,316.85,53371356.000000015
2025-08-01 01:01:03 PM,316.85,2,633.7,53371989.70000002
2025-08-01 01:01:08 PM,316.85,2,633.7,53372623.40000002
2025-08-01 01:01:19 PM,316.85,6,1901.1000000000001,53374524.50000002
2025-08-01 01:01:25 PM,316.85,2,633.7,53375158.200000025
2025-08-01 01:01:29 PM,316.85,8,2534.8,53377693.00000002
2025-08-01 01:01:34 PM,316.85,51,16159.35,53393852.350000024
2025-08-01 01:02:35 PM,316.85,1,316.85,53394169.200000025
2025-08-01 01:02:39 PM,316.85,4,1267.4,53395436.600000024
2025-08-01 01:02:50 PM,316.85,2,633.7,53396070.30000003
2025-08-01 01:02:54 PM,316.85,1,316.85,53396387.15000003
2025-08-01 01:03:09 PM,316.85,3,950.5500000000001,53397337.700000025
2025-08-01 01:03:09 PM,316.95,0,0.0,53397337.700000025
2025-08-01 01:03:11 PM,316.85,0,0.0,53397337.700000025
2025-08-01 01:03:14 PM,316.85,2,633.7,53397971.40000003
2025-08-01 01:04:05 PM,316.95,0,0.0,53397971.40000003
2025-08-01 01:04:07 PM,316.95,31,9825.449999999999,53407796.85000003
2025-08-01 01:04:51 PM,317.15,0,0.0,53407796.85000003
2025-08-01 01:04:52 PM,317.05,331,104943.55,53512740.40000003
2025-08-01 01:04:53 PM,317.2,0,0.0,53512740.40000003
2025-08-01 01:04:56 PM,317.2,2,634.4,53513374.80000003
2025-08-01 01:05:39 PM,317.05,0,0.0,53513374.80000003
2025-08-01 01:05:42 PM,317.05,10,3170.5,53516545.30000003
2025-08-01 01:06:49 PM,317.85,410,130318.50000000001,53646863.80000003
2025-08-01 01:07:16 PM,317.35,0,0.0,53646863.80000003
2025-08-01 01:07:19 PM,317.35,478,151693.30000000002,53798557.100000024
2025-08-01 01:07:22 PM,317.6,0,0.0,53798557.100000024
2025-08-01 01:07:25 PM,317.6,10,3176.0,53801733.100000024
2025-08-01 01:07:48 PM,317.55,0,0.0,53801733.100000024
2025-08-01 01:07:51 PM,317.55,114,36200.700000000004,53837933.80000003
2025-08-01 01:08:12 PM,318.0,0,0.0,53837933.80000003
2025-08-01 01:08:12 PM,318.0,370,117660.0,53955593.80000003
2025-08-01 01:09:07 PM,318.55,95,30262.25,53985856.05000003
2025-08-01 01:10:58 PM,318.4,0,0.0,53985856.05000003
2025-08-01 01:10:59 PM,318.4,100,31839.999999999996,54017696.05000003
2025-08-01 01:11:10 PM,317.55,0,0.0,54017696.05000003
2025-08-01 01:11:12 PM,317.55,400,127020.0,54144716.05000003
2025-08-01 01:12:42 PM,317.55,69,21910.95,54166627.00000003
2025-08-01 01:14:28 PM,317.55,21,6668.55,54173295.55000003
2025-08-01 01:15:23 PM,317.15,186,58989.899999999994,54232285.450000025
2025-08-01 01:15:24 PM,317.15,16,5074.4,54237359.850000024
2025-08-01 01:15:33 PM,317.55,3,952.6500000000001,54238312.50000002
2025-08-01 01:16:02 PM,317.15,0,0.0,54238312.50000002
2025-08-01 01:16:03 PM,317.15,23,7294.45,54245606.950000025
2025-08-01 01:17:03 PM,317.15,24,7611.599999999999,54253218.55000003
2025-08-01 01:17:18 PM,317.15,500,158575.0,54411793.55000003
2025-08-01 01:17:23 PM,317.2,20,6344.0,54418137.55000003
2025-08-01 01:18:05 PM,317.2,750,237900.0,54656037.55000003
2025-08-01 01:18:20 PM,317.2,17,5392.4,54661429.950000025
2025-08-01 01:18:58 PM,317.4,0,0.0,54661429.950000025
2025-08-01 01:19:00 PM,317.4,22,6982.799999999999,54668412.75000002
2025-08-01 01:19:25 PM,317.1,300,95130.0,54763542.75000002
2025-08-01 01:19:48 PM,316.85,0,0.0,54763542.75000002
2025-08-01 01:19:49 PM,316.85,29,9188.650000000001,54772731.40000002
2025-08-01 01:20:16 PM,317.2,0,0.0,54772731.40000002
2025-08-01 01:20:19 PM,317.2,20,6344.0,54779075.40000002
2025-08-01 01:20:54 PM,316.85,25,7921.250000000001,54786996.65000002
2025-08-01 01:24:24 PM,316.85,33,10456.050000000001,54797452.70000002
2025-08-01 01:25:53 PM,317.05,0,0.0,54797452.70000002
2025-08-01 01:25:57 PM,317.05,35,11096.75,54808549.45000002
2025-08-01 01:26:11 PM,317.1,0,0.0,54808549.45000002
2025-08-01 01:26:12 PM,317.1,162,51370.200000000004,54859919.65000002
2025-08-01 01:26:56 PM,317.35,1,317.35,54860237.00000002
2025-08-01 01:28:09 PM,317.35,12,3808.2000000000003,54864045.200000025
2025-08-01 01:28:40 PM,317.15,0,0.0,54864045.200000025
2025-08-01 01:28:43 PM,317.15,115,36472.25,54900517.450000025
2025-08-01 01:29:02 PM,316.95,0,0.0,54900517.450000025
2025-08-01 01:29:06 PM,316.95,194,61488.299999999996,54962005.75000002
2025-08-01 01:29:22 PM,317.3,0,0.0,54962005.75000002
2025-08-01 01:29:26 PM,317.3,3,951.9000000000001,54962957.65000002
2025-08-01 01:30:00 PM,316.9,0,0.0,54962957.65000002
2025-08-01 01:30:04 PM,316.9,9,2852.1,54965809.75000002
2025-08-01 01:30:46 PM,316.85,0,0.0,54965809.75000002
2025-08-01 01:30:48 PM,316.85,12,3802.2000000000003,54969611.950000025
2025-08-01 01:30:54 PM,317.2,83,26327.6,54995939.55000003
2025-08-01 01:31:53 PM,317.2,50,15860.0,55011799.55000003
2025-08-01 01:32:33 PM,317.25,150,47587.5,55059387.05000003
2025-08-01 01:32:47 PM,317.25,60,19035.0,55078422.05000003
2025-08-01 01:33:40 PM,317.25,18,5710.5,55084132.55000003
2025-08-01 01:33:44 PM,316.85,0,0.0,55084132.55000003
2025-08-01 01:33:45 PM,316.85,182,57666.700000000004,55141799.25000003
2025-08-01 01:34:32 PM,316.9,0,0.0,55141799.25000003
2025-08-01 01:34:33 PM,316.9,16,5070.4,55146869.65000003
2025-08-01 01:35:08 PM,317.15,0,0.0,55146869.65000003
2025-08-01 01:35:11 PM,317.15,9,2854.35,55149724.00000003
2025-08-01 01:35:40 PM,317.15,20,6343.0,55156067.00000003
2025-08-01 01:35:55 PM,317.15,5,1585.75,55157652.75000003
2025-08-01 01:36:56 PM,316.65,0,0.0,55157652.75000003
2025-08-01 01:36:58 PM,316.65,2239,708979.35,55866632.10000003
2025-08-01 01:37:20 PM,316.35,0,0.0,55866632.10000003
2025-08-01 01:37:22 PM,316.35,13,4112.55,55870744.65000003
2025-08-01 01:37:28 PM,316.15,250,79037.5,55949782.15000003
2025-08-01 01:38:05 PM,316.2,0,0.0,55949782.15000003
2025-08-01 01:38:07 PM,316.2,12,3794.3999999999996,55953576.55000003
2025-08-01 01:38:08 PM,316.45,0,0.0,55953576.55000003
2025-08-01 01:38:09 PM,316.45,43,13607.35,55967183.90000003
2025-08-01 01:39:06 PM,316.55,0,0.0,55967183.90000003
2025-08-01 01:39:07 PM,316.55,20,6331.0,55973514.90000003
2025-08-01 01:40:48 PM,316.15,0,0.0,55973514.90000003
2025-08-01 01:40:49 PM,316.15,169,53429.35,56026944.25000003
2025-08-01 01:40:59 PM,316.15,15,4742.25,56031686.50000003
2025-08-01 01:41:00 PM,316.65,0,0.0,56031686.50000003
2025-08-01 01:41:04 PM,316.65,478,151358.69999999998,56183045.20000003
2025-08-01 01:43:10 PM,316.45,0,0.0,56183045.20000003
2025-08-01 01:43:12 PM,316.45,5,1582.25,56184627.45000003
2025-08-01 01:43:37 PM,316.45,45,14240.25,56198867.70000003
2025-08-01 01:44:01 PM,316.45,125,39556.25,56238423.95000003
2025-08-01 01:44:06 PM,316.4,35,11074.0,56249497.95000003
2025-08-01 01:44:32 PM,316.5,0,0.0,56249497.95000003
2025-08-01 01:44:33 PM,316.5,3,949.5,56250447.45000003
2025-08-01 01:45:17 PM,316.5,2,633.0,56251080.45000003
2025-08-01 01:46:25 PM,316.5,7,2215.5,56253295.95000003
2025-08-01 01:46:34 PM,317.0,0,0.0,56253295.95000003
2025-08-01 01:46:35 PM,317.0,300,95100.0,56348395.95000003
2025-08-01 01:46:38 PM,316.7,0,0.0,56348395.95000003
2025-08-01 01:46:41 PM,316.7,9,2850.2999999999997,56351246.25000003
2025-08-01 01:47:14 PM,316.75,0,0.0,56351246.25000003
2025-08-01 01:47:16 PM,316.75,235,74436.25,56425682.50000003
2025-08-01 01:47:20 PM,316.5,0,0.0,56425682.50000003
2025-08-01 01:47:21 PM,316.5,2,633.0,56426315.50000003
2025-08-01 01:47:36 PM,316.8,156,49420.8,56475736.30000003
2025-08-01 01:48:14 PM,316.45,0,0.0,56475736.30000003
2025-08-01 01:48:16 PM,316.45,1169,369930.05,56845666.350000024
2025-08-01 01:48:26 PM,316.4,1,316.4,56845982.75000002
2025-08-01 01:50:07 PM,316.15,0,0.0,56845982.75000002
2025-08-01 01:50:07 PM,316.15,23,7271.45,56853254.200000025
2025-08-01 01:50:22 PM,316.4,0,0.0,56853254.200000025
2025-08-01 01:50:23 PM,316.4,18,5695.2,56858949.40000003
2025-08-01 01:50:57 PM,316.2,28,8853.6,56867803.00000003
2025-08-01 01:51:12 PM,316.4,0,0.0,56867803.00000003
2025-08-01 01:51:12 PM,316.4,3,949.1999999999999,56868752.20000003
2025-08-01 01:53:05 PM,316.1,0,0.0,56868752.20000003
2025-08-01 01:53:08 PM,316.1,2327,735564.7000000001,57604316.900000036
2025-08-01 01:53:11 PM,316.0,0,0.0,57604316.900000036
2025-08-01 01:53:12 PM,316.3,0,0.0,57604316.900000036
2025-08-01 01:53:13 PM,316.3,364,115133.2,57719450.10000004
2025-08-01 01:54:56 PM,316.0,0,0.0,57719450.10000004
2025-08-01 01:54:57 PM,316.0,16,5056.0,57724506.10000004
2025-08-01 01:55:50 PM,316.05,0,0.0,57724506.10000004
2025-08-01 01:55:52 PM,316.05,20,6321.0,57730827.10000004
2025-08-01 01:55:56 PM,316.25,0,0.0,57730827.10000004
2025-08-01 01:55:57 PM,316.25,15,4743.75,57735570.85000004
2025-08-01 01:57:06 PM,316.0,0,0.0,57735570.85000004
2025-08-01 01:57:07 PM,316.0,2257,713212.0,58448782.85000004
2025-08-01 01:57:18 PM,316.55,0,0.0,58448782.85000004
2025-08-01 01:57:22 PM,316.55,4473,1415928.1500000001,59864711.00000004
2025-08-01 01:57:22 PM,316.6,0,0.0,59864711.00000004
2025-08-01 01:57:27 PM,316.6,23,7281.8,59871992.800000034
2025-08-01 01:57:51 PM,316.15,105,33195.75,59905188.550000034
2025-08-01 02:01:03 PM,316.2,0,0.0,59905188.550000034
2025-08-01 02:01:05 PM,316.2,4,1264.8,59906453.35000003
2025-08-01 02:01:58 PM,316.2,30,9486.0,59915939.35000003
2025-08-01 02:02:38 PM,316.4,0,0.0,59915939.35000003
2025-08-01 02:02:43 PM,316.4,3,949.1999999999999,59916888.550000034
2025-08-01 02:02:50 PM,316.2,0,0.0,59916888.550000034
2025-08-01 02:02:53 PM,316.2,154,48694.799999999996,59965583.35000003
2025-08-01 02:02:55 PM,315.8,0,0.0,59965583.35000003
2025-08-01 02:02:57 PM,315.8,990,312642.0,60278225.35000003
2025-08-01 02:03:20 PM,315.6,0,0.0,60278225.35000003
2025-08-01 02:03:23 PM,315.6,1,315.6,60278540.95000003
2025-08-01 02:03:42 PM,315.75,0,0.0,60278540.95000003
2025-08-01 02:03:43 PM,315.75,7,2210.25,60280751.20000003
2025-08-01 02:04:03 PM,315.75,2,631.5,60281382.70000003
2025-08-01 02:04:08 PM,315.75,340,107355.0,60388737.70000003
2025-08-01 02:04:10 PM,315.6,0,0.0,60388737.70000003
2025-08-01 02:04:13 PM,315.6,50,15780.000000000002,60404517.70000003
2025-08-01 02:04:18 PM,315.5,1367,431288.5,60835806.20000003
2025-08-01 02:04:23 PM,315.5,7,2208.5,60838014.70000003
2025-08-01 02:05:49 PM,315.5,112,35336.0,60873350.70000003
2025-08-01 02:06:14 PM,315.5,33,10411.5,60883762.20000003
2025-08-01 02:06:41 PM,315.8,0,0.0,60883762.20000003
2025-08-01 02:06:44 PM,315.8,97,30632.600000000002,60914394.800000034
2025-08-01 02:06:47 PM,316.0,0,0.0,60914394.800000034
2025-08-01 02:06:50 PM,316.0,403,127348.0,61041742.800000034
2025-08-01 02:06:55 PM,316.0,1,316.0,61042058.800000034
2025-08-01 02:08:45 PM,315.85,0,0.0,61042058.800000034
2025-08-01 02:08:48 PM,315.85,100,31585.000000000004,61073643.800000034
2025-08-01 02:08:55 PM,315.5,0,0.0,61073643.800000034
2025-08-01 02:08:58 PM,315.5,624,196872.0,61270515.800000034
2025-08-01 02:09:09 PM,315.05,4088,1287924.4000000001,62558440.20000003
2025-08-01 02:10:06 PM,315.4,0,0.0,62558440.20000003
2025-08-01 02:10:08 PM,315.4,250,78850.0,62637290.20000003
2025-08-01 02:10:24 PM,315.1,0,0.0,62637290.20000003
2025-08-01 02:10:28 PM,315.1,2,630.2,62637920.400000036
2025-08-01 02:11:15 PM,315.1,33,10398.300000000001,62648318.70000003
2025-08-01 02:11:16 PM,315.15,0,0.0,62648318.70000003
2025-08-01 02:11:16 PM,315.15,1,315.15,62648633.85000003
2025-08-01 02:12:07 PM,315.15,1,315.15,62648949.00000003
2025-08-01 02:12:28 PM,315.5,0,0.0,62648949.00000003
2025-08-01 02:12:28 PM,315.5,179,56474.5,62705423.50000003
2025-08-01 02:13:22 PM,315.55,0,0.0,62705423.50000003
2025-08-01 02:13:23 PM,315.55,228,71945.40000000001,62777368.90000003
2025-08-01 02:14:20 PM,315.15,0,0.0,62777368.90000003
2025-08-01 02:14:22 PM,315.15,10,3151.5,62780520.40000003
2025-08-01 02:15:00 PM,315.1,0,0.0,62780520.40000003
2025-08-01 02:15:00 PM,315.1,11,3466.1000000000004,62783986.50000003
2025-08-01 02:15:02 PM,315.0,1501,472815.0,63256801.50000003
2025-08-01 02:15:05 PM,315.0,589,185535.0,63442336.50000003
2025-08-01 02:15:08 PM,315.0,354,111510.0,63553846.50000003
2025-08-01 02:15:13 PM,315.0,1,315.0,63554161.50000003
2025-08-01 02:15:16 PM,315.0,1,315.0,63554476.50000003
2025-08-01 02:16:38 PM,315.15,0,0.0,63554476.50000003
2025-08-01 02:16:38 PM,315.15,3,945.4499999999999,63555421.95000003
2025-08-01 02:16:46 PM,315.3,0,0.0,63555421.95000003
2025-08-01 02:16:48 PM,315.3,2,630.6,63556052.550000034
2025-08-01 02:16:57 PM,315.8,500,157900.0,63713952.550000034
2025-08-01 02:17:59 PM,315.65,5,1578.25,63715530.800000034
2025-08-01 02:18:28 PM,315.35,0,0.0,63715530.800000034
2025-08-01 02:18:30 PM,315.35,792,249757.2,63965288.00000004
2025-08-01 02:19:00 PM,315.0,0,0.0,63965288.00000004
2025-08-01 02:19:00 PM,315.0,200,63000.0,64028288.00000004
2025-08-01 02:19:10 PM,315.4,0,0.0,64028288.00000004
2025-08-01 02:19:10 PM,315.4,100,31539.999999999996,64059828.00000004
2025-08-01 02:20:08 PM,315.3,0,0.0,64059828.00000004
2025-08-01 02:20:08 PM,315.3,100,31530.0,64091358.00000004
2025-08-01 02:20:33 PM,315.4,2,630.8,64091988.800000034
2025-08-01 02:21:14 PM,315.1,214,67431.40000000001,64159420.20000003
2025-08-01 02:21:35 PM,315.15,0,0.0,64159420.20000003
2025-08-01 02:21:35 PM,315.15,24,7563.599999999999,64166983.800000034
2025-08-01 02:21:37 PM,315.0,0,0.0,64166983.800000034
2025-08-01 02:21:40 PM,315.0,1125,354375.0,64521358.800000034
2025-08-01 02:21:42 PM,315.1,0,0.0,64521358.800000034
2025-08-01 02:21:44 PM,314.3,0,0.0,64521358.800000034
2025-08-01 02:21:46 PM,314.3,6076,1909686.8,66431045.60000003
2025-08-01 02:21:51 PM,314.3,73,22943.9,66453989.50000003
2025-08-01 02:21:53 PM,314.7,0,0.0,66453989.50000003
2025-08-01 02:21:56 PM,314.7,5,1573.5,66455563.00000003
2025-08-01 02:22:23 PM,314.25,50,15712.5,66471275.50000003
2025-08-01 02:23:06 PM,314.25,2,628.5,66471904.00000003
2025-08-01 02:24:09 PM,314.55,0,0.0,66471904.00000003
2025-08-01 02:24:10 PM,314.55,130,40891.5,66512795.50000003
2025-08-01 02:24:12 PM,314.25,0,0.0,66512795.50000003
2025-08-01 02:24:15 PM,314.25,35,10998.75,66523794.25000003
2025-08-01 02:24:41 PM,314.7,260,81822.0,66605616.25000003
2025-08-01 02:25:54 PM,314.4,0,0.0,66605616.25000003
2025-08-01 02:25:56 PM,314.4,55,17292.0,66622908.25000003
2025-08-01 02:26:12 PM,314.4,20,6288.0,66629196.25000003
2025-08-01 02:27:38 PM,314.4,20,6288.0,66635484.25000003
2025-08-01 02:28:05 PM,314.4,2,628.8,66636113.05000003
2025-08-01 02:28:21 PM,314.4,91,28610.399999999998,66664723.450000025
2025-08-01 02:28:26 PM,314.55,0,0.0,66664723.450000025
2025-08-01 02:28:26 PM,314.55,15,4718.25,66669441.700000025
2025-08-01 02:28:34 PM,314.3,0,0.0,66669441.700000025
2025-08-01 02:28:37 PM,314.3,212,66631.6,66736073.30000003
2025-08-01 02:28:59 PM,314.55,0,0.0,66736073.30000003
2025-08-01 02:28:59 PM,314.55,2,629.1,66736702.40000003
2025-08-01 02:29:08 PM,314.3,0,0.0,66736702.40000003
2025-08-01 02:29:08 PM,314.3,21,6600.3,66743302.700000025
2025-08-01 02:29:32 PM,314.5,0,0.0,66743302.700000025
2025-08-01 02:29:32 PM,314.5,1,314.5,66743617.200000025
2025-08-01 02:29:47 PM,314.5,5,1572.5,66745189.700000025
2025-08-01 02:30:00 PM,314.3,16,5028.8,66750218.50000002
2025-08-01 02:30:09 PM,314.3,39,12257.7,66762476.200000025
2025-08-01 02:30:24 PM,314.3,5,1571.5,66764047.700000025
2025-08-01 02:30:26 PM,314.25,0,0.0,66764047.700000025
2025-08-01 02:30:26 PM,314.25,29,9113.25,66773160.950000025
2025-08-01 02:30:37 PM,314.15,0,0.0,66773160.950000025
2025-08-01 02:30:37 PM,314.15,15,4712.25,66777873.200000025
2025-08-01 02:30:43 PM,314.15,1,314.15,66778187.350000024
2025-08-01 02:30:55 PM,314.0,43,13502.0,66791689.350000024
2025-08-01 02:31:01 PM,314.5,0,0.0,66791689.350000024
2025-08-01 02:31:01 PM,314.5,599,188385.5,66980074.850000024
2025-08-01 02:31:05 PM,314.45,9,2830.0499999999997,66982904.90000002
2025-08-01 02:31:10 PM,314.4,0,0.0,66982904.90000002
2025-08-01 02:31:10 PM,314.4,12,3772.7999999999997,66986677.70000002
2025-08-01 02:31:10 PM,314.45,2,628.9,66987306.60000002
2025-08-01 02:31:11 PM,314.45,2,628.9,66987935.500000015
2025-08-01 02:31:12 PM,314.25,12,3771.0,66991706.500000015
2025-08-01 02:31:15 PM,314.2,15,4713.0,66996419.500000015
2025-08-01 02:31:18 PM,314.2,13,4084.6,67000504.10000002
2025-08-01 02:31:18 PM,314.2,1,314.2,67000818.30000002
2025-08-01 02:31:19 PM,314.15,2,628.3,67001446.60000002
2025-08-01 02:31:24 PM,314.1,16,5025.6,67006472.20000002
2025-08-01 02:31:25 PM,314.2,1,314.2,67006786.40000002
2025-08-01 02:31:32 PM,315.0,0,0.0,67006786.40000002
2025-08-01 02:31:32 PM,315.0,1231,387765.0,67394551.40000002
2025-08-01 02:31:37 PM,315.3,0,0.0,67394551.40000002
2025-08-01 02:31:37 PM,315.3,90,28377.0,67422928.40000002
2025-08-01 02:32:01 PM,315.25,70,22067.5,67444995.90000002
2025-08-01 02:32:02 PM,315.9,0,0.0,67444995.90000002
2025-08-01 02:32:05 PM,315.9,1525,481747.49999999994,67926743.40000002
2025-08-01 02:32:11 PM,315.0,0,0.0,67926743.40000002
2025-08-01 02:32:11 PM,315.0,478,150570.0,68077313.40000002
2025-08-01 02:32:53 PM,316.0,0,0.0,68077313.40000002
2025-08-01 02:32:54 PM,316.0,1143,361188.0,68438501.40000002
2025-08-01 02:32:56 PM,316.5,0,0.0,68438501.40000002
2025-08-01 02:32:57 PM,316.5,36,11394.0,68449895.40000002
2025-08-01 02:33:14 PM,316.5,863,273139.5,68723034.90000002
2025-08-01 02:33:17 PM,316.5,137,43360.5,68766395.40000002
2025-08-01 02:33:38 PM,317.0,0,0.0,68766395.40000002
2025-08-01 02:33:38 PM,317.0,419,132823.0,68899218.40000002
2025-08-01 02:33:49 PM,316.85,0,0.0,68899218.40000002
2025-08-01 02:33:50 PM,316.85,249,78895.65000000001,68978114.05000003
2025-08-01 02:33:52 PM,316.35,0,0.0,68978114.05000003
2025-08-01 02:33:52 PM,316.35,15,4745.25,68982859.30000003
2025-08-01 02:34:14 PM,316.8,0,0.0,68982859.30000003
2025-08-01 02:34:14 PM,316.8,1,316.8,68983176.10000002
2025-08-01 02:35:03 PM,316.4,0,0.0,68983176.10000002
2025-08-01 02:35:03 PM,316.4,67,21198.8,69004374.90000002
2025-08-01 02:37:31 PM,316.0,0,0.0,69004374.90000002
2025-08-01 02:37:32 PM,316.0,206,65096.0,69069470.90000002
2025-08-01 02:37:53 PM,316.0,85,26860.0,69096330.90000002
2025-08-01 02:38:12 PM,315.25,35,11033.75,69107364.65000002
2025-08-01 02:38:34 PM,315.65,0,0.0,69107364.65000002
2025-08-01 02:38:35 PM,315.65,1,315.65,69107680.30000003
2025-08-01 02:38:44 PM,315.65,41,12941.65,69120621.95000003
2025-08-01 02:39:14 PM,315.65,169,53344.85,69173966.80000003
2025-08-01 02:39:20 PM,315.65,1,315.65,69174282.45000003
2025-08-01 02:39:34 PM,315.95,0,0.0,69174282.45000003
2025-08-01 02:39:36 PM,315.95,172,54343.4,69228625.85000004
2025-08-01 02:39:49 PM,316.2,0,0.0,69228625.85000004
2025-08-01 02:39:53 PM,316.2,270,85374.0,69313999.85000004
2025-08-01 02:41:27 PM,315.9,0,0.0,69313999.85000004
2025-08-01 02:41:27 PM,315.9,100,31589.999999999996,69345589.85000004
2025-08-01 02:41:39 PM,315.8,0,0.0,69345589.85000004
2025-08-01 02:41:42 PM,315.8,196,61896.8,69407486.65000004
2025-08-01 02:42:06 PM,316.5,0,0.0,69407486.65000004
2025-08-01 02:42:09 PM,316.5,250,79125.0,69486611.65000004
2025-08-01 02:42:27 PM,316.2,0,0.0,69486611.65000004
2025-08-01 02:42:30 PM,316.7,0,0.0,69486611.65000004
2025-08-01 02:42:30 PM,316.7,302,95643.4,69582255.05000004
2025-08-01 02:43:18 PM,315.75,0,0.0,69582255.05000004
2025-08-01 02:43:19 PM,315.75,690,217867.5,69800122.55000004
2025-08-01 02:43:51 PM,315.4,0,0.0,69800122.55000004
2025-08-01 02:43:51 PM,315.55,234,73838.7,69873961.25000004
2025-08-01 02:43:54 PM,315.25,0,0.0,69873961.25000004
2025-08-01 02:43:55 PM,315.35,0,0.0,69873961.25000004
2025-08-01 02:43:56 PM,315.35,688,216960.80000000002,70090922.05000004
2025-08-01 02:46:18 PM,314.65,1856,583990.3999999999,70674912.45000005
2025-08-01 02:46:35 PM,314.35,19,5972.650000000001,70680885.10000005
2025-08-01 02:46:39 PM,314.5,96,30192.0,70711077.10000005
2025-08-01 02:47:10 PM,314.8,0,0.0,70711077.10000005
2025-08-01 02:47:13 PM,314.8,55,17314.0,70728391.10000005
2025-08-01 02:47:18 PM,314.85,2,629.7,70729020.80000006
2025-08-01 02:48:57 PM,315.25,0,0.0,70729020.80000006
2025-08-01 02:49:00 PM,315.25,91,28687.75,70757708.55000006
2025-08-01 02:49:31 PM,315.15,0,0.0,70757708.55000006
2025-08-01 02:49:33 PM,315.15,74,23321.1,70781029.65000005
2025-08-01 02:49:58 PM,315.35,0,0.0,70781029.65000005
2025-08-01 02:49:59 PM,315.55,0,0.0,70781029.65000005
2025-08-01 02:50:01 PM,315.55,987,311447.85000000003,71092477.50000004
2025-08-01 02:50:23 PM,315.35,6,1892.1000000000001,71094369.60000004
2025-08-01 02:50:41 PM,315.8,0,0.0,71094369.60000004
2025-08-01 02:50:45 PM,315.8,69,21790.2,71116159.80000004
2025-08-01 02:50:50 PM,315.05,0,0.0,71116159.80000004
2025-08-01 02:50:50 PM,315.05,1000,315050.0,71431209.80000004
2025-08-01 02:51:53 PM,315.45,0,0.0,71431209.80000004
2025-08-01 02:51:55 PM,315.45,220,69399.0,71500608.80000004
2025-08-01 02:52:18 PM,315.15,0,0.0,71500608.80000004
2025-08-01 02:52:20 PM,315.2,0,0.0,71500608.80000004
2025-08-01 02:52:22 PM,315.2,53,16705.6,71517314.40000004
2025-08-01 02:52:26 PM,314.4,0,0.0,71517314.40000004
2025-08-01 02:52:27 PM,314.4,1000,314400.0,71831714.40000004
2025-08-01 02:53:21 PM,314.95,1051,331012.45,72162726.85000004
2025-08-01 02:54:00 PM,314.05,0,0.0,72162726.85000004
2025-08-01 02:54:00 PM,314.05,1000,314050.0,72476776.85000004
2025-08-01 02:54:01 PM,314.2,0,0.0,72476776.85000004
2025-08-01 02:54:03 PM,314.2,1,314.2,72477091.05000004
2025-08-01 02:54:10 PM,314.0,0,0.0,72477091.05000004
2025-08-01 02:54:11 PM,314.0,200,62800.0,72539891.05000004
2025-08-01 02:55:32 PM,314.85,1791,563896.3500000001,73103787.40000004
2025-08-01 02:55:42 PM,315.0,1614,508410.0,73612197.40000004
2025-08-01 02:55:48 PM,315.3,88,27746.4,73639943.80000004
2025-08-01 02:55:50 PM,314.95,0,0.0,73639943.80000004
2025-08-01 02:55:52 PM,314.95,2,629.9,73640573.70000005
2025-08-01 02:55:53 PM,314.95,12,3779.3999999999996,73644353.10000005
2025-08-01 02:55:54 PM,315.1,0,0.0,73644353.10000005
2025-08-01 02:55:57 PM,315.1,28,8822.800000000001,73653175.90000005
2025-08-01 02:56:21 PM,314.9,225,70852.5,73724028.40000005
2025-08-01 02:57:31 PM,314.85,0,0.0,73724028.40000005
2025-08-01 02:57:32 PM,314.85,42,13223.7,73737252.10000005
2025-08-01 02:58:18 PM,314.85,1,314.85,73737566.95000005
2025-08-01 02:58:41 PM,315.0,0,0.0,73737566.95000005
2025-08-01 02:58:41 PM,315.0,247,77805.0,73815371.95000005
2025-08-01 02:59:18 PM,314.25,0,0.0,73815371.95000005
2025-08-01 02:59:20 PM,314.25,500,157125.0,73972496.95000005
2025-08-01 02:59:53 PM,314.25,63,19797.75,73992294.70000005
2025-08-01 03:00:04 PM,314.3,104,32687.2,74024981.90000005
2025-08-01 03:00:48 PM,314.05,35,10991.75,74035973.65000005
2025-08-01 03:01:00 PM,314.05,2,628.1,74036601.75000004
2025-08-01 03:01:36 PM,314.3,0,0.0,74036601.75000004
2025-08-01 03:01:37 PM,314.3,161,50602.3,74087204.05000004
2025-08-01 03:01:48 PM,314.05,0,0.0,74087204.05000004
2025-08-01 03:01:49 PM,314.05,112,35173.6,74122377.65000004
2025-08-01 03:02:11 PM,314.05,370,116198.5,74238576.15000004
2025-08-01 03:02:32 PM,314.1,12,3769.2000000000003,74242345.35000004
2025-08-01 03:02:44 PM,314.05,100,31405.0,74273750.35000004
2025-08-01 03:02:47 PM,314.25,80,25140.0,74298890.35000004
2025-08-01 03:03:09 PM,314.0,1322,415108.0,74713998.35000004
2025-08-01 03:03:12 PM,314.45,0,0.0,74713998.35000004
2025-08-01 03:03:12 PM,314.45,284,89303.8,74803302.15000004
2025-08-01 03:03:27 PM,314.0,519,162966.0,74966268.15000004
2025-08-01 03:03:57 PM,314.1,17,5339.700000000001,74971607.85000004
2025-08-01 03:04:00 PM,314.1,4,1256.4,74972864.25000004
2025-08-01 03:04:28 PM,314.1,2,628.2,74973492.45000005
2025-08-01 03:04:31 PM,314.1,5,1570.5,74975062.95000005
2025-08-01 03:04:38 PM,314.1,26,8166.6,74983229.55000004
2025-08-01 03:04:41 PM,314.1,13,4083.3,74987312.85000004
2025-08-01 03:04:44 PM,314.05,70,21983.5,75009296.35000004
2025-08-01 03:04:53 PM,314.45,478,150307.1,75159603.45000003
2025-08-01 03:05:01 PM,314.05,12,3768.6000000000004,75163372.05000003
2025-08-01 03:05:40 PM,314.05,1,314.05,75163686.10000002
2025-08-01 03:06:02 PM,314.05,38,11933.9,75175620.00000003
2025-08-01 03:06:17 PM,314.05,577,181206.85,75356826.85000002
2025-08-01 03:06:36 PM,314.0,669,210066.0,75566892.85000002
2025-08-01 03:06:38 PM,314.05,0,0.0,75566892.85000002
2025-08-01 03:06:39 PM,314.05,22,6909.1,75573801.95000002
2025-08-01 03:07:04 PM,313.85,922,289369.7,75863171.65000002
2025-08-01 03:07:07 PM,313.6,1,313.6,75863485.25000001
2025-08-01 03:07:11 PM,313.55,0,0.0,75863485.25000001
2025-08-01 03:07:13 PM,313.9,1670,524212.99999999994,76387698.25000001
2025-08-01 03:07:17 PM,313.75,1556,488195.0,76875893.25000001
2025-08-01 03:07:18 PM,313.6,0,0.0,76875893.25000001
2025-08-01 03:07:19 PM,313.65,6,1881.8999999999999,76877775.15000002
2025-08-01 03:07:23 PM,313.75,7,2196.25,76879971.40000002
2025-08-01 03:07:25 PM,313.45,0,0.0,76879971.40000002
2025-08-01 03:07:26 PM,313.45,1,313.45,76880284.85000002
2025-08-01 03:07:35 PM,313.4,512,160460.8,77040745.65000002
2025-08-01 03:07:59 PM,313.5,0,0.0,77040745.65000002
2025-08-01 03:07:59 PM,313.5,1020,319770.0,77360515.65000002
2025-08-01 03:08:02 PM,313.6,142,44531.200000000004,77405046.85000002
2025-08-01 03:08:06 PM,313.5,1,313.5,77405360.35000002
2025-08-01 03:08:18 PM,313.5,3,940.5,77406300.85000002
2025-08-01 03:08:49 PM,313.75,200,62750.0,77469050.85000002
2025-08-01 03:08:56 PM,313.8,0,0.0,77469050.85000002
2025-08-01 03:08:58 PM,313.8,2,627.6,77469678.45000002
2025-08-01 03:09:04 PM,313.8,98,30752.4,77500430.85000002
2025-08-01 03:09:23 PM,313.45,223,69899.34999999999,77570330.20000002
2025-08-01 03:09:41 PM,313.8,318,99788.40000000001,77670118.60000002
2025-08-01 03:09:43 PM,313.4,31,9715.4,77679834.00000003
2025-08-01 03:09:47 PM,313.5,40,12540.0,77692374.00000003
2025-08-01 03:09:53 PM,313.75,0,0.0,77692374.00000003
2025-08-01 03:09:55 PM,313.6,890,279104.0,77971478.00000003
2025-08-01 03:10:04 PM,313.65,195,61161.74999999999,78032639.75000003
2025-08-01 03:10:20 PM,313.6,0,0.0,78032639.75000003
2025-08-01 03:10:23 PM,313.6,198,62092.8,78094732.55000003
2025-08-01 03:11:04 PM,313.35,200,62670.00000000001,78157402.55000003
2025-08-01 03:11:08 PM,313.3,217,67986.1,78225388.65000002
2025-08-01 03:11:23 PM,313.3,171,53574.3,78278962.95000002
2025-08-01 03:11:40 PM,313.3,1,313.3,78279276.25000001
2025-08-01 03:11:53 PM,313.4,52,16296.8,78295573.05000001
2025-08-01 03:12:02 PM,313.2,542,169754.4,78465327.45000002
2025-08-01 03:12:13 PM,313.05,0,0.0,78465327.45000002
2025-08-01 03:12:13 PM,313.05,74,23165.7,78488493.15000002
2025-08-01 03:12:19 PM,313.1,1,313.1,78488806.25000001
2025-08-01 03:12:22 PM,313.4,61,19117.399999999998,78507923.65000002
2025-08-01 03:12:26 PM,313.4,231,72395.4,78580319.05000003
2025-08-01 03:12:41 PM,313.1,175,54792.50000000001,78635111.55000003
2025-08-01 03:12:54 PM,313.0,2078,650414.0,79285525.55000003
2025-08-01 03:13:01 PM,313.05,1,313.05,79285838.60000002
2025-08-01 03:13:08 PM,313.1,158,49469.8,79335308.40000002
2025-08-01 03:13:21 PM,313.1,12,3757.2000000000003,79339065.60000002
2025-08-01 03:13:24 PM,313.1,158,49469.8,79388535.40000002
2025-08-01 03:13:29 PM,313.05,0,0.0,79388535.40000002
2025-08-01 03:13:30 PM,313.05,40,12522.0,79401057.40000002
2025-08-01 03:13:33 PM,313.05,159,49774.950000000004,79450832.35000002
2025-08-01 03:13:57 PM,313.05,99,30991.95,79481824.30000003
2025-08-01 03:13:59 PM,313.0,610,190930.0,79672754.30000003
2025-08-01 03:14:14 PM,313.05,0,0.0,79672754.30000003
2025-08-01 03:14:16 PM,313.05,293,91723.65000000001,79764477.95000003
2025-08-01 03:14:18 PM,313.0,656,205328.0,79969805.95000003
2025-08-01 03:14:36 PM,313.05,158,49461.9,80019267.85000004
2025-08-01 03:14:42 PM,313.05,473,148072.65,80167340.50000004
2025-08-01 03:14:45 PM,313.0,0,0.0,80167340.50000004
2025-08-01 03:14:46 PM,313.0,10,3130.0,80170470.50000004
2025-08-01 03:14:48 PM,313.05,100,31305.0,80201775.50000004
2025-08-01 03:15:05 PM,313.05,873,273292.65,80475068.15000005
2025-08-01 03:15:07 PM,313.0,0,0.0,80475068.15000005
2025-08-01 03:15:08 PM,313.0,220,68860.0,80543928.15000005
2025-08-01 03:15:09 PM,313.3,0,0.0,80543928.15000005
2025-08-01 03:15:12 PM,313.0,161,50393.0,80594321.15000005
2025-08-01 03:15:15 PM,313.0,555,173715.0,80768036.15000005
2025-08-01 03:15:26 PM,313.35,0,0.0,80768036.15000005
2025-08-01 03:15:27 PM,313.35,158,49509.3,80817545.45000005
2025-08-01 03:15:32 PM,313.0,0,0.0,80817545.45000005
2025-08-01 03:15:34 PM,313.0,26,8138.0,80825683.45000005
2025-08-01 03:15:41 PM,313.4,0,0.0,80825683.45000005
2025-08-01 03:15:42 PM,313.4,158,49517.2,80875200.65000005
2025-08-01 03:15:44 PM,313.0,55,17215.0,80892415.65000005
2025-08-01 03:15:57 PM,312.75,715,223616.25,81116031.90000005
2025-08-01 03:16:00 PM,313.0,0,0.0,81116031.90000005
2025-08-01 03:16:03 PM,313.0,11,3443.0,81119474.90000005
2025-08-01 03:16:11 PM,312.7,147,45966.9,81165441.80000006
2025-08-01 03:16:16 PM,313.0,0,0.0,81165441.80000006
2025-08-01 03:16:18 PM,313.0,158,49454.0,81214895.80000006
2025-08-01 03:16:26 PM,312.35,0,0.0,81214895.80000006
2025-08-01 03:16:26 PM,312.35,1843,575661.05,81790556.85000005
2025-08-01 03:16:31 PM,312.8,0,0.0,81790556.85000005
2025-08-01 03:16:32 PM,312.8,349,109167.2,81899724.05000006
2025-08-01 03:16:36 PM,312.85,0,0.0,81899724.05000006
2025-08-01 03:16:38 PM,312.85,158,49430.3,81949154.35000005
2025-08-01 03:16:40 PM,312.45,1,312.45,81949466.80000006
2025-08-01 03:16:45 PM,312.45,1,312.45,81949779.25000006
2025-08-01 03:16:51 PM,312.0,0,0.0,81949779.25000006
2025-08-01 03:16:52 PM,312.0,2001,624312.0,82574091.25000006
2025-08-01 03:17:05 PM,312.3,0,0.0,82574091.25000006
2025-08-01 03:17:05 PM,312.3,173,54027.9,82628119.15000007
2025-08-01 03:17:11 PM,312.65,0,0.0,82628119.15000007
2025-08-01 03:17:12 PM,312.65,8,2501.2,82630620.35000007
2025-08-01 03:17:15 PM,312.85,0,0.0,82630620.35000007
2025-08-01 03:17:19 PM,312.45,156,48742.2,82679362.55000007
2025-08-01 03:17:25 PM,312.4,158,49359.2,82728721.75000007
2025-08-01 03:17:32 PM,312.45,619,193406.55,82922128.30000007
2025-08-01 03:17:38 PM,312.85,10,3128.5,82925256.80000007
2025-08-01 03:17:46 PM,312.5,228,71250.0,82996506.80000007
2025-08-01 03:17:49 PM,312.45,0,0.0,82996506.80000007
2025-08-01 03:17:51 PM,312.45,393,122792.84999999999,83119299.65000007
2025-08-01 03:17:59 PM,312.4,0,0.0,83119299.65000007
2025-08-01 03:17:59 PM,312.4,5,1562.0,83120861.65000007
2025-08-01 03:18:04 PM,312.4,64,19993.6,83140855.25000006
2025-08-01 03:18:09 PM,312.3,0,0.0,83140855.25000006
2025-08-01 03:18:11 PM,312.3,581,181446.30000000002,83322301.55000006
2025-08-01 03:18:18 PM,312.0,457,142584.0,83464885.55000006
2025-08-01 03:18:20 PM,312.0,8,2496.0,83467381.55000006
2025-08-01 03:18:24 PM,312.05,535,166946.75,83634328.30000006
2025-08-01 03:18:26 PM,312.2,82,25600.399999999998,83659928.70000006
2025-08-01 03:18:31 PM,312.05,94,29332.7,83689261.40000007
2025-08-01 03:18:37 PM,312.0,0,0.0,83689261.40000007
2025-08-01 03:18:37 PM,312.0,575,179400.0,83868661.40000007
2025-08-01 03:18:45 PM,312.0,620,193440.0,84062101.40000007
2025-08-01 03:18:50 PM,312.15,0,0.0,84062101.40000007
2025-08-01 03:18:50 PM,312.15,12,3745.7999999999997,84065847.20000006
2025-08-01 03:18:58 PM,312.15,31,9676.65,84075523.85000007
2025-08-01 03:19:00 PM,312.25,0,0.0,84075523.85000007
2025-08-01 03:19:03 PM,312.15,512,159820.8,84235344.65000007
2025-08-01 03:19:05 PM,312.0,50,15600.0,84250944.65000007
2025-08-01 03:19:09 PM,312.05,0,0.0,84250944.65000007
2025-08-01 03:19:10 PM,312.05,644,200960.2,84451904.85000007
2025-08-01 03:19:17 PM,312.1,356,111107.6,84563012.45000006
2025-08-01 03:19:23 PM,312.0,0,0.0,84563012.45000006
2025-08-01 03:19:23 PM,312.0,364,113568.0,84676580.45000006
2025-08-01 03:19:32 PM,312.0,222,69264.0,84745844.45000006
2025-08-01 03:19:33 PM,311.95,0,0.0,84745844.45000006
2025-08-01 03:19:36 PM,311.95,173,53967.35,84799811.80000006
2025-08-01 03:19:43 PM,312.0,250,78000.0,84877811.80000006
2025-08-01 03:19:49 PM,311.35,0,0.0,84877811.80000006
2025-08-01 03:19:49 PM,311.35,619,192725.65000000002,85070537.45000006
2025-08-01 03:19:51 PM,311.75,35,10911.25,85081448.70000006
2025-08-01 03:20:02 PM,311.3,138,42959.4,85124408.10000007
2025-08-01 03:20:09 PM,311.0,0,0.0,85124408.10000007
2025-08-01 03:20:10 PM,311.0,3536,1099696.0,86224104.10000007
2025-08-01 03:20:13 PM,311.0,2,622.0,86224726.10000007
2025-08-01 03:20:14 PM,311.1,0,0.0,86224726.10000007
2025-08-01 03:20:18 PM,311.1,1141,354965.10000000003,86579691.20000006
2025-08-01 03:20:20 PM,311.15,50,15557.499999999998,86595248.70000006
2025-08-01 03:20:25 PM,311.1,402,125062.20000000001,86720310.90000007
2025-08-01 03:20:27 PM,311.1,101,31421.100000000002,86751732.00000006
2025-08-01 03:20:32 PM,311.1,1498,466027.80000000005,87217759.80000006
2025-08-01 03:20:43 PM,311.65,0,0.0,87217759.80000006
2025-08-01 03:20:45 PM,311.3,1415,440489.5,87658249.30000006
2025-08-01 03:20:54 PM,311.8,5,1559.0,87659808.30000006
2025-08-01 03:20:59 PM,311.3,500,155650.0,87815458.30000006
2025-08-01 03:21:01 PM,311.35,62,19303.7,87834762.00000006
2025-08-01 03:21:02 PM,311.2,0,0.0,87834762.00000006
2025-08-01 03:21:06 PM,311.2,562,174894.4,88009656.40000007
2025-08-01 03:21:08 PM,311.35,25,7783.750000000001,88017440.15000007
2025-08-01 03:21:12 PM,311.75,0,0.0,88017440.15000007
2025-08-01 03:21:13 PM,311.75,99,30863.25,88048303.40000007
2025-08-01 03:21:15 PM,311.25,620,192975.0,88241278.40000007
2025-08-01 03:21:29 PM,311.8,16,4988.8,88246267.20000006
2025-08-01 03:21:31 PM,311.5,0,0.0,88246267.20000006
2025-08-01 03:21:34 PM,311.5,666,207459.0,88453726.20000006
2025-08-01 03:21:36 PM,311.35,14,4358.900000000001,88458085.10000007
2025-08-01 03:21:40 PM,311.8,0,0.0,88458085.10000007
2025-08-01 03:21:40 PM,311.8,391,121913.8,88579998.90000007
2025-08-01 03:21:47 PM,311.5,662,206213.0,88786211.90000007
2025-08-01 03:21:54 PM,311.5,20,6230.0,88792441.90000007
2025-08-01 03:22:00 PM,311.6,222,69175.20000000001,88861617.10000007
2025-08-01 03:22:07 PM,311.5,398,123977.0,88985594.10000007
2025-08-01 03:22:08 PM,311.6,0,0.0,88985594.10000007
2025-08-01 03:22:09 PM,311.6,186,57957.600000000006,89043551.70000006
2025-08-01 03:22:14 PM,311.6,50,15580.000000000002,89059131.70000006
2025-08-01 03:22:15 PM,311.45,619,192787.55,89251919.25000006
2025-08-01 03:22:28 PM,311.4,13,4048.2,89255967.45000006
2025-08-01 03:22:34 PM,311.75,621,193596.75,89449564.20000006
2025-08-01 03:22:43 PM,311.35,100,31135.000000000004,89480699.20000006
2025-08-01 03:22:48 PM,311.35,620,193037.0,89673736.20000006
2025-08-01 03:22:56 PM,311.7,13,4052.1,89677788.30000006
2025-08-01 03:23:01 PM,311.0,500,155500.0,89833288.30000006
2025-08-01 03:23:03 PM,311.35,424,132012.40000000002,89965300.70000006
2025-08-01 03:23:07 PM,311.35,356,110840.6,90076141.30000006
2025-08-01 03:23:09 PM,311.2,31,9647.199999999999,90085788.50000006
2025-08-01 03:23:14 PM,311.0,2406,748266.0,90834054.50000006
2025-08-01 03:23:16 PM,311.0,17,5287.0,90839341.50000006
2025-08-01 03:23:21 PM,310.75,744,231198.0,91070539.50000006
2025-08-01 03:23:34 PM,310.95,851,264618.45,91335157.95000006
2025-08-01 03:23:42 PM,310.65,2,621.3,91335779.25000006
2025-08-01 03:23:47 PM,310.65,227,70517.54999999999,91406296.80000006
2025-08-01 03:23:54 PM,310.45,400,124180.0,91530476.80000006
2025-08-01 03:24:00 PM,310.4,296,91878.4,91622355.20000006
2025-08-01 03:24:02 PM,310.4,50,15519.999999999998,91637875.20000006
2025-08-01 03:24:04 PM,310.2,0,0.0,91637875.20000006
2025-08-01 03:24:07 PM,310.1,1261,391036.10000000003,92028911.30000006
2025-08-01 03:24:16 PM,310.2,32,9926.4,92038837.70000006
2025-08-01 03:24:17 PM,310.1,0,0.0,92038837.70000006
2025-08-01 03:24:21 PM,310.15,613,190121.94999999998,92228959.65000007
2025-08-01 03:24:25 PM,310.1,0,0.0,92228959.65000007
2025-08-01 03:24:27 PM,310.0,0,0.0,92228959.65000007
2025-08-01 03:24:27 PM,310.0,923,286130.0,92515089.65000007
2025-08-01 03:24:34 PM,310.0,1292,400520.0,92915609.65000007
2025-08-01 03:24:36 PM,310.1,2,620.2,92916229.85000007
2025-08-01 03:24:37 PM,310.0,0,0.0,92916229.85000007
2025-08-01 03:24:41 PM,310.0,97,30070.0,92946299.85000007
2025-08-01 03:24:47 PM,310.05,0,0.0,92946299.85000007
2025-08-01 03:24:48 PM,310.05,549,170217.45,93116517.30000007
2025-08-01 03:24:54 PM,310.0,0,0.0,93116517.30000007
2025-08-01 03:24:54 PM,310.0,81,25110.0,93141627.30000007
2025-08-01 03:24:57 PM,310.05,0,0.0,93141627.30000007
2025-08-01 03:25:01 PM,310.0,710,220100.0,93361727.30000007
2025-08-01 03:25:07 PM,310.0,190,58900.0,93420627.30000007
2025-08-01 03:25:14 PM,310.2,312,96782.4,93517409.70000008
2025-08-01 03:25:15 PM,310.4,780,242111.99999999997,93759521.70000008
2025-08-01 03:25:21 PM,310.65,8243,2560687.9499999997,96320209.65000008
2025-08-01 03:25:25 PM,311.6,0,0.0,96320209.65000008
2025-08-01 03:25:27 PM,311.6,1704,530966.4,96851176.05000009
2025-08-01 03:25:28 PM,314.55,10706,3367572.3000000003,100218748.35000008
2025-08-01 03:25:33 PM,313.95,1550,486622.5,100705370.85000008
2025-08-01 03:25:35 PM,313.3,1,313.3,100705684.15000008
2025-08-01 03:25:44 PM,315.0,0,0.0,100705684.15000008
2025-08-01 03:25:46 PM,313.1,942,294940.2,101000624.35000008
2025-08-01 03:25:53 PM,313.1,178,55731.8,101056356.15000008
2025-08-01 03:25:54 PM,312.05,1,312.05,101056668.20000008
2025-08-01 03:26:01 PM,312.0,631,196872.0,101253540.20000008
2025-08-01 03:26:20 PM,312.25,800,249800.0,101503340.20000008
2025-08-01 03:26:26 PM,313.9,60,18834.0,101522174.20000008
2025-08-01 03:26:33 PM,312.5,620,193750.0,101715924.20000008
2025-08-01 03:26:38 PM,313.35,0,0.0,101715924.20000008
2025-08-01 03:26:40 PM,313.35,30,9400.5,101725324.70000008
2025-08-01 03:26:46 PM,312.65,64,20009.6,101745334.30000007
2025-08-01 03:26:53 PM,312.4,684,213681.59999999998,101959015.90000007
2025-08-01 03:26:54 PM,311.75,0,0.0,101959015.90000007
2025-08-01 03:26:54 PM,311.75,91,28369.25,101987385.15000007
2025-08-01 03:26:58 PM,311.7,0,0.0,101987385.15000007
2025-08-01 03:26:59 PM,311.7,101,31481.699999999997,102018866.85000007
2025-08-01 03:27:01 PM,311.75,620,193285.0,102212151.85000007
2025-08-01 03:27:04 PM,312.05,0,0.0,102212151.85000007
2025-08-01 03:27:06 PM,312.05,161,50240.05,102262391.90000007
2025-08-01 03:27:13 PM,313.45,50,15672.5,102278064.40000007
2025-08-01 03:27:14 PM,312.0,752,234624.0,102512688.40000007
2025-08-01 03:27:19 PM,312.05,0,0.0,102512688.40000007
2025-08-01 03:27:20 PM,312.05,770,240278.5,102752966.90000007
2025-08-01 03:27:34 PM,312.35,27,8433.45,102761400.35000007
2025-08-01 03:27:40 PM,312.5,0,0.0,102761400.35000007
2025-08-01 03:27:42 PM,312.5,622,194375.0,102955775.35000007
2025-08-01 03:27:47 PM,312.35,0,0.0,102955775.35000007
2025-08-01 03:27:49 PM,312.35,147,45915.450000000004,103001690.80000007
2025-08-01 03:27:55 PM,312.5,273,85312.5,103087003.30000007
2025-08-01 03:27:56 PM,312.0,0,0.0,103087003.30000007
2025-08-01 03:27:57 PM,312.0,445,138840.0,103225843.30000007
2025-08-01 03:28:00 PM,312.35,0,0.0,103225843.30000007
2025-08-01 03:28:02 PM,312.35,132,41230.200000000004,103267073.50000007
2025-08-01 03:28:09 PM,312.0,38,11856.0,103278929.50000007
2025-08-01 03:28:20 PM,312.5,0,0.0,103278929.50000007
2025-08-01 03:28:23 PM,312.5,40,12500.0,103291429.50000007
2025-08-01 03:28:25 PM,312.5,11,3437.5,103294867.00000007
2025-08-01 03:28:29 PM,312.1,0,0.0,103294867.00000007
2025-08-01 03:28:30 PM,312.1,67,20910.7,103315777.70000008
2025-08-01 03:28:32 PM,312.5,6,1875.0,103317652.70000008
2025-08-01 03:28:44 PM,312.1,161,50248.100000000006,103367900.80000007
2025-08-01 03:28:59 PM,312.35,60,18741.0,103386641.80000007
2025-08-01 03:29:04 PM,312.3,0,0.0,103386641.80000007
2025-08-01 03:29:04 PM,312.6,126,39387.600000000006,103426029.40000007
2025-08-01 03:29:10 PM,313.95,0,0.0,103426029.40000007
2025-08-01 03:29:13 PM,313.95,350,109882.5,103535911.90000007
2025-08-01 03:29:21 PM,314.8,7,2203.6,103538115.50000006
2025-08-01 03:29:28 PM,313.15,184,57619.6,103595735.10000005
2025-08-01 03:29:40 PM,315.0,0,0.0,103595735.10000005
2025-08-01 03:29:43 PM,313.15,950,297492.5,103893227.60000005
2025-08-01 03:29:52 PM,314.7,2,629.4,103893857.00000006
