date,price,qty,trnvr,cum_trnvr
2025-08-01 09:15:08 AM,464.95,35183,16358335.85,16358335.85
2025-08-01 09:15:10 AM,466.65,13304,6208311.6,22566647.45
2025-08-01 09:15:16 AM,469.0,0,0.0,22566647.45
2025-08-01 09:15:17 AM,469.2,0,0.0,22566647.45
2025-08-01 09:15:20 AM,467.9,14789,6919773.1,29486420.549999997
2025-08-01 09:15:21 AM,468.1,3898,1824653.8,31311074.349999998
2025-08-01 09:15:24 AM,467.85,0,0.0,31311074.349999998
2025-08-01 09:15:27 AM,468.45,0,0.0,31311074.349999998
2025-08-01 09:15:29 AM,468.65,10572,4954567.8,36265642.15
2025-08-01 09:15:30 AM,467.9,4021,1881425.9,38147068.05
2025-08-01 09:15:31 AM,467.85,0,0.0,38147068.05
2025-08-01 09:15:36 AM,466.5,0,0.0,38147068.05
2025-08-01 09:15:37 AM,466.6,9341,4358510.600000001,42505578.65
2025-08-01 09:15:39 AM,467.15,9226,4309925.899999999,46815504.55
2025-08-01 09:15:40 AM,466.85,0,0.0,46815504.55
2025-08-01 09:15:44 AM,466.5,0,0.0,46815504.55
2025-08-01 09:15:45 AM,466.45,5613,2618183.85,49433688.4
2025-08-01 09:15:47 AM,466.4,1334,622177.6,50055866.0
2025-08-01 09:15:49 AM,466.45,0,0.0,50055866.0
2025-08-01 09:15:52 AM,465.95,0,0.0,50055866.0
2025-08-01 09:15:54 AM,466.45,4217,1967019.65,52022885.65
2025-08-01 09:15:55 AM,466.45,483,225295.35,52248181.0
2025-08-01 09:15:58 AM,467.15,0,0.0,52248181.0
2025-08-01 09:16:00 AM,466.8,0,0.0,52248181.0
2025-08-01 09:16:01 AM,466.8,4184,1953091.2,54201272.2
2025-08-01 09:16:01 AM,466.45,0,0.0,54201272.2
2025-08-01 09:16:02 AM,466.0,1839,856974.0,55058246.2
2025-08-01 09:16:02 AM,465.55,0,0.0,55058246.2
2025-08-01 09:16:02 AM,465.55,618,287709.9,55345956.1
2025-08-01 09:16:03 AM,465.65,177,82420.05,55428376.15
2025-08-01 09:16:04 AM,465.65,729,339458.85,55767835.0
2025-08-01 09:16:04 AM,465.1,0,0.0,55767835.0
2025-08-01 09:16:04 AM,465.1,3111,1446926.1,57214761.1
2025-08-01 09:16:05 AM,464.95,232,107868.4,57322629.5
2025-08-01 09:16:05 AM,464.0,0,0.0,57322629.5
2025-08-01 09:16:05 AM,464.0,1257,583248.0,57905877.5
2025-08-01 09:16:06 AM,464.35,2102,976063.7000000001,58881941.2
2025-08-01 09:16:06 AM,464.05,0,0.0,58881941.2
2025-08-01 09:16:06 AM,464.05,138,64038.9,58945980.1
2025-08-01 09:16:07 AM,464.05,171,79352.55,59025332.65
2025-08-01 09:16:07 AM,464.0,0,0.0,59025332.65
2025-08-01 09:16:07 AM,464.0,144,66816.0,59092148.65
2025-08-01 09:16:08 AM,463.75,633,293553.75,59385702.4
2025-08-01 09:16:08 AM,463.7,0,0.0,59385702.4
2025-08-01 09:16:08 AM,463.7,1213,562468.1,59948170.5
2025-08-01 09:16:09 AM,463.3,14533,6733138.9,66681309.4
2025-08-01 09:16:09 AM,463.2,0,0.0,66681309.4
2025-08-01 09:16:09 AM,463.15,130,60209.5,66741518.9
2025-08-01 09:16:10 AM,462.85,756,349914.60000000003,67091433.5
2025-08-01 09:16:10 AM,462.75,114,52753.5,67144187.0
2025-08-01 09:16:11 AM,462.9,0,0.0,67144187.0
2025-08-01 09:16:11 AM,462.8,7494,3468223.2,70612410.2
2025-08-01 09:16:11 AM,462.4,0,0.0,70612410.2
2025-08-01 09:16:11 AM,462.4,84,38841.6,70651251.8
2025-08-01 09:16:12 AM,462.8,665,307762.0,70959013.8
2025-08-01 09:16:13 AM,463.4,0,0.0,70959013.8
2025-08-01 09:16:13 AM,463.4,3462,1604290.7999999998,72563304.6
2025-08-01 09:16:14 AM,463.35,50,23167.5,72586472.1
2025-08-01 09:16:14 AM,463.35,75,34751.25,72621223.35
2025-08-01 09:16:15 AM,463.7,1392,645470.4,73266693.75
2025-08-01 09:16:15 AM,462.7,0,0.0,73266693.75
2025-08-01 09:16:15 AM,462.65,5600,2590840.0,75857533.75
2025-08-01 09:16:16 AM,463.05,45,20837.25,75878371.0
2025-08-01 09:16:16 AM,462.8,0,0.0,75878371.0
2025-08-01 09:16:16 AM,462.8,84,38875.200000000004,75917246.2
2025-08-01 09:16:17 AM,463.05,182,84275.1,76001521.3
2025-08-01 09:16:17 AM,462.85,0,0.0,76001521.3
2025-08-01 09:16:18 AM,462.9,4218,1952512.2,77954033.5
2025-08-01 09:16:18 AM,462.75,0,0.0,77954033.5
2025-08-01 09:16:19 AM,462.65,538,248905.69999999998,78202939.2
2025-08-01 09:16:19 AM,462.5,0,0.0,78202939.2
2025-08-01 09:16:20 AM,462.45,1857,858769.65,79061708.85000001
2025-08-01 09:16:20 AM,462.25,0,0.0,79061708.85000001
2025-08-01 09:16:21 AM,462.5,9680,4477000.0,83538708.85000001
2025-08-01 09:16:22 AM,462.6,1540,712404.0,84251112.85000001
2025-08-01 09:16:23 AM,462.8,357,165219.6,84416332.45
2025-08-01 09:16:23 AM,462.9,0,0.0,84416332.45
2025-08-01 09:16:23 AM,462.9,27,12498.3,84428830.75
2025-08-01 09:16:24 AM,463.45,928,430081.6,84858912.35
2025-08-01 09:16:25 AM,463.75,1258,583397.5,85442309.85
2025-08-01 09:16:27 AM,464.05,1371,636212.55,86078522.39999999
2025-08-01 09:16:28 AM,463.9,113,52420.7,86130943.1
2025-08-01 09:16:29 AM,464.3,27,12536.1,86143479.19999999
2025-08-01 09:16:29 AM,464.05,0,0.0,86143479.19999999
2025-08-01 09:16:30 AM,464.05,100,46405.0,86189884.19999999
2025-08-01 09:16:32 AM,464.3,112,52001.6,86241885.79999998
2025-08-01 09:16:33 AM,464.3,113,52465.9,86294351.69999999
2025-08-01 09:16:35 AM,464.3,100,46430.0,86340781.69999999
2025-08-01 09:16:37 AM,464.4,100,46440.0,86387221.69999999
2025-08-01 09:16:37 AM,464.0,0,0.0,86387221.69999999
2025-08-01 09:16:38 AM,464.4,41,19040.399999999998,86406262.1
2025-08-01 09:16:39 AM,464.55,88,40880.4,86447142.5
2025-08-01 09:16:41 AM,464.7,500,232350.0,86679492.5
2025-08-01 09:16:42 AM,464.7,50,23235.0,86702727.5
2025-08-01 09:16:43 AM,464.45,8,3715.6,86706443.1
2025-08-01 09:16:44 AM,464.65,100,46465.0,86752908.1
2025-08-01 09:16:44 AM,464.35,53,24610.550000000003,86777518.64999999
2025-08-01 09:16:45 AM,464.65,37,17192.05,86794710.69999999
2025-08-01 09:16:45 AM,464.6,0,0.0,86794710.69999999
2025-08-01 09:16:46 AM,464.6,40,18584.0,86813294.69999999
2025-08-01 09:16:46 AM,464.95,25,11623.75,86824918.44999999
2025-08-01 09:16:46 AM,465.0,0,0.0,86824918.44999999
2025-08-01 09:16:47 AM,465.0,2,930.0,86825848.44999999
2025-08-01 09:16:48 AM,465.1,14,6511.400000000001,86832359.85
2025-08-01 09:16:50 AM,465.65,13,6053.45,86838413.3
2025-08-01 09:16:51 AM,465.65,58,27007.699999999997,86865421.0
2025-08-01 09:16:53 AM,465.35,80,37228.0,86902649.0
2025-08-01 09:16:57 AM,465.65,0,0.0,86902649.0
2025-08-01 09:16:58 AM,465.65,8,3725.2,86906374.2
2025-08-01 09:16:59 AM,465.25,0,0.0,86906374.2
2025-08-01 09:17:00 AM,465.25,3111,1447392.75,88353766.95
2025-08-01 09:17:00 AM,465.1,0,0.0,88353766.95
2025-08-01 09:17:01 AM,464.7,5514,2562355.8,90916122.75
2025-08-01 09:17:01 AM,464.3,0,0.0,90916122.75
2025-08-01 09:17:01 AM,464.3,709,329188.7,91245311.45
2025-08-01 09:17:02 AM,464.4,0,0.0,91245311.45
2025-08-01 09:17:02 AM,464.4,5,2322.0,91247633.45
2025-08-01 09:17:03 AM,464.3,424,196863.2,91444496.65
2025-08-01 09:17:04 AM,464.3,436,202434.80000000002,91646931.45
2025-08-01 09:17:05 AM,464.3,107,49680.1,91696611.55
2025-08-01 09:17:07 AM,464.25,1971,915036.75,92611648.3
2025-08-01 09:17:07 AM,464.3,264,122575.2,92734223.5
2025-08-01 09:17:08 AM,464.3,1110,515373.0,93249596.5
2025-08-01 09:17:08 AM,463.3,0,0.0,93249596.5
2025-08-01 09:17:08 AM,463.3,5571,2581044.3000000003,95830640.8
2025-08-01 09:17:09 AM,463.3,57,26408.100000000002,95857048.89999999
2025-08-01 09:17:09 AM,463.2,0,0.0,95857048.89999999
2025-08-01 09:17:10 AM,463.0,1677,776451.0,96633499.89999999
2025-08-01 09:17:10 AM,463.0,107,49541.0,96683040.89999999
2025-08-01 09:17:11 AM,462.7,723,334532.1,97017572.99999999
2025-08-01 09:17:13 AM,463.0,0,0.0,97017572.99999999
2025-08-01 09:17:14 AM,462.6,1640,758664.0,97776236.99999999
2025-08-01 09:17:14 AM,462.5,0,0.0,97776236.99999999
2025-08-01 09:17:15 AM,461.55,3608,1665272.4000000001,99441509.39999999
2025-08-01 09:17:15 AM,461.9,23,10623.699999999999,99452133.1
2025-08-01 09:17:15 AM,461.05,0,0.0,99452133.1
2025-08-01 09:17:16 AM,461.35,556,256510.6,99708643.69999999
2025-08-01 09:17:16 AM,460.85,0,0.0,99708643.69999999
2025-08-01 09:17:17 AM,461.05,2557,1178904.85,100887548.54999998
2025-08-01 09:17:17 AM,461.05,156,71923.8,100959472.34999998
2025-08-01 09:17:17 AM,460.75,0,0.0,100959472.34999998
2025-08-01 09:17:17 AM,460.65,0,0.0,100959472.34999998
2025-08-01 09:17:18 AM,460.85,2594,1195444.9000000001,102154917.24999999
2025-08-01 09:17:19 AM,460.5,917,422278.5,102577195.74999999
2025-08-01 09:17:20 AM,460.55,378,174087.9,102751283.64999999
2025-08-01 09:17:20 AM,460.8,0,0.0,102751283.64999999
2025-08-01 09:17:21 AM,460.7,1135,522894.5,103274178.14999999
2025-08-01 09:17:21 AM,460.7,10,4607.0,103278785.14999999
2025-08-01 09:17:22 AM,461.15,0,0.0,103278785.14999999
2025-08-01 09:17:22 AM,461.15,333,153562.94999999998,103432348.1
2025-08-01 09:17:23 AM,461.45,245,113055.25,103545403.35
2025-08-01 09:17:24 AM,461.75,206,95120.5,103640523.85
2025-08-01 09:17:24 AM,461.65,16,7386.4,103647910.25
2025-08-01 09:17:24 AM,461.55,0,0.0,103647910.25
2025-08-01 09:17:25 AM,461.55,64,29539.2,103677449.45
2025-08-01 09:17:25 AM,461.55,50,23077.5,103700526.95
2025-08-01 09:17:26 AM,461.7,60,27702.0,103728228.95
2025-08-01 09:17:27 AM,461.7,388,179139.6,103907368.55
2025-08-01 09:17:28 AM,461.65,44,20312.6,103927681.14999999
2025-08-01 09:17:28 AM,461.7,0,0.0,103927681.14999999
2025-08-01 09:17:29 AM,461.7,128,59097.6,103986778.74999999
2025-08-01 09:17:29 AM,461.9,2,923.8,103987702.54999998
2025-08-01 09:17:30 AM,462.0,1,462.0,103988164.54999998
2025-08-01 09:17:30 AM,462.45,0,0.0,103988164.54999998
2025-08-01 09:17:30 AM,461.95,0,0.0,103988164.54999998
2025-08-01 09:17:31 AM,462.35,47,21730.45,104009894.99999999
2025-08-01 09:17:33 AM,462.3,28,12944.4,104022839.39999999
2025-08-01 09:17:34 AM,461.25,2679,1235688.75,105258528.14999999
2025-08-01 09:17:35 AM,461.7,0,0.0,105258528.14999999
2025-08-01 09:17:35 AM,461.65,104,48011.6,105306539.74999999
2025-08-01 09:17:36 AM,461.2,0,0.0,105306539.74999999
2025-08-01 09:17:36 AM,461.2,8,3689.6,105310229.34999998
2025-08-01 09:17:38 AM,461.45,0,0.0,105310229.34999998
2025-08-01 09:17:39 AM,461.25,432,199260.0,105509489.34999998
2025-08-01 09:17:40 AM,461.1,0,0.0,105509489.34999998
2025-08-01 09:17:41 AM,461.1,776,357813.60000000003,105867302.94999997
2025-08-01 09:17:42 AM,460.5,6442,2966541.0,108833843.94999997
2025-08-01 09:17:42 AM,460.7,584,269048.8,109102892.74999997
2025-08-01 09:17:43 AM,460.6,117,53890.200000000004,109156782.94999997
2025-08-01 09:17:44 AM,460.25,110,50627.5,109207410.44999997
2025-08-01 09:17:44 AM,460.8,0,0.0,109207410.44999997
2025-08-01 09:17:45 AM,460.7,375,172762.5,109380172.94999997
2025-08-01 09:17:46 AM,460.7,311,143277.69999999998,109523450.64999998
2025-08-01 09:17:47 AM,460.7,93,42845.1,109566295.74999997
2025-08-01 09:17:48 AM,461.25,0,0.0,109566295.74999997
2025-08-01 09:17:48 AM,461.25,213,98246.25,109664541.99999997
2025-08-01 09:17:50 AM,461.3,0,0.0,109664541.99999997
2025-08-01 09:17:51 AM,461.3,180,83034.0,109747575.99999997
2025-08-01 09:17:51 AM,461.35,0,0.0,109747575.99999997
2025-08-01 09:17:52 AM,461.35,125,57668.75,109805244.74999997
2025-08-01 09:17:52 AM,460.7,0,0.0,109805244.74999997
2025-08-01 09:17:53 AM,460.7,507,233574.9,110038819.64999998
2025-08-01 09:17:53 AM,460.85,0,0.0,110038819.64999998
2025-08-01 09:17:54 AM,460.85,204,94013.40000000001,110132833.04999998
2025-08-01 09:17:54 AM,460.7,0,0.0,110132833.04999998
2025-08-01 09:17:55 AM,460.7,140,64498.0,110197331.04999998
2025-08-01 09:17:56 AM,460.5,901,414910.5,110612241.54999998
2025-08-01 09:17:56 AM,460.55,0,0.0,110612241.54999998
2025-08-01 09:17:57 AM,460.6,1433,660039.8,111272281.34999998
2025-08-01 09:17:58 AM,460.65,195,89826.75,111362108.09999998
2025-08-01 09:17:59 AM,460.4,395,181858.0,111543966.09999998
2025-08-01 09:17:59 AM,460.8,1096,505036.8,112049002.89999998
2025-08-01 09:18:00 AM,460.5,2764,1272822.0,113321824.89999998
2025-08-01 09:18:01 AM,460.45,200,92090.0,113413914.89999998
2025-08-01 09:18:01 AM,459.85,0,0.0,113413914.89999998
2025-08-01 09:18:01 AM,459.85,4580,2106113.0,115520027.89999998
2025-08-01 09:18:01 AM,460.0,0,0.0,115520027.89999998
2025-08-01 09:18:02 AM,460.1,986,453658.60000000003,115973686.49999997
2025-08-01 09:18:03 AM,460.2,196,90199.2,116063885.69999997
2025-08-01 09:18:04 AM,460.3,10,4603.0,116068488.69999997
2025-08-01 09:18:04 AM,460.2,258,118731.59999999999,116187220.29999997
2025-08-01 09:18:04 AM,460.25,0,0.0,116187220.29999997
2025-08-01 09:18:05 AM,460.25,59,27154.75,116214375.04999997
2025-08-01 09:18:06 AM,460.25,567,260961.75,116475336.79999997
2025-08-01 09:18:06 AM,460.05,94,43244.700000000004,116518581.49999997
2025-08-01 09:18:07 AM,459.55,838,385102.9,116903684.39999998
2025-08-01 09:18:07 AM,459.65,100,45965.0,116949649.39999998
2025-08-01 09:18:08 AM,459.65,37,17007.05,116966656.44999997
2025-08-01 09:18:08 AM,459.6,0,0.0,116966656.44999997
2025-08-01 09:18:08 AM,459.6,75,34470.0,117001126.44999997
2025-08-01 09:18:09 AM,459.6,70,32172.0,117033298.44999997
2025-08-01 09:18:10 AM,459.15,124,56934.6,117090233.04999997
2025-08-01 09:18:10 AM,459.5,150,68925.0,117159158.04999997
2025-08-01 09:18:11 AM,459.45,1,459.45,117159617.49999997
2025-08-01 09:18:12 AM,459.6,1302,598399.2000000001,117758016.69999997
2025-08-01 09:18:13 AM,459.75,0,0.0,117758016.69999997
2025-08-01 09:18:13 AM,459.75,15,6896.25,117764912.94999997
2025-08-01 09:18:15 AM,459.85,0,0.0,117764912.94999997
2025-08-01 09:18:16 AM,459.85,200,91970.0,117856882.94999997
2025-08-01 09:18:16 AM,459.65,0,0.0,117856882.94999997
2025-08-01 09:18:16 AM,459.65,25,11491.25,117868374.19999997
2025-08-01 09:18:17 AM,459.75,363,166889.25,118035263.44999997
2025-08-01 09:18:17 AM,459.4,0,0.0,118035263.44999997
2025-08-01 09:18:17 AM,459.4,487,223727.8,118258991.24999997
2025-08-01 09:18:18 AM,459.3,16,7348.8,118266340.04999997
2025-08-01 09:18:18 AM,459.15,0,0.0,118266340.04999997
2025-08-01 09:18:18 AM,459.15,356,163457.4,118429797.44999997
2025-08-01 09:18:19 AM,459.2,205,94136.0,118523933.44999997
2025-08-01 09:18:19 AM,459.0,0,0.0,118523933.44999997
2025-08-01 09:18:19 AM,459.0,1170,537030.0,119060963.44999997
2025-08-01 09:18:20 AM,459.25,7517,3452182.25,122513145.69999997
2025-08-01 09:18:20 AM,459.6,0,0.0,122513145.69999997
2025-08-01 09:18:20 AM,459.6,35,16086.0,122529231.69999997
2025-08-01 09:18:21 AM,459.6,1106,508317.60000000003,123037549.29999997
2025-08-01 09:18:22 AM,459.9,70,32193.0,123069742.29999997
2025-08-01 09:18:23 AM,460.1,200,92020.0,123161762.29999997
2025-08-01 09:18:23 AM,459.85,0,0.0,123161762.29999997
2025-08-01 09:18:23 AM,459.85,90,41386.5,123203148.79999997
2025-08-01 09:18:23 AM,460.05,0,0.0,123203148.79999997
2025-08-01 09:18:24 AM,460.05,27,12421.35,123215570.14999996
2025-08-01 09:18:25 AM,459.6,2789,1281824.4000000001,124497394.54999997
2025-08-01 09:18:25 AM,459.5,0,0.0,124497394.54999997
2025-08-01 09:18:25 AM,459.55,0,0.0,124497394.54999997
2025-08-01 09:18:26 AM,459.0,2989,1371951.0,125869345.54999997
2025-08-01 09:18:26 AM,459.0,3,1377.0,125870722.54999997
2025-08-01 09:18:27 AM,459.0,227,104193.0,125974915.54999997
2025-08-01 09:18:27 AM,459.15,116,53261.399999999994,126028176.94999997
2025-08-01 09:18:27 AM,458.85,0,0.0,126028176.94999997
2025-08-01 09:18:28 AM,459.15,47,21580.05,126049756.99999997
2025-08-01 09:18:30 AM,459.1,84,38564.4,126088321.39999998
2025-08-01 09:18:31 AM,458.7,1436,658693.2,126747014.59999998
2025-08-01 09:18:31 AM,458.4,647,296584.8,127043599.39999998
2025-08-01 09:18:32 AM,458.35,202,92586.70000000001,127136186.09999998
2025-08-01 09:18:32 AM,458.35,451,206715.85,127342901.94999997
2025-08-01 09:18:33 AM,458.7,278,127518.59999999999,127470420.54999997
2025-08-01 09:18:33 AM,458.75,100,45875.0,127516295.54999997
2025-08-01 09:18:33 AM,458.35,0,0.0,127516295.54999997
2025-08-01 09:18:34 AM,458.4,26,11918.4,127528213.94999997
2025-08-01 09:18:34 AM,458.65,0,0.0,127528213.94999997
2025-08-01 09:18:35 AM,458.4,576,264038.39999999997,127792252.34999998
2025-08-01 09:18:36 AM,458.5,3,1375.5,127793627.84999998
2025-08-01 09:18:36 AM,458.5,2,917.0,127794544.84999998
2025-08-01 09:18:37 AM,458.5,552,253092.0,128047636.84999998
2025-08-01 09:18:38 AM,458.4,220,100848.0,128148484.84999998
2025-08-01 09:18:39 AM,458.5,250,114625.0,128263109.84999998
2025-08-01 09:18:40 AM,458.6,30,13758.0,128276867.84999998
2025-08-01 09:18:40 AM,458.4,551,252578.4,128529446.24999999
2025-08-01 09:18:41 AM,458.3,373,170945.9,128700392.14999999
2025-08-01 09:18:41 AM,458.25,636,291447.0,128991839.14999999
2025-08-01 09:18:41 AM,458.2,0,0.0,128991839.14999999
2025-08-01 09:18:41 AM,458.25,0,0.0,128991839.14999999
2025-08-01 09:18:42 AM,457.65,1791,819651.1499999999,129811490.3
2025-08-01 09:18:42 AM,457.75,1,457.75,129811948.05
2025-08-01 09:18:43 AM,458.1,1623,743496.3,130555444.35
2025-08-01 09:18:43 AM,458.35,500,229175.0,130784619.35
2025-08-01 09:18:43 AM,457.65,0,0.0,130784619.35
2025-08-01 09:18:44 AM,457.55,2616,1196950.8,131981570.14999999
2025-08-01 09:18:44 AM,457.15,2,914.3,131982484.44999999
2025-08-01 09:18:44 AM,457.4,0,0.0,131982484.44999999
2025-08-01 09:18:45 AM,457.0,579,264603.0,132247087.44999999
2025-08-01 09:18:45 AM,457.35,12,5488.200000000001,132252575.64999999
2025-08-01 09:18:45 AM,457.15,0,0.0,132252575.64999999
2025-08-01 09:18:46 AM,457.25,413,188844.25,132441419.89999999
2025-08-01 09:18:46 AM,457.15,17,7771.549999999999,132449191.44999999
2025-08-01 09:18:46 AM,457.35,0,0.0,132449191.44999999
2025-08-01 09:18:47 AM,457.4,521,238305.4,132687496.85
2025-08-01 09:18:47 AM,457.5,0,0.0,132687496.85
2025-08-01 09:18:48 AM,457.5,100,45750.0,132733246.85
2025-08-01 09:18:48 AM,457.05,50,22852.5,132756099.35
2025-08-01 09:18:49 AM,457.3,198,90545.40000000001,132846644.75
2025-08-01 09:18:50 AM,457.3,506,231393.80000000002,133078038.55
2025-08-01 09:18:51 AM,457.05,580,265089.0,133343127.55
2025-08-01 09:18:51 AM,457.3,180,82314.0,133425441.55
2025-08-01 09:18:53 AM,456.3,6328,2887466.4,136312907.95
2025-08-01 09:18:53 AM,456.0,241,109896.0,136422803.95
2025-08-01 09:18:54 AM,455.9,30,13677.0,136436480.95
2025-08-01 09:18:54 AM,456.0,442,201552.0,136638032.95
2025-08-01 09:18:54 AM,455.65,0,0.0,136638032.95
2025-08-01 09:18:55 AM,455.65,1075,489823.75,137127856.7
2025-08-01 09:18:55 AM,455.65,153,69714.45,137197571.14999998
2025-08-01 09:18:56 AM,455.75,333,151764.75,137349335.89999998
2025-08-01 09:18:56 AM,455.9,44,20059.6,137369395.49999997
2025-08-01 09:18:56 AM,455.65,0,0.0,137369395.49999997
2025-08-01 09:18:57 AM,455.95,2164,986675.7999999999,138356071.29999998
2025-08-01 09:18:58 AM,456.15,570,260005.5,138616076.79999998
2025-08-01 09:18:58 AM,456.15,15,6842.25,138622919.04999998
2025-08-01 09:18:58 AM,455.9,0,0.0,138622919.04999998
2025-08-01 09:18:58 AM,455.85,0,0.0,138622919.04999998
2025-08-01 09:18:59 AM,455.3,1822,829556.6,139452475.64999998
2025-08-01 09:18:59 AM,455.65,51,23238.149999999998,139475713.79999998
2025-08-01 09:19:00 AM,455.55,91,41455.05,139517168.85
2025-08-01 09:19:00 AM,455.3,212,96523.6,139613692.45
2025-08-01 09:19:01 AM,455.15,496,225754.4,139839446.85
2025-08-01 09:19:01 AM,455.55,0,0.0,139839446.85
2025-08-01 09:19:02 AM,455.85,1856,846057.6000000001,140685504.45
2025-08-01 09:19:02 AM,455.5,0,0.0,140685504.45
2025-08-01 09:19:03 AM,455.1,1575,716782.5,141402286.95
2025-08-01 09:19:03 AM,455.55,0,0.0,141402286.95
2025-08-01 09:19:04 AM,455.55,3843,1750678.6500000001,143152965.6
2025-08-01 09:19:05 AM,455.7,609,277521.3,143430486.9
2025-08-01 09:19:06 AM,455.65,326,148541.9,143579028.8
2025-08-01 09:19:07 AM,455.7,55,25063.5,143604092.3
2025-08-01 09:19:08 AM,455.95,200,91190.0,143695282.3
2025-08-01 09:19:08 AM,455.55,1010,460105.5,144155387.8
2025-08-01 09:19:08 AM,455.8,0,0.0,144155387.8
2025-08-01 09:19:09 AM,455.8,2,911.6,144156299.4
2025-08-01 09:19:09 AM,454.95,6954,3163722.3,147320021.70000002
2025-08-01 09:19:09 AM,455.05,0,0.0,147320021.70000002
2025-08-01 09:19:10 AM,455.05,742,337647.10000000003,147657668.8
2025-08-01 09:19:10 AM,455.05,30,13651.5,147671320.3
2025-08-01 09:19:10 AM,454.9,0,0.0,147671320.3
2025-08-01 09:19:11 AM,455.4,966,439916.39999999997,148111236.70000002
2025-08-01 09:19:11 AM,455.05,115,52330.75,148163567.45000002
2025-08-01 09:19:12 AM,455.15,262,119249.29999999999,148282816.75000003
2025-08-01 09:19:12 AM,455.1,0,0.0,148282816.75000003
2025-08-01 09:19:13 AM,455.15,570,259435.5,148542252.25000003
2025-08-01 09:19:13 AM,454.65,0,0.0,148542252.25000003
2025-08-01 09:19:13 AM,454.35,0,0.0,148542252.25000003
2025-08-01 09:19:14 AM,454.35,1530,695155.5,149237407.75000003
2025-08-01 09:19:14 AM,454.45,0,0.0,149237407.75000003
2025-08-01 09:19:15 AM,454.3,386,175359.80000000002,149412767.55000004
2025-08-01 09:19:15 AM,454.35,0,0.0,149412767.55000004
2025-08-01 09:19:16 AM,453.95,733,332745.35,149745512.90000004
2025-08-01 09:19:16 AM,454.25,0,0.0,149745512.90000004
2025-08-01 09:19:17 AM,453.8,417,189234.6,149934747.50000003
2025-08-01 09:19:18 AM,453.8,15,6807.0,149941554.50000003
2025-08-01 09:19:18 AM,453.4,0,0.0,149941554.50000003
2025-08-01 09:19:18 AM,453.75,3754,1703377.5,151644932.00000003
2025-08-01 09:19:19 AM,454.8,3083,1402148.4000000001,153047080.40000004
2025-08-01 09:19:19 AM,454.7,0,0.0,153047080.40000004
2025-08-01 09:19:19 AM,454.95,0,0.0,153047080.40000004
2025-08-01 09:19:20 AM,454.95,541,246127.94999999998,153293208.35000002
2025-08-01 09:19:20 AM,455.3,150,68295.0,153361503.35000002
2025-08-01 09:19:20 AM,455.25,0,0.0,153361503.35000002
2025-08-01 09:19:20 AM,455.4,0,0.0,153361503.35000002
2025-08-01 09:19:21 AM,455.05,261,118768.05,153480271.40000004
2025-08-01 09:19:21 AM,455.05,100,45505.0,153525776.40000004
2025-08-01 09:19:21 AM,455.25,0,0.0,153525776.40000004
2025-08-01 09:19:22 AM,455.25,307,139761.75,153665538.15000004
2025-08-01 09:19:22 AM,455.15,0,0.0,153665538.15000004
2025-08-01 09:19:23 AM,455.2,293,133373.6,153798911.75000003
2025-08-01 09:19:23 AM,454.95,447,203362.65,154002274.40000004
2025-08-01 09:19:24 AM,454.85,670,304749.5,154307023.90000004
2025-08-01 09:19:25 AM,455.1,1000,455100.0,154762123.90000004
2025-08-01 09:19:25 AM,455.15,300,136545.0,154898668.90000004
2025-08-01 09:19:26 AM,454.95,662,301176.89999999997,155199845.80000004
2025-08-01 09:19:26 AM,454.8,408,185558.4,155385404.20000005
2025-08-01 09:19:27 AM,455.05,25,11376.25,155396780.45000005
2025-08-01 09:19:27 AM,455.35,1793,816442.55,156213223.00000006
2025-08-01 09:19:28 AM,455.3,537,244496.1,156457719.10000005
2025-08-01 09:19:28 AM,455.5,0,0.0,156457719.10000005
2025-08-01 09:19:28 AM,455.5,211,96110.5,156553829.60000005
2025-08-01 09:19:30 AM,455.6,603,274726.8,156828556.40000007
2025-08-01 09:19:30 AM,455.55,0,0.0,156828556.40000007
2025-08-01 09:19:31 AM,455.55,10,4555.5,156833111.90000007
2025-08-01 09:19:31 AM,455.65,4567,2080953.5499999998,158914065.45000008
2025-08-01 09:19:31 AM,455.85,0,0.0,158914065.45000008
2025-08-01 09:19:32 AM,456.1,556,253591.6,159167657.05000007
2025-08-01 09:19:32 AM,456.1,2,912.2,159168569.25000006
2025-08-01 09:19:33 AM,455.95,500,227975.0,159396544.25000006
2025-08-01 09:19:33 AM,456.0,764,348384.0,159744928.25000006
2025-08-01 09:19:33 AM,456.4,0,0.0,159744928.25000006
2025-08-01 09:19:34 AM,455.7,1633,744158.1,160489086.35000005
2025-08-01 09:19:35 AM,455.5,313,142571.5,160631657.85000005
2025-08-01 09:19:36 AM,455.45,3165,1441499.25,162073157.10000005
2025-08-01 09:19:36 AM,455.0,0,0.0,162073157.10000005
2025-08-01 09:19:36 AM,455.25,0,0.0,162073157.10000005
2025-08-01 09:19:37 AM,455.5,3305,1505427.5,163578584.60000005
2025-08-01 09:19:38 AM,455.55,1089,496093.95,164074678.55000004
2025-08-01 09:19:39 AM,456.25,822,375037.5,164449716.05000004
2025-08-01 09:19:40 AM,457.0,176,80432.0,164530148.05000004
2025-08-01 09:19:41 AM,456.35,500,228175.0,164758323.05000004
2025-08-01 09:19:41 AM,455.9,0,0.0,164758323.05000004
2025-08-01 09:19:41 AM,455.9,11843,5399223.7,170157546.75000003
2025-08-01 09:19:42 AM,455.65,3668,1671324.2,171828870.95000002
2025-08-01 09:19:42 AM,456.1,0,0.0,171828870.95000002
2025-08-01 09:19:42 AM,455.75,0,0.0,171828870.95000002
2025-08-01 09:19:43 AM,455.75,1102,502236.5,172331107.45000002
2025-08-01 09:19:43 AM,456.2,551,251366.19999999998,172582473.65
2025-08-01 09:19:43 AM,456.3,0,0.0,172582473.65
2025-08-01 09:19:43 AM,456.65,0,0.0,172582473.65
2025-08-01 09:19:43 AM,456.65,405,184943.25,172767416.9
2025-08-01 09:19:44 AM,456.25,204,93075.0,172860491.9
2025-08-01 09:19:44 AM,456.65,0,0.0,172860491.9
2025-08-01 09:19:45 AM,456.65,3,1369.9499999999998,172861861.85
2025-08-01 09:19:45 AM,456.55,822,375284.10000000003,173237145.95
2025-08-01 09:19:45 AM,456.65,0,0.0,173237145.95
2025-08-01 09:19:46 AM,456.95,964,440499.8,173677645.75
2025-08-01 09:19:46 AM,457.0,0,0.0,173677645.75
2025-08-01 09:19:47 AM,456.6,117,53422.200000000004,173731067.95
2025-08-01 09:19:47 AM,456.3,88,40154.4,173771222.35
2025-08-01 09:19:47 AM,456.75,0,0.0,173771222.35
2025-08-01 09:19:48 AM,456.75,173,79017.75,173850240.1
2025-08-01 09:19:48 AM,456.8,534,243931.2,174094171.29999998
2025-08-01 09:19:48 AM,456.9,0,0.0,174094171.29999998
2025-08-01 09:19:49 AM,456.9,541,247182.9,174341354.2
2025-08-01 09:19:49 AM,456.85,1,456.85,174341811.04999998
2025-08-01 09:19:49 AM,457.1,0,0.0,174341811.04999998
2025-08-01 09:19:49 AM,457.45,0,0.0,174341811.04999998
2025-08-01 09:19:50 AM,457.45,233,106585.84999999999,174448396.89999998
2025-08-01 09:19:50 AM,457.45,209,95607.05,174544003.95
2025-08-01 09:19:51 AM,457.45,3,1372.35,174545376.29999998
2025-08-01 09:19:51 AM,457.45,3,1372.35,174546748.64999998
2025-08-01 09:19:51 AM,457.4,0,0.0,174546748.64999998
2025-08-01 09:19:52 AM,457.4,406,185704.4,174732453.04999998
2025-08-01 09:19:52 AM,457.4,55,25157.0,174757610.04999998
2025-08-01 09:19:53 AM,457.4,1,457.4,174758067.45
2025-08-01 09:19:53 AM,457.4,468,214063.19999999998,174972130.64999998
2025-08-01 09:19:54 AM,457.4,202,92394.79999999999,175064525.45
2025-08-01 09:19:54 AM,457.45,0,0.0,175064525.45
2025-08-01 09:19:55 AM,457.45,767,350864.14999999997,175415389.6
2025-08-01 09:19:55 AM,457.4,34,15551.599999999999,175430941.2
2025-08-01 09:19:56 AM,457.45,735,336225.75,175767166.95
2025-08-01 09:19:56 AM,457.7,0,0.0,175767166.95
2025-08-01 09:19:57 AM,457.4,690,315606.0,176082772.95
2025-08-01 09:19:57 AM,457.45,415,189841.75,176272614.7
2025-08-01 09:19:57 AM,457.7,0,0.0,176272614.7
2025-08-01 09:19:58 AM,457.9,382,174917.8,176447532.5
2025-08-01 09:19:58 AM,458.0,0,0.0,176447532.5
2025-08-01 09:19:59 AM,458.0,379,173582.0,176621114.5
2025-08-01 09:19:59 AM,458.4,327,149896.8,176771011.3
2025-08-01 09:19:59 AM,458.1,0,0.0,176771011.3
2025-08-01 09:20:00 AM,458.05,2891,1324222.55,178095233.85000002
2025-08-01 09:20:00 AM,457.85,0,0.0,178095233.85000002
2025-08-01 09:20:01 AM,458.1,6888,3155392.8000000003,181250626.65000004
2025-08-01 09:20:01 AM,457.95,0,0.0,181250626.65000004
2025-08-01 09:20:02 AM,457.95,35,16028.25,181266654.90000004
2025-08-01 09:20:02 AM,458.05,825,377891.25,181644546.15000004
2025-08-01 09:20:03 AM,458.1,334,153005.4,181797551.55000004
2025-08-01 09:20:03 AM,458.35,370,169589.5,181967141.05000004
2025-08-01 09:20:04 AM,458.35,125,57293.75,182024434.80000004
2025-08-01 09:20:05 AM,458.05,0,0.0,182024434.80000004
2025-08-01 09:20:06 AM,458.05,17,7786.85,182032221.65000004
2025-08-01 09:20:06 AM,458.35,1048,480350.80000000005,182512572.45000005
2025-08-01 09:20:06 AM,458.4,0,0.0,182512572.45000005
2025-08-01 09:20:06 AM,458.45,0,0.0,182512572.45000005
2025-08-01 09:20:07 AM,458.1,341,156212.1,182668784.55000004
2025-08-01 09:20:07 AM,458.1,100,45810.0,182714594.55000004
2025-08-01 09:20:07 AM,456.3,0,0.0,182714594.55000004
2025-08-01 09:20:07 AM,456.65,0,0.0,182714594.55000004
2025-08-01 09:20:08 AM,456.65,45120,20604048.0,203318642.55000004
2025-08-01 09:20:08 AM,456.5,0,0.0,203318642.55000004
2025-08-01 09:20:08 AM,456.65,0,0.0,203318642.55000004
2025-08-01 09:20:09 AM,456.25,751,342643.75,203661286.30000004
2025-08-01 09:20:09 AM,456.5,0,0.0,203661286.30000004
2025-08-01 09:20:09 AM,456.55,0,0.0,203661286.30000004
2025-08-01 09:20:10 AM,456.55,123,56155.65,203717441.95000005
2025-08-01 09:20:10 AM,456.25,25,11406.25,203728848.20000005
2025-08-01 09:20:10 AM,456.6,0,0.0,203728848.20000005
2025-08-01 09:20:11 AM,456.6,100,45660.0,203774508.20000005
2025-08-01 09:20:11 AM,456.85,1963,896796.55,204671304.75000006
2025-08-01 09:20:11 AM,457.0,0,0.0,204671304.75000006
2025-08-01 09:20:12 AM,457.0,20,9140.0,204680444.75000006
2025-08-01 09:20:12 AM,457.0,11316,5171412.0,209851856.75000006
2025-08-01 09:20:12 AM,457.2,0,0.0,209851856.75000006
2025-08-01 09:20:13 AM,456.8,119,54359.200000000004,209906215.95000005
2025-08-01 09:20:14 AM,457.0,200,91400.0,209997615.95000005
2025-08-01 09:20:15 AM,457.35,0,0.0,209997615.95000005
2025-08-01 09:20:15 AM,457.35,87,39789.450000000004,210037405.40000004
2025-08-01 09:20:16 AM,457.5,0,0.0,210037405.40000004
2025-08-01 09:20:17 AM,457.5,1255,574162.5,210611567.90000004
2025-08-01 09:20:18 AM,457.55,0,0.0,210611567.90000004
2025-08-01 09:20:18 AM,457.6,0,0.0,210611567.90000004
2025-08-01 09:20:19 AM,457.6,19,8694.4,210620262.30000004
2025-08-01 09:20:19 AM,457.35,0,0.0,210620262.30000004
2025-08-01 09:20:20 AM,457.35,5,2286.75,210622549.05000004
2025-08-01 09:20:21 AM,457.4,0,0.0,210622549.05000004
2025-08-01 09:20:22 AM,457.4,125,57175.0,210679724.05000004
2025-08-01 09:20:23 AM,457.05,0,0.0,210679724.05000004
2025-08-01 09:20:23 AM,457.4,0,0.0,210679724.05000004
2025-08-01 09:20:23 AM,457.4,180,82332.0,210762056.05000004
2025-08-01 09:20:24 AM,457.05,50,22852.5,210784908.55000004
2025-08-01 09:20:24 AM,457.35,0,0.0,210784908.55000004
2025-08-01 09:20:25 AM,457.35,61,27898.350000000002,210812806.90000004
2025-08-01 09:20:25 AM,457.35,10,4573.5,210817380.40000004
2025-08-01 09:20:25 AM,456.95,0,0.0,210817380.40000004
2025-08-01 09:20:25 AM,456.9,0,0.0,210817380.40000004
2025-08-01 09:20:26 AM,456.9,1311,598995.9,211416376.30000004
2025-08-01 09:20:26 AM,457.0,0,0.0,211416376.30000004
2025-08-01 09:20:27 AM,457.0,2263,1034191.0,212450567.30000004
2025-08-01 09:20:27 AM,457.1,363,165927.30000000002,212616494.60000005
2025-08-01 09:20:28 AM,457.25,0,0.0,212616494.60000005
2025-08-01 09:20:29 AM,457.25,20,9145.0,212625639.60000005
2025-08-01 09:20:29 AM,456.85,151,68984.35,212694623.95000005
2025-08-01 09:20:30 AM,456.85,20,9137.0,212703760.95000005
2025-08-01 09:20:31 AM,457.15,50,22857.5,212726618.45000005
2025-08-01 09:20:32 AM,457.25,170,77732.5,212804350.95000005
2025-08-01 09:20:32 AM,457.25,10,4572.5,212808923.45000005
2025-08-01 09:20:33 AM,457.25,400,182900.0,212991823.45000005
2025-08-01 09:20:33 AM,457.3,50,22865.0,213014688.45000005
2025-08-01 09:20:34 AM,457.35,0,0.0,213014688.45000005
2025-08-01 09:20:34 AM,457.35,588,268921.8,213283610.25000006
2025-08-01 09:20:35 AM,456.35,0,0.0,213283610.25000006
2025-08-01 09:20:35 AM,456.35,3020,1378177.0,214661787.25000006
2025-08-01 09:20:36 AM,456.3,1,456.3,214662243.55000007
2025-08-01 09:20:36 AM,456.15,0,0.0,214662243.55000007
2025-08-01 09:20:36 AM,456.15,1724,786402.6,215448646.15000007
2025-08-01 09:20:36 AM,456.3,0,0.0,215448646.15000007
2025-08-01 09:20:37 AM,456.3,200,91260.0,215539906.15000007
2025-08-01 09:20:37 AM,456.35,0,0.0,215539906.15000007
2025-08-01 09:20:37 AM,456.35,410,187103.5,215727009.65000007
2025-08-01 09:20:38 AM,456.0,119,54264.0,215781273.65000007
2025-08-01 09:20:38 AM,456.0,26,11856.0,215793129.65000007
2025-08-01 09:20:39 AM,456.3,105,47911.5,215841041.15000007
2025-08-01 09:20:39 AM,456.0,65,29640.0,215870681.15000007
2025-08-01 09:20:40 AM,456.3,157,71639.1,215942320.25000006
2025-08-01 09:20:40 AM,456.0,210,95760.0,216038080.25000006
2025-08-01 09:20:41 AM,455.85,1909,870217.65,216908297.90000007
2025-08-01 09:20:41 AM,456.0,0,0.0,216908297.90000007
2025-08-01 09:20:42 AM,456.0,1,456.0,216908753.90000007
2025-08-01 09:20:42 AM,456.0,44,20064.0,216928817.90000007
2025-08-01 09:20:43 AM,456.0,342,155952.0,217084769.90000007
2025-08-01 09:20:43 AM,455.9,12,5470.799999999999,217090240.70000008
2025-08-01 09:20:44 AM,456.0,1164,530784.0,217621024.70000008
2025-08-01 09:20:45 AM,456.0,150,68400.0,217689424.70000008
2025-08-01 09:20:46 AM,456.25,1498,683462.5,218372887.20000008
2025-08-01 09:20:47 AM,456.35,1275,581846.25,218954733.45000008
2025-08-01 09:20:48 AM,456.5,377,172100.5,219126833.95000008
2025-08-01 09:20:49 AM,455.55,3532,1609002.6,220735836.55000007
2025-08-01 09:20:49 AM,456.7,56377,25747375.9,246483212.45000008
2025-08-01 09:20:49 AM,456.4,0,0.0,246483212.45000008
2025-08-01 09:20:50 AM,456.25,1707,778818.75,247262031.20000008
2025-08-01 09:20:50 AM,456.35,0,0.0,247262031.20000008
2025-08-01 09:20:51 AM,456.8,1983,905834.4,248167865.60000008
2025-08-01 09:20:51 AM,457.1,768,351052.80000000005,248518918.4000001
2025-08-01 09:20:52 AM,457.7,1672,765274.4,249284192.8000001
2025-08-01 09:20:53 AM,457.35,1,457.35,249284650.1500001
2025-08-01 09:20:54 AM,458.05,2613,1196884.6500000001,250481534.8000001
2025-08-01 09:20:54 AM,458.35,50,22917.5,250504452.3000001
2025-08-01 09:20:54 AM,458.05,0,0.0,250504452.3000001
2025-08-01 09:20:55 AM,458.05,134,61378.700000000004,250565831.0000001
2025-08-01 09:20:55 AM,458.5,0,0.0,250565831.0000001
2025-08-01 09:20:56 AM,458.9,8024,3682213.5999999996,254248044.60000008
2025-08-01 09:20:56 AM,458.9,332,152354.8,254400399.4000001
2025-08-01 09:20:56 AM,458.75,0,0.0,254400399.4000001
2025-08-01 09:20:57 AM,459.4,1825,838405.0,255238804.4000001
2025-08-01 09:20:59 AM,459.75,521,239529.75,255478334.1500001
2025-08-01 09:21:00 AM,460.1,3419,1573081.9000000001,257051416.0500001
2025-08-01 09:21:01 AM,460.2,50,23010.0,257074426.0500001
2025-08-01 09:21:01 AM,460.35,0,0.0,257074426.0500001
2025-08-01 09:21:02 AM,460.25,364,167531.0,257241957.0500001
2025-08-01 09:21:02 AM,460.0,0,0.0,257241957.0500001
2025-08-01 09:21:03 AM,460.0,108,49680.0,257291637.0500001
2025-08-01 09:21:03 AM,460.45,1495,688372.75,257980009.8000001
2025-08-01 09:21:03 AM,460.3,0,0.0,257980009.8000001
2025-08-01 09:21:03 AM,460.2,0,0.0,257980009.8000001
2025-08-01 09:21:04 AM,460.2,117,53843.4,258033853.2000001
2025-08-01 09:21:04 AM,460.4,0,0.0,258033853.2000001
2025-08-01 09:21:04 AM,460.25,0,0.0,258033853.2000001
2025-08-01 09:21:05 AM,460.25,971,446902.75,258480755.9500001
2025-08-01 09:21:05 AM,460.45,2,920.9,258481676.8500001
2025-08-01 09:21:06 AM,460.45,50,23022.5,258504699.3500001
2025-08-01 09:21:06 AM,460.55,0,0.0,258504699.3500001
2025-08-01 09:21:07 AM,460.25,1216,559664.0,259064363.3500001
2025-08-01 09:21:07 AM,460.25,25,11506.25,259075869.6000001
2025-08-01 09:21:07 AM,460.2,0,0.0,259075869.6000001
2025-08-01 09:21:08 AM,460.2,606,278881.2,259354750.8000001
2025-08-01 09:21:08 AM,460.2,22,10124.4,259364875.2000001
2025-08-01 09:21:09 AM,459.7,365,167790.5,259532665.7000001
2025-08-01 09:21:09 AM,460.3,2038,938091.4,260470757.1000001
2025-08-01 09:21:10 AM,460.65,1816,836540.3999999999,261307297.50000012
2025-08-01 09:21:10 AM,460.45,0,0.0,261307297.50000012
2025-08-01 09:21:10 AM,460.6,1106,509423.60000000003,261816721.1000001
2025-08-01 09:21:10 AM,460.7,0,0.0,261816721.1000001
2025-08-01 09:21:11 AM,461.2,1531,706097.2,262522818.3000001
2025-08-01 09:21:12 AM,461.2,2011,927473.2,263450291.5000001
2025-08-01 09:21:13 AM,460.85,0,0.0,263450291.5000001
2025-08-01 09:21:14 AM,460.7,266,122546.2,263572837.70000008
2025-08-01 09:21:14 AM,460.45,0,0.0,263572837.70000008
2025-08-01 09:21:15 AM,460.45,1625,748231.25,264321068.95000008
2025-08-01 09:21:15 AM,460.85,0,0.0,264321068.95000008
2025-08-01 09:21:16 AM,460.85,41,18894.850000000002,264339963.80000007
2025-08-01 09:21:17 AM,460.65,0,0.0,264339963.80000007
2025-08-01 09:21:18 AM,460.65,41,18886.649999999998,264358850.45000008
2025-08-01 09:21:19 AM,460.65,175,80613.75,264439464.20000008
2025-08-01 09:21:20 AM,461.0,554,255394.0,264694858.20000008
2025-08-01 09:21:20 AM,461.0,551,254011.0,264948869.20000008
2025-08-01 09:21:21 AM,460.9,10,4609.0,264953478.20000008
2025-08-01 09:21:22 AM,461.45,5251,2423073.9499999997,267376552.15000007
2025-08-01 09:21:22 AM,461.7,0,0.0,267376552.15000007
2025-08-01 09:21:23 AM,462.35,2075,959376.25,268335928.40000007
2025-08-01 09:21:23 AM,462.45,0,0.0,268335928.40000007
2025-08-01 09:21:23 AM,462.25,25,11556.25,268347484.65000007
2025-08-01 09:21:24 AM,462.55,305,141077.75,268488562.4000001
2025-08-01 09:21:24 AM,462.8,0,0.0,268488562.4000001
2025-08-01 09:21:25 AM,462.8,25,11570.0,268500132.4000001
2025-08-01 09:21:25 AM,462.8,1554,719191.2000000001,269219323.6000001
2025-08-01 09:21:25 AM,462.65,0,0.0,269219323.6000001
2025-08-01 09:21:26 AM,462.8,776,359132.8,269578456.4000001
2025-08-01 09:21:26 AM,462.75,333,154095.75,269732552.1500001
2025-08-01 09:21:26 AM,462.9,0,0.0,269732552.1500001
2025-08-01 09:21:27 AM,462.9,5,2314.5,269734866.6500001
2025-08-01 09:21:27 AM,462.9,20,9258.0,269744124.6500001
2025-08-01 09:21:28 AM,463.0,186,86118.0,269830242.6500001
2025-08-01 09:21:28 AM,462.8,100,46280.0,269876522.6500001
2025-08-01 09:21:29 AM,463.0,1736,803768.0,270680290.6500001
2025-08-01 09:21:29 AM,462.85,40,18514.0,270698804.6500001
2025-08-01 09:21:30 AM,462.55,1296,599464.8,271298269.4500001
2025-08-01 09:21:30 AM,462.75,0,0.0,271298269.4500001
2025-08-01 09:21:30 AM,462.75,5,2313.75,271300583.2000001
2025-08-01 09:21:31 AM,462.75,40,18510.0,271319093.2000001
2025-08-01 09:21:32 AM,462.75,162,74965.5,271394058.7000001
2025-08-01 09:21:32 AM,462.85,1032,477661.2,271871719.9000001
2025-08-01 09:21:32 AM,462.9,0,0.0,271871719.9000001
2025-08-01 09:21:33 AM,463.15,753,348751.95,272220471.8500001
2025-08-01 09:21:33 AM,462.95,0,0.0,272220471.8500001
2025-08-01 09:21:33 AM,462.95,27,12499.65,272232971.50000006
2025-08-01 09:21:34 AM,462.95,17,7870.15,272240841.65000004
2025-08-01 09:21:34 AM,462.8,0,0.0,272240841.65000004
2025-08-01 09:21:34 AM,462.8,1057,489179.60000000003,272730021.25000006
2025-08-01 09:21:35 AM,462.7,0,0.0,272730021.25000006
2025-08-01 09:21:35 AM,462.7,277,128167.9,272858189.15000004
2025-08-01 09:21:36 AM,462.95,0,0.0,272858189.15000004
2025-08-01 09:21:37 AM,462.95,56,25925.2,272884114.35
2025-08-01 09:21:37 AM,462.85,525,242996.25,273127110.6
2025-08-01 09:21:37 AM,462.95,0,0.0,273127110.6
2025-08-01 09:21:38 AM,462.95,100,46295.0,273173405.6
2025-08-01 09:21:38 AM,462.9,150,69435.0,273242840.6
2025-08-01 09:21:38 AM,463.0,0,0.0,273242840.6
2025-08-01 09:21:39 AM,462.9,299,138407.1,273381247.70000005
2025-08-01 09:21:40 AM,463.0,346,160198.0,273541445.70000005
2025-08-01 09:21:41 AM,462.8,300,138840.0,273680285.70000005
2025-08-01 09:21:42 AM,463.0,707,327341.0,274007626.70000005
2025-08-01 09:21:42 AM,464.0,0,0.0,274007626.70000005
2025-08-01 09:21:43 AM,464.0,5251,2436464.0,276444090.70000005
2025-08-01 09:21:43 AM,464.2,236,109551.2,276553641.90000004
2025-08-01 09:21:43 AM,464.35,0,0.0,276553641.90000004
2025-08-01 09:21:44 AM,464.35,856,397483.60000000003,276951125.50000006
2025-08-01 09:21:44 AM,464.2,0,0.0,276951125.50000006
2025-08-01 09:21:45 AM,464.2,200,92840.0,277043965.50000006
2025-08-01 09:21:45 AM,463.85,641,297327.85000000003,277341293.3500001
2025-08-01 09:21:47 AM,464.1,1251,580589.1,277921882.4500001
2025-08-01 09:21:48 AM,464.0,0,0.0,277921882.4500001
2025-08-01 09:21:49 AM,464.55,1983,921202.65,278843085.1000001
2025-08-01 09:21:50 AM,464.0,161,74704.0,278917789.1000001
2025-08-01 09:21:51 AM,464.0,690,320160.0,279237949.1000001
2025-08-01 09:21:51 AM,463.95,0,0.0,279237949.1000001
2025-08-01 09:21:52 AM,463.95,1050,487147.5,279725096.6000001
2025-08-01 09:21:53 AM,464.0,190,88160.0,279813256.6000001
2025-08-01 09:21:54 AM,464.1,381,176822.1,279990078.7000001
2025-08-01 09:21:55 AM,464.55,0,0.0,279990078.7000001
2025-08-01 09:21:55 AM,464.55,92,42738.6,280032817.30000013
2025-08-01 09:21:56 AM,464.4,200,92880.0,280125697.30000013
2025-08-01 09:21:56 AM,465.0,0,0.0,280125697.30000013
2025-08-01 09:21:56 AM,464.7,0,0.0,280125697.30000013
2025-08-01 09:21:57 AM,464.7,3332,1548380.4,281674077.7000001
2025-08-01 09:21:57 AM,464.7,10,4647.0,281678724.7000001
2025-08-01 09:21:57 AM,464.75,0,0.0,281678724.7000001
2025-08-01 09:21:58 AM,464.75,100,46475.0,281725199.7000001
2025-08-01 09:21:58 AM,465.0,0,0.0,281725199.7000001
2025-08-01 09:21:59 AM,464.7,391,181697.69999999998,281906897.4000001
2025-08-01 09:21:59 AM,465.25,826,384296.5,282291193.9000001
2025-08-01 09:21:59 AM,464.95,0,0.0,282291193.9000001
2025-08-01 09:22:00 AM,464.95,342,159012.9,282450206.8000001
2025-08-01 09:22:01 AM,464.85,335,155724.75,282605931.5500001
2025-08-01 09:22:02 AM,464.45,709,329295.05,282935226.6000001
2025-08-01 09:22:02 AM,464.55,0,0.0,282935226.6000001
2025-08-01 09:22:03 AM,464.85,196,91110.6,283026337.2000001
2025-08-01 09:22:04 AM,465.2,907,421936.39999999997,283448273.6000001
2025-08-01 09:22:04 AM,465.15,400,186060.0,283634333.6000001
2025-08-01 09:22:05 AM,465.35,192,89347.20000000001,283723680.8000001
2025-08-01 09:22:06 AM,466.1,2867,1336308.7,285059989.50000006
2025-08-01 09:22:07 AM,466.6,1335,622911.0,285682900.50000006
2025-08-01 09:22:07 AM,466.0,0,0.0,285682900.50000006
2025-08-01 09:22:07 AM,466.0,3330,1551780.0,287234680.50000006
2025-08-01 09:22:07 AM,465.4,0,0.0,287234680.50000006
2025-08-01 09:22:08 AM,465.3,895,416443.5,287651124.00000006
2025-08-01 09:22:09 AM,465.25,1,465.25,287651589.25000006
2025-08-01 09:22:10 AM,465.35,10,4653.5,287656242.75000006
2025-08-01 09:22:10 AM,465.55,5,2327.75,287658570.50000006
2025-08-01 09:22:11 AM,465.8,785,365653.0,288024223.50000006
2025-08-01 09:22:11 AM,465.9,26,12113.4,288036336.90000004
2025-08-01 09:22:11 AM,465.85,0,0.0,288036336.90000004
2025-08-01 09:22:12 AM,465.85,1,465.85,288036802.75000006
2025-08-01 09:22:12 AM,465.6,0,0.0,288036802.75000006
2025-08-01 09:22:13 AM,465.65,123,57274.95,288094077.70000005
2025-08-01 09:22:13 AM,465.9,5,2329.5,288096407.20000005
2025-08-01 09:22:13 AM,466.3,0,0.0,288096407.20000005
2025-08-01 09:22:13 AM,466.65,0,0.0,288096407.20000005
2025-08-01 09:22:14 AM,466.65,6129,2860097.85,290956505.0500001
2025-08-01 09:22:14 AM,466.3,0,0.0,290956505.0500001
2025-08-01 09:22:15 AM,466.3,15,6994.5,290963499.5500001
2025-08-01 09:22:15 AM,466.85,0,0.0,290963499.5500001
2025-08-01 09:22:16 AM,466.85,202,94303.70000000001,291057803.25000006
2025-08-01 09:22:16 AM,466.75,0,0.0,291057803.25000006
2025-08-01 09:22:17 AM,466.75,41,19136.75,291076940.00000006
2025-08-01 09:22:17 AM,466.85,6,2801.1000000000004,291079741.1000001
2025-08-01 09:22:18 AM,467.0,1061,495487.0,291575228.1000001
2025-08-01 09:22:18 AM,466.8,130,60684.0,291635912.1000001
2025-08-01 09:22:19 AM,467.3,333,155610.9,291791523.00000006
2025-08-01 09:22:19 AM,467.0,0,0.0,291791523.00000006
2025-08-01 09:22:19 AM,466.6,863,402675.80000000005,292194198.8000001
2025-08-01 09:22:20 AM,466.55,469,218811.95,292413010.75000006
2025-08-01 09:22:20 AM,466.05,0,0.0,292413010.75000006
2025-08-01 09:22:21 AM,466.05,600,279630.0,292692640.75000006
2025-08-01 09:22:21 AM,466.1,0,0.0,292692640.75000006
2025-08-01 09:22:21 AM,466.4,0,0.0,292692640.75000006
2025-08-01 09:22:22 AM,466.4,170,79288.0,292771928.75000006
2025-08-01 09:22:22 AM,466.45,100,46645.0,292818573.75000006
2025-08-01 09:22:22 AM,466.5,0,0.0,292818573.75000006
2025-08-01 09:22:23 AM,466.55,558,260334.9,293078908.65000004
2025-08-01 09:22:23 AM,466.3,0,0.0,293078908.65000004
2025-08-01 09:22:23 AM,466.3,15,6994.5,293085903.15000004
2025-08-01 09:22:24 AM,466.6,100,46660.0,293132563.15000004
2025-08-01 09:22:24 AM,466.0,0,0.0,293132563.15000004
2025-08-01 09:22:24 AM,466.25,0,0.0,293132563.15000004
2025-08-01 09:22:25 AM,466.25,2700,1258875.0,294391438.15000004
2025-08-01 09:22:25 AM,465.8,0,0.0,294391438.15000004
2025-08-01 09:22:26 AM,465.75,165,76848.75,294468286.90000004
2025-08-01 09:22:26 AM,465.95,0,0.0,294468286.90000004
2025-08-01 09:22:27 AM,466.05,10086,4700580.3,299168867.20000005
2025-08-01 09:22:29 AM,466.1,100,46610.0,299215477.20000005
2025-08-01 09:22:29 AM,466.05,1350,629167.5,299844644.70000005
2025-08-01 09:22:29 AM,466.3,0,0.0,299844644.70000005
2025-08-01 09:22:30 AM,466.3,396,184654.80000000002,300029299.50000006
2025-08-01 09:22:31 AM,466.65,586,273456.89999999997,300302756.40000004
2025-08-01 09:22:32 AM,466.5,10,4665.0,300307421.40000004
2025-08-01 09:22:33 AM,466.5,75,34987.5,300342408.90000004
2025-08-01 09:22:33 AM,466.85,250,116712.5,300459121.40000004
2025-08-01 09:22:33 AM,466.7,0,0.0,300459121.40000004
2025-08-01 09:22:34 AM,467.1,870,406377.0,300865498.40000004
2025-08-01 09:22:34 AM,466.4,0,0.0,300865498.40000004
2025-08-01 09:22:35 AM,466.35,1841,858550.3500000001,301724048.75000006
2025-08-01 09:22:36 AM,466.65,0,0.0,301724048.75000006
2025-08-01 09:22:37 AM,466.65,2,933.3,301724982.0500001
2025-08-01 09:22:38 AM,466.75,79,36873.25,301761855.3000001
2025-08-01 09:22:38 AM,466.7,332,154944.4,301916799.70000005
2025-08-01 09:22:38 AM,466.5,0,0.0,301916799.70000005
2025-08-01 09:22:39 AM,466.5,76,35454.0,301952253.70000005
2025-08-01 09:22:39 AM,466.5,50,23325.0,301975578.70000005
2025-08-01 09:22:40 AM,466.5,50,23325.0,301998903.70000005
2025-08-01 09:22:40 AM,466.85,0,0.0,301998903.70000005
2025-08-01 09:22:41 AM,466.85,2,933.7,301999837.40000004
2025-08-01 09:22:42 AM,466.65,278,129728.7,302129566.1
2025-08-01 09:22:42 AM,466.5,0,0.0,302129566.1
2025-08-01 09:22:42 AM,466.5,250,116625.0,302246191.1
2025-08-01 09:22:43 AM,466.5,80,37320.0,302283511.1
2025-08-01 09:22:44 AM,467.4,0,0.0,302283511.1
2025-08-01 09:22:45 AM,467.8,15634,7313585.2,309597096.3
2025-08-01 09:22:45 AM,468.0,0,0.0,309597096.3
2025-08-01 09:22:45 AM,468.45,0,0.0,309597096.3
2025-08-01 09:22:46 AM,468.15,2215,1036952.25,310634048.55
2025-08-01 09:22:47 AM,468.65,1508,706724.2,311340772.75
2025-08-01 09:22:47 AM,468.65,100,46865.0,311387637.75
2025-08-01 09:22:47 AM,468.95,0,0.0,311387637.75
2025-08-01 09:22:48 AM,468.95,52,24385.399999999998,311412023.15
2025-08-01 09:22:48 AM,467.5,7571,3539442.5,314951465.65
2025-08-01 09:22:49 AM,467.75,0,0.0,314951465.65
2025-08-01 09:22:50 AM,467.75,4,1871.0,314953336.65
2025-08-01 09:22:50 AM,467.65,0,0.0,314953336.65
2025-08-01 09:22:51 AM,467.65,50,23382.5,314976719.15
2025-08-01 09:22:51 AM,467.25,910,425197.5,315401916.65
2025-08-01 09:22:52 AM,467.0,4166,1945522.0,317347438.65
2025-08-01 09:22:52 AM,467.1,0,0.0,317347438.65
2025-08-01 09:22:53 AM,467.1,2700,1261170.0,318608608.65
2025-08-01 09:22:54 AM,466.5,0,0.0,318608608.65
2025-08-01 09:22:54 AM,466.0,1213,565258.0,319173866.65
2025-08-01 09:22:55 AM,466.8,0,0.0,319173866.65
2025-08-01 09:22:56 AM,466.8,5155,2406354.0,321580220.65
2025-08-01 09:22:56 AM,466.65,151,70464.15,321650684.79999995
2025-08-01 09:22:56 AM,466.75,0,0.0,321650684.79999995
2025-08-01 09:22:57 AM,466.75,25,11668.75,321662353.54999995
2025-08-01 09:22:57 AM,466.95,0,0.0,321662353.54999995
2025-08-01 09:22:58 AM,467.0,35,16345.0,321678698.54999995
2025-08-01 09:22:58 AM,467.0,5,2335.0,321681033.54999995
2025-08-01 09:22:59 AM,467.0,125,58375.0,321739408.54999995
2025-08-01 09:22:59 AM,467.1,10,4671.0,321744079.54999995
2025-08-01 09:23:00 AM,467.0,207,96669.0,321840748.54999995
2025-08-01 09:23:01 AM,466.8,204,95227.2,321935975.74999994
2025-08-01 09:23:02 AM,466.6,692,322887.2,322258862.9499999
2025-08-01 09:23:02 AM,467.1,0,0.0,322258862.9499999
2025-08-01 09:23:03 AM,467.1,246,114906.6,322373769.54999995
2025-08-01 09:23:04 AM,466.8,30,14004.0,322387773.54999995
2025-08-01 09:23:05 AM,466.8,15,7002.0,322394775.54999995
2025-08-01 09:23:06 AM,466.8,164,76555.2,322471330.74999994
2025-08-01 09:23:06 AM,466.85,1,466.85,322471797.59999996
2025-08-01 09:23:07 AM,466.8,270,126036.0,322597833.59999996
2025-08-01 09:23:08 AM,466.8,100,46680.0,322644513.59999996
2025-08-01 09:23:09 AM,466.6,0,0.0,322644513.59999996
2025-08-01 09:23:10 AM,466.65,658,307055.7,322951569.29999995
2025-08-01 09:23:10 AM,467.1,0,0.0,322951569.29999995
2025-08-01 09:23:11 AM,466.95,2711,1265901.45,324217470.74999994
2025-08-01 09:23:11 AM,466.8,0,0.0,324217470.74999994
2025-08-01 09:23:12 AM,466.8,232,108297.6,324325768.34999996
2025-08-01 09:23:12 AM,466.85,630,294115.5,324619883.84999996
2025-08-01 09:23:13 AM,466.3,25,11657.5,324631541.34999996
2025-08-01 09:23:13 AM,465.8,1461,680533.8,325312075.15
2025-08-01 09:23:14 AM,466.0,0,0.0,325312075.15
2025-08-01 09:23:15 AM,466.0,5,2330.0,325314405.15
2025-08-01 09:23:15 AM,465.75,0,0.0,325314405.15
2025-08-01 09:23:16 AM,466.0,108,50328.0,325364733.15
2025-08-01 09:23:16 AM,465.9,0,0.0,325364733.15
2025-08-01 09:23:17 AM,465.9,290,135111.0,325499844.15
2025-08-01 09:23:17 AM,465.8,0,0.0,325499844.15
2025-08-01 09:23:18 AM,465.8,118,54964.4,325554808.54999995
2025-08-01 09:23:18 AM,465.8,120,55896.0,325610704.54999995
2025-08-01 09:23:18 AM,466.0,0,0.0,325610704.54999995
2025-08-01 09:23:19 AM,466.0,12,5592.0,325616296.54999995
2025-08-01 09:23:21 AM,465.5,1791,833710.5,326450007.04999995
2025-08-01 09:23:23 AM,465.5,309,143839.5,326593846.54999995
2025-08-01 09:23:23 AM,465.15,0,0.0,326593846.54999995
2025-08-01 09:23:24 AM,465.55,1100,512105.0,327105951.54999995
2025-08-01 09:23:25 AM,465.0,0,0.0,327105951.54999995
2025-08-01 09:23:26 AM,465.0,43,19995.0,327125946.54999995
2025-08-01 09:23:27 AM,465.0,2948,1370820.0,328496766.54999995
2025-08-01 09:23:28 AM,464.95,0,0.0,328496766.54999995
2025-08-01 09:23:29 AM,464.95,162,75321.9,328572088.4499999
2025-08-01 09:23:29 AM,465.0,0,0.0,328572088.4499999
2025-08-01 09:23:30 AM,465.0,1674,778410.0,329350498.4499999
2025-08-01 09:23:30 AM,464.9,0,0.0,329350498.4499999
2025-08-01 09:23:31 AM,464.9,5,2324.5,329352822.9499999
2025-08-01 09:23:31 AM,464.8,0,0.0,329352822.9499999
2025-08-01 09:23:31 AM,464.75,0,0.0,329352822.9499999
2025-08-01 09:23:32 AM,464.75,101,46939.75,329399762.6999999
2025-08-01 09:23:32 AM,465.0,0,0.0,329399762.6999999
2025-08-01 09:23:33 AM,465.0,105,48825.0,329448587.6999999
2025-08-01 09:23:33 AM,464.9,3,1394.6999999999998,329449982.3999999
2025-08-01 09:23:33 AM,465.3,0,0.0,329449982.3999999
2025-08-01 09:23:34 AM,465.3,1045,486238.5,329936220.8999999
2025-08-01 09:23:36 AM,465.3,4,1861.2,329938082.0999999
2025-08-01 09:23:37 AM,464.95,1049,487732.55,330425814.6499999
2025-08-01 09:23:37 AM,465.0,0,0.0,330425814.6499999
2025-08-01 09:23:37 AM,465.0,40,18600.0,330444414.6499999
2025-08-01 09:23:40 AM,465.05,0,0.0,330444414.6499999
2025-08-01 09:23:40 AM,465.0,161,74865.0,330519279.6499999
2025-08-01 09:23:41 AM,465.1,0,0.0,330519279.6499999
2025-08-01 09:23:41 AM,465.1,1,465.1,330519744.74999994
2025-08-01 09:23:42 AM,465.0,100,46500.0,330566244.74999994
2025-08-01 09:23:42 AM,465.0,685,318525.0,330884769.74999994
2025-08-01 09:23:43 AM,465.0,10,4650.0,330889419.74999994
2025-08-01 09:23:44 AM,465.05,0,0.0,330889419.74999994
2025-08-01 09:23:44 AM,465.05,766,356228.3,331245648.04999995
2025-08-01 09:23:45 AM,465.1,1,465.1,331246113.15
2025-08-01 09:23:46 AM,465.3,79,36758.700000000004,331282871.84999996
2025-08-01 09:23:46 AM,465.25,62,28845.5,331311717.34999996
2025-08-01 09:23:47 AM,465.25,258,120034.5,331431751.84999996
2025-08-01 09:23:50 AM,465.5,118,54929.0,331486680.84999996
2025-08-01 09:23:51 AM,466.0,222,103452.0,331590132.84999996
2025-08-01 09:23:53 AM,466.3,554,258330.2,331848463.04999995
2025-08-01 09:23:53 AM,466.0,0,0.0,331848463.04999995
2025-08-01 09:23:54 AM,466.0,12,5592.0,331854055.04999995
2025-08-01 09:23:54 AM,465.85,100,46585.0,331900640.04999995
2025-08-01 09:23:54 AM,465.8,0,0.0,331900640.04999995
2025-08-01 09:23:55 AM,465.8,43,20029.4,331920669.4499999
2025-08-01 09:23:55 AM,466.25,21526,10036497.5,341957166.9499999
2025-08-01 09:23:56 AM,466.05,1118,521043.9,342478210.8499999
2025-08-01 09:23:59 AM,466.05,10,4660.5,342482871.3499999
2025-08-01 09:24:00 AM,466.05,25,11651.25,342494522.5999999
2025-08-01 09:24:01 AM,466.05,107,49867.35,342544389.9499999
2025-08-01 09:24:01 AM,466.25,0,0.0,342544389.9499999
2025-08-01 09:24:02 AM,466.2,300,139860.0,342684249.9499999
2025-08-01 09:24:04 AM,466.05,70,32623.5,342716873.4499999
2025-08-01 09:24:04 AM,465.95,258,120215.09999999999,342837088.54999995
2025-08-01 09:24:06 AM,466.85,0,0.0,342837088.54999995
2025-08-01 09:24:06 AM,466.85,52652,24580586.200000003,367417674.74999994
2025-08-01 09:24:07 AM,467.25,408,190638.0,367608312.74999994
2025-08-01 09:24:07 AM,467.2,0,0.0,367608312.74999994
2025-08-01 09:24:08 AM,467.2,3864,1805260.8,369413573.54999995
2025-08-01 09:24:08 AM,468.0,111,51948.0,369465521.54999995
2025-08-01 09:24:08 AM,467.75,0,0.0,369465521.54999995
2025-08-01 09:24:09 AM,467.75,18,8419.5,369473941.04999995
2025-08-01 09:24:09 AM,468.0,4,1872.0,369475813.04999995
2025-08-01 09:24:11 AM,467.75,258,120679.5,369596492.54999995
2025-08-01 09:24:11 AM,467.7,1464,684712.7999999999,370281205.34999996
2025-08-01 09:24:11 AM,467.4,0,0.0,370281205.34999996
2025-08-01 09:24:12 AM,468.5,10081,4722948.5,375004153.84999996
2025-08-01 09:24:13 AM,467.7,6,2806.2,375006960.04999995
2025-08-01 09:24:13 AM,468.05,0,0.0,375006960.04999995
2025-08-01 09:24:14 AM,468.05,101,47273.05,375054233.09999996
2025-08-01 09:24:14 AM,467.75,0,0.0,375054233.09999996
2025-08-01 09:24:15 AM,467.75,246,115066.5,375169299.59999996
2025-08-01 09:24:16 AM,467.4,500,233700.0,375402999.59999996
2025-08-01 09:24:18 AM,467.8,461,215655.80000000002,375618655.4
2025-08-01 09:24:18 AM,467.8,10,4678.0,375623333.4
2025-08-01 09:24:20 AM,467.7,583,272669.1,375896002.5
2025-08-01 09:24:21 AM,467.8,0,0.0,375896002.5
2025-08-01 09:24:21 AM,468.0,0,0.0,375896002.5
2025-08-01 09:24:22 AM,468.0,1422,665496.0,376561498.5
2025-08-01 09:24:23 AM,468.0,250,117000.0,376678498.5
2025-08-01 09:24:23 AM,468.05,0,0.0,376678498.5
2025-08-01 09:24:24 AM,467.75,140,65485.0,376743983.5
2025-08-01 09:24:25 AM,467.75,25,11693.75,376755677.25
2025-08-01 09:24:25 AM,467.75,2115,989291.25,377744968.5
2025-08-01 09:24:26 AM,468.1,80,37448.0,377782416.5
2025-08-01 09:24:26 AM,467.4,0,0.0,377782416.5
2025-08-01 09:24:26 AM,467.4,569,265950.6,378048367.1
2025-08-01 09:24:27 AM,468.0,0,0.0,378048367.1
2025-08-01 09:24:28 AM,468.0,9790,4581720.0,382630087.1
2025-08-01 09:24:28 AM,468.2,0,0.0,382630087.1
2025-08-01 09:24:29 AM,468.2,815,381583.0,383011670.1
2025-08-01 09:24:29 AM,468.4,0,0.0,383011670.1
2025-08-01 09:24:30 AM,467.95,122,57089.9,383068760.0
2025-08-01 09:24:30 AM,468.05,0,0.0,383068760.0
2025-08-01 09:24:31 AM,468.0,228,106704.0,383175464.0
2025-08-01 09:24:32 AM,468.05,0,0.0,383175464.0
2025-08-01 09:24:32 AM,468.05,111,51953.55,383227417.55
2025-08-01 09:24:33 AM,468.0,41,19188.0,383246605.55
2025-08-01 09:24:33 AM,468.1,0,0.0,383246605.55
2025-08-01 09:24:33 AM,468.1,551,257923.1,383504528.65000004
2025-08-01 09:24:34 AM,468.05,10,4680.5,383509209.15000004
2025-08-01 09:24:34 AM,468.2,0,0.0,383509209.15000004
2025-08-01 09:24:34 AM,468.2,4,1872.8,383511081.95000005
2025-08-01 09:24:35 AM,468.05,1045,489112.25,384000194.20000005
2025-08-01 09:24:35 AM,468.0,0,0.0,384000194.20000005
2025-08-01 09:24:35 AM,468.0,55,25740.0,384025934.20000005
2025-08-01 09:24:36 AM,468.3,21,9834.300000000001,384035768.50000006
2025-08-01 09:24:37 AM,468.15,0,0.0,384035768.50000006
2025-08-01 09:24:37 AM,468.15,40,18726.0,384054494.50000006
2025-08-01 09:24:38 AM,468.35,0,0.0,384054494.50000006
2025-08-01 09:24:38 AM,468.35,323,151277.05000000002,384205771.5500001
2025-08-01 09:24:39 AM,468.45,0,0.0,384205771.5500001
2025-08-01 09:24:39 AM,468.45,2700,1264815.0,385470586.5500001
2025-08-01 09:24:40 AM,468.35,0,0.0,385470586.5500001
2025-08-01 09:24:40 AM,468.35,10,4683.5,385475270.0500001
2025-08-01 09:24:40 AM,468.05,0,0.0,385475270.0500001
2025-08-01 09:24:41 AM,468.05,400,187220.0,385662490.0500001
2025-08-01 09:24:41 AM,468.3,0,0.0,385662490.0500001
2025-08-01 09:24:41 AM,468.3,200,93660.0,385756150.0500001
2025-08-01 09:24:43 AM,468.05,1303,609869.15,386366019.20000005
2025-08-01 09:24:44 AM,468.15,89,41665.35,386407684.5500001
2025-08-01 09:24:45 AM,467.7,437,204384.9,386612069.45000005
2025-08-01 09:24:46 AM,467.7,1,467.7,386612537.15000004
2025-08-01 09:24:47 AM,467.2,1539,719020.7999999999,387331557.95000005
2025-08-01 09:24:48 AM,466.9,10,4669.0,387336226.95000005
2025-08-01 09:24:50 AM,466.45,5232,2440466.4,389776693.35
2025-08-01 09:24:51 AM,466.25,449,209346.25,389986039.6
2025-08-01 09:24:52 AM,466.05,844,393346.2,390379385.8
2025-08-01 09:24:54 AM,466.2,15,6993.0,390386378.8
2025-08-01 09:24:55 AM,466.0,10,4660.0,390391038.8
2025-08-01 09:24:56 AM,466.0,1000,466000.0,390857038.8
2025-08-01 09:25:00 AM,466.25,50,23312.5,390880351.3
2025-08-01 09:25:01 AM,466.25,149,69471.25,390949822.55
2025-08-01 09:25:02 AM,465.95,743,346200.85,391296023.40000004
2025-08-01 09:25:05 AM,465.95,22,10250.9,391306274.3
2025-08-01 09:25:05 AM,465.9,0,0.0,391306274.3
2025-08-01 09:25:06 AM,465.85,451,210098.35,391516372.65000004
2025-08-01 09:25:08 AM,466.0,747,348102.0,391864474.65000004
2025-08-01 09:25:09 AM,465.85,5,2329.25,391866803.90000004
2025-08-01 09:25:10 AM,465.75,214,99670.5,391966474.40000004
2025-08-01 09:25:10 AM,465.95,0,0.0,391966474.40000004
2025-08-01 09:25:10 AM,466.0,0,0.0,391966474.40000004
2025-08-01 09:25:10 AM,466.0,164,76424.0,392042898.40000004
2025-08-01 09:25:11 AM,465.9,639,297710.1,392340608.50000006
2025-08-01 09:25:13 AM,465.95,0,0.0,392340608.50000006
2025-08-01 09:25:14 AM,465.95,9,4193.55,392344802.0500001
2025-08-01 09:25:15 AM,465.9,42,19567.8,392364369.8500001
2025-08-01 09:25:18 AM,466.0,4856,2262896.0,394627265.8500001
2025-08-01 09:25:19 AM,465.75,0,0.0,394627265.8500001
2025-08-01 09:25:20 AM,465.75,200,93150.0,394720415.8500001
2025-08-01 09:25:20 AM,466.0,0,0.0,394720415.8500001
2025-08-01 09:25:21 AM,466.15,2615,1218982.25,395939398.1000001
2025-08-01 09:25:21 AM,466.6,8,3732.8,395943130.9000001
2025-08-01 09:25:22 AM,466.4,511,238330.4,396181461.3000001
2025-08-01 09:25:24 AM,466.4,15,6996.0,396188457.3000001
2025-08-01 09:25:25 AM,466.65,80,37332.0,396225789.3000001
2025-08-01 09:25:26 AM,466.75,150,70012.5,396295801.8000001
2025-08-01 09:25:26 AM,466.4,0,0.0,396295801.8000001
2025-08-01 09:25:27 AM,466.4,19,8861.6,396304663.4000001
2025-08-01 09:25:28 AM,466.35,992,462619.2,396767282.6000001
2025-08-01 09:25:32 AM,466.35,1,466.35,396767748.9500001
2025-08-01 09:25:32 AM,466.45,0,0.0,396767748.9500001
2025-08-01 09:25:33 AM,466.0,2850,1328100.0,398095848.9500001
2025-08-01 09:25:33 AM,465.55,0,0.0,398095848.9500001
2025-08-01 09:25:34 AM,465.55,141,65642.55,398161491.5000001
2025-08-01 09:25:37 AM,465.75,50,23287.5,398184779.0000001
2025-08-01 09:25:40 AM,465.75,1,465.75,398185244.7500001
2025-08-01 09:25:40 AM,465.5,1969,916569.5,399101814.2500001
2025-08-01 09:25:40 AM,465.55,0,0.0,399101814.2500001
2025-08-01 09:25:41 AM,465.55,100,46555.0,399148369.2500001
2025-08-01 09:25:41 AM,465.3,320,148896.0,399297265.2500001
2025-08-01 09:25:43 AM,465.3,75,34897.5,399332162.7500001
2025-08-01 09:25:43 AM,465.3,135,62815.5,399394978.2500001
2025-08-01 09:25:43 AM,465.5,0,0.0,399394978.2500001
2025-08-01 09:25:44 AM,465.3,435,202405.5,399597383.7500001
2025-08-01 09:25:47 AM,466.4,977,455672.8,400053056.55000013
2025-08-01 09:25:47 AM,466.3,2605,1214711.5,401267768.05000013
2025-08-01 09:25:47 AM,466.0,0,0.0,401267768.05000013
2025-08-01 09:25:48 AM,466.1,396,184575.6,401452343.65000015
2025-08-01 09:25:48 AM,465.8,0,0.0,401452343.65000015
2025-08-01 09:25:48 AM,465.8,235,109463.0,401561806.65000015
2025-08-01 09:25:51 AM,466.05,1,466.05,401562272.70000017
2025-08-01 09:25:52 AM,465.15,532,247459.8,401809732.5000002
2025-08-01 09:25:53 AM,465.3,10,4653.0,401814385.5000002
2025-08-01 09:25:54 AM,465.2,50,23260.0,401837645.5000002
2025-08-01 09:25:56 AM,465.3,512,238233.6,402075879.1000002
2025-08-01 09:25:56 AM,465.1,0,0.0,402075879.1000002
2025-08-01 09:25:56 AM,465.2,0,0.0,402075879.1000002
2025-08-01 09:25:57 AM,465.2,693,322383.6,402398262.7000002
2025-08-01 09:25:58 AM,464.95,2615,1215844.25,403614106.9500002
2025-08-01 09:25:59 AM,465.15,1,465.15,403614572.1000002
2025-08-01 09:26:01 AM,464.9,0,0.0,403614572.1000002
2025-08-01 09:26:02 AM,464.8,413,191962.4,403806534.5000002
2025-08-01 09:26:02 AM,464.8,259,120383.2,403926917.70000017
2025-08-01 09:26:02 AM,464.65,0,0.0,403926917.70000017
2025-08-01 09:26:03 AM,464.75,122,56699.5,403983617.20000017
2025-08-01 09:26:03 AM,464.85,250,116212.5,404099829.70000017
2025-08-01 09:26:04 AM,464.6,0,0.0,404099829.70000017
2025-08-01 09:26:05 AM,464.7,228,105951.59999999999,404205781.3000002
2025-08-01 09:26:05 AM,464.7,1,464.7,404206246.0000002
2025-08-01 09:26:07 AM,464.55,898,417165.9,404623411.90000015
2025-08-01 09:26:07 AM,464.45,0,0.0,404623411.90000015
2025-08-01 09:26:08 AM,464.7,2800,1301160.0,405924571.90000015
2025-08-01 09:26:08 AM,464.85,1,464.85,405925036.7500002
2025-08-01 09:26:13 AM,463.2,0,0.0,405925036.7500002
2025-08-01 09:26:14 AM,462.55,9168,4240658.4,410165695.15000015
2025-08-01 09:26:14 AM,463.1,1030,476993.0,410642688.15000015
2025-08-01 09:26:15 AM,463.1,100,46310.0,410688998.15000015
2025-08-01 09:26:16 AM,463.0,0,0.0,410688998.15000015
2025-08-01 09:26:17 AM,463.0,42,19446.0,410708444.15000015
2025-08-01 09:26:18 AM,463.0,130,60190.0,410768634.15000015
2025-08-01 09:26:19 AM,463.0,100,46300.0,410814934.15000015
2025-08-01 09:26:19 AM,462.45,1640,758418.0,411573352.15000015
2025-08-01 09:26:20 AM,462.75,0,0.0,411573352.15000015
2025-08-01 09:26:21 AM,462.75,1,462.75,411573814.90000015
2025-08-01 09:26:21 AM,462.4,0,0.0,411573814.90000015
2025-08-01 09:26:22 AM,462.4,130,60112.0,411633926.90000015
2025-08-01 09:26:23 AM,462.3,0,0.0,411633926.90000015
2025-08-01 09:26:23 AM,462.3,1682,777588.6,412411515.5000002
2025-08-01 09:26:24 AM,462.3,110,50853.0,412462368.5000002
2025-08-01 09:26:24 AM,462.3,255,117886.5,412580255.0000002
2025-08-01 09:26:25 AM,462.35,0,0.0,412580255.0000002
2025-08-01 09:26:25 AM,462.35,70,32364.5,412612619.5000002
2025-08-01 09:26:26 AM,462.2,664,306900.8,412919520.3000002
2025-08-01 09:26:27 AM,462.6,1364,630986.4,413550506.70000017
2025-08-01 09:26:27 AM,462.65,0,0.0,413550506.70000017
2025-08-01 09:26:27 AM,462.65,94,43489.1,413593995.8000002
2025-08-01 09:26:28 AM,462.55,933,431559.15,414025554.95000017
2025-08-01 09:26:28 AM,462.75,0,0.0,414025554.95000017
2025-08-01 09:26:28 AM,462.75,516,238779.0,414264333.95000017
2025-08-01 09:26:29 AM,462.9,2457,1137345.3,415401679.2500002
2025-08-01 09:26:29 AM,462.7,10,4627.0,415406306.2500002
2025-08-01 09:26:30 AM,462.9,64,29625.6,415435931.8500002
2025-08-01 09:26:31 AM,462.9,52,24070.8,415460002.6500002
2025-08-01 09:26:34 AM,462.9,2,925.8,415460928.4500002
2025-08-01 09:26:35 AM,462.9,500,231450.0,415692378.4500002
2025-08-01 09:26:37 AM,462.8,415,192062.0,415884440.4500002
2025-08-01 09:26:39 AM,462.6,267,123514.20000000001,416007954.6500002
2025-08-01 09:26:39 AM,462.65,0,0.0,416007954.6500002
2025-08-01 09:26:40 AM,462.65,313,144809.44999999998,416152764.1000002
2025-08-01 09:26:42 AM,462.65,100,46265.0,416199029.1000002
2025-08-01 09:26:42 AM,462.65,20,9253.0,416208282.1000002
2025-08-01 09:26:43 AM,462.05,192,88713.6,416296995.7000002
2025-08-01 09:26:44 AM,462.25,1,462.25,416297457.9500002
2025-08-01 09:26:44 AM,462.35,18,8322.300000000001,416305780.25000024
2025-08-01 09:26:45 AM,462.35,2,924.7,416306704.9500002
2025-08-01 09:26:46 AM,462.35,1041,481306.35000000003,416788011.30000025
2025-08-01 09:26:46 AM,462.65,0,0.0,416788011.30000025
2025-08-01 09:26:47 AM,462.65,2,925.3,416788936.60000026
2025-08-01 09:26:48 AM,462.35,0,0.0,416788936.60000026
2025-08-01 09:26:49 AM,462.35,4,1849.4,416790786.00000024
2025-08-01 09:26:53 AM,462.65,133,61532.45,416852318.4500002
2025-08-01 09:26:55 AM,462.35,15,6935.25,416859253.7000002
2025-08-01 09:26:56 AM,462.35,40,18494.0,416877747.7000002
2025-08-01 09:26:57 AM,462.55,96,44404.8,416922152.50000024
2025-08-01 09:26:59 AM,462.55,4,1850.2,416924002.7000002
2025-08-01 09:27:03 AM,462.5,1,462.5,416924465.2000002
2025-08-01 09:27:04 AM,462.5,51,23587.5,416948052.7000002
2025-08-01 09:27:05 AM,462.35,0,0.0,416948052.7000002
2025-08-01 09:27:06 AM,462.2,416,192275.19999999998,417140327.9000002
2025-08-01 09:27:07 AM,462.3,2,924.6,417141252.50000024
2025-08-01 09:27:09 AM,462.4,1211,559966.4,417701218.9000002
2025-08-01 09:27:10 AM,462.3,31,14331.300000000001,417715550.2000002
2025-08-01 09:27:10 AM,462.35,207,95706.45000000001,417811256.6500002
2025-08-01 09:27:10 AM,462.45,0,0.0,417811256.6500002
2025-08-01 09:27:11 AM,462.25,137,63328.25,417874584.9000002
2025-08-01 09:27:12 AM,462.45,5,2312.25,417876897.1500002
2025-08-01 09:27:13 AM,462.45,183,84628.34999999999,417961525.50000024
2025-08-01 09:27:15 AM,462.3,1,462.3,417961987.80000025
2025-08-01 09:27:15 AM,462.95,880,407396.0,418369383.80000025
2025-08-01 09:27:15 AM,463.0,0,0.0,418369383.80000025
2025-08-01 09:27:16 AM,463.05,136,62974.8,418432358.60000026
2025-08-01 09:27:17 AM,462.95,0,0.0,418432358.60000026
2025-08-01 09:27:18 AM,463.2,2512,1163558.4,419595917.00000024
2025-08-01 09:27:20 AM,463.1,18,8335.800000000001,419604252.80000025
2025-08-01 09:27:20 AM,463.0,0,0.0,419604252.80000025
2025-08-01 09:27:21 AM,463.1,51,23618.100000000002,419627870.9000003
2025-08-01 09:27:22 AM,463.0,0,0.0,419627870.9000003
2025-08-01 09:27:23 AM,463.4,7065,3273921.0,422901791.9000003
2025-08-01 09:27:24 AM,463.15,150,69472.5,422971264.4000003
2025-08-01 09:27:24 AM,463.05,0,0.0,422971264.4000003
2025-08-01 09:27:25 AM,463.05,174,80570.7,423051835.10000026
2025-08-01 09:27:25 AM,463.0,0,0.0,423051835.10000026
2025-08-01 09:27:26 AM,463.0,3,1389.0,423053224.10000026
2025-08-01 09:27:26 AM,463.1,0,0.0,423053224.10000026
2025-08-01 09:27:27 AM,463.1,1,463.1,423053687.2000003
2025-08-01 09:27:27 AM,463.35,0,0.0,423053687.2000003
2025-08-01 09:27:28 AM,463.1,126,58350.600000000006,423112037.8000003
2025-08-01 09:27:28 AM,462.3,0,0.0,423112037.8000003
2025-08-01 09:27:29 AM,462.3,3765,1740559.5,424852597.3000003
2025-08-01 09:27:32 AM,462.2,0,0.0,424852597.3000003
2025-08-01 09:27:32 AM,462.3,0,0.0,424852597.3000003
2025-08-01 09:27:33 AM,462.3,59,27275.7,424879873.0000003
2025-08-01 09:27:34 AM,462.4,0,0.0,424879873.0000003
2025-08-01 09:27:35 AM,462.4,1,462.4,424880335.4000003
2025-08-01 09:27:35 AM,462.2,0,0.0,424880335.4000003
2025-08-01 09:27:36 AM,462.2,50,23110.0,424903445.4000003
2025-08-01 09:27:37 AM,462.15,96,44366.399999999994,424947811.80000025
2025-08-01 09:27:38 AM,462.1,0,0.0,424947811.80000025
2025-08-01 09:27:39 AM,462.1,2,924.2,424948736.00000024
2025-08-01 09:27:39 AM,462.4,0,0.0,424948736.00000024
2025-08-01 09:27:40 AM,462.4,15,6936.0,424955672.00000024
2025-08-01 09:27:40 AM,462.1,0,0.0,424955672.00000024
2025-08-01 09:27:41 AM,462.1,18,8317.800000000001,424963989.80000025
2025-08-01 09:27:41 AM,462.4,0,0.0,424963989.80000025
2025-08-01 09:27:42 AM,462.4,11,5086.4,424969076.2000002
2025-08-01 09:27:43 AM,462.1,0,0.0,424969076.2000002
2025-08-01 09:27:44 AM,462.1,938,433449.80000000005,425402526.00000024
2025-08-01 09:27:45 AM,462.05,301,139077.05000000002,425541603.05000025
2025-08-01 09:27:47 AM,462.05,17,7854.85,425549457.9000003
2025-08-01 09:27:48 AM,462.05,17,7854.85,425557312.7500003
2025-08-01 09:27:48 AM,462.05,17,7854.85,425565167.6000003
2025-08-01 09:27:49 AM,462.05,1031,476373.55,426041541.15000033
2025-08-01 09:27:51 AM,462.05,59,27260.95,426068802.1000003
2025-08-01 09:27:53 AM,462.1,396,182991.6,426251793.70000035
2025-08-01 09:27:54 AM,462.1,500,231050.0,426482843.70000035
2025-08-01 09:27:56 AM,462.1,200,92420.0,426575263.70000035
2025-08-01 09:27:57 AM,462.1,15,6931.5,426582195.20000035
2025-08-01 09:27:58 AM,462.1,4,1848.4,426584043.6000003
2025-08-01 09:28:00 AM,462.05,0,0.0,426584043.6000003
2025-08-01 09:28:01 AM,462.05,108,49901.4,426633945.0000003
2025-08-01 09:28:01 AM,460.3,0,0.0,426633945.0000003
2025-08-01 09:28:02 AM,460.3,21511,9901513.3,436535458.3000003
2025-08-01 09:28:02 AM,460.25,0,0.0,436535458.3000003
2025-08-01 09:28:03 AM,459.95,906,416714.7,436952173.0000003
2025-08-01 09:28:04 AM,459.85,0,0.0,436952173.0000003
2025-08-01 09:28:05 AM,459.85,11,5058.35,436957231.3500003
2025-08-01 09:28:05 AM,459.75,3,1379.25,436958610.6000003
2025-08-01 09:28:06 AM,459.9,175,80482.5,437039093.1000003
2025-08-01 09:28:06 AM,459.85,0,0.0,437039093.1000003
2025-08-01 09:28:07 AM,459.85,11,5058.35,437044151.45000035
2025-08-01 09:28:07 AM,459.6,1,459.6,437044611.05000037
2025-08-01 09:28:07 AM,459.55,0,0.0,437044611.05000037
2025-08-01 09:28:07 AM,459.75,0,0.0,437044611.05000037
2025-08-01 09:28:08 AM,459.75,52,23907.0,437068518.05000037
2025-08-01 09:28:09 AM,459.55,891,409459.05,437477977.1000004
2025-08-01 09:28:09 AM,459.55,318,146136.9,437624114.00000036
2025-08-01 09:28:10 AM,459.55,286,131431.30000000002,437755545.30000037
2025-08-01 09:28:10 AM,459.55,26,11948.300000000001,437767493.6000004
2025-08-01 09:28:10 AM,459.65,0,0.0,437767493.6000004
2025-08-01 09:28:11 AM,459.65,158,72624.7,437840118.30000037
2025-08-01 09:28:11 AM,459.65,5,2298.25,437842416.55000037
2025-08-01 09:28:11 AM,459.55,0,0.0,437842416.55000037
2025-08-01 09:28:12 AM,459.55,1,459.55,437842876.1000004
2025-08-01 09:28:13 AM,459.55,1661,763312.55,438606188.6500004
2025-08-01 09:28:15 AM,459.6,0,0.0,438606188.6500004
2025-08-01 09:28:16 AM,459.6,10,4596.0,438610784.6500004
2025-08-01 09:28:16 AM,459.3,0,0.0,438610784.6500004
2025-08-01 09:28:17 AM,459.3,80,36744.0,438647528.6500004
2025-08-01 09:28:17 AM,459.65,0,0.0,438647528.6500004
2025-08-01 09:28:17 AM,459.5,0,0.0,438647528.6500004
2025-08-01 09:28:18 AM,459.5,3233,1485563.5,440133092.1500004
2025-08-01 09:28:18 AM,459.5,150,68925.0,440202017.1500004
2025-08-01 09:28:19 AM,459.5,107,49166.5,440251183.6500004
2025-08-01 09:28:20 AM,459.45,5,2297.25,440253480.9000004
2025-08-01 09:28:20 AM,459.5,0,0.0,440253480.9000004
2025-08-01 09:28:20 AM,459.5,142,65249.0,440318729.9000004
2025-08-01 09:28:21 AM,459.5,10,4595.0,440323324.9000004
2025-08-01 09:28:22 AM,459.5,425,195287.5,440518612.4000004
2025-08-01 09:28:22 AM,459.2,0,0.0,440518612.4000004
2025-08-01 09:28:22 AM,459.2,5,2296.0,440520908.4000004
2025-08-01 09:28:23 AM,459.2,1,459.2,440521367.6000004
2025-08-01 09:28:24 AM,459.45,35,16080.75,440537448.3500004
2025-08-01 09:28:24 AM,459.45,387,177807.15,440715255.50000036
2025-08-01 09:28:25 AM,459.45,200,91890.0,440807145.50000036
2025-08-01 09:28:25 AM,460.25,4079,1877359.75,442684505.25000036
2025-08-01 09:28:25 AM,459.95,0,0.0,442684505.25000036
2025-08-01 09:28:26 AM,460.0,47,21620.0,442706125.25000036
2025-08-01 09:28:27 AM,459.7,200,91940.0,442798065.25000036
2025-08-01 09:28:28 AM,459.85,291,133816.35,442931881.6000004
2025-08-01 09:28:30 AM,459.8,36,16552.8,442948434.4000004
2025-08-01 09:28:35 AM,459.6,420,193032.0,443141466.4000004
2025-08-01 09:28:36 AM,459.75,0,0.0,443141466.4000004
2025-08-01 09:28:36 AM,459.75,444,204129.0,443345595.4000004
2025-08-01 09:28:36 AM,459.85,262,120480.70000000001,443466076.1000004
2025-08-01 09:28:38 AM,459.4,0,0.0,443466076.1000004
2025-08-01 09:28:38 AM,459.4,917,421269.8,443887345.9000004
2025-08-01 09:28:39 AM,458.8,6479,2972565.2,446859911.1000004
2025-08-01 09:28:39 AM,458.95,50,22947.5,446882858.6000004
2025-08-01 09:28:40 AM,458.95,140,64253.0,446947111.6000004
2025-08-01 09:28:42 AM,458.85,2,917.7,446948029.30000037
2025-08-01 09:28:47 AM,458.65,839,384807.35,447332836.6500004
2025-08-01 09:28:51 AM,458.75,5906,2709377.5,450042214.1500004
2025-08-01 09:28:52 AM,458.75,229,105053.75,450147267.9000004
2025-08-01 09:28:52 AM,459.0,0,0.0,450147267.9000004
2025-08-01 09:28:53 AM,459.0,41,18819.0,450166086.9000004
2025-08-01 09:28:54 AM,458.8,79,36245.200000000004,450202332.1000004
2025-08-01 09:28:54 AM,459.0,0,0.0,450202332.1000004
2025-08-01 09:28:55 AM,459.0,651,298809.0,450501141.1000004
2025-08-01 09:28:56 AM,459.0,471,216189.0,450717330.1000004
2025-08-01 09:28:56 AM,459.55,0,0.0,450717330.1000004
2025-08-01 09:28:56 AM,459.55,115,52848.25,450770178.3500004
2025-08-01 09:28:57 AM,459.55,49,22517.95,450792696.30000037
2025-08-01 09:28:58 AM,459.55,139,63877.450000000004,450856573.75000036
2025-08-01 09:28:58 AM,459.75,0,0.0,450856573.75000036
2025-08-01 09:28:59 AM,459.75,3,1379.25,450857953.00000036
2025-08-01 09:28:59 AM,459.7,0,0.0,450857953.00000036
2025-08-01 09:29:00 AM,459.7,14,6435.8,450864388.80000037
2025-08-01 09:29:00 AM,459.4,0,0.0,450864388.80000037
2025-08-01 09:29:01 AM,459.4,55,25267.0,450889655.80000037
2025-08-01 09:29:01 AM,459.2,0,0.0,450889655.80000037
2025-08-01 09:29:02 AM,459.25,1177,540537.25,451430193.05000037
2025-08-01 09:29:04 AM,459.15,516,236921.4,451667114.45000035
2025-08-01 09:29:04 AM,459.0,0,0.0,451667114.45000035
2025-08-01 09:29:05 AM,459.2,1526,700739.2,452367853.65000033
2025-08-01 09:29:06 AM,459.15,0,0.0,452367853.65000033
2025-08-01 09:29:06 AM,459.15,55,25253.25,452393106.90000033
2025-08-01 09:29:07 AM,458.85,0,0.0,452393106.90000033
2025-08-01 09:29:07 AM,458.85,318,145914.30000000002,452539021.20000035
2025-08-01 09:29:08 AM,459.05,0,0.0,452539021.20000035
2025-08-01 09:29:09 AM,459.05,109,50036.450000000004,452589057.65000033
2025-08-01 09:29:10 AM,459.05,191,87678.55,452676736.20000035
2025-08-01 09:29:11 AM,458.9,19260,8838414.0,461515150.20000035
2025-08-01 09:29:12 AM,458.8,0,0.0,461515150.20000035
2025-08-01 09:29:12 AM,458.8,208,95430.40000000001,461610580.6000003
2025-08-01 09:29:13 AM,458.55,0,0.0,461610580.6000003
2025-08-01 09:29:13 AM,458.75,13,5963.75,461616544.3500003
2025-08-01 09:29:13 AM,458.55,0,0.0,461616544.3500003
2025-08-01 09:29:14 AM,458.55,1,458.55,461617002.90000033
2025-08-01 09:29:14 AM,458.75,5,2293.75,461619296.65000033
2025-08-01 09:29:15 AM,458.75,203,93126.25,461712422.90000033
2025-08-01 09:29:15 AM,458.75,164,75235.0,461787657.90000033
2025-08-01 09:29:16 AM,458.7,404,185314.8,461972972.70000035
2025-08-01 09:29:17 AM,458.6,0,0.0,461972972.70000035
2025-08-01 09:29:17 AM,458.6,200,91720.0,462064692.70000035
2025-08-01 09:29:18 AM,458.55,0,0.0,462064692.70000035
2025-08-01 09:29:18 AM,458.55,30,13756.5,462078449.20000035
2025-08-01 09:29:18 AM,458.6,0,0.0,462078449.20000035
2025-08-01 09:29:18 AM,458.6,100,45860.0,462124309.20000035
2025-08-01 09:29:21 AM,458.6,150,68790.0,462193099.20000035
2025-08-01 09:29:21 AM,458.6,100,45860.0,462238959.20000035
2025-08-01 09:29:22 AM,458.6,3,1375.8000000000002,462240335.00000036
2025-08-01 09:29:22 AM,457.85,3581,1639560.85,463879895.8500004
2025-08-01 09:29:23 AM,457.95,0,0.0,463879895.8500004
2025-08-01 09:29:24 AM,457.95,50,22897.5,463902793.3500004
2025-08-01 09:29:24 AM,457.7,32,14646.4,463917439.75000036
2025-08-01 09:29:25 AM,457.5,493,225547.5,464142987.25000036
2025-08-01 09:29:25 AM,457.65,6,2745.8999999999996,464145733.15000033
2025-08-01 09:29:26 AM,457.3,14,6402.2,464152135.3500003
2025-08-01 09:29:26 AM,457.6,100,45760.0,464197895.3500003
2025-08-01 09:29:27 AM,457.55,402,183935.1,464381830.45000035
2025-08-01 09:29:28 AM,457.6,200,91520.0,464473350.45000035
2025-08-01 09:29:29 AM,457.35,123,56254.05,464529604.50000036
2025-08-01 09:29:30 AM,457.35,401,183397.35,464713001.8500004
2025-08-01 09:29:30 AM,457.3,70,32011.0,464745012.8500004
2025-08-01 09:29:31 AM,457.4,7,3201.7999999999997,464748214.6500004
2025-08-01 09:29:31 AM,457.35,0,0.0,464748214.6500004
2025-08-01 09:29:32 AM,457.35,155,70889.25,464819103.9000004
2025-08-01 09:29:32 AM,457.35,101,46192.350000000006,464865296.2500004
2025-08-01 09:29:33 AM,457.6,3,1372.8000000000002,464866669.0500004
2025-08-01 09:29:33 AM,457.6,2,915.2,464867584.2500004
2025-08-01 09:29:33 AM,457.3,0,0.0,464867584.2500004
2025-08-01 09:29:34 AM,457.3,409,187035.7,465054619.9500004
2025-08-01 09:29:36 AM,457.4,0,0.0,465054619.9500004
2025-08-01 09:29:36 AM,457.4,3,1372.1999999999998,465055992.1500004
2025-08-01 09:29:39 AM,457.6,0,0.0,465055992.1500004
2025-08-01 09:29:39 AM,457.6,10,4576.0,465060568.1500004
2025-08-01 09:29:39 AM,457.6,1,457.6,465061025.7500004
2025-08-01 09:29:40 AM,457.6,55,25168.0,465086193.7500004
2025-08-01 09:29:42 AM,457.6,50,22880.0,465109073.7500004
2025-08-01 09:29:42 AM,457.6,2312,1057971.2,466167044.9500004
2025-08-01 09:29:42 AM,457.65,0,0.0,466167044.9500004
2025-08-01 09:29:43 AM,457.65,800,366120.0,466533164.9500004
2025-08-01 09:29:44 AM,457.75,0,0.0,466533164.9500004
2025-08-01 09:29:44 AM,457.9,74,33884.6,466567049.5500004
2025-08-01 09:29:44 AM,457.9,5,2289.5,466569339.0500004
2025-08-01 09:29:44 AM,457.85,0,0.0,466569339.0500004
2025-08-01 09:29:45 AM,457.85,5,2289.25,466571628.3000004
2025-08-01 09:29:47 AM,457.85,249,114004.65000000001,466685632.9500004
2025-08-01 09:29:47 AM,457.4,0,0.0,466685632.9500004
2025-08-01 09:29:48 AM,457.3,0,0.0,466685632.9500004
2025-08-01 09:29:48 AM,457.5,1635,748012.5,467433645.4500004
2025-08-01 09:29:50 AM,457.5,1,457.5,467434102.9500004
2025-08-01 09:29:51 AM,457.5,283,129472.5,467563575.4500004
2025-08-01 09:29:51 AM,457.4,0,0.0,467563575.4500004
2025-08-01 09:29:52 AM,457.4,7,3201.7999999999997,467566777.2500004
2025-08-01 09:29:52 AM,457.5,0,0.0,467566777.2500004
2025-08-01 09:29:52 AM,457.5,82,37515.0,467604292.2500004
2025-08-01 09:29:54 AM,457.7,201,91997.7,467696289.9500004
2025-08-01 09:29:56 AM,457.6,0,0.0,467696289.9500004
2025-08-01 09:29:56 AM,457.6,50,22880.0,467719169.9500004
2025-08-01 09:29:56 AM,457.7,10,4577.0,467723746.9500004
2025-08-01 09:29:57 AM,458.0,0,0.0,467723746.9500004
2025-08-01 09:29:57 AM,458.45,7856,3601583.1999999997,471325330.1500004
2025-08-01 09:29:59 AM,458.0,0,0.0,471325330.1500004
2025-08-01 09:30:00 AM,457.5,2054,939705.0,472265035.1500004
2025-08-01 09:30:01 AM,457.65,155,70935.75,472335970.9000004
2025-08-01 09:30:02 AM,457.6,2,915.2,472336886.1000004
2025-08-01 09:30:04 AM,457.6,8,3660.8,472340546.9000004
2025-08-01 09:30:10 AM,457.6,56,25625.600000000002,472366172.5000004
2025-08-01 09:30:10 AM,457.55,70,32028.5,472398201.0000004
2025-08-01 09:30:11 AM,457.6,1330,608608.0,473006809.0000004
2025-08-01 09:30:12 AM,457.6,373,170684.80000000002,473177493.8000004
2025-08-01 09:30:12 AM,457.6,62,28371.2,473205865.0000004
2025-08-01 09:30:12 AM,457.5,0,0.0,473205865.0000004
2025-08-01 09:30:13 AM,457.5,264,120780.0,473326645.0000004
2025-08-01 09:30:13 AM,457.6,1,457.6,473327102.60000044
2025-08-01 09:30:14 AM,457.6,197,90147.20000000001,473417249.8000004
2025-08-01 09:30:14 AM,457.9,0,0.0,473417249.8000004
2025-08-01 09:30:14 AM,457.9,3,1373.6999999999998,473418623.5000004
2025-08-01 09:30:15 AM,457.85,31,14193.35,473432816.85000044
2025-08-01 09:30:15 AM,457.6,0,0.0,473432816.85000044
2025-08-01 09:30:16 AM,457.6,1,457.6,473433274.45000046
2025-08-01 09:30:16 AM,457.6,1,457.6,473433732.0500005
2025-08-01 09:30:17 AM,457.65,36,16475.399999999998,473450207.45000046
2025-08-01 09:30:18 AM,457.95,0,0.0,473450207.45000046
2025-08-01 09:30:18 AM,457.95,2,915.9,473451123.35000044
2025-08-01 09:30:19 AM,458.25,0,0.0,473451123.35000044
2025-08-01 09:30:20 AM,458.0,0,0.0,473451123.35000044
2025-08-01 09:30:20 AM,458.0,109,49922.0,473501045.35000044
2025-08-01 09:30:20 AM,457.75,0,0.0,473501045.35000044
2025-08-01 09:30:21 AM,457.75,53,24260.75,473525306.10000044
2025-08-01 09:30:23 AM,457.75,36,16479.0,473541785.10000044
2025-08-01 09:30:26 AM,457.75,77,35246.75,473577031.85000044
2025-08-01 09:30:27 AM,457.75,61,27922.75,473604954.60000044
2025-08-01 09:30:27 AM,457.85,107,48989.950000000004,473653944.5500004
2025-08-01 09:30:28 AM,457.7,246,112594.2,473766538.7500004
2025-08-01 09:30:29 AM,457.7,276,126325.2,473892863.9500004
2025-08-01 09:30:30 AM,457.5,1512,691740.0,474584603.9500004
2025-08-01 09:30:32 AM,457.4,10,4574.0,474589177.9500004
2025-08-01 09:30:33 AM,457.4,88,40251.2,474629429.1500004
2025-08-01 09:30:34 AM,457.05,1344,614275.2000000001,475243704.3500004
2025-08-01 09:30:35 AM,457.4,200,91480.0,475335184.3500004
2025-08-01 09:30:35 AM,457.4,95,43453.0,475378637.3500004
2025-08-01 09:30:36 AM,457.4,7,3201.7999999999997,475381839.1500004
2025-08-01 09:30:38 AM,457.4,5,2287.0,475384126.1500004
2025-08-01 09:30:38 AM,457.4,250,114350.0,475498476.1500004
2025-08-01 09:30:40 AM,457.4,50,22870.0,475521346.1500004
2025-08-01 09:30:40 AM,457.5,1993,911797.5,476433143.6500004
2025-08-01 09:30:40 AM,457.55,0,0.0,476433143.6500004
2025-08-01 09:30:41 AM,457.55,3,1372.65,476434516.30000037
2025-08-01 09:30:41 AM,457.75,61,27922.75,476462439.05000037
2025-08-01 09:30:42 AM,457.75,70,32042.5,476494481.55000037
2025-08-01 09:30:44 AM,457.5,0,0.0,476494481.55000037
2025-08-01 09:30:45 AM,457.5,6,2745.0,476497226.55000037
2025-08-01 09:30:46 AM,457.0,0,0.0,476497226.55000037
2025-08-01 09:30:47 AM,457.0,3353,1532321.0,478029547.55000037
2025-08-01 09:30:47 AM,457.25,205,93736.25,478123283.80000037
2025-08-01 09:30:47 AM,457.0,0,0.0,478123283.80000037
2025-08-01 09:30:48 AM,457.2,0,0.0,478123283.80000037
2025-08-01 09:30:48 AM,457.2,838,383133.6,478506417.4000004
2025-08-01 09:30:48 AM,457.25,500,228625.0,478735042.4000004
2025-08-01 09:30:49 AM,457.25,365,166896.25,478901938.6500004
2025-08-01 09:30:50 AM,457.25,84,38409.0,478940347.6500004
2025-08-01 09:30:52 AM,457.25,5,2286.25,478942633.9000004
2025-08-01 09:30:53 AM,457.25,5,2286.25,478944920.1500004
2025-08-01 09:30:55 AM,457.0,5,2285.0,478947205.1500004
2025-08-01 09:30:55 AM,457.1,0,0.0,478947205.1500004
2025-08-01 09:30:56 AM,457.1,149,68107.90000000001,479015313.05000037
2025-08-01 09:30:56 AM,457.0,0,0.0,479015313.05000037
2025-08-01 09:30:56 AM,457.0,87,39759.0,479055072.05000037
2025-08-01 09:30:57 AM,457.1,45,20569.5,479075641.55000037
2025-08-01 09:30:58 AM,457.0,0,0.0,479075641.55000037
2025-08-01 09:30:58 AM,457.0,101,46157.0,479121798.55000037
2025-08-01 09:30:58 AM,457.1,300,137130.0,479258928.55000037
2025-08-01 09:31:00 AM,457.1,10,4571.0,479263499.55000037
2025-08-01 09:31:00 AM,457.0,419,191483.0,479454982.55000037
2025-08-01 09:31:02 AM,457.05,101,46162.05,479501144.6000004
2025-08-01 09:31:03 AM,457.05,168,76784.40000000001,479577929.00000036
2025-08-01 09:31:04 AM,457.05,58,26508.9,479604437.90000033
2025-08-01 09:31:05 AM,457.05,630,287941.5,479892379.40000033
2025-08-01 09:31:06 AM,457.05,322,147170.1,480039549.50000036
2025-08-01 09:31:06 AM,457.0,0,0.0,480039549.50000036
2025-08-01 09:31:06 AM,457.0,915,418155.0,480457704.50000036
2025-08-01 09:31:07 AM,457.05,7,3199.35,480460903.8500004
2025-08-01 09:31:09 AM,457.05,10,4570.5,480465474.3500004
2025-08-01 09:31:10 AM,457.05,1,457.05,480465931.4000004
2025-08-01 09:31:11 AM,457.05,2,914.1,480466845.5000004
2025-08-01 09:31:11 AM,456.5,1375,627687.5,481094533.0000004
2025-08-01 09:31:12 AM,456.5,2,913.0,481095446.0000004
2025-08-01 09:31:12 AM,456.5,1,456.5,481095902.5000004
2025-08-01 09:31:12 AM,456.55,0,0.0,481095902.5000004
2025-08-01 09:31:13 AM,456.2,2350,1072070.0,482167972.5000004
2025-08-01 09:31:13 AM,456.25,0,0.0,482167972.5000004
2025-08-01 09:31:14 AM,456.25,3,1368.75,482169341.2500004
2025-08-01 09:31:14 AM,456.45,385,175733.25,482345074.5000004
2025-08-01 09:31:15 AM,456.25,0,0.0,482345074.5000004
2025-08-01 09:31:16 AM,456.3,313,142821.9,482487896.4000004
2025-08-01 09:31:17 AM,456.1,5,2280.5,482490176.9000004
2025-08-01 09:31:17 AM,456.1,1,456.1,482490633.0000004
2025-08-01 09:31:19 AM,456.1,30,13683.0,482504316.0000004
2025-08-01 09:31:20 AM,456.35,100,45635.0,482549951.0000004
2025-08-01 09:31:22 AM,456.3,100,45630.0,482595581.0000004
2025-08-01 09:31:22 AM,456.35,21,9583.35,482605164.35000044
2025-08-01 09:31:22 AM,456.1,0,0.0,482605164.35000044
2025-08-01 09:31:23 AM,456.1,1991,908095.1000000001,483513259.45000046
2025-08-01 09:31:23 AM,455.8,234,106657.2,483619916.65000045
2025-08-01 09:31:24 AM,456.15,202,92142.29999999999,483712058.95000046
2025-08-01 09:31:24 AM,455.9,14,6382.599999999999,483718441.5500005
2025-08-01 09:31:25 AM,455.75,349,159056.75,483877498.3000005
2025-08-01 09:31:25 AM,456.0,0,0.0,483877498.3000005
2025-08-01 09:31:26 AM,455.8,1000,455800.0,484333298.3000005
2025-08-01 09:31:26 AM,455.95,0,0.0,484333298.3000005
2025-08-01 09:31:27 AM,455.8,1160,528728.0,484862026.3000005
2025-08-01 09:31:28 AM,455.85,50,22792.5,484884818.8000005
2025-08-01 09:31:28 AM,455.8,50,22790.0,484907608.8000005
2025-08-01 09:31:29 AM,455.8,300,136740.0,485044348.8000005
2025-08-01 09:31:29 AM,455.8,100,45580.0,485089928.8000005
2025-08-01 09:31:31 AM,455.8,50,22790.0,485112718.8000005
2025-08-01 09:31:31 AM,455.8,825,376035.0,485488753.8000005
2025-08-01 09:31:31 AM,455.65,0,0.0,485488753.8000005
2025-08-01 09:31:31 AM,455.65,41,18681.649999999998,485507435.45000046
2025-08-01 09:31:32 AM,455.8,100,45580.0,485553015.45000046
2025-08-01 09:31:33 AM,455.8,2,911.6,485553927.0500005
2025-08-01 09:31:33 AM,456.0,0,0.0,485553927.0500005
2025-08-01 09:31:34 AM,456.45,1596,728494.2,486282421.2500005
2025-08-01 09:31:34 AM,456.3,0,0.0,486282421.2500005
2025-08-01 09:31:35 AM,456.3,50,22815.0,486305236.2500005
2025-08-01 09:31:35 AM,456.45,85,38798.25,486344034.5000005
2025-08-01 09:31:37 AM,456.45,75,34233.75,486378268.2500005
2025-08-01 09:31:37 AM,456.45,20,9129.0,486387397.2500005
2025-08-01 09:31:37 AM,456.25,0,0.0,486387397.2500005
2025-08-01 09:31:38 AM,456.25,140,63875.0,486451272.2500005
2025-08-01 09:31:39 AM,456.35,196,89444.6,486540716.8500005
2025-08-01 09:31:40 AM,456.45,106,48383.7,486589100.5500005
2025-08-01 09:31:41 AM,456.55,29,13239.95,486602340.5000005
2025-08-01 09:31:42 AM,456.7,0,0.0,486602340.5000005
2025-08-01 09:31:42 AM,456.5,45,20542.5,486622883.0000005
2025-08-01 09:31:42 AM,456.7,0,0.0,486622883.0000005
2025-08-01 09:31:43 AM,456.5,67,30585.5,486653468.5000005
2025-08-01 09:31:45 AM,456.5,105,47932.5,486701401.0000005
2025-08-01 09:31:47 AM,456.7,134,61197.799999999996,486762598.8000005
2025-08-01 09:31:48 AM,456.7,5,2283.5,486764882.3000005
2025-08-01 09:31:49 AM,456.65,250,114162.5,486879044.8000005
2025-08-01 09:31:50 AM,456.7,0,0.0,486879044.8000005
2025-08-01 09:31:51 AM,456.0,12413,5660328.0,492539372.8000005
2025-08-01 09:31:52 AM,455.45,200,91090.0,492630462.8000005
2025-08-01 09:31:52 AM,455.85,0,0.0,492630462.8000005
2025-08-01 09:31:53 AM,455.85,50,22792.5,492653255.3000005
2025-08-01 09:31:53 AM,455.65,158,71992.7,492725248.0000005
2025-08-01 09:31:54 AM,455.65,105,47843.25,492773091.2500005
2025-08-01 09:31:54 AM,455.65,50,22782.5,492795873.7500005
2025-08-01 09:31:56 AM,455.4,6,2732.3999999999996,492798606.15000045
2025-08-01 09:31:57 AM,455.5,0,0.0,492798606.15000045
2025-08-01 09:31:57 AM,455.5,100,45550.0,492844156.15000045
2025-08-01 09:31:58 AM,455.5,125,56937.5,492901093.65000045
2025-08-01 09:31:58 AM,455.6,200,91120.0,492992213.65000045
2025-08-01 09:31:58 AM,455.3,0,0.0,492992213.65000045
2025-08-01 09:31:59 AM,455.3,185,84230.5,493076444.15000045
2025-08-01 09:31:59 AM,455.3,22,10016.6,493086460.7500005
2025-08-01 09:32:00 AM,455.3,262,119288.6,493205749.3500005
2025-08-01 09:32:01 AM,455.15,0,0.0,493205749.3500005
2025-08-01 09:32:01 AM,455.15,461,209824.15,493415573.5000005
2025-08-01 09:32:02 AM,455.55,200,91110.0,493506683.5000005
2025-08-01 09:32:03 AM,455.5,0,0.0,493506683.5000005
2025-08-01 09:32:03 AM,455.5,1,455.5,493507139.0000005
2025-08-01 09:32:04 AM,455.2,50,22760.0,493529899.0000005
2025-08-01 09:32:05 AM,455.1,100,45510.0,493575409.0000005
2025-08-01 09:32:05 AM,455.05,237,107846.85,493683255.8500005
2025-08-01 09:32:06 AM,455.1,0,0.0,493683255.8500005
2025-08-01 09:32:06 AM,455.1,632,287623.2,493970879.0500005
2025-08-01 09:32:06 AM,455.2,0,0.0,493970879.0500005
2025-08-01 09:32:07 AM,455.05,2210,1005660.5,494976539.5500005
2025-08-01 09:32:07 AM,455.05,4,1820.2,494978359.7500005
2025-08-01 09:32:08 AM,455.25,0,0.0,494978359.7500005
2025-08-01 09:32:09 AM,455.25,50,22762.5,495001122.2500005
2025-08-01 09:32:10 AM,455.3,50,22765.0,495023887.2500005
2025-08-01 09:32:11 AM,455.3,350,159355.0,495183242.2500005
2025-08-01 09:32:12 AM,455.5,657,299263.5,495482505.7500005
2025-08-01 09:32:12 AM,455.75,100,45575.0,495528080.7500005
2025-08-01 09:32:12 AM,455.7,0,0.0,495528080.7500005
2025-08-01 09:32:13 AM,455.7,101,46025.7,495574106.45000046
2025-08-01 09:32:13 AM,455.65,1,455.65,495574562.10000044
2025-08-01 09:32:14 AM,455.65,248,113001.2,495687563.3000004
2025-08-01 09:32:17 AM,455.8,7,3190.6,495690753.90000045
2025-08-01 09:32:17 AM,455.9,0,0.0,495690753.90000045
2025-08-01 09:32:18 AM,455.95,202,92101.9,495782855.8000004
2025-08-01 09:32:19 AM,455.9,14,6382.599999999999,495789238.40000045
2025-08-01 09:32:19 AM,455.95,0,0.0,495789238.40000045
2025-08-01 09:32:20 AM,456.0,647,295032.0,496084270.40000045
2025-08-01 09:32:21 AM,455.95,36,16414.2,496100684.60000044
2025-08-01 09:32:23 AM,456.25,158,72087.5,496172772.10000044
2025-08-01 09:32:25 AM,456.25,10,4562.5,496177334.60000044
2025-08-01 09:32:26 AM,456.5,0,0.0,496177334.60000044
2025-08-01 09:32:26 AM,456.05,35,15961.75,496193296.35000044
2025-08-01 09:32:28 AM,456.0,500,228000.0,496421296.35000044
2025-08-01 09:32:29 AM,456.25,0,0.0,496421296.35000044
2025-08-01 09:32:29 AM,456.25,1076,490925.0,496912221.35000044
2025-08-01 09:32:31 AM,456.25,20,9125.0,496921346.35000044
2025-08-01 09:32:32 AM,456.45,487,222291.15,497143637.5000004
2025-08-01 09:32:33 AM,456.45,135,61620.75,497205258.2500004
2025-08-01 09:32:34 AM,456.5,0,0.0,497205258.2500004
2025-08-01 09:32:34 AM,456.5,70,31955.0,497237213.2500004
2025-08-01 09:32:35 AM,456.5,240,109560.0,497346773.2500004
2025-08-01 09:32:35 AM,456.5,14,6391.0,497353164.2500004
2025-08-01 09:32:36 AM,456.25,0,0.0,497353164.2500004
2025-08-01 09:32:37 AM,456.25,125,57031.25,497410195.5000004
2025-08-01 09:32:38 AM,456.15,0,0.0,497410195.5000004
2025-08-01 09:32:38 AM,456.5,3502,1598663.0,499008858.5000004
2025-08-01 09:32:38 AM,456.4,0,0.0,499008858.5000004
2025-08-01 09:32:39 AM,456.45,12,5477.4,499014335.9000004
2025-08-01 09:32:40 AM,456.4,88,40163.2,499054499.1000004
2025-08-01 09:32:40 AM,456.25,13,5931.25,499060430.3500004
2025-08-01 09:32:41 AM,456.45,555,253329.75,499313760.1000004
2025-08-01 09:32:41 AM,456.25,5,2281.25,499316041.3500004
2025-08-01 09:32:41 AM,456.45,0,0.0,499316041.3500004
2025-08-01 09:32:42 AM,456.45,51,23278.95,499339320.30000037
2025-08-01 09:32:42 AM,456.25,510,232687.5,499572007.80000037
2025-08-01 09:32:43 AM,456.25,100,45625.0,499617632.80000037
2025-08-01 09:32:45 AM,456.45,50,22822.5,499640455.30000037
2025-08-01 09:32:46 AM,456.5,0,0.0,499640455.30000037
2025-08-01 09:32:47 AM,456.5,1357,619470.5,500259925.80000037
2025-08-01 09:32:48 AM,456.25,184,83950.0,500343875.80000037
2025-08-01 09:32:48 AM,456.5,0,0.0,500343875.80000037
2025-08-01 09:32:49 AM,456.5,83,37889.5,500381765.30000037
2025-08-01 09:32:50 AM,456.45,0,0.0,500381765.30000037
2025-08-01 09:32:50 AM,456.45,12,5477.4,500387242.70000035
2025-08-01 09:32:51 AM,456.45,1,456.45,500387699.15000033
2025-08-01 09:32:51 AM,457.0,0,0.0,500387699.15000033
2025-08-01 09:32:52 AM,457.0,280,127960.0,500515659.15000033
2025-08-01 09:32:52 AM,456.85,0,0.0,500515659.15000033
2025-08-01 09:32:53 AM,456.85,3332,1522224.2000000002,502037883.3500003
2025-08-01 09:32:53 AM,457.0,8681,3967217.0,506005100.3500003
2025-08-01 09:32:53 AM,456.35,0,0.0,506005100.3500003
2025-08-01 09:32:54 AM,456.35,791,360972.85000000003,506366073.20000035
2025-08-01 09:32:55 AM,456.75,0,0.0,506366073.20000035
2025-08-01 09:32:55 AM,456.75,20,9135.0,506375208.20000035
2025-08-01 09:32:57 AM,456.8,0,0.0,506375208.20000035
2025-08-01 09:32:58 AM,456.6,0,0.0,506375208.20000035
2025-08-01 09:32:58 AM,456.8,743,339402.4,506714610.6000003
2025-08-01 09:32:59 AM,456.8,150,68520.0,506783130.6000003
2025-08-01 09:33:00 AM,456.8,404,184547.2,506967677.8000003
2025-08-01 09:33:00 AM,456.65,0,0.0,506967677.8000003
2025-08-01 09:33:01 AM,456.65,117,53428.049999999996,507021105.8500003
2025-08-01 09:33:02 AM,456.45,6107,2787540.15,509808646.0000003
2025-08-01 09:33:03 AM,456.25,292,133225.0,509941871.0000003
2025-08-01 09:33:03 AM,455.9,0,0.0,509941871.0000003
2025-08-01 09:33:03 AM,455.9,5754,2623248.6,512565119.6000003
2025-08-01 09:33:05 AM,455.75,5,2278.75,512567398.3500003
2025-08-01 09:33:06 AM,455.85,0,0.0,512567398.3500003
2025-08-01 09:33:06 AM,455.75,2030,925172.5,513492570.8500003
2025-08-01 09:33:06 AM,455.7,25,11392.5,513503963.3500003
2025-08-01 09:33:07 AM,455.95,399,181924.05,513685887.40000033
2025-08-01 09:33:08 AM,456.0,10,4560.0,513690447.40000033
2025-08-01 09:33:09 AM,456.0,2,912.0,513691359.40000033
2025-08-01 09:33:09 AM,455.95,0,0.0,513691359.40000033
2025-08-01 09:33:10 AM,455.95,25,11398.75,513702758.15000033
2025-08-01 09:33:11 AM,456.1,75,34207.5,513736965.65000033
2025-08-01 09:33:12 AM,455.95,1008,459597.6,514196563.25000036
2025-08-01 09:33:13 AM,456.1,100,45610.0,514242173.25000036
2025-08-01 09:33:14 AM,456.1,37,16875.7,514259048.95000035
2025-08-01 09:33:15 AM,456.1,4,1824.4,514260873.3500003
2025-08-01 09:33:16 AM,456.15,212,96703.79999999999,514357577.15000033
2025-08-01 09:33:17 AM,456.25,13,5931.25,514363508.40000033
2025-08-01 09:33:18 AM,456.35,334,152420.9,514515929.3000003
2025-08-01 09:33:19 AM,456.1,0,0.0,514515929.3000003
2025-08-01 09:33:19 AM,456.1,100,45610.0,514561539.3000003
2025-08-01 09:33:21 AM,456.1,2,912.2,514562451.5000003
2025-08-01 09:33:21 AM,456.2,0,0.0,514562451.5000003
2025-08-01 09:33:22 AM,456.2,3,1368.6,514563820.1000003
2025-08-01 09:33:24 AM,456.0,1773,808488.0,515372308.1000003
2025-08-01 09:33:24 AM,456.05,25,11401.25,515383709.3500003
2025-08-01 09:33:25 AM,456.05,110,50165.5,515433874.8500003
2025-08-01 09:33:26 AM,456.05,26,11857.300000000001,515445732.15000033
2025-08-01 09:33:27 AM,456.05,20,9121.0,515454853.15000033
2025-08-01 09:33:29 AM,456.1,1001,456556.10000000003,515911409.25000036
2025-08-01 09:33:30 AM,457.2,73184,33459724.8,549371134.0500003
2025-08-01 09:33:30 AM,457.2,109,49834.799999999996,549420968.8500003
2025-08-01 09:33:31 AM,457.45,10,4574.5,549425543.3500003
2025-08-01 09:33:32 AM,457.45,25,11436.25,549436979.6000003
2025-08-01 09:33:32 AM,457.25,2,914.5,549437894.1000003
2025-08-01 09:33:33 AM,457.45,0,0.0,549437894.1000003
2025-08-01 09:33:33 AM,457.45,500,228725.0,549666619.1000003
2025-08-01 09:33:35 AM,457.0,0,0.0,549666619.1000003
2025-08-01 09:33:35 AM,457.0,15,6855.0,549673474.1000003
2025-08-01 09:33:35 AM,457.3,0,0.0,549673474.1000003
2025-08-01 09:33:36 AM,457.5,1210,553575.0,550227049.1000003
2025-08-01 09:33:36 AM,457.3,407,186121.1,550413170.2000003
2025-08-01 09:33:37 AM,457.5,0,0.0,550413170.2000003
2025-08-01 09:33:38 AM,457.3,0,0.0,550413170.2000003
2025-08-01 09:33:38 AM,457.3,95,43443.5,550456613.7000003
2025-08-01 09:33:38 AM,457.5,0,0.0,550456613.7000003
2025-08-01 09:33:39 AM,457.8,177,81030.6,550537644.3000003
2025-08-01 09:33:41 AM,458.0,109,49922.0,550587566.3000003
2025-08-01 09:33:41 AM,458.1,0,0.0,550587566.3000003
2025-08-01 09:33:41 AM,458.1,845,387094.5,550974660.8000003
2025-08-01 09:33:42 AM,457.85,36,16482.600000000002,550991143.4000003
2025-08-01 09:33:43 AM,458.0,7,3206.0,550994349.4000003
2025-08-01 09:33:43 AM,457.95,1107,506950.64999999997,551501300.0500003
2025-08-01 09:33:43 AM,458.0,0,0.0,551501300.0500003
2025-08-01 09:33:44 AM,458.0,15,6870.0,551508170.0500003
2025-08-01 09:33:44 AM,457.9,0,0.0,551508170.0500003
2025-08-01 09:33:45 AM,457.9,1000,457900.0,551966070.0500003
2025-08-01 09:33:46 AM,457.9,25,11447.5,551977517.5500003
2025-08-01 09:33:46 AM,457.65,0,0.0,551977517.5500003
2025-08-01 09:33:47 AM,457.65,235,107547.75,552085065.3000003
2025-08-01 09:33:47 AM,457.75,9,4119.75,552089185.0500003
2025-08-01 09:33:47 AM,457.6,0,0.0,552089185.0500003
2025-08-01 09:33:48 AM,457.6,1,457.6,552089642.6500003
2025-08-01 09:33:48 AM,457.6,50,22880.0,552112522.6500003
2025-08-01 09:33:49 AM,457.8,150,68670.0,552181192.6500003
2025-08-01 09:33:50 AM,457.85,500,228925.0,552410117.6500003
2025-08-01 09:33:50 AM,457.8,0,0.0,552410117.6500003
2025-08-01 09:33:51 AM,457.6,47,21507.2,552431624.8500004
2025-08-01 09:33:51 AM,457.85,0,0.0,552431624.8500004
2025-08-01 09:33:52 AM,457.85,907,415269.95,552846894.8000004
2025-08-01 09:33:54 AM,457.3,4256,1946268.8,554793163.6000004
2025-08-01 09:33:54 AM,457.25,0,0.0,554793163.6000004
2025-08-01 09:33:54 AM,457.25,551,251944.75,555045108.3500004
2025-08-01 09:33:55 AM,457.5,0,0.0,555045108.3500004
2025-08-01 09:33:56 AM,457.5,2,915.0,555046023.3500004
2025-08-01 09:33:56 AM,457.6,0,0.0,555046023.3500004
2025-08-01 09:33:57 AM,457.6,125,57200.0,555103223.3500004
2025-08-01 09:33:59 AM,457.85,210,96148.5,555199371.8500004
2025-08-01 09:34:00 AM,457.65,229,104801.84999999999,555304173.7000004
2025-08-01 09:34:01 AM,457.85,11,5036.35,555309210.0500004
2025-08-01 09:34:03 AM,457.7,0,0.0,555309210.0500004
2025-08-01 09:34:03 AM,458.0,1198,548684.0,555857894.0500004
2025-08-01 09:34:03 AM,457.65,0,0.0,555857894.0500004
2025-08-01 09:34:04 AM,457.8,0,0.0,555857894.0500004
2025-08-01 09:34:04 AM,457.8,103,47153.4,555905047.4500004
2025-08-01 09:34:04 AM,457.85,100,45785.0,555950832.4500004
2025-08-01 09:34:05 AM,457.65,0,0.0,555950832.4500004
2025-08-01 09:34:05 AM,457.85,510,233503.5,556184335.9500004
2025-08-01 09:34:05 AM,457.8,0,0.0,556184335.9500004
2025-08-01 09:34:06 AM,457.8,205,93849.0,556278184.9500004
2025-08-01 09:34:07 AM,457.8,903,413393.4,556691578.3500004
2025-08-01 09:34:10 AM,458.0,0,0.0,556691578.3500004
2025-08-01 09:34:11 AM,458.0,320,146560.0,556838138.3500004
2025-08-01 09:34:11 AM,458.0,5,2290.0,556840428.3500004
2025-08-01 09:34:14 AM,457.85,0,0.0,556840428.3500004
2025-08-01 09:34:14 AM,457.85,39,17856.15,556858284.5000004
2025-08-01 09:34:15 AM,458.1,1,458.1,556858742.6000004
2025-08-01 09:34:16 AM,458.0,200,91600.0,556950342.6000004
2025-08-01 09:34:17 AM,458.25,100,45825.0,556996167.6000004
2025-08-01 09:34:18 AM,458.0,800,366400.0,557362567.6000004
2025-08-01 09:34:18 AM,457.65,0,0.0,557362567.6000004
2025-08-01 09:34:19 AM,457.65,154,70478.09999999999,557433045.7000004
2025-08-01 09:34:20 AM,457.85,50,22892.5,557455938.2000004
2025-08-01 09:34:21 AM,457.8,0,0.0,557455938.2000004
2025-08-01 09:34:21 AM,457.85,91,41664.35,557497602.5500004
2025-08-01 09:34:22 AM,457.9,1000,457900.0,557955502.5500004
2025-08-01 09:34:22 AM,457.45,0,0.0,557955502.5500004
2025-08-01 09:34:23 AM,457.45,1646,752962.7,558708465.2500005
2025-08-01 09:34:23 AM,457.55,500,228775.0,558937240.2500005
2025-08-01 09:34:24 AM,457.4,10,4574.0,558941814.2500005
2025-08-01 09:34:25 AM,457.5,30,13725.0,558955539.2500005
2025-08-01 09:34:25 AM,457.4,38,17381.2,558972920.4500005
2025-08-01 09:34:27 AM,457.4,20,9148.0,558982068.4500005
2025-08-01 09:34:28 AM,457.4,5,2287.0,558984355.4500005
2025-08-01 09:34:30 AM,457.25,525,240056.25,559224411.7000005
2025-08-01 09:34:32 AM,457.05,100,45705.0,559270116.7000005
2025-08-01 09:34:32 AM,457.35,4,1829.4,559271946.1000005
2025-08-01 09:34:34 AM,457.35,2,914.7,559272860.8000005
2025-08-01 09:34:34 AM,457.35,20,9147.0,559282007.8000005
2025-08-01 09:34:35 AM,457.4,0,0.0,559282007.8000005
2025-08-01 09:34:35 AM,457.4,25,11435.0,559293442.8000005
2025-08-01 09:34:36 AM,456.75,4818,2200621.5,561494064.3000005
2025-08-01 09:34:36 AM,457.05,25,11426.25,561505490.5500005
2025-08-01 09:34:37 AM,456.2,519,236767.8,561742258.3500005
2025-08-01 09:34:38 AM,456.2,13,5930.599999999999,561748188.9500005
2025-08-01 09:34:39 AM,456.4,34,15517.599999999999,561763706.5500005
2025-08-01 09:34:39 AM,456.0,0,0.0,561763706.5500005
2025-08-01 09:34:40 AM,456.0,510,232560.0,561996266.5500005
2025-08-01 09:34:41 AM,456.1,0,0.0,561996266.5500005
2025-08-01 09:34:41 AM,456.1,3769,1719040.9000000001,563715307.4500005
2025-08-01 09:34:42 AM,455.45,0,0.0,563715307.4500005
2025-08-01 09:34:43 AM,455.7,0,0.0,563715307.4500005
2025-08-01 09:34:43 AM,455.7,2627,1197123.9,564912431.3500005
2025-08-01 09:34:43 AM,456.0,1525,695400.0,565607831.3500005
2025-08-01 09:34:44 AM,456.0,17,7752.0,565615583.3500005
2025-08-01 09:34:45 AM,455.9,100,45590.0,565661173.3500005
2025-08-01 09:34:46 AM,455.8,400,182320.0,565843493.3500005
2025-08-01 09:34:48 AM,455.8,600,273480.0,566116973.3500005
2025-08-01 09:34:49 AM,455.7,3,1367.1,566118340.4500005
2025-08-01 09:34:50 AM,455.6,48,21868.800000000003,566140209.2500005
2025-08-01 09:34:52 AM,455.6,452,205931.2,566346140.4500005
2025-08-01 09:34:55 AM,455.7,30,13671.0,566359811.4500005
2025-08-01 09:34:56 AM,455.7,100,45570.0,566405381.4500005
2025-08-01 09:34:56 AM,455.5,0,0.0,566405381.4500005
2025-08-01 09:34:57 AM,455.7,7,3189.9,566408571.3500005
2025-08-01 09:34:57 AM,455.4,0,0.0,566408571.3500005
2025-08-01 09:34:58 AM,455.7,468,213267.6,566621838.9500005
2025-08-01 09:34:59 AM,455.7,100,45570.0,566667408.9500005
2025-08-01 09:34:59 AM,455.35,0,0.0,566667408.9500005
2025-08-01 09:35:00 AM,455.5,120,54660.0,566722068.9500005
2025-08-01 09:35:00 AM,455.2,1176,535315.2,567257384.1500006
2025-08-01 09:35:01 AM,454.7,0,0.0,567257384.1500006
2025-08-01 09:35:01 AM,454.8,5487,2495487.6,569752871.7500006
2025-08-01 09:35:02 AM,454.9,109,49584.1,569802455.8500006
2025-08-01 09:35:03 AM,454.9,100,45490.0,569847945.8500006
2025-08-01 09:35:03 AM,455.1,0,0.0,569847945.8500006
2025-08-01 09:35:04 AM,455.1,3062,1393516.2,571241462.0500007
