date,price,qty,trnvr,cum_trnvr
2025-08-01 09:15:03 AM,367.0,751,275617.0,275617.0
2025-08-01 09:15:03 AM,366.7,0,0.0,275617.0
2025-08-01 09:15:05 AM,366.7,227,83240.9,358857.9
2025-08-01 09:15:12 AM,366.25,0,0.0,358857.9
2025-08-01 09:15:13 AM,366.7,0,0.0,358857.9
2025-08-01 09:15:15 AM,366.7,597,218919.9,577777.8
2025-08-01 09:15:17 AM,366.75,2,733.5,578511.3
2025-08-01 09:15:22 AM,367.0,0,0.0,578511.3
2025-08-01 09:15:25 AM,367.1,1160,425836.0,1004347.3
2025-08-01 09:15:32 AM,366.4,0,0.0,1004347.3
2025-08-01 09:15:33 AM,366.4,1756,643398.3999999999,1647745.7
2025-08-01 09:15:41 AM,366.95,0,0.0,1647745.7
2025-08-01 09:15:42 AM,366.95,300,110085.0,1757830.7
2025-08-01 09:15:50 AM,366.0,29,10614.0,1768444.7
2025-08-01 09:15:52 AM,366.5,245,89792.5,1858237.2
2025-08-01 09:15:54 AM,366.75,0,0.0,1858237.2
2025-08-01 09:15:57 AM,366.55,0,0.0,1858237.2
2025-08-01 09:15:58 AM,366.15,164,60048.6,1918285.8
2025-08-01 09:16:00 AM,366.2,8,2929.6,1921215.4000000001
2025-08-01 09:16:03 AM,364.8,0,0.0,1921215.4000000001
2025-08-01 09:16:06 AM,364.2,0,0.0,1921215.4000000001
2025-08-01 09:16:06 AM,364.2,1500,546300.0,2467515.4000000004
2025-08-01 09:16:08 AM,364.8,8,2918.4,2470433.8000000003
2025-08-01 09:16:20 AM,364.75,0,0.0,2470433.8000000003
2025-08-01 09:16:23 AM,364.75,125,45593.75,2516027.5500000003
2025-08-01 09:16:47 AM,364.6,0,0.0,2516027.5500000003
2025-08-01 09:16:48 AM,364.6,104,37918.4,2553945.95
2025-08-01 09:16:56 AM,364.3,30,10929.0,2564874.95
2025-08-01 09:16:59 AM,364.75,0,0.0,2564874.95
2025-08-01 09:17:04 AM,364.75,1000,364750.0,2929624.95
2025-08-01 09:17:13 AM,364.75,22,8024.5,2937649.45
2025-08-01 09:17:24 AM,365.0,0,0.0,2937649.45
2025-08-01 09:17:26 AM,364.9,0,0.0,2937649.45
2025-08-01 09:17:29 AM,364.9,522,190477.8,3128127.25
2025-08-01 09:17:30 AM,364.4,210,76524.0,3204651.25
2025-08-01 09:17:32 AM,363.95,0,0.0,3204651.25
2025-08-01 09:17:37 AM,363.95,3060,1113687.0,4318338.25
2025-08-01 09:17:40 AM,363.45,0,0.0,4318338.25
2025-08-01 09:17:45 AM,363.45,229,83230.05,4401568.3
2025-08-01 09:17:46 AM,363.25,142,51581.5,4453149.8
2025-08-01 09:17:51 AM,363.75,0,0.0,4453149.8
2025-08-01 09:17:54 AM,363.75,79,28736.25,4481886.05
2025-08-01 09:17:55 AM,363.6,30,10908.0,4492794.05
2025-08-01 09:17:58 AM,364.0,0,0.0,4492794.05
2025-08-01 09:18:00 AM,363.9,0,0.0,4492794.05
2025-08-01 09:18:02 AM,363.9,1026,373361.39999999997,4866155.45
2025-08-01 09:18:10 AM,363.9,75,27292.5,4893447.95
2025-08-01 09:18:16 AM,364.3,0,0.0,4893447.95
2025-08-01 09:18:19 AM,364.3,3,1092.9,4894540.850000001
2025-08-01 09:18:22 AM,365.2,0,0.0,4894540.850000001
2025-08-01 09:18:27 AM,365.2,203,74135.59999999999,4968676.45
2025-08-01 09:18:28 AM,365.15,1,365.15,4969041.600000001
2025-08-01 09:19:19 AM,365.5,0,0.0,4969041.600000001
2025-08-01 09:19:24 AM,365.5,33,12061.5,4981103.100000001
2025-08-01 09:19:35 AM,365.35,0,0.0,4981103.100000001
2025-08-01 09:19:39 AM,365.5,0,0.0,4981103.100000001
2025-08-01 09:19:40 AM,365.5,52,19006.0,5000109.100000001
2025-08-01 09:19:48 AM,365.5,1022,373541.0,5373650.100000001
2025-08-01 09:19:55 AM,366.0,0,0.0,5373650.100000001
2025-08-01 09:19:56 AM,366.0,75,27450.0,5401100.100000001
2025-08-01 09:20:03 AM,366.15,0,0.0,5401100.100000001
2025-08-01 09:20:04 AM,366.15,456,166964.4,5568064.500000001
2025-08-01 09:20:10 AM,366.25,0,0.0,5568064.500000001
2025-08-01 09:20:11 AM,366.6,0,0.0,5568064.500000001
2025-08-01 09:20:12 AM,366.6,357,130876.20000000001,5698940.700000001
2025-08-01 09:20:17 AM,366.1,0,0.0,5698940.700000001
2025-08-01 09:20:19 AM,366.0,0,0.0,5698940.700000001
2025-08-01 09:20:20 AM,366.0,1283,469578.0,6168518.700000001
2025-08-01 09:20:29 AM,365.85,145,53048.25,6221566.950000001
2025-08-01 09:20:38 AM,365.7,0,0.0,6221566.950000001
2025-08-01 09:20:42 AM,365.85,0,0.0,6221566.950000001
2025-08-01 09:20:43 AM,365.85,1373,502312.05000000005,6723879.000000001
2025-08-01 09:20:51 AM,365.7,1,365.7,6724244.700000001
2025-08-01 09:20:59 AM,365.6,1,365.6,6724610.300000001
2025-08-01 09:21:06 AM,365.6,125,45700.0,6770310.300000001
2025-08-01 09:21:10 AM,365.2,0,0.0,6770310.300000001
2025-08-01 09:21:14 AM,365.2,53,19355.6,6789665.9
2025-08-01 09:21:19 AM,365.6,0,0.0,6789665.9
2025-08-01 09:21:22 AM,365.6,16,5849.6,6795515.5
2025-08-01 09:21:23 AM,365.3,100,36530.0,6832045.5
2025-08-01 09:21:26 AM,365.55,0,0.0,6832045.5
2025-08-01 09:21:30 AM,365.55,25,9138.75,6841184.25
2025-08-01 09:21:39 AM,365.15,299,109179.84999999999,6950364.1
2025-08-01 09:21:40 AM,365.05,0,0.0,6950364.1
2025-08-01 09:21:45 AM,365.05,231,84326.55,7034690.649999999
2025-08-01 09:22:16 AM,365.05,20,7301.0,7041991.649999999
2025-08-01 09:22:17 AM,365.45,0,0.0,7041991.649999999
2025-08-01 09:22:23 AM,365.45,5,1827.25,7043818.899999999
2025-08-01 09:22:31 AM,365.15,2067,754765.0499999999,7798583.949999999
2025-08-01 09:22:34 AM,365.2,0,0.0,7798583.949999999
2025-08-01 09:22:39 AM,365.2,35,12782.0,7811365.949999999
2025-08-01 09:22:48 AM,365.4,50,18270.0,7829635.949999999
2025-08-01 09:22:53 AM,365.15,0,0.0,7829635.949999999
2025-08-01 09:22:54 AM,365.15,3,1095.4499999999998,7830731.399999999
2025-08-01 09:23:20 AM,364.75,0,0.0,7830731.399999999
2025-08-01 09:23:24 AM,364.75,129,47052.75,7877784.149999999
2025-08-01 09:23:39 AM,364.75,760,277210.0,8154994.149999999
2025-08-01 09:23:41 AM,364.65,3,1093.9499999999998,8156088.1
2025-08-01 09:23:49 AM,364.55,2,729.1,8156817.199999999
2025-08-01 09:23:58 AM,364.4,0,0.0,8156817.199999999
2025-08-01 09:24:03 AM,364.4,333,121345.2,8278162.399999999
2025-08-01 09:24:10 AM,364.4,750,273300.0,8551462.399999999
2025-08-01 09:24:18 AM,363.95,36,13102.199999999999,8564564.599999998
2025-08-01 09:24:41 AM,363.9,132,48034.799999999996,8612599.399999999
2025-08-01 09:24:55 AM,364.2,0,0.0,8612599.399999999
2025-08-01 09:24:56 AM,364.2,441,160612.19999999998,8773211.599999998
2025-08-01 09:25:02 AM,363.95,0,0.0,8773211.599999998
2025-08-01 09:25:03 AM,363.95,100,36395.0,8809606.599999998
2025-08-01 09:25:16 AM,364.25,0,0.0,8809606.599999998
2025-08-01 09:25:18 AM,364.25,258,93976.5,8903583.099999998
2025-08-01 09:25:22 AM,364.1,0,0.0,8903583.099999998
2025-08-01 09:25:25 AM,364.1,689,250864.90000000002,9154447.999999998
2025-08-01 09:25:33 AM,363.85,1,363.85,9154811.849999998
2025-08-01 09:25:40 AM,363.75,75,27281.25,9182093.099999998
2025-08-01 09:25:48 AM,364.2,6,2185.2,9184278.299999997
2025-08-01 09:25:56 AM,364.3,1,364.3,9184642.599999998
2025-08-01 09:26:03 AM,364.6,94,34272.4,9218914.999999998
2025-08-01 09:26:20 AM,364.4,500,182200.0,9401114.999999998
2025-08-01 09:26:26 AM,364.9,2000,729800.0,10130914.999999998
2025-08-01 09:26:32 AM,364.5,0,0.0,10130914.999999998
2025-08-01 09:26:34 AM,364.5,11,4009.5,10134924.499999998
2025-08-01 09:26:36 AM,364.65,26,9480.9,10144405.399999999
2025-08-01 09:26:43 AM,364.85,31,11310.35,10155715.749999998
2025-08-01 09:26:46 AM,365.25,0,0.0,10155715.749999998
2025-08-01 09:26:49 AM,365.25,170,62092.5,10217808.249999998
2025-08-01 09:26:51 AM,365.85,250,91462.5,10309270.749999998
2025-08-01 09:26:53 AM,365.75,0,0.0,10309270.749999998
2025-08-01 09:26:57 AM,365.75,154,56325.5,10365596.249999998
2025-08-01 09:27:00 AM,366.0,0,0.0,10365596.249999998
2025-08-01 09:27:04 AM,366.0,347,127002.0,10492598.249999998
2025-08-01 09:27:13 AM,366.0,201,73566.0,10566164.249999998
2025-08-01 09:27:17 AM,366.1,0,0.0,10566164.249999998
2025-08-01 09:27:19 AM,366.1,2,732.2,10566896.449999997
2025-08-01 09:27:26 AM,366.05,115,42095.75,10608992.199999997
2025-08-01 09:27:34 AM,366.05,35,12811.75,10621803.949999997
2025-08-01 09:28:03 AM,366.6,0,0.0,10621803.949999997
2025-08-01 09:28:04 AM,366.6,1220,447252.0,11069055.949999997
2025-08-01 09:28:06 AM,366.55,31,11363.050000000001,11080418.999999998
2025-08-01 09:28:20 AM,366.4,5,1832.0,11082250.999999998
2025-08-01 09:28:36 AM,366.0,157,57462.0,11139712.999999998
2025-08-01 09:28:59 AM,366.15,100,36615.0,11176327.999999998
2025-08-01 09:29:13 AM,366.15,150,54922.5,11231250.499999998
2025-08-01 09:29:17 AM,365.8,0,0.0,11231250.499999998
2025-08-01 09:29:21 AM,365.8,2,731.6,11231982.099999998
2025-08-01 09:30:32 AM,366.0,0,0.0,11231982.099999998
2025-08-01 09:30:36 AM,366.0,1207,441762.0,11673744.099999998
2025-08-01 09:30:43 AM,366.05,30,10981.5,11684725.599999998
2025-08-01 09:30:48 AM,366.1,0,0.0,11684725.599999998
2025-08-01 09:30:50 AM,366.1,157,57477.700000000004,11742203.299999997
2025-08-01 09:30:56 AM,366.15,0,0.0,11742203.299999997
2025-08-01 09:30:58 AM,366.15,306,112041.9,11854245.199999997
2025-08-01 09:31:27 AM,366.15,1,366.15,11854611.349999998
2025-08-01 09:32:09 AM,366.15,1,366.15,11854977.499999998
2025-08-01 09:32:23 AM,366.15,23,8421.449999999999,11863398.949999997
2025-08-01 09:32:29 AM,366.8,0,0.0,11863398.949999997
2025-08-01 09:32:30 AM,366.5,1057,387390.5,12250789.449999997
2025-08-01 09:32:44 AM,366.85,6,2201.1000000000004,12252990.549999997
2025-08-01 09:32:51 AM,366.9,1,366.9,12253357.449999997
2025-08-01 09:32:58 AM,366.95,352,129166.4,12382523.849999998
2025-08-01 09:33:05 AM,366.95,14,5137.3,12387661.149999999
2025-08-01 09:33:11 AM,367.4,0,0.0,12387661.149999999
2025-08-01 09:33:12 AM,367.4,96,35270.399999999994,12422931.549999999
2025-08-01 09:33:16 AM,367.45,0,0.0,12422931.549999999
2025-08-01 09:33:19 AM,367.45,26,9553.699999999999,12432485.249999998
2025-08-01 09:33:26 AM,367.35,0,0.0,12432485.249999998
2025-08-01 09:33:26 AM,367.35,392,144001.2,12576486.449999997
2025-08-01 09:33:26 AM,367.7,0,0.0,12576486.449999997
2025-08-01 09:33:31 AM,368.0,0,0.0,12576486.449999997
2025-08-01 09:33:33 AM,368.0,589,216752.0,12793238.449999997
2025-08-01 09:34:00 AM,368.55,50,18427.5,12811665.949999997
2025-08-01 09:34:01 AM,368.2,0,0.0,12811665.949999997
2025-08-01 09:34:08 AM,368.2,150,55230.0,12866895.949999997
2025-08-01 09:34:16 AM,368.15,0,0.0,12866895.949999997
2025-08-01 09:34:21 AM,368.3,0,0.0,12866895.949999997
2025-08-01 09:34:22 AM,368.3,205,75501.5,12942397.449999997
2025-08-01 09:34:24 AM,368.0,0,0.0,12942397.449999997
2025-08-01 09:34:29 AM,368.0,128,47104.0,12989501.449999997
2025-08-01 09:34:36 AM,368.0,51,18768.0,13008269.449999997
2025-08-01 09:34:36 AM,368.15,0,0.0,13008269.449999997
2025-08-01 09:34:42 AM,368.15,6,2208.8999999999996,13010478.349999998
2025-08-01 09:34:43 AM,368.0,127,46736.0,13057214.349999998
2025-08-01 09:34:49 AM,368.0,100,36800.0,13094014.349999998
2025-08-01 09:35:24 AM,367.35,994,365145.9,13459160.249999998
2025-08-01 09:35:26 AM,367.5,0,0.0,13459160.249999998
2025-08-01 09:35:31 AM,367.5,11,4042.5,13463202.749999998
2025-08-01 09:35:36 AM,367.55,0,0.0,13463202.749999998
2025-08-01 09:35:38 AM,367.55,1,367.55,13463570.299999999
2025-08-01 09:35:41 AM,366.95,0,0.0,13463570.299999999
2025-08-01 09:35:45 AM,367.1,150,55065.0,13518635.299999999
2025-08-01 09:35:51 AM,367.0,0,0.0,13518635.299999999
2025-08-01 09:35:52 AM,367.0,25,9175.0,13527810.299999999
2025-08-01 09:36:51 AM,366.6,100,36660.0,13564470.299999999
2025-08-01 09:36:58 AM,366.65,10,3666.5,13568136.799999999
2025-08-01 09:37:12 AM,366.9,77,28251.3,13596388.1
2025-08-01 09:37:57 AM,366.55,0,0.0,13596388.1
2025-08-01 09:37:59 AM,366.55,50,18327.5,13614715.6
2025-08-01 09:38:04 AM,366.05,0,0.0,13614715.6
2025-08-01 09:38:06 AM,366.0,0,0.0,13614715.6
2025-08-01 09:38:06 AM,366.0,979,358314.0,13973029.6
2025-08-01 09:38:16 AM,365.8,0,0.0,13973029.6
2025-08-01 09:38:20 AM,365.8,100,36580.0,14009609.6
2025-08-01 09:38:33 AM,365.8,1,365.8,14009975.4
2025-08-01 09:38:52 AM,366.15,0,0.0,14009975.4
2025-08-01 09:38:53 AM,366.15,100,36615.0,14046590.4
2025-08-01 09:38:59 AM,366.15,1,366.15,14046956.55
2025-08-01 09:39:06 AM,366.15,334,122294.09999999999,14169250.65
2025-08-01 09:39:13 AM,366.6,940,344604.0,14513854.65
2025-08-01 09:39:16 AM,366.25,0,0.0,14513854.65
2025-08-01 09:39:20 AM,366.25,31,11353.75,14525208.4
2025-08-01 09:39:26 AM,366.5,0,0.0,14525208.4
2025-08-01 09:39:27 AM,366.5,100,36650.0,14561858.4
2025-08-01 09:39:37 AM,366.1,0,0.0,14561858.4
2025-08-01 09:39:40 AM,366.1,20,7322.0,14569180.4
2025-08-01 09:39:54 AM,366.45,0,0.0,14569180.4
2025-08-01 09:39:59 AM,366.45,10,3664.5,14572844.9
2025-08-01 09:40:05 AM,366.1,0,0.0,14572844.9
2025-08-01 09:40:06 AM,366.1,10,3661.0,14576505.9
2025-08-01 09:40:18 AM,366.15,0,0.0,14576505.9
2025-08-01 09:40:19 AM,366.15,50,18307.5,14594813.4
2025-08-01 09:40:33 AM,366.5,26,9529.0,14604342.4
2025-08-01 09:40:41 AM,366.6,0,0.0,14604342.4
2025-08-01 09:40:45 AM,366.8,0,0.0,14604342.4
2025-08-01 09:40:45 AM,366.8,258,94634.40000000001,14698976.8
2025-08-01 09:40:52 AM,367.0,92,33764.0,14732740.8
2025-08-01 09:41:39 AM,366.45,30,10993.5,14743734.3
2025-08-01 09:41:56 AM,366.2,0,0.0,14743734.3
2025-08-01 09:41:58 AM,366.2,151,55296.2,14799030.5
2025-08-01 09:42:10 AM,366.55,0,0.0,14799030.5
2025-08-01 09:42:11 AM,366.55,50,18327.5,14817358.0
2025-08-01 09:43:03 AM,366.45,220,80619.0,14897977.0
2025-08-01 09:43:44 AM,366.45,5,1832.25,14899809.25
2025-08-01 09:43:56 AM,366.45,98,35912.1,14935721.35
2025-08-01 09:44:16 AM,366.45,241,88314.45,15024035.799999999
2025-08-01 09:44:23 AM,366.05,0,0.0,15024035.799999999
2025-08-01 09:44:24 AM,366.05,5,1830.25,15025866.049999999
2025-08-01 09:44:57 AM,365.8,0,0.0,15025866.049999999
2025-08-01 09:45:01 AM,365.8,60,21948.0,15047814.049999999
2025-08-01 09:45:08 AM,365.8,494,180705.2,15228519.249999998
2025-08-01 09:45:23 AM,365.8,15,5487.0,15234006.249999998
2025-08-01 09:45:34 AM,365.8,3548,1297858.4000000001,16531864.649999999
2025-08-01 09:46:00 AM,365.4,46,16808.399999999998,16548673.049999999
2025-08-01 09:46:11 AM,365.55,0,0.0,16548673.049999999
2025-08-01 09:46:13 AM,365.55,10,3655.5,16552328.549999999
2025-08-01 09:46:25 AM,365.4,0,0.0,16552328.549999999
2025-08-01 09:46:26 AM,365.4,15,5481.0,16557809.549999999
2025-08-01 09:47:30 AM,365.4,40,14616.0,16572425.549999999
2025-08-01 09:48:01 AM,365.4,30,10962.0,16583387.549999999
2025-08-01 09:48:40 AM,365.4,70,25578.0,16608965.549999999
2025-08-01 09:48:53 AM,365.7,422,154325.4,16763290.95
2025-08-01 09:49:52 AM,365.55,250,91387.5,16854678.45
2025-08-01 09:50:05 AM,366.2,536,196283.19999999998,17050961.65
2025-08-01 09:50:33 AM,366.45,0,0.0,17050961.65
2025-08-01 09:50:34 AM,366.45,25,9161.25,17060122.9
2025-08-01 09:50:45 AM,366.5,0,0.0,17060122.9
2025-08-01 09:50:46 AM,366.5,2,733.0,17060855.9
2025-08-01 09:50:56 AM,366.45,0,0.0,17060855.9
2025-08-01 09:50:59 AM,366.45,1,366.45,17061222.349999998
2025-08-01 09:51:54 AM,366.4,0,0.0,17061222.349999998
2025-08-01 09:51:55 AM,366.4,189,69249.59999999999,17130471.95
2025-08-01 09:52:02 AM,365.9,0,0.0,17130471.95
2025-08-01 09:52:04 AM,365.9,100,36590.0,17167061.95
2025-08-01 09:52:11 AM,366.0,0,0.0,17167061.95
2025-08-01 09:52:13 AM,366.0,3,1098.0,17168159.95
2025-08-01 09:52:20 AM,365.9,100,36590.0,17204749.95
2025-08-01 09:53:33 AM,365.85,0,0.0,17204749.95
2025-08-01 09:53:35 AM,365.85,81,29633.850000000002,17234383.8
2025-08-01 09:53:46 AM,365.8,30,10974.0,17245357.8
2025-08-01 09:54:52 AM,366.05,0,0.0,17245357.8
2025-08-01 09:54:53 AM,366.05,147,53809.35,17299167.150000002
2025-08-01 09:55:12 AM,366.15,2,732.3,17299899.450000003
2025-08-01 09:55:14 AM,366.05,0,0.0,17299899.450000003
2025-08-01 09:55:17 AM,366.05,100,36605.0,17336504.450000003
2025-08-01 09:55:39 AM,366.1,0,0.0,17336504.450000003
2025-08-01 09:55:41 AM,366.1,50,18305.0,17354809.450000003
2025-08-01 09:55:53 AM,366.1,61,22332.100000000002,17377141.550000004
2025-08-01 09:55:57 AM,365.8,0,0.0,17377141.550000004
2025-08-01 09:55:59 AM,365.8,300,109740.0,17486881.550000004
2025-08-01 09:56:09 AM,365.55,0,0.0,17486881.550000004
2025-08-01 09:56:11 AM,365.55,240,87732.0,17574613.550000004
2025-08-01 09:56:15 AM,365.45,0,0.0,17574613.550000004
2025-08-01 09:56:17 AM,365.45,650,237542.5,17812156.050000004
2025-08-01 09:56:21 AM,365.6,0,0.0,17812156.050000004
2025-08-01 09:56:23 AM,365.6,1,365.6,17812521.650000006
2025-08-01 09:56:47 AM,365.6,100,36560.0,17849081.650000006
2025-08-01 09:56:48 AM,365.6,214,78238.40000000001,17927320.050000004
2025-08-01 09:57:11 AM,366.05,10073,3687221.65,21614541.700000003
2025-08-01 09:58:01 AM,365.65,0,0.0,21614541.700000003
2025-08-01 09:58:01 AM,365.65,166,60697.899999999994,21675239.6
2025-08-01 09:58:35 AM,365.65,20,7313.0,21682552.6
2025-08-01 09:59:05 AM,365.65,47,17185.55,21699738.150000002
2025-08-01 09:59:33 AM,365.4,140,51156.0,21750894.150000002
2025-08-01 10:00:20 AM,365.6,1,365.6,21751259.750000004
2025-08-01 10:00:29 AM,365.4,0,0.0,21751259.750000004
2025-08-01 10:00:30 AM,365.4,3145,1149183.0,22900442.750000004
2025-08-01 10:00:39 AM,365.4,28,10231.199999999999,22910673.950000003
2025-08-01 10:00:55 AM,365.4,5,1827.0,22912500.950000003
2025-08-01 10:02:03 AM,365.4,400,146160.0,23058660.950000003
2025-08-01 10:02:31 AM,366.0,271,99186.0,23157846.950000003
2025-08-01 10:02:43 AM,366.05,9,3294.4500000000003,23161141.400000002
2025-08-01 10:03:06 AM,366.1,0,0.0,23161141.400000002
2025-08-01 10:03:07 AM,366.1,2,732.2,23161873.6
2025-08-01 10:03:19 AM,365.5,0,0.0,23161873.6
2025-08-01 10:03:20 AM,365.5,94,34357.0,23196230.6
2025-08-01 10:03:34 AM,365.55,0,0.0,23196230.6
2025-08-01 10:03:35 AM,365.55,25,9138.75,23205369.35
2025-08-01 10:03:38 AM,365.6,0,0.0,23205369.35
2025-08-01 10:03:39 AM,365.6,7,2559.2000000000003,23207928.55
2025-08-01 10:03:41 AM,365.6,7,2559.2000000000003,23210487.75
2025-08-01 10:03:50 AM,365.65,0,0.0,23210487.75
2025-08-01 10:03:51 AM,365.65,14,5119.099999999999,23215606.85
2025-08-01 10:03:54 AM,365.6,0,0.0,23215606.85
2025-08-01 10:03:54 AM,365.6,1,365.6,23215972.450000003
2025-08-01 10:04:19 AM,365.75,0,0.0,23215972.450000003
2025-08-01 10:04:19 AM,365.75,51,18653.25,23234625.700000003
2025-08-01 10:04:22 AM,365.5,0,0.0,23234625.700000003
2025-08-01 10:04:23 AM,365.5,500,182750.0,23417375.700000003
2025-08-01 10:04:25 AM,365.45,51,18637.95,23436013.650000002
2025-08-01 10:04:50 AM,365.7,32,11702.4,23447716.05
2025-08-01 10:04:52 AM,365.75,0,0.0,23447716.05
2025-08-01 10:04:54 AM,365.75,25,9143.75,23456859.8
2025-08-01 10:05:19 AM,365.75,20,7315.0,23464174.8
2025-08-01 10:05:43 AM,365.7,500,182850.0,23647024.8
2025-08-01 10:06:09 AM,366.0,50,18300.0,23665324.8
2025-08-01 10:06:45 AM,365.4,172,62848.799999999996,23728173.6
2025-08-01 10:06:49 AM,365.4,9,3288.6,23731462.200000003
2025-08-01 10:07:14 AM,365.1,7,2555.7000000000003,23734017.900000002
2025-08-01 10:07:32 AM,365.1,81,29573.100000000002,23763591.000000004
2025-08-01 10:07:57 AM,365.1,39,14238.900000000001,23777829.900000002
2025-08-01 10:08:03 AM,365.1,6,2190.6000000000004,23780020.500000004
2025-08-01 10:08:16 AM,365.1,75,27382.5,23807403.000000004
2025-08-01 10:08:21 AM,365.35,0,0.0,23807403.000000004
2025-08-01 10:08:22 AM,365.35,99,36169.65,23843572.650000002
2025-08-01 10:08:36 AM,365.65,5,1828.25,23845400.900000002
2025-08-01 10:08:49 AM,365.35,0,0.0,23845400.900000002
2025-08-01 10:08:52 AM,365.35,7,2557.4500000000003,23847958.35
2025-08-01 10:09:21 AM,365.65,0,0.0,23847958.35
2025-08-01 10:09:21 AM,365.65,34,12432.099999999999,23860390.450000003
2025-08-01 10:09:54 AM,365.95,0,0.0,23860390.450000003
2025-08-01 10:09:56 AM,365.95,5,1829.75,23862220.200000003
2025-08-01 10:10:00 AM,366.0,0,0.0,23862220.200000003
2025-08-01 10:10:01 AM,366.0,804,294264.0,24156484.200000003
2025-08-01 10:10:15 AM,365.95,0,0.0,24156484.200000003
2025-08-01 10:10:15 AM,365.95,250,91487.5,24247971.700000003
2025-08-01 10:11:21 AM,366.2,0,0.0,24247971.700000003
2025-08-01 10:11:24 AM,366.4,0,0.0,24247971.700000003
2025-08-01 10:11:24 AM,366.5,76,27854.0,24275825.700000003
2025-08-01 10:11:41 AM,366.65,38,13932.699999999999,24289758.400000002
2025-08-01 10:11:47 AM,367.2,300,110160.0,24399918.400000002
2025-08-01 10:11:48 AM,366.8,0,0.0,24399918.400000002
2025-08-01 10:11:49 AM,366.8,30,11004.0,24410922.400000002
2025-08-01 10:12:03 AM,366.7,0,0.0,24410922.400000002
2025-08-01 10:12:05 AM,366.95,52,19081.399999999998,24430003.8
2025-08-01 10:12:11 AM,367.45,333,122360.84999999999,24552364.650000002
2025-08-01 10:12:12 AM,366.9,50,18345.0,24570709.650000002
2025-08-01 10:12:23 AM,366.9,40,14676.0,24585385.650000002
2025-08-01 10:12:27 AM,367.0,0,0.0,24585385.650000002
2025-08-01 10:12:28 AM,367.05,602,220964.1,24806349.750000004
2025-08-01 10:13:39 AM,367.1,45,16519.5,24822869.250000004
2025-08-01 10:14:20 AM,367.1,8,2936.8,24825806.050000004
2025-08-01 10:14:31 AM,367.1,43,15785.300000000001,24841591.350000005
2025-08-01 10:15:44 AM,367.5,0,0.0,24841591.350000005
2025-08-01 10:15:48 AM,367.5,130,47775.0,24889366.350000005
2025-08-01 10:16:05 AM,367.5,1000,367500.0,25256866.350000005
2025-08-01 10:16:44 AM,367.4,0,0.0,25256866.350000005
2025-08-01 10:16:46 AM,367.4,30,11022.0,25267888.350000005
2025-08-01 10:16:53 AM,367.65,0,0.0,25267888.350000005
2025-08-01 10:16:57 AM,367.95,425,156378.75,25424267.100000005
2025-08-01 10:17:25 AM,367.4,253,92952.2,25517219.300000004
2025-08-01 10:17:42 AM,367.15,0,0.0,25517219.300000004
2025-08-01 10:17:43 AM,367.15,1,367.15,25517586.450000003
2025-08-01 10:17:59 AM,367.4,0,0.0,25517586.450000003
2025-08-01 10:18:00 AM,367.4,15,5511.0,25523097.450000003
2025-08-01 10:18:09 AM,367.15,0,0.0,25523097.450000003
2025-08-01 10:18:12 AM,367.15,6,2202.8999999999996,25525300.35
2025-08-01 10:18:47 AM,367.15,58,21294.699999999997,25546595.05
2025-08-01 10:18:54 AM,367.2,0,0.0,25546595.05
2025-08-01 10:18:58 AM,367.2,5,1836.0,25548431.05
2025-08-01 10:19:32 AM,367.2,8,2937.6,25551368.650000002
2025-08-01 10:20:28 AM,367.65,0,0.0,25551368.650000002
2025-08-01 10:20:29 AM,367.65,38,13970.699999999999,25565339.35
2025-08-01 10:20:53 AM,368.0,0,0.0,25565339.35
2025-08-01 10:20:53 AM,368.0,319,117392.0,25682731.35
2025-08-01 10:21:01 AM,368.0,1,368.0,25683099.35
2025-08-01 10:21:19 AM,368.05,0,0.0,25683099.35
2025-08-01 10:21:21 AM,368.05,61,22451.05,25705550.400000002
2025-08-01 10:21:33 AM,368.0,0,0.0,25705550.400000002
2025-08-01 10:21:34 AM,368.0,218,80224.0,25785774.400000002
2025-08-01 10:21:45 AM,367.95,5,1839.75,25787614.150000002
2025-08-01 10:22:06 AM,368.0,0,0.0,25787614.150000002
2025-08-01 10:22:06 AM,368.0,1064,391552.0,26179166.150000002
2025-08-01 10:22:11 AM,368.0,256,94208.0,26273374.150000002
2025-08-01 10:22:45 AM,367.85,0,0.0,26273374.150000002
2025-08-01 10:22:46 AM,367.85,13,4782.05,26278156.200000003
2025-08-01 10:23:03 AM,368.1,0,0.0,26278156.200000003
2025-08-01 10:23:04 AM,368.1,9,3312.9,26281469.1
2025-08-01 10:23:07 AM,368.1,15,5521.5,26286990.6
2025-08-01 10:23:10 AM,368.1,8,2944.8,26289935.400000002
2025-08-01 10:23:19 AM,368.1,18,6625.8,26296561.200000003
2025-08-01 10:23:28 AM,368.1,100,36810.0,26333371.200000003
2025-08-01 10:23:38 AM,367.65,0,0.0,26333371.200000003
2025-08-01 10:23:39 AM,367.65,300,110295.0,26443666.200000003
2025-08-01 10:23:48 AM,367.7,0,0.0,26443666.200000003
2025-08-01 10:23:50 AM,367.7,9,3309.2999999999997,26446975.500000004
2025-08-01 10:23:53 AM,367.65,50,18382.5,26465358.000000004
2025-08-01 10:23:58 AM,367.65,99,36397.35,26501755.350000005
2025-08-01 10:24:11 AM,367.7,0,0.0,26501755.350000005
2025-08-01 10:24:13 AM,367.7,2,735.4,26502490.750000004
2025-08-01 10:25:07 AM,367.65,0,0.0,26502490.750000004
2025-08-01 10:25:08 AM,367.65,50,18382.5,26520873.250000004
2025-08-01 10:25:42 AM,367.7,0,0.0,26520873.250000004
2025-08-01 10:25:42 AM,367.7,1,367.7,26521240.950000003
2025-08-01 10:27:03 AM,367.65,0,0.0,26521240.950000003
2025-08-01 10:27:04 AM,367.65,124,45588.6,26566829.550000004
2025-08-01 10:27:19 AM,367.85,0,0.0,26566829.550000004
2025-08-01 10:27:21 AM,367.85,1,367.85,26567197.400000006
2025-08-01 10:27:34 AM,367.5,0,0.0,26567197.400000006
2025-08-01 10:27:34 AM,367.5,25,9187.5,26576384.900000006
2025-08-01 10:27:54 AM,367.5,10,3675.0,26580059.900000006
2025-08-01 10:28:15 AM,367.75,0,0.0,26580059.900000006
2025-08-01 10:28:15 AM,367.75,1,367.75,26580427.650000006
2025-08-01 10:28:19 AM,367.5,0,0.0,26580427.650000006
2025-08-01 10:28:21 AM,367.5,30,11025.0,26591452.650000006
2025-08-01 10:28:37 AM,367.5,44,16170.0,26607622.650000006
2025-08-01 10:31:25 AM,367.45,0,0.0,26607622.650000006
2025-08-01 10:31:27 AM,367.45,18,6614.099999999999,26614236.750000007
2025-08-01 10:31:38 AM,367.8,15,5517.0,26619753.750000007
2025-08-01 10:32:13 AM,367.45,0,0.0,26619753.750000007
2025-08-01 10:32:15 AM,367.45,151,55484.95,26675238.700000007
2025-08-01 10:32:18 AM,367.8,100,36780.0,26712018.700000007
2025-08-01 10:32:31 AM,367.8,182,66939.6,26778958.30000001
2025-08-01 10:32:58 AM,367.8,60,22068.0,26801026.30000001
2025-08-01 10:33:03 AM,368.05,11,4048.55,26805074.85000001
2025-08-01 10:33:20 AM,368.0,1,368.0,26805442.85000001
2025-08-01 10:33:41 AM,368.4,600,221040.0,27026482.85000001
2025-08-01 10:33:45 AM,368.0,0,0.0,27026482.85000001
2025-08-01 10:33:47 AM,368.0,4,1472.0,27027954.85000001
2025-08-01 10:33:50 AM,369.45,0,0.0,27027954.85000001
2025-08-01 10:33:51 AM,369.45,2455,906999.75,27934954.60000001
2025-08-01 10:33:57 AM,368.85,0,0.0,27934954.60000001
2025-08-01 10:33:59 AM,368.85,242,89261.70000000001,28024216.30000001
2025-08-01 10:34:07 AM,368.95,0,0.0,28024216.30000001
2025-08-01 10:34:08 AM,368.95,13,4796.349999999999,28029012.65000001
2025-08-01 10:34:28 AM,368.75,0,0.0,28029012.65000001
2025-08-01 10:34:30 AM,368.7,42,15485.4,28044498.05000001
2025-08-01 10:34:36 AM,368.7,1,368.7,28044866.750000007
2025-08-01 10:34:47 AM,368.4,272,100204.79999999999,28145071.55000001
2025-08-01 10:34:53 AM,368.3,107,39408.1,28184479.65000001
2025-08-01 10:35:08 AM,368.4,0,0.0,28184479.65000001
2025-08-01 10:35:10 AM,368.4,15,5526.0,28190005.65000001
2025-08-01 10:35:46 AM,368.1,0,0.0,28190005.65000001
2025-08-01 10:35:46 AM,368.1,56,20613.600000000002,28210619.25000001
2025-08-01 10:35:52 AM,368.05,0,0.0,28210619.25000001
2025-08-01 10:35:52 AM,368.05,56,20610.8,28231230.050000012
2025-08-01 10:37:20 AM,368.05,5,1840.25,28233070.300000012
2025-08-01 10:37:40 AM,368.0,0,0.0,28233070.300000012
2025-08-01 10:37:40 AM,368.0,56,20608.0,28253678.300000012
2025-08-01 10:37:44 AM,368.05,0,0.0,28253678.300000012
2025-08-01 10:37:46 AM,368.05,125,46006.25,28299684.550000012
2025-08-01 10:37:49 AM,368.4,0,0.0,28299684.550000012
2025-08-01 10:37:51 AM,368.4,117,43102.799999999996,28342787.350000013
2025-08-01 10:38:30 AM,368.1,0,0.0,28342787.350000013
2025-08-01 10:38:30 AM,368.1,101,37178.100000000006,28379965.450000014
2025-08-01 10:38:53 AM,368.4,41,15104.4,28395069.850000013
2025-08-01 10:39:02 AM,368.1,56,20613.600000000002,28415683.450000014
2025-08-01 10:39:03 AM,368.4,0,0.0,28415683.450000014
2025-08-01 10:39:04 AM,368.4,500,184200.0,28599883.450000014
2025-08-01 10:39:09 AM,367.8,0,0.0,28599883.450000014
2025-08-01 10:39:10 AM,367.8,56,20596.8,28620480.250000015
2025-08-01 10:39:38 AM,367.8,20,7356.0,28627836.250000015
2025-08-01 10:40:22 AM,367.8,50,18390.0,28646226.250000015
2025-08-01 10:41:15 AM,367.8,100,36780.0,28683006.250000015
2025-08-01 10:41:20 AM,367.75,0,0.0,28683006.250000015
2025-08-01 10:41:21 AM,367.75,5,1838.75,28684845.000000015
2025-08-01 10:41:30 AM,367.55,0,0.0,28684845.000000015
2025-08-01 10:41:33 AM,367.55,300,110265.0,28795110.000000015
2025-08-01 10:42:10 AM,367.95,0,0.0,28795110.000000015
2025-08-01 10:42:11 AM,367.95,1,367.95,28795477.950000014
2025-08-01 10:42:16 AM,367.95,84,30907.8,28826385.750000015
2025-08-01 10:42:37 AM,368.0,0,0.0,28826385.750000015
2025-08-01 10:42:38 AM,368.0,11,4048.0,28830433.750000015
2025-08-01 10:43:10 AM,367.95,0,0.0,28830433.750000015
2025-08-01 10:43:12 AM,367.95,44,16189.8,28846623.550000016
2025-08-01 10:43:28 AM,367.95,13,4783.349999999999,28851406.900000017
2025-08-01 10:43:30 AM,367.95,13,4783.349999999999,28856190.25000002
2025-08-01 10:44:32 AM,367.95,100,36795.0,28892985.25000002
2025-08-01 10:44:42 AM,368.1,10,3681.0,28896666.25000002
2025-08-01 10:44:56 AM,368.1,99,36441.9,28933108.150000017
2025-08-01 10:45:07 AM,368.1,22,8098.200000000001,28941206.350000016
2025-08-01 10:45:18 AM,368.1,1,368.1,28941574.450000018
2025-08-01 10:45:34 AM,368.35,0,0.0,28941574.450000018
2025-08-01 10:45:34 AM,368.35,30,11050.5,28952624.950000018
2025-08-01 10:45:38 AM,368.1,0,0.0,28952624.950000018
2025-08-01 10:45:39 AM,368.1,15,5521.5,28958146.450000018
2025-08-01 10:46:12 AM,367.95,0,0.0,28958146.450000018
2025-08-01 10:46:12 AM,367.95,2130,783733.5,29741879.950000018
2025-08-01 10:46:14 AM,367.85,0,0.0,29741879.950000018
2025-08-01 10:46:16 AM,367.85,111,40831.350000000006,29782711.30000002
2025-08-01 10:47:09 AM,367.7,0,0.0,29782711.30000002
2025-08-01 10:47:11 AM,367.7,20,7354.0,29790065.30000002
2025-08-01 10:48:09 AM,367.65,0,0.0,29790065.30000002
2025-08-01 10:48:10 AM,367.85,0,0.0,29790065.30000002
2025-08-01 10:48:10 AM,367.85,67,24645.95,29814711.25000002
2025-08-01 10:48:21 AM,367.85,60,22071.0,29836782.25000002
2025-08-01 10:48:29 AM,367.85,2,735.7,29837517.950000018
2025-08-01 10:48:43 AM,368.0,0,0.0,29837517.950000018
2025-08-01 10:48:43 AM,368.0,3,1104.0,29838621.950000018
2025-08-01 10:48:48 AM,368.05,0,0.0,29838621.950000018
2025-08-01 10:48:48 AM,368.05,50,18402.5,29857024.450000018
2025-08-01 10:49:36 AM,368.0,0,0.0,29857024.450000018
2025-08-01 10:49:37 AM,368.0,101,37168.0,29894192.450000018
2025-08-01 10:50:05 AM,368.05,0,0.0,29894192.450000018
2025-08-01 10:50:05 AM,368.05,23,8465.15,29902657.600000016
2025-08-01 10:50:33 AM,368.05,30,11041.5,29913699.100000016
2025-08-01 10:51:20 AM,368.0,0,0.0,29913699.100000016
2025-08-01 10:51:23 AM,368.0,2,736.0,29914435.100000016
2025-08-01 10:51:52 AM,367.55,0,0.0,29914435.100000016
2025-08-01 10:51:54 AM,367.9,0,0.0,29914435.100000016
2025-08-01 10:51:55 AM,367.9,1072,394388.8,30308823.900000017
2025-08-01 10:52:12 AM,367.9,100,36790.0,30345613.900000017
2025-08-01 10:52:30 AM,367.6,0,0.0,30345613.900000017
2025-08-01 10:52:33 AM,367.6,3,1102.8000000000002,30346716.700000018
2025-08-01 10:52:38 AM,367.6,97,35657.200000000004,30382373.900000017
2025-08-01 10:53:26 AM,367.6,75,27570.0,30409943.900000017
2025-08-01 10:53:36 AM,367.95,0,0.0,30409943.900000017
2025-08-01 10:53:37 AM,367.95,50,18397.5,30428341.400000017
2025-08-01 10:55:52 AM,367.9,10,3679.0,30432020.400000017
2025-08-01 10:55:58 AM,367.85,0,0.0,30432020.400000017
2025-08-01 10:56:01 AM,367.85,5,1839.25,30433859.650000017
2025-08-01 10:56:22 AM,367.55,0,0.0,30433859.650000017
2025-08-01 10:56:22 AM,367.55,45,16539.75,30450399.400000017
2025-08-01 10:56:43 AM,367.55,2,735.1,30451134.50000002
2025-08-01 10:56:52 AM,367.3,0,0.0,30451134.50000002
2025-08-01 10:56:54 AM,367.3,1000,367300.0,30818434.50000002
2025-08-01 10:57:44 AM,367.5,0,0.0,30818434.50000002
2025-08-01 10:57:47 AM,367.5,1,367.5,30818802.00000002
2025-08-01 10:57:57 AM,367.5,50,18375.0,30837177.00000002
2025-08-01 10:58:00 AM,367.6,0,0.0,30837177.00000002
2025-08-01 10:58:02 AM,367.6,4,1470.4,30838647.400000017
2025-08-01 10:58:20 AM,367.85,0,0.0,30838647.400000017
2025-08-01 10:58:24 AM,367.85,40,14714.0,30853361.400000017
2025-08-01 10:58:35 AM,367.85,1,367.85,30853729.25000002
2025-08-01 10:58:46 AM,368.1,0,0.0,30853729.25000002
2025-08-01 10:58:46 AM,368.1,30,11043.0,30864772.25000002
2025-08-01 10:59:02 AM,368.2,0,0.0,30864772.25000002
2025-08-01 10:59:02 AM,368.2,130,47866.0,30912638.25000002
2025-08-01 10:59:14 AM,368.15,0,0.0,30912638.25000002
2025-08-01 10:59:17 AM,368.15,3,1104.4499999999998,30913742.700000018
2025-08-01 11:00:05 AM,368.05,213,78394.65000000001,30992137.350000016
2025-08-01 11:00:11 AM,368.0,0,0.0,30992137.350000016
2025-08-01 11:00:11 AM,368.0,5,1840.0,30993977.350000016
2025-08-01 11:01:10 AM,368.0,59,21712.0,31015689.350000016
2025-08-01 11:01:13 AM,368.15,0,0.0,31015689.350000016
2025-08-01 11:01:16 AM,368.15,3,1104.4499999999998,31016793.800000016
2025-08-01 11:01:21 AM,368.15,55,20248.25,31037042.050000016
2025-08-01 11:01:32 AM,368.15,5,1840.75,31038882.800000016
2025-08-01 11:01:57 AM,368.45,0,0.0,31038882.800000016
2025-08-01 11:01:57 AM,368.45,2,736.9,31039619.700000014
2025-08-01 11:02:53 AM,368.45,5,1842.25,31041461.950000014
2025-08-01 11:03:17 AM,368.1,0,0.0,31041461.950000014
2025-08-01 11:03:17 AM,368.1,66,24294.600000000002,31065756.550000016
2025-08-01 11:03:38 AM,368.1,30,11043.0,31076799.550000016
2025-08-01 11:03:51 AM,368.0,0,0.0,31076799.550000016
2025-08-01 11:03:51 AM,368.0,189,69552.0,31146351.550000016
2025-08-01 11:03:57 AM,368.05,6,2208.3,31148559.850000016
2025-08-01 11:04:46 AM,368.05,1,368.05,31148927.900000017
2025-08-01 11:04:56 AM,368.05,25,9201.25,31158129.150000017
2025-08-01 11:04:58 AM,368.35,13,4788.55,31162917.700000018
2025-08-01 11:05:00 AM,368.55,0,0.0,31162917.700000018
2025-08-01 11:05:02 AM,368.55,48,17690.4,31180608.100000016
2025-08-01 11:05:36 AM,368.55,3,1105.65,31181713.750000015
2025-08-01 11:06:50 AM,368.5,70,25795.0,31207508.750000015
2025-08-01 11:07:11 AM,368.5,1,368.5,31207877.250000015
2025-08-01 11:07:16 AM,368.5,81,29848.5,31237725.750000015
2025-08-01 11:07:26 AM,368.5,25,9212.5,31246938.250000015
2025-08-01 11:07:29 AM,368.55,0,0.0,31246938.250000015
2025-08-01 11:07:31 AM,368.55,10,3685.5,31250623.750000015
2025-08-01 11:07:53 AM,368.55,98,36117.9,31286741.650000013
2025-08-01 11:08:26 AM,368.55,157,57862.35,31344604.000000015
2025-08-01 11:08:41 AM,368.35,0,0.0,31344604.000000015
2025-08-01 11:08:42 AM,368.5,874,322069.0,31666673.000000015
2025-08-01 11:08:56 AM,368.4,200,73680.0,31740353.000000015
2025-08-01 11:08:59 AM,368.05,1159,426569.95,32166922.950000014
2025-08-01 11:09:41 AM,367.85,26,9564.1,32176487.050000016
2025-08-01 11:09:43 AM,368.05,5,1840.25,32178327.300000016
2025-08-01 11:11:08 AM,368.05,25,9201.25,32187528.550000016
2025-08-01 11:12:28 AM,368.0,0,0.0,32187528.550000016
2025-08-01 11:12:28 AM,368.0,34,12512.0,32200040.550000016
2025-08-01 11:13:16 AM,368.0,156,57408.0,32257448.550000016
2025-08-01 11:13:49 AM,367.9,0,0.0,32257448.550000016
2025-08-01 11:13:50 AM,367.9,2,735.8,32258184.350000016
2025-08-01 11:15:36 AM,368.0,10,3680.0,32261864.350000016
2025-08-01 11:16:34 AM,368.0,20,7360.0,32269224.350000016
2025-08-01 11:16:44 AM,368.0,229,84272.0,32353496.350000016
2025-08-01 11:18:26 AM,367.9,10,3679.0,32357175.350000016
2025-08-01 11:19:01 AM,367.65,18,6617.7,32363793.050000016
2025-08-01 11:19:33 AM,367.7,0,0.0,32363793.050000016
2025-08-01 11:19:34 AM,367.7,25,9192.5,32372985.550000016
2025-08-01 11:20:22 AM,367.85,0,0.0,32372985.550000016
2025-08-01 11:20:22 AM,367.85,4,1471.4,32374456.950000014
2025-08-01 11:20:24 AM,367.65,0,0.0,32374456.950000014
2025-08-01 11:20:27 AM,367.65,33,12132.449999999999,32386589.400000013
2025-08-01 11:20:36 AM,367.85,0,0.0,32386589.400000013
2025-08-01 11:20:38 AM,367.85,1,367.85,32386957.250000015
2025-08-01 11:21:22 AM,367.65,0,0.0,32386957.250000015
2025-08-01 11:21:25 AM,367.65,6,2205.8999999999996,32389163.150000013
2025-08-01 11:21:40 AM,367.65,25,9191.25,32398354.400000013
2025-08-01 11:22:02 AM,367.7,0,0.0,32398354.400000013
2025-08-01 11:22:06 AM,367.7,31,11398.699999999999,32409753.100000013
2025-08-01 11:22:06 AM,367.8,30,11034.0,32420787.100000013
2025-08-01 11:22:33 AM,368.0,0,0.0,32420787.100000013
2025-08-01 11:22:33 AM,368.0,60,22080.0,32442867.100000013
2025-08-01 11:23:17 AM,368.05,0,0.0,32442867.100000013
2025-08-01 11:23:21 AM,368.05,10,3680.5,32446547.600000013
2025-08-01 11:23:41 AM,368.05,11,4048.55,32450596.150000013
2025-08-01 11:24:20 AM,368.1,0,0.0,32450596.150000013
2025-08-01 11:24:21 AM,368.1,33,12147.300000000001,32462743.450000014
2025-08-01 11:25:30 AM,368.15,0,0.0,32462743.450000014
2025-08-01 11:25:30 AM,368.15,26,9571.9,32472315.350000013
2025-08-01 11:26:37 AM,368.15,167,61481.049999999996,32533796.400000013
2025-08-01 11:27:07 AM,368.2,160,58912.0,32592708.400000013
2025-08-01 11:27:19 AM,368.05,0,0.0,32592708.400000013
2025-08-01 11:27:19 AM,368.05,1,368.05,32593076.450000014
2025-08-01 11:27:33 AM,368.05,4,1472.2,32594548.650000013
2025-08-01 11:27:52 AM,368.1,0,0.0,32594548.650000013
2025-08-01 11:27:54 AM,368.1,6,2208.6000000000004,32596757.250000015
2025-08-01 11:28:40 AM,368.1,38,13987.800000000001,32610745.050000016
2025-08-01 11:28:59 AM,368.25,0,0.0,32610745.050000016
2025-08-01 11:29:00 AM,368.25,15,5523.75,32616268.800000016
2025-08-01 11:29:53 AM,368.25,1,368.25,32616637.050000016
2025-08-01 11:30:07 AM,368.3,0,0.0,32616637.050000016
2025-08-01 11:30:08 AM,368.3,2,736.6,32617373.650000017
2025-08-01 11:30:34 AM,368.3,168,61874.4,32679248.050000016
2025-08-01 11:30:58 AM,368.05,815,299960.75,32979208.800000016
2025-08-01 11:31:07 AM,367.95,2,735.9,32979944.700000014
2025-08-01 11:31:17 AM,368.15,151,55590.649999999994,33035535.350000013
2025-08-01 11:33:12 AM,367.7,0,0.0,33035535.350000013
2025-08-01 11:33:12 AM,367.7,4,1470.8,33037006.150000013
2025-08-01 11:33:26 AM,367.7,1,367.7,33037373.850000013
2025-08-01 11:33:31 AM,367.7,14,5147.8,33042521.650000013
2025-08-01 11:34:34 AM,367.95,0,0.0,33042521.650000013
2025-08-01 11:34:37 AM,367.95,208,76533.59999999999,33119055.250000015
2025-08-01 11:34:53 AM,367.95,220,80949.0,33200004.250000015
2025-08-01 11:35:36 AM,367.95,219,80581.05,33280585.300000016
2025-08-01 11:36:12 AM,367.95,196,72118.2,33352703.500000015
2025-08-01 11:36:17 AM,367.65,332,122059.79999999999,33474763.300000016
2025-08-01 11:37:36 AM,367.85,20,7357.0,33482120.300000016
2025-08-01 11:37:44 AM,367.95,0,0.0,33482120.300000016
2025-08-01 11:37:45 AM,367.7,0,0.0,33482120.300000016
2025-08-01 11:37:46 AM,367.7,175,64347.5,33546467.800000016
2025-08-01 11:39:29 AM,367.65,0,0.0,33546467.800000016
2025-08-01 11:39:31 AM,367.65,120,44118.0,33590585.80000001
2025-08-01 11:39:36 AM,368.0,0,0.0,33590585.80000001
2025-08-01 11:39:37 AM,368.0,274,100832.0,33691417.80000001
2025-08-01 11:40:16 AM,367.65,1,367.65,33691785.45000001
2025-08-01 11:40:55 AM,368.0,1,368.0,33692153.45000001
2025-08-01 11:40:57 AM,367.7,0,0.0,33692153.45000001
2025-08-01 11:41:00 AM,367.7,49,18017.3,33710170.75000001
2025-08-01 11:41:11 AM,367.7,10,3677.0,33713847.75000001
2025-08-01 11:41:47 AM,367.65,0,0.0,33713847.75000001
2025-08-01 11:41:51 AM,367.55,490,180099.5,33893947.25000001
2025-08-01 11:43:45 AM,367.5,0,0.0,33893947.25000001
2025-08-01 11:43:46 AM,367.5,5,1837.5,33895784.75000001
2025-08-01 11:44:58 AM,367.05,0,0.0,33895784.75000001
2025-08-01 11:44:58 AM,367.05,5,1835.25,33897620.00000001
2025-08-01 11:45:30 AM,367.05,103,37806.15,33935426.150000006
2025-08-01 11:46:13 AM,367.05,45,16517.25,33951943.400000006
2025-08-01 11:46:36 AM,367.3,0,0.0,33951943.400000006
2025-08-01 11:46:39 AM,367.3,45,16528.5,33968471.900000006
2025-08-01 11:47:01 AM,366.8,0,0.0,33968471.900000006
2025-08-01 11:47:01 AM,366.8,200,73360.0,34041831.900000006
2025-08-01 11:47:11 AM,366.8,68,24942.4,34066774.300000004
2025-08-01 11:47:49 AM,367.05,0,0.0,34066774.300000004
2025-08-01 11:47:52 AM,367.05,2,734.1,34067508.400000006
2025-08-01 11:48:07 AM,367.05,30,11011.5,34078519.900000006
2025-08-01 11:48:42 AM,367.05,140,51387.0,34129906.900000006
2025-08-01 11:48:43 AM,366.65,0,0.0,34129906.900000006
2025-08-01 11:48:47 AM,366.65,1,366.65,34130273.550000004
2025-08-01 11:49:27 AM,366.85,0,0.0,34130273.550000004
2025-08-01 11:49:29 AM,366.85,32,11739.2,34142012.75000001
2025-08-01 11:50:00 AM,366.85,168,61630.8,34203643.550000004
2025-08-01 11:50:08 AM,367.05,0,0.0,34203643.550000004
2025-08-01 11:50:10 AM,367.05,141,51754.05,34255397.6
2025-08-01 11:50:46 AM,367.05,1,367.05,34255764.65
2025-08-01 11:51:49 AM,367.3,0,0.0,34255764.65
2025-08-01 11:51:50 AM,367.3,34,12488.2,34268252.85
2025-08-01 11:52:51 AM,367.35,105,38571.75,34306824.6
2025-08-01 11:53:00 AM,367.35,120,44082.0,34350906.6
2025-08-01 11:53:45 AM,367.1,0,0.0,34350906.6
2025-08-01 11:53:47 AM,367.1,14,5139.400000000001,34356046.0
2025-08-01 11:53:49 AM,367.35,0,0.0,34356046.0
2025-08-01 11:53:51 AM,367.35,79,29020.65,34385066.65
2025-08-01 11:54:00 AM,367.7,0,0.0,34385066.65
2025-08-01 11:54:02 AM,367.7,180,66186.0,34451252.65
2025-08-01 11:55:01 AM,367.45,0,0.0,34451252.65
2025-08-01 11:55:02 AM,367.45,25,9186.25,34460438.9
2025-08-01 11:55:38 AM,367.3,3,1101.9,34461540.8
2025-08-01 11:57:23 AM,367.5,0,0.0,34461540.8
2025-08-01 11:57:24 AM,367.5,217,79747.5,34541288.3
2025-08-01 11:57:49 AM,367.4,7,2571.7999999999997,34543860.099999994
2025-08-01 11:57:55 AM,367.4,10,3674.0,34547534.099999994
2025-08-01 11:58:15 AM,367.4,25,9185.0,34556719.099999994
2025-08-01 11:58:52 AM,367.4,7,2571.7999999999997,34559290.89999999
2025-08-01 11:58:57 AM,367.55,133,48884.15,34608175.04999999
2025-08-01 11:59:28 AM,367.8,0,0.0,34608175.04999999
2025-08-01 11:59:30 AM,367.8,5,1839.0,34610014.04999999
2025-08-01 12:01:57 PM,367.75,0,0.0,34610014.04999999
2025-08-01 12:01:57 PM,367.75,118,43394.5,34653408.54999999
2025-08-01 12:05:02 PM,367.5,0,0.0,34653408.54999999
2025-08-01 12:05:02 PM,367.5,3,1102.5,34654511.04999999
2025-08-01 12:06:33 PM,367.25,30,11017.5,34665528.54999999
2025-08-01 12:07:07 PM,367.45,27,9921.15,34675449.69999999
2025-08-01 12:07:43 PM,367.45,9,3307.0499999999997,34678756.749999985
2025-08-01 12:07:48 PM,367.45,81,29763.45,34708520.19999999
2025-08-01 12:08:12 PM,367.5,0,0.0,34708520.19999999
2025-08-01 12:08:13 PM,367.5,11,4042.5,34712562.69999999
2025-08-01 12:09:22 PM,367.55,0,0.0,34712562.69999999
2025-08-01 12:09:22 PM,367.55,39,14334.45,34726897.14999999
2025-08-01 12:10:32 PM,367.6,0,0.0,34726897.14999999
2025-08-01 12:10:33 PM,367.6,209,76828.40000000001,34803725.54999999
2025-08-01 12:11:42 PM,367.6,1,367.6,34804093.14999999
2025-08-01 12:12:48 PM,367.5,0,0.0,34804093.14999999
2025-08-01 12:12:52 PM,367.5,1,367.5,34804460.64999999
2025-08-01 12:12:57 PM,367.8,1,367.8,34804828.44999999
2025-08-01 12:13:42 PM,367.45,10,3674.5,34808502.94999999
2025-08-01 12:14:58 PM,367.5,16,5880.0,34814382.94999999
2025-08-01 12:15:27 PM,367.5,142,52185.0,34866567.94999999
2025-08-01 12:15:43 PM,367.1,51,18722.100000000002,34885290.04999999
2025-08-01 12:17:56 PM,367.45,0,0.0,34885290.04999999
2025-08-01 12:18:00 PM,367.45,190,69815.5,34955105.54999999
2025-08-01 12:19:22 PM,366.8,0,0.0,34955105.54999999
2025-08-01 12:19:24 PM,366.75,1013,371517.75,35326623.29999999
2025-08-01 12:19:46 PM,366.9,0,0.0,35326623.29999999
2025-08-01 12:19:50 PM,366.9,25,9172.5,35335795.79999999
2025-08-01 12:20:25 PM,366.75,0,0.0,35335795.79999999
2025-08-01 12:20:26 PM,366.75,169,61980.75,35397776.54999999
2025-08-01 12:21:04 PM,366.3,0,0.0,35397776.54999999
2025-08-01 12:21:07 PM,366.3,25,9157.5,35406934.04999999
2025-08-01 12:21:15 PM,366.35,0,0.0,35406934.04999999
2025-08-01 12:21:17 PM,366.35,2,732.7,35407666.74999999
2025-08-01 12:21:51 PM,366.95,0,0.0,35407666.74999999
2025-08-01 12:21:55 PM,366.95,300,110085.0,35517751.74999999
2025-08-01 12:21:56 PM,366.65,18,6599.7,35524351.449999996
2025-08-01 12:22:03 PM,366.95,0,0.0,35524351.449999996
2025-08-01 12:22:05 PM,366.95,214,78527.3,35602878.74999999
2025-08-01 12:22:23 PM,366.9,0,0.0,35602878.74999999
2025-08-01 12:22:27 PM,366.9,212,77782.79999999999,35680661.54999999
2025-08-01 12:22:56 PM,366.65,0,0.0,35680661.54999999
2025-08-01 12:22:57 PM,366.65,1,366.65,35681028.19999999
2025-08-01 12:22:59 PM,366.95,0,0.0,35681028.19999999
2025-08-01 12:23:02 PM,366.95,211,77426.45,35758454.64999999
2025-08-01 12:23:21 PM,366.65,0,0.0,35758454.64999999
2025-08-01 12:23:22 PM,366.65,81,29698.649999999998,35788153.29999999
2025-08-01 12:23:23 PM,366.7,0,0.0,35788153.29999999
2025-08-01 12:23:26 PM,366.7,9,3300.2999999999997,35791453.59999999
2025-08-01 12:24:25 PM,367.2,0,0.0,35791453.59999999
2025-08-01 12:24:26 PM,366.9,0,0.0,35791453.59999999
2025-08-01 12:24:26 PM,366.9,154,56502.6,35847956.19999999
2025-08-01 12:24:55 PM,366.9,30,11007.0,35858963.19999999
2025-08-01 12:25:00 PM,367.25,0,0.0,35858963.19999999
2025-08-01 12:25:00 PM,367.25,181,66472.25,35925435.44999999
2025-08-01 12:25:52 PM,367.2,0,0.0,35925435.44999999
2025-08-01 12:25:56 PM,367.2,170,62424.0,35987859.44999999
2025-08-01 12:27:29 PM,367.0,0,0.0,35987859.44999999
2025-08-01 12:27:32 PM,367.0,177,64959.0,36052818.44999999
2025-08-01 12:27:42 PM,366.85,33,12106.050000000001,36064924.499999985
2025-08-01 12:27:51 PM,366.85,60,22011.0,36086935.499999985
2025-08-01 12:28:44 PM,366.7,0,0.0,36086935.499999985
2025-08-01 12:28:46 PM,366.7,1,366.7,36087302.19999999
2025-08-01 12:28:51 PM,367.0,0,0.0,36087302.19999999
2025-08-01 12:28:52 PM,367.0,160,58720.0,36146022.19999999
2025-08-01 12:29:26 PM,367.0,100,36700.0,36182722.19999999
2025-08-01 12:29:30 PM,366.55,0,0.0,36182722.19999999
2025-08-01 12:29:31 PM,366.55,268,98235.40000000001,36280957.59999999
2025-08-01 12:30:02 PM,366.85,5,1834.25,36282791.84999999
2025-08-01 12:30:10 PM,366.85,9,3301.65,36286093.499999985
2025-08-01 12:30:23 PM,366.85,30,11005.5,36297098.999999985
2025-08-01 12:30:26 PM,366.85,7,2567.9500000000003,36299666.94999999
2025-08-01 12:30:28 PM,366.85,10,3668.5,36303335.44999999
2025-08-01 12:31:08 PM,366.9,0,0.0,36303335.44999999
2025-08-01 12:31:08 PM,366.9,32,11740.8,36315076.249999985
2025-08-01 12:31:10 PM,367.25,0,0.0,36315076.249999985
2025-08-01 12:31:12 PM,367.25,37,13588.25,36328664.499999985
2025-08-01 12:31:16 PM,367.1,0,0.0,36328664.499999985
2025-08-01 12:31:17 PM,367.1,100,36710.0,36365374.499999985
2025-08-01 12:32:24 PM,367.25,0,0.0,36365374.499999985
2025-08-01 12:32:27 PM,367.25,143,52516.75,36417891.249999985
2025-08-01 12:33:30 PM,367.5,0,0.0,36417891.249999985
2025-08-01 12:33:31 PM,367.5,152,55860.0,36473751.249999985
2025-08-01 12:34:02 PM,367.5,177,65047.5,36538798.749999985
2025-08-01 12:34:07 PM,367.55,1,367.55,36539166.29999998
2025-08-01 12:34:57 PM,367.25,7,2570.75,36541737.04999998
2025-08-01 12:35:07 PM,367.25,2,734.5,36542471.54999998
2025-08-01 12:35:20 PM,366.85,0,0.0,36542471.54999998
2025-08-01 12:35:23 PM,366.85,6,2201.1000000000004,36544672.64999998
2025-08-01 12:36:05 PM,367.05,4,1468.2,36546140.84999999
2025-08-01 12:36:20 PM,366.85,0,0.0,36546140.84999999
2025-08-01 12:36:21 PM,366.85,1,366.85,36546507.69999999
2025-08-01 12:36:41 PM,366.85,4,1467.4,36547975.09999999
2025-08-01 12:36:51 PM,366.9,17,6237.299999999999,36554212.39999998
2025-08-01 12:37:07 PM,366.65,10,3666.5,36557878.89999998
2025-08-01 12:38:05 PM,366.6,0,0.0,36557878.89999998
2025-08-01 12:38:06 PM,366.6,7,2566.2000000000003,36560445.09999999
2025-08-01 12:38:41 PM,366.6,83,30427.800000000003,36590872.89999998
2025-08-01 12:38:44 PM,366.25,0,0.0,36590872.89999998
2025-08-01 12:38:45 PM,366.25,226,82772.5,36673645.39999998
2025-08-01 12:39:01 PM,366.4,0,0.0,36673645.39999998
2025-08-01 12:39:02 PM,366.4,10,3664.0,36677309.39999998
2025-08-01 12:39:05 PM,366.6,0,0.0,36677309.39999998
2025-08-01 12:39:06 PM,366.6,68,24928.800000000003,36702238.19999998
2025-08-01 12:39:34 PM,366.65,0,0.0,36702238.19999998
2025-08-01 12:39:34 PM,366.65,4,1466.6,36703704.79999998
2025-08-01 12:39:40 PM,366.3,225,82417.5,36786122.29999998
2025-08-01 12:39:56 PM,366.55,0,0.0,36786122.29999998
2025-08-01 12:40:00 PM,366.55,93,34089.15,36820211.44999998
2025-08-01 12:40:16 PM,366.55,91,33356.05,36853567.49999998
2025-08-01 12:40:26 PM,366.45,148,54234.6,36907802.09999998
2025-08-01 12:41:17 PM,366.2,65,23803.0,36931605.09999998
2025-08-01 12:43:13 PM,366.2,940,344228.0,37275833.09999998
2025-08-01 12:43:22 PM,366.1,0,0.0,37275833.09999998
2025-08-01 12:43:23 PM,366.1,107,39172.700000000004,37315005.79999998
2025-08-01 12:43:37 PM,366.05,0,0.0,37315005.79999998
2025-08-01 12:43:40 PM,366.05,123,45024.15,37360029.94999998
2025-08-01 12:43:50 PM,366.15,0,0.0,37360029.94999998
2025-08-01 12:43:51 PM,366.15,1002,366882.3,37726912.24999998
2025-08-01 12:44:30 PM,366.0,0,0.0,37726912.24999998
2025-08-01 12:44:34 PM,366.0,181,66246.0,37793158.24999998
2025-08-01 12:44:42 PM,366.1,0,0.0,37793158.24999998
2025-08-01 12:44:44 PM,366.1,904,330954.4,38124112.649999976
2025-08-01 12:45:10 PM,366.1,50,18305.0,38142417.649999976
2025-08-01 12:46:08 PM,366.05,0,0.0,38142417.649999976
2025-08-01 12:46:11 PM,366.05,31,11347.550000000001,38153765.19999997
2025-08-01 12:46:47 PM,366.05,6,2196.3,38155961.49999997
2025-08-01 12:47:58 PM,366.1,0,0.0,38155961.49999997
2025-08-01 12:47:58 PM,366.1,93,34047.3,38190008.79999997
2025-08-01 12:50:02 PM,366.1,10,3661.0,38193669.79999997
2025-08-01 12:51:00 PM,366.1,1,366.1,38194035.89999997
2025-08-01 12:51:26 PM,366.2,0,0.0,38194035.89999997
2025-08-01 12:51:27 PM,366.2,64,23436.8,38217472.699999966
2025-08-01 12:52:40 PM,366.3,0,0.0,38217472.699999966
2025-08-01 12:52:41 PM,366.3,271,99267.3,38316739.99999996
2025-08-01 12:55:02 PM,366.4,1,366.4,38317106.39999996
2025-08-01 12:55:04 PM,366.5,0,0.0,38317106.39999996
2025-08-01 12:55:07 PM,366.5,100,36650.0,38353756.39999996
2025-08-01 12:57:10 PM,366.1,0,0.0,38353756.39999996
2025-08-01 12:57:12 PM,366.1,7,2562.7000000000003,38356319.099999964
2025-08-01 12:57:40 PM,366.15,0,0.0,38356319.099999964
2025-08-01 12:57:43 PM,366.15,2,732.3,38357051.39999996
2025-08-01 12:57:50 PM,366.35,0,0.0,38357051.39999996
2025-08-01 12:57:53 PM,366.35,35,12822.25,38369873.64999996
2025-08-01 01:00:42 PM,366.15,2,732.3,38370605.94999996
2025-08-01 01:01:08 PM,366.15,4,1464.6,38372070.54999996
2025-08-01 01:02:35 PM,366.15,86,31488.899999999998,38403559.44999996
2025-08-01 01:02:39 PM,366.15,29,10618.349999999999,38414177.79999996
2025-08-01 01:02:43 PM,366.3,0,0.0,38414177.79999996
2025-08-01 01:02:44 PM,366.3,59,21611.7,38435789.49999996
2025-08-01 01:03:45 PM,366.4,0,0.0,38435789.49999996
2025-08-01 01:03:48 PM,366.4,166,60822.399999999994,38496611.89999996
2025-08-01 01:04:14 PM,366.0,500,183000.0,38679611.89999996
2025-08-01 01:04:27 PM,366.3,0,0.0,38679611.89999996
2025-08-01 01:04:27 PM,366.3,158,57875.4,38737487.29999996
2025-08-01 01:04:41 PM,366.3,58,21245.4,38758732.69999996
2025-08-01 01:04:46 PM,366.3,156,57142.8,38815875.499999955
2025-08-01 01:06:44 PM,366.35,58,21248.300000000003,38837123.79999995
2025-08-01 01:07:50 PM,366.75,0,0.0,38837123.79999995
2025-08-01 01:07:51 PM,366.75,107,39242.25,38876366.04999995
2025-08-01 01:08:54 PM,367.0,0,0.0,38876366.04999995
2025-08-01 01:08:55 PM,367.0,156,57252.0,38933618.04999995
2025-08-01 01:09:10 PM,367.25,0,0.0,38933618.04999995
2025-08-01 01:09:10 PM,367.25,182,66839.5,39000457.54999995
2025-08-01 01:10:28 PM,366.85,0,0.0,39000457.54999995
2025-08-01 01:10:29 PM,366.85,344,126196.40000000001,39126653.94999995
2025-08-01 01:10:34 PM,366.85,42,15407.7,39142061.649999954
2025-08-01 01:11:25 PM,366.75,0,0.0,39142061.649999954
2025-08-01 01:11:27 PM,366.75,5,1833.75,39143895.399999954
2025-08-01 01:11:38 PM,367.2,650,238680.0,39382575.399999954
2025-08-01 01:12:46 PM,367.6,0,0.0,39382575.399999954
2025-08-01 01:12:47 PM,367.6,10,3676.0,39386251.399999954
2025-08-01 01:12:54 PM,367.65,5,1838.25,39388089.649999954
2025-08-01 01:13:04 PM,367.6,50,18380.0,39406469.649999954
2025-08-01 01:13:48 PM,367.75,52,19123.0,39425592.649999954
2025-08-01 01:14:20 PM,368.05,0,0.0,39425592.649999954
2025-08-01 01:14:20 PM,368.1,0,0.0,39425592.649999954
2025-08-01 01:14:21 PM,368.1,16,5889.6,39431482.249999955
2025-08-01 01:14:42 PM,368.5,0,0.0,39431482.249999955
2025-08-01 01:14:44 PM,368.5,24,8844.0,39440326.249999955
2025-08-01 01:14:52 PM,368.7,0,0.0,39440326.249999955
2025-08-01 01:14:52 PM,368.7,1,368.7,39440694.94999996
2025-08-01 01:15:00 PM,368.95,0,0.0,39440694.94999996
2025-08-01 01:15:00 PM,368.95,34,12544.3,39453239.249999955
2025-08-01 01:15:08 PM,369.05,0,0.0,39453239.249999955
2025-08-01 01:15:10 PM,369.05,136,50190.8,39503430.04999995
2025-08-01 01:15:25 PM,369.05,13,4797.650000000001,39508227.69999995
2025-08-01 01:15:32 PM,369.1,0,0.0,39508227.69999995
2025-08-01 01:15:33 PM,369.1,9,3321.9,39511549.59999995
2025-08-01 01:15:43 PM,369.1,704,259846.40000000002,39771395.99999995
2025-08-01 01:15:58 PM,369.2,0,0.0,39771395.99999995
2025-08-01 01:15:58 PM,369.2,137,50580.4,39821976.39999995
2025-08-01 01:16:36 PM,369.05,0,0.0,39821976.39999995
2025-08-01 01:16:38 PM,369.05,100,36905.0,39858881.39999995
2025-08-01 01:17:08 PM,369.4,0,0.0,39858881.39999995
2025-08-01 01:17:08 PM,369.4,300,110820.0,39969701.39999995
2025-08-01 01:17:10 PM,369.65,0,0.0,39969701.39999995
2025-08-01 01:17:10 PM,369.65,67,24766.55,39994467.94999994
2025-08-01 01:17:12 PM,369.75,0,0.0,39994467.94999994
2025-08-01 01:17:13 PM,369.75,134,49546.5,40044014.44999994
2025-08-01 01:17:22 PM,369.8,0,0.0,40044014.44999994
2025-08-01 01:17:23 PM,369.8,400,147920.0,40191934.44999994
2025-08-01 01:17:28 PM,369.75,0,0.0,40191934.44999994
2025-08-01 01:17:28 PM,369.75,20,7395.0,40199329.44999994
2025-08-01 01:17:50 PM,369.5,0,0.0,40199329.44999994
2025-08-01 01:17:50 PM,369.5,30,11085.0,40210414.44999994
2025-08-01 01:17:52 PM,369.8,0,0.0,40210414.44999994
2025-08-01 01:17:55 PM,369.8,157,58058.6,40268473.049999945
2025-08-01 01:18:20 PM,369.8,90,33282.0,40301755.049999945
2025-08-01 01:19:01 PM,369.75,1,369.75,40302124.799999945
2025-08-01 01:19:04 PM,369.95,0,0.0,40302124.799999945
2025-08-01 01:19:05 PM,369.95,459,169807.05,40471931.84999994
2025-08-01 01:19:10 PM,369.9,0,0.0,40471931.84999994
2025-08-01 01:19:10 PM,369.9,201,74349.9,40546281.74999994
2025-08-01 01:19:25 PM,369.35,112,41367.200000000004,40587648.94999994
2025-08-01 01:19:52 PM,369.2,0,0.0,40587648.94999994
2025-08-01 01:19:54 PM,369.2,10,3692.0,40591340.94999994
2025-08-01 01:19:59 PM,369.2,15,5538.0,40596878.94999994
2025-08-01 01:20:04 PM,369.2,40,14768.0,40611646.94999994
2025-08-01 01:20:09 PM,369.5,3,1108.5,40612755.44999994
2025-08-01 01:20:24 PM,369.3,0,0.0,40612755.44999994
2025-08-01 01:20:25 PM,369.3,25,9232.5,40621987.94999994
2025-08-01 01:20:32 PM,369.55,0,0.0,40621987.94999994
2025-08-01 01:20:34 PM,369.55,223,82409.65000000001,40704397.59999994
2025-08-01 01:20:44 PM,369.5,0,0.0,40704397.59999994
2025-08-01 01:20:45 PM,369.5,400,147800.0,40852197.59999994
2025-08-01 01:20:55 PM,369.5,137,50621.5,40902819.09999994
2025-08-01 01:21:06 PM,369.55,0,0.0,40902819.09999994
2025-08-01 01:21:09 PM,369.55,178,65779.90000000001,40968598.99999994
2025-08-01 01:21:14 PM,369.55,47,17368.850000000002,40985967.84999994
2025-08-01 01:21:28 PM,369.1,0,0.0,40985967.84999994
2025-08-01 01:21:29 PM,369.55,301,111234.55,41097202.39999994
2025-08-01 01:22:03 PM,369.55,17,6282.35,41103484.74999994
2025-08-01 01:22:35 PM,369.55,454,167775.7,41271260.44999994
2025-08-01 01:22:42 PM,369.65,0,0.0,41271260.44999994
2025-08-01 01:22:44 PM,369.65,100,36965.0,41308225.44999994
2025-08-01 01:22:58 PM,369.65,12,4435.799999999999,41312661.24999994
2025-08-01 01:23:02 PM,369.65,5,1848.25,41314509.49999994
2025-08-01 01:23:16 PM,369.25,0,0.0,41314509.49999994
2025-08-01 01:23:17 PM,369.25,187,69049.75,41383559.24999994
2025-08-01 01:23:22 PM,369.05,5,1845.25,41385404.49999994
2025-08-01 01:23:22 PM,368.7,0,0.0,41385404.49999994
2025-08-01 01:23:26 PM,368.7,49,18066.3,41403470.79999994
2025-08-01 01:23:28 PM,368.8,0,0.0,41403470.79999994
2025-08-01 01:23:31 PM,368.8,171,63064.8,41466535.599999934
2025-08-01 01:23:36 PM,368.9,100,36890.0,41503425.599999934
2025-08-01 01:23:44 PM,368.95,0,0.0,41503425.599999934
2025-08-01 01:23:46 PM,368.95,170,62721.5,41566147.099999934
2025-08-01 01:23:52 PM,368.9,0,0.0,41566147.099999934
2025-08-01 01:23:56 PM,368.9,1,368.9,41566515.99999993
2025-08-01 01:24:00 PM,368.9,174,64188.6,41630704.599999934
2025-08-01 01:24:05 PM,368.9,1,368.9,41631073.49999993
2025-08-01 01:24:24 PM,368.9,446,164529.4,41795602.89999993
2025-08-01 01:24:38 PM,369.1,235,86738.5,41882341.39999993
2025-08-01 01:24:42 PM,369.05,0,0.0,41882341.39999993
2025-08-01 01:24:43 PM,369.05,32,11809.6,41894150.99999993
2025-08-01 01:25:19 PM,369.5,0,0.0,41894150.99999993
2025-08-01 01:25:23 PM,369.5,130,48035.0,41942185.99999993
2025-08-01 01:26:05 PM,369.35,0,0.0,41942185.99999993
2025-08-01 01:26:07 PM,369.35,19,7017.650000000001,41949203.64999993
2025-08-01 01:26:17 PM,369.35,20,7387.0,41956590.64999993
2025-08-01 01:26:33 PM,369.4,0,0.0,41956590.64999993
2025-08-01 01:26:37 PM,369.4,1,369.4,41956960.04999993
2025-08-01 01:26:45 PM,369.5,0,0.0,41956960.04999993
2025-08-01 01:26:46 PM,369.5,5,1847.5,41958807.54999993
2025-08-01 01:26:51 PM,368.85,0,0.0,41958807.54999993
2025-08-01 01:26:51 PM,368.85,674,248604.90000000002,42207412.44999993
2025-08-01 01:27:19 PM,369.0,0,0.0,42207412.44999993
2025-08-01 01:27:21 PM,369.0,6,2214.0,42209626.44999993
2025-08-01 01:27:29 PM,369.25,0,0.0,42209626.44999993
2025-08-01 01:27:30 PM,369.25,104,38402.0,42248028.44999993
2025-08-01 01:27:40 PM,369.25,2,738.5,42248766.94999993
2025-08-01 01:28:07 PM,369.3,0,0.0,42248766.94999993
2025-08-01 01:28:09 PM,369.3,25,9232.5,42257999.44999993
2025-08-01 01:28:33 PM,369.4,50,18470.0,42276469.44999993
2025-08-01 01:28:43 PM,369.4,91,33615.4,42310084.84999993
2025-08-01 01:28:54 PM,369.2,0,0.0,42310084.84999993
2025-08-01 01:28:57 PM,369.2,82,30274.399999999998,42340359.249999925
2025-08-01 01:29:32 PM,369.4,0,0.0,42340359.249999925
2025-08-01 01:29:35 PM,369.4,88,32507.199999999997,42372866.44999993
2025-08-01 01:30:14 PM,369.45,0,0.0,42372866.44999993
2025-08-01 01:30:14 PM,369.45,10,3694.5,42376560.94999993
2025-08-01 01:30:43 PM,369.45,125,46181.25,42422742.19999993
2025-08-01 01:31:10 PM,369.5,0,0.0,42422742.19999993
2025-08-01 01:31:11 PM,369.6,0,0.0,42422742.19999993
2025-08-01 01:31:14 PM,369.6,676,249849.6,42672591.79999993
2025-08-01 01:31:24 PM,370.0,242,89540.0,42762131.79999993
2025-08-01 01:31:25 PM,369.6,1,369.6,42762501.39999993
2025-08-01 01:31:30 PM,370.0,270,99900.0,42862401.39999993
2025-08-01 01:31:32 PM,369.95,0,0.0,42862401.39999993
2025-08-01 01:31:34 PM,369.95,30,11098.5,42873499.89999993
2025-08-01 01:31:36 PM,370.0,0,0.0,42873499.89999993
2025-08-01 01:31:39 PM,370.0,1,370.0,42873869.89999993
2025-08-01 01:31:44 PM,370.0,602,222740.0,43096609.89999993
2025-08-01 01:32:04 PM,369.8,0,0.0,43096609.89999993
2025-08-01 01:32:08 PM,369.8,3,1109.4,43097719.29999993
2025-08-01 01:32:28 PM,369.8,10,3698.0,43101417.29999993
2025-08-01 01:32:57 PM,369.95,153,56602.35,43158019.64999993
2025-08-01 01:33:11 PM,370.0,100,37000.0,43195019.64999993
2025-08-01 01:33:12 PM,369.95,0,0.0,43195019.64999993
2025-08-01 01:33:16 PM,369.95,163,60301.85,43255321.49999993
2025-08-01 01:33:20 PM,369.65,0,0.0,43255321.49999993
2025-08-01 01:33:21 PM,369.65,127,46945.549999999996,43302267.04999993
2025-08-01 01:33:34 PM,369.35,0,0.0,43302267.04999993
2025-08-01 01:33:36 PM,369.35,34,12557.900000000001,43314824.94999993
2025-08-01 01:33:44 PM,369.65,0,0.0,43314824.94999993
2025-08-01 01:33:45 PM,369.65,10,3696.5,43318521.44999993
2025-08-01 01:34:12 PM,369.0,0,0.0,43318521.44999993
2025-08-01 01:34:15 PM,369.0,1683,621027.0,43939548.44999993
2025-08-01 01:34:19 PM,369.0,103,38007.0,43977555.44999993
2025-08-01 01:34:22 PM,368.75,0,0.0,43977555.44999993
2025-08-01 01:34:23 PM,368.95,0,0.0,43977555.44999993
2025-08-01 01:34:24 PM,368.95,227,83751.65,44061307.09999993
2025-08-01 01:34:42 PM,368.95,217,80062.15,44141369.249999925
2025-08-01 01:34:45 PM,368.85,0,0.0,44141369.249999925
2025-08-01 01:34:47 PM,368.85,103,37991.55,44179360.79999992
2025-08-01 01:35:58 PM,368.9,0,0.0,44179360.79999992
2025-08-01 01:36:00 PM,368.9,235,86691.5,44266052.29999992
2025-08-01 01:37:40 PM,368.95,0,0.0,44266052.29999992
2025-08-01 01:37:42 PM,368.95,1100,405845.0,44671897.29999992
2025-08-01 01:37:50 PM,369.0,0,0.0,44671897.29999992
2025-08-01 01:37:52 PM,369.0,135,49815.0,44721712.29999992
2025-08-01 01:37:54 PM,369.4,0,0.0,44721712.29999992
2025-08-01 01:37:57 PM,369.4,1000,369400.0,45091112.29999992
2025-08-01 01:38:14 PM,369.15,20,7383.0,45098495.29999992
2025-08-01 01:38:25 PM,369.15,11,4060.6499999999996,45102555.94999992
2025-08-01 01:38:37 PM,368.45,0,0.0,45102555.94999992
2025-08-01 01:38:40 PM,368.45,326,120114.7,45222670.649999924
2025-08-01 01:38:43 PM,368.3,0,0.0,45222670.649999924
2025-08-01 01:38:46 PM,368.3,18,6629.400000000001,45229300.04999992
2025-08-01 01:38:56 PM,367.5,0,0.0,45229300.04999992
2025-08-01 01:38:57 PM,367.5,2200,808500.0,46037800.04999992
2025-08-01 01:38:57 PM,368.25,150,55237.5,46093037.54999992
2025-08-01 01:39:14 PM,367.25,0,0.0,46093037.54999992
2025-08-01 01:39:18 PM,367.25,10514,3861266.5,49954304.04999992
2025-08-01 01:39:19 PM,367.1,46,16886.600000000002,49971190.649999924
2025-08-01 01:39:20 PM,366.75,0,0.0,49971190.649999924
2025-08-01 01:39:22 PM,366.5,0,0.0,49971190.649999924
2025-08-01 01:39:23 PM,366.5,610,223565.0,50194755.649999924
2025-08-01 01:39:28 PM,366.8,0,0.0,50194755.649999924
2025-08-01 01:39:28 PM,366.8,493,180832.4,50375588.04999992
2025-08-01 01:39:48 PM,366.75,0,0.0,50375588.04999992
2025-08-01 01:39:49 PM,366.75,562,206113.5,50581701.54999992
2025-08-01 01:39:50 PM,366.9,0,0.0,50581701.54999992
2025-08-01 01:39:54 PM,366.9,223,81818.7,50663520.249999925
2025-08-01 01:40:02 PM,367.0,0,0.0,50663520.249999925
2025-08-01 01:40:04 PM,367.0,30,11010.0,50674530.249999925
2025-08-01 01:40:20 PM,367.0,13,4771.0,50679301.249999925
2025-08-01 01:40:50 PM,367.0,12,4404.0,50683705.249999925
2025-08-01 01:41:04 PM,367.15,0,0.0,50683705.249999925
2025-08-01 01:41:04 PM,367.15,32,11748.8,50695454.04999992
2025-08-01 01:41:15 PM,367.15,147,53971.049999999996,50749425.09999992
2025-08-01 01:41:18 PM,366.8,0,0.0,50749425.09999992
2025-08-01 01:41:19 PM,366.8,103,37780.4,50787205.49999992
2025-08-01 01:41:49 PM,366.85,12,4402.200000000001,50791607.69999992
2025-08-01 01:41:58 PM,367.15,183,67188.45,50858796.149999924
2025-08-01 01:42:06 PM,367.35,0,0.0,50858796.149999924
2025-08-01 01:42:08 PM,367.35,136,49959.600000000006,50908755.749999925
2025-08-01 01:42:12 PM,367.25,0,0.0,50908755.749999925
2025-08-01 01:42:13 PM,367.25,12,4407.0,50913162.749999925
2025-08-01 01:42:48 PM,367.25,5,1836.25,50914998.999999925
2025-08-01 01:43:20 PM,367.4,0,0.0,50914998.999999925
2025-08-01 01:43:22 PM,367.4,154,56579.6,50971578.59999993
2025-08-01 01:43:32 PM,367.4,275,101035.0,51072613.59999993
2025-08-01 01:43:42 PM,367.4,182,66866.8,51139480.399999924
2025-08-01 01:43:56 PM,367.3,0,0.0,51139480.399999924
2025-08-01 01:43:57 PM,367.3,58,21303.4,51160783.79999992
2025-08-01 01:44:11 PM,367.3,9,3305.7000000000003,51164089.499999925
2025-08-01 01:44:20 PM,367.6,0,0.0,51164089.499999925
2025-08-01 01:44:22 PM,367.6,1,367.6,51164457.09999993
2025-08-01 01:44:46 PM,367.35,0,0.0,51164457.09999993
2025-08-01 01:44:47 PM,367.35,8,2938.8,51167395.899999924
2025-08-01 01:44:52 PM,367.3,25,9182.5,51176578.399999924
2025-08-01 01:45:02 PM,367.3,50,18365.0,51194943.399999924
2025-08-01 01:46:04 PM,367.45,0,0.0,51194943.399999924
2025-08-01 01:46:06 PM,367.45,160,58792.0,51253735.399999924
2025-08-01 01:46:18 PM,367.2,0,0.0,51253735.399999924
2025-08-01 01:46:20 PM,367.2,39,14320.8,51268056.19999992
2025-08-01 01:46:56 PM,367.0,0,0.0,51268056.19999992
2025-08-01 01:46:56 PM,367.0,285,104595.0,51372651.19999992
2025-08-01 01:47:26 PM,367.1,10,3671.0,51376322.19999992
2025-08-01 01:48:06 PM,367.1,149,54697.9,51431020.09999992
2025-08-01 01:48:18 PM,367.05,0,0.0,51431020.09999992
2025-08-01 01:48:21 PM,367.05,71,26060.55,51457080.64999992
2025-08-01 01:48:22 PM,367.05,95,34869.75,51491950.39999992
2025-08-01 01:48:51 PM,367.05,13,4771.650000000001,51496722.049999915
2025-08-01 01:49:05 PM,367.05,24,8809.2,51505531.24999992
2025-08-01 01:49:18 PM,366.95,0,0.0,51505531.24999992
2025-08-01 01:49:20 PM,366.95,61,22383.95,51527915.19999992
2025-08-01 01:50:18 PM,366.6,225,82485.0,51610400.19999992
2025-08-01 01:50:28 PM,366.85,17,6236.450000000001,51616636.649999924
2025-08-01 01:50:32 PM,366.95,150,55042.5,51671679.149999924
2025-08-01 01:50:58 PM,367.0,0,0.0,51671679.149999924
2025-08-01 01:51:02 PM,367.0,198,72666.0,51744345.149999924
2025-08-01 01:51:22 PM,367.0,100,36700.0,51781045.149999924
2025-08-01 01:51:34 PM,366.9,0,0.0,51781045.149999924
2025-08-01 01:51:36 PM,366.9,70,25683.0,51806728.149999924
2025-08-01 01:51:51 PM,367.0,268,98356.0,51905084.149999924
2025-08-01 01:51:52 PM,367.35,0,0.0,51905084.149999924
2025-08-01 01:51:55 PM,367.35,50,18367.5,51923451.649999924
2025-08-01 01:52:44 PM,367.35,150,55102.5,51978554.149999924
2025-08-01 01:52:56 PM,367.45,0,0.0,51978554.149999924
2025-08-01 01:52:58 PM,367.2,0,0.0,51978554.149999924
2025-08-01 01:52:59 PM,367.2,177,64994.4,52043548.54999992
2025-08-01 01:53:25 PM,367.3,0,0.0,52043548.54999992
2025-08-01 01:53:27 PM,367.3,20,7346.0,52050894.54999992
2025-08-01 01:53:36 PM,367.5,199,73132.5,52124027.04999992
2025-08-01 01:53:50 PM,367.5,40,14700.0,52138727.04999992
2025-08-01 01:54:15 PM,367.5,5,1837.5,52140564.54999992
2025-08-01 01:54:32 PM,367.55,0,0.0,52140564.54999992
2025-08-01 01:54:33 PM,367.55,30,11026.5,52151591.04999992
2025-08-01 01:54:57 PM,367.55,131,48149.05,52199740.09999992
2025-08-01 01:55:23 PM,367.55,44,16172.2,52215912.29999992
2025-08-01 01:56:52 PM,367.55,100,36755.0,52252667.29999992
2025-08-01 01:57:07 PM,367.55,182,66894.1,52319561.399999924
2025-08-01 01:57:10 PM,367.95,0,0.0,52319561.399999924
2025-08-01 01:57:12 PM,367.95,1498,551189.1,52870750.499999925
2025-08-01 01:59:50 PM,367.15,0,0.0,52870750.499999925
2025-08-01 01:59:52 PM,367.15,50,18357.5,52889107.999999925
2025-08-01 02:00:06 PM,367.45,0,0.0,52889107.999999925
2025-08-01 02:00:07 PM,367.45,82,30130.899999999998,52919238.899999924
2025-08-01 02:00:24 PM,367.5,0,0.0,52919238.899999924
2025-08-01 02:00:27 PM,367.5,1,367.5,52919606.399999924
2025-08-01 02:01:05 PM,367.2,0,0.0,52919606.399999924
2025-08-01 02:01:05 PM,367.2,50,18360.0,52937966.399999924
2025-08-01 02:02:10 PM,367.5,0,0.0,52937966.399999924
2025-08-01 02:02:13 PM,367.5,26,9555.0,52947521.399999924
2025-08-01 02:02:28 PM,367.3,0,0.0,52947521.399999924
2025-08-01 02:02:32 PM,367.3,145,53258.5,53000779.899999924
2025-08-01 02:04:03 PM,367.2,84,30844.8,53031624.69999992
2025-08-01 02:04:04 PM,367.55,0,0.0,53031624.69999992
2025-08-01 02:04:08 PM,367.55,202,74245.1,53105869.79999992
2025-08-01 02:04:21 PM,367.2,0,0.0,53105869.79999992
2025-08-01 02:04:23 PM,367.2,28,10281.6,53116151.399999924
2025-08-01 02:04:50 PM,367.2,50,18360.0,53134511.399999924
2025-08-01 02:05:20 PM,367.2,50,18360.0,53152871.399999924
2025-08-01 02:06:33 PM,367.45,0,0.0,53152871.399999924
2025-08-01 02:06:34 PM,367.45,172,63201.4,53216072.79999992
2025-08-01 02:06:45 PM,367.45,2,734.9,53216807.69999992
2025-08-01 02:08:06 PM,367.0,0,0.0,53216807.69999992
2025-08-01 02:08:07 PM,367.0,1202,441134.0,53657941.69999992
2025-08-01 02:08:12 PM,366.5,90,32985.0,53690926.69999992
2025-08-01 02:08:12 PM,366.9,168,61639.2,53752565.899999924
2025-08-01 02:08:32 PM,366.5,42,15393.0,53767958.899999924
2025-08-01 02:08:43 PM,366.6,31,11364.6,53779323.499999925
2025-08-01 02:08:54 PM,366.6,10,3666.0,53782989.499999925
2025-08-01 02:09:29 PM,366.6,4,1466.4,53784455.899999924
2025-08-01 02:09:54 PM,366.5,46,16859.0,53801314.899999924
2025-08-01 02:10:41 PM,367.05,0,0.0,53801314.899999924
2025-08-01 02:10:44 PM,367.05,273,100204.65000000001,53901519.54999992
2025-08-01 02:11:21 PM,367.05,32,11745.6,53913265.149999924
2025-08-01 02:12:36 PM,367.25,0,0.0,53913265.149999924
2025-08-01 02:12:38 PM,367.25,178,65370.5,53978635.649999924
2025-08-01 02:12:48 PM,367.25,10,3672.5,53982308.149999924
2025-08-01 02:13:02 PM,367.1,0,0.0,53982308.149999924
2025-08-01 02:13:03 PM,367.1,61,22393.100000000002,54004701.249999925
2025-08-01 02:13:13 PM,366.8,170,62356.0,54067057.249999925
2025-08-01 02:14:08 PM,366.8,5,1834.0,54068891.249999925
2025-08-01 02:15:08 PM,366.9,0,0.0,54068891.249999925
2025-08-01 02:15:08 PM,366.9,6,2201.3999999999996,54071092.649999924
2025-08-01 02:15:59 PM,367.05,25,9176.25,54080268.899999924
2025-08-01 02:18:00 PM,366.9,0,0.0,54080268.899999924
2025-08-01 02:18:04 PM,366.9,10,3669.0,54083937.899999924
2025-08-01 02:18:56 PM,366.7,0,0.0,54083937.899999924
2025-08-01 02:19:00 PM,366.7,986,361566.2,54445504.09999993
2025-08-01 02:19:04 PM,366.65,0,0.0,54445504.09999993
2025-08-01 02:19:05 PM,366.65,116,42531.399999999994,54488035.499999925
2025-08-01 02:19:08 PM,366.85,0,0.0,54488035.499999925
2025-08-01 02:19:10 PM,366.65,0,0.0,54488035.499999925
2025-08-01 02:19:10 PM,366.65,15,5499.75,54493535.249999925
2025-08-01 02:19:16 PM,366.65,5,1833.25,54495368.499999925
2025-08-01 02:19:32 PM,366.65,87,31898.55,54527267.04999992
2025-08-01 02:20:00 PM,366.2,0,0.0,54527267.04999992
2025-08-01 02:20:03 PM,366.2,115,42113.0,54569380.04999992
2025-08-01 02:20:34 PM,366.1,0,0.0,54569380.04999992
2025-08-01 02:20:34 PM,366.1,9,3294.9,54572674.94999992
2025-08-01 02:21:03 PM,366.25,85,31131.25,54603806.19999992
2025-08-01 02:21:14 PM,366.25,2,732.5,54604538.69999992
2025-08-01 02:21:46 PM,366.25,122,44682.5,54649221.19999992
2025-08-01 02:22:05 PM,365.6,0,0.0,54649221.19999992
2025-08-01 02:22:07 PM,365.6,449,164154.40000000002,54813375.59999992
2025-08-01 02:22:08 PM,366.1,0,0.0,54813375.59999992
2025-08-01 02:22:08 PM,366.1,273,99945.3,54913320.89999992
2025-08-01 02:22:22 PM,365.7,0,0.0,54913320.89999992
2025-08-01 02:22:24 PM,365.7,8,2925.6,54916246.49999992
2025-08-01 02:22:32 PM,365.05,0,0.0,54916246.49999992
2025-08-01 02:22:34 PM,365.05,333,121561.65000000001,55037808.14999992
2025-08-01 02:22:43 PM,365.0,0,0.0,55037808.14999992
2025-08-01 02:22:44 PM,365.15,0,0.0,55037808.14999992
2025-08-01 02:22:45 PM,365.15,1101,402030.14999999997,55439838.299999915
2025-08-01 02:22:50 PM,365.45,0,0.0,55439838.299999915
2025-08-01 02:22:50 PM,365.45,50,18272.5,55458110.799999915
2025-08-01 02:23:37 PM,365.35,0,0.0,55458110.799999915
2025-08-01 02:23:38 PM,365.35,10,3653.5,55461764.299999915
2025-08-01 02:24:18 PM,365.4,0,0.0,55461764.299999915
2025-08-01 02:24:21 PM,365.4,229,83676.59999999999,55545440.89999992
2025-08-01 02:25:27 PM,365.1,0,0.0,55545440.89999992
2025-08-01 02:25:30 PM,365.1,992,362179.2,55907620.09999992
2025-08-01 02:25:52 PM,364.95,0,0.0,55907620.09999992
2025-08-01 02:25:56 PM,364.95,422,154008.9,56061628.99999992
2025-08-01 02:26:00 PM,364.75,0,0.0,56061628.99999992
2025-08-01 02:26:01 PM,364.75,333,121461.75,56183090.74999992
2025-08-01 02:27:22 PM,364.75,250,91187.5,56274278.24999992
2025-08-01 02:27:24 PM,364.55,0,0.0,56274278.24999992
2025-08-01 02:27:27 PM,364.55,75,27341.25,56301619.49999992
2025-08-01 02:27:49 PM,364.55,146,53224.3,56354843.799999915
2025-08-01 02:28:02 PM,364.25,0,0.0,56354843.799999915
2025-08-01 02:28:05 PM,364.25,104,37882.0,56392725.799999915
2025-08-01 02:28:11 PM,364.1,130,47333.0,56440058.799999915
2025-08-01 02:28:32 PM,364.55,891,324814.05,56764872.84999991
2025-08-01 02:28:37 PM,364.55,10,3645.5,56768518.34999991
2025-08-01 02:28:49 PM,365.0,0,0.0,56768518.34999991
2025-08-01 02:28:49 PM,365.0,275,100375.0,56868893.34999991
2025-08-01 02:28:58 PM,364.65,0,0.0,56868893.34999991
2025-08-01 02:29:00 PM,364.65,200,72930.0,56941823.34999991
2025-08-01 02:29:06 PM,364.65,2,729.3,56942552.64999991
2025-08-01 02:29:08 PM,364.6,0,0.0,56942552.64999991
2025-08-01 02:29:12 PM,364.6,71,25886.600000000002,56968439.24999991
2025-08-01 02:29:22 PM,364.55,0,0.0,56968439.24999991
2025-08-01 02:29:23 PM,364.55,100,36455.0,57004894.24999991
2025-08-01 02:29:59 PM,364.45,0,0.0,57004894.24999991
2025-08-01 02:30:01 PM,364.45,525,191336.25,57196230.49999991
2025-08-01 02:30:08 PM,364.85,5,1824.25,57198054.74999991
2025-08-01 02:30:42 PM,364.55,0,0.0,57198054.74999991
2025-08-01 02:30:44 PM,364.55,100,36455.0,57234509.74999991
2025-08-01 02:30:53 PM,364.85,0,0.0,57234509.74999991
2025-08-01 02:30:55 PM,364.85,30,10945.5,57245455.24999991
2025-08-01 02:31:17 PM,364.55,0,0.0,57245455.24999991
2025-08-01 02:31:18 PM,364.55,100,36455.0,57281910.24999991
2025-08-01 02:31:23 PM,364.55,50,18227.5,57300137.74999991
2025-08-01 02:31:26 PM,364.95,0,0.0,57300137.74999991
2025-08-01 02:31:29 PM,364.95,10003,3650594.85,60950732.59999991
2025-08-01 02:31:47 PM,365.5,0,0.0,60950732.59999991
2025-08-01 02:31:50 PM,365.6,0,0.0,60950732.59999991
2025-08-01 02:31:50 PM,365.6,92,33635.200000000004,60984367.799999915
2025-08-01 02:33:19 PM,365.85,30,10975.5,60995343.299999915
2025-08-01 02:33:41 PM,365.45,0,0.0,60995343.299999915
2025-08-01 02:33:41 PM,365.45,666,243389.69999999998,61238732.99999992
2025-08-01 02:33:49 PM,366.3,0,0.0,61238732.99999992
2025-08-01 02:33:50 PM,366.3,273,99999.90000000001,61338732.89999992
2025-08-01 02:34:26 PM,365.45,0,0.0,61338732.89999992
2025-08-01 02:34:26 PM,365.45,457,167010.65,61505743.549999915
2025-08-01 02:34:38 PM,365.8,0,0.0,61505743.549999915
2025-08-01 02:34:39 PM,365.8,1,365.8,61506109.34999991
2025-08-01 02:34:53 PM,365.45,0,0.0,61506109.34999991
2025-08-01 02:34:53 PM,365.45,166,60664.7,61566774.049999915
2025-08-01 02:34:58 PM,365.35,70,25574.5,61592348.549999915
2025-08-01 02:35:19 PM,365.55,0,0.0,61592348.549999915
2025-08-01 02:35:20 PM,365.55,84,30706.2,61623054.74999992
2025-08-01 02:35:22 PM,365.8,0,0.0,61623054.74999992
2025-08-01 02:35:22 PM,365.8,9,3292.2000000000003,61626346.94999992
2025-08-01 02:35:54 PM,365.55,0,0.0,61626346.94999992
2025-08-01 02:35:55 PM,365.55,1,365.55,61626712.49999992
2025-08-01 02:38:04 PM,365.45,171,62491.95,61689204.44999992
2025-08-01 02:38:26 PM,365.0,0,0.0,61689204.44999992
2025-08-01 02:38:28 PM,365.0,8,2920.0,61692124.44999992
2025-08-01 02:38:45 PM,365.0,20,7300.0,61699424.44999992
2025-08-01 02:39:08 PM,365.05,0,0.0,61699424.44999992
2025-08-01 02:39:08 PM,365.05,1,365.05,61699789.49999992
2025-08-01 02:39:23 PM,365.15,0,0.0,61699789.49999992
2025-08-01 02:39:25 PM,365.15,1,365.15,61700154.64999992
2025-08-01 02:40:19 PM,365.5,0,0.0,61700154.64999992
2025-08-01 02:40:21 PM,365.5,72,26316.0,61726470.64999992
2025-08-01 02:40:53 PM,365.4,0,0.0,61726470.64999992
2025-08-01 02:40:54 PM,365.4,10,3654.0,61730124.64999992
2025-08-01 02:41:17 PM,365.35,100,36535.0,61766659.64999992
2025-08-01 02:41:21 PM,365.75,0,0.0,61766659.64999992
2025-08-01 02:41:22 PM,365.75,10,3657.5,61770317.14999992
2025-08-01 02:41:27 PM,365.4,0,0.0,61770317.14999992
2025-08-01 02:41:27 PM,365.4,29,10596.599999999999,61780913.74999992
2025-08-01 02:42:57 PM,365.35,3,1096.0500000000002,61782009.799999915
2025-08-01 02:43:42 PM,365.15,0,0.0,61782009.799999915
2025-08-01 02:43:46 PM,365.15,20,7303.0,61789312.799999915
2025-08-01 02:43:54 PM,364.8,0,0.0,61789312.799999915
2025-08-01 02:43:57 PM,364.8,1413,515462.4,62304775.19999991
2025-08-01 02:44:05 PM,364.5,0,0.0,62304775.19999991
2025-08-01 02:44:08 PM,364.55,0,0.0,62304775.19999991
2025-08-01 02:44:08 PM,364.55,64,23331.2,62328106.39999992
2025-08-01 02:44:17 PM,364.5,0,0.0,62328106.39999992
2025-08-01 02:44:20 PM,364.5,50,18225.0,62346331.39999992
2025-08-01 02:44:42 PM,364.55,800,291640.0,62637971.39999992
2025-08-01 02:44:59 PM,364.55,90,32809.5,62670780.89999992
2025-08-01 02:45:14 PM,364.95,0,0.0,62670780.89999992
2025-08-01 02:45:16 PM,364.95,84,30655.8,62701436.69999991
2025-08-01 02:45:35 PM,365.2,0,0.0,62701436.69999991
2025-08-01 02:45:38 PM,365.2,1,365.2,62701801.89999992
2025-08-01 02:46:28 PM,365.0,501,182865.0,62884666.89999992
2025-08-01 02:46:34 PM,364.95,0,0.0,62884666.89999992
2025-08-01 02:46:34 PM,364.95,37,13503.15,62898170.049999915
2025-08-01 02:46:55 PM,364.8,0,0.0,62898170.049999915
2025-08-01 02:46:55 PM,364.8,499,182035.2,63080205.24999992
2025-08-01 02:47:18 PM,365.05,173,63153.65,63143358.89999992
2025-08-01 02:48:22 PM,365.4,21,7673.4,63151032.299999915
2025-08-01 02:49:04 PM,365.5,0,0.0,63151032.299999915
2025-08-01 02:49:06 PM,365.5,1,365.5,63151397.799999915
2025-08-01 02:49:16 PM,365.55,0,0.0,63151397.799999915
2025-08-01 02:49:17 PM,365.55,53,19374.15,63170771.94999991
2025-08-01 02:49:32 PM,365.85,0,0.0,63170771.94999991
2025-08-01 02:49:33 PM,366.0,257,94062.0,63264833.94999991
2025-08-01 02:49:39 PM,366.2,0,0.0,63264833.94999991
2025-08-01 02:49:39 PM,366.2,5,1831.0,63266664.94999991
2025-08-01 02:49:45 PM,366.2,2,732.4,63267397.34999991
2025-08-01 02:50:07 PM,366.2,1,366.2,63267763.549999915
2025-08-01 02:50:45 PM,366.2,2,732.4,63268495.94999991
2025-08-01 02:51:00 PM,365.55,0,0.0,63268495.94999991
2025-08-01 02:51:01 PM,365.55,1215,444143.25,63712639.19999991
2025-08-01 02:51:05 PM,365.0,0,0.0,63712639.19999991
2025-08-01 02:51:07 PM,365.0,4500,1642500.0,65355139.19999991
2025-08-01 02:51:45 PM,365.1,266,97116.6,65452255.799999915
2025-08-01 02:52:12 PM,365.0,226,82490.0,65534745.799999915
2025-08-01 02:52:17 PM,365.0,4,1460.0,65536205.799999915
2025-08-01 02:53:00 PM,364.5,200,72900.0,65609105.799999915
2025-08-01 02:53:01 PM,364.95,0,0.0,65609105.799999915
2025-08-01 02:53:03 PM,364.75,0,0.0,65609105.799999915
2025-08-01 02:53:04 PM,364.75,15,5471.25,65614577.049999915
2025-08-01 02:53:15 PM,364.95,0,0.0,65614577.049999915
2025-08-01 02:53:16 PM,364.95,192,70070.4,65684647.44999991
2025-08-01 02:53:42 PM,364.6,0,0.0,65684647.44999991
2025-08-01 02:53:42 PM,364.6,20,7292.0,65691939.44999991
2025-08-01 02:54:21 PM,364.85,0,0.0,65691939.44999991
2025-08-01 02:54:22 PM,364.85,5,1824.25,65693763.69999991
2025-08-01 02:54:38 PM,364.55,13,4739.150000000001,65698502.84999991
2025-08-01 02:54:45 PM,364.75,0,0.0,65698502.84999991
2025-08-01 02:54:46 PM,364.75,38,13860.5,65712363.34999991
2025-08-01 02:54:57 PM,364.75,10,3647.5,65716010.84999991
2025-08-01 02:55:05 PM,364.75,4,1459.0,65717469.84999991
2025-08-01 02:55:25 PM,364.75,1,364.75,65717834.59999991
2025-08-01 02:56:02 PM,364.8,0,0.0,65717834.59999991
2025-08-01 02:56:03 PM,364.8,7,2553.6,65720388.19999991
2025-08-01 02:56:04 PM,364.8,9,3283.2000000000003,65723671.39999992
2025-08-01 02:56:09 PM,364.8,12,4377.6,65728048.99999992
2025-08-01 02:56:56 PM,364.6,0,0.0,65728048.99999992
2025-08-01 02:56:59 PM,364.6,5,1823.0,65729871.99999992
2025-08-01 02:56:59 PM,364.6,1,364.6,65730236.59999992
2025-08-01 02:57:11 PM,364.6,175,63805.00000000001,65794041.59999992
2025-08-01 02:57:22 PM,364.65,30,10939.5,65804981.09999992
2025-08-01 02:57:32 PM,364.7,20,7294.0,65812275.09999992
2025-08-01 02:57:38 PM,364.7,10,3647.0,65815922.09999992
2025-08-01 02:57:48 PM,364.5,0,0.0,65815922.09999992
2025-08-01 02:57:48 PM,364.5,1199,437035.5,66252957.59999992
2025-08-01 02:57:51 PM,364.6,0,0.0,66252957.59999992
2025-08-01 02:57:54 PM,364.6,250,91150.0,66344107.59999992
2025-08-01 02:57:57 PM,364.2,0,0.0,66344107.59999992
2025-08-01 02:57:59 PM,364.2,324,118000.8,66462108.39999992
2025-08-01 02:58:05 PM,364.2,588,214149.6,66676257.99999992
2025-08-01 02:58:06 PM,364.1,28,10194.800000000001,66686452.799999915
2025-08-01 02:58:11 PM,364.1,73,26579.300000000003,66713032.09999991
2025-08-01 02:58:11 PM,363.45,0,0.0,66713032.09999991
2025-08-01 02:58:12 PM,363.45,2584,939154.7999999999,67652186.89999992
2025-08-01 02:58:14 PM,362.75,0,0.0,67652186.89999992
2025-08-01 02:58:17 PM,362.55,0,0.0,67652186.89999992
2025-08-01 02:58:17 PM,362.55,545,197589.75,67849776.64999992
2025-08-01 02:58:18 PM,362.55,13891,5036182.05,72885958.69999991
2025-08-01 02:58:19 PM,362.1,0,0.0,72885958.69999991
2025-08-01 02:58:23 PM,362.2,420,152124.0,73038082.69999991
2025-08-01 02:58:24 PM,361.8,262,94791.6,73132874.29999991
2025-08-01 02:58:28 PM,362.25,0,0.0,73132874.29999991
2025-08-01 02:58:29 PM,361.6,0,0.0,73132874.29999991
2025-08-01 02:58:29 PM,361.6,356,128729.6,73261603.8999999
2025-08-01 02:58:40 PM,361.7,552,199658.4,73461262.29999991
2025-08-01 02:58:41 PM,361.9,0,0.0,73461262.29999991
2025-08-01 02:58:41 PM,361.9,100,36190.0,73497452.29999991
2025-08-01 02:58:46 PM,361.85,237,85758.45000000001,73583210.74999991
2025-08-01 02:58:56 PM,361.75,213,77052.75,73660263.49999991
2025-08-01 02:59:10 PM,361.5,0,0.0,73660263.49999991
2025-08-01 02:59:10 PM,361.5,209,75553.5,73735816.99999991
2025-08-01 02:59:18 PM,361.75,0,0.0,73735816.99999991
2025-08-01 02:59:20 PM,361.75,461,166766.75,73902583.74999991
2025-08-01 02:59:23 PM,361.8,0,0.0,73902583.74999991
2025-08-01 02:59:25 PM,361.95,56,20269.2,73922852.94999991
2025-08-01 02:59:35 PM,361.8,0,0.0,73922852.94999991
2025-08-01 02:59:36 PM,361.8,262,94791.6,74017644.54999991
2025-08-01 02:59:48 PM,361.95,0,0.0,74017644.54999991
2025-08-01 02:59:49 PM,361.95,72,26060.399999999998,74043704.94999991
2025-08-01 02:59:58 PM,362.1,2,724.2,74044429.14999992
2025-08-01 03:00:00 PM,362.55,58,21027.9,74065457.04999992
2025-08-01 03:00:04 PM,362.55,30,10876.5,74076333.54999992
2025-08-01 03:00:06 PM,362.85,1,362.85,74076696.39999992
2025-08-01 03:00:09 PM,363.2,0,0.0,74076696.39999992
2025-08-01 03:00:11 PM,363.2,300,108960.0,74185656.39999992
2025-08-01 03:00:13 PM,363.05,3,1089.15,74186745.54999992
2025-08-01 03:00:14 PM,362.95,0,0.0,74186745.54999992
2025-08-01 03:00:17 PM,362.95,5,1814.75,74188560.29999992
2025-08-01 03:00:20 PM,363.05,0,0.0,74188560.29999992
2025-08-01 03:00:22 PM,363.05,233,84590.65000000001,74273150.94999993
2025-08-01 03:00:27 PM,363.1,0,0.0,74273150.94999993
2025-08-01 03:00:28 PM,363.1,281,102031.1,74375182.04999992
2025-08-01 03:00:45 PM,363.05,0,0.0,74375182.04999992
2025-08-01 03:00:46 PM,363.05,9,3267.4500000000003,74378449.49999993
2025-08-01 03:00:54 PM,363.35,0,0.0,74378449.49999993
2025-08-01 03:00:54 PM,363.35,98,35608.3,74414057.79999992
2025-08-01 03:01:00 PM,363.6,1,363.6,74414421.39999992
2025-08-01 03:01:04 PM,363.6,3,1090.8000000000002,74415512.19999991
2025-08-01 03:01:10 PM,363.65,0,0.0,74415512.19999991
2025-08-01 03:01:10 PM,363.65,1,363.65,74415875.84999992
2025-08-01 03:01:34 PM,363.25,181,65748.25,74481624.09999992
2025-08-01 03:01:40 PM,363.3,0,0.0,74481624.09999992
2025-08-01 03:01:40 PM,363.3,33,11988.9,74493612.99999993
2025-08-01 03:01:42 PM,363.65,0,0.0,74493612.99999993
2025-08-01 03:01:44 PM,363.6,288,104716.8,74598329.79999992
2025-08-01 03:01:52 PM,363.55,1,363.55,74598693.34999992
2025-08-01 03:02:12 PM,363.6,0,0.0,74598693.34999992
2025-08-01 03:02:14 PM,363.6,2,727.2,74599420.54999992
2025-08-01 03:02:17 PM,363.85,99,36021.15,74635441.69999993
2025-08-01 03:02:29 PM,363.7,134,48735.799999999996,74684177.49999993
2025-08-01 03:02:38 PM,363.85,35,12734.75,74696912.24999993
2025-08-01 03:02:41 PM,364.0,225,81900.0,74778812.24999993
2025-08-01 03:02:45 PM,363.95,1,363.95,74779176.19999993
2025-08-01 03:02:54 PM,363.7,55,20003.5,74799179.69999993
2025-08-01 03:02:55 PM,363.6,0,0.0,74799179.69999993
2025-08-01 03:02:57 PM,363.6,223,81082.8,74880262.49999993
2025-08-01 03:03:06 PM,363.55,55,19995.25,74900257.74999993
2025-08-01 03:03:09 PM,363.6,267,97081.20000000001,74997338.94999993
2025-08-01 03:03:24 PM,363.6,1,363.6,74997702.54999992
2025-08-01 03:03:28 PM,363.45,25,9086.25,75006788.79999992
2025-08-01 03:03:36 PM,363.1,0,0.0,75006788.79999992
2025-08-01 03:03:36 PM,363.25,41,14893.25,75021682.04999992
2025-08-01 03:03:42 PM,363.3,0,0.0,75021682.04999992
2025-08-01 03:03:43 PM,363.3,1,363.3,75022045.34999992
2025-08-01 03:03:54 PM,363.3,1,363.3,75022408.64999992
2025-08-01 03:04:03 PM,363.3,3,1089.9,75023498.54999992
2025-08-01 03:04:10 PM,363.25,120,43590.0,75067088.54999992
2025-08-01 03:04:22 PM,363.25,20,7265.0,75074353.54999992
2025-08-01 03:04:32 PM,363.1,16,5809.6,75080163.14999992
2025-08-01 03:04:38 PM,363.1,1,363.1,75080526.24999991
2025-08-01 03:04:41 PM,363.1,246,89322.6,75169848.8499999
2025-08-01 03:04:53 PM,362.95,0,0.0,75169848.8499999
2025-08-01 03:04:53 PM,362.95,25,9073.75,75178922.5999999
2025-08-01 03:05:02 PM,363.0,2,726.0,75179648.5999999
2025-08-01 03:05:05 PM,363.0,1,363.0,75180011.5999999
2025-08-01 03:05:08 PM,363.1,1035,375808.5,75555820.0999999
2025-08-01 03:05:10 PM,362.8,0,0.0,75555820.0999999
2025-08-01 03:05:12 PM,362.8,497,180311.6,75736131.6999999
2025-08-01 03:05:24 PM,362.95,0,0.0,75736131.6999999
2025-08-01 03:05:25 PM,362.95,36,13066.199999999999,75749197.8999999
2025-08-01 03:05:31 PM,363.1,0,0.0,75749197.8999999
2025-08-01 03:05:31 PM,363.1,1,363.1,75749560.9999999
2025-08-01 03:05:37 PM,362.95,0,0.0,75749560.9999999
2025-08-01 03:05:37 PM,362.95,33,11977.35,75761538.34999989
2025-08-01 03:05:40 PM,363.45,0,0.0,75761538.34999989
2025-08-01 03:05:40 PM,363.45,278,101039.09999999999,75862577.44999988
2025-08-01 03:05:56 PM,363.45,1,363.45,75862940.89999989
2025-08-01 03:06:01 PM,363.1,0,0.0,75862940.89999989
2025-08-01 03:06:02 PM,363.1,5,1815.5,75864756.39999989
2025-08-01 03:06:10 PM,363.35,0,0.0,75864756.39999989
2025-08-01 03:06:11 PM,363.35,1,363.35,75865119.74999988
2025-08-01 03:06:23 PM,363.3,1,363.3,75865483.04999988
2025-08-01 03:06:33 PM,363.1,181,65721.1,75931204.14999987
2025-08-01 03:06:50 PM,363.5,0,0.0,75931204.14999987
2025-08-01 03:06:52 PM,363.5,1,363.5,75931567.64999987
2025-08-01 03:07:01 PM,363.45,2,726.9,75932294.54999988
2025-08-01 03:07:18 PM,363.3,0,0.0,75932294.54999988
2025-08-01 03:07:19 PM,363.3,1,363.3,75932657.84999987
2025-08-01 03:07:25 PM,363.1,0,0.0,75932657.84999987
2025-08-01 03:07:26 PM,363.1,5,1815.5,75934473.34999987
2025-08-01 03:07:38 PM,362.95,30,10888.5,75945361.84999987
2025-08-01 03:07:52 PM,363.1,0,0.0,75945361.84999987
2025-08-01 03:07:53 PM,363.1,2,726.2,75946088.04999988
2025-08-01 03:08:02 PM,363.15,17,6173.549999999999,75952261.59999987
2025-08-01 03:08:06 PM,363.1,50,18155.0,75970416.59999987
2025-08-01 03:08:08 PM,363.15,0,0.0,75970416.59999987
2025-08-01 03:08:08 PM,363.15,1,363.15,75970779.74999988
2025-08-01 03:08:27 PM,363.15,1,363.15,75971142.89999989
2025-08-01 03:08:31 PM,362.7,249,90312.3,76061455.19999988
2025-08-01 03:08:46 PM,362.9,33,11975.699999999999,76073430.89999989
2025-08-01 03:09:02 PM,363.0,2,726.0,76074156.89999989
2025-08-01 03:09:09 PM,363.0,1,363.0,76074519.89999989
2025-08-01 03:09:17 PM,363.0,14,5082.0,76079601.89999989
2025-08-01 03:09:20 PM,362.95,0,0.0,76079601.89999989
2025-08-01 03:09:21 PM,362.95,21,7621.95,76087223.84999989
2025-08-01 03:09:28 PM,363.4,575,208955.0,76296178.84999989
2025-08-01 03:09:34 PM,363.0,305,110715.0,76406893.84999989
2025-08-01 03:09:50 PM,363.7,500,181850.0,76588743.84999989
2025-08-01 03:09:53 PM,363.15,0,0.0,76588743.84999989
2025-08-01 03:09:55 PM,363.2,7,2542.4,76591286.2499999
2025-08-01 03:10:01 PM,363.25,0,0.0,76591286.2499999
2025-08-01 03:10:02 PM,363.25,3,1089.75,76592375.9999999
2025-08-01 03:10:09 PM,363.05,0,0.0,76592375.9999999
2025-08-01 03:10:09 PM,363.05,24,8713.2,76601089.1999999
2025-08-01 03:10:16 PM,363.25,476,172907.0,76773996.1999999
2025-08-01 03:10:20 PM,363.2,0,0.0,76773996.1999999
2025-08-01 03:10:23 PM,363.2,7,2542.4,76776538.5999999
2025-08-01 03:10:31 PM,362.85,0,0.0,76776538.5999999
2025-08-01 03:10:32 PM,362.85,6,2177.1000000000004,76778715.6999999
2025-08-01 03:10:43 PM,363.1,33,11982.300000000001,76790697.9999999
2025-08-01 03:10:49 PM,362.9,0,0.0,76790697.9999999
2025-08-01 03:10:49 PM,362.9,1,362.9,76791060.8999999
2025-08-01 03:10:56 PM,362.85,250,90712.5,76881773.3999999
2025-08-01 03:11:01 PM,362.95,0,0.0,76881773.3999999
2025-08-01 03:11:02 PM,362.95,9,3266.5499999999997,76885039.9499999
2025-08-01 03:11:07 PM,362.2,0,0.0,76885039.9499999
2025-08-01 03:11:09 PM,362.75,965,350053.75,77235093.6999999
2025-08-01 03:11:15 PM,362.75,31,11245.25,77246338.9499999
2025-08-01 03:11:19 PM,362.65,0,0.0,77246338.9499999
2025-08-01 03:11:21 PM,362.95,762,276567.89999999997,77522906.8499999
2025-08-01 03:11:41 PM,362.9,7,2540.2999999999997,77525447.1499999
2025-08-01 03:11:43 PM,362.7,0,0.0,77525447.1499999
2025-08-01 03:11:43 PM,362.7,1,362.7,77525809.8499999
2025-08-01 03:11:49 PM,362.9,0,0.0,77525809.8499999
2025-08-01 03:11:49 PM,362.9,5,1814.5,77527624.3499999
2025-08-01 03:12:02 PM,362.45,23,8336.35,77535960.6999999
2025-08-01 03:12:09 PM,362.4,1001,362762.39999999997,77898723.0999999
2025-08-01 03:12:13 PM,362.4,31,11234.4,77909957.49999991
2025-08-01 03:12:20 PM,362.8,8,2902.4,77912859.89999992
2025-08-01 03:12:28 PM,362.4,34,12321.599999999999,77925181.49999991
2025-08-01 03:12:39 PM,362.4,1,362.4,77925543.89999992
2025-08-01 03:12:40 PM,362.2,0,0.0,77925543.89999992
2025-08-01 03:12:42 PM,362.5,36,13050.0,77938593.89999992
2025-08-01 03:12:49 PM,362.25,0,0.0,77938593.89999992
2025-08-01 03:12:52 PM,362.0,214,77468.0,78016061.89999992
2025-08-01 03:12:58 PM,362.4,0,0.0,78016061.89999992
2025-08-01 03:12:58 PM,362.4,1,362.4,78016424.29999992
2025-08-01 03:13:01 PM,362.25,10,3622.5,78020046.79999992
2025-08-01 03:13:15 PM,362.0,42,15204.0,78035250.79999992
2025-08-01 03:13:20 PM,361.7,0,0.0,78035250.79999992
2025-08-01 03:13:21 PM,361.7,11,3978.7,78039229.49999993
2025-08-01 03:13:24 PM,362.0,955,345710.0,78384939.49999993
2025-08-01 03:13:36 PM,362.2,1,362.2,78385301.69999993
2025-08-01 03:13:42 PM,362.2,7,2535.4,78387837.09999993
2025-08-01 03:14:00 PM,362.2,193,69904.59999999999,78457741.69999993
2025-08-01 03:14:03 PM,362.2,50,18110.0,78475851.69999993
2025-08-01 03:14:13 PM,362.0,2394,866628.0,79342479.69999993
2025-08-01 03:14:22 PM,362.0,7,2534.0,79345013.69999993
2025-08-01 03:14:25 PM,362.0,3630,1314060.0,80659073.69999993
2025-08-01 03:14:28 PM,362.0,740,267880.0,80926953.69999993
2025-08-01 03:14:34 PM,362.0,2619,948078.0,81875031.69999993
2025-08-01 03:14:36 PM,361.8,0,0.0,81875031.69999993
2025-08-01 03:14:37 PM,361.8,731,264475.8,82139507.49999993
2025-08-01 03:14:40 PM,361.95,2,723.9,82140231.39999993
2025-08-01 03:14:43 PM,361.8,501,181261.80000000002,82321493.19999993
2025-08-01 03:14:49 PM,362.0,701,253762.0,82575255.19999993
2025-08-01 03:14:51 PM,361.8,0,0.0,82575255.19999993
2025-08-01 03:14:52 PM,361.8,200,72360.0,82647615.19999993
2025-08-01 03:15:00 PM,362.15,0,0.0,82647615.19999993
2025-08-01 03:15:01 PM,362.15,8,2897.2,82650512.39999993
2025-08-01 03:15:03 PM,362.05,0,0.0,82650512.39999993
2025-08-01 03:15:05 PM,362.05,29,10499.45,82661011.84999993
2025-08-01 03:15:07 PM,361.95,0,0.0,82661011.84999993
2025-08-01 03:15:08 PM,361.95,18,6515.099999999999,82667526.94999993
2025-08-01 03:15:13 PM,362.05,351,127079.55,82794606.49999993
2025-08-01 03:15:15 PM,362.1,0,0.0,82794606.49999993
2025-08-01 03:15:15 PM,362.1,1,362.1,82794968.59999992
2025-08-01 03:15:17 PM,361.95,0,0.0,82794968.59999992
2025-08-01 03:15:20 PM,361.95,183,66236.84999999999,82861205.44999991
2025-08-01 03:15:23 PM,361.9,5,1809.5,82863014.94999991
2025-08-01 03:15:41 PM,362.15,0,0.0,82863014.94999991
2025-08-01 03:15:42 PM,362.15,1061,384241.14999999997,83247256.09999992
2025-08-01 03:15:52 PM,362.05,20,7241.0,83254497.09999992
2025-08-01 03:16:01 PM,362.15,0,0.0,83254497.09999992
2025-08-01 03:16:04 PM,362.15,84,30420.6,83284917.69999991
2025-08-01 03:16:11 PM,362.1,505,182860.5,83467778.19999991
2025-08-01 03:16:18 PM,362.25,1,362.25,83468140.44999991
2025-08-01 03:16:22 PM,362.4,0,0.0,83468140.44999991
2025-08-01 03:16:25 PM,362.4,7,2536.7999999999997,83470677.24999991
2025-08-01 03:16:37 PM,362.05,0,0.0,83470677.24999991
2025-08-01 03:16:39 PM,362.05,56,20274.8,83490952.04999991
2025-08-01 03:16:45 PM,362.1,151,54677.100000000006,83545629.1499999
2025-08-01 03:16:52 PM,362.1,442,160048.2,83705677.3499999
2025-08-01 03:16:53 PM,361.45,120,43374.0,83749051.3499999
2025-08-01 03:17:00 PM,361.9,7,2533.2999999999997,83751584.6499999
2025-08-01 03:17:05 PM,361.95,14,5067.3,83756651.9499999
2025-08-01 03:17:11 PM,362.05,0,0.0,83756651.9499999
2025-08-01 03:17:12 PM,362.0,3,1086.0,83757737.9499999
2025-08-01 03:17:32 PM,362.0,1,362.0,83758099.9499999
2025-08-01 03:17:38 PM,361.8,555,200799.0,83958898.9499999
2025-08-01 03:17:59 PM,361.55,0,0.0,83958898.9499999
2025-08-01 03:17:59 PM,361.55,23,8315.65,83967214.5999999
2025-08-01 03:18:04 PM,361.6,653,236124.80000000002,84203339.3999999
2025-08-01 03:18:06 PM,361.95,1224,443026.8,84646366.1999999
2025-08-01 03:18:09 PM,361.8,0,0.0,84646366.1999999
2025-08-01 03:18:11 PM,361.8,8,2894.4,84649260.5999999
2025-08-01 03:18:18 PM,361.95,9,3257.5499999999997,84652518.1499999
2025-08-01 03:18:20 PM,362.0,9,3258.0,84655776.1499999
2025-08-01 03:18:24 PM,361.8,35,12663.0,84668439.1499999
2025-08-01 03:18:31 PM,362.0,0,0.0,84668439.1499999
2025-08-01 03:18:31 PM,362.0,1000,362000.0,85030439.1499999
2025-08-01 03:18:44 PM,361.85,547,197931.95,85228371.0999999
2025-08-01 03:18:46 PM,361.8,540,195372.0,85423743.0999999
2025-08-01 03:18:50 PM,361.8,10,3618.0,85427361.0999999
2025-08-01 03:18:59 PM,361.75,9,3255.75,85430616.8499999
2025-08-01 03:19:01 PM,361.8,0,0.0,85430616.8499999
2025-08-01 03:19:03 PM,361.8,15,5427.0,85436043.8499999
2025-08-01 03:19:24 PM,361.75,50,18087.5,85454131.3499999
2025-08-01 03:19:37 PM,361.75,268,96949.0,85551080.3499999
2025-08-01 03:19:40 PM,361.8,0,0.0,85551080.3499999
2025-08-01 03:19:43 PM,361.8,22,7959.6,85559039.9499999
2025-08-01 03:19:49 PM,361.75,1,361.75,85559401.6999999
2025-08-01 03:19:54 PM,361.8,0,0.0,85559401.6999999
2025-08-01 03:19:56 PM,361.75,216,78138.0,85637539.6999999
2025-08-01 03:19:58 PM,361.8,17,6150.6,85643690.2999999
2025-08-01 03:20:02 PM,361.8,16,5788.8,85649479.09999989
2025-08-01 03:20:10 PM,361.8,23,8321.4,85657800.4999999
2025-08-01 03:20:18 PM,361.8,13,4703.400000000001,85662503.8999999
2025-08-01 03:20:20 PM,361.8,21,7597.8,85670101.6999999
2025-08-01 03:20:25 PM,361.6,3357,1213891.2000000002,86883992.8999999
2025-08-01 03:20:34 PM,361.75,0,0.0,86883992.8999999
2025-08-01 03:20:34 PM,361.75,250,90437.5,86974430.3999999
2025-08-01 03:20:39 PM,361.3,1133,409352.9,87383783.29999991
2025-08-01 03:20:48 PM,361.9,0,0.0,87383783.29999991
2025-08-01 03:20:48 PM,361.9,16,5790.4,87389573.69999991
2025-08-01 03:20:52 PM,361.9,2099,759628.1,88149201.79999991
2025-08-01 03:20:55 PM,361.95,23,8324.85,88157526.6499999
2025-08-01 03:20:57 PM,362.15,0,0.0,88157526.6499999
2025-08-01 03:20:59 PM,361.9,279,100970.09999999999,88258496.7499999
2025-08-01 03:21:01 PM,362.0,10,3620.0,88262116.7499999
2025-08-01 03:21:06 PM,362.0,26,9412.0,88271528.7499999
2025-08-01 03:21:09 PM,362.15,277,100315.54999999999,88371844.2999999
2025-08-01 03:21:13 PM,362.2,0,0.0,88371844.2999999
2025-08-01 03:21:13 PM,362.2,456,165163.19999999998,88537007.4999999
2025-08-01 03:21:22 PM,362.8,0,0.0,88537007.4999999
2025-08-01 03:21:23 PM,362.8,300,108840.0,88645847.4999999
2025-08-01 03:21:41 PM,362.9,8,2903.2,88648750.6999999
2025-08-01 03:21:59 PM,362.95,0,0.0,88648750.6999999
2025-08-01 03:22:01 PM,362.75,347,125874.25,88774624.9499999
2025-08-01 03:22:02 PM,362.95,0,0.0,88774624.9499999
2025-08-01 03:22:02 PM,362.95,4,1451.8,88776076.7499999
2025-08-01 03:22:07 PM,362.65,157,56936.049999999996,88833012.7999999
2025-08-01 03:22:14 PM,362.75,30,10882.5,88843895.2999999
2025-08-01 03:22:16 PM,362.0,513,185706.0,89029601.2999999
2025-08-01 03:22:21 PM,362.4,7,2536.7999999999997,89032138.09999989
2025-08-01 03:22:23 PM,362.65,363,131641.94999999998,89163780.0499999
2025-08-01 03:22:35 PM,362.6,13,4713.8,89168493.84999989
2025-08-01 03:22:41 PM,362.25,151,54699.75,89223193.59999989
2025-08-01 03:22:48 PM,362.6,2,725.2,89223918.7999999
2025-08-01 03:23:01 PM,362.6,8,2900.8,89226819.59999989
2025-08-01 03:23:06 PM,362.2,0,0.0,89226819.59999989
2025-08-01 03:23:08 PM,362.2,87,31511.399999999998,89258330.9999999
2025-08-01 03:23:21 PM,362.05,332,120200.6,89378531.59999989
2025-08-01 03:23:26 PM,362.25,0,0.0,89378531.59999989
2025-08-01 03:23:28 PM,362.25,14,5071.5,89383603.09999989
2025-08-01 03:23:29 PM,361.5,400,144600.0,89528203.09999989
2025-08-01 03:23:41 PM,361.95,7,2533.65,89530736.7499999
2025-08-01 03:23:47 PM,361.95,71,25698.45,89556435.1999999
2025-08-01 03:24:00 PM,362.0,1,362.0,89556797.1999999
2025-08-01 03:24:05 PM,362.25,0,0.0,89556797.1999999
2025-08-01 03:24:07 PM,362.25,128,46368.0,89603165.1999999
2025-08-01 03:24:14 PM,362.25,2,724.5,89603889.6999999
2025-08-01 03:24:21 PM,362.2,13,4708.599999999999,89608598.2999999
2025-08-01 03:24:29 PM,362.5,34,12325.0,89620923.2999999
2025-08-01 03:24:34 PM,362.2,800,289760.0,89910683.2999999
2025-08-01 03:24:56 PM,362.2,31,11228.199999999999,89921911.4999999
2025-08-01 03:25:01 PM,362.4,7,2536.7999999999997,89924448.2999999
2025-08-01 03:25:07 PM,361.65,260,94029.0,90018477.2999999
2025-08-01 03:25:14 PM,362.1,197,71333.70000000001,90089810.9999999
2025-08-01 03:25:25 PM,362.55,0,0.0,90089810.9999999
2025-08-01 03:25:27 PM,362.55,1,362.55,90090173.5499999
2025-08-01 03:25:40 PM,362.55,13,4713.150000000001,90094886.6999999
2025-08-01 03:25:46 PM,362.15,43,15572.449999999999,90110459.1499999
2025-08-01 03:26:06 PM,362.15,160,57944.0,90168403.1499999
2025-08-01 03:26:08 PM,362.1,0,0.0,90168403.1499999
2025-08-01 03:26:13 PM,362.0,874,316388.0,90484791.1499999
2025-08-01 03:26:14 PM,362.0,541,195842.0,90680633.1499999
2025-08-01 03:26:20 PM,362.5,7,2537.5,90683170.6499999
2025-08-01 03:26:27 PM,362.5,253,91712.5,90774883.1499999
2025-08-01 03:26:35 PM,362.6,0,0.0,90774883.1499999
2025-08-01 03:26:35 PM,362.6,1,362.6,90775245.7499999
2025-08-01 03:26:40 PM,362.6,32,11603.2,90786848.9499999
2025-08-01 03:26:53 PM,362.6,34,12328.400000000001,90799177.3499999
2025-08-01 03:27:06 PM,362.6,5,1813.0,90800990.3499999
2025-08-01 03:27:13 PM,362.6,34,12328.400000000001,90813318.74999991
2025-08-01 03:27:26 PM,362.55,0,0.0,90813318.74999991
2025-08-01 03:27:27 PM,362.55,47,17039.850000000002,90830358.5999999
2025-08-01 03:27:35 PM,362.5,113,40962.5,90871321.0999999
2025-08-01 03:27:36 PM,362.3,0,0.0,90871321.0999999
2025-08-01 03:27:37 PM,362.3,813,294549.9,91165870.99999991
2025-08-01 03:27:40 PM,362.05,0,0.0,91165870.99999991
2025-08-01 03:27:42 PM,362.05,2,724.1,91166595.0999999
2025-08-01 03:27:50 PM,362.3,0,0.0,91166595.0999999
2025-08-01 03:27:51 PM,362.3,1,362.3,91166957.3999999
2025-08-01 03:28:01 PM,362.05,0,0.0,91166957.3999999
2025-08-01 03:28:02 PM,362.05,625,226281.25,91393238.6499999
2025-08-01 03:28:07 PM,361.0,0,0.0,91393238.6499999
2025-08-01 03:28:09 PM,361.0,1053,380133.0,91773371.6499999
2025-08-01 03:28:29 PM,361.45,0,0.0,91773371.6499999
2025-08-01 03:28:30 PM,361.45,1803,651694.35,92425065.9999999
2025-08-01 03:28:37 PM,362.1,0,0.0,92425065.9999999
2025-08-01 03:28:37 PM,362.1,537,194447.7,92619513.6999999
2025-08-01 03:28:44 PM,362.05,75,27153.75,92646667.4499999
2025-08-01 03:28:46 PM,362.05,49,17740.45,92664407.8999999
2025-08-01 03:28:49 PM,362.0,0,0.0,92664407.8999999
2025-08-01 03:28:51 PM,362.0,226,81812.0,92746219.8999999
2025-08-01 03:29:04 PM,360.2,0,0.0,92746219.8999999
2025-08-01 03:29:05 PM,360.2,417,150203.4,92896423.29999991
2025-08-01 03:29:10 PM,362.0,0,0.0,92896423.29999991
2025-08-01 03:29:13 PM,362.0,100,36200.0,92932623.29999991
2025-08-01 03:29:15 PM,361.6,1,361.6,92932984.8999999
2025-08-01 03:29:18 PM,360.0,0,0.0,92932984.8999999
2025-08-01 03:29:21 PM,360.9,523,188750.69999999998,93121735.5999999
2025-08-01 03:29:23 PM,360.0,135,48600.0,93170335.5999999
2025-08-01 03:29:38 PM,361.6,2,723.2,93171058.79999991
2025-08-01 03:29:43 PM,361.6,187,67619.2,93238677.99999991
2025-08-01 03:29:50 PM,361.6,38,13740.800000000001,93252418.79999991
2025-08-01 03:29:51 PM,362.0,0,0.0,93252418.79999991
2025-08-01 03:29:53 PM,362.0,5,1810.0,93254228.79999991
2025-08-01 03:29:58 PM,362.0,2,724.0,93254952.79999991
