date,price,qty,trnvr,cum_trnvr
2025-08-01 09:15:01 AM,2597.0,152,394744.0,394744.0
2025-08-01 09:15:03 AM,2597.0,1,2597.0,397341.0
2025-08-01 09:15:13 AM,2597.0,3,7791.0,405132.0
2025-08-01 09:15:15 AM,2598.3,138,358565.4,763697.4
2025-08-01 09:15:20 AM,2600.7,0,0.0,763697.4
2025-08-01 09:15:24 AM,2600.7,1,2600.7,766298.1
2025-08-01 09:15:25 AM,2600.7,31,80621.7,846919.7999999999
2025-08-01 09:15:31 AM,2603.8,0,0.0,846919.7999999999
2025-08-01 09:15:32 AM,2603.8,99,257776.2,1104696.0
2025-08-01 09:15:34 AM,2602.9,11,28631.9,1133327.9
2025-08-01 09:15:42 AM,2602.9,1,2602.9,1135930.7999999998
2025-08-01 09:15:51 AM,2601.4,114,296559.60000000003,1432490.4
2025-08-01 09:15:56 AM,2600.0,0,0.0,1432490.4
2025-08-01 09:15:57 AM,2603.1,140,364434.0,1796924.4
2025-08-01 09:15:59 AM,2603.0,18,46854.0,1843778.4
2025-08-01 09:16:07 AM,2603.0,1,2603.0,1846381.4
2025-08-01 09:16:10 AM,2600.0,0,0.0,1846381.4
2025-08-01 09:16:13 AM,2600.0,4,10400.0,1856781.4
2025-08-01 09:16:15 AM,2602.7,1,2602.7,1859384.0999999999
2025-08-01 09:16:19 AM,2597.8,0,0.0,1859384.0999999999
2025-08-01 09:16:22 AM,2597.8,55,142879.0,2002263.0999999999
2025-08-01 09:16:23 AM,2600.4,4,10401.6,2012664.7
2025-08-01 09:16:31 AM,2600.4,1,2600.4,2015265.0999999999
2025-08-01 09:16:55 AM,2602.0,113,294026.0,2309291.0999999996
2025-08-01 09:16:56 AM,2603.7,24,62488.799999999996,2371779.8999999994
2025-08-01 09:17:03 AM,2603.0,192,499776.0,2871555.8999999994
2025-08-01 09:17:04 AM,2603.4,75,195255.0,3066810.8999999994
2025-08-01 09:17:11 AM,2602.4,63,163951.2,3230762.0999999996
2025-08-01 09:17:12 AM,2605.1,11,28656.1,3259418.1999999997
2025-08-01 09:17:14 AM,2603.0,0,0.0,3259418.1999999997
2025-08-01 09:17:19 AM,2603.0,8,20824.0,3280242.1999999997
2025-08-01 09:17:20 AM,2603.0,2,5206.0,3285448.1999999997
2025-08-01 09:17:31 AM,2603.8,0,0.0,3285448.1999999997
2025-08-01 09:17:36 AM,2602.4,55,143132.0,3428580.1999999997
2025-08-01 09:17:37 AM,2603.0,4,10412.0,3438992.1999999997
2025-08-01 09:17:39 AM,2602.4,0,0.0,3438992.1999999997
2025-08-01 09:17:44 AM,2602.4,55,143132.0,3582124.1999999997
2025-08-01 09:17:45 AM,2603.0,5,13015.0,3595139.1999999997
2025-08-01 09:17:57 AM,2602.2,0,0.0,3595139.1999999997
2025-08-01 09:18:01 AM,2602.2,105,273231.0,3868370.1999999997
2025-08-01 09:18:02 AM,2606.5,273,711574.5,4579944.699999999
2025-08-01 09:18:05 AM,2603.0,0,0.0,4579944.699999999
2025-08-01 09:18:09 AM,2602.4,213,554311.2000000001,5134255.899999999
2025-08-01 09:18:10 AM,2602.4,59,153541.6,5287797.499999999
2025-08-01 09:18:15 AM,2603.0,0,0.0,5287797.499999999
2025-08-01 09:18:18 AM,2603.0,15,39045.0,5326842.499999999
2025-08-01 09:18:19 AM,2603.0,45,117135.0,5443977.499999999
2025-08-01 09:18:26 AM,2603.0,128,333184.0,5777161.499999999
2025-08-01 09:18:27 AM,2603.0,88,229064.0,6006225.499999999
2025-08-01 09:18:29 AM,2602.4,0,0.0,6006225.499999999
2025-08-01 09:18:34 AM,2602.4,218,567323.2000000001,6573548.699999999
2025-08-01 09:18:35 AM,2602.9,53,137953.7,6711502.399999999
2025-08-01 09:18:43 AM,2602.9,4,10411.6,6721913.999999999
2025-08-01 09:18:50 AM,2601.0,1,2601.0,6724514.999999999
2025-08-01 09:18:53 AM,2602.9,0,0.0,6724514.999999999
2025-08-01 09:18:58 AM,2603.0,6,15618.0,6740132.999999999
2025-08-01 09:19:30 AM,2602.4,0,0.0,6740132.999999999
2025-08-01 09:19:31 AM,2602.4,298,775515.2000000001,7515648.199999999
2025-08-01 09:19:32 AM,2606.9,24,62565.600000000006,7578213.799999999
2025-08-01 09:19:39 AM,2602.3,4,10409.2,7588622.999999999
2025-08-01 09:19:39 AM,2602.4,0,0.0,7588622.999999999
2025-08-01 09:19:40 AM,2602.4,33,85879.2,7674502.199999999
2025-08-01 09:19:47 AM,2602.4,19,49445.6,7723947.799999999
2025-08-01 09:19:48 AM,2603.0,0,0.0,7723947.799999999
2025-08-01 09:19:49 AM,2603.0,4,10412.0,7734359.799999999
2025-08-01 09:20:02 AM,2603.7,0,0.0,7734359.799999999
2025-08-01 09:20:02 AM,2603.7,138,359310.6,8093670.3999999985
2025-08-01 09:20:04 AM,2604.3,10,26043.0,8119713.3999999985
2025-08-01 09:20:23 AM,2603.0,0,0.0,8119713.3999999985
2025-08-01 09:20:27 AM,2603.0,30,78090.0,8197803.3999999985
2025-08-01 09:20:28 AM,2603.0,4,10412.0,8208215.3999999985
2025-08-01 09:20:50 AM,2603.0,27,70281.0,8278496.3999999985
2025-08-01 09:20:51 AM,2603.0,2,5206.0,8283702.3999999985
2025-08-01 09:21:05 AM,2603.0,23,59869.0,8343571.3999999985
2025-08-01 09:21:07 AM,2603.0,2,5206.0,8348777.3999999985
2025-08-01 09:21:21 AM,2603.5,10,26035.0,8374812.3999999985
2025-08-01 09:21:23 AM,2603.0,0,0.0,8374812.3999999985
2025-08-01 09:21:29 AM,2603.0,28,72884.0,8447696.399999999
2025-08-01 09:21:30 AM,2603.0,3,7809.0,8455505.399999999
2025-08-01 09:21:36 AM,2602.4,0,0.0,8455505.399999999
2025-08-01 09:21:37 AM,2602.4,1,2602.4,8458107.799999999
2025-08-01 09:21:39 AM,2603.0,0,0.0,8458107.799999999
2025-08-01 09:21:44 AM,2603.0,30,78090.0,8536197.799999999
2025-08-01 09:21:45 AM,2603.0,3,7809.0,8544006.799999999
2025-08-01 09:21:59 AM,2603.0,111,288933.0,8832939.799999999
2025-08-01 09:22:01 AM,2603.0,31,80693.0,8913632.799999999
2025-08-01 09:22:08 AM,2603.0,3,7809.0,8921441.799999999
2025-08-01 09:22:15 AM,2603.6,20,52072.0,8973513.799999999
2025-08-01 09:22:16 AM,2603.0,2,5206.0,8978719.799999999
2025-08-01 09:22:22 AM,2603.0,2,5206.0,8983925.799999999
2025-08-01 09:22:24 AM,2603.0,55,143165.0,9127090.799999999
2025-08-01 09:22:32 AM,2603.0,4,10412.0,9137502.799999999
2025-08-01 09:22:45 AM,2602.9,54,140556.6,9278059.399999999
2025-08-01 09:22:45 AM,2603.0,0,0.0,9278059.399999999
2025-08-01 09:22:47 AM,2603.0,3,7809.0,9285868.399999999
2025-08-01 09:22:51 AM,2602.9,0,0.0,9285868.399999999
2025-08-01 09:22:53 AM,2602.9,32,83292.8,9369161.2
2025-08-01 09:22:55 AM,2603.0,3,7809.0,9376970.2
2025-08-01 09:23:02 AM,2602.7,7,18218.899999999998,9395189.1
2025-08-01 09:23:23 AM,2602.7,1,2602.7,9397791.799999999
2025-08-01 09:23:31 AM,2603.0,27,70281.0,9468072.799999999
2025-08-01 09:23:33 AM,2603.0,3,7809.0,9475881.799999999
2025-08-01 09:23:54 AM,2602.7,126,327940.19999999995,9803821.999999998
2025-08-01 09:23:55 AM,2603.0,9,23427.0,9827248.999999998
2025-08-01 09:24:09 AM,2602.7,28,72875.59999999999,9900124.599999998
2025-08-01 09:24:11 AM,2602.7,3,7808.099999999999,9907932.699999997
2025-08-01 09:24:30 AM,2602.6,0,0.0,9907932.699999997
2025-08-01 09:24:32 AM,2602.6,14,36436.4,9944369.099999998
2025-08-01 09:24:34 AM,2602.4,1,2602.4,9946971.499999998
2025-08-01 09:24:40 AM,2602.4,71,184770.4,10131741.899999999
2025-08-01 09:24:41 AM,2602.6,56,145745.6,10277487.499999998
2025-08-01 09:24:47 AM,2602.7,6,15616.199999999999,10293103.699999997
2025-08-01 09:24:48 AM,2603.0,0,0.0,10293103.699999997
2025-08-01 09:24:49 AM,2603.0,5,13015.0,10306118.699999997
2025-08-01 09:24:55 AM,2602.7,0,0.0,10306118.699999997
2025-08-01 09:24:56 AM,2602.7,12,31232.399999999998,10337351.099999998
2025-08-01 09:25:21 AM,2601.6,0,0.0,10337351.099999998
2025-08-01 09:25:25 AM,2602.0,183,476166.0,10813517.099999998
2025-08-01 09:25:27 AM,2602.0,15,39030.0,10852547.099999998
2025-08-01 09:25:55 AM,2600.9,2,5201.8,10857748.899999999
2025-08-01 09:26:04 AM,2602.0,15,39030.0,10896778.899999999
2025-08-01 09:26:16 AM,2601.0,0,0.0,10896778.899999999
2025-08-01 09:26:17 AM,2601.0,10,26010.0,10922788.899999999
2025-08-01 09:26:31 AM,2602.3,0,0.0,10922788.899999999
2025-08-01 09:26:33 AM,2602.3,51,132717.30000000002,11055506.2
2025-08-01 09:26:35 AM,2602.3,6,15613.800000000001,11071120.0
2025-08-01 09:27:11 AM,2602.9,49,127542.1,11198662.1
2025-08-01 09:27:12 AM,2603.0,4,10412.0,11209074.1
2025-08-01 09:27:22 AM,2602.4,0,0.0,11209074.1
2025-08-01 09:27:25 AM,2602.4,8,20819.2,11229893.299999999
2025-08-01 09:27:37 AM,2603.0,0,0.0,11229893.299999999
2025-08-01 09:27:40 AM,2603.0,25,65075.0,11294968.299999999
2025-08-01 09:27:56 AM,2603.0,12,31236.0,11326204.299999999
2025-08-01 09:27:57 AM,2603.0,26,67678.0,11393882.299999999
2025-08-01 09:28:05 AM,2602.8,3,7808.400000000001,11401690.7
2025-08-01 09:28:20 AM,2603.0,9,23427.0,11425117.7
2025-08-01 09:28:26 AM,2603.0,63,163989.0,11589106.7
2025-08-01 09:28:28 AM,2603.0,7,18221.0,11607327.7
2025-08-01 09:28:50 AM,2602.8,24,62467.200000000004,11669794.899999999
2025-08-01 09:28:53 AM,2602.5,0,0.0,11669794.899999999
2025-08-01 09:28:57 AM,2602.5,11,28627.5,11698422.399999999
2025-08-01 09:29:06 AM,2602.5,9,23422.5,11721844.899999999
2025-08-01 09:29:21 AM,2602.5,9,23422.5,11745267.399999999
2025-08-01 09:29:23 AM,2603.6,0,0.0,11745267.399999999
2025-08-01 09:29:26 AM,2603.0,0,0.0,11745267.399999999
2025-08-01 09:29:27 AM,2603.0,43,111929.0,11857196.399999999
2025-08-01 09:29:29 AM,2603.0,34,88502.0,11945698.399999999
2025-08-01 09:29:36 AM,2603.0,3,7809.0,11953507.399999999
2025-08-01 09:29:50 AM,2603.0,4,10412.0,11963919.399999999
2025-08-01 09:29:57 AM,2602.6,2,5205.2,11969124.599999998
2025-08-01 09:29:58 AM,2603.0,5,13015.0,11982139.599999998
2025-08-01 09:30:06 AM,2600.1,105,273010.5,12255150.099999998
2025-08-01 09:30:10 AM,2601.4,0,0.0,12255150.099999998
2025-08-01 09:30:13 AM,2601.4,3,7804.200000000001,12262954.299999997
2025-08-01 09:30:13 AM,2601.6,13,33820.799999999996,12296775.099999998
2025-08-01 09:30:17 AM,2601.4,0,0.0,12296775.099999998
2025-08-01 09:30:20 AM,2601.4,12,31216.800000000003,12327991.899999999
2025-08-01 09:30:27 AM,2602.1,1,2602.1,12330593.999999998
2025-08-01 09:30:31 AM,2602.8,0,0.0,12330593.999999998
2025-08-01 09:30:35 AM,2602.8,10,26028.0,12356621.999999998
2025-08-01 09:30:35 AM,2603.0,6,15618.0,12372239.999999998
2025-08-01 09:30:49 AM,2603.0,27,70281.0,12442520.999999998
2025-08-01 09:31:09 AM,2602.4,0,0.0,12442520.999999998
2025-08-01 09:31:12 AM,2602.4,15,39036.0,12481556.999999998
2025-08-01 09:31:12 AM,2602.4,3,7807.200000000001,12489364.199999997
2025-08-01 09:31:59 AM,2602.1,0,0.0,12489364.199999997
2025-08-01 09:32:01 AM,2602.1,1,2602.1,12491966.299999997
2025-08-01 09:32:05 AM,2602.4,0,0.0,12491966.299999997
2025-08-01 09:32:08 AM,2602.4,3,7807.200000000001,12499773.499999996
2025-08-01 09:32:23 AM,2602.4,2,5204.8,12504978.299999997
2025-08-01 09:32:35 AM,2602.2,0,0.0,12504978.299999997
2025-08-01 09:32:36 AM,2602.2,9,23419.8,12528398.099999998
2025-08-01 09:32:47 AM,2602.3,0,0.0,12528398.099999998
2025-08-01 09:32:50 AM,2603.0,3,7809.0,12536207.099999998
2025-08-01 09:32:59 AM,2602.2,0,0.0,12536207.099999998
2025-08-01 09:33:04 AM,2602.2,1,2602.2,12538809.299999997
2025-08-01 09:33:11 AM,2602.3,1,2602.3,12541411.599999998
2025-08-01 09:34:00 AM,2603.6,0,0.0,12541411.599999998
2025-08-01 09:34:05 AM,2603.1,0,0.0,12541411.599999998
2025-08-01 09:34:07 AM,2603.1,68,177010.8,12718422.399999999
2025-08-01 09:34:11 AM,2603.0,0,0.0,12718422.399999999
2025-08-01 09:34:14 AM,2603.0,72,187416.0,12905838.399999999
2025-08-01 09:34:21 AM,2603.0,11,28633.0,12934471.399999999
2025-08-01 09:34:23 AM,2602.9,0,0.0,12934471.399999999
2025-08-01 09:34:25 AM,2603.0,0,0.0,12934471.399999999
2025-08-01 09:34:28 AM,2603.0,32,83296.0,13017767.399999999
2025-08-01 09:34:35 AM,2603.0,16,41648.0,13059415.399999999
2025-08-01 09:34:55 AM,2603.0,28,72884.0,13132299.399999999
2025-08-01 09:34:57 AM,2602.9,0,0.0,13132299.399999999
2025-08-01 09:35:02 AM,2602.9,42,109321.8,13241621.2
2025-08-01 09:35:05 AM,2603.0,0,0.0,13241621.2
2025-08-01 09:35:09 AM,2603.0,21,54663.0,13296284.2
2025-08-01 09:35:16 AM,2603.0,24,62472.0,13358756.2
2025-08-01 09:35:17 AM,2602.9,2,5205.8,13363962.0
2025-08-01 09:35:20 AM,2603.0,0,0.0,13363962.0
2025-08-01 09:35:23 AM,2603.0,12,31236.0,13395198.0
2025-08-01 09:35:30 AM,2603.0,39,101517.0,13496715.0
2025-08-01 09:35:37 AM,2603.0,42,109326.0,13606041.0
2025-08-01 09:35:37 AM,2603.7,16,41659.2,13647700.2
2025-08-01 09:35:44 AM,2603.0,4,10412.0,13658112.2
2025-08-01 09:35:57 AM,2603.0,16,41648.0,13699760.2
2025-08-01 09:35:58 AM,2603.0,19,49457.0,13749217.2
2025-08-01 09:36:04 AM,2602.6,58,150950.8,13900168.0
2025-08-01 09:36:18 AM,2602.6,169,439839.39999999997,14340007.4
2025-08-01 09:36:18 AM,2602.9,13,33837.700000000004,14373845.1
2025-08-01 09:36:24 AM,2603.0,0,0.0,14373845.1
2025-08-01 09:36:24 AM,2603.0,26,67678.0,14441523.1
2025-08-01 09:36:24 AM,2603.0,4,10412.0,14451935.1
2025-08-01 09:36:43 AM,2603.0,2,5206.0,14457141.1
2025-08-01 09:36:50 AM,2602.4,20,52048.0,14509189.1
2025-08-01 09:37:29 AM,2601.5,0,0.0,14509189.1
2025-08-01 09:37:31 AM,2601.5,18,46827.0,14556016.1
2025-08-01 09:37:42 AM,2602.9,0,0.0,14556016.1
2025-08-01 09:37:45 AM,2602.9,5,13014.5,14569030.6
2025-08-01 09:38:39 AM,2602.4,3,7807.200000000001,14576837.799999999
2025-08-01 09:38:44 AM,2603.0,0,0.0,14576837.799999999
2025-08-01 09:38:45 AM,2603.0,1,2603.0,14579440.799999999
2025-08-01 09:39:19 AM,2603.9,16,41662.4,14621103.2
2025-08-01 09:39:21 AM,2602.9,0,0.0,14621103.2
2025-08-01 09:39:21 AM,2602.4,0,0.0,14621103.2
2025-08-01 09:39:26 AM,2602.4,67,174360.80000000002,14795464.0
2025-08-01 09:39:29 AM,2602.9,0,0.0,14795464.0
2025-08-01 09:39:32 AM,2602.9,28,72881.2,14868345.2
2025-08-01 09:39:52 AM,2602.4,6,15614.400000000001,14883959.6
2025-08-01 09:40:05 AM,2602.4,11,28626.4,14912586.0
2025-08-01 09:40:09 AM,2600.3,0,0.0,14912586.0
2025-08-01 09:40:12 AM,2600.3,1,2600.3,14915186.3
2025-08-01 09:40:24 AM,2600.4,0,0.0,14915186.3
2025-08-01 09:40:25 AM,2600.4,1,2600.4,14917786.700000001
2025-08-01 09:40:31 AM,2600.3,13,33803.9,14951590.600000001
2025-08-01 09:40:32 AM,2602.1,0,0.0,14951590.600000001
2025-08-01 09:40:38 AM,2602.1,4,10408.4,14961999.000000002
2025-08-01 09:41:16 AM,2600.8,0,0.0,14961999.000000002
2025-08-01 09:41:18 AM,2600.8,6,15604.800000000001,14977603.800000003
2025-08-01 09:42:09 AM,2600.9,0,0.0,14977603.800000003
2025-08-01 09:42:10 AM,2602.0,0,0.0,14977603.800000003
2025-08-01 09:42:10 AM,2602.0,10,26020.0,15003623.800000003
2025-08-01 09:42:57 AM,2601.6,3,7804.799999999999,15011428.600000003
2025-08-01 09:42:59 AM,2602.0,0,0.0,15011428.600000003
2025-08-01 09:43:02 AM,2602.0,19,49438.0,15060866.600000003
2025-08-01 09:43:29 AM,2601.6,17,44227.2,15105093.800000003
2025-08-01 09:43:42 AM,2601.6,5,13008.0,15118101.800000003
2025-08-01 09:44:15 AM,2601.5,1,2601.5,15120703.300000003
2025-08-01 09:44:17 AM,2601.6,0,0.0,15120703.300000003
2025-08-01 09:44:22 AM,2601.6,13,33820.799999999996,15154524.100000003
2025-08-01 09:44:28 AM,2601.6,19,49430.4,15203954.500000004
2025-08-01 09:45:00 AM,2601.6,45,117072.0,15321026.500000004
2025-08-01 09:45:03 AM,2601.5,0,0.0,15321026.500000004
2025-08-01 09:45:07 AM,2601.5,29,75443.5,15396470.000000004
2025-08-01 09:45:27 AM,2601.1,25,65027.5,15461497.500000004
2025-08-01 09:45:31 AM,2602.0,0,0.0,15461497.500000004
2025-08-01 09:45:33 AM,2602.0,17,44234.0,15505731.500000004
2025-08-01 09:45:53 AM,2602.0,36,93672.0,15599403.500000004
2025-08-01 09:45:59 AM,2602.0,16,41632.0,15641035.500000004
2025-08-01 09:46:00 AM,2601.6,1,2601.6,15643637.100000003
2025-08-01 09:46:01 AM,2601.0,0,0.0,15643637.100000003
2025-08-01 09:46:05 AM,2599.0,0,0.0,15643637.100000003
2025-08-01 09:46:06 AM,2599.0,207,537993.0,16181630.100000003
2025-08-01 09:46:12 AM,2599.0,104,270296.0,16451926.100000003
2025-08-01 09:46:19 AM,2599.0,8,20792.0,16472718.100000003
2025-08-01 09:46:48 AM,2598.0,0,0.0,16472718.100000003
2025-08-01 09:46:50 AM,2598.0,3,7794.0,16480512.100000003
2025-08-01 09:47:03 AM,2598.0,3,7794.0,16488306.100000003
2025-08-01 09:47:09 AM,2598.0,3,7794.0,16496100.100000003
2025-08-01 09:47:54 AM,2598.1,0,0.0,16496100.100000003
2025-08-01 09:47:54 AM,2598.1,27,70148.7,16566248.800000003
2025-08-01 09:47:58 AM,2598.3,0,0.0,16566248.800000003
2025-08-01 09:48:01 AM,2598.3,6,15589.800000000001,16581838.600000003
2025-08-01 09:48:07 AM,2598.3,3,7794.900000000001,16589633.500000004
2025-08-01 09:48:16 AM,2598.3,7,18188.100000000002,16607821.600000003
2025-08-01 09:48:19 AM,2598.1,0,0.0,16607821.600000003
2025-08-01 09:48:20 AM,2598.1,2,5196.2,16613017.800000003
2025-08-01 09:48:26 AM,2598.5,2,5197.0,16618214.800000003
2025-08-01 09:48:42 AM,2598.9,7,18192.3,16636407.100000003
2025-08-01 09:48:47 AM,2599.0,0,0.0,16636407.100000003
2025-08-01 09:48:48 AM,2599.0,9,23391.0,16659798.100000003
2025-08-01 09:48:52 AM,2599.0,5,12995.0,16672793.100000003
2025-08-01 09:48:58 AM,2599.0,11,28589.0,16701382.100000003
2025-08-01 09:49:01 AM,2598.6,1,2598.6,16703980.700000003
2025-08-01 09:49:07 AM,2599.0,0,0.0,16703980.700000003
2025-08-01 09:49:07 AM,2599.0,22,57178.0,16761158.700000003
2025-08-01 09:49:11 AM,2599.0,44,114356.0,16875514.700000003
2025-08-01 09:49:13 AM,2601.5,172,447458.0,17322972.700000003
2025-08-01 09:49:15 AM,2602.0,0,0.0,17322972.700000003
2025-08-01 09:49:17 AM,2602.0,1555,4046110.0,21369082.700000003
2025-08-01 09:49:22 AM,2603.0,0,0.0,21369082.700000003
2025-08-01 09:49:23 AM,2603.0,131,340993.0,21710075.700000003
2025-08-01 09:49:24 AM,2601.2,0,0.0,21710075.700000003
2025-08-01 09:49:26 AM,2601.2,29,75434.79999999999,21785510.500000004
2025-08-01 09:49:39 AM,2600.4,143,371857.2,22157367.700000003
2025-08-01 09:49:48 AM,2600.4,10,26004.0,22183371.700000003
2025-08-01 09:50:00 AM,2600.6,0,0.0,22183371.700000003
2025-08-01 09:50:01 AM,2600.6,1,2600.6,22185972.300000004
2025-08-01 09:50:04 AM,2600.4,41,106616.40000000001,22292588.700000003
2025-08-01 09:50:20 AM,2600.1,0,0.0,22292588.700000003
2025-08-01 09:50:21 AM,2600.1,47,122204.7,22414793.400000002
2025-08-01 09:50:53 AM,2599.8,0,0.0,22414793.400000002
2025-08-01 09:50:54 AM,2599.8,2,5199.6,22419993.000000004
2025-08-01 09:51:00 AM,2599.8,3,7799.400000000001,22427792.400000002
2025-08-01 09:51:04 AM,2599.8,1,2599.8,22430392.200000003
2025-08-01 09:51:17 AM,2599.8,1,2599.8,22432992.000000004
2025-08-01 09:51:46 AM,2600.1,0,0.0,22432992.000000004
2025-08-01 09:51:49 AM,2600.1,6,15600.599999999999,22448592.600000005
2025-08-01 09:51:51 AM,2599.6,42,109183.2,22557775.800000004
2025-08-01 09:52:00 AM,2597.4,3,7792.200000000001,22565568.000000004
2025-08-01 09:52:02 AM,2597.5,0,0.0,22565568.000000004
2025-08-01 09:52:03 AM,2597.5,1,2597.5,22568165.500000004
2025-08-01 09:52:28 AM,2596.7,0,0.0,22568165.500000004
2025-08-01 09:52:28 AM,2596.7,22,57127.399999999994,22625292.900000002
2025-08-01 09:52:34 AM,2598.1,0,0.0,22625292.900000002
2025-08-01 09:52:34 AM,2598.1,1,2598.1,22627891.000000004
2025-08-01 09:52:55 AM,2595.9,0,0.0,22627891.000000004
2025-08-01 09:52:56 AM,2595.9,26,67493.40000000001,22695384.400000002
2025-08-01 09:53:01 AM,2595.0,74,192030.0,22887414.400000002
2025-08-01 09:53:04 AM,2588.4,541,1400324.4000000001,24287738.8
2025-08-01 09:53:05 AM,2589.9,0,0.0,24287738.8
2025-08-01 09:53:08 AM,2589.9,45,116545.5,24404284.3
2025-08-01 09:53:16 AM,2589.8,9,23308.2,24427592.5
2025-08-01 09:53:20 AM,2589.4,2,5178.8,24432771.3
2025-08-01 09:53:39 AM,2591.2,46,119195.2,24551966.5
2025-08-01 09:53:54 AM,2591.9,0,0.0,24551966.5
2025-08-01 09:53:58 AM,2591.9,5,12959.5,24564926.0
2025-08-01 09:54:00 AM,2591.1,0,0.0,24564926.0
2025-08-01 09:54:04 AM,2591.2,7,18138.399999999998,24583064.4
2025-08-01 09:54:05 AM,2591.5,3,7774.5,24590838.9
2025-08-01 09:54:11 AM,2591.5,6,15549.0,24606387.9
2025-08-01 09:54:14 AM,2592.0,0,0.0,24606387.9
2025-08-01 09:54:16 AM,2592.0,48,124416.0,24730803.9
2025-08-01 09:54:24 AM,2591.5,0,0.0,24730803.9
2025-08-01 09:54:27 AM,2592.0,0,0.0,24730803.9
2025-08-01 09:54:29 AM,2592.0,64,165888.0,24896691.9
2025-08-01 09:54:43 AM,2596.5,0,0.0,24896691.9
2025-08-01 09:54:45 AM,2597.1,0,0.0,24896691.9
2025-08-01 09:54:47 AM,2597.1,68,176602.8,25073294.7
2025-08-01 09:55:00 AM,2595.1,0,0.0,25073294.7
2025-08-01 09:55:04 AM,2595.1,9,23355.899999999998,25096650.599999998
2025-08-01 09:55:05 AM,2591.7,1,2591.7,25099242.299999997
2025-08-01 09:55:41 AM,2588.9,400,1035560.0,26134802.299999997
2025-08-01 09:56:01 AM,2592.2,0,0.0,26134802.299999997
2025-08-01 09:56:04 AM,2592.2,3,7776.599999999999,26142578.9
2025-08-01 09:56:10 AM,2592.2,1,2592.2,26145171.099999998
2025-08-01 09:57:01 AM,2592.7,0,0.0,26145171.099999998
2025-08-01 09:57:04 AM,2592.7,55,142598.5,26287769.599999998
2025-08-01 09:57:09 AM,2593.3,0,0.0,26287769.599999998
2025-08-01 09:57:10 AM,2593.3,4,10373.2,26298142.799999997
2025-08-01 09:58:03 AM,2592.7,2,5185.4,26303328.199999996
2025-08-01 09:58:06 AM,2592.7,33,85559.09999999999,26388887.299999997
2025-08-01 09:58:22 AM,2592.7,29,75188.29999999999,26464075.599999998
2025-08-01 09:58:40 AM,2592.7,35,90744.5,26554820.099999998
2025-08-01 09:58:55 AM,2592.7,10,25927.0,26580747.099999998
2025-08-01 09:59:01 AM,2592.2,2,5184.4,26585931.499999996
2025-08-01 09:59:06 AM,2592.1,0,0.0,26585931.499999996
2025-08-01 09:59:07 AM,2592.1,32,82947.2,26668878.699999996
2025-08-01 09:59:08 AM,2592.2,0,0.0,26668878.699999996
2025-08-01 09:59:11 AM,2592.1,0,0.0,26668878.699999996
2025-08-01 09:59:11 AM,2592.1,22,57026.2,26725904.899999995
2025-08-01 09:59:13 AM,2591.0,2,5182.0,26731086.899999995
2025-08-01 09:59:36 AM,2591.0,4,10364.0,26741450.899999995
2025-08-01 09:59:39 AM,2591.0,3,7773.0,26749223.899999995
2025-08-01 09:59:48 AM,2591.1,2,5182.2,26754406.099999994
2025-08-01 09:59:54 AM,2591.1,1,2591.1,26756997.199999996
2025-08-01 10:00:07 AM,2591.1,8,20728.8,26777725.999999996
2025-08-01 10:00:09 AM,2591.6,0,0.0,26777725.999999996
2025-08-01 10:00:10 AM,2591.6,2,5183.2,26782909.199999996
2025-08-01 10:00:33 AM,2591.5,0,0.0,26782909.199999996
2025-08-01 10:00:35 AM,2591.5,27,69970.5,26852879.699999996
2025-08-01 10:00:51 AM,2591.1,0,0.0,26852879.699999996
2025-08-01 10:00:51 AM,2591.1,28,72550.8,26925430.499999996
2025-08-01 10:00:54 AM,2591.5,6,15549.0,26940979.499999996
2025-08-01 10:01:01 AM,2591.0,2,5182.0,26946161.499999996
2025-08-01 10:01:34 AM,2592.3,0,0.0,26946161.499999996
2025-08-01 10:01:34 AM,2592.3,3,7776.900000000001,26953938.399999995
2025-08-01 10:01:52 AM,2592.8,0,0.0,26953938.399999995
2025-08-01 10:01:52 AM,2592.8,14,36299.200000000004,26990237.599999994
2025-08-01 10:02:03 AM,2591.8,2,5183.6,26995421.199999996
2025-08-01 10:02:43 AM,2593.3,5,12966.5,27008387.699999996
2025-08-01 10:02:45 AM,2593.7,0,0.0,27008387.699999996
2025-08-01 10:02:47 AM,2593.7,4,10374.8,27018762.499999996
2025-08-01 10:03:02 AM,2592.7,2,5185.4,27023947.899999995
2025-08-01 10:03:28 AM,2592.7,70,181489.0,27205436.899999995
2025-08-01 10:03:30 AM,2592.2,0,0.0,27205436.899999995
2025-08-01 10:03:32 AM,2587.5,160,414000.0,27619436.899999995
2025-08-01 10:03:38 AM,2588.3,0,0.0,27619436.899999995
2025-08-01 10:03:39 AM,2588.3,22,56942.600000000006,27676379.499999996
2025-08-01 10:03:46 AM,2590.1,0,0.0,27676379.499999996
2025-08-01 10:03:47 AM,2589.8,11,28487.800000000003,27704867.299999997
2025-08-01 10:03:57 AM,2590.1,2,5180.2,27710047.499999996
2025-08-01 10:04:02 AM,2589.6,0,0.0,27710047.499999996
2025-08-01 10:04:03 AM,2589.6,6,15537.599999999999,27725585.099999998
2025-08-01 10:04:05 AM,2590.8,30,77724.0,27803309.099999998
2025-08-01 10:04:12 AM,2590.0,32,82880.0,27886189.099999998
2025-08-01 10:04:16 AM,2589.5,9,23305.5,27909494.599999998
2025-08-01 10:04:22 AM,2589.0,0,0.0,27909494.599999998
2025-08-01 10:04:22 AM,2589.0,26,67314.0,27976808.599999998
2025-08-01 10:04:43 AM,2589.1,1,2589.1,27979397.7
2025-08-01 10:04:55 AM,2589.2,1,2589.2,27981986.9
2025-08-01 10:05:06 AM,2588.0,2,5176.0,27987162.9
2025-08-01 10:05:31 AM,2589.3,0,0.0,27987162.9
2025-08-01 10:05:32 AM,2589.3,14,36250.200000000004,28023413.099999998
2025-08-01 10:05:44 AM,2588.4,20,51768.0,28075181.099999998
2025-08-01 10:06:03 AM,2588.3,22,56942.600000000006,28132123.7
2025-08-01 10:06:06 AM,2586.9,1,2586.9,28134710.599999998
2025-08-01 10:06:12 AM,2588.1,0,0.0,28134710.599999998
2025-08-01 10:06:12 AM,2588.1,3,7764.299999999999,28142474.9
2025-08-01 10:06:41 AM,2586.9,0,0.0,28142474.9
2025-08-01 10:06:42 AM,2586.9,19,49151.1,28191626.0
2025-08-01 10:06:51 AM,2586.3,0,0.0,28191626.0
2025-08-01 10:06:54 AM,2586.3,4,10345.2,28201971.2
2025-08-01 10:07:06 AM,2586.7,0,0.0,28201971.2
2025-08-01 10:07:07 AM,2586.7,6,15520.199999999999,28217491.4
2025-08-01 10:07:09 AM,2586.3,1,2586.3,28220077.7
2025-08-01 10:07:26 AM,2585.1,64,165446.4,28385524.099999998
2025-08-01 10:07:27 AM,2583.0,10,25830.0,28411354.099999998
2025-08-01 10:07:52 AM,2583.4,8,20667.2,28432021.299999997
2025-08-01 10:08:07 AM,2582.2,0,0.0,28432021.299999997
2025-08-01 10:08:09 AM,2582.2,2,5164.4,28437185.699999996
2025-08-01 10:08:32 AM,2584.0,0,0.0,28437185.699999996
2025-08-01 10:08:33 AM,2584.0,40,103360.0,28540545.699999996
2025-08-01 10:08:39 AM,2582.3,0,0.0,28540545.699999996
2025-08-01 10:08:39 AM,2582.3,2,5164.6,28545710.299999997
2025-08-01 10:09:02 AM,2584.0,0,0.0,28545710.299999997
2025-08-01 10:09:03 AM,2584.0,36,93024.0,28638734.299999997
2025-08-01 10:09:42 AM,2584.3,0,0.0,28638734.299999997
2025-08-01 10:09:44 AM,2584.3,5,12921.5,28651655.799999997
2025-08-01 10:09:49 AM,2584.3,1,2584.3,28654240.099999998
2025-08-01 10:10:01 AM,2583.6,2,5167.2,28659407.299999997
2025-08-01 10:10:14 AM,2583.6,26,67173.59999999999,28726580.9
2025-08-01 10:10:16 AM,2583.5,0,0.0,28726580.9
2025-08-01 10:10:18 AM,2583.5,6,15501.0,28742081.9
2025-08-01 10:10:48 AM,2583.4,0,0.0,28742081.9
2025-08-01 10:10:48 AM,2583.4,3,7750.200000000001,28749832.099999998
2025-08-01 10:11:01 AM,2583.4,2,5166.8,28754998.9
2025-08-01 10:11:06 AM,2583.4,2,5166.8,28760165.7
2025-08-01 10:11:15 AM,2584.6,0,0.0,28760165.7
2025-08-01 10:11:18 AM,2584.6,10,25846.0,28786011.7
2025-08-01 10:11:58 AM,2584.7,10,25847.0,28811858.7
2025-08-01 10:12:03 AM,2583.4,0,0.0,28811858.7
2025-08-01 10:12:04 AM,2583.4,2,5166.8,28817025.5
2025-08-01 10:13:09 AM,2584.1,0,0.0,28817025.5
2025-08-01 10:13:09 AM,2584.1,19,49097.9,28866123.4
2025-08-01 10:13:35 AM,2584.9,0,0.0,28866123.4
2025-08-01 10:13:38 AM,2584.9,1,2584.9,28868708.299999997
2025-08-01 10:13:44 AM,2584.9,2,5169.8,28873878.099999998
2025-08-01 10:14:11 AM,2584.1,0,0.0,28873878.099999998
2025-08-01 10:14:13 AM,2584.1,2,5168.2,28879046.299999997
2025-08-01 10:16:10 AM,2584.1,50,129205.0,29008251.299999997
2025-08-01 10:16:10 AM,2584.9,12,31018.800000000003,29039270.099999998
2025-08-01 10:16:16 AM,2584.9,26,67207.40000000001,29106477.499999996
2025-08-01 10:16:20 AM,2584.0,0,0.0,29106477.499999996
2025-08-01 10:16:22 AM,2584.0,30,77520.0,29183997.499999996
2025-08-01 10:17:47 AM,2584.5,0,0.0,29183997.499999996
2025-08-01 10:17:48 AM,2584.5,2,5169.0,29189166.499999996
2025-08-01 10:18:23 AM,2584.5,5,12922.5,29202088.999999996
2025-08-01 10:19:03 AM,2584.5,31,80119.5,29282208.499999996
2025-08-01 10:19:06 AM,2584.9,0,0.0,29282208.499999996
2025-08-01 10:19:08 AM,2584.9,23,59452.700000000004,29341661.199999996
2025-08-01 10:19:20 AM,2584.9,1,2584.9,29344246.099999994
2025-08-01 10:19:26 AM,2584.9,5,12924.5,29357170.599999994
2025-08-01 10:20:06 AM,2585.9,0,0.0,29357170.599999994
2025-08-01 10:20:06 AM,2585.9,198,512008.2,29869178.799999993
2025-08-01 10:20:10 AM,2586.0,87,224982.0,30094160.799999993
2025-08-01 10:20:22 AM,2585.9,0,0.0,30094160.799999993
2025-08-01 10:20:23 AM,2585.9,6,15515.400000000001,30109676.19999999
2025-08-01 10:21:07 AM,2586.3,0,0.0,30109676.19999999
2025-08-01 10:21:09 AM,2586.3,100,258630.00000000003,30368306.19999999
2025-08-01 10:21:50 AM,2586.9,0,0.0,30368306.19999999
2025-08-01 10:21:50 AM,2586.9,9,23282.100000000002,30391588.299999993
2025-08-01 10:22:01 AM,2586.9,1,2586.9,30394175.19999999
2025-08-01 10:22:05 AM,2586.9,30,77607.0,30471782.19999999
2025-08-01 10:22:11 AM,2586.9,21,54324.9,30526107.09999999
2025-08-01 10:22:23 AM,2586.4,3,7759.200000000001,30533866.29999999
2025-08-01 10:23:10 AM,2586.9,1,2586.9,30536453.199999988
2025-08-01 10:23:18 AM,2586.9,38,98302.2,30634755.399999987
2025-08-01 10:23:26 AM,2587.0,0,0.0,30634755.399999987
2025-08-01 10:23:27 AM,2587.0,18,46566.0,30681321.399999987
2025-08-01 10:23:35 AM,2587.0,16,41392.0,30722713.399999987
2025-08-01 10:23:41 AM,2587.0,87,225069.0,30947782.399999987
2025-08-01 10:23:46 AM,2587.9,51,131982.9,31079765.299999986
2025-08-01 10:23:50 AM,2587.9,1,2587.9,31082353.199999984
2025-08-01 10:24:01 AM,2587.9,20,51758.0,31134111.199999984
2025-08-01 10:24:02 AM,2588.0,0,0.0,31134111.199999984
2025-08-01 10:24:03 AM,2588.0,52,134576.0,31268687.199999984
2025-08-01 10:24:14 AM,2588.0,76,196688.0,31465375.199999984
2025-08-01 10:24:25 AM,2590.0,24,62160.0,31527535.199999984
2025-08-01 10:24:30 AM,2590.0,20,51800.0,31579335.199999984
2025-08-01 10:24:36 AM,2590.0,129,334110.0,31913445.199999984
2025-08-01 10:24:41 AM,2591.4,0,0.0,31913445.199999984
2025-08-01 10:24:41 AM,2591.4,5,12957.0,31926402.199999984
2025-08-01 10:25:02 AM,2593.5,0,0.0,31926402.199999984
2025-08-01 10:25:04 AM,2593.5,16,41496.0,31967898.199999984
2025-08-01 10:25:10 AM,2592.7,2,5185.4,31973083.599999983
2025-08-01 10:25:13 AM,2593.5,112,290472.0,32263555.599999983
2025-08-01 10:25:16 AM,2592.7,33,85559.09999999999,32349114.699999984
2025-08-01 10:25:18 AM,2592.2,0,0.0,32349114.699999984
2025-08-01 10:25:19 AM,2591.7,24,62200.799999999996,32411315.499999985
2025-08-01 10:25:32 AM,2593.1,0,0.0,32411315.499999985
2025-08-01 10:25:33 AM,2593.1,20,51862.0,32463177.499999985
2025-08-01 10:25:51 AM,2590.4,0,0.0,32463177.499999985
2025-08-01 10:25:53 AM,2590.4,89,230545.6,32693723.099999987
2025-08-01 10:26:00 AM,2590.6,30,77718.0,32771441.099999987
2025-08-01 10:26:05 AM,2590.6,14,36268.4,32807709.499999985
2025-08-01 10:26:17 AM,2590.0,0,0.0,32807709.499999985
2025-08-01 10:26:17 AM,2590.0,25,64750.0,32872459.499999985
2025-08-01 10:26:22 AM,2589.5,0,0.0,32872459.499999985
2025-08-01 10:26:22 AM,2589.5,25,64737.5,32937196.999999985
2025-08-01 10:26:23 AM,2589.9,0,0.0,32937196.999999985
2025-08-01 10:26:24 AM,2589.2,0,0.0,32937196.999999985
2025-08-01 10:26:26 AM,2589.2,3,7767.599999999999,32944964.599999987
2025-08-01 10:26:57 AM,2589.2,16,41427.2,32986391.799999986
2025-08-01 10:27:03 AM,2589.5,10,25895.0,33012286.799999986
2025-08-01 10:28:17 AM,2589.5,3,7768.5,33020055.299999986
2025-08-01 10:29:00 AM,2588.5,0,0.0,33020055.299999986
2025-08-01 10:29:02 AM,2588.5,3,7765.5,33027820.799999986
2025-08-01 10:30:16 AM,2589.5,0,0.0,33027820.799999986
2025-08-01 10:30:17 AM,2589.5,3,7768.5,33035589.299999986
2025-08-01 10:30:40 AM,2590.0,0,0.0,33035589.299999986
2025-08-01 10:30:40 AM,2590.0,18,46620.0,33082209.299999986
2025-08-01 10:30:54 AM,2590.0,2,5180.0,33087389.299999986
2025-08-01 10:30:57 AM,2589.7,0,0.0,33087389.299999986
2025-08-01 10:30:57 AM,2589.7,21,54383.7,33141772.999999985
2025-08-01 10:31:00 AM,2590.0,0,0.0,33141772.999999985
2025-08-01 10:31:03 AM,2590.0,4,10360.0,33152132.999999985
2025-08-01 10:31:08 AM,2589.4,0,0.0,33152132.999999985
2025-08-01 10:31:09 AM,2589.4,5,12947.0,33165079.999999985
2025-08-01 10:31:15 AM,2589.4,2,5178.8,33170258.799999986
2025-08-01 10:31:17 AM,2589.3,1,2589.3,33172848.099999987
2025-08-01 10:33:19 AM,2589.3,6,15535.800000000001,33188383.899999987
2025-08-01 10:34:04 AM,2590.0,0,0.0,33188383.899999987
2025-08-01 10:34:07 AM,2590.0,1,2590.0,33190973.899999987
2025-08-01 10:34:29 AM,2590.0,12,31080.0,33222053.899999987
2025-08-01 10:34:46 AM,2589.6,25,64740.0,33286793.899999987
2025-08-01 10:35:42 AM,2589.3,0,0.0,33286793.899999987
2025-08-01 10:35:43 AM,2589.3,1,2589.3,33289383.199999988
2025-08-01 10:36:05 AM,2589.3,1,2589.3,33291972.49999999
2025-08-01 10:36:50 AM,2589.3,7,18125.100000000002,33310097.59999999
2025-08-01 10:37:12 AM,2589.3,1,2589.3,33312686.89999999
2025-08-01 10:37:45 AM,2589.3,1,2589.3,33315276.19999999
2025-08-01 10:40:27 AM,2589.6,0,0.0,33315276.19999999
2025-08-01 10:40:27 AM,2589.6,6,15537.599999999999,33330813.799999993
2025-08-01 10:41:05 AM,2587.8,0,0.0,33330813.799999993
2025-08-01 10:41:05 AM,2587.8,61,157855.80000000002,33488669.599999994
2025-08-01 10:41:09 AM,2583.0,0,0.0,33488669.599999994
2025-08-01 10:41:09 AM,2583.0,251,648333.0,34137002.599999994
2025-08-01 10:41:11 AM,2583.0,11,28413.0,34165415.599999994
2025-08-01 10:41:15 AM,2583.0,130,335790.0,34501205.599999994
2025-08-01 10:41:40 AM,2581.7,0,0.0,34501205.599999994
2025-08-01 10:41:43 AM,2581.7,2,5163.4,34506368.99999999
2025-08-01 10:41:48 AM,2581.6,17,43887.2,34550256.199999996
2025-08-01 10:42:49 AM,2581.6,15,38724.0,34588980.199999996
2025-08-01 10:42:51 AM,2581.7,1,2581.7,34591561.9
2025-08-01 10:42:56 AM,2583.0,0,0.0,34591561.9
2025-08-01 10:42:57 AM,2583.0,4,10332.0,34601893.9
2025-08-01 10:43:19 AM,2583.0,43,111069.0,34712962.9
2025-08-01 10:43:26 AM,2583.7,0,0.0,34712962.9
2025-08-01 10:43:27 AM,2583.7,2,5167.4,34718130.3
2025-08-01 10:43:45 AM,2584.4,5,12922.0,34731052.3
2025-08-01 10:44:01 AM,2584.4,10,25844.0,34756896.3
2025-08-01 10:45:26 AM,2585.4,0,0.0,34756896.3
2025-08-01 10:45:28 AM,2585.4,3,7756.200000000001,34764652.5
2025-08-01 10:45:41 AM,2584.0,0,0.0,34764652.5
2025-08-01 10:45:41 AM,2584.0,40,103360.0,34868012.5
2025-08-01 10:45:58 AM,2584.0,6,15504.0,34883516.5
2025-08-01 10:46:34 AM,2584.0,9,23256.0,34906772.5
2025-08-01 10:46:59 AM,2583.8,0,0.0,34906772.5
2025-08-01 10:47:00 AM,2583.8,22,56843.600000000006,34963616.1
2025-08-01 10:47:08 AM,2583.3,0,0.0,34963616.1
2025-08-01 10:47:10 AM,2583.3,11,28416.300000000003,34992032.4
2025-08-01 10:47:16 AM,2583.3,2,5166.6,34997199.0
2025-08-01 10:47:33 AM,2584.9,0,0.0,34997199.0
2025-08-01 10:47:34 AM,2584.9,40,103396.0,35100595.0
2025-08-01 10:48:51 AM,2585.9,0,0.0,35100595.0
2025-08-01 10:48:53 AM,2585.9,10,25859.0,35126454.0
2025-08-01 10:48:59 AM,2585.9,3,7757.700000000001,35134211.7
2025-08-01 10:49:06 AM,2583.8,0,0.0,35134211.7
2025-08-01 10:49:06 AM,2583.8,215,555517.0,35689728.7
2025-08-01 10:49:07 AM,2583.9,0,0.0,35689728.7
2025-08-01 10:49:09 AM,2584.0,0,0.0,35689728.7
2025-08-01 10:49:10 AM,2584.0,20,51680.0,35741408.7
2025-08-01 10:49:11 AM,2584.0,92,237728.0,35979136.7
2025-08-01 10:49:28 AM,2583.4,0,0.0,35979136.7
2025-08-01 10:49:31 AM,2583.4,2,5166.8,35984303.5
2025-08-01 10:49:52 AM,2583.4,2,5166.8,35989470.3
2025-08-01 10:50:03 AM,2584.0,0,0.0,35989470.3
2025-08-01 10:50:03 AM,2584.0,4,10336.0,35999806.3
2025-08-01 10:50:31 AM,2584.0,3,7752.0,36007558.3
2025-08-01 10:52:05 AM,2584.0,1,2584.0,36010142.3
2025-08-01 10:52:16 AM,2584.0,12,31008.0,36041150.3
2025-08-01 10:53:41 AM,2584.0,27,69768.0,36110918.3
2025-08-01 10:53:47 AM,2583.8,2,5167.6,36116085.9
2025-08-01 10:54:06 AM,2584.0,0,0.0,36116085.9
2025-08-01 10:54:08 AM,2584.0,1,2584.0,36118669.9
2025-08-01 10:54:20 AM,2583.8,0,0.0,36118669.9
2025-08-01 10:54:20 AM,2583.8,1,2583.8,36121253.699999996
2025-08-01 10:55:06 AM,2583.8,12,31005.600000000002,36152259.3
2025-08-01 10:55:23 AM,2583.8,11,28421.800000000003,36180681.099999994
2025-08-01 10:55:32 AM,2583.4,0,0.0,36180681.099999994
2025-08-01 10:55:34 AM,2583.4,73,188588.2,36369269.3
2025-08-01 10:55:36 AM,2583.3,0,0.0,36369269.3
2025-08-01 10:55:39 AM,2583.3,13,33582.9,36402852.199999996
2025-08-01 10:55:45 AM,2583.4,2,5166.8,36408018.99999999
2025-08-01 10:55:55 AM,2583.4,27,69751.8,36477770.79999999
2025-08-01 10:56:02 AM,2582.3,0,0.0,36477770.79999999
2025-08-01 10:56:05 AM,2582.3,1,2582.3,36480353.09999999
2025-08-01 10:56:59 AM,2582.3,1,2582.3,36482935.39999998
2025-08-01 10:57:12 AM,2582.2,0,0.0,36482935.39999998
2025-08-01 10:57:14 AM,2582.2,15,38733.0,36521668.39999998
2025-08-01 10:57:51 AM,2582.2,1,2582.2,36524250.59999999
2025-08-01 10:58:02 AM,2582.2,2,5164.4,36529414.999999985
2025-08-01 10:58:56 AM,2583.0,0,0.0,36529414.999999985
2025-08-01 10:58:56 AM,2583.0,10,25830.0,36555244.999999985
2025-08-01 10:59:01 AM,2583.0,2,5166.0,36560410.999999985
2025-08-01 10:59:11 AM,2583.0,22,56826.0,36617236.999999985
2025-08-01 10:59:37 AM,2582.6,1,2582.6,36619819.59999999
2025-08-01 11:00:03 AM,2583.0,0,0.0,36619819.59999999
2025-08-01 11:00:05 AM,2583.0,1,2583.0,36622402.59999999
2025-08-01 11:00:19 AM,2582.6,0,0.0,36622402.59999999
2025-08-01 11:00:22 AM,2582.6,1,2582.6,36624985.19999999
2025-08-01 11:00:57 AM,2583.0,0,0.0,36624985.19999999
2025-08-01 11:00:59 AM,2583.1,0,0.0,36624985.19999999
2025-08-01 11:00:59 AM,2583.1,24,61994.399999999994,36686979.59999999
2025-08-01 11:01:04 AM,2583.6,1,2583.6,36689563.19999999
2025-08-01 11:03:18 AM,2584.2,2,5168.4,36694731.59999999
2025-08-01 11:04:14 AM,2585.0,9,23265.0,36717996.59999999
2025-08-01 11:05:42 AM,2587.3,0,0.0,36717996.59999999
2025-08-01 11:05:44 AM,2587.3,3,7761.900000000001,36725758.499999985
2025-08-01 11:05:47 AM,2588.3,0,0.0,36725758.499999985
2025-08-01 11:05:50 AM,2588.3,7,18118.100000000002,36743876.59999999
2025-08-01 11:06:37 AM,2588.8,0,0.0,36743876.59999999
2025-08-01 11:06:41 AM,2588.8,1,2588.8,36746465.39999998
2025-08-01 11:06:44 AM,2589.2,0,0.0,36746465.39999998
2025-08-01 11:06:46 AM,2590.0,0,0.0,36746465.39999998
2025-08-01 11:06:48 AM,2590.0,24,62160.0,36808625.39999998
2025-08-01 11:06:51 AM,2589.1,0,0.0,36808625.39999998
2025-08-01 11:06:52 AM,2588.6,0,0.0,36808625.39999998
2025-08-01 11:06:53 AM,2588.6,49,126841.4,36935466.79999998
2025-08-01 11:06:58 AM,2588.6,1,2588.6,36938055.39999998
2025-08-01 11:07:35 AM,2589.0,0,0.0,36938055.39999998
2025-08-01 11:07:36 AM,2589.0,5,12945.0,36951000.39999998
2025-08-01 11:07:51 AM,2588.3,0,0.0,36951000.39999998
2025-08-01 11:07:52 AM,2587.3,152,393269.60000000003,37344269.999999985
2025-08-01 11:07:54 AM,2586.8,1,2586.8,37346856.79999998
2025-08-01 11:07:55 AM,2587.5,0,0.0,37346856.79999998
2025-08-01 11:07:57 AM,2587.5,12,31050.0,37377906.79999998
2025-08-01 11:08:03 AM,2588.3,0,0.0,37377906.79999998
2025-08-01 11:08:03 AM,2588.3,13,33647.9,37411554.69999998
2025-08-01 11:08:31 AM,2588.4,0,0.0,37411554.69999998
2025-08-01 11:08:31 AM,2588.4,7,18118.8,37429673.49999998
2025-08-01 11:08:58 AM,2586.9,63,162974.7,37592648.19999998
2025-08-01 11:08:59 AM,2587.7,0,0.0,37592648.19999998
2025-08-01 11:09:01 AM,2587.9,41,106103.90000000001,37698752.09999998
2025-08-01 11:09:14 AM,2587.7,0,0.0,37698752.09999998
2025-08-01 11:09:16 AM,2587.7,1,2587.7,37701339.79999998
2025-08-01 11:09:34 AM,2588.7,0,0.0,37701339.79999998
2025-08-01 11:09:35 AM,2588.7,39,100959.29999999999,37802299.09999998
2025-08-01 11:09:38 AM,2588.1,0,0.0,37802299.09999998
2025-08-01 11:09:40 AM,2586.6,13,33625.799999999996,37835924.899999976
2025-08-01 11:11:01 AM,2586.6,30,77598.0,37913522.899999976
2025-08-01 11:11:30 AM,2587.2,10,25872.0,37939394.899999976
2025-08-01 11:11:58 AM,2589.7,0,0.0,37939394.899999976
2025-08-01 11:12:01 AM,2589.7,14,36255.799999999996,37975650.69999997
2025-08-01 11:12:36 AM,2588.0,0,0.0,37975650.69999997
2025-08-01 11:12:39 AM,2588.0,1,2588.0,37978238.69999997
2025-08-01 11:13:53 AM,2588.0,4,10352.0,37988590.69999997
2025-08-01 11:15:03 AM,2586.8,0,0.0,37988590.69999997
2025-08-01 11:15:04 AM,2586.1,117,302573.7,38291164.399999976
2025-08-01 11:15:05 AM,2586.4,0,0.0,38291164.399999976
2025-08-01 11:15:09 AM,2586.4,10,25864.0,38317028.399999976
2025-08-01 11:15:17 AM,2586.3,0,0.0,38317028.399999976
2025-08-01 11:15:20 AM,2586.3,3,7758.900000000001,38324787.299999975
2025-08-01 11:15:36 AM,2586.3,3,7758.900000000001,38332546.19999997
2025-08-01 11:15:46 AM,2586.3,1,2586.3,38335132.49999997
2025-08-01 11:15:51 AM,2587.0,0,0.0,38335132.49999997
2025-08-01 11:15:51 AM,2587.0,31,80197.0,38415329.49999997
2025-08-01 11:16:01 AM,2587.0,7,18109.0,38433438.49999997
2025-08-01 11:16:23 AM,2587.0,1,2587.0,38436025.49999997
2025-08-01 11:16:33 AM,2587.0,3,7761.0,38443786.49999997
2025-08-01 11:16:40 AM,2587.0,28,72436.0,38516222.49999997
2025-08-01 11:16:49 AM,2587.0,18,46566.0,38562788.49999997
2025-08-01 11:17:15 AM,2586.8,0,0.0,38562788.49999997
2025-08-01 11:17:15 AM,2586.8,2,5173.6,38567962.09999997
2025-08-01 11:17:59 AM,2585.6,0,0.0,38567962.09999997
2025-08-01 11:17:59 AM,2585.6,10,25856.0,38593818.09999997
2025-08-01 11:18:06 AM,2586.9,0,0.0,38593818.09999997
2025-08-01 11:18:09 AM,2586.9,4,10347.6,38604165.69999997
2025-08-01 11:18:11 AM,2586.9,2,5173.8,38609339.49999997
2025-08-01 11:18:25 AM,2587.0,0,0.0,38609339.49999997
2025-08-01 11:18:25 AM,2587.0,20,51740.0,38661079.49999997
2025-08-01 11:18:31 AM,2587.0,7,18109.0,38679188.49999997
2025-08-01 11:19:24 AM,2586.9,0,0.0,38679188.49999997
2025-08-01 11:19:28 AM,2586.9,2,5173.8,38684362.29999997
2025-08-01 11:19:49 AM,2586.9,2,5173.8,38689536.099999964
2025-08-01 11:20:37 AM,2586.9,2,5173.8,38694709.89999996
2025-08-01 11:20:53 AM,2587.0,0,0.0,38694709.89999996
2025-08-01 11:20:57 AM,2587.0,5,12935.0,38707644.89999996
2025-08-01 11:21:00 AM,2586.9,0,0.0,38707644.89999996
2025-08-01 11:21:03 AM,2586.9,2,5173.8,38712818.69999996
2025-08-01 11:21:03 AM,2586.9,2,5173.8,38717992.499999955
2025-08-01 11:22:01 AM,2588.3,231,597897.3,39315889.79999995
2025-08-01 11:22:01 AM,2589.0,0,0.0,39315889.79999995
2025-08-01 11:22:04 AM,2590.0,0,0.0,39315889.79999995
2025-08-01 11:22:05 AM,2590.0,92,238280.0,39554169.79999995
2025-08-01 11:22:19 AM,2590.5,0,0.0,39554169.79999995
2025-08-01 11:22:21 AM,2590.5,54,139887.0,39694056.79999995
2025-08-01 11:22:22 AM,2592.6,0,0.0,39694056.79999995
2025-08-01 11:22:24 AM,2590.4,0,0.0,39694056.79999995
2025-08-01 11:22:27 AM,2590.4,12,31084.800000000003,39725141.59999995
2025-08-01 11:22:34 AM,2591.4,0,0.0,39725141.59999995
2025-08-01 11:22:38 AM,2591.4,24,62193.600000000006,39787335.19999995
2025-08-01 11:23:08 AM,2591.6,0,0.0,39787335.19999995
2025-08-01 11:23:09 AM,2591.6,32,82931.2,39870266.399999954
2025-08-01 11:23:10 AM,2591.0,0,0.0,39870266.399999954
2025-08-01 11:23:14 AM,2591.0,9,23319.0,39893585.399999954
2025-08-01 11:25:18 AM,2591.1,0,0.0,39893585.399999954
2025-08-01 11:25:19 AM,2591.1,25,64777.5,39958362.899999954
2025-08-01 11:25:22 AM,2592.8,0,0.0,39958362.899999954
2025-08-01 11:25:24 AM,2592.8,10,25928.0,39984290.899999954
2025-08-01 11:26:11 AM,2591.1,0,0.0,39984290.899999954
2025-08-01 11:26:11 AM,2591.1,8,20728.8,40005019.69999995
2025-08-01 11:28:02 AM,2591.7,0,0.0,40005019.69999995
2025-08-01 11:28:03 AM,2591.7,1,2591.7,40007611.399999954
2025-08-01 11:28:37 AM,2591.7,1,2591.7,40010203.09999996
2025-08-01 11:28:41 AM,2593.3,0,0.0,40010203.09999996
2025-08-01 11:28:42 AM,2593.3,16,41492.8,40051695.899999954
2025-08-01 11:28:42 AM,2593.8,0,0.0,40051695.899999954
2025-08-01 11:28:45 AM,2593.8,9,23344.2,40075040.09999996
2025-08-01 11:30:19 AM,2593.4,0,0.0,40075040.09999996
2025-08-01 11:30:20 AM,2593.4,1,2593.4,40077633.499999955
2025-08-01 11:30:27 AM,2594.0,0,0.0,40077633.499999955
2025-08-01 11:30:28 AM,2594.0,23,59662.0,40137295.499999955
2025-08-01 11:30:38 AM,2592.8,164,425219.2,40562514.69999996
2025-08-01 11:30:40 AM,2592.7,69,178896.3,40741410.999999955
2025-08-01 11:30:43 AM,2593.5,76,197106.0,40938516.999999955
2025-08-01 11:31:02 AM,2593.5,4,10374.0,40948890.999999955
2025-08-01 11:31:06 AM,2593.5,21,54463.5,41003354.499999955
2025-08-01 11:31:19 AM,2593.8,0,0.0,41003354.499999955
2025-08-01 11:31:21 AM,2593.8,5,12969.0,41016323.499999955
2025-08-01 11:32:12 AM,2592.7,0,0.0,41016323.499999955
2025-08-01 11:32:13 AM,2592.7,20,51854.0,41068177.499999955
2025-08-01 11:32:43 AM,2592.6,0,0.0,41068177.499999955
2025-08-01 11:32:44 AM,2592.6,10,25926.0,41094103.499999955
2025-08-01 11:32:45 AM,2592.7,0,0.0,41094103.499999955
2025-08-01 11:32:46 AM,2592.7,14,36297.799999999996,41130401.29999995
2025-08-01 11:32:49 AM,2593.9,0,0.0,41130401.29999995
2025-08-01 11:32:50 AM,2593.9,9,23345.100000000002,41153746.399999954
2025-08-01 11:33:16 AM,2592.7,0,0.0,41153746.399999954
2025-08-01 11:33:16 AM,2592.7,3,7778.099999999999,41161524.499999955
2025-08-01 11:34:08 AM,2593.9,0,0.0,41161524.499999955
2025-08-01 11:34:11 AM,2593.9,2,5187.8,41166712.29999995
2025-08-01 11:34:18 AM,2592.6,0,0.0,41166712.29999995
2025-08-01 11:34:21 AM,2592.6,21,54444.6,41221156.899999954
2025-08-01 11:34:27 AM,2591.9,0,0.0,41221156.899999954
2025-08-01 11:34:31 AM,2591.9,52,134778.80000000002,41355935.69999995
2025-08-01 11:35:00 AM,2593.9,0,0.0,41355935.69999995
2025-08-01 11:35:03 AM,2593.9,2,5187.8,41361123.49999995
2025-08-01 11:35:25 AM,2593.9,4,10375.6,41371499.09999995
2025-08-01 11:37:08 AM,2592.7,0,0.0,41371499.09999995
2025-08-01 11:37:09 AM,2592.7,28,72595.59999999999,41444094.69999995
2025-08-01 11:38:42 AM,2592.7,44,114078.79999999999,41558173.49999995
2025-08-01 11:38:51 AM,2592.7,24,62224.799999999996,41620398.299999945
2025-08-01 11:38:56 AM,2592.3,0,0.0,41620398.299999945
2025-08-01 11:38:56 AM,2592.3,1,2592.3,41622990.59999994
2025-08-01 11:38:57 AM,2592.1,0,0.0,41622990.59999994
2025-08-01 11:38:57 AM,2592.1,15,38881.5,41661872.09999994
2025-08-01 11:39:01 AM,2592.7,1,2592.7,41664464.799999945
2025-08-01 11:39:02 AM,2592.7,11,28519.699999999997,41692984.49999995
2025-08-01 11:39:22 AM,2591.2,0,0.0,41692984.49999995
2025-08-01 11:39:23 AM,2591.2,100,259119.99999999997,41952104.49999995
2025-08-01 11:39:27 AM,2586.9,246,636377.4,42588481.89999995
2025-08-01 11:39:31 AM,2589.2,0,0.0,42588481.89999995
2025-08-01 11:39:32 AM,2589.3,39,100982.70000000001,42689464.59999995
2025-08-01 11:39:35 AM,2589.8,0,0.0,42689464.59999995
2025-08-01 11:39:37 AM,2589.8,4,10359.2,42699823.79999995
2025-08-01 11:39:38 AM,2589.1,21,54371.1,42754194.899999954
2025-08-01 11:39:50 AM,2589.8,5,12949.0,42767143.899999954
2025-08-01 11:40:00 AM,2589.8,20,51796.0,42818939.899999954
2025-08-01 11:40:19 AM,2589.8,28,72514.40000000001,42891454.29999995
2025-08-01 11:40:34 AM,2589.8,27,69924.6,42961378.899999954
2025-08-01 11:40:54 AM,2591.3,1,2591.3,42963970.19999995
2025-08-01 11:41:40 AM,2591.6,2,5183.2,42969153.399999954
2025-08-01 11:41:57 AM,2591.7,0,0.0,42969153.399999954
2025-08-01 11:42:00 AM,2591.7,6,15550.199999999999,42984703.59999996
2025-08-01 11:42:11 AM,2591.6,50,129580.0,43114283.59999996
2025-08-01 11:42:11 AM,2592.4,0,0.0,43114283.59999996
2025-08-01 11:42:16 AM,2592.4,12,31108.800000000003,43145392.399999954
2025-08-01 11:42:19 AM,2591.7,0,0.0,43145392.399999954
2025-08-01 11:42:21 AM,2591.7,1,2591.7,43147984.09999996
2025-08-01 11:43:02 AM,2591.7,17,44058.899999999994,43192042.999999955
2025-08-01 11:43:51 AM,2592.8,0,0.0,43192042.999999955
2025-08-01 11:43:55 AM,2592.8,2,5185.6,43197228.59999996
2025-08-01 11:44:05 AM,2591.3,0,0.0,43197228.59999996
2025-08-01 11:44:06 AM,2591.3,39,101060.70000000001,43298289.29999996
2025-08-01 11:44:08 AM,2590.1,0,0.0,43298289.29999996
2025-08-01 11:44:12 AM,2590.1,99,256419.9,43554709.19999996
2025-08-01 11:44:19 AM,2590.1,30,77703.0,43632412.19999996
2025-08-01 11:44:22 AM,2591.5,0,0.0,43632412.19999996
2025-08-01 11:44:24 AM,2590.1,0,0.0,43632412.19999996
2025-08-01 11:44:24 AM,2590.1,34,88063.4,43720475.59999996
2025-08-01 11:44:42 AM,2590.4,19,49217.6,43769693.19999996
2025-08-01 11:45:12 AM,2590.2,0,0.0,43769693.19999996
2025-08-01 11:45:13 AM,2590.2,31,80296.2,43849989.39999996
2025-08-01 11:45:21 AM,2590.5,0,0.0,43849989.39999996
2025-08-01 11:45:24 AM,2590.5,10,25905.0,43875894.39999996
2025-08-01 11:46:11 AM,2590.6,0,0.0,43875894.39999996
2025-08-01 11:46:12 AM,2590.6,2,5181.2,43881075.599999964
2025-08-01 11:47:15 AM,2591.5,6,15549.0,43896624.599999964
2025-08-01 11:47:41 AM,2591.7,2,5183.4,43901807.99999996
2025-08-01 11:47:51 AM,2591.7,24,62200.799999999996,43964008.79999996
2025-08-01 11:48:07 AM,2591.7,7,18141.899999999998,43982150.69999996
2025-08-01 11:48:07 AM,2591.7,14,36283.799999999996,44018434.499999955
2025-08-01 11:49:04 AM,2591.5,0,0.0,44018434.499999955
2025-08-01 11:49:07 AM,2591.5,6,15549.0,44033983.499999955
2025-08-01 11:49:07 AM,2591.5,13,33689.5,44067672.999999955
2025-08-01 11:49:21 AM,2591.7,0,0.0,44067672.999999955
2025-08-01 11:49:23 AM,2591.7,1,2591.7,44070264.69999996
2025-08-01 11:49:38 AM,2593.0,14,36302.0,44106566.69999996
2025-08-01 11:49:54 AM,2591.4,0,0.0,44106566.69999996
2025-08-01 11:49:54 AM,2591.4,55,142527.0,44249093.69999996
2025-08-01 11:49:54 AM,2592.3,12,31107.600000000002,44280201.29999996
2025-08-01 11:49:59 AM,2591.4,2,5182.8,44285384.09999996
2025-08-01 11:50:00 AM,2591.4,36,93290.40000000001,44378674.499999955
2025-08-01 11:50:04 AM,2591.4,7,18139.8,44396814.29999995
2025-08-01 11:50:09 AM,2590.8,2,5181.6,44401995.899999954
2025-08-01 11:50:53 AM,2590.4,0,0.0,44401995.899999954
2025-08-01 11:50:55 AM,2590.4,1,2590.4,44404586.29999995
2025-08-01 11:52:05 AM,2591.9,1,2591.9,44407178.19999995
2025-08-01 11:54:11 AM,2591.9,1,2591.9,44409770.09999995
2025-08-01 11:54:16 AM,2591.8,0,0.0,44409770.09999995
2025-08-01 11:54:16 AM,2591.8,28,72570.40000000001,44482340.49999995
2025-08-01 11:54:28 AM,2591.7,0,0.0,44482340.49999995
2025-08-01 11:54:32 AM,2591.7,1,2591.7,44484932.19999995
2025-08-01 11:55:08 AM,2591.7,26,67384.2,44552316.399999954
2025-08-01 11:55:22 AM,2592.4,1,2592.4,44554908.79999995
2025-08-01 11:55:55 AM,2591.7,0,0.0,44554908.79999995
2025-08-01 11:55:57 AM,2591.7,20,51834.0,44606742.79999995
2025-08-01 11:55:59 AM,2592.7,0,0.0,44606742.79999995
2025-08-01 11:56:02 AM,2592.7,7,18148.899999999998,44624891.69999995
2025-08-01 11:56:15 AM,2592.2,0,0.0,44624891.69999995
2025-08-01 11:56:18 AM,2592.2,24,62212.799999999996,44687104.49999995
2025-08-01 11:56:23 AM,2591.7,17,44058.899999999994,44731163.39999995
2025-08-01 11:56:29 AM,2591.5,0,0.0,44731163.39999995
2025-08-01 11:56:29 AM,2591.5,100,259150.0,44990313.39999995
2025-08-01 11:56:33 AM,2591.5,35,90702.5,45081015.89999995
2025-08-01 11:56:49 AM,2590.4,0,0.0,45081015.89999995
2025-08-01 11:56:49 AM,2590.4,21,54398.4,45135414.299999945
2025-08-01 11:57:19 AM,2590.4,40,103616.0,45239030.299999945
2025-08-01 11:58:48 AM,2590.4,20,51808.0,45290838.299999945
2025-08-01 12:00:04 PM,2590.4,22,56988.8,45347827.09999994
2025-08-01 12:00:10 PM,2590.4,4,10361.6,45358188.69999994
2025-08-01 12:00:35 PM,2590.2,2,5180.4,45363369.09999994
2025-08-01 12:01:04 PM,2590.2,2,5180.4,45368549.49999994
2025-08-01 12:01:19 PM,2590.2,19,49213.799999999996,45417763.29999994
2025-08-01 12:02:23 PM,2589.8,0,0.0,45417763.29999994
2025-08-01 12:02:24 PM,2589.8,19,49206.200000000004,45466969.49999994
2025-08-01 12:02:47 PM,2589.8,3,7769.400000000001,45474738.89999994
2025-08-01 12:02:53 PM,2589.6,0,0.0,45474738.89999994
2025-08-01 12:02:53 PM,2589.6,4,10358.4,45485097.29999994
2025-08-01 12:03:02 PM,2589.6,8,20716.8,45505814.099999934
2025-08-01 12:03:52 PM,2589.6,3,7768.799999999999,45513582.89999993
2025-08-01 12:03:59 PM,2589.0,0,0.0,45513582.89999993
2025-08-01 12:03:59 PM,2589.0,63,163107.0,45676689.89999993
2025-08-01 12:04:00 PM,2589.6,0,0.0,45676689.89999993
2025-08-01 12:04:02 PM,2589.6,14,36254.4,45712944.29999993
2025-08-01 12:04:53 PM,2589.1,22,56960.2,45769904.49999993
2025-08-01 12:05:04 PM,2589.1,2,5178.2,45775082.699999936
2025-08-01 12:05:52 PM,2589.6,0,0.0,45775082.699999936
2025-08-01 12:05:52 PM,2589.6,29,75098.4,45850181.099999934
2025-08-01 12:06:00 PM,2589.1,0,0.0,45850181.099999934
2025-08-01 12:06:03 PM,2589.1,19,49192.9,45899373.99999993
2025-08-01 12:08:37 PM,2589.1,7,18123.7,45917497.699999936
2025-08-01 12:08:57 PM,2589.1,24,62138.399999999994,45979636.099999934
2025-08-01 12:09:37 PM,2588.4,1,2588.4,45982224.49999993
2025-08-01 12:09:47 PM,2588.4,1,2588.4,45984812.89999993
2025-08-01 12:10:48 PM,2588.5,0,0.0,45984812.89999993
2025-08-01 12:10:52 PM,2588.5,21,54358.5,46039171.39999993
2025-08-01 12:11:27 PM,2588.5,7,18119.5,46057290.89999993
2025-08-01 12:11:46 PM,2589.6,0,0.0,46057290.89999993
2025-08-01 12:11:46 PM,2589.6,11,28485.6,46085776.49999993
2025-08-01 12:12:18 PM,2588.5,0,0.0,46085776.49999993
2025-08-01 12:12:20 PM,2588.5,22,56947.0,46142723.49999993
2025-08-01 12:12:28 PM,2589.6,0,0.0,46142723.49999993
2025-08-01 12:12:30 PM,2589.6,1,2589.6,46145313.099999934
2025-08-01 12:12:34 PM,2589.1,0,0.0,46145313.099999934
2025-08-01 12:12:36 PM,2589.1,20,51782.0,46197095.099999934
2025-08-01 12:12:51 PM,2589.1,7,18123.7,46215218.79999994
2025-08-01 12:14:34 PM,2588.4,0,0.0,46215218.79999994
2025-08-01 12:14:36 PM,2588.4,8,20707.2,46235925.99999994
2025-08-01 12:14:46 PM,2588.4,15,38826.0,46274751.99999994
2025-08-01 12:15:06 PM,2587.9,0,0.0,46274751.99999994
2025-08-01 12:15:06 PM,2587.9,50,129395.0,46404146.99999994
2025-08-01 12:16:22 PM,2587.1,8,20696.8,46424843.79999994
2025-08-01 12:16:48 PM,2587.6,0,0.0,46424843.79999994
2025-08-01 12:16:51 PM,2587.6,22,56927.2,46481770.99999994
2025-08-01 12:17:52 PM,2587.2,0,0.0,46481770.99999994
2025-08-01 12:17:54 PM,2587.2,10,25872.0,46507642.99999994
2025-08-01 12:17:59 PM,2588.6,10,25886.0,46533528.99999994
2025-08-01 12:18:04 PM,2588.6,1,2588.6,46536117.59999994
2025-08-01 12:18:06 PM,2587.4,0,0.0,46536117.59999994
2025-08-01 12:18:08 PM,2587.1,0,0.0,46536117.59999994
2025-08-01 12:18:09 PM,2587.1,24,62090.399999999994,46598207.99999994
2025-08-01 12:19:06 PM,2587.6,0,0.0,46598207.99999994
2025-08-01 12:19:09 PM,2587.6,14,36226.4,46634434.39999994
2025-08-01 12:19:14 PM,2587.6,11,28463.6,46662897.99999994
2025-08-01 12:19:45 PM,2586.3,0,0.0,46662897.99999994
2025-08-01 12:19:49 PM,2583.4,150,387510.0,47050407.99999994
2025-08-01 12:19:58 PM,2585.3,0,0.0,47050407.99999994
2025-08-01 12:19:59 PM,2585.3,2,5170.6,47055578.59999994
2025-08-01 12:20:01 PM,2584.1,0,0.0,47055578.59999994
2025-08-01 12:20:05 PM,2584.1,60,155046.0,47210624.59999994
2025-08-01 12:20:20 PM,2584.1,18,46513.799999999996,47257138.39999994
2025-08-01 12:20:36 PM,2584.1,20,51682.0,47308820.39999994
2025-08-01 12:21:14 PM,2585.1,0,0.0,47308820.39999994
2025-08-01 12:21:16 PM,2585.1,20,51702.0,47360522.39999994
2025-08-01 12:21:55 PM,2586.1,14,36205.4,47396727.79999994
2025-08-01 12:22:39 PM,2585.0,0,0.0,47396727.79999994
2025-08-01 12:22:42 PM,2585.0,25,64625.0,47461352.79999994
2025-08-01 12:23:59 PM,2585.5,0,0.0,47461352.79999994
2025-08-01 12:24:01 PM,2585.5,2,5171.0,47466523.79999994
2025-08-01 12:24:59 PM,2586.5,0,0.0,47466523.79999994
2025-08-01 12:25:00 PM,2586.5,2,5173.0,47471696.79999994
2025-08-01 12:25:20 PM,2586.5,2,5173.0,47476869.79999994
2025-08-01 12:25:35 PM,2586.5,15,38797.5,47515667.29999994
2025-08-01 12:26:03 PM,2586.3,0,0.0,47515667.29999994
2025-08-01 12:26:05 PM,2586.3,21,54312.3,47569979.599999934
2025-08-01 12:26:07 PM,2586.5,0,0.0,47569979.599999934
2025-08-01 12:26:08 PM,2588.7,0,0.0,47569979.599999934
2025-08-01 12:26:10 PM,2588.7,66,170854.19999999998,47740833.79999994
2025-08-01 12:26:21 PM,2589.6,18,46612.799999999996,47787446.599999934
2025-08-01 12:26:36 PM,2589.6,20,51792.0,47839238.599999934
2025-08-01 12:26:39 PM,2590.2,0,0.0,47839238.599999934
2025-08-01 12:26:41 PM,2590.2,20,51804.0,47891042.599999934
2025-08-01 12:26:41 PM,2591.6,0,0.0,47891042.599999934
2025-08-01 12:26:45 PM,2591.6,14,36282.4,47927324.99999993
2025-08-01 12:26:51 PM,2589.7,0,0.0,47927324.99999993
2025-08-01 12:26:56 PM,2589.7,20,51794.0,47979118.99999993
2025-08-01 12:27:01 PM,2589.7,6,15538.199999999999,47994657.199999936
2025-08-01 12:27:14 PM,2589.6,0,0.0,47994657.199999936
2025-08-01 12:27:16 PM,2589.6,30,77688.0,48072345.199999936
2025-08-01 12:27:29 PM,2590.6,0,0.0,48072345.199999936
2025-08-01 12:27:31 PM,2590.6,16,41449.6,48113794.79999994
2025-08-01 12:28:07 PM,2589.0,0,0.0,48113794.79999994
2025-08-01 12:28:08 PM,2588.7,0,0.0,48113794.79999994
2025-08-01 12:28:10 PM,2588.7,146,377950.19999999995,48491744.99999994
2025-08-01 12:28:11 PM,2588.6,4,10354.4,48502099.39999994
2025-08-01 12:28:28 PM,2589.8,0,0.0,48502099.39999994
2025-08-01 12:28:30 PM,2589.8,40,103592.0,48605691.39999994
2025-08-01 12:28:33 PM,2589.9,0,0.0,48605691.39999994
2025-08-01 12:28:35 PM,2589.9,10,25899.0,48631590.39999994
2025-08-01 12:28:36 PM,2589.1,0,0.0,48631590.39999994
2025-08-01 12:28:37 PM,2589.1,10,25891.0,48657481.39999994
2025-08-01 12:28:38 PM,2590.2,0,0.0,48657481.39999994
2025-08-01 12:28:40 PM,2590.2,14,36262.799999999996,48693744.199999936
2025-08-01 12:29:09 PM,2589.1,0,0.0,48693744.199999936
2025-08-01 12:29:09 PM,2589.1,26,67316.59999999999,48761060.79999994
2025-08-01 12:30:12 PM,2589.1,173,447914.3,49208975.099999934
2025-08-01 12:30:14 PM,2588.3,0,0.0,49208975.099999934
2025-08-01 12:30:14 PM,2588.3,51,132003.30000000002,49340978.39999993
2025-08-01 12:30:14 PM,2589.7,0,0.0,49340978.39999993
2025-08-01 12:30:17 PM,2589.7,14,36255.799999999996,49377234.19999993
2025-08-01 12:30:17 PM,2589.8,0,0.0,49377234.19999993
2025-08-01 12:30:20 PM,2589.8,24,62155.200000000004,49439389.39999993
2025-08-01 12:30:56 PM,2589.8,23,59565.4,49498954.79999993
2025-08-01 12:31:12 PM,2590.6,0,0.0,49498954.79999993
2025-08-01 12:31:13 PM,2590.6,9,23315.399999999998,49522270.19999993
2025-08-01 12:32:10 PM,2591.6,69,178820.4,49701090.59999993
2025-08-01 12:32:59 PM,2592.0,0,0.0,49701090.59999993
2025-08-01 12:33:00 PM,2592.0,1,2592.0,49703682.59999993
2025-08-01 12:33:21 PM,2591.5,25,64787.5,49768470.09999993
2025-08-01 12:33:56 PM,2591.5,16,41464.0,49809934.09999993
2025-08-01 12:35:07 PM,2591.0,5,12955.0,49822889.09999993
2025-08-01 12:35:10 PM,2590.7,0,0.0,49822889.09999993
2025-08-01 12:35:12 PM,2590.7,1,2590.7,49825479.79999993
2025-08-01 12:35:37 PM,2590.7,18,46632.6,49872112.39999993
2025-08-01 12:35:40 PM,2590.3,0,0.0,49872112.39999993
2025-08-01 12:35:43 PM,2588.9,125,323612.5,50195724.89999993
2025-08-01 12:35:49 PM,2588.9,16,41422.4,50237147.29999993
2025-08-01 12:35:59 PM,2588.9,1,2588.9,50239736.19999993
2025-08-01 12:36:06 PM,2589.9,0,0.0,50239736.19999993
2025-08-01 12:36:08 PM,2589.1,0,0.0,50239736.19999993
2025-08-01 12:36:10 PM,2589.1,41,106153.09999999999,50345889.29999993
2025-08-01 12:36:10 PM,2589.1,8,20712.8,50366602.09999993
2025-08-01 12:37:02 PM,2589.2,12,31070.399999999998,50397672.499999925
2025-08-01 12:37:06 PM,2589.9,7,18129.3,50415801.79999992
2025-08-01 12:37:11 PM,2589.9,5,12949.5,50428751.29999992
2025-08-01 12:37:17 PM,2591.5,2,5183.0,50433934.29999992
2025-08-01 12:37:21 PM,2592.0,20,51840.0,50485774.29999992
2025-08-01 12:37:26 PM,2592.0,21,54432.0,50540206.29999992
2025-08-01 12:37:26 PM,2593.0,383,993119.0,51533325.29999992
2025-08-01 12:37:27 PM,2599.8,0,0.0,51533325.29999992
2025-08-01 12:37:29 PM,2600.0,0,0.0,51533325.29999992
2025-08-01 12:37:31 PM,2598.5,354,919869.0,52453194.29999992
2025-08-01 12:37:36 PM,2601.5,43,111864.5,52565058.79999992
2025-08-01 12:37:37 PM,2602.5,0,0.0,52565058.79999992
2025-08-01 12:37:40 PM,2602.5,48,124920.0,52689978.79999992
2025-08-01 12:37:45 PM,2601.4,0,0.0,52689978.79999992
2025-08-01 12:37:45 PM,2601.4,44,114461.6,52804440.399999924
2025-08-01 12:37:53 PM,2601.9,0,0.0,52804440.399999924
2025-08-01 12:37:56 PM,2601.9,53,137900.7,52942341.09999993
2025-08-01 12:37:58 PM,2601.7,0,0.0,52942341.09999993
2025-08-01 12:38:00 PM,2601.9,0,0.0,52942341.09999993
2025-08-01 12:38:00 PM,2601.9,61,158715.9,53101056.999999925
2025-08-01 12:38:16 PM,2601.9,36,93668.40000000001,53194725.399999924
2025-08-01 12:38:22 PM,2602.7,0,0.0,53194725.399999924
2025-08-01 12:38:24 PM,2602.8,0,0.0,53194725.399999924
2025-08-01 12:38:25 PM,2602.5,0,0.0,53194725.399999924
2025-08-01 12:38:26 PM,2602.5,15,39037.5,53233762.899999924
2025-08-01 12:38:30 PM,2600.0,0,0.0,53233762.899999924
2025-08-01 12:38:30 PM,2600.0,158,410800.0,53644562.899999924
2025-08-01 12:38:32 PM,2599.2,0,0.0,53644562.899999924
2025-08-01 12:38:35 PM,2599.2,21,54583.2,53699146.09999993
2025-08-01 12:38:48 PM,2602.9,0,0.0,53699146.09999993
2025-08-01 12:38:49 PM,2602.9,24,62469.600000000006,53761615.69999993
2025-08-01 12:38:55 PM,2602.9,57,148365.30000000002,53909980.999999925
2025-08-01 12:39:09 PM,2602.9,551,1434197.9000000001,55344178.899999924
2025-08-01 12:39:15 PM,2603.0,253,658559.0,56002737.899999924
2025-08-01 12:39:21 PM,2602.7,0,0.0,56002737.899999924
2025-08-01 12:39:24 PM,2602.7,25,65067.49999999999,56067805.399999924
2025-08-01 12:39:38 PM,2601.7,0,0.0,56067805.399999924
2025-08-01 12:39:38 PM,2601.7,37,96262.9,56164068.29999992
2025-08-01 12:40:08 PM,2601.1,0,0.0,56164068.29999992
2025-08-01 12:40:10 PM,2601.1,51,132656.1,56296724.399999924
2025-08-01 12:40:26 PM,2601.4,0,0.0,56296724.399999924
2025-08-01 12:40:30 PM,2601.4,15,39021.0,56335745.399999924
2025-08-01 12:40:34 PM,2600.9,0,0.0,56335745.399999924
2025-08-01 12:40:35 PM,2600.9,35,91031.5,56426776.899999924
2025-08-01 12:40:41 PM,2600.9,3,7802.700000000001,56434579.59999993
2025-08-01 12:41:22 PM,2600.9,24,62421.600000000006,56497001.19999993
2025-08-01 12:41:33 PM,2600.7,12,31208.399999999998,56528209.59999993
2025-08-01 12:41:34 PM,2600.9,0,0.0,56528209.59999993
2025-08-01 12:41:38 PM,2600.9,36,93632.40000000001,56621841.999999925
2025-08-01 12:41:46 PM,2601.1,0,0.0,56621841.999999925
2025-08-01 12:41:48 PM,2601.1,1,2601.1,56624443.09999993
2025-08-01 12:42:04 PM,2601.4,29,75440.6,56699883.69999993
2025-08-01 12:42:12 PM,2601.1,0,0.0,56699883.69999993
2025-08-01 12:42:14 PM,2601.1,5,13005.5,56712889.19999993
2025-08-01 12:42:24 PM,2602.4,0,0.0,56712889.19999993
2025-08-01 12:42:24 PM,2602.4,63,163951.2,56876840.39999993
2025-08-01 12:43:01 PM,2600.7,182,473327.39999999997,57350167.79999993
2025-08-01 12:43:02 PM,2601.2,0,0.0,57350167.79999993
2025-08-01 12:43:04 PM,2601.4,0,0.0,57350167.79999993
2025-08-01 12:43:06 PM,2601.4,27,70237.8,57420405.59999993
2025-08-01 12:43:11 PM,2601.4,13,33818.200000000004,57454223.79999993
2025-08-01 12:43:21 PM,2601.7,0,0.0,57454223.79999993
2025-08-01 12:43:21 PM,2602.1,0,0.0,57454223.79999993
2025-08-01 12:43:23 PM,2602.1,65,169136.5,57623360.29999993
2025-08-01 12:44:12 PM,2600.7,0,0.0,57623360.29999993
2025-08-01 12:44:12 PM,2600.7,5,13003.5,57636363.79999993
2025-08-01 12:44:22 PM,2602.2,0,0.0,57636363.79999993
2025-08-01 12:44:23 PM,2602.2,10,26022.0,57662385.79999993
2025-08-01 12:44:28 PM,2601.1,18,46819.799999999996,57709205.59999993
2025-08-01 12:44:32 PM,2602.2,0,0.0,57709205.59999993
2025-08-01 12:44:33 PM,2601.1,10,26011.0,57735216.59999993
2025-08-01 12:44:39 PM,2601.1,14,36415.4,57771631.999999925
2025-08-01 12:44:59 PM,2601.1,5,13005.5,57784637.499999925
2025-08-01 12:45:15 PM,2601.1,1,2601.1,57787238.59999993
2025-08-01 12:45:36 PM,2602.2,22,57248.399999999994,57844486.999999925
2025-08-01 12:46:44 PM,2602.4,0,0.0,57844486.999999925
2025-08-01 12:46:46 PM,2602.4,19,49445.6,57893932.59999993
2025-08-01 12:46:51 PM,2602.9,3,7808.700000000001,57901741.29999993
2025-08-01 12:46:56 PM,2601.9,0,0.0,57901741.29999993
2025-08-01 12:46:56 PM,2601.9,30,78057.0,57979798.29999993
2025-08-01 12:47:18 PM,2603.0,0,0.0,57979798.29999993
2025-08-01 12:47:22 PM,2603.0,3,7809.0,57987607.29999993
2025-08-01 12:47:24 PM,2601.9,0,0.0,57987607.29999993
2025-08-01 12:47:27 PM,2601.9,25,65047.5,58052654.79999993
2025-08-01 12:47:47 PM,2601.9,1,2601.9,58055256.69999993
2025-08-01 12:47:57 PM,2601.9,1,2601.9,58057858.59999993
2025-08-01 12:48:12 PM,2601.9,22,57241.8,58115100.399999924
2025-08-01 12:48:27 PM,2601.9,68,176929.2,58292029.59999993
2025-08-01 12:48:34 PM,2602.4,0,0.0,58292029.59999993
2025-08-01 12:48:37 PM,2602.4,38,98891.2,58390920.79999993
2025-08-01 12:48:40 PM,2602.2,0,0.0,58390920.79999993
2025-08-01 12:48:42 PM,2602.9,0,0.0,58390920.79999993
2025-08-01 12:48:43 PM,2602.9,33,85895.7,58476816.49999993
2025-08-01 12:48:44 PM,2601.4,37,96251.8,58573068.29999993
2025-08-01 12:48:48 PM,2601.4,2,5202.8,58578271.09999993
2025-08-01 12:49:08 PM,2601.9,0,0.0,58578271.09999993
2025-08-01 12:49:12 PM,2601.9,1,2601.9,58580872.999999925
2025-08-01 12:49:40 PM,2602.8,0,0.0,58580872.999999925
2025-08-01 12:49:41 PM,2602.8,2,5205.6,58586078.59999993
2025-08-01 12:50:00 PM,2601.9,0,0.0,58586078.59999993
2025-08-01 12:50:01 PM,2601.9,22,57241.8,58643320.399999924
2025-08-01 12:50:23 PM,2601.9,4,10407.6,58653727.999999925
2025-08-01 12:50:52 PM,2600.6,0,0.0,58653727.999999925
2025-08-01 12:50:54 PM,2600.6,115,299069.0,58952796.999999925
2025-08-01 12:51:00 PM,2601.9,0,0.0,58952796.999999925
2025-08-01 12:51:00 PM,2601.9,37,96270.3,59049067.29999992
2025-08-01 12:51:39 PM,2599.1,22,57180.2,59106247.499999925
2025-08-01 12:51:54 PM,2600.6,0,0.0,59106247.499999925
2025-08-01 12:51:55 PM,2600.6,3,7801.799999999999,59114049.29999992
2025-08-01 12:52:00 PM,2600.6,12,31207.199999999997,59145256.499999925
2025-08-01 12:52:04 PM,2600.6,9,23405.399999999998,59168661.899999924
2025-08-01 12:52:26 PM,2601.0,0,0.0,59168661.899999924
2025-08-01 12:52:28 PM,2599.8,0,0.0,59168661.899999924
2025-08-01 12:52:29 PM,2599.8,16,41596.8,59210258.69999992
2025-08-01 12:52:40 PM,2599.8,1,2599.8,59212858.49999992
2025-08-01 12:53:16 PM,2598.8,0,0.0,59212858.49999992
2025-08-01 12:53:18 PM,2599.8,0,0.0,59212858.49999992
2025-08-01 12:53:19 PM,2599.8,204,530359.2000000001,59743217.69999992
2025-08-01 12:53:26 PM,2600.7,0,0.0,59743217.69999992
2025-08-01 12:53:29 PM,2600.7,66,171646.19999999998,59914863.899999924
2025-08-01 12:53:50 PM,2600.4,0,0.0,59914863.899999924
2025-08-01 12:53:54 PM,2600.4,13,33805.200000000004,59948669.09999993
2025-08-01 12:54:08 PM,2603.0,0,0.0,59948669.09999993
2025-08-01 12:54:09 PM,2603.0,200,520600.0,60469269.09999993
2025-08-01 12:54:16 PM,2601.6,0,0.0,60469269.09999993
2025-08-01 12:54:19 PM,2601.6,99,257558.4,60726827.499999925
2025-08-01 12:54:26 PM,2600.7,0,0.0,60726827.499999925
2025-08-01 12:54:29 PM,2600.7,5,13003.5,60739830.999999925
2025-08-01 12:54:34 PM,2600.0,0,0.0,60739830.999999925
2025-08-01 12:54:34 PM,2600.0,26,67600.0,60807430.999999925
2025-08-01 12:54:44 PM,2603.0,0,0.0,60807430.999999925
2025-08-01 12:54:44 PM,2603.0,200,520600.0,61328030.999999925
2025-08-01 12:54:46 PM,2601.2,0,0.0,61328030.999999925
2025-08-01 12:54:50 PM,2601.2,97,252316.4,61580347.399999924
2025-08-01 12:54:55 PM,2601.2,17,44220.399999999994,61624567.79999992
2025-08-01 12:54:58 PM,2600.9,0,0.0,61624567.79999992
2025-08-01 12:55:01 PM,2600.9,1,2600.9,61627168.69999992
2025-08-01 12:55:07 PM,2600.6,19,49411.4,61676580.09999992
2025-08-01 12:55:27 PM,2600.6,19,49411.4,61725991.49999992
2025-08-01 12:55:42 PM,2600.6,24,62414.399999999994,61788405.89999992
2025-08-01 12:55:47 PM,2600.7,1,2600.7,61791006.59999992
2025-08-01 12:56:01 PM,2600.6,28,72816.8,61863823.39999992
2025-08-01 12:56:07 PM,2600.6,5,13003.0,61876826.39999992
2025-08-01 12:56:18 PM,2600.6,43,111825.8,61988652.19999991
2025-08-01 12:56:30 PM,2601.1,0,0.0,61988652.19999991
2025-08-01 12:56:32 PM,2601.1,23,59825.299999999996,62048477.49999991
2025-08-01 12:57:00 PM,2600.6,0,0.0,62048477.49999991
2025-08-01 12:57:02 PM,2600.6,26,67615.59999999999,62116093.09999991
2025-08-01 12:57:14 PM,2599.8,0,0.0,62116093.09999991
2025-08-01 12:57:17 PM,2599.8,3,7799.400000000001,62123892.49999991
2025-08-01 12:57:36 PM,2600.0,0,0.0,62123892.49999991
2025-08-01 12:57:37 PM,2600.0,10,26000.0,62149892.49999991
2025-08-01 12:57:58 PM,2601.0,0,0.0,62149892.49999991
2025-08-01 12:58:00 PM,2598.7,0,0.0,62149892.49999991
2025-08-01 12:58:02 PM,2599.4,521,1354287.4000000001,63504179.89999991
2025-08-01 12:58:10 PM,2601.2,0,0.0,63504179.89999991
2025-08-01 12:58:12 PM,2601.2,230,598276.0,64102455.89999991
2025-08-01 12:58:22 PM,2598.6,11,28584.6,64131040.49999991
2025-08-01 12:58:24 PM,2597.6,0,0.0,64131040.49999991
2025-08-01 12:58:28 PM,2597.6,19,49354.4,64180394.89999991
2025-08-01 12:59:36 PM,2599.5,0,0.0,64180394.89999991
2025-08-01 12:59:38 PM,2599.5,120,311940.0,64492334.89999991
2025-08-01 12:59:46 PM,2600.3,0,0.0,64492334.89999991
2025-08-01 12:59:49 PM,2600.3,10,26003.0,64518337.89999991
2025-08-01 01:00:03 PM,2601.4,0,0.0,64518337.89999991
2025-08-01 01:00:04 PM,2600.6,0,0.0,64518337.89999991
2025-08-01 01:00:05 PM,2600.6,45,117027.0,64635364.89999991
2025-08-01 01:00:09 PM,2600.4,0,0.0,64635364.89999991
2025-08-01 01:00:10 PM,2600.4,34,88413.6,64723778.49999991
2025-08-01 01:00:33 PM,2600.0,0,0.0,64723778.49999991
2025-08-01 01:00:36 PM,2600.0,1,2600.0,64726378.49999991
2025-08-01 01:00:39 PM,2600.6,0,0.0,64726378.49999991
2025-08-01 01:00:41 PM,2600.6,9,23405.399999999998,64749783.89999991
2025-08-01 01:00:51 PM,2602.3,0,0.0,64749783.89999991
2025-08-01 01:00:51 PM,2602.3,14,36432.200000000004,64786216.09999991
2025-08-01 01:01:28 PM,2600.5,31,80615.5,64866831.59999991
2025-08-01 01:01:33 PM,2600.6,0,0.0,64866831.59999991
2025-08-01 01:01:33 PM,2600.6,19,49411.4,64916242.99999991
2025-08-01 01:01:43 PM,2601.9,0,0.0,64916242.99999991
2025-08-01 01:01:44 PM,2601.9,14,36426.6,64952669.59999991
2025-08-01 01:01:48 PM,2600.5,22,57211.0,65009880.59999991
2025-08-01 01:01:59 PM,2600.6,6,15603.599999999999,65025484.19999991
2025-08-01 01:02:13 PM,2600.6,5,13003.0,65038487.19999991
2025-08-01 01:02:29 PM,2600.6,31,80618.59999999999,65119105.799999915
2025-08-01 01:02:53 PM,2601.1,0,0.0,65119105.799999915
2025-08-01 01:02:54 PM,2601.1,4,10404.4,65129510.19999991
2025-08-01 01:03:01 PM,2602.7,0,0.0,65129510.19999991
2025-08-01 01:03:03 PM,2602.7,23,59862.1,65189372.299999915
2025-08-01 01:03:05 PM,2601.1,0,0.0,65189372.299999915
2025-08-01 01:03:08 PM,2601.1,30,78033.0,65267405.299999915
2025-08-01 01:03:21 PM,2601.8,0,0.0,65267405.299999915
2025-08-01 01:03:21 PM,2601.1,0,0.0,65267405.299999915
2025-08-01 01:03:23 PM,2601.1,40,104044.0,65371449.299999915
2025-08-01 01:03:33 PM,2601.1,28,72830.8,65444280.09999991
2025-08-01 01:03:34 PM,2600.5,75,195037.5,65639317.59999991
2025-08-01 01:03:37 PM,2599.7,0,0.0,65639317.59999991
2025-08-01 01:03:38 PM,2599.7,139,361358.3,66000675.89999991
2025-08-01 01:03:41 PM,2600.5,0,0.0,66000675.89999991
2025-08-01 01:03:43 PM,2600.5,29,75414.5,66076090.39999991
2025-08-01 01:03:44 PM,2600.5,166,431683.0,66507773.39999991
2025-08-01 01:03:47 PM,2601.6,0,0.0,66507773.39999991
2025-08-01 01:03:48 PM,2601.6,54,140486.4,66648259.79999991
2025-08-01 01:04:33 PM,2601.1,8,20808.8,66669068.599999905
2025-08-01 01:04:49 PM,2600.1,0,0.0,66669068.599999905
2025-08-01 01:04:51 PM,2600.1,41,106604.09999999999,66775672.699999906
2025-08-01 01:04:59 PM,2600.6,0,0.0,66775672.699999906
2025-08-01 01:05:01 PM,2600.6,2,5201.2,66780873.89999991
2025-08-01 01:05:06 PM,2600.6,63,163837.8,66944711.699999906
2025-08-01 01:05:11 PM,2600.6,26,67615.59999999999,67012327.29999991
2025-08-01 01:08:50 PM,2600.8,5,13004.0,67025331.29999991
2025-08-01 01:09:23 PM,2601.1,0,0.0,67025331.29999991
2025-08-01 01:09:25 PM,2601.1,8,20808.8,67046140.099999905
2025-08-01 01:09:34 PM,2600.8,0,0.0,67046140.099999905
2025-08-01 01:09:35 PM,2600.8,20,52016.0,67098156.099999905
2025-08-01 01:09:38 PM,2601.1,36,93639.59999999999,67191795.6999999
2025-08-01 01:09:40 PM,2601.1,45,117049.5,67308845.1999999
2025-08-01 01:10:06 PM,2600.8,97,252277.6,67561122.7999999
2025-08-01 01:10:08 PM,2600.8,6,15604.800000000001,67576727.59999989
2025-08-01 01:10:11 PM,2600.8,50,130040.00000000001,67706767.59999989
2025-08-01 01:10:38 PM,2600.7,2,5201.4,67711968.9999999
2025-08-01 01:11:11 PM,2601.4,14,36419.6,67748388.59999989
2025-08-01 01:12:36 PM,2600.8,4,10403.2,67758791.7999999
2025-08-01 01:13:02 PM,2601.1,0,0.0,67758791.7999999
2025-08-01 01:13:04 PM,2601.1,33,85836.3,67844628.09999989
2025-08-01 01:13:07 PM,2601.1,24,62426.399999999994,67907054.4999999
2025-08-01 01:13:17 PM,2601.1,9,23409.899999999998,67930464.3999999
2025-08-01 01:13:55 PM,2601.1,31,80634.09999999999,68011098.4999999
2025-08-01 01:13:58 PM,2601.1,57,148262.69999999998,68159361.1999999
2025-08-01 01:14:00 PM,2601.4,0,0.0,68159361.1999999
2025-08-01 01:14:02 PM,2601.4,27,70237.8,68229598.9999999
2025-08-01 01:14:22 PM,2601.1,0,0.0,68229598.9999999
2025-08-01 01:14:23 PM,2601.1,15,39016.5,68268615.4999999
2025-08-01 01:14:36 PM,2601.1,39,101442.9,68370058.3999999
2025-08-01 01:14:38 PM,2601.1,46,119650.59999999999,68489708.9999999
2025-08-01 01:14:41 PM,2601.1,14,36415.4,68526124.3999999
2025-08-01 01:14:44 PM,2601.1,15,39016.5,68565140.8999999
2025-08-01 01:14:49 PM,2601.1,38,98841.8,68663982.6999999
2025-08-01 01:14:54 PM,2601.1,21,54623.1,68718605.7999999
2025-08-01 01:14:59 PM,2601.1,22,57224.2,68775829.9999999
2025-08-01 01:15:04 PM,2601.1,9,23409.899999999998,68799239.8999999
2025-08-01 01:15:07 PM,2601.1,9,23409.899999999998,68822649.79999991
2025-08-01 01:15:12 PM,2601.1,41,106645.09999999999,68929294.8999999
2025-08-01 01:15:22 PM,2601.1,35,91038.5,69020333.3999999
2025-08-01 01:15:39 PM,2601.1,7,18207.7,69038541.0999999
2025-08-01 01:15:45 PM,2601.1,6,15606.599999999999,69054147.6999999
2025-08-01 01:15:58 PM,2601.0,0,0.0,69054147.6999999
2025-08-01 01:15:58 PM,2601.0,50,130050.0,69184197.6999999
2025-08-01 01:15:58 PM,2601.1,0,0.0,69184197.6999999
2025-08-01 01:16:00 PM,2601.1,39,101442.9,69285640.5999999
2025-08-01 01:16:05 PM,2601.1,9,23409.899999999998,69309050.49999991
2025-08-01 01:16:10 PM,2601.1,15,39016.5,69348066.99999991
2025-08-01 01:16:12 PM,2601.0,0,0.0,69348066.99999991
2025-08-01 01:16:12 PM,2601.0,40,104040.0,69452106.99999991
2025-08-01 01:16:14 PM,2601.1,0,0.0,69452106.99999991
2025-08-01 01:16:14 PM,2601.1,69,179475.9,69631582.89999992
2025-08-01 01:16:25 PM,2601.1,16,41617.6,69673200.49999991
2025-08-01 01:16:30 PM,2601.1,6,15606.599999999999,69688807.0999999
2025-08-01 01:17:09 PM,2601.1,7,18207.7,69707014.79999991
2025-08-01 01:17:19 PM,2601.1,9,23409.899999999998,69730424.69999991
2025-08-01 01:17:29 PM,2601.1,39,101442.9,69831867.59999992
2025-08-01 01:17:32 PM,2601.4,0,0.0,69831867.59999992
2025-08-01 01:17:34 PM,2601.4,48,124867.20000000001,69956734.79999992
2025-08-01 01:17:36 PM,2601.1,0,0.0,69956734.79999992
2025-08-01 01:17:37 PM,2601.1,9,23409.899999999998,69980144.69999993
2025-08-01 01:17:39 PM,2601.1,27,70229.7,70050374.39999993
2025-08-01 01:17:44 PM,2601.1,9,23409.899999999998,70073784.29999994
2025-08-01 01:17:49 PM,2601.1,8,20808.8,70094593.09999993
2025-08-01 01:17:51 PM,2601.1,63,163869.3,70258462.39999993
2025-08-01 01:17:56 PM,2601.1,39,101442.9,70359905.29999994
2025-08-01 01:18:05 PM,2601.0,34,88434.0,70448339.29999994
2025-08-01 01:18:10 PM,2601.1,0,0.0,70448339.29999994
2025-08-01 01:18:11 PM,2601.1,15,39016.5,70487355.79999994
2025-08-01 01:18:15 PM,2600.9,30,78027.0,70565382.79999994
2025-08-01 01:18:25 PM,2600.9,1,2600.9,70567983.69999994
2025-08-01 01:18:34 PM,2600.9,1,2600.9,70570584.59999995
2025-08-01 01:18:49 PM,2600.9,32,83228.8,70653813.39999995
2025-08-01 01:18:52 PM,2601.1,0,0.0,70653813.39999995
2025-08-01 01:18:54 PM,2601.1,27,70229.7,70724043.09999995
2025-08-01 01:19:40 PM,2600.9,0,0.0,70724043.09999995
2025-08-01 01:19:43 PM,2600.9,32,83228.8,70807271.89999995
2025-08-01 01:20:44 PM,2600.9,25,65022.5,70872294.39999995
2025-08-01 01:20:46 PM,2601.1,0,0.0,70872294.39999995
2025-08-01 01:20:49 PM,2601.1,25,65027.5,70937321.89999995
2025-08-01 01:21:03 PM,2600.9,24,62421.600000000006,70999743.49999994
2025-08-01 01:21:08 PM,2600.9,2,5201.8,71004945.29999994
2025-08-01 01:22:10 PM,2600.8,0,0.0,71004945.29999994
2025-08-01 01:22:12 PM,2600.8,46,119636.8,71124582.09999993
2025-08-01 01:22:17 PM,2600.8,48,124838.40000000001,71249420.49999994
2025-08-01 01:22:39 PM,2600.8,19,49415.200000000004,71298835.69999994
2025-08-01 01:22:44 PM,2600.8,3,7802.400000000001,71306638.09999995
2025-08-01 01:23:07 PM,2600.8,4,10403.2,71317041.29999995
2025-08-01 01:24:16 PM,2600.7,0,0.0,71317041.29999995
2025-08-01 01:24:19 PM,2600.7,43,111830.09999999999,71428871.39999995
2025-08-01 01:24:20 PM,2600.8,0,0.0,71428871.39999995
2025-08-01 01:24:23 PM,2600.8,57,148245.6,71577116.99999994
2025-08-01 01:24:54 PM,2600.0,0,0.0,71577116.99999994
2025-08-01 01:24:57 PM,2600.0,150,390000.0,71967116.99999994
2025-08-01 01:24:58 PM,2602.0,0,0.0,71967116.99999994
2025-08-01 01:25:01 PM,2602.0,62,161324.0,72128440.99999994
2025-08-01 01:28:14 PM,2600.1,0,0.0,72128440.99999994
2025-08-01 01:28:18 PM,2600.1,2,5200.2,72133641.19999994
2025-08-01 01:28:34 PM,2599.7,0,0.0,72133641.19999994
2025-08-01 01:28:38 PM,2600.1,216,561621.6,72695262.79999994
2025-08-01 01:28:42 PM,2600.1,43,111804.3,72807067.09999993
2025-08-01 01:28:53 PM,2598.4,0,0.0,72807067.09999993
2025-08-01 01:28:56 PM,2598.4,70,181888.0,72988955.09999993
2025-08-01 01:29:46 PM,2600.6,0,0.0,72988955.09999993
2025-08-01 01:29:49 PM,2600.6,22,57213.2,73046168.29999994
2025-08-01 01:30:04 PM,2600.8,0,0.0,73046168.29999994
2025-08-01 01:30:08 PM,2600.8,20,52016.0,73098184.29999994
2025-08-01 01:30:34 PM,2600.0,0,0.0,73098184.29999994
2025-08-01 01:30:37 PM,2600.0,20,52000.0,73150184.29999994
2025-08-01 01:31:54 PM,2600.6,0,0.0,73150184.29999994
2025-08-01 01:31:58 PM,2600.6,38,98822.8,73249007.09999993
2025-08-01 01:32:03 PM,2600.8,0,0.0,73249007.09999993
2025-08-01 01:32:03 PM,2600.8,17,44213.600000000006,73293220.69999993
2025-08-01 01:32:36 PM,2600.3,0,0.0,73293220.69999993
2025-08-01 01:32:37 PM,2600.3,1,2600.3,73295820.99999993
2025-08-01 01:33:11 PM,2600.3,1,2600.3,73298421.29999992
2025-08-01 01:33:40 PM,2600.9,12,31210.800000000003,73329632.09999992
2025-08-01 01:33:50 PM,2600.3,46,119613.8,73449245.89999992
2025-08-01 01:33:52 PM,2600.9,0,0.0,73449245.89999992
2025-08-01 01:33:54 PM,2598.1,0,0.0,73449245.89999992
2025-08-01 01:33:55 PM,2599.5,0,0.0,73449245.89999992
2025-08-01 01:33:55 PM,2599.5,194,504303.0,73953548.89999992
2025-08-01 01:33:58 PM,2599.4,0,0.0,73953548.89999992
2025-08-01 01:33:59 PM,2600.7,0,0.0,73953548.89999992
2025-08-01 01:34:00 PM,2600.7,8,20805.6,73974354.49999991
2025-08-01 01:34:05 PM,2601.0,49,127449.0,74101803.49999991
2025-08-01 01:35:11 PM,2601.0,2,5202.0,74107005.49999991
2025-08-01 01:35:40 PM,2599.8,10,25998.0,74133003.49999991
2025-08-01 01:36:06 PM,2600.6,0,0.0,74133003.49999991
2025-08-01 01:36:08 PM,2600.6,20,52012.0,74185015.49999991
2025-08-01 01:36:12 PM,2601.0,0,0.0,74185015.49999991
2025-08-01 01:36:14 PM,2601.0,21,54621.0,74239636.49999991
2025-08-01 01:36:30 PM,2600.6,0,0.0,74239636.49999991
2025-08-01 01:36:33 PM,2600.6,4,10402.4,74250038.89999992
2025-08-01 01:36:38 PM,2600.6,3,7801.799999999999,74257840.69999991
2025-08-01 01:37:22 PM,2600.6,16,41609.6,74299450.29999991
2025-08-01 01:37:30 PM,2600.2,0,0.0,74299450.29999991
2025-08-01 01:37:32 PM,2600.2,7,18201.399999999998,74317651.69999991
2025-08-01 01:37:38 PM,2600.6,0,0.0,74317651.69999991
2025-08-01 01:37:41 PM,2600.6,17,44210.2,74361861.89999992
2025-08-01 01:37:56 PM,2600.2,10,26002.0,74387863.89999992
2025-08-01 01:37:57 PM,2600.2,9,23401.8,74411265.69999991
2025-08-01 01:38:33 PM,2600.0,0,0.0,74411265.69999991
2025-08-01 01:38:34 PM,2600.0,1,2600.0,74413865.69999991
2025-08-01 01:39:06 PM,2599.9,0,0.0,74413865.69999991
2025-08-01 01:39:07 PM,2599.9,16,41598.4,74455464.09999992
2025-08-01 01:39:22 PM,2599.7,0,0.0,74455464.09999992
2025-08-01 01:39:23 PM,2599.7,1,2599.7,74458063.79999992
2025-08-01 01:39:40 PM,2599.9,0,0.0,74458063.79999992
2025-08-01 01:39:43 PM,2599.9,2,5199.8,74463263.59999992
2025-08-01 01:39:56 PM,2599.7,0,0.0,74463263.59999992
2025-08-01 01:39:58 PM,2599.7,13,33796.1,74497059.69999991
2025-08-01 01:40:09 PM,2599.7,20,51994.0,74549053.69999991
2025-08-01 01:40:14 PM,2599.1,0,0.0,74549053.69999991
2025-08-01 01:40:15 PM,2599.1,34,88369.4,74637423.09999992
2025-08-01 01:40:24 PM,2599.0,0,0.0,74637423.09999992
2025-08-01 01:40:24 PM,2599.0,83,215717.0,74853140.09999992
2025-08-01 01:40:39 PM,2599.0,24,62376.0,74915516.09999992
2025-08-01 01:40:58 PM,2598.4,0,0.0,74915516.09999992
2025-08-01 01:40:58 PM,2598.4,4,10393.6,74925909.69999991
2025-08-01 01:40:59 PM,2598.4,13,33779.200000000004,74959688.89999992
2025-08-01 01:42:10 PM,2598.0,0,0.0,74959688.89999992
2025-08-01 01:42:12 PM,2598.0,21,54558.0,75014246.89999992
2025-08-01 01:43:20 PM,2597.2,0,0.0,75014246.89999992
2025-08-01 01:43:21 PM,2597.2,71,184401.19999999998,75198648.09999992
2025-08-01 01:43:40 PM,2598.1,0,0.0,75198648.09999992
2025-08-01 01:43:42 PM,2598.1,18,46765.799999999996,75245413.89999992
2025-08-01 01:43:46 PM,2597.6,0,0.0,75245413.89999992
2025-08-01 01:43:47 PM,2597.6,16,41561.6,75286975.49999991
2025-08-01 01:44:38 PM,2598.4,0,0.0,75286975.49999991
2025-08-01 01:44:41 PM,2598.4,5,12992.0,75299967.49999991
2025-08-01 01:44:50 PM,2597.6,0,0.0,75299967.49999991
2025-08-01 01:44:51 PM,2597.6,19,49354.4,75349321.89999992
2025-08-01 01:45:00 PM,2594.4,0,0.0,75349321.89999992
2025-08-01 01:45:01 PM,2595.5,171,443830.5,75793152.39999992
2025-08-01 01:45:04 PM,2597.5,0,0.0,75793152.39999992
2025-08-01 01:45:06 PM,2597.5,3,7792.5,75800944.89999992
2025-08-01 01:45:08 PM,2597.6,0,0.0,75800944.89999992
2025-08-01 01:45:11 PM,2597.6,4,10390.4,75811335.29999992
2025-08-01 01:45:16 PM,2597.3,0,0.0,75811335.29999992
2025-08-01 01:45:16 PM,2597.3,80,207784.0,76019119.29999992
2025-08-01 01:45:26 PM,2597.4,0,0.0,76019119.29999992
2025-08-01 01:45:31 PM,2597.4,18,46753.200000000004,76065872.49999993
2025-08-01 01:45:32 PM,2598.1,0,0.0,76065872.49999993
2025-08-01 01:45:36 PM,2597.6,0,0.0,76065872.49999993
2025-08-01 01:45:36 PM,2597.6,19,49354.4,76115226.89999993
2025-08-01 01:45:42 PM,2596.8,0,0.0,76115226.89999993
2025-08-01 01:45:46 PM,2596.8,17,44145.600000000006,76159372.49999993
2025-08-01 01:45:55 PM,2595.2,25,64879.99999999999,76224252.49999993
2025-08-01 01:46:02 PM,2596.8,0,0.0,76224252.49999993
2025-08-01 01:46:05 PM,2596.8,9,23371.2,76247623.69999993
2025-08-01 01:46:50 PM,2595.8,20,51916.0,76299539.69999993
2025-08-01 01:47:00 PM,2595.8,2,5191.6,76304731.29999992
2025-08-01 01:47:05 PM,2595.8,12,31149.600000000002,76335880.89999992
2025-08-01 01:47:06 PM,2595.2,0,0.0,76335880.89999992
2025-08-01 01:47:07 PM,2595.2,2,5190.4,76341071.29999992
2025-08-01 01:47:32 PM,2595.0,0,0.0,76341071.29999992
2025-08-01 01:47:35 PM,2595.0,4,10380.0,76351451.29999992
2025-08-01 01:48:15 PM,2595.0,19,49305.0,76400756.29999992
2025-08-01 01:48:48 PM,2595.1,0,0.0,76400756.29999992
2025-08-01 01:48:50 PM,2595.1,17,44116.7,76444872.99999993
2025-08-01 01:49:06 PM,2595.0,0,0.0,76444872.99999993
2025-08-01 01:49:09 PM,2595.0,8,20760.0,76465632.99999993
2025-08-01 01:49:12 PM,2594.0,0,0.0,76465632.99999993
2025-08-01 01:49:14 PM,2594.0,149,386506.0,76852138.99999993
2025-08-01 01:49:16 PM,2591.8,0,0.0,76852138.99999993
2025-08-01 01:49:18 PM,2592.0,0,0.0,76852138.99999993
2025-08-01 01:49:19 PM,2592.0,7,18144.0,76870282.99999993
2025-08-01 01:49:20 PM,2591.7,0,0.0,76870282.99999993
2025-08-01 01:49:24 PM,2591.7,24,62200.799999999996,76932483.79999992
2025-08-01 01:49:26 PM,2592.2,0,0.0,76932483.79999992
2025-08-01 01:49:28 PM,2592.2,2,5184.4,76937668.19999993
2025-08-01 01:49:29 PM,2592.3,0,0.0,76937668.19999993
2025-08-01 01:49:30 PM,2591.7,0,0.0,76937668.19999993
2025-08-01 01:49:33 PM,2591.7,57,147726.9,77085395.09999993
2025-08-01 01:49:36 PM,2592.7,0,0.0,77085395.09999993
2025-08-01 01:49:38 PM,2592.7,5,12963.5,77098358.59999993
2025-08-01 01:50:12 PM,2592.7,22,57039.399999999994,77155397.99999994
2025-08-01 01:50:20 PM,2593.5,0,0.0,77155397.99999994
2025-08-01 01:50:22 PM,2593.5,5,12967.5,77168365.49999994
2025-08-01 01:50:24 PM,2592.7,0,0.0,77168365.49999994
2025-08-01 01:50:27 PM,2592.7,15,38890.5,77207255.99999994
2025-08-01 01:51:20 PM,2591.4,0,0.0,77207255.99999994
2025-08-01 01:51:21 PM,2591.4,21,54419.4,77261675.39999995
2025-08-01 01:51:30 PM,2591.4,31,80333.40000000001,77342008.79999995
2025-08-01 01:52:20 PM,2591.6,0,0.0,77342008.79999995
2025-08-01 01:52:20 PM,2591.6,20,51832.0,77393840.79999995
2025-08-01 01:53:36 PM,2591.7,0,0.0,77393840.79999995
2025-08-01 01:53:37 PM,2591.7,2,5183.4,77399024.19999996
2025-08-01 01:53:40 PM,2590.9,50,129545.0,77528569.19999996
2025-08-01 01:54:18 PM,2591.7,0,0.0,77528569.19999996
2025-08-01 01:54:19 PM,2591.7,10,25917.0,77554486.19999996
2025-08-01 01:54:38 PM,2592.6,2,5185.2,77559671.39999996
2025-08-01 01:54:44 PM,2591.7,0,0.0,77559671.39999996
2025-08-01 01:54:47 PM,2591.7,20,51834.0,77611505.39999996
2025-08-01 01:55:17 PM,2591.7,2,5183.4,77616688.79999997
2025-08-01 01:55:36 PM,2592.7,0,0.0,77616688.79999997
2025-08-01 01:55:37 PM,2592.7,5,12963.5,77629652.29999997
2025-08-01 01:56:07 PM,2592.7,2,5185.4,77634837.69999997
2025-08-01 01:56:10 PM,2591.7,0,0.0,77634837.69999997
2025-08-01 01:56:12 PM,2591.7,19,49242.299999999996,77684079.99999997
2025-08-01 01:56:22 PM,2591.7,10,25917.0,77709996.99999997
2025-08-01 01:57:07 PM,2591.7,2,5183.4,77715180.39999998
2025-08-01 01:57:20 PM,2592.2,0,0.0,77715180.39999998
2025-08-01 01:57:21 PM,2592.2,2,5184.4,77720364.79999998
2025-08-01 01:57:32 PM,2591.1,0,0.0,77720364.79999998
2025-08-01 01:57:36 PM,2591.1,18,46639.799999999996,77767004.59999998
2025-08-01 01:57:55 PM,2591.1,12,31093.199999999997,77798097.79999998
2025-08-01 01:57:56 PM,2591.9,0,0.0,77798097.79999998
2025-08-01 01:58:00 PM,2591.9,15,38878.5,77836976.29999998
2025-08-01 01:58:12 PM,2590.7,0,0.0,77836976.29999998
2025-08-01 01:58:15 PM,2590.7,30,77721.0,77914697.29999998
2025-08-01 01:58:42 PM,2591.7,0,0.0,77914697.29999998
2025-08-01 01:58:45 PM,2591.7,1,2591.7,77917288.99999999
2025-08-01 01:59:35 PM,2590.4,0,0.0,77917288.99999999
2025-08-01 01:59:36 PM,2590.4,1,2590.4,77919879.39999999
2025-08-01 01:59:41 PM,2590.4,22,56988.8,77976868.19999999
2025-08-01 01:59:46 PM,2590.4,1,2590.4,77979458.6
2025-08-01 01:59:55 PM,2589.6,0,0.0,77979458.6
2025-08-01 01:59:56 PM,2589.6,114,295214.39999999997,78274673.0
2025-08-01 02:00:06 PM,2588.0,5,12940.0,78287613.0
2025-08-01 02:00:11 PM,2587.6,35,90566.0,78378179.0
2025-08-01 02:00:22 PM,2589.1,10,25891.0,78404070.0
2025-08-01 02:01:23 PM,2587.3,0,0.0,78404070.0
2025-08-01 02:01:23 PM,2587.3,1,2587.3,78406657.3
2025-08-01 02:01:40 PM,2589.1,5,12945.5,78419602.8
2025-08-01 02:01:48 PM,2588.7,0,0.0,78419602.8
2025-08-01 02:01:49 PM,2588.7,1,2588.7,78422191.5
2025-08-01 02:02:10 PM,2588.9,0,0.0,78422191.5
2025-08-01 02:02:12 PM,2588.9,13,33655.700000000004,78455847.2
2025-08-01 02:02:17 PM,2588.9,22,56955.8,78512803.0
2025-08-01 02:03:06 PM,2588.0,0,0.0,78512803.0
2025-08-01 02:03:07 PM,2588.0,9,23292.0,78536095.0
2025-08-01 02:03:21 PM,2589.5,0,0.0,78536095.0
2025-08-01 02:03:23 PM,2589.5,10,25895.0,78561990.0
2025-08-01 02:03:41 PM,2589.1,0,0.0,78561990.0
2025-08-01 02:03:43 PM,2589.1,17,44014.7,78606004.7
2025-08-01 02:04:03 PM,2589.1,29,75083.9,78681088.60000001
2025-08-01 02:04:14 PM,2589.6,0,0.0,78681088.60000001
2025-08-01 02:04:18 PM,2589.6,17,44023.2,78725111.80000001
2025-08-01 02:04:26 PM,2590.0,0,0.0,78725111.80000001
2025-08-01 02:04:28 PM,2590.0,18,46620.0,78771731.80000001
2025-08-01 02:04:44 PM,2590.0,20,51800.0,78823531.80000001
2025-08-01 02:04:52 PM,2590.8,0,0.0,78823531.80000001
2025-08-01 02:04:54 PM,2590.8,5,12954.0,78836485.80000001
2025-08-01 02:06:04 PM,2590.7,3,7772.099999999999,78844257.9
2025-08-01 02:06:05 PM,2589.6,18,46612.799999999996,78890870.7
2025-08-01 02:06:14 PM,2590.6,0,0.0,78890870.7
2025-08-01 02:06:15 PM,2590.6,1,2590.6,78893461.3
2025-08-01 02:06:16 PM,2590.6,1,2590.6,78896051.89999999
2025-08-01 02:06:29 PM,2589.0,25,64725.0,78960776.89999999
2025-08-01 02:07:13 PM,2590.0,0,0.0,78960776.89999999
2025-08-01 02:07:16 PM,2590.0,20,51800.0,79012576.89999999
2025-08-01 02:07:20 PM,2590.0,14,36260.0,79048836.89999999
2025-08-01 02:08:30 PM,2591.3,0,0.0,79048836.89999999
2025-08-01 02:08:32 PM,2591.3,20,51826.0,79100662.89999999
2025-08-01 02:08:33 PM,2589.8,0,0.0,79100662.89999999
2025-08-01 02:08:37 PM,2589.8,20,51796.0,79152458.89999999
2025-08-01 02:08:43 PM,2589.9,0,0.0,79152458.89999999
2025-08-01 02:08:47 PM,2589.9,19,49208.1,79201666.99999999
2025-08-01 02:09:05 PM,2590.4,0,0.0,79201666.99999999
2025-08-01 02:09:08 PM,2590.4,2,5180.8,79206847.79999998
2025-08-01 02:09:43 PM,2590.4,4,10361.6,79217209.39999998
2025-08-01 02:10:18 PM,2593.1,27,70013.7,79287223.09999998
2025-08-01 02:10:53 PM,2593.5,2,5187.0,79292410.09999998
2025-08-01 02:10:58 PM,2593.5,4,10374.0,79302784.09999998
2025-08-01 02:11:18 PM,2594.0,0,0.0,79302784.09999998
2025-08-01 02:11:20 PM,2594.0,154,399476.0,79702260.09999998
2025-08-01 02:11:41 PM,2593.9,1,2593.9,79704853.99999999
2025-08-01 02:11:43 PM,2594.0,0,0.0,79704853.99999999
2025-08-01 02:11:46 PM,2594.0,2,5188.0,79710041.99999999
2025-08-01 02:11:51 PM,2594.4,17,44104.8,79754146.79999998
2025-08-01 02:12:06 PM,2593.0,0,0.0,79754146.79999998
2025-08-01 02:12:06 PM,2593.0,84,217812.0,79971958.79999998
2025-08-01 02:12:13 PM,2590.4,16,41446.4,80013405.19999999
2025-08-01 02:13:14 PM,2590.4,42,108796.8,80122201.99999999
2025-08-01 02:13:33 PM,2590.4,23,59579.200000000004,80181781.19999999
2025-08-01 02:14:54 PM,2592.1,0,0.0,80181781.19999999
2025-08-01 02:14:54 PM,2592.1,3,7776.299999999999,80189557.49999999
2025-08-01 02:15:04 PM,2590.4,0,0.0,80189557.49999999
2025-08-01 02:15:05 PM,2590.4,8,20723.2,80210280.69999999
2025-08-01 02:15:28 PM,2591.7,0,0.0,80210280.69999999
2025-08-01 02:15:28 PM,2591.7,5,12958.5,80223239.19999999
2025-08-01 02:15:56 PM,2590.4,0,0.0,80223239.19999999
2025-08-01 02:15:56 PM,2590.4,10,25904.0,80249143.19999999
2025-08-01 02:16:13 PM,2590.4,4,10361.6,80259504.79999998
2025-08-01 02:17:44 PM,2591.1,0,0.0,80259504.79999998
2025-08-01 02:17:48 PM,2591.1,8,20728.8,80280233.59999998
2025-08-01 02:18:44 PM,2591.0,0,0.0,80280233.59999998
2025-08-01 02:18:44 PM,2591.0,10,25910.0,80306143.59999998
2025-08-01 02:19:36 PM,2591.0,2,5182.0,80311325.59999998
2025-08-01 02:19:40 PM,2590.4,0,0.0,80311325.59999998
2025-08-01 02:19:41 PM,2590.9,17,44045.3,80355370.89999998
2025-08-01 02:20:02 PM,2591.4,8,20731.2,80376102.09999998
2025-08-01 02:20:08 PM,2590.4,1,2590.4,80378692.49999999
2025-08-01 02:20:10 PM,2590.9,0,0.0,80378692.49999999
2025-08-01 02:20:12 PM,2590.4,0,0.0,80378692.49999999
2025-08-01 02:20:13 PM,2590.4,35,90664.0,80469356.49999999
2025-08-01 02:20:42 PM,2591.5,0,0.0,80469356.49999999
2025-08-01 02:20:43 PM,2591.5,14,36281.0,80505637.49999999
2025-08-01 02:20:44 PM,2592.0,0,0.0,80505637.49999999
2025-08-01 02:20:48 PM,2592.0,101,261792.0,80767429.49999999
2025-08-01 02:20:50 PM,2591.0,0,0.0,80767429.49999999
2025-08-01 02:20:53 PM,2591.0,36,93276.0,80860705.49999999
2025-08-01 02:21:12 PM,2591.4,0,0.0,80860705.49999999
2025-08-01 02:21:14 PM,2591.5,0,0.0,80860705.49999999
2025-08-01 02:21:14 PM,2591.5,141,365401.5,81226106.99999999
2025-08-01 02:21:20 PM,2590.2,0,0.0,81226106.99999999
2025-08-01 02:21:24 PM,2590.2,1,2590.2,81228697.19999999
2025-08-01 02:21:28 PM,2589.1,0,0.0,81228697.19999999
2025-08-01 02:21:30 PM,2589.1,57,147578.69999999998,81376275.89999999
2025-08-01 02:21:45 PM,2590.5,7,18133.5,81394409.39999999
2025-08-01 02:21:50 PM,2590.8,0,0.0,81394409.39999999
2025-08-01 02:21:50 PM,2590.8,2,5181.6,81399590.99999999
2025-08-01 02:22:14 PM,2589.2,0,0.0,81399590.99999999
2025-08-01 02:22:17 PM,2590.0,0,0.0,81399590.99999999
2025-08-01 02:22:17 PM,2590.0,64,165760.0,81565350.99999999
2025-08-01 02:22:23 PM,2591.7,29,75159.29999999999,81640510.29999998
2025-08-01 02:22:28 PM,2591.8,6,15550.800000000001,81656061.09999998
2025-08-01 02:22:34 PM,2589.9,0,0.0,81656061.09999998
2025-08-01 02:22:34 PM,2589.9,24,62157.600000000006,81718218.69999997
2025-08-01 02:23:21 PM,2592.7,0,0.0,81718218.69999997
2025-08-01 02:23:22 PM,2592.7,7,18148.899999999998,81736367.59999998
2025-08-01 02:23:46 PM,2592.9,0,0.0,81736367.59999998
2025-08-01 02:23:48 PM,2592.9,13,33707.700000000004,81770075.29999998
2025-08-01 02:24:29 PM,2591.7,0,0.0,81770075.29999998
2025-08-01 02:24:30 PM,2591.7,1,2591.7,81772666.99999999
2025-08-01 02:24:32 PM,2592.9,0,0.0,81772666.99999999
2025-08-01 02:24:35 PM,2592.9,1,2592.9,81775259.89999999
2025-08-01 02:24:57 PM,2592.9,4,10371.6,81785631.49999999
2025-08-01 02:25:33 PM,2591.7,0,0.0,81785631.49999999
2025-08-01 02:25:35 PM,2591.7,1,2591.7,81788223.19999999
2025-08-01 02:25:49 PM,2592.9,0,0.0,81788223.19999999
2025-08-01 02:25:51 PM,2592.9,23,59636.700000000004,81847859.89999999
2025-08-01 02:25:59 PM,2592.3,0,0.0,81847859.89999999
2025-08-01 02:26:01 PM,2592.3,109,282560.7,82130420.6
2025-08-01 02:26:08 PM,2592.5,0,0.0,82130420.6
2025-08-01 02:26:12 PM,2592.5,8,20740.0,82151160.6
2025-08-01 02:26:26 PM,2593.6,0,0.0,82151160.6
2025-08-01 02:26:27 PM,2593.6,18,46684.799999999996,82197845.39999999
2025-08-01 02:26:45 PM,2593.7,0,0.0,82197845.39999999
2025-08-01 02:26:48 PM,2593.7,11,28530.699999999997,82226376.1
2025-08-01 02:27:07 PM,2594.3,0,0.0,82226376.1
2025-08-01 02:27:11 PM,2594.3,25,64857.50000000001,82291233.6
2025-08-01 02:27:21 PM,2594.3,19,49291.700000000004,82340525.3
2025-08-01 02:28:01 PM,2594.0,0,0.0,82340525.3
2025-08-01 02:28:04 PM,2594.0,15,38910.0,82379435.3
2025-08-01 02:29:33 PM,2594.5,4,10378.0,82389813.3
2025-08-01 02:31:32 PM,2592.8,0,0.0,82389813.3
2025-08-01 02:31:33 PM,2592.8,5,12964.0,82402777.3
2025-08-01 02:31:59 PM,2592.8,30,77784.0,82480561.3
2025-08-01 02:32:20 PM,2593.5,0,0.0,82480561.3
2025-08-01 02:32:22 PM,2593.5,38,98553.0,82579114.3
2025-08-01 02:32:34 PM,2593.5,20,51870.0,82630984.3
2025-08-01 02:32:37 PM,2593.5,8,20748.0,82651732.3
2025-08-01 02:32:44 PM,2594.0,0,0.0,82651732.3
2025-08-01 02:32:45 PM,2594.0,6,15564.0,82667296.3
2025-08-01 02:34:41 PM,2594.0,18,46692.0,82713988.3
2025-08-01 02:35:08 PM,2594.0,11,28534.0,82742522.3
2025-08-01 02:35:21 PM,2594.7,0,0.0,82742522.3
2025-08-01 02:35:22 PM,2594.7,5,12973.5,82755495.8
2025-08-01 02:35:26 PM,2594.0,0,0.0,82755495.8
2025-08-01 02:35:27 PM,2594.0,1,2594.0,82758089.8
2025-08-01 02:35:28 PM,2594.9,0,0.0,82758089.8
2025-08-01 02:35:30 PM,2594.9,1,2594.9,82760684.7
2025-08-01 02:35:49 PM,2594.9,25,64872.5,82825557.2
2025-08-01 02:35:54 PM,2595.2,0,0.0,82825557.2
2025-08-01 02:35:54 PM,2595.2,61,158307.19999999998,82983864.4
2025-08-01 02:36:00 PM,2595.6,0,0.0,82983864.4
2025-08-01 02:36:00 PM,2595.6,2,5191.2,82989055.60000001
2025-08-01 02:36:03 PM,2595.2,0,0.0,82989055.60000001
2025-08-01 02:36:05 PM,2595.2,1,2595.2,82991650.80000001
2025-08-01 02:36:17 PM,2595.9,23,59705.700000000004,83051356.50000001
2025-08-01 02:36:19 PM,2596.0,0,0.0,83051356.50000001
2025-08-01 02:36:19 PM,2596.0,15,38940.0,83090296.50000001
2025-08-01 02:36:28 PM,2595.6,24,62294.399999999994,83152590.90000002
2025-08-01 02:36:35 PM,2595.6,17,44125.2,83196716.10000002
2025-08-01 02:37:03 PM,2596.0,0,0.0,83196716.10000002
2025-08-01 02:37:05 PM,2596.0,14,36344.0,83233060.10000002
2025-08-01 02:38:17 PM,2595.2,20,51904.0,83284964.10000002
2025-08-01 02:38:36 PM,2595.7,0,0.0,83284964.10000002
2025-08-01 02:38:38 PM,2595.7,20,51914.0,83336878.10000002
2025-08-01 02:38:48 PM,2595.2,0,0.0,83336878.10000002
2025-08-01 02:38:50 PM,2595.2,4,10380.8,83347258.90000002
2025-08-01 02:38:55 PM,2595.2,10,25952.0,83373210.90000002
2025-08-01 02:39:25 PM,2595.2,2,5190.4,83378401.30000003
2025-08-01 02:39:35 PM,2595.7,0,0.0,83378401.30000003
2025-08-01 02:39:36 PM,2595.7,2,5191.4,83383592.70000003
2025-08-01 02:40:07 PM,2595.2,0,0.0,83383592.70000003
2025-08-01 02:40:09 PM,2595.2,10,25952.0,83409544.70000003
2025-08-01 02:40:15 PM,2595.2,2,5190.4,83414735.10000004
2025-08-01 02:41:16 PM,2594.4,0,0.0,83414735.10000004
2025-08-01 02:41:16 PM,2594.4,18,46699.200000000004,83461434.30000004
2025-08-01 02:41:24 PM,2594.8,0,0.0,83461434.30000004
2025-08-01 02:41:26 PM,2594.8,23,59680.4,83521114.70000005
2025-08-01 02:41:36 PM,2595.9,0,0.0,83521114.70000005
2025-08-01 02:41:37 PM,2595.9,29,75281.1,83596395.80000004
2025-08-01 02:41:44 PM,2594.8,0,0.0,83596395.80000004
2025-08-01 02:41:47 PM,2594.8,19,49301.200000000004,83645697.00000004
2025-08-01 02:42:25 PM,2594.4,0,0.0,83645697.00000004
2025-08-01 02:42:25 PM,2594.4,30,77832.0,83723529.00000004
2025-08-01 02:42:33 PM,2595.9,0,0.0,83723529.00000004
2025-08-01 02:42:35 PM,2595.9,8,20767.2,83744296.20000005
2025-08-01 02:42:46 PM,2594.8,2,5189.6,83749485.80000004
2025-08-01 02:43:23 PM,2594.8,6,15568.800000000001,83765054.60000004
2025-08-01 02:43:48 PM,2595.1,0,0.0,83765054.60000004
2025-08-01 02:43:50 PM,2595.1,2,5190.2,83770244.80000004
2025-08-01 02:44:19 PM,2595.1,2,5190.2,83775435.00000004
2025-08-01 02:44:41 PM,2595.9,0,0.0,83775435.00000004
2025-08-01 02:44:41 PM,2595.9,2,5191.8,83780626.80000004
2025-08-01 02:44:56 PM,2595.1,0,0.0,83780626.80000004
2025-08-01 02:44:58 PM,2595.9,6,15575.400000000001,83796202.20000005
2025-08-01 02:45:26 PM,2595.0,0,0.0,83796202.20000005
2025-08-01 02:45:26 PM,2595.0,74,192030.0,83988232.20000005
2025-08-01 02:45:32 PM,2593.8,0,0.0,83988232.20000005
2025-08-01 02:45:32 PM,2593.8,147,381288.60000000003,84369520.80000004
2025-08-01 02:45:38 PM,2591.7,20,51834.0,84421354.80000004
2025-08-01 02:45:53 PM,2592.2,0,0.0,84421354.80000004
2025-08-01 02:45:53 PM,2592.2,24,62212.799999999996,84483567.60000004
2025-08-01 02:46:01 PM,2593.3,0,0.0,84483567.60000004
2025-08-01 02:46:04 PM,2593.3,7,18153.100000000002,84501720.70000003
2025-08-01 02:47:00 PM,2592.2,2,5184.4,84506905.10000004
2025-08-01 02:47:01 PM,2593.3,16,41492.8,84548397.90000004
2025-08-01 02:47:07 PM,2594.9,0,0.0,84548397.90000004
2025-08-01 02:47:07 PM,2594.9,150,389235.0,84937632.90000004
2025-08-01 02:47:12 PM,2592.2,0,0.0,84937632.90000004
2025-08-01 02:47:12 PM,2592.2,5,12961.0,84950593.90000004
2025-08-01 02:47:20 PM,2594.7,0,0.0,84950593.90000004
2025-08-01 02:47:23 PM,2594.7,52,134924.4,85085518.30000004
2025-08-01 02:47:32 PM,2594.8,0,0.0,85085518.30000004
2025-08-01 02:47:35 PM,2594.8,22,57085.600000000006,85142603.90000004
2025-08-01 02:47:36 PM,2594.9,0,0.0,85142603.90000004
2025-08-01 02:47:40 PM,2594.9,25,64872.5,85207476.40000004
2025-08-01 02:47:45 PM,2595.0,0,0.0,85207476.40000004
2025-08-01 02:47:46 PM,2595.0,29,75255.0,85282731.40000004
2025-08-01 02:47:46 PM,2594.2,28,72637.59999999999,85355369.00000003
2025-08-01 02:47:48 PM,2594.1,0,0.0,85355369.00000003
2025-08-01 02:47:52 PM,2594.1,12,31129.199999999997,85386498.20000003
2025-08-01 02:48:00 PM,2591.0,0,0.0,85386498.20000003
2025-08-01 02:48:03 PM,2591.0,137,354967.0,85741465.20000003
2025-08-01 02:48:10 PM,2591.5,21,54421.5,85795886.70000003
2025-08-01 02:48:26 PM,2591.7,9,23325.3,85819212.00000003
2025-08-01 02:48:27 PM,2591.7,23,59609.1,85878821.10000002
2025-08-01 02:48:42 PM,2592.6,0,0.0,85878821.10000002
2025-08-01 02:48:43 PM,2592.6,15,38889.0,85917710.10000002
2025-08-01 02:48:48 PM,2592.6,8,20740.8,85938450.90000002
2025-08-01 02:49:03 PM,2593.5,0,0.0,85938450.90000002
2025-08-01 02:49:05 PM,2593.5,1,2593.5,85941044.40000002
2025-08-01 02:49:44 PM,2593.5,1,2593.5,85943637.90000002
2025-08-01 02:49:49 PM,2593.4,0,0.0,85943637.90000002
2025-08-01 02:49:49 PM,2593.4,26,67428.40000000001,86011066.30000003
2025-08-01 02:50:00 PM,2594.2,2,5188.4,86016254.70000003
2025-08-01 02:50:04 PM,2594.9,0,0.0,86016254.70000003
2025-08-01 02:50:06 PM,2594.9,11,28543.9,86044798.60000004
2025-08-01 02:50:12 PM,2595.0,0,0.0,86044798.60000004
2025-08-01 02:50:12 PM,2595.0,9,23355.0,86068153.60000004
2025-08-01 02:50:12 PM,2595.0,4,10380.0,86078533.60000004
2025-08-01 02:50:23 PM,2595.0,13,33735.0,86112268.60000004
2025-08-01 02:50:31 PM,2594.9,0,0.0,86112268.60000004
2025-08-01 02:50:34 PM,2594.9,41,106390.90000000001,86218659.50000004
2025-08-01 02:50:41 PM,2594.3,0,0.0,86218659.50000004
2025-08-01 02:50:44 PM,2595.0,71,184245.0,86402904.50000004
2025-08-01 02:50:50 PM,2595.0,25,64875.0,86467779.50000004
2025-08-01 02:50:52 PM,2596.2,0,0.0,86467779.50000004
2025-08-01 02:50:55 PM,2596.2,953,2474178.5999999996,88941958.10000004
2025-08-01 02:50:59 PM,2601.0,0,0.0,88941958.10000004
2025-08-01 02:51:00 PM,2602.4,0,0.0,88941958.10000004
2025-08-01 02:51:00 PM,2602.4,451,1173682.4000000001,90115640.50000004
2025-08-01 02:51:01 PM,2602.1,0,0.0,90115640.50000004
2025-08-01 02:51:06 PM,2602.1,38,98879.8,90214520.30000004
2025-08-01 02:51:08 PM,2599.0,0,0.0,90214520.30000004
2025-08-01 02:51:12 PM,2599.0,21,54579.0,90269099.30000004
2025-08-01 02:51:17 PM,2599.0,2,5198.0,90274297.30000004
2025-08-01 02:51:22 PM,2599.0,24,62376.0,90336673.30000004
2025-08-01 02:51:28 PM,2599.0,1,2599.0,90339272.30000004
2025-08-01 02:51:38 PM,2601.0,0,0.0,90339272.30000004
2025-08-01 02:51:39 PM,2601.0,10,26010.0,90365282.30000004
2025-08-01 02:51:42 PM,2598.8,0,0.0,90365282.30000004
2025-08-01 02:51:44 PM,2598.8,24,62371.200000000004,90427653.50000004
2025-08-01 02:51:51 PM,2598.0,0,0.0,90427653.50000004
2025-08-01 02:51:53 PM,2597.9,0,0.0,90427653.50000004
2025-08-01 02:51:54 PM,2597.9,271,704030.9,91131684.40000005
2025-08-01 02:51:56 PM,2598.9,0,0.0,91131684.40000005
2025-08-01 02:51:59 PM,2598.9,36,93560.40000000001,91225244.80000006
2025-08-01 02:52:01 PM,2598.1,0,0.0,91225244.80000006
2025-08-01 02:52:03 PM,2599.0,0,0.0,91225244.80000006
2025-08-01 02:52:05 PM,2599.0,26,67574.0,91292818.80000006
2025-08-01 02:52:08 PM,2599.8,0,0.0,91292818.80000006
2025-08-01 02:52:11 PM,2599.8,28,72794.40000000001,91365613.20000006
2025-08-01 02:52:12 PM,2598.4,0,0.0,91365613.20000006
2025-08-01 02:52:16 PM,2598.4,22,57164.8,91422778.00000006
2025-08-01 02:52:27 PM,2598.4,24,62361.600000000006,91485139.60000005
2025-08-01 02:52:33 PM,2598.4,3,7795.200000000001,91492934.80000006
2025-08-01 02:52:37 PM,2598.4,8,20787.2,91513722.00000006
2025-08-01 02:52:40 PM,2597.6,0,0.0,91513722.00000006
2025-08-01 02:52:43 PM,2597.6,37,96111.2,91609833.20000006
2025-08-01 02:52:49 PM,2598.1,22,57158.2,91666991.40000007
2025-08-01 02:53:04 PM,2598.1,20,51962.0,91718953.40000007
2025-08-01 02:53:20 PM,2598.1,26,67550.59999999999,91786504.00000006
2025-08-01 02:53:21 PM,2598.4,0,0.0,91786504.00000006
2025-08-01 02:53:22 PM,2598.4,3,7795.200000000001,91794299.20000006
2025-08-01 02:53:36 PM,2598.1,65,168876.5,91963175.70000006
