date,price,qty,trnvr,cum_trnvr
2025-08-01 09:15:06 AM,1165.3,122,142166.6,142166.6
2025-08-01 09:15:14 AM,1164.9,0,0.0,142166.6
2025-08-01 09:15:17 AM,1164.9,3,3494.7000000000003,145661.30000000002
2025-08-01 09:15:27 AM,1166.4,246,286934.4,432595.70000000007
2025-08-01 09:15:30 AM,1162.7,0,0.0,432595.70000000007
2025-08-01 09:15:34 AM,1168.4,0,0.0,432595.70000000007
2025-08-01 09:15:35 AM,1168.4,90,105156.00000000001,537751.7000000001
2025-08-01 09:15:38 AM,1167.9,0,0.0,537751.7000000001
2025-08-01 09:15:43 AM,1169.0,0,0.0,537751.7000000001
2025-08-01 09:15:44 AM,1169.0,2,2338.0,540089.7000000001
2025-08-01 09:15:54 AM,1167.9,2,2335.8,542425.5000000001
2025-08-01 09:16:08 AM,1166.3,42,48984.6,591410.1000000001
2025-08-01 09:16:10 AM,1165.2,5,5826.0,597236.1000000001
2025-08-01 09:16:18 AM,1166.4,4,4665.6,601901.7000000001
2025-08-01 09:16:25 AM,1166.3,1,1166.3,603068.0000000001
2025-08-01 09:16:26 AM,1166.4,1,1166.4,604234.4000000001
2025-08-01 09:16:30 AM,1166.8,0,0.0,604234.4000000001
2025-08-01 09:16:32 AM,1167.8,0,0.0,604234.4000000001
2025-08-01 09:16:33 AM,1167.8,5,5839.0,610073.4000000001
2025-08-01 09:16:40 AM,1167.9,0,0.0,610073.4000000001
2025-08-01 09:16:41 AM,1167.9,2,2335.8,612409.2000000002
2025-08-01 09:16:49 AM,1167.9,124,144819.6,757228.8000000002
2025-08-01 09:16:58 AM,1170.1,48,56164.799999999996,813393.6000000002
2025-08-01 09:17:15 AM,1172.5,28,32830.0,846223.6000000002
2025-08-01 09:17:22 AM,1172.5,2,2345.0,848568.6000000002
2025-08-01 09:17:23 AM,1173.9,9,10565.1,859133.7000000002
2025-08-01 09:17:30 AM,1171.2,90,105408.0,964541.7000000002
2025-08-01 09:17:42 AM,1174.5,0,0.0,964541.7000000002
2025-08-01 09:17:44 AM,1174.7,0,0.0,964541.7000000002
2025-08-01 09:17:47 AM,1174.7,1181,1387320.7,2351862.4000000004
2025-08-01 09:17:51 AM,1176.4,0,0.0,2351862.4000000004
2025-08-01 09:17:55 AM,1176.4,60,70584.0,2422446.4000000004
2025-08-01 09:18:04 AM,1176.4,1,1176.4,2423622.8000000003
2025-08-01 09:18:12 AM,1176.4,4,4705.6,2428328.4000000004
2025-08-01 09:18:25 AM,1172.7,0,0.0,2428328.4000000004
2025-08-01 09:18:29 AM,1172.7,69,80916.3,2509244.7
2025-08-01 09:18:47 AM,1176.4,0,0.0,2509244.7
2025-08-01 09:18:49 AM,1175.4,0,0.0,2509244.7
2025-08-01 09:18:53 AM,1176.3,169,198794.69999999998,2708039.4000000004
2025-08-01 09:18:54 AM,1177.5,2,2355.0,2710394.4000000004
2025-08-01 09:18:57 AM,1175.4,0,0.0,2710394.4000000004
2025-08-01 09:19:01 AM,1175.4,1,1175.4,2711569.8000000003
2025-08-01 09:19:06 AM,1175.0,0,0.0,2711569.8000000003
2025-08-01 09:19:09 AM,1175.0,50,58750.0,2770319.8000000003
2025-08-01 09:19:10 AM,1176.4,4,4705.6,2775025.4000000004
2025-08-01 09:19:13 AM,1177.3,0,0.0,2775025.4000000004
2025-08-01 09:19:17 AM,1174.1,26,30526.6,2805552.0000000005
2025-08-01 09:19:21 AM,1175.9,0,0.0,2805552.0000000005
2025-08-01 09:19:26 AM,1177.1,5,5885.5,2811437.5000000005
2025-08-01 09:19:26 AM,1179.6,0,0.0,2811437.5000000005
2025-08-01 09:19:27 AM,1179.6,251,296079.6,3107517.1000000006
2025-08-01 09:19:28 AM,1178.8,0,0.0,3107517.1000000006
2025-08-01 09:19:33 AM,1178.8,2,2357.6,3109874.7000000007
2025-08-01 09:19:49 AM,1178.4,0,0.0,3109874.7000000007
2025-08-01 09:19:50 AM,1178.4,11,12962.400000000001,3122837.1000000006
2025-08-01 09:19:57 AM,1178.5,0,0.0,3122837.1000000006
2025-08-01 09:19:58 AM,1178.5,1,1178.5,3124015.6000000006
2025-08-01 09:20:19 AM,1178.4,0,0.0,3124015.6000000006
2025-08-01 09:20:21 AM,1178.4,2,2356.8,3126372.4000000004
2025-08-01 09:20:23 AM,1178.5,63,74245.5,3200617.9000000004
2025-08-01 09:20:26 AM,1180.0,0,0.0,3200617.9000000004
2025-08-01 09:20:29 AM,1180.0,9,10620.0,3211237.9000000004
2025-08-01 09:20:37 AM,1180.0,7,8260.0,3219497.9000000004
2025-08-01 09:20:45 AM,1180.0,1,1180.0,3220677.9000000004
2025-08-01 09:20:46 AM,1178.1,6,7068.599999999999,3227746.5000000005
2025-08-01 09:20:50 AM,1179.9,0,0.0,3227746.5000000005
2025-08-01 09:20:53 AM,1179.9,3,3539.7000000000003,3231286.2000000007
2025-08-01 09:20:57 AM,1180.0,0,0.0,3231286.2000000007
2025-08-01 09:21:00 AM,1180.0,3,3540.0,3234826.2000000007
2025-08-01 09:21:02 AM,1179.9,10,11799.0,3246625.2000000007
2025-08-01 09:21:04 AM,1178.5,0,0.0,3246625.2000000007
2025-08-01 09:21:08 AM,1178.5,1,1178.5,3247803.7000000007
2025-08-01 09:21:09 AM,1178.4,3,3535.2000000000003,3251338.900000001
2025-08-01 09:21:20 AM,1178.5,0,0.0,3251338.900000001
2025-08-01 09:21:24 AM,1178.5,8,9428.0,3260766.900000001
2025-08-01 09:21:25 AM,1178.5,1,1178.5,3261945.400000001
2025-08-01 09:21:32 AM,1178.3,8,9426.4,3271371.8000000007
2025-08-01 09:21:34 AM,1178.5,0,0.0,3271371.8000000007
2025-08-01 09:21:38 AM,1177.4,0,0.0,3271371.8000000007
2025-08-01 09:21:40 AM,1177.4,11,12951.400000000001,3284323.2000000007
2025-08-01 09:21:44 AM,1179.2,0,0.0,3284323.2000000007
2025-08-01 09:21:47 AM,1179.2,9,10612.800000000001,3294936.0000000005
2025-08-01 09:21:48 AM,1179.3,1,1179.3,3296115.3000000003
2025-08-01 09:21:53 AM,1179.8,0,0.0,3296115.3000000003
2025-08-01 09:21:55 AM,1179.8,2,2359.6,3298474.9000000004
2025-08-01 09:22:11 AM,1179.8,6,7078.799999999999,3305553.7
2025-08-01 09:22:14 AM,1178.1,0,0.0,3305553.7
2025-08-01 09:22:17 AM,1178.1,16,18849.6,3324403.3000000003
2025-08-01 09:22:27 AM,1176.5,13,15294.5,3339697.8000000003
2025-08-01 09:22:36 AM,1178.5,0,0.0,3339697.8000000003
2025-08-01 09:22:40 AM,1178.5,15,17677.5,3357375.3000000003
2025-08-01 09:22:42 AM,1178.7,3,3536.1000000000004,3360911.4000000004
2025-08-01 09:22:53 AM,1177.4,0,0.0,3360911.4000000004
2025-08-01 09:22:56 AM,1177.4,13,15306.2,3376217.6000000006
2025-08-01 09:22:57 AM,1178.6,2,2357.2,3378574.8000000007
2025-08-01 09:23:00 AM,1178.7,0,0.0,3378574.8000000007
2025-08-01 09:23:03 AM,1178.7,14,16501.8,3395076.6000000006
2025-08-01 09:23:05 AM,1178.7,2,2357.4,3397434.0000000005
2025-08-01 09:23:11 AM,1178.7,1,1178.7,3398612.7000000007
2025-08-01 09:23:15 AM,1178.9,0,0.0,3398612.7000000007
2025-08-01 09:23:19 AM,1178.9,7,8252.300000000001,3406865.0000000005
2025-08-01 09:23:20 AM,1178.9,1,1178.9,3408043.9000000004
2025-08-01 09:23:41 AM,1178.7,0,0.0,3408043.9000000004
2025-08-01 09:23:43 AM,1178.7,1,1178.7,3409222.6000000006
2025-08-01 09:23:47 AM,1177.2,0,0.0,3409222.6000000006
2025-08-01 09:23:49 AM,1177.2,5,5886.0,3415108.6000000006
2025-08-01 09:23:53 AM,1178.4,0,0.0,3415108.6000000006
2025-08-01 09:23:57 AM,1178.6,2,2357.2,3417465.8000000007
2025-08-01 09:24:04 AM,1178.3,1,1178.3,3418644.1000000006
2025-08-01 09:24:12 AM,1177.5,52,61230.0,3479874.1000000006
2025-08-01 09:24:27 AM,1176.7,5,5883.5,3485757.6000000006
2025-08-01 09:24:29 AM,1176.7,1,1176.7,3486934.3000000007
2025-08-01 09:24:32 AM,1175.7,0,0.0,3486934.3000000007
2025-08-01 09:24:35 AM,1175.7,8,9405.6,3496339.900000001
2025-08-01 09:24:37 AM,1175.1,68,79906.79999999999,3576246.7000000007
2025-08-01 09:24:42 AM,1176.5,1,1176.5,3577423.2000000007
2025-08-01 09:24:44 AM,1177.4,1,1177.4,3578600.6000000006
2025-08-01 09:25:03 AM,1176.8,0,0.0,3578600.6000000006
2025-08-01 09:25:04 AM,1176.8,1,1176.8,3579777.4000000004
2025-08-01 09:25:12 AM,1176.8,1,1176.8,3580954.2
2025-08-01 09:25:17 AM,1176.7,0,0.0,3580954.2
2025-08-01 09:25:20 AM,1176.7,2,2353.4,3583307.6
2025-08-01 09:25:29 AM,1175.4,6,7052.400000000001,3590360.0
2025-08-01 09:25:41 AM,1175.6,0,0.0,3590360.0
2025-08-01 09:25:42 AM,1175.6,3,3526.7999999999997,3593886.8
2025-08-01 09:25:50 AM,1176.0,4,4704.0,3598590.8
2025-08-01 09:25:51 AM,1175.3,0,0.0,3598590.8
2025-08-01 09:25:52 AM,1175.3,3,3525.8999999999996,3602116.6999999997
2025-08-01 09:25:57 AM,1176.3,1,1176.3,3603292.9999999995
2025-08-01 09:26:04 AM,1176.4,0,0.0,3603292.9999999995
2025-08-01 09:26:05 AM,1176.4,3,3529.2000000000003,3606822.1999999997
2025-08-01 09:26:11 AM,1176.3,0,0.0,3606822.1999999997
2025-08-01 09:26:12 AM,1176.3,26,30583.8,3637405.9999999995
2025-08-01 09:26:20 AM,1176.1,5,5880.5,3643286.4999999995
2025-08-01 09:26:24 AM,1176.0,0,0.0,3643286.4999999995
2025-08-01 09:26:28 AM,1176.0,5,5880.0,3649166.4999999995
2025-08-01 09:26:57 AM,1176.1,0,0.0,3649166.4999999995
2025-08-01 09:26:58 AM,1176.1,11,12937.099999999999,3662103.5999999996
2025-08-01 09:27:06 AM,1176.1,2,2352.2,3664455.8
2025-08-01 09:27:13 AM,1175.8,6,7054.799999999999,3671510.5999999996
2025-08-01 09:27:18 AM,1176.9,0,0.0,3671510.5999999996
2025-08-01 09:27:21 AM,1176.9,1,1176.9,3672687.4999999995
2025-08-01 09:27:22 AM,1177.0,1,1177.0,3673864.4999999995
2025-08-01 09:27:28 AM,1178.0,7,8246.0,3682110.4999999995
2025-08-01 09:27:33 AM,1177.3,0,0.0,3682110.4999999995
2025-08-01 09:27:35 AM,1177.3,2,2354.6,3684465.0999999996
2025-08-01 09:27:43 AM,1178.0,7,8246.0,3692711.0999999996
2025-08-01 09:27:52 AM,1178.0,18,21204.0,3713915.0999999996
2025-08-01 09:27:58 AM,1178.0,1,1178.0,3715093.0999999996
2025-08-01 09:28:06 AM,1178.0,1,1178.0,3716271.0999999996
2025-08-01 09:28:21 AM,1178.0,2,2356.0,3718627.0999999996
2025-08-01 09:28:29 AM,1178.0,1,1178.0,3719805.0999999996
2025-08-01 09:28:37 AM,1178.0,10,11780.0,3731585.0999999996
2025-08-01 09:28:44 AM,1178.0,4,4712.0,3736297.0999999996
2025-08-01 09:28:52 AM,1178.0,7,8246.0,3744543.0999999996
2025-08-01 09:29:16 AM,1178.0,7,8246.0,3752789.0999999996
2025-08-01 09:29:37 AM,1178.0,10,11780.0,3764569.0999999996
2025-08-01 09:29:43 AM,1177.0,0,0.0,3764569.0999999996
2025-08-01 09:29:45 AM,1177.7,7,8243.9,3772812.9999999995
2025-08-01 09:29:48 AM,1176.5,0,0.0,3772812.9999999995
2025-08-01 09:29:52 AM,1176.5,40,47060.0,3819872.9999999995
2025-08-01 09:29:53 AM,1177.7,1,1177.7,3821050.6999999997
2025-08-01 09:29:59 AM,1176.8,0,0.0,3821050.6999999997
2025-08-01 09:30:00 AM,1176.8,6,7060.799999999999,3828111.4999999995
2025-08-01 09:30:05 AM,1177.9,0,0.0,3828111.4999999995
2025-08-01 09:30:08 AM,1177.9,101,118967.90000000001,3947079.3999999994
2025-08-01 09:30:13 AM,1176.1,0,0.0,3947079.3999999994
2025-08-01 09:30:15 AM,1176.1,30,35283.0,3982362.3999999994
2025-08-01 09:30:20 AM,1176.3,0,0.0,3982362.3999999994
2025-08-01 09:30:23 AM,1176.3,2,2352.6,3984714.9999999995
2025-08-01 09:30:38 AM,1175.9,7,8231.300000000001,3992946.2999999993
2025-08-01 09:30:45 AM,1175.9,2,2351.8,3995298.099999999
2025-08-01 09:30:48 AM,1175.1,0,0.0,3995298.099999999
2025-08-01 09:30:52 AM,1175.9,6,7055.400000000001,4002353.499999999
2025-08-01 09:30:59 AM,1175.9,1,1175.9,4003529.399999999
2025-08-01 09:31:00 AM,1175.9,1,1175.9,4004705.299999999
2025-08-01 09:31:07 AM,1175.9,2,2351.8,4007057.0999999987
2025-08-01 09:31:17 AM,1175.4,0,0.0,4007057.0999999987
2025-08-01 09:31:22 AM,1175.4,3,3526.2000000000003,4010583.299999999
2025-08-01 09:31:29 AM,1175.0,68,79900.0,4090483.299999999
2025-08-01 09:31:36 AM,1175.0,1,1175.0,4091658.299999999
2025-08-01 09:31:50 AM,1175.0,14,16450.0,4108108.299999999
2025-08-01 09:31:57 AM,1175.0,1,1175.0,4109283.299999999
2025-08-01 09:32:04 AM,1175.0,1,1175.0,4110458.299999999
2025-08-01 09:32:32 AM,1175.0,3,3525.0,4113983.299999999
2025-08-01 09:32:39 AM,1175.0,1,1175.0,4115158.299999999
2025-08-01 09:32:53 AM,1175.0,1,1175.0,4116333.299999999
2025-08-01 09:33:00 AM,1175.0,6,7050.0,4123383.299999999
2025-08-01 09:33:14 AM,1175.0,1,1175.0,4124558.299999999
2025-08-01 09:33:20 AM,1175.0,1,1175.0,4125733.299999999
2025-08-01 09:33:37 AM,1175.5,0,0.0,4125733.299999999
2025-08-01 09:33:41 AM,1175.5,160,188080.0,4313813.299999999
2025-08-01 09:33:47 AM,1177.8,0,0.0,4313813.299999999
2025-08-01 09:33:48 AM,1177.8,3,3533.3999999999996,4317346.699999999
2025-08-01 09:34:02 AM,1176.9,3,3530.7000000000003,4320877.399999999
2025-08-01 09:34:07 AM,1176.8,0,0.0,4320877.399999999
2025-08-01 09:34:09 AM,1176.8,3,3530.3999999999996,4324407.8
2025-08-01 09:34:12 AM,1177.7,0,0.0,4324407.8
2025-08-01 09:34:16 AM,1177.7,1,1177.7,4325585.5
2025-08-01 09:34:27 AM,1177.6,0,0.0,4325585.5
2025-08-01 09:34:30 AM,1177.6,5,5888.0,4331473.5
2025-08-01 09:34:32 AM,1176.8,0,0.0,4331473.5
2025-08-01 09:34:35 AM,1177.5,0,0.0,4331473.5
2025-08-01 09:34:37 AM,1177.5,2,2355.0,4333828.5
2025-08-01 09:34:58 AM,1177.5,1,1177.5,4335006.0
2025-08-01 09:35:26 AM,1177.4,1,1177.4,4336183.4
2025-08-01 09:35:37 AM,1176.2,0,0.0,4336183.4
2025-08-01 09:35:40 AM,1176.2,2,2352.4,4338535.800000001
2025-08-01 09:35:52 AM,1177.0,0,0.0,4338535.800000001
2025-08-01 09:35:53 AM,1177.0,275,323675.0,4662210.800000001
2025-08-01 09:35:57 AM,1177.5,0,0.0,4662210.800000001
2025-08-01 09:36:00 AM,1177.4,102,120094.8,4782305.600000001
2025-08-01 09:36:06 AM,1178.0,348,409944.0,5192249.600000001
2025-08-01 09:36:13 AM,1177.8,6,7066.799999999999,5199316.4
2025-08-01 09:36:20 AM,1178.0,9,10602.0,5209918.4
2025-08-01 09:36:26 AM,1178.0,1,1178.0,5211096.4
2025-08-01 09:36:33 AM,1178.0,2,2356.0,5213452.4
2025-08-01 09:36:39 AM,1178.0,2,2356.0,5215808.4
2025-08-01 09:36:46 AM,1178.0,1,1178.0,5216986.4
2025-08-01 09:37:06 AM,1176.8,0,0.0,5216986.4
2025-08-01 09:37:06 AM,1176.8,55,64724.0,5281710.4
2025-08-01 09:37:21 AM,1175.4,3,3526.2000000000003,5285236.600000001
2025-08-01 09:37:27 AM,1175.4,2,2350.8,5287587.4
2025-08-01 09:37:34 AM,1175.4,3,3526.2000000000003,5291113.600000001
2025-08-01 09:37:36 AM,1174.4,0,0.0,5291113.600000001
2025-08-01 09:37:41 AM,1174.4,25,29360.000000000004,5320473.600000001
2025-08-01 09:38:02 AM,1172.7,0,0.0,5320473.600000001
2025-08-01 09:38:05 AM,1172.0,0,0.0,5320473.600000001
2025-08-01 09:38:07 AM,1172.0,114,133608.0,5454081.600000001
2025-08-01 09:38:11 AM,1173.3,0,0.0,5454081.600000001
2025-08-01 09:38:14 AM,1173.3,1,1173.3,5455254.9
2025-08-01 09:38:21 AM,1173.5,1,1173.5,5456428.4
2025-08-01 09:38:22 AM,1173.7,0,0.0,5456428.4
2025-08-01 09:38:28 AM,1173.7,2,2347.4,5458775.800000001
2025-08-01 09:38:37 AM,1173.5,0,0.0,5458775.800000001
2025-08-01 09:38:41 AM,1173.5,100,117350.0,5576125.800000001
2025-08-01 09:38:43 AM,1173.7,0,0.0,5576125.800000001
2025-08-01 09:38:48 AM,1173.7,2,2347.4,5578473.200000001
2025-08-01 09:38:58 AM,1173.0,0,0.0,5578473.200000001
2025-08-01 09:39:01 AM,1173.7,7,8215.9,5586689.1000000015
2025-08-01 09:39:17 AM,1173.0,0,0.0,5586689.1000000015
2025-08-01 09:39:21 AM,1173.0,5,5865.0,5592554.1000000015
2025-08-01 09:39:48 AM,1173.0,53,62169.0,5654723.1000000015
2025-08-01 09:39:54 AM,1173.1,1,1173.1,5655896.200000001
2025-08-01 09:40:01 AM,1173.1,2,2346.2,5658242.400000001
2025-08-01 09:40:07 AM,1174.1,3,3522.2999999999997,5661764.700000001
2025-08-01 09:40:26 AM,1174.2,0,0.0,5661764.700000001
2025-08-01 09:40:27 AM,1174.2,1,1174.2,5662938.900000001
2025-08-01 09:40:34 AM,1174.3,0,0.0,5662938.900000001
2025-08-01 09:40:34 AM,1174.3,3,3522.8999999999996,5666461.800000002
2025-08-01 09:40:40 AM,1174.3,3,3522.8999999999996,5669984.700000002
2025-08-01 09:40:47 AM,1174.3,2,2348.6,5672333.300000002
2025-08-01 09:41:00 AM,1174.3,2,2348.6,5674681.900000001
2025-08-01 09:41:13 AM,1174.3,1,1174.3,5675856.200000001
2025-08-01 09:41:17 AM,1173.7,0,0.0,5675856.200000001
2025-08-01 09:41:20 AM,1173.7,7,8215.9,5684072.1000000015
2025-08-01 09:41:21 AM,1173.7,1,1173.7,5685245.800000002
2025-08-01 09:41:27 AM,1173.7,1,1173.7,5686419.500000002
2025-08-01 09:41:33 AM,1173.7,12,14084.400000000001,5700503.900000002
2025-08-01 09:42:01 AM,1174.3,0,0.0,5700503.900000002
2025-08-01 09:42:06 AM,1174.3,6,7045.799999999999,5707549.700000002
2025-08-01 09:42:07 AM,1174.3,3,3522.8999999999996,5711072.600000002
2025-08-01 09:42:19 AM,1174.3,1,1174.3,5712246.900000002
2025-08-01 09:42:40 AM,1174.3,2,2348.6,5714595.500000002
2025-08-01 09:42:58 AM,1174.3,1,1174.3,5715769.800000002
2025-08-01 09:43:11 AM,1174.3,1,1174.3,5716944.1000000015
2025-08-01 09:43:25 AM,1174.3,1,1174.3,5718118.400000001
2025-08-01 09:43:31 AM,1174.3,1,1174.3,5719292.700000001
2025-08-01 09:43:44 AM,1175.0,250,293750.0,6013042.700000001
2025-08-01 09:43:45 AM,1174.6,1,1174.6,6014217.300000001
2025-08-01 09:43:56 AM,1173.8,0,0.0,6014217.300000001
2025-08-01 09:43:57 AM,1173.8,2,2347.6,6016564.9
2025-08-01 09:44:09 AM,1174.4,0,0.0,6016564.9
2025-08-01 09:44:11 AM,1174.4,4,4697.6,6021262.5
2025-08-01 09:44:30 AM,1174.7,0,0.0,6021262.5
2025-08-01 09:44:31 AM,1174.7,1,1174.7,6022437.2
2025-08-01 09:44:37 AM,1174.7,2,2349.4,6024786.600000001
2025-08-01 09:44:45 AM,1175.2,0,0.0,6024786.600000001
2025-08-01 09:44:50 AM,1175.2,1,1175.2,6025961.800000001
2025-08-01 09:44:56 AM,1173.8,63,73949.4,6099911.200000001
2025-08-01 09:45:00 AM,1174.1,0,0.0,6099911.200000001
2025-08-01 09:45:03 AM,1174.1,4,4696.4,6104607.6000000015
2025-08-01 09:45:10 AM,1174.1,2,2348.2,6106955.800000002
2025-08-01 09:45:16 AM,1174.5,1,1174.5,6108130.300000002
2025-08-01 09:45:21 AM,1174.8,0,0.0,6108130.300000002
2025-08-01 09:45:23 AM,1174.7,2,2349.4,6110479.700000002
2025-08-01 09:45:40 AM,1174.3,0,0.0,6110479.700000002
2025-08-01 09:45:42 AM,1174.3,1,1174.3,6111654.000000002
2025-08-01 09:45:49 AM,1174.3,11,12917.3,6124571.300000002
2025-08-01 09:46:02 AM,1174.3,1,1174.3,6125745.6000000015
2025-08-01 09:46:17 AM,1172.8,0,0.0,6125745.6000000015
2025-08-01 09:46:21 AM,1172.8,22,25801.6,6151547.200000001
2025-08-01 09:46:22 AM,1174.3,0,0.0,6151547.200000001
2025-08-01 09:46:23 AM,1174.3,20,23486.0,6175033.200000001
2025-08-01 09:46:25 AM,1174.0,0,0.0,6175033.200000001
2025-08-01 09:46:27 AM,1174.0,2,2348.0,6177381.200000001
2025-08-01 09:46:34 AM,1172.3,27,31652.1,6209033.300000001
2025-08-01 09:46:34 AM,1173.4,0,0.0,6209033.300000001
2025-08-01 09:46:35 AM,1173.4,1,1173.4,6210206.700000001
2025-08-01 09:46:38 AM,1173.2,0,0.0,6210206.700000001
2025-08-01 09:46:40 AM,1173.4,3,3520.2000000000003,6213726.900000001
2025-08-01 09:46:48 AM,1173.4,1,1173.4,6214900.300000002
2025-08-01 09:46:59 AM,1173.4,5,5867.0,6220767.300000002
2025-08-01 09:47:01 AM,1173.2,1,1173.2,6221940.500000002
2025-08-01 09:47:02 AM,1173.6,0,0.0,6221940.500000002
2025-08-01 09:47:05 AM,1173.6,4,4694.4,6226634.900000002
2025-08-01 09:47:10 AM,1174.1,0,0.0,6226634.900000002
2025-08-01 09:47:11 AM,1174.1,1,1174.1,6227809.000000002
2025-08-01 09:47:26 AM,1174.1,1,1174.1,6228983.1000000015
2025-08-01 09:47:30 AM,1174.1,3,3522.2999999999997,6232505.400000001
2025-08-01 09:47:35 AM,1174.0,0,0.0,6232505.400000001
2025-08-01 09:47:36 AM,1174.0,6,7044.0,6239549.400000001
2025-08-01 09:47:43 AM,1174.0,1,1174.0,6240723.400000001
2025-08-01 09:47:50 AM,1172.8,3,3518.3999999999996,6244241.800000002
2025-08-01 09:47:55 AM,1172.0,0,0.0,6244241.800000002
2025-08-01 09:47:56 AM,1172.0,19,22268.0,6266509.800000002
2025-08-01 09:47:59 AM,1172.8,0,0.0,6266509.800000002
2025-08-01 09:48:03 AM,1172.8,2,2345.6,6268855.400000001
2025-08-01 09:48:09 AM,1173.1,5,5865.5,6274720.900000001
2025-08-01 09:48:16 AM,1173.7,0,0.0,6274720.900000001
2025-08-01 09:48:16 AM,1173.7,1,1173.7,6275894.6000000015
2025-08-01 09:48:22 AM,1172.4,12,14068.800000000001,6289963.400000001
2025-08-01 09:48:32 AM,1173.9,0,0.0,6289963.400000001
2025-08-01 09:48:35 AM,1173.9,1,1173.9,6291137.300000002
2025-08-01 09:48:51 AM,1173.9,1,1173.9,6292311.200000002
2025-08-01 09:48:54 AM,1173.9,1,1173.9,6293485.100000002
2025-08-01 09:48:56 AM,1172.6,0,0.0,6293485.100000002
2025-08-01 09:48:57 AM,1172.6,10,11726.0,6305211.100000002
2025-08-01 09:49:00 AM,1173.7,0,0.0,6305211.100000002
2025-08-01 09:49:01 AM,1173.7,1,1173.7,6306384.800000003
2025-08-01 09:49:25 AM,1173.6,0,0.0,6306384.800000003
2025-08-01 09:49:26 AM,1173.6,1,1173.6,6307558.400000002
2025-08-01 09:49:31 AM,1172.2,0,0.0,6307558.400000002
2025-08-01 09:49:32 AM,1172.2,18,21099.600000000002,6328658.000000002
2025-08-01 09:49:41 AM,1172.2,26,30477.2,6359135.200000002
2025-08-01 09:49:44 AM,1172.2,1,1172.2,6360307.400000002
2025-08-01 09:49:56 AM,1170.5,0,0.0,6360307.400000002
2025-08-01 09:49:57 AM,1170.5,287,335933.5,6696240.900000002
2025-08-01 09:50:00 AM,1170.8,0,0.0,6696240.900000002
2025-08-01 09:50:00 AM,1170.8,1,1170.8,6697411.700000002
2025-08-01 09:50:06 AM,1171.7,7,8201.9,6705613.600000002
2025-08-01 09:50:07 AM,1172.1,0,0.0,6705613.600000002
2025-08-01 09:50:10 AM,1172.1,9,10548.9,6716162.500000003
2025-08-01 09:50:16 AM,1172.0,0,0.0,6716162.500000003
2025-08-01 09:50:17 AM,1172.0,2,2344.0,6718506.500000003
2025-08-01 09:50:19 AM,1171.3,0,0.0,6718506.500000003
2025-08-01 09:50:20 AM,1171.3,1,1171.3,6719677.800000003
2025-08-01 09:50:24 AM,1172.2,0,0.0,6719677.800000003
2025-08-01 09:50:26 AM,1172.2,1,1172.2,6720850.000000003
2025-08-01 09:50:29 AM,1172.2,1,1172.2,6722022.200000003
2025-08-01 09:50:30 AM,1171.3,0,0.0,6722022.200000003
2025-08-01 09:50:32 AM,1171.3,1,1171.3,6723193.500000003
2025-08-01 09:50:36 AM,1171.0,0,0.0,6723193.500000003
2025-08-01 09:50:38 AM,1171.0,3,3513.0,6726706.500000003
2025-08-01 09:50:41 AM,1172.2,0,0.0,6726706.500000003
2025-08-01 09:50:42 AM,1172.2,12,14066.400000000001,6740772.900000003
2025-08-01 09:50:48 AM,1172.8,0,0.0,6740772.900000003
2025-08-01 09:50:50 AM,1172.8,2,2345.6,6743118.500000003
2025-08-01 09:51:13 AM,1173.9,1,1173.9,6744292.400000003
2025-08-01 09:51:29 AM,1172.5,0,0.0,6744292.400000003
2025-08-01 09:51:32 AM,1173.9,7,8217.300000000001,6752509.700000003
2025-08-01 09:51:41 AM,1173.9,1,1173.9,6753683.600000003
2025-08-01 09:51:45 AM,1173.9,1,1173.9,6754857.500000004
2025-08-01 09:52:09 AM,1173.9,2,2347.8,6757205.300000004
2025-08-01 09:52:14 AM,1174.4,0,0.0,6757205.300000004
2025-08-01 09:52:15 AM,1174.4,9,10569.6,6767774.900000003
2025-08-01 09:52:21 AM,1174.5,1,1174.5,6768949.400000003
2025-08-01 09:52:24 AM,1174.6,2,2349.2,6771298.600000003
2025-08-01 09:52:33 AM,1174.6,3,3523.7999999999997,6774822.400000003
2025-08-01 09:52:54 AM,1174.6,1,1174.6,6775997.000000003
2025-08-01 09:53:00 AM,1174.6,2,2349.2,6778346.200000003
2025-08-01 09:53:10 AM,1174.9,20,23498.0,6801844.200000003
2025-08-01 09:53:15 AM,1174.7,0,0.0,6801844.200000003
2025-08-01 09:53:16 AM,1174.7,1,1174.7,6803018.900000003
2025-08-01 09:53:28 AM,1174.8,0,0.0,6803018.900000003
2025-08-01 09:53:29 AM,1174.8,12,14097.599999999999,6817116.500000003
2025-08-01 09:53:34 AM,1173.6,3,3520.7999999999997,6820637.300000003
2025-08-01 09:53:40 AM,1175.0,0,0.0,6820637.300000003
2025-08-01 09:53:41 AM,1175.0,36,42300.0,6862937.300000003
2025-08-01 09:53:44 AM,1174.5,0,0.0,6862937.300000003
2025-08-01 09:53:48 AM,1174.5,422,495639.0,7358576.300000003
2025-08-01 09:53:55 AM,1174.5,21,24664.5,7383240.800000003
2025-08-01 09:53:57 AM,1174.7,0,0.0,7383240.800000003
2025-08-01 09:54:00 AM,1174.7,13,15271.1,7398511.900000002
2025-08-01 09:54:03 AM,1175.0,0,0.0,7398511.900000002
2025-08-01 09:54:06 AM,1175.0,2,2350.0,7400861.900000002
2025-08-01 09:54:15 AM,1175.4,0,0.0,7400861.900000002
2025-08-01 09:54:19 AM,1175.4,3,3526.2000000000003,7404388.100000002
2025-08-01 09:54:26 AM,1175.4,10,11754.0,7416142.100000002
2025-08-01 09:54:52 AM,1176.0,0,0.0,7416142.100000002
2025-08-01 09:54:55 AM,1176.0,3,3528.0,7419670.100000002
2025-08-01 09:54:58 AM,1176.7,0,0.0,7419670.100000002
2025-08-01 09:55:00 AM,1176.7,2,2353.4,7422023.500000003
2025-08-01 09:55:06 AM,1176.7,6,7060.200000000001,7429083.700000003
2025-08-01 09:55:30 AM,1174.6,19,22317.399999999998,7451401.100000003
2025-08-01 09:55:31 AM,1176.6,2,2353.2,7453754.300000004
2025-08-01 09:55:36 AM,1176.6,1,1176.6,7454930.900000003
2025-08-01 09:56:34 AM,1175.8,0,0.0,7454930.900000003
2025-08-01 09:56:36 AM,1175.8,12,14109.599999999999,7469040.500000003
2025-08-01 09:56:40 AM,1176.0,0,0.0,7469040.500000003
2025-08-01 09:56:42 AM,1176.0,1,1176.0,7470216.500000003
2025-08-01 09:57:02 AM,1174.5,0,0.0,7470216.500000003
2025-08-01 09:57:02 AM,1174.5,13,15268.5,7485485.000000003
2025-08-01 09:57:06 AM,1174.6,0,0.0,7485485.000000003
2025-08-01 09:57:06 AM,1174.6,120,140952.0,7626437.000000003
2025-08-01 09:57:10 AM,1175.1,0,0.0,7626437.000000003
2025-08-01 09:57:12 AM,1175.1,6,7050.599999999999,7633487.600000002
2025-08-01 09:57:18 AM,1175.1,1,1175.1,7634662.700000002
2025-08-01 09:58:06 AM,1175.0,1,1175.0,7635837.700000002
2025-08-01 09:58:15 AM,1175.1,0,0.0,7635837.700000002
2025-08-01 09:58:15 AM,1175.1,3,3525.2999999999997,7639363.000000002
2025-08-01 09:58:20 AM,1175.1,5,5875.5,7645238.500000002
2025-08-01 09:58:30 AM,1175.1,1,1175.1,7646413.6000000015
2025-08-01 09:58:35 AM,1174.1,0,0.0,7646413.6000000015
2025-08-01 09:58:36 AM,1174.1,5,5870.5,7652284.1000000015
2025-08-01 09:58:42 AM,1174.6,5,5873.0,7658157.1000000015
2025-08-01 09:58:48 AM,1176.0,3,3528.0,7661685.1000000015
2025-08-01 09:58:51 AM,1176.0,1,1176.0,7662861.1000000015
2025-08-01 09:58:54 AM,1176.0,1,1176.0,7664037.1000000015
2025-08-01 09:59:03 AM,1176.0,1,1176.0,7665213.1000000015
2025-08-01 09:59:06 AM,1176.1,1,1176.1,7666389.200000001
2025-08-01 09:59:13 AM,1174.7,0,0.0,7666389.200000001
2025-08-01 09:59:13 AM,1174.7,18,21144.600000000002,7687533.800000001
2025-08-01 09:59:16 AM,1176.4,18,21175.2,7708709.000000001
2025-08-01 09:59:21 AM,1176.5,0,0.0,7708709.000000001
2025-08-01 09:59:22 AM,1176.5,2,2353.0,7711062.000000001
2025-08-01 09:59:25 AM,1176.1,203,238748.3,7949810.300000001
2025-08-01 09:59:32 AM,1176.1,307,361062.69999999995,8310873.000000001
2025-08-01 09:59:37 AM,1175.1,0,0.0,8310873.000000001
2025-08-01 09:59:38 AM,1175.1,62,72856.2,8383729.200000001
2025-08-01 09:59:41 AM,1175.8,0,0.0,8383729.200000001
2025-08-01 09:59:41 AM,1173.6,265,311004.0,8694733.200000001
2025-08-01 09:59:42 AM,1175.0,0,0.0,8694733.200000001
2025-08-01 09:59:44 AM,1175.6,56,65833.59999999999,8760566.8
2025-08-01 09:59:49 AM,1175.8,0,0.0,8760566.8
2025-08-01 09:59:50 AM,1175.8,9,10582.199999999999,8771149.0
2025-08-01 09:59:56 AM,1175.8,1,1175.8,8772324.8
2025-08-01 10:00:05 AM,1176.4,0,0.0,8772324.8
2025-08-01 10:00:05 AM,1176.4,1,1176.4,8773501.200000001
2025-08-01 10:00:41 AM,1176.4,40,47056.0,8820557.200000001
2025-08-01 10:00:44 AM,1174.2,20,23484.0,8844041.200000001
2025-08-01 10:00:47 AM,1175.4,0,0.0,8844041.200000001
2025-08-01 10:00:47 AM,1175.4,3,3526.2000000000003,8847567.4
2025-08-01 10:00:56 AM,1173.8,5,5869.0,8853436.4
2025-08-01 10:01:03 AM,1175.0,1,1175.0,8854611.4
2025-08-01 10:01:34 AM,1175.0,3,3525.0,8858136.4
2025-08-01 10:01:36 AM,1172.1,0,0.0,8858136.4
2025-08-01 10:01:36 AM,1172.1,802,940024.2,9798160.6
2025-08-01 10:01:42 AM,1171.5,23,26944.5,9825105.1
2025-08-01 10:01:45 AM,1173.4,0,0.0,9825105.1
2025-08-01 10:01:47 AM,1173.4,41,48109.4,9873214.5
2025-08-01 10:01:48 AM,1171.4,0,0.0,9873214.5
2025-08-01 10:01:49 AM,1171.4,22,25770.800000000003,9898985.3
2025-08-01 10:01:50 AM,1172.6,0,0.0,9898985.3
2025-08-01 10:01:53 AM,1172.6,3,3517.7999999999997,9902503.100000001
2025-08-01 10:01:55 AM,1172.7,1,1172.7,9903675.8
2025-08-01 10:01:56 AM,1172.1,0,0.0,9903675.8
2025-08-01 10:01:59 AM,1172.1,24,28130.399999999998,9931806.200000001
2025-08-01 10:02:00 AM,1172.8,0,0.0,9931806.200000001
2025-08-01 10:02:00 AM,1172.8,1,1172.8,9932979.000000002
2025-08-01 10:02:05 AM,1172.8,1,1172.8,9934151.800000003
2025-08-01 10:02:11 AM,1172.8,3,3518.3999999999996,9937670.200000003
2025-08-01 10:02:38 AM,1172.8,3,3518.3999999999996,9941188.600000003
2025-08-01 10:02:43 AM,1172.8,4,4691.2,9945879.800000003
2025-08-01 10:02:50 AM,1172.8,3,3518.3999999999996,9949398.200000003
2025-08-01 10:03:10 AM,1172.8,1,1172.8,9950571.000000004
2025-08-01 10:03:30 AM,1171.4,36,42170.4,9992741.400000004
2025-08-01 10:03:36 AM,1172.8,1,1172.8,9993914.200000005
2025-08-01 10:03:41 AM,1171.2,27,31622.4,10025536.600000005
2025-08-01 10:03:47 AM,1172.8,0,0.0,10025536.600000005
2025-08-01 10:03:47 AM,1172.8,1,1172.8,10026709.400000006
2025-08-01 10:03:49 AM,1173.4,64,75097.6,10101807.000000006
2025-08-01 10:03:55 AM,1173.7,0,0.0,10101807.000000006
2025-08-01 10:03:55 AM,1173.7,4,4694.8,10106501.800000006
2025-08-01 10:04:01 AM,1173.8,2,2347.6,10108849.400000006
2025-08-01 10:04:05 AM,1173.8,1,1173.8,10110023.200000007
2025-08-01 10:04:11 AM,1173.8,1,1173.8,10111197.000000007
2025-08-01 10:04:31 AM,1172.1,0,0.0,10111197.000000007
2025-08-01 10:04:31 AM,1172.1,9,10548.9,10121745.900000008
2025-08-01 10:04:36 AM,1173.6,0,0.0,10121745.900000008
2025-08-01 10:04:37 AM,1173.6,1,1173.6,10122919.500000007
2025-08-01 10:05:13 AM,1172.3,0,0.0,10122919.500000007
2025-08-01 10:05:14 AM,1172.3,1,1172.3,10124091.800000008
2025-08-01 10:05:39 AM,1171.8,1,1171.8,10125263.600000009
2025-08-01 10:05:51 AM,1171.8,1,1171.8,10126435.40000001
2025-08-01 10:06:02 AM,1171.8,1,1171.8,10127607.20000001
2025-08-01 10:06:05 AM,1171.8,5,5859.0,10133466.20000001
2025-08-01 10:06:20 AM,1171.8,2,2343.6,10135809.80000001
2025-08-01 10:06:50 AM,1171.8,1,1171.8,10136981.60000001
2025-08-01 10:07:03 AM,1170.6,0,0.0,10136981.60000001
2025-08-01 10:07:03 AM,1170.6,4,4682.4,10141664.000000011
2025-08-01 10:07:05 AM,1171.9,4,4687.6,10146351.60000001
2025-08-01 10:07:11 AM,1171.3,1,1171.3,10147522.900000012
2025-08-01 10:07:23 AM,1171.3,1,1171.3,10148694.200000012
2025-08-01 10:07:36 AM,1170.2,2,2340.4,10151034.600000013
2025-08-01 10:07:42 AM,1169.7,64,74860.8,10225895.400000013
2025-08-01 10:07:45 AM,1171.1,0,0.0,10225895.400000013
2025-08-01 10:07:46 AM,1171.1,5,5855.5,10231750.900000013
2025-08-01 10:07:52 AM,1171.1,3,3513.2999999999997,10235264.200000014
2025-08-01 10:08:00 AM,1170.9,0,0.0,10235264.200000014
2025-08-01 10:08:00 AM,1170.9,1,1170.9,10236435.100000015
2025-08-01 10:08:04 AM,1169.5,0,0.0,10236435.100000015
2025-08-01 10:08:04 AM,1170.9,3,3512.7000000000003,10239947.800000014
2025-08-01 10:08:11 AM,1170.9,1,1170.9,10241118.700000014
2025-08-01 10:08:13 AM,1170.9,1,1170.9,10242289.600000015
2025-08-01 10:08:22 AM,1171.2,0,0.0,10242289.600000015
2025-08-01 10:08:23 AM,1171.2,1,1171.2,10243460.800000014
2025-08-01 10:08:25 AM,1171.4,0,0.0,10243460.800000014
2025-08-01 10:08:25 AM,1171.4,1,1171.4,10244632.200000014
2025-08-01 10:08:29 AM,1172.2,8,9377.6,10254009.800000014
2025-08-01 10:08:33 AM,1172.8,0,0.0,10254009.800000014
2025-08-01 10:08:35 AM,1172.8,1,1172.8,10255182.600000015
2025-08-01 10:08:41 AM,1171.4,1,1171.4,10256354.000000015
2025-08-01 10:08:59 AM,1172.0,1,1172.0,10257526.000000015
2025-08-01 10:09:09 AM,1172.1,0,0.0,10257526.000000015
2025-08-01 10:09:11 AM,1172.1,1,1172.1,10258698.100000015
2025-08-01 10:09:24 AM,1172.1,1,1172.1,10259870.200000014
2025-08-01 10:10:09 AM,1172.1,1,1172.1,10261042.300000014
2025-08-01 10:10:10 AM,1171.1,0,0.0,10261042.300000014
2025-08-01 10:10:10 AM,1171.1,1,1171.1,10262213.400000013
2025-08-01 10:10:20 AM,1172.1,0,0.0,10262213.400000013
2025-08-01 10:10:20 AM,1172.1,1,1172.1,10263385.500000013
2025-08-01 10:10:26 AM,1170.3,35,40960.5,10304346.000000013
2025-08-01 10:10:38 AM,1170.3,1,1170.3,10305516.300000014
2025-08-01 10:10:44 AM,1169.9,852,996754.8,11302271.100000015
2025-08-01 10:10:51 AM,1172.2,43,50404.6,11352675.700000014
2025-08-01 10:10:52 AM,1172.5,1,1172.5,11353848.200000014
2025-08-01 10:10:56 AM,1172.5,2,2345.0,11356193.200000014
2025-08-01 10:11:10 AM,1172.5,1,1172.5,11357365.700000014
2025-08-01 10:11:24 AM,1172.7,0,0.0,11357365.700000014
2025-08-01 10:11:26 AM,1172.7,1,1172.7,11358538.400000013
2025-08-01 10:11:38 AM,1173.0,1,1173.0,11359711.400000013
2025-08-01 10:11:48 AM,1173.2,0,0.0,11359711.400000013
2025-08-01 10:11:49 AM,1173.2,2,2346.4,11362057.800000014
2025-08-01 10:11:50 AM,1173.4,3,3520.2000000000003,11365578.000000013
2025-08-01 10:12:01 AM,1173.4,1,1173.4,11366751.400000013
2025-08-01 10:12:08 AM,1173.4,2,2346.8,11369098.200000014
2025-08-01 10:12:13 AM,1173.4,100,117340.00000000001,11486438.200000014
2025-08-01 10:12:19 AM,1173.1,6,7038.599999999999,11493476.800000014
2025-08-01 10:12:36 AM,1173.4,2,2346.8,11495823.600000015
2025-08-01 10:12:39 AM,1173.6,0,0.0,11495823.600000015
2025-08-01 10:12:41 AM,1173.6,10,11736.0,11507559.600000015
2025-08-01 10:12:45 AM,1173.8,0,0.0,11507559.600000015
2025-08-01 10:12:47 AM,1173.8,1,1173.8,11508733.400000015
2025-08-01 10:12:53 AM,1173.8,1,1173.8,11509907.200000016
2025-08-01 10:12:58 AM,1173.8,8,9390.4,11519297.600000016
2025-08-01 10:12:59 AM,1173.8,1,1173.8,11520471.400000017
2025-08-01 10:13:10 AM,1172.0,0,0.0,11520471.400000017
2025-08-01 10:13:10 AM,1172.0,5,5860.0,11526331.400000017
2025-08-01 10:13:15 AM,1172.8,0,0.0,11526331.400000017
2025-08-01 10:13:15 AM,1171.7,0,0.0,11526331.400000017
2025-08-01 10:13:16 AM,1171.7,2,2343.4,11528674.800000018
2025-08-01 10:13:39 AM,1171.5,0,0.0,11528674.800000018
2025-08-01 10:13:39 AM,1169.8,0,0.0,11528674.800000018
2025-08-01 10:13:40 AM,1170.7,1837,2150575.9,13679250.700000018
2025-08-01 10:13:45 AM,1170.5,0,0.0,13679250.700000018
2025-08-01 10:13:46 AM,1170.5,139,162699.5,13841950.200000018
2025-08-01 10:13:51 AM,1170.3,0,0.0,13841950.200000018
2025-08-01 10:13:52 AM,1170.3,18,21065.399999999998,13863015.600000018
2025-08-01 10:13:58 AM,1170.3,1,1170.3,13864185.900000019
2025-08-01 10:14:09 AM,1170.3,1,1170.3,13865356.20000002
2025-08-01 10:14:30 AM,1169.5,0,0.0,13865356.20000002
2025-08-01 10:14:32 AM,1169.5,8,9356.0,13874712.20000002
2025-08-01 10:14:36 AM,1169.8,0,0.0,13874712.20000002
2025-08-01 10:14:38 AM,1169.8,1,1169.8,13875882.00000002
2025-08-01 10:14:50 AM,1170.0,0,0.0,13875882.00000002
2025-08-01 10:14:50 AM,1170.0,14,16380.0,13892262.00000002
2025-08-01 10:14:51 AM,1170.9,1,1170.9,13893432.90000002
2025-08-01 10:14:55 AM,1170.9,11,12879.900000000001,13906312.800000021
2025-08-01 10:14:56 AM,1169.8,0,0.0,13906312.800000021
2025-08-01 10:14:56 AM,1169.8,2,2339.6,13908652.40000002
2025-08-01 10:15:07 AM,1170.6,51,59700.6,13968353.00000002
2025-08-01 10:15:10 AM,1170.8,0,0.0,13968353.00000002
2025-08-01 10:15:12 AM,1170.8,4,4683.2,13973036.20000002
2025-08-01 10:15:19 AM,1170.8,1,1170.8,13974207.00000002
2025-08-01 10:15:29 AM,1170.9,0,0.0,13974207.00000002
2025-08-01 10:15:31 AM,1169.8,0,0.0,13974207.00000002
2025-08-01 10:15:31 AM,1169.8,5,5849.0,13980056.00000002
2025-08-01 10:15:37 AM,1170.9,1,1170.9,13981226.90000002
2025-08-01 10:15:41 AM,1170.8,0,0.0,13981226.90000002
2025-08-01 10:15:43 AM,1170.8,3,3512.3999999999996,13984739.300000021
2025-08-01 10:15:45 AM,1170.9,0,0.0,13984739.300000021
2025-08-01 10:15:49 AM,1170.9,1,1170.9,13985910.200000022
2025-08-01 10:15:55 AM,1170.9,1,1170.9,13987081.100000022
2025-08-01 10:16:15 AM,1171.0,0,0.0,13987081.100000022
2025-08-01 10:16:18 AM,1171.0,1,1171.0,13988252.100000022
2025-08-01 10:16:35 AM,1171.6,0,0.0,13988252.100000022
2025-08-01 10:16:36 AM,1171.6,5,5858.0,13994110.100000022
2025-08-01 10:16:41 AM,1171.9,0,0.0,13994110.100000022
2025-08-01 10:16:42 AM,1171.9,2,2343.8,13996453.900000023
2025-08-01 10:16:44 AM,1171.8,0,0.0,13996453.900000023
2025-08-01 10:16:47 AM,1171.8,1,1171.8,13997625.700000023
2025-08-01 10:16:49 AM,1171.9,0,0.0,13997625.700000023
2025-08-01 10:16:53 AM,1171.9,2,2343.8,13999969.500000024
2025-08-01 10:17:19 AM,1170.8,0,0.0,13999969.500000024
2025-08-01 10:17:21 AM,1170.8,15,17562.0,14017531.500000024
2025-08-01 10:17:23 AM,1170.9,0,0.0,14017531.500000024
2025-08-01 10:17:26 AM,1171.2,0,0.0,14017531.500000024
2025-08-01 10:17:27 AM,1171.2,5,5856.0,14023387.500000024
2025-08-01 10:17:32 AM,1171.2,9,10540.800000000001,14033928.300000025
2025-08-01 10:17:35 AM,1171.5,0,0.0,14033928.300000025
2025-08-01 10:17:38 AM,1171.5,1,1171.5,14035099.800000025
2025-08-01 10:17:44 AM,1171.5,2,2343.0,14037442.800000025
2025-08-01 10:17:58 AM,1171.7,0,0.0,14037442.800000025
2025-08-01 10:18:01 AM,1171.7,5,5858.5,14043301.300000025
2025-08-01 10:18:05 AM,1171.9,0,0.0,14043301.300000025
2025-08-01 10:18:07 AM,1171.9,1,1171.9,14044473.200000025
2025-08-01 10:18:42 AM,1171.9,4,4687.6,14049160.800000025
2025-08-01 10:18:44 AM,1170.7,0,0.0,14049160.800000025
2025-08-01 10:18:48 AM,1170.7,6,7024.200000000001,14056185.000000024
2025-08-01 10:18:51 AM,1171.0,0,0.0,14056185.000000024
2025-08-01 10:18:54 AM,1171.0,1,1171.0,14057356.000000024
2025-08-01 10:19:07 AM,1171.7,0,0.0,14057356.000000024
2025-08-01 10:19:11 AM,1171.7,3,3515.1000000000004,14060871.100000024
2025-08-01 10:19:39 AM,1171.7,20,23434.0,14084305.100000024
2025-08-01 10:19:45 AM,1171.8,1,1171.8,14085476.900000025
2025-08-01 10:19:56 AM,1171.8,2,2343.6,14087820.500000024
2025-08-01 10:20:16 AM,1170.5,0,0.0,14087820.500000024
2025-08-01 10:20:19 AM,1170.5,2,2341.0,14090161.500000024
2025-08-01 10:20:38 AM,1170.2,20,23404.0,14113565.500000024
2025-08-01 10:20:42 AM,1170.7,0,0.0,14113565.500000024
2025-08-01 10:20:43 AM,1170.7,1,1170.7,14114736.200000023
2025-08-01 10:21:00 AM,1170.9,0,0.0,14114736.200000023
2025-08-01 10:21:00 AM,1170.9,5,5854.5,14120590.700000023
2025-08-01 10:21:30 AM,1171.0,0,0.0,14120590.700000023
2025-08-01 10:21:30 AM,1171.0,1,1171.0,14121761.700000023
2025-08-01 10:21:35 AM,1171.1,1,1171.1,14122932.800000023
2025-08-01 10:21:50 AM,1169.3,65,76004.5,14198937.300000023
2025-08-01 10:21:56 AM,1171.0,4,4684.0,14203621.300000023
2025-08-01 10:21:57 AM,1168.8,0,0.0,14203621.300000023
2025-08-01 10:21:58 AM,1168.8,1,1168.8,14204790.100000024
2025-08-01 10:22:09 AM,1168.4,0,0.0,14204790.100000024
2025-08-01 10:22:09 AM,1168.4,1,1168.4,14205958.500000024
2025-08-01 10:23:06 AM,1169.7,0,0.0,14205958.500000024
2025-08-01 10:23:06 AM,1169.7,50,58485.0,14264443.500000024
2025-08-01 10:23:12 AM,1169.4,0,0.0,14264443.500000024
2025-08-01 10:23:12 AM,1169.4,2,2338.8,14266782.300000025
2025-08-01 10:23:15 AM,1169.4,1,1169.4,14267951.700000025
2025-08-01 10:23:26 AM,1169.4,2,2338.8,14270290.500000026
2025-08-01 10:23:41 AM,1169.8,50,58490.0,14328780.500000026
2025-08-01 10:23:45 AM,1169.6,0,0.0,14328780.500000026
2025-08-01 10:23:46 AM,1170.3,53,62025.899999999994,14390806.400000026
2025-08-01 10:23:50 AM,1170.4,0,0.0,14390806.400000026
2025-08-01 10:23:52 AM,1170.4,3,3511.2000000000003,14394317.600000026
2025-08-01 10:23:56 AM,1170.3,0,0.0,14394317.600000026
2025-08-01 10:23:57 AM,1170.4,2,2340.8,14396658.400000026
2025-08-01 10:23:59 AM,1170.7,0,0.0,14396658.400000026
2025-08-01 10:23:59 AM,1170.7,15,17560.5,14414218.900000026
2025-08-01 10:24:05 AM,1170.8,1,1170.8,14415389.700000027
2025-08-01 10:24:10 AM,1170.8,4,4683.2,14420072.900000026
2025-08-01 10:24:14 AM,1170.8,4,4683.2,14424756.100000026
2025-08-01 10:24:19 AM,1170.8,2,2341.6,14427097.700000025
2025-08-01 10:24:21 AM,1171.3,0,0.0,14427097.700000025
2025-08-01 10:24:21 AM,1171.3,10,11713.0,14438810.700000025
2025-08-01 10:24:29 AM,1171.8,0,0.0,14438810.700000025
2025-08-01 10:24:30 AM,1171.8,2,2343.6,14441154.300000025
2025-08-01 10:24:43 AM,1171.2,155,181536.0,14622690.300000025
2025-08-01 10:24:45 AM,1169.8,0,0.0,14622690.300000025
2025-08-01 10:24:47 AM,1169.8,7,8188.599999999999,14630878.900000025
2025-08-01 10:24:51 AM,1170.6,0,0.0,14630878.900000025
2025-08-01 10:24:52 AM,1170.6,10,11706.0,14642584.900000025
2025-08-01 10:24:54 AM,1170.6,4,4682.4,14647267.300000025
2025-08-01 10:25:09 AM,1170.9,1,1170.9,14648438.200000025
2025-08-01 10:25:24 AM,1171.2,0,0.0,14648438.200000025
2025-08-01 10:25:24 AM,1171.2,2,2342.4,14650780.600000026
2025-08-01 10:25:34 AM,1171.4,2,2342.8,14653123.400000026
2025-08-01 10:25:39 AM,1171.6,0,0.0,14653123.400000026
2025-08-01 10:25:40 AM,1171.6,1,1171.6,14654295.000000026
2025-08-01 10:26:01 AM,1171.7,0,0.0,14654295.000000026
2025-08-01 10:26:02 AM,1171.7,3,3515.1000000000004,14657810.100000026
2025-08-01 10:26:05 AM,1171.7,1,1171.7,14658981.800000025
2025-08-01 10:26:13 AM,1171.9,0,0.0,14658981.800000025
2025-08-01 10:26:13 AM,1171.9,2,2343.8,14661325.600000026
2025-08-01 10:26:16 AM,1172.0,0,0.0,14661325.600000026
2025-08-01 10:26:17 AM,1172.0,2,2344.0,14663669.600000026
2025-08-01 10:26:22 AM,1172.0,1,1172.0,14664841.600000026
2025-08-01 10:26:57 AM,1172.0,4,4688.0,14669529.600000026
2025-08-01 10:27:08 AM,1172.0,1,1172.0,14670701.600000026
2025-08-01 10:27:19 AM,1172.0,1,1172.0,14671873.600000026
2025-08-01 10:27:50 AM,1172.0,10,11720.0,14683593.600000026
2025-08-01 10:27:54 AM,1171.0,0,0.0,14683593.600000026
2025-08-01 10:27:55 AM,1171.0,5,5855.0,14689448.600000026
2025-08-01 10:28:00 AM,1171.9,0,0.0,14689448.600000026
2025-08-01 10:28:00 AM,1171.9,1,1171.9,14690620.500000026
2025-08-01 10:28:49 AM,1171.8,0,0.0,14690620.500000026
2025-08-01 10:28:50 AM,1171.8,2,2343.6,14692964.100000026
2025-08-01 10:29:12 AM,1171.8,1,1171.8,14694135.900000026
2025-08-01 10:29:15 AM,1169.8,0,0.0,14694135.900000026
2025-08-01 10:29:15 AM,1169.8,13,15207.4,14709343.300000027
2025-08-01 10:29:17 AM,1169.4,1,1169.4,14710512.700000027
2025-08-01 10:29:23 AM,1169.0,0,0.0,14710512.700000027
2025-08-01 10:29:23 AM,1169.0,25,29225.0,14739737.700000027
2025-08-01 10:29:25 AM,1170.4,0,0.0,14739737.700000027
2025-08-01 10:29:26 AM,1170.4,1,1170.4,14740908.100000028
2025-08-01 10:29:28 AM,1170.4,1,1170.4,14742078.500000028
2025-08-01 10:29:31 AM,1170.4,1,1170.4,14743248.900000028
2025-08-01 10:30:39 AM,1169.4,0,0.0,14743248.900000028
2025-08-01 10:30:39 AM,1169.4,1,1169.4,14744418.300000029
2025-08-01 10:30:41 AM,1170.4,0,0.0,14744418.300000029
2025-08-01 10:30:42 AM,1170.4,5,5852.0,14750270.300000029
2025-08-01 10:30:49 AM,1170.3,0,0.0,14750270.300000029
2025-08-01 10:30:50 AM,1170.3,1,1170.3,14751440.60000003
2025-08-01 10:30:59 AM,1170.3,1,1170.3,14752610.90000003
2025-08-01 10:31:02 AM,1170.3,1,1170.3,14753781.20000003
2025-08-01 10:31:17 AM,1170.3,3,3510.8999999999996,14757292.100000031
2025-08-01 10:31:25 AM,1170.3,1,1170.3,14758462.400000032
2025-08-01 10:31:38 AM,1169.1,0,0.0,14758462.400000032
2025-08-01 10:31:39 AM,1169.1,33,38580.299999999996,14797042.700000033
2025-08-01 10:31:40 AM,1170.3,0,0.0,14797042.700000033
2025-08-01 10:31:41 AM,1170.3,1,1170.3,14798213.000000034
2025-08-01 10:31:44 AM,1170.3,1,1170.3,14799383.300000034
2025-08-01 10:31:49 AM,1168.6,0,0.0,14799383.300000034
2025-08-01 10:31:50 AM,1168.6,85,99330.99999999999,14898714.300000034
2025-08-01 10:31:55 AM,1170.6,0,0.0,14898714.300000034
2025-08-01 10:31:56 AM,1170.6,7,8194.199999999999,14906908.500000034
2025-08-01 10:32:00 AM,1170.6,6,7023.599999999999,14913932.100000033
2025-08-01 10:32:01 AM,1170.9,0,0.0,14913932.100000033
2025-08-01 10:32:03 AM,1170.9,2,2341.8,14916273.900000034
2025-08-01 10:32:10 AM,1171.3,7,8199.1,14924473.000000034
2025-08-01 10:32:16 AM,1171.6,3,3514.7999999999997,14927987.800000034
2025-08-01 10:32:17 AM,1171.7,0,0.0,14927987.800000034
2025-08-01 10:32:20 AM,1171.7,2,2343.4,14930331.200000035
2025-08-01 10:32:33 AM,1171.7,2,2343.4,14932674.600000035
2025-08-01 10:32:39 AM,1171.7,10,11717.0,14944391.600000035
2025-08-01 10:32:45 AM,1171.8,2,2343.6,14946735.200000035
2025-08-01 10:32:47 AM,1171.8,15,17577.0,14964312.200000035
2025-08-01 10:33:02 AM,1171.8,5,5859.0,14970171.200000035
2025-08-01 10:33:04 AM,1171.5,1,1171.5,14971342.700000035
2025-08-01 10:33:07 AM,1171.4,1,1171.4,14972514.100000035
2025-08-01 10:33:24 AM,1171.7,3,3515.1000000000004,14976029.200000035
2025-08-01 10:33:39 AM,1171.8,0,0.0,14976029.200000035
2025-08-01 10:33:40 AM,1171.8,1,1171.8,14977201.000000035
2025-08-01 10:34:03 AM,1171.9,0,0.0,14977201.000000035
2025-08-01 10:34:03 AM,1171.9,3,3515.7000000000003,14980716.700000035
2025-08-01 10:35:06 AM,1171.9,1,1171.9,14981888.600000035
2025-08-01 10:35:23 AM,1171.9,1,1171.9,14983060.500000035
2025-08-01 10:35:51 AM,1171.9,7,8203.300000000001,14991263.800000036
2025-08-01 10:35:53 AM,1171.9,5,5859.5,14997123.300000036
2025-08-01 10:35:56 AM,1171.9,1,1171.9,14998295.200000037
2025-08-01 10:35:58 AM,1171.0,0,0.0,14998295.200000037
2025-08-01 10:35:59 AM,1171.0,155,181505.0,15179800.200000037
2025-08-01 10:36:04 AM,1171.6,8,9372.8,15189173.000000037
2025-08-01 10:36:16 AM,1171.6,10,11716.0,15200889.000000037
2025-08-01 10:36:43 AM,1171.6,2,2343.2,15203232.200000037
2025-08-01 10:36:52 AM,1171.6,1,1171.6,15204403.800000036
2025-08-01 10:37:04 AM,1171.6,1,1171.6,15205575.400000036
2025-08-01 10:37:10 AM,1171.9,0,0.0,15205575.400000036
2025-08-01 10:37:10 AM,1171.9,1,1171.9,15206747.300000036
2025-08-01 10:37:30 AM,1171.9,1,1171.9,15207919.200000037
2025-08-01 10:37:33 AM,1171.9,1,1171.9,15209091.100000037
2025-08-01 10:37:36 AM,1171.9,30,35157.0,15244248.100000037
2025-08-01 10:37:41 AM,1171.9,1,1171.9,15245420.000000037
2025-08-01 10:38:10 AM,1171.9,644,754703.6000000001,16000123.600000037
2025-08-01 10:38:13 AM,1171.9,50,58595.00000000001,16058718.600000037
2025-08-01 10:38:17 AM,1171.9,33,38672.700000000004,16097391.300000036
2025-08-01 10:38:19 AM,1171.9,5,5859.5,16103250.800000036
2025-08-01 10:38:25 AM,1171.9,1,1171.9,16104422.700000037
2025-08-01 10:38:35 AM,1171.9,3,3515.7000000000003,16107938.400000036
2025-08-01 10:38:49 AM,1171.9,1,1171.9,16109110.300000036
2025-08-01 10:38:57 AM,1171.9,2,2343.8,16111454.100000037
2025-08-01 10:39:13 AM,1172.0,0,0.0,16111454.100000037
2025-08-01 10:39:14 AM,1172.0,2082,2440104.0,18551558.10000004
2025-08-01 10:39:17 AM,1172.0,162,189864.0,18741422.10000004
2025-08-01 10:39:20 AM,1172.0,63,73836.0,18815258.10000004
2025-08-01 10:39:25 AM,1172.0,13,15236.0,18830494.10000004
2025-08-01 10:39:37 AM,1171.4,0,0.0,18830494.10000004
2025-08-01 10:39:37 AM,1171.4,10,11714.0,18842208.10000004
2025-08-01 10:39:39 AM,1172.0,0,0.0,18842208.10000004
2025-08-01 10:39:39 AM,1172.0,59,69148.0,18911356.10000004
2025-08-01 10:39:45 AM,1172.0,3,3516.0,18914872.10000004
2025-08-01 10:39:48 AM,1172.0,59,69148.0,18984020.10000004
2025-08-01 10:39:50 AM,1172.0,3,3516.0,18987536.10000004
2025-08-01 10:39:59 AM,1172.0,3,3516.0,18991052.10000004
2025-08-01 10:40:01 AM,1172.0,4,4688.0,18995740.10000004
2025-08-01 10:40:07 AM,1172.0,1,1172.0,18996912.10000004
2025-08-01 10:40:37 AM,1172.0,7,8204.0,19005116.10000004
2025-08-01 10:40:40 AM,1172.0,1,1172.0,19006288.10000004
2025-08-01 10:40:49 AM,1172.0,2,2344.0,19008632.10000004
2025-08-01 10:41:13 AM,1172.0,664,778208.0,19786840.10000004
2025-08-01 10:41:22 AM,1172.0,33,38676.0,19825516.10000004
2025-08-01 10:41:28 AM,1172.0,2,2344.0,19827860.10000004
2025-08-01 10:41:57 AM,1172.0,1,1172.0,19829032.10000004
2025-08-01 10:42:01 AM,1172.0,4,4688.0,19833720.10000004
2025-08-01 10:42:36 AM,1172.0,141,165252.0,19998972.10000004
2025-08-01 10:42:40 AM,1172.0,1,1172.0,20000144.10000004
2025-08-01 10:42:45 AM,1172.0,7,8204.0,20008348.10000004
2025-08-01 10:42:51 AM,1172.0,1,1172.0,20009520.10000004
2025-08-01 10:42:53 AM,1172.0,48,56256.0,20065776.10000004
2025-08-01 10:43:02 AM,1172.0,3,3516.0,20069292.10000004
2025-08-01 10:43:08 AM,1172.0,78,91416.0,20160708.10000004
2025-08-01 10:43:10 AM,1172.0,4,4688.0,20165396.10000004
2025-08-01 10:43:29 AM,1172.0,3,3516.0,20168912.10000004
2025-08-01 10:43:40 AM,1172.0,2,2344.0,20171256.10000004
2025-08-01 10:43:45 AM,1172.0,1,1172.0,20172428.10000004
2025-08-01 10:43:55 AM,1172.0,5,5860.0,20178288.10000004
2025-08-01 10:43:58 AM,1172.0,1,1172.0,20179460.10000004
2025-08-01 10:44:05 AM,1172.0,2,2344.0,20181804.10000004
2025-08-01 10:44:19 AM,1172.0,3,3516.0,20185320.10000004
2025-08-01 10:44:28 AM,1172.0,1,1172.0,20186492.10000004
2025-08-01 10:44:35 AM,1172.0,1,1172.0,20187664.10000004
2025-08-01 10:45:16 AM,1172.0,1,1172.0,20188836.10000004
2025-08-01 10:45:19 AM,1172.0,1,1172.0,20190008.10000004
2025-08-01 10:45:43 AM,1172.0,2,2344.0,20192352.10000004
2025-08-01 10:45:49 AM,1172.0,5,5860.0,20198212.10000004
2025-08-01 10:45:51 AM,1172.0,3,3516.0,20201728.10000004
2025-08-01 10:45:53 AM,1171.5,0,0.0,20201728.10000004
2025-08-01 10:45:54 AM,1171.5,1,1171.5,20202899.60000004
2025-08-01 10:46:01 AM,1172.0,0,0.0,20202899.60000004
2025-08-01 10:46:02 AM,1172.0,1,1172.0,20204071.60000004
2025-08-01 10:46:05 AM,1171.4,111,130025.40000000001,20334097.000000037
2025-08-01 10:46:10 AM,1172.0,0,0.0,20334097.000000037
2025-08-01 10:46:11 AM,1172.0,5,5860.0,20339957.000000037
2025-08-01 10:46:17 AM,1172.0,1,1172.0,20341129.000000037
2025-08-01 10:46:29 AM,1172.0,2,2344.0,20343473.000000037
2025-08-01 10:46:30 AM,1171.2,0,0.0,20343473.000000037
2025-08-01 10:46:30 AM,1171.2,14,16396.8,20359869.800000038
2025-08-01 10:46:35 AM,1172.0,0,0.0,20359869.800000038
2025-08-01 10:46:36 AM,1172.0,1,1172.0,20361041.800000038
2025-08-01 10:46:57 AM,1172.0,58,67976.0,20429017.800000038
2025-08-01 10:47:07 AM,1172.0,3,3516.0,20432533.800000038
2025-08-01 10:47:34 AM,1172.0,1058,1239976.0,21672509.800000038
2025-08-01 10:47:36 AM,1172.0,111,130092.0,21802601.800000038
2025-08-01 10:47:45 AM,1172.0,5,5860.0,21808461.800000038
2025-08-01 10:48:03 AM,1172.0,6,7032.0,21815493.800000038
2025-08-01 10:48:06 AM,1172.0,20,23440.0,21838933.800000038
2025-08-01 10:48:11 AM,1172.0,127,148844.0,21987777.800000038
2025-08-01 10:48:17 AM,1172.0,6,7032.0,21994809.800000038
2025-08-01 10:48:55 AM,1172.0,1,1172.0,21995981.800000038
2025-08-01 10:49:01 AM,1172.0,1,1172.0,21997153.800000038
2025-08-01 10:49:06 AM,1172.0,2,2344.0,21999497.800000038
2025-08-01 10:49:12 AM,1172.0,1,1172.0,22000669.800000038
2025-08-01 10:49:28 AM,1172.0,2,2344.0,22003013.800000038
2025-08-01 10:49:33 AM,1172.0,3,3516.0,22006529.800000038
2025-08-01 10:49:38 AM,1172.0,1,1172.0,22007701.800000038
2025-08-01 10:49:44 AM,1172.0,10,11720.0,22019421.800000038
2025-08-01 10:50:10 AM,1171.8,0,0.0,22019421.800000038
2025-08-01 10:50:11 AM,1171.8,41,48043.799999999996,22067465.60000004
2025-08-01 10:50:15 AM,1171.5,0,0.0,22067465.60000004
2025-08-01 10:50:16 AM,1171.5,2,2343.0,22069808.60000004
2025-08-01 10:50:20 AM,1171.4,0,0.0,22069808.60000004
2025-08-01 10:50:22 AM,1171.4,1,1171.4,22070980.000000037
2025-08-01 10:50:36 AM,1171.3,0,0.0,22070980.000000037
2025-08-01 10:50:39 AM,1171.3,2,2342.6,22073322.60000004
2025-08-01 10:50:41 AM,1171.7,0,0.0,22073322.60000004
2025-08-01 10:50:45 AM,1171.7,1,1171.7,22074494.300000038
2025-08-01 10:51:07 AM,1171.8,0,0.0,22074494.300000038
2025-08-01 10:51:08 AM,1171.8,5,5859.0,22080353.300000038
2025-08-01 10:51:29 AM,1171.9,0,0.0,22080353.300000038
2025-08-01 10:51:29 AM,1171.9,1,1171.9,22081525.200000037
2025-08-01 10:51:51 AM,1171.9,3,3515.7000000000003,22085040.900000036
2025-08-01 10:52:02 AM,1171.9,2,2343.8,22087384.700000037
2025-08-01 10:52:27 AM,1171.7,0,0.0,22087384.700000037
2025-08-01 10:52:29 AM,1171.7,1,1171.7,22088556.400000036
2025-08-01 10:53:16 AM,1171.7,1,1171.7,22089728.100000035
2025-08-01 10:53:18 AM,1171.7,1,1171.7,22090899.800000034
2025-08-01 10:53:22 AM,1171.7,2,2343.4,22093243.200000033
2025-08-01 10:53:28 AM,1171.7,1,1171.7,22094414.900000032
2025-08-01 10:53:59 AM,1171.7,4,4686.8,22099101.700000033
2025-08-01 10:54:01 AM,1171.0,0,0.0,22099101.700000033
2025-08-01 10:54:04 AM,1171.0,2,2342.0,22101443.700000033
2025-08-01 10:54:27 AM,1171.7,0,0.0,22101443.700000033
2025-08-01 10:54:27 AM,1171.7,2,2343.4,22103787.10000003
2025-08-01 10:54:31 AM,1171.0,0,0.0,22103787.10000003
2025-08-01 10:54:31 AM,1171.0,2,2342.0,22106129.10000003
2025-08-01 10:54:33 AM,1170.7,0,0.0,22106129.10000003
2025-08-01 10:54:37 AM,1170.7,25,29267.5,22135396.60000003
2025-08-01 10:54:41 AM,1171.7,0,0.0,22135396.60000003
2025-08-01 10:54:42 AM,1171.7,2,2343.4,22137740.00000003
2025-08-01 10:54:58 AM,1171.7,1,1171.7,22138911.70000003
2025-08-01 10:55:35 AM,1171.9,0,0.0,22138911.70000003
2025-08-01 10:55:36 AM,1171.8,26,30466.8,22169378.50000003
2025-08-01 10:55:41 AM,1171.6,0,0.0,22169378.50000003
2025-08-01 10:55:41 AM,1171.6,2,2343.2,22171721.70000003
2025-08-01 10:56:42 AM,1171.7,0,0.0,22171721.70000003
2025-08-01 10:56:44 AM,1171.7,40,46868.0,22218589.70000003
2025-08-01 10:56:50 AM,1171.6,2,2343.2,22220932.90000003
2025-08-01 10:57:00 AM,1171.6,1,1171.6,22222104.50000003
2025-08-01 10:57:05 AM,1170.3,0,0.0,22222104.50000003
2025-08-01 10:57:05 AM,1170.3,1,1170.3,22223274.80000003
2025-08-01 10:57:15 AM,1170.9,0,0.0,22223274.80000003
2025-08-01 10:57:16 AM,1170.9,20,23418.0,22246692.80000003
2025-08-01 10:57:19 AM,1171.4,0,0.0,22246692.80000003
2025-08-01 10:57:21 AM,1171.6,0,0.0,22246692.80000003
2025-08-01 10:57:21 AM,1171.6,3,3514.7999999999997,22250207.60000003
2025-08-01 10:57:26 AM,1171.6,3,3514.7999999999997,22253722.400000032
2025-08-01 10:57:32 AM,1171.6,1,1171.6,22254894.000000034
2025-08-01 10:57:42 AM,1171.6,1,1171.6,22256065.600000035
2025-08-01 10:58:14 AM,1171.6,1,1171.6,22257237.200000037
2025-08-01 10:58:19 AM,1171.6,1,1171.6,22258408.800000038
2025-08-01 10:59:05 AM,1170.5,0,0.0,22258408.800000038
2025-08-01 10:59:07 AM,1171.0,0,0.0,22258408.800000038
2025-08-01 10:59:08 AM,1171.0,18,21078.0,22279486.800000038
2025-08-01 10:59:23 AM,1171.0,1,1171.0,22280657.800000038
2025-08-01 10:59:28 AM,1171.0,1,1171.0,22281828.800000038
2025-08-01 10:59:50 AM,1171.0,1,1171.0,22282999.800000038
2025-08-01 11:00:07 AM,1170.0,23,26910.0,22309909.800000038
2025-08-01 11:00:08 AM,1170.9,0,0.0,22309909.800000038
2025-08-01 11:00:13 AM,1170.9,6,7025.400000000001,22316935.200000037
2025-08-01 11:00:41 AM,1169.8,0,0.0,22316935.200000037
2025-08-01 11:00:45 AM,1169.8,38,44452.4,22361387.600000035
2025-08-01 11:00:50 AM,1170.4,0,0.0,22361387.600000035
2025-08-01 11:00:50 AM,1170.4,2,2340.8,22363728.400000036
2025-08-01 11:01:00 AM,1169.5,0,0.0,22363728.400000036
2025-08-01 11:01:01 AM,1169.5,3,3508.5,22367236.900000036
2025-08-01 11:01:36 AM,1170.6,0,0.0,22367236.900000036
2025-08-01 11:01:38 AM,1170.6,1,1170.6,22368407.500000037
2025-08-01 11:01:52 AM,1170.7,0,0.0,22368407.500000037
2025-08-01 11:01:54 AM,1170.7,1,1170.7,22369578.200000037
2025-08-01 11:01:58 AM,1171.0,0,0.0,22369578.200000037
2025-08-01 11:01:59 AM,1171.0,29,33959.0,22403537.200000037
2025-08-01 11:02:05 AM,1170.7,0,0.0,22403537.200000037
2025-08-01 11:02:05 AM,1170.7,2,2341.4,22405878.600000035
2025-08-01 11:02:32 AM,1169.2,7,8184.400000000001,22414063.000000034
2025-08-01 11:02:34 AM,1170.8,0,0.0,22414063.000000034
2025-08-01 11:02:37 AM,1170.8,2,2341.6,22416404.600000035
2025-08-01 11:02:58 AM,1170.8,1,1170.8,22417575.400000036
2025-08-01 11:03:04 AM,1169.5,0,0.0,22417575.400000036
2025-08-01 11:03:05 AM,1169.5,7,8186.5,22425761.900000036
2025-08-01 11:03:06 AM,1170.8,0,0.0,22425761.900000036
2025-08-01 11:03:08 AM,1170.8,1,1170.8,22426932.700000037
2025-08-01 11:03:10 AM,1170.7,0,0.0,22426932.700000037
2025-08-01 11:03:10 AM,1170.7,1,1170.7,22428103.400000036
2025-08-01 11:04:31 AM,1170.7,2,2341.4,22430444.800000034
2025-08-01 11:04:38 AM,1170.7,1,1170.7,22431615.500000034
2025-08-01 11:04:49 AM,1168.2,351,410038.2,22841653.700000033
2025-08-01 11:04:50 AM,1170.5,0,0.0,22841653.700000033
2025-08-01 11:04:52 AM,1170.5,18,21069.0,22862722.700000033
2025-08-01 11:04:58 AM,1170.4,2,2340.8,22865063.500000034
2025-08-01 11:05:00 AM,1170.6,0,0.0,22865063.500000034
2025-08-01 11:05:03 AM,1170.6,1,1170.6,22866234.100000035
2025-08-01 11:05:05 AM,1170.6,1,1170.6,22867404.700000037
2025-08-01 11:05:25 AM,1170.5,1,1170.5,22868575.200000037
2025-08-01 11:05:35 AM,1170.0,0,0.0,22868575.200000037
2025-08-01 11:05:35 AM,1170.0,1,1170.0,22869745.200000037
2025-08-01 11:05:37 AM,1168.7,1,1168.7,22870913.900000036
2025-08-01 11:05:40 AM,1169.9,0,0.0,22870913.900000036
2025-08-01 11:05:41 AM,1169.9,1,1169.9,22872083.800000034
2025-08-01 11:05:49 AM,1170.1,0,0.0,22872083.800000034
2025-08-01 11:05:52 AM,1170.1,4,4680.4,22876764.200000033
2025-08-01 11:06:02 AM,1170.1,1,1170.1,22877934.300000034
2025-08-01 11:06:31 AM,1169.9,6,7019.400000000001,22884953.700000033
2025-08-01 11:06:37 AM,1170.1,4,4680.4,22889634.10000003
2025-08-01 11:06:44 AM,1170.1,4,4680.4,22894314.50000003
2025-08-01 11:06:53 AM,1168.9,0,0.0,22894314.50000003
2025-08-01 11:06:54 AM,1170.0,0,0.0,22894314.50000003
2025-08-01 11:06:55 AM,1170.0,15,17550.0,22911864.50000003
2025-08-01 11:07:00 AM,1170.0,1,1170.0,22913034.50000003
2025-08-01 11:07:16 AM,1170.0,2,2340.0,22915374.50000003
2025-08-01 11:07:22 AM,1170.0,2,2340.0,22917714.50000003
2025-08-01 11:07:23 AM,1170.0,3,3510.0,22921224.50000003
2025-08-01 11:07:39 AM,1170.0,4,4680.0,22925904.50000003
2025-08-01 11:07:49 AM,1170.0,1,1170.0,22927074.50000003
2025-08-01 11:07:50 AM,1170.3,0,0.0,22927074.50000003
2025-08-01 11:07:50 AM,1170.3,2,2340.6,22929415.10000003
2025-08-01 11:07:54 AM,1170.3,3,3510.8999999999996,22932926.00000003
2025-08-01 11:08:41 AM,1170.5,4,4682.0,22937608.00000003
2025-08-01 11:08:46 AM,1170.5,1,1170.5,22938778.50000003
2025-08-01 11:08:57 AM,1170.5,1,1170.5,22939949.00000003
2025-08-01 11:09:06 AM,1170.5,1,1170.5,22941119.50000003
2025-08-01 11:09:15 AM,1170.5,3,3511.5,22944631.00000003
2025-08-01 11:09:31 AM,1170.5,1,1170.5,22945801.50000003
2025-08-01 11:09:34 AM,1170.5,1,1170.5,22946972.00000003
2025-08-01 11:09:47 AM,1168.9,0,0.0,22946972.00000003
2025-08-01 11:09:48 AM,1169.9,11,12868.900000000001,22959840.90000003
2025-08-01 11:09:53 AM,1170.5,0,0.0,22959840.90000003
2025-08-01 11:09:53 AM,1170.5,1,1170.5,22961011.40000003
2025-08-01 11:09:55 AM,1170.5,1,1170.5,22962181.90000003
2025-08-01 11:10:10 AM,1170.4,2,2340.8,22964522.70000003
2025-08-01 11:10:17 AM,1170.5,0,0.0,22964522.70000003
2025-08-01 11:10:17 AM,1170.4,0,0.0,22964522.70000003
2025-08-01 11:10:19 AM,1170.4,2,2340.8,22966863.50000003
2025-08-01 11:10:30 AM,1170.5,2,2341.0,22969204.50000003
2025-08-01 11:10:41 AM,1170.5,1,1170.5,22970375.00000003
2025-08-01 11:11:09 AM,1170.4,2,2340.8,22972715.80000003
2025-08-01 11:11:37 AM,1170.4,1,1170.4,22973886.20000003
2025-08-01 11:12:23 AM,1170.3,0,0.0,22973886.20000003
2025-08-01 11:12:24 AM,1170.3,8,9362.4,22983248.600000028
2025-08-01 11:12:30 AM,1170.3,1,1170.3,22984418.90000003
2025-08-01 11:12:46 AM,1170.3,5,5851.5,22990270.40000003
2025-08-01 11:13:07 AM,1169.0,0,0.0,22990270.40000003
2025-08-01 11:13:07 AM,1169.0,9,10521.0,23000791.40000003
2025-08-01 11:13:21 AM,1169.6,0,0.0,23000791.40000003
2025-08-01 11:13:23 AM,1169.6,1,1169.6,23001961.00000003
2025-08-01 11:13:26 AM,1168.3,0,0.0,23001961.00000003
2025-08-01 11:13:28 AM,1168.3,4,4673.2,23006634.20000003
2025-08-01 11:13:35 AM,1169.6,0,0.0,23006634.20000003
2025-08-01 11:13:35 AM,1169.6,1,1169.6,23007803.80000003
2025-08-01 11:13:38 AM,1169.5,0,0.0,23007803.80000003
2025-08-01 11:13:39 AM,1169.5,1,1169.5,23008973.30000003
2025-08-01 11:14:08 AM,1168.4,3,3505.2000000000003,23012478.50000003
2025-08-01 11:14:10 AM,1168.0,0,0.0,23012478.50000003
2025-08-01 11:14:12 AM,1168.0,18,21024.0,23033502.50000003
2025-08-01 11:14:16 AM,1168.8,0,0.0,23033502.50000003
2025-08-01 11:14:17 AM,1168.8,1,1168.8,23034671.30000003
2025-08-01 11:14:18 AM,1168.7,0,0.0,23034671.30000003
2025-08-01 11:14:18 AM,1168.7,1,1168.7,23035840.00000003
2025-08-01 11:14:33 AM,1168.8,1,1168.8,23037008.80000003
2025-08-01 11:14:34 AM,1167.3,0,0.0,23037008.80000003
2025-08-01 11:14:35 AM,1167.3,2,2334.6,23039343.400000032
2025-08-01 11:14:43 AM,1168.3,1,1168.3,23040511.700000033
2025-08-01 11:14:44 AM,1168.4,0,0.0,23040511.700000033
2025-08-01 11:14:45 AM,1168.4,1,1168.4,23041680.10000003
2025-08-01 11:14:49 AM,1168.4,1,1168.4,23042848.50000003
2025-08-01 11:14:56 AM,1168.4,1,1168.4,23044016.90000003
2025-08-01 11:15:11 AM,1168.4,2,2336.8,23046353.70000003
2025-08-01 11:15:16 AM,1168.0,0,0.0,23046353.70000003
2025-08-01 11:15:16 AM,1168.0,3,3504.0,23049857.70000003
2025-08-01 11:15:38 AM,1167.9,0,0.0,23049857.70000003
2025-08-01 11:15:38 AM,1167.9,1,1167.9,23051025.600000028
2025-08-01 11:15:52 AM,1168.0,0,0.0,23051025.600000028
2025-08-01 11:15:53 AM,1168.0,1,1168.0,23052193.600000028
2025-08-01 11:15:57 AM,1168.0,1,1168.0,23053361.600000028
2025-08-01 11:16:40 AM,1167.2,0,0.0,23053361.600000028
2025-08-01 11:16:40 AM,1167.2,2,2334.4,23055696.000000026
2025-08-01 11:16:42 AM,1168.0,0,0.0,23055696.000000026
2025-08-01 11:16:45 AM,1168.0,14,16352.0,23072048.000000026
2025-08-01 11:17:05 AM,1167.2,0,0.0,23072048.000000026
2025-08-01 11:17:07 AM,1167.0,2,2334.0,23074382.000000026
2025-08-01 11:17:09 AM,1168.0,1,1168.0,23075550.000000026
2025-08-01 11:17:12 AM,1168.0,1,1168.0,23076718.000000026
2025-08-01 11:17:34 AM,1167.2,0,0.0,23076718.000000026
2025-08-01 11:17:35 AM,1167.2,1,1167.2,23077885.200000025
2025-08-01 11:17:46 AM,1168.0,0,0.0,23077885.200000025
2025-08-01 11:17:46 AM,1168.0,1,1168.0,23079053.200000025
2025-08-01 11:18:01 AM,1168.0,3,3504.0,23082557.200000025
2025-08-01 11:18:29 AM,1168.0,3,3504.0,23086061.200000025
2025-08-01 11:18:32 AM,1167.2,0,0.0,23086061.200000025
2025-08-01 11:18:33 AM,1167.2,1,1167.2,23087228.400000025
2025-08-01 11:19:50 AM,1168.0,0,0.0,23087228.400000025
2025-08-01 11:19:51 AM,1168.0,6,7008.0,23094236.400000025
2025-08-01 11:19:54 AM,1167.2,0,0.0,23094236.400000025
2025-08-01 11:19:57 AM,1167.2,1,1167.2,23095403.600000024
2025-08-01 11:19:59 AM,1168.0,0,0.0,23095403.600000024
2025-08-01 11:20:02 AM,1168.0,26,30368.0,23125771.600000024
2025-08-01 11:20:07 AM,1168.0,4,4672.0,23130443.600000024
2025-08-01 11:20:13 AM,1167.2,2,2334.4,23132778.000000022
2025-08-01 11:20:23 AM,1167.2,2,2334.4,23135112.40000002
2025-08-01 11:20:36 AM,1168.0,0,0.0,23135112.40000002
2025-08-01 11:20:39 AM,1168.0,1,1168.0,23136280.40000002
2025-08-01 11:20:57 AM,1167.0,0,0.0,23136280.40000002
2025-08-01 11:20:59 AM,1167.0,8,9336.0,23145616.40000002
2025-08-01 11:21:03 AM,1165.6,0,0.0,23145616.40000002
2025-08-01 11:21:04 AM,1165.7,0,0.0,23145616.40000002
2025-08-01 11:21:04 AM,1167.1,92,107373.2,23252989.60000002
2025-08-01 11:21:10 AM,1166.8,0,0.0,23252989.60000002
2025-08-01 11:21:10 AM,1166.8,4,4667.2,23257656.80000002
2025-08-01 11:21:32 AM,1166.9,0,0.0,23257656.80000002
2025-08-01 11:21:35 AM,1167.3,0,0.0,23257656.80000002
2025-08-01 11:21:37 AM,1167.3,13,15174.9,23272831.700000018
2025-08-01 11:21:37 AM,1166.6,11,12832.599999999999,23285664.30000002
2025-08-01 11:21:42 AM,1166.6,1,1166.6,23286830.90000002
2025-08-01 11:21:47 AM,1167.5,1,1167.5,23287998.40000002
2025-08-01 11:21:57 AM,1167.5,1,1167.5,23289165.90000002
2025-08-01 11:22:07 AM,1167.5,1,1167.5,23290333.40000002
2025-08-01 11:22:27 AM,1166.5,0,0.0,23290333.40000002
2025-08-01 11:22:29 AM,1166.5,3,3499.5,23293832.90000002
2025-08-01 11:22:37 AM,1167.2,0,0.0,23293832.90000002
2025-08-01 11:22:39 AM,1167.2,31,36183.200000000004,23330016.10000002
2025-08-01 11:22:45 AM,1167.2,1,1167.2,23331183.30000002
2025-08-01 11:23:02 AM,1166.9,0,0.0,23331183.30000002
2025-08-01 11:23:05 AM,1166.9,4,4667.6,23335850.90000002
2025-08-01 11:23:10 AM,1166.8,0,0.0,23335850.90000002
2025-08-01 11:23:11 AM,1166.8,1,1166.8,23337017.70000002
2025-08-01 11:23:32 AM,1166.8,1,1166.8,23338184.500000022
2025-08-01 11:23:41 AM,1165.6,0,0.0,23338184.500000022
2025-08-01 11:23:42 AM,1165.6,26,30305.6,23368490.100000024
2025-08-01 11:23:45 AM,1166.9,0,0.0,23368490.100000024
2025-08-01 11:23:47 AM,1166.9,1,1166.9,23369657.000000022
2025-08-01 11:23:52 AM,1166.8,1,1166.8,23370823.800000023
2025-08-01 11:24:15 AM,1165.8,0,0.0,23370823.800000023
2025-08-01 11:24:17 AM,1165.8,2,2331.6,23373155.400000025
2025-08-01 11:24:23 AM,1165.8,2,2331.6,23375487.000000026
2025-08-01 11:24:28 AM,1165.8,2,2331.6,23377818.600000028
2025-08-01 11:24:39 AM,1165.8,1,1165.8,23378984.40000003
2025-08-01 11:24:44 AM,1165.8,1,1165.8,23380150.20000003
2025-08-01 11:24:45 AM,1164.9,0,0.0,23380150.20000003
2025-08-01 11:24:49 AM,1164.9,244,284235.60000000003,23664385.80000003
2025-08-01 11:24:55 AM,1165.8,12,13989.599999999999,23678375.400000032
2025-08-01 11:25:16 AM,1165.8,1,1165.8,23679541.200000033
2025-08-01 11:25:31 AM,1165.8,1,1165.8,23680707.000000034
2025-08-01 11:27:14 AM,1166.9,0,0.0,23680707.000000034
2025-08-01 11:27:15 AM,1166.9,10,11669.0,23692376.000000034
2025-08-01 11:27:20 AM,1166.9,1,1166.9,23693542.900000032
2025-08-01 11:27:23 AM,1165.9,0,0.0,23693542.900000032
2025-08-01 11:27:24 AM,1165.9,1,1165.9,23694708.80000003
2025-08-01 11:27:25 AM,1166.8,0,0.0,23694708.80000003
2025-08-01 11:27:26 AM,1166.8,2,2333.6,23697042.400000032
2025-08-01 11:27:26 AM,1167.1,0,0.0,23697042.400000032
2025-08-01 11:27:29 AM,1167.1,2,2334.2,23699376.60000003
2025-08-01 11:27:35 AM,1167.2,0,0.0,23699376.60000003
2025-08-01 11:27:36 AM,1167.2,1,1167.2,23700543.80000003
2025-08-01 11:27:44 AM,1166.1,0,0.0,23700543.80000003
2025-08-01 11:27:44 AM,1166.1,2,2332.2,23702876.00000003
2025-08-01 11:27:47 AM,1167.0,0,0.0,23702876.00000003
2025-08-01 11:27:49 AM,1167.2,0,0.0,23702876.00000003
2025-08-01 11:27:50 AM,1167.4,7,8171.800000000001,23711047.80000003
2025-08-01 11:27:55 AM,1167.4,1,1167.4,23712215.20000003
2025-08-01 11:28:21 AM,1167.4,5,5837.0,23718052.20000003
2025-08-01 11:28:31 AM,1166.1,9,10494.9,23728547.100000028
2025-08-01 11:28:35 AM,1167.3,0,0.0,23728547.100000028
2025-08-01 11:28:36 AM,1167.3,1,1167.3,23729714.40000003
2025-08-01 11:28:43 AM,1167.3,1,1167.3,23730881.70000003
2025-08-01 11:29:11 AM,1167.3,2,2334.6,23733216.30000003
2025-08-01 11:29:17 AM,1166.0,0,0.0,23733216.30000003
2025-08-01 11:29:17 AM,1166.0,107,124762.0,23857978.30000003
2025-08-01 11:29:26 AM,1166.0,6,6996.0,23864974.30000003
2025-08-01 11:29:29 AM,1164.9,0,0.0,23864974.30000003
2025-08-01 11:29:31 AM,1164.9,35,40771.5,23905745.80000003
2025-08-01 11:29:33 AM,1164.9,195,227155.50000000003,24132901.30000003
2025-08-01 11:29:35 AM,1165.9,0,0.0,24132901.30000003
2025-08-01 11:29:35 AM,1165.9,2,2331.8,24135233.10000003
2025-08-01 11:29:39 AM,1165.8,0,0.0,24135233.10000003
2025-08-01 11:29:40 AM,1164.0,0,0.0,24135233.10000003
2025-08-01 11:29:41 AM,1164.0,293,341052.0,24476285.10000003
2025-08-01 11:29:45 AM,1164.5,0,0.0,24476285.10000003
2025-08-01 11:29:46 AM,1164.7,0,0.0,24476285.10000003
2025-08-01 11:29:46 AM,1164.7,17,19799.9,24496085.00000003
2025-08-01 11:30:08 AM,1164.0,0,0.0,24496085.00000003
2025-08-01 11:30:10 AM,1164.0,19,22116.0,24518201.00000003
2025-08-01 11:30:15 AM,1164.0,1,1164.0,24519365.00000003
2025-08-01 11:30:22 AM,1164.0,1,1164.0,24520529.00000003
2025-08-01 11:30:25 AM,1162.3,53,61601.899999999994,24582130.90000003
2025-08-01 11:30:27 AM,1162.2,30,34866.0,24616996.90000003
2025-08-01 11:30:29 AM,1163.5,0,0.0,24616996.90000003
2025-08-01 11:30:30 AM,1163.5,4,4654.0,24621650.90000003
2025-08-01 11:30:32 AM,1162.0,0,0.0,24621650.90000003
2025-08-01 11:30:32 AM,1162.0,119,138278.0,24759928.90000003
2025-08-01 11:30:35 AM,1162.0,135,156870.0,24916798.90000003
2025-08-01 11:30:40 AM,1162.0,7,8134.0,24924932.90000003
2025-08-01 11:30:52 AM,1162.0,1,1162.0,24926094.90000003
2025-08-01 11:31:02 AM,1162.0,1,1162.0,24927256.90000003
2025-08-01 11:31:18 AM,1161.9,5,5809.5,24933066.40000003
2025-08-01 11:31:22 AM,1162.0,0,0.0,24933066.40000003
2025-08-01 11:31:23 AM,1162.0,5,5810.0,24938876.40000003
2025-08-01 11:31:25 AM,1162.0,1,1162.0,24940038.40000003
2025-08-01 11:31:32 AM,1162.5,0,0.0,24940038.40000003
2025-08-01 11:31:34 AM,1162.5,356,413850.0,25353888.40000003
2025-08-01 11:31:34 AM,1162.8,0,0.0,25353888.40000003
2025-08-01 11:31:35 AM,1162.8,1,1162.8,25355051.20000003
2025-08-01 11:31:40 AM,1163.7,0,0.0,25355051.20000003
2025-08-01 11:31:40 AM,1163.7,10,11637.0,25366688.20000003
2025-08-01 11:31:44 AM,1164.4,0,0.0,25366688.20000003
2025-08-01 11:31:45 AM,1164.7,0,0.0,25366688.20000003
2025-08-01 11:31:45 AM,1164.7,4,4658.8,25371347.00000003
2025-08-01 11:31:50 AM,1165.1,6,6990.599999999999,25378337.60000003
2025-08-01 11:31:55 AM,1165.1,2,2330.2,25380667.80000003
2025-08-01 11:31:58 AM,1165.1,2,2330.2,25382998.00000003
2025-08-01 11:32:00 AM,1165.6,2,2331.2,25385329.20000003
2025-08-01 11:32:11 AM,1165.4,0,0.0,25385329.20000003
2025-08-01 11:32:11 AM,1165.4,1,1165.4,25386494.600000028
2025-08-01 11:32:12 AM,1163.7,0,0.0,25386494.600000028
2025-08-01 11:32:15 AM,1163.7,25,29092.5,25415587.100000028
2025-08-01 11:32:20 AM,1164.4,0,0.0,25415587.100000028
2025-08-01 11:32:20 AM,1164.4,1,1164.4,25416751.500000026
2025-08-01 11:32:46 AM,1164.4,2,2328.8,25419080.300000027
2025-08-01 11:33:02 AM,1163.6,0,0.0,25419080.300000027
2025-08-01 11:33:03 AM,1163.6,1,1163.6,25420243.90000003
2025-08-01 11:33:06 AM,1164.3,0,0.0,25420243.90000003
2025-08-01 11:33:07 AM,1164.3,1,1164.3,25421408.20000003
2025-08-01 11:33:14 AM,1164.4,0,0.0,25421408.20000003
2025-08-01 11:33:17 AM,1164.4,7,8150.800000000001,25429559.00000003
2025-08-01 11:33:22 AM,1164.4,5,5822.0,25435381.00000003
2025-08-01 11:33:27 AM,1164.4,18,20959.2,25456340.20000003
2025-08-01 11:33:30 AM,1164.9,0,0.0,25456340.20000003
2025-08-01 11:33:32 AM,1164.9,25,29122.500000000004,25485462.70000003
2025-08-01 11:33:37 AM,1164.9,2,2329.8,25487792.50000003
2025-08-01 11:33:58 AM,1164.9,1,1164.9,25488957.40000003
2025-08-01 11:34:18 AM,1164.9,1,1164.9,25490122.300000027
2025-08-01 11:34:26 AM,1165.3,0,0.0,25490122.300000027
2025-08-01 11:34:28 AM,1164.4,0,0.0,25490122.300000027
2025-08-01 11:34:28 AM,1164.4,7,8150.800000000001,25498273.100000028
2025-08-01 11:34:33 AM,1164.4,1,1164.4,25499437.500000026
2025-08-01 11:34:42 AM,1164.8,0,0.0,25499437.500000026
2025-08-01 11:34:44 AM,1164.8,1,1164.8,25500602.300000027
2025-08-01 11:35:23 AM,1165.0,0,0.0,25500602.300000027
2025-08-01 11:35:27 AM,1165.0,4,4660.0,25505262.300000027
2025-08-01 11:35:48 AM,1165.0,10,11650.0,25516912.300000027
2025-08-01 11:36:08 AM,1165.0,2,2330.0,25519242.300000027
2025-08-01 11:36:18 AM,1165.0,1,1165.0,25520407.300000027
2025-08-01 11:36:23 AM,1165.0,2,2330.0,25522737.300000027
2025-08-01 11:36:46 AM,1164.9,0,0.0,25522737.300000027
2025-08-01 11:36:49 AM,1163.4,0,0.0,25522737.300000027
2025-08-01 11:36:50 AM,1163.4,39,45372.600000000006,25568109.90000003
2025-08-01 11:36:54 AM,1164.4,0,0.0,25568109.90000003
2025-08-01 11:36:55 AM,1164.4,3,3493.2000000000003,25571603.100000028
2025-08-01 11:37:01 AM,1164.5,0,0.0,25571603.100000028
2025-08-01 11:37:05 AM,1164.5,15,17467.5,25589070.600000028
2025-08-01 11:37:07 AM,1164.6,0,0.0,25589070.600000028
2025-08-01 11:37:11 AM,1164.6,9,10481.4,25599552.000000026
2025-08-01 11:37:16 AM,1164.6,1,1164.6,25600716.600000028
2025-08-01 11:38:30 AM,1164.8,0,0.0,25600716.600000028
2025-08-01 11:38:33 AM,1164.8,4,4659.2,25605375.800000027
2025-08-01 11:38:38 AM,1164.8,1,1164.8,25606540.600000028
2025-08-01 11:38:59 AM,1163.6,0,0.0,25606540.600000028
2025-08-01 11:38:59 AM,1163.6,8,9308.8,25615849.40000003
2025-08-01 11:39:04 AM,1164.7,0,0.0,25615849.40000003
2025-08-01 11:39:06 AM,1163.5,0,0.0,25615849.40000003
2025-08-01 11:39:08 AM,1163.5,4,4654.0,25620503.40000003
2025-08-01 11:39:13 AM,1164.1,1,1164.1,25621667.50000003
2025-08-01 11:40:01 AM,1164.1,5,5820.5,25627488.00000003
2025-08-01 11:40:20 AM,1162.0,0,0.0,25627488.00000003
2025-08-01 11:40:21 AM,1162.0,22,25564.0,25653052.00000003
2025-08-01 11:40:24 AM,1163.6,0,0.0,25653052.00000003
2025-08-01 11:40:26 AM,1163.6,1,1163.6,25654215.60000003
2025-08-01 11:40:56 AM,1162.0,0,0.0,25654215.60000003
2025-08-01 11:40:56 AM,1162.0,97,112714.0,25766929.60000003
2025-08-01 11:41:01 AM,1162.0,5,5810.0,25772739.60000003
2025-08-01 11:41:08 AM,1161.5,0,0.0,25772739.60000003
2025-08-01 11:41:12 AM,1161.5,10,11615.0,25784354.60000003
2025-08-01 11:41:14 AM,1162.8,0,0.0,25784354.60000003
2025-08-01 11:41:17 AM,1162.8,1,1162.8,25785517.400000032
2025-08-01 11:41:42 AM,1162.0,10,11620.0,25797137.400000032
2025-08-01 11:42:47 AM,1162.8,0,0.0,25797137.400000032
2025-08-01 11:42:49 AM,1162.8,15,17442.0,25814579.400000032
2025-08-01 11:42:50 AM,1162.0,34,39508.0,25854087.400000032
2025-08-01 11:43:02 AM,1162.4,0,0.0,25854087.400000032
2025-08-01 11:43:04 AM,1162.4,2,2324.8,25856412.200000033
2025-08-01 11:43:48 AM,1162.7,0,0.0,25856412.200000033
2025-08-01 11:43:52 AM,1162.7,20,23254.0,25879666.200000033
2025-08-01 11:43:54 AM,1162.9,0,0.0,25879666.200000033
2025-08-01 11:43:56 AM,1160.8,0,0.0,25879666.200000033
2025-08-01 11:43:57 AM,1160.8,181,210104.8,26089771.000000034
2025-08-01 11:44:00 AM,1161.9,0,0.0,26089771.000000034
2025-08-01 11:44:02 AM,1161.9,9,10457.1,26100228.100000035
2025-08-01 11:44:04 AM,1160.6,0,0.0,26100228.100000035
2025-08-01 11:44:08 AM,1161.6,2,2323.2,26102551.300000034
2025-08-01 11:44:10 AM,1161.9,0,0.0,26102551.300000034
2025-08-01 11:44:15 AM,1161.9,1,1161.9,26103713.200000033
2025-08-01 11:44:43 AM,1161.7,0,0.0,26103713.200000033
2025-08-01 11:44:43 AM,1161.7,17,19748.9,26123462.10000003
2025-08-01 11:45:11 AM,1161.8,0,0.0,26123462.10000003
2025-08-01 11:45:15 AM,1161.8,6,6970.799999999999,26130432.900000032
2025-08-01 11:45:18 AM,1160.7,0,0.0,26130432.900000032
2025-08-01 11:45:20 AM,1161.9,0,0.0,26130432.900000032
2025-08-01 11:45:21 AM,1161.9,10,11619.0,26142051.900000032
2025-08-01 11:45:32 AM,1160.7,0,0.0,26142051.900000032
2025-08-01 11:45:33 AM,1161.8,0,0.0,26142051.900000032
2025-08-01 11:45:37 AM,1161.8,4,4647.2,26146699.10000003
2025-08-01 11:45:37 AM,1160.8,0,0.0,26146699.10000003
2025-08-01 11:45:37 AM,1160.8,1,1160.8,26147859.900000032
2025-08-01 11:45:45 AM,1161.9,0,0.0,26147859.900000032
2025-08-01 11:45:47 AM,1161.9,1,1161.9,26149021.80000003
2025-08-01 11:46:03 AM,1161.9,2,2323.8,26151345.60000003
2025-08-01 11:46:19 AM,1161.9,2,2323.8,26153669.400000032
2025-08-01 11:46:30 AM,1160.5,20,23210.0,26176879.400000032
2025-08-01 11:46:35 AM,1161.8,0,0.0,26176879.400000032
2025-08-01 11:46:35 AM,1161.8,2,2323.6,26179203.000000034
2025-08-01 11:46:40 AM,1161.9,0,0.0,26179203.000000034
2025-08-01 11:46:40 AM,1161.9,1,1161.9,26180364.900000032
2025-08-01 11:46:51 AM,1161.9,13,15104.7,26195469.60000003
2025-08-01 11:46:57 AM,1161.9,1,1161.9,26196631.50000003
2025-08-01 11:47:03 AM,1160.9,0,0.0,26196631.50000003
2025-08-01 11:47:07 AM,1160.9,1,1160.9,26197792.40000003
2025-08-01 11:47:32 AM,1162.6,101,117422.59999999999,26315215.00000003
2025-08-01 11:47:34 AM,1163.5,0,0.0,26315215.00000003
2025-08-01 11:47:37 AM,1163.5,5,5817.5,26321032.50000003
2025-08-01 11:47:38 AM,1162.7,6,6976.200000000001,26328008.70000003
2025-08-01 11:47:47 AM,1162.7,1,1162.7,26329171.40000003
2025-08-01 11:47:49 AM,1162.9,0,0.0,26329171.40000003
2025-08-01 11:47:53 AM,1162.9,1,1162.9,26330334.300000027
2025-08-01 11:47:57 AM,1163.4,0,0.0,26330334.300000027
2025-08-01 11:47:58 AM,1163.4,4,4653.6,26334987.90000003
2025-08-01 11:47:59 AM,1162.0,0,0.0,26334987.90000003
2025-08-01 11:48:03 AM,1162.0,35,40670.0,26375657.90000003
2025-08-01 11:48:08 AM,1162.0,1,1162.0,26376819.90000003
2025-08-01 11:48:13 AM,1162.2,0,0.0,26376819.90000003
2025-08-01 11:48:13 AM,1162.2,6,6973.200000000001,26383793.100000028
2025-08-01 11:48:14 AM,1162.0,0,0.0,26383793.100000028
2025-08-01 11:48:18 AM,1162.0,1,1162.0,26384955.100000028
2025-08-01 11:48:43 AM,1162.0,2,2324.0,26387279.100000028
2025-08-01 11:49:25 AM,1162.0,5,5810.0,26393089.100000028
2025-08-01 11:49:31 AM,1161.3,0,0.0,26393089.100000028
2025-08-01 11:49:35 AM,1161.3,12,13935.599999999999,26407024.70000003
2025-08-01 11:49:38 AM,1162.0,0,0.0,26407024.70000003
2025-08-01 11:49:40 AM,1162.0,4,4648.0,26411672.70000003
2025-08-01 11:49:46 AM,1162.0,1,1162.0,26412834.70000003
2025-08-01 11:49:56 AM,1162.0,1,1162.0,26413996.70000003
2025-08-01 11:50:22 AM,1162.0,1,1162.0,26415158.70000003
2025-08-01 11:50:32 AM,1162.0,10,11620.0,26426778.70000003
2025-08-01 11:50:36 AM,1162.6,0,0.0,26426778.70000003
2025-08-01 11:50:37 AM,1162.6,1,1162.6,26427941.30000003
2025-08-01 11:51:04 AM,1161.3,0,0.0,26427941.30000003
2025-08-01 11:51:06 AM,1161.3,3,3483.8999999999996,26431425.20000003
2025-08-01 11:51:18 AM,1162.4,0,0.0,26431425.20000003
2025-08-01 11:51:20 AM,1162.5,0,0.0,26431425.20000003
2025-08-01 11:51:21 AM,1162.5,5,5812.5,26437237.70000003
2025-08-01 11:51:41 AM,1162.5,1,1162.5,26438400.20000003
2025-08-01 11:52:21 AM,1162.5,3,3487.5,26441887.70000003
2025-08-01 11:52:24 AM,1162.0,0,0.0,26441887.70000003
2025-08-01 11:52:26 AM,1162.0,4,4648.0,26446535.70000003
2025-08-01 11:52:31 AM,1162.0,2,2324.0,26448859.70000003
2025-08-01 11:52:32 AM,1162.0,1,1162.0,26450021.70000003
2025-08-01 11:52:36 AM,1162.0,3,3486.0,26453507.70000003
2025-08-01 11:53:28 AM,1162.0,1,1162.0,26454669.70000003
2025-08-01 11:53:34 AM,1161.4,0,0.0,26454669.70000003
2025-08-01 11:53:35 AM,1162.0,0,0.0,26454669.70000003
2025-08-01 11:53:38 AM,1162.0,10,11620.0,26466289.70000003
2025-08-01 11:53:58 AM,1162.0,1,1162.0,26467451.70000003
2025-08-01 11:53:59 AM,1162.6,0,0.0,26467451.70000003
2025-08-01 11:54:03 AM,1162.6,1,1162.6,26468614.30000003
2025-08-01 11:54:18 AM,1162.6,19,22089.399999999998,26490703.70000003
2025-08-01 11:54:20 AM,1163.4,0,0.0,26490703.70000003
2025-08-01 11:54:23 AM,1163.4,1,1163.4,26491867.100000028
2025-08-01 11:55:19 AM,1163.4,1,1163.4,26493030.500000026
2025-08-01 11:55:22 AM,1163.6,0,0.0,26493030.500000026
2025-08-01 11:55:24 AM,1163.6,6,6981.599999999999,26500012.100000028
2025-08-01 11:55:29 AM,1163.9,1,1163.9,26501176.000000026
2025-08-01 11:55:41 AM,1163.6,0,0.0,26501176.000000026
2025-08-01 11:55:44 AM,1163.6,1,1163.6,26502339.600000028
2025-08-01 11:55:54 AM,1163.6,3,3490.7999999999997,26505830.40000003
2025-08-01 11:56:40 AM,1163.6,2,2327.2,26508157.600000028
2025-08-01 11:57:05 AM,1163.6,1,1163.6,26509321.20000003
2025-08-01 11:57:54 AM,1162.0,0,0.0,26509321.20000003
2025-08-01 11:57:55 AM,1162.0,32,37184.0,26546505.20000003
2025-08-01 11:58:00 AM,1162.0,2,2324.0,26548829.20000003
2025-08-01 11:58:40 AM,1163.3,0,0.0,26548829.20000003
2025-08-01 11:58:43 AM,1163.3,1,1163.3,26549992.50000003
2025-08-01 11:58:51 AM,1163.4,0,0.0,26549992.50000003
2025-08-01 11:58:53 AM,1163.4,1,1163.4,26551155.90000003
2025-08-01 11:59:06 AM,1161.7,0,0.0,26551155.90000003
2025-08-01 11:59:09 AM,1161.7,50,58085.0,26609240.90000003
2025-08-01 11:59:14 AM,1161.8,4,4647.2,26613888.100000028
2025-08-01 11:59:19 AM,1163.4,0,0.0,26613888.100000028
2025-08-01 11:59:19 AM,1163.4,1,1163.4,26615051.500000026
2025-08-01 11:59:24 AM,1163.4,6,6980.400000000001,26622031.900000025
2025-08-01 12:00:01 PM,1163.2,0,0.0,26622031.900000025
2025-08-01 12:00:03 PM,1163.2,3,3489.6000000000004,26625521.500000026
2025-08-01 12:00:18 PM,1163.6,0,0.0,26625521.500000026
2025-08-01 12:00:19 PM,1163.6,10,11636.0,26637157.500000026
2025-08-01 12:00:20 PM,1164.3,0,0.0,26637157.500000026
2025-08-01 12:00:22 PM,1164.3,1,1164.3,26638321.800000027
2025-08-01 12:00:29 PM,1162.0,0,0.0,26638321.800000027
2025-08-01 12:00:29 PM,1162.0,112,130144.0,26768465.800000027
2025-08-01 12:00:31 PM,1161.5,0,0.0,26768465.800000027
2025-08-01 12:00:32 PM,1161.5,7,8130.5,26776596.300000027
2025-08-01 12:00:40 PM,1162.9,0,0.0,26776596.300000027
2025-08-01 12:00:42 PM,1162.9,1,1162.9,26777759.200000025
2025-08-01 12:00:47 PM,1163.0,1,1163.0,26778922.200000025
2025-08-01 12:01:25 PM,1161.7,0,0.0,26778922.200000025
2025-08-01 12:01:26 PM,1161.7,10,11617.0,26790539.200000025
2025-08-01 12:01:54 PM,1162.9,3,3488.7000000000003,26794027.900000025
2025-08-01 12:01:59 PM,1162.9,10,11629.0,26805656.900000025
2025-08-01 12:02:01 PM,1161.7,5,5808.5,26811465.400000025
2025-08-01 12:02:01 PM,1161.5,0,0.0,26811465.400000025
2025-08-01 12:02:03 PM,1162.5,49,56962.5,26868427.900000025
2025-08-01 12:02:04 PM,1162.7,0,0.0,26868427.900000025
2025-08-01 12:02:05 PM,1162.7,1,1162.7,26869590.600000024
2025-08-01 12:02:10 PM,1162.6,0,0.0,26869590.600000024
2025-08-01 12:02:10 PM,1162.6,3,3487.7999999999997,26873078.400000025
2025-08-01 12:02:18 PM,1162.6,1,1162.6,26874241.000000026
2025-08-01 12:02:39 PM,1162.6,2,2325.2,26876566.200000025
2025-08-01 12:02:41 PM,1162.6,2,2325.2,26878891.400000025
2025-08-01 12:02:58 PM,1162.7,2,2325.4,26881216.800000023
2025-08-01 12:03:06 PM,1161.3,0,0.0,26881216.800000023
2025-08-01 12:03:09 PM,1161.3,127,147485.1,27028701.900000025
2025-08-01 12:03:15 PM,1162.0,6,6972.0,27035673.900000025
2025-08-01 12:03:19 PM,1162.2,0,0.0,27035673.900000025
2025-08-01 12:03:20 PM,1162.2,1,1162.2,27036836.100000024
2025-08-01 12:03:38 PM,1162.2,1,1162.2,27037998.300000023
2025-08-01 12:03:43 PM,1162.4,0,0.0,27037998.300000023
2025-08-01 12:03:43 PM,1162.4,1,1162.4,27039160.70000002
2025-08-01 12:03:53 PM,1162.4,2,2324.8,27041485.500000022
2025-08-01 12:03:57 PM,1162.3,0,0.0,27041485.500000022
2025-08-01 12:03:59 PM,1162.3,2,2324.6,27043810.100000024
2025-08-01 12:04:01 PM,1162.4,0,0.0,27043810.100000024
2025-08-01 12:04:01 PM,1162.4,5,5812.0,27049622.100000024
2025-08-01 12:04:02 PM,1162.5,0,0.0,27049622.100000024
2025-08-01 12:04:04 PM,1162.5,1,1162.5,27050784.600000024
2025-08-01 12:04:06 PM,1162.6,0,0.0,27050784.600000024
2025-08-01 12:04:07 PM,1162.6,1,1162.6,27051947.200000025
2025-08-01 12:04:08 PM,1162.9,0,0.0,27051947.200000025
2025-08-01 12:04:09 PM,1162.9,2,2325.8,27054273.000000026
2025-08-01 12:04:14 PM,1162.7,0,0.0,27054273.000000026
2025-08-01 12:04:14 PM,1162.7,1,1162.7,27055435.700000025
2025-08-01 12:04:28 PM,1161.6,2,2323.2,27057758.900000025
2025-08-01 12:04:41 PM,1162.7,0,0.0,27057758.900000025
2025-08-01 12:04:43 PM,1162.7,1,1162.7,27058921.600000024
2025-08-01 12:04:45 PM,1162.8,2,2325.6,27061247.200000025
2025-08-01 12:05:03 PM,1162.6,0,0.0,27061247.200000025
2025-08-01 12:05:03 PM,1162.6,2,2325.2,27063572.400000025
2025-08-01 12:05:29 PM,1161.0,0,0.0,27063572.400000025
2025-08-01 12:05:29 PM,1161.0,47,54567.0,27118139.400000025
2025-08-01 12:05:30 PM,1161.0,2,2322.0,27120461.400000025
2025-08-01 12:05:49 PM,1161.0,3,3483.0,27123944.400000025
2025-08-01 12:05:49 PM,1161.0,1,1161.0,27125105.400000025
2025-08-01 12:05:59 PM,1161.0,3,3483.0,27128588.400000025
2025-08-01 12:06:09 PM,1160.6,0,0.0,27128588.400000025
2025-08-01 12:06:09 PM,1160.6,89,103293.4,27231881.800000023
2025-08-01 12:06:14 PM,1161.0,4,4644.0,27236525.800000023
2025-08-01 12:06:38 PM,1160.6,2,2321.2,27238847.000000022
2025-08-01 12:06:45 PM,1161.6,0,0.0,27238847.000000022
2025-08-01 12:06:47 PM,1162.2,0,0.0,27238847.000000022
2025-08-01 12:06:48 PM,1162.2,3,3486.6000000000004,27242333.600000024
2025-08-01 12:06:53 PM,1162.2,1,1162.2,27243495.800000023
2025-08-01 12:07:14 PM,1162.2,2,2324.4,27245820.20000002
2025-08-01 12:07:49 PM,1162.4,0,0.0,27245820.20000002
2025-08-01 12:07:49 PM,1162.4,1,1162.4,27246982.60000002
2025-08-01 12:08:29 PM,1160.8,0,0.0,27246982.60000002
2025-08-01 12:08:29 PM,1160.8,4,4643.2,27251625.80000002
2025-08-01 12:08:41 PM,1162.2,0,0.0,27251625.80000002
2025-08-01 12:08:44 PM,1162.2,2,2324.4,27253950.200000018
2025-08-01 12:08:45 PM,1160.8,0,0.0,27253950.200000018
2025-08-01 12:08:49 PM,1160.8,10,11608.0,27265558.200000018
2025-08-01 12:08:49 PM,1162.1,0,0.0,27265558.200000018
2025-08-01 12:08:54 PM,1162.1,1,1162.1,27266720.30000002
2025-08-01 12:09:24 PM,1162.1,4,4648.4,27271368.700000018
2025-08-01 12:09:27 PM,1160.7,0,0.0,27271368.700000018
2025-08-01 12:09:29 PM,1160.7,22,25535.4,27296904.100000016
2025-08-01 12:09:31 PM,1162.1,0,0.0,27296904.100000016
2025-08-01 12:09:34 PM,1162.1,6,6972.599999999999,27303876.700000018
2025-08-01 12:09:34 PM,1162.2,0,0.0,27303876.700000018
2025-08-01 12:09:39 PM,1162.2,4,4648.8,27308525.50000002
2025-08-01 12:10:09 PM,1162.2,1,1162.2,27309687.700000018
2025-08-01 12:10:14 PM,1162.2,2,2324.4,27312012.100000016
2025-08-01 12:10:19 PM,1162.2,14,16270.800000000001,27328282.900000017
2025-08-01 12:11:28 PM,1162.4,3,3487.2000000000003,27331770.100000016
2025-08-01 12:12:45 PM,1161.1,0,0.0,27331770.100000016
2025-08-01 12:12:48 PM,1161.1,6,6966.599999999999,27338736.700000018
2025-08-01 12:12:49 PM,1162.1,0,0.0,27338736.700000018
2025-08-01 12:12:53 PM,1162.1,1,1162.1,27339898.80000002
2025-08-01 12:12:54 PM,1161.1,0,0.0,27339898.80000002
2025-08-01 12:12:58 PM,1161.1,15,17416.5,27357315.30000002
2025-08-01 12:12:59 PM,1162.1,0,0.0,27357315.30000002
2025-08-01 12:13:03 PM,1162.1,2,2324.2,27359639.50000002
2025-08-01 12:13:08 PM,1162.1,5,5810.5,27365450.00000002
2025-08-01 12:13:18 PM,1162.1,5,5810.5,27371260.50000002
2025-08-01 12:13:29 PM,1162.6,0,0.0,27371260.50000002
2025-08-01 12:13:33 PM,1162.6,1,1162.6,27372423.10000002
2025-08-01 12:13:58 PM,1162.6,2,2325.2,27374748.30000002
2025-08-01 12:14:04 PM,1162.6,1,1162.6,27375910.90000002
2025-08-01 12:14:24 PM,1162.1,0,0.0,27375910.90000002
2025-08-01 12:14:27 PM,1162.6,0,0.0,27375910.90000002
2025-08-01 12:14:27 PM,1162.6,63,73243.79999999999,27449154.70000002
2025-08-01 12:14:29 PM,1162.4,0,0.0,27449154.70000002
2025-08-01 12:14:32 PM,1162.4,4,4649.6,27453804.300000023
2025-08-01 12:14:33 PM,1162.4,5,5812.0,27459616.300000023
2025-08-01 12:14:43 PM,1162.3,0,0.0,27459616.300000023
2025-08-01 12:14:44 PM,1162.3,1,1162.3,27460778.600000024
2025-08-01 12:15:13 PM,1162.3,1,1162.3,27461940.900000025
2025-08-01 12:15:49 PM,1162.4,0,0.0,27461940.900000025
2025-08-01 12:15:49 PM,1162.4,1,1162.4,27463103.300000023
2025-08-01 12:15:54 PM,1162.5,2,2325.0,27465428.300000023
2025-08-01 12:15:59 PM,1162.5,2,2325.0,27467753.300000023
2025-08-01 12:16:04 PM,1162.5,3,3487.5,27471240.800000023
2025-08-01 12:16:09 PM,1162.5,1,1162.5,27472403.300000023
2025-08-01 12:16:14 PM,1162.4,1,1162.4,27473565.70000002
2025-08-01 12:16:19 PM,1162.4,1,1162.4,27474728.10000002
2025-08-01 12:16:25 PM,1162.3,0,0.0,27474728.10000002
2025-08-01 12:16:29 PM,1162.3,4,4649.2,27479377.30000002
2025-08-01 12:16:37 PM,1161.1,0,0.0,27479377.30000002
2025-08-01 12:16:38 PM,1161.1,22,25544.199999999997,27504921.50000002
2025-08-01 12:16:39 PM,1162.3,0,0.0,27504921.50000002
2025-08-01 12:16:43 PM,1162.3,1,1162.3,27506083.80000002
2025-08-01 12:17:09 PM,1160.5,0,0.0,27506083.80000002
2025-08-01 12:17:13 PM,1160.5,381,442150.5,27948234.30000002
2025-08-01 12:17:14 PM,1160.7,0,0.0,27948234.30000002
2025-08-01 12:17:17 PM,1160.9,0,0.0,27948234.30000002
2025-08-01 12:17:18 PM,1160.9,20,23218.0,27971452.30000002
2025-08-01 12:17:19 PM,1160.8,0,0.0,27971452.30000002
2025-08-01 12:17:23 PM,1160.8,1,1160.8,27972613.10000002
2025-08-01 12:17:57 PM,1160.0,0,0.0,27972613.10000002
2025-08-01 12:17:57 PM,1159.3,0,0.0,27972613.10000002
2025-08-01 12:18:01 PM,1159.3,98,113611.4,28086224.50000002
2025-08-01 12:18:05 PM,1159.1,0,0.0,28086224.50000002
2025-08-01 12:18:06 PM,1159.1,7,8113.699999999999,28094338.200000018
2025-08-01 12:18:11 PM,1160.2,85,98617.0,28192955.200000018
2025-08-01 12:18:13 PM,1159.9,0,0.0,28192955.200000018
2025-08-01 12:18:16 PM,1159.9,4,4639.6,28197594.80000002
2025-08-01 12:18:17 PM,1160.5,0,0.0,28197594.80000002
2025-08-01 12:18:20 PM,1160.5,2,2321.0,28199915.80000002
2025-08-01 12:18:23 PM,1159.9,0,0.0,28199915.80000002
2025-08-01 12:18:25 PM,1159.9,1,1159.9,28201075.700000018
2025-08-01 12:18:31 PM,1160.1,0,0.0,28201075.700000018
2025-08-01 12:18:35 PM,1160.1,1,1160.1,28202235.80000002
2025-08-01 12:19:33 PM,1160.3,0,0.0,28202235.80000002
2025-08-01 12:19:36 PM,1160.3,4,4641.2,28206877.00000002
2025-08-01 12:19:55 PM,1160.0,0,0.0,28206877.00000002
2025-08-01 12:19:56 PM,1160.0,5,5800.0,28212677.00000002
2025-08-01 12:19:58 PM,1160.2,0,0.0,28212677.00000002
2025-08-01 12:20:00 PM,1159.2,0,0.0,28212677.00000002
2025-08-01 12:20:01 PM,1159.2,58,67233.6,28279910.60000002
2025-08-01 12:20:01 PM,1160.3,1,1160.3,28281070.90000002
2025-08-01 12:20:03 PM,1160.5,0,0.0,28281070.90000002
2025-08-01 12:20:07 PM,1160.5,4,4642.0,28285712.90000002
2025-08-01 12:20:08 PM,1163.0,0,0.0,28285712.90000002
2025-08-01 12:20:11 PM,1160.5,0,0.0,28285712.90000002
2025-08-01 12:20:12 PM,1160.5,905,1050252.5,29335965.40000002
2025-08-01 12:20:13 PM,1162.6,0,0.0,29335965.40000002
2025-08-01 12:20:14 PM,1162.1,0,0.0,29335965.40000002
2025-08-01 12:20:17 PM,1162.1,8,9296.8,29345262.20000002
2025-08-01 12:20:20 PM,1163.0,0,0.0,29345262.20000002
2025-08-01 12:20:22 PM,1163.0,42,48846.0,29394108.20000002
2025-08-01 12:20:28 PM,1163.0,2,2326.0,29396434.20000002
2025-08-01 12:20:42 PM,1161.1,0,0.0,29396434.20000002
2025-08-01 12:20:43 PM,1161.1,22,25544.199999999997,29421978.40000002
2025-08-01 12:20:48 PM,1161.1,12,13933.199999999999,29435911.60000002
2025-08-01 12:21:33 PM,1161.8,1,1161.8,29437073.40000002
2025-08-01 12:21:39 PM,1161.9,0,0.0,29437073.40000002
2025-08-01 12:21:41 PM,1161.9,1,1161.9,29438235.30000002
2025-08-01 12:22:08 PM,1162.1,2,2324.2,29440559.50000002
2025-08-01 12:22:24 PM,1161.1,0,0.0,29440559.50000002
2025-08-01 12:22:28 PM,1161.1,1,1161.1,29441720.60000002
2025-08-01 12:22:34 PM,1161.9,1,1161.9,29442882.50000002
2025-08-01 12:22:50 PM,1162.1,0,0.0,29442882.50000002
2025-08-01 12:22:53 PM,1162.1,1,1162.1,29444044.60000002
2025-08-01 12:23:06 PM,1160.3,0,0.0,29444044.60000002
2025-08-01 12:23:08 PM,1160.3,72,83541.59999999999,29527586.20000002
2025-08-01 12:23:10 PM,1161.9,0,0.0,29527586.20000002
2025-08-01 12:23:13 PM,1161.9,4,4647.6,29532233.800000023
2025-08-01 12:24:27 PM,1161.9,2,2323.8,29534557.600000024
2025-08-01 12:24:57 PM,1161.9,11,12780.900000000001,29547338.500000022
2025-08-01 12:25:01 PM,1161.9,1,1161.9,29548500.40000002
2025-08-01 12:25:05 PM,1160.4,0,0.0,29548500.40000002
2025-08-01 12:25:07 PM,1160.4,35,40614.0,29589114.40000002
2025-08-01 12:25:09 PM,1161.8,0,0.0,29589114.40000002
2025-08-01 12:25:12 PM,1161.8,2,2323.6,29591438.000000022
2025-08-01 12:26:17 PM,1161.7,0,0.0,29591438.000000022
2025-08-01 12:26:17 PM,1161.7,1,1161.7,29592599.70000002
2025-08-01 12:26:48 PM,1161.4,0,0.0,29592599.70000002
2025-08-01 12:26:52 PM,1161.4,1,1161.4,29593761.10000002
2025-08-01 12:27:02 PM,1161.6,0,0.0,29593761.10000002
2025-08-01 12:27:03 PM,1161.6,3,3484.7999999999997,29597245.90000002
2025-08-01 12:27:22 PM,1161.5,0,0.0,29597245.90000002
2025-08-01 12:27:23 PM,1161.5,1,1161.5,29598407.40000002
2025-08-01 12:27:33 PM,1161.5,2,2323.0,29600730.40000002
2025-08-01 12:27:41 PM,1160.5,0,0.0,29600730.40000002
2025-08-01 12:27:43 PM,1160.5,1,1160.5,29601890.90000002
2025-08-01 12:27:56 PM,1160.0,0,0.0,29601890.90000002
2025-08-01 12:27:57 PM,1160.0,2,2320.0,29604210.90000002
2025-08-01 12:28:34 PM,1161.1,0,0.0,29604210.90000002
2025-08-01 12:28:37 PM,1161.1,3,3483.2999999999997,29607694.20000002
2025-08-01 12:28:38 PM,1160.0,0,0.0,29607694.20000002
2025-08-01 12:28:38 PM,1160.0,22,25520.0,29633214.20000002
2025-08-01 12:28:40 PM,1161.1,0,0.0,29633214.20000002
2025-08-01 12:28:42 PM,1161.1,2,2322.2,29635536.40000002
2025-08-01 12:28:57 PM,1159.5,22,25509.0,29661045.40000002
2025-08-01 12:29:00 PM,1160.8,0,0.0,29661045.40000002
2025-08-01 12:29:01 PM,1160.8,1,1160.8,29662206.20000002
2025-08-01 12:29:16 PM,1160.8,1,1160.8,29663367.000000022
2025-08-01 12:29:26 PM,1160.9,8,9287.2,29672654.20000002
2025-08-01 12:29:26 PM,1161.1,0,0.0,29672654.20000002
2025-08-01 12:29:28 PM,1161.1,1,1161.1,29673815.300000023
2025-08-01 12:29:35 PM,1160.0,1,1160.0,29674975.300000023
2025-08-01 12:30:06 PM,1160.0,1,1160.0,29676135.300000023
2025-08-01 12:30:37 PM,1159.5,22,25509.0,29701644.300000023
2025-08-01 12:30:39 PM,1160.8,0,0.0,29701644.300000023
2025-08-01 12:30:40 PM,1160.8,2,2321.6,29703965.900000025
2025-08-01 12:30:49 PM,1159.5,0,0.0,29703965.900000025
2025-08-01 12:30:50 PM,1159.5,11,12754.5,29716720.400000025
2025-08-01 12:30:54 PM,1160.9,0,0.0,29716720.400000025
2025-08-01 12:30:55 PM,1161.0,3,3483.0,29720203.400000025
2025-08-01 12:30:58 PM,1161.0,1,1161.0,29721364.400000025
2025-08-01 12:31:08 PM,1161.0,3,3483.0,29724847.400000025
2025-08-01 12:31:10 PM,1161.0,1,1161.0,29726008.400000025
2025-08-01 12:31:35 PM,1160.0,14,16240.0,29742248.400000025
2025-08-01 12:31:40 PM,1160.0,8,9280.0,29751528.400000025
2025-08-01 12:31:45 PM,1160.0,1,1160.0,29752688.400000025
2025-08-01 12:32:17 PM,1160.0,1,1160.0,29753848.400000025
2025-08-01 12:33:02 PM,1160.0,1,1160.0,29755008.400000025
2025-08-01 12:33:07 PM,1160.0,2,2320.0,29757328.400000025
2025-08-01 12:33:08 PM,1160.0,1,1160.0,29758488.400000025
2025-08-01 12:33:33 PM,1159.5,5,5797.5,29764285.900000025
2025-08-01 12:33:37 PM,1159.5,1,1159.5,29765445.400000025
2025-08-01 12:33:43 PM,1160.0,1,1160.0,29766605.400000025
2025-08-01 12:35:19 PM,1160.0,3,3480.0,29770085.400000025
2025-08-01 12:35:24 PM,1160.0,2,2320.0,29772405.400000025
2025-08-01 12:35:39 PM,1160.0,15,17400.0,29789805.400000025
2025-08-01 12:35:45 PM,1160.0,1,1160.0,29790965.400000025
2025-08-01 12:36:01 PM,1160.0,13,15080.0,29806045.400000025
2025-08-01 12:36:07 PM,1160.0,1,1160.0,29807205.400000025
2025-08-01 12:36:12 PM,1160.0,5,5800.0,29813005.400000025
2025-08-01 12:36:27 PM,1160.0,9,10440.0,29823445.400000025
2025-08-01 12:36:32 PM,1160.0,1,1160.0,29824605.400000025
2025-08-01 12:36:37 PM,1160.0,23,26680.0,29851285.400000025
2025-08-01 12:36:39 PM,1160.6,0,0.0,29851285.400000025
2025-08-01 12:36:42 PM,1160.6,1,1160.6,29852446.000000026
2025-08-01 12:36:43 PM,1159.5,100,115950.0,29968396.000000026
2025-08-01 12:36:44 PM,1160.5,0,0.0,29968396.000000026
2025-08-01 12:36:47 PM,1160.5,5,5802.5,29974198.500000026
2025-08-01 12:37:56 PM,1160.3,0,0.0,29974198.500000026
2025-08-01 12:37:58 PM,1160.3,1,1160.3,29975358.800000027
2025-08-01 12:38:03 PM,1158.0,285,330030.0,30305388.800000027
2025-08-01 12:38:04 PM,1157.9,0,0.0,30305388.800000027
2025-08-01 12:38:07 PM,1158.0,0,0.0,30305388.800000027
2025-08-01 12:38:08 PM,1158.0,26,30108.0,30335496.800000027
2025-08-01 12:38:13 PM,1158.0,2,2316.0,30337812.800000027
2025-08-01 12:38:29 PM,1158.0,1,1158.0,30338970.800000027
2025-08-01 12:38:32 PM,1158.0,1,1158.0,30340128.800000027
2025-08-01 12:38:42 PM,1158.0,1,1158.0,30341286.800000027
2025-08-01 12:39:06 PM,1158.0,2,2316.0,30343602.800000027
2025-08-01 12:39:31 PM,1158.0,11,12738.0,30356340.800000027
2025-08-01 12:39:35 PM,1158.0,1,1158.0,30357498.800000027
2025-08-01 12:39:45 PM,1158.0,1,1158.0,30358656.800000027
2025-08-01 12:40:22 PM,1158.0,1,1158.0,30359814.800000027
2025-08-01 12:40:32 PM,1158.0,8,9264.0,30369078.800000027
2025-08-01 12:40:43 PM,1158.0,6,6948.0,30376026.800000027
2025-08-01 12:40:48 PM,1158.0,1,1158.0,30377184.800000027
2025-08-01 12:41:19 PM,1158.0,1,1158.0,30378342.800000027
2025-08-01 12:41:40 PM,1158.0,2,2316.0,30380658.800000027
2025-08-01 12:41:45 PM,1158.0,2,2316.0,30382974.800000027
2025-08-01 12:41:49 PM,1157.1,0,0.0,30382974.800000027
2025-08-01 12:41:50 PM,1157.1,22,25456.199999999997,30408431.000000026
2025-08-01 12:41:51 PM,1158.0,10,11580.0,30420011.000000026
2025-08-01 12:41:55 PM,1158.0,2,2316.0,30422327.000000026
2025-08-01 12:42:27 PM,1158.0,1,1158.0,30423485.000000026
2025-08-01 12:42:45 PM,1156.8,0,0.0,30423485.000000026
2025-08-01 12:42:46 PM,1156.8,12,13881.599999999999,30437366.600000028
2025-08-01 12:42:47 PM,1156.5,30,34695.0,30472061.600000028
2025-08-01 12:42:51 PM,1157.8,0,0.0,30472061.600000028
2025-08-01 12:42:51 PM,1157.8,2,2315.6,30474377.20000003
2025-08-01 12:42:55 PM,1157.9,0,0.0,30474377.20000003
2025-08-01 12:42:57 PM,1157.9,2,2315.8,30476693.00000003
2025-08-01 12:43:36 PM,1157.9,2,2315.8,30479008.80000003
2025-08-01 12:44:05 PM,1158.0,0,0.0,30479008.80000003
2025-08-01 12:44:09 PM,1158.0,100,115800.0,30594808.80000003
2025-08-01 12:44:09 PM,1157.6,0,0.0,30594808.80000003
2025-08-01 12:44:14 PM,1157.6,5,5788.0,30600596.80000003
2025-08-01 12:44:35 PM,1157.9,0,0.0,30600596.80000003
2025-08-01 12:44:35 PM,1157.9,1,1157.9,30601754.70000003
2025-08-01 12:44:46 PM,1157.9,10,11579.0,30613333.70000003
2025-08-01 12:44:49 PM,1158.0,0,0.0,30613333.70000003
2025-08-01 12:44:51 PM,1158.0,1,1158.0,30614491.70000003
2025-08-01 12:45:01 PM,1158.0,1,1158.0,30615649.70000003
2025-08-01 12:45:11 PM,1158.0,2,2316.0,30617965.70000003
2025-08-01 12:45:22 PM,1158.0,4,4632.0,30622597.70000003
2025-08-01 12:45:35 PM,1153.2,0,0.0,30622597.70000003
2025-08-01 12:45:37 PM,1153.2,405,467046.0,31089643.70000003
2025-08-01 12:45:39 PM,1154.3,0,0.0,31089643.70000003
2025-08-01 12:45:39 PM,1151.6,0,0.0,31089643.70000003
2025-08-01 12:45:42 PM,1151.6,369,424940.39999999997,31514584.100000028
2025-08-01 12:45:45 PM,1152.7,0,0.0,31514584.100000028
2025-08-01 12:45:47 PM,1152.7,12,13832.400000000001,31528416.500000026
2025-08-01 12:45:49 PM,1152.2,0,0.0,31528416.500000026
2025-08-01 12:45:49 PM,1152.7,0,0.0,31528416.500000026
2025-08-01 12:45:53 PM,1152.7,11,12679.7,31541096.200000025
2025-08-01 12:46:15 PM,1151.7,0,0.0,31541096.200000025
2025-08-01 12:46:17 PM,1151.7,1,1151.7,31542247.900000025
2025-08-01 12:46:18 PM,1152.7,45,51871.5,31594119.400000025
2025-08-01 12:46:22 PM,1152.7,2,2305.4,31596424.800000023
2025-08-01 12:46:25 PM,1152.6,0,0.0,31596424.800000023
2025-08-01 12:46:28 PM,1152.6,1,1152.6,31597577.400000025
2025-08-01 12:46:38 PM,1152.6,1,1152.6,31598730.000000026
2025-08-01 12:46:51 PM,1152.8,0,0.0,31598730.000000026
2025-08-01 12:46:53 PM,1152.8,5,5764.0,31604494.000000026
2025-08-01 12:46:54 PM,1151.2,0,0.0,31604494.000000026
2025-08-01 12:46:58 PM,1151.2,25,28780.0,31633274.000000026
2025-08-01 12:46:59 PM,1152.4,0,0.0,31633274.000000026
2025-08-01 12:47:03 PM,1152.4,1,1152.4,31634426.400000025
2025-08-01 12:47:03 PM,1152.5,0,0.0,31634426.400000025
2025-08-01 12:47:04 PM,1152.5,5,5762.5,31640188.900000025
2025-08-01 12:47:05 PM,1153.0,0,0.0,31640188.900000025
2025-08-01 12:47:09 PM,1153.0,50,57650.0,31697838.900000025
2025-08-01 12:47:14 PM,1152.8,3,3458.3999999999996,31701297.300000023
2025-08-01 12:47:25 PM,1151.0,0,0.0,31701297.300000023
2025-08-01 12:47:25 PM,1151.2,0,0.0,31701297.300000023
2025-08-01 12:47:27 PM,1152.1,0,0.0,31701297.300000023
2025-08-01 12:47:29 PM,1152.1,121,139404.09999999998,31840701.400000025
2025-08-01 12:47:35 PM,1152.2,2,2304.4,31843005.800000023
2025-08-01 12:47:35 PM,1151.0,0,0.0,31843005.800000023
2025-08-01 12:47:39 PM,1151.0,43,49493.0,31892498.800000023
2025-08-01 12:47:44 PM,1151.0,42,48342.0,31940840.800000023
2025-08-01 12:47:45 PM,1152.3,2,2304.6,31943145.400000025
2025-08-01 12:47:50 PM,1152.3,1,1152.3,31944297.700000025
2025-08-01 12:47:55 PM,1153.3,0,0.0,31944297.700000025
2025-08-01 12:47:59 PM,1153.3,2,2306.6,31946604.300000027
2025-08-01 12:48:03 PM,1152.9,0,0.0,31946604.300000027
2025-08-01 12:48:04 PM,1152.9,15,17293.5,31963897.800000027
2025-08-01 12:48:10 PM,1152.9,1,1152.9,31965050.700000025
2025-08-01 12:48:25 PM,1152.9,260,299754.0,32264804.700000025
2025-08-01 12:48:30 PM,1152.5,10,11525.0,32276329.700000025
2025-08-01 12:48:33 PM,1153.3,0,0.0,32276329.700000025
2025-08-01 12:48:34 PM,1153.2,4,4612.8,32280942.500000026
2025-08-01 12:49:17 PM,1153.1,0,0.0,32280942.500000026
2025-08-01 12:49:19 PM,1153.1,1,1153.1,32282095.600000028
2025-08-01 12:49:21 PM,1153.2,0,0.0,32282095.600000028
2025-08-01 12:49:24 PM,1153.2,10,11532.0,32293627.600000028
2025-08-01 12:49:25 PM,1153.6,0,0.0,32293627.600000028
2025-08-01 12:49:28 PM,1153.6,1,1153.6,32294781.20000003
2025-08-01 12:49:29 PM,1153.6,1,1153.6,32295934.80000003
2025-08-01 12:49:31 PM,1153.7,0,0.0,32295934.80000003
2025-08-01 12:49:33 PM,1153.7,3,3461.1000000000004,32299395.900000032
2025-08-01 12:49:34 PM,1153.7,1,1153.7,32300549.60000003
2025-08-01 12:49:37 PM,1153.9,0,0.0,32300549.60000003
2025-08-01 12:49:38 PM,1153.9,1,1153.9,32301703.50000003
2025-08-01 12:49:43 PM,1153.9,1,1153.9,32302857.40000003
2025-08-01 12:49:45 PM,1154.3,0,0.0,32302857.40000003
2025-08-01 12:49:48 PM,1154.3,2,2308.6,32305166.00000003
2025-08-01 12:49:49 PM,1151.9,0,0.0,32305166.00000003
2025-08-01 12:49:52 PM,1151.9,230,264937.0,32570103.00000003
2025-08-01 12:49:54 PM,1153.1,0,0.0,32570103.00000003
2025-08-01 12:49:58 PM,1153.1,4,4612.4,32574715.40000003
2025-08-01 12:50:01 PM,1153.8,0,0.0,32574715.40000003
2025-08-01 12:50:03 PM,1153.8,8,9230.4,32583945.800000027
2025-08-01 12:50:43 PM,1153.5,0,0.0,32583945.800000027
2025-08-01 12:50:45 PM,1153.5,1,1153.5,32585099.300000027
2025-08-01 12:50:53 PM,1152.7,0,0.0,32585099.300000027
2025-08-01 12:50:56 PM,1152.7,33,38039.1,32623138.40000003
2025-08-01 12:50:59 PM,1153.4,0,0.0,32623138.40000003
2025-08-01 12:51:01 PM,1153.4,2,2306.8,32625445.20000003
2025-08-01 12:51:05 PM,1153.5,0,0.0,32625445.20000003
2025-08-01 12:51:06 PM,1153.5,4,4614.0,32630059.20000003
2025-08-01 12:51:26 PM,1153.5,23,26530.5,32656589.70000003
2025-08-01 12:51:28 PM,1153.5,21,24223.5,32680813.20000003
2025-08-01 12:51:29 PM,1153.6,0,0.0,32680813.20000003
2025-08-01 12:51:31 PM,1153.6,3,3460.7999999999997,32684274.00000003
2025-08-01 12:51:51 PM,1153.6,1,1153.6,32685427.60000003
2025-08-01 12:51:55 PM,1153.5,0,0.0,32685427.60000003
2025-08-01 12:51:56 PM,1153.5,2,2307.0,32687734.60000003
2025-08-01 12:52:03 PM,1153.6,1,1153.6,32688888.200000033
2025-08-01 12:52:06 PM,1153.6,1,1153.6,32690041.800000034
2025-08-01 12:52:49 PM,1154.0,0,0.0,32690041.800000034
2025-08-01 12:52:51 PM,1154.0,34,39236.0,32729277.800000034
2025-08-01 12:52:55 PM,1154.8,0,0.0,32729277.800000034
2025-08-01 12:52:56 PM,1154.8,3,3464.3999999999996,32732742.200000033
2025-08-01 12:53:06 PM,1155.0,0,0.0,32732742.200000033
2025-08-01 12:53:06 PM,1155.0,18,20790.0,32753532.200000033
2025-08-01 12:53:11 PM,1155.0,1,1155.0,32754687.200000033
2025-08-01 12:53:19 PM,1154.0,0,0.0,32754687.200000033
2025-08-01 12:53:21 PM,1154.0,10,11540.0,32766227.200000033
2025-08-01 12:53:30 PM,1154.0,1,1154.0,32767381.200000033
2025-08-01 12:53:37 PM,1154.3,0,0.0,32767381.200000033
2025-08-01 12:53:41 PM,1154.3,4,4617.2,32771998.400000032
2025-08-01 12:53:46 PM,1154.3,1,1154.3,32773152.700000033
2025-08-01 12:53:50 PM,1152.0,0,0.0,32773152.700000033
2025-08-01 12:53:51 PM,1152.0,610,702720.0,33475872.700000033
2025-08-01 12:53:54 PM,1154.1,0,0.0,33475872.700000033
2025-08-01 12:53:56 PM,1154.1,30,34623.0,33510495.700000033
2025-08-01 12:54:01 PM,1154.1,2,2308.2,33512803.900000032
2025-08-01 12:54:01 PM,1152.9,0,0.0,33512803.900000032
2025-08-01 12:54:01 PM,1152.9,1,1152.9,33513956.80000003
2025-08-01 12:54:06 PM,1153.9,5,5769.5,33519726.30000003
2025-08-01 12:54:17 PM,1154.0,0,0.0,33519726.30000003
2025-08-01 12:54:19 PM,1153.3,0,0.0,33519726.30000003
2025-08-01 12:54:21 PM,1153.3,14,16146.199999999999,33535872.50000003
