date,price,qty,trnvr,cum_trnvr
2025-08-01 09:15:01 AM,145.48,31822,4629464.56,4629464.56
2025-08-01 09:15:02 AM,145.38,0,0.0,4629464.56
2025-08-01 09:15:03 AM,145.38,28878,4198283.64,8827748.2
2025-08-01 09:15:11 AM,145.28,0,0.0,8827748.2
2025-08-01 09:15:13 AM,145.1,25705,3729795.5,12557543.7
2025-08-01 09:15:15 AM,145.28,1542,224021.76,12781565.459999999
2025-08-01 09:15:20 AM,145.42,0,0.0,12781565.459999999
2025-08-01 09:15:21 AM,145.45,0,0.0,12781565.459999999
2025-08-01 09:15:23 AM,145.49,11783,1714308.6700000002,14495874.129999999
2025-08-01 09:15:25 AM,145.49,1984,288652.16000000003,14784526.29
2025-08-01 09:15:27 AM,145.58,0,0.0,14784526.29
2025-08-01 09:15:30 AM,145.61,0,0.0,14784526.29
2025-08-01 09:15:32 AM,145.49,2975,432832.75,15217359.04
2025-08-01 09:15:33 AM,145.5,2373,345271.5,15562630.54
2025-08-01 09:15:39 AM,145.54,0,0.0,15562630.54
2025-08-01 09:15:40 AM,145.56,3787,551235.72,16113866.26
2025-08-01 09:15:42 AM,145.56,6,873.36,16114739.62
2025-08-01 09:15:47 AM,145.5,0,0.0,16114739.62
2025-08-01 09:15:48 AM,145.53,6367,926589.51,17041329.13
2025-08-01 09:15:52 AM,145.35,0,0.0,17041329.13
2025-08-01 09:15:55 AM,145.44,0,0.0,17041329.13
2025-08-01 09:15:56 AM,145.44,1800,261792.0,17303121.13
2025-08-01 09:15:58 AM,145.33,20,2906.6000000000004,17306027.73
2025-08-01 09:16:02 AM,145.28,0,0.0,17306027.73
2025-08-01 09:16:05 AM,145.28,7361,1069406.08,18375433.810000002
2025-08-01 09:16:06 AM,145.2,226,32815.2,18408249.01
2025-08-01 09:16:09 AM,145.18,0,0.0,18408249.01
2025-08-01 09:16:13 AM,145.29,6479,941333.9099999999,19349582.92
2025-08-01 09:16:14 AM,145.36,2125,308890.0,19658472.92
2025-08-01 09:16:15 AM,145.34,0,0.0,19658472.92
2025-08-01 09:16:18 AM,145.3,0,0.0,19658472.92
2025-08-01 09:16:21 AM,145.43,6878,1000267.54,20658740.46
2025-08-01 09:16:23 AM,145.48,6489,944019.72,21602760.18
2025-08-01 09:16:26 AM,145.42,0,0.0,21602760.18
2025-08-01 09:16:28 AM,145.48,0,0.0,21602760.18
2025-08-01 09:16:29 AM,145.48,11073,1610900.0399999998,23213660.22
2025-08-01 09:16:31 AM,145.54,4332,630479.2799999999,23844139.5
2025-08-01 09:16:36 AM,145.5,0,0.0,23844139.5
2025-08-01 09:16:38 AM,145.55,12175,1772071.2500000002,25616210.75
2025-08-01 09:16:38 AM,145.46,0,0.0,25616210.75
2025-08-01 09:16:39 AM,145.46,892,129750.32,25745961.07
2025-08-01 09:16:46 AM,145.46,1995,290192.7,26036153.77
2025-08-01 09:16:54 AM,145.54,5603,815460.62,26851614.39
2025-08-01 09:16:55 AM,145.53,15,2182.95,26853797.34
2025-08-01 09:17:02 AM,145.51,772,112333.71999999999,26966131.06
2025-08-01 09:17:04 AM,145.51,237,34485.869999999995,27000616.93
2025-08-01 09:17:06 AM,145.55,0,0.0,27000616.93
2025-08-01 09:17:11 AM,145.63,13055,1901199.65,28901816.58
2025-08-01 09:17:12 AM,145.64,6,873.8399999999999,28902690.419999998
2025-08-01 09:17:14 AM,145.67,0,0.0,28902690.419999998
2025-08-01 09:17:19 AM,145.74,2716,395829.84,29298520.259999998
2025-08-01 09:17:22 AM,145.83,0,0.0,29298520.259999998
2025-08-01 09:17:24 AM,145.9,0,0.0,29298520.259999998
2025-08-01 09:17:27 AM,145.82,9342,1362250.44,30660770.7
2025-08-01 09:17:30 AM,145.93,0,0.0,30660770.7
2025-08-01 09:17:32 AM,145.92,0,0.0,30660770.7
2025-08-01 09:17:35 AM,145.93,1915,279455.95,30940226.65
2025-08-01 09:17:36 AM,145.86,2,291.72,30940518.369999997
2025-08-01 09:17:38 AM,145.87,0,0.0,30940518.369999997
2025-08-01 09:17:40 AM,145.85,0,0.0,30940518.369999997
2025-08-01 09:17:44 AM,145.83,10378,1513423.7400000002,32453942.11
2025-08-01 09:17:45 AM,145.82,109,15894.38,32469836.49
2025-08-01 09:17:49 AM,145.87,0,0.0,32469836.49
2025-08-01 09:17:52 AM,145.9,2406,351035.4,32820871.889999997
2025-08-01 09:17:53 AM,145.86,25,3646.5000000000005,32824518.389999997
2025-08-01 09:17:56 AM,145.92,0,0.0,32824518.389999997
2025-08-01 09:17:58 AM,145.94,0,0.0,32824518.389999997
2025-08-01 09:18:00 AM,145.94,7488,1092798.72,33917317.11
2025-08-01 09:18:01 AM,145.99,5315,775936.8500000001,34693253.96
2025-08-01 09:18:04 AM,145.96,0,0.0,34693253.96
2025-08-01 09:18:06 AM,146.07,0,0.0,34693253.96
2025-08-01 09:18:09 AM,146.1,8933,1305111.3,35998365.26
2025-08-01 09:18:10 AM,146.04,205,29938.199999999997,36028303.46
2025-08-01 09:18:12 AM,146.18,0,0.0,36028303.46
2025-08-01 09:18:17 AM,146.06,18727,2735265.62,38763569.08
2025-08-01 09:18:18 AM,146.14,1308,191151.12,38954720.199999996
2025-08-01 09:18:20 AM,146.25,0,0.0,38954720.199999996
2025-08-01 09:18:22 AM,146.29,0,0.0,38954720.199999996
2025-08-01 09:18:25 AM,146.27,7089,1036908.03,39991628.23
2025-08-01 09:18:26 AM,146.25,3502,512167.5,40503795.73
2025-08-01 09:18:28 AM,146.23,0,0.0,40503795.73
2025-08-01 09:18:30 AM,146.29,0,0.0,40503795.73
2025-08-01 09:18:33 AM,146.22,12989,1899251.58,42403047.309999995
2025-08-01 09:18:35 AM,146.21,5,731.0500000000001,42403778.35999999
2025-08-01 09:18:41 AM,146.23,9996,1461715.0799999998,43865493.43999999
2025-08-01 09:18:44 AM,146.15,0,0.0,43865493.43999999
2025-08-01 09:18:46 AM,146.22,0,0.0,43865493.43999999
2025-08-01 09:18:50 AM,146.15,12336,1802906.4000000001,45668399.83999999
2025-08-01 09:18:51 AM,146.21,1146,167556.66,45835956.499999985
2025-08-01 09:18:52 AM,146.23,0,0.0,45835956.499999985
2025-08-01 09:18:54 AM,146.2,0,0.0,45835956.499999985
2025-08-01 09:18:58 AM,146.19,8756,1280039.64,47115996.139999986
2025-08-01 09:18:59 AM,146.15,1248,182395.2,47298391.33999999
2025-08-01 09:19:00 AM,146.03,0,0.0,47298391.33999999
2025-08-01 09:19:02 AM,146.07,0,0.0,47298391.33999999
2025-08-01 09:19:06 AM,146.15,17776,2597962.4,49896353.73999999
2025-08-01 09:19:07 AM,146.18,220,32159.600000000002,49928513.33999999
2025-08-01 09:19:08 AM,146.19,0,0.0,49928513.33999999
2025-08-01 09:19:14 AM,146.19,336,49119.84,49977633.17999999
2025-08-01 09:19:22 AM,146.21,3364,491850.44,50469483.61999999
2025-08-01 09:19:23 AM,146.18,1083,158312.94,50627796.55999999
2025-08-01 09:19:23 AM,146.13,0,0.0,50627796.55999999
2025-08-01 09:19:25 AM,146.17,0,0.0,50627796.55999999
2025-08-01 09:19:30 AM,146.11,6558,958189.3800000001,51585985.93999999
2025-08-01 09:19:30 AM,146.19,0,0.0,51585985.93999999
2025-08-01 09:19:31 AM,146.19,865,126454.34999999999,51712440.28999999
2025-08-01 09:19:33 AM,146.15,0,0.0,51712440.28999999
2025-08-01 09:19:38 AM,146.16,1512,220993.91999999998,51933434.20999999
2025-08-01 09:19:40 AM,146.18,100,14618.0,51948052.20999999
2025-08-01 09:19:41 AM,146.15,0,0.0,51948052.20999999
2025-08-01 09:19:46 AM,146.15,1500,219225.0,52167277.20999999
2025-08-01 09:19:48 AM,146.19,340,49704.6,52216981.809999995
2025-08-01 09:19:54 AM,146.15,7416,1083848.4000000001,53300830.20999999
2025-08-01 09:19:55 AM,146.13,0,0.0,53300830.20999999
2025-08-01 09:19:56 AM,146.13,3142,459140.45999999996,53759970.669999994
2025-08-01 09:20:02 AM,146.0,69817,10193282.0,63953252.669999994
2025-08-01 09:20:02 AM,145.97,0,0.0,63953252.669999994
2025-08-01 09:20:04 AM,145.95,3222,470250.89999999997,64423503.56999999
2025-08-01 09:20:09 AM,145.91,0,0.0,64423503.56999999
2025-08-01 09:20:10 AM,145.86,2546,371359.56000000006,64794863.129999995
2025-08-01 09:20:12 AM,145.86,13595,1982966.7000000002,66777829.83
2025-08-01 09:20:16 AM,145.97,0,0.0,66777829.83
2025-08-01 09:20:18 AM,145.97,1015,148159.55,66925989.379999995
2025-08-01 09:20:20 AM,145.89,26,3793.1399999999994,66929782.519999996
2025-08-01 09:20:23 AM,145.86,0,0.0,66929782.519999996
2025-08-01 09:20:26 AM,145.91,636,92798.76,67022581.279999994
2025-08-01 09:20:28 AM,145.86,5,729.3000000000001,67023310.57999999
2025-08-01 09:20:34 AM,145.91,754,110016.14,67133326.71999998
2025-08-01 09:20:42 AM,145.91,2933,427954.02999999997,67561280.74999999
2025-08-01 09:20:43 AM,145.91,970,141532.69999999998,67702813.44999999
2025-08-01 09:20:44 AM,145.97,0,0.0,67702813.44999999
2025-08-01 09:20:48 AM,145.91,0,0.0,67702813.44999999
2025-08-01 09:20:49 AM,145.87,10016,1461033.9200000002,69163847.36999999
2025-08-01 09:20:51 AM,145.82,1335,194669.69999999998,69358517.07
2025-08-01 09:20:55 AM,145.86,0,0.0,69358517.07
2025-08-01 09:20:57 AM,145.86,2857,416722.02,69775239.08999999
2025-08-01 09:21:04 AM,145.81,0,0.0,69775239.08999999
2025-08-01 09:21:05 AM,145.81,1065,155287.65,69930526.74
2025-08-01 09:21:06 AM,145.86,102,14877.720000000001,69945404.46
2025-08-01 09:21:09 AM,145.91,0,0.0,69945404.46
2025-08-01 09:21:11 AM,145.83,0,0.0,69945404.46
2025-08-01 09:21:13 AM,145.83,3006,438364.98000000004,70383769.44
2025-08-01 09:21:14 AM,145.91,1760,256801.6,70640571.03999999
2025-08-01 09:21:16 AM,145.84,0,0.0,70640571.03999999
2025-08-01 09:21:17 AM,145.91,0,0.0,70640571.03999999
2025-08-01 09:21:21 AM,145.91,1015,148098.65,70788669.69
2025-08-01 09:21:25 AM,145.9,0,0.0,70788669.69
2025-08-01 09:21:29 AM,145.9,3546,517361.4,71306031.09
2025-08-01 09:21:29 AM,145.83,118,17207.940000000002,71323239.03
2025-08-01 09:21:30 AM,145.9,0,0.0,71323239.03
2025-08-01 09:21:36 AM,145.83,1123,163767.09000000003,71487006.12
2025-08-01 09:21:41 AM,145.88,0,0.0,71487006.12
2025-08-01 09:21:44 AM,145.89,7915,1154719.3499999999,72641725.47
2025-08-01 09:21:48 AM,145.88,0,0.0,72641725.47
2025-08-01 09:21:51 AM,145.88,240,35011.2,72676736.67
2025-08-01 09:21:59 AM,145.88,519,75711.72,72752448.39
2025-08-01 09:22:00 AM,145.82,375,54682.5,72807130.89
2025-08-01 09:22:02 AM,145.88,0,0.0,72807130.89
2025-08-01 09:22:06 AM,145.88,1281,186872.28,72994003.17
2025-08-01 09:22:08 AM,145.88,400,58352.0,73052355.17
2025-08-01 09:22:12 AM,145.89,0,0.0,73052355.17
2025-08-01 09:22:14 AM,145.89,6702,977754.7799999999,74030109.95
2025-08-01 09:22:16 AM,145.88,70,10211.6,74040321.55
2025-08-01 09:22:16 AM,145.83,0,0.0,74040321.55
2025-08-01 09:22:19 AM,145.85,0,0.0,74040321.55
2025-08-01 09:22:22 AM,145.83,10945,1596109.35,75636430.89999999
2025-08-01 09:22:26 AM,145.88,0,0.0,75636430.89999999
2025-08-01 09:22:29 AM,145.83,1820,265410.60000000003,75901841.49999999
2025-08-01 09:22:30 AM,145.88,0,0.0,75901841.49999999
2025-08-01 09:22:31 AM,145.88,100,14588.0,75916429.49999999
2025-08-01 09:22:33 AM,145.76,0,0.0,75916429.49999999
2025-08-01 09:22:37 AM,145.78,12185,1776329.3,77692758.79999998
2025-08-01 09:22:38 AM,145.88,0,0.0,77692758.79999998
2025-08-01 09:22:39 AM,145.8,502,73191.6,77765950.39999998
2025-08-01 09:22:40 AM,145.78,0,0.0,77765950.39999998
2025-08-01 09:22:44 AM,145.87,0,0.0,77765950.39999998
2025-08-01 09:22:45 AM,145.87,320,46678.4,77812628.79999998
2025-08-01 09:22:46 AM,145.97,2155,314565.35,78127194.14999998
2025-08-01 09:22:50 AM,145.98,0,0.0,78127194.14999998
2025-08-01 09:22:52 AM,145.98,1014,148023.72,78275217.86999997
2025-08-01 09:22:54 AM,145.97,1,145.97,78275363.83999997
2025-08-01 09:22:59 AM,145.92,0,0.0,78275363.83999997
2025-08-01 09:23:00 AM,145.95,4161,607297.95,78882661.78999998
2025-08-01 09:23:02 AM,145.95,1,145.95,78882807.73999998
2025-08-01 09:23:04 AM,145.96,0,0.0,78882807.73999998
2025-08-01 09:23:06 AM,145.95,0,0.0,78882807.73999998
2025-08-01 09:23:08 AM,145.89,878,128091.41999999998,79010899.15999998
2025-08-01 09:23:09 AM,145.95,101,14740.949999999999,79025640.10999998
2025-08-01 09:23:15 AM,145.95,134,19557.3,79045197.40999998
2025-08-01 09:23:23 AM,145.89,1849,269750.61,79314948.01999998
2025-08-01 09:23:25 AM,145.9,0,0.0,79314948.01999998
2025-08-01 09:23:31 AM,145.86,1381,201432.66000000003,79516380.67999998
2025-08-01 09:23:38 AM,145.89,206,30053.339999999997,79546434.01999998
2025-08-01 09:23:44 AM,145.84,0,0.0,79546434.01999998
2025-08-01 09:23:46 AM,145.89,365,53249.85,79599683.86999997
2025-08-01 09:23:47 AM,145.89,100,14588.999999999998,79614272.86999997
2025-08-01 09:23:50 AM,145.86,0,0.0,79614272.86999997
2025-08-01 09:23:53 AM,145.89,311,45371.78999999999,79659644.65999998
2025-08-01 09:23:55 AM,145.89,38,5543.82,79665188.47999997
2025-08-01 09:24:01 AM,145.86,6337,924314.8200000001,80589503.29999997
2025-08-01 09:24:02 AM,145.88,37,5397.5599999999995,80594900.85999997
2025-08-01 09:24:09 AM,145.83,20585,3001910.5500000003,83596811.40999997
2025-08-01 09:24:10 AM,145.84,10,1458.4,83598269.80999997
2025-08-01 09:24:16 AM,145.83,30,4374.900000000001,83602644.70999998
2025-08-01 09:24:18 AM,145.83,1318,192203.94,83794848.64999998
2025-08-01 09:24:23 AM,145.8,0,0.0,83794848.64999998
2025-08-01 09:24:24 AM,145.82,3505,511099.1,84305947.74999997
2025-08-01 09:24:29 AM,145.81,0,0.0,84305947.74999997
2025-08-01 09:24:32 AM,145.81,212,30911.72,84336859.46999997
2025-08-01 09:24:33 AM,145.76,40,5830.4,84342689.86999997
2025-08-01 09:24:35 AM,145.75,0,0.0,84342689.86999997
2025-08-01 09:24:35 AM,145.81,0,0.0,84342689.86999997
2025-08-01 09:24:39 AM,145.81,773,112711.13,84455400.99999997
2025-08-01 09:24:41 AM,145.81,2,291.62,84455692.61999997
2025-08-01 09:24:46 AM,145.8,55,8019.000000000001,84463711.61999997
2025-08-01 09:24:48 AM,145.8,1218,177584.40000000002,84641296.01999998
2025-08-01 09:24:53 AM,145.76,0,0.0,84641296.01999998
2025-08-01 09:24:54 AM,145.76,370,53931.2,84695227.21999998
2025-08-01 09:24:55 AM,145.65,0,0.0,84695227.21999998
2025-08-01 09:24:56 AM,145.68,6684,973725.12,85668952.33999999
2025-08-01 09:25:01 AM,145.64,385,56071.399999999994,85725023.74
2025-08-01 09:25:02 AM,145.67,0,0.0,85725023.74
2025-08-01 09:25:03 AM,145.67,1,145.67,85725169.41
2025-08-01 09:25:08 AM,145.55,0,0.0,85725169.41
2025-08-01 09:25:09 AM,145.55,4604,670112.2000000001,86395281.61
2025-08-01 09:25:11 AM,145.64,5,728.1999999999999,86396009.81
2025-08-01 09:25:14 AM,145.6,0,0.0,86396009.81
2025-08-01 09:25:16 AM,145.57,112,16303.84,86412313.65
2025-08-01 09:25:19 AM,145.57,595,86614.15,86498927.80000001
2025-08-01 09:25:20 AM,145.6,0,0.0,86498927.80000001
2025-08-01 09:25:24 AM,145.6,257,37419.2,86536347.00000001
2025-08-01 09:25:26 AM,145.57,107,15575.99,86551922.99000001
2025-08-01 09:25:31 AM,145.57,1105,160854.85,86712777.84
2025-08-01 09:25:39 AM,145.57,201,29259.57,86742037.41
2025-08-01 09:25:39 AM,145.56,0,0.0,86742037.41
2025-08-01 09:25:41 AM,145.57,2516,366254.12,87108291.53
2025-08-01 09:25:44 AM,145.56,0,0.0,87108291.53
2025-08-01 09:25:46 AM,145.56,287,41775.72,87150067.25
2025-08-01 09:25:48 AM,145.57,126,18341.82,87168409.07
2025-08-01 09:25:49 AM,145.56,0,0.0,87168409.07
2025-08-01 09:25:54 AM,145.59,2357,343155.63,87511564.69999999
2025-08-01 09:25:55 AM,145.64,0,0.0,87511564.69999999
2025-08-01 09:25:56 AM,145.64,3622,527508.08,88039072.77999999
2025-08-01 09:26:01 AM,145.65,52,7573.8,88046646.57999998
2025-08-01 09:26:02 AM,145.67,0,0.0,88046646.57999998
2025-08-01 09:26:04 AM,145.67,70,10196.9,88056843.47999999
2025-08-01 09:26:08 AM,145.65,0,0.0,88056843.47999999
2025-08-01 09:26:08 AM,145.62,0,0.0,88056843.47999999
2025-08-01 09:26:09 AM,145.62,290,42229.8,88099073.27999999
2025-08-01 09:26:11 AM,145.66,1100,160226.0,88259299.27999999
2025-08-01 09:26:15 AM,145.68,0,0.0,88259299.27999999
2025-08-01 09:26:17 AM,145.68,2497,363762.96,88623062.23999998
2025-08-01 09:26:19 AM,145.62,6902,1005069.24,89628131.47999997
2025-08-01 09:26:21 AM,145.61,0,0.0,89628131.47999997
2025-08-01 09:26:25 AM,145.61,207,30141.270000000004,89658272.74999997
2025-08-01 09:26:26 AM,145.61,542,78920.62000000001,89737193.36999997
2025-08-01 09:26:27 AM,145.53,0,0.0,89737193.36999997
2025-08-01 09:26:31 AM,145.6,0,0.0,89737193.36999997
2025-08-01 09:26:32 AM,145.54,2504,364432.16,90101625.52999997
2025-08-01 09:26:33 AM,145.6,0,0.0,90101625.52999997
2025-08-01 09:26:34 AM,145.6,40,5824.0,90107449.52999997
2025-08-01 09:26:36 AM,145.53,0,0.0,90107449.52999997
2025-08-01 09:26:40 AM,145.6,3551,517025.6,90624475.12999997
2025-08-01 09:26:42 AM,145.6,32,4659.2,90629134.32999997
2025-08-01 09:26:48 AM,145.6,7,1019.1999999999999,90630153.52999997
2025-08-01 09:26:49 AM,145.6,501,72945.59999999999,90703099.12999997
2025-08-01 09:26:52 AM,145.66,0,0.0,90703099.12999997
2025-08-01 09:26:55 AM,145.66,936,136337.76,90839436.88999997
2025-08-01 09:26:57 AM,145.66,60,8739.6,90848176.48999996
2025-08-01 09:27:02 AM,145.66,93,13546.38,90861722.86999996
2025-08-01 09:27:04 AM,145.66,6,873.96,90862596.82999995
2025-08-01 09:27:10 AM,145.63,320,46601.6,90909198.42999995
2025-08-01 09:27:12 AM,145.66,0,0.0,90909198.42999995
2025-08-01 09:27:16 AM,145.61,0,0.0,90909198.42999995
2025-08-01 09:27:17 AM,145.61,4711,685968.7100000001,91595167.13999994
2025-08-01 09:27:19 AM,145.66,5,728.3,91595895.43999994
2025-08-01 09:27:25 AM,145.66,356,51854.96,91647750.39999993
2025-08-01 09:27:26 AM,145.6,50,7280.0,91655030.39999993
2025-08-01 09:27:27 AM,145.66,0,0.0,91655030.39999993
2025-08-01 09:27:31 AM,145.61,0,0.0,91655030.39999993
2025-08-01 09:27:32 AM,145.61,662,96393.82,91751424.21999992
2025-08-01 09:27:33 AM,145.66,1,145.66,91751569.87999992
2025-08-01 09:27:40 AM,145.66,501,72975.66,91824545.53999992
2025-08-01 09:27:41 AM,145.65,680,99042.0,91923587.53999992
2025-08-01 09:27:47 AM,145.67,1205,175532.34999999998,92099119.88999991
2025-08-01 09:27:49 AM,145.66,20,2913.2,92102033.08999991
2025-08-01 09:27:52 AM,145.65,0,0.0,92102033.08999991
2025-08-01 09:27:55 AM,145.64,419,61023.159999999996,92163056.24999991
2025-08-01 09:27:56 AM,145.65,35,5097.75,92168153.99999991
2025-08-01 09:28:03 AM,145.66,5581,812928.46,92981082.4599999
2025-08-01 09:28:08 AM,145.65,0,0.0,92981082.4599999
2025-08-01 09:28:11 AM,145.65,4510,656881.5,93637963.9599999
2025-08-01 09:28:12 AM,145.65,4,582.6,93638546.5599999
2025-08-01 09:28:15 AM,145.64,0,0.0,93638546.5599999
2025-08-01 09:28:18 AM,145.6,10564,1538118.4,95176664.9599999
2025-08-01 09:28:19 AM,145.61,14,2038.5400000000002,95178703.49999991
2025-08-01 09:28:26 AM,145.61,365,53147.65,95231851.14999992
2025-08-01 09:28:27 AM,145.61,4,582.44,95232433.58999991
2025-08-01 09:28:33 AM,145.61,110,16017.100000000002,95248450.68999991
2025-08-01 09:28:35 AM,145.61,55,8008.550000000001,95256459.2399999
2025-08-01 09:28:41 AM,145.54,1249,181779.46,95438238.6999999
2025-08-01 09:28:42 AM,145.51,0,0.0,95438238.6999999
2025-08-01 09:28:42 AM,145.51,150,21826.5,95460065.1999999
2025-08-01 09:28:43 AM,145.59,0,0.0,95460065.1999999
2025-08-01 09:28:47 AM,145.58,0,0.0,95460065.1999999
2025-08-01 09:28:48 AM,145.5,0,0.0,95460065.1999999
2025-08-01 09:28:49 AM,145.5,21859,3180484.5,98640549.6999999
2025-08-01 09:28:50 AM,145.51,22,3201.22,98643750.9199999
2025-08-01 09:28:56 AM,145.49,131,19059.190000000002,98662810.1099999
2025-08-01 09:28:58 AM,145.5,0,0.0,98662810.1099999
2025-08-01 09:28:58 AM,145.5,36,5238.0,98668048.1099999
2025-08-01 09:28:59 AM,145.48,0,0.0,98668048.1099999
2025-08-01 09:29:04 AM,145.45,0,0.0,98668048.1099999
2025-08-01 09:29:04 AM,145.45,2305,335262.25,99003310.3599999
2025-08-01 09:29:05 AM,145.49,205,29825.45,99033135.8099999
2025-08-01 09:29:12 AM,145.49,5,727.45,99033863.2599999
2025-08-01 09:29:13 AM,145.48,5010,728854.7999999999,99762718.0599999
2025-08-01 09:29:16 AM,145.49,0,0.0,99762718.0599999
2025-08-01 09:29:19 AM,145.38,2143,311549.33999999997,100074267.3999999
2025-08-01 09:29:21 AM,145.39,56,8141.839999999999,100082409.2399999
2025-08-01 09:29:21 AM,145.35,0,0.0,100082409.2399999
2025-08-01 09:29:27 AM,145.35,17123,2488828.05,102571237.2899999
2025-08-01 09:29:28 AM,145.37,2,290.74,102571528.0299999
2025-08-01 09:29:31 AM,145.27,0,0.0,102571528.0299999
2025-08-01 09:29:34 AM,145.36,7355,1069122.8,103640650.8299999
2025-08-01 09:29:35 AM,145.35,8,1162.8,103641813.62999989
2025-08-01 09:29:36 AM,145.36,0,0.0,103641813.62999989
2025-08-01 09:29:41 AM,145.28,0,0.0,103641813.62999989
2025-08-01 09:29:42 AM,145.28,3599,522862.72000000003,104164676.34999989
2025-08-01 09:29:43 AM,145.28,46,6682.88,104171359.22999988
2025-08-01 09:29:46 AM,145.29,0,0.0,104171359.22999988
2025-08-01 09:29:49 AM,145.3,2329,338403.7,104509762.92999989
2025-08-01 09:29:50 AM,145.35,153,22238.55,104532001.47999988
2025-08-01 09:29:51 AM,145.3,0,0.0,104532001.47999988
2025-08-01 09:29:56 AM,145.38,0,0.0,104532001.47999988
2025-08-01 09:29:57 AM,145.38,1073,155992.74,104687994.21999988
2025-08-01 09:29:58 AM,145.38,1,145.38,104688139.59999987
2025-08-01 09:30:02 AM,145.31,0,0.0,104688139.59999987
2025-08-01 09:30:04 AM,145.31,5219,758372.89,105446512.48999988
2025-08-01 09:30:05 AM,145.31,8,1162.48,105447674.96999988
2025-08-01 09:30:10 AM,145.26,0,0.0,105447674.96999988
2025-08-01 09:30:12 AM,145.26,8347,1212485.22,106660160.18999988
2025-08-01 09:30:13 AM,145.25,3,435.75,106660595.93999988
2025-08-01 09:30:18 AM,145.2,0,0.0,106660595.93999988
2025-08-01 09:30:20 AM,145.15,6333,919234.9500000001,107579830.88999988
2025-08-01 09:30:20 AM,145.21,2,290.42,107580121.30999988
2025-08-01 09:30:24 AM,145.17,0,0.0,107580121.30999988
2025-08-01 09:30:27 AM,145.17,2529,367134.93,107947256.23999989
2025-08-01 09:30:28 AM,145.17,273,39631.409999999996,107986887.64999989
2025-08-01 09:30:31 AM,145.12,0,0.0,107986887.64999989
2025-08-01 09:30:34 AM,145.12,694,100713.28,108087600.92999989
2025-08-01 09:30:35 AM,145.15,22,3193.3,108090794.22999988
2025-08-01 09:30:38 AM,145.21,0,0.0,108090794.22999988
2025-08-01 09:30:42 AM,145.21,1356,196904.76,108287698.98999989
2025-08-01 09:30:42 AM,145.17,405,58793.85,108346492.83999988
2025-08-01 09:30:45 AM,145.18,0,0.0,108346492.83999988
2025-08-01 09:30:49 AM,145.17,2032,294985.44,108641478.27999988
2025-08-01 09:30:50 AM,145.17,108,15678.359999999999,108657156.63999988
2025-08-01 09:30:52 AM,145.19,0,0.0,108657156.63999988
2025-08-01 09:30:55 AM,145.17,0,0.0,108657156.63999988
2025-08-01 09:30:56 AM,145.19,5782,839488.58,109496645.21999988
2025-08-01 09:30:57 AM,145.18,0,0.0,109496645.21999988
2025-08-01 09:31:00 AM,145.19,0,0.0,109496645.21999988
2025-08-01 09:31:02 AM,145.12,0,0.0,109496645.21999988
2025-08-01 09:31:03 AM,145.15,9470,1374570.5,110871215.71999988
2025-08-01 09:31:07 AM,145.0,0,0.0,110871215.71999988
2025-08-01 09:31:08 AM,145.06,0,0.0,110871215.71999988
2025-08-01 09:31:11 AM,145.06,24836,3602710.16,114473925.87999988
2025-08-01 09:31:18 AM,145.06,6053,878048.18,115351974.05999988
2025-08-01 09:31:26 AM,145.06,1207,175087.42,115527061.47999988
2025-08-01 09:31:33 AM,145.06,3030,439531.8,115966593.27999988
2025-08-01 09:31:38 AM,145.1,0,0.0,115966593.27999988
2025-08-01 09:31:40 AM,145.1,10801,1567225.0999999999,117533818.37999988
2025-08-01 09:31:44 AM,145.04,0,0.0,117533818.37999988
2025-08-01 09:31:47 AM,145.1,5633,817348.2999999999,118351166.67999987
2025-08-01 09:31:48 AM,145.11,0,0.0,118351166.67999987
2025-08-01 09:31:54 AM,145.05,0,0.0,118351166.67999987
2025-08-01 09:31:54 AM,145.09,123,17846.07,118369012.74999987
2025-08-01 09:31:54 AM,145.09,2,290.18,118369302.92999987
2025-08-01 09:32:01 AM,145.09,1796,260581.64,118629884.56999987
2025-08-01 09:32:04 AM,145.07,0,0.0,118629884.56999987
2025-08-01 09:32:04 AM,145.1,0,0.0,118629884.56999987
2025-08-01 09:32:08 AM,145.05,4884,708424.2000000001,119338308.76999988
2025-08-01 09:32:10 AM,145.11,0,0.0,119338308.76999988
2025-08-01 09:32:15 AM,145.16,2428,352448.48,119690757.24999988
2025-08-01 09:32:16 AM,145.15,0,0.0,119690757.24999988
2025-08-01 09:32:22 AM,145.14,0,0.0,119690757.24999988
2025-08-01 09:32:22 AM,145.14,357,51814.979999999996,119742572.22999988
2025-08-01 09:32:22 AM,145.14,5,725.6999999999999,119743297.92999989
2025-08-01 09:32:28 AM,145.19,0,0.0,119743297.92999989
2025-08-01 09:32:28 AM,145.16,0,0.0,119743297.92999989
2025-08-01 09:32:29 AM,145.16,4794,695897.04,120439194.9699999
2025-08-01 09:32:34 AM,145.19,0,0.0,120439194.9699999
2025-08-01 09:32:36 AM,145.19,19,2758.61,120441953.5799999
2025-08-01 09:32:43 AM,145.19,1368,198619.91999999998,120640573.4999999
2025-08-01 09:32:43 AM,145.15,1,145.15,120640718.6499999
2025-08-01 09:32:46 AM,145.18,0,0.0,120640718.6499999
2025-08-01 09:32:46 AM,145.2,0,0.0,120640718.6499999
2025-08-01 09:32:50 AM,145.21,3737,542649.77,121183368.4199999
2025-08-01 09:32:50 AM,145.21,2,290.42,121183658.8399999
2025-08-01 09:32:52 AM,145.2,0,0.0,121183658.8399999
2025-08-01 09:32:57 AM,145.22,9748,1415604.56,122599263.3999999
2025-08-01 09:32:58 AM,145.24,0,0.0,122599263.3999999
2025-08-01 09:33:03 AM,145.28,3893,565575.04,123164838.43999991
2025-08-01 09:33:10 AM,145.3,0,0.0,123164838.43999991
2025-08-01 09:33:11 AM,145.3,1182,171744.6,123336583.0399999
2025-08-01 09:33:15 AM,145.28,0,0.0,123336583.0399999
2025-08-01 09:33:17 AM,145.25,556,80759.0,123417342.0399999
2025-08-01 09:33:20 AM,145.28,0,0.0,123417342.0399999
2025-08-01 09:33:24 AM,145.28,596,86586.88,123503928.9199999
2025-08-01 09:33:25 AM,145.3,0,0.0,123503928.9199999
2025-08-01 09:33:31 AM,145.3,662,96188.6,123600117.51999989
2025-08-01 09:33:38 AM,145.36,589,85617.04000000001,123685734.5599999
2025-08-01 09:33:40 AM,145.38,0,0.0,123685734.5599999
2025-08-01 09:33:45 AM,145.42,1798,261465.15999999997,123947199.7199999
2025-08-01 09:33:45 AM,145.34,787,114382.58,124061582.2999999
2025-08-01 09:33:48 AM,145.35,0,0.0,124061582.2999999
2025-08-01 09:33:50 AM,145.42,0,0.0,124061582.2999999
2025-08-01 09:33:52 AM,145.42,258,37518.35999999999,124099100.65999989
2025-08-01 09:33:55 AM,145.41,0,0.0,124099100.65999989
2025-08-01 09:33:59 AM,145.39,779,113258.80999999998,124212359.4699999
2025-08-01 09:34:00 AM,145.45,0,0.0,124212359.4699999
2025-08-01 09:34:05 AM,145.43,0,0.0,124212359.4699999
2025-08-01 09:34:06 AM,145.43,3116,453159.88,124665519.34999989
2025-08-01 09:34:10 AM,145.44,0,0.0,124665519.34999989
2025-08-01 09:34:12 AM,145.38,0,0.0,124665519.34999989
2025-08-01 09:34:13 AM,145.44,196,28506.239999999998,124694025.58999988
2025-08-01 09:34:13 AM,145.44,1,145.44,124694171.02999988
2025-08-01 09:34:20 AM,145.44,413,60066.72,124754237.74999988
2025-08-01 09:34:23 AM,145.37,0,0.0,124754237.74999988
2025-08-01 09:34:25 AM,145.38,0,0.0,124754237.74999988
2025-08-01 09:34:27 AM,145.4,1550,225370.0,124979607.74999988
2025-08-01 09:34:33 AM,145.34,0,0.0,124979607.74999988
2025-08-01 09:34:34 AM,145.36,2446,355550.56000000006,125335158.30999988
2025-08-01 09:34:34 AM,145.36,10,1453.6000000000001,125336611.90999988
2025-08-01 09:34:38 AM,145.33,0,0.0,125336611.90999988
2025-08-01 09:34:40 AM,145.28,0,0.0,125336611.90999988
2025-08-01 09:34:41 AM,145.29,1156,167955.24,125504567.14999987
2025-08-01 09:34:45 AM,145.3,0,0.0,125504567.14999987
2025-08-01 09:34:48 AM,145.24,0,0.0,125504567.14999987
2025-08-01 09:34:48 AM,145.24,18060,2623034.4000000004,128127601.54999988
2025-08-01 09:34:50 AM,145.23,0,0.0,128127601.54999988
2025-08-01 09:34:55 AM,145.18,7653,1111062.54,129238664.08999988
2025-08-01 09:34:57 AM,145.17,0,0.0,129238664.08999988
2025-08-01 09:35:00 AM,145.14,0,0.0,129238664.08999988
2025-08-01 09:35:02 AM,145.14,1042,151235.87999999998,129389899.96999988
2025-08-01 09:35:05 AM,145.15,0,0.0,129389899.96999988
2025-08-01 09:35:05 AM,145.16,0,0.0,129389899.96999988
2025-08-01 09:35:09 AM,145.16,295,42822.2,129432722.16999988
2025-08-01 09:35:15 AM,145.09,0,0.0,129432722.16999988
2025-08-01 09:35:15 AM,145.05,0,0.0,129432722.16999988
2025-08-01 09:35:16 AM,145.09,20609,2990159.81,132422881.97999988
2025-08-01 09:35:20 AM,145.08,0,0.0,132422881.97999988
2025-08-01 09:35:23 AM,145.08,4882,708280.56,133131162.53999989
2025-08-01 09:35:25 AM,145.05,0,0.0,133131162.53999989
2025-08-01 09:35:25 AM,145.08,0,0.0,133131162.53999989
2025-08-01 09:35:30 AM,145.07,0,0.0,133131162.53999989
2025-08-01 09:35:30 AM,145.07,1451,210496.56999999998,133341659.10999988
2025-08-01 09:35:35 AM,145.01,0,0.0,133341659.10999988
2025-08-01 09:35:37 AM,145.06,370,53672.200000000004,133395331.30999988
2025-08-01 09:35:40 AM,145.07,0,0.0,133395331.30999988
2025-08-01 09:35:44 AM,145.02,3193,463048.86000000004,133858380.16999988
2025-08-01 09:35:45 AM,145.06,0,0.0,133858380.16999988
2025-08-01 09:35:50 AM,145.02,0,0.0,133858380.16999988
2025-08-01 09:35:50 AM,145.02,2106,305412.12,134163792.28999989
2025-08-01 09:35:57 AM,145.05,594,86159.70000000001,134249951.9899999
2025-08-01 09:36:00 AM,145.06,0,0.0,134249951.9899999
2025-08-01 09:36:03 AM,145.06,56,8123.360000000001,134258075.3499999
2025-08-01 09:36:04 AM,145.06,25,3626.5,134261701.8499999
2025-08-01 09:36:08 AM,145.08,0,0.0,134261701.8499999
2025-08-01 09:36:10 AM,145.06,204,29592.24,134291294.0899999
2025-08-01 09:36:11 AM,145.08,10,1450.8000000000002,134292744.88999993
2025-08-01 09:36:16 AM,145.09,0,0.0,134292744.88999993
2025-08-01 09:36:16 AM,145.06,0,0.0,134292744.88999993
2025-08-01 09:36:17 AM,145.06,2033,294906.98,134587651.86999992
2025-08-01 09:36:20 AM,145.1,0,0.0,134587651.86999992
2025-08-01 09:36:24 AM,145.08,0,0.0,134587651.86999992
2025-08-01 09:36:24 AM,145.08,741,107504.28000000001,134695156.14999992
2025-08-01 09:36:30 AM,145.1,21,3047.1,134698203.2499999
2025-08-01 09:36:30 AM,145.1,1,145.1,134698348.3499999
2025-08-01 09:36:36 AM,145.06,439,63681.340000000004,134762029.6899999
2025-08-01 09:36:37 AM,145.1,25,3627.5,134765657.1899999
2025-08-01 09:36:40 AM,145.13,0,0.0,134765657.1899999
2025-08-01 09:36:40 AM,145.1,0,0.0,134765657.1899999
2025-08-01 09:36:43 AM,145.11,3145,456370.95000000007,135222028.1399999
2025-08-01 09:36:43 AM,145.11,1,145.11,135222173.2499999
2025-08-01 09:36:48 AM,145.06,0,0.0,135222173.2499999
2025-08-01 09:36:49 AM,145.03,2309,334874.27,135557047.51999992
2025-08-01 09:36:52 AM,145.06,0,0.0,135557047.51999992
2025-08-01 09:36:52 AM,145.07,0,0.0,135557047.51999992
2025-08-01 09:36:56 AM,145.06,0,0.0,135557047.51999992
2025-08-01 09:36:56 AM,145.06,9265,1343980.9,136901028.41999993
2025-08-01 09:37:00 AM,145.0,0,0.0,136901028.41999993
2025-08-01 09:37:00 AM,144.99,0,0.0,136901028.41999993
2025-08-01 09:37:03 AM,144.97,29679,4302564.63,141203593.04999992
2025-08-01 09:37:10 AM,144.88,4620,669345.6,141872938.64999992
2025-08-01 09:37:10 AM,144.9,10,1449.0,141874387.64999992
2025-08-01 09:37:17 AM,144.89,1405,203570.44999999998,142077958.0999999
2025-08-01 09:37:17 AM,144.89,105,15213.449999999999,142093171.5499999
2025-08-01 09:37:18 AM,144.85,0,0.0,142093171.5499999
2025-08-01 09:37:19 AM,144.89,0,0.0,142093171.5499999
2025-08-01 09:37:23 AM,144.82,0,0.0,142093171.5499999
2025-08-01 09:37:24 AM,144.86,1897,274799.42000000004,142367970.96999988
2025-08-01 09:37:28 AM,144.85,0,0.0,142367970.96999988
2025-08-01 09:37:31 AM,144.88,2861,414501.68,142782472.6499999
2025-08-01 09:37:33 AM,144.85,0,0.0,142782472.6499999
2025-08-01 09:37:38 AM,144.84,0,0.0,142782472.6499999
2025-08-01 09:37:38 AM,144.84,1967,284900.28,143067372.9299999
2025-08-01 09:37:38 AM,144.84,2,289.68,143067662.6099999
2025-08-01 09:37:42 AM,144.8,0,0.0,143067662.6099999
2025-08-01 09:37:44 AM,144.84,3928,568931.52,143636594.1299999
2025-08-01 09:37:45 AM,144.86,467,67649.62000000001,143704243.7499999
2025-08-01 09:37:48 AM,144.87,0,0.0,143704243.7499999
2025-08-01 09:37:51 AM,144.86,2309,334481.74000000005,144038725.48999992
2025-08-01 09:37:51 AM,144.87,1,144.87,144038870.35999992
2025-08-01 09:37:54 AM,144.85,0,0.0,144038870.35999992
2025-08-01 09:37:56 AM,144.87,0,0.0,144038870.35999992
2025-08-01 09:37:58 AM,144.84,11347,1643499.48,145682369.8399999
2025-08-01 09:38:00 AM,144.8,0,0.0,145682369.8399999
2025-08-01 09:38:04 AM,144.8,8744,1266131.2000000002,146948501.0399999
2025-08-01 09:38:11 AM,144.76,0,0.0,146948501.0399999
2025-08-01 09:38:11 AM,144.8,690,99912.00000000001,147048413.0399999
2025-08-01 09:38:18 AM,144.8,656,94988.8,147143401.8399999
2025-08-01 09:38:25 AM,144.8,3367,487541.60000000003,147630943.4399999
2025-08-01 09:38:25 AM,144.79,0,0.0,147630943.4399999
2025-08-01 09:38:30 AM,144.77,0,0.0,147630943.4399999
2025-08-01 09:38:32 AM,144.76,1444,209033.43999999997,147839976.8799999
2025-08-01 09:38:35 AM,144.75,0,0.0,147839976.8799999
2025-08-01 09:38:38 AM,144.76,971,140561.96,147980538.8399999
2025-08-01 09:38:45 AM,144.75,1108,160383.0,148140921.8399999
2025-08-01 09:38:48 AM,144.69,0,0.0,148140921.8399999
2025-08-01 09:38:52 AM,144.75,4329,626622.75,148767544.5899999
2025-08-01 09:38:56 AM,144.74,0,0.0,148767544.5899999
2025-08-01 09:38:58 AM,144.74,279,40382.46,148807927.04999992
2025-08-01 09:39:00 AM,144.79,0,0.0,148807927.04999992
2025-08-01 09:39:05 AM,144.79,2176,315063.04,149122990.0899999
2025-08-01 09:39:05 AM,144.79,1,144.79,149123134.8799999
2025-08-01 09:39:06 AM,144.76,0,0.0,149123134.8799999
2025-08-01 09:39:12 AM,144.78,392,56753.76,149179888.6399999
2025-08-01 09:39:15 AM,144.77,0,0.0,149179888.6399999
2025-08-01 09:39:16 AM,144.76,0,0.0,149179888.6399999
2025-08-01 09:39:18 AM,144.76,589,85263.64,149265152.27999988
2025-08-01 09:39:25 AM,144.75,2201,318594.75,149583747.02999988
2025-08-01 09:39:26 AM,144.75,1,144.75,149583891.77999988
2025-08-01 09:39:32 AM,144.74,489,70777.86,149654669.6399999
2025-08-01 09:39:32 AM,144.7,10,1447.0,149656116.6399999
2025-08-01 09:39:37 AM,144.72,0,0.0,149656116.6399999
2025-08-01 09:39:38 AM,144.75,2662,385324.5,150041441.1399999
2025-08-01 09:39:39 AM,144.7,105,15193.499999999998,150056634.6399999
2025-08-01 09:39:41 AM,144.71,0,0.0,150056634.6399999
2025-08-01 09:39:45 AM,144.72,2798,404926.56,150461561.1999999
2025-08-01 09:39:45 AM,144.75,0,0.0,150461561.1999999
2025-08-01 09:39:45 AM,144.75,203,29384.25,150490945.4499999
2025-08-01 09:39:51 AM,144.73,114,16499.219999999998,150507444.6699999
2025-08-01 09:39:52 AM,144.75,175,25331.25,150532775.9199999
2025-08-01 09:39:53 AM,144.73,0,0.0,150532775.9199999
2025-08-01 09:39:54 AM,144.75,0,0.0,150532775.9199999
2025-08-01 09:39:58 AM,144.79,0,0.0,150532775.9199999
2025-08-01 09:39:58 AM,144.79,2233,323316.07,150856091.9899999
2025-08-01 09:40:01 AM,144.7,0,0.0,150856091.9899999
2025-08-01 09:40:05 AM,144.74,0,0.0,150856091.9899999
2025-08-01 09:40:05 AM,144.74,4060,587644.4,151443736.3899999
2025-08-01 09:40:05 AM,144.74,75,10855.5,151454591.8899999
2025-08-01 09:40:09 AM,144.7,0,0.0,151454591.8899999
2025-08-01 09:40:11 AM,144.73,256,37050.88,151491642.7699999
2025-08-01 09:40:12 AM,144.69,627,90720.63,151582363.3999999
2025-08-01 09:40:18 AM,144.69,707,102295.83,151684659.2299999
2025-08-01 09:40:22 AM,144.67,0,0.0,151684659.2299999
2025-08-01 09:40:24 AM,144.66,2460,355863.6,152040522.8299999
2025-08-01 09:40:25 AM,144.66,25,3616.5,152044139.3299999
2025-08-01 09:40:27 AM,144.67,0,0.0,152044139.3299999
2025-08-01 09:40:29 AM,144.76,0,0.0,152044139.3299999
2025-08-01 09:40:31 AM,144.76,12536,1814711.3599999999,153858850.6899999
2025-08-01 09:40:32 AM,144.76,30,4342.799999999999,153863193.48999992
2025-08-01 09:40:33 AM,144.8,0,0.0,153863193.48999992
2025-08-01 09:40:36 AM,144.84,0,0.0,153863193.48999992
2025-08-01 09:40:37 AM,144.84,1775,257091.0,154120284.48999992
2025-08-01 09:40:38 AM,144.78,10,1447.8,154121732.28999993
2025-08-01 09:40:40 AM,144.79,0,0.0,154121732.28999993
2025-08-01 09:40:44 AM,144.84,958,138756.72,154260489.00999993
2025-08-01 09:40:45 AM,144.84,31,4490.04,154264979.04999992
2025-08-01 09:40:48 AM,144.9,0,0.0,154264979.04999992
2025-08-01 09:40:51 AM,145.0,3839,556655.0,154821634.04999992
2025-08-01 09:40:51 AM,145.0,22,3190.0,154824824.04999992
2025-08-01 09:40:53 AM,144.98,0,0.0,154824824.04999992
2025-08-01 09:40:57 AM,145.0,58,8410.0,154833234.04999992
2025-08-01 09:41:04 AM,145.0,1114,161530.0,154994764.04999992
2025-08-01 09:41:08 AM,144.98,0,0.0,154994764.04999992
2025-08-01 09:41:11 AM,144.99,1600,231984.0,155226748.04999992
2025-08-01 09:41:11 AM,144.99,3,434.97,155227183.01999992
2025-08-01 09:41:16 AM,144.91,0,0.0,155227183.01999992
2025-08-01 09:41:17 AM,144.9,1368,198223.2,155425406.2199999
2025-08-01 09:41:18 AM,144.94,35,5072.9,155430479.11999992
2025-08-01 09:41:24 AM,144.92,119,17245.48,155447724.5999999
2025-08-01 09:41:25 AM,144.92,165,23911.8,155471636.39999992
2025-08-01 09:41:30 AM,144.94,3716,538597.04,156010233.4399999
2025-08-01 09:41:31 AM,144.98,9,1304.82,156011538.2599999
2025-08-01 09:41:36 AM,144.94,0,0.0,156011538.2599999
2025-08-01 09:41:37 AM,144.98,0,0.0,156011538.2599999
2025-08-01 09:41:37 AM,144.98,595,86263.09999999999,156097801.3599999
2025-08-01 09:41:38 AM,144.98,6,869.8799999999999,156098671.2399999
2025-08-01 09:41:40 AM,144.96,0,0.0,156098671.2399999
2025-08-01 09:41:44 AM,144.98,2219,321710.62,156420381.8599999
2025-08-01 09:41:48 AM,144.97,0,0.0,156420381.8599999
2025-08-01 09:41:50 AM,144.97,569,82487.93,156502869.7899999
2025-08-01 09:41:51 AM,144.97,19,2754.43,156505624.2199999
2025-08-01 09:41:57 AM,144.97,182,26384.54,156532008.7599999
2025-08-01 09:41:57 AM,144.97,59,8553.23,156540561.9899999
2025-08-01 09:42:00 AM,144.96,0,0.0,156540561.9899999
2025-08-01 09:42:03 AM,144.97,587,85097.39,156625659.37999988
2025-08-01 09:42:09 AM,144.96,0,0.0,156625659.37999988
2025-08-01 09:42:10 AM,144.96,539,78133.44,156703792.81999987
2025-08-01 09:42:11 AM,144.96,21,3044.1600000000003,156706836.97999987
2025-08-01 09:42:16 AM,144.98,1463,212105.74,156918942.71999988
2025-08-01 09:42:17 AM,144.93,0,0.0,156918942.71999988
2025-08-01 09:42:17 AM,144.93,844,122320.92000000001,157041263.63999987
2025-08-01 09:42:21 AM,144.92,0,0.0,157041263.63999987
2025-08-01 09:42:22 AM,144.94,0,0.0,157041263.63999987
2025-08-01 09:42:23 AM,144.94,44,6377.36,157047640.99999988
2025-08-01 09:42:24 AM,144.94,180,26089.2,157073730.19999987
2025-08-01 09:42:29 AM,144.91,257,37241.87,157110972.06999987
2025-08-01 09:42:31 AM,144.91,16,2318.56,157113290.62999988
2025-08-01 09:42:35 AM,144.9,0,0.0,157113290.62999988
2025-08-01 09:42:35 AM,144.91,0,0.0,157113290.62999988
2025-08-01 09:42:36 AM,144.91,1413,204757.83,157318048.4599999
2025-08-01 09:42:37 AM,144.86,491,71126.26000000001,157389174.71999988
2025-08-01 09:42:39 AM,144.81,0,0.0,157389174.71999988
2025-08-01 09:42:42 AM,144.8,394,57051.200000000004,157446225.91999987
2025-08-01 09:42:43 AM,144.84,0,0.0,157446225.91999987
2025-08-01 09:42:43 AM,144.84,23,3331.32,157449557.23999986
2025-08-01 09:42:49 AM,144.82,480,69513.59999999999,157519070.83999985
2025-08-01 09:42:50 AM,144.87,851,123284.37000000001,157642355.20999986
2025-08-01 09:42:51 AM,144.9,0,0.0,157642355.20999986
2025-08-01 09:42:51 AM,144.89,0,0.0,157642355.20999986
2025-08-01 09:42:55 AM,144.89,28,4056.9199999999996,157646412.12999985
2025-08-01 09:43:02 AM,144.89,1564,226607.96,157873020.08999985
2025-08-01 09:43:03 AM,144.88,0,0.0,157873020.08999985
2025-08-01 09:43:03 AM,144.88,1738,251801.44,158124821.52999985
2025-08-01 09:43:03 AM,144.98,0,0.0,158124821.52999985
2025-08-01 09:43:08 AM,144.98,1789,259369.21999999997,158384190.74999985
2025-08-01 09:43:09 AM,144.96,55,7972.8,158392163.54999986
2025-08-01 09:43:11 AM,144.98,0,0.0,158392163.54999986
2025-08-01 09:43:11 AM,144.96,0,0.0,158392163.54999986
2025-08-01 09:43:15 AM,144.98,0,0.0,158392163.54999986
2025-08-01 09:43:15 AM,145.02,3227,467979.54000000004,158860143.08999985
2025-08-01 09:43:15 AM,144.98,0,0.0,158860143.08999985
2025-08-01 09:43:16 AM,144.95,1574,228151.3,159088294.38999987
2025-08-01 09:43:19 AM,144.89,0,0.0,159088294.38999987
2025-08-01 09:43:22 AM,144.89,4252,616072.2799999999,159704366.66999987
2025-08-01 09:43:23 AM,145.04,0,0.0,159704366.66999987
2025-08-01 09:43:23 AM,145.04,22164,3214666.56,162919033.22999987
2025-08-01 09:43:27 AM,144.95,0,0.0,162919033.22999987
2025-08-01 09:43:28 AM,144.95,769,111466.54999999999,163030499.77999988
2025-08-01 09:43:29 AM,144.9,30,4347.0,163034846.77999988
2025-08-01 09:43:31 AM,144.94,0,0.0,163034846.77999988
2025-08-01 09:43:35 AM,145.04,0,0.0,163034846.77999988
2025-08-01 09:43:35 AM,145.04,820,118932.79999999999,163153779.5799999
2025-08-01 09:43:36 AM,145.04,50,7252.0,163161031.5799999
2025-08-01 09:43:41 AM,145.04,1854,268904.16,163429935.7399999
2025-08-01 09:43:43 AM,145.1,0,0.0,163429935.7399999
2025-08-01 09:43:46 AM,145.08,0,0.0,163429935.7399999
2025-08-01 09:43:47 AM,145.1,0,0.0,163429935.7399999
2025-08-01 09:43:48 AM,145.08,416,60353.280000000006,163490289.0199999
2025-08-01 09:43:49 AM,145.08,39,5658.120000000001,163495947.1399999
2025-08-01 09:43:51 AM,145.1,0,0.0,163495947.1399999
2025-08-01 09:43:54 AM,145.1,267,38741.7,163534688.83999988
2025-08-01 09:43:56 AM,145.1,230,33373.0,163568061.83999988
2025-08-01 09:43:59 AM,145.06,0,0.0,163568061.83999988
2025-08-01 09:44:01 AM,145.07,1182,171472.74,163739534.5799999
2025-08-01 09:44:03 AM,145.06,0,0.0,163739534.5799999
2025-08-01 09:44:08 AM,145.06,1494,216719.64,163956254.21999988
2025-08-01 09:44:09 AM,145.03,78,11312.34,163967566.55999988
2025-08-01 09:44:11 AM,144.99,0,0.0,163967566.55999988
2025-08-01 09:44:15 AM,145.08,5095,739182.6000000001,164706749.15999988
2025-08-01 09:44:16 AM,145.08,1,145.08,164706894.2399999
2025-08-01 09:44:19 AM,145.07,0,0.0,164706894.2399999
2025-08-01 09:44:22 AM,145.04,309,44817.36,164751711.5999999
2025-08-01 09:44:23 AM,145.03,5,725.15,164752436.7499999
2025-08-01 09:44:28 AM,145.02,814,118046.28000000001,164870483.0299999
2025-08-01 09:44:29 AM,145.02,15,2175.3,164872658.32999992
2025-08-01 09:44:31 AM,145.03,0,0.0,164872658.32999992
2025-08-01 09:44:33 AM,145.02,0,0.0,164872658.32999992
2025-08-01 09:44:34 AM,145.02,1169,169528.38,165042186.70999992
2025-08-01 09:44:35 AM,145.02,4,580.08,165042766.78999993
2025-08-01 09:44:39 AM,145.03,0,0.0,165042766.78999993
2025-08-01 09:44:40 AM,145.03,1043,151266.29,165194033.07999992
2025-08-01 09:44:43 AM,144.95,0,0.0,165194033.07999992
2025-08-01 09:44:45 AM,144.97,0,0.0,165194033.07999992
2025-08-01 09:44:47 AM,144.95,4093,593280.35,165787313.42999992
2025-08-01 09:44:47 AM,145.0,0,0.0,165787313.42999992
2025-08-01 09:44:48 AM,145.0,2,290.0,165787603.42999992
2025-08-01 09:44:49 AM,144.99,0,0.0,165787603.42999992
2025-08-01 09:44:53 AM,144.99,222,32187.780000000002,165819791.20999992
2025-08-01 09:44:57 AM,144.98,0,0.0,165819791.20999992
2025-08-01 09:44:59 AM,144.81,0,0.0,165819791.20999992
2025-08-01 09:45:00 AM,144.82,27934,4045401.88,169865193.0899999
2025-08-01 09:45:01 AM,144.85,0,0.0,169865193.0899999
2025-08-01 09:45:01 AM,144.85,54,7821.9,169873014.98999992
2025-08-01 09:45:03 AM,144.7,0,0.0,169873014.98999992
2025-08-01 09:45:07 AM,144.69,25372,3671074.68,173544089.66999993
2025-08-01 09:45:08 AM,144.69,5,723.45,173544813.11999992
2025-08-01 09:45:13 AM,144.69,288,41670.72,173586483.8399999
2025-08-01 09:45:15 AM,144.69,18,2604.42,173589088.2599999
2025-08-01 09:45:20 AM,144.66,0,0.0,173589088.2599999
2025-08-01 09:45:20 AM,144.66,709,102563.94,173691652.1999999
2025-08-01 09:45:23 AM,144.69,0,0.0,173691652.1999999
2025-08-01 09:45:26 AM,144.69,923,133548.87,173825201.0699999
2025-08-01 09:45:28 AM,144.69,5,723.45,173825924.5199999
2025-08-01 09:45:33 AM,144.69,46,6655.74,173832580.2599999
2025-08-01 09:45:34 AM,144.67,228,32984.759999999995,173865565.0199999
2025-08-01 09:45:39 AM,144.69,3,434.07,173865999.08999988
2025-08-01 09:45:41 AM,144.69,58,8392.02,173874391.1099999
2025-08-01 09:45:46 AM,144.7,1832,265090.39999999997,174139481.5099999
2025-08-01 09:45:47 AM,144.7,5,723.5,174140205.0099999
2025-08-01 09:45:52 AM,144.7,618,89424.59999999999,174229629.6099999
2025-08-01 09:45:59 AM,144.7,1475,213432.49999999997,174443062.1099999
2025-08-01 09:46:00 AM,144.71,42,6077.820000000001,174449139.9299999
2025-08-01 09:46:05 AM,144.67,0,0.0,174449139.9299999
2025-08-01 09:46:05 AM,144.67,26695,3861965.6499999994,178311105.5799999
2025-08-01 09:46:06 AM,144.65,3342,483420.30000000005,178794525.8799999
2025-08-01 09:46:10 AM,144.64,0,0.0,178794525.8799999
2025-08-01 09:46:11 AM,144.65,0,0.0,178794525.8799999
2025-08-01 09:46:12 AM,144.65,449,64947.850000000006,178859473.7299999
2025-08-01 09:46:15 AM,144.62,0,0.0,178859473.7299999
2025-08-01 09:46:16 AM,144.68,0,0.0,178859473.7299999
2025-08-01 09:46:18 AM,144.68,2105,304551.4,179164025.1299999
2025-08-01 09:46:20 AM,144.67,0,0.0,179164025.1299999
2025-08-01 09:46:20 AM,144.67,10,1446.6999999999998,179165471.8299999
2025-08-01 09:46:21 AM,144.65,0,0.0,179165471.8299999
2025-08-01 09:46:25 AM,144.67,302,43690.34,179209162.1699999
2025-08-01 09:46:26 AM,144.62,429,62041.98,179271204.1499999
2025-08-01 09:46:29 AM,144.68,0,0.0,179271204.1499999
2025-08-01 09:46:31 AM,144.68,1873,270985.64,179542189.78999987
2025-08-01 09:46:33 AM,144.58,1093,158025.94,179700215.72999987
2025-08-01 09:46:33 AM,144.62,0,0.0,179700215.72999987
2025-08-01 09:46:37 AM,144.62,86,12437.32,179712653.04999986
2025-08-01 09:46:39 AM,144.58,331,47855.98,179760509.02999985
2025-08-01 09:46:41 AM,144.59,0,0.0,179760509.02999985
2025-08-01 09:46:43 AM,144.59,696,100634.64,179861143.66999984
2025-08-01 09:46:44 AM,144.58,0,0.0,179861143.66999984
2025-08-01 09:46:45 AM,144.58,1156,167134.48,180028278.14999983
2025-08-01 09:46:48 AM,144.62,0,0.0,180028278.14999983
2025-08-01 09:46:50 AM,144.62,110,15908.2,180044186.34999982
2025-08-01 09:46:52 AM,144.62,41,5929.42,180050115.7699998
2025-08-01 09:46:56 AM,144.56,0,0.0,180050115.7699998
2025-08-01 09:46:56 AM,144.56,6427,929087.12,180979202.8899998
2025-08-01 09:46:58 AM,144.56,364,52619.840000000004,181031822.7299998
2025-08-01 09:47:02 AM,144.55,614,88753.70000000001,181120576.4299998
2025-08-01 09:47:04 AM,144.56,0,0.0,181120576.4299998
2025-08-01 09:47:04 AM,144.56,21,3035.76,181123612.1899998
2025-08-01 09:47:08 AM,144.56,622,89916.32,181213528.50999978
2025-08-01 09:47:10 AM,144.56,223,32236.88,181245765.38999978
2025-08-01 09:47:14 AM,144.56,379,54788.24,181300553.6299998
2025-08-01 09:47:16 AM,144.55,0,0.0,181300553.6299998
2025-08-01 09:47:17 AM,144.56,945,136609.2,181437162.82999977
2025-08-01 09:47:20 AM,144.59,0,0.0,181437162.82999977
2025-08-01 09:47:21 AM,144.59,2008,290336.72000000003,181727499.54999977
2025-08-01 09:47:23 AM,144.59,525,75909.75,181803409.29999977
2025-08-01 09:47:27 AM,144.56,288,41633.28,181845042.57999977
2025-08-01 09:47:29 AM,144.55,16,2312.8,181847355.3799998
2025-08-01 09:47:32 AM,144.46,0,0.0,181847355.3799998
2025-08-01 09:47:33 AM,144.45,36377,5254657.649999999,187102013.0299998
2025-08-01 09:47:33 AM,144.48,0,0.0,187102013.0299998
2025-08-01 09:47:36 AM,144.48,2102,303696.95999999996,187405709.9899998
2025-08-01 09:47:37 AM,144.49,0,0.0,187405709.9899998
2025-08-01 09:47:40 AM,144.49,1021,147524.29,187553234.2799998
2025-08-01 09:47:42 AM,144.48,0,0.0,187553234.2799998
2025-08-01 09:47:43 AM,144.48,121,17482.079999999998,187570716.3599998
2025-08-01 09:47:44 AM,144.49,0,0.0,187570716.3599998
2025-08-01 09:47:47 AM,144.54,7330,1059478.2,188630194.5599998
2025-08-01 09:47:49 AM,144.54,2,289.08,188630483.6399998
2025-08-01 09:47:54 AM,144.54,1055,152489.69999999998,188782973.3399998
2025-08-01 09:47:56 AM,144.55,581,83983.55,188866956.8899998
2025-08-01 09:47:57 AM,144.56,0,0.0,188866956.8899998
2025-08-01 09:48:00 AM,144.53,4972,718603.16,189585560.0499998
2025-08-01 09:48:02 AM,144.56,0,0.0,189585560.0499998
2025-08-01 09:48:02 AM,144.54,0,0.0,189585560.0499998
2025-08-01 09:48:03 AM,144.54,119,17200.26,189602760.3099998
2025-08-01 09:48:07 AM,144.51,1786,258094.86,189860855.1699998
2025-08-01 09:48:09 AM,144.5,2056,297092.0,190157947.1699998
2025-08-01 09:48:11 AM,144.51,0,0.0,190157947.1699998
2025-08-01 09:48:13 AM,144.51,11,1589.61,190159536.77999982
2025-08-01 09:48:16 AM,144.51,260,37572.6,190197109.37999982
2025-08-01 09:48:19 AM,144.51,2130,307806.3,190504915.67999983
2025-08-01 09:48:22 AM,144.51,310,44798.1,190549713.77999982
2025-08-01 09:48:26 AM,144.55,3493,504913.15,191054626.92999983
2025-08-01 09:48:27 AM,144.53,0,0.0,191054626.92999983
2025-08-01 09:48:29 AM,144.55,339,49002.450000000004,191103629.37999982
2025-08-01 09:48:31 AM,144.52,0,0.0,191103629.37999982
2025-08-01 09:48:31 AM,144.51,0,0.0,191103629.37999982
2025-08-01 09:48:32 AM,144.52,1028,148566.56,191252195.93999982
2025-08-01 09:48:35 AM,144.52,1103,159405.56,191411601.49999982
2025-08-01 09:48:35 AM,144.54,0,0.0,191411601.49999982
2025-08-01 09:48:39 AM,144.53,0,0.0,191411601.49999982
2025-08-01 09:48:39 AM,144.53,1669,241220.57,191652822.0699998
2025-08-01 09:48:41 AM,144.56,3412,493238.72000000003,192146060.7899998
2025-08-01 09:48:42 AM,144.55,0,0.0,192146060.7899998
2025-08-01 09:48:43 AM,144.56,0,0.0,192146060.7899998
2025-08-01 09:48:45 AM,144.55,368,53194.4,192199255.18999982
2025-08-01 09:48:47 AM,144.56,0,0.0,192199255.18999982
2025-08-01 09:48:47 AM,144.55,0,0.0,192199255.18999982
2025-08-01 09:48:48 AM,144.55,132,19080.600000000002,192218335.7899998
2025-08-01 09:48:51 AM,144.56,0,0.0,192218335.7899998
2025-08-01 09:48:52 AM,144.56,645,93241.2,192311576.9899998
2025-08-01 09:48:54 AM,144.56,5,722.8,192312299.7899998
2025-08-01 09:48:58 AM,144.55,154,22260.7,192334560.4899998
2025-08-01 09:48:59 AM,144.56,0,0.0,192334560.4899998
2025-08-01 09:48:59 AM,144.51,0,0.0,192334560.4899998
2025-08-01 09:49:01 AM,144.56,10051,1452972.56,193787533.0499998
2025-08-01 09:49:04 AM,144.56,199,28767.44,193816300.4899998
2025-08-01 09:49:07 AM,144.56,1,144.56,193816445.0499998
2025-08-01 09:49:11 AM,144.56,539,77917.84,193894362.8899998
2025-08-01 09:49:13 AM,144.56,11,1590.16,193895953.0499998
2025-08-01 09:49:17 AM,144.56,388,56089.28,193952042.3299998
2025-08-01 09:49:19 AM,144.56,1514,218863.84,194170906.1699998
2025-08-01 09:49:21 AM,144.57,0,0.0,194170906.1699998
2025-08-01 09:49:23 AM,144.58,2248,325015.84,194495922.0099998
2025-08-01 09:49:25 AM,144.58,20,2891.6000000000004,194498813.6099998
2025-08-01 09:49:29 AM,144.58,1230,177833.40000000002,194676647.0099998
2025-08-01 09:49:32 AM,144.57,117,16914.69,194693561.6999998
2025-08-01 09:49:35 AM,144.58,2,289.16,194693850.8599998
2025-08-01 09:49:38 AM,144.58,52,7518.160000000001,194701369.0199998
2025-08-01 09:49:42 AM,144.58,154,22265.320000000003,194723634.3399998
2025-08-01 09:49:44 AM,144.58,250,36145.0,194759779.3399998
2025-08-01 09:49:45 AM,144.57,0,0.0,194759779.3399998
2025-08-01 09:49:48 AM,144.56,0,0.0,194759779.3399998
2025-08-01 09:49:48 AM,144.56,2849,411851.44,195171630.7799998
2025-08-01 09:49:48 AM,144.54,0,0.0,195171630.7799998
2025-08-01 09:49:51 AM,144.5,0,0.0,195171630.7799998
2025-08-01 09:49:51 AM,144.5,7307,1055861.5,196227492.2799998
2025-08-01 09:49:54 AM,144.44,6794,981325.36,197208817.6399998
2025-08-01 09:49:57 AM,144.44,2239,323401.16,197532218.7999998
2025-08-01 09:49:59 AM,144.42,0,0.0,197532218.7999998
2025-08-01 09:50:01 AM,144.42,4985,719933.7,198252152.4999998
2025-08-01 09:50:02 AM,144.38,0,0.0,198252152.4999998
2025-08-01 09:50:04 AM,144.35,3937,568305.95,198820458.44999978
2025-08-01 09:50:05 AM,144.38,0,0.0,198820458.44999978
2025-08-01 09:50:07 AM,144.38,70,10106.6,198830565.04999977
2025-08-01 09:50:08 AM,144.35,0,0.0,198830565.04999977
2025-08-01 09:50:10 AM,144.35,4871,703128.85,199533693.89999977
2025-08-01 09:50:11 AM,144.37,0,0.0,199533693.89999977
2025-08-01 09:50:14 AM,144.37,922,133109.14,199666803.03999975
2025-08-01 09:50:14 AM,144.38,0,0.0,199666803.03999975
2025-08-01 09:50:17 AM,144.38,492,71034.95999999999,199737837.99999976
2025-08-01 09:50:20 AM,144.38,371,53564.979999999996,199791402.97999975
2025-08-01 09:50:22 AM,144.35,0,0.0,199791402.97999975
2025-08-01 09:50:23 AM,144.38,825,119113.5,199910516.47999975
2025-08-01 09:50:26 AM,144.38,145,20935.1,199931451.57999974
2025-08-01 09:50:29 AM,144.38,400,57752.0,199989203.57999974
2025-08-01 09:50:32 AM,144.35,0,0.0,199989203.57999974
2025-08-01 09:50:33 AM,144.38,285,41148.299999999996,200030351.87999976
2025-08-01 09:50:35 AM,144.38,51,7363.38,200037715.25999975
2025-08-01 09:50:39 AM,144.37,929,134119.73,200171834.98999974
2025-08-01 09:50:40 AM,144.38,0,0.0,200171834.98999974
2025-08-01 09:50:41 AM,144.38,5710,824409.7999999999,200996244.78999975
2025-08-01 09:50:45 AM,144.38,1629,235195.02,201231439.80999976
2025-08-01 09:50:47 AM,144.37,0,0.0,201231439.80999976
2025-08-01 09:50:48 AM,144.37,426,61501.62,201292941.42999977
2025-08-01 09:50:49 AM,144.38,0,0.0,201292941.42999977
2025-08-01 09:50:51 AM,144.38,853,123156.14,201416097.56999975
2025-08-01 09:50:53 AM,144.44,0,0.0,201416097.56999975
2025-08-01 09:50:54 AM,144.35,9225,1331628.75,202747726.31999975
2025-08-01 09:50:56 AM,144.36,0,0.0,202747726.31999975
2025-08-01 09:50:58 AM,144.34,0,0.0,202747726.31999975
2025-08-01 09:50:58 AM,144.34,2882,415987.88,203163714.19999975
2025-08-01 09:50:59 AM,144.35,0,0.0,203163714.19999975
2025-08-01 09:51:00 AM,144.35,2,288.7,203164002.89999974
2025-08-01 09:51:04 AM,144.36,7252,1046898.7200000001,204210901.61999974
2025-08-01 09:51:06 AM,144.4,1793,258909.2,204469810.81999972
2025-08-01 09:51:09 AM,144.42,0,0.0,204469810.81999972
2025-08-01 09:51:10 AM,144.41,0,0.0,204469810.81999972
2025-08-01 09:51:10 AM,144.41,3180,459223.8,204929034.61999974
2025-08-01 09:51:12 AM,144.41,486,70183.26,204999217.87999973
2025-08-01 09:51:14 AM,144.46,0,0.0,204999217.87999973
2025-08-01 09:51:17 AM,144.46,1000,144460.0,205143677.87999973
2025-08-01 09:51:18 AM,144.43,0,0.0,205143677.87999973
2025-08-01 09:51:19 AM,144.43,50,7221.5,205150899.37999973
2025-08-01 09:51:22 AM,144.44,0,0.0,205150899.37999973
2025-08-01 09:51:23 AM,144.44,3242,468274.48,205619173.85999972
2025-08-01 09:51:25 AM,144.44,200,28888.0,205648061.85999972
2025-08-01 09:51:25 AM,144.51,0,0.0,205648061.85999972
2025-08-01 09:51:28 AM,144.49,0,0.0,205648061.85999972
2025-08-01 09:51:29 AM,144.49,7500,1083675.0,206731736.85999972
2025-08-01 09:51:31 AM,144.49,500,72245.0,206803981.85999972
2025-08-01 09:51:31 AM,144.45,0,0.0,206803981.85999972
2025-08-01 09:51:34 AM,144.47,0,0.0,206803981.85999972
2025-08-01 09:51:35 AM,144.44,4617,666879.48,207470861.3399997
2025-08-01 09:51:36 AM,144.47,0,0.0,207470861.3399997
2025-08-01 09:51:38 AM,144.46,0,0.0,207470861.3399997
2025-08-01 09:51:38 AM,144.46,1005,145182.30000000002,207616043.63999972
2025-08-01 09:51:41 AM,144.48,0,0.0,207616043.63999972
2025-08-01 09:51:42 AM,144.48,1753,253273.43999999997,207869317.07999972
2025-08-01 09:51:42 AM,144.49,0,0.0,207869317.07999972
2025-08-01 09:51:44 AM,144.48,91,13147.679999999998,207882464.75999972
2025-08-01 09:51:47 AM,144.43,0,0.0,207882464.75999972
2025-08-01 09:51:48 AM,144.43,12013,1735037.59,209617502.34999973
2025-08-01 09:51:50 AM,144.43,567,81891.81,209699394.15999973
2025-08-01 09:51:52 AM,144.44,0,0.0,209699394.15999973
2025-08-01 09:51:54 AM,144.4,0,0.0,209699394.15999973
2025-08-01 09:51:54 AM,144.4,4322,624096.8,210323490.95999974
2025-08-01 09:51:57 AM,144.46,100,14446.0,210337936.95999974
2025-08-01 09:51:59 AM,144.43,0,0.0,210337936.95999974
2025-08-01 09:52:00 AM,144.43,5,722.1500000000001,210338659.10999975
2025-08-01 09:52:02 AM,144.46,0,0.0,210338659.10999975
2025-08-01 09:52:03 AM,144.46,107,15457.220000000001,210354116.32999974
2025-08-01 09:52:04 AM,144.44,0,0.0,210354116.32999974
2025-08-01 09:52:06 AM,144.44,2261,326578.83999999997,210680695.16999975
2025-08-01 09:52:09 AM,144.44,298,43043.12,210723738.28999975
2025-08-01 09:52:10 AM,144.43,0,0.0,210723738.28999975
2025-08-01 09:52:12 AM,144.47,1611,232741.16999999998,210956479.45999974
2025-08-01 09:52:14 AM,144.43,0,0.0,210956479.45999974
2025-08-01 09:52:15 AM,144.43,4,577.72,210957057.17999974
2025-08-01 09:52:18 AM,144.44,36,5199.84,210962257.01999974
2025-08-01 09:52:21 AM,144.44,5,722.2,210962979.21999973
2025-08-01 09:52:25 AM,144.44,739,106741.16,211069720.37999973
2025-08-01 09:52:27 AM,144.46,555,80175.3,211149895.67999974
2025-08-01 09:52:31 AM,144.42,0,0.0,211149895.67999974
2025-08-01 09:52:31 AM,144.42,1703,245947.25999999998,211395842.93999973
2025-08-01 09:52:31 AM,144.43,0,0.0,211395842.93999973
2025-08-01 09:52:33 AM,144.43,64,9243.52,211405086.45999974
2025-08-01 09:52:37 AM,144.45,0,0.0,211405086.45999974
2025-08-01 09:52:37 AM,144.45,752,108626.4,211513712.85999975
2025-08-01 09:52:39 AM,144.43,93,13431.99,211527144.84999976
2025-08-01 09:52:40 AM,144.45,0,0.0,211527144.84999976
2025-08-01 09:52:43 AM,144.45,58,8378.099999999999,211535522.94999975
2025-08-01 09:52:46 AM,144.45,70,10111.5,211545634.44999975
2025-08-01 09:52:49 AM,144.43,0,0.0,211545634.44999975
2025-08-01 09:52:49 AM,144.43,138,19931.34,211565565.78999975
2025-08-01 09:52:52 AM,144.43,100,14443.0,211580008.78999975
2025-08-01 09:52:52 AM,144.45,0,0.0,211580008.78999975
2025-08-01 09:52:55 AM,144.45,22,3177.8999999999996,211583186.68999976
2025-08-01 09:52:58 AM,144.45,12,1733.3999999999999,211584920.08999977
2025-08-01 09:53:01 AM,144.45,234,33801.299999999996,211618721.38999978
2025-08-01 09:53:02 AM,144.47,0,0.0,211618721.38999978
2025-08-01 09:53:03 AM,144.47,603,87115.41,211705836.79999977
2025-08-01 09:53:07 AM,144.47,80,11557.6,211717394.39999977
2025-08-01 09:53:13 AM,144.47,375,54176.25,211771570.64999977
2025-08-01 09:53:15 AM,144.47,3,433.40999999999997,211772004.05999976
2025-08-01 09:53:20 AM,144.47,2728,394114.16,212166118.21999976
2025-08-01 09:53:22 AM,144.47,60,8668.2,212174786.41999975
2025-08-01 09:53:23 AM,144.45,0,0.0,212174786.41999975
2025-08-01 09:53:26 AM,144.46,0,0.0,212174786.41999975
2025-08-01 09:53:26 AM,144.46,2290,330813.4,212505599.81999975
2025-08-01 09:53:28 AM,144.44,129,18632.76,212524232.57999974
2025-08-01 09:53:32 AM,144.45,0,0.0,212524232.57999974
2025-08-01 09:53:32 AM,144.45,57,8233.65,212532466.22999975
2025-08-01 09:53:38 AM,144.45,122,17622.899999999998,212550089.12999976
2025-08-01 09:53:40 AM,144.38,12513,1806626.94,214356716.06999975
2025-08-01 09:53:42 AM,144.39,0,0.0,214356716.06999975
2025-08-01 09:53:43 AM,144.38,0,0.0,214356716.06999975
2025-08-01 09:53:45 AM,144.38,174,25122.12,214381838.18999976
2025-08-01 09:53:46 AM,144.35,1000,144350.0,214526188.18999976
2025-08-01 09:53:47 AM,144.37,0,0.0,214526188.18999976
2025-08-01 09:53:51 AM,144.37,167,24109.79,214550297.97999975
2025-08-01 09:53:53 AM,144.36,0,0.0,214550297.97999975
2025-08-01 09:53:53 AM,144.37,0,0.0,214550297.97999975
2025-08-01 09:53:57 AM,144.35,2666,384837.1,214935135.07999974
2025-08-01 09:53:59 AM,144.34,0,0.0,214935135.07999974
2025-08-01 09:54:02 AM,144.38,0,0.0,214935135.07999974
2025-08-01 09:54:02 AM,144.36,0,0.0,214935135.07999974
2025-08-01 09:54:03 AM,144.36,4807,693938.52,215629073.59999976
2025-08-01 09:54:05 AM,144.33,0,0.0,215629073.59999976
2025-08-01 09:54:08 AM,144.36,0,0.0,215629073.59999976
2025-08-01 09:54:09 AM,144.3,2816,406348.80000000005,216035422.39999977
2025-08-01 09:54:11 AM,144.34,17,2453.78,216037876.17999977
2025-08-01 09:54:14 AM,144.33,0,0.0,216037876.17999977
2025-08-01 09:54:16 AM,144.33,386,55711.380000000005,216093587.55999976
2025-08-01 09:54:17 AM,144.35,0,0.0,216093587.55999976
2025-08-01 09:54:22 AM,144.3,1117,161183.1,216254770.65999976
2025-08-01 09:54:23 AM,144.31,0,0.0,216254770.65999976
2025-08-01 09:54:23 AM,144.31,109,15729.79,216270500.44999975
2025-08-01 09:54:27 AM,144.22,0,0.0,216270500.44999975
2025-08-01 09:54:27 AM,144.21,0,0.0,216270500.44999975
2025-08-01 09:54:28 AM,144.21,26055,3757391.5500000003,220027891.99999976
2025-08-01 09:54:29 AM,144.2,14,2018.7999999999997,220029910.79999977
2025-08-01 09:54:30 AM,144.18,0,0.0,220029910.79999977
2025-08-01 09:54:33 AM,144.24,0,0.0,220029910.79999977
2025-08-01 09:54:34 AM,144.26,5890,849691.3999999999,220879602.19999978
2025-08-01 09:54:35 AM,144.21,7,1009.47,220880611.66999978
2025-08-01 09:54:36 AM,144.25,0,0.0,220880611.66999978
2025-08-01 09:54:36 AM,144.21,0,0.0,220880611.66999978
2025-08-01 09:54:39 AM,144.25,0,0.0,220880611.66999978
2025-08-01 09:54:41 AM,144.21,2227,321155.67000000004,221201767.33999977
2025-08-01 09:54:41 AM,144.25,1,144.25,221201911.58999977
2025-08-01 09:54:46 AM,144.21,600,86526.0,221288437.58999977
2025-08-01 09:54:47 AM,144.24,2900,418296.0,221706733.58999977
2025-08-01 09:54:52 AM,144.24,615,88707.6,221795441.18999976
2025-08-01 09:54:57 AM,144.25,0,0.0,221795441.18999976
2025-08-01 09:54:58 AM,144.24,1132,163279.68000000002,221958720.86999977
2025-08-01 09:54:59 AM,144.21,54,7787.34,221966508.20999977
2025-08-01 09:55:00 AM,144.23,0,0.0,221966508.20999977
2025-08-01 09:55:00 AM,144.21,0,0.0,221966508.20999977
2025-08-01 09:55:01 AM,144.2,0,0.0,221966508.20999977
2025-08-01 09:55:02 AM,144.2,2518,363095.6,222329603.80999976
2025-08-01 09:55:03 AM,144.2,34,4902.799999999999,222334506.60999978
2025-08-01 09:55:03 AM,144.17,7,1009.1899999999999,222335515.79999977
2025-08-01 09:55:04 AM,144.2,661,95316.2,222430831.99999976
2025-08-01 09:55:06 AM,144.17,176,25373.92,222456205.91999975
2025-08-01 09:55:07 AM,144.19,51,7353.69,222463559.60999975
2025-08-01 09:55:08 AM,144.19,50,7209.5,222470769.10999975
2025-08-01 09:55:09 AM,144.17,1096,158010.31999999998,222628779.42999974
2025-08-01 09:55:10 AM,144.16,102,14704.32,222643483.74999973
2025-08-01 09:55:11 AM,144.2,118,17015.6,222660499.34999973
2025-08-01 09:55:12 AM,144.19,7,1009.3299999999999,222661508.67999974
2025-08-01 09:55:14 AM,144.16,145,20903.2,222682411.87999973
2025-08-01 09:55:15 AM,144.16,160,23065.6,222705477.47999972
2025-08-01 09:55:17 AM,144.18,82,11822.76,222717300.2399997
2025-08-01 09:55:19 AM,144.18,1,144.18,222717444.41999972
2025-08-01 09:55:22 AM,144.16,629,90676.64,222808121.0599997
2025-08-01 09:55:25 AM,144.17,68,9803.56,222817924.6199997
2025-08-01 09:55:26 AM,144.17,10,1441.6999999999998,222819366.3199997
2025-08-01 09:55:27 AM,144.15,490,70633.5,222889999.8199997
2025-08-01 09:55:28 AM,144.11,0,0.0,222889999.8199997
2025-08-01 09:55:29 AM,144.1,6838,985355.7999999999,223875355.6199997
2025-08-01 09:55:30 AM,144.15,690,99463.5,223974819.1199997
2025-08-01 09:55:31 AM,144.15,1003,144582.45,224119401.5699997
2025-08-01 09:55:32 AM,144.15,1267,182638.05000000002,224302039.6199997
2025-08-01 09:55:33 AM,144.15,7,1009.0500000000001,224303048.66999972
2025-08-01 09:55:33 AM,144.15,112,16144.800000000001,224319193.46999973
2025-08-01 09:55:35 AM,144.15,3,432.45000000000005,224319625.91999972
2025-08-01 09:55:38 AM,144.13,0,0.0,224319625.91999972
2025-08-01 09:55:38 AM,144.13,440,63417.2,224383043.1199997
2025-08-01 09:55:40 AM,144.13,4,576.52,224383619.63999972
2025-08-01 09:55:41 AM,144.1,5160,743556.0,225127175.63999972
2025-08-01 09:55:42 AM,144.12,0,0.0,225127175.63999972
2025-08-01 09:55:42 AM,144.12,1,144.12,225127319.75999972
2025-08-01 09:55:43 AM,144.12,71,10232.52,225137552.27999973
2025-08-01 09:55:44 AM,144.09,13811,1990026.99,227127579.26999974
2025-08-01 09:55:45 AM,144.1,15,2161.5,227129740.76999974
2025-08-01 09:55:46 AM,144.12,5,720.6,227130461.36999974
2025-08-01 09:55:50 AM,144.12,142,20465.04,227150926.40999973
2025-08-01 09:55:54 AM,144.12,50,7206.0,227158132.40999973
2025-08-01 09:55:59 AM,144.12,50,7206.0,227165338.40999973
2025-08-01 09:56:02 AM,144.06,0,0.0,227165338.40999973
2025-08-01 09:56:04 AM,144.06,2837,408698.22000000003,227574036.62999973
2025-08-01 09:56:05 AM,144.06,3,432.18,227574468.80999973
2025-08-01 09:56:10 AM,144.06,5232,753721.92,228328190.72999972
2025-08-01 09:56:16 AM,144.06,682,98248.92,228426439.6499997
2025-08-01 09:56:17 AM,144.06,487,70157.22,228496596.8699997
2025-08-01 09:56:21 AM,144.08,0,0.0,228496596.8699997
2025-08-01 09:56:22 AM,144.08,35,5042.8,228501639.66999972
2025-08-01 09:56:26 AM,144.18,0,0.0,228501639.66999972
2025-08-01 09:56:28 AM,144.18,12666,1826183.8800000001,230327823.5499997
2025-08-01 09:56:29 AM,144.17,0,0.0,230327823.5499997
2025-08-01 09:56:29 AM,144.17,200,28833.999999999996,230356657.5499997
2025-08-01 09:56:30 AM,144.12,0,0.0,230356657.5499997
2025-08-01 09:56:33 AM,144.1,1614,232577.4,230589234.94999972
2025-08-01 09:56:34 AM,144.12,44,6341.280000000001,230595576.22999972
2025-08-01 09:56:39 AM,144.07,0,0.0,230595576.22999972
2025-08-01 09:56:39 AM,144.1,3056,440369.6,231035945.82999972
2025-08-01 09:56:40 AM,144.1,37,5331.7,231041277.5299997
2025-08-01 09:56:41 AM,144.07,0,0.0,231041277.5299997
2025-08-01 09:56:46 AM,144.06,2578,371386.68,231412664.2099997
2025-08-01 09:56:47 AM,144.04,395,56895.799999999996,231469560.00999972
2025-08-01 09:56:52 AM,144.03,3681,530174.43,231999734.43999973
2025-08-01 09:56:57 AM,144.01,0,0.0,231999734.43999973
2025-08-01 09:56:58 AM,144.01,7563,1089147.63,233088882.06999972
2025-08-01 09:56:59 AM,144.03,3,432.09000000000003,233089314.15999973
2025-08-01 09:57:01 AM,144.01,0,0.0,233089314.15999973
2025-08-01 09:57:04 AM,144.02,1085,156261.7,233245575.85999972
2025-08-01 09:57:05 AM,144.03,0,0.0,233245575.85999972
2025-08-01 09:57:05 AM,144.02,0,0.0,233245575.85999972
2025-08-01 09:57:05 AM,144.03,14,2016.42,233247592.2799997
2025-08-01 09:57:09 AM,144.1,0,0.0,233247592.2799997
2025-08-01 09:57:10 AM,144.1,6074,875263.4,234122855.6799997
2025-08-01 09:57:11 AM,144.04,4600,662584.0,234785439.6799997
2025-08-01 09:57:13 AM,144.1,0,0.0,234785439.6799997
2025-08-01 09:57:16 AM,144.08,23,3313.84,234788753.5199997
2025-08-01 09:57:21 AM,144.1,0,0.0,234788753.5199997
2025-08-01 09:57:21 AM,144.1,319,45967.9,234834721.41999972
2025-08-01 09:57:27 AM,144.1,1,144.1,234834865.5199997
2025-08-01 09:57:29 AM,144.08,0,0.0,234834865.5199997
2025-08-01 09:57:29 AM,144.08,289,41639.12,234876504.63999972
2025-08-01 09:57:33 AM,144.05,0,0.0,234876504.63999972
2025-08-01 09:57:33 AM,144.07,2027,292029.89,235168534.5299997
2025-08-01 09:57:35 AM,144.07,3,432.21,235168966.7399997
2025-08-01 09:57:37 AM,144.08,0,0.0,235168966.7399997
2025-08-01 09:57:39 AM,144.08,67,9653.36,235178620.09999973
2025-08-01 09:57:41 AM,144.05,0,0.0,235178620.09999973
2025-08-01 09:57:41 AM,144.02,0,0.0,235178620.09999973
2025-08-01 09:57:41 AM,144.02,1700,244834.00000000003,235423454.09999973
2025-08-01 09:57:45 AM,144.04,0,0.0,235423454.09999973
2025-08-01 09:57:45 AM,144.04,202,29096.079999999998,235452550.17999974
2025-08-01 09:57:48 AM,144.02,203,29236.06,235481786.23999974
2025-08-01 09:57:51 AM,144.05,1532,220684.6,235702470.83999974
2025-08-01 09:57:54 AM,144.02,220,31684.4,235734155.23999974
2025-08-01 09:57:56 AM,144.04,0,0.0,235734155.23999974
2025-08-01 09:57:57 AM,144.04,614,88440.56,235822595.79999974
2025-08-01 09:58:00 AM,144.01,6230,897182.2999999999,236719778.09999976
2025-08-01 09:58:01 AM,144.02,0,0.0,236719778.09999976
2025-08-01 09:58:03 AM,144.02,152,21891.04,236741669.13999975
2025-08-01 09:58:05 AM,143.98,0,0.0,236741669.13999975
2025-08-01 09:58:06 AM,143.97,53633,7721543.01,244463212.14999974
2025-08-01 09:58:09 AM,143.95,954,137328.3,244600540.44999975
2025-08-01 09:58:12 AM,143.95,793,114152.34999999999,244714692.79999974
2025-08-01 09:58:14 AM,143.97,0,0.0,244714692.79999974
2025-08-01 09:58:15 AM,143.95,634,91264.29999999999,244805957.09999976
2025-08-01 09:58:18 AM,143.96,0,0.0,244805957.09999976
2025-08-01 09:58:18 AM,143.93,280,40300.4,244846257.49999976
2025-08-01 09:58:21 AM,143.96,213,30663.480000000003,244876920.97999975
2025-08-01 09:58:24 AM,143.96,138,19866.48,244896787.45999974
2025-08-01 09:58:25 AM,143.95,0,0.0,244896787.45999974
2025-08-01 09:58:26 AM,143.96,0,0.0,244896787.45999974
2025-08-01 09:58:27 AM,143.96,214,30807.440000000002,244927594.89999974
2025-08-01 09:58:30 AM,143.95,0,0.0,244927594.89999974
2025-08-01 09:58:30 AM,143.95,7261,1045220.95,245972815.84999973
2025-08-01 09:58:33 AM,143.86,1987,285849.82,246258665.66999972
2025-08-01 09:58:36 AM,143.85,1403,201821.55,246460487.21999973
2025-08-01 09:58:38 AM,143.86,0,0.0,246460487.21999973
2025-08-01 09:58:40 AM,143.82,5287,760376.34,247220863.55999973
2025-08-01 09:58:42 AM,143.82,1206,173446.91999999998,247394310.47999972
2025-08-01 09:58:46 AM,143.82,709,101968.37999999999,247496278.85999972
2025-08-01 09:58:49 AM,143.81,5250,755002.5,248251281.35999972
2025-08-01 09:58:52 AM,143.88,3623,521277.24,248772558.59999973
2025-08-01 09:58:54 AM,143.82,0,0.0,248772558.59999973
2025-08-01 09:58:54 AM,143.82,2700,388314.0,249160872.59999973
2025-08-01 09:58:58 AM,143.86,0,0.0,249160872.59999973
2025-08-01 09:58:58 AM,143.86,822,118252.92000000001,249279125.5199997
2025-08-01 09:59:00 AM,143.8,2679,385240.2,249664365.7199997
2025-08-01 09:59:01 AM,143.86,5,719.3000000000001,249665085.0199997
2025-08-01 09:59:02 AM,143.8,7908,1137170.4000000001,250802255.41999972
2025-08-01 09:59:04 AM,143.79,0,0.0,250802255.41999972
2025-08-01 09:59:04 AM,143.79,630,90587.7,250892843.1199997
2025-08-01 09:59:05 AM,143.8,0,0.0,250892843.1199997
2025-08-01 09:59:05 AM,143.8,15,2157.0,250895000.1199997
2025-08-01 09:59:05 AM,143.79,5,718.9499999999999,250895719.0699997
2025-08-01 09:59:06 AM,143.81,0,0.0,250895719.0699997
2025-08-01 09:59:06 AM,143.8,1083,155735.40000000002,251051454.4699997
2025-08-01 09:59:07 AM,143.79,0,0.0,251051454.4699997
2025-08-01 09:59:07 AM,143.79,1076,154718.03999999998,251206172.5099997
2025-08-01 09:59:08 AM,143.81,15,2157.15,251208329.6599997
2025-08-01 09:59:09 AM,143.79,227,32640.329999999998,251240969.9899997
2025-08-01 09:59:09 AM,143.79,10,1437.8999999999999,251242407.88999972
2025-08-01 09:59:11 AM,143.8,10,1438.0,251243845.88999972
2025-08-01 09:59:12 AM,143.8,3,431.40000000000003,251244277.28999972
2025-08-01 09:59:14 AM,143.8,500,71900.0,251316177.28999972
2025-08-01 09:59:15 AM,143.8,25,3595.0000000000005,251319772.28999972
2025-08-01 09:59:17 AM,143.8,3,431.40000000000003,251320203.68999973
2025-08-01 09:59:18 AM,143.79,0,0.0,251320203.68999973
2025-08-01 09:59:18 AM,143.8,15,2157.0,251322360.68999973
2025-08-01 09:59:18 AM,143.8,100,14380.000000000002,251336740.68999973
2025-08-01 09:59:19 AM,143.8,2,287.6,251337028.28999972
2025-08-01 09:59:20 AM,143.8,30,4314.0,251341342.28999972
2025-08-01 09:59:20 AM,143.87,7706,1108662.22,252450004.50999972
2025-08-01 09:59:21 AM,143.88,0,0.0,252450004.50999972
2025-08-01 09:59:21 AM,143.88,1,143.88,252450148.38999972
2025-08-01 09:59:23 AM,143.86,5,719.3000000000001,252450867.68999973
2025-08-01 09:59:25 AM,143.84,0,0.0,252450867.68999973
2025-08-01 09:59:25 AM,143.84,1000,143840.0,252594707.68999973
2025-08-01 09:59:26 AM,143.88,10,1438.8,252596146.48999974
2025-08-01 09:59:27 AM,143.9,0,0.0,252596146.48999974
2025-08-01 09:59:27 AM,143.9,305,43889.5,252640035.98999974
2025-08-01 09:59:28 AM,143.91,0,0.0,252640035.98999974
2025-08-01 09:59:28 AM,143.97,0,0.0,252640035.98999974
2025-08-01 09:59:28 AM,143.92,3250,467739.99999999994,253107775.98999974
2025-08-01 09:59:29 AM,143.92,4,575.68,253108351.66999975
2025-08-01 09:59:31 AM,143.97,0,0.0,253108351.66999975
2025-08-01 09:59:31 AM,143.92,0,0.0,253108351.66999975
2025-08-01 09:59:31 AM,143.92,654,94123.68,253202475.34999976
2025-08-01 09:59:32 AM,143.97,172,24762.84,253227238.18999976
2025-08-01 09:59:34 AM,143.92,0,0.0,253227238.18999976
2025-08-01 09:59:34 AM,143.92,50,7195.999999999999,253234434.18999976
2025-08-01 09:59:36 AM,143.92,12,1727.04,253236161.22999975
2025-08-01 09:59:40 AM,143.97,100,14397.0,253250558.22999975
2025-08-01 09:59:42 AM,143.95,0,0.0,253250558.22999975
2025-08-01 09:59:42 AM,143.95,1,143.95,253250702.17999974
2025-08-01 09:59:43 AM,143.94,272,39151.68,253289853.85999975
2025-08-01 09:59:44 AM,143.93,0,0.0,253289853.85999975
2025-08-01 09:59:44 AM,143.93,2,287.86,253290141.71999976
2025-08-01 09:59:48 AM,143.96,50,7198.0,253297339.71999976
2025-08-01 09:59:49 AM,143.93,0,0.0,253297339.71999976
2025-08-01 09:59:49 AM,143.93,30,4317.900000000001,253301657.61999977
2025-08-01 09:59:52 AM,143.93,17,2446.81,253304104.42999977
2025-08-01 09:59:55 AM,143.96,0,0.0,253304104.42999977
2025-08-01 09:59:55 AM,143.96,8,1151.68,253305256.10999978
2025-08-01 09:59:55 AM,143.96,150,21594.0,253326850.10999978
2025-08-01 09:59:57 AM,143.96,75,10797.0,253337647.10999978
2025-08-01 09:59:58 AM,143.92,733,105493.35999999999,253443140.4699998
2025-08-01 10:00:00 AM,143.96,1,143.96,253443284.4299998
2025-08-01 10:00:02 AM,143.96,211,30375.56,253473659.9899998
2025-08-01 10:00:06 AM,143.96,466,67085.36,253540745.34999982
2025-08-01 10:00:09 AM,143.95,0,0.0,253540745.34999982
2025-08-01 10:00:09 AM,143.95,252,36275.399999999994,253577020.74999982
2025-08-01 10:00:13 AM,143.93,1678,241514.54,253818535.2899998
2025-08-01 10:00:16 AM,143.93,137,19718.41,253838253.6999998
2025-08-01 10:00:19 AM,143.93,129,18566.97,253856820.6699998
2025-08-01 10:00:22 AM,143.93,19,2734.67,253859555.3399998
2025-08-01 10:00:25 AM,143.93,48,6908.64,253866463.97999978
2025-08-01 10:00:28 AM,143.88,6223,895365.24,254761829.2199998
2025-08-01 10:00:31 AM,143.87,1320,189908.4,254951737.6199998
2025-08-01 10:00:35 AM,143.85,131,18844.35,254970581.9699998
2025-08-01 10:00:38 AM,143.85,117,16830.45,254987412.41999978
2025-08-01 10:00:41 AM,143.85,112,16111.199999999999,255003523.61999977
2025-08-01 10:00:44 AM,143.85,125,17981.25,255021504.86999977
2025-08-01 10:00:47 AM,143.81,3559,511819.79,255533324.65999976
2025-08-01 10:00:50 AM,143.81,2953,424670.93,255957995.58999977
2025-08-01 10:00:54 AM,143.86,1745,251035.7,256209031.28999975
2025-08-01 10:00:56 AM,143.85,0,0.0,256209031.28999975
2025-08-01 10:00:57 AM,143.85,152,21865.2,256230896.48999974
2025-08-01 10:01:00 AM,143.87,1069,153797.03,256384693.51999974
2025-08-01 10:01:02 AM,143.85,0,0.0,256384693.51999974
2025-08-01 10:01:03 AM,143.87,408,58698.96,256443392.47999975
2025-08-01 10:01:06 AM,143.9,1898,273122.2,256716514.67999974
2025-08-01 10:01:09 AM,143.86,225,32368.500000000004,256748883.17999974
2025-08-01 10:01:13 AM,143.87,0,0.0,256748883.17999974
2025-08-01 10:01:13 AM,143.87,22,3165.1400000000003,256752048.31999972
2025-08-01 10:01:14 AM,143.9,0,0.0,256752048.31999972
2025-08-01 10:01:16 AM,143.9,717,103176.3,256855224.61999974
2025-08-01 10:01:19 AM,143.86,0,0.0,256855224.61999974
2025-08-01 10:01:19 AM,143.91,1501,216008.91,257071233.52999973
2025-08-01 10:01:22 AM,143.89,0,0.0,257071233.52999973
2025-08-01 10:01:22 AM,143.89,2451,352674.38999999996,257423907.91999972
2025-08-01 10:01:25 AM,143.94,2062,296804.27999999997,257720712.19999972
2025-08-01 10:01:28 AM,143.91,1225,176289.75,257897001.94999972
2025-08-01 10:01:30 AM,143.94,0,0.0,257897001.94999972
2025-08-01 10:01:31 AM,143.94,101,14537.94,257911539.88999972
2025-08-01 10:01:34 AM,143.94,2111,303857.33999999997,258215397.22999972
2025-08-01 10:01:37 AM,143.96,1200,172752.0,258388149.22999972
2025-08-01 10:01:39 AM,144.0,0,0.0,258388149.22999972
2025-08-01 10:01:40 AM,144.0,66,9504.0,258397653.22999972
2025-08-01 10:01:44 AM,144.01,5336,768437.36,259166090.58999974
2025-08-01 10:01:46 AM,144.04,1134,163341.36,259329431.94999975
2025-08-01 10:01:48 AM,144.05,0,0.0,259329431.94999975
2025-08-01 10:01:50 AM,144.05,321,46240.05,259375671.99999976
2025-08-01 10:01:51 AM,144.01,0,0.0,259375671.99999976
2025-08-01 10:01:52 AM,144.05,0,0.0,259375671.99999976
2025-08-01 10:01:52 AM,144.09,1911,275355.99,259651027.98999977
2025-08-01 10:01:55 AM,144.08,0,0.0,259651027.98999977
2025-08-01 10:01:56 AM,144.08,12,1728.96,259652756.94999978
2025-08-01 10:01:58 AM,144.17,6496,936528.32,260589285.26999977
2025-08-01 10:02:00 AM,144.18,0,0.0,260589285.26999977
2025-08-01 10:02:02 AM,144.13,465,67020.45,260656305.71999976
2025-08-01 10:02:04 AM,144.19,0,0.0,260656305.71999976
2025-08-01 10:02:04 AM,144.19,2,288.38,260656594.09999976
2025-08-01 10:02:07 AM,144.17,0,0.0,260656594.09999976
2025-08-01 10:02:09 AM,144.12,5993,863711.16,261520305.25999975
2025-08-01 10:02:10 AM,144.17,5,720.8499999999999,261521026.10999975
2025-08-01 10:02:15 AM,144.17,287,41376.78999999999,261562402.89999974
2025-08-01 10:02:17 AM,144.17,35,5045.95,261567448.84999973
2025-08-01 10:02:21 AM,144.19,2208,318371.52,261885820.36999974
2025-08-01 10:02:22 AM,144.18,0,0.0,261885820.36999974
2025-08-01 10:02:23 AM,144.18,208,29989.440000000002,261915809.80999973
2025-08-01 10:02:27 AM,144.21,0,0.0,261915809.80999973
2025-08-01 10:02:28 AM,144.21,1502,216603.42,262132413.22999972
2025-08-01 10:02:29 AM,144.21,557,80324.97,262212738.19999972
2025-08-01 10:02:34 AM,144.28,421,60741.88,262273480.07999972
2025-08-01 10:02:35 AM,144.27,4,577.08,262274057.15999973
2025-08-01 10:02:40 AM,144.26,0,0.0,262274057.15999973
2025-08-01 10:02:40 AM,144.26,34,4904.84,262278961.99999973
2025-08-01 10:02:42 AM,144.25,16,2308.0,262281269.99999973
2025-08-01 10:02:45 AM,144.21,0,0.0,262281269.99999973
2025-08-01 10:02:47 AM,144.26,218,31448.679999999997,262312718.67999974
2025-08-01 10:02:49 AM,144.26,202,29140.519999999997,262341859.19999975
2025-08-01 10:02:53 AM,144.26,268,38661.68,262380520.87999976
2025-08-01 10:02:54 AM,144.25,0,0.0,262380520.87999976
2025-08-01 10:02:54 AM,144.26,0,0.0,262380520.87999976
2025-08-01 10:02:55 AM,144.26,4,577.04,262381097.91999975
2025-08-01 10:03:00 AM,144.26,547,78910.22,262460008.13999975
2025-08-01 10:03:01 AM,144.26,1,144.26,262460152.39999974
2025-08-01 10:03:06 AM,144.25,0,0.0,262460152.39999974
2025-08-01 10:03:06 AM,144.25,860,124055.0,262584207.39999974
2025-08-01 10:03:08 AM,144.25,1192,171946.0,262756153.39999974
2025-08-01 10:03:12 AM,144.2,3991,575502.2,263331655.59999973
2025-08-01 10:03:14 AM,144.25,0,0.0,263331655.59999973
2025-08-01 10:03:14 AM,144.25,330,47602.5,263379258.09999973
2025-08-01 10:03:19 AM,144.25,505,72846.25,263452104.34999973
2025-08-01 10:03:21 AM,144.37,12786,1845914.82,265298019.16999972
2025-08-01 10:03:25 AM,144.37,711,102647.07,265400666.2399997
2025-08-01 10:03:27 AM,144.37,360,51973.200000000004,265452639.4399997
2025-08-01 10:03:32 AM,144.37,2934,423581.58,265876221.0199997
2025-08-01 10:03:34 AM,144.37,182,26275.34,265902496.35999972
2025-08-01 10:03:38 AM,144.39,0,0.0,265902496.35999972
2025-08-01 10:03:38 AM,144.39,12894,1861764.66,267764261.0199997
2025-08-01 10:03:40 AM,144.39,440,63531.59999999999,267827792.6199997
2025-08-01 10:03:44 AM,144.4,311,44908.4,267872701.0199997
2025-08-01 10:03:46 AM,144.39,0,0.0,267872701.0199997
2025-08-01 10:03:46 AM,144.39,15,2165.85,267874866.8699997
2025-08-01 10:03:50 AM,144.39,517,74649.62999999999,267949516.4999997
2025-08-01 10:03:52 AM,144.39,785,113346.15,268062862.6499997
2025-08-01 10:03:54 AM,144.4,0,0.0,268062862.6499997
2025-08-01 10:03:56 AM,144.4,294,42453.6,268105316.2499997
2025-08-01 10:03:59 AM,144.4,586,84618.40000000001,268189934.6499997
2025-08-01 10:04:01 AM,144.39,0,0.0,268189934.6499997
2025-08-01 10:04:02 AM,144.4,0,0.0,268189934.6499997
2025-08-01 10:04:03 AM,144.4,388,56027.200000000004,268245961.8499997
2025-08-01 10:04:05 AM,144.39,2984,430859.75999999995,268676821.6099997
2025-08-01 10:04:09 AM,144.39,243,35086.77,268711908.3799997
2025-08-01 10:04:11 AM,144.39,14,2021.4599999999998,268713929.8399997
2025-08-01 10:04:15 AM,144.37,2938,424159.06,269138088.8999997
2025-08-01 10:04:17 AM,144.37,11,1588.0700000000002,269139676.9699997
2025-08-01 10:04:21 AM,144.37,509,73484.33,269213161.29999965
2025-08-01 10:04:24 AM,144.35,30,4330.5,269217491.79999965
2025-08-01 10:04:28 AM,144.35,625,90218.75,269307710.54999965
2025-08-01 10:04:30 AM,144.37,497,71751.89,269379462.43999964
2025-08-01 10:04:34 AM,144.37,64,9239.68,269388702.11999965
2025-08-01 10:04:36 AM,144.37,1387,200241.19,269588943.30999964
2025-08-01 10:04:39 AM,144.39,0,0.0,269588943.30999964
2025-08-01 10:04:40 AM,144.39,5527,798043.5299999999,270386986.8399996
2025-08-01 10:04:47 AM,144.39,1844,266255.16,270653241.99999964
2025-08-01 10:04:49 AM,144.39,917,132405.62999999998,270785647.62999964
2025-08-01 10:04:53 AM,144.39,220,31765.799999999996,270817413.42999965
2025-08-01 10:04:55 AM,144.35,808,116634.79999999999,270934048.22999966
2025-08-01 10:04:59 AM,144.35,106,15301.099999999999,270949349.3299997
2025-08-01 10:05:00 AM,144.34,0,0.0,270949349.3299997
2025-08-01 10:05:01 AM,144.35,138,19920.3,270969269.6299997
2025-08-01 10:05:05 AM,144.31,0,0.0,270969269.6299997
2025-08-01 10:05:05 AM,144.31,535,77205.85,271046475.4799997
2025-08-01 10:05:07 AM,144.31,928,133919.68,271180395.1599997
2025-08-01 10:05:08 AM,144.35,0,0.0,271180395.1599997
2025-08-01 10:05:11 AM,144.34,0,0.0,271180395.1599997
2025-08-01 10:05:11 AM,144.34,8,1154.72,271181549.87999976
2025-08-01 10:05:14 AM,144.32,0,0.0,271181549.87999976
2025-08-01 10:05:18 AM,144.19,6210,895419.9,272076969.77999973
2025-08-01 10:05:19 AM,144.24,0,0.0,272076969.77999973
2025-08-01 10:05:20 AM,144.24,56,8077.4400000000005,272085047.21999973
2025-08-01 10:05:24 AM,144.24,211,30434.640000000003,272115481.8599997
2025-08-01 10:05:26 AM,144.24,31,4471.4400000000005,272119953.2999997
2025-08-01 10:05:30 AM,144.2,160,23072.0,272143025.2999997
2025-08-01 10:05:31 AM,144.24,0,0.0,272143025.2999997
2025-08-01 10:05:32 AM,144.24,100,14424.0,272157449.2999997
2025-08-01 10:05:36 AM,144.24,3,432.72,272157882.01999974
2025-08-01 10:05:38 AM,144.24,25,3606.0,272161488.01999974
2025-08-01 10:05:39 AM,144.2,0,0.0,272161488.01999974
2025-08-01 10:05:42 AM,144.25,0,0.0,272161488.01999974
2025-08-01 10:05:42 AM,144.2,648,93441.59999999999,272254929.61999977
2025-08-01 10:05:44 AM,144.24,45,6490.8,272261420.4199998
2025-08-01 10:05:48 AM,144.24,138,19905.120000000003,272281325.5399998
2025-08-01 10:05:50 AM,144.2,106,15285.199999999999,272296610.7399998
2025-08-01 10:05:54 AM,144.2,428,61717.6,272358328.3399998
2025-08-01 10:05:56 AM,144.21,20,2884.2000000000003,272361212.5399998
2025-08-01 10:05:57 AM,144.23,0,0.0,272361212.5399998
2025-08-01 10:06:00 AM,144.23,152,21922.96,272383135.49999976
2025-08-01 10:06:02 AM,144.23,27,3894.2099999999996,272387029.70999974
2025-08-01 10:06:06 AM,144.22,239,34468.58,272421498.2899997
2025-08-01 10:06:08 AM,144.22,88,12691.36,272434189.64999974
2025-08-01 10:06:11 AM,144.2,0,0.0,272434189.64999974
2025-08-01 10:06:12 AM,144.22,557,80330.54,272514520.18999976
2025-08-01 10:06:14 AM,144.14,0,0.0,272514520.18999976
2025-08-01 10:06:14 AM,144.12,0,0.0,272514520.18999976
2025-08-01 10:06:14 AM,144.14,1571,226443.93999999997,272740964.12999976
2025-08-01 10:06:17 AM,144.14,31,4468.339999999999,272745432.46999973
2025-08-01 10:06:20 AM,144.14,70,10089.8,272755522.26999974
2025-08-01 10:06:23 AM,144.14,55,7927.699999999999,272763449.96999973
2025-08-01 10:06:26 AM,144.13,0,0.0,272763449.96999973
2025-08-01 10:06:26 AM,144.13,578,83307.14,272846757.1099997
2025-08-01 10:06:29 AM,144.1,0,0.0,272846757.1099997
2025-08-01 10:06:29 AM,144.1,347,50002.7,272896759.8099997
2025-08-01 10:06:32 AM,144.1,307,44238.7,272940998.5099997
2025-08-01 10:06:35 AM,144.07,198,28525.859999999997,272969524.3699997
2025-08-01 10:06:38 AM,144.07,191,27517.37,272997041.7399997
2025-08-01 10:06:41 AM,144.09,0,0.0,272997041.7399997
2025-08-01 10:06:41 AM,144.06,70,10084.2,273007125.9399997
2025-08-01 10:06:44 AM,144.06,116,16710.96,273023836.8999997
2025-08-01 10:06:48 AM,144.09,213,30691.170000000002,273054528.0699997
2025-08-01 10:06:50 AM,144.15,2109,304012.35000000003,273358540.4199997
2025-08-01 10:06:51 AM,144.2,0,0.0,273358540.4199997
2025-08-01 10:06:54 AM,144.17,289,41665.13,273400205.5499997
2025-08-01 10:06:56 AM,144.17,1058,152531.86,273552737.4099997
2025-08-01 10:07:00 AM,144.17,73,10524.41,273563261.81999975
2025-08-01 10:07:02 AM,144.17,115,16579.55,273579841.36999977
2025-08-01 10:07:06 AM,144.14,0,0.0,273579841.36999977
2025-08-01 10:07:06 AM,144.14,858,123672.12,273703513.4899998
2025-08-01 10:07:08 AM,144.15,209,30127.350000000002,273733640.8399998
2025-08-01 10:07:11 AM,144.13,0,0.0,273733640.8399998
2025-08-01 10:07:12 AM,144.09,490,70604.1,273804244.9399998
2025-08-01 10:07:14 AM,144.13,80,11530.4,273815775.3399998
2025-08-01 10:07:16 AM,144.1,0,0.0,273815775.3399998
2025-08-01 10:07:19 AM,144.14,1029,148320.06,273964095.3999998
2025-08-01 10:07:21 AM,144.14,254,36611.56,274000706.9599998
2025-08-01 10:07:25 AM,144.17,2,288.34,274000995.2999998
2025-08-01 10:07:26 AM,144.2,0,0.0,274000995.2999998
2025-08-01 10:07:27 AM,144.2,244,35184.799999999996,274036180.0999998
2025-08-01 10:07:31 AM,144.17,47,6775.99,274042956.0899998
2025-08-01 10:07:33 AM,144.17,211,30419.87,274073375.9599998
2025-08-01 10:07:37 AM,144.26,2558,369017.07999999996,274442393.0399998
2025-08-01 10:07:39 AM,144.24,266,38367.840000000004,274480760.87999976
2025-08-01 10:07:43 AM,144.24,5,721.2,274481482.07999974
2025-08-01 10:07:45 AM,144.26,19,2740.9399999999996,274484223.01999974
2025-08-01 10:07:48 AM,144.2,0,0.0,274484223.01999974
2025-08-01 10:07:49 AM,144.2,926,133529.19999999998,274617752.21999973
2025-08-01 10:07:51 AM,144.14,72,10378.079999999998,274628130.2999997
2025-08-01 10:07:56 AM,144.13,403,58084.39,274686214.6899997
2025-08-01 10:07:57 AM,144.15,16,2306.4,274688521.0899997
2025-08-01 10:07:58 AM,144.18,0,0.0,274688521.0899997
2025-08-01 10:08:02 AM,144.13,0,0.0,274688521.0899997
2025-08-01 10:08:02 AM,144.13,10,1441.3,274689962.3899997
2025-08-01 10:08:03 AM,144.13,219,31564.469999999998,274721526.8599997
2025-08-01 10:08:08 AM,144.14,0,0.0,274721526.8599997
2025-08-01 10:08:08 AM,144.14,86,12396.039999999999,274733922.89999974
2025-08-01 10:08:10 AM,144.15,908,130888.20000000001,274864811.0999997
2025-08-01 10:08:13 AM,144.23,0,0.0,274864811.0999997
2025-08-01 10:08:14 AM,144.23,365,52643.95,274917455.0499997
2025-08-01 10:08:16 AM,144.16,25,3604.0,274921059.0499997
2025-08-01 10:08:18 AM,144.22,0,0.0,274921059.0499997
2025-08-01 10:08:21 AM,144.22,74,10672.28,274931731.3299997
2025-08-01 10:08:22 AM,144.15,2426,349707.9,275281439.22999966
2025-08-01 10:08:24 AM,144.21,0,0.0,275281439.22999966
2025-08-01 10:08:26 AM,144.2,0,0.0,275281439.22999966
2025-08-01 10:08:27 AM,144.2,150,21630.0,275303069.22999966
2025-08-01 10:08:28 AM,144.2,202,29128.399999999998,275332197.62999964
2025-08-01 10:08:33 AM,144.2,1,144.2,275332341.8299996
2025-08-01 10:08:39 AM,144.2,26,3749.2,275336091.0299996
2025-08-01 10:08:40 AM,144.17,6,865.02,275336956.0499996
2025-08-01 10:08:42 AM,144.2,0,0.0,275336956.0499996
2025-08-01 10:08:45 AM,144.2,128,18457.6,275355413.6499996
2025-08-01 10:08:46 AM,144.2,7,1009.3999999999999,275356423.0499996
2025-08-01 10:08:50 AM,144.17,0,0.0,275356423.0499996
2025-08-01 10:08:51 AM,144.2,0,0.0,275356423.0499996
2025-08-01 10:08:51 AM,144.2,88,12689.599999999999,275369112.6499996
2025-08-01 10:08:52 AM,144.2,300,43260.0,275412372.6499996
2025-08-01 10:08:53 AM,144.15,0,0.0,275412372.6499996
2025-08-01 10:08:56 AM,144.13,0,0.0,275412372.6499996
2025-08-01 10:08:56 AM,144.14,3611,520489.54,275932862.18999964
2025-08-01 10:08:58 AM,144.14,10,1441.3999999999999,275934303.5899996
2025-08-01 10:09:02 AM,144.1,0,0.0,275934303.5899996
2025-08-01 10:09:02 AM,144.1,141,20318.1,275954621.68999964
2025-08-01 10:09:04 AM,144.14,2,288.28,275954909.9699996
2025-08-01 10:09:08 AM,144.14,319,45980.659999999996,276000890.62999964
2025-08-01 10:09:10 AM,144.14,16,2306.24,276003196.86999965
2025-08-01 10:09:14 AM,144.14,4,576.56,276003773.42999965
2025-08-01 10:09:16 AM,144.2,894,128914.79999999999,276132688.22999966
2025-08-01 10:09:18 AM,144.25,0,0.0,276132688.22999966
2025-08-01 10:09:20 AM,144.25,476,68663.0,276201351.22999966
2025-08-01 10:09:22 AM,144.2,2,288.4,276201639.62999964
2025-08-01 10:09:23 AM,144.24,0,0.0,276201639.62999964
2025-08-01 10:09:26 AM,144.2,0,0.0,276201639.62999964
2025-08-01 10:09:26 AM,144.2,41,5912.2,276207551.8299996
2025-08-01 10:09:28 AM,144.2,56,8075.199999999999,276215627.0299996
2025-08-01 10:09:29 AM,144.24,0,0.0,276215627.0299996
2025-08-01 10:09:32 AM,144.24,119,17164.56,276232791.5899996
2025-08-01 10:09:33 AM,144.2,0,0.0,276232791.5899996
2025-08-01 10:09:34 AM,144.29,6503,938317.87,277171109.4599996
2025-08-01 10:09:39 AM,144.24,0,0.0,277171109.4599996
2025-08-01 10:09:39 AM,144.24,70,10096.800000000001,277181206.25999963
2025-08-01 10:09:44 AM,144.24,444,64042.560000000005,277245248.81999964
2025-08-01 10:09:47 AM,144.23,0,0.0,277245248.81999964
2025-08-01 10:09:48 AM,144.24,0,0.0,277245248.81999964
2025-08-01 10:09:49 AM,144.2,574,82770.79999999999,277328019.61999965
2025-08-01 10:09:50 AM,144.28,0,0.0,277328019.61999965
2025-08-01 10:09:51 AM,144.28,792,114269.76,277442289.37999964
2025-08-01 10:09:54 AM,144.3,0,0.0,277442289.37999964
2025-08-01 10:09:55 AM,144.22,3109,448379.98,277890669.35999966
2025-08-01 10:09:59 AM,144.28,0,0.0,277890669.35999966
2025-08-01 10:10:00 AM,144.24,22,3173.28,277893842.6399996
2025-08-01 10:10:02 AM,144.24,1,144.24,277893986.87999964
2025-08-01 10:10:06 AM,144.24,21,3029.04,277897015.91999966
2025-08-01 10:10:11 AM,144.22,0,0.0,277897015.91999966
2025-08-01 10:10:12 AM,144.23,0,0.0,277897015.91999966
2025-08-01 10:10:12 AM,144.23,744,107307.12,278004323.03999966
2025-08-01 10:10:14 AM,144.19,1370,197540.3,278201863.3399997
2025-08-01 10:10:18 AM,144.17,11,1585.87,278203449.2099997
2025-08-01 10:10:20 AM,144.17,7,1009.1899999999999,278204458.3999997
2025-08-01 10:10:23 AM,144.16,0,0.0,278204458.3999997
2025-08-01 10:10:24 AM,144.16,1061,152953.76,278357412.15999967
2025-08-01 10:10:26 AM,144.16,13,1874.08,278359286.23999965
2025-08-01 10:10:30 AM,144.16,125,18020.0,278377306.23999965
2025-08-01 10:10:32 AM,144.16,1,144.16,278377450.3999997
2025-08-01 10:10:37 AM,144.16,100,14416.0,278391866.3999997
2025-08-01 10:10:42 AM,144.17,1246,179635.81999999998,278571502.2199997
2025-08-01 10:10:43 AM,144.2,35,5047.0,278576549.2199997
2025-08-01 10:10:47 AM,144.22,0,0.0,278576549.2199997
2025-08-01 10:10:48 AM,144.22,127,18315.94,278594865.15999967
2025-08-01 10:10:50 AM,144.22,5,721.1,278595586.2599997
2025-08-01 10:10:54 AM,144.22,24,3461.2799999999997,278599047.53999966
2025-08-01 10:10:55 AM,144.22,10,1442.2,278600489.73999965
2025-08-01 10:10:58 AM,144.16,0,0.0,278600489.73999965
2025-08-01 10:11:00 AM,144.21,0,0.0,278600489.73999965
2025-08-01 10:11:00 AM,144.21,51,7354.71,278607844.44999963
2025-08-01 10:11:01 AM,144.22,8,1153.76,278608998.2099996
2025-08-01 10:11:05 AM,144.22,60,8653.2,278617651.4099996
2025-08-01 10:11:07 AM,144.17,192,27680.64,278645332.0499996
2025-08-01 10:11:11 AM,144.22,0,0.0,278645332.0499996
2025-08-01 10:11:12 AM,144.22,32,4615.04,278649947.0899996
2025-08-01 10:11:13 AM,144.22,4,576.88,278650523.9699996
2025-08-01 10:11:18 AM,144.22,20,2884.4,278653408.3699996
2025-08-01 10:11:23 AM,144.22,76,10960.72,278664369.0899996
2025-08-01 10:11:24 AM,144.22,1,144.22,278664513.30999964
2025-08-01 10:11:29 AM,144.22,97,13989.34,278678502.6499996
2025-08-01 10:11:30 AM,144.22,10,1442.2,278679944.8499996
2025-08-01 10:11:34 AM,144.22,16,2307.52,278682252.3699996
2025-08-01 10:11:36 AM,144.22,1,144.22,278682396.5899996
2025-08-01 10:11:40 AM,144.22,666,96050.52,278778447.1099996
2025-08-01 10:11:42 AM,144.22,200,28844.0,278807291.1099996
2025-08-01 10:11:46 AM,144.22,22,3172.84,278810463.9499996
2025-08-01 10:11:52 AM,144.18,510,73531.8,278883995.7499996
2025-08-01 10:11:53 AM,144.18,4,576.72,278884572.4699996
2025-08-01 10:11:56 AM,144.22,0,0.0,278884572.4699996
2025-08-01 10:11:58 AM,144.22,303,43698.659999999996,278928271.12999964
2025-08-01 10:11:59 AM,144.16,0,0.0,278928271.12999964
2025-08-01 10:11:59 AM,144.16,923,133059.68,279061330.80999964
2025-08-01 10:12:02 AM,144.22,0,0.0,279061330.80999964
2025-08-01 10:12:04 AM,144.22,831,119846.81999999999,279181177.62999964
2025-08-01 10:12:05 AM,144.23,1,144.23,279181321.85999966
2025-08-01 10:12:08 AM,144.22,0,0.0,279181321.85999966
2025-08-01 10:12:08 AM,144.23,0,0.0,279181321.85999966
2025-08-01 10:12:10 AM,144.22,129,18604.38,279199926.23999965
2025-08-01 10:12:11 AM,144.23,0,0.0,279199926.23999965
2025-08-01 10:12:11 AM,144.23,10,1442.3,279201368.53999966
2025-08-01 10:12:14 AM,144.22,0,0.0,279201368.53999966
2025-08-01 10:12:16 AM,144.23,510,73557.29999999999,279274925.8399997
2025-08-01 10:12:17 AM,144.19,0,0.0,279274925.8399997
2025-08-01 10:12:17 AM,144.19,58,8363.02,279283288.85999966
2025-08-01 10:12:20 AM,144.18,0,0.0,279283288.85999966
2025-08-01 10:12:22 AM,144.18,401,57816.18,279341105.03999966
2025-08-01 10:12:22 AM,144.19,5,720.95,279341825.98999965
2025-08-01 10:12:26 AM,144.23,0,0.0,279341825.98999965
2025-08-01 10:12:27 AM,144.19,2647,381670.93,279723496.91999966
2025-08-01 10:12:29 AM,144.23,0,0.0,279723496.91999966
2025-08-01 10:12:32 AM,144.28,0,0.0,279723496.91999966
2025-08-01 10:12:33 AM,144.28,150,21642.0,279745138.91999966
2025-08-01 10:12:38 AM,144.3,0,0.0,279745138.91999966
2025-08-01 10:12:39 AM,144.33,13046,1882929.1800000002,281628068.09999967
2025-08-01 10:12:44 AM,144.33,4,577.32,281628645.41999966
2025-08-01 10:12:45 AM,144.33,1200,173196.00000000003,281801841.41999966
2025-08-01 10:12:50 AM,144.33,107,15443.310000000001,281817284.72999966
2025-08-01 10:12:53 AM,144.29,0,0.0,281817284.72999966
2025-08-01 10:12:56 AM,144.28,0,0.0,281817284.72999966
2025-08-01 10:12:56 AM,144.28,321,46313.88,281863598.60999966
2025-08-01 10:12:59 AM,144.29,0,0.0,281863598.60999966
2025-08-01 10:13:02 AM,144.29,97,13996.13,281877594.73999965
2025-08-01 10:13:02 AM,144.29,500,72145.0,281949739.73999965
2025-08-01 10:13:05 AM,144.28,0,0.0,281949739.73999965
2025-08-01 10:13:07 AM,144.28,113,16303.64,281966043.37999964
2025-08-01 10:13:08 AM,144.27,1049,151339.23,282117382.60999966
2025-08-01 10:13:13 AM,144.25,1900,274075.0,282391457.60999966
2025-08-01 10:13:17 AM,144.26,0,0.0,282391457.60999966
2025-08-01 10:13:19 AM,144.23,117,16874.91,282408332.5199997
2025-08-01 10:13:20 AM,144.26,1,144.26,282408476.7799997
2025-08-01 10:13:25 AM,144.26,25,3606.5,282412083.2799997
2025-08-01 10:13:31 AM,144.26,280,40392.799999999996,282452476.0799997
2025-08-01 10:13:35 AM,144.25,0,0.0,282452476.0799997
2025-08-01 10:13:37 AM,144.26,521,75159.45999999999,282527635.53999966
2025-08-01 10:13:41 AM,144.29,0,0.0,282527635.53999966
2025-08-01 10:13:43 AM,144.22,438,63168.36,282590803.8999997
2025-08-01 10:13:44 AM,144.25,580,83665.0,282674468.8999997
2025-08-01 10:13:49 AM,144.25,96,13848.0,282688316.8999997
2025-08-01 10:13:55 AM,144.21,298,42974.58,282731291.47999966
2025-08-01 10:13:56 AM,144.25,0,0.0,282731291.47999966
2025-08-01 10:13:56 AM,144.25,35,5048.75,282736340.22999966
2025-08-01 10:13:59 AM,144.21,0,0.0,282736340.22999966
2025-08-01 10:14:01 AM,144.21,243,35043.03,282771383.25999963
2025-08-01 10:14:05 AM,144.25,0,0.0,282771383.25999963
2025-08-01 10:14:07 AM,144.25,106,15290.5,282786673.75999963
2025-08-01 10:14:08 AM,144.2,0,0.0,282786673.75999963
2025-08-01 10:14:11 AM,144.25,0,0.0,282786673.75999963
2025-08-01 10:14:12 AM,144.25,830,119727.5,282906401.25999963
2025-08-01 10:14:19 AM,144.21,1809,260875.89,283167277.1499996
2025-08-01 10:14:25 AM,144.25,1,144.25,283167421.3999996
2025-08-01 10:14:29 AM,144.21,0,0.0,283167421.3999996
2025-08-01 10:14:30 AM,144.21,19,2739.9900000000002,283170161.3899996
2025-08-01 10:14:31 AM,144.25,26,3750.5,283173911.8899996
2025-08-01 10:14:35 AM,144.25,4,577.0,283174488.8899996
2025-08-01 10:14:37 AM,144.25,213,30725.25,283205214.1399996
2025-08-01 10:14:41 AM,144.21,0,0.0,283205214.1399996
2025-08-01 10:14:41 AM,144.21,149,21487.29,283226701.42999965
2025-08-01 10:14:47 AM,144.24,0,0.0,283226701.42999965
2025-08-01 10:14:47 AM,144.24,24,3461.76,283230163.18999964
2025-08-01 10:14:48 AM,144.24,3,432.72,283230595.90999967
2025-08-01 10:14:53 AM,144.24,188,27117.120000000003,283257713.0299997
2025-08-01 10:14:54 AM,144.25,4000,577000.0,283834713.0299997
2025-08-01 10:14:59 AM,144.25,355,51208.75,283885921.7799997
2025-08-01 10:15:04 AM,144.25,177,25532.25,283911454.0299997
2025-08-01 10:15:10 AM,144.25,182,26253.5,283937707.5299997
2025-08-01 10:15:14 AM,144.26,0,0.0,283937707.5299997
2025-08-01 10:15:16 AM,144.28,852,122926.56,284060634.0899997
2025-08-01 10:15:17 AM,144.27,0,0.0,284060634.0899997
2025-08-01 10:15:17 AM,144.27,2,288.54,284060922.6299997
2025-08-01 10:15:22 AM,144.27,300,43281.0,284104203.6299997
2025-08-01 10:15:25 AM,144.29,0,0.0,284104203.6299997
2025-08-01 10:15:28 AM,144.27,0,0.0,284104203.6299997
2025-08-01 10:15:28 AM,144.27,858,123783.66,284227987.2899997
2025-08-01 10:15:31 AM,144.25,0,0.0,284227987.2899997
2025-08-01 10:15:34 AM,144.25,527,76019.75,284304007.0399997
2025-08-01 10:15:35 AM,144.25,1,144.25,284304151.2899997
2025-08-01 10:15:40 AM,144.27,672,96949.44,284401100.7299997
2025-08-01 10:15:43 AM,144.23,0,0.0,284401100.7299997
2025-08-01 10:15:46 AM,144.23,241,34759.43,284435860.1599997
2025-08-01 10:15:50 AM,144.21,0,0.0,284435860.1599997
2025-08-01 10:15:52 AM,144.21,1283,185021.43000000002,284620881.58999974
2025-08-01 10:15:55 AM,144.23,0,0.0,284620881.58999974
2025-08-01 10:15:58 AM,144.23,81,11682.63,284632564.21999973
2025-08-01 10:16:04 AM,144.23,2980,429805.39999999997,285062369.6199997
2025-08-01 10:16:05 AM,144.27,0,0.0,285062369.6199997
2025-08-01 10:16:08 AM,144.28,0,0.0,285062369.6199997
2025-08-01 10:16:09 AM,144.27,39,5626.530000000001,285067996.1499997
2025-08-01 10:16:13 AM,144.26,0,0.0,285067996.1499997
2025-08-01 10:16:14 AM,144.25,0,0.0,285067996.1499997
2025-08-01 10:16:16 AM,144.25,339,48900.75,285116896.8999997
2025-08-01 10:16:21 AM,144.25,28,4039.0,285120935.8999997
2025-08-01 10:16:22 AM,144.25,1,144.25,285121080.1499997
2025-08-01 10:16:25 AM,144.26,0,0.0,285121080.1499997
2025-08-01 10:16:26 AM,144.24,0,0.0,285121080.1499997
2025-08-01 10:16:27 AM,144.23,8942,1289704.66,286410784.8099997
2025-08-01 10:16:28 AM,144.23,35,5048.049999999999,286415832.8599997
2025-08-01 10:16:32 AM,144.21,0,0.0,286415832.8599997
2025-08-01 10:16:33 AM,144.23,113,16297.989999999998,286432130.8499997
2025-08-01 10:16:39 AM,144.23,20,2884.6,286435015.44999975
2025-08-01 10:16:39 AM,144.23,4,576.92,286435592.36999977
2025-08-01 10:16:45 AM,144.23,601,86682.23,286522274.5999998
2025-08-01 10:16:49 AM,144.21,0,0.0,286522274.5999998
2025-08-01 10:16:50 AM,144.21,623,89842.83,286612117.42999977
2025-08-01 10:16:52 AM,144.25,0,0.0,286612117.42999977
2025-08-01 10:16:56 AM,144.25,49,7068.25,286619185.67999977
2025-08-01 10:17:01 AM,144.23,0,0.0,286619185.67999977
2025-08-01 10:17:01 AM,144.23,11,1586.53,286620772.20999974
2025-08-01 10:17:05 AM,144.21,0,0.0,286620772.20999974
2025-08-01 10:17:07 AM,144.21,674,97197.54000000001,286717969.74999976
2025-08-01 10:17:08 AM,144.23,0,0.0,286717969.74999976
2025-08-01 10:17:10 AM,144.25,0,0.0,286717969.74999976
2025-08-01 10:17:11 AM,144.21,0,0.0,286717969.74999976
2025-08-01 10:17:12 AM,144.21,1995,287698.95,287005668.69999975
2025-08-01 10:17:14 AM,144.19,0,0.0,287005668.69999975
2025-08-01 10:17:18 AM,144.17,3331,480230.26999999996,287485898.96999973
2025-08-01 10:17:20 AM,144.16,0,0.0,287485898.96999973
2025-08-01 10:17:22 AM,144.18,0,0.0,287485898.96999973
2025-08-01 10:17:24 AM,144.19,282,40661.58,287526560.5499997
2025-08-01 10:17:29 AM,144.17,0,0.0,287526560.5499997
2025-08-01 10:17:30 AM,144.17,130,18742.1,287545302.64999974
2025-08-01 10:17:32 AM,144.18,0,0.0,287545302.64999974
2025-08-01 10:17:36 AM,144.18,178,25664.04,287570966.68999976
2025-08-01 10:17:36 AM,144.14,10,1441.3999999999999,287572408.08999974
2025-08-01 10:17:37 AM,144.18,0,0.0,287572408.08999974
2025-08-01 10:17:42 AM,144.18,212,30566.16,287602974.24999976
2025-08-01 10:17:47 AM,144.13,0,0.0,287602974.24999976
2025-08-01 10:17:47 AM,144.17,293,42241.81,287645216.05999976
2025-08-01 10:17:52 AM,144.15,0,0.0,287645216.05999976
2025-08-01 10:17:53 AM,144.12,0,0.0,287645216.05999976
2025-08-01 10:17:53 AM,144.17,415,59830.549999999996,287705046.6099998
2025-08-01 10:17:58 AM,144.13,0,0.0,287705046.6099998
2025-08-01 10:17:59 AM,144.13,16,2306.08,287707352.68999976
2025-08-01 10:18:05 AM,144.13,157,22628.41,287729981.0999998
2025-08-01 10:18:11 AM,144.13,382,55057.659999999996,287785038.7599998
2025-08-01 10:18:17 AM,144.11,641,92374.51000000001,287877413.2699998
2025-08-01 10:18:19 AM,144.13,0,0.0,287877413.2699998
2025-08-01 10:18:22 AM,144.13,271,39059.229999999996,287916472.4999998
2025-08-01 10:18:25 AM,144.11,0,0.0,287916472.4999998
2025-08-01 10:18:28 AM,144.14,0,0.0,287916472.4999998
2025-08-01 10:18:28 AM,144.14,280,40359.2,287956831.6999998
2025-08-01 10:18:32 AM,144.13,0,0.0,287956831.6999998
2025-08-01 10:18:34 AM,144.11,142,20463.620000000003,287977295.3199998
2025-08-01 10:18:34 AM,144.1,100,14410.0,287991705.3199998
2025-08-01 10:18:35 AM,144.13,0,0.0,287991705.3199998
2025-08-01 10:18:38 AM,144.1,0,0.0,287991705.3199998
2025-08-01 10:18:40 AM,144.13,0,0.0,287991705.3199998
2025-08-01 10:18:40 AM,144.13,14,2017.82,287993723.1399998
2025-08-01 10:18:41 AM,144.1,0,0.0,287993723.1399998
2025-08-01 10:18:43 AM,144.13,0,0.0,287993723.1399998
2025-08-01 10:18:45 AM,144.05,0,0.0,287993723.1399998
2025-08-01 10:18:45 AM,144.05,7194,1036295.7000000001,289030018.8399998
2025-08-01 10:18:46 AM,144.13,37,5332.8099999999995,289035351.6499998
2025-08-01 10:18:50 AM,144.12,0,0.0,289035351.6499998
2025-08-01 10:18:51 AM,144.13,0,0.0,289035351.6499998
2025-08-01 10:18:51 AM,144.12,2444,352229.28,289387580.92999977
2025-08-01 10:18:54 AM,144.13,0,0.0,289387580.92999977
2025-08-01 10:18:57 AM,144.13,310,44680.299999999996,289432261.2299998
2025-08-01 10:18:58 AM,144.14,0,0.0,289432261.2299998
2025-08-01 10:19:00 AM,144.2,0,0.0,289432261.2299998
2025-08-01 10:19:02 AM,144.2,2660,383571.99999999994,289815833.2299998
2025-08-01 10:19:08 AM,144.21,789,113781.69,289929614.9199998
2025-08-01 10:19:08 AM,144.18,5,720.9000000000001,289930335.81999975
2025-08-01 10:19:14 AM,144.21,45,6489.450000000001,289936825.26999974
2025-08-01 10:19:14 AM,144.21,72,10383.12,289947208.38999975
2025-08-01 10:19:18 AM,144.23,0,0.0,289947208.38999975
2025-08-01 10:19:20 AM,144.2,951,137134.19999999998,290084342.58999974
