date,price,qty,trnvr,cum_trnvr
2025-08-01 09:15:04 AM,1489.4,156,232346.40000000002,232346.40000000002
2025-08-01 09:15:06 AM,1484.2,2,2968.4,235314.80000000002
2025-08-01 09:15:13 AM,1485.1,0,0.0,235314.80000000002
2025-08-01 09:15:15 AM,1482.0,230,340860.0,576174.8
2025-08-01 09:15:22 AM,1486.0,0,0.0,576174.8
2025-08-01 09:15:23 AM,1482.9,0,0.0,576174.8
2025-08-01 09:15:25 AM,1483.4,691,1025029.4,1601204.2000000002
2025-08-01 09:15:27 AM,1482.1,41,60766.1,1661970.3000000003
2025-08-01 09:15:33 AM,1482.0,0,0.0,1661970.3000000003
2025-08-01 09:15:34 AM,1481.7,532,788264.4,2450234.7
2025-08-01 09:15:35 AM,1483.5,4,5934.0,2456168.7
2025-08-01 09:15:37 AM,1474.9,0,0.0,2456168.7
2025-08-01 09:15:41 AM,1476.6,0,0.0,2456168.7
2025-08-01 09:15:42 AM,1476.6,416,614265.6,3070434.3000000003
2025-08-01 09:15:44 AM,1476.6,15,22149.0,3092583.3000000003
2025-08-01 09:15:49 AM,1474.4,0,0.0,3092583.3000000003
2025-08-01 09:15:51 AM,1474.4,212,312572.80000000005,3405156.1000000006
2025-08-01 09:15:55 AM,1474.7,0,0.0,3405156.1000000006
2025-08-01 09:15:57 AM,1474.4,0,0.0,3405156.1000000006
2025-08-01 09:15:59 AM,1472.9,275,405047.5,3810203.6000000006
2025-08-01 09:16:00 AM,1474.5,504,743148.0,4553351.600000001
2025-08-01 09:16:03 AM,1474.8,0,0.0,4553351.600000001
2025-08-01 09:16:07 AM,1474.8,25,36870.0,4590221.600000001
2025-08-01 09:16:07 AM,1474.9,0,0.0,4590221.600000001
2025-08-01 09:16:09 AM,1474.9,21,30972.9,4621194.500000001
2025-08-01 09:16:11 AM,1473.2,0,0.0,4621194.500000001
2025-08-01 09:16:15 AM,1473.2,1,1473.2,4622667.700000001
2025-08-01 09:16:18 AM,1472.9,0,0.0,4622667.700000001
2025-08-01 09:16:23 AM,1472.9,2,2945.8,4625613.500000001
2025-08-01 09:16:30 AM,1475.2,0,0.0,4625613.500000001
2025-08-01 09:16:31 AM,1475.2,6,8851.2,4634464.700000001
2025-08-01 09:16:38 AM,1471.8,0,0.0,4634464.700000001
2025-08-01 09:16:40 AM,1475.1,150,221265.0,4855729.700000001
2025-08-01 09:16:48 AM,1473.8,34,50109.2,4905838.900000001
2025-08-01 09:17:13 AM,1476.5,120,177180.0,5083018.900000001
2025-08-01 09:17:26 AM,1476.1,0,0.0,5083018.900000001
2025-08-01 09:17:29 AM,1476.1,511,754287.1,5837306.000000001
2025-08-01 09:17:30 AM,1477.2,13,19203.600000000002,5856509.600000001
2025-08-01 09:17:37 AM,1476.0,60,88560.0,5945069.600000001
2025-08-01 09:17:55 AM,1474.3,200,294860.0,6239929.600000001
2025-08-01 09:17:58 AM,1475.5,0,0.0,6239929.600000001
2025-08-01 09:18:00 AM,1474.5,0,0.0,6239929.600000001
2025-08-01 09:18:02 AM,1474.5,222,327339.0,6567268.600000001
2025-08-01 09:18:03 AM,1475.4,50,73770.0,6641038.600000001
2025-08-01 09:18:06 AM,1473.1,0,0.0,6641038.600000001
2025-08-01 09:18:11 AM,1473.1,120,176772.0,6817810.600000001
2025-08-01 09:18:14 AM,1473.6,0,0.0,6817810.600000001
2025-08-01 09:18:19 AM,1473.4,22,32414.800000000003,6850225.4
2025-08-01 09:18:27 AM,1476.5,112,165368.0,7015593.4
2025-08-01 09:18:52 AM,1473.3,60,88398.0,7103991.4
2025-08-01 09:19:00 AM,1471.1,210,308931.0,7412922.4
2025-08-01 09:19:01 AM,1470.7,1,1470.7,7414393.100000001
2025-08-01 09:19:10 AM,1470.0,0,0.0,7414393.100000001
2025-08-01 09:19:16 AM,1470.0,17,24990.0,7439383.100000001
2025-08-01 09:19:17 AM,1469.2,14,20568.8,7459951.9
2025-08-01 09:19:24 AM,1469.2,5,7346.0,7467297.9
2025-08-01 09:19:32 AM,1468.0,16,23488.0,7490785.9
2025-08-01 09:19:40 AM,1466.0,15,21990.0,7512775.9
2025-08-01 09:19:48 AM,1464.4,34,49789.600000000006,7562565.5
2025-08-01 09:19:56 AM,1464.1,631,923847.1,8486412.6
2025-08-01 09:20:04 AM,1464.3,58,84929.4,8571342.0
2025-08-01 09:20:04 AM,1465.1,0,0.0,8571342.0
2025-08-01 09:20:06 AM,1465.1,7,10255.699999999999,8581597.7
2025-08-01 09:20:20 AM,1465.1,3,4395.299999999999,8585993.0
2025-08-01 09:20:22 AM,1466.1,20,29322.0,8615315.0
2025-08-01 09:20:25 AM,1465.1,0,0.0,8615315.0
2025-08-01 09:20:28 AM,1465.1,10,14651.0,8629966.0
2025-08-01 09:20:30 AM,1466.0,4,5864.0,8635830.0
2025-08-01 09:20:36 AM,1466.0,4,5864.0,8641694.0
2025-08-01 09:20:45 AM,1466.4,10,14664.0,8656358.0
2025-08-01 09:20:56 AM,1467.2,0,0.0,8656358.0
2025-08-01 09:20:59 AM,1467.2,6,8803.2,8665161.2
2025-08-01 09:21:03 AM,1467.9,0,0.0,8665161.2
2025-08-01 09:21:05 AM,1468.4,0,0.0,8665161.2
2025-08-01 09:21:07 AM,1468.4,40,58736.0,8723897.2
2025-08-01 09:21:11 AM,1466.6,0,0.0,8723897.2
2025-08-01 09:21:15 AM,1466.6,546,800763.6,9524660.799999999
2025-08-01 09:21:23 AM,1467.1,43,63085.299999999996,9587746.1
2025-08-01 09:21:26 AM,1465.5,0,0.0,9587746.1
2025-08-01 09:21:31 AM,1465.1,56,82045.59999999999,9669791.7
2025-08-01 09:21:40 AM,1465.7,0,0.0,9669791.7
2025-08-01 09:21:46 AM,1465.1,58,84975.79999999999,9754767.5
2025-08-01 09:21:47 AM,1465.1,170,249066.99999999997,10003834.5
2025-08-01 09:21:49 AM,1465.0,0,0.0,10003834.5
2025-08-01 09:21:52 AM,1465.7,0,0.0,10003834.5
2025-08-01 09:21:53 AM,1465.7,126,184678.2,10188512.7
2025-08-01 09:22:00 AM,1463.3,0,0.0,10188512.7
2025-08-01 09:22:01 AM,1463.3,80,117064.0,10305576.7
2025-08-01 09:22:46 AM,1465.7,0,0.0,10305576.7
2025-08-01 09:22:47 AM,1465.7,120,175884.0,10481460.7
2025-08-01 09:23:03 AM,1465.3,1,1465.3,10482926.0
2025-08-01 09:23:09 AM,1464.1,17,24889.699999999997,10507815.7
2025-08-01 09:23:14 AM,1464.0,0,0.0,10507815.7
2025-08-01 09:23:17 AM,1461.1,219,319980.89999999997,10827796.6
2025-08-01 09:23:49 AM,1461.2,1,1461.2,10829257.799999999
2025-08-01 09:23:52 AM,1462.1,0,0.0,10829257.799999999
2025-08-01 09:23:55 AM,1462.1,1,1462.1,10830719.899999999
2025-08-01 09:24:18 AM,1462.6,1,1462.6,10832182.499999998
2025-08-01 09:24:25 AM,1462.0,0,0.0,10832182.499999998
2025-08-01 09:24:26 AM,1462.0,11,16082.0,10848264.499999998
2025-08-01 09:24:34 AM,1460.0,1579,2305340.0,13153604.499999998
2025-08-01 09:24:35 AM,1456.8,224,326323.2,13479927.699999997
2025-08-01 09:24:37 AM,1457.7,0,0.0,13479927.699999997
2025-08-01 09:24:41 AM,1454.4,87,126532.8,13606460.499999998
2025-08-01 09:24:43 AM,1455.3,14,20374.2,13626834.699999997
2025-08-01 09:24:43 AM,1455.9,0,0.0,13626834.699999997
2025-08-01 09:24:48 AM,1455.0,301,437955.0,14064789.699999997
2025-08-01 09:24:50 AM,1454.4,60,87264.0,14152053.699999997
2025-08-01 09:24:55 AM,1454.2,0,0.0,14152053.699999997
2025-08-01 09:24:56 AM,1454.2,40,58168.0,14210221.699999997
2025-08-01 09:25:02 AM,1453.2,0,0.0,14210221.699999997
2025-08-01 09:25:03 AM,1453.2,9,13078.800000000001,14223300.499999998
2025-08-01 09:25:04 AM,1453.1,0,0.0,14223300.499999998
2025-08-01 09:25:05 AM,1453.1,15,21796.5,14245096.999999998
2025-08-01 09:25:11 AM,1453.0,0,0.0,14245096.999999998
2025-08-01 09:25:13 AM,1453.1,19,27608.899999999998,14272705.899999999
2025-08-01 09:25:18 AM,1453.1,2,2906.2,14275612.099999998
2025-08-01 09:25:21 AM,1453.1,52,75561.2,14351173.299999997
2025-08-01 09:25:22 AM,1453.2,0,0.0,14351173.299999997
2025-08-01 09:25:23 AM,1453.3,0,0.0,14351173.299999997
2025-08-01 09:25:26 AM,1453.3,37,53772.1,14404945.399999997
2025-08-01 09:25:29 AM,1455.0,0,0.0,14404945.399999997
2025-08-01 09:25:33 AM,1456.0,72,104832.0,14509777.399999997
2025-08-01 09:25:34 AM,1456.3,0,0.0,14509777.399999997
2025-08-01 09:25:35 AM,1456.3,15,21844.5,14531621.899999997
2025-08-01 09:25:40 AM,1455.4,0,0.0,14531621.899999997
2025-08-01 09:25:41 AM,1455.4,47,68403.8,14600025.699999997
2025-08-01 09:25:51 AM,1455.5,53,77141.5,14677167.199999997
2025-08-01 09:25:51 AM,1454.9,0,0.0,14677167.199999997
2025-08-01 09:25:56 AM,1455.0,41,59655.0,14736822.199999997
2025-08-01 09:26:13 AM,1454.0,200,290800.0,15027622.199999997
2025-08-01 09:26:19 AM,1454.0,560,814240.0,15841862.199999997
2025-08-01 09:26:21 AM,1455.3,25,36382.5,15878244.699999997
2025-08-01 09:26:32 AM,1454.2,0,0.0,15878244.699999997
2025-08-01 09:26:34 AM,1454.2,3,4362.6,15882607.299999997
2025-08-01 09:26:38 AM,1455.7,0,0.0,15882607.299999997
2025-08-01 09:26:42 AM,1455.7,2,2911.4,15885518.699999997
2025-08-01 09:26:56 AM,1455.6,0,0.0,15885518.699999997
2025-08-01 09:26:57 AM,1455.6,38,55312.799999999996,15940831.499999998
2025-08-01 09:26:58 AM,1455.7,7,10189.9,15951021.399999999
2025-08-01 09:27:02 AM,1457.6,0,0.0,15951021.399999999
2025-08-01 09:27:04 AM,1457.6,17,24779.199999999997,15975800.599999998
2025-08-01 09:27:12 AM,1458.0,119,173502.0,16149302.599999998
2025-08-01 09:27:13 AM,1460.0,389,567940.0,16717242.599999998
2025-08-01 09:27:17 AM,1459.2,0,0.0,16717242.599999998
2025-08-01 09:27:19 AM,1459.2,99,144460.80000000002,16861703.4
2025-08-01 09:27:22 AM,1461.0,0,0.0,16861703.4
2025-08-01 09:27:27 AM,1462.4,147,214972.80000000002,17076676.2
2025-08-01 09:27:37 AM,1460.1,0,0.0,17076676.2
2025-08-01 09:27:41 AM,1460.1,41,59864.1,17136540.3
2025-08-01 09:27:48 AM,1459.5,0,0.0,17136540.3
2025-08-01 09:27:49 AM,1459.5,30,43785.0,17180325.3
2025-08-01 09:28:03 AM,1458.7,0,0.0,17180325.3
2025-08-01 09:28:05 AM,1458.7,821,1197592.7,18377918.0
2025-08-01 09:28:06 AM,1458.7,15,21880.5,18399798.5
2025-08-01 09:28:27 AM,1458.3,0,0.0,18399798.5
2025-08-01 09:28:28 AM,1458.3,501,730608.2999999999,19130406.8
2025-08-01 09:28:37 AM,1457.4,10,14574.0,19144980.8
2025-08-01 09:28:43 AM,1458.3,0,0.0,19144980.8
2025-08-01 09:28:43 AM,1456.9,31,45163.9,19190144.7
2025-08-01 09:28:58 AM,1458.3,57,83123.09999999999,19273267.8
2025-08-01 09:29:01 AM,1457.2,0,0.0,19273267.8
2025-08-01 09:29:06 AM,1457.2,30,43716.0,19316983.8
2025-08-01 09:29:21 AM,1457.0,71,103447.0,19420430.8
2025-08-01 09:29:42 AM,1456.9,0,0.0,19420430.8
2025-08-01 09:29:44 AM,1456.9,53,77215.70000000001,19497646.5
2025-08-01 09:30:04 AM,1458.8,0,0.0,19497646.5
2025-08-01 09:30:06 AM,1457.6,26,37897.6,19535544.1
2025-08-01 09:30:12 AM,1457.5,0,0.0,19535544.1
2025-08-01 09:30:14 AM,1457.5,2,2915.0,19538459.1
2025-08-01 09:30:25 AM,1458.7,0,0.0,19538459.1
2025-08-01 09:30:29 AM,1458.7,3,4376.1,19542835.200000003
2025-08-01 09:30:33 AM,1455.8,0,0.0,19542835.200000003
2025-08-01 09:30:36 AM,1456.6,469,683145.3999999999,20225980.6
2025-08-01 09:30:43 AM,1455.0,16,23280.0,20249260.6
2025-08-01 09:30:49 AM,1456.1,0,0.0,20249260.6
2025-08-01 09:30:51 AM,1456.1,6,8736.599999999999,20257997.200000003
2025-08-01 09:30:51 AM,1456.0,10,14560.0,20272557.200000003
2025-08-01 09:30:58 AM,1456.7,23,33504.1,20306061.300000004
2025-08-01 09:31:04 AM,1456.4,0,0.0,20306061.300000004
2025-08-01 09:31:05 AM,1456.4,25,36410.0,20342471.300000004
2025-08-01 09:31:16 AM,1456.7,0,0.0,20342471.300000004
2025-08-01 09:31:20 AM,1457.6,0,0.0,20342471.300000004
2025-08-01 09:31:20 AM,1457.6,26,37897.6,20380368.900000006
2025-08-01 09:31:32 AM,1457.8,0,0.0,20380368.900000006
2025-08-01 09:31:35 AM,1457.8,4,5831.2,20386200.100000005
2025-08-01 09:31:38 AM,1458.0,0,0.0,20386200.100000005
2025-08-01 09:31:42 AM,1458.0,123,179334.0,20565534.100000005
2025-08-01 09:31:51 AM,1457.2,0,0.0,20565534.100000005
2025-08-01 09:31:55 AM,1457.1,0,0.0,20565534.100000005
2025-08-01 09:31:56 AM,1457.1,250,364275.0,20929809.100000005
2025-08-01 09:32:00 AM,1458.9,0,0.0,20929809.100000005
2025-08-01 09:32:03 AM,1459.8,8,11678.4,20941487.500000004
2025-08-01 09:32:06 AM,1458.2,0,0.0,20941487.500000004
2025-08-01 09:32:10 AM,1459.4,87,126967.8,21068455.300000004
2025-08-01 09:32:18 AM,1460.0,0,0.0,21068455.300000004
2025-08-01 09:32:23 AM,1461.5,0,0.0,21068455.300000004
2025-08-01 09:32:24 AM,1461.5,139,203148.5,21271603.800000004
2025-08-01 09:32:30 AM,1461.2,0,0.0,21271603.800000004
2025-08-01 09:32:31 AM,1461.2,15,21918.0,21293521.800000004
2025-08-01 09:32:37 AM,1460.6,81,118308.59999999999,21411830.400000006
2025-08-01 09:32:45 AM,1462.6,450,658170.0,22070000.400000006
2025-08-01 09:32:48 AM,1461.5,0,0.0,22070000.400000006
2025-08-01 09:32:52 AM,1461.5,4,5846.0,22075846.400000006
2025-08-01 09:32:54 AM,1460.7,0,0.0,22075846.400000006
2025-08-01 09:32:58 AM,1460.4,26,37970.4,22113816.800000004
2025-08-01 09:33:00 AM,1461.6,0,0.0,22113816.800000004
2025-08-01 09:33:05 AM,1461.6,1,1461.6,22115278.400000006
2025-08-01 09:33:11 AM,1459.4,0,0.0,22115278.400000006
2025-08-01 09:33:12 AM,1459.4,67,97779.8,22213058.200000007
2025-08-01 09:33:16 AM,1458.9,0,0.0,22213058.200000007
2025-08-01 09:33:19 AM,1458.9,65,94828.5,22307886.700000007
2025-08-01 09:33:26 AM,1459.1,0,0.0,22307886.700000007
2025-08-01 09:33:26 AM,1459.1,860,1254826.0,23562712.700000007
2025-08-01 09:33:36 AM,1460.1,0,0.0,23562712.700000007
2025-08-01 09:33:40 AM,1460.1,100,146010.0,23708722.700000007
2025-08-01 09:33:46 AM,1460.3,0,0.0,23708722.700000007
2025-08-01 09:33:47 AM,1460.3,100,146030.0,23854752.700000007
2025-08-01 09:33:54 AM,1460.3,10,14603.0,23869355.700000007
2025-08-01 09:34:01 AM,1460.5,8,11684.0,23881039.700000007
2025-08-01 09:34:15 AM,1459.8,100,145980.0,24027019.700000007
2025-08-01 09:34:22 AM,1460.4,33,48193.200000000004,24075212.900000006
2025-08-01 09:34:36 AM,1460.1,10,14601.0,24089813.900000006
2025-08-01 09:34:56 AM,1461.8,0,0.0,24089813.900000006
2025-08-01 09:34:57 AM,1461.8,50,73090.0,24162903.900000006
2025-08-01 09:35:06 AM,1461.7,0,0.0,24162903.900000006
2025-08-01 09:35:06 AM,1461.8,0,0.0,24162903.900000006
2025-08-01 09:35:11 AM,1461.8,12,17541.6,24180445.500000007
2025-08-01 09:35:21 AM,1460.1,0,0.0,24180445.500000007
2025-08-01 09:35:25 AM,1460.1,25,36502.5,24216948.000000007
2025-08-01 09:35:36 AM,1461.5,0,0.0,24216948.000000007
2025-08-01 09:35:39 AM,1461.5,1,1461.5,24218409.500000007
2025-08-01 09:35:51 AM,1461.6,0,0.0,24218409.500000007
2025-08-01 09:35:52 AM,1461.6,1,1461.6,24219871.10000001
2025-08-01 09:36:05 AM,1462.0,0,0.0,24219871.10000001
2025-08-01 09:36:05 AM,1462.0,13,19006.0,24238877.10000001
2025-08-01 09:36:09 AM,1463.2,0,0.0,24238877.10000001
2025-08-01 09:36:09 AM,1462.2,0,0.0,24238877.10000001
2025-08-01 09:36:12 AM,1462.2,8,11697.6,24250574.70000001
2025-08-01 09:36:12 AM,1462.1,25,36552.5,24287127.20000001
2025-08-01 09:36:17 AM,1462.9,0,0.0,24287127.20000001
2025-08-01 09:36:19 AM,1462.9,2,2925.8,24290053.00000001
2025-08-01 09:36:25 AM,1462.9,1,1462.9,24291515.90000001
2025-08-01 09:36:29 AM,1462.8,0,0.0,24291515.90000001
2025-08-01 09:36:29 AM,1462.9,0,0.0,24291515.90000001
2025-08-01 09:36:32 AM,1462.9,2,2925.8,24294441.70000001
2025-08-01 09:36:52 AM,1462.9,3,4388.700000000001,24298830.40000001
2025-08-01 09:37:05 AM,1462.9,6,8777.400000000001,24307607.80000001
2025-08-01 09:37:19 AM,1460.0,0,0.0,24307607.80000001
2025-08-01 09:37:19 AM,1460.0,1470,2146200.0,26453807.80000001
2025-08-01 09:37:26 AM,1460.0,22,32120.0,26485927.80000001
2025-08-01 09:37:40 AM,1460.0,30,43800.0,26529727.80000001
2025-08-01 09:37:47 AM,1459.4,0,0.0,26529727.80000001
2025-08-01 09:37:53 AM,1459.4,7,10215.800000000001,26539943.60000001
2025-08-01 09:37:59 AM,1458.6,17,24796.199999999997,26564739.80000001
2025-08-01 09:38:06 AM,1457.0,538,783866.0,27348605.80000001
2025-08-01 09:38:13 AM,1456.7,135,196654.5,27545260.30000001
2025-08-01 09:38:16 AM,1457.2,0,0.0,27545260.30000001
2025-08-01 09:38:20 AM,1455.9,35,50956.5,27596216.80000001
2025-08-01 09:38:36 AM,1456.0,0,0.0,27596216.80000001
2025-08-01 09:38:40 AM,1456.0,43,62608.0,27658824.80000001
2025-08-01 09:38:49 AM,1456.1,0,0.0,27658824.80000001
2025-08-01 09:38:53 AM,1456.1,10,14561.0,27673385.80000001
2025-08-01 09:39:11 AM,1457.0,0,0.0,27673385.80000001
2025-08-01 09:39:14 AM,1457.0,100,145700.0,27819085.80000001
2025-08-01 09:39:26 AM,1456.0,0,0.0,27819085.80000001
2025-08-01 09:39:27 AM,1456.0,15,21840.0,27840925.80000001
2025-08-01 09:39:40 AM,1456.1,968,1409504.7999999998,29250430.60000001
2025-08-01 09:40:05 AM,1456.3,0,0.0,29250430.60000001
2025-08-01 09:40:06 AM,1456.3,27,39320.1,29289750.70000001
2025-08-01 09:40:07 AM,1456.3,10,14563.0,29304313.70000001
2025-08-01 09:40:10 AM,1457.2,0,0.0,29304313.70000001
2025-08-01 09:40:13 AM,1457.4,17,24775.800000000003,29329089.50000001
2025-08-01 09:40:18 AM,1458.4,0,0.0,29329089.50000001
2025-08-01 09:40:19 AM,1458.4,23,33543.200000000004,29362632.70000001
2025-08-01 09:40:54 AM,1458.5,0,0.0,29362632.70000001
2025-08-01 09:40:59 AM,1458.5,10,14585.0,29377217.70000001
2025-08-01 09:41:21 AM,1459.5,0,0.0,29377217.70000001
2025-08-01 09:41:26 AM,1459.5,4,5838.0,29383055.70000001
2025-08-01 09:41:37 AM,1459.8,0,0.0,29383055.70000001
2025-08-01 09:41:39 AM,1459.8,171,249625.8,29632681.50000001
2025-08-01 09:41:44 AM,1458.5,0,0.0,29632681.50000001
2025-08-01 09:41:45 AM,1458.5,6,8751.0,29641432.50000001
2025-08-01 09:41:46 AM,1458.1,65,94776.5,29736209.00000001
2025-08-01 09:41:49 AM,1458.9,0,0.0,29736209.00000001
2025-08-01 09:41:52 AM,1458.9,20,29178.0,29765387.00000001
2025-08-01 09:42:10 AM,1457.5,0,0.0,29765387.00000001
2025-08-01 09:42:12 AM,1457.5,11,16032.5,29781419.50000001
2025-08-01 09:42:25 AM,1457.7,10,14577.0,29795996.50000001
2025-08-01 09:42:31 AM,1458.5,100,145850.0,29941846.50000001
2025-08-01 09:42:32 AM,1457.7,0,0.0,29941846.50000001
2025-08-01 09:42:32 AM,1457.7,15,21865.5,29963712.00000001
2025-08-01 09:42:40 AM,1457.5,0,0.0,29963712.00000001
2025-08-01 09:42:44 AM,1457.5,1,1457.5,29965169.50000001
2025-08-01 09:43:24 AM,1458.7,0,0.0,29965169.50000001
2025-08-01 09:43:24 AM,1458.7,30,43761.0,30008930.50000001
2025-08-01 09:43:27 AM,1457.5,0,0.0,30008930.50000001
2025-08-01 09:43:28 AM,1458.6,0,0.0,30008930.50000001
2025-08-01 09:43:30 AM,1458.6,12,17503.199999999997,30026433.70000001
2025-08-01 09:43:55 AM,1458.0,0,0.0,30026433.70000001
2025-08-01 09:43:56 AM,1458.0,37,53946.0,30080379.70000001
2025-08-01 09:44:23 AM,1457.5,16,23320.0,30103699.70000001
2025-08-01 09:44:43 AM,1457.0,7,10199.0,30113898.70000001
2025-08-01 09:44:58 AM,1457.7,0,0.0,30113898.70000001
2025-08-01 09:45:00 AM,1455.8,0,0.0,30113898.70000001
2025-08-01 09:45:02 AM,1455.8,130,189254.0,30303152.70000001
2025-08-01 09:45:08 AM,1455.5,37,53853.5,30357006.20000001
2025-08-01 09:45:20 AM,1455.8,0,0.0,30357006.20000001
2025-08-01 09:45:22 AM,1455.8,18,26204.399999999998,30383210.60000001
2025-08-01 09:45:23 AM,1454.1,277,402785.69999999995,30785996.30000001
2025-08-01 09:45:28 AM,1454.0,103,149762.0,30935758.30000001
2025-08-01 09:45:47 AM,1452.6,70,101682.0,31037440.30000001
2025-08-01 09:45:54 AM,1452.1,81,117620.09999999999,31155060.40000001
2025-08-01 09:45:55 AM,1451.9,23,33393.700000000004,31188454.10000001
2025-08-01 09:46:07 AM,1451.5,13,18869.5,31207323.60000001
2025-08-01 09:46:20 AM,1451.1,1,1451.1,31208774.70000001
2025-08-01 09:46:59 AM,1451.2,2,2902.4,31211677.10000001
2025-08-01 09:47:02 AM,1452.3,0,0.0,31211677.10000001
2025-08-01 09:47:04 AM,1452.3,50,72615.0,31284292.10000001
2025-08-01 09:47:08 AM,1452.4,0,0.0,31284292.10000001
2025-08-01 09:47:09 AM,1452.5,0,0.0,31284292.10000001
2025-08-01 09:47:10 AM,1452.5,58,84245.0,31368537.10000001
2025-08-01 09:47:22 AM,1452.5,10,14525.0,31383062.10000001
2025-08-01 09:47:26 AM,1452.4,0,0.0,31383062.10000001
2025-08-01 09:47:29 AM,1452.4,14,20333.600000000002,31403395.70000001
2025-08-01 09:47:31 AM,1452.4,2,2904.8,31406300.50000001
2025-08-01 09:47:40 AM,1451.0,0,0.0,31406300.50000001
2025-08-01 09:47:42 AM,1451.0,282,409182.0,31815482.50000001
2025-08-01 09:47:49 AM,1450.3,7,10152.1,31825634.600000013
2025-08-01 09:47:50 AM,1451.5,0,0.0,31825634.600000013
2025-08-01 09:47:51 AM,1452.0,0,0.0,31825634.600000013
2025-08-01 09:47:51 AM,1452.0,16,23232.0,31848866.600000013
2025-08-01 09:47:55 AM,1451.5,39,56608.5,31905475.100000013
2025-08-01 09:47:58 AM,1451.5,40,58060.0,31963535.100000013
2025-08-01 09:48:02 AM,1451.9,1,1451.9,31964987.00000001
2025-08-01 09:48:15 AM,1451.8,110,159698.0,32124685.00000001
2025-08-01 09:48:16 AM,1451.5,0,0.0,32124685.00000001
2025-08-01 09:48:17 AM,1451.8,310,450058.0,32574743.00000001
2025-08-01 09:48:21 AM,1450.8,45,65286.0,32640029.00000001
2025-08-01 09:48:24 AM,1450.1,636,922263.6,33562292.60000001
2025-08-01 09:48:28 AM,1451.0,22,31922.0,33594214.60000001
2025-08-01 09:48:34 AM,1450.1,44,63804.399999999994,33658019.00000001
2025-08-01 09:48:49 AM,1450.0,14,20300.0,33678319.00000001
2025-08-01 09:48:52 AM,1451.1,0,0.0,33678319.00000001
2025-08-01 09:48:53 AM,1451.1,35,50788.5,33729107.50000001
2025-08-01 09:48:56 AM,1449.5,0,0.0,33729107.50000001
2025-08-01 09:48:56 AM,1449.5,77,111611.5,33840719.00000001
2025-08-01 09:49:04 AM,1449.0,0,0.0,33840719.00000001
2025-08-01 09:49:06 AM,1449.0,11,15939.0,33856658.00000001
2025-08-01 09:49:11 AM,1448.8,0,0.0,33856658.00000001
2025-08-01 09:49:12 AM,1449.7,332,481300.4,34337958.400000006
2025-08-01 09:49:15 AM,1449.7,10,14497.0,34352455.400000006
2025-08-01 09:49:16 AM,1449.5,0,0.0,34352455.400000006
2025-08-01 09:49:18 AM,1449.1,59,85496.9,34437952.300000004
2025-08-01 09:49:21 AM,1449.0,1,1449.0,34439401.300000004
2025-08-01 09:49:25 AM,1447.6,0,0.0,34439401.300000004
2025-08-01 09:49:27 AM,1447.6,400,579040.0,35018441.300000004
2025-08-01 09:49:28 AM,1446.9,0,0.0,35018441.300000004
2025-08-01 09:49:31 AM,1446.4,107,154764.80000000002,35173206.1
2025-08-01 09:49:40 AM,1447.5,0,0.0,35173206.1
2025-08-01 09:49:40 AM,1447.5,16,23160.0,35196366.1
2025-08-01 09:49:46 AM,1446.4,0,0.0,35196366.1
2025-08-01 09:49:46 AM,1446.4,100,144640.0,35341006.1
2025-08-01 09:49:49 AM,1447.0,2,2894.0,35343900.1
2025-08-01 09:49:52 AM,1447.0,8,11576.0,35355476.1
2025-08-01 09:49:56 AM,1445.6,0,0.0,35355476.1
2025-08-01 09:49:56 AM,1445.6,112,161907.19999999998,35517383.300000004
2025-08-01 09:49:57 AM,1446.6,0,0.0,35517383.300000004
2025-08-01 09:49:59 AM,1446.6,15,21699.0,35539082.300000004
2025-08-01 09:50:00 AM,1445.5,0,0.0,35539082.300000004
2025-08-01 09:50:00 AM,1446.7,0,0.0,35539082.300000004
2025-08-01 09:50:02 AM,1446.7,100,144670.0,35683752.300000004
2025-08-01 09:50:05 AM,1446.9,597,863799.3,36547551.6
2025-08-01 09:50:12 AM,1446.9,119,172181.1,36719732.7
2025-08-01 09:50:35 AM,1446.5,0,0.0,36719732.7
2025-08-01 09:50:37 AM,1446.5,66,95469.0,36815201.7
2025-08-01 09:50:38 AM,1448.0,0,0.0,36815201.7
2025-08-01 09:50:40 AM,1448.0,724,1048352.0,37863553.7
2025-08-01 09:50:45 AM,1449.5,0,0.0,37863553.7
2025-08-01 09:50:47 AM,1448.9,0,0.0,37863553.7
2025-08-01 09:50:47 AM,1448.9,15,21733.5,37885287.2
2025-08-01 09:51:06 AM,1449.5,1,1449.5,37886736.7
2025-08-01 09:51:14 AM,1450.0,72,104400.0,37991136.7
2025-08-01 09:51:25 AM,1450.0,101,146450.0,38137586.7
2025-08-01 09:51:28 AM,1449.8,0,0.0,38137586.7
2025-08-01 09:51:31 AM,1449.8,8,11598.4,38149185.1
2025-08-01 09:51:33 AM,1449.5,10,14495.0,38163680.1
2025-08-01 09:51:46 AM,1450.3,0,0.0,38163680.1
2025-08-01 09:51:48 AM,1449.0,0,0.0,38163680.1
2025-08-01 09:51:50 AM,1449.0,6,8694.0,38172374.1
2025-08-01 09:51:53 AM,1450.3,0,0.0,38172374.1
2025-08-01 09:51:56 AM,1450.3,12,17403.6,38189777.7
2025-08-01 09:52:00 AM,1448.6,0,0.0,38189777.7
2025-08-01 09:52:02 AM,1448.6,29,42009.399999999994,38231787.1
2025-08-01 09:52:04 AM,1449.8,1,1449.8,38233236.9
2025-08-01 09:52:11 AM,1448.1,0,0.0,38233236.9
2025-08-01 09:52:14 AM,1448.1,225,325822.5,38559059.4
2025-08-01 09:52:20 AM,1448.6,2,2897.2,38561956.6
2025-08-01 09:52:22 AM,1448.3,0,0.0,38561956.6
2025-08-01 09:52:23 AM,1448.3,43,62276.9,38624233.5
2025-08-01 09:52:50 AM,1449.3,0,0.0,38624233.5
2025-08-01 09:52:51 AM,1449.3,2,2898.6,38627132.1
2025-08-01 09:53:17 AM,1449.4,174,252195.6,38879327.7
2025-08-01 09:53:24 AM,1448.6,0,0.0,38879327.7
2025-08-01 09:53:24 AM,1448.6,1,1448.6,38880776.300000004
2025-08-01 09:53:30 AM,1448.3,251,363523.3,39244299.6
2025-08-01 09:53:40 AM,1448.3,5,7241.5,39251541.1
2025-08-01 09:53:57 AM,1448.6,0,0.0,39251541.1
2025-08-01 09:53:59 AM,1448.6,2,2897.2,39254438.300000004
2025-08-01 09:54:24 AM,1448.6,1,1448.6,39255886.900000006
2025-08-01 09:54:24 AM,1447.7,0,0.0,39255886.900000006
2025-08-01 09:54:25 AM,1447.7,21,30401.7,39286288.60000001
2025-08-01 09:54:34 AM,1448.0,0,0.0,39286288.60000001
2025-08-01 09:54:36 AM,1448.0,2,2896.0,39289184.60000001
2025-08-01 09:54:37 AM,1447.5,5,7237.5,39296422.10000001
2025-08-01 09:54:37 AM,1447.2,0,0.0,39296422.10000001
2025-08-01 09:54:42 AM,1447.2,43,62229.6,39358651.70000001
2025-08-01 09:54:48 AM,1447.2,188,272073.60000000003,39630725.30000001
2025-08-01 09:54:52 AM,1447.0,0,0.0,39630725.30000001
2025-08-01 09:54:54 AM,1447.0,3,4341.0,39635066.30000001
2025-08-01 09:54:59 AM,1447.0,4,5788.0,39640854.30000001
2025-08-01 09:55:22 AM,1445.8,0,0.0,39640854.30000001
2025-08-01 09:55:23 AM,1445.8,20,28916.0,39669770.30000001
2025-08-01 09:55:34 AM,1445.5,0,0.0,39669770.30000001
2025-08-01 09:55:35 AM,1445.5,2,2891.0,39672661.30000001
2025-08-01 09:55:47 AM,1445.4,23,33244.200000000004,39705905.500000015
2025-08-01 09:55:49 AM,1445.5,0,0.0,39705905.500000015
2025-08-01 09:55:53 AM,1445.5,25,36137.5,39742043.000000015
2025-08-01 09:56:01 AM,1446.4,0,0.0,39742043.000000015
2025-08-01 09:56:01 AM,1446.4,12,17356.800000000003,39759399.80000001
2025-08-01 09:56:11 AM,1447.2,3,4341.6,39763741.40000001
2025-08-01 09:56:35 AM,1447.0,251,363197.0,40126938.40000001
2025-08-01 09:56:42 AM,1447.0,15,21705.0,40148643.40000001
2025-08-01 09:56:58 AM,1446.7,0,0.0,40148643.40000001
2025-08-01 09:56:59 AM,1446.9,50,72345.0,40220988.40000001
2025-08-01 09:57:10 AM,1447.0,0,0.0,40220988.40000001
2025-08-01 09:57:11 AM,1447.0,10,14470.0,40235458.40000001
2025-08-01 09:57:46 AM,1447.3,0,0.0,40235458.40000001
2025-08-01 09:57:46 AM,1447.3,14,20262.2,40255720.60000002
2025-08-01 09:58:01 AM,1447.2,0,0.0,40255720.60000002
2025-08-01 09:58:01 AM,1447.2,2,2894.4,40258615.000000015
2025-08-01 09:58:05 AM,1446.0,132,190872.0,40449487.000000015
2025-08-01 09:58:17 AM,1446.3,99,143183.69999999998,40592670.70000002
2025-08-01 09:58:41 AM,1445.6,5,7228.0,40599898.70000002
2025-08-01 09:59:03 AM,1444.7,0,0.0,40599898.70000002
2025-08-01 09:59:05 AM,1442.7,640,923328.0,41523226.70000002
2025-08-01 09:59:07 AM,1442.8,0,0.0,41523226.70000002
2025-08-01 09:59:08 AM,1442.8,1,1442.8,41524669.500000015
2025-08-01 09:59:12 AM,1442.8,13,18756.399999999998,41543425.90000001
2025-08-01 09:59:21 AM,1442.9,0,0.0,41543425.90000001
2025-08-01 09:59:21 AM,1442.9,1,1442.9,41544868.80000001
2025-08-01 09:59:36 AM,1442.8,0,0.0,41544868.80000001
2025-08-01 09:59:37 AM,1442.8,2,2885.6,41547754.40000001
2025-08-01 09:59:42 AM,1441.0,0,0.0,41547754.40000001
2025-08-01 09:59:43 AM,1441.0,224,322784.0,41870538.40000001
2025-08-01 09:59:48 AM,1441.2,0,0.0,41870538.40000001
2025-08-01 09:59:49 AM,1441.1,131,188784.09999999998,42059322.500000015
2025-08-01 09:59:51 AM,1442.3,0,0.0,42059322.500000015
2025-08-01 09:59:52 AM,1441.2,0,0.0,42059322.500000015
2025-08-01 09:59:52 AM,1441.2,3,4323.6,42063646.10000002
2025-08-01 09:59:55 AM,1441.9,21,30279.9,42093926.000000015
2025-08-01 09:59:57 AM,1442.0,0,0.0,42093926.000000015
2025-08-01 09:59:58 AM,1442.0,5,7210.0,42101136.000000015
2025-08-01 10:00:00 AM,1441.2,0,0.0,42101136.000000015
2025-08-01 10:00:01 AM,1442.0,16,23072.0,42124208.000000015
2025-08-01 10:00:08 AM,1442.1,0,0.0,42124208.000000015
2025-08-01 10:00:08 AM,1442.1,1,1442.1,42125650.10000002
2025-08-01 10:00:10 AM,1442.4,0,0.0,42125650.10000002
2025-08-01 10:00:11 AM,1442.4,94,135585.6,42261235.70000002
2025-08-01 10:00:17 AM,1442.2,0,0.0,42261235.70000002
2025-08-01 10:00:17 AM,1442.2,201,289882.2,42551117.90000002
2025-08-01 10:00:39 AM,1442.6,0,0.0,42551117.90000002
2025-08-01 10:00:39 AM,1442.6,113,163013.8,42714131.70000002
2025-08-01 10:00:49 AM,1442.6,10,14426.0,42728557.70000002
2025-08-01 10:00:52 AM,1442.2,0,0.0,42728557.70000002
2025-08-01 10:00:52 AM,1442.2,7,10095.4,42738653.10000002
2025-08-01 10:01:08 AM,1442.2,2,2884.4,42741537.500000015
2025-08-01 10:01:17 AM,1442.1,9,12978.9,42754516.40000001
2025-08-01 10:01:23 AM,1442.7,34,49051.8,42803568.20000001
2025-08-01 10:01:49 AM,1442.6,0,0.0,42803568.20000001
2025-08-01 10:01:52 AM,1442.6,19,27409.399999999998,42830977.60000001
2025-08-01 10:02:04 AM,1442.5,0,0.0,42830977.60000001
2025-08-01 10:02:04 AM,1442.5,50,72125.0,42903102.60000001
2025-08-01 10:02:24 AM,1443.1,0,0.0,42903102.60000001
2025-08-01 10:02:25 AM,1443.1,16,23089.6,42926192.20000001
2025-08-01 10:02:35 AM,1443.9,1,1443.9,42927636.10000001
2025-08-01 10:02:55 AM,1443.9,11,15882.900000000001,42943519.00000001
2025-08-01 10:02:56 AM,1444.0,5,7220.0,42950739.00000001
2025-08-01 10:03:33 AM,1445.2,147,212444.4,43163183.400000006
2025-08-01 10:03:39 AM,1444.6,0,0.0,43163183.400000006
2025-08-01 10:03:40 AM,1444.6,6,8667.599999999999,43171851.00000001
2025-08-01 10:03:54 AM,1444.7,20,28894.0,43200745.00000001
2025-08-01 10:03:58 AM,1443.7,4,5774.8,43206519.800000004
2025-08-01 10:04:07 AM,1443.2,0,0.0,43206519.800000004
2025-08-01 10:04:07 AM,1443.2,105,151536.0,43358055.800000004
2025-08-01 10:04:17 AM,1444.5,100,144450.0,43502505.800000004
2025-08-01 10:04:38 AM,1444.5,30,43335.0,43545840.800000004
2025-08-01 10:04:40 AM,1443.0,0,0.0,43545840.800000004
2025-08-01 10:04:42 AM,1443.0,70,101010.0,43646850.800000004
2025-08-01 10:05:01 AM,1443.0,18,25974.0,43672824.800000004
2025-08-01 10:05:09 AM,1443.9,0,0.0,43672824.800000004
2025-08-01 10:05:09 AM,1443.9,1,1443.9,43674268.7
2025-08-01 10:05:21 AM,1444.2,51,73654.2,43747922.900000006
2025-08-01 10:05:37 AM,1444.1,0,0.0,43747922.900000006
2025-08-01 10:05:38 AM,1444.1,5,7220.5,43755143.400000006
2025-08-01 10:05:43 AM,1443.0,0,0.0,43755143.400000006
2025-08-01 10:05:43 AM,1443.0,6,8658.0,43763801.400000006
2025-08-01 10:05:55 AM,1443.0,10,14430.0,43778231.400000006
2025-08-01 10:06:31 AM,1443.0,2,2886.0,43781117.400000006
2025-08-01 10:06:37 AM,1443.0,2,2886.0,43784003.400000006
2025-08-01 10:06:51 AM,1444.1,10,14441.0,43798444.400000006
2025-08-01 10:07:16 AM,1443.4,3,4330.200000000001,43802774.60000001
2025-08-01 10:07:20 AM,1443.4,9,12990.6,43815765.20000001
2025-08-01 10:07:57 AM,1443.4,4,5773.6,43821538.80000001
2025-08-01 10:08:27 AM,1444.3,0,0.0,43821538.80000001
2025-08-01 10:08:28 AM,1444.3,60,86658.0,43908196.80000001
2025-08-01 10:08:54 AM,1444.5,198,286011.0,44194207.80000001
2025-08-01 10:09:09 AM,1443.3,0,0.0,44194207.80000001
2025-08-01 10:09:10 AM,1443.3,50,72165.0,44266372.80000001
2025-08-01 10:09:19 AM,1443.0,0,0.0,44266372.80000001
2025-08-01 10:09:22 AM,1443.0,50,72150.0,44338522.80000001
2025-08-01 10:09:24 AM,1442.5,57,82222.5,44420745.30000001
2025-08-01 10:09:25 AM,1443.0,0,0.0,44420745.30000001
2025-08-01 10:09:28 AM,1443.0,1,1443.0,44422188.30000001
2025-08-01 10:09:29 AM,1443.4,1,1443.4,44423631.70000001
2025-08-01 10:09:42 AM,1443.9,0,0.0,44423631.70000001
2025-08-01 10:09:45 AM,1443.9,50,72195.0,44495826.70000001
2025-08-01 10:10:02 AM,1443.9,50,72195.0,44568021.70000001
2025-08-01 10:10:03 AM,1443.8,0,0.0,44568021.70000001
2025-08-01 10:10:04 AM,1443.8,6,8662.8,44576684.50000001
2025-08-01 10:10:06 AM,1443.3,0,0.0,44576684.50000001
2025-08-01 10:10:08 AM,1443.3,7,10103.1,44586787.60000001
2025-08-01 10:10:19 AM,1443.4,5,7217.0,44594004.60000001
2025-08-01 10:10:25 AM,1443.4,2,2886.8,44596891.400000006
2025-08-01 10:10:27 AM,1443.4,2,2886.8,44599778.2
2025-08-01 10:10:33 AM,1443.4,8,11547.2,44611325.400000006
2025-08-01 10:10:42 AM,1444.4,0,0.0,44611325.400000006
2025-08-01 10:10:43 AM,1444.4,12,17332.800000000003,44628658.2
2025-08-01 10:10:51 AM,1444.0,1,1444.0,44630102.2
2025-08-01 10:11:18 AM,1443.4,0,0.0,44630102.2
2025-08-01 10:11:19 AM,1443.4,1,1443.4,44631545.6
2025-08-01 10:11:36 AM,1443.4,6,8660.400000000001,44640206.0
2025-08-01 10:11:42 AM,1443.4,3,4330.200000000001,44644536.2
2025-08-01 10:12:00 AM,1444.3,0,0.0,44644536.2
2025-08-01 10:12:00 AM,1444.3,50,72215.0,44716751.2
2025-08-01 10:12:12 AM,1444.2,0,0.0,44716751.2
2025-08-01 10:12:12 AM,1444.2,1,1444.2,44718195.400000006
2025-08-01 10:12:23 AM,1444.2,1,1444.2,44719639.60000001
2025-08-01 10:12:54 AM,1443.0,0,0.0,44719639.60000001
2025-08-01 10:12:57 AM,1444.3,0,0.0,44719639.60000001
2025-08-01 10:12:57 AM,1444.3,113,163205.9,44882845.50000001
2025-08-01 10:13:27 AM,1444.1,0,0.0,44882845.50000001
2025-08-01 10:13:27 AM,1444.1,15,21661.5,44904507.00000001
2025-08-01 10:13:33 AM,1444.1,10,14441.0,44918948.00000001
2025-08-01 10:13:45 AM,1444.2,0,0.0,44918948.00000001
2025-08-01 10:13:45 AM,1444.2,15,21663.0,44940611.00000001
2025-08-01 10:13:52 AM,1444.0,2,2888.0,44943499.00000001
2025-08-01 10:14:14 AM,1444.0,25,36100.0,44979599.00000001
2025-08-01 10:14:21 AM,1444.0,4,5776.0,44985375.00000001
2025-08-01 10:14:31 AM,1444.0,6,8664.0,44994039.00000001
2025-08-01 10:14:38 AM,1444.2,14,20218.8,45014257.800000004
2025-08-01 10:14:54 AM,1444.2,1,1444.2,45015702.00000001
2025-08-01 10:15:08 AM,1443.6,0,0.0,45015702.00000001
2025-08-01 10:15:11 AM,1443.6,10,14436.0,45030138.00000001
2025-08-01 10:15:17 AM,1442.8,0,0.0,45030138.00000001
2025-08-01 10:15:18 AM,1442.8,50,72140.0,45102278.00000001
2025-08-01 10:15:21 AM,1443.6,0,0.0,45102278.00000001
2025-08-01 10:15:24 AM,1443.6,1,1443.6,45103721.60000001
2025-08-01 10:15:27 AM,1442.6,0,0.0,45103721.60000001
2025-08-01 10:15:30 AM,1442.6,15,21639.0,45125360.60000001
2025-08-01 10:15:41 AM,1440.6,0,0.0,45125360.60000001
2025-08-01 10:15:42 AM,1440.5,0,0.0,45125360.60000001
2025-08-01 10:15:42 AM,1440.5,1576,2270228.0,47395588.60000001
2025-08-01 10:16:21 AM,1440.7,0,0.0,47395588.60000001
2025-08-01 10:16:23 AM,1440.7,11,15847.7,47411436.30000001
2025-08-01 10:16:24 AM,1440.8,0,0.0,47411436.30000001
2025-08-01 10:16:26 AM,1440.7,0,0.0,47411436.30000001
2025-08-01 10:16:29 AM,1440.7,60,86442.0,47497878.30000001
2025-08-01 10:16:33 AM,1440.8,0,0.0,47497878.30000001
2025-08-01 10:16:35 AM,1440.9,3,4322.700000000001,47502201.000000015
2025-08-01 10:16:36 AM,1440.5,0,0.0,47502201.000000015
2025-08-01 10:16:41 AM,1440.5,300,432150.0,47934351.000000015
2025-08-01 10:16:42 AM,1441.9,0,0.0,47934351.000000015
2025-08-01 10:16:44 AM,1441.7,0,0.0,47934351.000000015
2025-08-01 10:16:46 AM,1441.7,58,83618.6,48017969.60000002
2025-08-01 10:16:48 AM,1441.0,0,0.0,48017969.60000002
2025-08-01 10:16:52 AM,1441.0,30,43230.0,48061199.60000002
2025-08-01 10:16:54 AM,1442.3,0,0.0,48061199.60000002
2025-08-01 10:16:57 AM,1441.0,0,0.0,48061199.60000002
2025-08-01 10:16:57 AM,1441.0,55,79255.0,48140454.60000002
2025-08-01 10:17:03 AM,1440.9,0,0.0,48140454.60000002
2025-08-01 10:17:03 AM,1440.9,35,50431.5,48190886.10000002
2025-08-01 10:17:26 AM,1441.1,0,0.0,48190886.10000002
2025-08-01 10:17:26 AM,1441.1,3,4323.299999999999,48195209.40000001
2025-08-01 10:17:30 AM,1441.9,0,0.0,48195209.40000001
2025-08-01 10:17:31 AM,1441.9,1,1441.9,48196651.30000001
2025-08-01 10:17:36 AM,1440.4,0,0.0,48196651.30000001
2025-08-01 10:17:37 AM,1440.4,33,47533.200000000004,48244184.500000015
2025-08-01 10:17:41 AM,1441.8,0,0.0,48244184.500000015
2025-08-01 10:17:42 AM,1440.9,0,0.0,48244184.500000015
2025-08-01 10:17:43 AM,1440.9,8,11527.2,48255711.70000002
2025-08-01 10:18:41 AM,1441.5,0,0.0,48255711.70000002
2025-08-01 10:18:41 AM,1441.5,5,7207.5,48262919.20000002
2025-08-01 10:18:47 AM,1441.5,1,1441.5,48264360.70000002
2025-08-01 10:18:58 AM,1441.9,0,0.0,48264360.70000002
2025-08-01 10:18:58 AM,1441.9,1,1441.9,48265802.60000002
2025-08-01 10:19:03 AM,1441.0,0,0.0,48265802.60000002
2025-08-01 10:19:04 AM,1441.0,8,11528.0,48277330.60000002
2025-08-01 10:20:06 AM,1441.0,2,2882.0,48280212.60000002
2025-08-01 10:20:18 AM,1441.0,7,10087.0,48290299.60000002
2025-08-01 10:20:35 AM,1441.0,50,72050.0,48362349.60000002
2025-08-01 10:21:14 AM,1439.3,0,0.0,48362349.60000002
2025-08-01 10:21:16 AM,1439.3,1982,2852692.6,51215042.20000002
2025-08-01 10:21:18 AM,1440.0,0,0.0,51215042.20000002
2025-08-01 10:21:18 AM,1440.0,15,21600.0,51236642.20000002
2025-08-01 10:21:48 AM,1440.2,0,0.0,51236642.20000002
2025-08-01 10:21:49 AM,1440.2,1,1440.2,51238082.40000002
2025-08-01 10:21:51 AM,1440.0,0,0.0,51238082.40000002
2025-08-01 10:21:51 AM,1440.0,50,72000.0,51310082.40000002
2025-08-01 10:22:00 AM,1441.1,0,0.0,51310082.40000002
2025-08-01 10:22:00 AM,1441.1,30,43233.0,51353315.40000002
2025-08-01 10:22:06 AM,1441.1,29,41791.899999999994,51395107.30000002
2025-08-01 10:22:12 AM,1441.6,0,0.0,51395107.30000002
2025-08-01 10:22:12 AM,1441.6,29,41806.399999999994,51436913.70000002
2025-08-01 10:22:26 AM,1441.5,1,1441.5,51438355.20000002
2025-08-01 10:22:33 AM,1440.8,0,0.0,51438355.20000002
2025-08-01 10:22:35 AM,1441.9,63,90839.70000000001,51529194.90000002
2025-08-01 10:22:42 AM,1442.0,0,0.0,51529194.90000002
2025-08-01 10:22:43 AM,1442.0,29,41818.0,51571012.90000002
2025-08-01 10:23:02 AM,1442.0,141,203322.0,51774334.90000002
2025-08-01 10:23:34 AM,1442.9,169,243850.1,52018185.00000002
2025-08-01 10:23:50 AM,1442.5,0,0.0,52018185.00000002
2025-08-01 10:23:51 AM,1442.5,100,144250.0,52162435.00000002
2025-08-01 10:23:56 AM,1443.8,0,0.0,52162435.00000002
2025-08-01 10:23:57 AM,1443.8,10,14438.0,52176873.00000002
2025-08-01 10:23:58 AM,1443.9,0,0.0,52176873.00000002
2025-08-01 10:23:58 AM,1443.9,20,28878.0,52205751.00000002
2025-08-01 10:24:17 AM,1444.0,0,0.0,52205751.00000002
2025-08-01 10:24:19 AM,1444.0,5,7220.0,52212971.00000002
2025-08-01 10:24:39 AM,1444.3,0,0.0,52212971.00000002
2025-08-01 10:24:40 AM,1444.3,25,36107.5,52249078.50000002
2025-08-01 10:24:45 AM,1444.5,0,0.0,52249078.50000002
2025-08-01 10:24:46 AM,1444.5,80,115560.0,52364638.50000002
2025-08-01 10:25:02 AM,1443.5,30,43305.0,52407943.50000002
2025-08-01 10:25:17 AM,1443.5,15,21652.5,52429596.00000002
2025-08-01 10:25:25 AM,1444.0,0,0.0,52429596.00000002
2025-08-01 10:25:26 AM,1444.0,1,1444.0,52431040.00000002
2025-08-01 10:25:31 AM,1443.0,0,0.0,52431040.00000002
2025-08-01 10:25:31 AM,1445.2,452,653230.4,53084270.40000002
2025-08-01 10:25:37 AM,1446.6,0,0.0,53084270.40000002
2025-08-01 10:25:37 AM,1446.6,279,403601.39999999997,53487871.80000002
2025-08-01 10:25:52 AM,1446.0,0,0.0,53487871.80000002
2025-08-01 10:25:54 AM,1448.0,78,112944.0,53600815.80000002
2025-08-01 10:25:56 AM,1449.1,13,18838.3,53619654.10000002
2025-08-01 10:25:59 AM,1449.6,8,11596.8,53631250.90000001
2025-08-01 10:26:03 AM,1451.0,0,0.0,53631250.90000001
2025-08-01 10:26:04 AM,1451.5,0,0.0,53631250.90000001
2025-08-01 10:26:04 AM,1451.5,86,124829.0,53756079.90000001
2025-08-01 10:26:06 AM,1451.4,0,0.0,53756079.90000001
2025-08-01 10:26:06 AM,1451.4,22,31930.800000000003,53788010.70000001
2025-08-01 10:26:09 AM,1452.1,0,0.0,53788010.70000001
2025-08-01 10:26:10 AM,1452.1,12,17425.199999999997,53805435.90000001
2025-08-01 10:26:12 AM,1453.9,0,0.0,53805435.90000001
2025-08-01 10:26:12 AM,1454.8,1211,1761762.8,55567198.70000001
2025-08-01 10:26:15 AM,1455.7,0,0.0,55567198.70000001
2025-08-01 10:26:15 AM,1452.4,198,287575.2,55854773.90000001
2025-08-01 10:26:18 AM,1449.7,0,0.0,55854773.90000001
2025-08-01 10:26:18 AM,1450.2,223,323394.60000000003,56178168.500000015
2025-08-01 10:26:21 AM,1452.3,0,0.0,56178168.500000015
2025-08-01 10:26:21 AM,1452.3,846,1228645.8,57406814.30000001
2025-08-01 10:26:23 AM,1451.6,232,336771.19999999995,57743585.500000015
2025-08-01 10:26:31 AM,1452.9,0,0.0,57743585.500000015
2025-08-01 10:26:33 AM,1452.9,191,277503.9,58021089.40000001
2025-08-01 10:26:34 AM,1452.5,0,0.0,58021089.40000001
2025-08-01 10:26:35 AM,1452.5,5,7262.5,58028351.90000001
2025-08-01 10:26:41 AM,1452.5,9,13072.5,58041424.40000001
2025-08-01 10:26:43 AM,1451.8,0,0.0,58041424.40000001
2025-08-01 10:26:44 AM,1451.8,251,364401.8,58405826.20000001
2025-08-01 10:26:49 AM,1451.4,0,0.0,58405826.20000001
2025-08-01 10:26:50 AM,1451.4,5,7257.0,58413083.20000001
2025-08-01 10:26:52 AM,1451.1,26,37728.6,58450811.80000001
2025-08-01 10:26:55 AM,1450.2,0,0.0,58450811.80000001
2025-08-01 10:26:56 AM,1450.2,100,145020.0,58595831.80000001
2025-08-01 10:26:57 AM,1452.3,0,0.0,58595831.80000001
2025-08-01 10:26:58 AM,1452.3,26,37759.799999999996,58633591.60000001
2025-08-01 10:27:03 AM,1452.4,30,43572.0,58677163.60000001
2025-08-01 10:27:09 AM,1452.3,25,36307.5,58713471.10000001
2025-08-01 10:27:13 AM,1449.2,0,0.0,58713471.10000001
2025-08-01 10:27:13 AM,1449.2,160,231872.0,58945343.10000001
2025-08-01 10:27:16 AM,1449.3,1,1449.3,58946792.400000006
2025-08-01 10:27:17 AM,1449.7,0,0.0,58946792.400000006
2025-08-01 10:27:17 AM,1449.7,30,43491.0,58990283.400000006
2025-08-01 10:27:20 AM,1449.0,1,1449.0,58991732.400000006
2025-08-01 10:27:31 AM,1449.2,15,21738.0,59013470.400000006
2025-08-01 10:28:13 AM,1449.0,4,5796.0,59019266.400000006
2025-08-01 10:28:24 AM,1449.2,50,72460.0,59091726.400000006
2025-08-01 10:28:26 AM,1448.3,2,2896.6,59094623.00000001
2025-08-01 10:28:28 AM,1449.0,0,0.0,59094623.00000001
2025-08-01 10:28:29 AM,1448.8,0,0.0,59094623.00000001
2025-08-01 10:28:29 AM,1448.8,19,27527.2,59122150.20000001
2025-08-01 10:28:35 AM,1448.3,33,47793.9,59169944.10000001
2025-08-01 10:28:37 AM,1448.3,17,24621.1,59194565.20000001
2025-08-01 10:28:42 AM,1449.0,0,0.0,59194565.20000001
2025-08-01 10:28:43 AM,1449.0,184,266616.0,59461181.20000001
2025-08-01 10:28:46 AM,1449.0,8,11592.0,59472773.20000001
2025-08-01 10:29:00 AM,1449.7,4,5798.8,59478572.00000001
2025-08-01 10:29:03 AM,1450.0,23,33350.0,59511922.00000001
2025-08-01 10:29:11 AM,1450.5,0,0.0,59511922.00000001
2025-08-01 10:29:11 AM,1450.5,1,1450.5,59513372.50000001
2025-08-01 10:29:14 AM,1450.5,1,1450.5,59514823.00000001
2025-08-01 10:29:20 AM,1450.5,46,66723.0,59581546.00000001
2025-08-01 10:29:21 AM,1451.1,0,0.0,59581546.00000001
2025-08-01 10:29:22 AM,1451.1,13,18864.3,59600410.300000004
2025-08-01 10:30:11 AM,1451.0,0,0.0,59600410.300000004
2025-08-01 10:30:12 AM,1451.0,12,17412.0,59617822.300000004
2025-08-01 10:30:17 AM,1451.9,0,0.0,59617822.300000004
2025-08-01 10:30:18 AM,1451.9,1,1451.9,59619274.2
2025-08-01 10:30:30 AM,1451.9,2,2903.8,59622178.0
2025-08-01 10:30:42 AM,1451.8,0,0.0,59622178.0
2025-08-01 10:30:44 AM,1451.8,1,1451.8,59623629.8
2025-08-01 10:30:51 AM,1451.9,0,0.0,59623629.8
2025-08-01 10:30:52 AM,1451.9,45,65335.50000000001,59688965.3
2025-08-01 10:31:00 AM,1452.9,0,0.0,59688965.3
2025-08-01 10:31:01 AM,1451.9,8,11615.2,59700580.5
2025-08-01 10:31:03 AM,1451.8,0,0.0,59700580.5
2025-08-01 10:31:04 AM,1451.8,1,1451.8,59702032.3
2025-08-01 10:32:10 AM,1451.0,0,0.0,59702032.3
2025-08-01 10:32:12 AM,1451.0,40,58040.0,59760072.3
2025-08-01 10:32:28 AM,1452.8,33,47942.4,59808014.699999996
2025-08-01 10:32:35 AM,1452.7,5,7263.5,59815278.199999996
2025-08-01 10:33:36 AM,1452.8,0,0.0,59815278.199999996
2025-08-01 10:33:36 AM,1452.8,4,5811.2,59821089.4
2025-08-01 10:33:52 AM,1451.3,0,0.0,59821089.4
2025-08-01 10:33:53 AM,1451.3,10,14513.0,59835602.4
2025-08-01 10:33:59 AM,1451.4,1,1451.4,59837053.8
2025-08-01 10:35:27 AM,1451.1,0,0.0,59837053.8
2025-08-01 10:35:27 AM,1451.1,29,42081.899999999994,59879135.699999996
2025-08-01 10:35:37 AM,1451.0,0,0.0,59879135.699999996
2025-08-01 10:35:39 AM,1451.0,8,11608.0,59890743.699999996
2025-08-01 10:36:11 AM,1451.2,0,0.0,59890743.699999996
2025-08-01 10:36:12 AM,1451.2,5,7256.0,59897999.699999996
2025-08-01 10:36:14 AM,1451.1,0,0.0,59897999.699999996
2025-08-01 10:36:15 AM,1451.1,10,14511.0,59912510.699999996
2025-08-01 10:36:23 AM,1451.0,0,0.0,59912510.699999996
2025-08-01 10:36:23 AM,1451.0,10,14510.0,59927020.699999996
2025-08-01 10:36:42 AM,1451.0,11,15961.0,59942981.699999996
2025-08-01 10:36:51 AM,1450.0,344,498800.0,60441781.699999996
2025-08-01 10:36:52 AM,1449.9,0,0.0,60441781.699999996
2025-08-01 10:36:53 AM,1449.9,23,33347.700000000004,60475129.4
2025-08-01 10:37:02 AM,1449.9,11,15948.900000000001,60491078.3
2025-08-01 10:37:10 AM,1451.5,0,0.0,60491078.3
2025-08-01 10:37:13 AM,1450.2,42,60908.4,60551986.699999996
2025-08-01 10:37:20 AM,1450.2,11,15952.2,60567938.9
2025-08-01 10:37:32 AM,1450.2,12,17402.4,60585341.3
2025-08-01 10:37:37 AM,1451.3,0,0.0,60585341.3
2025-08-01 10:37:38 AM,1451.3,10,14513.0,60599854.3
2025-08-01 10:37:43 AM,1450.0,0,0.0,60599854.3
2025-08-01 10:37:43 AM,1450.0,11,15950.0,60615804.3
2025-08-01 10:37:52 AM,1450.0,12,17400.0,60633204.3
2025-08-01 10:37:52 AM,1450.7,0,0.0,60633204.3
2025-08-01 10:37:54 AM,1450.7,8,11605.6,60644809.9
2025-08-01 10:38:03 AM,1450.0,0,0.0,60644809.9
2025-08-01 10:38:03 AM,1450.0,11,15950.0,60660759.9
2025-08-01 10:38:06 AM,1450.7,32,46422.4,60707182.3
2025-08-01 10:38:12 AM,1450.3,12,17403.6,60724585.9
2025-08-01 10:38:22 AM,1450.3,11,15953.3,60740539.199999996
2025-08-01 10:38:30 AM,1450.4,0,0.0,60740539.199999996
2025-08-01 10:38:31 AM,1450.4,12,17404.800000000003,60757943.99999999
2025-08-01 10:38:43 AM,1450.0,11,15950.0,60773893.99999999
2025-08-01 10:38:51 AM,1450.0,12,17400.0,60791293.99999999
2025-08-01 10:39:02 AM,1450.0,34,49300.0,60840593.99999999
2025-08-01 10:39:10 AM,1450.0,12,17400.0,60857993.99999999
2025-08-01 10:39:16 AM,1450.8,0,0.0,60857993.99999999
2025-08-01 10:39:16 AM,1450.8,2,2901.6,60860895.599999994
2025-08-01 10:39:24 AM,1450.0,0,0.0,60860895.599999994
2025-08-01 10:39:24 AM,1450.0,11,15950.0,60876845.599999994
2025-08-01 10:39:30 AM,1450.0,12,17400.0,60894245.599999994
2025-08-01 10:39:33 AM,1450.0,160,232000.0,61126245.599999994
2025-08-01 10:39:36 AM,1450.0,9,13050.0,61139295.599999994
2025-08-01 10:39:41 AM,1449.5,7,10146.5,61149442.099999994
2025-08-01 10:39:42 AM,1450.0,0,0.0,61149442.099999994
2025-08-01 10:39:44 AM,1450.0,5,7250.0,61156692.099999994
2025-08-01 10:39:52 AM,1449.7,12,17396.4,61174088.49999999
2025-08-01 10:40:00 AM,1449.7,4,5798.8,61179887.29999999
2025-08-01 10:40:03 AM,1449.7,7,10147.9,61190035.19999999
2025-08-01 10:40:11 AM,1449.5,19,27540.5,61217575.69999999
2025-08-01 10:40:23 AM,1449.5,11,15944.5,61233520.19999999
2025-08-01 10:40:31 AM,1449.5,6,8697.0,61242217.19999999
2025-08-01 10:40:34 AM,1449.5,42,60879.0,61303096.19999999
2025-08-01 10:40:35 AM,1449.6,0,0.0,61303096.19999999
2025-08-01 10:40:36 AM,1449.6,4,5798.4,61308894.59999999
2025-08-01 10:40:42 AM,1449.6,11,15945.599999999999,61324840.19999999
2025-08-01 10:40:49 AM,1449.5,0,0.0,61324840.19999999
2025-08-01 10:40:50 AM,1449.5,13,18843.5,61343683.69999999
2025-08-01 10:41:01 AM,1449.5,10,14495.0,61358178.69999999
2025-08-01 10:41:04 AM,1449.5,1,1449.5,61359628.19999999
2025-08-01 10:41:05 AM,1450.5,0,0.0,61359628.19999999
2025-08-01 10:41:07 AM,1450.5,4,5802.0,61365430.19999999
2025-08-01 10:41:08 AM,1449.7,0,0.0,61365430.19999999
2025-08-01 10:41:10 AM,1449.7,13,18846.100000000002,61384276.29999999
2025-08-01 10:41:21 AM,1449.8,0,0.0,61384276.29999999
2025-08-01 10:41:21 AM,1449.8,11,15947.8,61400224.09999999
2025-08-01 10:41:26 AM,1449.6,0,0.0,61400224.09999999
2025-08-01 10:41:27 AM,1449.6,1,1449.6,61401673.69999999
2025-08-01 10:41:33 AM,1449.6,13,18844.8,61420518.499999985
2025-08-01 10:41:40 AM,1449.6,11,15945.599999999999,61436464.09999999
2025-08-01 10:41:44 AM,1449.6,1,1449.6,61437913.69999999
2025-08-01 10:41:45 AM,1449.4,396,573962.4,62011876.09999999
2025-08-01 10:41:51 AM,1449.4,12,17392.800000000003,62029268.89999998
2025-08-01 10:41:55 AM,1448.4,0,0.0,62029268.89999998
2025-08-01 10:41:56 AM,1449.0,753,1091097.0,63120365.89999998
2025-08-01 10:41:57 AM,1449.2,0,0.0,63120365.89999998
2025-08-01 10:41:59 AM,1449.5,0,0.0,63120365.89999998
2025-08-01 10:42:00 AM,1450.0,551,798950.0,63919315.89999998
2025-08-01 10:42:01 AM,1449.5,0,0.0,63919315.89999998
2025-08-01 10:42:01 AM,1449.1,7,10143.699999999999,63929459.59999999
2025-08-01 10:42:02 AM,1449.5,0,0.0,63929459.59999999
2025-08-01 10:42:05 AM,1450.0,0,0.0,63929459.59999999
2025-08-01 10:42:05 AM,1448.9,0,0.0,63929459.59999999
2025-08-01 10:42:05 AM,1449.4,1109,1607384.6,65536844.19999999
2025-08-01 10:42:07 AM,1449.7,0,0.0,65536844.19999999
2025-08-01 10:42:07 AM,1449.7,13,18846.100000000002,65555690.29999999
2025-08-01 10:42:10 AM,1449.4,0,0.0,65555690.29999999
2025-08-01 10:42:11 AM,1449.4,13,18842.2,65574532.49999999
2025-08-01 10:42:17 AM,1449.9,829,1201967.1,66776499.599999994
2025-08-01 10:42:19 AM,1449.4,0,0.0,66776499.599999994
2025-08-01 10:42:22 AM,1450.0,0,0.0,66776499.599999994
2025-08-01 10:42:22 AM,1450.0,359,520550.0,67297049.6
2025-08-01 10:42:25 AM,1449.6,0,0.0,67297049.6
2025-08-01 10:42:28 AM,1449.6,949,1375670.4,68672720.0
2025-08-01 10:42:32 AM,1449.3,0,0.0,68672720.0
2025-08-01 10:42:33 AM,1449.3,17,24638.1,68697358.1
2025-08-01 10:42:35 AM,1449.3,211,305802.3,69003160.39999999
2025-08-01 10:42:39 AM,1449.3,216,313048.8,69316209.19999999
2025-08-01 10:42:40 AM,1448.7,0,0.0,69316209.19999999
2025-08-01 10:42:41 AM,1445.0,1227,1773015.0,71089224.19999999
2025-08-01 10:42:42 AM,1444.8,0,0.0,71089224.19999999
2025-08-01 10:42:44 AM,1445.0,292,421940.0,71511164.19999999
2025-08-01 10:42:47 AM,1445.0,484,699380.0,72210544.19999999
2025-08-01 10:42:52 AM,1445.0,12,17340.0,72227884.19999999
2025-08-01 10:42:55 AM,1445.0,1,1445.0,72229329.19999999
2025-08-01 10:43:00 AM,1445.0,11,15895.0,72245224.19999999
2025-08-01 10:43:10 AM,1445.0,12,17340.0,72262564.19999999
2025-08-01 10:43:13 AM,1445.0,1,1445.0,72264009.19999999
2025-08-01 10:43:14 AM,1445.9,0,0.0,72264009.19999999
2025-08-01 10:43:14 AM,1445.9,4,5783.6,72269792.79999998
2025-08-01 10:43:22 AM,1445.0,11,15895.0,72285687.79999998
2025-08-01 10:43:27 AM,1445.0,3,4335.0,72290022.79999998
2025-08-01 10:43:30 AM,1445.0,12,17340.0,72307362.79999998
2025-08-01 10:43:31 AM,1445.0,1,1445.0,72308807.79999998
2025-08-01 10:43:40 AM,1445.0,11,15895.0,72324702.79999998
2025-08-01 10:43:49 AM,1445.0,1,1445.0,72326147.79999998
2025-08-01 10:43:50 AM,1445.0,12,17340.0,72343487.79999998
2025-08-01 10:44:00 AM,1445.0,5,7225.0,72350712.79999998
2025-08-01 10:44:00 AM,1445.0,12,17340.0,72368052.79999998
2025-08-01 10:44:07 AM,1445.0,1,1445.0,72369497.79999998
2025-08-01 10:44:10 AM,1445.0,12,17340.0,72386837.79999998
2025-08-01 10:44:21 AM,1445.0,11,15895.0,72402732.79999998
2025-08-01 10:44:27 AM,1445.0,1,1445.0,72404177.79999998
2025-08-01 10:44:32 AM,1445.0,12,17340.0,72421517.79999998
2025-08-01 10:44:43 AM,1445.0,457,660365.0,73081882.79999998
2025-08-01 10:44:45 AM,1445.0,1,1445.0,73083327.79999998
2025-08-01 10:44:51 AM,1445.0,12,17340.0,73100667.79999998
2025-08-01 10:45:01 AM,1445.0,12,17340.0,73118007.79999998
2025-08-01 10:45:07 AM,1445.0,40,57800.0,73175807.79999998
2025-08-01 10:45:13 AM,1445.0,12,17340.0,73193147.79999998
2025-08-01 10:45:21 AM,1445.0,12,17340.0,73210487.79999998
2025-08-01 10:45:23 AM,1446.0,0,0.0,73210487.79999998
2025-08-01 10:45:24 AM,1446.0,2,2892.0,73213379.79999998
2025-08-01 10:45:29 AM,1446.2,0,0.0,73213379.79999998
2025-08-01 10:45:29 AM,1446.2,10,14462.0,73227841.79999998
2025-08-01 10:45:33 AM,1445.1,0,0.0,73227841.79999998
2025-08-01 10:45:34 AM,1445.1,12,17341.199999999997,73245182.99999999
2025-08-01 10:45:37 AM,1445.0,0,0.0,73245182.99999999
2025-08-01 10:45:37 AM,1445.0,2,2890.0,73248072.99999999
2025-08-01 10:45:40 AM,1445.1,0,0.0,73248072.99999999
2025-08-01 10:45:42 AM,1445.1,11,15896.099999999999,73263969.09999998
2025-08-01 10:45:48 AM,1445.1,1,1445.1,73265414.19999997
2025-08-01 10:45:50 AM,1445.1,12,17341.199999999997,73282755.39999998
2025-08-01 10:45:55 AM,1445.1,1,1445.1,73284200.49999997
2025-08-01 10:46:00 AM,1445.2,0,0.0,73284200.49999997
2025-08-01 10:46:01 AM,1445.2,11,15897.2,73300097.69999997
2025-08-01 10:46:10 AM,1445.2,12,17342.4,73317440.09999998
2025-08-01 10:46:14 AM,1445.3,0,0.0,73317440.09999998
2025-08-01 10:46:16 AM,1445.3,1,1445.3,73318885.39999998
2025-08-01 10:46:22 AM,1445.3,11,15898.3,73334783.69999997
2025-08-01 10:46:33 AM,1445.3,14,20234.2,73355017.89999998
2025-08-01 10:46:39 AM,1445.1,0,0.0,73355017.89999998
2025-08-01 10:46:39 AM,1445.1,5,7225.5,73362243.39999998
2025-08-01 10:46:40 AM,1445.1,11,15896.099999999999,73378139.49999997
2025-08-01 10:46:50 AM,1445.1,9,13005.9,73391145.39999998
2025-08-01 10:46:51 AM,1445.1,12,17341.199999999997,73408486.59999998
2025-08-01 10:47:01 AM,1445.2,11,15897.2,73424383.79999998
2025-08-01 10:47:03 AM,1445.0,0,0.0,73424383.79999998
2025-08-01 10:47:04 AM,1446.0,0,0.0,73424383.79999998
2025-08-01 10:47:06 AM,1446.0,51,73746.0,73498129.79999998
2025-08-01 10:47:08 AM,1445.1,1,1445.1,73499574.89999998
2025-08-01 10:47:09 AM,1445.0,0,0.0,73499574.89999998
2025-08-01 10:47:11 AM,1445.0,36,52020.0,73551594.89999998
2025-08-01 10:47:17 AM,1445.0,15,21675.0,73573269.89999998
2025-08-01 10:47:22 AM,1445.0,11,15895.0,73589164.89999998
2025-08-01 10:47:28 AM,1445.0,1,1445.0,73590609.89999998
2025-08-01 10:47:33 AM,1445.0,12,17340.0,73607949.89999998
2025-08-01 10:47:40 AM,1445.1,0,0.0,73607949.89999998
2025-08-01 10:47:40 AM,1445.1,11,15896.099999999999,73623845.99999997
2025-08-01 10:47:44 AM,1445.8,2,2891.6,73626737.59999996
2025-08-01 10:47:46 AM,1444.0,254,366776.0,73993513.59999996
2025-08-01 10:47:49 AM,1445.7,0,0.0,73993513.59999996
2025-08-01 10:47:49 AM,1445.7,5,7228.5,74000742.09999996
2025-08-01 10:47:52 AM,1445.0,0,0.0,74000742.09999996
2025-08-01 10:47:54 AM,1445.0,12,17340.0,74018082.09999996
2025-08-01 10:47:56 AM,1445.2,0,0.0,74018082.09999996
2025-08-01 10:47:57 AM,1445.2,23,33239.6,74051321.69999996
2025-08-01 10:48:01 AM,1445.4,0,0.0,74051321.69999996
2025-08-01 10:48:02 AM,1446.2,0,0.0,74051321.69999996
2025-08-01 10:48:02 AM,1446.2,43,62186.6,74113508.29999995
2025-08-01 10:48:10 AM,1446.2,12,17354.4,74130862.69999996
2025-08-01 10:48:16 AM,1446.2,78,112803.6,74243666.29999995
2025-08-01 10:48:21 AM,1446.2,12,17354.4,74261020.69999996
2025-08-01 10:48:27 AM,1447.5,59,85402.5,74346423.19999996
2025-08-01 10:48:32 AM,1447.5,12,17370.0,74363793.19999996
2025-08-01 10:48:36 AM,1448.0,0,0.0,74363793.19999996
2025-08-01 10:48:38 AM,1447.5,351,508072.5,74871865.69999996
2025-08-01 10:48:43 AM,1446.8,0,0.0,74871865.69999996
2025-08-01 10:48:43 AM,1446.8,11,15914.8,74887780.49999996
2025-08-01 10:48:45 AM,1446.8,5,7234.0,74895014.49999996
2025-08-01 10:48:50 AM,1446.8,12,17361.6,74912376.09999995
2025-08-01 10:48:56 AM,1446.8,1,1446.8,74913822.89999995
2025-08-01 10:49:01 AM,1446.8,12,17361.6,74931184.49999994
2025-08-01 10:49:03 AM,1447.8,0,0.0,74931184.49999994
2025-08-01 10:49:05 AM,1447.8,1,1447.8,74932632.29999994
2025-08-01 10:49:12 AM,1446.8,12,17361.6,74949993.89999993
2025-08-01 10:49:16 AM,1446.8,1,1446.8,74951440.69999993
2025-08-01 10:49:20 AM,1448.0,0,0.0,74951440.69999993
2025-08-01 10:49:21 AM,1448.0,221,320008.0,75271448.69999993
2025-08-01 10:49:27 AM,1448.9,40,57956.0,75329404.69999993
2025-08-01 10:49:32 AM,1448.0,0,0.0,75329404.69999993
2025-08-01 10:49:32 AM,1448.0,5,7240.0,75336644.69999993
2025-08-01 10:49:34 AM,1447.1,0,0.0,75336644.69999993
2025-08-01 10:49:38 AM,1447.1,8,11576.8,75348221.49999993
2025-08-01 10:49:43 AM,1447.1,11,15918.099999999999,75364139.59999992
2025-08-01 10:49:49 AM,1447.2,0,0.0,75364139.59999992
2025-08-01 10:49:49 AM,1447.2,1,1447.2,75365586.79999992
2025-08-01 10:49:52 AM,1448.9,0,0.0,75365586.79999992
2025-08-01 10:49:53 AM,1448.9,112,162276.80000000002,75527863.59999992
2025-08-01 10:49:59 AM,1448.0,0,0.0,75527863.59999992
2025-08-01 10:50:00 AM,1448.0,8,11584.0,75539447.59999992
2025-08-01 10:50:03 AM,1447.4,0,0.0,75539447.59999992
2025-08-01 10:50:04 AM,1446.9,11,15915.900000000001,75555363.49999993
2025-08-01 10:50:07 AM,1447.2,0,0.0,75555363.49999993
2025-08-01 10:50:10 AM,1447.2,11,15919.2,75571282.69999993
2025-08-01 10:50:13 AM,1446.8,0,0.0,75571282.69999993
2025-08-01 10:50:15 AM,1446.8,2,2893.6,75574176.29999992
2025-08-01 10:50:21 AM,1446.8,11,15914.8,75590091.09999992
2025-08-01 10:50:25 AM,1446.9,0,0.0,75590091.09999992
2025-08-01 10:50:27 AM,1446.9,2,2893.8,75592984.89999992
2025-08-01 10:50:32 AM,1446.8,12,17361.6,75610346.49999991
2025-08-01 10:50:42 AM,1446.4,0,0.0,75610346.49999991
2025-08-01 10:50:43 AM,1446.8,0,0.0,75610346.49999991
2025-08-01 10:50:44 AM,1446.8,22,31829.6,75642176.0999999
2025-08-01 10:50:46 AM,1448.0,0,0.0,75642176.0999999
2025-08-01 10:50:49 AM,1448.0,5,7240.0,75649416.0999999
2025-08-01 10:50:52 AM,1447.1,0,0.0,75649416.0999999
2025-08-01 10:50:55 AM,1447.1,12,17365.199999999997,75666781.29999991
2025-08-01 10:51:01 AM,1447.1,13,18812.3,75685593.5999999
2025-08-01 10:51:07 AM,1447.1,9,13023.9,75698617.49999991
2025-08-01 10:51:12 AM,1447.1,12,17365.199999999997,75715982.69999991
2025-08-01 10:51:23 AM,1447.1,12,17365.199999999997,75733347.89999992
2025-08-01 10:51:34 AM,1447.1,13,18812.3,75752160.19999991
2025-08-01 10:51:38 AM,1447.3,0,0.0,75752160.19999991
2025-08-01 10:51:40 AM,1447.3,1,1447.3,75753607.49999991
2025-08-01 10:51:45 AM,1447.3,12,17367.6,75770975.0999999
2025-08-01 10:51:50 AM,1447.3,12,17367.6,75788342.6999999
2025-08-01 10:51:56 AM,1447.5,1,1447.5,75789790.1999999
2025-08-01 10:52:01 AM,1447.5,11,15922.5,75805712.6999999
2025-08-01 10:52:12 AM,1447.5,12,17370.0,75823082.6999999
2025-08-01 10:52:17 AM,1447.5,1,1447.5,75824530.1999999
2025-08-01 10:52:20 AM,1447.6,0,0.0,75824530.1999999
2025-08-01 10:52:23 AM,1447.6,11,15923.599999999999,75840453.7999999
2025-08-01 10:52:33 AM,1447.5,0,0.0,75840453.7999999
2025-08-01 10:52:33 AM,1447.5,13,18817.5,75859271.2999999
2025-08-01 10:52:43 AM,1447.1,0,0.0,75859271.2999999
2025-08-01 10:52:44 AM,1447.1,11,15918.099999999999,75875189.39999989
2025-08-01 10:52:49 AM,1447.1,1,1447.1,75876636.49999988
2025-08-01 10:52:50 AM,1447.1,12,17365.199999999997,75894001.69999988
2025-08-01 10:53:01 AM,1447.1,11,15918.099999999999,75909919.79999988
2025-08-01 10:53:03 AM,1447.6,0,0.0,75909919.79999988
2025-08-01 10:53:05 AM,1447.6,1,1447.6,75911367.39999987
2025-08-01 10:53:08 AM,1448.5,0,0.0,75911367.39999987
2025-08-01 10:53:10 AM,1448.5,17,24624.5,75935991.89999987
2025-08-01 10:53:12 AM,1450.0,741,1074450.0,77010441.89999987
2025-08-01 10:53:22 AM,1448.2,11,15930.2,77026372.09999987
2025-08-01 10:53:26 AM,1448.3,0,0.0,77026372.09999987
2025-08-01 10:53:27 AM,1448.3,1,1448.3,77027820.39999987
2025-08-01 10:53:30 AM,1448.4,0,0.0,77027820.39999987
2025-08-01 10:53:32 AM,1448.4,12,17380.800000000003,77045201.19999987
2025-08-01 10:53:42 AM,1448.1,0,0.0,77045201.19999987
2025-08-01 10:53:42 AM,1448.1,11,15929.099999999999,77061130.29999986
2025-08-01 10:53:43 AM,1448.2,1,1448.2,77062578.49999987
2025-08-01 10:53:53 AM,1447.8,0,0.0,77062578.49999987
2025-08-01 10:53:53 AM,1447.8,12,17373.6,77079952.09999986
2025-08-01 10:54:00 AM,1448.1,0,0.0,77079952.09999986
2025-08-01 10:54:03 AM,1448.1,13,18825.3,77098777.39999986
2025-08-01 10:54:10 AM,1448.1,1,1448.1,77100225.49999985
2025-08-01 10:54:13 AM,1447.6,0,0.0,77100225.49999985
2025-08-01 10:54:14 AM,1447.1,0,0.0,77100225.49999985
2025-08-01 10:54:15 AM,1447.1,11,15918.099999999999,77116143.59999985
2025-08-01 10:54:20 AM,1447.1,12,17365.199999999997,77133508.79999985
2025-08-01 10:54:25 AM,1447.6,20,28952.0,77162460.79999985
2025-08-01 10:54:32 AM,1447.1,0,0.0,77162460.79999985
2025-08-01 10:54:36 AM,1447.1,12,17365.199999999997,77179825.99999985
2025-08-01 10:54:41 AM,1447.1,12,17365.199999999997,77197191.19999985
2025-08-01 10:54:44 AM,1448.0,0,0.0,77197191.19999985
2025-08-01 10:54:46 AM,1448.0,3,4344.0,77201535.19999985
2025-08-01 10:54:52 AM,1447.2,6,8683.2,77210218.39999986
2025-08-01 10:54:54 AM,1447.1,0,0.0,77210218.39999986
2025-08-01 10:54:57 AM,1447.1,3,4341.299999999999,77214559.69999985
2025-08-01 10:55:00 AM,1446.3,0,0.0,77214559.69999985
2025-08-01 10:55:02 AM,1446.3,12,17355.6,77231915.29999985
2025-08-01 10:55:12 AM,1445.9,12,17350.800000000003,77249266.09999985
2025-08-01 10:55:13 AM,1446.2,0,0.0,77249266.09999985
2025-08-01 10:55:13 AM,1446.2,1,1446.2,77250712.29999985
2025-08-01 10:55:22 AM,1445.8,0,0.0,77250712.29999985
2025-08-01 10:55:24 AM,1445.8,55,79519.0,77330231.29999985
2025-08-01 10:55:29 AM,1445.9,5,7229.5,77337460.79999985
2025-08-01 10:55:31 AM,1446.0,0,0.0,77337460.79999985
2025-08-01 10:55:35 AM,1445.8,49,70844.2,77408304.99999985
2025-08-01 10:55:41 AM,1445.8,11,15903.8,77424208.79999985
2025-08-01 10:55:51 AM,1445.8,13,18795.399999999998,77443004.19999985
2025-08-01 10:56:01 AM,1445.8,11,15903.8,77458907.99999985
2025-08-01 10:56:07 AM,1446.1,1,1446.1,77460354.09999985
2025-08-01 10:56:11 AM,1446.1,11,15907.099999999999,77476261.19999984
2025-08-01 10:56:12 AM,1445.9,0,0.0,77476261.19999984
2025-08-01 10:56:13 AM,1445.9,1,1445.9,77477707.09999985
2025-08-01 10:56:20 AM,1447.1,0,0.0,77477707.09999985
2025-08-01 10:56:22 AM,1446.1,0,0.0,77477707.09999985
2025-08-01 10:56:22 AM,1446.1,13,18799.3,77496506.39999984
2025-08-01 10:56:26 AM,1445.8,0,0.0,77496506.39999984
2025-08-01 10:56:27 AM,1445.8,2,2891.6,77499397.99999984
2025-08-01 10:56:33 AM,1445.8,12,17349.6,77516747.59999983
2025-08-01 10:56:40 AM,1445.9,0,0.0,77516747.59999983
2025-08-01 10:56:44 AM,1446.0,12,17352.0,77534099.59999983
2025-08-01 10:56:50 AM,1446.2,0,0.0,77534099.59999983
2025-08-01 10:56:50 AM,1446.2,12,17354.4,77551453.99999984
2025-08-01 10:57:02 AM,1445.8,0,0.0,77551453.99999984
2025-08-01 10:57:04 AM,1445.5,0,0.0,77551453.99999984
2025-08-01 10:57:05 AM,1445.5,12,17346.0,77568799.99999984
2025-08-01 10:57:10 AM,1445.6,0,0.0,77568799.99999984
2025-08-01 10:57:11 AM,1445.6,12,17347.199999999997,77586147.19999984
2025-08-01 10:57:19 AM,1445.5,0,0.0,77586147.19999984
2025-08-01 10:57:20 AM,1445.5,13,18791.5,77604938.69999984
2025-08-01 10:57:30 AM,1445.6,0,0.0,77604938.69999984
2025-08-01 10:57:31 AM,1445.6,22,31803.199999999997,77636741.89999984
2025-08-01 10:57:37 AM,1445.5,1,1445.5,77638187.39999984
2025-08-01 10:57:42 AM,1445.5,11,15900.5,77654087.89999984
2025-08-01 10:57:52 AM,1445.5,12,17346.0,77671433.89999984
2025-08-01 10:57:57 AM,1445.5,1,1445.5,77672879.39999984
2025-08-01 10:58:02 AM,1446.9,0,0.0,77672879.39999984
2025-08-01 10:58:03 AM,1446.9,24,34725.600000000006,77707604.99999984
2025-08-01 10:58:12 AM,1445.5,0,0.0,77707604.99999984
2025-08-01 10:58:13 AM,1445.6,13,18792.8,77726397.79999983
2025-08-01 10:58:24 AM,1445.6,11,15901.599999999999,77742299.39999983
2025-08-01 10:58:30 AM,1445.6,12,17347.199999999997,77759646.59999983
2025-08-01 10:58:35 AM,1445.6,1,1445.6,77761092.19999982
2025-08-01 10:58:41 AM,1445.6,11,15901.599999999999,77776993.79999982
2025-08-01 10:58:50 AM,1445.9,0,0.0,77776993.79999982
2025-08-01 10:58:52 AM,1445.9,3,4337.700000000001,77781331.49999982
2025-08-01 10:58:52 AM,1445.7,0,0.0,77781331.49999982
2025-08-01 10:58:52 AM,1445.7,10,14457.0,77795788.49999982
2025-08-01 10:59:00 AM,1445.8,0,0.0,77795788.49999982
2025-08-01 10:59:02 AM,1445.8,11,15903.8,77811692.29999982
2025-08-01 10:59:07 AM,1445.7,1,1445.7,77813137.99999982
2025-08-01 10:59:12 AM,1445.7,12,17348.4,77830486.39999983
2025-08-01 10:59:22 AM,1445.7,11,15902.7,77846389.09999983
2025-08-01 10:59:27 AM,1445.7,1,1445.7,77847834.79999983
2025-08-01 10:59:30 AM,1445.8,0,0.0,77847834.79999983
2025-08-01 10:59:32 AM,1445.8,12,17349.6,77865184.39999983
2025-08-01 10:59:43 AM,1446.9,13,18809.7,77883994.09999983
2025-08-01 10:59:46 AM,1445.7,0,0.0,77883994.09999983
2025-08-01 10:59:49 AM,1445.7,1,1445.7,77885439.79999983
2025-08-01 10:59:52 AM,1445.5,0,0.0,77885439.79999983
2025-08-01 10:59:54 AM,1445.5,13,18791.5,77904231.29999983
2025-08-01 11:00:06 AM,1445.5,12,17346.0,77921577.29999983
2025-08-01 11:00:11 AM,1445.6,0,0.0,77921577.29999983
2025-08-01 11:00:12 AM,1445.6,12,17347.199999999997,77938924.49999984
2025-08-01 11:00:19 AM,1445.5,0,0.0,77938924.49999984
2025-08-01 11:00:23 AM,1445.5,12,17346.0,77956270.49999984
2025-08-01 11:00:27 AM,1445.6,0,0.0,77956270.49999984
2025-08-01 11:00:29 AM,1445.6,16,23129.6,77979400.09999983
2025-08-01 11:00:34 AM,1445.6,12,17347.199999999997,77996747.29999983
2025-08-01 11:00:37 AM,1445.7,0,0.0,77996747.29999983
2025-08-01 11:00:39 AM,1445.7,1,1445.7,77998192.99999984
2025-08-01 11:00:43 AM,1445.5,0,0.0,77998192.99999984
2025-08-01 11:00:44 AM,1445.5,11,15900.5,78014093.49999984
2025-08-01 11:00:50 AM,1445.6,12,17347.199999999997,78031440.69999984
2025-08-01 11:00:55 AM,1445.5,1,1445.5,78032886.19999984
2025-08-01 11:01:00 AM,1445.5,11,15900.5,78048786.69999984
2025-08-01 11:01:11 AM,1445.5,12,17346.0,78066132.69999984
2025-08-01 11:01:16 AM,1445.5,1,1445.5,78067578.19999984
2025-08-01 11:01:22 AM,1445.5,11,15900.5,78083478.69999984
2025-08-01 11:01:32 AM,1445.5,14,20237.0,78103715.69999984
2025-08-01 11:01:42 AM,1445.5,11,15900.5,78119616.19999984
2025-08-01 11:01:53 AM,1445.5,13,18791.5,78138407.69999984
2025-08-01 11:01:57 AM,1445.0,0,0.0,78138407.69999984
2025-08-01 11:01:58 AM,1445.0,100,144500.0,78282907.69999984
2025-08-01 11:02:03 AM,1445.0,11,15895.0,78298802.69999984
2025-08-01 11:02:07 AM,1445.1,0,0.0,78298802.69999984
2025-08-01 11:02:08 AM,1445.1,1,1445.1,78300247.79999983
2025-08-01 11:02:11 AM,1446.9,0,0.0,78300247.79999983
2025-08-01 11:02:13 AM,1445.4,0,0.0,78300247.79999983
2025-08-01 11:02:13 AM,1445.4,62,89614.8,78389862.59999983
2025-08-01 11:02:21 AM,1445.5,0,0.0,78389862.59999983
2025-08-01 11:02:24 AM,1446.6,14,20252.399999999998,78410114.99999984
2025-08-01 11:02:27 AM,1445.4,0,0.0,78410114.99999984
2025-08-01 11:02:30 AM,1445.5,13,18791.5,78428906.49999984
2025-08-01 11:02:42 AM,1445.5,11,15900.5,78444806.99999984
2025-08-01 11:02:47 AM,1445.5,1,1445.5,78446252.49999984
2025-08-01 11:02:52 AM,1445.5,12,17346.0,78463598.49999984
2025-08-01 11:03:02 AM,1445.5,12,17346.0,78480944.49999984
2025-08-01 11:03:12 AM,1445.5,12,17346.0,78498290.49999984
2025-08-01 11:03:19 AM,1446.6,0,0.0,78498290.49999984
2025-08-01 11:03:19 AM,1445.5,0,0.0,78498290.49999984
2025-08-01 11:03:19 AM,1445.5,4,5782.0,78504072.49999984
2025-08-01 11:03:23 AM,1445.5,11,15900.5,78519972.99999984
2025-08-01 11:03:33 AM,1445.1,12,17341.199999999997,78537314.19999984
2025-08-01 11:03:37 AM,1445.4,0,0.0,78537314.19999984
2025-08-01 11:03:38 AM,1445.4,1,1445.4,78538759.59999985
2025-08-01 11:03:40 AM,1445.4,11,15899.400000000001,78554658.99999985
2025-08-01 11:03:52 AM,1445.4,12,17344.800000000003,78572003.79999985
2025-08-01 11:03:57 AM,1445.4,1,1445.4,78573449.19999985
2025-08-01 11:04:02 AM,1445.4,11,15899.400000000001,78589348.59999986
2025-08-01 11:04:12 AM,1445.4,12,17344.800000000003,78606693.39999986
2025-08-01 11:04:15 AM,1445.4,1,1445.4,78608138.79999986
2025-08-01 11:04:20 AM,1445.4,16,23126.4,78631265.19999987
2025-08-01 11:04:24 AM,1445.1,0,0.0,78631265.19999987
2025-08-01 11:04:26 AM,1446.3,52,75207.59999999999,78706472.79999986
2025-08-01 11:04:33 AM,1445.3,8,11562.4,78718035.19999987
2025-08-01 11:04:36 AM,1445.1,5,7225.5,78725260.69999987
2025-08-01 11:04:38 AM,1445.0,170,245650.0,78970910.69999987
2025-08-01 11:04:41 AM,1445.2,11,15897.2,78986807.89999987
2025-08-01 11:04:51 AM,1446.2,0,0.0,78986807.89999987
2025-08-01 11:04:51 AM,1446.2,14,20246.8,79007054.69999987
2025-08-01 11:05:02 AM,1446.2,11,15908.2,79022962.89999987
2025-08-01 11:05:07 AM,1446.3,0,0.0,79022962.89999987
2025-08-01 11:05:08 AM,1446.3,1,1446.3,79024409.19999987
2025-08-01 11:05:13 AM,1446.3,12,17355.6,79041764.79999986
2025-08-01 11:05:24 AM,1446.3,11,15909.3,79057674.09999986
2025-08-01 11:05:28 AM,1446.2,0,0.0,79057674.09999986
2025-08-01 11:05:29 AM,1446.2,1,1446.2,79059120.29999986
2025-08-01 11:05:34 AM,1445.8,0,0.0,79059120.29999986
2025-08-01 11:05:34 AM,1445.8,12,17349.6,79076469.89999986
2025-08-01 11:05:41 AM,1445.8,11,15903.8,79092373.69999985
2025-08-01 11:05:43 AM,1446.2,0,0.0,79092373.69999985
2025-08-01 11:05:45 AM,1446.2,1,1446.2,79093819.89999986
2025-08-01 11:05:51 AM,1447.0,0,0.0,79093819.89999986
2025-08-01 11:05:51 AM,1447.0,12,17364.0,79111183.89999986
2025-08-01 11:06:01 AM,1447.0,12,17364.0,79128547.89999986
2025-08-01 11:06:12 AM,1447.0,12,17364.0,79145911.89999986
2025-08-01 11:06:23 AM,1448.0,14,20272.0,79166183.89999986
2025-08-01 11:06:32 AM,1447.1,0,0.0,79166183.89999986
2025-08-01 11:06:36 AM,1447.1,12,17365.199999999997,79183549.09999986
2025-08-01 11:06:38 AM,1447.1,8,11576.8,79195125.89999986
2025-08-01 11:06:43 AM,1446.6,11,15912.599999999999,79211038.49999985
2025-08-01 11:06:50 AM,1446.7,0,0.0,79211038.49999985
2025-08-01 11:06:50 AM,1446.7,12,17360.4,79228398.89999986
2025-08-01 11:06:56 AM,1446.6,2,2893.2,79231292.09999986
2025-08-01 11:06:59 AM,1447.7,0,0.0,79231292.09999986
2025-08-01 11:07:00 AM,1447.7,2,2895.4,79234187.49999987
2025-08-01 11:07:02 AM,1447.1,0,0.0,79234187.49999987
2025-08-01 11:07:05 AM,1447.1,11,15918.099999999999,79250105.59999986
2025-08-01 11:07:13 AM,1446.7,0,0.0,79250105.59999986
2025-08-01 11:07:15 AM,1446.7,13,18807.100000000002,79268912.69999985
2025-08-01 11:07:19 AM,1447.9,0,0.0,79268912.69999985
2025-08-01 11:07:21 AM,1447.9,5,7239.5,79276152.19999985
2025-08-01 11:07:23 AM,1447.1,0,0.0,79276152.19999985
2025-08-01 11:07:25 AM,1446.6,0,0.0,79276152.19999985
2025-08-01 11:07:26 AM,1446.6,12,17359.199999999997,79293511.39999986
2025-08-01 11:07:31 AM,1446.7,0,0.0,79293511.39999986
2025-08-01 11:07:31 AM,1446.7,13,18807.100000000002,79312318.49999985
2025-08-01 11:07:41 AM,1446.9,0,0.0,79312318.49999985
2025-08-01 11:07:43 AM,1446.9,11,15915.900000000001,79328234.39999986
2025-08-01 11:07:49 AM,1446.9,1,1446.9,79329681.29999986
2025-08-01 11:07:53 AM,1446.6,12,17359.199999999997,79347040.49999987
2025-08-01 11:08:00 AM,1446.6,11,15912.599999999999,79362953.09999986
2025-08-01 11:08:09 AM,1446.6,1,1446.6,79364399.69999985
2025-08-01 11:08:11 AM,1446.6,12,17359.199999999997,79381758.89999986
2025-08-01 11:08:22 AM,1446.6,11,15912.599999999999,79397671.49999985
2025-08-01 11:08:27 AM,1446.6,1,1446.6,79399118.09999985
2025-08-01 11:08:30 AM,1446.6,11,15912.599999999999,79415030.69999984
2025-08-01 11:08:32 AM,1446.4,1,1446.4,79416477.09999985
2025-08-01 11:08:40 AM,1448.0,810,1172880.0,80589357.09999985
2025-08-01 11:08:43 AM,1446.5,0,0.0,80589357.09999985
2025-08-01 11:08:46 AM,1446.5,1,1446.5,80590803.59999985
2025-08-01 11:08:51 AM,1446.5,6,8679.0,80599482.59999985
2025-08-01 11:08:53 AM,1446.4,0,0.0,80599482.59999985
2025-08-01 11:08:53 AM,1446.4,6,8678.400000000001,80608160.99999985
2025-08-01 11:09:02 AM,1446.4,12,17356.800000000003,80625517.79999985
2025-08-01 11:09:08 AM,1447.1,0,0.0,80625517.79999985
2025-08-01 11:09:08 AM,1447.1,7,10129.699999999999,80635647.49999985
2025-08-01 11:09:13 AM,1446.4,0,0.0,80635647.49999985
2025-08-01 11:09:14 AM,1446.4,12,17356.800000000003,80653004.29999985
2025-08-01 11:09:20 AM,1446.4,1,1446.4,80654450.69999985
2025-08-01 11:09:22 AM,1446.4,11,15910.400000000001,80670361.09999986
2025-08-01 11:09:30 AM,1446.4,12,17356.800000000003,80687717.89999986
2025-08-01 11:09:38 AM,1446.4,1,1446.4,80689164.29999986
2025-08-01 11:09:41 AM,1446.4,11,15910.400000000001,80705074.69999987
2025-08-01 11:09:52 AM,1446.4,7,10124.800000000001,80715199.49999987
2025-08-01 11:09:52 AM,1446.3,0,0.0,80715199.49999987
2025-08-01 11:09:54 AM,1446.3,2,2892.6,80718092.09999986
2025-08-01 11:09:54 AM,1446.0,0,0.0,80718092.09999986
2025-08-01 11:09:57 AM,1446.0,5,7230.0,80725322.09999986
2025-08-01 11:10:02 AM,1446.0,11,15906.0,80741228.09999986
2025-08-01 11:10:13 AM,1446.0,13,18798.0,80760026.09999986
2025-08-01 11:10:22 AM,1445.8,0,0.0,80760026.09999986
2025-08-01 11:10:24 AM,1445.8,11,15903.8,80775929.89999986
2025-08-01 11:10:30 AM,1445.8,12,17349.6,80793279.49999985
2025-08-01 11:10:32 AM,1445.0,0,0.0,80793279.49999985
2025-08-01 11:10:35 AM,1445.0,186,268770.0,81062049.49999985
2025-08-01 11:10:40 AM,1445.5,0,0.0,81062049.49999985
2025-08-01 11:10:40 AM,1445.5,11,15900.5,81077949.99999985
2025-08-01 11:10:50 AM,1446.0,0,0.0,81077949.99999985
2025-08-01 11:10:51 AM,1446.0,10,14460.0,81092409.99999985
2025-08-01 11:10:52 AM,1445.1,3,4335.299999999999,81096745.29999985
2025-08-01 11:11:00 AM,1445.2,0,0.0,81096745.29999985
2025-08-01 11:11:03 AM,1445.2,11,15897.2,81112642.49999985
2025-08-01 11:11:08 AM,1446.3,0,0.0,81112642.49999985
2025-08-01 11:11:08 AM,1446.3,2,2892.6,81115535.09999985
2025-08-01 11:11:12 AM,1445.2,0,0.0,81115535.09999985
2025-08-01 11:11:14 AM,1445.2,12,17342.4,81132877.49999985
2025-08-01 11:11:20 AM,1445.4,0,0.0,81132877.49999985
2025-08-01 11:11:24 AM,1445.4,11,15899.400000000001,81148776.89999986
2025-08-01 11:11:25 AM,1445.4,1,1445.4,81150222.29999986
2025-08-01 11:11:31 AM,1445.4,12,17344.800000000003,81167567.09999986
2025-08-01 11:11:40 AM,1445.5,0,0.0,81167567.09999986
2025-08-01 11:11:41 AM,1445.5,11,15900.5,81183467.59999986
2025-08-01 11:11:44 AM,1445.4,0,0.0,81183467.59999986
2025-08-01 11:11:46 AM,1445.4,1,1445.4,81184912.99999987
2025-08-01 11:11:51 AM,1445.4,12,17344.800000000003,81202257.79999986
2025-08-01 11:12:02 AM,1446.3,13,18801.899999999998,81221059.69999987
2025-08-01 11:12:12 AM,1445.4,0,0.0,81221059.69999987
2025-08-01 11:12:12 AM,1445.4,2,2890.8,81223950.49999987
2025-08-01 11:12:14 AM,1445.0,0,0.0,81223950.49999987
2025-08-01 11:12:18 AM,1445.0,10,14450.0,81238400.49999987
2025-08-01 11:12:22 AM,1446.1,0,0.0,81238400.49999987
2025-08-01 11:12:23 AM,1446.1,34,49167.399999999994,81287567.89999987
2025-08-01 11:12:32 AM,1445.1,0,0.0,81287567.89999987
2025-08-01 11:12:34 AM,1445.1,12,17341.199999999997,81304909.09999987
2025-08-01 11:12:40 AM,1445.1,1,1445.1,81306354.19999987
2025-08-01 11:12:40 AM,1445.1,11,15896.099999999999,81322250.29999986
2025-08-01 11:12:42 AM,1446.2,0,0.0,81322250.29999986
2025-08-01 11:12:45 AM,1446.2,1,1446.2,81323696.49999987
2025-08-01 11:12:49 AM,1446.2,10,14462.0,81338158.49999987
2025-08-01 11:12:52 AM,1445.0,0,0.0,81338158.49999987
2025-08-01 11:12:54 AM,1445.0,12,17340.0,81355498.49999987
2025-08-01 11:12:55 AM,1445.0,1,1445.0,81356943.49999987
2025-08-01 11:13:01 AM,1445.0,11,15895.0,81372838.49999987
2025-08-01 11:13:10 AM,1446.2,0,0.0,81372838.49999987
2025-08-01 11:13:11 AM,1446.2,2,2892.4,81375730.89999987
2025-08-01 11:13:12 AM,1445.1,12,17341.199999999997,81393072.09999987
2025-08-01 11:13:15 AM,1445.0,0,0.0,81393072.09999987
2025-08-01 11:13:17 AM,1445.0,1,1445.0,81394517.09999987
2025-08-01 11:13:22 AM,1445.0,11,15895.0,81410412.09999987
2025-08-01 11:13:33 AM,1445.0,13,18785.0,81429197.09999987
2025-08-01 11:13:40 AM,1445.0,11,15895.0,81445092.09999987
2025-08-01 11:13:43 AM,1445.3,0,0.0,81445092.09999987
2025-08-01 11:13:44 AM,1445.3,1081,1562369.3,83007461.39999987
2025-08-01 11:13:49 AM,1445.0,0,0.0,83007461.39999987
2025-08-01 11:13:50 AM,1445.0,13,18785.0,83026246.39999987
2025-08-01 11:14:01 AM,1445.0,11,15895.0,83042141.39999987
2025-08-01 11:14:11 AM,1445.0,13,18785.0,83060926.39999987
2025-08-01 11:14:22 AM,1445.0,11,15895.0,83076821.39999987
2025-08-01 11:14:25 AM,1445.1,0,0.0,83076821.39999987
2025-08-01 11:14:27 AM,1445.1,1,1445.1,83078266.49999987
2025-08-01 11:14:32 AM,1445.1,15,21676.5,83099942.99999987
2025-08-01 11:14:43 AM,1445.1,11,15896.099999999999,83115839.09999986
2025-08-01 11:14:43 AM,1445.2,0,0.0,83115839.09999986
2025-08-01 11:14:44 AM,1445.2,1,1445.2,83117284.29999986
2025-08-01 11:14:54 AM,1445.2,13,18787.600000000002,83136071.89999986
2025-08-01 11:15:00 AM,1445.4,11,15899.400000000001,83151971.29999986
2025-08-01 11:15:01 AM,1445.1,0,0.0,83151971.29999986
2025-08-01 11:15:05 AM,1445.1,1,1445.1,83153416.39999986
2025-08-01 11:15:10 AM,1445.1,14,20231.399999999998,83173647.79999986
2025-08-01 11:15:19 AM,1445.0,0,0.0,83173647.79999986
2025-08-01 11:15:21 AM,1445.0,12,17340.0,83190987.79999986
2025-08-01 11:15:31 AM,1445.0,12,17340.0,83208327.79999986
2025-08-01 11:15:37 AM,1444.9,0,0.0,83208327.79999986
2025-08-01 11:15:37 AM,1444.9,1,1444.9,83209772.69999987
2025-08-01 11:15:42 AM,1444.9,11,15893.900000000001,83225666.59999987
2025-08-01 11:15:52 AM,1444.9,12,17338.800000000003,83243005.39999987
2025-08-01 11:15:57 AM,1444.9,1,1444.9,83244450.29999988
2025-08-01 11:15:58 AM,1445.0,90,130050.0,83374500.29999988
2025-08-01 11:16:02 AM,1445.0,11,15895.0,83390395.29999988
2025-08-01 11:16:13 AM,1445.0,13,18785.0,83409180.29999988
2025-08-01 11:16:24 AM,1445.0,11,15895.0,83425075.29999988
2025-08-01 11:16:30 AM,1445.1,12,17341.199999999997,83442416.49999988
2025-08-01 11:16:34 AM,1445.1,1,1445.1,83443861.59999987
2025-08-01 11:16:40 AM,1445.2,11,15897.2,83459758.79999988
2025-08-01 11:16:49 AM,1445.0,0,0.0,83459758.79999988
2025-08-01 11:16:49 AM,1445.0,1,1445.0,83461203.79999988
2025-08-01 11:16:51 AM,1445.0,12,17340.0,83478543.79999988
2025-08-01 11:17:00 AM,1445.1,11,15896.099999999999,83494439.89999987
2025-08-01 11:17:07 AM,1445.0,0,0.0,83494439.89999987
2025-08-01 11:17:08 AM,1445.0,1,1445.0,83495884.89999987
2025-08-01 11:17:11 AM,1445.0,12,17340.0,83513224.89999987
2025-08-01 11:17:21 AM,1445.0,12,17340.0,83530564.89999987
2025-08-01 11:17:25 AM,1444.9,0,0.0,83530564.89999987
2025-08-01 11:17:27 AM,1444.9,2,2889.8,83533454.69999987
2025-08-01 11:17:31 AM,1445.0,0,0.0,83533454.69999987
2025-08-01 11:17:32 AM,1445.0,12,17340.0,83550794.69999987
2025-08-01 11:17:43 AM,1445.0,12,17340.0,83568134.69999987
2025-08-01 11:17:47 AM,1446.2,0,0.0,83568134.69999987
2025-08-01 11:17:48 AM,1445.2,2,2890.4,83571025.09999987
2025-08-01 11:17:50 AM,1446.6,10,14466.0,83585491.09999987
2025-08-01 11:17:53 AM,1445.1,0,0.0,83585491.09999987
2025-08-01 11:17:54 AM,1445.1,12,17341.199999999997,83602832.29999988
2025-08-01 11:18:00 AM,1445.1,11,15896.099999999999,83618728.39999987
2025-08-01 11:18:04 AM,1445.1,1,1445.1,83620173.49999987
2025-08-01 11:18:12 AM,1445.1,12,17341.199999999997,83637514.69999987
2025-08-01 11:18:19 AM,1445.0,0,0.0,83637514.69999987
2025-08-01 11:18:21 AM,1445.0,12,17340.0,83654854.69999987
2025-08-01 11:18:32 AM,1445.0,12,17340.0,83672194.69999987
2025-08-01 11:18:37 AM,1444.9,0,0.0,83672194.69999987
2025-08-01 11:18:38 AM,1444.9,1,1444.9,83673639.59999987
2025-08-01 11:18:43 AM,1445.9,0,0.0,83673639.59999987
2025-08-01 11:18:44 AM,1445.9,12,17350.800000000003,83690990.39999987
2025-08-01 11:18:53 AM,1444.9,0,0.0,83690990.39999987
2025-08-01 11:18:55 AM,1444.9,13,18783.7,83709774.09999987
2025-08-01 11:19:01 AM,1444.9,61,88138.90000000001,83797912.99999988
2025-08-01 11:19:03 AM,1445.6,0,0.0,83797912.99999988
2025-08-01 11:19:06 AM,1446.0,0,0.0,83797912.99999988
2025-08-01 11:19:07 AM,1446.0,8,11568.0,83809480.99999988
2025-08-01 11:19:13 AM,1445.1,15,21676.5,83831157.49999988
2025-08-01 11:19:13 AM,1445.1,1,1445.1,83832602.59999987
2025-08-01 11:19:20 AM,1446.7,0,0.0,83832602.59999987
2025-08-01 11:19:21 AM,1445.2,0,0.0,83832602.59999987
2025-08-01 11:19:22 AM,1444.4,0,0.0,83832602.59999987
2025-08-01 11:19:23 AM,1444.4,413,596537.2000000001,84429139.79999988
2025-08-01 11:19:30 AM,1445.1,0,0.0,84429139.79999988
2025-08-01 11:19:34 AM,1445.1,13,18786.3,84447926.09999987
2025-08-01 11:19:40 AM,1445.1,11,15896.099999999999,84463822.19999987
2025-08-01 11:19:49 AM,1445.0,0,0.0,84463822.19999987
2025-08-01 11:19:50 AM,1445.0,14,20230.0,84484052.19999987
2025-08-01 11:20:00 AM,1445.1,0,0.0,84484052.19999987
2025-08-01 11:20:01 AM,1445.1,11,15896.099999999999,84499948.29999986
2025-08-01 11:20:07 AM,1444.7,1,1444.7,84501392.99999987
2025-08-01 11:20:12 AM,1444.7,12,17336.4,84518729.39999987
2025-08-01 11:20:22 AM,1444.7,11,15891.7,84534621.09999987
2025-08-01 11:20:28 AM,1444.7,1,1444.7,84536065.79999988
2025-08-01 11:20:30 AM,1444.8,0,0.0,84536065.79999988
2025-08-01 11:20:33 AM,1444.8,12,17337.6,84553403.39999987
2025-08-01 11:20:43 AM,1444.8,12,17337.6,84570740.99999987
2025-08-01 11:20:53 AM,1444.8,12,17337.6,84588078.59999986
2025-08-01 11:21:04 AM,1444.8,12,17337.6,84605416.19999985
2025-08-01 11:21:12 AM,1445.5,0,0.0,84605416.19999985
2025-08-01 11:21:14 AM,1445.5,13,18791.5,84624207.69999985
2025-08-01 11:21:15 AM,1446.1,0,0.0,84624207.69999985
2025-08-01 11:21:19 AM,1445.0,0,0.0,84624207.69999985
2025-08-01 11:21:20 AM,1446.2,61,88218.2,84712425.89999986
2025-08-01 11:21:22 AM,1445.1,0,0.0,84712425.89999986
2025-08-01 11:21:25 AM,1446.7,0,0.0,84712425.89999986
2025-08-01 11:21:25 AM,1446.7,56,81015.2,84793441.09999986
2025-08-01 11:21:28 AM,1447.2,0,0.0,84793441.09999986
2025-08-01 11:21:30 AM,1447.4,45,65133.00000000001,84858574.09999986
2025-08-01 11:21:32 AM,1445.9,0,0.0,84858574.09999986
2025-08-01 11:21:34 AM,1447.1,0,0.0,84858574.09999986
2025-08-01 11:21:36 AM,1447.1,39,56436.899999999994,84915010.99999987
2025-08-01 11:21:37 AM,1445.7,0,0.0,84915010.99999987
2025-08-01 11:21:41 AM,1445.7,1,1445.7,84916456.69999987
2025-08-01 11:21:42 AM,1445.5,0,0.0,84916456.69999987
2025-08-01 11:21:44 AM,1444.8,0,0.0,84916456.69999987
2025-08-01 11:21:46 AM,1444.8,11,15892.8,84932349.49999987
2025-08-01 11:21:50 AM,1445.0,0,0.0,84932349.49999987
2025-08-01 11:21:51 AM,1445.0,12,17340.0,84949689.49999987
2025-08-01 11:21:56 AM,1445.0,1,1445.0,84951134.49999987
2025-08-01 11:22:01 AM,1445.0,61,88145.0,85039279.49999987
2025-08-01 11:22:06 AM,1446.0,2,2892.0,85042171.49999987
2025-08-01 11:22:12 AM,1444.8,0,0.0,85042171.49999987
2025-08-01 11:22:12 AM,1444.8,12,17337.6,85059509.09999986
2025-08-01 11:22:17 AM,1444.8,1,1444.8,85060953.89999986
2025-08-01 11:22:20 AM,1445.0,0,0.0,85060953.89999986
2025-08-01 11:22:22 AM,1445.0,12,17340.0,85078293.89999986
2025-08-01 11:22:27 AM,1446.1,0,0.0,85078293.89999986
2025-08-01 11:22:28 AM,1446.1,2,2892.2,85081186.09999986
2025-08-01 11:22:30 AM,1445.1,0,0.0,85081186.09999986
2025-08-01 11:22:33 AM,1445.1,33,47688.299999999996,85128874.39999986
2025-08-01 11:22:40 AM,1445.2,0,0.0,85128874.39999986
2025-08-01 11:22:44 AM,1445.2,11,15897.2,85144771.59999986
2025-08-01 11:22:49 AM,1445.1,0,0.0,85144771.59999986
2025-08-01 11:22:49 AM,1445.1,2,2890.2,85147661.79999986
2025-08-01 11:22:54 AM,1445.1,12,17341.199999999997,85165002.99999987
2025-08-01 11:23:04 AM,1445.1,11,15896.099999999999,85180899.09999986
2025-08-01 11:23:10 AM,1445.1,1,1445.1,85182344.19999985
2025-08-01 11:23:10 AM,1445.2,0,0.0,85182344.19999985
2025-08-01 11:23:10 AM,1445.2,12,17342.4,85199686.59999986
2025-08-01 11:23:21 AM,1445.2,11,15897.2,85215583.79999986
2025-08-01 11:23:26 AM,1445.3,0,0.0,85215583.79999986
2025-08-01 11:23:26 AM,1445.3,1,1445.3,85217029.09999986
2025-08-01 11:23:30 AM,1446.4,0,0.0,85217029.09999986
2025-08-01 11:23:31 AM,1446.4,2,2892.8,85219921.89999986
2025-08-01 11:23:32 AM,1445.1,0,0.0,85219921.89999986
2025-08-01 11:23:37 AM,1445.1,12,17341.199999999997,85237263.09999986
2025-08-01 11:23:42 AM,1445.1,11,15896.099999999999,85253159.19999985
2025-08-01 11:23:43 AM,1445.3,0,0.0,85253159.19999985
2025-08-01 11:23:45 AM,1445.2,0,0.0,85253159.19999985
2025-08-01 11:23:46 AM,1445.2,130,187876.0,85441035.19999985
2025-08-01 11:23:51 AM,1445.2,12,17342.4,85458377.59999986
2025-08-01 11:24:01 AM,1445.2,11,15897.2,85474274.79999986
2025-08-01 11:24:01 AM,1445.4,1,1445.4,85475720.19999987
2025-08-01 11:24:02 AM,1447.1,0,0.0,85475720.19999987
2025-08-01 11:24:06 AM,1447.1,44,63672.399999999994,85539392.59999987
2025-08-01 11:24:12 AM,1445.7,0,0.0,85539392.59999987
2025-08-01 11:24:16 AM,1445.7,12,17348.4,85556740.99999988
2025-08-01 11:24:20 AM,1447.0,0,0.0,85556740.99999988
2025-08-01 11:24:22 AM,1447.0,70,101290.0,85658030.99999988
2025-08-01 11:24:32 AM,1446.0,0,0.0,85658030.99999988
2025-08-01 11:24:33 AM,1446.0,11,15906.0,85673936.99999988
2025-08-01 11:24:34 AM,1445.8,0,0.0,85673936.99999988
2025-08-01 11:24:37 AM,1446.0,0,0.0,85673936.99999988
2025-08-01 11:24:38 AM,1446.0,2,2892.0,85676828.99999988
2025-08-01 11:24:43 AM,1446.0,11,15906.0,85692734.99999988
2025-08-01 11:24:44 AM,1448.0,0,0.0,85692734.99999988
2025-08-01 11:24:48 AM,1448.0,403,583544.0,86276278.99999988
2025-08-01 11:24:52 AM,1447.4,0,0.0,86276278.99999988
2025-08-01 11:24:54 AM,1447.4,13,18816.2,86295095.19999988
2025-08-01 11:24:55 AM,1448.0,0,0.0,86295095.19999988
2025-08-01 11:24:59 AM,1448.0,1,1448.0,86296543.19999988
2025-08-01 11:25:02 AM,1447.4,0,0.0,86296543.19999988
2025-08-01 11:25:05 AM,1447.4,11,15921.400000000001,86312464.59999989
2025-08-01 11:25:13 AM,1447.5,0,0.0,86312464.59999989
2025-08-01 11:25:15 AM,1447.5,13,18817.5,86331282.09999989
2025-08-01 11:25:20 AM,1447.5,11,15922.5,86347204.59999989
2025-08-01 11:25:21 AM,1448.6,0,0.0,86347204.59999989
2025-08-01 11:25:25 AM,1448.6,1,1448.6,86348653.19999988
2025-08-01 11:25:30 AM,1447.5,0,0.0,86348653.19999988
2025-08-01 11:25:30 AM,1447.5,14,20265.0,86368918.19999988
2025-08-01 11:25:32 AM,1447.7,0,0.0,86368918.19999988
2025-08-01 11:25:35 AM,1448.9,0,0.0,86368918.19999988
2025-08-01 11:25:35 AM,1448.9,9,13040.1,86381958.29999988
2025-08-01 11:25:38 AM,1449.9,0,0.0,86381958.29999988
2025-08-01 11:25:41 AM,1449.9,402,582859.8,86964818.09999987
2025-08-01 11:25:42 AM,1449.0,0,0.0,86964818.09999987
2025-08-01 11:25:46 AM,1449.0,11,15939.0,86980757.09999987
2025-08-01 11:25:51 AM,1449.0,13,18837.0,86999594.09999987
2025-08-01 11:26:01 AM,1449.0,11,15939.0,87015533.09999987
2025-08-01 11:26:08 AM,1449.0,1,1449.0,87016982.09999987
2025-08-01 11:26:10 AM,1450.0,0,0.0,87016982.09999987
2025-08-01 11:26:12 AM,1450.0,53,76850.0,87093832.09999987
2025-08-01 11:26:12 AM,1448.5,0,0.0,87093832.09999987
2025-08-01 11:26:13 AM,1448.5,7,10139.5,87103971.59999987
2025-08-01 11:26:14 AM,1448.4,0,0.0,87103971.59999987
2025-08-01 11:26:17 AM,1448.4,5,7242.0,87111213.59999987
2025-08-01 11:26:22 AM,1448.4,11,15932.400000000001,87127145.99999988
2025-08-01 11:26:27 AM,1448.4,1,1448.4,87128594.39999989
2025-08-01 11:26:32 AM,1448.4,12,17380.800000000003,87145975.19999988
2025-08-01 11:26:40 AM,1448.0,0,0.0,87145975.19999988
2025-08-01 11:26:42 AM,1447.0,0,0.0,87145975.19999988
2025-08-01 11:26:42 AM,1447.6,152,220035.19999999998,87366010.39999989
2025-08-01 11:26:43 AM,1446.6,0,0.0,87366010.39999989
2025-08-01 11:26:44 AM,1446.6,1,1446.6,87367456.99999988
2025-08-01 11:26:53 AM,1446.6,12,17359.199999999997,87384816.19999988
2025-08-01 11:27:02 AM,1446.2,0,0.0,87384816.19999988
2025-08-01 11:27:02 AM,1446.2,12,17354.4,87402170.59999989
2025-08-01 11:27:10 AM,1447.5,0,0.0,87402170.59999989
2025-08-01 11:27:12 AM,1446.3,12,17355.6,87419526.19999988
2025-08-01 11:27:14 AM,1446.0,0,0.0,87419526.19999988
2025-08-01 11:27:16 AM,1447.0,0,0.0,87419526.19999988
2025-08-01 11:27:18 AM,1447.0,2,2894.0,87422420.19999988
2025-08-01 11:27:20 AM,1446.0,1,1446.0,87423866.19999988
2025-08-01 11:27:20 AM,1446.1,0,0.0,87423866.19999988
2025-08-01 11:27:23 AM,1446.1,12,17353.199999999997,87441219.39999989
2025-08-01 11:27:32 AM,1446.0,0,0.0,87441219.39999989
2025-08-01 11:27:33 AM,1446.0,12,17352.0,87458571.39999989
2025-08-01 11:27:38 AM,1446.0,1,1446.0,87460017.39999989
2025-08-01 11:27:40 AM,1446.0,11,15906.0,87475923.39999989
2025-08-01 11:27:47 AM,1447.0,0,0.0,87475923.39999989
2025-08-01 11:27:49 AM,1447.0,1,1447.0,87477370.39999989
2025-08-01 11:27:52 AM,1446.0,0,0.0,87477370.39999989
2025-08-01 11:27:54 AM,1446.0,12,17352.0,87494722.39999989
2025-08-01 11:27:56 AM,1446.0,1,1446.0,87496168.39999989
2025-08-01 11:28:01 AM,1446.0,11,15906.0,87512074.39999989
2025-08-01 11:28:11 AM,1446.0,12,17352.0,87529426.39999989
2025-08-01 11:28:14 AM,1446.0,2,2892.0,87532318.39999989
2025-08-01 11:28:22 AM,1446.0,11,15906.0,87548224.39999989
2025-08-01 11:28:30 AM,1446.0,12,17352.0,87565576.39999989
2025-08-01 11:28:32 AM,1446.0,1,1446.0,87567022.39999989
2025-08-01 11:28:41 AM,1446.0,11,15906.0,87582928.39999989
2025-08-01 11:28:50 AM,1446.0,13,18798.0,87601726.39999989
2025-08-01 11:29:00 AM,1446.0,11,15906.0,87617632.39999989
2025-08-01 11:29:05 AM,1446.0,7,10122.0,87627754.39999989
2025-08-01 11:29:08 AM,1446.0,1,1446.0,87629200.39999989
2025-08-01 11:29:10 AM,1446.0,12,17352.0,87646552.39999989
2025-08-01 11:29:22 AM,1446.0,11,15906.0,87662458.39999989
2025-08-01 11:29:27 AM,1446.0,1,1446.0,87663904.39999989
2025-08-01 11:29:32 AM,1446.0,7,10122.0,87674026.39999989
2025-08-01 11:29:32 AM,1445.2,0,0.0,87674026.39999989
2025-08-01 11:29:35 AM,1445.2,5,7226.0,87681252.39999989
2025-08-01 11:29:40 AM,1445.3,0,0.0,87681252.39999989
2025-08-01 11:29:43 AM,1445.3,11,15898.3,87697150.69999988
2025-08-01 11:29:45 AM,1445.3,1,1445.3,87698595.99999988
2025-08-01 11:29:46 AM,1446.4,0,0.0,87698595.99999988
2025-08-01 11:29:48 AM,1446.4,6,8678.400000000001,87707274.39999989
2025-08-01 11:29:52 AM,1445.2,0,0.0,87707274.39999989
2025-08-01 11:29:53 AM,1445.2,13,18787.600000000002,87726061.99999988
2025-08-01 11:30:00 AM,1445.2,11,15897.2,87741959.19999988
2025-08-01 11:30:02 AM,1445.3,0,0.0,87741959.19999988
2025-08-01 11:30:03 AM,1445.3,1,1445.3,87743404.49999988
2025-08-01 11:30:11 AM,1445.3,12,17343.6,87760748.09999987
2025-08-01 11:30:19 AM,1445.3,1,1445.3,87762193.39999987
2025-08-01 11:30:21 AM,1445.3,11,15898.3,87778091.69999987
2025-08-01 11:30:31 AM,1446.0,0,0.0,87778091.69999987
2025-08-01 11:30:31 AM,1446.0,12,17352.0,87795443.69999987
2025-08-01 11:30:39 AM,1446.0,1,1446.0,87796889.69999987
2025-08-01 11:30:41 AM,1446.0,11,15906.0,87812795.69999987
2025-08-01 11:30:45 AM,1446.8,0,0.0,87812795.69999987
2025-08-01 11:30:46 AM,1446.8,3,4340.4,87817136.09999987
2025-08-01 11:30:48 AM,1446.0,0,0.0,87817136.09999987
2025-08-01 11:30:48 AM,1446.0,144,208224.0,88025360.09999987
2025-08-01 11:30:51 AM,1446.0,13,18798.0,88044158.09999987
2025-08-01 11:30:56 AM,1446.8,0,0.0,88044158.09999987
2025-08-01 11:30:56 AM,1446.8,2,2893.6,88047051.69999987
2025-08-01 11:31:02 AM,1446.0,0,0.0,88047051.69999987
2025-08-01 11:31:03 AM,1446.0,11,15906.0,88062957.69999987
2025-08-01 11:31:12 AM,1446.0,12,17352.0,88080309.69999987
2025-08-01 11:31:14 AM,1446.0,1,1446.0,88081755.69999987
2025-08-01 11:31:19 AM,1446.8,5,7234.0,88088989.69999987
2025-08-01 11:31:22 AM,1448.4,67,97042.8,88186032.49999987
2025-08-01 11:31:25 AM,1449.7,0,0.0,88186032.49999987
2025-08-01 11:31:28 AM,1450.0,44,63800.0,88249832.49999987
2025-08-01 11:31:31 AM,1448.9,0,0.0,88249832.49999987
2025-08-01 11:31:33 AM,1448.8,13,18834.399999999998,88268666.89999987
2025-08-01 11:31:35 AM,1447.7,0,0.0,88268666.89999987
2025-08-01 11:31:38 AM,1447.7,32,46326.4,88314993.29999988
2025-08-01 11:31:41 AM,1448.0,0,0.0,88314993.29999988
2025-08-01 11:31:43 AM,1449.1,47,68107.7,88383100.99999988
2025-08-01 11:31:46 AM,1449.6,0,0.0,88383100.99999988
2025-08-01 11:31:48 AM,1449.6,1,1449.6,88384550.59999987
2025-08-01 11:31:49 AM,1450.0,0,0.0,88384550.59999987
2025-08-01 11:31:49 AM,1450.0,22,31900.0,88416450.59999987
2025-08-01 11:31:51 AM,1449.1,0,0.0,88416450.59999987
2025-08-01 11:31:52 AM,1448.7,13,18833.100000000002,88435283.69999987
2025-08-01 11:31:59 AM,1450.0,62,89900.0,88525183.69999987
2025-08-01 11:32:03 AM,1450.0,249,361050.0,88886233.69999987
2025-08-01 11:32:05 AM,1450.1,21,30452.1,88916685.79999986
2025-08-01 11:32:07 AM,1450.0,0,0.0,88916685.79999986
2025-08-01 11:32:08 AM,1450.6,0,0.0,88916685.79999986
2025-08-01 11:32:08 AM,1450.6,52,75431.2,88992116.99999987
2025-08-01 11:32:10 AM,1450.6,5,7253.0,88999369.99999987
2025-08-01 11:32:14 AM,1451.8,0,0.0,88999369.99999987
2025-08-01 11:32:14 AM,1451.8,78,113240.4,89112610.39999987
2025-08-01 11:32:16 AM,1451.7,0,0.0,89112610.39999987
2025-08-01 11:32:17 AM,1451.8,0,0.0,89112610.39999987
2025-08-01 11:32:19 AM,1451.8,9,13066.199999999999,89125676.59999987
2025-08-01 11:32:21 AM,1451.9,5,7259.5,89132936.09999987
2025-08-01 11:32:23 AM,1450.7,0,0.0,89132936.09999987
2025-08-01 11:32:24 AM,1450.7,12,17408.4,89150344.49999988
2025-08-01 11:32:26 AM,1450.7,1,1450.7,89151795.19999988
2025-08-01 11:32:34 AM,1450.1,0,0.0,89151795.19999988
2025-08-01 11:32:34 AM,1450.1,8,11600.8,89163395.99999988
2025-08-01 11:32:41 AM,1450.1,4,5800.4,89169196.39999989
2025-08-01 11:32:43 AM,1450.0,0,0.0,89169196.39999989
2025-08-01 11:32:45 AM,1450.0,8,11600.0,89180796.39999989
2025-08-01 11:32:51 AM,1450.0,12,17400.0,89198196.39999989
2025-08-01 11:33:01 AM,1450.0,11,15950.0,89214146.39999989
2025-08-01 11:33:06 AM,1450.0,1,1450.0,89215596.39999989
2025-08-01 11:33:11 AM,1450.0,12,17400.0,89232996.39999989
2025-08-01 11:33:21 AM,1450.0,12,17400.0,89250396.39999989
2025-08-01 11:33:31 AM,1450.0,12,17400.0,89267796.39999989
2025-08-01 11:33:32 AM,1451.1,0,0.0,89267796.39999989
2025-08-01 11:33:32 AM,1451.1,5,7255.5,89275051.89999989
2025-08-01 11:33:37 AM,1450.0,2,2900.0,89277951.89999989
2025-08-01 11:33:41 AM,1450.0,11,15950.0,89293901.89999989
2025-08-01 11:33:47 AM,1450.0,62,89900.0,89383801.89999989
2025-08-01 11:33:52 AM,1450.0,12,17400.0,89401201.89999989
2025-08-01 11:33:57 AM,1450.0,1,1450.0,89402651.89999989
2025-08-01 11:34:02 AM,1450.0,11,15950.0,89418601.89999989
2025-08-01 11:34:12 AM,1450.0,12,17400.0,89436001.89999989
2025-08-01 11:34:17 AM,1450.0,1,1450.0,89437451.89999989
2025-08-01 11:34:22 AM,1450.0,11,15950.0,89453401.89999989
2025-08-01 11:34:27 AM,1450.0,71,102950.0,89556351.89999989
2025-08-01 11:34:32 AM,1450.0,13,18850.0,89575201.89999989
2025-08-01 11:34:37 AM,1451.0,0,0.0,89575201.89999989
2025-08-01 11:34:38 AM,1451.0,5,7255.0,89582456.89999989
2025-08-01 11:34:43 AM,1450.5,0,0.0,89582456.89999989
2025-08-01 11:34:43 AM,1450.5,4,5802.0,89588258.89999989
2025-08-01 11:34:45 AM,1450.1,0,0.0,89588258.89999989
2025-08-01 11:34:48 AM,1450.1,7,10150.699999999999,89598409.59999989
2025-08-01 11:34:49 AM,1450.7,1,1450.7,89599860.2999999
2025-08-01 11:34:53 AM,1450.3,0,0.0,89599860.2999999
2025-08-01 11:34:54 AM,1450.3,13,18853.899999999998,89618714.1999999
2025-08-01 11:34:57 AM,1451.7,0,0.0,89618714.1999999
2025-08-01 11:34:59 AM,1451.7,7,10161.9,89628876.0999999
2025-08-01 11:35:03 AM,1450.5,0,0.0,89628876.0999999
2025-08-01 11:35:04 AM,1450.5,11,15955.5,89644831.5999999
2025-08-01 11:35:07 AM,1450.7,0,0.0,89644831.5999999
2025-08-01 11:35:09 AM,1450.7,8,11605.6,89656437.1999999
2025-08-01 11:35:15 AM,1450.7,12,17408.4,89673845.5999999
2025-08-01 11:35:16 AM,1451.7,0,0.0,89673845.5999999
2025-08-01 11:35:20 AM,1451.7,8,11613.6,89685459.1999999
2025-08-01 11:35:23 AM,1450.4,0,0.0,89685459.1999999
2025-08-01 11:35:25 AM,1450.5,0,0.0,89685459.1999999
2025-08-01 11:35:26 AM,1450.5,13,18856.5,89704315.6999999
2025-08-01 11:35:31 AM,1450.5,12,17406.0,89721721.6999999
2025-08-01 11:35:41 AM,1450.5,8,11604.0,89733325.6999999
2025-08-01 11:35:47 AM,1450.5,4,5802.0,89739127.6999999
2025-08-01 11:35:52 AM,1450.5,2,2901.0,89742028.6999999
2025-08-01 11:35:53 AM,1450.2,0,0.0,89742028.6999999
2025-08-01 11:35:57 AM,1450.2,10,14502.0,89756530.6999999
2025-08-01 11:36:01 AM,1450.1,0,0.0,89756530.6999999
2025-08-01 11:36:02 AM,1450.1,3,4350.299999999999,89760880.9999999
2025-08-01 11:36:02 AM,1450.0,9,13050.0,89773930.9999999
2025-08-01 11:36:12 AM,1450.0,12,17400.0,89791330.9999999
2025-08-01 11:36:15 AM,1450.1,0,0.0,89791330.9999999
2025-08-01 11:36:17 AM,1450.1,2,2900.2,89794231.1999999
2025-08-01 11:36:19 AM,1450.0,0,0.0,89794231.1999999
2025-08-01 11:36:23 AM,1450.0,12,17400.0,89811631.1999999
2025-08-01 11:36:33 AM,1450.0,12,17400.0,89829031.1999999
2025-08-01 11:36:38 AM,1450.0,1,1450.0,89830481.1999999
2025-08-01 11:36:43 AM,1450.0,11,15950.0,89846431.1999999
2025-08-01 11:36:54 AM,1450.0,12,17400.0,89863831.1999999
2025-08-01 11:36:58 AM,1450.8,0,0.0,89863831.1999999
2025-08-01 11:36:59 AM,1450.8,2,2901.6,89866732.7999999
2025-08-01 11:37:03 AM,1450.0,0,0.0,89866732.7999999
2025-08-01 11:37:04 AM,1450.0,11,15950.0,89882682.7999999
2025-08-01 11:37:06 AM,1451.0,0,0.0,89882682.7999999
2025-08-01 11:37:10 AM,1451.0,18,26118.0,89908800.7999999
2025-08-01 11:37:10 AM,1451.0,4,5804.0,89914604.7999999
2025-08-01 11:37:13 AM,1450.2,0,0.0,89914604.7999999
2025-08-01 11:37:15 AM,1450.2,14,20302.8,89934907.59999989
2025-08-01 11:37:20 AM,1450.2,11,15952.2,89950859.7999999
2025-08-01 11:37:31 AM,1450.2,12,17402.4,89968262.1999999
2025-08-01 11:37:31 AM,1450.1,1,1450.1,89969712.2999999
2025-08-01 11:37:41 AM,1450.2,13,18852.600000000002,89988564.89999989
2025-08-01 11:37:49 AM,1450.1,0,0.0,89988564.89999989
2025-08-01 11:37:52 AM,1450.1,13,18851.3,90007416.19999988
2025-08-01 11:38:01 AM,1450.1,11,15951.099999999999,90023367.29999988
2025-08-01 11:38:07 AM,1450.1,2,2900.2,90026267.49999988
2025-08-01 11:38:12 AM,1450.1,12,17401.199999999997,90043668.69999988
2025-08-01 11:38:14 AM,1451.0,0,0.0,90043668.69999988
2025-08-01 11:38:17 AM,1451.0,6,8706.0,90052374.69999988
2025-08-01 11:38:22 AM,1450.2,7,10151.4,90062526.09999989
2025-08-01 11:38:25 AM,1450.1,0,0.0,90062526.09999989
2025-08-01 11:38:27 AM,1450.1,2,2900.2,90065426.2999999
2025-08-01 11:38:27 AM,1450.0,0,0.0,90065426.2999999
2025-08-01 11:38:28 AM,1450.0,1,1450.0,90066876.2999999
2025-08-01 11:38:32 AM,1450.0,11,15950.0,90082826.2999999
2025-08-01 11:38:38 AM,1450.9,1,1450.9,90084277.1999999
2025-08-01 11:38:43 AM,1450.1,12,17401.199999999997,90101678.3999999
2025-08-01 11:38:45 AM,1450.9,0,0.0,90101678.3999999
2025-08-01 11:38:47 AM,1450.9,6,8705.400000000001,90110383.79999991
2025-08-01 11:38:53 AM,1450.0,11,15950.0,90126333.79999991
2025-08-01 11:39:02 AM,1450.0,13,18850.0,90145183.79999991
2025-08-01 11:39:04 AM,1450.9,0,0.0,90145183.79999991
2025-08-01 11:39:07 AM,1450.9,1,1450.9,90146634.69999991
2025-08-01 11:39:09 AM,1451.0,0,0.0,90146634.69999991
2025-08-01 11:39:12 AM,1451.0,2,2902.0,90149536.69999991
2025-08-01 11:39:13 AM,1450.1,0,0.0,90149536.69999991
2025-08-01 11:39:13 AM,1450.1,11,15951.099999999999,90165487.79999991
2025-08-01 11:39:19 AM,1450.0,0,0.0,90165487.79999991
2025-08-01 11:39:22 AM,1450.0,13,18850.0,90184337.79999991
2025-08-01 11:39:32 AM,1450.0,11,15950.0,90200287.79999991
2025-08-01 11:39:34 AM,1450.8,0,0.0,90200287.79999991
2025-08-01 11:39:38 AM,1449.9,628,910537.2000000001,91110824.99999991
2025-08-01 11:39:39 AM,1450.6,29,42067.399999999994,91152892.39999992
2025-08-01 11:39:44 AM,1450.0,7,10150.0,91163042.39999992
2025-08-01 11:39:44 AM,1449.9,0,0.0,91163042.39999992
2025-08-01 11:39:45 AM,1451.0,35,50785.0,91213827.39999992
2025-08-01 11:39:52 AM,1449.9,0,0.0,91213827.39999992
2025-08-01 11:39:54 AM,1449.9,11,15948.900000000001,91229776.29999992
2025-08-01 11:39:56 AM,1449.9,1,1449.9,91231226.19999993
2025-08-01 11:40:01 AM,1449.9,12,17398.800000000003,91248624.99999993
2025-08-01 11:40:11 AM,1449.9,11,15948.900000000001,91264573.89999993
2025-08-01 11:40:15 AM,1449.9,1,1449.9,91266023.79999994
2025-08-01 11:40:21 AM,1449.9,12,17398.800000000003,91283422.59999993
2025-08-01 11:40:29 AM,1450.8,0,0.0,91283422.59999993
2025-08-01 11:40:30 AM,1450.8,29,42073.2,91325495.79999994
2025-08-01 11:40:31 AM,1449.9,0,0.0,91325495.79999994
2025-08-01 11:40:31 AM,1449.9,1,1449.9,91326945.69999994
2025-08-01 11:40:35 AM,1449.9,11,15948.900000000001,91342894.59999995
2025-08-01 11:40:38 AM,1451.0,0,0.0,91342894.59999995
2025-08-01 11:40:40 AM,1451.0,35,50785.0,91393679.59999995
2025-08-01 11:40:50 AM,1451.0,5,7255.0,91400934.59999995
2025-08-01 11:40:52 AM,1450.8,0,0.0,91400934.59999995
2025-08-01 11:40:55 AM,1450.8,7,10155.6,91411090.19999994
2025-08-01 11:41:00 AM,1450.8,12,17409.6,91428499.79999994
2025-08-01 11:41:11 AM,1450.8,12,17409.6,91445909.39999993
2025-08-01 11:41:21 AM,1450.8,18,26114.399999999998,91472023.79999994
2025-08-01 11:41:26 AM,1450.8,1,1450.8,91473474.59999993
2025-08-01 11:41:33 AM,1450.7,0,0.0,91473474.59999993
2025-08-01 11:41:35 AM,1450.7,11,15957.7,91489432.29999994
2025-08-01 11:41:41 AM,1450.7,12,17408.4,91506840.69999994
2025-08-01 11:41:46 AM,1450.7,1,1450.7,91508291.39999995
2025-08-01 11:41:51 AM,1450.7,11,15957.7,91524249.09999995
2025-08-01 11:42:01 AM,1450.7,13,18859.100000000002,91543108.19999994
2025-08-01 11:42:11 AM,1450.7,11,15957.7,91559065.89999995
2025-08-01 11:42:16 AM,1450.7,15,21760.5,91580826.39999995
2025-08-01 11:42:21 AM,1450.7,13,18859.100000000002,91599685.49999994
2025-08-01 11:42:32 AM,1450.7,11,15957.7,91615643.19999994
2025-08-01 11:42:37 AM,1450.7,1,1450.7,91617093.89999995
2025-08-01 11:42:41 AM,1451.7,0,0.0,91617093.89999995
2025-08-01 11:42:43 AM,1451.7,193,280178.10000000003,91897271.99999994
2025-08-01 11:42:53 AM,1450.3,11,15953.3,91913225.29999994
2025-08-01 11:42:58 AM,1450.3,1,1450.3,91914675.59999993
2025-08-01 11:42:59 AM,1451.4,17,24673.800000000003,91939349.39999993
2025-08-01 11:43:03 AM,1451.4,13,18868.2,91958217.59999993
2025-08-01 11:43:07 AM,1452.2,0,0.0,91958217.59999993
2025-08-01 11:43:09 AM,1452.2,20,29044.0,91987261.59999993
2025-08-01 11:43:10 AM,1452.2,11,15974.2,92003235.79999994
2025-08-01 11:43:15 AM,1452.2,1,1452.2,92004687.99999994
2025-08-01 11:43:20 AM,1452.2,12,17426.4,92022114.39999995
2025-08-01 11:43:31 AM,1452.2,11,15974.2,92038088.59999995
2025-08-01 11:43:31 AM,1452.2,1,1452.2,92039540.79999995
2025-08-01 11:43:41 AM,1452.2,12,17426.4,92056967.19999996
2025-08-01 11:43:51 AM,1452.2,22,31948.4,92088915.59999996
2025-08-01 11:44:02 AM,1452.2,12,17426.4,92106341.99999997
2025-08-01 11:44:07 AM,1452.2,2,2904.4,92109246.39999998
2025-08-01 11:44:14 AM,1453.6,37,53783.2,92163029.59999998
2025-08-01 11:44:22 AM,1452.3,0,0.0,92163029.59999998
2025-08-01 11:44:25 AM,1452.3,13,18879.899999999998,92181909.49999999
2025-08-01 11:44:31 AM,1452.3,11,15975.3,92197884.79999998
2025-08-01 11:44:34 AM,1452.2,0,0.0,92197884.79999998
2025-08-01 11:44:37 AM,1452.2,30,43566.0,92241450.79999998
2025-08-01 11:44:42 AM,1452.2,12,17426.4,92258877.19999999
2025-08-01 11:44:48 AM,1452.2,1,1452.2,92260329.39999999
2025-08-01 11:44:53 AM,1452.2,11,15974.2,92276303.6
2025-08-01 11:44:58 AM,1453.3,0,0.0,92276303.6
2025-08-01 11:44:58 AM,1453.3,10,14533.0,92290836.6
2025-08-01 11:45:01 AM,1452.2,0,0.0,92290836.6
2025-08-01 11:45:04 AM,1452.2,13,18878.600000000002,92309715.19999999
2025-08-01 11:45:07 AM,1453.5,0,0.0,92309715.19999999
2025-08-01 11:45:09 AM,1453.5,4,5814.0,92315529.19999999
2025-08-01 11:45:13 AM,1452.3,0,0.0,92315529.19999999
