date,price,qty,trnvr,cum_trnvr
2025-08-01 09:15:00 AM,45.14,11142,502949.88,502949.88
2025-08-01 09:15:01 AM,45.18,0,0.0,502949.88
2025-08-01 09:15:01 AM,45.09,0,0.0,502949.88
2025-08-01 09:15:02 AM,45.09,16680,752101.2000000001,1255051.08
2025-08-01 09:15:10 AM,45.14,0,0.0,1255051.08
2025-08-01 09:15:11 AM,45.14,44462,2007014.68,3262065.76
2025-08-01 09:15:14 AM,45.13,100,4513.0,3266578.76
2025-08-01 09:15:19 AM,45.15,0,0.0,3266578.76
2025-08-01 09:15:22 AM,45.15,516,23297.399999999998,3289876.1599999997
2025-08-01 09:15:24 AM,45.18,653,29502.54,3319378.6999999997
2025-08-01 09:15:26 AM,45.25,0,0.0,3319378.6999999997
2025-08-01 09:15:31 AM,45.25,5762,260730.5,3580109.1999999997
2025-08-01 09:15:34 AM,45.31,0,0.0,3580109.1999999997
2025-08-01 09:15:39 AM,45.32,470,21300.4,3601409.5999999996
2025-08-01 09:15:41 AM,45.22,5247,237269.34,3838678.9399999995
2025-08-01 09:15:43 AM,45.23,0,0.0,3838678.9399999995
2025-08-01 09:15:46 AM,45.18,0,0.0,3838678.9399999995
2025-08-01 09:15:48 AM,45.19,1514,68417.66,3907096.5999999996
2025-08-01 09:15:49 AM,45.2,140,6328.0,3913424.5999999996
2025-08-01 09:15:52 AM,45.22,0,0.0,3913424.5999999996
2025-08-01 09:15:56 AM,45.2,8028,362865.60000000003,4276290.199999999
2025-08-01 09:15:58 AM,45.19,400,18076.0,4294366.199999999
2025-08-01 09:16:01 AM,45.15,0,0.0,4294366.199999999
2025-08-01 09:16:04 AM,45.15,1313,59281.95,4353648.149999999
2025-08-01 09:16:12 AM,45.12,32013,1444426.5599999998,5798074.709999999
2025-08-01 09:16:14 AM,45.15,300,13545.0,5811619.709999999
2025-08-01 09:16:17 AM,45.17,0,0.0,5811619.709999999
2025-08-01 09:16:20 AM,45.12,15729,709692.48,6521312.1899999995
2025-08-01 09:16:22 AM,45.06,348,15680.880000000001,6536993.069999999
2025-08-01 09:16:25 AM,45.16,0,0.0,6536993.069999999
2025-08-01 09:16:27 AM,45.15,0,0.0,6536993.069999999
2025-08-01 09:16:29 AM,45.15,7925,357813.75,6894806.819999999
2025-08-01 09:16:35 AM,45.12,0,0.0,6894806.819999999
2025-08-01 09:16:37 AM,45.08,11142,502281.36,7397088.18
2025-08-01 09:16:37 AM,45.1,0,0.0,7397088.18
2025-08-01 09:16:38 AM,45.06,2263,101970.78,7499058.96
2025-08-01 09:16:45 AM,45.08,82,3696.56,7502755.52
2025-08-01 09:16:47 AM,45.12,0,0.0,7502755.52
2025-08-01 09:16:53 AM,45.14,75,3385.5,7506141.02
2025-08-01 09:16:55 AM,45.13,218,9838.34,7515979.359999999
2025-08-01 09:17:01 AM,45.11,6201,279727.11,7795706.47
2025-08-01 09:17:04 AM,45.17,0,0.0,7795706.47
2025-08-01 09:17:05 AM,45.2,0,0.0,7795706.47
2025-08-01 09:17:10 AM,45.14,4965,224120.1,8019826.569999999
2025-08-01 09:17:13 AM,45.16,0,0.0,8019826.569999999
2025-08-01 09:17:18 AM,45.17,3133,141517.61000000002,8161344.18
2025-08-01 09:17:26 AM,45.17,270,12195.9,8173540.08
2025-08-01 09:17:27 AM,45.17,4800,216816.0,8390356.08
2025-08-01 09:17:29 AM,45.19,0,0.0,8390356.08
2025-08-01 09:17:35 AM,45.17,4089,184700.13,8575056.21
2025-08-01 09:17:38 AM,45.16,0,0.0,8575056.21
2025-08-01 09:17:43 AM,45.16,37693,1702215.88,10277272.09
2025-08-01 09:17:44 AM,45.15,200,9030.0,10286302.09
2025-08-01 09:17:47 AM,45.11,0,0.0,10286302.09
2025-08-01 09:17:49 AM,45.14,0,0.0,10286302.09
2025-08-01 09:17:51 AM,45.14,37,1670.18,10287972.27
2025-08-01 09:17:56 AM,45.1,0,0.0,10287972.27
2025-08-01 09:17:57 AM,45.11,0,0.0,10287972.27
2025-08-01 09:17:59 AM,45.11,33165,1496073.15,11784045.42
2025-08-01 09:18:03 AM,45.15,0,0.0,11784045.42
2025-08-01 09:18:08 AM,45.13,975,44001.75,11828047.17
2025-08-01 09:18:11 AM,45.15,0,0.0,11828047.17
2025-08-01 09:18:16 AM,45.22,7871,355926.62,12183973.79
2025-08-01 09:18:19 AM,45.19,0,0.0,12183973.79
2025-08-01 09:18:22 AM,45.26,0,0.0,12183973.79
2025-08-01 09:18:24 AM,45.28,12375,560340.0,12744313.79
2025-08-01 09:18:29 AM,45.24,0,0.0,12744313.79
2025-08-01 09:18:32 AM,45.22,335,15148.699999999999,12759462.489999998
2025-08-01 09:18:41 AM,45.26,4167,188598.41999999998,12948060.909999998
2025-08-01 09:18:43 AM,45.25,0,0.0,12948060.909999998
2025-08-01 09:18:49 AM,45.26,1026,46436.759999999995,12994497.669999998
2025-08-01 09:18:53 AM,45.24,0,0.0,12994497.669999998
2025-08-01 09:18:57 AM,45.26,12,543.12,12995040.789999997
2025-08-01 09:18:58 AM,45.24,201,9093.24,13004134.029999997
2025-08-01 09:19:05 AM,45.24,873,39494.520000000004,13043628.549999997
2025-08-01 09:19:13 AM,45.24,1,45.24,13043673.789999997
2025-08-01 09:19:17 AM,45.26,0,0.0,13043673.789999997
2025-08-01 09:19:21 AM,45.25,2558,115749.5,13159423.289999997
2025-08-01 09:19:22 AM,45.28,0,0.0,13159423.289999997
2025-08-01 09:19:23 AM,45.28,6162,279015.36,13438438.649999997
2025-08-01 09:19:29 AM,45.23,1294,58527.619999999995,13496966.269999996
2025-08-01 09:19:31 AM,45.23,1000,45230.0,13542196.269999996
2025-08-01 09:19:37 AM,45.23,3119,141072.37,13683268.639999995
2025-08-01 09:19:45 AM,45.22,0,0.0,13683268.639999995
2025-08-01 09:19:45 AM,45.22,1313,59373.86,13742642.499999994
2025-08-01 09:19:47 AM,45.23,205,9272.15,13751914.649999995
2025-08-01 09:19:53 AM,45.24,0,0.0,13751914.649999995
2025-08-01 09:19:53 AM,45.24,100,4524.0,13756438.649999995
2025-08-01 09:19:55 AM,45.25,6550,296387.5,14052826.149999995
2025-08-01 09:20:01 AM,45.24,620,28048.800000000003,14080874.949999996
2025-08-01 09:20:08 AM,45.27,0,0.0,14080874.949999996
2025-08-01 09:20:09 AM,45.27,161,7288.47,14088163.419999996
2025-08-01 09:20:22 AM,45.23,0,0.0,14088163.419999996
2025-08-01 09:20:25 AM,45.23,695,31434.85,14119598.269999996
2025-08-01 09:20:33 AM,45.26,1623,73456.98,14193055.249999996
2025-08-01 09:20:42 AM,45.24,1,45.24,14193100.489999996
2025-08-01 09:20:47 AM,45.26,0,0.0,14193100.489999996
2025-08-01 09:20:49 AM,45.26,1,45.26,14193145.749999996
2025-08-01 09:20:54 AM,45.24,0,0.0,14193145.749999996
2025-08-01 09:20:56 AM,45.24,2681,121288.44,14314434.189999996
2025-08-01 09:20:57 AM,45.26,0,0.0,14314434.189999996
2025-08-01 09:20:58 AM,45.22,252,11395.44,14325829.629999995
2025-08-01 09:21:01 AM,45.25,0,0.0,14325829.629999995
2025-08-01 09:21:03 AM,45.26,0,0.0,14325829.629999995
2025-08-01 09:21:04 AM,45.26,289,13080.14,14338909.769999996
2025-08-01 09:21:05 AM,45.26,101,4571.26,14343481.029999996
2025-08-01 09:21:08 AM,45.23,0,0.0,14343481.029999996
2025-08-01 09:21:10 AM,45.22,0,0.0,14343481.029999996
2025-08-01 09:21:12 AM,45.22,31,1401.82,14344882.849999996
2025-08-01 09:21:13 AM,45.24,600,27144.0,14372026.849999996
2025-08-01 09:21:17 AM,45.22,0,0.0,14372026.849999996
2025-08-01 09:21:20 AM,45.24,918,41530.32,14413557.169999996
2025-08-01 09:21:28 AM,45.24,1350,61074.0,14474631.169999996
2025-08-01 09:21:29 AM,45.24,1300,58812.0,14533443.169999996
2025-08-01 09:21:35 AM,45.25,0,0.0,14533443.169999996
2025-08-01 09:21:36 AM,45.25,85,3846.25,14537289.419999996
2025-08-01 09:21:38 AM,45.24,0,0.0,14537289.419999996
2025-08-01 09:21:43 AM,45.24,96,4343.04,14541632.459999995
2025-08-01 09:21:51 AM,45.24,812,36734.880000000005,14578367.339999996
2025-08-01 09:21:57 AM,45.25,0,0.0,14578367.339999996
2025-08-01 09:21:58 AM,45.25,550,24887.5,14603254.839999996
2025-08-01 09:22:06 AM,45.24,3406,154087.44,14757342.279999996
2025-08-01 09:22:13 AM,45.24,100,4524.0,14761866.279999996
2025-08-01 09:22:21 AM,45.2,4833,218451.6,14980317.879999995
2025-08-01 09:22:22 AM,45.21,0,0.0,14980317.879999995
2025-08-01 09:22:23 AM,45.21,1100,49731.0,15030048.879999995
2025-08-01 09:22:29 AM,45.19,1301,58792.189999999995,15088841.069999995
2025-08-01 09:22:32 AM,45.2,0,0.0,15088841.069999995
2025-08-01 09:22:36 AM,45.2,503,22735.600000000002,15111576.669999994
2025-08-01 09:22:37 AM,45.17,0,0.0,15111576.669999994
2025-08-01 09:22:38 AM,45.19,110,4970.9,15116547.569999995
2025-08-01 09:22:39 AM,45.2,0,0.0,15116547.569999995
2025-08-01 09:22:44 AM,45.2,1014,45832.8,15162380.369999995
2025-08-01 09:22:50 AM,45.14,0,0.0,15162380.369999995
2025-08-01 09:22:52 AM,45.14,14541,656380.74,15818761.109999996
2025-08-01 09:22:53 AM,45.16,10,451.59999999999997,15819212.709999995
2025-08-01 09:22:59 AM,45.16,127,5735.32,15824948.029999996
2025-08-01 09:23:07 AM,45.16,1660,74965.59999999999,15899913.629999995
2025-08-01 09:23:09 AM,45.13,35,1579.5500000000002,15901493.179999996
2025-08-01 09:23:12 AM,45.16,0,0.0,15901493.179999996
2025-08-01 09:23:15 AM,45.16,539,24341.239999999998,15925834.419999996
2025-08-01 09:23:16 AM,45.13,88,3971.44,15929805.859999996
2025-08-01 09:23:22 AM,45.16,2447,110506.51999999999,16040312.379999995
2025-08-01 09:23:24 AM,45.15,411,18556.649999999998,16058869.029999996
2025-08-01 09:23:24 AM,45.12,0,0.0,16058869.029999996
2025-08-01 09:23:30 AM,45.15,29868,1348540.2,17407409.229999997
2025-08-01 09:23:30 AM,45.14,0,0.0,17407409.229999997
2025-08-01 09:23:32 AM,45.14,1337,60352.18,17467761.409999996
2025-08-01 09:23:37 AM,45.1,88,3968.8,17471730.209999997
2025-08-01 09:23:39 AM,45.08,24622,1109959.76,18581689.97
2025-08-01 09:23:44 AM,45.06,0,0.0,18581689.97
2025-08-01 09:23:45 AM,45.06,1946,87686.76000000001,18669376.73
2025-08-01 09:23:50 AM,45.07,0,0.0,18669376.73
2025-08-01 09:23:53 AM,45.1,3545,159879.5,18829256.23
2025-08-01 09:23:54 AM,45.1,1570,70807.0,18900063.23
2025-08-01 09:24:00 AM,45.12,11427,515586.24,19415649.47
2025-08-01 09:24:02 AM,45.11,27,1217.97,19416867.439999998
2025-08-01 09:24:08 AM,45.11,550,24810.5,19441677.939999998
2025-08-01 09:24:10 AM,45.1,1543,69589.3,19511267.24
2025-08-01 09:24:16 AM,45.12,1425,64295.99999999999,19575563.24
2025-08-01 09:24:17 AM,45.08,0,0.0,19575563.24
2025-08-01 09:24:23 AM,45.11,9387,423447.57,19999010.81
2025-08-01 09:24:23 AM,45.08,0,0.0,19999010.81
2025-08-01 09:24:25 AM,45.06,2251,101430.06000000001,20100440.869999997
2025-08-01 09:24:29 AM,45.02,0,0.0,20100440.869999997
2025-08-01 09:24:31 AM,45.02,13313,599351.26,20699792.13
2025-08-01 09:24:33 AM,45.04,188,8467.52,20708259.65
2025-08-01 09:24:38 AM,45.03,1277,57503.310000000005,20765762.959999997
2025-08-01 09:24:46 AM,45.04,5190,233757.6,20999520.56
2025-08-01 09:24:47 AM,45.07,0,0.0,20999520.56
2025-08-01 09:24:48 AM,45.07,1,45.07,20999565.63
2025-08-01 09:24:53 AM,45.07,4848,218499.36000000002,21218064.99
2025-08-01 09:25:00 AM,45.06,0,0.0,21218064.99
2025-08-01 09:25:01 AM,45.06,625,28162.5,21246227.49
2025-08-01 09:25:03 AM,45.06,1,45.06,21246272.549999997
2025-08-01 09:25:07 AM,45.03,0,0.0,21246272.549999997
2025-08-01 09:25:08 AM,45.03,3747,168727.41,21414999.959999997
2025-08-01 09:25:14 AM,45.07,0,0.0,21414999.959999997
2025-08-01 09:25:16 AM,45.07,525,23661.75,21438661.709999997
2025-08-01 09:25:23 AM,45.08,7155,322547.39999999997,21761209.109999996
2025-08-01 09:25:26 AM,45.1,0,0.0,21761209.109999996
2025-08-01 09:25:31 AM,45.12,8717,393311.04,22154520.149999995
2025-08-01 09:25:32 AM,45.15,0,0.0,22154520.149999995
2025-08-01 09:25:33 AM,45.15,110,4966.5,22159486.649999995
2025-08-01 09:25:33 AM,45.12,0,0.0,22159486.649999995
2025-08-01 09:25:38 AM,45.15,1020,46053.0,22205539.649999995
2025-08-01 09:25:40 AM,45.15,500,22575.0,22228114.649999995
2025-08-01 09:25:46 AM,45.15,6268,283000.2,22511114.849999994
2025-08-01 09:25:48 AM,45.12,245,11054.4,22522169.249999993
2025-08-01 09:25:49 AM,45.15,0,0.0,22522169.249999993
2025-08-01 09:25:53 AM,45.16,508,22941.28,22545110.529999994
2025-08-01 09:25:55 AM,45.16,5,225.79999999999998,22545336.329999994
2025-08-01 09:26:01 AM,45.15,3262,147279.3,22692615.629999995
2025-08-01 09:26:03 AM,45.15,82,3702.2999999999997,22696317.929999996
2025-08-01 09:26:08 AM,45.15,2229,100639.34999999999,22796957.279999997
2025-08-01 09:26:10 AM,45.14,1001,45185.14,22842142.419999998
2025-08-01 09:26:15 AM,45.11,0,0.0,22842142.419999998
2025-08-01 09:26:16 AM,45.11,3053,137720.83,22979863.249999996
2025-08-01 09:26:18 AM,45.14,500,22570.0,23002433.249999996
2025-08-01 09:26:24 AM,45.14,275,12413.5,23014846.749999996
2025-08-01 09:26:26 AM,45.14,9,406.26,23015253.009999998
2025-08-01 09:26:32 AM,45.14,8,361.12,23015614.13
2025-08-01 09:26:33 AM,45.14,200,9028.0,23024642.13
2025-08-01 09:26:36 AM,45.15,0,0.0,23024642.13
2025-08-01 09:26:39 AM,45.12,1307,58971.84,23083613.97
2025-08-01 09:26:41 AM,45.13,34,1534.42,23085148.39
2025-08-01 09:26:45 AM,45.15,0,0.0,23085148.39
2025-08-01 09:26:47 AM,45.15,6,270.9,23085419.29
2025-08-01 09:26:51 AM,45.16,0,0.0,23085419.29
2025-08-01 09:26:54 AM,45.16,3546,160137.36,23245556.65
2025-08-01 09:26:56 AM,45.15,1,45.15,23245601.799999997
2025-08-01 09:27:00 AM,45.16,0,0.0,23245601.799999997
2025-08-01 09:27:02 AM,45.17,1840,83112.8,23328714.599999998
2025-08-01 09:27:09 AM,45.17,17,767.89,23329482.49
2025-08-01 09:27:22 AM,45.15,0,0.0,23329482.49
2025-08-01 09:27:24 AM,45.14,1705,76963.7,23406446.189999998
2025-08-01 09:27:26 AM,45.12,0,0.0,23406446.189999998
2025-08-01 09:27:27 AM,45.16,0,0.0,23406446.189999998
2025-08-01 09:27:31 AM,45.16,632,28541.12,23434987.31
2025-08-01 09:27:39 AM,45.16,255,11515.8,23446503.11
2025-08-01 09:27:46 AM,45.11,660,29772.6,23476275.71
2025-08-01 09:27:47 AM,45.14,0,0.0,23476275.71
2025-08-01 09:27:48 AM,45.14,6,270.84000000000003,23476546.55
2025-08-01 09:27:51 AM,45.11,0,0.0,23476546.55
2025-08-01 09:27:54 AM,45.11,60,2706.6,23479253.150000002
2025-08-01 09:28:01 AM,45.1,0,0.0,23479253.150000002
2025-08-01 09:28:02 AM,45.12,4256,192030.72,23671283.87
2025-08-01 09:28:07 AM,45.11,0,0.0,23671283.87
2025-08-01 09:28:10 AM,45.11,1007,45425.77,23716709.64
2025-08-01 09:28:11 AM,45.11,14,631.54,23717341.18
2025-08-01 09:28:17 AM,45.11,15,676.65,23718017.83
2025-08-01 09:28:19 AM,45.1,1,45.1,23718062.93
2025-08-01 09:28:20 AM,45.11,0,0.0,23718062.93
2025-08-01 09:28:25 AM,45.1,2104,94890.40000000001,23812953.33
2025-08-01 09:28:31 AM,45.07,0,0.0,23812953.33
2025-08-01 09:28:33 AM,45.07,597,26906.79,23839860.119999997
2025-08-01 09:28:37 AM,45.1,0,0.0,23839860.119999997
2025-08-01 09:28:40 AM,45.1,732,33013.200000000004,23872873.319999997
2025-08-01 09:28:42 AM,45.07,0,0.0,23872873.319999997
2025-08-01 09:28:42 AM,45.07,1000,45070.0,23917943.319999997
2025-08-01 09:28:43 AM,45.1,0,0.0,23917943.319999997
2025-08-01 09:28:48 AM,45.1,569,25661.9,23943605.219999995
2025-08-01 09:28:56 AM,45.1,114,5141.400000000001,23948746.619999994
2025-08-01 09:28:57 AM,45.1,1,45.1,23948791.719999995
2025-08-01 09:29:03 AM,45.1,1037,46768.700000000004,23995560.419999994
2025-08-01 09:29:05 AM,45.1,1311,59126.1,24054686.519999996
2025-08-01 09:29:11 AM,45.1,1607,72475.7,24127162.219999995
2025-08-01 09:29:18 AM,45.1,100,4510.0,24131672.219999995
2025-08-01 09:29:20 AM,45.1,10,451.0,24132123.219999995
2025-08-01 09:29:26 AM,45.1,219,9876.9,24142000.119999994
2025-08-01 09:29:34 AM,45.1,35,1578.5,24143578.619999994
2025-08-01 09:29:41 AM,45.07,500,22535.0,24166113.619999994
2025-08-01 09:29:41 AM,45.1,0,0.0,24166113.619999994
2025-08-01 09:29:42 AM,45.1,25,1127.5,24167241.119999994
2025-08-01 09:29:46 AM,45.07,0,0.0,24167241.119999994
2025-08-01 09:29:48 AM,45.07,352,15864.64,24183105.759999994
2025-08-01 09:29:49 AM,45.1,502,22640.2,24205745.959999993
2025-08-01 09:29:56 AM,45.1,10,451.0,24206196.959999993
2025-08-01 09:30:02 AM,45.09,0,0.0,24206196.959999993
2025-08-01 09:30:03 AM,45.09,3607,162639.63,24368836.589999992
2025-08-01 09:30:04 AM,45.09,101,4554.09,24373390.679999992
2025-08-01 09:30:09 AM,45.02,0,0.0,24373390.679999992
2025-08-01 09:30:11 AM,45.03,7266,327187.98,24700578.659999993
2025-08-01 09:30:20 AM,45.03,1110,49983.3,24750561.959999993
2025-08-01 09:30:26 AM,44.99,74258,3340867.42,28091429.379999995
2025-08-01 09:30:27 AM,44.97,2815,126590.55,28218019.929999996
2025-08-01 09:30:31 AM,44.98,0,0.0,28218019.929999996
2025-08-01 09:30:33 AM,44.98,4634,208437.31999999998,28426457.249999996
2025-08-01 09:30:34 AM,44.98,20,899.5999999999999,28427356.849999998
2025-08-01 09:30:41 AM,45.0,4027,181215.0,28608571.849999998
2025-08-01 09:30:42 AM,44.99,760,34192.4,28642764.249999996
2025-08-01 09:30:44 AM,45.0,0,0.0,28642764.249999996
2025-08-01 09:30:46 AM,44.99,0,0.0,28642764.249999996
2025-08-01 09:30:48 AM,45.03,5483,246899.49000000002,28889663.739999995
2025-08-01 09:30:51 AM,45.0,0,0.0,28889663.739999995
2025-08-01 09:30:56 AM,45.01,2583,116260.83,29005924.569999993
2025-08-01 09:31:02 AM,44.96,0,0.0,29005924.569999993
2025-08-01 09:31:03 AM,44.96,5771,259464.16,29265388.729999993
2025-08-01 09:31:10 AM,44.96,1095,49231.200000000004,29314619.929999992
2025-08-01 09:31:11 AM,44.98,1091,49073.17999999999,29363693.109999992
2025-08-01 09:31:18 AM,44.98,654,29416.92,29393110.029999994
2025-08-01 09:31:18 AM,44.99,2,89.98,29393200.009999994
2025-08-01 09:31:25 AM,44.99,3327,149681.73,29542881.739999995
2025-08-01 09:31:32 AM,44.97,2277,102396.69,29645278.429999996
2025-08-01 09:31:36 AM,44.98,0,0.0,29645278.429999996
2025-08-01 09:31:39 AM,45.0,706,31770.0,29677048.429999996
2025-08-01 09:31:44 AM,44.97,0,0.0,29677048.429999996
2025-08-01 09:31:46 AM,44.97,4993,224535.21,29901583.639999997
2025-08-01 09:31:46 AM,44.97,189,8499.33,29910082.969999995
2025-08-01 09:31:48 AM,44.96,0,0.0,29910082.969999995
2025-08-01 09:31:53 AM,44.97,4261,191617.16999999998,30101700.139999997
2025-08-01 09:31:59 AM,45.01,0,0.0,30101700.139999997
2025-08-01 09:32:00 AM,45.03,2615,117753.45,30219453.589999996
2025-08-01 09:32:07 AM,44.99,1217,54752.83,30274206.419999994
2025-08-01 09:32:10 AM,45.03,0,0.0,30274206.419999994
2025-08-01 09:32:10 AM,45.02,0,0.0,30274206.419999994
2025-08-01 09:32:14 AM,45.03,6675,300575.25,30574781.669999994
2025-08-01 09:32:21 AM,45.05,8882,400134.1,30974915.769999996
2025-08-01 09:32:22 AM,45.06,0,0.0,30974915.769999996
2025-08-01 09:32:28 AM,45.1,0,0.0,30974915.769999996
2025-08-01 09:32:28 AM,45.1,2024,91282.40000000001,31066198.169999994
2025-08-01 09:32:34 AM,45.11,0,0.0,31066198.169999994
2025-08-01 09:32:35 AM,45.15,5456,246338.4,31312536.569999993
2025-08-01 09:32:40 AM,45.12,0,0.0,31312536.569999993
2025-08-01 09:32:42 AM,45.08,1113,50174.04,31362710.609999992
2025-08-01 09:32:46 AM,45.12,0,0.0,31362710.609999992
2025-08-01 09:32:46 AM,45.1,0,0.0,31362710.609999992
2025-08-01 09:32:49 AM,45.1,4234,190953.4,31553664.00999999
2025-08-01 09:32:52 AM,45.15,0,0.0,31553664.00999999
2025-08-01 09:32:56 AM,45.09,2075,93561.75,31647225.75999999
2025-08-01 09:32:56 AM,45.09,120,5410.8,31652636.55999999
2025-08-01 09:32:58 AM,45.11,0,0.0,31652636.55999999
2025-08-01 09:33:03 AM,45.14,606,27354.84,31679991.39999999
2025-08-01 09:33:04 AM,45.11,0,0.0,31679991.39999999
2025-08-01 09:33:10 AM,45.13,0,0.0,31679991.39999999
2025-08-01 09:33:10 AM,45.13,22737,1026120.81,32706112.20999999
2025-08-01 09:33:15 AM,45.15,0,0.0,32706112.20999999
2025-08-01 09:33:17 AM,45.15,28,1264.2,32707376.40999999
2025-08-01 09:33:20 AM,45.13,0,0.0,32707376.40999999
2025-08-01 09:33:20 AM,45.12,0,0.0,32707376.40999999
2025-08-01 09:33:24 AM,45.14,2858,129010.12,32836386.52999999
2025-08-01 09:33:25 AM,45.15,0,0.0,32836386.52999999
2025-08-01 09:33:30 AM,45.14,0,0.0,32836386.52999999
2025-08-01 09:33:31 AM,45.14,765,34532.1,32870918.62999999
2025-08-01 09:33:35 AM,45.15,0,0.0,32870918.62999999
2025-08-01 09:33:37 AM,45.15,1243,56121.45,32927040.07999999
2025-08-01 09:33:40 AM,45.14,0,0.0,32927040.07999999
2025-08-01 09:33:44 AM,45.12,19867,896399.0399999999,33823439.11999999
2025-08-01 09:33:51 AM,45.12,35,1579.1999999999998,33825018.31999999
2025-08-01 09:33:54 AM,45.13,0,0.0,33825018.31999999
2025-08-01 09:33:58 AM,45.13,55,2482.15,33827500.46999999
2025-08-01 09:34:00 AM,45.15,0,0.0,33827500.46999999
2025-08-01 09:34:05 AM,45.14,3249,146659.86000000002,33974160.32999999
2025-08-01 09:34:10 AM,45.15,0,0.0,33974160.32999999
2025-08-01 09:34:13 AM,45.15,45,2031.75,33976192.07999999
2025-08-01 09:34:20 AM,45.15,10897,491999.55,34468191.62999999
2025-08-01 09:34:20 AM,45.14,0,0.0,34468191.62999999
2025-08-01 09:34:27 AM,45.14,2838,128107.32,34596298.94999999
2025-08-01 09:34:30 AM,45.15,0,0.0,34596298.94999999
2025-08-01 09:34:34 AM,45.14,27,1218.78,34597517.72999999
2025-08-01 09:34:40 AM,45.13,208,9387.04,34606904.76999999
2025-08-01 09:34:45 AM,45.15,0,0.0,34606904.76999999
2025-08-01 09:34:47 AM,45.14,7000,315980.0,34922884.76999999
2025-08-01 09:34:48 AM,45.12,100,4512.0,34927396.76999999
2025-08-01 09:34:50 AM,45.13,0,0.0,34927396.76999999
2025-08-01 09:34:53 AM,45.1,0,0.0,34927396.76999999
2025-08-01 09:34:54 AM,45.1,25017,1128266.7,36055663.46999999
2025-08-01 09:34:57 AM,45.05,0,0.0,36055663.46999999
2025-08-01 09:35:00 AM,45.04,0,0.0,36055663.46999999
2025-08-01 09:35:01 AM,45.04,17205,774913.2,36830576.669999994
2025-08-01 09:35:05 AM,45.05,0,0.0,36830576.669999994
2025-08-01 09:35:08 AM,45.08,162,7302.96,36837879.629999995
2025-08-01 09:35:10 AM,45.04,0,0.0,36837879.629999995
2025-08-01 09:35:10 AM,45.05,0,0.0,36837879.629999995
2025-08-01 09:35:15 AM,45.04,0,0.0,36837879.629999995
2025-08-01 09:35:15 AM,45.07,560,25239.2,36863118.83
2025-08-01 09:35:22 AM,45.06,1581,71239.86,36934358.69
2025-08-01 09:35:25 AM,45.02,0,0.0,36934358.69
2025-08-01 09:35:25 AM,45.04,0,0.0,36934358.69
2025-08-01 09:35:29 AM,45.04,5727,257944.08,37192302.769999996
2025-08-01 09:35:36 AM,45.04,285,12836.4,37205139.169999994
2025-08-01 09:35:40 AM,45.07,0,0.0,37205139.169999994
2025-08-01 09:35:43 AM,45.07,12523,564411.61,37769550.779999994
2025-08-01 09:35:50 AM,45.05,0,0.0,37769550.779999994
2025-08-01 09:35:50 AM,45.05,1778,80098.9,37849649.67999999
2025-08-01 09:35:50 AM,45.03,2500,112575.0,37962224.67999999
2025-08-01 09:35:55 AM,45.05,0,0.0,37962224.67999999
2025-08-01 09:35:56 AM,45.05,5,225.25,37962449.92999999
2025-08-01 09:36:03 AM,45.05,581,26174.05,37988623.97999999
2025-08-01 09:36:10 AM,45.07,58,2614.06,37991238.03999999
2025-08-01 09:36:23 AM,45.07,1027,46286.89,38037524.92999999
2025-08-01 09:36:27 AM,45.05,0,0.0,38037524.92999999
2025-08-01 09:36:27 AM,45.07,0,0.0,38037524.92999999
2025-08-01 09:36:30 AM,45.07,11,495.77,38038020.699999996
2025-08-01 09:36:36 AM,45.07,110,4957.7,38042978.4
2025-08-01 09:36:42 AM,45.07,7290,328560.3,38371538.699999996
2025-08-01 09:36:47 AM,45.1,0,0.0,38371538.699999996
2025-08-01 09:36:49 AM,45.1,53,2390.3,38373928.99999999
2025-08-01 09:36:56 AM,45.1,1001,45145.1,38419074.099999994
2025-08-01 09:36:59 AM,45.11,0,0.0,38419074.099999994
2025-08-01 09:37:02 AM,45.11,1013,45696.43,38464770.529999994
2025-08-01 09:37:09 AM,45.11,529,23863.19,38488633.71999999
2025-08-01 09:37:10 AM,45.11,225,10149.75,38498783.46999999
2025-08-01 09:37:13 AM,45.08,0,0.0,38498783.46999999
2025-08-01 09:37:17 AM,45.1,1232,55563.200000000004,38554346.669999994
2025-08-01 09:37:23 AM,45.09,0,0.0,38554346.669999994
2025-08-01 09:37:24 AM,45.09,2348,105871.32,38660217.989999995
2025-08-01 09:37:29 AM,45.06,0,0.0,38660217.989999995
2025-08-01 09:37:30 AM,45.06,3,135.18,38660353.169999994
2025-08-01 09:37:37 AM,45.08,7,315.56,38660668.73
2025-08-01 09:37:41 AM,45.06,0,0.0,38660668.73
2025-08-01 09:37:44 AM,45.06,27,1216.6200000000001,38661885.349999994
2025-08-01 09:37:49 AM,45.09,0,0.0,38661885.349999994
2025-08-01 09:37:50 AM,45.09,66,2975.94,38664861.28999999
2025-08-01 09:37:58 AM,45.06,0,0.0,38664861.28999999
2025-08-01 09:38:03 AM,45.08,0,0.0,38664861.28999999
2025-08-01 09:38:04 AM,45.08,3126,140920.08,38805781.36999999
2025-08-01 09:38:05 AM,45.05,0,0.0,38805781.36999999
2025-08-01 09:38:09 AM,45.06,0,0.0,38805781.36999999
2025-08-01 09:38:11 AM,45.06,301,13563.060000000001,38819344.42999999
2025-08-01 09:38:15 AM,45.07,0,0.0,38819344.42999999
2025-08-01 09:38:18 AM,45.06,3655,164694.30000000002,38984038.72999999
2025-08-01 09:38:24 AM,45.04,14,630.56,38984669.28999999
2025-08-01 09:38:25 AM,45.03,0,0.0,38984669.28999999
2025-08-01 09:38:30 AM,45.05,0,0.0,38984669.28999999
2025-08-01 09:38:31 AM,45.06,5011,225795.66,39210464.94999999
2025-08-01 09:38:38 AM,45.06,178,8020.68,39218485.62999999
2025-08-01 09:38:44 AM,45.06,52,2343.12,39220828.749999985
2025-08-01 09:38:47 AM,45.04,0,0.0,39220828.749999985
2025-08-01 09:38:51 AM,45.04,565,25447.6,39246276.34999999
2025-08-01 09:38:55 AM,45.03,0,0.0,39246276.34999999
2025-08-01 09:38:57 AM,45.07,770,34703.9,39280980.249999985
2025-08-01 09:39:04 AM,45.03,954,42958.62,39323938.86999998
2025-08-01 09:39:05 AM,45.04,0,0.0,39323938.86999998
2025-08-01 09:39:11 AM,45.04,1003,45175.12,39369113.98999998
2025-08-01 09:39:18 AM,45.04,38,1711.52,39370825.50999998
2025-08-01 09:39:20 AM,44.95,0,0.0,39370825.50999998
2025-08-01 09:39:21 AM,44.97,0,0.0,39370825.50999998
2025-08-01 09:39:24 AM,44.99,0,0.0,39370825.50999998
2025-08-01 09:39:25 AM,44.99,39162,1761898.3800000001,41132723.889999986
2025-08-01 09:39:31 AM,44.99,240,10797.6,41143521.48999999
2025-08-01 09:39:38 AM,44.99,10,449.90000000000003,41143971.389999986
2025-08-01 09:39:44 AM,44.99,324,14576.76,41158548.14999998
2025-08-01 09:39:51 AM,45.02,3374,151897.48,41310445.62999998
2025-08-01 09:39:56 AM,45.03,0,0.0,41310445.62999998
2025-08-01 09:39:57 AM,45.03,577,25982.31,41336427.93999998
2025-08-01 09:39:58 AM,45.01,10,450.09999999999997,41336878.039999984
2025-08-01 09:40:00 AM,45.03,0,0.0,41336878.039999984
2025-08-01 09:40:04 AM,45.02,108,4862.160000000001,41341740.19999998
2025-08-01 09:40:10 AM,45.03,1,45.03,41341785.22999998
2025-08-01 09:40:16 AM,45.05,0,0.0,41341785.22999998
2025-08-01 09:40:17 AM,45.05,27,1216.35,41343001.57999998
2025-08-01 09:40:18 AM,45.05,275,12388.75,41355390.32999998
2025-08-01 09:40:22 AM,45.03,0,0.0,41355390.32999998
2025-08-01 09:40:24 AM,45.03,1914,86187.42,41441577.749999985
2025-08-01 09:40:30 AM,45.05,10,450.5,41442028.249999985
2025-08-01 09:40:37 AM,45.05,6,270.29999999999995,41442298.54999998
2025-08-01 09:40:38 AM,45.05,50,2252.5,41444551.04999998
2025-08-01 09:40:43 AM,45.05,221,9956.05,41454507.09999998
2025-08-01 09:40:44 AM,45.06,5200,234312.0,41688819.09999998
2025-08-01 09:40:50 AM,45.08,488,21999.04,41710818.13999998
2025-08-01 09:40:57 AM,45.09,1027,46307.43,41757125.56999998
2025-08-01 09:40:59 AM,45.08,0,0.0,41757125.56999998
2025-08-01 09:41:03 AM,45.11,9248,417177.27999999997,42174302.84999998
2025-08-01 09:41:07 AM,45.14,0,0.0,42174302.84999998
2025-08-01 09:41:10 AM,45.14,12,541.6800000000001,42174844.52999998
2025-08-01 09:41:11 AM,45.14,5,225.7,42175070.22999998
2025-08-01 09:41:15 AM,45.13,0,0.0,42175070.22999998
2025-08-01 09:41:17 AM,45.1,5772,260317.2,42435387.429999985
2025-08-01 09:41:27 AM,45.15,0,0.0,42435387.429999985
2025-08-01 09:41:30 AM,45.15,1,45.15,42435432.57999998
2025-08-01 09:41:36 AM,45.15,33,1489.95,42436922.52999999
2025-08-01 09:41:37 AM,45.12,5,225.6,42437148.12999999
2025-08-01 09:41:43 AM,45.15,2500,112875.0,42550023.12999999
2025-08-01 09:41:50 AM,45.13,1795,81008.35,42631031.47999999
2025-08-01 09:41:56 AM,45.13,450,20308.5,42651339.97999999
2025-08-01 09:41:59 AM,45.16,0,0.0,42651339.97999999
2025-08-01 09:42:02 AM,45.15,110,4966.5,42656306.47999999
2025-08-01 09:42:03 AM,45.16,55,2483.7999999999997,42658790.27999999
2025-08-01 09:42:08 AM,45.15,0,0.0,42658790.27999999
2025-08-01 09:42:09 AM,45.15,232,10474.8,42669265.07999998
2025-08-01 09:42:16 AM,45.15,325,14673.75,42683938.82999998
2025-08-01 09:42:24 AM,45.15,150,6772.5,42690711.32999998
2025-08-01 09:42:29 AM,45.15,708,31966.2,42722677.52999999
2025-08-01 09:42:30 AM,45.15,100,4515.0,42727192.52999999
2025-08-01 09:42:35 AM,45.15,121,5463.15,42732655.679999985
2025-08-01 09:42:42 AM,45.15,110,4966.5,42737622.179999985
2025-08-01 09:42:46 AM,45.13,0,0.0,42737622.179999985
2025-08-01 09:42:48 AM,45.15,402,18150.3,42755772.47999998
2025-08-01 09:43:01 AM,45.15,125,5643.75,42761416.22999998
2025-08-01 09:43:02 AM,45.14,0,0.0,42761416.22999998
2025-08-01 09:43:06 AM,45.16,0,0.0,42761416.22999998
2025-08-01 09:43:08 AM,45.15,774,34946.1,42796362.32999998
2025-08-01 09:43:09 AM,45.16,2,90.32,42796452.64999998
2025-08-01 09:43:10 AM,45.15,0,0.0,42796452.64999998
2025-08-01 09:43:15 AM,45.15,301,13590.15,42810042.79999998
2025-08-01 09:43:21 AM,45.15,858,38738.7,42848781.499999985
2025-08-01 09:43:26 AM,45.16,0,0.0,42848781.499999985
2025-08-01 09:43:28 AM,45.15,18,812.6999999999999,42849594.19999999
2025-08-01 09:43:34 AM,45.14,25,1128.5,42850722.69999999
2025-08-01 09:43:34 AM,45.13,0,0.0,42850722.69999999
2025-08-01 09:43:35 AM,45.13,1,45.13,42850767.82999999
2025-08-01 09:43:38 AM,45.12,0,0.0,42850767.82999999
2025-08-01 09:43:38 AM,45.14,0,0.0,42850767.82999999
2025-08-01 09:43:41 AM,45.14,1960,88474.4,42939242.22999999
2025-08-01 09:43:49 AM,45.15,100,4515.0,42943757.22999999
2025-08-01 09:43:54 AM,45.12,0,0.0,42943757.22999999
2025-08-01 09:43:54 AM,45.12,124,5594.88,42949352.10999999
2025-08-01 09:43:54 AM,45.16,0,0.0,42949352.10999999
2025-08-01 09:43:55 AM,45.16,2000,90320.0,43039672.10999999
2025-08-01 09:44:00 AM,45.16,19,858.04,43040530.14999999
2025-08-01 09:44:01 AM,45.16,10,451.59999999999997,43040981.74999999
2025-08-01 09:44:02 AM,45.14,0,0.0,43040981.74999999
2025-08-01 09:44:07 AM,45.15,0,0.0,43040981.74999999
2025-08-01 09:44:07 AM,45.15,221,9978.15,43050959.89999999
2025-08-01 09:44:08 AM,45.15,100,4515.0,43055474.89999999
2025-08-01 09:44:12 AM,45.11,0,0.0,43055474.89999999
2025-08-01 09:44:14 AM,45.14,1053,47532.42,43103007.31999999
2025-08-01 09:44:15 AM,45.13,52,2346.76,43105354.07999999
2025-08-01 09:44:21 AM,45.1,1938,87403.8,43192757.87999999
2025-08-01 09:44:23 AM,45.12,0,0.0,43192757.87999999
2025-08-01 09:44:26 AM,45.13,0,0.0,43192757.87999999
2025-08-01 09:44:27 AM,45.13,550,24821.5,43217579.37999999
2025-08-01 09:44:34 AM,45.13,101,4558.13,43222137.50999999
2025-08-01 09:44:34 AM,45.1,0,0.0,43222137.50999999
2025-08-01 09:44:35 AM,45.1,9,405.90000000000003,43222543.40999999
2025-08-01 09:44:38 AM,45.12,0,0.0,43222543.40999999
2025-08-01 09:44:40 AM,45.12,5,225.6,43222769.00999999
2025-08-01 09:44:46 AM,45.09,10,450.90000000000003,43223219.90999999
2025-08-01 09:45:04 AM,45.08,0,0.0,43223219.90999999
2025-08-01 09:45:05 AM,45.06,206,9282.36,43232502.26999999
2025-08-01 09:45:09 AM,45.08,0,0.0,43232502.26999999
2025-08-01 09:45:10 AM,45.08,102,4598.16,43237100.429999985
2025-08-01 09:45:12 AM,45.08,1,45.08,43237145.50999998
2025-08-01 09:45:13 AM,45.06,0,0.0,43237145.50999998
2025-08-01 09:45:14 AM,45.06,14,630.84,43237776.34999999
2025-08-01 09:45:14 AM,45.08,1,45.08,43237821.429999985
2025-08-01 09:45:15 AM,45.08,3,135.24,43237956.66999999
2025-08-01 09:45:15 AM,45.06,43,1937.5800000000002,43239894.249999985
2025-08-01 09:45:15 AM,45.08,0,0.0,43239894.249999985
2025-08-01 09:45:16 AM,45.08,20,901.5999999999999,43240795.84999999
2025-08-01 09:45:19 AM,45.05,0,0.0,43240795.84999999
2025-08-01 09:45:20 AM,45.05,4117,185470.84999999998,43426266.69999999
2025-08-01 09:45:26 AM,45.06,0,0.0,43426266.69999999
2025-08-01 09:45:26 AM,45.06,4,180.24,43426446.93999999
2025-08-01 09:45:30 AM,45.06,23,1036.38,43427483.31999999
2025-08-01 09:45:30 AM,45.03,0,0.0,43427483.31999999
2025-08-01 09:45:31 AM,45.03,6,270.18,43427753.49999999
2025-08-01 09:45:32 AM,45.06,0,0.0,43427753.49999999
2025-08-01 09:45:33 AM,45.06,100,4506.0,43432259.49999999
2025-08-01 09:45:34 AM,45.1,28481,1284493.1,44716752.599999994
2025-08-01 09:45:36 AM,45.1,1,45.1,44716797.699999996
2025-08-01 09:45:47 AM,45.13,340,15344.2,44732141.9
2025-08-01 09:45:52 AM,45.13,25,1128.25,44733270.15
2025-08-01 09:45:59 AM,45.13,1525,68823.25,44802093.4
2025-08-01 09:46:01 AM,45.1,0,0.0,44802093.4
2025-08-01 09:46:01 AM,45.09,1677,75615.93000000001,44877709.33
2025-08-01 09:46:05 AM,45.06,857,38616.420000000006,44916325.75
2025-08-01 09:46:07 AM,45.05,0,0.0,44916325.75
2025-08-01 09:46:08 AM,45.05,10,450.5,44916776.25
2025-08-01 09:46:12 AM,45.1,4,180.4,44916956.65
2025-08-01 09:46:15 AM,45.05,1782,80279.09999999999,44997235.75
2025-08-01 09:46:17 AM,45.07,11,495.77,44997731.52
2025-08-01 09:46:18 AM,45.09,0,0.0,44997731.52
2025-08-01 09:46:18 AM,45.09,100,4509.0,45002240.52
2025-08-01 09:46:25 AM,45.06,114,5136.84,45007377.36000001
2025-08-01 09:46:26 AM,45.07,0,0.0,45007377.36000001
2025-08-01 09:46:27 AM,45.07,127,5723.89,45013101.25000001
2025-08-01 09:46:28 AM,45.08,1820,82045.59999999999,45095146.85000001
2025-08-01 09:46:28 AM,45.05,0,0.0,45095146.85000001
2025-08-01 09:46:29 AM,45.05,20,901.0,45096047.85000001
2025-08-01 09:46:32 AM,45.04,500,22520.0,45118567.85000001
2025-08-01 09:46:35 AM,45.07,0,0.0,45118567.85000001
2025-08-01 09:46:36 AM,45.07,1,45.07,45118612.92000001
2025-08-01 09:46:36 AM,45.08,0,0.0,45118612.92000001
2025-08-01 09:46:37 AM,45.08,1,45.08,45118658.00000001
2025-08-01 09:46:39 AM,45.04,0,0.0,45118658.00000001
2025-08-01 09:46:39 AM,45.04,1556,70082.24,45188740.24000001
2025-08-01 09:46:46 AM,45.06,0,0.0,45188740.24000001
2025-08-01 09:46:47 AM,45.06,1,45.06,45188785.30000001
2025-08-01 09:46:52 AM,45.07,2,90.14,45188875.44000001
2025-08-01 09:46:55 AM,45.07,4,180.28,45189055.72000001
2025-08-01 09:46:57 AM,45.07,1,45.07,45189100.790000014
2025-08-01 09:46:58 AM,45.07,681,30692.670000000002,45219793.460000016
2025-08-01 09:46:58 AM,45.07,5000,225350.0,45445143.460000016
2025-08-01 09:47:02 AM,45.06,11,495.66,45445639.12000001
2025-08-01 09:47:03 AM,45.06,4,180.24,45445819.360000014
2025-08-01 09:47:05 AM,45.06,1,45.06,45445864.42000002
2025-08-01 09:47:05 AM,45.06,5,225.3,45446089.72000001
2025-08-01 09:47:06 AM,45.06,2,90.12,45446179.84000001
2025-08-01 09:47:07 AM,45.06,1,45.06,45446224.90000001
2025-08-01 09:47:09 AM,45.04,524,23600.96,45469825.860000014
2025-08-01 09:47:11 AM,45.07,2001,90185.07,45560010.930000015
2025-08-01 09:47:12 AM,45.04,0,0.0,45560010.930000015
2025-08-01 09:47:13 AM,45.04,500,22520.0,45582530.930000015
2025-08-01 09:47:15 AM,45.03,43,1936.29,45584467.22000001
2025-08-01 09:47:15 AM,45.06,0,0.0,45584467.22000001
2025-08-01 09:47:16 AM,45.06,500,22530.0,45606997.22000001
2025-08-01 09:47:17 AM,45.06,1,45.06,45607042.280000016
2025-08-01 09:47:22 AM,45.07,0,0.0,45607042.280000016
2025-08-01 09:47:22 AM,45.07,200,9014.0,45616056.280000016
2025-08-01 09:47:22 AM,45.03,16,720.48,45616776.76000001
2025-08-01 09:47:26 AM,45.06,10,450.6,45617227.360000014
2025-08-01 09:47:27 AM,45.06,1,45.06,45617272.42000002
2025-08-01 09:47:33 AM,45.05,0,0.0,45617272.42000002
2025-08-01 09:47:34 AM,45.01,4399,197998.99,45815271.41000002
2025-08-01 09:47:34 AM,45.01,444,19984.44,45835255.85000002
2025-08-01 09:47:36 AM,45.03,5,225.15,45835481.000000015
2025-08-01 09:47:37 AM,45.0,0,0.0,45835481.000000015
2025-08-01 09:47:37 AM,45.0,19720,887400.0,46722881.000000015
2025-08-01 09:47:39 AM,45.0,232,10440.0,46733321.000000015
2025-08-01 09:47:40 AM,45.02,13,585.26,46733906.26000001
2025-08-01 09:47:41 AM,45.02,520,23410.4,46757316.66000001
2025-08-01 09:47:42 AM,45.01,0,0.0,46757316.66000001
2025-08-01 09:47:43 AM,45.01,90,4050.8999999999996,46761367.56000001
2025-08-01 09:47:46 AM,45.01,9,405.09,46761772.65000001
2025-08-01 09:47:46 AM,45.02,10,450.20000000000005,46762222.85000002
2025-08-01 09:47:47 AM,45.02,20,900.4000000000001,46763123.250000015
2025-08-01 09:47:58 AM,45.02,385,17332.7,46780455.95000002
2025-08-01 09:48:02 AM,45.03,5,225.15,46780681.10000002
2025-08-01 09:48:06 AM,45.03,20,900.6,46781581.70000002
2025-08-01 09:48:12 AM,45.03,2,90.06,46781671.76000002
2025-08-01 09:48:15 AM,45.02,43,1935.8600000000001,46783607.62000002
2025-08-01 09:48:18 AM,45.03,0,0.0,46783607.62000002
2025-08-01 09:48:19 AM,45.02,1168,52583.36,46836190.98000002
2025-08-01 09:48:25 AM,45.04,500,22520.0,46858710.98000002
2025-08-01 09:48:26 AM,45.02,0,0.0,46858710.98000002
2025-08-01 09:48:28 AM,45.04,1265,56975.6,46915686.58000002
2025-08-01 09:48:32 AM,45.04,10,450.4,46916136.98000002
2025-08-01 09:48:34 AM,45.04,10,450.4,46916587.38000002
2025-08-01 09:48:41 AM,45.04,10,450.4,46917037.780000016
2025-08-01 09:48:45 AM,45.04,100,4504.0,46921541.780000016
2025-08-01 09:48:47 AM,45.04,2,90.08,46921631.860000014
2025-08-01 09:48:54 AM,45.02,0,0.0,46921631.860000014
2025-08-01 09:48:57 AM,45.04,36,1621.44,46923253.30000001
2025-08-01 09:49:00 AM,45.04,1,45.04,46923298.34000001
2025-08-01 09:49:04 AM,45.04,16,720.64,46924018.98000001
2025-08-01 09:49:06 AM,45.02,0,0.0,46924018.98000001
2025-08-01 09:49:06 AM,45.02,550,24761.0,46948779.98000001
2025-08-01 09:49:10 AM,45.02,200,9004.0,46957783.98000001
2025-08-01 09:49:16 AM,45.01,45,2025.4499999999998,46959809.430000015
2025-08-01 09:49:21 AM,45.04,0,0.0,46959809.430000015
2025-08-01 09:49:22 AM,45.04,200,9008.0,46968817.430000015
2025-08-01 09:49:24 AM,45.01,0,0.0,46968817.430000015
2025-08-01 09:49:25 AM,45.01,10788,485567.88,47454385.31000002
2025-08-01 09:49:27 AM,45.02,0,0.0,47454385.31000002
2025-08-01 09:49:28 AM,45.02,1,45.02,47454430.33000002
2025-08-01 09:49:35 AM,45.04,1,45.04,47454475.37000002
2025-08-01 09:49:44 AM,45.04,25,1126.0,47455601.37000002
2025-08-01 09:49:47 AM,45.04,6,270.24,47455871.61000002
2025-08-01 09:49:48 AM,45.02,0,0.0,47455871.61000002
2025-08-01 09:49:50 AM,45.01,3191,143626.91,47599498.52000002
2025-08-01 09:49:54 AM,45.04,100,4504.0,47604002.52000002
2025-08-01 09:49:59 AM,45.03,0,0.0,47604002.52000002
2025-08-01 09:50:00 AM,45.03,25,1125.75,47605128.27000002
2025-08-01 09:50:02 AM,45.02,0,0.0,47605128.27000002
2025-08-01 09:50:03 AM,45.02,5000,225100.00000000003,47830228.27000002
2025-08-01 09:50:05 AM,45.0,0,0.0,47830228.27000002
2025-08-01 09:50:07 AM,45.0,1503,67635.0,47897863.27000002
2025-08-01 09:50:10 AM,45.03,2500,112575.0,48010438.27000002
2025-08-01 09:50:11 AM,45.0,0,0.0,48010438.27000002
2025-08-01 09:50:13 AM,45.0,4329,194805.0,48205243.27000002
2025-08-01 09:50:16 AM,45.03,138,6214.14,48211457.41000002
2025-08-01 09:50:20 AM,45.03,588,26477.64,48237935.05000002
2025-08-01 09:50:26 AM,45.01,33,1485.33,48239420.38000002
2025-08-01 09:50:29 AM,45.03,10,450.3,48239870.680000015
2025-08-01 09:50:32 AM,45.03,6,270.18,48240140.860000014
2025-08-01 09:50:34 AM,45.01,0,0.0,48240140.860000014
2025-08-01 09:50:35 AM,45.01,14,630.14,48240771.000000015
2025-08-01 09:50:44 AM,45.01,1,45.01,48240816.01000001
2025-08-01 09:50:52 AM,45.0,0,0.0,48240816.01000001
2025-08-01 09:50:53 AM,45.0,6500,292500.0,48533316.01000001
2025-08-01 09:50:56 AM,45.02,0,0.0,48533316.01000001
2025-08-01 09:50:57 AM,45.01,305,13728.05,48547044.06000001
2025-08-01 09:50:59 AM,45.01,2,90.02,48547134.08000001
2025-08-01 09:51:03 AM,45.01,31,1395.31,48548529.390000015
2025-08-01 09:51:08 AM,45.02,0,0.0,48548529.390000015
2025-08-01 09:51:10 AM,45.02,175,7878.500000000001,48556407.890000015
2025-08-01 09:51:12 AM,45.04,0,0.0,48556407.890000015
2025-08-01 09:51:12 AM,45.04,3345,150658.8,48707066.69000001
2025-08-01 09:51:16 AM,45.02,0,0.0,48707066.69000001
2025-08-01 09:51:16 AM,45.02,43,1935.8600000000001,48709002.55000001
2025-08-01 09:51:18 AM,45.04,10,450.4,48709452.95000001
2025-08-01 09:51:22 AM,45.06,564,25413.84,48734866.790000014
2025-08-01 09:51:24 AM,45.04,0,0.0,48734866.790000014
2025-08-01 09:51:24 AM,45.04,8,360.32,48735227.110000014
2025-08-01 09:51:33 AM,45.05,0,0.0,48735227.110000014
2025-08-01 09:51:35 AM,45.05,20,901.0,48736128.110000014
2025-08-01 09:51:41 AM,45.05,5,225.25,48736353.360000014
2025-08-01 09:51:48 AM,45.04,0,0.0,48736353.360000014
2025-08-01 09:51:50 AM,45.04,14,630.56,48736983.92000002
2025-08-01 09:51:59 AM,45.05,0,0.0,48736983.92000002
2025-08-01 09:52:00 AM,45.05,1,45.05,48737028.97000001
2025-08-01 09:52:02 AM,45.04,75,3378.0,48740406.97000001
2025-08-01 09:52:05 AM,45.01,7734,348107.33999999997,49088514.31000002
2025-08-01 09:52:07 AM,45.02,0,0.0,49088514.31000002
2025-08-01 09:52:08 AM,45.02,150,6753.000000000001,49095267.31000002
2025-08-01 09:52:12 AM,45.02,122,5492.4400000000005,49100759.750000015
2025-08-01 09:52:16 AM,45.0,0,0.0,49100759.750000015
2025-08-01 09:52:18 AM,45.01,14118,635451.1799999999,49736210.930000015
2025-08-01 09:52:31 AM,45.0,0,0.0,49736210.930000015
2025-08-01 09:52:33 AM,45.02,290,13055.800000000001,49749266.73000001
2025-08-01 09:52:36 AM,45.0,325,14625.0,49763891.73000001
2025-08-01 09:52:39 AM,45.0,1,45.0,49763936.73000001
2025-08-01 09:52:42 AM,45.0,300,13500.0,49777436.73000001
2025-08-01 09:52:45 AM,44.99,1000,44990.0,49822426.73000001
2025-08-01 09:52:46 AM,45.0,0,0.0,49822426.73000001
2025-08-01 09:52:48 AM,45.0,200,9000.0,49831426.73000001
2025-08-01 09:52:51 AM,45.01,20000,900200.0,50731626.73000001
2025-08-01 09:52:55 AM,45.01,12,540.12,50732166.85000001
2025-08-01 09:53:00 AM,45.01,33,1485.33,50733652.18000001
2025-08-01 09:53:07 AM,44.99,0,0.0,50733652.18000001
2025-08-01 09:53:09 AM,45.0,7401,333045.0,51066697.18000001
2025-08-01 09:53:13 AM,44.99,0,0.0,51066697.18000001
2025-08-01 09:53:13 AM,44.99,84,3779.1600000000003,51070476.34
2025-08-01 09:53:15 AM,44.98,113,5082.74,51075559.080000006
2025-08-01 09:53:16 AM,44.99,0,0.0,51075559.080000006
2025-08-01 09:53:19 AM,45.0,5119,230355.0,51305914.080000006
2025-08-01 09:53:22 AM,44.97,78,3507.66,51309421.74
2025-08-01 09:53:23 AM,44.99,0,0.0,51309421.74
2025-08-01 09:53:26 AM,44.99,1720,77382.8,51386804.54
2025-08-01 09:53:31 AM,44.99,51,2294.4900000000002,51389099.03
2025-08-01 09:53:33 AM,44.97,87,3912.39,51393011.42
2025-08-01 09:53:35 AM,44.98,0,0.0,51393011.42
2025-08-01 09:53:38 AM,44.98,60,2698.7999999999997,51395710.22
2025-08-01 09:53:38 AM,44.97,0,0.0,51395710.22
2025-08-01 09:53:39 AM,44.97,61,2743.17,51398453.39
2025-08-01 09:53:41 AM,44.95,0,0.0,51398453.39
2025-08-01 09:53:44 AM,44.95,14013,629884.3500000001,52028337.74
2025-08-01 09:53:50 AM,44.95,50,2247.5,52030585.24
2025-08-01 09:53:52 AM,44.94,16,719.04,52031304.28
2025-08-01 09:53:57 AM,44.94,292,13122.48,52044426.76
2025-08-01 09:53:58 AM,44.93,427,19185.11,52063611.87
2025-08-01 09:53:59 AM,44.92,0,0.0,52063611.87
2025-08-01 09:53:59 AM,44.93,0,0.0,52063611.87
2025-08-01 09:54:03 AM,44.94,2263,101699.22,52165311.089999996
2025-08-01 09:54:05 AM,44.95,0,0.0,52165311.089999996
2025-08-01 09:54:08 AM,44.94,0,0.0,52165311.089999996
2025-08-01 09:54:09 AM,44.94,6514,292739.16,52458050.24999999
2025-08-01 09:54:10 AM,44.94,1,44.94,52458095.18999999
2025-08-01 09:54:11 AM,44.95,0,0.0,52458095.18999999
2025-08-01 09:54:15 AM,44.95,48,2157.6000000000004,52460252.78999999
2025-08-01 09:54:16 AM,44.85,277703,12454979.55,64915232.33999999
2025-08-01 09:54:17 AM,44.78,0,0.0,64915232.33999999
2025-08-01 09:54:17 AM,44.87,0,0.0,64915232.33999999
2025-08-01 09:54:20 AM,44.83,0,0.0,64915232.33999999
2025-08-01 09:54:22 AM,44.85,8881,398312.85000000003,65313545.18999999
2025-08-01 09:54:28 AM,44.85,485,21752.25,65335297.43999999
2025-08-01 09:54:28 AM,44.83,3000,134490.0,65469787.43999999
2025-08-01 09:54:34 AM,44.83,3297,147804.50999999998,65617591.94999999
2025-08-01 09:54:36 AM,44.85,0,0.0,65617591.94999999
2025-08-01 09:54:39 AM,44.87,0,0.0,65617591.94999999
2025-08-01 09:54:40 AM,44.87,1423,63850.009999999995,65681441.959999986
2025-08-01 09:54:45 AM,44.85,0,0.0,65681441.959999986
2025-08-01 09:54:45 AM,44.86,0,0.0,65681441.959999986
2025-08-01 09:54:46 AM,44.86,112,5024.32,65686466.27999999
2025-08-01 09:54:47 AM,44.86,10,448.6,65686914.87999999
2025-08-01 09:54:51 AM,44.85,0,0.0,65686914.87999999
2025-08-01 09:54:52 AM,44.85,403,18074.55,65704989.429999985
2025-08-01 09:54:57 AM,44.83,0,0.0,65704989.429999985
2025-08-01 09:54:57 AM,44.83,611,27391.129999999997,65732380.55999999
2025-08-01 09:54:58 AM,44.85,500,22425.0,65754805.55999999
2025-08-01 09:55:03 AM,44.85,240,10764.0,65765569.55999999
2025-08-01 09:55:09 AM,44.86,0,0.0,65765569.55999999
2025-08-01 09:55:09 AM,44.86,8398,376734.27999999997,66142303.83999999
2025-08-01 09:55:15 AM,44.87,0,0.0,66142303.83999999
2025-08-01 09:55:15 AM,44.87,1,44.87,66142348.709999986
2025-08-01 09:55:19 AM,44.86,0,0.0,66142348.709999986
2025-08-01 09:55:21 AM,44.85,0,0.0,66142348.709999986
2025-08-01 09:55:21 AM,44.85,2193,98356.05,66240704.75999998
2025-08-01 09:55:22 AM,44.85,46,2063.1,66242767.859999985
2025-08-01 09:55:25 AM,44.86,0,0.0,66242767.859999985
2025-08-01 09:55:27 AM,44.86,20,897.2,66243665.05999999
2025-08-01 09:55:33 AM,44.85,0,0.0,66243665.05999999
2025-08-01 09:55:33 AM,44.85,4,179.4,66243844.459999986
2025-08-01 09:55:37 AM,44.86,0,0.0,66243844.459999986
2025-08-01 09:55:39 AM,44.86,10,448.6,66244293.05999999
2025-08-01 09:55:40 AM,44.85,193,8656.050000000001,66252949.109999985
2025-08-01 09:55:45 AM,44.86,0,0.0,66252949.109999985
2025-08-01 09:55:45 AM,44.86,300,13458.0,66266407.109999985
2025-08-01 09:55:56 AM,44.87,0,0.0,66266407.109999985
2025-08-01 09:55:57 AM,44.87,223,10006.01,66276413.11999998
2025-08-01 09:56:03 AM,44.87,394,17678.78,66294091.89999998
2025-08-01 09:56:08 AM,44.86,0,0.0,66294091.89999998
2025-08-01 09:56:09 AM,44.86,20960,940265.6,67234357.49999999
2025-08-01 09:56:12 AM,44.87,0,0.0,67234357.49999999
2025-08-01 09:56:16 AM,44.87,18,807.66,67235165.15999998
2025-08-01 09:56:21 AM,44.85,0,0.0,67235165.15999998
2025-08-01 09:56:22 AM,44.85,713,31978.05,67267143.20999998
2025-08-01 09:56:23 AM,44.87,0,0.0,67267143.20999998
2025-08-01 09:56:27 AM,44.87,61,2737.0699999999997,67269880.27999997
2025-08-01 09:56:33 AM,44.87,12,538.4399999999999,67270418.71999997
2025-08-01 09:56:39 AM,44.87,101,4531.87,67274950.58999997
2025-08-01 09:56:43 AM,44.85,0,0.0,67274950.58999997
2025-08-01 09:56:45 AM,44.85,10396,466260.60000000003,67741211.18999997
2025-08-01 09:56:51 AM,44.85,1005,45074.25,67786285.43999997
2025-08-01 09:56:57 AM,44.84,99,4439.160000000001,67790724.59999996
2025-08-01 09:57:03 AM,44.85,142,6368.7,67797093.29999997
2025-08-01 09:57:05 AM,44.83,2400,107592.0,67904685.29999997
2025-08-01 09:57:08 AM,44.85,0,0.0,67904685.29999997
2025-08-01 09:57:08 AM,44.84,0,0.0,67904685.29999997
2025-08-01 09:57:09 AM,44.84,2221,99589.64000000001,68004274.93999997
2025-08-01 09:57:12 AM,44.83,0,0.0,68004274.93999997
2025-08-01 09:57:15 AM,44.85,3983,178637.55000000002,68182912.48999996
2025-08-01 09:57:20 AM,44.87,0,0.0,68182912.48999996
2025-08-01 09:57:21 AM,44.87,1,44.87,68182957.35999997
2025-08-01 09:57:26 AM,44.85,26,1166.1000000000001,68184123.45999996
2025-08-01 09:57:28 AM,44.84,127,5694.68,68189818.13999997
2025-08-01 09:57:32 AM,44.86,0,0.0,68189818.13999997
2025-08-01 09:57:32 AM,44.86,135,6056.1,68195874.23999996
2025-08-01 09:57:40 AM,44.85,0,0.0,68195874.23999996
2025-08-01 09:57:41 AM,44.85,1,44.85,68195919.08999996
2025-08-01 09:57:44 AM,44.84,0,0.0,68195919.08999996
2025-08-01 09:57:44 AM,44.85,171,7669.35,68203588.43999995
2025-08-01 09:57:47 AM,44.86,100,4486.0,68208074.43999995
2025-08-01 09:57:48 AM,44.83,0,0.0,68208074.43999995
2025-08-01 09:57:50 AM,44.82,4051,181565.82,68389640.25999995
2025-08-01 09:57:52 AM,44.84,0,0.0,68389640.25999995
2025-08-01 09:57:53 AM,44.84,500,22420.0,68412060.25999995
2025-08-01 09:57:56 AM,44.83,0,0.0,68412060.25999995
2025-08-01 09:57:56 AM,44.83,557,24970.309999999998,68437030.56999995
2025-08-01 09:57:59 AM,44.83,285,12776.55,68449807.11999995
2025-08-01 09:58:02 AM,44.83,5201,233160.83,68682967.94999994
2025-08-01 09:58:09 AM,44.83,426,19097.579999999998,68702065.52999994
2025-08-01 09:58:10 AM,44.81,0,0.0,68702065.52999994
2025-08-01 09:58:10 AM,44.82,0,0.0,68702065.52999994
2025-08-01 09:58:11 AM,44.81,3851,172563.31,68874628.83999994
2025-08-01 09:58:15 AM,44.78,38785,1736792.3,70611421.13999994
2025-08-01 09:58:17 AM,44.8,1,44.8,70611465.93999994
2025-08-01 09:58:21 AM,44.8,1899,85075.2,70696541.13999994
2025-08-01 09:58:27 AM,44.8,305,13664.0,70710205.13999994
2025-08-01 09:58:33 AM,44.78,0,0.0,70710205.13999994
2025-08-01 09:58:33 AM,44.78,9,403.02,70710608.15999994
2025-08-01 09:58:35 AM,44.8,50,2240.0,70712848.15999994
2025-08-01 09:58:39 AM,44.8,11,492.79999999999995,70713340.95999993
2025-08-01 09:58:42 AM,44.8,1,44.8,70713385.75999993
2025-08-01 09:58:45 AM,44.78,0,0.0,70713385.75999993
2025-08-01 09:58:45 AM,44.8,0,0.0,70713385.75999993
2025-08-01 09:58:45 AM,44.8,849,38035.2,70751420.95999993
2025-08-01 09:58:48 AM,44.8,58,2598.3999999999996,70754019.35999994
2025-08-01 09:58:51 AM,44.8,1000,44800.0,70798819.35999994
2025-08-01 09:58:54 AM,44.8,618,27686.399999999998,70826505.75999995
2025-08-01 09:58:57 AM,44.78,354,15852.12,70842357.87999995
2025-08-01 09:59:00 AM,44.78,3702,165775.56,71008133.43999995
2025-08-01 09:59:01 AM,44.76,0,0.0,71008133.43999995
2025-08-01 09:59:03 AM,44.78,942,42182.76,71050316.19999996
2025-08-01 09:59:06 AM,44.78,24,1074.72,71051390.91999996
2025-08-01 09:59:12 AM,44.78,10,447.8,71051838.71999995
2025-08-01 09:59:15 AM,44.75,0,0.0,71051838.71999995
2025-08-01 09:59:16 AM,44.78,794,35555.32,71087394.03999995
2025-08-01 09:59:22 AM,44.78,50,2239.0,71089633.03999995
2025-08-01 09:59:25 AM,44.78,10,447.8,71090080.83999994
2025-08-01 09:59:27 AM,44.76,0,0.0,71090080.83999994
2025-08-01 09:59:28 AM,44.77,4868,217940.36000000002,71308021.19999994
2025-08-01 09:59:34 AM,44.8,0,0.0,71308021.19999994
2025-08-01 09:59:35 AM,44.8,213,9542.4,71317563.59999995
2025-08-01 09:59:37 AM,44.8,1150,51520.0,71369083.59999995
2025-08-01 09:59:39 AM,44.78,0,0.0,71369083.59999995
2025-08-01 09:59:41 AM,44.81,14886,667041.66,72036125.25999995
2025-08-01 09:59:47 AM,44.82,0,0.0,72036125.25999995
2025-08-01 09:59:47 AM,44.82,415,18600.3,72054725.55999994
2025-08-01 09:59:56 AM,44.81,0,0.0,72054725.55999994
2025-08-01 09:59:56 AM,44.84,300,13452.000000000002,72068177.55999994
2025-08-01 09:59:59 AM,44.81,0,0.0,72068177.55999994
2025-08-01 09:59:59 AM,44.83,451,20218.329999999998,72088395.88999994
2025-08-01 10:00:02 AM,44.83,44,1972.52,72090368.40999994
2025-08-01 10:00:05 AM,44.85,96,4305.6,72094674.00999993
2025-08-01 10:00:08 AM,44.85,451,20227.350000000002,72114901.35999992
2025-08-01 10:00:12 AM,44.84,518,23227.120000000003,72138128.47999993
2025-08-01 10:00:15 AM,44.84,1,44.84,72138173.31999993
2025-08-01 10:00:19 AM,44.84,1596,71564.64,72209737.95999993
2025-08-01 10:00:21 AM,44.84,1,44.84,72209782.79999994
2025-08-01 10:00:25 AM,44.82,1831,82065.42,72291848.21999994
2025-08-01 10:00:28 AM,44.82,1000,44820.0,72336668.21999994
2025-08-01 10:00:31 AM,44.84,64,2869.76,72339537.97999994
2025-08-01 10:00:34 AM,44.84,3,134.52,72339672.49999994
2025-08-01 10:00:37 AM,44.82,1000,44820.0,72384492.49999994
2025-08-01 10:00:39 AM,44.84,0,0.0,72384492.49999994
2025-08-01 10:00:41 AM,44.84,31,1390.0400000000002,72385882.53999995
2025-08-01 10:00:43 AM,44.83,104,4662.32,72390544.85999994
2025-08-01 10:00:47 AM,44.81,2076,93025.56,72483570.41999994
2025-08-01 10:00:50 AM,44.82,0,0.0,72483570.41999994
2025-08-01 10:00:50 AM,44.82,2017,90401.94,72573972.35999994
2025-08-01 10:00:53 AM,44.82,33,1479.06,72575451.41999994
2025-08-01 10:00:56 AM,44.83,1510,67693.3,72643144.71999994
2025-08-01 10:01:03 AM,44.82,45,2016.9,72645161.61999995
2025-08-01 10:01:04 AM,44.84,0,0.0,72645161.61999995
2025-08-01 10:01:04 AM,44.84,1,44.84,72645206.45999995
2025-08-01 10:01:05 AM,44.84,7,313.88,72645520.33999994
2025-08-01 10:01:07 AM,44.84,1,44.84,72645565.17999995
2025-08-01 10:01:10 AM,44.84,1,44.84,72645610.01999995
2025-08-01 10:01:13 AM,44.83,1,44.83,72645654.84999995
2025-08-01 10:01:20 AM,44.84,5,224.20000000000002,72645879.04999995
2025-08-01 10:01:21 AM,44.83,0,0.0,72645879.04999995
2025-08-01 10:01:21 AM,44.83,2,89.66,72645968.70999995
2025-08-01 10:01:24 AM,44.83,15,672.4499999999999,72646641.15999995
2025-08-01 10:01:26 AM,44.84,0,0.0,72646641.15999995
2025-08-01 10:01:26 AM,44.84,4,179.36,72646820.51999995
2025-08-01 10:01:27 AM,44.89,0,0.0,72646820.51999995
2025-08-01 10:01:27 AM,44.89,10429,468157.81,73114978.32999995
2025-08-01 10:01:31 AM,44.88,1,44.88,73115023.20999995
2025-08-01 10:01:32 AM,44.88,3,134.64000000000001,73115157.84999995
2025-08-01 10:01:36 AM,44.88,5,224.4,73115382.24999996
2025-08-01 10:01:37 AM,44.88,40,1795.2,73117177.44999996
2025-08-01 10:01:38 AM,44.88,200,8976.0,73126153.44999996
2025-08-01 10:01:42 AM,44.88,10,448.8,73126602.24999996
2025-08-01 10:01:42 AM,44.88,1,44.88,73126647.12999995
2025-08-01 10:01:47 AM,44.88,61,2737.6800000000003,73129384.80999996
2025-08-01 10:01:48 AM,44.9,0,0.0,73129384.80999996
2025-08-01 10:01:48 AM,44.9,200,8980.0,73138364.80999996
2025-08-01 10:01:49 AM,44.9,14,628.6,73138993.40999995
2025-08-01 10:01:52 AM,44.88,0,0.0,73138993.40999995
2025-08-01 10:01:52 AM,44.88,24,1077.1200000000001,73140070.52999996
2025-08-01 10:01:57 AM,44.9,2410,108209.0,73248279.52999996
2025-08-01 10:02:02 AM,44.91,2001,89864.90999999999,73338144.43999995
2025-08-01 10:02:08 AM,44.91,1,44.91,73338189.34999995
2025-08-01 10:02:10 AM,44.91,10,449.09999999999997,73338638.44999994
2025-08-01 10:02:14 AM,44.9,0,0.0,73338638.44999994
2025-08-01 10:02:14 AM,44.9,101,4534.9,73343173.34999995
2025-08-01 10:02:16 AM,44.9,150,6735.0,73349908.34999995
2025-08-01 10:02:18 AM,44.91,0,0.0,73349908.34999995
2025-08-01 10:02:21 AM,44.91,1344,60359.03999999999,73410267.38999996
2025-08-01 10:02:23 AM,44.91,5,224.54999999999998,73410491.93999995
2025-08-01 10:02:27 AM,44.92,0,0.0,73410491.93999995
2025-08-01 10:02:27 AM,44.92,20895,938603.4,74349095.33999996
2025-08-01 10:02:29 AM,44.93,20,898.6,74349993.93999995
2025-08-01 10:02:33 AM,44.94,67,3010.98,74353004.91999996
2025-08-01 10:02:35 AM,44.92,0,0.0,74353004.91999996
2025-08-01 10:02:35 AM,44.92,26,1167.92,74354172.83999996
2025-08-01 10:02:39 AM,44.92,14,628.88,74354801.71999995
2025-08-01 10:02:44 AM,44.93,0,0.0,74354801.71999995
2025-08-01 10:02:45 AM,44.92,0,0.0,74354801.71999995
2025-08-01 10:02:46 AM,44.94,105,4718.7,74359520.41999996
2025-08-01 10:02:48 AM,44.96,10050,451848.0,74811368.41999996
2025-08-01 10:02:49 AM,44.95,0,0.0,74811368.41999996
2025-08-01 10:02:53 AM,44.96,0,0.0,74811368.41999996
2025-08-01 10:02:53 AM,44.96,105,4720.8,74816089.21999995
2025-08-01 10:02:57 AM,44.95,0,0.0,74816089.21999995
2025-08-01 10:02:59 AM,44.92,3803,170830.76,74986919.97999996
2025-08-01 10:03:00 AM,44.92,20,898.4000000000001,74987818.37999997
2025-08-01 10:03:05 AM,44.91,0,0.0,74987818.37999997
2025-08-01 10:03:05 AM,44.91,107,4805.37,74992623.74999997
2025-08-01 10:03:11 AM,44.9,611,27433.899999999998,75020057.64999998
2025-08-01 10:03:17 AM,44.92,0,0.0,75020057.64999998
2025-08-01 10:03:17 AM,44.9,0,0.0,75020057.64999998
2025-08-01 10:03:18 AM,44.9,151,6779.9,75026837.54999998
2025-08-01 10:03:20 AM,44.92,5979,268576.68,75295414.22999999
2025-08-01 10:03:24 AM,44.9,15755,707399.5,76002813.72999999
2025-08-01 10:03:31 AM,44.9,24,1077.6,76003891.32999998
2025-08-01 10:03:33 AM,44.9,22,987.8,76004879.12999998
2025-08-01 10:03:38 AM,44.9,353,15849.699999999999,76020728.82999998
2025-08-01 10:03:41 AM,44.85,0,0.0,76020728.82999998
2025-08-01 10:03:44 AM,44.9,13372,600402.7999999999,76621131.62999998
2025-08-01 10:03:46 AM,44.9,655,29409.5,76650541.12999998
2025-08-01 10:03:50 AM,44.9,3063,137528.69999999998,76788069.82999998
2025-08-01 10:03:56 AM,44.9,3,134.7,76788204.52999999
2025-08-01 10:03:58 AM,44.9,1012,45438.799999999996,76833643.32999998
2025-08-01 10:04:02 AM,44.9,7,314.3,76833957.62999998
2025-08-01 10:04:04 AM,44.9,2,89.8,76834047.42999998
2025-08-01 10:04:08 AM,44.9,7142,320675.8,77154723.22999997
2025-08-01 10:04:11 AM,44.9,10,449.0,77155172.22999997
2025-08-01 10:04:15 AM,44.88,98,4398.240000000001,77159570.46999997
2025-08-01 10:04:17 AM,44.89,46,2064.94,77161635.40999997
2025-08-01 10:04:18 AM,44.9,0,0.0,77161635.40999997
2025-08-01 10:04:21 AM,44.89,0,0.0,77161635.40999997
2025-08-01 10:04:21 AM,44.89,1963,88119.07,77249754.47999996
2025-08-01 10:04:23 AM,44.9,17,763.3,77250517.77999996
2025-08-01 10:04:27 AM,44.9,10,449.0,77250966.77999996
2025-08-01 10:04:29 AM,44.9,10,449.0,77251415.77999996
2025-08-01 10:04:34 AM,44.9,127,5702.3,77257118.07999995
2025-08-01 10:04:36 AM,44.9,8,359.2,77257477.27999996
2025-08-01 10:04:40 AM,44.9,436,19576.399999999998,77277053.67999996
2025-08-01 10:04:42 AM,44.9,1473,66137.7,77343191.37999997
2025-08-01 10:04:46 AM,44.94,21204,952907.76,78296099.13999997
2025-08-01 10:04:47 AM,44.95,0,0.0,78296099.13999997
2025-08-01 10:04:48 AM,44.95,4,179.8,78296278.93999997
2025-08-01 10:04:52 AM,44.95,1,44.95,78296323.88999997
2025-08-01 10:04:54 AM,44.94,107,4808.58,78301132.46999997
2025-08-01 10:04:56 AM,44.91,0,0.0,78301132.46999997
2025-08-01 10:04:58 AM,44.94,130,5842.2,78306974.66999997
2025-08-01 10:05:05 AM,44.94,5,224.7,78307199.36999997
2025-08-01 10:05:11 AM,44.94,4,179.76,78307379.12999998
2025-08-01 10:05:17 AM,44.92,6,269.52,78307648.64999998
2025-08-01 10:05:23 AM,44.92,401,18012.920000000002,78325661.56999998
2025-08-01 10:05:29 AM,44.92,10,449.20000000000005,78326110.76999998
2025-08-01 10:05:35 AM,44.93,101,4537.93,78330648.69999999
2025-08-01 10:05:41 AM,44.9,1150,51635.0,78382283.69999999
2025-08-01 10:05:43 AM,44.93,9,404.37,78382688.07
2025-08-01 10:05:47 AM,44.93,90,4043.7,78386731.77
2025-08-01 10:05:53 AM,44.93,1500,67395.0,78454126.77
2025-08-01 10:05:56 AM,44.93,120,5391.6,78459518.36999999
2025-08-01 10:05:59 AM,44.93,22,988.46,78460506.82999998
2025-08-01 10:06:05 AM,44.93,40,1797.2,78462304.02999999
2025-08-01 10:06:11 AM,44.93,9,404.37,78462708.39999999
2025-08-01 10:06:14 AM,44.93,25,1123.25,78463831.64999999
2025-08-01 10:06:17 AM,44.93,93,4178.49,78468010.13999999
2025-08-01 10:06:19 AM,44.9,13594,610370.6,79078380.73999998
2025-08-01 10:06:23 AM,44.88,0,0.0,79078380.73999998
2025-08-01 10:06:23 AM,44.88,61,2737.6800000000003,79081118.41999999
2025-08-01 10:06:31 AM,44.86,4556,204382.16,79285500.57999998
2025-08-01 10:06:35 AM,44.91,1900,85329.0,79370829.57999998
2025-08-01 10:06:40 AM,44.88,0,0.0,79370829.57999998
2025-08-01 10:06:41 AM,44.9,78,3502.2,79374331.77999999
2025-08-01 10:06:43 AM,44.88,24,1077.1200000000001,79375408.89999999
2025-08-01 10:06:46 AM,44.85,0,0.0,79375408.89999999
2025-08-01 10:06:47 AM,44.86,1203,53966.58,79429375.47999999
2025-08-01 10:06:53 AM,44.85,1799,80685.15000000001,79510060.63
2025-08-01 10:06:55 AM,44.88,0,0.0,79510060.63
2025-08-01 10:06:55 AM,44.88,902,40481.76,79550542.39
2025-08-01 10:06:59 AM,44.86,3028,135836.08,79686378.47
2025-08-01 10:07:00 AM,44.84,0,0.0,79686378.47
2025-08-01 10:07:01 AM,44.84,2536,113714.24,79800092.71
2025-08-01 10:07:05 AM,44.85,194,8700.9,79808793.61
2025-08-01 10:07:08 AM,44.84,108,4842.72,79813636.33
2025-08-01 10:07:11 AM,44.85,0,0.0,79813636.33
2025-08-01 10:07:12 AM,44.88,512,22978.56,79836614.89
2025-08-01 10:07:14 AM,44.88,1562,70102.56,79906717.45
2025-08-01 10:07:16 AM,44.86,0,0.0,79906717.45
2025-08-01 10:07:18 AM,44.86,6177,277100.22,80183817.67
2025-08-01 10:07:20 AM,44.85,636,28524.600000000002,80212342.27
2025-08-01 10:07:24 AM,44.88,3387,152008.56,80364350.83
2025-08-01 10:07:26 AM,44.85,169,7579.650000000001,80371930.48
2025-08-01 10:07:31 AM,44.85,2939,131814.15,80503744.63000001
2025-08-01 10:07:37 AM,44.89,590,26485.1,80530229.73
2025-08-01 10:07:43 AM,44.89,42,1885.38,80532115.11
2025-08-01 10:07:44 AM,44.88,2706,121445.28000000001,80653560.39
2025-08-01 10:07:49 AM,44.85,594,26640.9,80680201.29
2025-08-01 10:07:51 AM,44.85,38,1704.3,80681905.59
2025-08-01 10:07:55 AM,44.85,2237,100329.45,80782235.04
2025-08-01 10:07:57 AM,44.84,9159,410689.56000000006,81192924.60000001
2025-08-01 10:08:01 AM,44.84,810,36320.4,81229245.00000001
2025-08-01 10:08:03 AM,44.84,192,8609.28,81237854.28000002
2025-08-01 10:08:07 AM,44.84,1053,47216.520000000004,81285070.80000001
2025-08-01 10:08:09 AM,44.88,2428,108968.64,81394039.44000001
2025-08-01 10:08:13 AM,44.89,0,0.0,81394039.44000001
2025-08-01 10:08:14 AM,44.87,1262,56625.939999999995,81450665.38000001
2025-08-01 10:08:17 AM,44.9,0,0.0,81450665.38000001
2025-08-01 10:08:20 AM,44.88,744,33390.72,81484056.10000001
2025-08-01 10:08:26 AM,44.9,0,0.0,81484056.10000001
2025-08-01 10:08:26 AM,44.9,13533,607631.7,82091687.80000001
2025-08-01 10:08:30 AM,44.92,0,0.0,82091687.80000001
2025-08-01 10:08:32 AM,44.9,0,0.0,82091687.80000001
2025-08-01 10:08:32 AM,44.9,307,13784.3,82105472.10000001
2025-08-01 10:08:35 AM,44.92,0,0.0,82105472.10000001
2025-08-01 10:08:38 AM,44.92,20,898.4000000000001,82106370.50000001
2025-08-01 10:08:44 AM,44.92,20,898.4000000000001,82107268.90000002
2025-08-01 10:08:47 AM,44.91,0,0.0,82107268.90000002
2025-08-01 10:08:50 AM,44.91,10,449.09999999999997,82107718.00000001
2025-08-01 10:08:52 AM,44.91,8,359.28,82108077.28000002
2025-08-01 10:08:56 AM,44.91,48,2155.68,82110232.96000002
2025-08-01 10:08:57 AM,44.91,10,449.09999999999997,82110682.06000002
2025-08-01 10:09:08 AM,44.9,0,0.0,82110682.06000002
2025-08-01 10:09:08 AM,44.9,318,14278.199999999999,82124960.26000002
2025-08-01 10:09:11 AM,44.91,0,0.0,82124960.26000002
2025-08-01 10:09:12 AM,44.9,0,0.0,82124960.26000002
2025-08-01 10:09:14 AM,44.9,101,4534.9,82129495.16000003
2025-08-01 10:09:15 AM,44.91,0,0.0,82129495.16000003
2025-08-01 10:09:15 AM,44.91,100,4491.0,82133986.16000003
2025-08-01 10:09:20 AM,44.91,5,224.54999999999998,82134210.71000002
2025-08-01 10:09:21 AM,44.91,10,449.09999999999997,82134659.81000002
2025-08-01 10:09:26 AM,44.91,123,5523.929999999999,82140183.74000002
2025-08-01 10:09:37 AM,44.91,230,10329.3,82150513.04000002
2025-08-01 10:09:43 AM,44.91,10,449.09999999999997,82150962.14000002
2025-08-01 10:09:45 AM,44.91,1,44.91,82151007.05000001
2025-08-01 10:09:49 AM,44.91,95,4266.45,82155273.50000001
2025-08-01 10:09:54 AM,44.91,505,22679.55,82177953.05000001
2025-08-01 10:10:00 AM,44.91,60,2694.6,82180647.65
2025-08-01 10:10:01 AM,44.92,4433,199130.36000000002,82379778.01
2025-08-01 10:10:03 AM,44.93,0,0.0,82379778.01
2025-08-01 10:10:05 AM,44.91,0,0.0,82379778.01
2025-08-01 10:10:06 AM,44.91,459,20613.69,82400391.7
2025-08-01 10:10:11 AM,44.91,11,494.01,82400885.71000001
2025-08-01 10:10:13 AM,44.91,88,3952.08,82404837.79
2025-08-01 10:10:17 AM,44.91,164,7365.24,82412203.03
2025-08-01 10:10:19 AM,44.9,0,0.0,82412203.03
2025-08-01 10:10:19 AM,44.89,1858,83405.62,82495608.65
2025-08-01 10:10:23 AM,44.89,526,23612.14,82519220.79
2025-08-01 10:10:41 AM,44.89,161,7227.29,82526448.08000001
2025-08-01 10:10:43 AM,44.91,13,583.8299999999999,82527031.91000001
2025-08-01 10:10:47 AM,44.89,0,0.0,82527031.91000001
2025-08-01 10:10:47 AM,44.89,1000,44890.0,82571921.91000001
2025-08-01 10:11:02 AM,44.91,0,0.0,82571921.91000001
2025-08-01 10:11:05 AM,44.91,10,449.09999999999997,82572371.01
2025-08-01 10:11:11 AM,44.91,25,1122.75,82573493.76
2025-08-01 10:11:17 AM,44.91,50,2245.5,82575739.26
2025-08-01 10:11:23 AM,44.91,500,22455.0,82598194.26
2025-08-01 10:11:28 AM,44.93,10,449.3,82598643.56
2025-08-01 10:11:30 AM,44.91,100,4491.0,82603134.56
2025-08-01 10:11:38 AM,44.94,0,0.0,82603134.56
2025-08-01 10:11:40 AM,44.98,2276,102374.48,82705509.04
2025-08-01 10:11:41 AM,44.97,0,0.0,82705509.04
2025-08-01 10:11:41 AM,44.97,25,1124.25,82706633.29
2025-08-01 10:11:44 AM,44.94,0,0.0,82706633.29
2025-08-01 10:11:44 AM,44.97,0,0.0,82706633.29
2025-08-01 10:11:46 AM,44.97,367,16503.989999999998,82723137.28
2025-08-01 10:11:53 AM,44.96,0,0.0,82723137.28
2025-08-01 10:11:53 AM,44.96,100,4496.0,82727633.28
2025-08-01 10:11:59 AM,44.96,115,5170.400000000001,82732803.68
2025-08-01 10:12:02 AM,44.95,0,0.0,82732803.68
2025-08-01 10:12:03 AM,44.95,55,2472.25,82735275.93
2025-08-01 10:12:05 AM,44.96,0,0.0,82735275.93
2025-08-01 10:12:05 AM,44.96,12,539.52,82735815.45
2025-08-01 10:12:09 AM,44.96,5,224.8,82736040.25
2025-08-01 10:12:14 AM,44.95,0,0.0,82736040.25
2025-08-01 10:12:15 AM,44.95,1000,44950.0,82780990.25
2025-08-01 10:12:21 AM,44.95,50,2247.5,82783237.75
2025-08-01 10:12:29 AM,44.97,0,0.0,82783237.75
2025-08-01 10:12:33 AM,44.96,1083,48691.68,82831929.43
2025-08-01 10:12:38 AM,44.96,387,17399.52,82849328.95
2025-08-01 10:12:44 AM,44.96,20,899.2,82850228.15
2025-08-01 10:12:50 AM,44.96,350,15736.0,82865964.15
2025-08-01 10:12:50 AM,44.96,60,2697.6,82868661.75
2025-08-01 10:12:55 AM,44.96,20,899.2,82869560.95
2025-08-01 10:13:01 AM,44.97,500,22485.0,82892045.95
2025-08-01 10:13:07 AM,44.97,105,4721.849999999999,82896767.8
2025-08-01 10:13:11 AM,44.96,0,0.0,82896767.8
2025-08-01 10:13:13 AM,44.96,4203,188966.88,83085734.67999999
2025-08-01 10:13:14 AM,44.96,40,1798.4,83087533.08
2025-08-01 10:13:19 AM,44.96,75,3372.0,83090905.08
2025-08-01 10:13:23 AM,44.94,0,0.0,83090905.08
2025-08-01 10:13:25 AM,44.94,2808,126191.51999999999,83217096.6
2025-08-01 10:13:31 AM,44.94,104,4673.76,83221770.36
2025-08-01 10:13:35 AM,44.93,0,0.0,83221770.36
2025-08-01 10:13:37 AM,44.93,46,2066.78,83223837.14
2025-08-01 10:13:43 AM,44.94,3103,139448.82,83363285.96
2025-08-01 10:13:47 AM,44.96,0,0.0,83363285.96
2025-08-01 10:13:49 AM,44.95,5011,225244.45,83588530.41
2025-08-01 10:13:50 AM,44.94,0,0.0,83588530.41
2025-08-01 10:13:55 AM,44.97,58,2608.2599999999998,83591138.67
2025-08-01 10:13:59 AM,44.98,0,0.0,83591138.67
2025-08-01 10:14:01 AM,44.98,1592,71608.15999999999,83662746.83
2025-08-01 10:14:08 AM,44.99,0,0.0,83662746.83
2025-08-01 10:14:11 AM,44.98,0,0.0,83662746.83
2025-08-01 10:14:12 AM,44.98,2482,111640.35999999999,83774387.19
2025-08-01 10:14:17 AM,44.99,0,0.0,83774387.19
2025-08-01 10:14:18 AM,44.99,1075,48364.25,83822751.44
2025-08-01 10:14:23 AM,44.98,0,0.0,83822751.44
2025-08-01 10:14:24 AM,44.98,21,944.5799999999999,83823696.02
2025-08-01 10:14:24 AM,44.98,20,899.5999999999999,83824595.61999999
2025-08-01 10:14:29 AM,44.98,2,89.96,83824685.57999998
2025-08-01 10:14:35 AM,44.98,1076,48398.479999999996,83873084.05999999
2025-08-01 10:14:41 AM,44.99,0,0.0,83873084.05999999
2025-08-01 10:14:41 AM,44.99,1200,53988.0,83927072.05999999
2025-08-01 10:14:42 AM,44.98,138,6207.24,83933279.29999998
2025-08-01 10:14:46 AM,44.98,211,9490.779999999999,83942770.07999998
2025-08-01 10:14:49 AM,44.99,0,0.0,83942770.07999998
2025-08-01 10:14:52 AM,44.99,51,2294.4900000000002,83945064.56999998
2025-08-01 10:15:00 AM,44.99,5,224.95000000000002,83945289.51999998
2025-08-01 10:15:01 AM,44.99,50,2249.5,83947539.01999998
2025-08-01 10:15:04 AM,44.99,5,224.95000000000002,83947763.96999998
2025-08-01 10:15:07 AM,44.99,52,2339.48,83950103.44999999
2025-08-01 10:15:08 AM,44.96,180,8092.8,83958196.24999999
2025-08-01 10:15:10 AM,44.98,0,0.0,83958196.24999999
2025-08-01 10:15:10 AM,44.98,1111,49972.78,84008169.02999999
2025-08-01 10:15:11 AM,44.98,2,89.96,84008258.98999998
2025-08-01 10:15:14 AM,44.99,0,0.0,84008258.98999998
2025-08-01 10:15:14 AM,44.99,10,449.90000000000003,84008708.88999999
2025-08-01 10:15:17 AM,44.99,217,9762.83,84018471.71999998
2025-08-01 10:15:19 AM,44.98,100,4498.0,84022969.71999998
2025-08-01 10:15:21 AM,44.98,20,899.5999999999999,84023869.31999998
2025-08-01 10:15:25 AM,44.99,328,14756.720000000001,84038626.03999998
2025-08-01 10:15:28 AM,44.97,8,359.76,84038985.79999998
2025-08-01 10:15:29 AM,44.99,2000,89980.0,84128965.79999998
2025-08-01 10:15:46 AM,44.99,11,494.89000000000004,84129460.68999998
2025-08-01 10:15:49 AM,44.99,100,4499.0,84133959.68999998
2025-08-01 10:15:50 AM,44.99,7,314.93,84134274.61999999
2025-08-01 10:15:51 AM,44.98,0,0.0,84134274.61999999
2025-08-01 10:15:51 AM,44.98,790,35534.2,84169808.82
2025-08-01 10:15:52 AM,44.99,5,224.95000000000002,84170033.77
2025-08-01 10:15:54 AM,44.99,500,22495.0,84192528.77
2025-08-01 10:15:55 AM,44.99,12,539.88,84193068.64999999
2025-08-01 10:15:56 AM,44.99,2,89.98,84193158.63
2025-08-01 10:16:04 AM,44.99,41,1844.5900000000001,84195003.22
2025-08-01 10:16:06 AM,44.99,14,629.86,84195633.08
2025-08-01 10:16:20 AM,44.99,10,449.90000000000003,84196082.98
2025-08-01 10:16:22 AM,44.99,2,89.98,84196172.96000001
2025-08-01 10:16:24 AM,44.99,1,44.99,84196217.95
2025-08-01 10:16:31 AM,44.99,2,89.98,84196307.93
2025-08-01 10:16:35 AM,44.99,2,89.98,84196397.91000001
2025-08-01 10:16:39 AM,44.99,10,449.90000000000003,84196847.81000002
2025-08-01 10:16:40 AM,44.99,3000,134970.0,84331817.81000002
2025-08-01 10:16:41 AM,44.99,100,4499.0,84336316.81000002
2025-08-01 10:16:42 AM,44.99,1120,50388.8,84386705.61000001
2025-08-01 10:16:44 AM,44.99,50,2249.5,84388955.11000001
2025-08-01 10:16:48 AM,44.99,100,4499.0,84393454.11000001
2025-08-01 10:16:52 AM,45.0,606,27270.0,84420724.11000001
2025-08-01 10:16:53 AM,45.0,10,450.0,84421174.11000001
2025-08-01 10:16:57 AM,45.0,1,45.0,84421219.11000001
2025-08-01 10:16:58 AM,45.0,1,45.0,84421264.11000001
2025-08-01 10:16:59 AM,44.99,0,0.0,84421264.11000001
2025-08-01 10:16:59 AM,44.99,1495,67260.05,84488524.16000001
2025-08-01 10:17:02 AM,45.03,0,0.0,84488524.16000001
2025-08-01 10:17:04 AM,45.01,0,0.0,84488524.16000001
2025-08-01 10:17:06 AM,45.0,27093,1219185.0,85707709.16000001
2025-08-01 10:17:07 AM,45.0,1,45.0,85707754.16000001
2025-08-01 10:17:08 AM,44.99,0,0.0,85707754.16000001
2025-08-01 10:17:11 AM,45.0,0,0.0,85707754.16000001
2025-08-01 10:17:12 AM,45.0,309,13905.0,85721659.16000001
2025-08-01 10:17:16 AM,44.99,0,0.0,85721659.16000001
2025-08-01 10:17:18 AM,44.99,270,12147.300000000001,85733806.46000001
2025-08-01 10:17:20 AM,45.0,0,0.0,85733806.46000001
2025-08-01 10:17:24 AM,45.0,2,90.0,85733896.46000001
2025-08-01 10:17:26 AM,44.98,0,0.0,85733896.46000001
2025-08-01 10:17:29 AM,44.98,722,32475.559999999998,85766372.02000001
2025-08-01 10:17:34 AM,44.99,0,0.0,85766372.02000001
2025-08-01 10:17:35 AM,45.0,0,0.0,85766372.02000001
2025-08-01 10:17:35 AM,45.0,44,1980.0,85768352.02000001
2025-08-01 10:17:41 AM,45.0,1,45.0,85768397.02000001
2025-08-01 10:17:47 AM,44.99,0,0.0,85768397.02000001
2025-08-01 10:17:47 AM,44.99,1,44.99,85768442.01
2025-08-01 10:17:50 AM,45.0,0,0.0,85768442.01
2025-08-01 10:17:53 AM,45.0,401,18045.0,85786487.01
2025-08-01 10:17:56 AM,44.96,0,0.0,85786487.01
2025-08-01 10:17:58 AM,44.98,753,33869.939999999995,85820356.95
2025-08-01 10:18:04 AM,44.98,10,449.79999999999995,85820806.75
2025-08-01 10:18:08 AM,44.97,0,0.0,85820806.75
2025-08-01 10:18:10 AM,44.97,505,22709.85,85843516.6
2025-08-01 10:18:13 AM,44.98,0,0.0,85843516.6
2025-08-01 10:18:16 AM,44.96,0,0.0,85843516.6
2025-08-01 10:18:16 AM,44.96,2566,115367.36,85958883.96
2025-08-01 10:18:22 AM,44.96,10,449.6,85959333.55999999
2025-08-01 10:18:27 AM,44.95,3027,136063.65,86095397.21
2025-08-01 10:18:29 AM,44.97,0,0.0,86095397.21
2025-08-01 10:18:33 AM,44.97,399,17943.03,86113340.24
2025-08-01 10:18:40 AM,44.98,63,2833.74,86116173.97999999
2025-08-01 10:18:45 AM,44.98,5001,224944.97999999998,86341118.96
2025-08-01 10:18:51 AM,44.98,51,2293.98,86343412.94
2025-08-01 10:18:56 AM,44.98,779,35039.42,86378452.36
2025-08-01 10:19:02 AM,44.97,0,0.0,86378452.36
2025-08-01 10:19:02 AM,44.97,1,44.97,86378497.33
2025-08-01 10:19:03 AM,44.98,0,0.0,86378497.33
2025-08-01 10:19:06 AM,45.01,0,0.0,86378497.33
2025-08-01 10:19:07 AM,45.01,15104,679831.0399999999,87058328.37
2025-08-01 10:19:15 AM,45.02,0,0.0,87058328.37
2025-08-01 10:19:19 AM,45.02,802,36106.04,87094434.41000001
2025-08-01 10:19:20 AM,45.02,1,45.02,87094479.43
2025-08-01 10:19:24 AM,44.99,0,0.0,87094479.43
2025-08-01 10:19:25 AM,44.99,1,44.99,87094524.42
2025-08-01 10:19:27 AM,45.01,0,0.0,87094524.42
2025-08-01 10:19:30 AM,45.02,0,0.0,87094524.42
2025-08-01 10:19:31 AM,45.02,12,540.24,87095064.66
2025-08-01 10:19:37 AM,45.02,334,15036.68,87110101.34
2025-08-01 10:19:42 AM,45.02,1669,75138.38,87185239.72
2025-08-01 10:19:45 AM,44.99,0,0.0,87185239.72
2025-08-01 10:19:48 AM,44.99,455,20470.45,87205710.17
2025-08-01 10:19:49 AM,45.02,500,22510.0,87228220.17
2025-08-01 10:19:51 AM,45.01,0,0.0,87228220.17
2025-08-01 10:19:54 AM,45.01,300,13503.0,87241723.17
2025-08-01 10:19:57 AM,45.02,0,0.0,87241723.17
2025-08-01 10:19:59 AM,45.02,100,4502.0,87246225.17
2025-08-01 10:20:00 AM,45.03,0,0.0,87246225.17
2025-08-01 10:20:00 AM,45.03,7883,354971.49,87601196.66
2025-08-01 10:20:08 AM,45.03,50,2251.5,87603448.16
2025-08-01 10:20:09 AM,45.03,500,22515.0,87625963.16
2025-08-01 10:20:10 AM,45.03,22,990.6600000000001,87626953.82
2025-08-01 10:20:12 AM,45.03,12118,545673.54,88172627.36
2025-08-01 10:20:16 AM,45.04,2,90.08,88172717.44
2025-08-01 10:20:16 AM,45.03,450,20263.5,88192980.94
2025-08-01 10:20:20 AM,45.04,1,45.04,88193025.98
2025-08-01 10:20:26 AM,45.04,38,1711.52,88194737.5
2025-08-01 10:20:28 AM,45.02,0,0.0,88194737.5
2025-08-01 10:20:28 AM,45.02,6,270.12,88195007.62
2025-08-01 10:20:29 AM,45.04,0,0.0,88195007.62
2025-08-01 10:20:29 AM,45.04,4,180.16,88195187.78
2025-08-01 10:20:34 AM,45.04,7,315.28,88195503.06
2025-08-01 10:20:37 AM,45.04,2,90.08,88195593.14
2025-08-01 10:20:50 AM,45.04,70,3152.7999999999997,88198745.94
2025-08-01 10:20:52 AM,45.02,150,6753.000000000001,88205498.94
2025-08-01 10:20:57 AM,45.02,100,4502.0,88210000.94
2025-08-01 10:21:00 AM,45.02,63,2836.26,88212837.2
2025-08-01 10:21:01 AM,45.04,0,0.0,88212837.2
2025-08-01 10:21:01 AM,45.04,70,3152.7999999999997,88215990.0
2025-08-01 10:21:02 AM,45.04,1,45.04,88216035.04
2025-08-01 10:21:08 AM,45.04,100,4504.0,88220539.04
2025-08-01 10:21:10 AM,45.04,29,1306.16,88221845.2
2025-08-01 10:21:12 AM,45.02,0,0.0,88221845.2
2025-08-01 10:21:12 AM,45.02,221,9949.42,88231794.62
2025-08-01 10:21:12 AM,45.04,50,2252.0,88234046.62
2025-08-01 10:21:13 AM,45.02,35,1575.7,88235622.32000001
2025-08-01 10:21:20 AM,45.04,0,0.0,88235622.32000001
2025-08-01 10:21:20 AM,45.04,47,2116.88,88237739.2
2025-08-01 10:21:21 AM,45.02,0,0.0,88237739.2
2025-08-01 10:21:21 AM,45.02,1,45.02,88237784.22
2025-08-01 10:21:23 AM,45.06,0,0.0,88237784.22
2025-08-01 10:21:23 AM,45.06,3700,166722.0,88404506.22
2025-08-01 10:21:26 AM,45.03,0,0.0,88404506.22
2025-08-01 10:21:26 AM,45.03,151,6799.53,88411305.75
2025-08-01 10:21:30 AM,45.05,0,0.0,88411305.75
2025-08-01 10:21:30 AM,45.05,25,1126.25,88412432.0
2025-08-01 10:21:39 AM,45.06,1000,45060.0,88457492.0
2025-08-01 10:21:40 AM,45.07,1,45.07,88457537.07
2025-08-01 10:21:47 AM,45.06,10,450.6,88457987.66999999
2025-08-01 10:21:49 AM,45.07,0,0.0,88457987.66999999
2025-08-01 10:21:49 AM,45.07,36,1622.52,88459610.18999998
2025-08-01 10:21:52 AM,45.07,52,2343.64,88461953.82999998
2025-08-01 10:21:54 AM,45.05,6503,292960.14999999997,88754913.97999999
2025-08-01 10:21:57 AM,45.06,0,0.0,88754913.97999999
2025-08-01 10:21:57 AM,45.06,28,1261.68,88756175.66
2025-08-01 10:21:58 AM,45.05,0,0.0,88756175.66
2025-08-01 10:21:58 AM,45.05,2,90.1,88756265.75999999
2025-08-01 10:22:02 AM,45.06,110,4956.6,88761222.35999998
2025-08-01 10:22:06 AM,45.07,0,0.0,88761222.35999998
2025-08-01 10:22:06 AM,45.07,500,22535.0,88783757.35999998
2025-08-01 10:22:13 AM,45.08,0,0.0,88783757.35999998
2025-08-01 10:22:13 AM,45.08,2,90.16,88783847.51999998
2025-08-01 10:22:18 AM,45.07,0,0.0,88783847.51999998
2025-08-01 10:22:18 AM,45.07,10,450.7,88784298.21999998
2025-08-01 10:22:24 AM,45.08,0,0.0,88784298.21999998
2025-08-01 10:22:25 AM,45.07,0,0.0,88784298.21999998
2025-08-01 10:22:25 AM,45.07,299,13475.93,88797774.14999999
2025-08-01 10:22:36 AM,45.08,0,0.0,88797774.14999999
2025-08-01 10:22:36 AM,45.08,40,1803.1999999999998,88799577.35
2025-08-01 10:22:38 AM,45.08,2,90.16,88799667.50999999
2025-08-01 10:22:45 AM,45.05,500,22525.0,88822192.50999999
2025-08-01 10:22:50 AM,45.08,0,0.0,88822192.50999999
2025-08-01 10:22:50 AM,45.08,11,495.88,88822688.38999999
2025-08-01 10:22:52 AM,45.08,48,2163.84,88824852.22999999
2025-08-01 10:22:54 AM,45.08,450,20286.0,88845138.22999999
2025-08-01 10:22:56 AM,45.09,0,0.0,88845138.22999999
2025-08-01 10:22:56 AM,45.09,300,13527.000000000002,88858665.22999999
2025-08-01 10:22:57 AM,45.05,72,3243.6,88861908.82999998
2025-08-01 10:23:01 AM,45.08,500,22540.0,88884448.82999998
2025-08-01 10:23:04 AM,45.1,0,0.0,88884448.82999998
2025-08-01 10:23:04 AM,45.09,4501,202950.09000000003,89087398.91999999
2025-08-01 10:23:09 AM,45.08,1,45.08,89087443.99999999
2025-08-01 10:23:15 AM,45.07,1,45.07,89087489.06999998
2025-08-01 10:23:16 AM,45.08,0,0.0,89087489.06999998
2025-08-01 10:23:16 AM,45.08,1000,45080.0,89132569.06999998
2025-08-01 10:23:17 AM,45.08,10,450.79999999999995,89133019.86999997
2025-08-01 10:23:19 AM,45.08,2,90.16,89133110.02999997
2025-08-01 10:23:20 AM,45.05,0,0.0,89133110.02999997
2025-08-01 10:23:20 AM,45.05,20,901.0,89134011.02999997
2025-08-01 10:23:24 AM,45.08,1,45.08,89134056.10999997
2025-08-01 10:23:31 AM,45.05,39,1756.9499999999998,89135813.05999997
2025-08-01 10:23:33 AM,45.07,1,45.07,89135858.12999997
2025-08-01 10:23:36 AM,45.08,0,0.0,89135858.12999997
2025-08-01 10:23:36 AM,45.08,40,1803.1999999999998,89137661.32999997
2025-08-01 10:23:38 AM,45.08,155,6987.4,89144648.72999997
2025-08-01 10:24:06 AM,45.08,300,13524.0,89158172.72999997
2025-08-01 10:24:10 AM,45.05,0,0.0,89158172.72999997
2025-08-01 10:24:10 AM,45.05,360,16217.999999999998,89174390.72999997
2025-08-01 10:24:10 AM,45.08,2,90.16,89174480.88999997
2025-08-01 10:24:12 AM,45.08,1,45.08,89174525.96999997
2025-08-01 10:24:12 AM,45.08,1,45.08,89174571.04999997
2025-08-01 10:24:19 AM,45.08,39,1758.12,89176329.16999997
2025-08-01 10:24:19 AM,45.08,2281,102827.48,89279156.64999998
2025-08-01 10:24:24 AM,45.08,1,45.08,89279201.72999997
2025-08-01 10:24:25 AM,45.08,2,90.16,89279291.88999997
2025-08-01 10:24:34 AM,45.08,1000,45080.0,89324371.88999997
2025-08-01 10:24:44 AM,45.05,0,0.0,89324371.88999997
2025-08-01 10:24:44 AM,45.05,20,901.0,89325272.88999997
2025-08-01 10:24:48 AM,45.08,2,90.16,89325363.04999997
2025-08-01 10:24:49 AM,45.08,10,450.79999999999995,89325813.84999996
2025-08-01 10:24:50 AM,45.08,500,22540.0,89348353.84999996
2025-08-01 10:24:51 AM,45.08,2,90.16,89348444.00999996
2025-08-01 10:25:01 AM,45.07,23,1036.61,89349480.61999996
2025-08-01 10:25:07 AM,45.05,150,6757.5,89356238.11999996
2025-08-01 10:25:08 AM,45.07,0,0.0,89356238.11999996
2025-08-01 10:25:08 AM,45.07,501,22580.07,89378818.18999995
2025-08-01 10:25:12 AM,45.05,37,1666.85,89380485.03999995
2025-08-01 10:25:13 AM,45.05,67,3018.35,89383503.38999994
2025-08-01 10:25:21 AM,45.07,0,0.0,89383503.38999994
2025-08-01 10:25:21 AM,45.07,100,4507.0,89388010.38999994
2025-08-01 10:25:27 AM,45.08,663,29888.039999999997,89417898.42999995
2025-08-01 10:25:38 AM,45.08,110,4958.8,89422857.22999994
2025-08-01 10:25:47 AM,45.08,100,4508.0,89427365.22999994
2025-08-01 10:25:54 AM,45.08,50,2254.0,89429619.22999994
2025-08-01 10:25:56 AM,45.08,3514,158411.12,89588030.34999995
2025-08-01 10:26:01 AM,45.08,100,4508.0,89592538.34999995
2025-08-01 10:26:02 AM,45.09,20,901.8000000000001,89593440.14999995
2025-08-01 10:26:03 AM,45.09,5,225.45000000000002,89593665.59999995
2025-08-01 10:26:04 AM,45.08,0,0.0,89593665.59999995
2025-08-01 10:26:04 AM,45.08,5,225.39999999999998,89593890.99999996
2025-08-01 10:26:07 AM,45.09,60,2705.4,89596596.39999996
2025-08-01 10:26:20 AM,45.09,29,1307.6100000000001,89597904.00999996
2025-08-01 10:26:23 AM,45.09,200,9018.0,89606922.00999996
2025-08-01 10:26:26 AM,45.08,175,7889.0,89614811.00999996
2025-08-01 10:26:30 AM,45.08,10,450.79999999999995,89615261.80999996
2025-08-01 10:26:32 AM,45.09,10,450.90000000000003,89615712.70999996
2025-08-01 10:26:33 AM,45.09,5,225.45000000000002,89615938.15999997
2025-08-01 10:26:35 AM,45.09,11,495.99,89616434.14999996
2025-08-01 10:26:43 AM,45.09,20,901.8000000000001,89617335.94999996
2025-08-01 10:26:45 AM,45.09,175,7890.750000000001,89625226.69999996
2025-08-01 10:26:47 AM,45.09,450,20290.5,89645517.19999996
2025-08-01 10:26:48 AM,45.09,3300,148797.0,89794314.19999996
2025-08-01 10:26:49 AM,45.1,16,721.6,89795035.79999995
2025-08-01 10:26:53 AM,45.08,0,0.0,89795035.79999995
2025-08-01 10:26:53 AM,45.08,2,90.16,89795125.95999995
2025-08-01 10:26:55 AM,45.1,0,0.0,89795125.95999995
2025-08-01 10:26:55 AM,45.1,1,45.1,89795171.05999994
2025-08-01 10:26:57 AM,45.08,190,8565.199999999999,89803736.25999995
2025-08-01 10:26:58 AM,45.08,20,901.5999999999999,89804637.85999994
2025-08-01 10:26:59 AM,45.08,1239,55854.119999999995,89860491.97999994
2025-08-01 10:27:08 AM,45.08,19,856.52,89861348.49999994
2025-08-01 10:27:11 AM,45.08,6,270.48,89861618.97999994
2025-08-01 10:27:19 AM,45.08,100,4508.0,89866126.97999994
2025-08-01 10:27:25 AM,45.08,1,45.08,89866172.05999994
2025-08-01 10:27:31 AM,45.08,100,4508.0,89870680.05999994
2025-08-01 10:27:38 AM,45.08,10,450.79999999999995,89871130.85999994
2025-08-01 10:27:39 AM,45.09,0,0.0,89871130.85999994
2025-08-01 10:27:39 AM,45.09,1000,45090.0,89916220.85999994
2025-08-01 10:27:44 AM,45.08,0,0.0,89916220.85999994
2025-08-01 10:27:44 AM,45.08,5622,253439.75999999998,90169660.61999995
2025-08-01 10:27:45 AM,45.07,19,856.33,90170516.94999994
2025-08-01 10:27:51 AM,45.08,5582,251636.56,90422153.50999995
2025-08-01 10:27:53 AM,45.09,0,0.0,90422153.50999995
2025-08-01 10:27:53 AM,45.09,4,180.36,90422333.86999995
2025-08-01 10:27:55 AM,45.09,20,901.8000000000001,90423235.66999994
2025-08-01 10:28:06 AM,45.09,100,4509.0,90427744.66999994
2025-08-01 10:28:07 AM,45.09,47,2119.23,90429863.89999995
2025-08-01 10:28:12 AM,45.09,2000,90180.0,90520043.89999995
2025-08-01 10:28:12 AM,45.09,5,225.45000000000002,90520269.34999995
2025-08-01 10:28:26 AM,45.09,6024,271622.16000000003,90791891.50999995
2025-08-01 10:28:31 AM,45.07,19,856.33,90792747.83999994
2025-08-01 10:28:33 AM,45.07,112,5047.84,90797795.67999995
2025-08-01 10:28:35 AM,45.07,1401,63143.07,90860938.74999994
2025-08-01 10:28:40 AM,45.08,200,9016.0,90869954.74999994
2025-08-01 10:28:45 AM,45.05,0,0.0,90869954.74999994
2025-08-01 10:28:45 AM,45.05,11,495.54999999999995,90870450.29999994
2025-08-01 10:28:47 AM,45.08,30,1352.3999999999999,90871802.69999994
2025-08-01 10:29:01 AM,45.05,5080,228854.0,91100656.69999994
2025-08-01 10:29:05 AM,45.08,25,1127.0,91101783.69999994
2025-08-01 10:29:06 AM,45.08,6,270.48,91102054.17999995
2025-08-01 10:29:10 AM,45.05,0,0.0,91102054.17999995
2025-08-01 10:29:10 AM,45.05,586,26399.3,91128453.47999994
2025-08-01 10:29:12 AM,45.08,1,45.08,91128498.55999994
2025-08-01 10:29:14 AM,45.07,1654,74545.78,91203044.33999994
2025-08-01 10:29:22 AM,45.08,11,495.88,91203540.21999994
2025-08-01 10:29:26 AM,45.07,0,0.0,91203540.21999994
2025-08-01 10:29:26 AM,45.07,1,45.07,91203585.28999993
2025-08-01 10:29:34 AM,45.05,450,20272.5,91223857.78999993
2025-08-01 10:29:45 AM,45.08,6,270.48,91224128.26999994
2025-08-01 10:29:48 AM,45.08,200,9016.0,91233144.26999994
2025-08-01 10:29:51 AM,45.05,50,2252.5,91235396.76999994
2025-08-01 10:29:55 AM,45.05,100,4505.0,91239901.76999994
2025-08-01 10:29:58 AM,45.05,22,991.0999999999999,91240892.86999993
2025-08-01 10:30:00 AM,45.08,0,0.0,91240892.86999993
2025-08-01 10:30:00 AM,45.08,11,495.88,91241388.74999993
2025-08-01 10:30:02 AM,45.08,35,1577.8,91242966.54999992
2025-08-01 10:30:14 AM,45.08,4,180.32,91243146.86999992
2025-08-01 10:30:16 AM,45.08,99,4462.92,91247609.78999992
2025-08-01 10:30:20 AM,45.08,25,1127.0,91248736.78999992
2025-08-01 10:30:22 AM,45.08,200,9016.0,91257752.78999992
2025-08-01 10:30:22 AM,45.08,500,22540.0,91280292.78999992
2025-08-01 10:30:28 AM,45.06,0,0.0,91280292.78999992
2025-08-01 10:30:28 AM,45.06,1353,60966.18,91341258.96999992
2025-08-01 10:30:34 AM,45.05,0,0.0,91341258.96999992
2025-08-01 10:30:34 AM,45.05,1000,45050.0,91386308.96999992
2025-08-01 10:30:38 AM,45.08,0,0.0,91386308.96999992
2025-08-01 10:30:38 AM,45.08,1,45.08,91386354.04999992
2025-08-01 10:30:42 AM,45.02,10020,451100.4,91837454.44999993
2025-08-01 10:30:43 AM,45.06,20,901.2,91838355.64999993
2025-08-01 10:30:52 AM,45.04,100,4504.0,91842859.64999993
2025-08-01 10:30:55 AM,45.06,2961,133422.66,91976282.30999993
2025-08-01 10:30:58 AM,45.04,0,0.0,91976282.30999993
2025-08-01 10:30:58 AM,45.04,61,2747.44,91979029.74999993
2025-08-01 10:31:02 AM,45.05,31,1396.55,91980426.29999992
2025-08-01 10:31:03 AM,45.05,300,13515.0,91993941.29999992
2025-08-01 10:31:09 AM,45.05,10,450.5,91994391.79999992
2025-08-01 10:31:11 AM,45.05,250,11262.5,92005654.29999992
2025-08-01 10:31:16 AM,45.06,2,90.12,92005744.41999993
2025-08-01 10:31:18 AM,45.05,11,495.54999999999995,92006239.96999992
2025-08-01 10:31:21 AM,45.07,100,4507.0,92010746.96999992
2025-08-01 10:31:23 AM,45.07,100,4507.0,92015253.96999992
2025-08-01 10:31:28 AM,45.07,10,450.7,92015704.66999993
2025-08-01 10:31:36 AM,45.07,1,45.07,92015749.73999992
2025-08-01 10:31:37 AM,45.07,1,45.07,92015794.80999991
2025-08-01 10:31:40 AM,45.07,1,45.07,92015839.8799999
2025-08-01 10:31:42 AM,45.07,300,13521.0,92029360.8799999
2025-08-01 10:31:43 AM,45.07,2,90.14,92029451.0199999
2025-08-01 10:31:44 AM,45.07,4,180.28,92029631.29999991
2025-08-01 10:31:46 AM,45.07,2,90.14,92029721.43999991
2025-08-01 10:31:47 AM,45.07,6,270.42,92029991.85999991
2025-08-01 10:31:53 AM,45.07,6,270.42,92030262.27999991
2025-08-01 10:31:54 AM,45.07,28,1261.96,92031524.2399999
2025-08-01 10:31:55 AM,45.07,1,45.07,92031569.3099999
2025-08-01 10:31:57 AM,45.07,400,18028.0,92049597.3099999
2025-08-01 10:32:06 AM,45.07,3,135.21,92049732.51999989
2025-08-01 10:32:09 AM,45.07,219,9870.33,92059602.84999989
2025-08-01 10:32:13 AM,45.07,1,45.07,92059647.91999988
2025-08-01 10:32:15 AM,45.08,0,0.0,92059647.91999988
2025-08-01 10:32:16 AM,45.08,6086,274356.88,92334004.79999988
2025-08-01 10:32:29 AM,45.09,0,0.0,92334004.79999988
2025-08-01 10:32:29 AM,45.09,5638,254217.42,92588222.21999988
2025-08-01 10:32:32 AM,45.09,30,1352.7,92589574.91999988
2025-08-01 10:32:38 AM,45.1,0,0.0,92589574.91999988
2025-08-01 10:32:39 AM,45.1,500,22550.0,92612124.91999988
2025-08-01 10:32:47 AM,45.09,0,0.0,92612124.91999988
2025-08-01 10:32:47 AM,45.09,10,450.90000000000003,92612575.81999989
2025-08-01 10:32:50 AM,45.1,0,0.0,92612575.81999989
2025-08-01 10:32:50 AM,45.1,6219,280476.9,92893052.7199999
2025-08-01 10:32:53 AM,45.1,700,31570.0,92924622.7199999
2025-08-01 10:32:56 AM,45.1,100,4510.0,92929132.7199999
2025-08-01 10:33:01 AM,45.1,9,405.90000000000003,92929538.6199999
2025-08-01 10:33:05 AM,45.1,1,45.1,92929583.7199999
2025-08-01 10:33:05 AM,45.1,1,45.1,92929628.81999989
2025-08-01 10:33:11 AM,45.1,5,225.5,92929854.31999989
2025-08-01 10:33:11 AM,45.1,1,45.1,92929899.41999988
2025-08-01 10:33:12 AM,45.1,25,1127.5,92931026.91999988
2025-08-01 10:33:14 AM,45.1,6,270.6,92931297.51999988
2025-08-01 10:33:15 AM,45.1,250,11275.0,92942572.51999988
2025-08-01 10:33:18 AM,45.1,40,1804.0,92944376.51999988
2025-08-01 10:33:25 AM,45.1,10,451.0,92944827.51999988
2025-08-01 10:33:27 AM,45.1,1,45.1,92944872.61999987
2025-08-01 10:33:28 AM,45.1,50,2255.0,92947127.61999987
2025-08-01 10:33:36 AM,45.12,2150,97008.0,93044135.61999987
2025-08-01 10:33:49 AM,45.11,0,0.0,93044135.61999987
2025-08-01 10:33:49 AM,45.11,3000,135330.0,93179465.61999987
2025-08-01 10:33:53 AM,45.11,99,4465.89,93183931.50999987
2025-08-01 10:33:54 AM,45.1,0,0.0,93183931.50999987
2025-08-01 10:33:54 AM,45.1,150,6765.0,93190696.50999987
2025-08-01 10:33:58 AM,45.12,300,13536.0,93204232.50999987
2025-08-01 10:34:04 AM,45.12,101,4557.12,93208789.62999988
2025-08-01 10:34:13 AM,45.12,11,496.32,93209285.94999987
2025-08-01 10:34:20 AM,45.12,5,225.6,93209511.54999986
2025-08-01 10:34:23 AM,45.12,99,4466.88,93213978.42999986
2025-08-01 10:34:26 AM,45.12,4,180.48,93214158.90999986
2025-08-01 10:34:27 AM,45.12,100,4512.0,93218670.90999986
2025-08-01 10:34:31 AM,45.15,21085,951987.75,94170658.65999986
2025-08-01 10:34:39 AM,45.13,0,0.0,94170658.65999986
2025-08-01 10:34:39 AM,45.13,99,4467.87,94175126.52999987
2025-08-01 10:34:41 AM,45.13,5,225.65,94175352.17999987
2025-08-01 10:34:42 AM,45.13,1000,45130.0,94220482.17999987
2025-08-01 10:34:42 AM,45.14,100,4514.0,94224996.17999987
2025-08-01 10:34:47 AM,45.13,1,45.13,94225041.30999987
2025-08-01 10:34:53 AM,45.13,2,90.26,94225131.56999987
2025-08-01 10:34:53 AM,45.13,1,45.13,94225176.69999987
2025-08-01 10:34:58 AM,45.13,10,451.3,94225627.99999987
2025-08-01 10:34:59 AM,45.13,2,90.26,94225718.25999987
2025-08-01 10:35:09 AM,45.14,0,0.0,94225718.25999987
2025-08-01 10:35:11 AM,45.14,442,19951.88,94245670.13999987
2025-08-01 10:35:14 AM,45.13,0,0.0,94245670.13999987
2025-08-01 10:35:14 AM,45.13,100,4513.0,94250183.13999987
2025-08-01 10:35:20 AM,45.13,100,4513.0,94254696.13999987
2025-08-01 10:35:22 AM,45.13,300,13539.0,94268235.13999987
2025-08-01 10:35:25 AM,45.13,4,180.52,94268415.65999986
2025-08-01 10:35:27 AM,45.13,20,902.6,94269318.25999986
2025-08-01 10:35:31 AM,45.13,110,4964.3,94274282.55999985
2025-08-01 10:35:33 AM,45.13,3,135.39000000000001,94274417.94999985
2025-08-01 10:36:02 AM,45.12,0,0.0,94274417.94999985
2025-08-01 10:36:02 AM,45.12,100,4512.0,94278929.94999985
2025-08-01 10:36:05 AM,45.12,1,45.12,94278975.06999986
2025-08-01 10:36:13 AM,45.12,3,135.35999999999999,94279110.42999986
2025-08-01 10:36:20 AM,45.07,15000,676050.0,94955160.42999986
2025-08-01 10:37:04 AM,45.1,0,0.0,94955160.42999986
2025-08-01 10:37:04 AM,45.1,11675,526542.5,95481702.92999986
2025-08-01 10:37:06 AM,45.1,151,6810.1,95488513.02999985
2025-08-01 10:37:11 AM,45.1,400,18040.0,95506553.02999985
2025-08-01 10:37:14 AM,45.12,60,2707.2,95509260.22999986
2025-08-01 10:37:19 AM,45.12,8,360.96,95509621.18999985
2025-08-01 10:37:26 AM,45.12,1,45.12,95509666.30999985
2025-08-01 10:37:27 AM,45.12,200,9024.0,95518690.30999985
2025-08-01 10:37:28 AM,45.12,1,45.12,95518735.42999986
2025-08-01 10:37:29 AM,45.12,5,225.6,95518961.02999985
2025-08-01 10:37:31 AM,45.12,156,7038.719999999999,95525999.74999985
2025-08-01 10:37:33 AM,45.12,1500,67680.0,95593679.74999985
2025-08-01 10:37:39 AM,45.12,663,29914.559999999998,95623594.30999985
2025-08-01 10:37:40 AM,45.12,2,90.24,95623684.54999985
2025-08-01 10:37:48 AM,45.1,92,4149.2,95627833.74999985
2025-08-01 10:37:52 AM,45.12,3,135.35999999999999,95627969.10999985
2025-08-01 10:37:56 AM,45.12,3,135.35999999999999,95628104.46999985
2025-08-01 10:37:58 AM,45.12,10,451.2,95628555.66999985
2025-08-01 10:37:59 AM,45.12,50,2256.0,95630811.66999985
2025-08-01 10:38:03 AM,45.12,200,9024.0,95639835.66999985
2025-08-01 10:38:03 AM,45.1,1,45.1,95639880.76999985
2025-08-01 10:38:09 AM,45.12,50,2256.0,95642136.76999985
2025-08-01 10:38:11 AM,45.08,3900,175812.0,95817948.76999985
2025-08-01 10:38:18 AM,45.08,5,225.39999999999998,95818174.16999985
2025-08-01 10:38:19 AM,45.11,0,0.0,95818174.16999985
2025-08-01 10:38:19 AM,45.11,300,13533.0,95831707.16999985
2025-08-01 10:38:19 AM,45.12,1,45.12,95831752.28999986
2025-08-01 10:38:23 AM,45.11,0,0.0,95831752.28999986
2025-08-01 10:38:23 AM,45.11,100,4511.0,95836263.28999986
2025-08-01 10:38:24 AM,45.08,0,0.0,95836263.28999986
2025-08-01 10:38:24 AM,45.08,90,4057.2,95840320.48999986
2025-08-01 10:38:33 AM,45.08,665,29978.199999999997,95870298.68999986
2025-08-01 10:38:35 AM,45.1,1,45.1,95870343.78999986
2025-08-01 10:38:36 AM,45.11,0,0.0,95870343.78999986
2025-08-01 10:38:36 AM,45.11,100,4511.0,95874854.78999986
2025-08-01 10:38:44 AM,45.1,0,0.0,95874854.78999986
2025-08-01 10:38:44 AM,45.1,5,225.5,95875080.28999986
2025-08-01 10:38:48 AM,45.1,600,27060.0,95902140.28999986
2025-08-01 10:38:49 AM,45.1,90,4059.0,95906199.28999986
2025-08-01 10:38:54 AM,45.11,0,0.0,95906199.28999986
2025-08-01 10:38:54 AM,45.11,300,13533.0,95919732.28999986
2025-08-01 10:38:57 AM,45.08,500,22540.0,95942272.28999986
2025-08-01 10:39:08 AM,45.1,667,30081.7,95972353.98999986
2025-08-01 10:39:14 AM,45.11,6,270.65999999999997,95972624.64999986
2025-08-01 10:39:18 AM,45.1,50,2255.0,95974879.64999986
2025-08-01 10:39:20 AM,45.1,200,9020.0,95983899.64999986
2025-08-01 10:39:23 AM,45.1,90,4059.0,95987958.64999986
2025-08-01 10:39:32 AM,45.1,1,45.1,95988003.74999985
2025-08-01 10:39:35 AM,45.11,1,45.11,95988048.85999985
2025-08-01 10:39:39 AM,45.11,111,5007.21,95993056.06999984
2025-08-01 10:39:43 AM,45.1,0,0.0,95993056.06999984
2025-08-01 10:39:43 AM,45.1,20,902.0,95993958.06999984
2025-08-01 10:39:53 AM,45.08,5542,249833.36,96243791.42999984
2025-08-01 10:39:58 AM,45.09,3,135.27,96243926.69999984
2025-08-01 10:40:01 AM,45.09,30,1352.7,96245279.39999984
2025-08-01 10:40:02 AM,45.07,0,0.0,96245279.39999984
2025-08-01 10:40:02 AM,45.07,1,45.07,96245324.46999983
2025-08-01 10:40:03 AM,45.09,1,45.09,96245369.55999984
2025-08-01 10:40:06 AM,45.09,6,270.54,96245640.09999985
2025-08-01 10:40:17 AM,45.08,150,6762.0,96252402.09999985
2025-08-01 10:40:18 AM,45.09,300,13527.000000000002,96265929.09999985
2025-08-01 10:40:24 AM,45.1,0,0.0,96265929.09999985
2025-08-01 10:40:24 AM,45.1,2,90.2,96266019.29999985
2025-08-01 10:40:32 AM,45.1,27,1217.7,96267236.99999985
2025-08-01 10:40:33 AM,45.1,25,1127.5,96268364.49999985
2025-08-01 10:40:38 AM,45.1,3,135.3,96268499.79999985
2025-08-01 10:40:40 AM,45.09,188,8476.92,96276976.71999985
2025-08-01 10:40:55 AM,45.1,10,451.0,96277427.71999985
2025-08-01 10:41:14 AM,45.1,100,4510.0,96281937.71999985
2025-08-01 10:41:23 AM,45.1,50,2255.0,96284192.71999985
2025-08-01 10:41:28 AM,45.09,380,17134.2,96301326.91999985
2025-08-01 10:41:28 AM,45.09,250,11272.5,96312599.41999985
2025-08-01 10:41:39 AM,45.09,98,4418.820000000001,96317018.23999985
2025-08-01 10:41:40 AM,45.09,100,4509.0,96321527.23999985
2025-08-01 10:41:54 AM,45.09,200,9018.0,96330545.23999985
2025-08-01 10:41:56 AM,45.07,0,0.0,96330545.23999985
2025-08-01 10:41:56 AM,45.07,200,9014.0,96339559.23999985
2025-08-01 10:41:57 AM,45.09,0,0.0,96339559.23999985
2025-08-01 10:41:57 AM,45.09,10,450.90000000000003,96340010.13999985
2025-08-01 10:41:59 AM,45.05,0,0.0,96340010.13999985
2025-08-01 10:41:59 AM,45.05,2000,90100.0,96430110.13999985
2025-08-01 10:42:01 AM,45.09,155,6988.950000000001,96437099.08999985
2025-08-01 10:42:05 AM,45.09,1,45.09,96437144.17999986
2025-08-01 10:42:08 AM,45.06,1,45.06,96437189.23999986
2025-08-01 10:42:09 AM,45.09,0,0.0,96437189.23999986
2025-08-01 10:42:09 AM,45.09,15,676.35,96437865.58999985
2025-08-01 10:42:10 AM,45.09,80,3607.2000000000003,96441472.78999986
2025-08-01 10:42:13 AM,45.09,1020,45991.8,96487464.58999985
2025-08-01 10:42:22 AM,45.08,50,2254.0,96489718.58999985
2025-08-01 10:42:26 AM,45.08,1,45.08,96489763.66999985
2025-08-01 10:42:26 AM,45.08,100,4508.0,96494271.66999985
2025-08-01 10:42:37 AM,45.07,849,38264.43,96532536.09999986
2025-08-01 10:42:42 AM,45.08,20,901.5999999999999,96533437.69999985
2025-08-01 10:42:48 AM,45.1,3500,157850.0,96691287.69999985
2025-08-01 10:42:52 AM,45.09,0,0.0,96691287.69999985
2025-08-01 10:42:52 AM,45.09,12,541.08,96691828.77999985
2025-08-01 10:43:01 AM,45.09,1,45.09,96691873.86999986
2025-08-01 10:43:02 AM,45.09,25,1127.25,96693001.11999986
2025-08-01 10:43:05 AM,45.08,125,5635.0,96698636.11999986
2025-08-01 10:43:09 AM,45.09,300,13527.000000000002,96712163.11999986
2025-08-01 10:43:22 AM,45.07,0,0.0,96712163.11999986
2025-08-01 10:43:22 AM,45.08,20383,918865.64,97631028.75999986
2025-08-01 10:43:25 AM,45.09,110,4959.900000000001,97635988.65999986
2025-08-01 10:43:37 AM,45.09,28,1262.52,97637251.17999986
2025-08-01 10:43:38 AM,45.09,1,45.09,97637296.26999986
2025-08-01 10:43:39 AM,45.09,35,1578.15,97638874.41999987
2025-08-01 10:43:44 AM,45.09,4,180.36,97639054.77999987
2025-08-01 10:43:46 AM,45.08,5579,251501.31999999998,97890556.09999986
2025-08-01 10:43:49 AM,45.09,20,901.8000000000001,97891457.89999986
2025-08-01 10:43:53 AM,45.09,76,3426.84,97894884.73999986
2025-08-01 10:43:58 AM,45.09,8,360.72,97895245.45999986
2025-08-01 10:44:04 AM,45.11,0,0.0,97895245.45999986
2025-08-01 10:44:04 AM,45.11,1500,67665.0,97962910.45999986
2025-08-01 10:44:14 AM,45.1,1,45.1,97962955.55999985
2025-08-01 10:44:16 AM,45.1,37,1668.7,97964624.25999986
2025-08-01 10:44:27 AM,45.1,3,135.3,97964759.55999985
2025-08-01 10:44:30 AM,45.1,1,45.1,97964804.65999985
2025-08-01 10:44:42 AM,45.08,0,0.0,97964804.65999985
2025-08-01 10:44:42 AM,45.08,100,4508.0,97969312.65999985
2025-08-01 10:44:43 AM,45.1,5,225.5,97969538.15999985
2025-08-01 10:44:44 AM,45.1,2500,112750.0,98082288.15999985
2025-08-01 10:44:53 AM,45.07,250,11267.5,98093555.65999985
2025-08-01 10:44:54 AM,45.07,235,10591.45,98104147.10999985
2025-08-01 10:44:58 AM,45.1,0,0.0,98104147.10999985
2025-08-01 10:44:58 AM,45.1,9,405.90000000000003,98104553.00999986
2025-08-01 10:45:07 AM,45.07,0,0.0,98104553.00999986
2025-08-01 10:45:08 AM,45.07,8,360.56,98104913.56999986
2025-08-01 10:45:09 AM,45.05,0,0.0,98104913.56999986
2025-08-01 10:45:11 AM,45.05,1000,45050.0,98149963.56999986
2025-08-01 10:45:12 AM,45.09,0,0.0,98149963.56999986
2025-08-01 10:45:13 AM,45.09,2,90.18,98150053.74999987
2025-08-01 10:45:24 AM,45.09,4,180.36,98150234.10999987
2025-08-01 10:45:30 AM,45.1,10,451.0,98150685.10999987
2025-08-01 10:45:40 AM,45.1,126,5682.6,98156367.70999986
2025-08-01 10:45:43 AM,45.1,2,90.2,98156457.90999986
2025-08-01 10:45:46 AM,45.1,210,9471.0,98165928.90999986
2025-08-01 10:45:48 AM,45.1,1,45.1,98165974.00999986
2025-08-01 10:46:08 AM,45.1,117,5276.7,98171250.70999986
2025-08-01 10:46:16 AM,45.09,0,0.0,98171250.70999986
2025-08-01 10:46:16 AM,45.09,1,45.09,98171295.79999986
2025-08-01 10:46:26 AM,45.09,22,991.98,98172287.77999987
2025-08-01 10:46:31 AM,45.04,0,0.0,98172287.77999987
2025-08-01 10:46:31 AM,45.04,5449,245422.96,98417710.73999986
2025-08-01 10:46:37 AM,45.06,1,45.06,98417755.79999986
2025-08-01 10:46:47 AM,45.03,0,0.0,98417755.79999986
2025-08-01 10:46:48 AM,45.03,3,135.09,98417890.88999987
2025-08-01 10:46:49 AM,45.03,12,540.36,98418431.24999987
2025-08-01 10:46:57 AM,45.06,0,0.0,98418431.24999987
2025-08-01 10:46:59 AM,45.06,200,9012.0,98427443.24999987
2025-08-01 10:47:02 AM,45.03,708,31881.24,98459324.48999986
2025-08-01 10:47:06 AM,45.07,3,135.21,98459459.69999985
2025-08-01 10:47:07 AM,45.07,10,450.7,98459910.39999986
2025-08-01 10:47:18 AM,45.06,77,3469.6200000000003,98463380.01999986
2025-08-01 10:47:28 AM,45.08,1500,67620.0,98531000.01999986
2025-08-01 10:47:35 AM,45.07,0,0.0,98531000.01999986
2025-08-01 10:47:35 AM,45.07,1,45.07,98531045.08999985
2025-08-01 10:47:41 AM,45.08,0,0.0,98531045.08999985
2025-08-01 10:47:41 AM,45.08,1,45.08,98531090.16999985
2025-08-01 10:47:43 AM,45.08,10,450.79999999999995,98531540.96999985
2025-08-01 10:47:45 AM,45.08,200,9016.0,98540556.96999985
2025-08-01 10:48:09 AM,45.06,4,180.24,98540737.20999984
2025-08-01 10:48:12 AM,45.08,0,0.0,98540737.20999984
2025-08-01 10:48:12 AM,45.08,1,45.08,98540782.28999984
2025-08-01 10:48:14 AM,45.09,6,270.54,98541052.82999985
2025-08-01 10:48:17 AM,45.09,700,31563.000000000004,98572615.82999985
2025-08-01 10:48:23 AM,45.09,5,225.45000000000002,98572841.27999985
2025-08-01 10:48:26 AM,45.03,0,0.0,98572841.27999985
2025-08-01 10:48:26 AM,45.03,4944,222628.32,98795469.59999985
2025-08-01 10:48:27 AM,45.08,20,901.5999999999999,98796371.19999984
2025-08-01 10:48:31 AM,45.07,0,0.0,98796371.19999984
2025-08-01 10:48:31 AM,45.07,99,4461.93,98800833.12999985
2025-08-01 10:48:33 AM,45.07,50,2253.5,98803086.62999985
2025-08-01 10:48:36 AM,45.07,5,225.35,98803311.97999984
2025-08-01 10:48:40 AM,45.07,20,901.4,98804213.37999985
2025-08-01 10:48:44 AM,45.04,0,0.0,98804213.37999985
2025-08-01 10:48:44 AM,45.04,250,11260.0,98815473.37999985
2025-08-01 10:48:49 AM,45.07,0,0.0,98815473.37999985
2025-08-01 10:48:49 AM,45.07,57,2568.9900000000002,98818042.36999984
2025-08-01 10:48:56 AM,45.06,0,0.0,98818042.36999984
2025-08-01 10:48:56 AM,45.06,10,450.6,98818492.96999983
2025-08-01 10:48:59 AM,45.04,0,0.0,98818492.96999983
2025-08-01 10:48:59 AM,45.04,1,45.04,98818538.00999984
2025-08-01 10:49:08 AM,45.06,0,0.0,98818538.00999984
2025-08-01 10:49:08 AM,45.06,200,9012.0,98827550.00999984
2025-08-01 10:49:12 AM,45.06,33,1486.98,98829036.98999985
2025-08-01 10:49:17 AM,45.06,25,1126.5,98830163.48999985
2025-08-01 10:49:25 AM,45.04,315,14187.6,98844351.08999984
2025-08-01 10:49:32 AM,45.04,2,90.08,98844441.16999984
2025-08-01 10:49:45 AM,45.04,25,1126.0,98845567.16999984
2025-08-01 10:49:48 AM,45.04,11,495.44,98846062.60999984
2025-08-01 10:50:00 AM,45.04,2,90.08,98846152.68999983
2025-08-01 10:50:15 AM,45.04,1,45.04,98846197.72999984
2025-08-01 10:50:16 AM,45.04,502,22610.079999999998,98868807.80999984
2025-08-01 10:50:29 AM,45.04,50,2252.0,98871059.80999984
2025-08-01 10:50:33 AM,45.03,0,0.0,98871059.80999984
2025-08-01 10:50:34 AM,45.03,1,45.03,98871104.83999984
2025-08-01 10:50:35 AM,45.04,100,4504.0,98875608.83999984
2025-08-01 10:50:37 AM,45.03,0,0.0,98875608.83999984
2025-08-01 10:50:37 AM,45.03,12,540.36,98876149.19999984
2025-08-01 10:50:41 AM,45.04,0,0.0,98876149.19999984
2025-08-01 10:50:41 AM,45.04,4,180.16,98876329.35999984
2025-08-01 10:50:46 AM,45.04,1,45.04,98876374.39999984
2025-08-01 10:50:48 AM,45.04,200,9008.0,98885382.39999984
2025-08-01 10:50:49 AM,45.04,2,90.08,98885472.47999984
2025-08-01 10:50:50 AM,45.04,10,450.4,98885922.87999985
2025-08-01 10:50:51 AM,45.03,1541,69391.23,98955314.10999985
2025-08-01 10:50:56 AM,45.04,0,0.0,98955314.10999985
2025-08-01 10:50:56 AM,45.04,1100,49544.0,99004858.10999985
2025-08-01 10:51:05 AM,45.04,35,1576.3999999999999,99006434.50999986
2025-08-01 10:51:10 AM,45.04,110,4954.4,99011388.90999986
2025-08-01 10:51:16 AM,45.04,53,2387.12,99013776.02999987
2025-08-01 10:51:28 AM,45.0,0,0.0,99013776.02999987
2025-08-01 10:51:30 AM,45.04,0,0.0,99013776.02999987
2025-08-01 10:51:32 AM,45.04,12375,557370.0,99571146.02999987
2025-08-01 10:51:49 AM,45.04,10,450.4,99571596.42999987
2025-08-01 10:51:54 AM,45.01,0,0.0,99571596.42999987
2025-08-01 10:51:54 AM,45.01,3000,135030.0,99706626.42999987
2025-08-01 10:52:14 AM,45.03,0,0.0,99706626.42999987
2025-08-01 10:52:15 AM,45.03,25,1125.75,99707752.17999987
2025-08-01 10:52:18 AM,45.01,0,0.0,99707752.17999987
