date,price,qty,trnvr,cum_trnvr
2025-08-01 09:15:07 AM,177.47,15712,2788408.64,2788408.64
2025-08-01 09:15:15 AM,177.24,0,0.0,2788408.64
2025-08-01 09:15:17 AM,177.49,0,0.0,2788408.64
2025-08-01 09:15:19 AM,177.81,7711,1371092.91,4159501.55
2025-08-01 09:15:21 AM,177.9,596,106028.40000000001,4265529.95
2025-08-01 09:15:24 AM,178.39,0,0.0,4265529.95
2025-08-01 09:15:26 AM,178.59,0,0.0,4265529.95
2025-08-01 09:15:28 AM,178.13,34244,6099883.72,10365413.67
2025-08-01 09:15:30 AM,177.95,304,54096.799999999996,10419510.47
2025-08-01 09:15:36 AM,178.22,0,0.0,10419510.47
2025-08-01 09:15:37 AM,178.1,1961,349254.1,10768764.57
2025-08-01 09:15:38 AM,178.22,74,13188.28,10781952.85
2025-08-01 09:15:44 AM,178.11,0,0.0,10781952.85
2025-08-01 09:15:45 AM,178.11,432,76943.52,10858896.37
2025-08-01 09:15:48 AM,178.1,0,0.0,10858896.37
2025-08-01 09:15:51 AM,178.11,0,0.0,10858896.37
2025-08-01 09:15:53 AM,178.11,2095,373140.45,11232036.819999998
2025-08-01 09:15:55 AM,178.03,194,34537.82,11266574.639999999
2025-08-01 09:15:57 AM,178.0,0,0.0,11266574.639999999
2025-08-01 09:15:59 AM,178.17,0,0.0,11266574.639999999
2025-08-01 09:16:01 AM,177.64,14806,2630137.84,13896712.479999999
2025-08-01 09:16:03 AM,177.51,2829,502175.79,14398888.269999998
2025-08-01 09:16:05 AM,177.15,0,0.0,14398888.269999998
2025-08-01 09:16:09 AM,177.38,2983,529124.54,14928012.809999999
2025-08-01 09:16:11 AM,177.15,1300,230295.0,15158307.809999999
2025-08-01 09:16:17 AM,177.34,2200,390148.0,15548455.809999999
2025-08-01 09:16:19 AM,177.13,3024,535641.12,16084096.929999998
2025-08-01 09:16:21 AM,177.23,0,0.0,16084096.929999998
2025-08-01 09:16:26 AM,177.23,531,94109.12999999999,16178206.059999999
2025-08-01 09:16:27 AM,177.05,2026,358703.30000000005,16536909.36
2025-08-01 09:16:33 AM,177.01,0,0.0,16536909.36
2025-08-01 09:16:34 AM,177.01,1650,292066.5,16828975.86
2025-08-01 09:16:42 AM,177.01,118,20887.18,16849863.04
2025-08-01 09:16:43 AM,177.1,0,0.0,16849863.04
2025-08-01 09:16:44 AM,177.1,10,1771.0,16851634.04
2025-08-01 09:16:51 AM,177.2,29,5138.799999999999,16856772.84
2025-08-01 09:16:51 AM,177.12,0,0.0,16856772.84
2025-08-01 09:16:52 AM,177.12,2000,354240.0,17211012.84
2025-08-01 09:16:59 AM,177.23,1100,194953.0,17405965.84
2025-08-01 09:17:00 AM,177.34,1418,251468.12,17657433.96
2025-08-01 09:17:01 AM,177.3,0,0.0,17657433.96
2025-08-01 09:17:07 AM,177.36,320,56755.200000000004,17714189.16
2025-08-01 09:17:08 AM,177.57,500,88785.0,17802974.16
2025-08-01 09:17:09 AM,177.47,0,0.0,17802974.16
2025-08-01 09:17:11 AM,177.5,0,0.0,17802974.16
2025-08-01 09:17:15 AM,177.5,250,44375.0,17847349.16
2025-08-01 09:17:16 AM,177.45,400,70980.0,17918329.16
2025-08-01 09:17:23 AM,177.75,2063,366698.25,18285027.41
2025-08-01 09:17:27 AM,177.68,0,0.0,18285027.41
2025-08-01 09:17:32 AM,177.57,198,35158.86,18320186.27
2025-08-01 09:17:33 AM,177.57,5,887.8499999999999,18321074.12
2025-08-01 09:17:34 AM,177.53,0,0.0,18321074.12
2025-08-01 09:17:36 AM,177.4,0,0.0,18321074.12
2025-08-01 09:17:40 AM,177.34,733,129990.22,18451064.34
2025-08-01 09:17:41 AM,177.3,15,2659.5,18453723.84
2025-08-01 09:17:43 AM,177.05,0,0.0,18453723.84
2025-08-01 09:17:45 AM,177.18,0,0.0,18453723.84
2025-08-01 09:17:48 AM,177.23,3781,670106.63,19123830.47
2025-08-01 09:17:53 AM,177.05,0,0.0,19123830.47
2025-08-01 09:17:54 AM,177.13,0,0.0,19123830.47
2025-08-01 09:17:57 AM,177.32,1787,316870.83999999997,19440701.31
2025-08-01 09:18:01 AM,177.37,0,0.0,19440701.31
2025-08-01 09:18:05 AM,177.45,251,44539.95,19485241.259999998
2025-08-01 09:18:06 AM,177.62,114,20248.68,19505489.939999998
2025-08-01 09:18:11 AM,177.75,0,0.0,19505489.939999998
2025-08-01 09:18:13 AM,177.71,2066,367148.86000000004,19872638.799999997
2025-08-01 09:18:17 AM,177.83,0,0.0,19872638.799999997
2025-08-01 09:18:18 AM,177.72,0,0.0,19872638.799999997
2025-08-01 09:18:22 AM,178.15,8122,1446934.3,21319573.099999998
2025-08-01 09:18:25 AM,177.97,0,0.0,21319573.099999998
2025-08-01 09:18:27 AM,177.93,0,0.0,21319573.099999998
2025-08-01 09:18:30 AM,177.95,2130,379033.5,21698606.599999998
2025-08-01 09:18:31 AM,177.86,173,30769.780000000002,21729376.38
2025-08-01 09:18:32 AM,177.87,0,0.0,21729376.38
2025-08-01 09:18:34 AM,177.91,0,0.0,21729376.38
2025-08-01 09:18:38 AM,177.97,2036,362346.92,22091723.3
2025-08-01 09:18:39 AM,177.92,7,1245.4399999999998,22092968.740000002
2025-08-01 09:18:41 AM,177.81,0,0.0,22092968.740000002
2025-08-01 09:18:43 AM,177.66,0,0.0,22092968.740000002
2025-08-01 09:18:46 AM,177.8,3666,651814.8,22744783.540000003
2025-08-01 09:18:48 AM,177.88,0,0.0,22744783.540000003
2025-08-01 09:18:50 AM,177.8,0,0.0,22744783.540000003
2025-08-01 09:18:54 AM,177.7,1248,221769.59999999998,22966553.140000004
2025-08-01 09:18:55 AM,177.77,10,1777.7,22968330.840000004
2025-08-01 09:18:56 AM,177.81,0,0.0,22968330.840000004
2025-08-01 09:18:58 AM,177.84,0,0.0,22968330.840000004
2025-08-01 09:19:02 AM,177.77,1459,259366.43000000002,23227697.270000003
2025-08-01 09:19:04 AM,177.74,381,67718.94,23295416.210000005
2025-08-01 09:19:07 AM,177.7,0,0.0,23295416.210000005
2025-08-01 09:19:10 AM,177.8,2794,496773.2,23792189.410000004
2025-08-01 09:19:12 AM,177.79,55,9778.449999999999,23801967.860000003
2025-08-01 09:19:12 AM,177.81,0,0.0,23801967.860000003
2025-08-01 09:19:14 AM,177.98,0,0.0,23801967.860000003
2025-08-01 09:19:19 AM,177.81,3926,698082.06,24500049.92
2025-08-01 09:19:20 AM,178.05,2311,411473.55000000005,24911523.470000003
2025-08-01 09:19:20 AM,177.99,0,0.0,24911523.470000003
2025-08-01 09:19:22 AM,178.09,0,0.0,24911523.470000003
2025-08-01 09:19:27 AM,178.09,138,24576.420000000002,24936099.890000004
2025-08-01 09:19:27 AM,177.88,0,0.0,24936099.890000004
2025-08-01 09:19:28 AM,177.88,18,3201.84,24939301.730000004
2025-08-01 09:19:29 AM,177.91,0,0.0,24939301.730000004
2025-08-01 09:19:34 AM,177.78,0,0.0,24939301.730000004
2025-08-01 09:19:35 AM,177.78,4299,764276.22,25703577.950000003
2025-08-01 09:19:36 AM,177.86,112,19920.32,25723498.270000003
2025-08-01 09:19:42 AM,178.0,0,0.0,25723498.270000003
2025-08-01 09:19:43 AM,178.0,2641,470098.0,26193596.270000003
2025-08-01 09:19:44 AM,177.98,3,533.9399999999999,26194130.210000005
2025-08-01 09:19:50 AM,178.05,0,0.0,26194130.210000005
2025-08-01 09:19:52 AM,177.98,0,0.0,26194130.210000005
2025-08-01 09:19:53 AM,177.98,255,45384.899999999994,26239515.110000003
2025-08-01 09:19:59 AM,177.98,681,121204.37999999999,26360719.490000002
2025-08-01 09:20:00 AM,177.98,45,8009.099999999999,26368728.590000004
2025-08-01 09:20:06 AM,177.96,0,0.0,26368728.590000004
2025-08-01 09:20:07 AM,177.96,304,54099.840000000004,26422828.430000003
2025-08-01 09:20:08 AM,177.86,313,55670.18000000001,26478498.610000003
2025-08-01 09:20:13 AM,177.93,0,0.0,26478498.610000003
2025-08-01 09:20:15 AM,177.93,57,10142.01,26488640.620000005
2025-08-01 09:20:20 AM,177.86,0,0.0,26488640.620000005
2025-08-01 09:20:22 AM,177.92,0,0.0,26488640.620000005
2025-08-01 09:20:23 AM,177.92,105,18681.6,26507322.220000006
2025-08-01 09:20:24 AM,177.8,1412,251053.6,26758375.820000008
2025-08-01 09:20:27 AM,177.88,0,0.0,26758375.820000008
2025-08-01 09:20:30 AM,177.86,0,0.0,26758375.820000008
2025-08-01 09:20:31 AM,177.86,1074,191021.64,26949397.46000001
2025-08-01 09:20:34 AM,177.82,0,0.0,26949397.46000001
2025-08-01 09:20:38 AM,177.9,2012,357934.8,27307332.26000001
2025-08-01 09:20:40 AM,177.96,0,0.0,27307332.26000001
2025-08-01 09:20:44 AM,178.02,0,0.0,27307332.26000001
2025-08-01 09:20:46 AM,178.02,4190,745903.8,28053236.06000001
2025-08-01 09:20:51 AM,178.06,0,0.0,28053236.06000001
2025-08-01 09:20:54 AM,178.06,135,24038.1,28077274.16000001
2025-08-01 09:20:55 AM,178.08,25,4452.0,28081726.16000001
2025-08-01 09:20:55 AM,178.02,0,0.0,28081726.16000001
2025-08-01 09:20:58 AM,178.07,0,0.0,28081726.16000001
2025-08-01 09:21:01 AM,178.07,290,51640.299999999996,28133366.460000012
2025-08-01 09:21:05 AM,177.91,0,0.0,28133366.460000012
2025-08-01 09:21:07 AM,178.09,0,0.0,28133366.460000012
2025-08-01 09:21:09 AM,178.09,650,115758.5,28249124.960000012
2025-08-01 09:21:11 AM,178.0,22,3916.0,28253040.960000012
2025-08-01 09:21:14 AM,177.95,0,0.0,28253040.960000012
2025-08-01 09:21:17 AM,178.07,5556,989356.9199999999,29242397.88000001
2025-08-01 09:21:19 AM,178.1,0,0.0,29242397.88000001
2025-08-01 09:21:25 AM,178.1,202,35976.2,29278374.08000001
2025-08-01 09:21:26 AM,178.15,2,356.3,29278730.38000001
2025-08-01 09:21:28 AM,178.14,0,0.0,29278730.38000001
2025-08-01 09:21:33 AM,178.15,839,149467.85,29428198.23000001
2025-08-01 09:21:33 AM,178.14,0,0.0,29428198.23000001
2025-08-01 09:21:34 AM,178.14,2,356.28,29428554.510000013
2025-08-01 09:21:35 AM,178.09,0,0.0,29428554.510000013
2025-08-01 09:21:38 AM,178.13,0,0.0,29428554.510000013
2025-08-01 09:21:41 AM,177.99,1225,218037.75,29646592.260000013
2025-08-01 09:21:45 AM,178.09,0,0.0,29646592.260000013
2025-08-01 09:21:48 AM,178.1,66,11754.6,29658346.860000014
2025-08-01 09:21:51 AM,177.88,0,0.0,29658346.860000014
2025-08-01 09:21:54 AM,177.89,0,0.0,29658346.860000014
2025-08-01 09:21:56 AM,178.03,766,136370.98,29794717.840000015
2025-08-01 09:21:57 AM,178.07,1510,268885.7,30063603.540000014
2025-08-01 09:21:58 AM,177.88,0,0.0,30063603.540000014
2025-08-01 09:22:02 AM,177.89,0,0.0,30063603.540000014
2025-08-01 09:22:03 AM,177.89,702,124878.77999999998,30188482.320000015
2025-08-01 09:22:05 AM,177.95,110,19574.5,30208056.820000015
2025-08-01 09:22:11 AM,177.89,401,71333.89,30279390.710000016
2025-08-01 09:22:19 AM,177.93,25,4448.25,30283838.960000016
2025-08-01 09:22:26 AM,177.75,507,90119.25,30373958.210000016
2025-08-01 09:22:30 AM,177.67,0,0.0,30373958.210000016
2025-08-01 09:22:34 AM,177.77,950,168881.5,30542839.710000016
2025-08-01 09:22:41 AM,177.69,7,1243.83,30544083.540000014
2025-08-01 09:22:43 AM,177.65,900,159885.0,30703968.540000014
2025-08-01 09:22:43 AM,177.71,0,0.0,30703968.540000014
2025-08-01 09:22:48 AM,177.81,0,0.0,30703968.540000014
2025-08-01 09:22:49 AM,177.81,112,19914.72,30723883.260000013
2025-08-01 09:22:54 AM,177.82,0,0.0,30723883.260000013
2025-08-01 09:22:55 AM,177.83,0,0.0,30723883.260000013
2025-08-01 09:22:57 AM,177.7,1383,245759.09999999998,30969642.360000014
2025-08-01 09:23:06 AM,177.67,300,53300.99999999999,31022943.360000014
2025-08-01 09:23:08 AM,177.65,0,0.0,31022943.360000014
2025-08-01 09:23:12 AM,177.65,1100,195415.0,31218358.360000014
2025-08-01 09:23:20 AM,177.64,111,19718.039999999997,31238076.400000013
2025-08-01 09:23:21 AM,177.56,3478,617553.68,31855630.080000013
2025-08-01 09:23:27 AM,177.45,3332,591263.3999999999,32446893.48000001
2025-08-01 09:23:28 AM,177.34,0,0.0,32446893.48000001
2025-08-01 09:23:29 AM,177.34,250,44335.0,32491228.48000001
2025-08-01 09:23:34 AM,177.41,0,0.0,32491228.48000001
2025-08-01 09:23:35 AM,177.4,460,81604.0,32572832.48000001
2025-08-01 09:23:36 AM,177.49,421,74723.29000000001,32647555.77000001
2025-08-01 09:23:41 AM,177.33,0,0.0,32647555.77000001
2025-08-01 09:23:42 AM,177.33,2502,443679.66000000003,33091235.43000001
2025-08-01 09:23:44 AM,177.37,468,83009.16,33174244.59000001
2025-08-01 09:23:48 AM,177.34,0,0.0,33174244.59000001
2025-08-01 09:23:48 AM,177.4,0,0.0,33174244.59000001
2025-08-01 09:23:50 AM,177.4,176,31222.4,33205466.99000001
2025-08-01 09:23:52 AM,177.33,126,22343.58,33227810.570000008
2025-08-01 09:23:54 AM,177.36,0,0.0,33227810.570000008
2025-08-01 09:23:58 AM,177.36,24,4256.64,33232067.21000001
2025-08-01 09:23:59 AM,177.36,125,22170.0,33254237.21000001
2025-08-01 09:24:00 AM,177.38,0,0.0,33254237.21000001
2025-08-01 09:24:00 AM,177.33,0,0.0,33254237.21000001
2025-08-01 09:24:05 AM,177.39,1462,259344.18,33513581.390000008
2025-08-01 09:24:07 AM,177.33,200,35466.0,33549047.390000008
2025-08-01 09:24:13 AM,177.4,52,9224.800000000001,33558272.190000005
2025-08-01 09:24:14 AM,177.33,0,0.0,33558272.190000005
2025-08-01 09:24:15 AM,177.33,15,2659.9500000000003,33560932.14000001
2025-08-01 09:24:21 AM,177.33,800,141864.0,33702796.14000001
2025-08-01 09:24:22 AM,177.33,100,17733.0,33720529.14000001
2025-08-01 09:24:26 AM,177.45,0,0.0,33720529.14000001
2025-08-01 09:24:28 AM,177.48,271,48097.079999999994,33768626.220000006
2025-08-01 09:24:33 AM,177.54,0,0.0,33768626.220000006
2025-08-01 09:24:36 AM,177.48,71,12601.08,33781227.300000004
2025-08-01 09:24:43 AM,177.53,8143,1445626.79,35226854.09
2025-08-01 09:24:44 AM,177.59,0,0.0,35226854.09
2025-08-01 09:24:45 AM,177.59,13,2308.67,35229162.760000005
2025-08-01 09:24:51 AM,177.6,275,48840.0,35278002.760000005
2025-08-01 09:24:53 AM,177.58,2,355.16,35278357.92
2025-08-01 09:24:57 AM,177.38,0,0.0,35278357.92
2025-08-01 09:24:58 AM,177.38,7637,1354651.06,36633008.980000004
2025-08-01 09:25:00 AM,177.33,300,53199.00000000001,36686207.980000004
2025-08-01 09:25:04 AM,177.45,0,0.0,36686207.980000004
2025-08-01 09:25:06 AM,177.2,2790,494387.99999999994,37180595.980000004
2025-08-01 09:25:11 AM,177.28,0,0.0,37180595.980000004
2025-08-01 09:25:12 AM,177.2,0,0.0,37180595.980000004
2025-08-01 09:25:13 AM,177.2,1227,217424.4,37398020.38
2025-08-01 09:25:18 AM,177.32,0,0.0,37398020.38
2025-08-01 09:25:21 AM,177.3,30,5319.0,37403339.38
2025-08-01 09:25:23 AM,177.2,300,53160.0,37456499.38
2025-08-01 09:25:23 AM,177.24,0,0.0,37456499.38
2025-08-01 09:25:28 AM,177.33,511,90615.63,37547115.010000005
2025-08-01 09:25:31 AM,177.26,0,0.0,37547115.010000005
2025-08-01 09:25:35 AM,177.24,0,0.0,37547115.010000005
2025-08-01 09:25:36 AM,177.24,803,142323.72,37689438.730000004
2025-08-01 09:25:38 AM,177.24,360,63806.4,37753245.13
2025-08-01 09:25:41 AM,177.37,0,0.0,37753245.13
2025-08-01 09:25:43 AM,177.37,201,35651.37,37788896.5
2025-08-01 09:25:45 AM,177.34,48,8512.32,37797408.82
2025-08-01 09:25:58 AM,177.36,50,8868.0,37806276.82
2025-08-01 09:25:59 AM,177.29,0,0.0,37806276.82
2025-08-01 09:26:00 AM,177.29,1,177.29,37806454.11
2025-08-01 09:26:05 AM,177.3,0,0.0,37806454.11
2025-08-01 09:26:06 AM,177.3,1003,177831.90000000002,37984286.01
2025-08-01 09:26:12 AM,177.4,0,0.0,37984286.01
2025-08-01 09:26:14 AM,177.3,363,64359.9,38048645.91
2025-08-01 09:26:19 AM,177.46,0,0.0,38048645.91
2025-08-01 09:26:21 AM,177.36,76,13479.36,38062125.269999996
2025-08-01 09:26:23 AM,177.36,88,15607.68,38077732.949999996
2025-08-01 09:26:29 AM,177.43,10,1774.3000000000002,38079507.24999999
2025-08-01 09:26:36 AM,177.6,0,0.0,38079507.24999999
2025-08-01 09:26:37 AM,177.6,5626,999177.6,39078684.849999994
2025-08-01 09:26:39 AM,177.53,1000,177530.0,39256214.849999994
2025-08-01 09:26:42 AM,177.65,0,0.0,39256214.849999994
2025-08-01 09:26:44 AM,177.52,1010,179295.2,39435510.05
2025-08-01 09:26:45 AM,177.64,0,0.0,39435510.05
2025-08-01 09:26:46 AM,177.64,110,19540.399999999998,39455050.449999996
2025-08-01 09:26:48 AM,177.58,0,0.0,39455050.449999996
2025-08-01 09:26:52 AM,177.61,482,85608.02,39540658.47
2025-08-01 09:26:52 AM,177.65,0,0.0,39540658.47
2025-08-01 09:26:53 AM,177.65,1,177.65,39540836.12
2025-08-01 09:26:55 AM,177.84,0,0.0,39540836.12
2025-08-01 09:26:58 AM,177.71,0,0.0,39540836.12
2025-08-01 09:26:59 AM,177.71,565,100406.15000000001,39641242.269999996
2025-08-01 09:27:02 AM,177.82,0,0.0,39641242.269999996
2025-08-01 09:27:04 AM,177.76,0,0.0,39641242.269999996
2025-08-01 09:27:07 AM,177.76,118,20975.68,39662217.949999996
2025-08-01 09:27:14 AM,177.75,1,177.75,39662395.699999996
2025-08-01 09:27:19 AM,177.77,0,0.0,39662395.699999996
2025-08-01 09:27:22 AM,177.75,102,18130.5,39680526.199999996
2025-08-01 09:27:24 AM,177.77,0,0.0,39680526.199999996
2025-08-01 09:27:25 AM,177.72,0,0.0,39680526.199999996
2025-08-01 09:27:28 AM,177.7,0,0.0,39680526.199999996
2025-08-01 09:27:29 AM,177.7,277,49222.899999999994,39729749.099999994
2025-08-01 09:27:36 AM,177.57,356,63214.92,39792964.019999996
2025-08-01 09:27:38 AM,177.54,100,17754.0,39810718.019999996
2025-08-01 09:27:39 AM,177.7,0,0.0,39810718.019999996
2025-08-01 09:27:44 AM,177.57,15,2663.5499999999997,39813381.56999999
2025-08-01 09:27:49 AM,177.62,0,0.0,39813381.56999999
2025-08-01 09:27:52 AM,177.62,43,7637.66,39821019.22999999
2025-08-01 09:27:53 AM,177.5,550,97625.0,39918644.22999999
2025-08-01 09:27:59 AM,177.6,0,0.0,39918644.22999999
2025-08-01 09:28:00 AM,177.6,210,37296.0,39955940.22999999
2025-08-01 09:28:07 AM,177.6,366,65001.6,40020941.82999999
2025-08-01 09:28:09 AM,177.36,5277,935928.7200000001,40956870.54999999
2025-08-01 09:28:12 AM,177.45,0,0.0,40956870.54999999
2025-08-01 09:28:15 AM,177.45,132,23423.399999999998,40980293.94999999
2025-08-01 09:28:19 AM,177.48,0,0.0,40980293.94999999
2025-08-01 09:28:23 AM,177.32,22047,3909374.04,44889667.98999999
2025-08-01 09:28:23 AM,177.29,0,0.0,44889667.98999999
2025-08-01 09:28:24 AM,177.29,50,8864.5,44898532.48999999
2025-08-01 09:28:29 AM,177.13,0,0.0,44898532.48999999
2025-08-01 09:28:29 AM,177.24,0,0.0,44898532.48999999
2025-08-01 09:28:30 AM,177.1,552,97759.2,44996291.68999999
2025-08-01 09:28:32 AM,177.09,95,16823.55,45013115.23999999
2025-08-01 09:28:38 AM,177.09,201,35595.090000000004,45048710.32999999
2025-08-01 09:28:39 AM,177.1,20,3542.0,45052252.32999999
2025-08-01 09:28:40 AM,177.28,0,0.0,45052252.32999999
2025-08-01 09:28:45 AM,177.28,1685,298716.8,45350969.12999999
2025-08-01 09:28:50 AM,177.25,0,0.0,45350969.12999999
2025-08-01 09:28:51 AM,177.27,0,0.0,45350969.12999999
2025-08-01 09:28:53 AM,177.27,114,20208.780000000002,45371177.90999999
2025-08-01 09:28:56 AM,177.3,0,0.0,45371177.90999999
2025-08-01 09:29:01 AM,177.33,2328,412824.24000000005,45784002.14999999
2025-08-01 09:29:08 AM,177.42,0,0.0,45784002.14999999
2025-08-01 09:29:08 AM,177.42,868,154000.56,45938002.70999999
2025-08-01 09:29:13 AM,177.35,0,0.0,45938002.70999999
2025-08-01 09:29:14 AM,177.4,0,0.0,45938002.70999999
2025-08-01 09:29:16 AM,177.3,396,70210.8,46008213.50999999
2025-08-01 09:29:17 AM,177.35,24,4256.4,46012469.90999999
2025-08-01 09:29:19 AM,177.33,0,0.0,46012469.90999999
2025-08-01 09:29:24 AM,177.3,221,39183.3,46051653.209999986
2025-08-01 09:29:28 AM,177.36,0,0.0,46051653.209999986
2025-08-01 09:29:31 AM,177.36,12,2128.32,46053781.52999999
2025-08-01 09:29:38 AM,177.3,117,20744.100000000002,46074525.62999999
2025-08-01 09:29:43 AM,177.38,0,0.0,46074525.62999999
2025-08-01 09:29:46 AM,177.38,10,1773.8,46076299.429999985
2025-08-01 09:29:47 AM,177.31,210,37235.1,46113534.52999999
2025-08-01 09:29:49 AM,177.36,0,0.0,46113534.52999999
2025-08-01 09:29:53 AM,177.36,163,28909.680000000004,46142444.209999986
2025-08-01 09:29:59 AM,177.31,0,0.0,46142444.209999986
2025-08-01 09:30:01 AM,177.31,5,886.55,46143330.75999998
2025-08-01 09:30:02 AM,177.31,300,53193.0,46196523.75999998
2025-08-01 09:30:06 AM,177.33,0,0.0,46196523.75999998
2025-08-01 09:30:09 AM,177.31,142,25178.02,46221701.77999999
2025-08-01 09:30:14 AM,177.19,0,0.0,46221701.77999999
2025-08-01 09:30:16 AM,177.19,2299,407359.81,46629061.58999999
2025-08-01 09:30:17 AM,177.19,15,2657.85,46631719.43999999
2025-08-01 09:30:21 AM,177.18,0,0.0,46631719.43999999
2025-08-01 09:30:24 AM,177.19,1029,182328.51,46814047.94999999
2025-08-01 09:30:24 AM,177.17,35,6200.95,46820248.89999999
2025-08-01 09:30:31 AM,177.16,153,27105.48,46847354.37999999
2025-08-01 09:30:38 AM,177.16,12,2125.92,46849480.29999999
2025-08-01 09:30:39 AM,177.18,107,18958.260000000002,46868438.55999999
2025-08-01 09:30:42 AM,177.12,0,0.0,46868438.55999999
2025-08-01 09:30:46 AM,177.12,49,8678.880000000001,46877117.43999999
2025-08-01 09:30:49 AM,177.11,0,0.0,46877117.43999999
2025-08-01 09:30:53 AM,177.12,215,38080.8,46915198.23999999
2025-08-01 09:31:00 AM,177.14,0,0.0,46915198.23999999
2025-08-01 09:31:00 AM,177.14,109,19308.26,46934506.499999985
2025-08-01 09:31:03 AM,176.96,0,0.0,46934506.499999985
2025-08-01 09:31:06 AM,176.94,0,0.0,46934506.499999985
2025-08-01 09:31:08 AM,176.94,20713,3664958.2199999997,50599464.719999984
2025-08-01 09:31:11 AM,176.92,0,0.0,50599464.719999984
2025-08-01 09:31:15 AM,176.92,135,23884.199999999997,50623348.91999999
2025-08-01 09:31:17 AM,176.94,0,0.0,50623348.91999999
2025-08-01 09:31:21 AM,177.0,0,0.0,50623348.91999999
2025-08-01 09:31:23 AM,177.0,430,76110.0,50699458.91999999
2025-08-01 09:31:27 AM,176.91,0,0.0,50699458.91999999
2025-08-01 09:31:30 AM,176.91,196,34674.36,50734133.27999999
2025-08-01 09:31:33 AM,176.94,0,0.0,50734133.27999999
2025-08-01 09:31:35 AM,176.9,0,0.0,50734133.27999999
2025-08-01 09:31:37 AM,176.9,70,12383.0,50746516.27999999
2025-08-01 09:31:39 AM,176.91,0,0.0,50746516.27999999
2025-08-01 09:31:44 AM,176.99,258,45663.420000000006,50792179.69999999
2025-08-01 09:31:47 AM,176.93,0,0.0,50792179.69999999
2025-08-01 09:31:51 AM,176.88,0,0.0,50792179.69999999
2025-08-01 09:31:51 AM,176.88,4501,796136.88,51588316.57999999
2025-08-01 09:31:52 AM,176.91,0,0.0,51588316.57999999
2025-08-01 09:31:56 AM,176.89,0,0.0,51588316.57999999
2025-08-01 09:31:58 AM,176.89,117,20696.129999999997,51609012.70999999
2025-08-01 09:32:02 AM,176.91,0,0.0,51609012.70999999
2025-08-01 09:32:05 AM,176.96,667,118032.32,51727045.029999994
2025-08-01 09:32:07 AM,176.97,0,0.0,51727045.029999994
2025-08-01 09:32:12 AM,176.83,1003,177360.49000000002,51904405.519999996
2025-08-01 09:32:13 AM,176.96,0,0.0,51904405.519999996
2025-08-01 09:32:19 AM,176.96,201,35568.96,51939974.48
2025-08-01 09:32:20 AM,176.98,0,0.0,51939974.48
2025-08-01 09:32:25 AM,177.21,0,0.0,51939974.48
2025-08-01 09:32:26 AM,177.21,53431,9468507.51,61408481.989999995
2025-08-01 09:32:31 AM,177.3,0,0.0,61408481.989999995
2025-08-01 09:32:32 AM,177.25,0,0.0,61408481.989999995
2025-08-01 09:32:33 AM,177.3,1073,190242.90000000002,61598724.88999999
2025-08-01 09:32:37 AM,177.34,0,0.0,61598724.88999999
2025-08-01 09:32:40 AM,177.34,5381,954266.54,62552991.42999999
2025-08-01 09:32:43 AM,177.4,0,0.0,62552991.42999999
2025-08-01 09:32:43 AM,177.37,0,0.0,62552991.42999999
2025-08-01 09:32:47 AM,177.41,829,147072.88999999998,62700064.31999999
2025-08-01 09:32:47 AM,177.28,570,101049.6,62801113.919999994
2025-08-01 09:32:49 AM,177.41,0,0.0,62801113.919999994
2025-08-01 09:32:54 AM,177.45,1868,331476.6,63132590.519999996
2025-08-01 09:33:01 AM,177.4,0,0.0,63132590.519999996
2025-08-01 09:33:01 AM,177.4,1042,184850.80000000002,63317441.31999999
2025-08-01 09:33:01 AM,177.34,2034,360709.56,63678150.879999995
2025-08-01 09:33:01 AM,177.31,0,0.0,63678150.879999995
2025-08-01 09:33:07 AM,177.23,0,0.0,63678150.879999995
2025-08-01 09:33:07 AM,177.33,0,0.0,63678150.879999995
2025-08-01 09:33:08 AM,177.33,192,34047.36,63712198.239999995
2025-08-01 09:33:13 AM,177.35,0,0.0,63712198.239999995
2025-08-01 09:33:13 AM,177.31,0,0.0,63712198.239999995
2025-08-01 09:33:15 AM,177.36,2395,424777.2,64136975.44
2025-08-01 09:33:18 AM,177.22,0,0.0,64136975.44
2025-08-01 09:33:21 AM,177.22,1011,179169.42,64316144.86
2025-08-01 09:33:23 AM,177.35,0,0.0,64316144.86
2025-08-01 09:33:28 AM,177.5,0,0.0,64316144.86
2025-08-01 09:33:28 AM,177.5,9431,1674002.5,65990147.36
2025-08-01 09:33:33 AM,177.47,0,0.0,65990147.36
2025-08-01 09:33:33 AM,177.6,0,0.0,65990147.36
2025-08-01 09:33:35 AM,177.6,549,97502.4,66087649.76
2025-08-01 09:33:38 AM,177.53,0,0.0,66087649.76
2025-08-01 09:33:42 AM,177.5,4049,718697.5,66806347.26
2025-08-01 09:33:49 AM,177.49,12,2129.88,66808477.14
2025-08-01 09:33:51 AM,177.53,0,0.0,66808477.14
2025-08-01 09:33:53 AM,177.6,0,0.0,66808477.14
2025-08-01 09:33:56 AM,177.6,573,101764.8,66910241.94
2025-08-01 09:33:58 AM,177.69,0,0.0,66910241.94
2025-08-01 09:34:03 AM,177.76,0,0.0,66910241.94
2025-08-01 09:34:03 AM,177.76,301,53505.759999999995,66963747.699999996
2025-08-01 09:34:08 AM,177.77,0,0.0,66963747.699999996
2025-08-01 09:34:10 AM,177.77,2,355.54,66964103.239999995
2025-08-01 09:34:10 AM,177.72,12,2132.64,66966235.879999995
2025-08-01 09:34:13 AM,177.7,0,0.0,66966235.879999995
2025-08-01 09:34:15 AM,177.77,0,0.0,66966235.879999995
2025-08-01 09:34:17 AM,177.76,283,50306.079999999994,67016541.95999999
2025-08-01 09:34:21 AM,177.8,0,0.0,67016541.95999999
2025-08-01 09:34:24 AM,177.8,500,88900.0,67105441.95999999
2025-08-01 09:34:26 AM,177.78,0,0.0,67105441.95999999
2025-08-01 09:34:28 AM,177.76,0,0.0,67105441.95999999
2025-08-01 09:34:30 AM,177.75,0,0.0,67105441.95999999
2025-08-01 09:34:31 AM,177.77,746,132616.42,67238058.38
2025-08-01 09:34:33 AM,177.78,0,0.0,67238058.38
2025-08-01 09:34:36 AM,177.84,0,0.0,67238058.38
2025-08-01 09:34:38 AM,177.82,1836,326477.51999999996,67564535.89999999
2025-08-01 09:34:38 AM,177.82,30,5334.599999999999,67569870.49999999
2025-08-01 09:34:41 AM,177.72,0,0.0,67569870.49999999
2025-08-01 09:34:45 AM,177.81,0,0.0,67569870.49999999
2025-08-01 09:34:45 AM,177.81,789,140292.09,67710162.58999999
2025-08-01 09:34:45 AM,177.8,25,4445.0,67714607.58999999
2025-08-01 09:34:48 AM,177.69,0,0.0,67714607.58999999
2025-08-01 09:34:52 AM,177.69,541,96130.29,67810737.88
2025-08-01 09:34:55 AM,177.7,0,0.0,67810737.88
2025-08-01 09:34:58 AM,177.71,0,0.0,67810737.88
2025-08-01 09:34:59 AM,177.71,23,4087.3300000000004,67814825.21
2025-08-01 09:35:03 AM,177.7,0,0.0,67814825.21
2025-08-01 09:35:06 AM,177.71,6,1066.26,67815891.47
2025-08-01 09:35:13 AM,177.6,0,0.0,67815891.47
2025-08-01 09:35:13 AM,177.6,788,139948.8,67955840.27
2025-08-01 09:35:13 AM,177.62,0,0.0,67955840.27
2025-08-01 09:35:17 AM,177.6,0,0.0,67955840.27
2025-08-01 09:35:20 AM,177.5,1114,197735.0,68153575.27
2025-08-01 09:35:23 AM,177.6,0,0.0,68153575.27
2025-08-01 09:35:27 AM,177.5,1146,203415.0,68356990.27
2025-08-01 09:35:28 AM,177.54,0,0.0,68356990.27
2025-08-01 09:35:33 AM,177.51,0,0.0,68356990.27
2025-08-01 09:35:33 AM,177.45,0,0.0,68356990.27
2025-08-01 09:35:34 AM,177.45,5433,964085.85,69321076.11999999
2025-08-01 09:35:37 AM,177.5,0,0.0,69321076.11999999
2025-08-01 09:35:41 AM,177.45,1175,208503.75,69529579.86999999
2025-08-01 09:35:47 AM,177.45,330,58558.49999999999,69588138.36999999
2025-08-01 09:35:52 AM,177.4,0,0.0,69588138.36999999
2025-08-01 09:35:54 AM,177.4,618,109633.2,69697771.57
2025-08-01 09:35:57 AM,177.41,0,0.0,69697771.57
2025-08-01 09:36:01 AM,177.48,157,27864.359999999997,69725635.92999999
2025-08-01 09:36:07 AM,177.49,3,532.47,69726168.39999999
2025-08-01 09:36:10 AM,177.48,0,0.0,69726168.39999999
2025-08-01 09:36:14 AM,177.48,13,2307.24,69728475.63999999
2025-08-01 09:36:18 AM,177.47,0,0.0,69728475.63999999
2025-08-01 09:36:18 AM,177.49,0,0.0,69728475.63999999
2025-08-01 09:36:21 AM,177.49,158,28043.420000000002,69756519.05999999
2025-08-01 09:36:26 AM,177.52,0,0.0,69756519.05999999
2025-08-01 09:36:27 AM,177.52,328,58226.560000000005,69814745.61999999
2025-08-01 09:36:30 AM,177.46,0,0.0,69814745.61999999
2025-08-01 09:36:30 AM,177.49,0,0.0,69814745.61999999
2025-08-01 09:36:33 AM,177.55,0,0.0,69814745.61999999
2025-08-01 09:36:34 AM,177.55,654,116117.70000000001,69930863.32
2025-08-01 09:36:38 AM,177.53,0,0.0,69930863.32
2025-08-01 09:36:40 AM,177.55,349,61964.950000000004,69992828.27
2025-08-01 09:36:42 AM,177.5,0,0.0,69992828.27
2025-08-01 09:36:46 AM,177.48,0,0.0,69992828.27
2025-08-01 09:36:47 AM,177.48,2793,495701.63999999996,70488529.91
2025-08-01 09:36:47 AM,177.57,1,177.57,70488707.47999999
2025-08-01 09:36:53 AM,177.53,3,532.59,70489240.07
2025-08-01 09:36:58 AM,177.46,0,0.0,70489240.07
2025-08-01 09:36:58 AM,177.57,0,0.0,70489240.07
2025-08-01 09:37:00 AM,177.57,312,55401.84,70544641.91
2025-08-01 09:37:02 AM,177.58,0,0.0,70544641.91
2025-08-01 09:37:06 AM,177.56,0,0.0,70544641.91
2025-08-01 09:37:06 AM,177.55,0,0.0,70544641.91
2025-08-01 09:37:07 AM,177.57,635,112756.95,70657398.86
2025-08-01 09:37:12 AM,177.55,0,0.0,70657398.86
2025-08-01 09:37:14 AM,177.53,20,3550.6,70660949.46
2025-08-01 09:37:15 AM,177.55,56,9942.800000000001,70670892.25999999
2025-08-01 09:37:21 AM,177.55,99,17577.45,70688469.71
2025-08-01 09:37:26 AM,177.53,0,0.0,70688469.71
2025-08-01 09:37:27 AM,177.51,0,0.0,70688469.71
2025-08-01 09:37:28 AM,177.54,737,130846.98,70819316.69
2025-08-01 09:37:31 AM,177.55,0,0.0,70819316.69
2025-08-01 09:37:32 AM,177.46,0,0.0,70819316.69
2025-08-01 09:37:35 AM,177.46,293,51995.78,70871312.47
2025-08-01 09:37:42 AM,177.45,500,88725.0,70960037.47
2025-08-01 09:37:52 AM,177.6,0,0.0,70960037.47
2025-08-01 09:37:55 AM,177.6,3265,579864.0,71539901.47
2025-08-01 09:37:55 AM,177.57,9,1598.1299999999999,71541499.6
2025-08-01 09:38:00 AM,177.6,0,0.0,71541499.6
2025-08-01 09:38:01 AM,177.6,1000,177600.0,71719099.6
2025-08-01 09:38:03 AM,177.58,0,0.0,71719099.6
2025-08-01 09:38:06 AM,177.5,0,0.0,71719099.6
2025-08-01 09:38:08 AM,177.5,7061,1253327.5,72972427.1
2025-08-01 09:38:12 AM,177.48,0,0.0,72972427.1
2025-08-01 09:38:15 AM,177.48,41,7276.679999999999,72979703.78
2025-08-01 09:38:22 AM,177.45,15,2661.75,72982365.53
2025-08-01 09:38:28 AM,177.5,0,0.0,72982365.53
2025-08-01 09:38:29 AM,177.5,859,152472.5,73134838.03
2025-08-01 09:38:32 AM,177.45,0,0.0,73134838.03
2025-08-01 09:38:35 AM,177.44,551,97769.44,73232607.47
2025-08-01 09:38:42 AM,177.4,141,25013.4,73257620.87
2025-08-01 09:38:46 AM,177.45,0,0.0,73257620.87
2025-08-01 09:38:49 AM,177.5,355,63012.5,73320633.37
2025-08-01 09:38:50 AM,177.41,0,0.0,73320633.37
2025-08-01 09:38:55 AM,177.41,200,35482.0,73356115.37
2025-08-01 09:38:58 AM,177.49,0,0.0,73356115.37
2025-08-01 09:39:02 AM,177.4,286,50736.4,73406851.77000001
2025-08-01 09:39:09 AM,177.4,651,115487.40000000001,73522339.17000002
2025-08-01 09:39:13 AM,177.43,0,0.0,73522339.17000002
2025-08-01 09:39:16 AM,177.36,705,125038.8,73647377.97000001
2025-08-01 09:39:22 AM,177.34,325,57635.5,73705013.47000001
2025-08-01 09:39:35 AM,177.44,0,0.0,73705013.47000001
2025-08-01 09:39:36 AM,177.44,93,16501.92,73721515.39000002
2025-08-01 09:39:39 AM,177.34,0,0.0,73721515.39000002
2025-08-01 09:39:42 AM,177.34,25,4433.5,73725948.89000002
2025-08-01 09:39:47 AM,177.37,0,0.0,73725948.89000002
2025-08-01 09:39:49 AM,177.37,2,354.74,73726303.63000001
2025-08-01 09:39:51 AM,177.4,0,0.0,73726303.63000001
2025-08-01 09:39:55 AM,177.4,23,4080.2000000000003,73730383.83000001
2025-08-01 09:40:07 AM,177.36,0,0.0,73730383.83000001
2025-08-01 09:40:07 AM,177.4,0,0.0,73730383.83000001
2025-08-01 09:40:08 AM,177.4,62,10998.800000000001,73741382.63000001
2025-08-01 09:40:17 AM,177.38,0,0.0,73741382.63000001
2025-08-01 09:40:19 AM,177.4,0,0.0,73741382.63000001
2025-08-01 09:40:21 AM,177.4,31,5499.400000000001,73746882.03000002
2025-08-01 09:40:24 AM,177.37,0,0.0,73746882.03000002
2025-08-01 09:40:28 AM,177.4,234,41511.6,73788393.63000001
2025-08-01 09:40:35 AM,177.38,11,1951.1799999999998,73790344.81000002
2025-08-01 09:40:37 AM,177.4,0,0.0,73790344.81000002
2025-08-01 09:40:41 AM,177.45,389,69028.04999999999,73859372.86000001
2025-08-01 09:40:46 AM,177.51,0,0.0,73859372.86000001
2025-08-01 09:40:48 AM,177.6,2010,356976.0,74216348.86000001
2025-08-01 09:40:50 AM,177.74,0,0.0,74216348.86000001
2025-08-01 09:40:54 AM,177.76,840,149318.4,74365667.26000002
2025-08-01 09:41:00 AM,177.86,0,0.0,74365667.26000002
2025-08-01 09:41:01 AM,177.86,639,113652.54000000001,74479319.80000003
2025-08-01 09:41:02 AM,177.87,15,2668.05,74481987.85000002
2025-08-01 09:41:06 AM,177.98,0,0.0,74481987.85000002
2025-08-01 09:41:08 AM,177.98,1210,215355.8,74697343.65000002
2025-08-01 09:41:14 AM,177.99,8228,1464501.72,76161845.37000002
2025-08-01 09:41:18 AM,178.05,0,0.0,76161845.37000002
2025-08-01 09:41:21 AM,178.03,2060,366741.8,76528587.17000002
2025-08-01 09:41:22 AM,178.05,15,2670.75,76531257.92000002
2025-08-01 09:41:22 AM,178.1,0,0.0,76531257.92000002
2025-08-01 09:41:26 AM,178.14,0,0.0,76531257.92000002
2025-08-01 09:41:27 AM,178.06,0,0.0,76531257.92000002
2025-08-01 09:41:28 AM,178.06,2747,489130.82,77020388.74000001
2025-08-01 09:41:29 AM,178.0,60,10680.0,77031068.74000001
2025-08-01 09:41:30 AM,178.05,0,0.0,77031068.74000001
2025-08-01 09:41:34 AM,178.0,120,21360.0,77052428.74000001
2025-08-01 09:41:35 AM,178.0,200,35600.0,77088028.74000001
2025-08-01 09:41:38 AM,178.05,0,0.0,77088028.74000001
2025-08-01 09:41:39 AM,178.0,0,0.0,77088028.74000001
2025-08-01 09:41:41 AM,178.0,2231,397118.0,77485146.74000001
2025-08-01 09:41:46 AM,177.78,0,0.0,77485146.74000001
2025-08-01 09:41:48 AM,177.78,4543,807654.54,78292801.28000002
2025-08-01 09:41:48 AM,177.81,15,2667.15,78295468.43000002
2025-08-01 09:41:54 AM,177.9,35,6226.5,78301694.93000002
2025-08-01 09:41:54 AM,177.78,0,0.0,78301694.93000002
2025-08-01 09:41:55 AM,177.78,3,533.34,78302228.27000003
2025-08-01 09:42:06 AM,177.77,0,0.0,78302228.27000003
2025-08-01 09:42:07 AM,177.75,0,0.0,78302228.27000003
2025-08-01 09:42:07 AM,177.84,1128,200603.52,78502831.79000002
2025-08-01 09:42:08 AM,177.67,1000,177670.0,78680501.79000002
2025-08-01 09:42:11 AM,177.77,0,0.0,78680501.79000002
2025-08-01 09:42:14 AM,177.65,81,14389.65,78694891.44000003
2025-08-01 09:42:14 AM,177.7,0,0.0,78694891.44000003
2025-08-01 09:42:15 AM,177.7,15,2665.5,78697556.94000003
2025-08-01 09:42:16 AM,177.69,0,0.0,78697556.94000003
2025-08-01 09:42:19 AM,177.65,0,0.0,78697556.94000003
2025-08-01 09:42:20 AM,177.6,352,62515.2,78760072.14000003
2025-08-01 09:42:27 AM,177.68,3,533.04,78760605.18000004
2025-08-01 09:42:28 AM,177.69,0,0.0,78760605.18000004
2025-08-01 09:42:33 AM,177.68,0,0.0,78760605.18000004
2025-08-01 09:42:33 AM,177.68,140,24875.2,78785480.38000004
2025-08-01 09:42:40 AM,177.69,10,1776.9,78787257.28000005
2025-08-01 09:42:44 AM,177.67,0,0.0,78787257.28000005
2025-08-01 09:42:46 AM,177.67,11,1954.37,78789211.65000005
2025-08-01 09:42:47 AM,177.7,38,6752.599999999999,78795964.25000004
2025-08-01 09:42:59 AM,177.7,117,20790.899999999998,78816755.15000005
2025-08-01 09:43:06 AM,177.7,180,31985.999999999996,78848741.15000005
2025-08-01 09:43:06 AM,177.72,17,3021.24,78851762.39000005
2025-08-01 09:43:12 AM,177.69,1,177.69,78851940.08000004
2025-08-01 09:43:17 AM,177.72,0,0.0,78851940.08000004
2025-08-01 09:43:19 AM,177.72,50,8886.0,78860826.08000004
2025-08-01 09:43:20 AM,177.72,25,4443.0,78865269.08000004
2025-08-01 09:43:25 AM,177.65,0,0.0,78865269.08000004
2025-08-01 09:43:26 AM,177.65,3,532.95,78865802.03000005
2025-08-01 09:43:29 AM,177.67,0,0.0,78865802.03000005
2025-08-01 09:43:32 AM,177.67,11,1954.37,78867756.40000005
2025-08-01 09:43:37 AM,177.7,0,0.0,78867756.40000005
2025-08-01 09:43:39 AM,177.7,17,3020.8999999999996,78870777.30000006
2025-08-01 09:43:44 AM,177.77,0,0.0,78870777.30000006
2025-08-01 09:43:45 AM,177.77,547,97240.19,78968017.49000005
2025-08-01 09:43:53 AM,177.73,0,0.0,78968017.49000005
2025-08-01 09:43:53 AM,177.73,17,3021.41,78971038.90000005
2025-08-01 09:43:53 AM,177.89,0,0.0,78971038.90000005
2025-08-01 09:43:57 AM,177.86,0,0.0,78971038.90000005
2025-08-01 09:43:58 AM,177.86,1050,186753.0,79157791.90000005
2025-08-01 09:44:05 AM,177.76,0,0.0,79157791.90000005
2025-08-01 09:44:05 AM,177.76,115,20442.399999999998,79178234.30000006
2025-08-01 09:44:05 AM,177.7,0,0.0,79178234.30000006
2025-08-01 09:44:06 AM,177.64,607,107827.48,79286061.78000006
2025-08-01 09:44:09 AM,177.55,0,0.0,79286061.78000006
2025-08-01 09:44:12 AM,177.6,21,3729.6,79289791.38000005
2025-08-01 09:44:17 AM,177.57,0,0.0,79289791.38000005
2025-08-01 09:44:19 AM,177.57,1,177.57,79289968.95000005
2025-08-01 09:44:20 AM,177.56,5,887.8,79290856.75000004
2025-08-01 09:44:25 AM,177.56,11,1953.16,79292809.91000004
2025-08-01 09:44:29 AM,177.57,0,0.0,79292809.91000004
2025-08-01 09:44:31 AM,177.57,1,177.57,79292987.48000003
2025-08-01 09:44:33 AM,177.64,0,0.0,79292987.48000003
2025-08-01 09:44:38 AM,177.64,215,38192.6,79331180.08000003
2025-08-01 09:44:41 AM,177.58,0,0.0,79331180.08000003
2025-08-01 09:44:44 AM,177.58,12,2130.96,79333311.04000002
2025-08-01 09:44:51 AM,177.65,21,3730.65,79337041.69000003
2025-08-01 09:44:52 AM,177.67,100,17767.0,79354808.69000003
2025-08-01 09:44:55 AM,177.51,0,0.0,79354808.69000003
2025-08-01 09:44:57 AM,177.51,490,86979.9,79441788.59000003
2025-08-01 09:44:59 AM,177.57,0,0.0,79441788.59000003
2025-08-01 09:45:04 AM,177.53,1090,193507.7,79635296.29000004
2025-08-01 09:45:05 AM,177.63,217,38545.71,79673842.00000003
2025-08-01 09:45:11 AM,177.43,108,19162.440000000002,79693004.44000003
2025-08-01 09:45:17 AM,177.53,0,0.0,79693004.44000003
2025-08-01 09:45:17 AM,177.53,8,1420.24,79694424.68000002
2025-08-01 09:45:19 AM,177.46,9,1597.14,79696021.82000002
2025-08-01 09:45:21 AM,177.67,0,0.0,79696021.82000002
2025-08-01 09:45:23 AM,177.58,2440,433295.2,80129317.02000003
2025-08-01 09:45:29 AM,177.54,0,0.0,80129317.02000003
2025-08-01 09:45:30 AM,177.54,300,53262.0,80182579.02000003
2025-08-01 09:45:31 AM,177.57,6,1065.42,80183644.44000003
2025-08-01 09:45:33 AM,177.69,0,0.0,80183644.44000003
2025-08-01 09:45:36 AM,177.69,60,10661.4,80194305.84000003
2025-08-01 09:45:41 AM,177.61,0,0.0,80194305.84000003
2025-08-01 09:45:43 AM,177.82,3243,576670.26,80770976.10000004
2025-08-01 09:45:51 AM,177.83,4,711.32,80771687.42000003
2025-08-01 09:45:52 AM,177.74,0,0.0,80771687.42000003
2025-08-01 09:45:56 AM,177.74,25,4443.5,80776130.92000003
2025-08-01 09:45:57 AM,177.74,5,888.7,80777019.62000003
2025-08-01 09:46:02 AM,177.53,675,119832.75,80896852.37000003
2025-08-01 09:46:03 AM,177.63,0,0.0,80896852.37000003
2025-08-01 09:46:03 AM,177.63,121,21493.23,80918345.60000004
2025-08-01 09:46:09 AM,177.53,0,0.0,80918345.60000004
2025-08-01 09:46:10 AM,177.53,1136,201674.08,81120019.68000004
2025-08-01 09:46:15 AM,177.46,7,1242.22,81121261.90000004
2025-08-01 09:46:22 AM,177.55,0,0.0,81121261.90000004
2025-08-01 09:46:22 AM,177.55,53,9410.150000000001,81130672.05000004
2025-08-01 09:46:23 AM,177.41,300,53223.0,81183895.05000004
2025-08-01 09:46:27 AM,177.54,0,0.0,81183895.05000004
2025-08-01 09:46:28 AM,177.55,85,15091.750000000002,81198986.80000004
2025-08-01 09:46:43 AM,177.4,525,93135.0,81292121.80000004
2025-08-01 09:46:47 AM,177.38,3825,678478.5,81970600.30000004
2025-08-01 09:46:53 AM,177.39,191,33881.49,82004481.79000004
2025-08-01 09:46:55 AM,177.4,45,7983.0,82012464.79000004
2025-08-01 09:46:58 AM,177.41,0,0.0,82012464.79000004
2025-08-01 09:46:59 AM,177.28,0,0.0,82012464.79000004
2025-08-01 09:47:00 AM,177.28,111,19678.08,82032142.87000003
2025-08-01 09:47:03 AM,177.41,0,0.0,82032142.87000003
2025-08-01 09:47:06 AM,177.44,0,0.0,82032142.87000003
2025-08-01 09:47:06 AM,177.44,369,65475.36,82097618.23000003
2025-08-01 09:47:15 AM,177.34,0,0.0,82097618.23000003
2025-08-01 09:47:18 AM,177.44,0,0.0,82097618.23000003
2025-08-01 09:47:18 AM,177.44,667,118352.48,82215970.71000004
2025-08-01 09:47:23 AM,177.39,0,0.0,82215970.71000004
2025-08-01 09:47:24 AM,177.39,1,177.39,82216148.10000004
2025-08-01 09:47:27 AM,177.42,0,0.0,82216148.10000004
2025-08-01 09:47:30 AM,177.42,150,26612.999999999996,82242761.10000004
2025-08-01 09:47:31 AM,177.41,0,0.0,82242761.10000004
2025-08-01 09:47:33 AM,177.36,15,2660.4,82245421.50000004
2025-08-01 09:47:35 AM,177.3,0,0.0,82245421.50000004
2025-08-01 09:47:37 AM,177.3,74,13120.2,82258541.70000005
2025-08-01 09:47:40 AM,177.35,0,0.0,82258541.70000005
2025-08-01 09:47:40 AM,177.35,1003,177882.05,82436423.75000004
2025-08-01 09:47:42 AM,177.32,0,0.0,82436423.75000004
2025-08-01 09:47:44 AM,177.32,25,4433.0,82440856.75000004
2025-08-01 09:47:53 AM,177.4,50,8870.0,82449726.75000004
2025-08-01 09:47:57 AM,177.39,1,177.39,82449904.14000005
2025-08-01 09:47:59 AM,177.32,0,0.0,82449904.14000005
2025-08-01 09:48:00 AM,177.32,5,886.5999999999999,82450790.74000004
2025-08-01 09:48:04 AM,177.25,0,0.0,82450790.74000004
2025-08-01 09:48:06 AM,177.25,2,354.5,82451145.24000004
2025-08-01 09:48:09 AM,177.32,0,0.0,82451145.24000004
2025-08-01 09:48:10 AM,177.32,33,5851.5599999999995,82456996.80000004
2025-08-01 09:48:17 AM,177.27,0,0.0,82456996.80000004
2025-08-01 09:48:17 AM,177.27,14,2481.78,82459478.58000004
2025-08-01 09:48:23 AM,177.4,1016,180238.4,82639716.98000005
2025-08-01 09:48:24 AM,177.39,0,0.0,82639716.98000005
2025-08-01 09:48:25 AM,177.25,0,0.0,82639716.98000005
2025-08-01 09:48:26 AM,177.25,385,68241.25,82707958.23000005
2025-08-01 09:48:33 AM,177.38,0,0.0,82707958.23000005
2025-08-01 09:48:36 AM,177.27,2611,462851.97000000003,83170810.20000005
2025-08-01 09:48:41 AM,177.38,0,0.0,83170810.20000005
2025-08-01 09:48:43 AM,177.38,285,50553.299999999996,83221363.50000004
2025-08-01 09:48:45 AM,177.36,100,17736.0,83239099.50000004
2025-08-01 09:48:45 AM,177.22,0,0.0,83239099.50000004
2025-08-01 09:48:49 AM,177.35,0,0.0,83239099.50000004
2025-08-01 09:48:49 AM,177.35,63,11173.05,83250272.55000004
2025-08-01 09:48:55 AM,177.35,50,8867.5,83259140.05000004
2025-08-01 09:49:00 AM,177.21,0,0.0,83259140.05000004
2025-08-01 09:49:02 AM,177.21,151,26758.710000000003,83285898.76000004
2025-08-01 09:49:04 AM,177.21,570,101009.70000000001,83386908.46000004
2025-08-01 09:49:05 AM,177.33,0,0.0,83386908.46000004
2025-08-01 09:49:08 AM,177.25,0,0.0,83386908.46000004
2025-08-01 09:49:08 AM,177.25,330,58492.5,83445400.96000004
2025-08-01 09:49:09 AM,177.35,0,0.0,83445400.96000004
2025-08-01 09:49:10 AM,177.35,110,19508.5,83464909.46000004
2025-08-01 09:49:14 AM,177.22,301,53343.22,83518252.68000004
2025-08-01 09:49:17 AM,177.22,8,1417.76,83519670.44000004
2025-08-01 09:49:20 AM,177.3,0,0.0,83519670.44000004
2025-08-01 09:49:20 AM,177.3,24,4255.200000000001,83523925.64000005
2025-08-01 09:49:20 AM,177.27,0,0.0,83523925.64000005
2025-08-01 09:49:23 AM,177.27,80,14181.6,83538107.24000004
2025-08-01 09:49:26 AM,177.39,0,0.0,83538107.24000004
2025-08-01 09:49:26 AM,177.39,424,75213.36,83613320.60000004
2025-08-01 09:49:47 AM,177.4,0,0.0,83613320.60000004
2025-08-01 09:49:48 AM,177.4,22,3902.8,83617223.40000004
2025-08-01 09:49:51 AM,177.39,271,48072.689999999995,83665296.09000003
2025-08-01 09:49:53 AM,177.31,0,0.0,83665296.09000003
2025-08-01 09:49:54 AM,177.31,4132,732644.92,84397941.01000004
2025-08-01 09:49:58 AM,177.31,60,10638.6,84408579.61000003
2025-08-01 09:50:04 AM,177.29,0,0.0,84408579.61000003
2025-08-01 09:50:04 AM,177.29,25,4432.25,84413011.86000003
2025-08-01 09:50:07 AM,177.29,5,886.4499999999999,84413898.31000003
2025-08-01 09:50:11 AM,177.29,1,177.29,84414075.60000004
2025-08-01 09:50:17 AM,177.29,8,1418.32,84415493.92000003
2025-08-01 09:50:22 AM,177.34,0,0.0,84415493.92000003
2025-08-01 09:50:24 AM,177.34,10,1773.4,84417267.32000004
2025-08-01 09:50:34 AM,177.35,0,0.0,84417267.32000004
2025-08-01 09:50:36 AM,177.35,10,1773.5,84419040.82000004
2025-08-01 09:50:40 AM,177.34,0,0.0,84419040.82000004
2025-08-01 09:50:42 AM,177.39,0,0.0,84419040.82000004
2025-08-01 09:50:42 AM,177.39,2032,360456.48,84779497.30000004
2025-08-01 09:50:45 AM,177.35,0,0.0,84779497.30000004
2025-08-01 09:50:45 AM,177.35,113,20040.55,84799537.85000004
2025-08-01 09:50:48 AM,177.46,0,0.0,84799537.85000004
2025-08-01 09:50:49 AM,177.46,50,8873.0,84808410.85000004
2025-08-01 09:50:54 AM,177.4,0,0.0,84808410.85000004
2025-08-01 09:50:55 AM,177.37,15,2660.55,84811071.40000004
2025-08-01 09:50:57 AM,177.38,0,0.0,84811071.40000004
2025-08-01 09:50:57 AM,177.38,1,177.38,84811248.78000003
2025-08-01 09:50:58 AM,177.4,0,0.0,84811248.78000003
2025-08-01 09:51:03 AM,177.4,6,1064.4,84812313.18000004
2025-08-01 09:51:08 AM,177.4,3,532.2,84812845.38000004
2025-08-01 09:51:10 AM,177.4,50,8870.0,84821715.38000004
2025-08-01 09:51:14 AM,177.4,92,16320.800000000001,84838036.18000004
2025-08-01 09:51:16 AM,177.46,1388,246314.48,85084350.66000004
2025-08-01 09:51:20 AM,177.64,114,20250.96,85104601.62000003
2025-08-01 09:51:27 AM,177.62,0,0.0,85104601.62000003
2025-08-01 09:51:29 AM,177.62,15,2664.3,85107265.92000003
2025-08-01 09:51:30 AM,177.53,0,0.0,85107265.92000003
2025-08-01 09:51:33 AM,177.53,36,6391.08,85113657.00000003
2025-08-01 09:51:33 AM,177.6,0,0.0,85113657.00000003
2025-08-01 09:51:35 AM,177.45,290,51460.5,85165117.50000003
2025-08-01 09:51:38 AM,177.54,0,0.0,85165117.50000003
2025-08-01 09:51:39 AM,177.54,1,177.54,85165295.04000004
2025-08-01 09:51:50 AM,177.49,0,0.0,85165295.04000004
2025-08-01 09:51:52 AM,177.49,141,25026.09,85190321.13000004
2025-08-01 09:52:00 AM,177.34,39,6916.26,85197237.39000005
2025-08-01 09:52:01 AM,177.44,0,0.0,85197237.39000005
2025-08-01 09:52:03 AM,177.44,180,31939.2,85229176.59000005
2025-08-01 09:52:08 AM,177.31,0,0.0,85229176.59000005
2025-08-01 09:52:09 AM,177.31,161,28546.91,85257723.50000004
2025-08-01 09:52:12 AM,177.31,34,6028.54,85263752.04000005
2025-08-01 09:52:15 AM,177.3,0,0.0,85263752.04000005
2025-08-01 09:52:16 AM,177.3,7,1241.1000000000001,85264993.14000005
2025-08-01 09:52:28 AM,177.39,3,532.17,85265525.31000005
2025-08-01 09:52:40 AM,177.39,4,709.56,85266234.87000005
2025-08-01 09:52:46 AM,177.39,1,177.39,85266412.26000005
2025-08-01 09:53:00 AM,177.31,0,0.0,85266412.26000005
2025-08-01 09:53:01 AM,177.31,100,17731.0,85284143.26000005
2025-08-01 09:53:03 AM,177.28,0,0.0,85284143.26000005
2025-08-01 09:53:04 AM,177.28,112,19855.36,85303998.62000005
2025-08-01 09:53:06 AM,177.4,0,0.0,85303998.62000005
2025-08-01 09:53:06 AM,177.41,0,0.0,85303998.62000005
2025-08-01 09:53:07 AM,177.41,215,38143.15,85342141.77000006
2025-08-01 09:53:19 AM,177.23,0,0.0,85342141.77000006
2025-08-01 09:53:19 AM,177.23,127,22508.21,85364649.98000005
2025-08-01 09:53:22 AM,177.32,0,0.0,85364649.98000005
2025-08-01 09:53:23 AM,177.32,40,7092.799999999999,85371742.78000005
2025-08-01 09:53:25 AM,177.34,0,0.0,85371742.78000005
2025-08-01 09:53:28 AM,177.33,0,0.0,85371742.78000005
2025-08-01 09:53:29 AM,177.25,11,1949.75,85373692.53000005
2025-08-01 09:53:37 AM,177.24,0,0.0,85373692.53000005
2025-08-01 09:53:37 AM,177.24,194,34384.560000000005,85408077.09000005
2025-08-01 09:53:40 AM,177.15,0,0.0,85408077.09000005
2025-08-01 09:53:42 AM,177.18,2776,491851.68,85899928.77000006
2025-08-01 09:53:48 AM,177.18,25,4429.5,85904358.27000006
2025-08-01 09:53:58 AM,177.11,0,0.0,85904358.27000006
2025-08-01 09:54:01 AM,177.11,521,92274.31000000001,85996632.58000006
2025-08-01 09:54:04 AM,177.09,0,0.0,85996632.58000006
2025-08-01 09:54:07 AM,177.07,1130,200089.1,86196721.68000005
2025-08-01 09:54:08 AM,177.07,260,46038.2,86242759.88000005
2025-08-01 09:54:16 AM,177.02,0,0.0,86242759.88000005
2025-08-01 09:54:16 AM,177.1,0,0.0,86242759.88000005
2025-08-01 09:54:19 AM,177.08,0,0.0,86242759.88000005
2025-08-01 09:54:19 AM,177.08,403,71363.24,86314123.12000005
2025-08-01 09:54:26 AM,177.01,23,4071.2299999999996,86318194.35000005
2025-08-01 09:54:28 AM,177.08,0,0.0,86318194.35000005
2025-08-01 09:54:32 AM,177.02,65,11506.300000000001,86329700.65000005
2025-08-01 09:54:35 AM,177.08,0,0.0,86329700.65000005
2025-08-01 09:54:38 AM,177.1,0,0.0,86329700.65000005
2025-08-01 09:54:38 AM,177.1,979,173380.9,86503081.55000006
2025-08-01 09:54:39 AM,177.1,929,164525.9,86667607.45000006
2025-08-01 09:54:44 AM,177.1,547,96873.7,86764481.15000007
2025-08-01 09:54:50 AM,177.1,9,1593.8999999999999,86766075.05000007
2025-08-01 09:54:56 AM,177.16,0,0.0,86766075.05000007
2025-08-01 09:54:56 AM,177.16,2895,512878.2,87278953.25000007
2025-08-01 09:54:59 AM,177.27,0,0.0,87278953.25000007
2025-08-01 09:55:01 AM,177.25,70,12407.5,87291360.75000007
2025-08-01 09:55:05 AM,177.1,0,0.0,87291360.75000007
2025-08-01 09:55:08 AM,177.1,102,18064.2,87309424.95000008
2025-08-01 09:55:13 AM,177.1,277,49056.7,87358481.65000008
2025-08-01 09:55:17 AM,177.18,0,0.0,87358481.65000008
2025-08-01 09:55:19 AM,177.1,51,9032.1,87367513.75000007
2025-08-01 09:55:20 AM,177.07,0,0.0,87367513.75000007
2025-08-01 09:55:20 AM,177.07,828,146613.96,87514127.71000007
2025-08-01 09:55:28 AM,177.09,0,0.0,87514127.71000007
2025-08-01 09:55:31 AM,177.07,0,0.0,87514127.71000007
2025-08-01 09:55:31 AM,177.07,15,2656.0499999999997,87516783.76000006
2025-08-01 09:55:33 AM,177.02,0,0.0,87516783.76000006
2025-08-01 09:55:37 AM,177.02,172,30447.440000000002,87547231.20000006
2025-08-01 09:55:40 AM,177.06,0,0.0,87547231.20000006
2025-08-01 09:55:43 AM,177.06,26,4603.56,87551834.76000006
2025-08-01 09:55:44 AM,177.06,20,3541.2,87555375.96000007
2025-08-01 09:55:47 AM,177.07,0,0.0,87555375.96000007
2025-08-01 09:55:50 AM,177.02,0,0.0,87555375.96000007
2025-08-01 09:55:50 AM,177.02,52,9205.04,87564581.00000007
2025-08-01 09:55:53 AM,177.07,0,0.0,87564581.00000007
2025-08-01 09:55:55 AM,177.07,82,14519.74,87579100.74000007
2025-08-01 09:55:56 AM,177.07,250,44267.5,87623368.24000007
2025-08-01 09:56:01 AM,177.06,13,2301.78,87625670.02000007
2025-08-01 09:56:02 AM,177.07,10,1770.6999999999998,87627440.72000007
2025-08-01 09:56:05 AM,177.02,0,0.0,87627440.72000007
2025-08-01 09:56:07 AM,177.02,49,8673.980000000001,87636114.70000008
2025-08-01 09:56:11 AM,177.07,0,0.0,87636114.70000008
2025-08-01 09:56:13 AM,177.07,3,531.21,87636645.91000007
2025-08-01 09:56:17 AM,177.15,0,0.0,87636645.91000007
2025-08-01 09:56:19 AM,177.07,0,0.0,87636645.91000007
2025-08-01 09:56:19 AM,177.07,471,83399.97,87720045.88000007
2025-08-01 09:56:20 AM,177.07,26,4603.82,87724649.70000006
2025-08-01 09:56:23 AM,177.14,0,0.0,87724649.70000006
2025-08-01 09:56:25 AM,177.14,12,2125.68,87726775.38000007
2025-08-01 09:56:26 AM,177.15,0,0.0,87726775.38000007
2025-08-01 09:56:26 AM,177.15,10,1771.5,87728546.88000007
2025-08-01 09:56:32 AM,177.14,47,8325.58,87736872.46000007
2025-08-01 09:56:38 AM,177.07,111,19654.77,87756527.23000006
2025-08-01 09:56:40 AM,177.04,0,0.0,87756527.23000006
2025-08-01 09:56:43 AM,176.9,0,0.0,87756527.23000006
2025-08-01 09:56:43 AM,176.9,8603,1521870.7,89278397.93000007
2025-08-01 09:56:49 AM,176.89,29,5129.8099999999995,89283527.74000007
2025-08-01 09:57:01 AM,176.84,2503,442630.52,89726158.26000006
2025-08-01 09:57:03 AM,176.78,10,1767.8,89727926.06000006
2025-08-01 09:57:07 AM,176.89,0,0.0,89727926.06000006
2025-08-01 09:57:07 AM,176.89,3,530.67,89728456.73000006
2025-08-01 09:57:13 AM,176.89,500,88445.0,89816901.73000006
2025-08-01 09:57:19 AM,176.81,0,0.0,89816901.73000006
2025-08-01 09:57:19 AM,176.81,4,707.24,89817608.97000006
2025-08-01 09:57:24 AM,176.81,15,2652.15,89820261.12000006
2025-08-01 09:57:26 AM,176.81,154,27228.74,89847489.86000006
2025-08-01 09:57:30 AM,176.9,0,0.0,89847489.86000006
2025-08-01 09:57:30 AM,176.9,3,530.7,89848020.56000006
2025-08-01 09:57:35 AM,176.72,0,0.0,89848020.56000006
2025-08-01 09:57:36 AM,176.72,3000,530160.0,90378180.56000006
2025-08-01 09:57:42 AM,176.79,0,0.0,90378180.56000006
2025-08-01 09:57:42 AM,176.66,520,91863.2,90470043.76000006
2025-08-01 09:57:50 AM,176.82,0,0.0,90470043.76000006
2025-08-01 09:57:51 AM,176.82,20,3536.3999999999996,90473580.16000007
2025-08-01 09:57:54 AM,176.7,287,50712.899999999994,90524293.06000008
2025-08-01 09:57:57 AM,176.79,2015,356231.85,90880524.91000007
2025-08-01 09:57:58 AM,176.77,0,0.0,90880524.91000007
2025-08-01 09:58:00 AM,176.8,1037,183341.6,91063866.51000006
2025-08-01 09:58:03 AM,176.79,0,0.0,91063866.51000006
2025-08-01 09:58:03 AM,176.79,15,2651.85,91066518.36000006
2025-08-01 09:58:07 AM,176.79,20,3535.7999999999997,91070054.16000006
2025-08-01 09:58:09 AM,176.79,2000,353580.0,91423634.16000006
2025-08-01 09:58:12 AM,176.76,0,0.0,91423634.16000006
2025-08-01 09:58:13 AM,176.76,311,54972.36,91478606.52000006
2025-08-01 09:58:19 AM,176.79,1,176.79,91478783.31000006
2025-08-01 09:58:20 AM,176.85,0,0.0,91478783.31000006
2025-08-01 09:58:20 AM,176.75,0,0.0,91478783.31000006
2025-08-01 09:58:21 AM,176.75,195,34466.25,91513249.56000006
2025-08-01 09:58:25 AM,176.84,25,4421.0,91517670.56000006
2025-08-01 09:58:37 AM,176.84,385,68083.4,91585753.96000007
2025-08-01 09:58:40 AM,176.76,0,0.0,91585753.96000007
2025-08-01 09:58:40 AM,176.76,50,8838.0,91594591.96000007
2025-08-01 09:58:43 AM,176.84,0,0.0,91594591.96000007
2025-08-01 09:58:43 AM,176.84,5,884.2,91595476.16000007
2025-08-01 09:58:46 AM,176.84,546,96554.64,91692030.80000007
2025-08-01 09:58:48 AM,176.76,0,0.0,91692030.80000007
2025-08-01 09:58:48 AM,176.84,0,0.0,91692030.80000007
2025-08-01 09:58:49 AM,176.84,17,3006.28,91695037.08000007
2025-08-01 09:58:55 AM,176.84,50,8842.0,91703879.08000007
2025-08-01 09:58:58 AM,176.76,27,4772.5199999999995,91708651.60000007
2025-08-01 09:59:01 AM,176.8,560,99008.0,91807659.60000007
2025-08-01 09:59:04 AM,176.6,0,0.0,91807659.60000007
2025-08-01 09:59:04 AM,176.6,1841,325120.6,92132780.20000006
2025-08-01 09:59:07 AM,176.62,5,883.1,92133663.30000006
2025-08-01 09:59:10 AM,176.63,0,0.0,92133663.30000006
2025-08-01 09:59:10 AM,176.63,1,176.63,92133839.93000005
2025-08-01 09:59:16 AM,176.63,100,17663.0,92151502.93000005
2025-08-01 09:59:20 AM,176.6,200,35320.0,92186822.93000005
2025-08-01 09:59:23 AM,176.73,200,35346.0,92222168.93000005
2025-08-01 09:59:26 AM,176.64,0,0.0,92222168.93000005
2025-08-01 09:59:26 AM,176.64,50,8832.0,92231000.93000005
2025-08-01 09:59:33 AM,176.8,0,0.0,92231000.93000005
2025-08-01 09:59:35 AM,176.8,242,42785.600000000006,92273786.53000005
2025-08-01 09:59:38 AM,176.73,0,0.0,92273786.53000005
2025-08-01 09:59:39 AM,176.73,26,4594.98,92278381.51000005
2025-08-01 09:59:45 AM,176.67,0,0.0,92278381.51000005
2025-08-01 09:59:45 AM,176.67,350,61834.49999999999,92340216.01000005
2025-08-01 09:59:48 AM,176.79,20,3535.7999999999997,92343751.81000005
2025-08-01 10:00:03 AM,176.8,0,0.0,92343751.81000005
2025-08-01 10:00:03 AM,176.8,99,17503.2,92361255.01000005
2025-08-01 10:00:10 AM,176.8,83,14674.400000000001,92375929.41000006
2025-08-01 10:00:13 AM,176.82,0,0.0,92375929.41000006
2025-08-01 10:00:13 AM,176.82,147,25992.539999999997,92401921.95000006
2025-08-01 10:00:16 AM,176.73,488,86244.23999999999,92488166.19000006
2025-08-01 10:00:19 AM,176.77,0,0.0,92488166.19000006
2025-08-01 10:00:19 AM,176.8,1006,177860.80000000002,92666026.99000005
2025-08-01 10:00:23 AM,176.72,292,51602.24,92717629.23000005
2025-08-01 10:00:26 AM,176.72,40,7068.8,92724698.03000005
2025-08-01 10:00:29 AM,176.64,20,3532.7999999999997,92728230.83000004
2025-08-01 10:00:32 AM,176.73,4,706.92,92728937.75000004
2025-08-01 10:00:35 AM,176.73,226,39940.979999999996,92768878.73000005
2025-08-01 10:00:37 AM,176.82,0,0.0,92768878.73000005
2025-08-01 10:00:38 AM,176.82,280,49509.6,92818388.33000004
2025-08-01 10:00:41 AM,176.78,0,0.0,92818388.33000004
2025-08-01 10:00:41 AM,176.78,1,176.78,92818565.11000004
2025-08-01 10:00:42 AM,176.72,0,0.0,92818565.11000004
2025-08-01 10:00:45 AM,176.73,7,1237.11,92819802.22000004
2025-08-01 10:00:48 AM,176.72,0,0.0,92819802.22000004
2025-08-01 10:00:48 AM,176.72,1,176.72,92819978.94000004
2025-08-01 10:00:59 AM,176.8,0,0.0,92819978.94000004
2025-08-01 10:01:00 AM,176.8,1,176.8,92820155.74000004
2025-08-01 10:01:10 AM,176.9,7,1238.3,92821394.04000004
2025-08-01 10:01:13 AM,176.89,264,46698.96,92868093.00000003
2025-08-01 10:01:21 AM,176.94,0,0.0,92868093.00000003
2025-08-01 10:01:23 AM,176.94,207,36626.58,92904719.58000003
2025-08-01 10:01:31 AM,177.0,0,0.0,92904719.58000003
2025-08-01 10:01:31 AM,177.0,230,40710.0,92945429.58000003
2025-08-01 10:01:33 AM,176.91,0,0.0,92945429.58000003
2025-08-01 10:01:35 AM,176.99,11,1946.89,92947376.47000003
2025-08-01 10:01:36 AM,176.87,0,0.0,92947376.47000003
2025-08-01 10:01:40 AM,176.95,0,0.0,92947376.47000003
2025-08-01 10:01:41 AM,176.95,440,77858.0,93025234.47000003
2025-08-01 10:01:49 AM,176.95,206,36451.7,93061686.17000003
2025-08-01 10:01:54 AM,176.84,0,0.0,93061686.17000003
2025-08-01 10:01:54 AM,176.84,10,1768.4,93063454.57000004
2025-08-01 10:01:55 AM,176.95,40,7078.0,93070532.57000004
2025-08-01 10:02:01 AM,176.95,8,1415.6,93071948.17000003
2025-08-01 10:02:05 AM,176.87,0,0.0,93071948.17000003
2025-08-01 10:02:06 AM,176.89,0,0.0,93071948.17000003
2025-08-01 10:02:06 AM,176.89,25,4422.25,93076370.42000003
2025-08-01 10:02:08 AM,176.99,100,17699.0,93094069.42000003
2025-08-01 10:02:11 AM,176.98,0,0.0,93094069.42000003
2025-08-01 10:02:12 AM,176.98,5,884.9,93094954.32000004
2025-08-01 10:02:16 AM,176.99,0,0.0,93094954.32000004
2025-08-01 10:02:19 AM,176.99,1257,222476.43000000002,93317430.75000004
2025-08-01 10:02:20 AM,176.92,156,27599.519999999997,93345030.27000004
2025-08-01 10:02:29 AM,176.99,0,0.0,93345030.27000004
2025-08-01 10:02:31 AM,176.99,6,1061.94,93346092.21000004
2025-08-01 10:02:33 AM,176.99,2,353.98,93346446.19000004
2025-08-01 10:02:37 AM,176.95,463,81927.84999999999,93428374.04000004
2025-08-01 10:02:42 AM,176.99,0,0.0,93428374.04000004
2025-08-01 10:02:44 AM,176.99,58,10265.42,93438639.46000004
2025-08-01 10:02:51 AM,176.99,50,8849.5,93447488.96000004
2025-08-01 10:02:56 AM,176.95,0,0.0,93447488.96000004
2025-08-01 10:02:57 AM,176.95,67,11855.65,93459344.61000004
2025-08-01 10:02:59 AM,176.95,1,176.95,93459521.56000005
2025-08-01 10:03:04 AM,176.98,0,0.0,93459521.56000005
2025-08-01 10:03:05 AM,176.95,84,14863.8,93474385.36000004
2025-08-01 10:03:12 AM,176.99,0,0.0,93474385.36000004
2025-08-01 10:03:16 AM,176.99,7,1238.93,93475624.29000005
2025-08-01 10:03:18 AM,176.99,44,7787.56,93483411.85000005
2025-08-01 10:03:20 AM,177.0,0,0.0,93483411.85000005
2025-08-01 10:03:22 AM,177.21,2128,377102.88,93860514.73000005
2025-08-01 10:03:31 AM,177.19,0,0.0,93860514.73000005
2025-08-01 10:03:31 AM,177.19,135,23920.65,93884435.38000005
2025-08-01 10:03:35 AM,177.17,1,177.17,93884612.55000006
2025-08-01 10:03:44 AM,177.2,0,0.0,93884612.55000006
2025-08-01 10:03:44 AM,177.2,700,124039.99999999999,94008652.55000006
2025-08-01 10:03:47 AM,177.17,0,0.0,94008652.55000006
2025-08-01 10:03:48 AM,177.06,0,0.0,94008652.55000006
2025-08-01 10:03:48 AM,177.06,65,11508.9,94020161.45000006
2025-08-01 10:04:00 AM,177.18,0,0.0,94020161.45000006
2025-08-01 10:04:00 AM,177.18,41,7264.38,94027425.83000006
2025-08-01 10:04:06 AM,177.15,2,354.3,94027780.13000005
2025-08-01 10:04:12 AM,177.15,6,1062.9,94028843.03000006
2025-08-01 10:04:15 AM,177.15,5,885.75,94029728.78000006
2025-08-01 10:04:16 AM,176.9,0,0.0,94029728.78000006
2025-08-01 10:04:19 AM,176.9,11190,1979511.0,96009239.78000006
2025-08-01 10:04:31 AM,176.96,181,32029.760000000002,96041269.54000007
2025-08-01 10:04:44 AM,177.15,221,39150.15,96080419.69000007
2025-08-01 10:04:50 AM,177.15,400,70860.0,96151279.69000007
2025-08-01 10:04:52 AM,177.15,1,177.15,96151456.84000008
2025-08-01 10:05:04 AM,177.01,0,0.0,96151456.84000008
2025-08-01 10:05:05 AM,177.01,302,53457.02,96204913.86000007
2025-08-01 10:05:07 AM,177.16,0,0.0,96204913.86000007
2025-08-01 10:05:09 AM,177.23,899,159329.77,96364243.63000007
2025-08-01 10:05:15 AM,177.11,25,4427.75,96368671.38000007
2025-08-01 10:05:21 AM,177.09,0,0.0,96368671.38000007
2025-08-01 10:05:21 AM,177.09,64,11333.76,96380005.14000008
2025-08-01 10:05:27 AM,177.15,550,97432.5,96477437.64000008
2025-08-01 10:05:28 AM,177.2,0,0.0,96477437.64000008
2025-08-01 10:05:29 AM,177.2,109,19314.8,96496752.44000007
2025-08-01 10:05:39 AM,177.2,10,1772.0,96498524.44000007
2025-08-01 10:05:45 AM,177.15,600,106290.0,96604814.44000007
2025-08-01 10:05:51 AM,177.2,17,3012.3999999999996,96607826.84000008
2025-08-01 10:05:53 AM,177.15,0,0.0,96607826.84000008
2025-08-01 10:05:53 AM,177.2,20,3544.0,96611370.84000008
2025-08-01 10:05:56 AM,177.15,0,0.0,96611370.84000008
2025-08-01 10:05:57 AM,177.13,782,138515.66,96749886.50000007
2025-08-01 10:06:00 AM,177.03,19,3363.57,96753250.07000007
2025-08-01 10:06:03 AM,177.0,43,7611.0,96760861.07000007
2025-08-01 10:06:10 AM,177.08,0,0.0,96760861.07000007
2025-08-01 10:06:12 AM,177.08,6,1062.48,96761923.55000007
2025-08-01 10:06:15 AM,177.0,219,38763.0,96800686.55000007
2025-08-01 10:06:19 AM,176.99,0,0.0,96800686.55000007
2025-08-01 10:06:21 AM,177.0,17,3009.0,96803695.55000007
2025-08-01 10:06:31 AM,176.91,0,0.0,96803695.55000007
2025-08-01 10:06:33 AM,176.91,535,94646.84999999999,96898342.40000007
2025-08-01 10:06:35 AM,176.93,0,0.0,96898342.40000007
2025-08-01 10:06:35 AM,176.93,178,31493.54,96929835.94000007
2025-08-01 10:06:39 AM,176.73,0,0.0,96929835.94000007
2025-08-01 10:06:39 AM,176.73,2258,399056.33999999997,97328892.28000008
2025-08-01 10:06:43 AM,176.71,0,0.0,97328892.28000008
2025-08-01 10:06:45 AM,176.71,257,45414.47,97374306.75000007
2025-08-01 10:06:47 AM,176.7,136,24031.199999999997,97398337.95000008
2025-08-01 10:06:51 AM,176.78,613,108366.14,97506704.09000008
2025-08-01 10:06:53 AM,176.77,0,0.0,97506704.09000008
2025-08-01 10:06:53 AM,176.77,82,14495.140000000001,97521199.23000008
2025-08-01 10:06:57 AM,176.76,55,9721.8,97530921.03000008
2025-08-01 10:06:58 AM,176.75,0,0.0,97530921.03000008
2025-08-01 10:06:59 AM,176.82,24,4243.68,97535164.71000008
2025-08-01 10:07:03 AM,176.65,0,0.0,97535164.71000008
2025-08-01 10:07:03 AM,176.65,1185,209330.25,97744494.96000008
2025-08-01 10:07:05 AM,176.77,149,26338.730000000003,97770833.69000009
2025-08-01 10:07:09 AM,176.79,0,0.0,97770833.69000009
2025-08-01 10:07:10 AM,176.7,924,163270.8,97934104.49000008
2025-08-01 10:07:12 AM,176.7,180,31805.999999999996,97965910.49000008
2025-08-01 10:07:14 AM,176.72,0,0.0,97965910.49000008
2025-08-01 10:07:16 AM,176.81,456,80625.36,98046535.85000008
2025-08-01 10:07:18 AM,176.88,40,7075.2,98053611.05000009
2025-08-01 10:07:19 AM,176.77,0,0.0,98053611.05000009
2025-08-01 10:07:22 AM,176.73,931,164535.63,98218146.68000008
2025-08-01 10:07:24 AM,176.72,240,42412.8,98260559.48000008
2025-08-01 10:07:29 AM,176.7,893,157793.09999999998,98418352.58000007
2025-08-01 10:07:30 AM,176.8,235,41548.0,98459900.58000007
2025-08-01 10:07:32 AM,176.81,0,0.0,98459900.58000007
2025-08-01 10:07:35 AM,176.88,2809,496855.92,98956756.50000007
2025-08-01 10:07:36 AM,176.88,10,1768.8,98958525.30000007
2025-08-01 10:07:40 AM,176.73,0,0.0,98958525.30000007
2025-08-01 10:07:41 AM,176.73,24,4241.5199999999995,98962766.82000007
2025-08-01 10:07:42 AM,176.76,231,40831.56,99003598.38000007
2025-08-01 10:07:45 AM,176.77,0,0.0,99003598.38000007
2025-08-01 10:07:47 AM,176.76,177,31286.519999999997,99034884.90000007
2025-08-01 10:07:49 AM,176.66,463,81793.58,99116678.48000006
2025-08-01 10:07:50 AM,176.67,0,0.0,99116678.48000006
2025-08-01 10:07:51 AM,176.6,0,0.0,99116678.48000006
2025-08-01 10:07:53 AM,176.61,449,79297.89,99195976.37000006
2025-08-01 10:07:55 AM,176.65,932,164637.80000000002,99360614.17000006
2025-08-01 10:07:59 AM,176.72,841,148621.52,99509235.69000006
2025-08-01 10:08:00 AM,176.61,0,0.0,99509235.69000006
2025-08-01 10:08:01 AM,176.67,1619,286028.73,99795264.42000006
2025-08-01 10:08:04 AM,176.72,0,0.0,99795264.42000006
2025-08-01 10:08:05 AM,176.66,171,30208.86,99825473.28000006
2025-08-01 10:08:07 AM,176.7,118,20850.6,99846323.88000005
2025-08-01 10:08:12 AM,176.72,51,9012.72,99855336.60000005
2025-08-01 10:08:14 AM,176.71,122,21558.620000000003,99876895.22000006
2025-08-01 10:08:15 AM,176.72,0,0.0,99876895.22000006
2025-08-01 10:08:19 AM,176.84,0,0.0,99876895.22000006
2025-08-01 10:08:20 AM,176.91,0,0.0,99876895.22000006
2025-08-01 10:08:20 AM,176.91,196,34674.36,99911569.58000006
2025-08-01 10:08:24 AM,176.85,1265,223715.25,100135284.83000006
2025-08-01 10:08:34 AM,176.88,0,0.0,100135284.83000006
2025-08-01 10:08:36 AM,176.88,300,53064.0,100188348.83000006
2025-08-01 10:08:40 AM,176.96,0,0.0,100188348.83000006
2025-08-01 10:08:42 AM,176.96,5,884.8000000000001,100189233.63000005
2025-08-01 10:08:50 AM,176.96,111,19642.56,100208876.19000006
2025-08-01 10:08:58 AM,176.85,0,0.0,100208876.19000006
2025-08-01 10:09:00 AM,176.93,0,0.0,100208876.19000006
2025-08-01 10:09:00 AM,176.93,100,17693.0,100226569.19000006
2025-08-01 10:09:04 AM,176.85,0,0.0,100226569.19000006
2025-08-01 10:09:06 AM,176.85,6,1061.1,100227630.29000005
2025-08-01 10:09:10 AM,176.91,0,0.0,100227630.29000005
2025-08-01 10:09:12 AM,176.91,1,176.91,100227807.20000005
2025-08-01 10:09:14 AM,176.85,0,0.0,100227807.20000005
2025-08-01 10:09:18 AM,176.85,20,3537.0,100231344.20000005
2025-08-01 10:09:22 AM,177.04,0,0.0,100231344.20000005
2025-08-01 10:09:24 AM,177.04,1080,191203.19999999998,100422547.40000005
2025-08-01 10:09:38 AM,176.88,0,0.0,100422547.40000005
2025-08-01 10:09:41 AM,176.88,1000,176880.0,100599427.40000005
2025-08-01 10:09:52 AM,176.88,50,8844.0,100608271.40000005
2025-08-01 10:09:58 AM,176.99,0,0.0,100608271.40000005
2025-08-01 10:09:58 AM,176.99,1,176.99,100608448.39000005
2025-08-01 10:09:59 AM,176.97,0,0.0,100608448.39000005
2025-08-01 10:10:00 AM,176.97,3,530.91,100608979.30000004
2025-08-01 10:10:08 AM,176.88,0,0.0,100608979.30000004
2025-08-01 10:10:09 AM,176.94,189,33441.659999999996,100642420.96000004
2025-08-01 10:10:14 AM,176.88,0,0.0,100642420.96000004
2025-08-01 10:10:15 AM,176.88,20,3537.6,100645958.56000003
2025-08-01 10:10:22 AM,176.87,0,0.0,100645958.56000003
2025-08-01 10:10:23 AM,176.87,26,4598.62,100650557.18000004
2025-08-01 10:10:39 AM,176.8,500,88400.0,100738957.18000004
2025-08-01 10:10:41 AM,176.88,3,530.64,100739487.82000004
2025-08-01 10:10:51 AM,176.81,20,3536.2,100743024.02000004
2025-08-01 10:10:57 AM,176.88,0,0.0,100743024.02000004
2025-08-01 10:10:57 AM,176.88,50,8844.0,100751868.02000004
2025-08-01 10:11:01 AM,176.75,0,0.0,100751868.02000004
2025-08-01 10:11:03 AM,176.75,1000,176750.0,100928618.02000004
2025-08-01 10:11:07 AM,176.82,0,0.0,100928618.02000004
2025-08-01 10:11:10 AM,176.82,15,2652.2999999999997,100931270.32000004
2025-08-01 10:11:15 AM,176.9,5,884.5,100932154.82000004
2025-08-01 10:11:26 AM,176.9,170,30073.0,100962227.82000004
2025-08-01 10:11:30 AM,177.0,0,0.0,100962227.82000004
2025-08-01 10:11:31 AM,177.01,0,0.0,100962227.82000004
2025-08-01 10:11:32 AM,176.91,228,40335.479999999996,101002563.30000004
2025-08-01 10:11:33 AM,176.9,20,3538.0,101006101.30000004
2025-08-01 10:11:37 AM,176.99,0,0.0,101006101.30000004
2025-08-01 10:11:38 AM,176.99,1,176.99,101006278.29000004
2025-08-01 10:11:39 AM,177.01,13,2301.13,101008579.42000003
2025-08-01 10:11:43 AM,176.99,0,0.0,101008579.42000003
2025-08-01 10:11:44 AM,176.99,210,37167.9,101045747.32000004
2025-08-01 10:11:45 AM,177.01,23,4071.2299999999996,101049818.55000004
2025-08-01 10:11:49 AM,177.02,0,0.0,101049818.55000004
2025-08-01 10:11:50 AM,177.02,201,35581.020000000004,101085399.57000004
2025-08-01 10:11:55 AM,177.02,79,13984.58,101099384.15000004
2025-08-01 10:12:01 AM,177.01,16,2832.16,101102216.31000003
2025-08-01 10:12:07 AM,177.0,57,10089.0,101112305.31000003
2025-08-01 10:12:12 AM,176.93,0,0.0,101112305.31000003
2025-08-01 10:12:13 AM,176.93,100,17693.0,101129998.31000003
2025-08-01 10:12:19 AM,176.98,0,0.0,101129998.31000003
2025-08-01 10:12:19 AM,176.98,16,2831.68,101132829.99000004
2025-08-01 10:12:25 AM,177.0,60,10620.0,101143449.99000004
2025-08-01 10:12:36 AM,177.0,18,3186.0,101146635.99000004
2025-08-01 10:12:42 AM,176.98,5,884.9,101147520.89000005
2025-08-01 10:12:42 AM,177.0,40,7080.0,101154600.89000005
2025-08-01 10:12:48 AM,177.0,1450,256650.0,101411250.89000005
2025-08-01 10:12:54 AM,177.0,784,138768.0,101550018.89000005
2025-08-01 10:12:54 AM,177.0,214,37878.0,101587896.89000005
2025-08-01 10:12:59 AM,177.06,53,9384.18,101597281.07000005
2025-08-01 10:13:06 AM,177.0,348,61596.0,101658877.07000005
2025-08-01 10:13:10 AM,177.04,0,0.0,101658877.07000005
2025-08-01 10:13:11 AM,177.04,100,17704.0,101676581.07000005
2025-08-01 10:13:16 AM,176.98,0,0.0,101676581.07000005
2025-08-01 10:13:17 AM,176.98,100,17698.0,101694279.07000005
2025-08-01 10:13:28 AM,177.04,0,0.0,101694279.07000005
2025-08-01 10:13:29 AM,177.04,15,2655.6,101696934.67000005
2025-08-01 10:13:35 AM,177.04,10,1770.3999999999999,101698705.07000005
2025-08-01 10:13:47 AM,177.04,1,177.04,101698882.11000006
2025-08-01 10:13:53 AM,177.04,20,3540.7999999999997,101702422.91000006
2025-08-01 10:13:59 AM,177.04,154,27264.16,101729687.07000005
2025-08-01 10:14:01 AM,177.12,0,0.0,101729687.07000005
2025-08-01 10:14:04 AM,177.12,1,177.12,101729864.19000006
2025-08-01 10:14:07 AM,177.04,0,0.0,101729864.19000006
2025-08-01 10:14:10 AM,177.09,0,0.0,101729864.19000006
2025-08-01 10:14:10 AM,177.09,195,34532.55,101764396.74000005
2025-08-01 10:14:16 AM,177.09,1,177.09,101764573.83000006
2025-08-01 10:14:22 AM,177.0,0,0.0,101764573.83000006
2025-08-01 10:14:22 AM,177.0,356,63012.0,101827585.83000006
2025-08-01 10:14:27 AM,176.92,795,140651.4,101968237.23000006
2025-08-01 10:14:31 AM,177.03,0,0.0,101968237.23000006
2025-08-01 10:14:33 AM,177.03,5,885.15,101969122.38000007
2025-08-01 10:14:37 AM,177.0,0,0.0,101969122.38000007
2025-08-01 10:14:39 AM,177.0,3,531.0,101969653.38000007
2025-08-01 10:14:43 AM,176.99,0,0.0,101969653.38000007
2025-08-01 10:14:45 AM,176.9,109,19282.100000000002,101988935.48000006
2025-08-01 10:14:50 AM,176.98,13,2300.74,101991236.22000006
2025-08-01 10:14:54 AM,177.0,0,0.0,101991236.22000006
2025-08-01 10:14:56 AM,177.04,43,7612.719999999999,101998848.94000006
2025-08-01 10:14:57 AM,177.06,4,708.24,101999557.18000005
2025-08-01 10:15:12 AM,177.0,0,0.0,101999557.18000005
2025-08-01 10:15:13 AM,177.01,286,50624.86,102050182.04000005
2025-08-01 10:15:19 AM,177.12,0,0.0,102050182.04000005
2025-08-01 10:15:20 AM,177.12,11,1948.3200000000002,102052130.36000004
2025-08-01 10:15:26 AM,177.12,1,177.12,102052307.48000005
2025-08-01 10:15:26 AM,177.01,10,1770.1,102054077.58000004
2025-08-01 10:15:41 AM,177.12,0,0.0,102054077.58000004
2025-08-01 10:15:43 AM,177.01,0,0.0,102054077.58000004
2025-08-01 10:15:44 AM,177.01,69,12213.689999999999,102066291.27000004
2025-08-01 10:15:50 AM,177.01,225,39827.25,102106118.52000004
2025-08-01 10:15:51 AM,177.16,0,0.0,102106118.52000004
2025-08-01 10:15:54 AM,177.03,0,0.0,102106118.52000004
2025-08-01 10:15:56 AM,177.05,1192,211043.6,102317162.12000003
2025-08-01 10:16:06 AM,177.2,0,0.0,102317162.12000003
2025-08-01 10:16:07 AM,177.2,159,28174.8,102345336.92000003
2025-08-01 10:16:10 AM,177.23,0,0.0,102345336.92000003
2025-08-01 10:16:12 AM,177.24,0,0.0,102345336.92000003
2025-08-01 10:16:13 AM,177.24,1430,253453.2,102598790.12000003
2025-08-01 10:16:18 AM,177.23,0,0.0,102598790.12000003
2025-08-01 10:16:19 AM,177.25,0,0.0,102598790.12000003
2025-08-01 10:16:19 AM,177.25,51,9039.75,102607829.87000003
2025-08-01 10:16:22 AM,177.2,0,0.0,102607829.87000003
2025-08-01 10:16:25 AM,177.38,2373,420922.74,103028752.61000003
2025-08-01 10:16:31 AM,177.28,0,0.0,103028752.61000003
2025-08-01 10:16:31 AM,177.28,2,354.56,103029107.17000003
2025-08-01 10:16:37 AM,177.29,5,886.4499999999999,103029993.62000003
2025-08-01 10:16:39 AM,177.28,0,0.0,103029993.62000003
2025-08-01 10:16:42 AM,177.2,0,0.0,103029993.62000003
2025-08-01 10:16:42 AM,177.2,2269,402066.8,103432060.42000003
2025-08-01 10:16:43 AM,177.28,0,0.0,103432060.42000003
2025-08-01 10:16:45 AM,177.27,0,0.0,103432060.42000003
2025-08-01 10:16:48 AM,177.27,515,91294.05,103523354.47000003
2025-08-01 10:16:52 AM,177.16,0,0.0,103523354.47000003
2025-08-01 10:16:53 AM,177.3,0,0.0,103523354.47000003
2025-08-01 10:16:53 AM,177.3,108,19148.4,103542502.87000003
2025-08-01 10:16:57 AM,177.16,0,0.0,103542502.87000003
2025-08-01 10:16:59 AM,177.16,205,36317.8,103578820.67000003
2025-08-01 10:17:06 AM,177.24,0,0.0,103578820.67000003
2025-08-01 10:17:10 AM,177.24,1,177.24,103578997.91000003
2025-08-01 10:17:21 AM,177.19,0,0.0,103578997.91000003
2025-08-01 10:17:22 AM,177.19,2,354.38,103579352.29000002
2025-08-01 10:17:22 AM,177.19,2,354.38,103579706.67000002
2025-08-01 10:17:24 AM,177.2,0,0.0,103579706.67000002
2025-08-01 10:17:27 AM,177.11,0,0.0,103579706.67000002
2025-08-01 10:17:28 AM,177.11,79,13991.69,103593698.36000001
2025-08-01 10:17:30 AM,177.24,0,0.0,103593698.36000001
2025-08-01 10:17:33 AM,177.24,69,12229.560000000001,103605927.92000002
2025-08-01 10:17:42 AM,177.14,0,0.0,103605927.92000002
2025-08-01 10:17:43 AM,177.22,0,0.0,103605927.92000002
2025-08-01 10:17:45 AM,177.22,216,38279.52,103644207.44000001
2025-08-01 10:18:01 AM,177.21,0,0.0,103644207.44000001
2025-08-01 10:18:02 AM,177.21,101,17898.21,103662105.65
2025-08-01 10:18:06 AM,177.12,0,0.0,103662105.65
2025-08-01 10:18:06 AM,177.21,0,0.0,103662105.65
2025-08-01 10:18:08 AM,177.21,33,5847.93,103667953.58000001
2025-08-01 10:18:10 AM,177.22,0,0.0,103667953.58000001
2025-08-01 10:18:12 AM,177.21,0,0.0,103667953.58000001
2025-08-01 10:18:14 AM,177.2,161,28529.199999999997,103696482.78000002
2025-08-01 10:18:20 AM,177.13,30,5313.9,103701796.68000002
2025-08-01 10:18:22 AM,177.15,0,0.0,103701796.68000002
2025-08-01 10:18:26 AM,177.15,5,885.75,103702682.43000002
2025-08-01 10:18:30 AM,177.2,0,0.0,103702682.43000002
2025-08-01 10:18:31 AM,177.2,100,17720.0,103720402.43000002
2025-08-01 10:18:37 AM,177.21,0,0.0,103720402.43000002
2025-08-01 10:18:37 AM,177.21,265,46960.65,103767363.08000003
2025-08-01 10:18:40 AM,177.2,0,0.0,103767363.08000003
2025-08-01 10:18:43 AM,177.2,100,17720.0,103785083.08000003
2025-08-01 10:18:46 AM,177.21,0,0.0,103785083.08000003
2025-08-01 10:18:49 AM,177.21,13,2303.73,103787386.81000003
2025-08-01 10:18:50 AM,177.15,0,0.0,103787386.81000003
2025-08-01 10:18:53 AM,177.22,0,0.0,103787386.81000003
2025-08-01 10:18:54 AM,177.22,353,62558.659999999996,103849945.47000003
2025-08-01 10:19:00 AM,177.22,269,47672.18,103897617.65000004
2025-08-01 10:19:06 AM,177.22,30,5316.6,103902934.25000003
2025-08-01 10:19:08 AM,177.28,0,0.0,103902934.25000003
2025-08-01 10:19:11 AM,177.28,430,76230.4,103979164.65000004
2025-08-01 10:19:32 AM,177.3,0,0.0,103979164.65000004
2025-08-01 10:19:35 AM,177.3,30,5319.0,103984483.65000004
2025-08-01 10:19:40 AM,177.36,0,0.0,103984483.65000004
2025-08-01 10:19:40 AM,177.36,1000,177360.0,104161843.65000004
2025-08-01 10:19:47 AM,177.33,0,0.0,104161843.65000004
2025-08-01 10:19:47 AM,177.33,3030,537309.9,104699153.55000004
2025-08-01 10:19:50 AM,177.3,0,0.0,104699153.55000004
2025-08-01 10:19:52 AM,177.28,32,5672.96,104704826.51000004
2025-08-01 10:19:53 AM,177.28,3,531.84,104705358.35000004
2025-08-01 10:19:57 AM,177.34,5,886.7,104706245.05000004
2025-08-01 10:20:07 AM,177.27,0,0.0,104706245.05000004
2025-08-01 10:20:08 AM,177.34,0,0.0,104706245.05000004
2025-08-01 10:20:08 AM,177.34,111,19684.74,104725929.79000004
2025-08-01 10:20:21 AM,177.34,20,3546.8,104729476.59000003
2025-08-01 10:20:23 AM,177.35,0,0.0,104729476.59000003
2025-08-01 10:20:25 AM,177.35,20,3547.0,104733023.59000003
2025-08-01 10:20:31 AM,177.33,0,0.0,104733023.59000003
2025-08-01 10:20:31 AM,177.33,30,5319.900000000001,104738343.49000004
2025-08-01 10:20:37 AM,177.25,0,0.0,104738343.49000004
2025-08-01 10:20:37 AM,177.25,15,2658.75,104741002.24000004
2025-08-01 10:20:39 AM,177.34,100,17734.0,104758736.24000004
2025-08-01 10:20:43 AM,177.35,0,0.0,104758736.24000004
2025-08-01 10:20:44 AM,177.35,387,68634.45,104827370.69000004
2025-08-01 10:20:48 AM,177.34,0,0.0,104827370.69000004
2025-08-01 10:20:50 AM,177.34,10,1773.4,104829144.09000005
2025-08-01 10:20:51 AM,177.34,33,5852.22,104834996.31000005
2025-08-01 10:20:55 AM,177.34,32,5674.88,104840671.19000004
2025-08-01 10:20:57 AM,177.35,100,17735.0,104858406.19000004
2025-08-01 10:21:01 AM,177.35,22,3901.7,104862307.89000005
2025-08-01 10:21:03 AM,177.35,70,12414.5,104874722.39000005
2025-08-01 10:21:08 AM,177.35,20,3547.0,104878269.39000005
2025-08-01 10:21:12 AM,177.35,8,1418.8,104879688.19000004
2025-08-01 10:21:14 AM,177.34,20,3546.8,104883234.99000004
2025-08-01 10:21:23 AM,177.34,100,17734.0,104900968.99000004
2025-08-01 10:21:25 AM,177.34,27,4788.18,104905757.17000005
2025-08-01 10:21:28 AM,177.34,44,7802.96,104913560.13000004
2025-08-01 10:21:36 AM,177.34,196,34758.64,104948318.77000004
2025-08-01 10:21:39 AM,177.28,100,17728.0,104966046.77000004
2025-08-01 10:21:41 AM,177.34,2,354.68,104966401.45000005
2025-08-01 10:21:46 AM,177.31,0,0.0,104966401.45000005
2025-08-01 10:21:47 AM,177.31,3,531.9300000000001,104966933.38000005
2025-08-01 10:21:57 AM,177.22,5062,897087.64,105864021.02000006
2025-08-01 10:21:59 AM,177.2,42,7442.4,105871463.42000006
2025-08-01 10:22:01 AM,177.28,0,0.0,105871463.42000006
2025-08-01 10:22:02 AM,177.31,103,18262.93,105889726.35000007
2025-08-01 10:22:07 AM,177.34,0,0.0,105889726.35000007
2025-08-01 10:22:08 AM,177.34,531,94167.54000000001,105983893.89000008
2025-08-01 10:22:14 AM,177.34,41,7270.9400000000005,105991164.83000007
2025-08-01 10:22:22 AM,177.34,7,1241.38,105992406.21000007
2025-08-01 10:22:28 AM,177.34,25,4433.5,105996839.71000007
2025-08-01 10:22:31 AM,177.34,5,886.7,105997726.41000007
2025-08-01 10:22:37 AM,177.25,0,0.0,105997726.41000007
2025-08-01 10:22:37 AM,177.25,475,84193.75,106081920.16000007
2025-08-01 10:22:39 AM,177.23,20,3544.6,106085464.76000006
2025-08-01 10:22:40 AM,177.21,0,0.0,106085464.76000006
2025-08-01 10:22:42 AM,177.21,10,1772.1000000000001,106087236.86000006
2025-08-01 10:22:45 AM,177.29,3,531.87,106087768.73000006
2025-08-01 10:22:51 AM,177.34,0,0.0,106087768.73000006
2025-08-01 10:22:53 AM,177.34,540,95763.6,106183532.33000006
2025-08-01 10:23:01 AM,177.35,150,26602.5,106210134.83000006
2025-08-01 10:23:04 AM,177.35,71,12591.85,106222726.68000005
2025-08-01 10:23:06 AM,177.34,0,0.0,106222726.68000005
2025-08-01 10:23:07 AM,177.34,100,17734.0,106240460.68000005
2025-08-01 10:23:10 AM,177.34,1500,266010.0,106506470.68000005
2025-08-01 10:23:12 AM,177.32,0,0.0,106506470.68000005
2025-08-01 10:23:13 AM,177.32,2,354.64,106506825.32000005
2025-08-01 10:23:15 AM,177.31,1,177.31,106507002.63000005
2025-08-01 10:23:21 AM,177.29,2,354.58,106507357.21000005
2025-08-01 10:23:24 AM,177.29,1,177.29,106507534.50000006
2025-08-01 10:23:27 AM,177.3,0,0.0,106507534.50000006
2025-08-01 10:23:27 AM,177.3,46,8155.8,106515690.30000006
2025-08-01 10:23:30 AM,177.25,114,20206.5,106535896.80000006
2025-08-01 10:23:34 AM,177.3,0,0.0,106535896.80000006
2025-08-01 10:23:36 AM,177.3,2,354.6,106536251.40000005
2025-08-01 10:23:37 AM,177.25,0,0.0,106536251.40000005
2025-08-01 10:23:38 AM,177.25,100,17725.0,106553976.40000005
2025-08-01 10:23:41 AM,177.25,123,21801.75,106575778.15000005
2025-08-01 10:23:44 AM,177.21,86,15240.060000000001,106591018.21000005
2025-08-01 10:23:49 AM,177.2,0,0.0,106591018.21000005
2025-08-01 10:23:49 AM,177.2,69,12226.8,106603245.01000005
2025-08-01 10:23:55 AM,177.25,18,3190.5,106606435.51000005
2025-08-01 10:24:15 AM,177.25,10,1772.5,106608208.01000005
2025-08-01 10:24:22 AM,177.25,19,3367.75,106611575.76000005
2025-08-01 10:24:26 AM,177.25,1044,185049.0,106796624.76000005
2025-08-01 10:24:31 AM,177.25,831,147294.75,106943919.51000005
2025-08-01 10:24:33 AM,177.3,1,177.3,106944096.81000005
2025-08-01 10:24:39 AM,177.3,15,2659.5,106946756.31000005
2025-08-01 10:24:44 AM,177.3,4,709.2,106947465.51000005
2025-08-01 10:24:47 AM,177.3,104,18439.2,106965904.71000005
2025-08-01 10:24:53 AM,177.3,100,17730.0,106983634.71000005
2025-08-01 10:24:55 AM,177.3,5,886.5,106984521.21000005
2025-08-01 10:24:58 AM,177.3,5,886.5,106985407.71000005
2025-08-01 10:25:01 AM,177.23,0,0.0,106985407.71000005
2025-08-01 10:25:01 AM,177.3,37,6560.1,106991967.81000005
2025-08-01 10:25:10 AM,177.2,0,0.0,106991967.81000005
2025-08-01 10:25:10 AM,177.2,404,71588.79999999999,107063556.61000004
2025-08-01 10:25:16 AM,177.28,0,0.0,107063556.61000004
2025-08-01 10:25:16 AM,177.28,105,18614.4,107082171.01000005
2025-08-01 10:25:19 AM,177.29,1,177.29,107082348.30000006
2025-08-01 10:25:22 AM,177.21,0,0.0,107082348.30000006
2025-08-01 10:25:22 AM,177.21,25,4430.25,107086778.55000006
2025-08-01 10:25:31 AM,177.29,0,0.0,107086778.55000006
2025-08-01 10:25:33 AM,177.29,4,709.16,107087487.71000005
2025-08-01 10:25:35 AM,177.3,0,0.0,107087487.71000005
2025-08-01 10:25:35 AM,177.3,500,88650.0,107176137.71000005
2025-08-01 10:25:41 AM,177.3,282,49998.600000000006,107226136.31000005
2025-08-01 10:25:44 AM,177.3,16,2836.8,107228973.11000004
2025-08-01 10:25:47 AM,177.24,300,53172.0,107282145.11000004
2025-08-01 10:25:47 AM,177.3,0,0.0,107282145.11000004
2025-08-01 10:25:50 AM,177.3,23,4077.9,107286223.01000005
2025-08-01 10:25:52 AM,177.3,15,2659.5,107288882.51000005
2025-08-01 10:25:55 AM,177.21,0,0.0,107288882.51000005
2025-08-01 10:25:55 AM,177.21,200,35442.0,107324324.51000005
2025-08-01 10:25:57 AM,177.3,10,1773.0,107326097.51000005
2025-08-01 10:26:06 AM,177.3,10,1773.0,107327870.51000005
2025-08-01 10:26:08 AM,177.24,0,0.0,107327870.51000005
2025-08-01 10:26:08 AM,177.3,23,4077.9,107331948.41000006
2025-08-01 10:26:23 AM,177.3,1,177.3,107332125.71000005
2025-08-01 10:26:29 AM,177.3,10,1773.0,107333898.71000005
2025-08-01 10:26:31 AM,177.3,10,1773.0,107335671.71000005
2025-08-01 10:26:40 AM,177.3,4,709.2,107336380.91000006
2025-08-01 10:26:52 AM,177.25,0,0.0,107336380.91000006
2025-08-01 10:26:52 AM,177.25,58,10280.5,107346661.41000006
2025-08-01 10:26:53 AM,177.3,0,0.0,107346661.41000006
2025-08-01 10:26:54 AM,177.3,5,886.5,107347547.91000006
2025-08-01 10:27:03 AM,177.3,13,2304.9,107349852.81000006
2025-08-01 10:27:09 AM,177.3,100,17730.0,107367582.81000006
2025-08-01 10:27:12 AM,177.3,7,1241.1000000000001,107368823.91000006
2025-08-01 10:27:22 AM,177.25,0,0.0,107368823.91000006
2025-08-01 10:27:23 AM,177.25,42,7444.5,107376268.41000006
2025-08-01 10:27:25 AM,177.35,0,0.0,107376268.41000006
2025-08-01 10:27:25 AM,177.35,90,15961.5,107392229.91000006
2025-08-01 10:27:36 AM,177.32,3,531.96,107392761.87000005
2025-08-01 10:27:41 AM,177.25,0,0.0,107392761.87000005
2025-08-01 10:27:42 AM,177.25,502,88979.5,107481741.37000005
2025-08-01 10:27:49 AM,177.32,0,0.0,107481741.37000005
2025-08-01 10:27:50 AM,177.32,25,4433.0,107486174.37000005
2025-08-01 10:28:02 AM,177.34,0,0.0,107486174.37000005
2025-08-01 10:28:03 AM,177.34,1,177.34,107486351.71000005
2025-08-01 10:28:16 AM,177.25,0,0.0,107486351.71000005
2025-08-01 10:28:17 AM,177.34,0,0.0,107486351.71000005
2025-08-01 10:28:17 AM,177.34,25,4433.5,107490785.21000005
2025-08-01 10:28:19 AM,177.25,0,0.0,107490785.21000005
2025-08-01 10:28:20 AM,177.25,10,1772.5,107492557.71000005
2025-08-01 10:28:34 AM,177.34,0,0.0,107492557.71000005
2025-08-01 10:28:34 AM,177.34,108,19152.72,107511710.43000005
2025-08-01 10:28:36 AM,177.32,3,531.96,107512242.39000005
2025-08-01 10:28:39 AM,177.34,50,8867.0,107521109.39000005
2025-08-01 10:28:45 AM,177.15,1662,294423.3,107815532.69000004
2025-08-01 10:28:59 AM,177.19,0,0.0,107815532.69000004
2025-08-01 10:28:59 AM,177.19,20,3543.8,107819076.49000004
2025-08-01 10:29:10 AM,177.19,60,10631.4,107829707.89000005
2025-08-01 10:29:16 AM,177.19,10,1771.9,107831479.79000005
2025-08-01 10:29:18 AM,177.14,14,2479.96,107833959.75000004
2025-08-01 10:29:29 AM,177.2,0,0.0,107833959.75000004
2025-08-01 10:29:29 AM,177.2,29,5138.799999999999,107839098.55000004
2025-08-01 10:29:40 AM,177.2,1,177.2,107839275.75000004
2025-08-01 10:29:43 AM,177.2,57,10100.4,107849376.15000005
2025-08-01 10:29:47 AM,177.15,0,0.0,107849376.15000005
2025-08-01 10:29:49 AM,177.2,61,10809.199999999999,107860185.35000005
2025-08-01 10:30:03 AM,177.2,1,177.2,107860362.55000006
2025-08-01 10:30:06 AM,177.2,70,12404.0,107872766.55000006
2025-08-01 10:30:08 AM,177.15,5,885.75,107873652.30000006
2025-08-01 10:30:20 AM,177.1,0,0.0,107873652.30000006
2025-08-01 10:30:20 AM,177.1,50,8855.0,107882507.30000006
2025-08-01 10:30:27 AM,177.2,0,0.0,107882507.30000006
2025-08-01 10:30:28 AM,177.4,7301,1295197.4000000001,109177704.70000006
2025-08-01 10:30:37 AM,177.36,0,0.0,109177704.70000006
2025-08-01 10:30:37 AM,177.36,100,17736.0,109195440.70000006
2025-08-01 10:30:46 AM,177.26,90,15953.4,109211394.10000007
2025-08-01 10:30:51 AM,177.2,0,0.0,109211394.10000007
2025-08-01 10:30:51 AM,177.2,25,4430.0,109215824.10000007
2025-08-01 10:31:06 AM,177.2,2000,354400.0,109570224.10000007
2025-08-01 10:31:12 AM,177.2,30,5316.0,109575540.10000007
2025-08-01 10:31:16 AM,177.31,0,0.0,109575540.10000007
2025-08-01 10:31:18 AM,177.2,201,35617.2,109611157.30000007
2025-08-01 10:31:23 AM,177.2,10,1772.0,109612929.30000007
2025-08-01 10:31:26 AM,177.31,0,0.0,109612929.30000007
2025-08-01 10:31:26 AM,177.31,20,3546.2,109616475.50000007
2025-08-01 10:31:34 AM,177.28,0,0.0,109616475.50000007
2025-08-01 10:31:34 AM,177.28,100,17728.0,109634203.50000007
2025-08-01 10:31:36 AM,177.29,0,0.0,109634203.50000007
2025-08-01 10:31:37 AM,177.2,52,9214.4,109643417.90000008
2025-08-01 10:31:48 AM,177.17,40,7086.799999999999,109650504.70000008
2025-08-01 10:31:50 AM,177.28,0,0.0,109650504.70000008
2025-08-01 10:31:51 AM,177.28,4,709.12,109651213.82000008
2025-08-01 10:31:54 AM,177.28,36,6382.08,109657595.90000008
2025-08-01 10:31:57 AM,177.28,10,1772.8,109659368.70000008
2025-08-01 10:32:01 AM,177.43,185,32824.55,109692193.25000007
2025-08-01 10:32:07 AM,177.48,260,46144.799999999996,109738338.05000007
2025-08-01 10:32:11 AM,177.47,1,177.47,109738515.52000007
2025-08-01 10:32:11 AM,177.49,0,0.0,109738515.52000007
2025-08-01 10:32:14 AM,177.49,110,19523.9,109758039.42000008
2025-08-01 10:32:17 AM,177.43,0,0.0,109758039.42000008
2025-08-01 10:32:21 AM,177.43,152,26969.36,109785008.78000008
2025-08-01 10:32:24 AM,177.43,1,177.43,109785186.21000008
2025-08-01 10:32:27 AM,177.43,10,1774.3000000000002,109786960.51000008
2025-08-01 10:32:28 AM,177.36,0,0.0,109786960.51000008
2025-08-01 10:32:30 AM,177.44,39,6920.16,109793880.67000008
2025-08-01 10:32:40 AM,177.44,100,17744.0,109811624.67000008
2025-08-01 10:32:43 AM,177.48,0,0.0,109811624.67000008
2025-08-01 10:32:43 AM,177.48,34,6034.32,109817658.99000007
2025-08-01 10:32:46 AM,177.43,100,17743.0,109835401.99000007
2025-08-01 10:32:48 AM,177.5,1982,351805.0,110187206.99000007
2025-08-01 10:32:51 AM,177.58,2,355.16,110187562.15000007
2025-08-01 10:32:57 AM,177.59,153,27171.27,110214733.42000006
2025-08-01 10:33:00 AM,177.53,982,174334.46,110389067.88000005
2025-08-01 10:33:03 AM,177.52,837,148584.24000000002,110537652.12000005
2025-08-01 10:33:07 AM,177.43,0,0.0,110537652.12000005
2025-08-01 10:33:08 AM,177.43,525,93150.75,110630802.87000005
2025-08-01 10:33:10 AM,177.54,0,0.0,110630802.87000005
2025-08-01 10:33:11 AM,177.54,25,4438.5,110635241.37000005
2025-08-01 10:33:14 AM,177.54,2,355.08,110635596.45000005
2025-08-01 10:33:16 AM,177.44,0,0.0,110635596.45000005
2025-08-01 10:33:16 AM,177.44,432,76654.08,110712250.53000005
2025-08-01 10:33:18 AM,177.5,0,0.0,110712250.53000005
2025-08-01 10:33:19 AM,177.5,10,1775.0,110714025.53000005
2025-08-01 10:33:24 AM,177.43,0,0.0,110714025.53000005
2025-08-01 10:33:24 AM,177.52,0,0.0,110714025.53000005
2025-08-01 10:33:25 AM,177.52,139,24675.280000000002,110738700.81000005
2025-08-01 10:33:30 AM,177.53,0,0.0,110738700.81000005
2025-08-01 10:33:30 AM,177.53,5,887.65,110739588.46000005
2025-08-01 10:33:35 AM,177.52,0,0.0,110739588.46000005
2025-08-01 10:33:36 AM,177.52,8,1420.16,110741008.62000005
2025-08-01 10:33:38 AM,177.44,350,62104.0,110803112.62000005
2025-08-01 10:33:44 AM,177.51,99,17573.489999999998,110820686.11000004
2025-08-01 10:33:47 AM,177.51,150,26626.5,110847312.61000004
2025-08-01 10:33:49 AM,177.6,0,0.0,110847312.61000004
2025-08-01 10:33:49 AM,177.65,0,0.0,110847312.61000004
2025-08-01 10:33:49 AM,177.65,1217,216200.05000000002,111063512.66000004
2025-08-01 10:33:51 AM,177.6,0,0.0,111063512.66000004
2025-08-01 10:33:53 AM,177.6,83,14740.8,111078253.46000004
2025-08-01 10:33:53 AM,177.5,0,0.0,111078253.46000004
2025-08-01 10:33:55 AM,177.5,50,8875.0,111087128.46000004
2025-08-01 10:33:57 AM,177.59,0,0.0,111087128.46000004
2025-08-01 10:33:59 AM,177.59,7,1243.13,111088371.59000003
2025-08-01 10:34:01 AM,177.54,0,0.0,111088371.59000003
2025-08-01 10:34:04 AM,177.54,23,4083.4199999999996,111092455.01000004
2025-08-01 10:34:10 AM,177.47,535,94946.45,111187401.46000004
2025-08-01 10:34:21 AM,177.59,100,17759.0,111205160.46000004
2025-08-01 10:34:26 AM,177.47,0,0.0,111205160.46000004
2025-08-01 10:34:27 AM,177.47,130,23071.1,111228231.56000003
2025-08-01 10:34:28 AM,177.47,50,8873.5,111237105.06000003
2025-08-01 10:34:32 AM,177.59,0,0.0,111237105.06000003
2025-08-01 10:34:32 AM,177.59,25,4439.75,111241544.81000003
2025-08-01 10:34:34 AM,177.59,4,710.36,111242255.17000003
2025-08-01 10:34:38 AM,177.59,17,3019.03,111245274.20000003
2025-08-01 10:34:41 AM,177.65,0,0.0,111245274.20000003
2025-08-01 10:34:44 AM,177.58,310,55049.8,111300324.00000003
2025-08-01 10:34:52 AM,177.5,1,177.5,111300501.50000003
2025-08-01 10:34:53 AM,177.6,0,0.0,111300501.50000003
2025-08-01 10:34:55 AM,177.6,135,23976.0,111324477.50000003
2025-08-01 10:34:57 AM,177.64,0,0.0,111324477.50000003
2025-08-01 10:34:58 AM,177.65,2,355.3,111324832.80000003
2025-08-01 10:34:59 AM,177.6,0,0.0,111324832.80000003
2025-08-01 10:35:01 AM,177.6,152,26995.2,111351828.00000003
2025-08-01 10:35:03 AM,177.58,271,48124.18,111399952.18000004
2025-08-01 10:35:06 AM,177.59,79,14029.61,111413981.79000004
2025-08-01 10:35:07 AM,177.63,0,0.0,111413981.79000004
2025-08-01 10:35:09 AM,177.63,55,9769.65,111423751.44000004
2025-08-01 10:35:17 AM,177.6,0,0.0,111423751.44000004
2025-08-01 10:35:18 AM,177.6,105,18648.0,111442399.44000004
2025-08-01 10:35:22 AM,177.63,0,0.0,111442399.44000004
2025-08-01 10:35:23 AM,177.63,100,17763.0,111460162.44000004
2025-08-01 10:35:25 AM,177.56,0,0.0,111460162.44000004
2025-08-01 10:35:26 AM,177.56,10,1775.6,111461938.04000004
2025-08-01 10:35:28 AM,177.5,0,0.0,111461938.04000004
2025-08-01 10:35:29 AM,177.5,1524,270510.0,111732448.04000004
2025-08-01 10:35:37 AM,177.43,310,55003.3,111787451.34000003
2025-08-01 10:35:39 AM,177.46,0,0.0,111787451.34000003
2025-08-01 10:35:41 AM,177.46,20,3549.2000000000003,111791000.54000004
2025-08-01 10:35:46 AM,177.35,0,0.0,111791000.54000004
2025-08-01 10:35:46 AM,177.35,105,18621.75,111809622.29000004
2025-08-01 10:35:52 AM,177.32,0,0.0,111809622.29000004
2025-08-01 10:35:52 AM,177.32,104,18441.28,111828063.57000004
2025-08-01 10:36:04 AM,177.33,0,0.0,111828063.57000004
2025-08-01 10:36:05 AM,177.33,2,354.66,111828418.23000003
2025-08-01 10:36:06 AM,177.3,0,0.0,111828418.23000003
2025-08-01 10:36:08 AM,177.3,250,44325.0,111872743.23000003
2025-08-01 10:36:14 AM,177.3,50,8865.0,111881608.23000003
2025-08-01 10:36:26 AM,177.34,0,0.0,111881608.23000003
2025-08-01 10:36:28 AM,177.44,410,72750.4,111954358.63000004
2025-08-01 10:36:33 AM,177.43,150,26614.5,111980973.13000004
2025-08-01 10:36:38 AM,177.41,0,0.0,111980973.13000004
2025-08-01 10:36:38 AM,177.41,5,887.05,111981860.18000004
2025-08-01 10:36:42 AM,177.46,200,35492.0,112017352.18000004
2025-08-01 10:36:48 AM,177.45,0,0.0,112017352.18000004
2025-08-01 10:36:49 AM,177.45,18,3194.1,112020546.28000003
2025-08-01 10:36:53 AM,177.36,1,177.36,112020723.64000003
2025-08-01 10:36:54 AM,177.44,1,177.44,112020901.08000003
2025-08-01 10:36:55 AM,177.32,0,0.0,112020901.08000003
2025-08-01 10:36:58 AM,177.32,120,21278.399999999998,112042179.48000003
2025-08-01 10:37:02 AM,177.48,0,0.0,112042179.48000003
2025-08-01 10:37:04 AM,177.48,161,28574.28,112070753.76000004
2025-08-01 10:37:05 AM,177.48,10,1774.8,112072528.56000003
2025-08-01 10:37:08 AM,177.39,0,0.0,112072528.56000003
2025-08-01 10:37:09 AM,177.39,141,25011.989999999998,112097540.55000003
2025-08-01 10:37:20 AM,177.49,58,10294.42,112107834.97000003
2025-08-01 10:37:23 AM,177.38,0,0.0,112107834.97000003
2025-08-01 10:37:25 AM,177.38,32,5676.16,112113511.13000003
2025-08-01 10:37:28 AM,177.48,1,177.48,112113688.61000003
2025-08-01 10:37:32 AM,177.37,0,0.0,112113688.61000003
2025-08-01 10:37:33 AM,177.37,32,5675.84,112119364.45000003
2025-08-01 10:37:35 AM,177.45,0,0.0,112119364.45000003
2025-08-01 10:37:37 AM,177.45,15,2661.75,112122026.20000003
2025-08-01 10:37:38 AM,177.35,0,0.0,112122026.20000003
2025-08-01 10:37:39 AM,177.36,104,18445.440000000002,112140471.64000003
2025-08-01 10:37:45 AM,177.48,32,5679.36,112146151.00000003
2025-08-01 10:37:46 AM,177.49,0,0.0,112146151.00000003
2025-08-01 10:37:48 AM,177.49,120,21298.800000000003,112167449.80000003
2025-08-01 10:37:53 AM,177.49,10,1774.9,112169224.70000003
2025-08-01 10:38:05 AM,177.47,0,0.0,112169224.70000003
2025-08-01 10:38:05 AM,177.47,4,709.88,112169934.58000003
2025-08-01 10:38:11 AM,177.46,0,0.0,112169934.58000003
2025-08-01 10:38:11 AM,177.46,20,3549.2000000000003,112173483.78000003
2025-08-01 10:38:14 AM,177.48,514,91224.72,112264708.50000003
2025-08-01 10:38:20 AM,177.54,0,0.0,112264708.50000003
2025-08-01 10:38:20 AM,177.54,1,177.54,112264886.04000004
2025-08-01 10:38:26 AM,177.54,25,4438.5,112269324.54000004
2025-08-01 10:38:27 AM,177.56,0,0.0,112269324.54000004
2025-08-01 10:38:30 AM,177.54,102,18109.079999999998,112287433.62000003
2025-08-01 10:38:33 AM,177.54,100,17754.0,112305187.62000003
2025-08-01 10:38:36 AM,177.57,55,9766.35,112314953.97000003
2025-08-01 10:38:39 AM,177.5,0,0.0,112314953.97000003
2025-08-01 10:38:41 AM,177.5,149,26447.5,112341401.47000003
2025-08-01 10:38:47 AM,177.53,0,0.0,112341401.47000003
2025-08-01 10:38:47 AM,177.53,100,17753.0,112359154.47000003
2025-08-01 10:38:55 AM,177.55,0,0.0,112359154.47000003
2025-08-01 10:38:55 AM,177.55,20,3551.0,112362705.47000003
2025-08-01 10:39:01 AM,177.5,146,25915.0,112388620.47000003
2025-08-01 10:39:02 AM,177.41,0,0.0,112388620.47000003
2025-08-01 10:39:03 AM,177.41,8,1419.28,112390039.75000003
2025-08-01 10:39:06 AM,177.5,1,177.5,112390217.25000003
2025-08-01 10:39:07 AM,177.37,0,0.0,112390217.25000003
2025-08-01 10:39:09 AM,177.35,0,0.0,112390217.25000003
2025-08-01 10:39:09 AM,177.35,144,25538.399999999998,112415755.65000004
2025-08-01 10:39:18 AM,177.45,100,17745.0,112433500.65000004
2025-08-01 10:39:22 AM,177.35,0,0.0,112433500.65000004
2025-08-01 10:39:23 AM,177.35,60,10641.0,112444141.65000004
2025-08-01 10:39:29 AM,177.45,20,3549.0,112447690.65000004
2025-08-01 10:39:53 AM,177.4,0,0.0,112447690.65000004
2025-08-01 10:39:54 AM,177.4,2,354.8,112448045.45000003
2025-08-01 10:39:57 AM,177.41,2,354.82,112448400.27000003
2025-08-01 10:40:01 AM,177.35,0,0.0,112448400.27000003
2025-08-01 10:40:02 AM,177.35,25,4433.75,112452834.02000003
2025-08-01 10:40:05 AM,177.35,165,29262.75,112482096.77000003
2025-08-01 10:40:06 AM,177.42,0,0.0,112482096.77000003
2025-08-01 10:40:07 AM,177.42,10,1774.1999999999998,112483870.97000003
2025-08-01 10:40:22 AM,177.42,5,887.0999999999999,112484758.07000002
2025-08-01 10:40:22 AM,177.31,0,0.0,112484758.07000002
2025-08-01 10:40:24 AM,177.31,52,9220.12,112493978.19000003
2025-08-01 10:40:28 AM,177.41,0,0.0,112493978.19000003
2025-08-01 10:40:30 AM,177.41,250,44352.5,112538330.69000003
2025-08-01 10:40:32 AM,177.41,99,17563.59,112555894.28000003
2025-08-01 10:40:34 AM,177.4,0,0.0,112555894.28000003
2025-08-01 10:40:35 AM,177.4,10,1774.0,112557668.28000003
2025-08-01 10:40:38 AM,177.3,0,0.0,112557668.28000003
2025-08-01 10:40:38 AM,177.3,1024,181555.2,112739223.48000003
2025-08-01 10:40:44 AM,177.33,0,0.0,112739223.48000003
2025-08-01 10:40:44 AM,177.33,6,1063.98,112740287.46000004
2025-08-01 10:40:46 AM,177.25,0,0.0,112740287.46000004
2025-08-01 10:40:46 AM,177.25,25,4431.25,112744718.71000004
2025-08-01 10:40:54 AM,177.26,0,0.0,112744718.71000004
2025-08-01 10:40:55 AM,177.26,30,5317.799999999999,112750036.51000004
2025-08-01 10:41:06 AM,177.36,0,0.0,112750036.51000004
2025-08-01 10:41:06 AM,177.36,310,54981.600000000006,112805018.11000003
2025-08-01 10:41:09 AM,177.28,0,0.0,112805018.11000003
2025-08-01 10:41:12 AM,177.28,6,1063.68,112806081.79000004
2025-08-01 10:41:18 AM,177.34,0,0.0,112806081.79000004
2025-08-01 10:41:19 AM,177.34,6,1064.04,112807145.83000004
2025-08-01 10:41:25 AM,177.4,0,0.0,112807145.83000004
2025-08-01 10:41:29 AM,177.4,67,11885.800000000001,112819031.63000004
2025-08-01 10:41:34 AM,177.41,0,0.0,112819031.63000004
2025-08-01 10:41:35 AM,177.41,25,4435.25,112823466.88000004
2025-08-01 10:41:37 AM,177.28,0,0.0,112823466.88000004
2025-08-01 10:41:40 AM,177.28,10,1772.8,112825239.68000004
2025-08-01 10:41:42 AM,177.4,0,0.0,112825239.68000004
2025-08-01 10:41:42 AM,177.4,265,47011.0,112872250.68000004
2025-08-01 10:41:46 AM,177.3,0,0.0,112872250.68000004
2025-08-01 10:41:46 AM,177.3,35,6205.5,112878456.18000004
2025-08-01 10:41:47 AM,177.4,60,10644.0,112889100.18000004
2025-08-01 10:41:56 AM,177.4,175,31045.0,112920145.18000004
2025-08-01 10:41:58 AM,177.3,120,21276.0,112941421.18000004
2025-08-01 10:42:02 AM,177.25,535,94828.75,113036249.93000004
2025-08-01 10:42:02 AM,177.37,0,0.0,113036249.93000004
2025-08-01 10:42:03 AM,177.37,17,3015.29,113039265.22000004
2025-08-01 10:42:04 AM,177.26,0,0.0,113039265.22000004
2025-08-01 10:42:07 AM,177.38,1225,217290.5,113256555.72000004
2025-08-01 10:42:37 AM,177.34,64,11349.76,113267905.48000005
2025-08-01 10:42:40 AM,177.32,0,0.0,113267905.48000005
2025-08-01 10:42:41 AM,177.25,995,176363.75,113444269.23000005
2025-08-01 10:42:54 AM,177.29,4,709.16,113444978.39000005
2025-08-01 10:43:24 AM,177.28,1,177.28,113445155.67000005
2025-08-01 10:43:29 AM,177.11,0,0.0,113445155.67000005
2025-08-01 10:43:30 AM,177.11,1970,348906.7,113794062.37000005
2025-08-01 10:43:31 AM,177.26,0,0.0,113794062.37000005
2025-08-01 10:43:32 AM,177.26,300,53178.0,113847240.37000005
2025-08-01 10:43:35 AM,177.28,142,25173.76,113872414.13000005
2025-08-01 10:43:51 AM,177.18,0,0.0,113872414.13000005
2025-08-01 10:43:51 AM,177.18,40,7087.200000000001,113879501.33000006
2025-08-01 10:43:56 AM,177.26,7,1240.82,113880742.15000005
2025-08-01 10:44:06 AM,177.26,1,177.26,113880919.41000006
2025-08-01 10:44:12 AM,177.2,31,5493.2,113886412.61000006
2025-08-01 10:44:23 AM,177.35,0,0.0,113886412.61000006
2025-08-01 10:44:23 AM,177.35,1007,178591.44999999998,114065004.06000006
2025-08-01 10:44:25 AM,177.36,0,0.0,114065004.06000006
2025-08-01 10:44:25 AM,177.36,3,532.08,114065536.14000006
2025-08-01 10:44:31 AM,177.29,10,1772.8999999999999,114067309.04000007
2025-08-01 10:44:38 AM,177.4,0,0.0,114067309.04000007
2025-08-01 10:44:39 AM,177.4,100,17740.0,114085049.04000007
2025-08-01 10:44:49 AM,177.31,0,0.0,114085049.04000007
2025-08-01 10:44:50 AM,177.31,14,2482.34,114087531.38000007
2025-08-01 10:44:51 AM,177.4,0,0.0,114087531.38000007
2025-08-01 10:44:52 AM,177.4,5,887.0,114088418.38000007
2025-08-01 10:44:57 AM,177.36,0,0.0,114088418.38000007
2025-08-01 10:44:58 AM,177.36,5,886.8000000000001,114089305.18000007
2025-08-01 10:45:00 AM,177.31,0,0.0,114089305.18000007
2025-08-01 10:45:00 AM,177.29,570,101055.29999999999,114190360.48000006
2025-08-01 10:45:02 AM,177.38,0,0.0,114190360.48000006
2025-08-01 10:45:03 AM,177.38,3,532.14,114190892.62000006
2025-08-01 10:45:06 AM,177.38,5,886.9,114191779.52000007
2025-08-01 10:45:17 AM,177.39,0,0.0,114191779.52000007
2025-08-01 10:45:17 AM,177.39,10,1773.8999999999999,114193553.42000008
2025-08-01 10:45:21 AM,177.37,0,0.0,114193553.42000008
2025-08-01 10:45:23 AM,177.37,10,1773.7,114195327.12000008
2025-08-01 10:45:26 AM,177.36,0,0.0,114195327.12000008
2025-08-01 10:45:28 AM,177.36,4,709.44,114196036.56000008
2025-08-01 10:45:31 AM,177.35,2,354.7,114196391.26000008
2025-08-01 10:45:37 AM,177.3,0,0.0,114196391.26000008
2025-08-01 10:45:39 AM,177.35,77,13655.949999999999,114210047.21000008
2025-08-01 10:45:43 AM,177.36,0,0.0,114210047.21000008
2025-08-01 10:45:44 AM,177.36,30,5320.8,114215368.01000008
2025-08-01 10:45:49 AM,177.36,5,886.8000000000001,114216254.81000008
2025-08-01 10:45:55 AM,177.36,2,354.72,114216609.53000008
2025-08-01 10:45:58 AM,177.35,0,0.0,114216609.53000008
2025-08-01 10:46:00 AM,177.26,3140,556596.4,114773205.93000008
2025-08-01 10:46:05 AM,177.31,0,0.0,114773205.93000008
2025-08-01 10:46:06 AM,177.31,55,9752.05,114782957.98000008
2025-08-01 10:46:08 AM,177.31,45,7978.95,114790936.93000008
2025-08-01 10:46:10 AM,177.26,0,0.0,114790936.93000008
2025-08-01 10:46:12 AM,177.18,0,0.0,114790936.93000008
2025-08-01 10:46:12 AM,177.18,7337,1299969.6600000001,116090906.59000008
2025-08-01 10:46:17 AM,177.1,0,0.0,116090906.59000008
2025-08-01 10:46:18 AM,177.1,2,354.2,116091260.79000008
2025-08-01 10:46:20 AM,177.1,87,15407.699999999999,116106668.49000008
2025-08-01 10:46:22 AM,177.05,0,0.0,116106668.49000008
2025-08-01 10:46:24 AM,177.05,52,9206.6,116115875.09000008
2025-08-01 10:46:33 AM,177.1,0,0.0,116115875.09000008
2025-08-01 10:46:34 AM,177.04,0,0.0,116115875.09000008
2025-08-01 10:46:35 AM,177.04,264,46738.56,116162613.65000008
2025-08-01 10:46:46 AM,177.04,75,13278.0,116175891.65000008
2025-08-01 10:46:52 AM,177.1,7,1239.7,116177131.35000008
2025-08-01 10:46:54 AM,177.13,0,0.0,116177131.35000008
2025-08-01 10:46:57 AM,177.13,100,17713.0,116194844.35000008
2025-08-01 10:47:04 AM,177.05,116,20537.800000000003,116215382.15000008
2025-08-01 10:47:06 AM,177.04,0,0.0,116215382.15000008
2025-08-01 10:47:08 AM,177.14,251,44462.14,116259844.29000008
2025-08-01 10:47:19 AM,177.04,0,0.0,116259844.29000008
2025-08-01 10:47:20 AM,177.1,0,0.0,116259844.29000008
2025-08-01 10:47:20 AM,177.1,28,4958.8,116264803.09000008
2025-08-01 10:47:29 AM,177.17,0,0.0,116264803.09000008
2025-08-01 10:47:29 AM,177.17,102,18071.34,116282874.43000008
2025-08-01 10:47:44 AM,177.18,0,0.0,116282874.43000008
2025-08-01 10:47:45 AM,177.18,10,1771.8000000000002,116284646.23000008
2025-08-01 10:47:47 AM,177.1,0,0.0,116284646.23000008
2025-08-01 10:47:47 AM,177.1,42,7438.2,116292084.43000008
2025-08-01 10:47:53 AM,177.18,0,0.0,116292084.43000008
2025-08-01 10:47:53 AM,177.18,690,122254.20000000001,116414338.63000008
2025-08-01 10:47:56 AM,177.16,34,6023.44,116420362.07000008
2025-08-01 10:48:07 AM,177.18,0,0.0,116420362.07000008
