date,price,qty,trnvr,cum_trnvr
2025-08-01 09:15:05 AM,1096.1,64,70150.4,70150.4
2025-08-01 09:15:14 AM,1101.0,0,0.0,70150.4
2025-08-01 09:15:17 AM,1101.0,4,4404.0,74554.4
2025-08-01 09:16:16 AM,1096.4,5,5482.0,80036.4
2025-08-01 09:16:18 AM,1096.4,3,3289.2000000000003,83325.59999999999
2025-08-01 09:16:41 AM,1097.3,0,0.0,83325.59999999999
2025-08-01 09:16:42 AM,1097.3,11,12070.3,95395.9
2025-08-01 09:16:51 AM,1097.8,0,0.0,95395.9
2025-08-01 09:16:58 AM,1099.0,75,82425.0,177820.9
2025-08-01 09:17:01 AM,1101.0,0,0.0,177820.9
2025-08-01 09:17:06 AM,1101.0,3,3303.0,181123.9
2025-08-01 09:17:30 AM,1101.0,13,14313.0,195436.9
2025-08-01 09:17:39 AM,1102.1,3,3306.2999999999997,198743.19999999998
2025-08-01 09:17:40 AM,1102.5,4,4410.0,203153.19999999998
2025-08-01 09:17:47 AM,1102.5,2,2205.0,205358.19999999998
2025-08-01 09:17:56 AM,1102.9,2,2205.8,207563.99999999997
2025-08-01 09:18:12 AM,1102.1,16,17633.6,225197.59999999998
2025-08-01 09:18:33 AM,1100.8,0,0.0,225197.59999999998
2025-08-01 09:18:37 AM,1100.8,12,13209.599999999999,238407.19999999998
2025-08-01 09:18:49 AM,1099.4,0,0.0,238407.19999999998
2025-08-01 09:18:53 AM,1099.4,25,27485.000000000004,265892.2
2025-08-01 09:19:01 AM,1099.4,27,29683.800000000003,295576.0
2025-08-01 09:19:25 AM,1096.9,11,12065.900000000001,307641.9
2025-08-01 09:19:41 AM,1096.8,0,0.0,307641.9
2025-08-01 09:19:42 AM,1096.8,7,7677.599999999999,315319.5
2025-08-01 09:19:43 AM,1096.4,11,12060.400000000001,327379.9
2025-08-01 09:19:57 AM,1096.4,11,12060.400000000001,339440.30000000005
2025-08-01 09:20:26 AM,1095.9,0,0.0,339440.30000000005
2025-08-01 09:20:29 AM,1096.4,152,166652.80000000002,506093.1000000001
2025-08-01 09:20:37 AM,1099.0,47,51653.0,557746.1000000001
2025-08-01 09:21:32 AM,1093.6,500,546800.0,1104546.1
2025-08-01 09:21:34 AM,1098.4,0,0.0,1104546.1
2025-08-01 09:21:38 AM,1098.0,0,0.0,1104546.1
2025-08-01 09:21:39 AM,1098.0,18,19764.0,1124310.1
2025-08-01 09:21:47 AM,1098.0,9,9882.0,1134192.1
2025-08-01 09:21:50 AM,1095.7,0,0.0,1134192.1
2025-08-01 09:21:55 AM,1095.7,18,19722.600000000002,1153914.7000000002
2025-08-01 09:22:27 AM,1095.0,16,17520.0,1171434.7000000002
2025-08-01 09:23:02 AM,1096.4,0,0.0,1171434.7000000002
2025-08-01 09:23:03 AM,1096.4,103,112929.20000000001,1284363.9000000001
2025-08-01 09:23:26 AM,1096.3,2,2192.6,1286556.5000000002
2025-08-01 09:23:27 AM,1095.0,0,0.0,1286556.5000000002
2025-08-01 09:23:28 AM,1095.0,200,219000.0,1505556.5000000002
2025-08-01 09:23:50 AM,1096.7,3,3290.1000000000004,1508846.6000000003
2025-08-01 09:24:06 AM,1097.0,26,28522.0,1537368.6000000003
2025-08-01 09:24:13 AM,1097.3,0,0.0,1537368.6000000003
2025-08-01 09:24:14 AM,1097.3,14,15362.199999999999,1552730.8000000003
2025-08-01 09:24:56 AM,1097.9,0,0.0,1552730.8000000003
2025-08-01 09:24:57 AM,1097.9,1,1097.9,1553828.7000000002
2025-08-01 09:25:34 AM,1098.4,5,5492.0,1559320.7000000002
2025-08-01 09:26:04 AM,1098.2,0,0.0,1559320.7000000002
2025-08-01 09:26:05 AM,1098.2,1,1098.2,1560418.9000000001
2025-08-01 09:28:04 AM,1100.0,0,0.0,1560418.9000000001
2025-08-01 09:28:06 AM,1100.0,5,5500.0,1565918.9000000001
2025-08-01 09:28:07 AM,1100.0,100,110000.0,1675918.9000000001
2025-08-01 09:28:59 AM,1101.2,258,284109.60000000003,1960028.5000000002
2025-08-01 09:29:12 AM,1100.9,0,0.0,1960028.5000000002
2025-08-01 09:29:15 AM,1100.9,28,30825.200000000004,1990853.7000000002
2025-08-01 09:30:08 AM,1099.0,1,1099.0,1991952.7000000002
2025-08-01 09:30:13 AM,1099.7,0,0.0,1991952.7000000002
2025-08-01 09:30:15 AM,1099.7,2,2199.4,1994152.1
2025-08-01 09:30:23 AM,1098.9,3,3296.7000000000003,1997448.8
2025-08-01 09:30:41 AM,1097.9,0,0.0,1997448.8
2025-08-01 09:30:45 AM,1097.9,4,4391.6,2001840.4000000001
2025-08-01 09:30:52 AM,1096.5,16,17544.0,2019384.4000000001
2025-08-01 09:31:27 AM,1097.7,0,0.0,2019384.4000000001
2025-08-01 09:31:29 AM,1097.7,5,5488.5,2024872.9000000001
2025-08-01 09:31:50 AM,1096.2,0,0.0,2024872.9000000001
2025-08-01 09:31:50 AM,1096.2,5,5481.0,2030353.9000000001
2025-08-01 09:34:55 AM,1097.8,0,0.0,2030353.9000000001
2025-08-01 09:34:58 AM,1097.8,5,5489.0,2035842.9000000001
2025-08-01 09:35:37 AM,1097.9,0,0.0,2035842.9000000001
2025-08-01 09:35:40 AM,1097.9,10,10979.0,2046821.9000000001
2025-08-01 09:36:20 AM,1097.9,43,47209.700000000004,2094031.6
2025-08-01 09:36:37 AM,1099.6,0,0.0,2094031.6
2025-08-01 09:36:39 AM,1099.6,2,2199.2,2096230.8
2025-08-01 09:37:20 AM,1099.6,4,4398.4,2100629.2
2025-08-01 09:37:20 AM,1099.6,3,3298.7999999999997,2103928.0
2025-08-01 09:38:14 AM,1099.6,50,54979.99999999999,2158908.0
2025-08-01 09:38:22 AM,1098.6,0,0.0,2158908.0
2025-08-01 09:38:23 AM,1098.8,0,0.0,2158908.0
2025-08-01 09:38:28 AM,1098.8,16,17580.8,2176488.8
2025-08-01 09:39:26 AM,1096.0,0,0.0,2176488.8
2025-08-01 09:39:28 AM,1096.0,70,76720.0,2253208.8
2025-08-01 09:39:34 AM,1099.2,0,0.0,2253208.8
2025-08-01 09:39:35 AM,1099.2,20,21984.0,2275192.8
2025-08-01 09:40:40 AM,1096.3,60,65778.0,2340970.8
2025-08-01 09:40:41 AM,1098.1,5,5490.5,2346461.3
2025-08-01 09:41:09 AM,1096.4,0,0.0,2346461.3
2025-08-01 09:41:13 AM,1096.4,18,19735.2,2366196.5
2025-08-01 09:41:17 AM,1098.6,0,0.0,2366196.5
2025-08-01 09:41:20 AM,1098.6,1,1098.6,2367295.1
2025-08-01 09:42:56 AM,1098.0,0,0.0,2367295.1
2025-08-01 09:42:58 AM,1098.0,2,2196.0,2369491.1
2025-08-01 09:45:20 AM,1097.7,0,0.0,2369491.1
2025-08-01 09:45:22 AM,1097.0,57,62529.0,2432020.1
2025-08-01 09:46:16 AM,1097.2,11,12069.2,2444089.3000000003
2025-08-01 09:46:46 AM,1098.2,0,0.0,2444089.3000000003
2025-08-01 09:46:48 AM,1098.2,2,2196.4,2446285.7
2025-08-01 09:47:41 AM,1098.3,0,0.0,2446285.7
2025-08-01 09:47:43 AM,1098.3,59,64799.7,2511085.4000000004
2025-08-01 09:49:57 AM,1098.5,35,38447.5,2549532.9000000004
2025-08-01 09:50:06 AM,1098.3,2,2196.6,2551729.5000000005
2025-08-01 09:50:10 AM,1099.2,20,21984.0,2573713.5000000005
2025-08-01 09:50:39 AM,1098.7,0,0.0,2573713.5000000005
2025-08-01 09:50:41 AM,1098.7,40,43948.0,2617661.5000000005
2025-08-01 09:51:37 AM,1100.6,0,0.0,2617661.5000000005
2025-08-01 09:51:38 AM,1100.6,100,110059.99999999999,2727721.5000000005
2025-08-01 09:54:55 AM,1097.6,18,19756.8,2747478.3000000003
2025-08-01 09:57:24 AM,1097.3,13,14264.9,2761743.2
2025-08-01 09:57:41 AM,1098.9,2,2197.8,2763941.0
2025-08-01 09:59:00 AM,1096.4,11,12060.400000000001,2776001.4
2025-08-01 10:00:09 AM,1098.3,0,0.0,2776001.4
2025-08-01 10:00:09 AM,1098.3,2,2196.6,2778198.0
2025-08-01 10:00:15 AM,1098.3,1,1098.3,2779296.3
2025-08-01 10:00:40 AM,1098.3,1,1098.3,2780394.5999999996
2025-08-01 10:00:53 AM,1097.4,0,0.0,2780394.5999999996
2025-08-01 10:00:53 AM,1097.4,20,21948.0,2802342.5999999996
2025-08-01 10:01:36 AM,1095.9,0,0.0,2802342.5999999996
2025-08-01 10:01:36 AM,1095.9,130,142467.0,2944809.5999999996
2025-08-01 10:03:41 AM,1095.2,4,4380.8,2949190.3999999994
2025-08-01 10:04:39 AM,1095.7,3,3287.1000000000004,2952477.4999999995
2025-08-01 10:05:38 AM,1094.0,0,0.0,2952477.4999999995
2025-08-01 10:05:38 AM,1094.0,20,21880.0,2974357.4999999995
2025-08-01 10:05:55 AM,1095.5,0,0.0,2974357.4999999995
2025-08-01 10:05:56 AM,1095.5,10,10955.0,2985312.4999999995
2025-08-01 10:06:08 AM,1095.5,2,2191.0,2987503.4999999995
2025-08-01 10:06:11 AM,1095.0,2,2190.0,2989693.4999999995
2025-08-01 10:06:28 AM,1094.0,0,0.0,2989693.4999999995
2025-08-01 10:06:28 AM,1094.0,10,10940.0,3000633.4999999995
2025-08-01 10:06:46 AM,1093.0,11,12023.0,3012656.4999999995
2025-08-01 10:07:02 AM,1092.3,2,2184.6,3014841.0999999996
2025-08-01 10:07:27 AM,1093.8,0,0.0,3014841.0999999996
2025-08-01 10:07:28 AM,1093.8,16,17500.8,3032341.8999999994
2025-08-01 10:07:35 AM,1092.0,15,16380.0,3048721.8999999994
2025-08-01 10:08:14 AM,1092.2,0,0.0,3048721.8999999994
2025-08-01 10:08:17 AM,1094.3,76,83166.8,3131888.6999999993
2025-08-01 10:13:46 AM,1097.3,13,14264.9,3146153.599999999
2025-08-01 10:15:31 AM,1097.8,2,2195.6,3148349.1999999993
2025-08-01 10:16:51 AM,1098.3,0,0.0,3148349.1999999993
2025-08-01 10:16:52 AM,1098.3,3,3294.8999999999996,3151644.099999999
2025-08-01 10:17:29 AM,1097.8,0,0.0,3151644.099999999
2025-08-01 10:17:32 AM,1097.8,7,7684.599999999999,3159328.6999999993
2025-08-01 10:18:15 AM,1097.3,0,0.0,3159328.6999999993
2025-08-01 10:18:19 AM,1097.3,3,3291.8999999999996,3162620.599999999
2025-08-01 10:18:23 AM,1097.7,0,0.0,3162620.599999999
2025-08-01 10:18:25 AM,1097.7,9,9879.300000000001,3172499.899999999
2025-08-01 10:19:22 AM,1098.9,8,8791.2,3181291.099999999
2025-08-01 10:22:57 AM,1100.2,0,0.0,3181291.099999999
2025-08-01 10:22:57 AM,1100.2,151,166130.2,3347421.2999999993
2025-08-01 10:25:27 AM,1101.0,2,2202.0,3349623.2999999993
2025-08-01 10:26:27 AM,1102.6,0,0.0,3349623.2999999993
2025-08-01 10:26:28 AM,1104.0,0,0.0,3349623.2999999993
2025-08-01 10:26:28 AM,1105.5,132,145926.0,3495549.2999999993
2025-08-01 10:26:30 AM,1103.9,0,0.0,3495549.2999999993
2025-08-01 10:26:30 AM,1103.9,18,19870.2,3515419.4999999995
2025-08-01 10:26:59 AM,1103.6,8,8828.8,3524248.2999999993
2025-08-01 10:27:01 AM,1104.4,0,0.0,3524248.2999999993
2025-08-01 10:27:02 AM,1104.4,2,2208.8,3526457.099999999
2025-08-01 10:27:04 AM,1103.8,0,0.0,3526457.099999999
2025-08-01 10:27:05 AM,1103.8,4,4415.2,3530872.2999999993
2025-08-01 10:27:07 AM,1103.6,0,0.0,3530872.2999999993
2025-08-01 10:27:08 AM,1103.6,3,3310.7999999999997,3534183.099999999
2025-08-01 10:27:09 AM,1103.5,0,0.0,3534183.099999999
2025-08-01 10:27:11 AM,1103.5,7,7724.5,3541907.599999999
2025-08-01 10:27:30 AM,1102.8,0,0.0,3541907.599999999
2025-08-01 10:27:30 AM,1103.5,190,209665.0,3751572.599999999
2025-08-01 10:27:31 AM,1102.9,0,0.0,3751572.599999999
2025-08-01 10:27:33 AM,1102.9,10,11029.0,3762601.599999999
2025-08-01 10:27:41 AM,1102.5,180,198450.0,3961051.599999999
2025-08-01 10:28:03 AM,1101.7,15,16525.5,3977577.099999999
2025-08-01 10:28:05 AM,1101.6,0,0.0,3977577.099999999
2025-08-01 10:28:06 AM,1101.6,274,301838.39999999997,4279415.499999999
2025-08-01 10:28:08 AM,1101.6,75,82620.0,4362035.499999999
2025-08-01 10:28:12 AM,1101.4,0,0.0,4362035.499999999
2025-08-01 10:28:13 AM,1101.4,690,759966.0000000001,5122001.499999999
2025-08-01 10:28:22 AM,1101.4,98,107937.20000000001,5229938.699999999
2025-08-01 10:28:24 AM,1101.3,0,0.0,5229938.699999999
2025-08-01 10:28:24 AM,1101.2,263,289615.60000000003,5519554.299999999
2025-08-01 10:28:27 AM,1101.2,90,99108.0,5618662.299999999
2025-08-01 10:28:30 AM,1101.2,163,179495.6,5798157.8999999985
2025-08-01 10:28:32 AM,1102.0,0,0.0,5798157.8999999985
2025-08-01 10:28:33 AM,1102.2,0,0.0,5798157.8999999985
2025-08-01 10:28:33 AM,1102.2,174,191782.80000000002,5989940.699999998
2025-08-01 10:28:34 AM,1102.3,0,0.0,5989940.699999998
2025-08-01 10:28:35 AM,1101.8,0,0.0,5989940.699999998
2025-08-01 10:28:36 AM,1101.8,18,19832.399999999998,6009773.099999999
2025-08-01 10:28:37 AM,1101.2,0,0.0,6009773.099999999
2025-08-01 10:28:38 AM,1101.1,0,0.0,6009773.099999999
2025-08-01 10:28:38 AM,1101.1,216,237837.59999999998,6247610.699999998
2025-08-01 10:28:40 AM,1101.0,0,0.0,6247610.699999998
2025-08-01 10:28:41 AM,1101.0,185,203685.0,6451295.699999998
2025-08-01 10:28:43 AM,1101.1,0,0.0,6451295.699999998
2025-08-01 10:28:44 AM,1101.1,30,33033.0,6484328.699999998
2025-08-01 10:28:46 AM,1101.0,0,0.0,6484328.699999998
2025-08-01 10:28:46 AM,1102.4,0,0.0,6484328.699999998
2025-08-01 10:28:47 AM,1102.6,68,74976.79999999999,6559305.499999998
2025-08-01 10:28:49 AM,1102.5,0,0.0,6559305.499999998
2025-08-01 10:28:50 AM,1102.5,24,26460.0,6585765.499999998
2025-08-01 10:28:52 AM,1105.0,0,0.0,6585765.499999998
2025-08-01 10:28:53 AM,1105.0,143,158015.0,6743780.499999998
2025-08-01 10:28:55 AM,1106.5,1,1106.5,6744886.999999998
2025-08-01 10:28:58 AM,1105.0,0,0.0,6744886.999999998
2025-08-01 10:28:58 AM,1105.0,15,16575.0,6761461.999999998
2025-08-01 10:29:00 AM,1107.0,530,586710.0,7348171.999999998
2025-08-01 10:29:03 AM,1107.0,3,3321.0,7351492.999999998
2025-08-01 10:29:06 AM,1107.0,50,55350.0,7406842.999999998
2025-08-01 10:29:23 AM,1107.7,0,0.0,7406842.999999998
2025-08-01 10:29:23 AM,1107.7,39,43200.3,7450043.299999998
2025-08-01 10:29:28 AM,1107.1,170,188206.99999999997,7638250.299999998
2025-08-01 10:29:31 AM,1107.0,0,0.0,7638250.299999998
2025-08-01 10:29:31 AM,1107.3,170,188241.0,7826491.299999998
2025-08-01 10:29:37 AM,1107.8,0,0.0,7826491.299999998
2025-08-01 10:29:37 AM,1106.9,0,0.0,7826491.299999998
2025-08-01 10:29:37 AM,1106.9,743,822426.7000000001,8648917.999999998
2025-08-01 10:29:39 AM,1108.0,0,0.0,8648917.999999998
2025-08-01 10:29:40 AM,1108.0,113,125204.0,8774121.999999998
2025-08-01 10:29:45 AM,1107.5,0,0.0,8774121.999999998
2025-08-01 10:29:45 AM,1107.5,92,101890.0,8876011.999999998
2025-08-01 10:29:50 AM,1108.4,3,3325.2000000000003,8879337.199999997
2025-08-01 10:29:51 AM,1108.5,0,0.0,8879337.199999997
2025-08-01 10:29:53 AM,1108.6,0,0.0,8879337.199999997
2025-08-01 10:29:53 AM,1108.6,496,549865.6,9429202.799999997
2025-08-01 10:29:55 AM,1108.9,0,0.0,9429202.799999997
2025-08-01 10:29:56 AM,1108.9,76,84276.40000000001,9513479.199999997
2025-08-01 10:29:59 AM,1108.7,0,0.0,9513479.199999997
2025-08-01 10:29:59 AM,1108.7,2,2217.4,9515696.599999998
2025-08-01 10:30:02 AM,1107.6,141,156171.59999999998,9671868.199999997
2025-08-01 10:30:04 AM,1109.4,0,0.0,9671868.199999997
2025-08-01 10:30:05 AM,1109.4,63,69892.20000000001,9741760.399999997
2025-08-01 10:30:08 AM,1108.7,300,332610.0,10074370.399999997
2025-08-01 10:30:08 AM,1109.4,0,0.0,10074370.399999997
2025-08-01 10:30:11 AM,1109.5,0,0.0,10074370.399999997
2025-08-01 10:30:11 AM,1109.5,129,143125.5,10217495.899999997
2025-08-01 10:30:13 AM,1109.5,150,166425.0,10383920.899999997
2025-08-01 10:30:17 AM,1109.5,24,26628.0,10410548.899999997
2025-08-01 10:30:19 AM,1109.5,114,126483.0,10537031.899999997
2025-08-01 10:30:22 AM,1109.5,167,185286.5,10722318.399999997
2025-08-01 10:30:25 AM,1109.5,50,55475.0,10777793.399999997
2025-08-01 10:30:26 AM,1109.8,0,0.0,10777793.399999997
2025-08-01 10:30:27 AM,1109.8,62,68807.59999999999,10846600.999999996
2025-08-01 10:30:29 AM,1111.7,0,0.0,10846600.999999996
2025-08-01 10:30:29 AM,1109.0,0,0.0,10846600.999999996
2025-08-01 10:30:30 AM,1111.1,179,198886.9,11045487.899999997
2025-08-01 10:30:32 AM,1109.6,0,0.0,11045487.899999997
2025-08-01 10:30:33 AM,1110.8,50,55540.0,11101027.899999997
2025-08-01 10:30:35 AM,1110.7,0,0.0,11101027.899999997
2025-08-01 10:30:35 AM,1111.0,0,0.0,11101027.899999997
2025-08-01 10:30:36 AM,1104.8,323,356850.39999999997,11457878.299999997
2025-08-01 10:30:37 AM,1105.4,0,0.0,11457878.299999997
2025-08-01 10:30:38 AM,1106.0,0,0.0,11457878.299999997
2025-08-01 10:30:39 AM,1106.0,39,43134.0,11501012.299999997
2025-08-01 10:30:42 AM,1106.0,149,164794.0,11665806.299999997
2025-08-01 10:30:45 AM,1106.0,59,65254.0,11731060.299999997
2025-08-01 10:30:50 AM,1104.8,0,0.0,11731060.299999997
2025-08-01 10:30:50 AM,1104.8,51,56344.799999999996,11787405.099999998
2025-08-01 10:30:51 AM,1106.4,0,0.0,11787405.099999998
2025-08-01 10:30:53 AM,1108.7,0,0.0,11787405.099999998
2025-08-01 10:30:53 AM,1105.5,388,428934.0,12216339.099999998
2025-08-01 10:30:55 AM,1108.7,0,0.0,12216339.099999998
2025-08-01 10:30:56 AM,1107.2,214,236940.80000000002,12453279.899999999
2025-08-01 10:30:57 AM,1107.4,0,0.0,12453279.899999999
2025-08-01 10:30:59 AM,1104.6,129,142493.4,12595773.299999999
2025-08-01 10:31:00 AM,1104.7,0,0.0,12595773.299999999
2025-08-01 10:31:00 AM,1103.6,51,56283.6,12652056.899999999
2025-08-01 10:31:03 AM,1105.3,0,0.0,12652056.899999999
2025-08-01 10:31:03 AM,1105.3,3,3315.8999999999996,12655372.799999999
2025-08-01 10:31:03 AM,1105.6,3,3316.7999999999997,12658689.6
2025-08-01 10:31:04 AM,1105.8,0,0.0,12658689.6
2025-08-01 10:31:04 AM,1105.8,9,9952.199999999999,12668641.799999999
2025-08-01 10:31:05 AM,1105.2,12,13262.400000000001,12681904.2
2025-08-01 10:31:05 AM,1106.4,0,0.0,12681904.2
2025-08-01 10:31:05 AM,1106.2,7,7743.400000000001,12689647.6
2025-08-01 10:31:06 AM,1102.7,0,0.0,12689647.6
2025-08-01 10:31:06 AM,1102.7,179,197383.30000000002,12887030.9
2025-08-01 10:31:07 AM,1102.8,0,0.0,12887030.9
2025-08-01 10:31:07 AM,1102.8,35,38598.0,12925628.9
2025-08-01 10:31:07 AM,1102.8,3,3308.3999999999996,12928937.3
2025-08-01 10:31:08 AM,1102.8,50,55140.0,12984077.3
2025-08-01 10:31:10 AM,1102.8,5,5514.0,12989591.3
2025-08-01 10:31:11 AM,1102.8,54,59551.2,13049142.5
2025-08-01 10:31:13 AM,1102.6,36,39693.6,13088836.1
2025-08-01 10:31:15 AM,1102.6,170,187441.99999999997,13276278.1
2025-08-01 10:31:17 AM,1102.5,0,0.0,13276278.1
2025-08-01 10:31:17 AM,1102.5,170,187425.0,13463703.1
2025-08-01 10:33:21 AM,1102.8,0,0.0,13463703.1
2025-08-01 10:33:21 AM,1102.8,1,1102.8,13464805.9
2025-08-01 10:36:06 AM,1103.4,0,0.0,13464805.9
2025-08-01 10:36:07 AM,1103.4,23,25378.2,13490184.1
2025-08-01 10:36:36 AM,1105.1,0,0.0,13490184.1
2025-08-01 10:36:37 AM,1105.1,107,118245.7,13608429.799999999
2025-08-01 10:38:05 AM,1107.8,0,0.0,13608429.799999999
2025-08-01 10:38:07 AM,1107.8,21,23263.8,13631693.6
2025-08-01 10:38:11 AM,1106.8,0,0.0,13631693.6
2025-08-01 10:38:13 AM,1106.8,14,15495.199999999999,13647188.799999999
2025-08-01 10:38:55 AM,1105.2,14,15472.800000000001,13662661.6
2025-08-01 10:39:08 AM,1103.8,4,4415.2,13667076.799999999
2025-08-01 10:39:16 AM,1101.6,0,0.0,13667076.799999999
2025-08-01 10:39:17 AM,1101.6,150,165240.0,13832316.799999999
2025-08-01 10:39:22 AM,1101.0,0,0.0,13832316.799999999
2025-08-01 10:39:22 AM,1101.0,3,3303.0,13835619.799999999
2025-08-01 10:39:39 AM,1103.7,0,0.0,13835619.799999999
2025-08-01 10:39:39 AM,1103.7,30,33111.0,13868730.799999999
2025-08-01 10:39:46 AM,1103.5,0,0.0,13868730.799999999
2025-08-01 10:39:48 AM,1103.5,19,20966.5,13889697.299999999
2025-08-01 10:39:50 AM,1103.7,9,9933.300000000001,13899630.6
2025-08-01 10:39:53 AM,1104.6,20,22092.0,13921722.6
2025-08-01 10:40:04 AM,1102.7,0,0.0,13921722.6
2025-08-01 10:40:04 AM,1102.7,14,15437.800000000001,13937160.4
2025-08-01 10:40:18 AM,1102.7,3,3308.1000000000004,13940468.5
2025-08-01 10:40:22 AM,1101.6,0,0.0,13940468.5
2025-08-01 10:40:23 AM,1101.6,1,1101.6,13941570.1
2025-08-01 10:40:46 AM,1101.5,1,1101.5,13942671.6
2025-08-01 10:40:50 AM,1101.0,0,0.0,13942671.6
2025-08-01 10:40:51 AM,1101.0,3,3303.0,13945974.6
2025-08-01 10:41:16 AM,1101.7,0,0.0,13945974.6
2025-08-01 10:41:17 AM,1101.0,22,24222.0,13970196.6
2025-08-01 10:41:18 AM,1100.4,0,0.0,13970196.6
2025-08-01 10:41:19 AM,1100.4,1,1100.4,13971297.0
2025-08-01 10:41:24 AM,1100.1,0,0.0,13971297.0
2025-08-01 10:41:24 AM,1100.1,1,1100.1,13972397.1
2025-08-01 10:41:46 AM,1100.2,0,0.0,13972397.1
2025-08-01 10:41:46 AM,1100.2,3,3300.6000000000004,13975697.7
2025-08-01 10:41:51 AM,1100.2,2,2200.4,13977898.1
2025-08-01 10:42:18 AM,1100.2,3,3300.6000000000004,13981198.7
2025-08-01 10:42:20 AM,1100.1,1,1100.1,13982298.799999999
2025-08-01 10:42:31 AM,1100.1,12,13201.199999999999,13995499.999999998
2025-08-01 10:42:45 AM,1100.1,1,1100.1,13996600.099999998
2025-08-01 10:43:06 AM,1098.9,0,0.0,13996600.099999998
2025-08-01 10:43:08 AM,1098.9,1,1098.9,13997698.999999998
2025-08-01 10:43:49 AM,1098.8,0,0.0,13997698.999999998
2025-08-01 10:43:50 AM,1098.8,4,4395.2,14002094.199999997
2025-08-01 10:44:16 AM,1100.7,14,15409.800000000001,14017503.999999998
2025-08-01 10:44:46 AM,1099.3,0,0.0,14017503.999999998
2025-08-01 10:44:46 AM,1099.3,5,5496.5,14023000.499999998
2025-08-01 10:45:16 AM,1100.4,0,0.0,14023000.499999998
2025-08-01 10:45:16 AM,1100.4,5,5502.0,14028502.499999998
2025-08-01 10:45:46 AM,1101.4,30,33042.0,14061544.499999998
2025-08-01 10:45:50 AM,1099.8,0,0.0,14061544.499999998
2025-08-01 10:45:51 AM,1099.8,1,1099.8,14062644.299999999
2025-08-01 10:46:17 AM,1099.9,0,0.0,14062644.299999999
2025-08-01 10:46:17 AM,1099.9,8,8799.2,14071443.499999998
2025-08-01 10:46:20 AM,1099.6,0,0.0,14071443.499999998
2025-08-01 10:46:23 AM,1099.6,8,8796.8,14080240.299999999
2025-08-01 10:46:28 AM,1100.1,150,165015.0,14245255.299999999
2025-08-01 10:46:46 AM,1100.2,18,19803.600000000002,14265058.899999999
2025-08-01 10:47:16 AM,1099.6,0,0.0,14265058.899999999
2025-08-01 10:47:18 AM,1099.6,5,5498.0,14270556.899999999
2025-08-01 10:47:46 AM,1099.7,0,0.0,14270556.899999999
2025-08-01 10:47:47 AM,1099.7,4,4398.8,14274955.7
2025-08-01 10:48:16 AM,1099.6,0,0.0,14274955.7
2025-08-01 10:48:16 AM,1099.6,4,4398.4,14279354.1
2025-08-01 10:48:46 AM,1099.4,0,0.0,14279354.1
2025-08-01 10:48:46 AM,1099.4,11,12093.400000000001,14291447.5
2025-08-01 10:49:10 AM,1100.4,0,0.0,14291447.5
2025-08-01 10:49:12 AM,1100.4,4,4401.6,14295849.1
2025-08-01 10:49:16 AM,1099.3,0,0.0,14295849.1
2025-08-01 10:49:17 AM,1099.3,4,4397.2,14300246.299999999
2025-08-01 10:49:49 AM,1099.3,4,4397.2,14304643.499999998
2025-08-01 10:50:14 AM,1101.1,0,0.0,14304643.499999998
2025-08-01 10:50:16 AM,1100.5,0,0.0,14304643.499999998
2025-08-01 10:50:16 AM,1100.5,6,6603.0,14311246.499999998
2025-08-01 10:50:18 AM,1099.2,2,2198.4,14313444.899999999
2025-08-01 10:50:46 AM,1099.0,0,0.0,14313444.899999999
2025-08-01 10:50:50 AM,1099.0,4,4396.0,14317840.899999999
2025-08-01 10:51:17 AM,1099.1,0,0.0,14317840.899999999
2025-08-01 10:51:19 AM,1099.1,5,5495.5,14323336.399999999
2025-08-01 10:51:23 AM,1100.5,0,0.0,14323336.399999999
2025-08-01 10:51:24 AM,1100.5,1,1100.5,14324436.899999999
2025-08-01 10:51:46 AM,1099.2,8,8793.6,14333230.499999998
2025-08-01 10:52:05 AM,1100.8,0,0.0,14333230.499999998
2025-08-01 10:52:07 AM,1100.8,2,2201.6,14335432.099999998
2025-08-01 10:52:17 AM,1099.9,0,0.0,14335432.099999998
2025-08-01 10:52:18 AM,1099.9,3,3299.7000000000003,14338731.799999997
2025-08-01 10:52:21 AM,1099.0,0,0.0,14338731.799999997
2025-08-01 10:52:24 AM,1099.0,1,1099.0,14339830.799999997
2025-08-01 10:52:46 AM,1099.0,5,5495.0,14345325.799999997
2025-08-01 10:53:00 AM,1100.0,1,1100.0,14346425.799999997
2025-08-01 10:53:16 AM,1099.0,4,4396.0,14350821.799999997
2025-08-01 10:53:28 AM,1100.4,3,3301.2000000000003,14354122.999999996
2025-08-01 10:53:47 AM,1099.3,0,0.0,14354122.999999996
2025-08-01 10:53:49 AM,1099.3,4,4397.2,14358520.199999996
2025-08-01 10:54:00 AM,1100.4,7,7702.800000000001,14366222.999999996
2025-08-01 10:54:16 AM,1099.4,5,5497.0,14371719.999999996
2025-08-01 10:54:46 AM,1100.3,0,0.0,14371719.999999996
2025-08-01 10:54:47 AM,1100.3,4,4401.2,14376121.199999996
2025-08-01 10:55:16 AM,1100.5,0,0.0,14376121.199999996
2025-08-01 10:55:19 AM,1100.5,5,5502.5,14381623.699999996
2025-08-01 10:55:47 AM,1100.5,4,4402.0,14386025.699999996
2025-08-01 10:55:47 AM,1101.6,1,1101.6,14387127.299999995
2025-08-01 10:56:17 AM,1100.5,0,0.0,14387127.299999995
2025-08-01 10:56:18 AM,1100.5,4,4402.0,14391529.299999995
2025-08-01 10:56:28 AM,1100.2,40,44008.0,14435537.299999995
2025-08-01 10:56:46 AM,1100.2,3,3300.6000000000004,14438837.899999995
2025-08-01 10:56:49 AM,1100.1,0,0.0,14438837.899999995
2025-08-01 10:56:50 AM,1100.1,2,2200.2,14441038.099999994
2025-08-01 10:57:16 AM,1100.1,33,36303.299999999996,14477341.399999995
2025-08-01 10:57:19 AM,1100.7,0,0.0,14477341.399999995
2025-08-01 10:57:21 AM,1100.7,10,11007.0,14488348.399999995
2025-08-01 10:57:47 AM,1099.2,0,0.0,14488348.399999995
2025-08-01 10:57:48 AM,1099.2,4,4396.8,14492745.199999996
2025-08-01 10:58:17 AM,1099.3,0,0.0,14492745.199999996
2025-08-01 10:58:19 AM,1099.3,5,5496.5,14498241.699999996
2025-08-01 10:58:47 AM,1099.4,0,0.0,14498241.699999996
2025-08-01 10:58:47 AM,1099.4,4,4397.6,14502639.299999995
2025-08-01 10:59:17 AM,1099.0,0,0.0,14502639.299999995
2025-08-01 10:59:18 AM,1099.0,5,5495.0,14508134.299999995
2025-08-01 10:59:50 AM,1099.0,4,4396.0,14512530.299999995
2025-08-01 11:00:18 AM,1099.0,4,4396.0,14516926.299999995
2025-08-01 11:00:46 AM,1099.0,5,5495.0,14522421.299999995
2025-08-01 11:01:16 AM,1098.8,0,0.0,14522421.299999995
2025-08-01 11:01:17 AM,1098.8,4,4395.2,14526816.499999994
2025-08-01 11:01:46 AM,1098.9,0,0.0,14526816.499999994
2025-08-01 11:01:48 AM,1098.9,5,5494.5,14532310.999999994
2025-08-01 11:02:16 AM,1099.8,0,0.0,14532310.999999994
2025-08-01 11:02:20 AM,1099.8,4,4399.2,14536710.199999994
2025-08-01 11:02:48 AM,1099.8,4,4399.2,14541109.399999993
2025-08-01 11:02:53 AM,1100.0,1,1100.0,14542209.399999993
2025-08-01 11:03:18 AM,1100.0,5,5500.0,14547709.399999993
2025-08-01 11:03:47 AM,1100.0,4,4400.0,14552109.399999993
2025-08-01 11:04:16 AM,1101.7,0,0.0,14552109.399999993
2025-08-01 11:04:16 AM,1101.7,4,4406.8,14556516.199999994
2025-08-01 11:04:47 AM,1101.7,5,5508.5,14562024.699999994
2025-08-01 11:05:19 AM,1101.7,4,4406.8,14566431.499999994
2025-08-01 11:05:46 AM,1101.8,0,0.0,14566431.499999994
2025-08-01 11:05:46 AM,1101.8,5,5509.0,14571940.499999994
2025-08-01 11:06:16 AM,1101.9,0,0.0,14571940.499999994
2025-08-01 11:06:18 AM,1101.9,4,4407.6,14576348.099999994
2025-08-01 11:06:45 AM,1102.1,4,4408.4,14580756.499999994
2025-08-01 11:07:00 AM,1103.3,0,0.0,14580756.499999994
2025-08-01 11:07:00 AM,1103.3,45,49648.5,14630404.999999994
2025-08-01 11:07:16 AM,1102.1,0,0.0,14630404.999999994
2025-08-01 11:07:16 AM,1102.1,21,23144.1,14653549.099999994
2025-08-01 11:07:17 AM,1102.1,6,6612.599999999999,14660161.699999994
2025-08-01 11:07:32 AM,1102.0,0,0.0,14660161.699999994
2025-08-01 11:07:32 AM,1102.0,5,5510.0,14665671.699999994
2025-08-01 11:07:46 AM,1101.9,0,0.0,14665671.699999994
2025-08-01 11:07:49 AM,1101.9,7,7713.300000000001,14673384.999999994
2025-08-01 11:08:15 AM,1101.8,5,5509.0,14678893.999999994
2025-08-01 11:08:28 AM,1101.7,5,5508.5,14684402.499999994
2025-08-01 11:08:46 AM,1101.6,0,0.0,14684402.499999994
2025-08-01 11:08:46 AM,1101.6,3,3304.7999999999997,14687707.299999995
2025-08-01 11:08:50 AM,1100.5,0,0.0,14687707.299999995
2025-08-01 11:08:52 AM,1100.5,2,2201.0,14689908.299999995
2025-08-01 11:08:57 AM,1101.6,2,2203.2,14692111.499999994
2025-08-01 11:09:11 AM,1101.7,0,0.0,14692111.499999994
2025-08-01 11:09:12 AM,1101.7,1,1101.7,14693213.199999994
2025-08-01 11:09:17 AM,1101.4,0,0.0,14693213.199999994
2025-08-01 11:09:18 AM,1101.4,7,7709.800000000001,14700922.999999994
2025-08-01 11:09:26 AM,1101.4,1,1101.4,14702024.399999995
2025-08-01 11:09:28 AM,1101.4,1,1101.4,14703125.799999995
2025-08-01 11:09:37 AM,1101.4,1,1101.4,14704227.199999996
2025-08-01 11:09:41 AM,1101.3,0,0.0,14704227.199999996
2025-08-01 11:09:42 AM,1101.3,1,1101.3,14705328.499999996
2025-08-01 11:09:47 AM,1100.2,0,0.0,14705328.499999996
2025-08-01 11:09:47 AM,1100.2,5,5501.0,14710829.499999996
2025-08-01 11:09:55 AM,1101.4,1,1101.4,14711930.899999997
2025-08-01 11:09:57 AM,1101.7,0,0.0,14711930.899999997
2025-08-01 11:09:58 AM,1101.7,1,1101.7,14713032.599999996
2025-08-01 11:10:03 AM,1101.3,0,0.0,14713032.599999996
2025-08-01 11:10:03 AM,1101.3,3,3303.8999999999996,14716336.499999996
2025-08-01 11:10:09 AM,1101.7,0,0.0,14716336.499999996
2025-08-01 11:10:10 AM,1101.7,1,1101.7,14717438.199999996
2025-08-01 11:10:15 AM,1100.9,4,4403.6,14721841.799999995
2025-08-01 11:10:17 AM,1102.1,0,0.0,14721841.799999995
2025-08-01 11:10:19 AM,1102.1,1,1102.1,14722943.899999995
2025-08-01 11:10:25 AM,1102.1,1,1102.1,14724045.999999994
2025-08-01 11:10:39 AM,1102.2,0,0.0,14724045.999999994
2025-08-01 11:10:41 AM,1102.2,2,2204.4,14726250.399999995
2025-08-01 11:10:47 AM,1100.8,0,0.0,14726250.399999995
2025-08-01 11:10:47 AM,1100.8,4,4403.2,14730653.599999994
2025-08-01 11:10:53 AM,1102.1,0,0.0,14730653.599999994
2025-08-01 11:10:53 AM,1102.1,1,1102.1,14731755.699999994
2025-08-01 11:10:54 AM,1102.0,0,0.0,14731755.699999994
2025-08-01 11:10:58 AM,1102.0,2,2204.0,14733959.699999994
2025-08-01 11:11:09 AM,1102.0,1,1102.0,14735061.699999994
2025-08-01 11:11:17 AM,1100.9,0,0.0,14735061.699999994
2025-08-01 11:11:19 AM,1102.2,0,0.0,14735061.699999994
2025-08-01 11:11:20 AM,1102.2,6,6613.200000000001,14741674.899999993
2025-08-01 11:11:23 AM,1102.5,0,0.0,14741674.899999993
2025-08-01 11:11:25 AM,1102.5,1,1102.5,14742777.399999993
2025-08-01 11:11:36 AM,1101.0,3,3303.0,14746080.399999993
2025-08-01 11:11:39 AM,1102.5,0,0.0,14746080.399999993
2025-08-01 11:11:42 AM,1102.5,1,1102.5,14747182.899999993
2025-08-01 11:11:46 AM,1101.1,0,0.0,14747182.899999993
2025-08-01 11:11:47 AM,1101.1,4,4404.4,14751587.299999993
2025-08-01 11:11:51 AM,1102.4,0,0.0,14751587.299999993
2025-08-01 11:11:52 AM,1102.4,1,1102.4,14752689.699999994
2025-08-01 11:11:58 AM,1102.5,1,1102.5,14753792.199999994
2025-08-01 11:12:07 AM,1102.6,0,0.0,14753792.199999994
2025-08-01 11:12:08 AM,1102.6,1,1102.6,14754894.799999993
2025-08-01 11:12:17 AM,1101.5,0,0.0,14754894.799999993
2025-08-01 11:12:19 AM,1102.3,5,5511.5,14760406.299999993
2025-08-01 11:12:21 AM,1102.7,0,0.0,14760406.299999993
2025-08-01 11:12:22 AM,1102.6,0,0.0,14760406.299999993
2025-08-01 11:12:24 AM,1102.6,6,6615.599999999999,14767021.899999993
2025-08-01 11:12:35 AM,1102.6,1,1102.6,14768124.499999993
2025-08-01 11:12:39 AM,1102.5,0,0.0,14768124.499999993
2025-08-01 11:12:40 AM,1102.5,1,1102.5,14769226.999999993
2025-08-01 11:12:46 AM,1101.1,5,5505.5,14774732.499999993
2025-08-01 11:12:49 AM,1102.6,0,0.0,14774732.499999993
2025-08-01 11:12:50 AM,1102.6,1,1102.6,14775835.099999992
2025-08-01 11:13:01 AM,1102.6,1,1102.6,14776937.699999992
2025-08-01 11:13:04 AM,1102.9,0,0.0,14776937.699999992
2025-08-01 11:13:06 AM,1102.9,1,1102.9,14778040.599999992
2025-08-01 11:13:17 AM,1101.5,0,0.0,14778040.599999992
2025-08-01 11:13:17 AM,1101.5,4,4406.0,14782446.599999992
2025-08-01 11:13:18 AM,1102.6,0,0.0,14782446.599999992
2025-08-01 11:13:19 AM,1102.6,2,2205.2,14784651.799999991
2025-08-01 11:13:33 AM,1102.7,0,0.0,14784651.799999991
2025-08-01 11:13:33 AM,1102.7,1,1102.7,14785754.49999999
2025-08-01 11:13:39 AM,1102.6,0,0.0,14785754.49999999
2025-08-01 11:13:39 AM,1102.6,1,1102.6,14786857.09999999
2025-08-01 11:13:44 AM,1102.7,2,2205.4,14789062.49999999
2025-08-01 11:13:46 AM,1101.6,0,0.0,14789062.49999999
2025-08-01 11:13:46 AM,1102.3,0,0.0,14789062.49999999
2025-08-01 11:13:46 AM,1102.3,7,7716.099999999999,14796778.59999999
2025-08-01 11:13:50 AM,1102.3,1,1102.3,14797880.899999991
2025-08-01 11:14:00 AM,1102.3,1,1102.3,14798983.199999992
2025-08-01 11:14:02 AM,1102.6,0,0.0,14798983.199999992
2025-08-01 11:14:02 AM,1102.6,1,1102.6,14800085.799999991
2025-08-01 11:14:16 AM,1101.6,0,0.0,14800085.799999991
2025-08-01 11:14:16 AM,1101.5,0,0.0,14800085.799999991
2025-08-01 11:14:17 AM,1102.0,7,7714.0,14807799.799999991
2025-08-01 11:14:19 AM,1101.8,0,0.0,14807799.799999991
2025-08-01 11:14:22 AM,1101.8,1,1101.8,14808901.599999992
2025-08-01 11:14:30 AM,1101.2,0,0.0,14808901.599999992
2025-08-01 11:14:32 AM,1101.8,0,0.0,14808901.599999992
2025-08-01 11:14:33 AM,1101.8,4,4407.2,14813308.799999991
2025-08-01 11:14:40 AM,1101.7,1,1101.7,14814410.49999999
2025-08-01 11:14:46 AM,1100.9,0,0.0,14814410.49999999
2025-08-01 11:14:49 AM,1100.9,6,6605.400000000001,14821015.899999991
2025-08-01 11:15:00 AM,1101.8,0,0.0,14821015.899999991
2025-08-01 11:15:00 AM,1101.8,2,2203.6,14823219.49999999
2025-08-01 11:15:12 AM,1101.8,1,1101.8,14824321.299999991
2025-08-01 11:15:16 AM,1101.1,0,0.0,14824321.299999991
2025-08-01 11:15:16 AM,1101.1,6,6606.599999999999,14830927.899999991
2025-08-01 11:15:20 AM,1102.2,0,0.0,14830927.899999991
2025-08-01 11:15:21 AM,1102.2,1,1102.2,14832030.09999999
2025-08-01 11:15:32 AM,1102.2,1,1102.2,14833132.29999999
2025-08-01 11:15:40 AM,1102.1,0,0.0,14833132.29999999
2025-08-01 11:15:43 AM,1102.1,1,1102.1,14834234.39999999
2025-08-01 11:15:43 AM,1102.0,1,1102.0,14835336.39999999
2025-08-01 11:15:46 AM,1101.3,0,0.0,14835336.39999999
2025-08-01 11:15:48 AM,1101.3,4,4405.2,14839741.599999988
2025-08-01 11:15:58 AM,1102.3,0,0.0,14839741.599999988
2025-08-01 11:15:58 AM,1102.3,1,1102.3,14840843.89999999
2025-08-01 11:16:02 AM,1102.4,0,0.0,14840843.89999999
2025-08-01 11:16:03 AM,1102.4,1,1102.4,14841946.29999999
2025-08-01 11:16:14 AM,1102.5,1,1102.5,14843048.79999999
2025-08-01 11:16:16 AM,1101.9,0,0.0,14843048.79999999
2025-08-01 11:16:19 AM,1101.9,8,8815.2,14851863.999999989
2025-08-01 11:16:20 AM,1102.8,0,0.0,14851863.999999989
2025-08-01 11:16:21 AM,1102.8,1,1102.8,14852966.79999999
2025-08-01 11:16:30 AM,1102.8,1,1102.8,14854069.59999999
2025-08-01 11:16:38 AM,1102.6,0,0.0,14854069.59999999
2025-08-01 11:16:40 AM,1102.8,2,2205.6,14856275.19999999
2025-08-01 11:16:45 AM,1102.8,1,1102.8,14857377.99999999
2025-08-01 11:16:46 AM,1101.7,0,0.0,14857377.99999999
2025-08-01 11:16:47 AM,1101.7,4,4406.8,14861784.799999991
2025-08-01 11:16:58 AM,1102.6,0,0.0,14861784.799999991
2025-08-01 11:16:58 AM,1102.6,1,1102.6,14862887.399999991
2025-08-01 11:17:01 AM,1102.6,1,1102.6,14863989.99999999
2025-08-01 11:17:12 AM,1102.6,1,1102.6,14865092.59999999
2025-08-01 11:17:16 AM,1101.8,0,0.0,14865092.59999999
2025-08-01 11:17:17 AM,1101.8,5,5509.0,14870601.59999999
2025-08-01 11:17:22 AM,1102.4,0,0.0,14870601.59999999
2025-08-01 11:17:22 AM,1102.4,1,1102.4,14871703.99999999
2025-08-01 11:17:26 AM,1102.8,0,0.0,14871703.99999999
2025-08-01 11:17:28 AM,1102.8,1,1102.8,14872806.799999991
2025-08-01 11:17:40 AM,1102.5,0,0.0,14872806.799999991
2025-08-01 11:17:41 AM,1102.5,1,1102.5,14873909.299999991
2025-08-01 11:17:46 AM,1102.7,0,0.0,14873909.299999991
2025-08-01 11:17:46 AM,1102.7,5,5513.5,14879422.799999991
2025-08-01 11:17:54 AM,1103.6,1,1103.6,14880526.399999991
2025-08-01 11:18:01 AM,1103.4,0,0.0,14880526.399999991
2025-08-01 11:18:01 AM,1103.4,1,1103.4,14881629.799999991
2025-08-01 11:18:04 AM,1103.8,0,0.0,14881629.799999991
2025-08-01 11:18:05 AM,1103.8,1,1103.8,14882733.599999992
2025-08-01 11:18:10 AM,1103.4,0,0.0,14882733.599999992
2025-08-01 11:18:11 AM,1103.4,1,1103.4,14883836.999999993
2025-08-01 11:18:12 AM,1102.7,0,0.0,14883836.999999993
2025-08-01 11:18:13 AM,1102.7,6,6616.200000000001,14890453.199999992
2025-08-01 11:18:16 AM,1102.2,0,0.0,14890453.199999992
2025-08-01 11:18:16 AM,1102.2,4,4408.8,14894861.999999993
2025-08-01 11:18:21 AM,1102.6,54,59540.399999999994,14954402.399999993
2025-08-01 11:18:27 AM,1102.6,1,1102.6,14955504.999999993
2025-08-01 11:18:38 AM,1102.9,0,0.0,14955504.999999993
2025-08-01 11:18:39 AM,1102.9,1,1102.9,14956607.899999993
2025-08-01 11:18:42 AM,1103.2,0,0.0,14956607.899999993
2025-08-01 11:18:45 AM,1103.2,1,1103.2,14957711.099999992
2025-08-01 11:18:46 AM,1101.9,4,4407.6,14962118.699999992
2025-08-01 11:18:54 AM,1102.6,0,0.0,14962118.699999992
2025-08-01 11:18:56 AM,1102.6,1,1102.6,14963221.299999991
2025-08-01 11:19:02 AM,1102.7,1,1102.7,14964323.99999999
2025-08-01 11:19:07 AM,1102.9,0,0.0,14964323.99999999
2025-08-01 11:19:08 AM,1102.9,1,1102.9,14965426.899999991
2025-08-01 11:19:16 AM,1101.9,0,0.0,14965426.899999991
2025-08-01 11:19:19 AM,1101.9,5,5509.5,14970936.399999991
2025-08-01 11:19:22 AM,1102.8,0,0.0,14970936.399999991
2025-08-01 11:19:24 AM,1102.8,2,2205.6,14973141.99999999
2025-08-01 11:19:30 AM,1102.9,1,1102.9,14974244.899999991
2025-08-01 11:19:40 AM,1102.9,1,1102.9,14975347.799999991
2025-08-01 11:19:42 AM,1103.3,0,0.0,14975347.799999991
2025-08-01 11:19:46 AM,1102.0,0,0.0,14975347.799999991
2025-08-01 11:19:46 AM,1102.0,5,5510.0,14980857.799999991
2025-08-01 11:19:51 AM,1103.0,0,0.0,14980857.799999991
2025-08-01 11:19:51 AM,1103.0,1,1103.0,14981960.799999991
2025-08-01 11:20:02 AM,1102.8,1,1102.8,14983063.599999992
2025-08-01 11:20:05 AM,1102.9,0,0.0,14983063.599999992
2025-08-01 11:20:07 AM,1102.9,1,1102.9,14984166.499999993
2025-08-01 11:20:16 AM,1101.7,0,0.0,14984166.499999993
2025-08-01 11:20:18 AM,1101.7,5,5508.5,14989674.999999993
2025-08-01 11:20:20 AM,1102.4,0,0.0,14989674.999999993
2025-08-01 11:20:22 AM,1102.5,0,0.0,14989674.999999993
2025-08-01 11:20:23 AM,1102.5,2,2205.0,14991879.999999993
2025-08-01 11:20:35 AM,1102.8,0,0.0,14991879.999999993
2025-08-01 11:20:39 AM,1102.8,1,1102.8,14992982.799999993
2025-08-01 11:20:44 AM,1102.8,1,1102.8,14994085.599999994
2025-08-01 11:20:46 AM,1101.9,0,0.0,14994085.599999994
2025-08-01 11:20:49 AM,1102.7,5,5513.5,14999599.099999994
2025-08-01 11:20:57 AM,1102.9,0,0.0,14999599.099999994
2025-08-01 11:20:59 AM,1102.9,1,1102.9,15000701.999999994
2025-08-01 11:21:03 AM,1103.2,0,0.0,15000701.999999994
2025-08-01 11:21:04 AM,1103.3,0,0.0,15000701.999999994
2025-08-01 11:21:04 AM,1103.3,2,2206.6,15002908.599999994
2025-08-01 11:21:16 AM,1102.6,0,0.0,15002908.599999994
2025-08-01 11:21:18 AM,1103.4,0,0.0,15002908.599999994
2025-08-01 11:21:21 AM,1103.4,5,5517.0,15008425.599999994
2025-08-01 11:21:26 AM,1103.4,1,1103.4,15009528.999999994
2025-08-01 11:21:37 AM,1103.4,1,1103.4,15010632.399999995
2025-08-01 11:21:42 AM,1103.4,1,1103.4,15011735.799999995
2025-08-01 11:21:47 AM,1102.1,12,13225.199999999999,15024960.999999994
2025-08-01 11:21:47 AM,1102.6,0,0.0,15024960.999999994
2025-08-01 11:21:47 AM,1102.6,1,1102.6,15026063.599999994
2025-08-01 11:21:58 AM,1103.2,0,0.0,15026063.599999994
2025-08-01 11:22:01 AM,1103.4,2,2206.8,15028270.399999995
2025-08-01 11:22:03 AM,1103.5,0,0.0,15028270.399999995
2025-08-01 11:22:07 AM,1103.5,1,1103.5,15029373.899999995
2025-08-01 11:22:12 AM,1103.3,0,0.0,15029373.899999995
2025-08-01 11:22:12 AM,1103.3,3,3309.8999999999996,15032683.799999995
2025-08-01 11:22:16 AM,1103.0,0,0.0,15032683.799999995
2025-08-01 11:22:18 AM,1103.0,2,2206.0,15034889.799999995
2025-08-01 11:22:20 AM,1101.2,0,0.0,15034889.799999995
2025-08-01 11:22:23 AM,1103.1,0,0.0,15034889.799999995
2025-08-01 11:22:23 AM,1103.1,4,4412.4,15039302.199999996
2025-08-01 11:22:31 AM,1103.2,0,0.0,15039302.199999996
2025-08-01 11:22:34 AM,1103.2,1,1103.2,15040405.399999995
2025-08-01 11:22:43 AM,1103.3,0,0.0,15040405.399999995
2025-08-01 11:22:45 AM,1103.3,1,1103.3,15041508.699999996
2025-08-01 11:22:45 AM,1103.5,1,1103.5,15042612.199999996
2025-08-01 11:22:46 AM,1102.6,0,0.0,15042612.199999996
2025-08-01 11:22:50 AM,1102.6,4,4410.4,15047022.599999996
2025-08-01 11:23:00 AM,1103.5,1,1103.5,15048126.099999996
2025-08-01 11:23:03 AM,1103.6,0,0.0,15048126.099999996
2025-08-01 11:23:05 AM,1103.6,1,1103.6,15049229.699999996
2025-08-01 11:23:11 AM,1104.0,5,5520.0,15054749.699999996
2025-08-01 11:23:14 AM,1103.8,0,0.0,15054749.699999996
2025-08-01 11:23:16 AM,1103.1,0,0.0,15054749.699999996
2025-08-01 11:23:16 AM,1103.1,6,6618.599999999999,15061368.299999995
2025-08-01 11:23:23 AM,1104.2,0,0.0,15061368.299999995
2025-08-01 11:23:27 AM,1104.2,1,1104.2,15062472.499999994
2025-08-01 11:23:29 AM,1104.4,0,0.0,15062472.499999994
2025-08-01 11:23:32 AM,1104.4,1,1104.4,15063576.899999995
2025-08-01 11:23:45 AM,1104.5,0,0.0,15063576.899999995
2025-08-01 11:23:46 AM,1103.7,0,0.0,15063576.899999995
2025-08-01 11:23:47 AM,1103.7,6,6622.200000000001,15070199.099999994
2025-08-01 11:23:49 AM,1104.6,0,0.0,15070199.099999994
2025-08-01 11:23:52 AM,1104.6,1,1104.6,15071303.699999994
2025-08-01 11:23:58 AM,1104.5,0,0.0,15071303.699999994
2025-08-01 11:24:02 AM,1104.5,1,1104.5,15072408.199999994
2025-08-01 11:24:07 AM,1104.5,1,1104.5,15073512.699999994
2025-08-01 11:24:12 AM,1104.5,1,1104.5,15074617.199999994
2025-08-01 11:24:16 AM,1103.6,0,0.0,15074617.199999994
2025-08-01 11:24:17 AM,1103.6,5,5518.0,15080135.199999994
2025-08-01 11:24:25 AM,1104.5,0,0.0,15080135.199999994
2025-08-01 11:24:27 AM,1104.6,0,0.0,15080135.199999994
2025-08-01 11:24:28 AM,1104.6,2,2209.2,15082344.399999993
2025-08-01 11:24:44 AM,1104.5,0,0.0,15082344.399999993
2025-08-01 11:24:44 AM,1104.5,2,2209.0,15084553.399999993
2025-08-01 11:24:46 AM,1103.7,0,0.0,15084553.399999993
2025-08-01 11:24:47 AM,1103.8,0,0.0,15084553.399999993
2025-08-01 11:24:49 AM,1103.4,0,0.0,15084553.399999993
2025-08-01 11:24:49 AM,1103.4,23,25378.2,15109931.599999992
2025-08-01 11:24:52 AM,1101.7,0,0.0,15109931.599999992
2025-08-01 11:24:55 AM,1101.7,1,1101.7,15111033.299999991
2025-08-01 11:24:56 AM,1103.3,0,0.0,15111033.299999991
2025-08-01 11:25:00 AM,1103.3,1,1103.3,15112136.599999992
2025-08-01 11:25:04 AM,1103.1,0,0.0,15112136.599999992
2025-08-01 11:25:05 AM,1103.1,1,1103.1,15113239.699999992
2025-08-01 11:25:11 AM,1103.4,1,1103.4,15114343.099999992
2025-08-01 11:25:16 AM,1101.9,0,0.0,15114343.099999992
2025-08-01 11:25:16 AM,1101.9,5,5509.5,15119852.599999992
2025-08-01 11:25:25 AM,1103.1,0,0.0,15119852.599999992
2025-08-01 11:25:26 AM,1103.1,2,2206.2,15122058.799999991
2025-08-01 11:25:40 AM,1103.3,0,0.0,15122058.799999991
2025-08-01 11:25:42 AM,1103.3,1,1103.3,15123162.099999992
2025-08-01 11:25:45 AM,1103.5,0,0.0,15123162.099999992
2025-08-01 11:25:46 AM,1102.3,0,0.0,15123162.099999992
2025-08-01 11:25:47 AM,1102.3,6,6613.799999999999,15129775.899999993
2025-08-01 11:25:54 AM,1103.1,0,0.0,15129775.899999993
2025-08-01 11:25:57 AM,1103.1,1,1103.1,15130878.999999993
2025-08-01 11:26:08 AM,1103.1,1,1103.1,15131982.099999992
2025-08-01 11:26:08 AM,1102.9,1,1102.9,15133084.999999993
2025-08-01 11:26:16 AM,1102.0,0,0.0,15133084.999999993
2025-08-01 11:26:18 AM,1102.0,4,4408.0,15137492.999999993
2025-08-01 11:26:23 AM,1103.1,0,0.0,15137492.999999993
2025-08-01 11:26:24 AM,1103.1,1,1103.1,15138596.099999992
2025-08-01 11:26:25 AM,1103.0,0,0.0,15138596.099999992
2025-08-01 11:26:28 AM,1103.0,1,1103.0,15139699.099999992
2025-08-01 11:26:38 AM,1102.9,0,0.0,15139699.099999992
2025-08-01 11:26:38 AM,1102.9,1,1102.9,15140801.999999993
2025-08-01 11:26:41 AM,1103.3,0,0.0,15140801.999999993
2025-08-01 11:26:43 AM,1103.3,1,1103.3,15141905.299999993
2025-08-01 11:26:45 AM,1103.4,1,1103.4,15143008.699999994
2025-08-01 11:26:46 AM,1102.2,0,0.0,15143008.699999994
2025-08-01 11:26:48 AM,1102.2,4,4408.8,15147417.499999994
2025-08-01 11:26:50 AM,1102.2,3,3306.6000000000004,15150724.099999994
2025-08-01 11:26:53 AM,1103.2,0,0.0,15150724.099999994
2025-08-01 11:26:53 AM,1103.2,1,1103.2,15151827.299999993
2025-08-01 11:26:57 AM,1102.1,0,0.0,15151827.299999993
2025-08-01 11:26:58 AM,1102.1,3,3306.2999999999997,15155133.599999994
2025-08-01 11:27:05 AM,1103.5,0,0.0,15155133.599999994
2025-08-01 11:27:07 AM,1102.3,0,0.0,15155133.599999994
2025-08-01 11:27:08 AM,1102.3,4,4409.2,15159542.799999993
2025-08-01 11:27:19 AM,1102.3,5,5511.5,15165054.299999993
2025-08-01 11:27:21 AM,1103.6,0,0.0,15165054.299999993
2025-08-01 11:27:24 AM,1103.6,1,1103.6,15166157.899999993
2025-08-01 11:27:26 AM,1103.6,1,1103.6,15167261.499999993
2025-08-01 11:27:36 AM,1103.8,0,0.0,15167261.499999993
2025-08-01 11:27:39 AM,1103.8,1,1103.8,15168365.299999993
2025-08-01 11:27:46 AM,1102.7,0,0.0,15168365.299999993
2025-08-01 11:27:46 AM,1102.7,5,5513.5,15173878.799999993
2025-08-01 11:27:51 AM,1103.8,0,0.0,15173878.799999993
2025-08-01 11:27:51 AM,1103.8,1,1103.8,15174982.599999994
2025-08-01 11:28:05 AM,1104.2,1,1104.2,15176086.799999993
2025-08-01 11:28:06 AM,1104.6,0,0.0,15176086.799999993
2025-08-01 11:28:07 AM,1104.6,2,2209.2,15178295.999999993
2025-08-01 11:28:08 AM,1103.8,0,0.0,15178295.999999993
2025-08-01 11:28:10 AM,1103.8,12,13245.599999999999,15191541.599999992
2025-08-01 11:28:16 AM,1103.3,0,0.0,15191541.599999992
2025-08-01 11:28:17 AM,1103.3,5,5516.5,15197058.099999992
2025-08-01 11:28:20 AM,1104.5,0,0.0,15197058.099999992
2025-08-01 11:28:21 AM,1104.5,1,1104.5,15198162.599999992
2025-08-01 11:28:26 AM,1104.4,0,0.0,15198162.599999992
2025-08-01 11:28:26 AM,1104.4,1,1104.4,15199266.999999993
2025-08-01 11:28:34 AM,1103.3,0,0.0,15199266.999999993
2025-08-01 11:28:36 AM,1103.3,3,3309.8999999999996,15202576.899999993
2025-08-01 11:28:46 AM,1103.3,4,4413.2,15206990.099999992
2025-08-01 11:28:51 AM,1103.3,1,1103.3,15208093.399999993
2025-08-01 11:29:03 AM,1103.4,1,1103.4,15209196.799999993
2025-08-01 11:29:06 AM,1103.6,0,0.0,15209196.799999993
2025-08-01 11:29:06 AM,1103.6,1,1103.6,15210300.399999993
2025-08-01 11:29:16 AM,1102.3,0,0.0,15210300.399999993
2025-08-01 11:29:17 AM,1102.3,4,4409.2,15214709.599999992
2025-08-01 11:29:19 AM,1103.7,0,0.0,15214709.599999992
2025-08-01 11:29:20 AM,1103.7,1,1103.7,15215813.299999991
2025-08-01 11:29:26 AM,1103.5,0,0.0,15215813.299999991
2025-08-01 11:29:28 AM,1103.5,1,1103.5,15216916.799999991
2025-08-01 11:29:32 AM,1104.1,0,0.0,15216916.799999991
2025-08-01 11:29:33 AM,1104.0,2,2208.0,15219124.799999991
2025-08-01 11:29:46 AM,1103.1,0,0.0,15219124.799999991
2025-08-01 11:29:46 AM,1103.1,5,5515.5,15224640.299999991
2025-08-01 11:29:47 AM,1104.2,0,0.0,15224640.299999991
2025-08-01 11:29:49 AM,1104.2,2,2208.4,15226848.699999992
2025-08-01 11:30:01 AM,1104.4,0,0.0,15226848.699999992
2025-08-01 11:30:04 AM,1104.4,1,1104.4,15227953.099999992
2025-08-01 11:30:08 AM,1104.3,0,0.0,15227953.099999992
2025-08-01 11:30:09 AM,1104.3,1,1104.3,15229057.399999993
2025-08-01 11:30:16 AM,1103.1,0,0.0,15229057.399999993
2025-08-01 11:30:17 AM,1103.1,4,4412.4,15233469.799999993
2025-08-01 11:30:18 AM,1103.5,0,0.0,15233469.799999993
2025-08-01 11:30:20 AM,1103.5,2,2207.0,15235676.799999993
2025-08-01 11:30:27 AM,1103.5,1,1103.5,15236780.299999993
2025-08-01 11:30:30 AM,1103.6,1,1103.6,15237883.899999993
2025-08-01 11:30:44 AM,1103.7,10,11037.0,15248920.899999993
2025-08-01 11:30:46 AM,1102.3,0,0.0,15248920.899999993
2025-08-01 11:30:47 AM,1103.7,7,7725.900000000001,15256646.799999993
2025-08-01 11:30:58 AM,1103.6,0,0.0,15256646.799999993
2025-08-01 11:30:59 AM,1103.4,2,2206.8,15258853.599999994
2025-08-01 11:31:08 AM,1103.5,1,1103.5,15259957.099999994
2025-08-01 11:31:14 AM,1103.7,0,0.0,15259957.099999994
2025-08-01 11:31:15 AM,1103.7,1,1103.7,15261060.799999993
2025-08-01 11:31:16 AM,1102.2,0,0.0,15261060.799999993
2025-08-01 11:31:18 AM,1102.2,5,5511.0,15266571.799999993
2025-08-01 11:31:27 AM,1102.8,0,0.0,15266571.799999993
2025-08-01 11:31:28 AM,1102.8,2,2205.6,15268777.399999993
2025-08-01 11:31:43 AM,1102.7,0,0.0,15268777.399999993
2025-08-01 11:31:44 AM,1102.7,1,1102.7,15269880.099999992
2025-08-01 11:31:46 AM,1101.9,0,0.0,15269880.099999992
2025-08-01 11:31:47 AM,1102.8,0,0.0,15269880.099999992
2025-08-01 11:31:48 AM,1102.8,6,6616.799999999999,15276496.899999993
2025-08-01 11:31:58 AM,1102.7,1,1102.7,15277599.599999992
2025-08-01 11:32:08 AM,1103.1,0,0.0,15277599.599999992
2025-08-01 11:32:09 AM,1103.1,1,1103.1,15278702.699999992
2025-08-01 11:32:15 AM,1103.1,1,1103.1,15279805.799999991
2025-08-01 11:32:16 AM,1102.1,0,0.0,15279805.799999991
2025-08-01 11:32:17 AM,1102.0,15,16530.0,15296335.799999991
2025-08-01 11:32:22 AM,1100.5,2,2201.0,15298536.799999991
2025-08-01 11:32:24 AM,1102.4,0,0.0,15298536.799999991
2025-08-01 11:32:25 AM,1102.4,1,1102.4,15299639.199999992
2025-08-01 11:32:27 AM,1102.4,1,1102.4,15300741.599999992
2025-08-01 11:32:28 AM,1102.5,0,0.0,15300741.599999992
2025-08-01 11:32:30 AM,1102.5,1,1102.5,15301844.099999992
2025-08-01 11:32:42 AM,1102.5,1,1102.5,15302946.599999992
2025-08-01 11:32:45 AM,1103.0,0,0.0,15302946.599999992
2025-08-01 11:32:46 AM,1101.5,5,5507.5,15308454.099999992
2025-08-01 11:32:47 AM,1100.4,0,0.0,15308454.099999992
2025-08-01 11:32:47 AM,1100.4,23,25309.2,15333763.299999991
2025-08-01 11:32:48 AM,1102.6,0,0.0,15333763.299999991
2025-08-01 11:32:51 AM,1102.6,1,1102.6,15334865.899999991
2025-08-01 11:32:56 AM,1102.4,0,0.0,15334865.899999991
2025-08-01 11:32:56 AM,1102.4,1,1102.4,15335968.299999991
2025-08-01 11:33:08 AM,1102.0,0,0.0,15335968.299999991
2025-08-01 11:33:08 AM,1102.0,1,1102.0,15337070.299999991
2025-08-01 11:33:10 AM,1101.8,0,0.0,15337070.299999991
2025-08-01 11:33:12 AM,1101.8,1,1101.8,15338172.099999992
2025-08-01 11:33:16 AM,1100.6,0,0.0,15338172.099999992
2025-08-01 11:33:17 AM,1100.6,4,4402.4,15342574.499999993
2025-08-01 11:33:25 AM,1101.8,0,0.0,15342574.499999993
2025-08-01 11:33:27 AM,1101.8,1,1101.8,15343676.299999993
2025-08-01 11:33:28 AM,1101.9,1,1101.9,15344778.199999994
2025-08-01 11:33:42 AM,1101.9,1,1101.9,15345880.099999994
2025-08-01 11:33:46 AM,1101.4,0,0.0,15345880.099999994
2025-08-01 11:33:48 AM,1101.4,5,5507.0,15351387.099999994
2025-08-01 11:33:48 AM,1102.5,1,1102.5,15352489.599999994
2025-08-01 11:33:50 AM,1102.6,0,0.0,15352489.599999994
2025-08-01 11:33:53 AM,1102.6,1,1102.6,15353592.199999994
2025-08-01 11:33:54 AM,1102.7,0,0.0,15353592.199999994
2025-08-01 11:33:58 AM,1102.7,1,1102.7,15354694.899999993
2025-08-01 11:34:08 AM,1103.2,0,0.0,15354694.899999993
2025-08-01 11:34:13 AM,1103.2,2,2206.4,15356901.299999993
2025-08-01 11:34:16 AM,1101.9,0,0.0,15356901.299999993
2025-08-01 11:34:18 AM,1101.9,4,4407.6,15361308.899999993
2025-08-01 11:34:23 AM,1103.0,1,1103.0,15362411.899999993
2025-08-01 11:34:28 AM,1103.1,1,1103.1,15363514.999999993
2025-08-01 11:34:38 AM,1103.6,0,0.0,15363514.999999993
2025-08-01 11:34:39 AM,1103.6,1,1103.6,15364618.599999992
2025-08-01 11:34:46 AM,1102.3,0,0.0,15364618.599999992
2025-08-01 11:34:49 AM,1103.5,6,6621.0,15371239.599999992
2025-08-01 11:34:52 AM,1103.4,0,0.0,15371239.599999992
2025-08-01 11:34:55 AM,1103.4,1,1103.4,15372342.999999993
2025-08-01 11:35:01 AM,1102.9,0,0.0,15372342.999999993
2025-08-01 11:35:05 AM,1102.9,3,3308.7000000000003,15375651.699999992
2025-08-01 11:35:07 AM,1103.4,0,0.0,15375651.699999992
2025-08-01 11:35:10 AM,1103.4,2,2206.8,15377858.499999993
2025-08-01 11:35:16 AM,1103.3,0,0.0,15377858.499999993
2025-08-01 11:35:21 AM,1103.6,0,0.0,15377858.499999993
2025-08-01 11:35:21 AM,1103.6,6,6621.599999999999,15384480.099999992
2025-08-01 11:35:29 AM,1103.7,0,0.0,15384480.099999992
2025-08-01 11:35:32 AM,1103.7,1,1103.7,15385583.799999991
2025-08-01 11:35:36 AM,1103.6,0,0.0,15385583.799999991
2025-08-01 11:35:37 AM,1103.6,1,1103.6,15386687.399999991
2025-08-01 11:35:40 AM,1103.0,0,0.0,15386687.399999991
2025-08-01 11:35:42 AM,1103.0,1,1103.0,15387790.399999991
2025-08-01 11:35:46 AM,1102.3,0,0.0,15387790.399999991
2025-08-01 11:35:48 AM,1102.3,5,5511.5,15393301.899999991
2025-08-01 11:35:49 AM,1102.2,0,0.0,15393301.899999991
2025-08-01 11:35:53 AM,1102.2,8,8817.6,15402119.49999999
2025-08-01 11:36:05 AM,1102.9,0,0.0,15402119.49999999
2025-08-01 11:36:08 AM,1102.9,1,1102.9,15403222.399999991
2025-08-01 11:36:10 AM,1103.6,0,0.0,15403222.399999991
2025-08-01 11:36:13 AM,1103.6,1,1103.6,15404325.99999999
2025-08-01 11:36:16 AM,1102.3,0,0.0,15404325.99999999
2025-08-01 11:36:18 AM,1102.3,5,5511.5,15409837.49999999
2025-08-01 11:36:19 AM,1103.2,0,0.0,15409837.49999999
2025-08-01 11:36:23 AM,1103.2,1,1103.2,15410940.69999999
2025-08-01 11:36:30 AM,1103.0,0,0.0,15410940.69999999
2025-08-01 11:36:33 AM,1103.2,2,2206.4,15413147.09999999
2025-08-01 11:36:44 AM,1103.2,1,1103.2,15414250.29999999
2025-08-01 11:36:46 AM,1102.1,0,0.0,15414250.29999999
2025-08-01 11:36:48 AM,1102.2,0,0.0,15414250.29999999
2025-08-01 11:36:50 AM,1102.7,10,11027.0,15425277.29999999
2025-08-01 11:37:03 AM,1102.9,0,0.0,15425277.29999999
2025-08-01 11:37:05 AM,1102.9,1,1102.9,15426380.19999999
2025-08-01 11:37:09 AM,1103.4,0,0.0,15426380.19999999
2025-08-01 11:37:10 AM,1103.1,0,0.0,15426380.19999999
2025-08-01 11:37:11 AM,1103.1,12,13237.199999999999,15439617.39999999
2025-08-01 11:37:16 AM,1102.0,4,4408.0,15444025.39999999
2025-08-01 11:37:18 AM,1103.0,0,0.0,15444025.39999999
2025-08-01 11:37:19 AM,1102.8,0,0.0,15444025.39999999
2025-08-01 11:37:21 AM,1102.8,2,2205.6,15446230.999999989
2025-08-01 11:37:32 AM,1103.0,2,2206.0,15448436.999999989
2025-08-01 11:37:47 AM,1103.0,10,11030.0,15459466.999999989
2025-08-01 11:37:50 AM,1102.8,0,0.0,15459466.999999989
2025-08-01 11:37:52 AM,1102.8,1,1102.8,15460569.79999999
2025-08-01 11:38:02 AM,1102.8,1,1102.8,15461672.59999999
2025-08-01 11:38:08 AM,1102.7,0,0.0,15461672.59999999
2025-08-01 11:38:10 AM,1102.8,0,0.0,15461672.59999999
2025-08-01 11:38:12 AM,1102.8,2,2205.6,15463878.19999999
2025-08-01 11:38:16 AM,1101.7,0,0.0,15463878.19999999
2025-08-01 11:38:17 AM,1101.7,5,5508.5,15469386.69999999
2025-08-01 11:38:21 AM,1100.9,0,0.0,15469386.69999999
2025-08-01 11:38:22 AM,1100.9,10,11009.0,15480395.69999999
2025-08-01 11:38:30 AM,1102.7,0,0.0,15480395.69999999
2025-08-01 11:38:33 AM,1102.7,2,2205.4,15482601.09999999
2025-08-01 11:38:45 AM,1102.6,0,0.0,15482601.09999999
2025-08-01 11:38:46 AM,1101.3,0,0.0,15482601.09999999
2025-08-01 11:38:48 AM,1101.3,6,6607.799999999999,15489208.899999991
2025-08-01 11:38:51 AM,1102.5,0,0.0,15489208.899999991
2025-08-01 11:38:53 AM,1102.5,1,1102.5,15490311.399999991
2025-08-01 11:38:59 AM,1102.5,1,1102.5,15491413.899999991
2025-08-01 11:39:13 AM,1102.5,1,1102.5,15492516.399999991
2025-08-01 11:39:14 AM,1102.5,1,1102.5,15493618.899999991
2025-08-01 11:39:16 AM,1101.3,0,0.0,15493618.899999991
2025-08-01 11:39:18 AM,1101.3,4,4405.2,15498024.09999999
2025-08-01 11:39:28 AM,1102.6,0,0.0,15498024.09999999
2025-08-01 11:39:29 AM,1102.6,1,1102.6,15499126.69999999
2025-08-01 11:39:33 AM,1102.6,1,1102.6,15500229.29999999
2025-08-01 11:39:34 AM,1102.6,1,1102.6,15501331.89999999
2025-08-01 11:39:45 AM,1102.6,1,1102.6,15502434.499999989
2025-08-01 11:39:46 AM,1101.5,0,0.0,15502434.499999989
2025-08-01 11:39:46 AM,1101.5,7,7710.5,15510144.999999989
2025-08-01 11:39:52 AM,1102.1,1,1102.1,15511247.099999988
2025-08-01 11:39:58 AM,1102.9,0,0.0,15511247.099999988
2025-08-01 11:40:00 AM,1102.9,1,1102.9,15512349.999999989
2025-08-01 11:40:01 AM,1102.2,7,7715.400000000001,15520065.39999999
2025-08-01 11:40:11 AM,1102.8,0,0.0,15520065.39999999
2025-08-01 11:40:12 AM,1102.6,2,2205.2,15522270.599999988
2025-08-01 11:40:15 AM,1101.8,4,4407.2,15526677.799999988
2025-08-01 11:40:18 AM,1100.4,0,0.0,15526677.799999988
2025-08-01 11:40:21 AM,1100.4,1,1100.4,15527778.199999988
2025-08-01 11:40:26 AM,1101.3,0,0.0,15527778.199999988
2025-08-01 11:40:27 AM,1101.3,1,1101.3,15528879.499999989
2025-08-01 11:40:32 AM,1101.5,1,1101.5,15529980.999999989
2025-08-01 11:40:41 AM,1101.9,0,0.0,15529980.999999989
2025-08-01 11:40:41 AM,1101.9,1,1101.9,15531082.89999999
2025-08-01 11:40:46 AM,1100.7,4,4402.8,15535485.69999999
2025-08-01 11:40:52 AM,1101.5,1,1101.5,15536587.19999999
2025-08-01 11:40:56 AM,1101.5,1,1101.5,15537688.69999999
2025-08-01 11:41:01 AM,1102.1,1,1102.1,15538790.79999999
2025-08-01 11:41:12 AM,1102.3,2,2204.6,15540995.39999999
2025-08-01 11:41:16 AM,1100.9,0,0.0,15540995.39999999
2025-08-01 11:41:17 AM,1100.9,4,4403.6,15545398.999999989
2025-08-01 11:41:26 AM,1102.3,0,0.0,15545398.999999989
2025-08-01 11:41:26 AM,1102.3,1,1102.3,15546501.29999999
2025-08-01 11:41:32 AM,1102.2,0,0.0,15546501.29999999
2025-08-01 11:41:36 AM,1102.2,1,1102.2,15547603.499999989
2025-08-01 11:41:41 AM,1102.2,1,1102.2,15548705.699999988
2025-08-01 11:41:46 AM,1101.2,0,0.0,15548705.699999988
2025-08-01 11:41:46 AM,1101.2,6,6607.200000000001,15555312.899999987
2025-08-01 11:41:48 AM,1100.7,0,0.0,15555312.899999987
2025-08-01 11:41:52 AM,1100.7,4,4402.8,15559715.699999988
2025-08-01 11:41:54 AM,1102.5,0,0.0,15559715.699999988
2025-08-01 11:41:57 AM,1102.5,1,1102.5,15560818.199999988
2025-08-01 11:42:08 AM,1102.4,0,0.0,15560818.199999988
2025-08-01 11:42:12 AM,1102.5,0,0.0,15560818.199999988
2025-08-01 11:42:12 AM,1102.5,3,3307.5,15564125.699999988
2025-08-01 11:42:16 AM,1101.3,0,0.0,15564125.699999988
2025-08-01 11:42:17 AM,1101.3,4,4405.2,15568530.899999987
2025-08-01 11:42:22 AM,1102.0,1,1102.0,15569632.899999987
2025-08-01 11:42:27 AM,1102.0,1,1102.0,15570734.899999987
2025-08-01 11:42:33 AM,1102.0,1,1102.0,15571836.899999987
2025-08-01 11:42:38 AM,1102.0,1,1102.0,15572938.899999987
2025-08-01 11:42:47 AM,1100.5,0,0.0,15572938.899999987
2025-08-01 11:42:49 AM,1100.5,5,5502.5,15578441.399999987
2025-08-01 11:42:52 AM,1100.2,0,0.0,15578441.399999987
2025-08-01 11:42:52 AM,1101.7,0,0.0,15578441.399999987
2025-08-01 11:42:54 AM,1101.7,10,11017.0,15589458.399999987
2025-08-01 11:43:06 AM,1101.8,0,0.0,15589458.399999987
2025-08-01 11:43:10 AM,1101.8,1,1101.8,15590560.199999988
2025-08-01 11:43:14 AM,1102.2,0,0.0,15590560.199999988
2025-08-01 11:43:14 AM,1101.3,0,0.0,15590560.199999988
2025-08-01 11:43:16 AM,1101.3,5,5506.5,15596066.699999988
2025-08-01 11:43:18 AM,1100.1,0,0.0,15596066.699999988
2025-08-01 11:43:21 AM,1101.0,5,5505.0,15601571.699999988
2025-08-01 11:43:34 AM,1101.7,0,0.0,15601571.699999988
2025-08-01 11:43:36 AM,1100.3,0,0.0,15601571.699999988
2025-08-01 11:43:37 AM,1100.3,4,4401.2,15605972.899999987
2025-08-01 11:43:47 AM,1100.3,4,4401.2,15610374.099999987
2025-08-01 11:43:50 AM,1101.2,0,0.0,15610374.099999987
2025-08-01 11:43:52 AM,1101.1,0,0.0,15610374.099999987
2025-08-01 11:43:52 AM,1101.1,2,2202.2,15612576.299999986
2025-08-01 11:43:54 AM,1100.4,0,0.0,15612576.299999986
2025-08-01 11:43:57 AM,1100.4,3,3301.2000000000003,15615877.499999985
2025-08-01 11:44:04 AM,1101.8,0,0.0,15615877.499999985
2025-08-01 11:44:08 AM,1101.8,1,1101.8,15616979.299999986
2025-08-01 11:44:15 AM,1101.9,1,1101.9,15618081.199999986
2025-08-01 11:44:19 AM,1101.8,0,0.0,15618081.199999986
2025-08-01 11:44:21 AM,1101.8,6,6610.799999999999,15624691.999999987
2025-08-01 11:44:31 AM,1100.6,0,0.0,15624691.999999987
2025-08-01 11:44:32 AM,1100.6,10,11006.0,15635697.999999987
2025-08-01 11:44:34 AM,1101.1,0,0.0,15635697.999999987
2025-08-01 11:44:38 AM,1101.1,2,2202.2,15637900.199999986
2025-08-01 11:44:46 AM,1100.1,0,0.0,15637900.199999986
2025-08-01 11:44:49 AM,1100.8,5,5504.0,15643404.199999986
2025-08-01 11:44:54 AM,1101.1,1,1101.1,15644505.299999986
2025-08-01 11:45:04 AM,1101.1,1,1101.1,15645606.399999985
2025-08-01 11:45:14 AM,1101.3,0,0.0,15645606.399999985
2025-08-01 11:45:15 AM,1100.2,6,6601.200000000001,15652207.599999985
2025-08-01 11:45:17 AM,1101.3,0,0.0,15652207.599999985
2025-08-01 11:45:18 AM,1101.1,0,0.0,15652207.599999985
2025-08-01 11:45:21 AM,1101.1,2,2202.2,15654409.799999984
2025-08-01 11:45:31 AM,1101.4,1,1101.4,15655511.199999984
2025-08-01 11:45:34 AM,1101.8,0,0.0,15655511.199999984
2025-08-01 11:45:37 AM,1101.8,1,1101.8,15656612.999999985
2025-08-01 11:45:46 AM,1102.0,0,0.0,15656612.999999985
2025-08-01 11:45:47 AM,1102.0,5,5510.0,15662122.999999985
2025-08-01 11:45:58 AM,1102.0,1,1102.0,15663224.999999985
2025-08-01 11:46:01 AM,1102.1,0,0.0,15663224.999999985
2025-08-01 11:46:03 AM,1102.0,2,2204.0,15665428.999999985
2025-08-01 11:46:14 AM,1102.2,1,1102.2,15666531.199999984
2025-08-01 11:46:16 AM,1100.9,0,0.0,15666531.199999984
2025-08-01 11:46:19 AM,1100.9,5,5504.5,15672035.699999984
2025-08-01 11:46:29 AM,1102.1,1,1102.1,15673137.799999984
2025-08-01 11:46:35 AM,1102.1,1,1102.1,15674239.899999984
2025-08-01 11:46:44 AM,1102.5,0,0.0,15674239.899999984
2025-08-01 11:46:46 AM,1101.0,7,7707.0,15681946.899999984
2025-08-01 11:46:54 AM,1102.4,0,0.0,15681946.899999984
2025-08-01 11:46:57 AM,1102.4,1,1102.4,15683049.299999984
2025-08-01 11:47:02 AM,1102.4,1,1102.4,15684151.699999984
2025-08-01 11:47:14 AM,1102.6,0,0.0,15684151.699999984
2025-08-01 11:47:16 AM,1101.3,0,0.0,15684151.699999984
2025-08-01 11:47:17 AM,1101.3,6,6607.799999999999,15690759.499999985
2025-08-01 11:47:28 AM,1102.3,1,1102.3,15691861.799999986
2025-08-01 11:47:35 AM,1102.4,0,0.0,15691861.799999986
2025-08-01 11:47:37 AM,1102.4,1,1102.4,15692964.199999986
2025-08-01 11:47:43 AM,1102.4,1,1102.4,15694066.599999987
2025-08-01 11:47:46 AM,1101.2,0,0.0,15694066.599999987
2025-08-01 11:47:47 AM,1101.2,4,4404.8,15698471.399999987
2025-08-01 11:47:55 AM,1102.2,0,0.0,15698471.399999987
2025-08-01 11:47:57 AM,1102.0,0,0.0,15698471.399999987
2025-08-01 11:47:58 AM,1102.0,2,2204.0,15700675.399999987
2025-08-01 11:48:13 AM,1102.0,2,2204.0,15702879.399999987
2025-08-01 11:48:15 AM,1102.3,0,0.0,15702879.399999987
2025-08-01 11:48:16 AM,1101.1,0,0.0,15702879.399999987
2025-08-01 11:48:18 AM,1101.1,6,6606.599999999999,15709485.999999987
2025-08-01 11:48:26 AM,1102.1,0,0.0,15709485.999999987
2025-08-01 11:48:28 AM,1102.1,1,1102.1,15710588.099999987
2025-08-01 11:48:35 AM,1102.6,0,0.0,15710588.099999987
2025-08-01 11:48:38 AM,1102.6,1,1102.6,15711690.699999986
2025-08-01 11:48:41 AM,1102.8,0,0.0,15711690.699999986
2025-08-01 11:48:43 AM,1102.8,1,1102.8,15712793.499999987
2025-08-01 11:48:46 AM,1101.7,0,0.0,15712793.499999987
2025-08-01 11:48:48 AM,1101.7,4,4406.8,15717200.299999988
2025-08-01 11:48:55 AM,1103.1,0,0.0,15717200.299999988
2025-08-01 11:48:58 AM,1103.1,2,2206.2,15719406.499999987
2025-08-01 11:49:06 AM,1101.8,0,0.0,15719406.499999987
2025-08-01 11:49:09 AM,1101.8,13,14323.4,15733729.899999987
2025-08-01 11:49:10 AM,1103.0,0,0.0,15733729.899999987
2025-08-01 11:49:14 AM,1103.0,1,1103.0,15734832.899999987
2025-08-01 11:49:16 AM,1101.8,0,0.0,15734832.899999987
2025-08-01 11:49:19 AM,1101.8,6,6610.799999999999,15741443.699999988
2025-08-01 11:49:24 AM,1102.9,0,0.0,15741443.699999988
2025-08-01 11:49:25 AM,1102.9,1,1102.9,15742546.599999988
2025-08-01 11:49:35 AM,1102.9,1,1102.9,15743649.499999989
2025-08-01 11:49:36 AM,1103.0,0,0.0,15743649.499999989
2025-08-01 11:49:39 AM,1103.2,0,0.0,15743649.499999989
2025-08-01 11:49:40 AM,1103.2,2,2206.4,15745855.89999999
2025-08-01 11:49:46 AM,1101.9,4,4407.6,15750263.499999989
2025-08-01 11:49:53 AM,1103.4,0,0.0,15750263.499999989
2025-08-01 11:49:56 AM,1103.4,2,2206.8,15752470.29999999
2025-08-01 11:50:08 AM,1103.9,0,0.0,15752470.29999999
2025-08-01 11:50:11 AM,1103.9,1,1103.9,15753574.19999999
2025-08-01 11:50:13 AM,1102.3,0,0.0,15753574.19999999
2025-08-01 11:50:16 AM,1102.6,0,0.0,15753574.19999999
2025-08-01 11:50:17 AM,1102.6,19,20949.399999999998,15774523.59999999
2025-08-01 11:50:18 AM,1101.4,0,0.0,15774523.59999999
2025-08-01 11:50:22 AM,1101.4,4,4405.6,15778929.19999999
2025-08-01 11:50:22 AM,1102.7,1,1102.7,15780031.89999999
2025-08-01 11:50:36 AM,1102.6,0,0.0,15780031.89999999
2025-08-01 11:50:37 AM,1102.6,2,2205.2,15782237.099999988
2025-08-01 11:50:46 AM,1101.3,0,0.0,15782237.099999988
2025-08-01 11:50:47 AM,1101.3,5,5506.5,15787743.599999988
2025-08-01 11:50:52 AM,1102.7,1,1102.7,15788846.299999988
2025-08-01 11:50:56 AM,1103.0,0,0.0,15788846.299999988
2025-08-01 11:50:57 AM,1103.0,1,1103.0,15789949.299999988
2025-08-01 11:51:02 AM,1103.1,0,0.0,15789949.299999988
2025-08-01 11:51:06 AM,1103.0,0,0.0,15789949.299999988
2025-08-01 11:51:06 AM,1103.0,2,2206.0,15792155.299999988
2025-08-01 11:51:16 AM,1103.1,0,0.0,15792155.299999988
2025-08-01 11:51:16 AM,1103.1,5,5515.5,15797670.799999988
2025-08-01 11:51:21 AM,1103.1,1,1103.1,15798773.899999987
2025-08-01 11:51:36 AM,1103.1,1,1103.1,15799876.999999987
2025-08-01 11:51:36 AM,1103.3,0,0.0,15799876.999999987
2025-08-01 11:51:36 AM,1103.3,1,1103.3,15800980.299999988
2025-08-01 11:51:46 AM,1102.4,4,4409.6,15805389.899999987
2025-08-01 11:51:50 AM,1103.4,0,0.0,15805389.899999987
2025-08-01 11:51:51 AM,1103.4,1,1103.4,15806493.299999988
2025-08-01 11:51:57 AM,1103.8,1,1103.8,15807597.099999988
2025-08-01 11:52:06 AM,1103.8,1,1103.8,15808700.89999999
2025-08-01 11:52:16 AM,1102.0,0,0.0,15808700.89999999
2025-08-01 11:52:16 AM,1102.0,5,5510.0,15814210.89999999
2025-08-01 11:52:17 AM,1103.8,0,0.0,15814210.89999999
2025-08-01 11:52:17 AM,1103.8,1,1103.8,15815314.69999999
2025-08-01 11:52:20 AM,1103.3,0,0.0,15815314.69999999
2025-08-01 11:52:21 AM,1103.3,3,3309.8999999999996,15818624.59999999
2025-08-01 11:52:28 AM,1103.6,0,0.0,15818624.59999999
2025-08-01 11:52:31 AM,1103.6,1,1103.6,15819728.19999999
2025-08-01 11:52:33 AM,1103.4,0,0.0,15819728.19999999
2025-08-01 11:52:36 AM,1103.4,1,1103.4,15820831.59999999
2025-08-01 11:52:37 AM,1103.4,1,1103.4,15821934.99999999
2025-08-01 11:52:46 AM,1102.2,0,0.0,15821934.99999999
2025-08-01 11:52:46 AM,1102.2,4,4408.8,15826343.799999991
2025-08-01 11:52:48 AM,1103.3,1,1103.3,15827447.099999992
2025-08-01 11:52:58 AM,1103.3,1,1103.3,15828550.399999993
2025-08-01 11:53:03 AM,1103.2,1,1103.2,15829653.599999992
2025-08-01 11:53:16 AM,1102.3,0,0.0,15829653.599999992
2025-08-01 11:53:17 AM,1103.5,0,0.0,15829653.599999992
2025-08-01 11:53:17 AM,1103.5,7,7724.5,15837378.099999992
2025-08-01 11:53:32 AM,1103.9,0,0.0,15837378.099999992
2025-08-01 11:53:33 AM,1103.9,1,1103.9,15838481.999999993
2025-08-01 11:53:38 AM,1104.1,1,1104.1,15839586.099999992
2025-08-01 11:53:46 AM,1103.0,0,0.0,15839586.099999992
2025-08-01 11:53:48 AM,1103.0,5,5515.0,15845101.099999992
2025-08-01 11:53:54 AM,1104.2,0,0.0,15845101.099999992
2025-08-01 11:53:58 AM,1104.2,2,2208.4,15847309.499999993
2025-08-01 11:54:00 AM,1104.6,0,0.0,15847309.499999993
2025-08-01 11:54:03 AM,1104.6,1,1104.6,15848414.099999992
2025-08-01 11:54:05 AM,1103.7,0,0.0,15848414.099999992
2025-08-01 11:54:07 AM,1103.7,8,8829.6,15857243.699999992
2025-08-01 11:54:15 AM,1104.5,0,0.0,15857243.699999992
2025-08-01 11:54:16 AM,1103.3,0,0.0,15857243.699999992
2025-08-01 11:54:18 AM,1104.4,6,6626.400000000001,15863870.099999992
2025-08-01 11:54:29 AM,1104.5,1,1104.5,15864974.599999992
2025-08-01 11:54:39 AM,1104.5,1,1104.5,15866079.099999992
2025-08-01 11:54:44 AM,1104.6,1,1104.6,15867183.699999992
2025-08-01 11:54:46 AM,1103.5,0,0.0,15867183.699999992
2025-08-01 11:54:49 AM,1103.5,2,2207.0,15869390.699999992
2025-08-01 11:54:49 AM,1103.2,0,0.0,15869390.699999992
2025-08-01 11:54:49 AM,1103.2,4,4412.8,15873803.499999993
2025-08-01 11:54:52 AM,1101.5,0,0.0,15873803.499999993
2025-08-01 11:54:54 AM,1101.5,3,3304.5,15877107.999999993
2025-08-01 11:54:58 AM,1103.2,0,0.0,15877107.999999993
2025-08-01 11:54:58 AM,1103.3,0,0.0,15877107.999999993
2025-08-01 11:54:59 AM,1103.3,2,2206.6,15879314.599999992
2025-08-01 11:55:13 AM,1103.8,0,0.0,15879314.599999992
2025-08-01 11:55:14 AM,1103.8,1,1103.8,15880418.399999993
2025-08-01 11:55:15 AM,1102.2,4,4408.8,15884827.199999994
2025-08-01 11:55:18 AM,1103.6,0,0.0,15884827.199999994
2025-08-01 11:55:19 AM,1103.6,1,1103.6,15885930.799999993
2025-08-01 11:55:20 AM,1103.4,0,0.0,15885930.799999993
2025-08-01 11:55:20 AM,1103.4,1,1103.4,15887034.199999994
2025-08-01 11:55:28 AM,1103.5,0,0.0,15887034.199999994
2025-08-01 11:55:29 AM,1103.5,1,1103.5,15888137.699999994
2025-08-01 11:55:38 AM,1103.7,0,0.0,15888137.699999994
2025-08-01 11:55:39 AM,1103.7,1,1103.7,15889241.399999993
2025-08-01 11:55:42 AM,1103.9,0,0.0,15889241.399999993
2025-08-01 11:55:44 AM,1103.9,1,1103.9,15890345.299999993
2025-08-01 11:55:45 AM,1102.0,0,0.0,15890345.299999993
2025-08-01 11:55:45 AM,1102.7,28,30875.600000000002,15921220.899999993
2025-08-01 11:55:49 AM,1101.7,3,3305.1000000000004,15924525.999999993
2025-08-01 11:55:57 AM,1103.1,0,0.0,15924525.999999993
2025-08-01 11:55:58 AM,1102.9,0,0.0,15924525.999999993
2025-08-01 11:55:59 AM,1102.9,2,2205.8,15926731.799999993
2025-08-01 11:56:14 AM,1102.9,1,1102.9,15927834.699999994
2025-08-01 11:56:16 AM,1102.0,0,0.0,15927834.699999994
2025-08-01 11:56:19 AM,1103.2,0,0.0,15927834.699999994
2025-08-01 11:56:19 AM,1103.2,6,6619.200000000001,15934453.899999993
2025-08-01 11:56:26 AM,1103.1,1,1103.1,15935556.999999993
2025-08-01 11:56:39 AM,1103.3,0,0.0,15935556.999999993
2025-08-01 11:56:40 AM,1103.3,1,1103.3,15936660.299999993
2025-08-01 11:56:41 AM,1102.7,0,0.0,15936660.299999993
2025-08-01 11:56:41 AM,1102.7,5,5513.5,15942173.799999993
2025-08-01 11:56:46 AM,1102.6,5,5513.0,15947686.799999993
2025-08-01 11:56:55 AM,1102.5,1,1102.5,15948789.299999993
2025-08-01 11:56:59 AM,1102.6,0,0.0,15948789.299999993
2025-08-01 11:57:00 AM,1102.6,1,1102.6,15949891.899999993
2025-08-01 11:57:09 AM,1102.7,0,0.0,15949891.899999993
2025-08-01 11:57:10 AM,1102.7,1,1102.7,15950994.599999992
2025-08-01 11:57:16 AM,1101.9,5,5509.5,15956504.099999992
2025-08-01 11:57:19 AM,1103.2,0,0.0,15956504.099999992
2025-08-01 11:57:20 AM,1103.2,1,1103.2,15957607.299999991
2025-08-01 11:57:24 AM,1103.3,0,0.0,15957607.299999991
2025-08-01 11:57:25 AM,1103.3,1,1103.3,15958710.599999992
2025-08-01 11:57:40 AM,1103.3,2,2206.6,15960917.199999992
2025-08-01 11:57:46 AM,1101.9,0,0.0,15960917.199999992
2025-08-01 11:57:46 AM,1101.9,4,4407.6,15965324.799999991
2025-08-01 11:57:53 AM,1102.8,0,0.0,15965324.799999991
2025-08-01 11:57:55 AM,1102.8,1,1102.8,15966427.599999992
2025-08-01 11:58:00 AM,1102.8,1,1102.8,15967530.399999993
2025-08-01 11:58:08 AM,1103.1,0,0.0,15967530.399999993
2025-08-01 11:58:11 AM,1103.1,1,1103.1,15968633.499999993
2025-08-01 11:58:12 AM,1103.4,0,0.0,15968633.499999993
2025-08-01 11:58:13 AM,1103.4,1,1103.4,15969736.899999993
2025-08-01 11:58:16 AM,1102.6,0,0.0,15969736.899999993
2025-08-01 11:58:16 AM,1102.6,4,4410.4,15974147.299999993
2025-08-01 11:58:20 AM,1103.5,0,0.0,15974147.299999993
2025-08-01 11:58:22 AM,1103.5,2,2207.0,15976354.299999993
2025-08-01 11:58:36 AM,1104.0,0,0.0,15976354.299999993
2025-08-01 11:58:38 AM,1104.0,1,1104.0,15977458.299999993
2025-08-01 11:58:40 AM,1104.3,0,0.0,15977458.299999993
2025-08-01 11:58:43 AM,1104.3,1,1104.3,15978562.599999994
2025-08-01 11:58:47 AM,1102.9,0,0.0,15978562.599999994
2025-08-01 11:58:48 AM,1102.9,18,19852.2,15998414.799999993
2025-08-01 11:58:51 AM,1103.2,0,0.0,15998414.799999993
2025-08-01 11:58:53 AM,1102.0,0,0.0,15998414.799999993
2025-08-01 11:58:53 AM,1102.0,6,6612.0,16005026.799999993
2025-08-01 11:59:00 AM,1103.1,1,1103.1,16006129.899999993
2025-08-01 11:59:06 AM,1103.0,0,0.0,16006129.899999993
2025-08-01 11:59:09 AM,1103.0,1,1103.0,16007232.899999993
2025-08-01 11:59:16 AM,1102.1,29,31960.899999999998,16039193.799999993
2025-08-01 11:59:21 AM,1102.8,2,2205.6,16041399.399999993
2025-08-01 11:59:34 AM,1103.2,1,1103.2,16042502.599999992
2025-08-01 11:59:40 AM,1103.2,1,1103.2,16043605.799999991
2025-08-01 11:59:41 AM,1103.4,0,0.0,16043605.799999991
2025-08-01 11:59:42 AM,1103.4,1,1103.4,16044709.199999992
2025-08-01 11:59:47 AM,1102.1,0,0.0,16044709.199999992
2025-08-01 11:59:47 AM,1102.1,9,9918.9,16054628.099999992
2025-08-01 11:59:49 AM,1102.8,0,0.0,16054628.099999992
2025-08-01 11:59:50 AM,1102.8,1,1102.8,16055730.899999993
2025-08-01 12:00:00 PM,1102.8,1,1102.8,16056833.699999994
2025-08-01 12:00:04 PM,1103.1,0,0.0,16056833.699999994
2025-08-01 12:00:06 PM,1103.1,2,2206.2,16059039.899999993
2025-08-01 12:00:10 PM,1102.5,0,0.0,16059039.899999993
2025-08-01 12:00:12 PM,1102.5,1,1102.5,16060142.399999993
2025-08-01 12:00:16 PM,1102.4,0,0.0,16060142.399999993
2025-08-01 12:00:17 PM,1102.4,5,5512.0,16065654.399999993
2025-08-01 12:00:18 PM,1103.2,0,0.0,16065654.399999993
2025-08-01 12:00:19 PM,1103.2,1,1103.2,16066757.599999992
2025-08-01 12:00:20 PM,1102.6,0,0.0,16066757.599999992
2025-08-01 12:00:22 PM,1102.6,3,3307.7999999999997,16070065.399999993
2025-08-01 12:00:33 PM,1103.5,0,0.0,16070065.399999993
2025-08-01 12:00:34 PM,1103.5,1,1103.5,16071168.899999993
2025-08-01 12:00:37 PM,1103.9,0,0.0,16071168.899999993
2025-08-01 12:00:39 PM,1103.9,18,19870.2,16091039.099999992
2025-08-01 12:00:41 PM,1104.2,0,0.0,16091039.099999992
2025-08-01 12:00:42 PM,1104.2,1,1104.2,16092143.299999991
2025-08-01 12:00:46 PM,1103.0,0,0.0,16092143.299999991
2025-08-01 12:00:47 PM,1103.0,4,4412.0,16096555.299999991
2025-08-01 12:00:48 PM,1104.0,0,0.0,16096555.299999991
2025-08-01 12:00:49 PM,1104.0,1,1104.0,16097659.299999991
2025-08-01 12:01:01 PM,1104.0,1,1104.0,16098763.299999991
2025-08-01 12:01:03 PM,1104.3,0,0.0,16098763.299999991
2025-08-01 12:01:04 PM,1104.3,1,1104.3,16099867.599999992
2025-08-01 12:01:04 PM,1104.2,0,0.0,16099867.599999992
2025-08-01 12:01:06 PM,1104.2,1,1104.2,16100971.799999991
2025-08-01 12:01:16 PM,1103.1,5,5515.5,16106487.299999991
2025-08-01 12:01:17 PM,1104.2,0,0.0,16106487.299999991
2025-08-01 12:01:18 PM,1104.2,1,1104.2,16107591.49999999
2025-08-01 12:01:21 PM,1104.2,1,1104.2,16108695.69999999
2025-08-01 12:01:31 PM,1104.3,0,0.0,16108695.69999999
2025-08-01 12:01:32 PM,1104.3,1,1104.3,16109799.99999999
2025-08-01 12:01:42 PM,1104.3,1,1104.3,16110904.299999991
2025-08-01 12:01:46 PM,1102.8,0,0.0,16110904.299999991
2025-08-01 12:01:46 PM,1102.8,30,33084.0,16143988.299999991
2025-08-01 12:02:01 PM,1103.5,1,1103.5,16145091.799999991
2025-08-01 12:02:01 PM,1103.3,0,0.0,16145091.799999991
2025-08-01 12:02:03 PM,1103.3,1,1103.3,16146195.099999992
2025-08-01 12:02:15 PM,1103.3,1,1103.3,16147298.399999993
2025-08-01 12:02:16 PM,1102.0,0,0.0,16147298.399999993
2025-08-01 12:02:18 PM,1102.0,2,2204.0,16149502.399999993
2025-08-01 12:02:22 PM,1101.1,0,0.0,16149502.399999993
2025-08-01 12:02:23 PM,1101.1,2,2202.2,16151704.599999992
2025-08-01 12:02:29 PM,1102.9,0,0.0,16151704.599999992
2025-08-01 12:02:30 PM,1102.9,2,2205.8,16153910.399999993
2025-08-01 12:02:44 PM,1102.8,2,2205.6,16156115.999999993
2025-08-01 12:02:45 PM,1101.7,5,5508.5,16161624.499999993
2025-08-01 12:02:58 PM,1102.9,0,0.0,16161624.499999993
2025-08-01 12:02:58 PM,1102.9,1,1102.9,16162727.399999993
2025-08-01 12:03:04 PM,1102.9,1,1102.9,16163830.299999993
2025-08-01 12:03:13 PM,1102.9,1,1102.9,16164933.199999994
2025-08-01 12:03:16 PM,1101.8,0,0.0,16164933.199999994
2025-08-01 12:03:18 PM,1101.8,4,4407.2,16169340.399999993
2025-08-01 12:03:22 PM,1103.0,0,0.0,16169340.399999993
2025-08-01 12:03:23 PM,1103.0,1,1103.0,16170443.399999993
2025-08-01 12:03:27 PM,1102.8,0,0.0,16170443.399999993
2025-08-01 12:03:28 PM,1102.8,1,1102.8,16171546.199999994
2025-08-01 12:03:42 PM,1103.0,0,0.0,16171546.199999994
2025-08-01 12:03:43 PM,1103.0,2,2206.0,16173752.199999994
2025-08-01 12:03:46 PM,1101.9,0,0.0,16173752.199999994
2025-08-01 12:03:48 PM,1101.4,0,0.0,16173752.199999994
2025-08-01 12:03:48 PM,1101.4,5,5507.0,16179259.199999994
2025-08-01 12:03:56 PM,1102.9,1,1102.9,16180362.099999994
2025-08-01 12:03:56 PM,1103.1,0,0.0,16180362.099999994
2025-08-01 12:03:59 PM,1103.1,1,1103.1,16181465.199999994
2025-08-01 12:04:02 PM,1103.4,0,0.0,16181465.199999994
2025-08-01 12:04:04 PM,1103.4,1,1103.4,16182568.599999994
2025-08-01 12:04:11 PM,1103.3,0,0.0,16182568.599999994
2025-08-01 12:04:12 PM,1103.3,1,1103.3,16183671.899999995
2025-08-01 12:04:16 PM,1101.9,0,0.0,16183671.899999995
2025-08-01 12:04:18 PM,1101.9,4,4407.6,16188079.499999994
2025-08-01 12:04:22 PM,1103.1,0,0.0,16188079.499999994
2025-08-01 12:04:23 PM,1103.1,1,1103.1,16189182.599999994
2025-08-01 12:04:26 PM,1102.9,0,0.0,16189182.599999994
2025-08-01 12:04:28 PM,1102.9,1,1102.9,16190285.499999994
2025-08-01 12:04:40 PM,1102.9,1,1102.9,16191388.399999995
2025-08-01 12:04:43 PM,1103.2,0,0.0,16191388.399999995
2025-08-01 12:04:43 PM,1103.2,6,6619.200000000001,16198007.599999994
2025-08-01 12:04:47 PM,1101.9,0,0.0,16198007.599999994
2025-08-01 12:04:48 PM,1101.9,4,4407.6,16202415.199999994
2025-08-01 12:04:55 PM,1103.0,1,1103.0,16203518.199999994
2025-08-01 12:05:03 PM,1102.8,0,0.0,16203518.199999994
2025-08-01 12:05:03 PM,1102.8,1,1102.8,16204620.999999994
2025-08-01 12:05:09 PM,1103.2,1,1103.2,16205724.199999994
2025-08-01 12:05:16 PM,1102.1,6,6612.599999999999,16212336.799999993
2025-08-01 12:05:23 PM,1102.8,0,0.0,16212336.799999993
2025-08-01 12:05:23 PM,1103.0,0,0.0,16212336.799999993
2025-08-01 12:05:24 PM,1103.0,3,3309.0,16215645.799999993
2025-08-01 12:05:39 PM,1102.9,1,1102.9,16216748.699999994
2025-08-01 12:05:44 PM,1103.0,1,1103.0,16217851.699999994
2025-08-01 12:05:45 PM,1102.1,0,0.0,16217851.699999994
2025-08-01 12:05:49 PM,1102.1,4,4408.4,16222260.099999994
2025-08-01 12:05:53 PM,1103.0,0,0.0,16222260.099999994
2025-08-01 12:05:54 PM,1103.0,1,1103.0,16223363.099999994
2025-08-01 12:06:04 PM,1103.0,1,1103.0,16224466.099999994
2025-08-01 12:06:07 PM,1103.1,0,0.0,16224466.099999994
2025-08-01 12:06:09 PM,1103.1,1,1103.1,16225569.199999994
2025-08-01 12:06:17 PM,1102.3,0,0.0,16225569.199999994
2025-08-01 12:06:19 PM,1102.3,6,6613.799999999999,16232182.999999994
2025-08-01 12:06:23 PM,1103.2,0,0.0,16232182.999999994
2025-08-01 12:06:23 PM,1103.2,2,2206.4,16234389.399999995
2025-08-01 12:06:38 PM,1103.2,1,1103.2,16235492.599999994
2025-08-01 12:06:39 PM,1103.2,30,33096.0,16268588.599999994
2025-08-01 12:06:43 PM,1103.4,0,0.0,16268588.599999994
2025-08-01 12:06:44 PM,1103.4,1,1103.4,16269691.999999994
2025-08-01 12:06:47 PM,1102.6,0,0.0,16269691.999999994
2025-08-01 12:06:48 PM,1103.7,6,6622.200000000001,16276314.199999994
2025-08-01 12:06:53 PM,1103.8,0,0.0,16276314.199999994
2025-08-01 12:06:53 PM,1103.8,1,1103.8,16277417.999999994
2025-08-01 12:07:03 PM,1103.9,1,1103.9,16278521.899999995
2025-08-01 12:07:05 PM,1104.1,0,0.0,16278521.899999995
2025-08-01 12:07:08 PM,1104.1,5,5520.5,16284042.399999995
2025-08-01 12:07:17 PM,1102.8,0,0.0,16284042.399999995
2025-08-01 12:07:18 PM,1102.8,4,4411.2,16288453.599999994
2025-08-01 12:07:20 PM,1104.0,0,0.0,16288453.599999994
2025-08-01 12:07:23 PM,1104.0,1,1104.0,16289557.599999994
2025-08-01 12:07:24 PM,1104.3,1,1104.3,16290661.899999995
2025-08-01 12:07:35 PM,1104.2,0,0.0,16290661.899999995
2025-08-01 12:07:39 PM,1104.2,1,1104.2,16291766.099999994
2025-08-01 12:07:44 PM,1104.2,1,1104.2,16292870.299999993
2025-08-01 12:07:47 PM,1102.8,0,0.0,16292870.299999993
2025-08-01 12:07:49 PM,1104.1,0,0.0,16292870.299999993
2025-08-01 12:07:49 PM,1104.1,6,6624.599999999999,16299494.899999993
2025-08-01 12:08:03 PM,1104.0,0,0.0,16299494.899999993
2025-08-01 12:08:04 PM,1104.0,1,1104.0,16300598.899999993
2025-08-01 12:08:04 PM,1104.2,1,1104.2,16301703.099999992
2025-08-01 12:08:14 PM,1104.3,1,1104.3,16302807.399999993
2025-08-01 12:08:15 PM,1103.2,0,0.0,16302807.399999993
2025-08-01 12:08:19 PM,1104.2,0,0.0,16302807.399999993
2025-08-01 12:08:19 PM,1104.2,5,5521.0,16308328.399999993
2025-08-01 12:08:24 PM,1104.3,0,0.0,16308328.399999993
2025-08-01 12:08:24 PM,1104.3,1,1104.3,16309432.699999994
2025-08-01 12:08:34 PM,1104.3,1,1104.3,16310536.999999994
2025-08-01 12:08:44 PM,1104.6,2,2209.2,16312746.199999994
2025-08-01 12:08:45 PM,1103.5,0,0.0,16312746.199999994
2025-08-01 12:08:47 PM,1104.6,0,0.0,16312746.199999994
2025-08-01 12:08:49 PM,1104.6,5,5523.0,16318269.199999994
2025-08-01 12:09:03 PM,1104.8,0,0.0,16318269.199999994
2025-08-01 12:09:04 PM,1104.8,1,1104.8,16319373.999999994
2025-08-01 12:09:04 PM,1104.8,1,1104.8,16320478.799999995
2025-08-01 12:09:07 PM,1103.7,0,0.0,16320478.799999995
2025-08-01 12:09:09 PM,1103.7,15,16555.5,16337034.299999995
2025-08-01 12:09:16 PM,1104.7,0,0.0,16337034.299999995
2025-08-01 12:09:19 PM,1102.4,8,8819.2,16345853.499999994
2025-08-01 12:09:25 PM,1104.5,0,0.0,16345853.499999994
2025-08-01 12:09:29 PM,1104.5,1,1104.5,16346957.999999994
2025-08-01 12:09:31 PM,1104.3,0,0.0,16346957.999999994
2025-08-01 12:09:34 PM,1104.3,1,1104.3,16348062.299999995
2025-08-01 12:09:43 PM,1104.4,0,0.0,16348062.299999995
2025-08-01 12:09:43 PM,1104.4,2,2208.8,16350271.099999996
2025-08-01 12:09:45 PM,1105.1,0,0.0,16350271.099999996
2025-08-01 12:09:47 PM,1103.4,0,0.0,16350271.099999996
2025-08-01 12:09:48 PM,1103.4,6,6620.400000000001,16356891.499999996
2025-08-01 12:10:00 PM,1105.0,0,0.0,16356891.499999996
2025-08-01 12:10:03 PM,1105.0,1,1105.0,16357996.499999996
2025-08-01 12:10:07 PM,1104.3,0,0.0,16357996.499999996
2025-08-01 12:10:09 PM,1104.3,4,4417.2,16362413.699999996
2025-08-01 12:10:14 PM,1105.2,1,1105.2,16363518.899999995
2025-08-01 12:10:17 PM,1103.7,0,0.0,16363518.899999995
2025-08-01 12:10:19 PM,1103.7,4,4414.8,16367933.699999996
2025-08-01 12:10:25 PM,1104.9,0,0.0,16367933.699999996
2025-08-01 12:10:29 PM,1104.8,2,2209.6,16370143.299999995
2025-08-01 12:10:43 PM,1105.2,0,0.0,16370143.299999995
2025-08-01 12:10:44 PM,1105.2,1,1105.2,16371248.499999994
2025-08-01 12:10:47 PM,1104.2,0,0.0,16371248.499999994
2025-08-01 12:10:48 PM,1104.2,6,6625.200000000001,16377873.699999994
2025-08-01 12:10:50 PM,1103.7,0,0.0,16377873.699999994
2025-08-01 12:10:53 PM,1103.7,33,36422.1,16414295.799999993
2025-08-01 12:10:58 PM,1104.2,0,0.0,16414295.799999993
2025-08-01 12:10:58 PM,1104.2,1,1104.2,16415399.999999993
2025-08-01 12:11:05 PM,1104.0,0,0.0,16415399.999999993
2025-08-01 12:11:06 PM,1103.8,0,0.0,16415399.999999993
2025-08-01 12:11:09 PM,1103.8,2,2207.6,16417607.599999992
2025-08-01 12:11:14 PM,1103.8,1,1103.8,16418711.399999993
2025-08-01 12:11:15 PM,1101.9,0,0.0,16418711.399999993
2025-08-01 12:11:19 PM,1101.9,4,4407.6,16423118.999999993
2025-08-01 12:11:27 PM,1103.2,0,0.0,16423118.999999993
2025-08-01 12:11:28 PM,1103.2,2,2206.4,16425325.399999993
2025-08-01 12:11:42 PM,1103.7,0,0.0,16425325.399999993
2025-08-01 12:11:43 PM,1103.7,1,1103.7,16426429.099999992
2025-08-01 12:11:47 PM,1102.1,0,0.0,16426429.099999992
2025-08-01 12:11:48 PM,1102.1,7,7714.699999999999,16434143.799999991
2025-08-01 12:11:56 PM,1103.3,0,0.0,16434143.799999991
2025-08-01 12:11:57 PM,1103.3,1,1103.3,16435247.099999992
2025-08-01 12:12:06 PM,1103.1,0,0.0,16435247.099999992
2025-08-01 12:12:07 PM,1103.1,1,1103.1,16436350.199999992
2025-08-01 12:12:12 PM,1103.1,1,1103.1,16437453.299999991
2025-08-01 12:12:17 PM,1102.0,4,4408.0,16441861.299999991
2025-08-01 12:12:25 PM,1103.1,0,0.0,16441861.299999991
2025-08-01 12:12:26 PM,1103.2,0,0.0,16441861.299999991
2025-08-01 12:12:27 PM,1103.2,2,2206.4,16444067.699999992
2025-08-01 12:12:32 PM,1103.2,1,1103.2,16445170.899999991
2025-08-01 12:12:40 PM,1103.6,0,0.0,16445170.899999991
2025-08-01 12:12:42 PM,1103.6,1,1103.6,16446274.49999999
2025-08-01 12:12:47 PM,1103.4,0,0.0,16446274.49999999
2025-08-01 12:12:48 PM,1103.4,5,5517.0,16451791.49999999
2025-08-01 12:12:58 PM,1103.4,1,1103.4,16452894.899999991
2025-08-01 12:13:07 PM,1103.3,0,0.0,16452894.899999991
2025-08-01 12:13:08 PM,1103.3,1,1103.3,16453998.199999992
2025-08-01 12:13:08 PM,1103.3,1,1103.3,16455101.499999993
2025-08-01 12:13:17 PM,1102.6,0,0.0,16455101.499999993
2025-08-01 12:13:18 PM,1102.6,5,5513.0,16460614.499999993
2025-08-01 12:13:23 PM,1103.8,1,1103.8,16461718.299999993
2025-08-01 12:13:27 PM,1103.6,0,0.0,16461718.299999993
2025-08-01 12:13:28 PM,1103.6,1,1103.6,16462821.899999993
2025-08-01 12:13:38 PM,1103.6,1,1103.6,16463925.499999993
2025-08-01 12:13:45 PM,1102.8,0,0.0,16463925.499999993
2025-08-01 12:13:47 PM,1103.6,0,0.0,16463925.499999993
2025-08-01 12:13:48 PM,1103.6,5,5518.0,16469443.499999993
2025-08-01 12:13:53 PM,1103.6,1,1103.6,16470547.099999992
2025-08-01 12:13:59 PM,1103.5,1,1103.5,16471650.599999992
2025-08-01 12:14:07 PM,1103.8,2,2207.6,16473858.199999992
2025-08-01 12:14:17 PM,1102.1,0,0.0,16473858.199999992
2025-08-01 12:14:18 PM,1102.1,4,4408.4,16478266.599999992
2025-08-01 12:14:21 PM,1103.4,0,0.0,16478266.599999992
2025-08-01 12:14:22 PM,1103.4,1,1103.4,16479369.999999993
2025-08-01 12:14:27 PM,1103.2,0,0.0,16479369.999999993
2025-08-01 12:14:27 PM,1103.2,1,1103.2,16480473.199999992
2025-08-01 12:14:37 PM,1103.3,0,0.0,16480473.199999992
2025-08-01 12:14:37 PM,1103.3,1,1103.3,16481576.499999993
2025-08-01 12:14:47 PM,1102.5,0,0.0,16481576.499999993
2025-08-01 12:14:48 PM,1102.5,5,5512.5,16487088.999999993
2025-08-01 12:14:51 PM,1102.7,0,0.0,16487088.999999993
2025-08-01 12:14:53 PM,1102.7,2,2205.4,16489294.399999993
2025-08-01 12:15:05 PM,1102.9,0,0.0,16489294.399999993
2025-08-01 12:15:08 PM,1102.9,2,2205.8,16491500.199999994
2025-08-01 12:15:17 PM,1101.9,0,0.0,16491500.199999994
2025-08-01 12:15:19 PM,1101.9,4,4407.6,16495907.799999993
2025-08-01 12:15:19 PM,1103.0,0,0.0,16495907.799999993
2025-08-01 12:15:19 PM,1103.0,1,1103.0,16497010.799999993
2025-08-01 12:15:24 PM,1102.9,1,1102.9,16498113.699999994
2025-08-01 12:15:29 PM,1102.0,3,3306.0,16501419.699999994
2025-08-01 12:15:34 PM,1103.2,1,1103.2,16502522.899999993
2025-08-01 12:15:47 PM,1102.2,0,0.0,16502522.899999993
2025-08-01 12:15:49 PM,1103.0,0,0.0,16502522.899999993
2025-08-01 12:15:49 PM,1103.0,7,7721.0,16510243.899999993
2025-08-01 12:16:03 PM,1103.2,0,0.0,16510243.899999993
2025-08-01 12:16:04 PM,1103.2,1,1103.2,16511347.099999992
2025-08-01 12:16:08 PM,1103.8,0,0.0,16511347.099999992
2025-08-01 12:16:09 PM,1103.8,1,1103.8,16512450.899999993
2025-08-01 12:16:11 PM,1104.8,0,0.0,16512450.899999993
2025-08-01 12:16:14 PM,1104.8,24,26515.199999999997,16538966.099999992
2025-08-01 12:16:15 PM,1103.5,0,0.0,16538966.099999992
2025-08-01 12:16:18 PM,1104.8,0,0.0,16538966.099999992
2025-08-01 12:16:19 PM,1104.8,5,5524.0,16544490.099999992
2025-08-01 12:16:28 PM,1104.9,0,0.0,16544490.099999992
2025-08-01 12:16:29 PM,1104.9,1,1104.9,16545594.999999993
2025-08-01 12:16:32 PM,1105.5,0,0.0,16545594.999999993
2025-08-01 12:16:33 PM,1105.5,1,1105.5,16546700.499999993
2025-08-01 12:16:47 PM,1104.3,0,0.0,16546700.499999993
2025-08-01 12:16:48 PM,1102.2,27,29759.4,16576459.899999993
2025-08-01 12:16:51 PM,1104.1,0,0.0,16576459.899999993
2025-08-01 12:16:53 PM,1104.1,1,1104.1,16577563.999999993
2025-08-01 12:17:01 PM,1104.0,0,0.0,16577563.999999993
2025-08-01 12:17:03 PM,1104.0,1,1104.0,16578667.999999993
2025-08-01 12:17:09 PM,1104.1,0,0.0,16578667.999999993
2025-08-01 12:17:13 PM,1104.1,1,1104.1,16579772.099999992
2025-08-01 12:17:17 PM,1102.9,0,0.0,16579772.099999992
2025-08-01 12:17:18 PM,1102.9,6,6617.400000000001,16586389.499999993
2025-08-01 12:17:28 PM,1103.9,0,0.0,16586389.499999993
2025-08-01 12:17:30 PM,1104.1,0,0.0,16586389.499999993
2025-08-01 12:17:32 PM,1103.5,4,4414.0,16590803.499999993
2025-08-01 12:17:32 PM,1103.1,3,3309.2999999999997,16594112.799999993
2025-08-01 12:17:42 PM,1103.4,0,0.0,16594112.799999993
2025-08-01 12:17:46 PM,1103.1,5,5515.5,16599628.299999993
2025-08-01 12:17:48 PM,1104.6,0,0.0,16599628.299999993
2025-08-01 12:17:51 PM,1104.6,1,1104.6,16600732.899999993
2025-08-01 12:17:59 PM,1104.7,0,0.0,16600732.899999993
2025-08-01 12:18:01 PM,1104.7,1,1104.7,16601837.599999992
2025-08-01 12:18:09 PM,1104.8,0,0.0,16601837.599999992
2025-08-01 12:18:11 PM,1104.8,1,1104.8,16602942.399999993
2025-08-01 12:18:14 PM,1105.0,0,0.0,16602942.399999993
2025-08-01 12:18:16 PM,1103.8,2,2207.6,16605149.999999993
2025-08-01 12:18:16 PM,1103.8,1,1103.8,16606253.799999993
2025-08-01 12:18:19 PM,1102.7,0,0.0,16606253.799999993
2025-08-01 12:18:20 PM,1102.7,3,3308.1000000000004,16609561.899999993
2025-08-01 12:18:29 PM,1104.5,0,0.0,16609561.899999993
2025-08-01 12:18:30 PM,1104.5,2,2209.0,16611770.899999993
2025-08-01 12:18:45 PM,1104.6,1,1104.6,16612875.499999993
2025-08-01 12:18:45 PM,1103.6,0,0.0,16612875.499999993
2025-08-01 12:18:45 PM,1103.6,3,3310.7999999999997,16616186.299999993
2025-08-01 12:18:47 PM,1102.5,0,0.0,16616186.299999993
2025-08-01 12:18:49 PM,1103.7,0,0.0,16616186.299999993
2025-08-01 12:18:50 PM,1103.7,2,2207.4,16618393.699999994
2025-08-01 12:18:57 PM,1103.8,0,0.0,16618393.699999994
2025-08-01 12:19:00 PM,1103.8,1,1103.8,16619497.499999994
2025-08-01 12:19:09 PM,1103.9,0,0.0,16619497.499999994
2025-08-01 12:19:11 PM,1103.9,1,1103.9,16620601.399999995
2025-08-01 12:19:13 PM,1104.4,0,0.0,16620601.399999995
2025-08-01 12:19:16 PM,1102.9,5,5514.5,16626115.899999995
2025-08-01 12:19:27 PM,1104.0,0,0.0,16626115.899999995
2025-08-01 12:19:31 PM,1104.0,2,2208.0,16628323.899999995
2025-08-01 12:19:42 PM,1104.1,0,0.0,16628323.899999995
2025-08-01 12:19:46 PM,1102.5,16,17640.0,16645963.899999995
2025-08-01 12:19:50 PM,1103.8,0,0.0,16645963.899999995
2025-08-01 12:19:51 PM,1103.8,1,1103.8,16647067.699999996
2025-08-01 12:19:56 PM,1103.6,1,1103.6,16648171.299999995
2025-08-01 12:20:12 PM,1103.6,2,2207.2,16650378.499999994
2025-08-01 12:20:16 PM,1102.3,0,0.0,16650378.499999994
2025-08-01 12:20:17 PM,1102.3,4,4409.2,16654787.699999994
2025-08-01 12:20:25 PM,1104.0,0,0.0,16654787.699999994
2025-08-01 12:20:27 PM,1104.0,1,1104.0,16655891.699999994
2025-08-01 12:20:30 PM,1103.7,0,0.0,16655891.699999994
2025-08-01 12:20:33 PM,1103.7,1,1103.7,16656995.399999993
2025-08-01 12:20:43 PM,1103.7,1,1103.7,16658099.099999992
2025-08-01 12:20:46 PM,1102.6,0,0.0,16658099.099999992
2025-08-01 12:20:48 PM,1102.6,4,4410.4,16662509.499999993
2025-08-01 12:20:50 PM,1103.7,0,0.0,16662509.499999993
2025-08-01 12:20:53 PM,1103.7,1,1103.7,16663613.199999992
2025-08-01 12:20:54 PM,1103.7,1,1103.7,16664716.899999991
2025-08-01 12:21:08 PM,1103.9,2,2207.8,16666924.699999992
2025-08-01 12:21:13 PM,1103.9,1,1103.9,16668028.599999992
2025-08-01 12:21:16 PM,1103.0,0,0.0,16668028.599999992
2025-08-01 12:21:18 PM,1103.0,3,3309.0,16671337.599999992
2025-08-01 12:21:21 PM,1102.0,0,0.0,16671337.599999992
2025-08-01 12:21:23 PM,1103.2,3,3309.6000000000004,16674647.199999992
2025-08-01 12:21:31 PM,1103.4,0,0.0,16674647.199999992
2025-08-01 12:21:32 PM,1103.4,1,1103.4,16675750.599999992
2025-08-01 12:21:38 PM,1103.4,1,1103.4,16676853.999999993
2025-08-01 12:21:46 PM,1102.1,4,4408.4,16681262.399999993
2025-08-01 12:21:50 PM,1103.2,0,0.0,16681262.399999993
2025-08-01 12:21:51 PM,1103.2,1,1103.2,16682365.599999992
2025-08-01 12:21:52 PM,1103.3,1,1103.3,16683468.899999993
2025-08-01 12:22:06 PM,1103.3,1,1103.3,16684572.199999994
2025-08-01 12:22:11 PM,1103.3,1,1103.3,16685675.499999994
2025-08-01 12:22:16 PM,1102.2,0,0.0,16685675.499999994
2025-08-01 12:22:17 PM,1102.2,5,5511.0,16691186.499999994
2025-08-01 12:22:21 PM,1103.2,0,0.0,16691186.499999994
2025-08-01 12:22:22 PM,1103.2,1,1103.2,16692289.699999994
2025-08-01 12:22:31 PM,1103.3,0,0.0,16692289.699999994
2025-08-01 12:22:33 PM,1103.3,1,1103.3,16693392.999999994
2025-08-01 12:22:34 PM,1103.3,1,1103.3,16694496.299999995
2025-08-01 12:22:36 PM,1103.8,0,0.0,16694496.299999995
2025-08-01 12:22:38 PM,1103.8,1,1103.8,16695600.099999996
2025-08-01 12:22:40 PM,1102.6,0,0.0,16695600.099999996
2025-08-01 12:22:43 PM,1102.6,6,6615.599999999999,16702215.699999996
2025-08-01 12:22:46 PM,1102.5,0,0.0,16702215.699999996
2025-08-01 12:22:48 PM,1102.5,7,7717.5,16709933.199999996
2025-08-01 12:22:51 PM,1103.5,0,0.0,16709933.199999996
2025-08-01 12:22:53 PM,1103.5,2,2207.0,16712140.199999996
2025-08-01 12:23:05 PM,1103.8,0,0.0,16712140.199999996
2025-08-01 12:23:08 PM,1103.8,1,1103.8,16713243.999999996
2025-08-01 12:23:13 PM,1103.8,1,1103.8,16714347.799999997
2025-08-01 12:23:16 PM,1103.2,0,0.0,16714347.799999997
2025-08-01 12:23:18 PM,1103.2,2,2206.4,16716554.199999997
2025-08-01 12:23:19 PM,1103.1,0,0.0,16716554.199999997
2025-08-01 12:23:20 PM,1102.1,0,0.0,16716554.199999997
2025-08-01 12:23:23 PM,1102.1,3,3306.2999999999997,16719860.499999998
2025-08-01 12:23:31 PM,1103.2,0,0.0,16719860.499999998
2025-08-01 12:23:32 PM,1103.2,1,1103.2,16720963.699999997
2025-08-01 12:23:34 PM,1103.4,0,0.0,16720963.699999997
2025-08-01 12:23:37 PM,1103.4,1,1103.4,16722067.099999998
2025-08-01 12:23:46 PM,1102.1,0,0.0,16722067.099999998
2025-08-01 12:23:47 PM,1102.1,5,5510.5,16727577.599999998
2025-08-01 12:23:48 PM,1104.1,0,0.0,16727577.599999998
2025-08-01 12:23:52 PM,1103.9,2,2207.8,16729785.399999999
2025-08-01 12:24:02 PM,1103.9,1,1103.9,16730889.299999999
2025-08-01 12:24:03 PM,1104.0,0,0.0,16730889.299999999
2025-08-01 12:24:08 PM,1104.0,1,1104.0,16731993.299999999
2025-08-01 12:24:13 PM,1104.0,1,1104.0,16733097.299999999
2025-08-01 12:24:15 PM,1103.0,0,0.0,16733097.299999999
2025-08-01 12:24:18 PM,1104.7,5,5523.5,16738620.799999999
2025-08-01 12:24:32 PM,1104.9,2,2209.8,16740830.6
2025-08-01 12:24:47 PM,1104.8,5,5524.0,16746354.6
2025-08-01 12:24:52 PM,1104.7,1,1104.7,16747459.299999999
2025-08-01 12:24:54 PM,1104.1,0,0.0,16747459.299999999
2025-08-01 12:24:57 PM,1104.1,4,4416.4,16751875.7
2025-08-01 12:25:01 PM,1104.4,0,0.0,16751875.7
2025-08-01 12:25:01 PM,1104.4,1,1104.4,16752980.1
2025-08-01 12:25:12 PM,1104.5,0,0.0,16752980.1
2025-08-01 12:25:12 PM,1104.5,1,1104.5,16754084.6
2025-08-01 12:25:16 PM,1103.2,0,0.0,16754084.6
2025-08-01 12:25:17 PM,1103.2,6,6619.200000000001,16760703.799999999
2025-08-01 12:25:23 PM,1102.1,0,0.0,16760703.799999999
2025-08-01 12:25:26 PM,1104.6,0,0.0,16760703.799999999
2025-08-01 12:25:27 PM,1104.6,26,28719.6,16789423.4
2025-08-01 12:25:30 PM,1104.4,0,0.0,16789423.4
2025-08-01 12:25:32 PM,1104.4,2,2208.8,16791632.2
2025-08-01 12:25:46 PM,1102.8,0,0.0,16791632.2
2025-08-01 12:25:47 PM,1102.8,5,5514.0,16797146.2
2025-08-01 12:25:52 PM,1104.3,0,0.0,16797146.2
2025-08-01 12:25:53 PM,1104.3,1,1104.3,16798250.5
2025-08-01 12:25:59 PM,1104.6,0,0.0,16798250.5
2025-08-01 12:26:02 PM,1104.6,1,1104.6,16799355.1
2025-08-01 12:26:12 PM,1104.9,1,1104.9,16800460.0
2025-08-01 12:26:13 PM,1105.3,0,0.0,16800460.0
2025-08-01 12:26:16 PM,1103.7,0,0.0,16800460.0
2025-08-01 12:26:17 PM,1103.7,4,4414.8,16804874.8
2025-08-01 12:26:21 PM,1102.4,0,0.0,16804874.8
2025-08-01 12:26:22 PM,1102.4,2,2204.8,16807079.6
2025-08-01 12:26:28 PM,1103.8,0,0.0,16807079.6
2025-08-01 12:26:33 PM,1103.8,2,2207.6,16809287.200000003
2025-08-01 12:26:43 PM,1104.1,1,1104.1,16810391.300000004
2025-08-01 12:26:46 PM,1102.6,0,0.0,16810391.300000004
2025-08-01 12:26:47 PM,1102.6,4,4410.4,16814801.700000003
2025-08-01 12:26:52 PM,1104.2,1,1104.2,16815905.900000002
2025-08-01 12:26:57 PM,1104.3,0,0.0,16815905.900000002
2025-08-01 12:26:57 PM,1104.3,2,2208.6,16818114.500000004
2025-08-01 12:27:12 PM,1104.4,0,0.0,16818114.500000004
2025-08-01 12:27:13 PM,1104.5,0,0.0,16818114.500000004
2025-08-01 12:27:13 PM,1104.5,2,2209.0,16820323.500000004
2025-08-01 12:27:15 PM,1102.9,0,0.0,16820323.500000004
2025-08-01 12:27:18 PM,1102.9,14,15440.600000000002,16835764.100000005
2025-08-01 12:27:20 PM,1102.0,0,0.0,16835764.100000005
2025-08-01 12:27:23 PM,1102.0,4,4408.0,16840172.100000005
2025-08-01 12:27:26 PM,1103.1,0,0.0,16840172.100000005
2025-08-01 12:27:28 PM,1103.1,1,1103.1,16841275.200000007
2025-08-01 12:27:30 PM,1104.6,0,0.0,16841275.200000007
2025-08-01 12:27:33 PM,1104.6,61,67380.59999999999,16908655.80000001
2025-08-01 12:27:33 PM,1105.8,1,1105.8,16909761.60000001
2025-08-01 12:27:41 PM,1105.7,0,0.0,16909761.60000001
2025-08-01 12:27:43 PM,1105.7,1,1105.7,16910867.30000001
2025-08-01 12:27:46 PM,1105.2,0,0.0,16910867.30000001
2025-08-01 12:27:48 PM,1105.2,5,5526.0,16916393.30000001
2025-08-01 12:27:52 PM,1105.2,9,9946.800000000001,16926340.10000001
2025-08-01 12:27:53 PM,1105.5,0,0.0,16926340.10000001
2025-08-01 12:27:55 PM,1105.4,0,0.0,16926340.10000001
2025-08-01 12:27:57 PM,1105.4,2,2210.8,16928550.90000001
2025-08-01 12:28:10 PM,1105.2,0,0.0,16928550.90000001
2025-08-01 12:28:12 PM,1105.2,1,1105.2,16929656.10000001
2025-08-01 12:28:13 PM,1105.4,0,0.0,16929656.10000001
2025-08-01 12:28:16 PM,1104.0,0,0.0,16929656.10000001
2025-08-01 12:28:17 PM,1104.0,5,5520.0,16935176.10000001
2025-08-01 12:28:18 PM,1105.3,0,0.0,16935176.10000001
2025-08-01 12:28:22 PM,1105.3,1,1105.3,16936281.40000001
2025-08-01 12:28:24 PM,1105.4,0,0.0,16936281.40000001
2025-08-01 12:28:27 PM,1105.4,1,1105.4,16937386.80000001
2025-08-01 12:28:34 PM,1105.5,0,0.0,16937386.80000001
2025-08-01 12:28:37 PM,1105.5,1,1105.5,16938492.30000001
2025-08-01 12:28:42 PM,1105.5,1,1105.5,16939597.80000001
2025-08-01 12:28:46 PM,1104.2,0,0.0,16939597.80000001
2025-08-01 12:28:47 PM,1104.2,4,4416.8,16944014.60000001
2025-08-01 12:28:53 PM,1105.3,1,1105.3,16945119.90000001
2025-08-01 12:28:54 PM,1105.6,0,0.0,16945119.90000001
2025-08-01 12:28:57 PM,1105.6,1,1105.6,16946225.50000001
2025-08-01 12:29:08 PM,1105.9,1,1105.9,16947331.40000001
2025-08-01 12:29:14 PM,1106.4,0,0.0,16947331.40000001
2025-08-01 12:29:16 PM,1104.6,6,6627.599999999999,16953959.00000001
2025-08-01 12:29:22 PM,1105.4,0,0.0,16953959.00000001
2025-08-01 12:29:23 PM,1105.4,1,1105.4,16955064.40000001
2025-08-01 12:29:35 PM,1105.4,1,1105.4,16956169.80000001
2025-08-01 12:29:37 PM,1105.7,1,1105.7,16957275.500000007
2025-08-01 12:29:44 PM,1105.4,2,2210.8,16959486.30000001
2025-08-01 12:29:46 PM,1103.9,3,3311.7000000000003,16962798.000000007
2025-08-01 12:29:47 PM,1103.5,0,0.0,16962798.000000007
2025-08-01 12:29:49 PM,1103.5,4,4414.0,16967212.000000007
2025-08-01 12:29:54 PM,1103.5,14,15449.0,16982661.000000007
2025-08-01 12:29:54 PM,1104.7,0,0.0,16982661.000000007
2025-08-01 12:29:56 PM,1104.7,1,1104.7,16983765.700000007
2025-08-01 12:30:06 PM,1104.9,1,1104.9,16984870.600000005
2025-08-01 12:30:15 PM,1105.1,0,0.0,16984870.600000005
2025-08-01 12:30:16 PM,1104.2,6,6625.200000000001,16991495.800000004
2025-08-01 12:30:21 PM,1105.1,0,0.0,16991495.800000004
2025-08-01 12:30:22 PM,1105.1,1,1105.1,16992600.900000006
2025-08-01 12:30:34 PM,1105.3,0,0.0,16992600.900000006
2025-08-01 12:30:35 PM,1105.3,1,1105.3,16993706.200000007
2025-08-01 12:30:36 PM,1105.4,0,0.0,16993706.200000007
2025-08-01 12:30:37 PM,1105.4,1,1105.4,16994811.600000005
2025-08-01 12:30:39 PM,1104.3,0,0.0,16994811.600000005
2025-08-01 12:30:40 PM,1104.3,21,23190.3,17018001.900000006
2025-08-01 12:30:47 PM,1103.9,0,0.0,17018001.900000006
2025-08-01 12:30:48 PM,1103.9,3,3311.7000000000003,17021313.600000005
2025-08-01 12:30:50 PM,1103.9,1,1103.9,17022417.500000004
2025-08-01 12:30:55 PM,1104.4,1,1104.4,17023521.900000002
2025-08-01 12:31:04 PM,1103.5,0,0.0,17023521.900000002
2025-08-01 12:31:05 PM,1103.5,36,39726.0,17063247.900000002
2025-08-01 12:31:11 PM,1104.4,0,0.0,17063247.900000002
2025-08-01 12:31:13 PM,1104.4,1,1104.4,17064352.3
2025-08-01 12:31:15 PM,1104.3,1,1104.3,17065456.6
2025-08-01 12:31:15 PM,1103.5,0,0.0,17065456.6
2025-08-01 12:31:17 PM,1103.6,0,0.0,17065456.6
2025-08-01 12:31:18 PM,1103.6,6,6621.599999999999,17072078.200000003
2025-08-01 12:31:19 PM,1104.6,0,0.0,17072078.200000003
2025-08-01 12:31:20 PM,1104.6,1,1104.6,17073182.800000004
2025-08-01 12:31:35 PM,1104.7,1,1104.7,17074287.500000004
2025-08-01 12:31:35 PM,1104.9,0,0.0,17074287.500000004
2025-08-01 12:31:35 PM,1104.9,1,1104.9,17075392.400000002
2025-08-01 12:31:45 PM,1104.1,0,0.0,17075392.400000002
2025-08-01 12:31:46 PM,1104.1,2,2208.2,17077600.6
2025-08-01 12:31:50 PM,1104.1,1,1104.1,17078704.700000003
2025-08-01 12:31:53 PM,1103.5,0,0.0,17078704.700000003
2025-08-01 12:31:56 PM,1103.5,2,2207.0,17080911.700000003
2025-08-01 12:32:03 PM,1105.2,0,0.0,17080911.700000003
2025-08-01 12:32:07 PM,1105.2,1,1105.2,17082016.900000002
2025-08-01 12:32:17 PM,1105.8,7,7740.599999999999,17089757.500000004
2025-08-01 12:32:31 PM,1105.9,0,0.0,17089757.500000004
2025-08-01 12:32:33 PM,1105.9,1,1105.9,17090863.400000002
2025-08-01 12:32:37 PM,1106.4,0,0.0,17090863.400000002
2025-08-01 12:32:38 PM,1106.4,2,2212.8,17093076.200000003
2025-08-01 12:32:45 PM,1105.0,0,0.0,17093076.200000003
2025-08-01 12:32:46 PM,1105.1,0,0.0,17093076.200000003
2025-08-01 12:32:47 PM,1105.1,14,15471.399999999998,17108547.6
2025-08-01 12:32:48 PM,1103.6,0,0.0,17108547.6
2025-08-01 12:32:48 PM,1103.6,4,4414.4,17112962.0
2025-08-01 12:32:56 PM,1105.3,0,0.0,17112962.0
2025-08-01 12:32:57 PM,1105.3,1,1105.3,17114067.3
2025-08-01 12:33:02 PM,1105.3,1,1105.3,17115172.6
2025-08-01 12:33:15 PM,1103.6,0,0.0,17115172.6
2025-08-01 12:33:17 PM,1105.2,0,0.0,17115172.6
2025-08-01 12:33:18 PM,1105.2,8,8841.6,17124014.200000003
2025-08-01 12:33:31 PM,1105.1,0,0.0,17124014.200000003
2025-08-01 12:33:32 PM,1105.1,1,1105.1,17125119.300000004
2025-08-01 12:33:36 PM,1105.3,0,0.0,17125119.300000004
2025-08-01 12:33:37 PM,1105.3,1,1105.3,17126224.600000005
2025-08-01 12:33:44 PM,1105.6,0,0.0,17126224.600000005
2025-08-01 12:33:46 PM,1104.3,0,0.0,17126224.600000005
2025-08-01 12:33:48 PM,1104.3,5,5521.5,17131746.100000005
2025-08-01 12:33:56 PM,1105.5,0,0.0,17131746.100000005
2025-08-01 12:33:58 PM,1105.5,1,1105.5,17132851.600000005
2025-08-01 12:33:59 PM,1105.6,0,0.0,17132851.600000005
2025-08-01 12:34:03 PM,1105.8,2,2211.6,17135063.200000007
2025-08-01 12:34:13 PM,1105.8,1,1105.8,17136169.000000007
2025-08-01 12:34:15 PM,1104.5,0,0.0,17136169.000000007
2025-08-01 12:34:17 PM,1105.7,0,0.0,17136169.000000007
2025-08-01 12:34:18 PM,1105.7,6,6634.200000000001,17142803.200000007
2025-08-01 12:34:28 PM,1105.8,1,1105.8,17143909.000000007
2025-08-01 12:34:38 PM,1105.8,1,1105.8,17145014.80000001
2025-08-01 12:34:44 PM,1105.8,1,1105.8,17146120.60000001
2025-08-01 12:34:47 PM,1104.8,0,0.0,17146120.60000001
2025-08-01 12:34:49 PM,1104.8,2,2209.6,17148330.20000001
2025-08-01 12:34:50 PM,1103.7,0,0.0,17148330.20000001
2025-08-01 12:34:53 PM,1103.7,2,2207.4,17150537.60000001
2025-08-01 12:34:57 PM,1105.4,0,0.0,17150537.60000001
2025-08-01 12:34:58 PM,1105.4,2,2210.8,17152748.40000001
2025-08-01 12:35:11 PM,1105.5,0,0.0,17152748.40000001
2025-08-01 12:35:14 PM,1105.5,1,1105.5,17153853.90000001
2025-08-01 12:35:17 PM,1105.4,0,0.0,17153853.90000001
2025-08-01 12:35:19 PM,1105.4,5,5527.0,17159380.90000001
2025-08-01 12:35:26 PM,1105.5,0,0.0,17159380.90000001
2025-08-01 12:35:29 PM,1105.9,0,0.0,17159380.90000001
2025-08-01 12:35:29 PM,1105.9,2,2211.8,17161592.70000001
2025-08-01 12:35:37 PM,1105.7,0,0.0,17161592.70000001
2025-08-01 12:35:39 PM,1105.7,1,1105.7,17162698.40000001
2025-08-01 12:35:41 PM,1106.1,0,0.0,17162698.40000001
2025-08-01 12:35:41 PM,1104.3,0,0.0,17162698.40000001
2025-08-01 12:35:45 PM,1104.3,10,11043.0,17173741.40000001
2025-08-01 12:35:53 PM,1103.5,0,0.0,17173741.40000001
2025-08-01 12:35:55 PM,1104.7,0,0.0,17173741.40000001
2025-08-01 12:35:56 PM,1104.7,6,6628.200000000001,17180369.60000001
2025-08-01 12:35:57 PM,1104.8,0,0.0,17180369.60000001
2025-08-01 12:36:01 PM,1104.8,1,1104.8,17181474.40000001
2025-08-01 12:36:12 PM,1104.8,1,1104.8,17182579.20000001
2025-08-01 12:36:15 PM,1103.6,0,0.0,17182579.20000001
2025-08-01 12:36:17 PM,1103.6,4,4414.4,17186993.60000001
2025-08-01 12:36:17 PM,1105.2,0,0.0,17186993.60000001
2025-08-01 12:36:17 PM,1105.2,1,1105.2,17188098.80000001
2025-08-01 12:36:25 PM,1105.6,0,0.0,17188098.80000001
2025-08-01 12:36:27 PM,1105.6,1,1105.6,17189204.40000001
2025-08-01 12:36:37 PM,1105.6,1,1105.6,17190310.00000001
2025-08-01 12:36:42 PM,1105.6,1,1105.6,17191415.600000013
2025-08-01 12:36:45 PM,1103.6,0,0.0,17191415.600000013
2025-08-01 12:36:47 PM,1103.6,5,5518.0,17196933.600000013
