date,price,qty,trnvr,cum_trnvr
2025-08-01 09:15:01 AM,412.6,53877,22229650.200000003,22229650.200000003
2025-08-01 09:15:01 AM,412.7,3347,1381306.9,23610957.1
2025-08-01 09:15:01 AM,412.75,0,0.0,23610957.1
2025-08-01 09:15:02 AM,412.7,880,363176.0,23974133.1
2025-08-01 09:15:02 AM,412.6,1646,679139.6000000001,24653272.700000003
2025-08-01 09:15:02 AM,412.1,0,0.0,24653272.700000003
2025-08-01 09:15:03 AM,412.1,5468,2253362.8000000003,26906635.500000004
2025-08-01 09:15:03 AM,412.1,433,178439.30000000002,27085074.800000004
2025-08-01 09:15:03 AM,412.05,0,0.0,27085074.800000004
2025-08-01 09:15:04 AM,412.05,1158,477153.9,27562228.700000003
2025-08-01 09:15:04 AM,412.15,388,159914.19999999998,27722142.900000002
2025-08-01 09:15:04 AM,412.6,0,0.0,27722142.900000002
2025-08-01 09:15:05 AM,412.5,4125,1701562.5,29423705.400000002
2025-08-01 09:15:05 AM,412.4,4759,1962611.5999999999,31386317.000000004
2025-08-01 09:15:05 AM,412.75,0,0.0,31386317.000000004
2025-08-01 09:15:06 AM,412.75,3243,1338548.25,32724865.250000004
2025-08-01 09:15:06 AM,412.6,2250,928350.0,33653215.25
2025-08-01 09:15:06 AM,412.4,0,0.0,33653215.25
2025-08-01 09:15:07 AM,412.4,2408,993059.2,34646274.45
2025-08-01 09:15:07 AM,412.9,525,216772.5,34863046.95
2025-08-01 09:15:07 AM,412.4,0,0.0,34863046.95
2025-08-01 09:15:08 AM,412.4,594,244965.59999999998,35108012.550000004
2025-08-01 09:15:08 AM,412.65,1214,500957.1,35608969.650000006
2025-08-01 09:15:08 AM,412.9,0,0.0,35608969.650000006
2025-08-01 09:15:09 AM,412.05,1308,538961.4,36147931.050000004
2025-08-01 09:15:09 AM,412.35,308,127003.8,36274934.85
2025-08-01 09:15:10 AM,412.55,1311,540853.05,36815787.9
2025-08-01 09:15:10 AM,412.9,803,331558.69999999995,37147346.6
2025-08-01 09:15:10 AM,412.45,0,0.0,37147346.6
2025-08-01 09:15:11 AM,412.8,148,61094.4,37208441.0
2025-08-01 09:15:11 AM,412.65,25,10316.25,37218757.25
2025-08-01 09:15:11 AM,412.9,10,4129.0,37222886.25
2025-08-01 09:15:12 AM,413.15,3055,1262173.25,38485059.5
2025-08-01 09:15:12 AM,413.1,0,0.0,38485059.5
2025-08-01 09:15:12 AM,413.1,604,249512.40000000002,38734571.9
2025-08-01 09:15:13 AM,413.1,92,38005.200000000004,38772577.1
2025-08-01 09:15:13 AM,413.2,185,76442.0,38849019.1
2025-08-01 09:15:14 AM,413.25,735,303738.75,39152757.85
2025-08-01 09:15:14 AM,413.25,85,35126.25,39187884.1
2025-08-01 09:15:15 AM,413.7,9468,3916911.6,43104795.7
2025-08-01 09:15:15 AM,413.7,3081,1274609.7,44379405.400000006
2025-08-01 09:15:16 AM,413.75,760,314450.0,44693855.400000006
2025-08-01 09:15:16 AM,413.4,0,0.0,44693855.400000006
2025-08-01 09:15:16 AM,413.4,318,131461.19999999998,44825316.60000001
2025-08-01 09:15:17 AM,413.75,30990,12822112.5,57647429.10000001
2025-08-01 09:15:17 AM,413.4,0,0.0,57647429.10000001
2025-08-01 09:15:17 AM,413.4,8587,3549865.8,61197294.900000006
2025-08-01 09:15:18 AM,413.15,3694,1526176.0999999999,62723471.00000001
2025-08-01 09:15:18 AM,413.4,0,0.0,62723471.00000001
2025-08-01 09:15:18 AM,413.45,0,0.0,62723471.00000001
2025-08-01 09:15:18 AM,413.45,14,5788.3,62729259.300000004
2025-08-01 09:15:19 AM,413.55,418,172863.9,62902123.2
2025-08-01 09:15:19 AM,413.55,5,2067.75,62904190.95
2025-08-01 09:15:20 AM,413.55,839,346968.45,63251159.400000006
2025-08-01 09:15:20 AM,413.25,219,90501.75,63341661.150000006
2025-08-01 09:15:20 AM,413.5,0,0.0,63341661.150000006
2025-08-01 09:15:21 AM,413.5,120,49620.0,63391281.150000006
2025-08-01 09:15:21 AM,413.4,0,0.0,63391281.150000006
2025-08-01 09:15:22 AM,413.4,7309,3021540.5999999996,66412821.75000001
2025-08-01 09:15:22 AM,413.65,793,328024.44999999995,66740846.20000001
2025-08-01 09:15:22 AM,413.55,0,0.0,66740846.20000001
2025-08-01 09:15:23 AM,413.55,16,6616.8,66747463.00000001
2025-08-01 09:15:23 AM,413.4,10386,4293572.399999999,71041035.4
2025-08-01 09:15:23 AM,413.25,0,0.0,71041035.4
2025-08-01 09:15:24 AM,413.35,2442,1009400.7000000001,72050436.10000001
2025-08-01 09:15:24 AM,413.7,1153,476996.1,72527432.2
2025-08-01 09:15:24 AM,413.55,0,0.0,72527432.2
2025-08-01 09:15:25 AM,413.35,2154,890355.9,73417788.10000001
2025-08-01 09:15:25 AM,413.4,0,0.0,73417788.10000001
2025-08-01 09:15:26 AM,413.4,10480,4332432.0,77750220.10000001
2025-08-01 09:15:26 AM,413.4,2,826.8,77751046.9
2025-08-01 09:15:26 AM,413.6,0,0.0,77751046.9
2025-08-01 09:15:27 AM,413.65,1004,415304.6,78166351.5
2025-08-01 09:15:27 AM,413.6,78,32260.800000000003,78198612.3
2025-08-01 09:15:28 AM,413.6,23,9512.800000000001,78208125.1
2025-08-01 09:15:28 AM,413.25,0,0.0,78208125.1
2025-08-01 09:15:29 AM,413.35,6648,2747950.8000000003,80956075.89999999
2025-08-01 09:15:29 AM,413.35,250,103337.5,81059413.39999999
2025-08-01 09:15:29 AM,413.3,0,0.0,81059413.39999999
2025-08-01 09:15:30 AM,413.25,374,154555.5,81213968.89999999
2025-08-01 09:15:30 AM,413.25,1,413.25,81214382.14999999
2025-08-01 09:15:31 AM,413.25,51,21075.75,81235457.89999999
2025-08-01 09:15:31 AM,413.25,7,2892.75,81238350.64999999
2025-08-01 09:15:32 AM,413.25,388,160341.0,81398691.64999999
2025-08-01 09:15:32 AM,413.2,0,0.0,81398691.64999999
2025-08-01 09:15:32 AM,413.15,0,0.0,81398691.64999999
2025-08-01 09:15:33 AM,413.0,2231,921403.0,82320094.64999999
2025-08-01 09:15:33 AM,413.15,199,82216.84999999999,82402311.49999999
2025-08-01 09:15:34 AM,413.15,508,209880.19999999998,82612191.69999999
2025-08-01 09:15:34 AM,413.15,24,9915.599999999999,82622107.29999998
2025-08-01 09:15:35 AM,413.05,46,19000.3,82641107.59999998
2025-08-01 09:15:35 AM,412.9,0,0.0,82641107.59999998
2025-08-01 09:15:36 AM,413.2,1191,492121.2,83133228.79999998
2025-08-01 09:15:36 AM,413.15,0,0.0,83133228.79999998
2025-08-01 09:15:36 AM,413.2,0,0.0,83133228.79999998
2025-08-01 09:15:37 AM,413.15,610,252021.5,83385250.29999998
2025-08-01 09:15:38 AM,413.2,91,37601.2,83422851.49999999
2025-08-01 09:15:39 AM,413.0,181,74753.0,83497604.49999999
2025-08-01 09:15:40 AM,413.4,3299,1363806.5999999999,84861411.09999998
2025-08-01 09:15:40 AM,413.5,0,0.0,84861411.09999998
2025-08-01 09:15:41 AM,413.6,614,253950.40000000002,85115361.49999999
2025-08-01 09:15:42 AM,413.65,528,218407.19999999998,85333768.69999999
2025-08-01 09:15:42 AM,413.65,2,827.3,85334595.99999999
2025-08-01 09:15:42 AM,413.6,0,0.0,85334595.99999999
2025-08-01 09:15:43 AM,413.6,26,10753.6,85345349.59999998
2025-08-01 09:15:43 AM,413.5,0,0.0,85345349.59999998
2025-08-01 09:15:44 AM,413.4,503,207940.19999999998,85553289.79999998
2025-08-01 09:15:44 AM,413.55,46,19023.3,85572313.09999998
2025-08-01 09:15:44 AM,413.65,0,0.0,85572313.09999998
2025-08-01 09:15:45 AM,413.55,985,407346.75,85979659.84999998
2025-08-01 09:15:45 AM,413.5,0,0.0,85979659.84999998
2025-08-01 09:15:45 AM,413.55,0,0.0,85979659.84999998
2025-08-01 09:15:46 AM,413.3,338,139695.4,86119355.24999999
2025-08-01 09:15:46 AM,413.6,0,0.0,86119355.24999999
2025-08-01 09:15:46 AM,413.65,0,0.0,86119355.24999999
2025-08-01 09:15:47 AM,413.55,155,64100.25,86183455.49999999
2025-08-01 09:15:47 AM,413.65,0,0.0,86183455.49999999
2025-08-01 09:15:48 AM,413.4,303,125260.2,86308715.69999999
2025-08-01 09:15:48 AM,413.5,0,0.0,86308715.69999999
2025-08-01 09:15:48 AM,413.5,117,48379.5,86357095.19999999
2025-08-01 09:15:49 AM,413.5,2,827.0,86357922.19999999
2025-08-01 09:15:49 AM,413.3,24,9919.2,86367841.39999999
2025-08-01 09:15:50 AM,413.3,140,57862.0,86425703.39999999
2025-08-01 09:15:50 AM,413.6,0,0.0,86425703.39999999
2025-08-01 09:15:50 AM,413.6,558,230788.80000000002,86656492.19999999
2025-08-01 09:15:50 AM,413.55,0,0.0,86656492.19999999
2025-08-01 09:15:51 AM,413.7,151,62468.7,86718960.89999999
2025-08-01 09:15:51 AM,413.7,19,7860.3,86726821.19999999
2025-08-01 09:15:51 AM,413.55,0,0.0,86726821.19999999
2025-08-01 09:15:52 AM,413.65,40,16546.0,86743367.19999999
2025-08-01 09:15:52 AM,413.65,15,6204.75,86749571.94999999
2025-08-01 09:15:53 AM,413.6,6,2481.6000000000004,86752053.54999998
2025-08-01 09:15:53 AM,413.65,2,827.3,86752880.84999998
2025-08-01 09:15:53 AM,413.55,0,0.0,86752880.84999998
2025-08-01 09:15:54 AM,413.65,98,40537.7,86793418.54999998
2025-08-01 09:15:54 AM,413.45,163,67392.34999999999,86860810.89999998
2025-08-01 09:15:55 AM,413.55,18,7443.900000000001,86868254.79999998
2025-08-01 09:15:55 AM,413.55,100,41355.0,86909609.79999998
2025-08-01 09:15:56 AM,413.5,45,18607.5,86928217.29999998
2025-08-01 09:15:56 AM,413.45,0,0.0,86928217.29999998
2025-08-01 09:15:57 AM,413.45,551,227810.94999999998,87156028.24999999
2025-08-01 09:15:57 AM,413.45,210,86824.5,87242852.74999999
2025-08-01 09:15:58 AM,413.45,191,78968.95,87321821.69999999
2025-08-01 09:15:59 AM,413.45,16,6615.2,87328436.89999999
2025-08-01 09:15:59 AM,413.45,40,16538.0,87344974.89999999
2025-08-01 09:15:59 AM,413.3,0,0.0,87344974.89999999
2025-08-01 09:16:00 AM,413.45,75,31008.75,87375983.64999999
2025-08-01 09:16:01 AM,413.45,226,93439.7,87469423.35
2025-08-01 09:16:02 AM,413.4,673,278218.2,87747641.55
2025-08-01 09:16:02 AM,413.45,0,0.0,87747641.55
2025-08-01 09:16:03 AM,413.45,702,290241.89999999997,88037883.45
2025-08-01 09:16:03 AM,413.2,427,176436.4,88214319.85000001
2025-08-01 09:16:03 AM,413.25,0,0.0,88214319.85000001
2025-08-01 09:16:03 AM,413.25,202,83476.5,88297796.35000001
2025-08-01 09:16:04 AM,413.4,36,14882.4,88312678.75000001
2025-08-01 09:16:04 AM,413.25,0,0.0,88312678.75000001
2025-08-01 09:16:04 AM,413.25,303,125214.75,88437893.50000001
2025-08-01 09:16:05 AM,413.3,30,12399.0,88450292.50000001
2025-08-01 09:16:05 AM,413.35,0,0.0,88450292.50000001
2025-08-01 09:16:05 AM,413.35,48,19840.800000000003,88470133.30000001
2025-08-01 09:16:06 AM,413.45,832,343990.39999999997,88814123.70000002
2025-08-01 09:16:06 AM,413.45,86,35556.7,88849680.40000002
2025-08-01 09:16:07 AM,413.45,162,66978.9,88916659.30000003
2025-08-01 09:16:07 AM,413.35,0,0.0,88916659.30000003
2025-08-01 09:16:07 AM,413.35,449,185594.15000000002,89102253.45000003
2025-08-01 09:16:08 AM,413.35,256,105817.6,89208071.05000003
2025-08-01 09:16:08 AM,413.35,50,20667.5,89228738.55000003
2025-08-01 09:16:09 AM,413.4,574,237291.59999999998,89466030.15000002
2025-08-01 09:16:09 AM,413.4,500,206700.0,89672730.15000002
2025-08-01 09:16:10 AM,413.4,1003,414640.19999999995,90087370.35000002
2025-08-01 09:16:11 AM,413.2,0,0.0,90087370.35000002
2025-08-01 09:16:11 AM,413.2,601,248333.19999999998,90335703.55000003
2025-08-01 09:16:12 AM,413.35,112,46295.200000000004,90381998.75000003
2025-08-01 09:16:13 AM,413.35,50,20667.5,90402666.25000003
2025-08-01 09:16:13 AM,413.4,0,0.0,90402666.25000003
2025-08-01 09:16:13 AM,413.4,162,66970.8,90469637.05000003
2025-08-01 09:16:14 AM,413.35,16,6613.6,90476250.65000002
2025-08-01 09:16:14 AM,413.45,217,89718.65,90565969.30000003
2025-08-01 09:16:15 AM,413.45,31,12816.949999999999,90578786.25000003
2025-08-01 09:16:15 AM,413.4,0,0.0,90578786.25000003
2025-08-01 09:16:15 AM,413.4,440,181896.0,90760682.25000003
2025-08-01 09:16:16 AM,413.4,42,17362.8,90778045.05000003
2025-08-01 09:16:16 AM,413.4,215,88881.0,90866926.05000003
2025-08-01 09:16:17 AM,413.4,786,324932.39999999997,91191858.45000003
2025-08-01 09:16:17 AM,413.15,0,0.0,91191858.45000003
2025-08-01 09:16:17 AM,413.3,1571,649294.3,91841152.75000003
2025-08-01 09:16:18 AM,413.4,179,73998.59999999999,91915151.35000002
2025-08-01 09:16:18 AM,413.4,100,41340.0,91956491.35000002
2025-08-01 09:16:19 AM,413.25,36,14877.0,91971368.35000002
2025-08-01 09:16:19 AM,413.25,168,69426.0,92040794.35000002
2025-08-01 09:16:20 AM,413.2,476,196683.19999999998,92237477.55000003
2025-08-01 09:16:21 AM,413.15,1099,454051.85,92691529.40000002
2025-08-01 09:16:22 AM,413.15,8,3305.2,92694834.60000002
2025-08-01 09:16:23 AM,413.05,845,349027.25,93043861.85000002
2025-08-01 09:16:23 AM,413.25,0,0.0,93043861.85000002
2025-08-01 09:16:23 AM,413.25,1000,413250.0,93457111.85000002
2025-08-01 09:16:24 AM,413.3,657,271538.10000000003,93728649.95000002
2025-08-01 09:16:24 AM,413.3,59,24384.7,93753034.65000002
2025-08-01 09:16:25 AM,412.9,1000,412900.0,94165934.65000002
2025-08-01 09:16:25 AM,413.05,0,0.0,94165934.65000002
2025-08-01 09:16:26 AM,413.05,111,45848.55,94211783.20000002
2025-08-01 09:16:26 AM,413.05,10,4130.5,94215913.70000002
2025-08-01 09:16:27 AM,413.05,40,16522.0,94232435.70000002
2025-08-01 09:16:27 AM,413.05,389,160676.45,94393112.15000002
2025-08-01 09:16:27 AM,413.1,0,0.0,94393112.15000002
2025-08-01 09:16:28 AM,413.2,632,261142.4,94654254.55000003
2025-08-01 09:16:28 AM,413.2,60,24792.0,94679046.55000003
2025-08-01 09:16:28 AM,413.25,0,0.0,94679046.55000003
2025-08-01 09:16:29 AM,413.25,597,246710.25,94925756.80000003
2025-08-01 09:16:29 AM,413.25,334,138025.5,95063782.30000003
2025-08-01 09:16:29 AM,413.1,0,0.0,95063782.30000003
2025-08-01 09:16:29 AM,413.25,0,0.0,95063782.30000003
2025-08-01 09:16:30 AM,413.25,676,279357.0,95343139.30000003
2025-08-01 09:16:30 AM,413.1,182,75184.2,95418323.50000003
2025-08-01 09:16:31 AM,413.3,534,220702.2,95639025.70000003
2025-08-01 09:16:31 AM,413.3,50,20665.0,95659690.70000003
2025-08-01 09:16:32 AM,413.1,700,289170.0,95948860.70000003
2025-08-01 09:16:32 AM,413.15,1,413.15,95949273.85000004
2025-08-01 09:16:33 AM,413.15,83,34291.45,95983565.30000004
2025-08-01 09:16:34 AM,413.1,35,14458.5,95998023.80000004
2025-08-01 09:16:34 AM,413.05,0,0.0,95998023.80000004
2025-08-01 09:16:35 AM,413.2,1079,445842.8,96443866.60000004
2025-08-01 09:16:35 AM,413.05,0,0.0,96443866.60000004
2025-08-01 09:16:36 AM,413.2,1002,414026.39999999997,96857893.00000004
2025-08-01 09:16:37 AM,413.15,16,6610.4,96864503.40000005
2025-08-01 09:16:37 AM,413.15,500,206575.0,97071078.40000005
2025-08-01 09:16:37 AM,412.85,0,0.0,97071078.40000005
2025-08-01 09:16:38 AM,412.9,2808,1159423.2,98230501.60000005
2025-08-01 09:16:38 AM,413.05,0,0.0,98230501.60000005
2025-08-01 09:16:38 AM,412.85,850,350922.5,98581424.10000005
2025-08-01 09:16:39 AM,413.0,2054,848302.0,99429726.10000005
2025-08-01 09:16:39 AM,413.25,0,0.0,99429726.10000005
2025-08-01 09:16:40 AM,413.2,10360,4280752.0,103710478.10000005
2025-08-01 09:16:40 AM,413.3,10983,4539273.9,108249752.00000006
2025-08-01 09:16:40 AM,413.2,0,0.0,108249752.00000006
2025-08-01 09:16:41 AM,413.2,995,411134.0,108660886.00000006
2025-08-01 09:16:41 AM,413.2,2,826.4,108661712.40000007
2025-08-01 09:16:42 AM,413.2,190,78508.0,108740220.40000007
2025-08-01 09:16:42 AM,413.0,0,0.0,108740220.40000007
2025-08-01 09:16:42 AM,413.2,0,0.0,108740220.40000007
2025-08-01 09:16:43 AM,413.0,228,94164.0,108834384.40000007
2025-08-01 09:16:43 AM,413.2,0,0.0,108834384.40000007
2025-08-01 09:16:43 AM,413.0,0,0.0,108834384.40000007
2025-08-01 09:16:44 AM,413.2,2004,828052.7999999999,109662437.20000006
2025-08-01 09:16:45 AM,413.2,297,122720.4,109785157.60000007
2025-08-01 09:16:45 AM,413.25,0,0.0,109785157.60000007
2025-08-01 09:16:46 AM,413.25,135,55788.75,109840946.35000007
2025-08-01 09:16:47 AM,413.25,257,106205.25,109947151.60000007
2025-08-01 09:16:47 AM,413.25,6,2479.5,109949631.10000007
2025-08-01 09:16:47 AM,413.2,0,0.0,109949631.10000007
2025-08-01 09:16:48 AM,413.25,248,102486.0,110052117.10000007
2025-08-01 09:16:48 AM,413.2,0,0.0,110052117.10000007
2025-08-01 09:16:49 AM,413.0,2287,944531.0,110996648.10000007
2025-08-01 09:16:50 AM,412.9,214,88360.59999999999,111085008.70000006
2025-08-01 09:16:50 AM,413.15,0,0.0,111085008.70000006
2025-08-01 09:16:50 AM,413.1,0,0.0,111085008.70000006
2025-08-01 09:16:51 AM,413.1,183,75597.3,111160606.00000006
2025-08-01 09:16:51 AM,413.1,643,265623.3,111426229.30000006
2025-08-01 09:16:51 AM,412.95,0,0.0,111426229.30000006
2025-08-01 09:16:51 AM,413.1,0,0.0,111426229.30000006
2025-08-01 09:16:52 AM,413.1,154,63617.4,111489846.70000006
2025-08-01 09:16:53 AM,413.1,6,2478.6000000000004,111492325.30000006
2025-08-01 09:16:53 AM,412.95,2000,825900.0,112318225.30000006
2025-08-01 09:16:53 AM,412.9,0,0.0,112318225.30000006
2025-08-01 09:16:53 AM,413.1,0,0.0,112318225.30000006
2025-08-01 09:16:54 AM,413.15,2098,866788.7,113185014.00000006
2025-08-01 09:16:54 AM,412.95,13,5368.349999999999,113190382.35000005
2025-08-01 09:16:54 AM,413.1,0,0.0,113190382.35000005
2025-08-01 09:16:55 AM,413.0,216,89208.0,113279590.35000005
2025-08-01 09:16:55 AM,413.0,24,9912.0,113289502.35000005
2025-08-01 09:16:56 AM,413.15,1856,766806.3999999999,114056308.75000006
2025-08-01 09:16:56 AM,413.15,50,20657.5,114076966.25000006
2025-08-01 09:16:57 AM,413.15,19,7849.849999999999,114084816.10000005
2025-08-01 09:16:58 AM,413.2,269,111150.8,114195966.90000005
2025-08-01 09:16:59 AM,413.0,158,65254.0,114261220.90000005
2025-08-01 09:17:00 AM,413.0,114,47082.0,114308302.90000005
2025-08-01 09:17:04 AM,412.85,2482,1024693.7000000001,115332996.60000005
2025-08-01 09:17:05 AM,413.2,13191,5450521.2,120783517.80000006
2025-08-01 09:17:08 AM,413.0,0,0.0,120783517.80000006
2025-08-01 09:17:12 AM,412.9,1479,610679.1,121394196.90000005
2025-08-01 09:17:13 AM,413.15,574,237148.09999999998,121631345.00000004
2025-08-01 09:17:15 AM,413.05,0,0.0,121631345.00000004
2025-08-01 09:17:17 AM,412.9,0,0.0,121631345.00000004
2025-08-01 09:17:20 AM,413.2,7336,3031235.1999999997,124662580.20000005
2025-08-01 09:17:21 AM,413.2,386,159495.19999999998,124822075.40000005
2025-08-01 09:17:24 AM,413.05,0,0.0,124822075.40000005
2025-08-01 09:17:26 AM,413.15,0,0.0,124822075.40000005
2025-08-01 09:17:28 AM,413.5,11635,4811072.5,129633147.90000005
2025-08-01 09:17:29 AM,413.5,15,6202.5,129639350.40000005
2025-08-01 09:17:34 AM,413.25,0,0.0,129639350.40000005
2025-08-01 09:17:37 AM,413.4,4548,1880143.2,131519493.60000005
2025-08-01 09:17:38 AM,413.2,1005,415266.0,131934759.60000005
2025-08-01 09:17:40 AM,413.5,0,0.0,131934759.60000005
2025-08-01 09:17:45 AM,413.6,2887,1194063.2,133128822.80000006
2025-08-01 09:17:46 AM,413.5,86,35561.0,133164383.80000006
2025-08-01 09:17:49 AM,413.8,0,0.0,133164383.80000006
2025-08-01 09:17:51 AM,413.85,0,0.0,133164383.80000006
2025-08-01 09:17:53 AM,413.6,6132,2536195.2,135700579.00000006
2025-08-01 09:17:54 AM,413.9,5253,2174216.6999999997,137874795.70000005
2025-08-01 09:17:58 AM,413.6,0,0.0,137874795.70000005
2025-08-01 09:18:00 AM,413.55,0,0.0,137874795.70000005
2025-08-01 09:18:02 AM,413.55,5248,2170310.4,140045106.10000005
2025-08-01 09:18:03 AM,413.5,8555,3537492.5,143582598.60000005
2025-08-01 09:18:05 AM,413.55,0,0.0,143582598.60000005
2025-08-01 09:18:08 AM,413.5,0,0.0,143582598.60000005
2025-08-01 09:18:10 AM,413.45,3003,1241590.3499999999,144824188.95000005
2025-08-01 09:18:11 AM,413.45,21,8682.449999999999,144832871.40000004
2025-08-01 09:18:14 AM,413.5,0,0.0,144832871.40000004
2025-08-01 09:18:15 AM,413.55,0,0.0,144832871.40000004
2025-08-01 09:18:19 AM,413.55,5187,2145083.85,146977955.25000003
2025-08-01 09:18:20 AM,413.55,166,68649.3,147046604.55000004
2025-08-01 09:18:22 AM,413.85,0,0.0,147046604.55000004
2025-08-01 09:18:27 AM,413.9,3217,1331516.2999999998,148378120.85000005
2025-08-01 09:18:28 AM,413.9,285,117961.5,148496082.35000005
2025-08-01 09:18:29 AM,413.8,0,0.0,148496082.35000005
2025-08-01 09:18:31 AM,413.7,0,0.0,148496082.35000005
2025-08-01 09:18:35 AM,413.8,55993,23169903.400000002,171665985.75000006
2025-08-01 09:18:36 AM,413.8,3069,1269952.2,172935937.95000005
2025-08-01 09:18:37 AM,413.9,0,0.0,172935937.95000005
2025-08-01 09:18:40 AM,413.75,0,0.0,172935937.95000005
2025-08-01 09:18:43 AM,413.85,22711,9398947.35,182334885.30000004
2025-08-01 09:18:44 AM,414.0,109,45126.0,182380011.30000004
2025-08-01 09:18:45 AM,414.05,0,0.0,182380011.30000004
2025-08-01 09:18:47 AM,414.1,0,0.0,182380011.30000004
2025-08-01 09:18:51 AM,414.05,6461,2675177.0500000003,185055188.35000005
2025-08-01 09:18:52 AM,414.2,1851,766684.2,185821872.55000004
2025-08-01 09:18:53 AM,414.25,0,0.0,185821872.55000004
2025-08-01 09:18:55 AM,414.1,0,0.0,185821872.55000004
2025-08-01 09:18:59 AM,414.1,2950,1221595.0,187043467.55000004
2025-08-01 09:19:00 AM,414.1,1895,784719.5,187828187.05000004
2025-08-01 09:19:04 AM,414.15,0,0.0,187828187.05000004
2025-08-01 09:19:07 AM,414.2,40458,16757703.6,204585890.65000004
2025-08-01 09:19:09 AM,414.35,233,96543.55,204682434.20000005
2025-08-01 09:19:09 AM,414.4,0,0.0,204682434.20000005
2025-08-01 09:19:11 AM,414.35,0,0.0,204682434.20000005
2025-08-01 09:19:15 AM,414.35,16644,6896441.4,211578875.60000005
2025-08-01 09:19:17 AM,414.4,491,203470.4,211782346.00000006
2025-08-01 09:19:19 AM,414.7,0,0.0,211782346.00000006
2025-08-01 09:19:24 AM,414.85,10817,4487432.45,216269778.45000005
2025-08-01 09:19:24 AM,414.65,0,0.0,216269778.45000005
2025-08-01 09:19:25 AM,414.85,2599,1078195.1500000001,217347973.60000005
2025-08-01 09:19:26 AM,414.9,0,0.0,217347973.60000005
2025-08-01 09:19:31 AM,414.8,0,0.0,217347973.60000005
2025-08-01 09:19:32 AM,414.8,4360,1808528.0,219156501.60000005
2025-08-01 09:19:33 AM,414.7,369,153024.3,219309525.90000007
2025-08-01 09:19:34 AM,414.9,0,0.0,219309525.90000007
2025-08-01 09:19:39 AM,414.95,0,0.0,219309525.90000007
2025-08-01 09:19:40 AM,414.95,7569,3140756.55,222450282.45000008
2025-08-01 09:19:41 AM,414.9,1183,490826.69999999995,222941109.15000007
2025-08-01 09:19:42 AM,415.0,0,0.0,222941109.15000007
2025-08-01 09:19:47 AM,414.9,0,0.0,222941109.15000007
2025-08-01 09:19:48 AM,414.9,4379,1816847.0999999999,224757956.25000006
2025-08-01 09:19:50 AM,414.9,488,202471.19999999998,224960427.45000005
2025-08-01 09:19:55 AM,414.7,0,0.0,224960427.45000005
2025-08-01 09:19:56 AM,414.7,4439,1840853.3,226801280.75000006
2025-08-01 09:19:56 AM,414.75,0,0.0,226801280.75000006
2025-08-01 09:19:57 AM,414.7,1530,634491.0,227435771.75000006
2025-08-01 09:20:03 AM,414.65,0,0.0,227435771.75000006
2025-08-01 09:20:03 AM,414.65,8482,3517061.3,230952833.05000007
2025-08-01 09:20:05 AM,414.6,1090,451914.0,231404747.05000007
2025-08-01 09:20:10 AM,414.5,0,0.0,231404747.05000007
2025-08-01 09:20:12 AM,414.5,1983,821953.5,232226700.55000007
2025-08-01 09:20:13 AM,414.5,1013,419888.5,232646589.05000007
2025-08-01 09:20:17 AM,414.7,0,0.0,232646589.05000007
2025-08-01 09:20:19 AM,414.5,0,0.0,232646589.05000007
2025-08-01 09:20:20 AM,414.5,3802,1575929.0,234222518.05000007
2025-08-01 09:20:21 AM,414.5,544,225488.0,234448006.05000007
2025-08-01 09:20:24 AM,414.7,0,0.0,234448006.05000007
2025-08-01 09:20:27 AM,414.6,0,0.0,234448006.05000007
2025-08-01 09:20:28 AM,414.6,1865,773229.0,235221235.05000007
2025-08-01 09:20:29 AM,414.6,261,108210.6,235329445.65000007
2025-08-01 09:20:35 AM,414.7,5793,2402357.1,237731802.75000006
2025-08-01 09:20:35 AM,414.6,0,0.0,237731802.75000006
2025-08-01 09:20:37 AM,414.65,502,208154.3,237939957.05000007
2025-08-01 09:20:42 AM,414.55,0,0.0,237939957.05000007
2025-08-01 09:20:43 AM,414.5,4217,1747946.5,239687903.55000007
2025-08-01 09:20:45 AM,414.55,2546,1055444.3,240743347.85000008
2025-08-01 09:20:45 AM,414.45,0,0.0,240743347.85000008
2025-08-01 09:20:49 AM,414.5,0,0.0,240743347.85000008
2025-08-01 09:20:51 AM,414.6,2159,895121.4,241638469.2500001
2025-08-01 09:20:52 AM,414.6,464,192374.40000000002,241830843.6500001
2025-08-01 09:20:52 AM,414.45,0,0.0,241830843.6500001
2025-08-01 09:20:56 AM,414.75,0,0.0,241830843.6500001
2025-08-01 09:20:59 AM,414.8,4433,1838808.4000000001,243669652.0500001
2025-08-01 09:21:00 AM,414.8,104,43139.200000000004,243712791.2500001
2025-08-01 09:21:03 AM,414.6,0,0.0,243712791.2500001
2025-08-01 09:21:05 AM,414.65,0,0.0,243712791.2500001
2025-08-01 09:21:06 AM,414.65,10018,4153963.6999999997,247866754.95000008
2025-08-01 09:21:08 AM,414.5,437,181136.5,248047891.45000008
2025-08-01 09:21:10 AM,414.55,0,0.0,248047891.45000008
2025-08-01 09:21:14 AM,414.55,3753,1555806.1500000001,249603697.60000008
2025-08-01 09:21:15 AM,414.55,333,138045.15,249741742.7500001
2025-08-01 09:21:17 AM,414.45,0,0.0,249741742.7500001
2025-08-01 09:21:19 AM,414.3,0,0.0,249741742.7500001
2025-08-01 09:21:22 AM,414.35,2677,1109214.95,250850957.70000008
2025-08-01 09:21:23 AM,414.3,189,78302.7,250929260.40000007
2025-08-01 09:21:24 AM,414.35,0,0.0,250929260.40000007
2025-08-01 09:21:26 AM,414.25,0,0.0,250929260.40000007
2025-08-01 09:21:30 AM,414.25,2814,1165699.5,252094959.90000007
2025-08-01 09:21:31 AM,414.05,668,276585.4,252371545.30000007
2025-08-01 09:21:33 AM,414.15,0,0.0,252371545.30000007
2025-08-01 09:21:36 AM,414.0,0,0.0,252371545.30000007
2025-08-01 09:21:38 AM,414.0,2623,1085922.0,253457467.30000007
2025-08-01 09:21:39 AM,414.05,6174,2556344.7,256013812.00000006
2025-08-01 09:21:40 AM,414.15,0,0.0,256013812.00000006
2025-08-01 09:21:42 AM,414.2,0,0.0,256013812.00000006
2025-08-01 09:21:45 AM,414.2,948,392661.6,256406473.60000005
2025-08-01 09:21:46 AM,414.1,1684,697344.4,257103818.00000006
2025-08-01 09:21:49 AM,413.9,0,0.0,257103818.00000006
2025-08-01 09:21:52 AM,414.05,0,0.0,257103818.00000006
2025-08-01 09:21:53 AM,413.95,11738,4858945.1,261962763.10000005
2025-08-01 09:21:54 AM,413.85,2187,905089.9500000001,262867853.05000004
2025-08-01 09:21:56 AM,413.9,0,0.0,262867853.05000004
2025-08-01 09:21:59 AM,413.75,0,0.0,262867853.05000004
2025-08-01 09:22:00 AM,413.75,7918,3276072.5,266143925.55000004
2025-08-01 09:22:01 AM,413.65,13,5377.45,266149303.00000003
2025-08-01 09:22:01 AM,413.6,0,0.0,266149303.00000003
2025-08-01 09:22:01 AM,413.6,265,109604.0,266258907.00000003
2025-08-01 09:22:03 AM,413.6,3944,1631238.4000000001,267890145.40000004
2025-08-01 09:22:04 AM,413.5,1123,464360.5,268354505.90000004
2025-08-01 09:22:04 AM,413.6,0,0.0,268354505.90000004
2025-08-01 09:22:05 AM,413.5,77,31839.5,268386345.40000004
2025-08-01 09:22:05 AM,413.6,0,0.0,268386345.40000004
2025-08-01 09:22:06 AM,413.7,528,218433.6,268604779.00000006
2025-08-01 09:22:06 AM,413.55,0,0.0,268604779.00000006
2025-08-01 09:22:06 AM,413.6,0,0.0,268604779.00000006
2025-08-01 09:22:07 AM,413.6,210,86856.0,268691635.00000006
2025-08-01 09:22:07 AM,413.6,1,413.6,268692048.6000001
2025-08-01 09:22:07 AM,413.65,0,0.0,268692048.6000001
2025-08-01 09:22:08 AM,413.65,2219,917889.35,269609937.9500001
2025-08-01 09:22:08 AM,413.65,417,172492.05,269782430.0000001
2025-08-01 09:22:08 AM,413.5,0,0.0,269782430.0000001
2025-08-01 09:22:09 AM,413.5,16,6616.0,269789046.0000001
2025-08-01 09:22:09 AM,413.6,210,86856.0,269875902.0000001
2025-08-01 09:22:09 AM,413.65,0,0.0,269875902.0000001
2025-08-01 09:22:10 AM,413.65,113,46742.45,269922644.4500001
2025-08-01 09:22:10 AM,413.65,12,4963.799999999999,269927608.2500001
2025-08-01 09:22:11 AM,413.65,6,2481.8999999999996,269930090.1500001
2025-08-01 09:22:11 AM,413.65,136,56256.399999999994,269986346.5500001
2025-08-01 09:22:12 AM,413.65,50,20682.5,270007029.0500001
2025-08-01 09:22:12 AM,413.5,0,0.0,270007029.0500001
2025-08-01 09:22:13 AM,413.65,27,11168.55,270018197.6000001
2025-08-01 09:22:13 AM,413.55,1587,656303.85,270674501.4500001
2025-08-01 09:22:14 AM,413.45,1121,463477.45,271137978.9000001
2025-08-01 09:22:15 AM,413.7,467,193197.9,271331176.8000001
2025-08-01 09:22:15 AM,413.45,155,64084.75,271395261.5500001
2025-08-01 09:22:16 AM,413.6,0,0.0,271395261.5500001
2025-08-01 09:22:16 AM,413.55,0,0.0,271395261.5500001
2025-08-01 09:22:16 AM,413.55,158,65340.9,271460602.45000005
2025-08-01 09:22:17 AM,413.6,0,0.0,271460602.45000005
2025-08-01 09:22:17 AM,413.6,1,413.6,271461016.0500001
2025-08-01 09:22:18 AM,413.45,50,20672.5,271481688.5500001
2025-08-01 09:22:18 AM,413.6,0,0.0,271481688.5500001
2025-08-01 09:22:18 AM,413.6,79,32674.4,271514362.95000005
2025-08-01 09:22:20 AM,413.6,186,76929.6,271591292.5500001
2025-08-01 09:22:20 AM,413.7,48,19857.6,271611150.1500001
2025-08-01 09:22:21 AM,413.7,78,32268.6,271643418.7500001
2025-08-01 09:22:21 AM,413.7,1515,626755.5,272270174.2500001
2025-08-01 09:22:21 AM,413.8,0,0.0,272270174.2500001
2025-08-01 09:22:22 AM,413.8,138,57104.4,272327278.6500001
2025-08-01 09:22:22 AM,413.85,28,11587.800000000001,272338866.4500001
2025-08-01 09:22:23 AM,413.95,1324,548069.7999999999,272886936.2500001
2025-08-01 09:22:24 AM,413.95,106,43878.7,272930814.9500001
2025-08-01 09:22:25 AM,414.0,1320,546480.0,273477294.9500001
2025-08-01 09:22:26 AM,413.95,0,0.0,273477294.9500001
2025-08-01 09:22:26 AM,414.0,143,59202.0,273536496.9500001
2025-08-01 09:22:27 AM,413.9,0,0.0,273536496.9500001
2025-08-01 09:22:28 AM,413.9,126,52151.399999999994,273588648.3500001
2025-08-01 09:22:28 AM,414.15,0,0.0,273588648.3500001
2025-08-01 09:22:29 AM,414.15,2183,904089.45,274492737.8000001
2025-08-01 09:22:29 AM,414.2,233,96508.59999999999,274589246.4000001
2025-08-01 09:22:30 AM,414.2,189,78283.8,274667530.2000001
2025-08-01 09:22:31 AM,414.15,929,384745.35,275052275.55000013
2025-08-01 09:22:32 AM,414.15,802,332148.3,275384423.85000014
2025-08-01 09:22:32 AM,414.35,127,52622.450000000004,275437046.30000013
2025-08-01 09:22:33 AM,414.25,94,38939.5,275475985.80000013
2025-08-01 09:22:34 AM,414.25,9,3728.25,275479714.05000013
2025-08-01 09:22:34 AM,414.15,0,0.0,275479714.05000013
2025-08-01 09:22:34 AM,414.25,0,0.0,275479714.05000013
2025-08-01 09:22:35 AM,414.25,277,114747.25,275594461.30000013
2025-08-01 09:22:35 AM,414.25,170,70422.5,275664883.80000013
2025-08-01 09:22:35 AM,414.3,0,0.0,275664883.80000013
2025-08-01 09:22:36 AM,414.3,2699,1118195.7,276783079.5000001
2025-08-01 09:22:36 AM,414.3,26,10771.800000000001,276793851.30000013
2025-08-01 09:22:36 AM,414.4,0,0.0,276793851.30000013
2025-08-01 09:22:36 AM,414.4,387,160372.8,276954224.10000014
2025-08-01 09:22:37 AM,414.4,548,227091.19999999998,277181315.30000013
2025-08-01 09:22:38 AM,414.45,0,0.0,277181315.30000013
2025-08-01 09:22:38 AM,414.5,741,307144.5,277488459.80000013
2025-08-01 09:22:38 AM,414.4,117,48484.799999999996,277536944.60000014
2025-08-01 09:22:39 AM,414.4,132,54700.799999999996,277591645.40000015
2025-08-01 09:22:40 AM,414.45,171,70870.95,277662516.35000014
2025-08-01 09:22:40 AM,414.5,30,12435.0,277674951.35000014
2025-08-01 09:22:41 AM,414.5,96,39792.0,277714743.35000014
2025-08-01 09:22:42 AM,414.5,15,6217.5,277720960.85000014
2025-08-01 09:22:43 AM,414.4,223,92411.2,277813372.05000013
2025-08-01 09:22:43 AM,414.55,0,0.0,277813372.05000013
2025-08-01 09:22:44 AM,414.55,21,8705.550000000001,277822077.60000014
2025-08-01 09:22:44 AM,414.4,0,0.0,277822077.60000014
2025-08-01 09:22:44 AM,414.4,20,8288.0,277830365.60000014
2025-08-01 09:22:44 AM,414.55,0,0.0,277830365.60000014
2025-08-01 09:22:45 AM,414.4,77,31908.8,277862274.40000015
2025-08-01 09:22:45 AM,414.55,0,0.0,277862274.40000015
2025-08-01 09:22:45 AM,414.55,7,2901.85,277865176.2500002
2025-08-01 09:22:46 AM,414.4,488,202227.19999999998,278067403.45000017
2025-08-01 09:22:46 AM,414.5,0,0.0,278067403.45000017
2025-08-01 09:22:47 AM,414.4,7,2900.7999999999997,278070304.2500002
2025-08-01 09:22:47 AM,414.5,51,21139.5,278091443.7500002
2025-08-01 09:22:48 AM,414.45,1428,591834.6,278683278.3500002
2025-08-01 09:22:48 AM,414.35,315,130520.25,278813798.6000002
2025-08-01 09:22:49 AM,414.45,23,9532.35,278823330.9500002
2025-08-01 09:22:49 AM,414.45,36,14920.199999999999,278838251.1500002
2025-08-01 09:22:49 AM,414.35,0,0.0,278838251.1500002
2025-08-01 09:22:49 AM,414.45,0,0.0,278838251.1500002
2025-08-01 09:22:50 AM,414.45,178,73772.09999999999,278912023.25000024
2025-08-01 09:22:50 AM,414.45,24,9946.8,278921970.05000025
2025-08-01 09:22:51 AM,414.45,11,4558.95,278926529.00000024
2025-08-01 09:22:51 AM,414.45,5,2072.25,278928601.25000024
2025-08-01 09:22:52 AM,414.35,52,21546.2,278950147.4500002
2025-08-01 09:22:52 AM,414.45,10,4144.5,278954291.9500002
2025-08-01 09:22:53 AM,414.45,6,2486.7,278956778.6500002
2025-08-01 09:22:53 AM,414.4,0,0.0,278956778.6500002
2025-08-01 09:22:54 AM,414.4,43,17819.2,278974597.8500002
2025-08-01 09:22:54 AM,414.4,100,41440.0,279016037.8500002
2025-08-01 09:22:54 AM,414.35,0,0.0,279016037.8500002
2025-08-01 09:22:55 AM,414.35,1196,495562.60000000003,279511600.4500002
2025-08-01 09:22:55 AM,414.45,0,0.0,279511600.4500002
2025-08-01 09:22:55 AM,414.45,186,77087.7,279588688.1500002
2025-08-01 09:22:56 AM,414.35,110,45578.5,279634266.6500002
2025-08-01 09:22:56 AM,414.45,0,0.0,279634266.6500002
2025-08-01 09:22:56 AM,414.45,1,414.45,279634681.1000002
2025-08-01 09:22:57 AM,414.45,17,7045.65,279641726.7500002
2025-08-01 09:22:58 AM,414.5,1651,684339.5,280326066.2500002
2025-08-01 09:22:59 AM,414.4,10,4144.0,280330210.2500002
2025-08-01 09:22:59 AM,414.5,66,27357.0,280357567.2500002
2025-08-01 09:23:00 AM,414.5,61,25284.5,280382851.7500002
2025-08-01 09:23:00 AM,414.4,0,0.0,280382851.7500002
2025-08-01 09:23:01 AM,414.45,648,268563.6,280651415.3500002
2025-08-01 09:23:03 AM,414.4,580,240352.0,280891767.3500002
2025-08-01 09:23:05 AM,414.45,0,0.0,280891767.3500002
2025-08-01 09:23:07 AM,414.5,0,0.0,280891767.3500002
2025-08-01 09:23:09 AM,414.55,1884,781012.2000000001,281672779.5500002
2025-08-01 09:23:11 AM,414.5,932,386314.0,282059093.5500002
2025-08-01 09:23:12 AM,414.45,0,0.0,282059093.5500002
2025-08-01 09:23:14 AM,414.5,0,0.0,282059093.5500002
2025-08-01 09:23:17 AM,414.55,1442,597781.1,282656874.6500002
2025-08-01 09:23:18 AM,414.55,606,251217.30000000002,282908091.9500002
2025-08-01 09:23:19 AM,414.5,0,0.0,282908091.9500002
2025-08-01 09:23:24 AM,414.55,1522,630945.1,283539037.05000025
2025-08-01 09:23:26 AM,414.4,113,46827.2,283585864.25000024
2025-08-01 09:23:26 AM,414.35,0,0.0,283585864.25000024
2025-08-01 09:23:32 AM,414.55,2633,1091510.1500000001,284677374.4000002
2025-08-01 09:23:33 AM,414.45,0,0.0,284677374.4000002
2025-08-01 09:23:34 AM,414.45,76,31498.2,284708872.6000002
2025-08-01 09:23:39 AM,414.55,0,0.0,284708872.6000002
2025-08-01 09:23:39 AM,414.55,1370,567933.5,285276806.1000002
2025-08-01 09:23:40 AM,414.5,0,0.0,285276806.1000002
2025-08-01 09:23:41 AM,414.5,1311,543409.5,285820215.6000002
2025-08-01 09:23:45 AM,414.4,0,0.0,285820215.6000002
2025-08-01 09:23:46 AM,414.45,0,0.0,285820215.6000002
2025-08-01 09:23:47 AM,414.45,1239,513503.55,286333719.1500002
2025-08-01 09:23:49 AM,414.45,311,128893.95,286462613.1000002
2025-08-01 09:23:55 AM,414.35,2514,1041675.9,287504289.0000002
2025-08-01 09:23:56 AM,414.55,1016779,421505734.45,709010023.4500002
2025-08-01 09:23:58 AM,414.65,0,0.0,709010023.4500002
2025-08-01 09:24:02 AM,414.55,2537,1051713.35,710061736.8000002
2025-08-01 09:24:04 AM,414.3,11079,4590029.7,714651766.5000002
2025-08-01 09:24:05 AM,414.35,0,0.0,714651766.5000002
2025-08-01 09:24:10 AM,414.4,73741,30558270.4,745210036.9000002
2025-08-01 09:24:12 AM,414.25,55,22783.75,745232820.6500002
2025-08-01 09:24:12 AM,414.35,0,0.0,745232820.6500002
2025-08-01 09:24:18 AM,414.35,1176,487275.60000000003,745720096.2500002
2025-08-01 09:24:19 AM,414.35,740,306619.0,746026715.2500002
2025-08-01 09:24:24 AM,414.4,0,0.0,746026715.2500002
2025-08-01 09:24:25 AM,414.35,810,335623.5,746362338.7500002
2025-08-01 09:24:27 AM,414.45,710,294259.5,746656598.2500002
2025-08-01 09:24:30 AM,414.35,0,0.0,746656598.2500002
2025-08-01 09:24:33 AM,414.25,5061,2096519.25,748753117.5000002
2025-08-01 09:24:35 AM,414.35,104,43092.4,748796209.9000002
2025-08-01 09:24:40 AM,414.25,25267,10466854.75,759263064.6500002
2025-08-01 09:24:42 AM,414.4,2591,1073710.4,760336775.0500002
2025-08-01 09:24:48 AM,414.4,4522,1873916.7999999998,762210691.8500001
2025-08-01 09:24:49 AM,414.35,0,0.0,762210691.8500001
2025-08-01 09:24:50 AM,414.35,840,348054.0,762558745.8500001
2025-08-01 09:24:55 AM,414.4,3361,1392798.4,763951544.2500001
2025-08-01 09:24:57 AM,414.4,632,261900.8,764213445.0500001
2025-08-01 09:25:03 AM,414.2,1944,805204.7999999999,765018649.85
2025-08-01 09:25:03 AM,414.4,0,0.0,765018649.85
2025-08-01 09:25:05 AM,414.3,48,19886.4,765038536.25
2025-08-01 09:25:09 AM,414.15,0,0.0,765038536.25
2025-08-01 09:25:10 AM,414.15,2083,862674.45,765901210.7
2025-08-01 09:25:13 AM,414.1,941,389668.10000000003,766290878.8000001
2025-08-01 09:25:16 AM,414.0,0,0.0,766290878.8000001
2025-08-01 09:25:17 AM,413.95,0,0.0,766290878.8000001
2025-08-01 09:25:18 AM,413.95,7786,3223014.6999999997,769513893.5000001
2025-08-01 09:25:20 AM,413.8,517,213934.6,769727828.1000001
2025-08-01 09:25:21 AM,413.85,0,0.0,769727828.1000001
2025-08-01 09:25:25 AM,413.9,6394,2646476.5999999996,772374304.7000002
2025-08-01 09:25:27 AM,413.9,437,180874.3,772555179.0000001
2025-08-01 09:25:33 AM,413.85,2173,899296.05,773454475.0500001
2025-08-01 09:25:35 AM,413.85,125,51731.25,773506206.3000001
2025-08-01 09:25:35 AM,413.75,0,0.0,773506206.3000001
2025-08-01 09:25:39 AM,413.65,0,0.0,773506206.3000001
2025-08-01 09:25:40 AM,413.65,1862,770216.2999999999,774276422.6
2025-08-01 09:25:40 AM,413.55,0,0.0,774276422.6
2025-08-01 09:25:42 AM,413.7,1544,638752.7999999999,774915175.4
2025-08-01 09:25:45 AM,413.65,0,0.0,774915175.4
2025-08-01 09:25:48 AM,413.65,2887,1194207.55,776109382.9499999
2025-08-01 09:25:50 AM,413.8,1244,514767.2,776624150.15
2025-08-01 09:25:50 AM,413.7,0,0.0,776624150.15
2025-08-01 09:25:55 AM,413.9,1267,524411.2999999999,777148561.4499999
2025-08-01 09:25:57 AM,413.7,0,0.0,777148561.4499999
2025-08-01 09:25:58 AM,413.7,438,181200.6,777329762.05
2025-08-01 09:26:03 AM,413.6,1108,458268.80000000005,777788030.8499999
2025-08-01 09:26:03 AM,413.4,0,0.0,777788030.8499999
2025-08-01 09:26:03 AM,413.55,0,0.0,777788030.8499999
2025-08-01 09:26:05 AM,413.45,2650,1095642.5,778883673.3499999
2025-08-01 09:26:10 AM,413.5,0,0.0,778883673.3499999
2025-08-01 09:26:11 AM,413.55,698,288657.9,779172331.2499999
2025-08-01 09:26:13 AM,413.5,312,129012.0,779301343.2499999
2025-08-01 09:26:16 AM,413.3,0,0.0,779301343.2499999
2025-08-01 09:26:18 AM,413.2,6876,2841163.1999999997,782142506.4499999
2025-08-01 09:26:20 AM,413.25,58,23968.5,782166474.9499999
2025-08-01 09:26:22 AM,413.55,0,0.0,782166474.9499999
2025-08-01 09:26:26 AM,413.5,2033,840645.5,783007120.4499999
2025-08-01 09:26:28 AM,413.55,0,0.0,783007120.4499999
2025-08-01 09:26:32 AM,413.5,0,0.0,783007120.4499999
2025-08-01 09:26:34 AM,413.6,1572,650179.2000000001,783657299.65
2025-08-01 09:26:36 AM,413.65,11,4550.15,783661849.8
2025-08-01 09:26:37 AM,413.8,0,0.0,783661849.8
2025-08-01 09:26:42 AM,413.8,4400,1820720.0,785482569.8
2025-08-01 09:26:43 AM,413.8,30,12414.0,785494983.8
2025-08-01 09:26:43 AM,413.75,0,0.0,785494983.8
2025-08-01 09:26:46 AM,413.8,0,0.0,785494983.8
2025-08-01 09:26:49 AM,413.8,1713,708839.4,786203823.1999999
2025-08-01 09:26:50 AM,413.8,103,42621.4,786246444.5999999
2025-08-01 09:26:53 AM,413.55,0,0.0,786246444.5999999
2025-08-01 09:26:56 AM,413.65,0,0.0,786246444.5999999
2025-08-01 09:26:57 AM,413.7,3209,1327563.3,787574007.8999999
2025-08-01 09:26:58 AM,413.65,318,131540.69999999998,787705548.5999999
2025-08-01 09:27:00 AM,413.55,0,0.0,787705548.5999999
2025-08-01 09:27:02 AM,413.6,0,0.0,787705548.5999999
2025-08-01 09:27:04 AM,413.7,1816,751279.2,788456827.8
2025-08-01 09:27:05 AM,413.5,12,4962.0,788461789.8
2025-08-01 09:27:07 AM,413.6,0,0.0,788461789.8
2025-08-01 09:27:11 AM,413.65,472,195242.8,788657032.5999999
2025-08-01 09:27:12 AM,413.55,0,0.0,788657032.5999999
2025-08-01 09:27:13 AM,413.65,421,174146.65,788831179.2499999
2025-08-01 09:27:17 AM,413.75,0,0.0,788831179.2499999
2025-08-01 09:27:19 AM,413.75,3375,1396406.25,790227585.4999999
2025-08-01 09:27:20 AM,413.75,36,14895.0,790242480.4999999
2025-08-01 09:27:22 AM,413.8,0,0.0,790242480.4999999
2025-08-01 09:27:26 AM,413.8,4625,1913825.0,792156305.4999999
2025-08-01 09:27:27 AM,413.8,175,72415.0,792228720.4999999
2025-08-01 09:27:28 AM,413.7,0,0.0,792228720.4999999
2025-08-01 09:27:32 AM,413.8,0,0.0,792228720.4999999
2025-08-01 09:27:33 AM,413.8,764,316143.2,792544863.6999999
2025-08-01 09:27:35 AM,413.8,144,59587.200000000004,792604450.9
2025-08-01 09:27:41 AM,413.8,1295,535871.0,793140321.9
2025-08-01 09:27:42 AM,413.65,139,57497.35,793197819.25
2025-08-01 09:27:43 AM,413.7,0,0.0,793197819.25
2025-08-01 09:27:47 AM,413.8,0,0.0,793197819.25
2025-08-01 09:27:49 AM,413.8,434,179589.2,793377408.45
2025-08-01 09:27:50 AM,413.8,39,16138.2,793393546.6500001
2025-08-01 09:27:52 AM,413.65,0,0.0,793393546.6500001
2025-08-01 09:27:53 AM,413.75,0,0.0,793393546.6500001
2025-08-01 09:27:57 AM,414.15,18816,7792646.399999999,801186193.0500001
2025-08-01 09:27:58 AM,414.2,97,40177.4,801226370.45
2025-08-01 09:27:58 AM,414.15,0,0.0,801226370.45
2025-08-01 09:28:04 AM,414.3,5326,2206561.8000000003,803432932.25
2025-08-01 09:28:06 AM,414.35,1044,432581.4,803865513.65
2025-08-01 09:28:10 AM,414.3,0,0.0,803865513.65
2025-08-01 09:28:10 AM,414.15,0,0.0,803865513.65
2025-08-01 09:28:12 AM,414.3,2686,1112809.8,804978323.4499999
2025-08-01 09:28:13 AM,414.4,839,347681.6,805326005.05
2025-08-01 09:28:16 AM,414.15,0,0.0,805326005.05
2025-08-01 09:28:17 AM,414.2,0,0.0,805326005.05
2025-08-01 09:28:20 AM,414.2,1473,610116.6,805936121.65
2025-08-01 09:28:21 AM,414.2,294,121774.8,806057896.4499999
2025-08-01 09:28:22 AM,414.3,0,0.0,806057896.4499999
2025-08-01 09:28:27 AM,414.35,0,0.0,806057896.4499999
2025-08-01 09:28:27 AM,414.35,2182,904111.7000000001,806962008.15
2025-08-01 09:28:27 AM,414.4,0,0.0,806962008.15
2025-08-01 09:28:29 AM,414.4,132,54700.799999999996,807016708.9499999
2025-08-01 09:28:32 AM,414.45,0,0.0,807016708.9499999
2025-08-01 09:28:35 AM,414.5,7293,3022948.5,810039657.4499999
2025-08-01 09:28:36 AM,414.5,762,315849.0,810355506.4499999
2025-08-01 09:28:43 AM,414.55,0,0.0,810355506.4499999
2025-08-01 09:28:43 AM,414.55,2864,1187271.2,811542777.65
2025-08-01 09:28:44 AM,414.55,488,202300.4,811745078.05
2025-08-01 09:28:44 AM,414.45,0,0.0,811745078.05
2025-08-01 09:28:48 AM,414.55,0,0.0,811745078.05
2025-08-01 09:28:49 AM,414.45,0,0.0,811745078.05
2025-08-01 09:28:50 AM,414.45,2266,939143.7,812684221.75
2025-08-01 09:28:51 AM,414.4,342,141724.8,812825946.55
2025-08-01 09:28:53 AM,414.45,0,0.0,812825946.55
2025-08-01 09:28:58 AM,414.45,1347,558264.15,813384210.6999999
2025-08-01 09:28:59 AM,414.45,39,16163.55,813400374.2499999
2025-08-01 09:29:00 AM,414.35,0,0.0,813400374.2499999
2025-08-01 09:29:00 AM,414.4,0,0.0,813400374.2499999
2025-08-01 09:29:05 AM,414.4,817,338564.8,813738939.0499998
2025-08-01 09:29:07 AM,414.4,150,62160.0,813801099.0499998
2025-08-01 09:29:11 AM,414.35,0,0.0,813801099.0499998
2025-08-01 09:29:13 AM,414.35,855,354269.25,814155368.2999998
2025-08-01 09:29:14 AM,414.35,182,75411.7,814230779.9999999
2025-08-01 09:29:21 AM,414.25,1290,534382.5,814765162.4999999
2025-08-01 09:29:22 AM,414.1,330,136653.0,814901815.4999999
2025-08-01 09:29:22 AM,414.05,0,0.0,814901815.4999999
2025-08-01 09:29:23 AM,414.1,0,0.0,814901815.4999999
2025-08-01 09:29:27 AM,414.25,0,0.0,814901815.4999999
2025-08-01 09:29:28 AM,414.05,1325,548616.25,815450431.7499999
2025-08-01 09:29:30 AM,414.2,680,281656.0,815732087.7499999
2025-08-01 09:29:36 AM,414.2,1125,465975.0,816198062.7499999
2025-08-01 09:29:37 AM,414.2,18,7455.599999999999,816205518.3499999
2025-08-01 09:29:43 AM,414.2,176,72899.2,816278417.55
2025-08-01 09:29:44 AM,414.1,310,128371.0,816406788.55
2025-08-01 09:29:47 AM,414.05,0,0.0,816406788.55
2025-08-01 09:29:48 AM,414.2,0,0.0,816406788.55
2025-08-01 09:29:50 AM,414.3,4108,1701944.4000000001,818108732.9499999
2025-08-01 09:29:52 AM,414.1,277,114705.70000000001,818223438.65
2025-08-01 09:29:52 AM,414.2,0,0.0,818223438.65
2025-08-01 09:29:57 AM,414.05,0,0.0,818223438.65
2025-08-01 09:29:58 AM,414.1,1244,515140.4,818738579.05
2025-08-01 09:29:59 AM,414.2,10,4142.0,818742721.05
2025-08-01 09:30:04 AM,414.1,0,0.0,818742721.05
2025-08-01 09:30:05 AM,414.05,0,0.0,818742721.05
2025-08-01 09:30:06 AM,414.1,5105,2113980.5,820856701.55
2025-08-01 09:30:07 AM,414.1,71,29401.100000000002,820886102.65
2025-08-01 09:30:11 AM,414.2,0,0.0,820886102.65
2025-08-01 09:30:13 AM,414.2,1498,620471.6,821506574.25
2025-08-01 09:30:14 AM,414.2,256,106035.2,821612609.45
2025-08-01 09:30:21 AM,414.2,2074,859050.7999999999,822471660.25
2025-08-01 09:30:22 AM,414.2,23,9526.6,822481186.85
2025-08-01 09:30:25 AM,414.25,0,0.0,822481186.85
2025-08-01 09:30:28 AM,414.25,1204,498757.0,822979943.85
2025-08-01 09:30:29 AM,414.2,34,14082.8,822994026.65
2025-08-01 09:30:36 AM,414.25,939,388980.75,823383007.4
2025-08-01 09:30:36 AM,414.2,14,5798.8,823388806.1999999
2025-08-01 09:30:39 AM,414.1,0,0.0,823388806.1999999
2025-08-01 09:30:40 AM,414.15,0,0.0,823388806.1999999
2025-08-01 09:30:43 AM,414.2,7454,3087446.8,826476252.9999999
2025-08-01 09:30:44 AM,414.05,738,305568.9,826781821.8999999
2025-08-01 09:30:46 AM,414.25,0,0.0,826781821.8999999
2025-08-01 09:30:48 AM,414.2,0,0.0,826781821.8999999
2025-08-01 09:30:50 AM,414.25,6685,2769261.25,829551083.1499999
2025-08-01 09:30:51 AM,414.25,11,4556.75,829555639.8999999
2025-08-01 09:30:53 AM,414.1,0,0.0,829555639.8999999
2025-08-01 09:30:58 AM,414.2,1021,422898.2,829978538.0999999
2025-08-01 09:30:58 AM,414.25,15,6213.75,829984751.8499999
2025-08-01 09:31:01 AM,414.2,0,0.0,829984751.8499999
2025-08-01 09:31:05 AM,414.0,3004,1243656.0,831228407.8499999
2025-08-01 09:31:05 AM,414.1,91,37683.1,831266090.9499999
2025-08-01 09:31:08 AM,414.0,0,0.0,831266090.9499999
2025-08-01 09:31:10 AM,414.15,0,0.0,831266090.9499999
2025-08-01 09:31:12 AM,414.2,5428,2248277.6,833514368.55
2025-08-01 09:31:13 AM,414.2,41,16982.2,833531350.75
2025-08-01 09:31:15 AM,414.15,0,0.0,833531350.75
2025-08-01 09:31:19 AM,414.2,0,0.0,833531350.75
2025-08-01 09:31:20 AM,414.2,3876,1605439.2,835136789.95
2025-08-01 09:31:20 AM,414.2,6,2485.2,835139275.1500001
2025-08-01 09:31:21 AM,414.05,0,0.0,835139275.1500001
2025-08-01 09:31:27 AM,414.15,6581,2725521.15,837864796.3000001
2025-08-01 09:31:28 AM,414.15,3,1242.4499999999998,837866038.7500001
2025-08-01 09:31:31 AM,414.05,0,0.0,837866038.7500001
2025-08-01 09:31:33 AM,414.15,0,0.0,837866038.7500001
2025-08-01 09:31:34 AM,414.15,2761,1143468.15,839009506.9000001
2025-08-01 09:31:37 AM,414.2,0,0.0,839009506.9000001
2025-08-01 09:31:39 AM,414.15,0,0.0,839009506.9000001
2025-08-01 09:31:41 AM,414.2,502,207928.4,839217435.3000001
2025-08-01 09:31:42 AM,414.05,19,7866.95,839225302.2500001
2025-08-01 09:31:45 AM,414.15,0,0.0,839225302.2500001
2025-08-01 09:31:48 AM,414.2,2308,955973.6,840181275.8500001
2025-08-01 09:31:49 AM,414.05,0,0.0,840181275.8500001
2025-08-01 09:31:50 AM,414.2,0,0.0,840181275.8500001
2025-08-01 09:31:55 AM,414.0,0,0.0,840181275.8500001
2025-08-01 09:31:55 AM,414.15,2087,864331.0499999999,841045606.9000001
2025-08-01 09:31:55 AM,414.15,2,828.3,841046435.2
2025-08-01 09:31:55 AM,414.05,0,0.0,841046435.2
2025-08-01 09:32:00 AM,414.15,0,0.0,841046435.2
2025-08-01 09:32:02 AM,414.2,976,404259.2,841450694.4000001
2025-08-01 09:32:02 AM,414.2,99,41005.799999999996,841491700.2
2025-08-01 09:32:09 AM,414.15,1086,449766.89999999997,841941467.1
2025-08-01 09:32:09 AM,414.2,4,1656.8,841943123.9
2025-08-01 09:32:16 AM,414.2,743,307750.6,842250874.5
2025-08-01 09:32:23 AM,414.15,0,0.0,842250874.5
2025-08-01 09:32:23 AM,414.15,531,219913.65,842470788.15
2025-08-01 09:32:30 AM,414.15,1846,764520.8999999999,843235309.05
2025-08-01 09:32:37 AM,414.15,912,377704.8,843613013.8499999
2025-08-01 09:32:37 AM,414.15,28,11596.199999999999,843624610.05
2025-08-01 09:32:41 AM,414.0,0,0.0,843624610.05
2025-08-01 09:32:44 AM,414.05,802,332068.10000000003,843956678.15
2025-08-01 09:32:44 AM,414.05,2,828.1,843957506.25
2025-08-01 09:32:51 AM,414.15,828,342916.19999999995,844300422.45
2025-08-01 09:32:51 AM,414.15,4,1656.6,844302079.0500001
2025-08-01 09:32:58 AM,414.35,23346,9673415.1,853975494.1500001
2025-08-01 09:32:58 AM,414.35,205,84941.75,854060435.9000001
2025-08-01 09:32:59 AM,414.3,0,0.0,854060435.9000001
2025-08-01 09:33:05 AM,414.35,0,0.0,854060435.9000001
2025-08-01 09:33:05 AM,414.35,15362,6365244.7,860425680.6000001
2025-08-01 09:33:11 AM,414.3,0,0.0,860425680.6000001
2025-08-01 09:33:12 AM,414.3,1881,779298.3,861204978.9000001
2025-08-01 09:33:19 AM,414.4,884,366329.6,861571308.5000001
2025-08-01 09:33:21 AM,414.5,0,0.0,861571308.5000001
2025-08-01 09:33:25 AM,414.55,15641,6483976.55,868055285.0500001
2025-08-01 09:33:26 AM,414.55,13,5389.150000000001,868060674.2
2025-08-01 09:33:26 AM,414.4,0,0.0,868060674.2
2025-08-01 09:33:31 AM,414.6,0,0.0,868060674.2
2025-08-01 09:33:32 AM,414.65,6063,2514022.9499999997,870574697.1500001
2025-08-01 09:33:32 AM,414.65,1,414.65,870575111.8000001
2025-08-01 09:33:36 AM,414.85,0,0.0,870575111.8000001
2025-08-01 09:33:39 AM,414.95,18734,7773673.3,878348785.1
2025-08-01 09:33:39 AM,414.95,91,37760.45,878386545.5500001
2025-08-01 09:33:41 AM,414.8,0,0.0,878386545.5500001
2025-08-01 09:33:43 AM,414.95,0,0.0,878386545.5500001
2025-08-01 09:33:46 AM,414.95,6695,2778090.25,881164635.8000001
2025-08-01 09:33:53 AM,414.85,3388,1405511.8,882570147.6
2025-08-01 09:33:55 AM,414.9,0,0.0,882570147.6
2025-08-01 09:33:56 AM,415.3,0,0.0,882570147.6
2025-08-01 09:34:00 AM,415.25,58193,24164643.25,906734790.85
2025-08-01 09:34:01 AM,415.1,0,0.0,906734790.85
2025-08-01 09:34:01 AM,415.1,34,14113.400000000001,906748904.25
2025-08-01 09:34:01 AM,415.25,0,0.0,906748904.25
2025-08-01 09:34:06 AM,415.3,0,0.0,906748904.25
2025-08-01 09:34:07 AM,415.15,0,0.0,906748904.25
2025-08-01 09:34:07 AM,415.3,5010,2080653.0,908829557.25
2025-08-01 09:34:08 AM,415.25,197,81804.25,908911361.5
2025-08-01 09:34:15 AM,415.15,6060,2515809.0,911427170.5
2025-08-01 09:34:15 AM,415.15,1,415.15,911427585.65
2025-08-01 09:34:16 AM,415.2,0,0.0,911427585.65
2025-08-01 09:34:19 AM,415.25,0,0.0,911427585.65
2025-08-01 09:34:21 AM,415.2,0,0.0,911427585.65
2025-08-01 09:34:22 AM,415.15,3028,1257074.2,912684659.85
2025-08-01 09:34:22 AM,415.15,22,9133.3,912693793.15
2025-08-01 09:34:24 AM,415.2,0,0.0,912693793.15
2025-08-01 09:34:29 AM,415.2,2667,1107338.4,913801131.55
2025-08-01 09:34:29 AM,415.2,128,53145.6,913854277.15
2025-08-01 09:34:31 AM,415.1,0,0.0,913854277.15
2025-08-01 09:34:36 AM,415.0,2485,1031275.0,914885552.15
2025-08-01 09:34:36 AM,415.1,0,0.0,914885552.15
2025-08-01 09:34:39 AM,415.0,0,0.0,914885552.15
2025-08-01 09:34:41 AM,415.1,0,0.0,914885552.15
2025-08-01 09:34:42 AM,415.1,6175,2563242.5,917448794.65
2025-08-01 09:34:43 AM,415.1,650,269815.0,917718609.65
2025-08-01 09:34:46 AM,415.0,0,0.0,917718609.65
2025-08-01 09:34:49 AM,415.0,2639,1095185.0,918813794.65
2025-08-01 09:34:50 AM,415.0,1,415.0,918814209.65
2025-08-01 09:34:56 AM,415.0,839,348185.0,919162394.65
2025-08-01 09:34:56 AM,414.9,0,0.0,919162394.65
2025-08-01 09:34:57 AM,414.9,603,250184.69999999998,919412579.35
2025-08-01 09:34:58 AM,414.95,0,0.0,919412579.35
2025-08-01 09:35:03 AM,415.0,7283,3022445.0,922435024.35
2025-08-01 09:35:03 AM,414.9,127,52692.299999999996,922487716.65
2025-08-01 09:35:06 AM,414.8,0,0.0,922487716.65
2025-08-01 09:35:06 AM,414.95,0,0.0,922487716.65
2025-08-01 09:35:10 AM,414.9,1619,671723.1,923159439.75
2025-08-01 09:35:10 AM,414.9,27,11202.3,923170642.05
2025-08-01 09:35:11 AM,414.85,0,0.0,923170642.05
2025-08-01 09:35:16 AM,414.9,0,0.0,923170642.05
2025-08-01 09:35:16 AM,414.7,0,0.0,923170642.05
2025-08-01 09:35:17 AM,414.85,3589,1488896.6500000001,924659538.6999999
2025-08-01 09:35:18 AM,414.85,8,3318.8,924662857.4999999
2025-08-01 09:35:21 AM,414.75,0,0.0,924662857.4999999
2025-08-01 09:35:21 AM,414.7,0,0.0,924662857.4999999
2025-08-01 09:35:24 AM,414.8,1809,750373.2000000001,925413230.6999999
2025-08-01 09:35:26 AM,414.75,0,0.0,925413230.6999999
2025-08-01 09:35:31 AM,414.6,0,0.0,925413230.6999999
2025-08-01 09:35:31 AM,414.8,1055,437614.0,925850844.6999999
2025-08-01 09:35:36 AM,414.75,0,0.0,925850844.6999999
2025-08-01 09:35:38 AM,414.7,1422,589703.4,926440548.0999999
2025-08-01 09:35:41 AM,414.75,0,0.0,926440548.0999999
2025-08-01 09:35:41 AM,414.7,0,0.0,926440548.0999999
2025-08-01 09:35:45 AM,414.75,914,379081.5,926819629.5999999
2025-08-01 09:35:45 AM,414.75,2,829.5,926820459.0999999
2025-08-01 09:35:46 AM,414.65,0,0.0,926820459.0999999
2025-08-01 09:35:46 AM,414.75,0,0.0,926820459.0999999
2025-08-01 09:35:51 AM,414.8,0,0.0,926820459.0999999
2025-08-01 09:35:51 AM,414.7,0,0.0,926820459.0999999
2025-08-01 09:35:51 AM,414.7,3282,1361045.4,928181504.4999999
2025-08-01 09:35:52 AM,414.7,93,38567.1,928220071.5999999
2025-08-01 09:35:56 AM,414.6,0,0.0,928220071.5999999
2025-08-01 09:35:58 AM,414.6,4209,1745051.4000000001,929965122.9999999
2025-08-01 09:36:01 AM,414.75,0,0.0,929965122.9999999
2025-08-01 09:36:04 AM,414.7,0,0.0,929965122.9999999
2025-08-01 09:36:05 AM,414.7,6742,2795907.4,932761030.3999999
2025-08-01 09:36:09 AM,414.75,0,0.0,932761030.3999999
2025-08-01 09:36:12 AM,414.7,0,0.0,932761030.3999999
2025-08-01 09:36:12 AM,414.7,1421,589288.7,933350319.0999999
2025-08-01 09:36:12 AM,414.65,0,0.0,933350319.0999999
2025-08-01 09:36:17 AM,414.7,0,0.0,933350319.0999999
2025-08-01 09:36:18 AM,414.7,2241,929342.7,934279661.8
2025-08-01 09:36:20 AM,414.65,0,0.0,934279661.8
2025-08-01 09:36:20 AM,414.7,0,0.0,934279661.8
2025-08-01 09:36:25 AM,414.7,535,221864.5,934501526.3
2025-08-01 09:36:25 AM,414.7,1,414.7,934501941.0
2025-08-01 09:36:31 AM,414.75,3397,1408905.75,935910846.75
2025-08-01 09:36:32 AM,414.7,2,829.4,935911676.15
2025-08-01 09:36:38 AM,414.7,113,46861.1,935958537.25
2025-08-01 09:36:38 AM,414.7,13,5391.099999999999,935963928.35
2025-08-01 09:36:40 AM,414.65,0,0.0,935963928.35
2025-08-01 09:36:40 AM,414.7,0,0.0,935963928.35
2025-08-01 09:36:44 AM,414.7,168,69669.59999999999,936033597.95
2025-08-01 09:36:44 AM,414.65,1,414.65,936034012.6
2025-08-01 09:36:51 AM,414.7,1056,437923.2,936471935.8000001
2025-08-01 09:36:51 AM,414.7,77,31931.899999999998,936503867.7
2025-08-01 09:36:52 AM,414.6,0,0.0,936503867.7
2025-08-01 09:36:52 AM,414.7,0,0.0,936503867.7
2025-08-01 09:36:58 AM,414.7,436,180809.19999999998,936684676.9000001
2025-08-01 09:36:58 AM,414.7,371,153853.69999999998,936838530.6000001
2025-08-01 09:37:01 AM,414.6,0,0.0,936838530.6000001
2025-08-01 09:37:04 AM,414.65,1416,587144.4,937425675.0000001
2025-08-01 09:37:05 AM,414.65,35,14512.75,937440187.7500001
2025-08-01 09:37:05 AM,414.6,0,0.0,937440187.7500001
2025-08-01 09:37:10 AM,414.55,0,0.0,937440187.7500001
2025-08-01 09:37:11 AM,414.6,6756,2801037.6,940241225.3500001
2025-08-01 09:37:12 AM,414.6,4,1658.4,940242883.7500001
2025-08-01 09:37:14 AM,414.45,0,0.0,940242883.7500001
2025-08-01 09:37:19 AM,414.5,0,0.0,940242883.7500001
2025-08-01 09:37:19 AM,414.5,3043,1261323.5,941504207.2500001
2025-08-01 09:37:20 AM,414.45,0,0.0,941504207.2500001
2025-08-01 09:37:24 AM,414.5,0,0.0,941504207.2500001
2025-08-01 09:37:25 AM,414.55,1149,476317.95,941980525.2000002
2025-08-01 09:37:25 AM,414.4,0,0.0,941980525.2000002
2025-08-01 09:37:26 AM,414.5,21,8704.5,941989229.7000002
2025-08-01 09:37:29 AM,414.45,0,0.0,941989229.7000002
2025-08-01 09:37:32 AM,414.6,4665,1934109.0,943923338.7000002
2025-08-01 09:37:33 AM,414.5,65,26942.5,943950281.2000002
2025-08-01 09:37:34 AM,414.55,0,0.0,943950281.2000002
2025-08-01 09:37:38 AM,414.5,0,0.0,943950281.2000002
2025-08-01 09:37:39 AM,414.5,259,107355.5,944057636.7000002
2025-08-01 09:37:39 AM,414.5,94,38963.0,944096599.7000002
2025-08-01 09:37:46 AM,414.4,830,343952.0,944440551.7000002
2025-08-01 09:37:46 AM,414.45,0,0.0,944440551.7000002
2025-08-01 09:37:49 AM,414.5,0,0.0,944440551.7000002
2025-08-01 09:37:52 AM,414.5,246,101967.0,944542518.7000002
2025-08-01 09:37:56 AM,414.55,0,0.0,944542518.7000002
2025-08-01 09:37:59 AM,414.5,2989,1238940.5,945781459.2000002
2025-08-01 09:37:59 AM,414.6,0,0.0,945781459.2000002
2025-08-01 09:38:01 AM,414.55,0,0.0,945781459.2000002
2025-08-01 09:38:04 AM,414.6,0,0.0,945781459.2000002
2025-08-01 09:38:06 AM,414.6,712,295195.2,946076654.4000002
2025-08-01 09:38:13 AM,414.6,123,50995.8,946127650.2000002
2025-08-01 09:38:20 AM,414.6,1851,767424.6000000001,946895074.8000002
2025-08-01 09:38:26 AM,414.6,387,160450.2,947055525.0000002
2025-08-01 09:38:26 AM,414.6,1,414.6,947055939.6000003
2025-08-01 09:38:33 AM,414.7,4209,1745472.3,948801411.9000002
2025-08-01 09:38:36 AM,414.75,0,0.0,948801411.9000002
2025-08-01 09:38:40 AM,414.8,1255,520574.0,949321985.9000002
2025-08-01 09:38:40 AM,414.8,91,37746.8,949359732.7000002
2025-08-01 09:38:46 AM,414.85,1187,492426.95,949852159.6500002
2025-08-01 09:38:48 AM,414.8,0,0.0,949852159.6500002
2025-08-01 09:38:52 AM,414.85,0,0.0,949852159.6500002
2025-08-01 09:38:53 AM,414.85,1685,699022.25,950551181.9000002
2025-08-01 09:38:59 AM,414.85,4997,2073005.4500000002,952624187.3500003
2025-08-01 09:38:59 AM,414.85,91,37751.35,952661938.7000003
2025-08-01 09:39:01 AM,414.75,0,0.0,952661938.7000003
2025-08-01 09:39:06 AM,414.75,18157,7530615.75,960192554.4500003
2025-08-01 09:39:11 AM,414.6,0,0.0,960192554.4500003
2025-08-01 09:39:12 AM,414.65,0,0.0,960192554.4500003
2025-08-01 09:39:13 AM,414.5,2886,1196247.0,961388801.4500003
2025-08-01 09:39:17 AM,414.65,0,0.0,961388801.4500003
2025-08-01 09:39:20 AM,414.6,114,47264.4,961436065.8500003
2025-08-01 09:39:20 AM,414.6,20,8292.0,961444357.8500003
2025-08-01 09:39:21 AM,414.5,0,0.0,961444357.8500003
2025-08-01 09:39:26 AM,414.55,0,0.0,961444357.8500003
2025-08-01 09:39:27 AM,414.55,2098,869725.9,962314083.7500002
2025-08-01 09:39:33 AM,414.55,187,77520.85,962391604.6000003
2025-08-01 09:39:34 AM,414.55,2,829.1,962392433.7000003
2025-08-01 09:39:40 AM,414.55,472,195667.6,962588101.3000003
2025-08-01 09:39:40 AM,414.55,11,4560.05,962592661.3500003
2025-08-01 09:39:46 AM,414.55,329,136386.95,962729048.3000003
2025-08-01 09:39:47 AM,414.5,19,7875.5,962736923.8000003
2025-08-01 09:39:49 AM,414.55,0,0.0,962736923.8000003
2025-08-01 09:39:53 AM,414.55,298,123535.90000000001,962860459.7000003
2025-08-01 09:39:53 AM,414.45,26,10775.699999999999,962871235.4000003
2025-08-01 09:39:57 AM,414.5,0,0.0,962871235.4000003
2025-08-01 09:39:59 AM,414.55,77,31920.350000000002,962903155.7500004
2025-08-01 09:40:00 AM,414.4,1979,820097.6,963723253.3500004
2025-08-01 09:40:01 AM,414.5,0,0.0,963723253.3500004
2025-08-01 09:40:03 AM,414.55,0,0.0,963723253.3500004
2025-08-01 09:40:05 AM,414.4,0,0.0,963723253.3500004
2025-08-01 09:40:06 AM,414.4,9901,4102974.4,967826227.7500004
2025-08-01 09:40:07 AM,414.5,500,207250.0,968033477.7500004
2025-08-01 09:40:10 AM,414.55,0,0.0,968033477.7500004
2025-08-01 09:40:12 AM,414.55,170,70473.5,968103951.2500004
2025-08-01 09:40:13 AM,414.55,19,7876.45,968111827.7000004
2025-08-01 09:40:13 AM,414.5,0,0.0,968111827.7000004
2025-08-01 09:40:18 AM,414.55,0,0.0,968111827.7000004
2025-08-01 09:40:19 AM,414.45,1092,452579.39999999997,968564407.1000004
2025-08-01 09:40:20 AM,414.55,0,0.0,968564407.1000004
2025-08-01 09:40:20 AM,414.55,177,73375.35,968637782.4500004
2025-08-01 09:40:25 AM,414.5,0,0.0,968637782.4500004
2025-08-01 09:40:26 AM,414.55,532,220540.6,968858323.0500004
2025-08-01 09:40:26 AM,414.55,41,16996.55,968875319.6000004
2025-08-01 09:40:32 AM,414.55,715,296403.25,969171722.8500004
2025-08-01 09:40:33 AM,414.55,5,2072.75,969173795.6000004
2025-08-01 09:40:33 AM,414.5,0,0.0,969173795.6000004
2025-08-01 09:40:36 AM,414.55,0,0.0,969173795.6000004
2025-08-01 09:40:39 AM,414.55,600,248730.0,969422525.6000004
2025-08-01 09:40:39 AM,414.55,51,21142.05,969443667.6500003
2025-08-01 09:40:44 AM,414.5,0,0.0,969443667.6500003
2025-08-01 09:40:45 AM,414.5,186,77097.0,969520764.6500003
2025-08-01 09:40:46 AM,414.5,6,2487.0,969523251.6500003
2025-08-01 09:40:49 AM,414.55,0,0.0,969523251.6500003
2025-08-01 09:40:52 AM,414.5,1009,418230.5,969941482.1500003
2025-08-01 09:40:53 AM,414.35,17,7043.950000000001,969948526.1000004
2025-08-01 09:40:54 AM,414.5,0,0.0,969948526.1000004
2025-08-01 09:40:58 AM,414.5,142,58859.0,970007385.1000004
2025-08-01 09:40:59 AM,414.5,7,2901.5,970010286.6000004
2025-08-01 09:41:05 AM,414.5,903,374293.5,970384580.1000004
2025-08-01 09:41:06 AM,414.45,142,58851.9,970443432.0000004
2025-08-01 09:41:09 AM,414.35,0,0.0,970443432.0000004
2025-08-01 09:41:12 AM,414.5,205,84972.5,970528404.5000004
2025-08-01 09:41:12 AM,414.35,0,0.0,970528404.5000004
2025-08-01 09:41:13 AM,414.35,5,2071.75,970530476.2500004
2025-08-01 09:41:14 AM,414.45,0,0.0,970530476.2500004
2025-08-01 09:41:19 AM,414.45,77,31912.649999999998,970562388.9000003
2025-08-01 09:41:20 AM,414.45,25,10361.25,970572750.1500003
2025-08-01 09:41:24 AM,414.5,0,0.0,970572750.1500003
2025-08-01 09:41:25 AM,414.25,1392,576636.0,971149386.1500003
2025-08-01 09:41:26 AM,414.5,29,12020.5,971161406.6500003
2025-08-01 09:41:32 AM,414.5,271,112329.5,971273736.1500003
2025-08-01 09:41:38 AM,414.45,504,208882.8,971482618.9500003
2025-08-01 09:41:39 AM,414.5,1,414.5,971483033.4500003
2025-08-01 09:41:44 AM,414.7,0,0.0,971483033.4500003
2025-08-01 09:41:45 AM,414.5,4602,1907529.0,973390562.4500003
2025-08-01 09:41:46 AM,414.65,1,414.65,973390977.1000003
2025-08-01 09:41:48 AM,414.7,0,0.0,973390977.1000003
2025-08-01 09:41:52 AM,414.65,145,60124.25,973451101.3500003
2025-08-01 09:41:52 AM,414.5,15,6217.5,973457318.8500003
2025-08-01 09:41:56 AM,414.6,0,0.0,973457318.8500003
2025-08-01 09:41:58 AM,414.6,140,58044.0,973515362.8500003
2025-08-01 09:41:59 AM,414.6,32,13267.2,973528630.0500003
2025-08-01 09:42:04 AM,414.6,4345,1801437.0,975330067.0500003
2025-08-01 09:42:05 AM,414.7,9,3732.2999999999997,975333799.3500003
2025-08-01 09:42:10 AM,414.75,0,0.0,975333799.3500003
2025-08-01 09:42:11 AM,414.75,440,182490.0,975516289.3500003
2025-08-01 09:42:12 AM,414.75,35,14516.25,975530805.6000003
2025-08-01 09:42:17 AM,414.75,619,256730.25,975787535.8500003
2025-08-01 09:42:19 AM,414.7,48,19905.6,975807441.4500003
2025-08-01 09:42:23 AM,414.75,0,0.0,975807441.4500003
2025-08-01 09:42:24 AM,414.75,1505,624198.75,976431640.2000003
2025-08-01 09:42:25 AM,414.75,111,46037.25,976477677.4500003
2025-08-01 09:42:31 AM,414.7,0,0.0,976477677.4500003
2025-08-01 09:42:31 AM,414.7,632,262090.4,976739767.8500003
2025-08-01 09:42:32 AM,414.7,283,117360.09999999999,976857127.9500003
2025-08-01 09:42:37 AM,414.6,263,109039.8,976966167.7500002
2025-08-01 09:42:38 AM,414.6,59,24461.4,976990629.1500002
2025-08-01 09:42:39 AM,414.7,0,0.0,976990629.1500002
2025-08-01 09:42:43 AM,414.7,428,177491.6,977168120.7500002
2025-08-01 09:42:45 AM,414.7,25,10367.5,977178488.2500002
2025-08-01 09:42:47 AM,414.65,0,0.0,977178488.2500002
2025-08-01 09:42:50 AM,414.7,197,81695.9,977260184.1500002
2025-08-01 09:42:51 AM,414.55,0,0.0,977260184.1500002
2025-08-01 09:42:51 AM,414.55,69,28603.95,977288788.1000003
2025-08-01 09:42:55 AM,414.65,0,0.0,977288788.1000003
2025-08-01 09:42:55 AM,414.7,0,0.0,977288788.1000003
2025-08-01 09:42:56 AM,414.7,311,128971.7,977417759.8000003
2025-08-01 09:42:58 AM,414.7,28,11611.6,977429371.4000003
2025-08-01 09:43:03 AM,414.7,137,56813.9,977486185.3000003
2025-08-01 09:43:04 AM,414.7,5,2073.5,977488258.8000003
2025-08-01 09:43:07 AM,414.75,0,0.0,977488258.8000003
2025-08-01 09:43:07 AM,414.85,0,0.0,977488258.8000003
2025-08-01 09:43:10 AM,414.9,5894,2445420.6,979933679.4000003
2025-08-01 09:43:11 AM,414.85,0,0.0,979933679.4000003
2025-08-01 09:43:11 AM,414.85,22,9126.7,979942806.1000004
2025-08-01 09:43:15 AM,414.9,0,0.0,979942806.1000004
2025-08-01 09:43:16 AM,414.95,5257,2181392.15,982124198.2500004
2025-08-01 09:43:23 AM,414.95,2408,999199.6,983123397.8500004
2025-08-01 09:43:30 AM,414.95,268,111206.59999999999,983234604.4500004
2025-08-01 09:43:30 AM,414.95,3587,1488425.65,984723030.1000004
2025-08-01 09:43:35 AM,415.05,0,0.0,984723030.1000004
2025-08-01 09:43:35 AM,415.0,0,0.0,984723030.1000004
2025-08-01 09:43:36 AM,415.05,11500,4773075.0,989496105.1000004
2025-08-01 09:43:37 AM,415.0,1778,737870.0,990233975.1000004
2025-08-01 09:43:39 AM,415.05,0,0.0,990233975.1000004
2025-08-01 09:43:43 AM,415.0,2656,1102240.0,991336215.1000004
2025-08-01 09:43:43 AM,415.05,0,0.0,991336215.1000004
2025-08-01 09:43:44 AM,415.0,180,74700.0,991410915.1000004
2025-08-01 09:43:47 AM,415.05,0,0.0,991410915.1000004
2025-08-01 09:43:49 AM,415.0,1254,520410.0,991931325.1000004
2025-08-01 09:43:50 AM,415.0,500,207500.0,992138825.1000004
2025-08-01 09:43:51 AM,415.05,0,0.0,992138825.1000004
2025-08-01 09:43:56 AM,415.05,3784,1570549.2,993709374.3000004
2025-08-01 09:43:57 AM,415.1,8364,3471896.4000000004,997181270.7000004
2025-08-01 09:44:02 AM,415.1,908,376910.80000000005,997558181.5000004
2025-08-01 09:44:03 AM,415.1,61,25321.100000000002,997583502.6000004
2025-08-01 09:44:09 AM,415.1,3195,1326244.5,998909747.1000004
2025-08-01 09:44:10 AM,415.15,37,15360.55,998925107.6500003
2025-08-01 09:44:12 AM,415.05,0,0.0,998925107.6500003
2025-08-01 09:44:13 AM,415.15,0,0.0,998925107.6500003
2025-08-01 09:44:16 AM,415.1,342,141964.2,999067071.8500004
2025-08-01 09:44:17 AM,415.2,200,83040.0,999150111.8500004
2025-08-01 09:44:20 AM,415.15,0,0.0,999150111.8500004
2025-08-01 09:44:23 AM,415.15,2783,1155362.45,1000305474.3000004
2025-08-01 09:44:23 AM,415.1,0,0.0,1000305474.3000004
2025-08-01 09:44:24 AM,415.15,226,93823.9,1000399298.2000004
2025-08-01 09:44:25 AM,415.2,0,0.0,1000399298.2000004
2025-08-01 09:44:29 AM,415.15,0,0.0,1000399298.2000004
2025-08-01 09:44:29 AM,415.15,1824,757233.6,1001156531.8000004
2025-08-01 09:44:30 AM,415.15,260,107939.0,1001264470.8000004
2025-08-01 09:44:35 AM,415.15,442,183496.3,1001447967.1000004
2025-08-01 09:44:36 AM,415.2,11,4567.2,1001452534.3000004
2025-08-01 09:44:39 AM,415.15,0,0.0,1001452534.3000004
2025-08-01 09:44:41 AM,415.2,0,0.0,1001452534.3000004
2025-08-01 09:44:42 AM,415.15,3373,1400300.95,1002852835.2500005
2025-08-01 09:44:43 AM,415.15,71,29475.649999999998,1002882310.9000005
2025-08-01 09:44:44 AM,415.1,0,0.0,1002882310.9000005
2025-08-01 09:44:46 AM,415.15,0,0.0,1002882310.9000005
2025-08-01 09:44:47 AM,415.1,0,0.0,1002882310.9000005
2025-08-01 09:44:48 AM,415.05,696,288874.8,1003171185.7000004
2025-08-01 09:44:49 AM,415.1,0,0.0,1003171185.7000004
2025-08-01 09:44:49 AM,415.1,2,830.2,1003172015.9000005
2025-08-01 09:44:51 AM,415.15,0,0.0,1003172015.9000005
2025-08-01 09:44:53 AM,415.1,0,0.0,1003172015.9000005
2025-08-01 09:44:55 AM,415.15,712,295586.8,1003467602.7000004
2025-08-01 09:44:55 AM,415.05,0,0.0,1003467602.7000004
2025-08-01 09:44:56 AM,415.05,10357,4298672.850000001,1007766275.5500004
2025-08-01 09:44:59 AM,415.1,0,0.0,1007766275.5500004
2025-08-01 09:45:01 AM,415.05,0,0.0,1007766275.5500004
2025-08-01 09:45:01 AM,415.15,4035,1675130.25,1009441405.8000004
2025-08-01 09:45:01 AM,415.15,92,38193.799999999996,1009479599.6000004
2025-08-01 09:45:01 AM,415.05,0,0.0,1009479599.6000004
2025-08-01 09:45:02 AM,415.15,60,24909.0,1009504508.6000004
2025-08-01 09:45:02 AM,415.1,0,0.0,1009504508.6000004
2025-08-01 09:45:03 AM,415.15,872,362010.8,1009866519.4000003
2025-08-01 09:45:04 AM,415.15,23,9548.449999999999,1009876067.8500004
2025-08-01 09:45:05 AM,415.1,184,76378.40000000001,1009952446.2500004
2025-08-01 09:45:06 AM,415.1,550,228305.0,1010180751.2500004
2025-08-01 09:45:07 AM,415.0,6933,2877195.0,1013057946.2500004
2025-08-01 09:45:08 AM,415.1,365,151511.5,1013209457.7500004
2025-08-01 09:45:08 AM,415.0,0,0.0,1013209457.7500004
2025-08-01 09:45:08 AM,415.0,816,338640.0,1013548097.7500004
2025-08-01 09:45:09 AM,415.1,0,0.0,1013548097.7500004
2025-08-01 09:45:10 AM,415.1,3,1245.3000000000002,1013549343.0500003
2025-08-01 09:45:10 AM,415.05,0,0.0,1013549343.0500003
2025-08-01 09:45:11 AM,415.05,511,212090.55000000002,1013761433.6000003
2025-08-01 09:45:12 AM,415.05,516,214165.80000000002,1013975599.4000002
2025-08-01 09:45:13 AM,415.05,43,17847.15,1013993446.5500002
2025-08-01 09:45:13 AM,415.1,0,0.0,1013993446.5500002
2025-08-01 09:45:14 AM,415.1,2,830.2,1013994276.7500002
2025-08-01 09:45:15 AM,415.1,15,6226.5,1014000503.2500002
2025-08-01 09:45:15 AM,415.1,5,2075.5,1014002578.7500002
2025-08-01 09:45:16 AM,415.05,0,0.0,1014002578.7500002
2025-08-01 09:45:17 AM,415.05,307,127420.35,1014129999.1000003
2025-08-01 09:45:18 AM,415.05,101,41920.05,1014171919.1500002
2025-08-01 09:45:19 AM,415.0,5,2075.0,1014173994.1500002
2025-08-01 09:45:19 AM,415.05,0,0.0,1014173994.1500002
2025-08-01 09:45:20 AM,415.05,294,122024.7,1014296018.8500003
2025-08-01 09:45:20 AM,415.1,0,0.0,1014296018.8500003
2025-08-01 09:45:21 AM,415.1,203,84265.3,1014380284.1500002
2025-08-01 09:45:21 AM,415.1,9,3735.9,1014384020.0500002
2025-08-01 09:45:22 AM,415.0,4144,1719760.0,1016103780.0500002
2025-08-01 09:45:22 AM,415.05,0,0.0,1016103780.0500002
2025-08-01 09:45:23 AM,415.05,2,830.1,1016104610.1500002
2025-08-01 09:45:24 AM,415.05,540,224127.0,1016328737.1500002
2025-08-01 09:45:24 AM,415.0,0,0.0,1016328737.1500002
2025-08-01 09:45:25 AM,415.05,0,0.0,1016328737.1500002
2025-08-01 09:45:25 AM,415.05,5724,2375746.2,1018704483.3500003
2025-08-01 09:45:26 AM,415.05,1190,493909.5,1019198392.8500003
2025-08-01 09:45:27 AM,415.05,111,46070.55,1019244463.4000002
2025-08-01 09:45:27 AM,415.05,25,10376.25,1019254839.6500002
2025-08-01 09:45:28 AM,415.0,50,20750.0,1019275589.6500002
2025-08-01 09:45:29 AM,415.05,0,0.0,1019275589.6500002
2025-08-01 09:45:29 AM,415.05,68,28223.4,1019303813.0500002
2025-08-01 09:45:30 AM,415.05,267,110818.35,1019414631.4000002
2025-08-01 09:45:32 AM,415.0,72,29880.0,1019444511.4000002
2025-08-01 09:45:32 AM,415.0,177,73455.0,1019517966.4000002
2025-08-01 09:45:34 AM,415.05,222,92141.1,1019610107.5000002
2025-08-01 09:45:34 AM,415.05,1,415.05,1019610522.5500002
2025-08-01 09:45:35 AM,415.0,1012,419980.0,1020030502.5500002
2025-08-01 09:45:36 AM,415.0,2096,869840.0,1020900342.5500002
2025-08-01 09:45:36 AM,415.05,0,0.0,1020900342.5500002
2025-08-01 09:45:37 AM,415.05,576,239068.80000000002,1021139411.3500001
2025-08-01 09:45:38 AM,415.05,979,406333.95,1021545745.3000002
2025-08-01 09:45:39 AM,415.05,8,3320.4,1021549065.7000002
2025-08-01 09:45:40 AM,415.1,106,44000.600000000006,1021593066.3000002
2025-08-01 09:45:40 AM,415.05,0,0.0,1021593066.3000002
2025-08-01 09:45:41 AM,415.15,2729,1132944.3499999999,1022726010.6500002
2025-08-01 09:45:42 AM,415.1,118,48981.8,1022774992.4500002
2025-08-01 09:45:42 AM,415.25,0,0.0,1022774992.4500002
2025-08-01 09:45:43 AM,415.15,9749,4047297.3499999996,1026822289.8000002
2025-08-01 09:45:44 AM,415.2,0,0.0,1026822289.8000002
2025-08-01 09:45:44 AM,415.4,5400,2243160.0,1029065449.8000002
2025-08-01 09:45:44 AM,415.45,0,0.0,1029065449.8000002
2025-08-01 09:45:45 AM,415.45,8317,3455297.65,1032520747.4500002
2025-08-01 09:45:46 AM,415.4,906,376352.39999999997,1032897099.8500001
2025-08-01 09:45:47 AM,415.45,0,0.0,1032897099.8500001
2025-08-01 09:45:47 AM,415.45,201,83505.45,1032980605.3000002
2025-08-01 09:45:49 AM,415.45,140,58163.0,1033038768.3000002
2025-08-01 09:45:50 AM,415.45,2142,889893.9,1033928662.2000002
2025-08-01 09:45:51 AM,415.35,42,17444.7,1033946106.9000002
2025-08-01 09:45:52 AM,415.45,0,0.0,1033946106.9000002
2025-08-01 09:45:52 AM,415.45,663,275443.35,1034221550.2500002
2025-08-01 09:45:52 AM,415.3,0,0.0,1034221550.2500002
2025-08-01 09:45:53 AM,415.3,277,115038.1,1034336588.3500003
2025-08-01 09:45:53 AM,415.4,0,0.0,1034336588.3500003
2025-08-01 09:45:54 AM,415.4,164,68125.59999999999,1034404713.9500003
2025-08-01 09:45:55 AM,415.45,0,0.0,1034404713.9500003
2025-08-01 09:45:55 AM,415.45,701,291230.45,1034695944.4000003
2025-08-01 09:45:56 AM,415.45,704,292476.8,1034988421.2000003
2025-08-01 09:45:57 AM,415.6,13608,5655484.800000001,1040643906.0000002
2025-08-01 09:45:58 AM,415.45,0,0.0,1040643906.0000002
2025-08-01 09:45:58 AM,415.5,108,44874.0,1040688780.0000002
2025-08-01 09:45:58 AM,415.45,0,0.0,1040688780.0000002
2025-08-01 09:45:59 AM,415.45,3618,1503098.0999999999,1042191878.1000003
2025-08-01 09:46:00 AM,415.6,3,1246.8000000000002,1042193124.9000002
2025-08-01 09:46:00 AM,415.5,3,1246.5,1042194371.4000002
2025-08-01 09:46:00 AM,415.6,0,0.0,1042194371.4000002
2025-08-01 09:46:01 AM,415.5,94,39057.0,1042233428.4000002
2025-08-01 09:46:01 AM,415.6,0,0.0,1042233428.4000002
2025-08-01 09:46:01 AM,415.6,7,2909.2000000000003,1042236337.6000003
2025-08-01 09:46:02 AM,415.55,588,244343.4,1042480681.0000002
2025-08-01 09:46:02 AM,415.75,0,0.0,1042480681.0000002
2025-08-01 09:46:02 AM,415.75,5802,2412181.5,1044892862.5000002
2025-08-01 09:46:03 AM,415.7,0,0.0,1044892862.5000002
2025-08-01 09:46:03 AM,415.75,246,102274.5,1044995137.0000002
2025-08-01 09:46:03 AM,415.6,0,0.0,1044995137.0000002
2025-08-01 09:46:03 AM,415.6,3279,1362752.4000000001,1046357889.4000002
2025-08-01 09:46:04 AM,415.7,0,0.0,1046357889.4000002
2025-08-01 09:46:04 AM,415.45,921,382629.45,1046740518.8500003
2025-08-01 09:46:04 AM,415.4,0,0.0,1046740518.8500003
2025-08-01 09:46:04 AM,415.5,86,35733.0,1046776251.8500003
2025-08-01 09:46:05 AM,415.6,263,109302.8,1046885554.6500002
2025-08-01 09:46:05 AM,415.4,114,47355.6,1046932910.2500002
2025-08-01 09:46:06 AM,415.6,2,831.2,1046933741.4500003
2025-08-01 09:46:07 AM,415.55,0,0.0,1046933741.4500003
2025-08-01 09:46:08 AM,415.55,50,20777.5,1046954518.9500003
2025-08-01 09:46:08 AM,415.65,0,0.0,1046954518.9500003
2025-08-01 09:46:09 AM,415.6,0,0.0,1046954518.9500003
2025-08-01 09:46:09 AM,415.6,1633,678674.8,1047633193.7500002
2025-08-01 09:46:10 AM,415.65,46,19119.899999999998,1047652313.6500002
2025-08-01 09:46:10 AM,415.7,0,0.0,1047652313.6500002
2025-08-01 09:46:11 AM,415.7,45,18706.5,1047671020.1500002
2025-08-01 09:46:11 AM,415.7,100,41570.0,1047712590.1500002
2025-08-01 09:46:11 AM,415.55,0,0.0,1047712590.1500002
2025-08-01 09:46:12 AM,415.65,1333,554061.45,1048266651.6000003
2025-08-01 09:46:12 AM,415.75,0,0.0,1048266651.6000003
2025-08-01 09:46:13 AM,415.5,0,0.0,1048266651.6000003
2025-08-01 09:46:13 AM,415.65,1865,775187.25,1049041838.8500003
2025-08-01 09:46:13 AM,415.7,0,0.0,1049041838.8500003
2025-08-01 09:46:14 AM,415.7,850,353345.0,1049395183.8500003
2025-08-01 09:46:14 AM,415.75,0,0.0,1049395183.8500003
2025-08-01 09:46:15 AM,415.65,156,64841.399999999994,1049460025.2500002
2025-08-01 09:46:16 AM,415.6,0,0.0,1049460025.2500002
2025-08-01 09:46:16 AM,415.7,75,31177.5,1049491202.7500002
2025-08-01 09:46:16 AM,415.55,2,831.1,1049492033.8500003
2025-08-01 09:46:17 AM,415.75,0,0.0,1049492033.8500003
2025-08-01 09:46:17 AM,415.7,210,87297.0,1049579330.8500003
2025-08-01 09:46:17 AM,415.65,0,0.0,1049579330.8500003
2025-08-01 09:46:18 AM,415.65,3028,1258588.2,1050837919.0500003
2025-08-01 09:46:18 AM,415.65,2,831.3,1050838750.3500003
2025-08-01 09:46:19 AM,415.45,125,51931.25,1050890681.6000003
2025-08-01 09:46:19 AM,415.65,103,42811.95,1050933493.5500003
2025-08-01 09:46:20 AM,415.65,1002,416481.3,1051349974.8500003
2025-08-01 09:46:21 AM,415.65,125,51956.25,1051401931.1000003
2025-08-01 09:46:22 AM,415.65,2416,1004210.3999999999,1052406141.5000002
2025-08-01 09:46:22 AM,415.65,17,7066.049999999999,1052413207.5500002
2025-08-01 09:46:23 AM,415.55,468,194477.4,1052607684.9500002
2025-08-01 09:46:23 AM,415.6,0,0.0,1052607684.9500002
2025-08-01 09:46:24 AM,415.6,4624,1921734.4000000001,1054529419.3500001
2025-08-01 09:46:25 AM,415.45,0,0.0,1054529419.3500001
2025-08-01 09:46:25 AM,415.45,106,44037.7,1054573457.0500002
2025-08-01 09:46:25 AM,415.5,0,0.0,1054573457.0500002
2025-08-01 09:46:26 AM,415.6,0,0.0,1054573457.0500002
2025-08-01 09:46:26 AM,415.45,543,225589.35,1054799046.4000002
2025-08-01 09:46:27 AM,415.6,100,41560.0,1054840606.4000002
2025-08-01 09:46:28 AM,415.6,18,7480.8,1054848087.2000002
2025-08-01 09:46:29 AM,415.5,277,115093.5,1054963180.7000002
2025-08-01 09:46:30 AM,415.5,27,11218.5,1054974399.2000002
2025-08-01 09:46:31 AM,415.45,142,58993.9,1055033393.1000001
2025-08-01 09:46:31 AM,415.45,20,8309.0,1055041702.1000001
2025-08-01 09:46:33 AM,415.45,740,307433.0,1055349135.1000001
2025-08-01 09:46:33 AM,415.5,0,0.0,1055349135.1000001
2025-08-01 09:46:34 AM,415.5,14,5817.0,1055354952.1000001
2025-08-01 09:46:34 AM,415.45,0,0.0,1055354952.1000001
2025-08-01 09:46:35 AM,415.45,127,52762.15,1055407714.2500001
2025-08-01 09:46:35 AM,415.6,0,0.0,1055407714.2500001
2025-08-01 09:46:36 AM,415.6,534,221930.40000000002,1055629644.6500001
2025-08-01 09:46:36 AM,415.6,152,63171.200000000004,1055692815.8500001
2025-08-01 09:46:37 AM,415.45,282,117156.9,1055809972.7500001
2025-08-01 09:46:38 AM,415.6,0,0.0,1055809972.7500001
2025-08-01 09:46:39 AM,415.6,569,236476.40000000002,1056046449.1500001
2025-08-01 09:46:40 AM,415.6,24,9974.400000000001,1056056423.5500001
2025-08-01 09:46:41 AM,415.5,120,49860.0,1056106283.5500001
2025-08-01 09:46:42 AM,415.6,0,0.0,1056106283.5500001
2025-08-01 09:46:42 AM,415.6,152,63171.200000000004,1056169454.7500001
2025-08-01 09:46:42 AM,415.8,0,0.0,1056169454.7500001
2025-08-01 09:46:43 AM,415.75,5928,2464566.0,1058634020.7500001
2025-08-01 09:46:43 AM,415.6,4891,2032699.6,1060666720.3500001
2025-08-01 09:46:44 AM,415.75,0,0.0,1060666720.3500001
2025-08-01 09:46:44 AM,415.7,0,0.0,1060666720.3500001
2025-08-01 09:46:45 AM,415.7,1022,424845.39999999997,1061091565.7500001
2025-08-01 09:46:45 AM,415.5,0,0.0,1061091565.7500001
2025-08-01 09:46:46 AM,415.5,101,41965.5,1061133531.2500001
2025-08-01 09:46:47 AM,415.5,243,100966.5,1061234497.7500001
2025-08-01 09:46:47 AM,415.6,0,0.0,1061234497.7500001
2025-08-01 09:46:48 AM,415.6,2758,1146224.8,1062380722.5500001
2025-08-01 09:46:49 AM,415.6,1,415.6,1062381138.1500001
2025-08-01 09:46:49 AM,415.75,0,0.0,1062381138.1500001
2025-08-01 09:46:50 AM,415.75,822,341746.5,1062722884.6500001
2025-08-01 09:46:50 AM,415.6,0,0.0,1062722884.6500001
2025-08-01 09:46:51 AM,415.7,0,0.0,1062722884.6500001
2025-08-01 09:46:51 AM,415.7,90,37413.0,1062760297.6500001
2025-08-01 09:46:51 AM,415.75,0,0.0,1062760297.6500001
2025-08-01 09:46:52 AM,415.55,227,94329.85,1062854627.5000001
2025-08-01 09:46:52 AM,415.75,17,7067.75,1062861695.2500001
2025-08-01 09:46:52 AM,415.55,0,0.0,1062861695.2500001
2025-08-01 09:46:53 AM,415.55,270,112198.5,1062973893.7500001
2025-08-01 09:46:53 AM,415.6,0,0.0,1062973893.7500001
2025-08-01 09:46:54 AM,415.75,667,277305.25,1063251199.0000001
2025-08-01 09:46:55 AM,415.55,506,210268.30000000002,1063461467.3000001
2025-08-01 09:46:55 AM,415.75,1,415.75,1063461883.0500001
2025-08-01 09:46:56 AM,415.75,50,20787.5,1063482670.5500001
2025-08-01 09:46:56 AM,415.6,0,0.0,1063482670.5500001
2025-08-01 09:46:57 AM,415.6,179,74392.40000000001,1063557062.95
2025-08-01 09:46:58 AM,415.75,6122,2545221.5,1066102284.45
2025-08-01 09:46:59 AM,415.75,473,196649.75,1066298934.2
2025-08-01 09:46:59 AM,415.75,1,415.75,1066299349.95
2025-08-01 09:46:59 AM,415.65,0,0.0,1066299349.95
2025-08-01 09:47:00 AM,415.7,6282,2611427.4,1068910777.35
2025-08-01 09:47:01 AM,415.55,1,415.55,1068911192.9
2025-08-01 09:47:02 AM,415.75,205,85228.75,1068996421.65
2025-08-01 09:47:02 AM,415.55,0,0.0,1068996421.65
2025-08-01 09:47:03 AM,415.55,830,344906.5,1069341328.15
2025-08-01 09:47:03 AM,415.75,301,125140.75,1069466468.9
2025-08-01 09:47:04 AM,415.55,71,29504.05,1069495972.9499999
2025-08-01 09:47:04 AM,415.6,0,0.0,1069495972.9499999
2025-08-01 09:47:05 AM,415.6,123,51118.8,1069547091.7499999
2025-08-01 09:47:05 AM,415.75,51,21203.25,1069568294.9999999
2025-08-01 09:47:06 AM,415.65,0,0.0,1069568294.9999999
2025-08-01 09:47:06 AM,415.75,7,2910.25,1069571205.2499999
2025-08-01 09:47:06 AM,415.7,0,0.0,1069571205.2499999
2025-08-01 09:47:07 AM,415.7,1666,692556.2,1070263761.4499999
2025-08-01 09:47:07 AM,415.6,2,831.2,1070264592.65
2025-08-01 09:47:08 AM,415.6,182,75639.2,1070340231.85
2025-08-01 09:47:09 AM,415.6,15,6234.0,1070346465.85
2025-08-01 09:47:09 AM,415.65,0,0.0,1070346465.85
2025-08-01 09:47:09 AM,415.7,954,396577.8,1070743043.65
2025-08-01 09:47:10 AM,415.5,0,0.0,1070743043.65
2025-08-01 09:47:10 AM,415.5,148,61494.0,1070804537.65
2025-08-01 09:47:11 AM,415.65,0,0.0,1070804537.65
2025-08-01 09:47:11 AM,415.6,2,831.2,1070805368.85
2025-08-01 09:47:11 AM,415.65,0,0.0,1070805368.85
2025-08-01 09:47:12 AM,415.65,1,415.65,1070805784.5
2025-08-01 09:47:12 AM,415.65,15,6234.75,1070812019.25
2025-08-01 09:47:12 AM,415.7,0,0.0,1070812019.25
2025-08-01 09:47:13 AM,415.7,55,22863.5,1070834882.75
2025-08-01 09:47:14 AM,415.55,58,24101.9,1070858984.65
2025-08-01 09:47:14 AM,415.7,3,1247.1,1070860231.75
2025-08-01 09:47:14 AM,415.75,0,0.0,1070860231.75
2025-08-01 09:47:15 AM,415.75,2502,1040206.5,1071900438.25
2025-08-01 09:47:15 AM,415.7,24,9976.8,1071910415.05
2025-08-01 09:47:15 AM,415.6,0,0.0,1071910415.05
2025-08-01 09:47:16 AM,415.6,1601,665375.6000000001,1072575790.65
2025-08-01 09:47:17 AM,415.6,1,415.6,1072576206.25
2025-08-01 09:47:17 AM,415.55,74,30750.7,1072606956.95
2025-08-01 09:47:18 AM,415.55,206,85603.3,1072692560.25
2025-08-01 09:47:18 AM,415.55,1007,418458.85000000003,1073111019.1
2025-08-01 09:47:19 AM,415.55,9,3739.9500000000003,1073114759.0500001
2025-08-01 09:47:19 AM,415.55,25,10388.75,1073125147.8000001
2025-08-01 09:47:20 AM,415.55,103,42801.65,1073167949.45
2025-08-01 09:47:21 AM,415.5,0,0.0,1073167949.45
2025-08-01 09:47:21 AM,415.55,707,293793.85000000003,1073461743.3000001
2025-08-01 09:47:22 AM,415.55,169,70227.95,1073531971.2500001
2025-08-01 09:47:22 AM,415.55,1,415.55,1073532386.8000001
2025-08-01 09:47:23 AM,415.55,81,33659.55,1073566046.35
2025-08-01 09:47:24 AM,415.55,15,6233.25,1073572279.6
2025-08-01 09:47:25 AM,415.55,97,40308.35,1073612587.95
2025-08-01 09:47:25 AM,415.5,0,0.0,1073612587.95
2025-08-01 09:47:26 AM,415.55,0,0.0,1073612587.95
2025-08-01 09:47:26 AM,415.5,34,14127.0,1073626714.95
2025-08-01 09:47:26 AM,415.5,525,218137.5,1073844852.45
2025-08-01 09:47:26 AM,415.55,0,0.0,1073844852.45
2025-08-01 09:47:27 AM,415.55,7,2908.85,1073847761.3
2025-08-01 09:47:27 AM,415.5,148,61494.0,1073909255.3
2025-08-01 09:47:28 AM,415.55,2,831.1,1073910086.3999999
2025-08-01 09:47:28 AM,415.55,63,26179.65,1073936266.05
2025-08-01 09:47:29 AM,415.5,35,14542.5,1073950808.55
2025-08-01 09:47:29 AM,415.55,0,0.0,1073950808.55
2025-08-01 09:47:30 AM,415.55,11,4571.05,1073955379.6
2025-08-01 09:47:30 AM,415.5,1,415.5,1073955795.1
2025-08-01 09:47:31 AM,415.55,106,44048.3,1073999843.3999999
2025-08-01 09:47:32 AM,415.55,61,25348.55,1074025191.9499998
2025-08-01 09:47:32 AM,415.55,215,89343.25,1074114535.1999998
2025-08-01 09:47:33 AM,415.55,62,25764.100000000002,1074140299.2999997
2025-08-01 09:47:33 AM,415.6,0,0.0,1074140299.2999997
2025-08-01 09:47:33 AM,415.6,180,74808.0,1074215107.2999997
2025-08-01 09:47:34 AM,415.55,1,415.55,1074215522.8499997
2025-08-01 09:47:34 AM,415.6,0,0.0,1074215522.8499997
2025-08-01 09:47:35 AM,415.6,18,7480.8,1074223003.6499996
2025-08-01 09:47:36 AM,415.6,551,228995.6,1074451999.2499995
2025-08-01 09:47:36 AM,415.7,2612,1085808.4,1075537807.6499996
2025-08-01 09:47:36 AM,415.65,0,0.0,1075537807.6499996
2025-08-01 09:47:37 AM,415.6,1730,718988.0,1076256795.6499996
2025-08-01 09:47:38 AM,415.75,0,0.0,1076256795.6499996
2025-08-01 09:47:38 AM,415.75,3959,1645954.25,1077902749.8999996
2025-08-01 09:47:39 AM,415.65,0,0.0,1077902749.8999996
2025-08-01 09:47:39 AM,415.7,511,212422.69999999998,1078115172.5999997
2025-08-01 09:47:39 AM,415.6,1347,559813.2000000001,1078674985.7999997
2025-08-01 09:47:40 AM,415.55,0,0.0,1078674985.7999997
2025-08-01 09:47:40 AM,415.65,2414,1003379.1,1079678364.8999996
2025-08-01 09:47:40 AM,415.55,45,18699.75,1079697064.6499996
2025-08-01 09:47:41 AM,415.65,0,0.0,1079697064.6499996
2025-08-01 09:47:41 AM,415.6,2,831.2,1079697895.8499997
2025-08-01 09:47:41 AM,415.65,379,157531.35,1079855427.1999996
2025-08-01 09:47:42 AM,415.65,220,91443.0,1079946870.1999996
2025-08-01 09:47:42 AM,415.6,132,54859.200000000004,1080001729.3999996
2025-08-01 09:47:43 AM,415.6,27,11221.2,1080012950.5999997
2025-08-01 09:47:44 AM,415.55,30,12466.5,1080025417.0999997
2025-08-01 09:47:44 AM,415.6,12,4987.200000000001,1080030404.2999997
2025-08-01 09:47:45 AM,415.6,63,26182.800000000003,1080056587.0999997
2025-08-01 09:47:45 AM,415.65,15,6234.75,1080062821.8499997
2025-08-01 09:47:46 AM,415.65,21,8728.65,1080071550.4999998
2025-08-01 09:47:46 AM,415.6,787,327077.2,1080398627.6999998
2025-08-01 09:47:47 AM,415.6,28,11636.800000000001,1080410264.4999998
2025-08-01 09:47:47 AM,415.65,43,17872.95,1080428137.4499998
2025-08-01 09:47:48 AM,415.65,22,9144.3,1080437281.7499998
2025-08-01 09:47:48 AM,415.6,0,0.0,1080437281.7499998
2025-08-01 09:47:48 AM,415.6,7046,2928317.6,1083365599.3499997
2025-08-01 09:47:49 AM,415.8,7064,2937211.2,1086302810.5499997
2025-08-01 09:47:49 AM,415.65,0,0.0,1086302810.5499997
2025-08-01 09:47:50 AM,415.6,13135,5458906.0,1091761716.5499997
2025-08-01 09:47:50 AM,415.65,17,7066.049999999999,1091768782.5999997
2025-08-01 09:47:50 AM,415.6,0,0.0,1091768782.5999997
2025-08-01 09:47:51 AM,415.6,5038,2093792.8,1093862575.3999996
2025-08-01 09:47:51 AM,415.75,2697,1121277.75,1094983853.1499996
2025-08-01 09:47:52 AM,415.55,0,0.0,1094983853.1499996
2025-08-01 09:47:52 AM,415.75,1588,660211.0,1095644064.1499996
2025-08-01 09:47:52 AM,415.7,1655,687983.5,1096332047.6499996
2025-08-01 09:47:53 AM,415.75,2219,922549.25,1097254596.8999996
2025-08-01 09:47:54 AM,415.75,14,5820.5,1097260417.3999996
2025-08-01 09:47:54 AM,415.6,558,231904.80000000002,1097492322.1999996
2025-08-01 09:47:55 AM,415.65,0,0.0,1097492322.1999996
2025-08-01 09:47:55 AM,415.65,201,83545.65,1097575867.8499997
2025-08-01 09:47:55 AM,415.65,75,31173.75,1097607041.5999997
2025-08-01 09:47:56 AM,415.6,20,8312.0,1097615353.5999997
2025-08-01 09:47:56 AM,415.65,0,0.0,1097615353.5999997
2025-08-01 09:47:57 AM,415.65,381,158362.65,1097773716.2499998
2025-08-01 09:47:57 AM,415.6,0,0.0,1097773716.2499998
2025-08-01 09:47:58 AM,415.65,2,831.3,1097774547.5499997
2025-08-01 09:47:58 AM,415.55,909,377734.95,1098152282.4999998
2025-08-01 09:47:59 AM,415.6,0,0.0,1098152282.4999998
2025-08-01 09:47:59 AM,415.6,227,94341.20000000001,1098246623.6999998
2025-08-01 09:47:59 AM,415.75,122,50721.5,1098297345.1999998
2025-08-01 09:47:59 AM,415.65,0,0.0,1098297345.1999998
2025-08-01 09:48:00 AM,415.7,211,87712.7,1098385057.8999999
2025-08-01 09:48:00 AM,415.7,429,178335.3,1098563393.1999998
2025-08-01 09:48:01 AM,415.65,0,0.0,1098563393.1999998
2025-08-01 09:48:01 AM,415.6,558,231904.80000000002,1098795297.9999998
2025-08-01 09:48:02 AM,415.75,0,0.0,1098795297.9999998
2025-08-01 09:48:02 AM,415.75,515,214111.25,1099009409.2499998
2025-08-01 09:48:03 AM,415.6,0,0.0,1099009409.2499998
2025-08-01 09:48:03 AM,415.6,80,33248.0,1099042657.2499998
2025-08-01 09:48:04 AM,415.6,204,84782.40000000001,1099127439.6499999
2025-08-01 09:48:04 AM,415.75,1,415.75,1099127855.3999999
2025-08-01 09:48:05 AM,415.75,2008,834826.0,1099962681.3999999
2025-08-01 09:48:05 AM,415.6,0,0.0,1099962681.3999999
2025-08-01 09:48:06 AM,415.6,1058,439704.80000000005,1100402386.1999998
2025-08-01 09:48:06 AM,415.75,0,0.0,1100402386.1999998
2025-08-01 09:48:07 AM,415.75,10,4157.5,1100406543.6999998
2025-08-01 09:48:08 AM,415.75,3737,1553657.75,1101960201.4499998
2025-08-01 09:48:08 AM,415.7,0,0.0,1101960201.4499998
2025-08-01 09:48:09 AM,415.65,10188,4234642.2,1106194843.6499999
2025-08-01 09:48:09 AM,415.6,0,0.0,1106194843.6499999
2025-08-01 09:48:10 AM,415.65,593,246480.44999999998,1106441324.1
2025-08-01 09:48:10 AM,415.7,0,0.0,1106441324.1
2025-08-01 09:48:11 AM,415.65,291,120954.15,1106562278.25
2025-08-01 09:48:12 AM,415.75,0,0.0,1106562278.25
2025-08-01 09:48:12 AM,415.75,300,124725.0,1106687003.25
2025-08-01 09:48:13 AM,415.6,931,386923.60000000003,1107073926.85
2025-08-01 09:48:14 AM,415.75,0,0.0,1107073926.85
2025-08-01 09:48:14 AM,415.75,326,135534.5,1107209461.35
2025-08-01 09:48:14 AM,415.65,0,0.0,1107209461.35
2025-08-01 09:48:15 AM,415.65,50,20782.5,1107230243.85
2025-08-01 09:48:15 AM,415.6,0,0.0,1107230243.85
2025-08-01 09:48:15 AM,415.6,612,254347.2,1107484591.05
2025-08-01 09:48:16 AM,415.6,1270,527812.0,1108012403.05
2025-08-01 09:48:17 AM,415.6,472,196163.2,1108208566.25
2025-08-01 09:48:17 AM,415.55,0,0.0,1108208566.25
2025-08-01 09:48:17 AM,415.55,7235,3006504.25,1111215070.5
2025-08-01 09:48:18 AM,415.55,2209,917949.9500000001,1112133020.45
2025-08-01 09:48:18 AM,415.75,0,0.0,1112133020.45
2025-08-01 09:48:19 AM,415.75,208,86476.0,1112219496.45
2025-08-01 09:48:19 AM,415.55,19115,7943238.25,1120162734.7
2025-08-01 09:48:19 AM,415.75,0,0.0,1120162734.7
2025-08-01 09:48:20 AM,415.55,0,0.0,1120162734.7
2025-08-01 09:48:20 AM,415.55,5093,2116396.15,1122279130.8500001
2025-08-01 09:48:20 AM,415.75,0,0.0,1122279130.8500001
2025-08-01 09:48:21 AM,415.65,0,0.0,1122279130.8500001
2025-08-01 09:48:21 AM,415.6,3686,1531901.6,1123811032.45
2025-08-01 09:48:21 AM,415.55,1006,418043.3,1124229075.75
2025-08-01 09:48:22 AM,415.65,0,0.0,1124229075.75
2025-08-01 09:48:23 AM,415.6,2158,896864.8,1125125940.55
2025-08-01 09:48:24 AM,415.75,2428,1009441.0,1126135381.55
2025-08-01 09:48:25 AM,415.65,0,0.0,1126135381.55
2025-08-01 09:48:25 AM,415.55,6094,2532361.7,1128667743.25
2025-08-01 09:48:25 AM,415.6,0,0.0,1128667743.25
2025-08-01 09:48:26 AM,415.6,1589,660388.4,1129328131.65
2025-08-01 09:48:26 AM,415.55,0,0.0,1129328131.65
2025-08-01 09:48:27 AM,415.55,1,415.55,1129328547.2
2025-08-01 09:48:27 AM,415.75,12,4989.0,1129333536.2
2025-08-01 09:48:27 AM,415.6,0,0.0,1129333536.2
2025-08-01 09:48:28 AM,415.6,2436,1012401.6000000001,1130345937.8
2025-08-01 09:48:28 AM,415.75,1950,810712.5,1131156650.3
2025-08-01 09:48:29 AM,415.75,522,217021.5,1131373671.8
2025-08-01 09:48:29 AM,415.7,1,415.7,1131374087.5
2025-08-01 09:48:29 AM,415.6,0,0.0,1131374087.5
2025-08-01 09:48:30 AM,415.6,3119,1296256.4000000001,1132670343.9
2025-08-01 09:48:30 AM,415.55,2,831.1,1132671175.0
2025-08-01 09:48:30 AM,415.75,0,0.0,1132671175.0
2025-08-01 09:48:31 AM,415.75,14,5820.5,1132676995.5
2025-08-01 09:48:31 AM,415.7,1,415.7,1132677411.2
2025-08-01 09:48:31 AM,415.55,0,0.0,1132677411.2
2025-08-01 09:48:32 AM,415.6,2888,1200252.8,1133877664.0
2025-08-01 09:48:32 AM,415.7,951,395330.7,1134272994.7
2025-08-01 09:48:33 AM,415.6,1151,478355.60000000003,1134751350.3
2025-08-01 09:48:33 AM,415.55,0,0.0,1134751350.3
2025-08-01 09:48:34 AM,415.6,1256,521993.60000000003,1135273343.8999999
2025-08-01 09:48:34 AM,415.75,0,0.0,1135273343.8999999
2025-08-01 09:48:35 AM,415.65,6,2493.8999999999996,1135275837.8
2025-08-01 09:48:35 AM,415.6,2106,875253.6000000001,1136151091.3999999
2025-08-01 09:48:36 AM,415.6,613,254762.80000000002,1136405854.1999998
2025-08-01 09:48:36 AM,415.6,152,63171.200000000004,1136469025.3999999
2025-08-01 09:48:37 AM,415.6,12,4987.200000000001,1136474012.6
2025-08-01 09:48:37 AM,415.65,0,0.0,1136474012.6
2025-08-01 09:48:38 AM,415.65,1,415.65,1136474428.25
2025-08-01 09:48:38 AM,415.65,96,39902.399999999994,1136514330.65
2025-08-01 09:48:39 AM,415.65,22,9144.3,1136523474.95
2025-08-01 09:48:39 AM,415.6,247,102653.20000000001,1136626128.15
2025-08-01 09:48:40 AM,415.6,133,55274.8,1136681402.95
2025-08-01 09:48:41 AM,415.6,120,49872.0,1136731274.95
2025-08-01 09:48:41 AM,415.55,24,9973.2,1136741248.15
2025-08-01 09:48:42 AM,415.55,1661,690228.55,1137431476.7
2025-08-01 09:48:42 AM,415.6,89,36988.4,1137468465.1000001
2025-08-01 09:48:42 AM,415.75,0,0.0,1137468465.1000001
2025-08-01 09:48:43 AM,415.7,87,36165.9,1137504631.0000002
2025-08-01 09:48:43 AM,415.75,0,0.0,1137504631.0000002
2025-08-01 09:48:44 AM,415.75,640,266080.0,1137770711.0000002
2025-08-01 09:48:44 AM,415.7,5,2078.5,1137772789.5000002
2025-08-01 09:48:44 AM,415.6,0,0.0,1137772789.5000002
2025-08-01 09:48:45 AM,415.6,1153,479186.80000000005,1138251976.3000002
2025-08-01 09:48:45 AM,415.6,1,415.6,1138252391.9
2025-08-01 09:48:45 AM,415.7,0,0.0,1138252391.9
2025-08-01 09:48:46 AM,415.7,215,89375.5,1138341767.4
2025-08-01 09:48:46 AM,415.6,0,0.0,1138341767.4
2025-08-01 09:48:47 AM,415.7,0,0.0,1138341767.4
2025-08-01 09:48:47 AM,415.7,2114,878789.7999999999,1139220557.2
2025-08-01 09:48:47 AM,415.6,0,0.0,1139220557.2
2025-08-01 09:48:48 AM,415.7,598,248588.6,1139469145.8
2025-08-01 09:48:48 AM,415.65,0,0.0,1139469145.8
2025-08-01 09:48:49 AM,415.7,1161,482627.7,1139951773.5
2025-08-01 09:48:49 AM,415.65,0,0.0,1139951773.5
2025-08-01 09:48:50 AM,415.55,0,0.0,1139951773.5
2025-08-01 09:48:50 AM,415.7,196,81477.2,1140033250.7
2025-08-01 09:48:50 AM,415.7,1,415.7,1140033666.4
2025-08-01 09:48:50 AM,415.65,0,0.0,1140033666.4
2025-08-01 09:48:51 AM,415.7,123,51131.1,1140084797.5
2025-08-01 09:48:51 AM,415.6,208,86444.8,1140171242.3
2025-08-01 09:48:51 AM,415.55,0,0.0,1140171242.3
2025-08-01 09:48:52 AM,415.6,586,243541.6,1140414783.8999999
2025-08-01 09:48:52 AM,415.7,250,103925.0,1140518708.8999999
2025-08-01 09:48:52 AM,415.6,0,0.0,1140518708.8999999
2025-08-01 09:48:53 AM,415.55,316,131313.80000000002,1140650022.6999998
2025-08-01 09:48:54 AM,415.6,99,41144.4,1140691167.1
2025-08-01 09:48:56 AM,415.6,2,831.2,1140691998.3
2025-08-01 09:48:56 AM,415.6,101,41975.600000000006,1140733973.8999999
2025-08-01 09:48:57 AM,415.55,573,238110.15,1140972084.05
2025-08-01 09:48:57 AM,415.65,0,0.0,1140972084.05
2025-08-01 09:48:58 AM,415.65,167,69413.55,1141041497.6
2025-08-01 09:48:58 AM,415.55,86,35737.3,1141077234.8999999
2025-08-01 09:48:59 AM,415.55,294,122171.7,1141199406.6
2025-08-01 09:49:00 AM,415.65,168,69829.2,1141269235.8
2025-08-01 09:49:00 AM,415.6,3,1246.8000000000002,1141270482.6
2025-08-01 09:49:01 AM,415.7,0,0.0,1141270482.6
2025-08-01 09:49:01 AM,415.6,6233,2590434.8000000003,1143860917.3999999
2025-08-01 09:49:01 AM,415.55,1,415.55,1143861332.9499998
2025-08-01 09:49:01 AM,415.6,0,0.0,1143861332.9499998
2025-08-01 09:49:02 AM,415.6,161,66911.6,1143928244.5499997
2025-08-01 09:49:02 AM,415.7,56,23279.2,1143951523.7499998
2025-08-01 09:49:03 AM,415.7,2906,1208024.2,1145159547.9499998
2025-08-01 09:49:03 AM,415.55,943,391863.65,1145551411.6
2025-08-01 09:49:04 AM,415.7,0,0.0,1145551411.6
2025-08-01 09:49:04 AM,415.7,10,4157.0,1145555568.6
2025-08-01 09:49:05 AM,415.7,2,831.4,1145556400.0
2025-08-01 09:49:05 AM,415.65,0,0.0,1145556400.0
2025-08-01 09:49:05 AM,415.7,506,210344.19999999998,1145766744.2
2025-08-01 09:49:06 AM,415.7,1,415.7,1145767159.9
2025-08-01 09:49:06 AM,415.55,1533,637038.15,1146404198.0500002
2025-08-01 09:49:06 AM,415.65,0,0.0,1146404198.0500002
2025-08-01 09:49:07 AM,415.7,0,0.0,1146404198.0500002
2025-08-01 09:49:07 AM,415.7,84,34918.799999999996,1146439116.8500001
2025-08-01 09:49:07 AM,415.75,0,0.0,1146439116.8500001
2025-08-01 09:49:08 AM,415.75,7724,3211253.0,1149650369.8500001
2025-08-01 09:49:08 AM,415.75,1157,481022.75,1150131392.6000001
2025-08-01 09:49:08 AM,415.7,0,0.0,1150131392.6000001
2025-08-01 09:49:09 AM,415.7,1915,796065.5,1150927458.1000001
2025-08-01 09:49:09 AM,415.75,478,198728.5,1151126186.6000001
2025-08-01 09:49:10 AM,415.7,25,10392.5,1151136579.1000001
2025-08-01 09:49:10 AM,415.95,30915,12859094.25,1163995673.3500001
2025-08-01 09:49:10 AM,415.9,0,0.0,1163995673.3500001
2025-08-01 09:49:11 AM,415.95,5486,2281901.6999999997,1166277575.0500002
2025-08-01 09:49:11 AM,416.0,0,0.0,1166277575.0500002
2025-08-01 09:49:12 AM,415.95,3951,1643418.45,1167920993.5000002
2025-08-01 09:49:12 AM,415.95,4546,1890908.7,1169811902.2000003
2025-08-01 09:49:13 AM,415.9,3551,1476860.9,1171288763.1000004
2025-08-01 09:49:13 AM,416.0,25,10400.0,1171299163.1000004
2025-08-01 09:49:14 AM,416.0,911,378976.0,1171678139.1000004
2025-08-01 09:49:14 AM,415.95,228,94836.59999999999,1171772975.7000003
2025-08-01 09:49:15 AM,415.9,669,278237.1,1172051212.8000002
2025-08-01 09:49:15 AM,416.0,743,309088.0,1172360300.8000002
2025-08-01 09:49:16 AM,416.0,390,162240.0,1172522540.8000002
2025-08-01 09:49:17 AM,415.9,156,64880.399999999994,1172587421.2000003
2025-08-01 09:49:17 AM,416.0,0,0.0,1172587421.2000003
2025-08-01 09:49:18 AM,416.0,616,256256.0,1172843677.2000003
2025-08-01 09:49:18 AM,415.8,649,269854.2,1173113531.4000003
2025-08-01 09:49:19 AM,415.95,939,390577.05,1173504108.4500003
2025-08-01 09:49:20 AM,415.9,0,0.0,1173504108.4500003
2025-08-01 09:49:20 AM,415.9,422,175509.8,1173679618.2500002
2025-08-01 09:49:20 AM,415.95,0,0.0,1173679618.2500002
2025-08-01 09:49:21 AM,415.95,507,210886.65,1173890504.9000003
2025-08-01 09:49:21 AM,415.95,174,72375.3,1173962880.2000003
2025-08-01 09:49:22 AM,415.95,64,26620.8,1173989501.0000002
2025-08-01 09:49:23 AM,415.95,638,265376.1,1174254877.1000001
2025-08-01 09:49:23 AM,415.95,111,46170.45,1174301047.5500002
2025-08-01 09:49:23 AM,415.8,0,0.0,1174301047.5500002
2025-08-01 09:49:24 AM,415.9,0,0.0,1174301047.5500002
2025-08-01 09:49:24 AM,415.9,374,155546.6,1174456594.15
2025-08-01 09:49:25 AM,415.8,543,225779.4,1174682373.5500002
2025-08-01 09:49:25 AM,415.9,100,41590.0,1174723963.5500002
2025-08-01 09:49:26 AM,415.85,186,77348.1,1174801311.65
2025-08-01 09:49:26 AM,415.9,21,8733.9,1174810045.5500002
2025-08-01 09:49:27 AM,415.9,238,98984.2,1174909029.7500002
2025-08-01 09:49:28 AM,415.9,5,2079.5,1174911109.2500002
2025-08-01 09:49:28 AM,415.85,0,0.0,1174911109.2500002
2025-08-01 09:49:29 AM,415.85,10,4158.5,1174915267.7500002
2025-08-01 09:49:29 AM,415.9,190,79021.0,1174994288.7500002
2025-08-01 09:49:30 AM,415.85,76,31604.600000000002,1175025893.3500001
2025-08-01 09:49:31 AM,415.9,0,0.0,1175025893.3500001
2025-08-01 09:49:31 AM,415.95,2532,1053185.4,1176079078.7500002
2025-08-01 09:49:31 AM,415.8,0,0.0,1176079078.7500002
2025-08-01 09:49:32 AM,415.8,100,41580.0,1176120658.7500002
2025-08-01 09:49:32 AM,415.9,0,0.0,1176120658.7500002
2025-08-01 09:49:33 AM,415.9,141,58641.899999999994,1176179300.6500003
2025-08-01 09:49:33 AM,415.85,88,36594.8,1176215895.4500003
2025-08-01 09:49:33 AM,415.9,0,0.0,1176215895.4500003
2025-08-01 09:49:34 AM,415.85,0,0.0,1176215895.4500003
2025-08-01 09:49:34 AM,415.85,557,231628.45,1176447523.9000003
2025-08-01 09:49:34 AM,415.85,60,24951.0,1176472474.9000003
2025-08-01 09:49:34 AM,415.9,0,0.0,1176472474.9000003
2025-08-01 09:49:35 AM,415.85,336,139725.6,1176612200.5000002
2025-08-01 09:49:35 AM,415.95,234,97332.3,1176709532.8000002
2025-08-01 09:49:36 AM,415.95,161,66967.95,1176776500.7500002
2025-08-01 09:49:36 AM,415.9,25,10397.5,1176786898.2500002
2025-08-01 09:49:36 AM,415.95,0,0.0,1176786898.2500002
2025-08-01 09:49:37 AM,415.9,633,263264.7,1177050162.9500003
2025-08-01 09:49:37 AM,415.8,410,170478.0,1177220640.9500003
2025-08-01 09:49:37 AM,415.95,0,0.0,1177220640.9500003
2025-08-01 09:49:38 AM,415.9,170,70703.0,1177291343.9500003
2025-08-01 09:49:39 AM,415.95,0,0.0,1177291343.9500003
2025-08-01 09:49:39 AM,415.95,137,56985.15,1177348329.1000004
2025-08-01 09:49:39 AM,415.9,272,113124.79999999999,1177461453.9000003
2025-08-01 09:49:40 AM,415.85,34,14138.900000000001,1177475592.8000004
2025-08-01 09:49:40 AM,415.85,59,24535.15,1177500127.9500005
2025-08-01 09:49:41 AM,415.9,50,20795.0,1177520922.9500005
2025-08-01 09:49:42 AM,415.9,69,28697.1,1177549620.0500004
2025-08-01 09:49:42 AM,415.9,29,12061.099999999999,1177561681.1500003
2025-08-01 09:49:42 AM,415.95,0,0.0,1177561681.1500003
2025-08-01 09:49:43 AM,415.95,119,49498.049999999996,1177611179.2000003
2025-08-01 09:49:43 AM,415.9,55,22874.5,1177634053.7000003
2025-08-01 09:49:44 AM,415.95,0,0.0,1177634053.7000003
2025-08-01 09:49:44 AM,415.85,66,27446.100000000002,1177661499.8000002
2025-08-01 09:49:44 AM,415.9,10,4159.0,1177665658.8000002
2025-08-01 09:49:45 AM,415.95,0,0.0,1177665658.8000002
2025-08-01 09:49:45 AM,415.9,44,18299.6,1177683958.4
2025-08-01 09:49:45 AM,415.9,77,32024.3,1177715982.7
2025-08-01 09:49:46 AM,415.9,4,1663.6,1177717646.3
2025-08-01 09:49:47 AM,415.9,130,54067.0,1177771713.3
2025-08-01 09:49:47 AM,415.85,0,0.0,1177771713.3
2025-08-01 09:49:48 AM,415.9,0,0.0,1177771713.3
2025-08-01 09:49:48 AM,415.9,51,21210.899999999998,1177792924.2
2025-08-01 09:49:48 AM,415.95,0,0.0,1177792924.2
2025-08-01 09:49:49 AM,415.95,20,8319.0,1177801243.2
2025-08-01 09:49:49 AM,415.95,317,131856.15,1177933099.3500001
2025-08-01 09:49:49 AM,415.9,0,0.0,1177933099.3500001
2025-08-01 09:49:50 AM,415.9,234,97320.59999999999,1178030419.95
2025-08-01 09:49:50 AM,415.85,498,207093.30000000002,1178237513.25
2025-08-01 09:49:51 AM,415.85,117,48654.450000000004,1178286167.7
2025-08-01 09:49:51 AM,415.9,0,0.0,1178286167.7
2025-08-01 09:49:52 AM,415.95,504,209638.8,1178495806.5
2025-08-01 09:49:52 AM,415.9,1670,694553.0,1179190359.5
2025-08-01 09:49:53 AM,415.85,0,0.0,1179190359.5
2025-08-01 09:49:53 AM,415.85,173,71942.05,1179262301.55
2025-08-01 09:49:53 AM,415.8,1006,418294.8,1179680596.35
2025-08-01 09:49:54 AM,415.85,225,93566.25,1179774162.6
2025-08-01 09:49:55 AM,415.85,358,148874.30000000002,1179923036.8999999
2025-08-01 09:49:55 AM,415.8,0,0.0,1179923036.8999999
2025-08-01 09:49:56 AM,415.8,24,9979.2,1179933016.1
2025-08-01 09:49:56 AM,415.9,2108,876717.2,1180809733.3
2025-08-01 09:49:56 AM,415.75,0,0.0,1180809733.3
2025-08-01 09:49:57 AM,415.75,245,101858.75,1180911592.05
2025-08-01 09:49:57 AM,415.85,20,8317.0,1180919909.05
2025-08-01 09:49:57 AM,415.8,0,0.0,1180919909.05
2025-08-01 09:49:58 AM,415.85,236,98140.6,1181018049.6499999
2025-08-01 09:49:58 AM,415.9,20,8318.0,1181026367.6499999
2025-08-01 09:49:59 AM,415.9,344,143069.6,1181169437.2499998
2025-08-01 09:49:59 AM,415.8,264,109771.2,1181279208.4499998
2025-08-01 09:49:59 AM,415.9,0,0.0,1181279208.4499998
2025-08-01 09:50:00 AM,415.85,904,375928.4,1181655136.85
