date,price,qty,trnvr,cum_trnvr
2025-08-01 09:15:00 AM,779.8,9483,7394843.399999999,7394843.399999999
2025-08-01 09:15:00 AM,786.8,0,0.0,7394843.399999999
2025-08-01 09:15:02 AM,782.05,818,639716.8999999999,8034560.299999999
2025-08-01 09:15:02 AM,782.95,0,0.0,8034560.299999999
2025-08-01 09:15:03 AM,784.1,50,39205.0,8073765.299999999
2025-08-01 09:15:04 AM,786.65,747,587627.5499999999,8661392.85
2025-08-01 09:15:06 AM,783.3,162,126894.59999999999,8788287.45
2025-08-01 09:15:06 AM,786.8,0,0.0,8788287.45
2025-08-01 09:15:07 AM,786.8,672,528729.6,9317017.049999999
2025-08-01 09:15:08 AM,787.1,0,0.0,9317017.049999999
2025-08-01 09:15:09 AM,787.1,769,605279.9,9922296.95
2025-08-01 09:15:09 AM,788.8,0,0.0,9922296.95
2025-08-01 09:15:10 AM,789.35,1886,1488714.1,11411011.049999999
2025-08-01 09:15:11 AM,789.45,839,662348.55,12073359.6
2025-08-01 09:15:11 AM,789.45,115,90786.75,12164146.35
2025-08-01 09:15:13 AM,789.9,3481,2749641.9,14913788.25
2025-08-01 09:15:14 AM,789.0,1239,977571.0,15891359.25
2025-08-01 09:15:15 AM,792.0,1029,814968.0,16706327.25
2025-08-01 09:15:15 AM,794.6,0,0.0,16706327.25
2025-08-01 09:15:16 AM,794.6,3297,2619796.2,19326123.45
2025-08-01 09:15:17 AM,792.1,875,693087.5,20019210.95
2025-08-01 09:15:17 AM,792.25,0,0.0,20019210.95
2025-08-01 09:15:18 AM,792.25,548,434153.0,20453363.95
2025-08-01 09:15:19 AM,792.5,466,369305.0,20822668.95
2025-08-01 09:15:21 AM,792.5,160,126800.0,20949468.95
2025-08-01 09:15:22 AM,792.35,1610,1275683.5,22225152.45
2025-08-01 09:15:24 AM,789.5,113,89213.5,22314365.95
2025-08-01 09:15:25 AM,787.45,269,211824.05000000002,22526190.0
2025-08-01 09:15:27 AM,785.35,1016,797915.6,23324105.6
2025-08-01 09:15:28 AM,785.55,0,0.0,23324105.6
2025-08-01 09:15:29 AM,785.55,464,364495.19999999995,23688600.8
2025-08-01 09:15:29 AM,783.95,0,0.0,23688600.8
2025-08-01 09:15:30 AM,783.95,200,156790.0,23845390.8
2025-08-01 09:15:31 AM,785.55,2203,1730566.65,25575957.45
2025-08-01 09:15:32 AM,786.95,10,7869.5,25583826.95
2025-08-01 09:15:33 AM,787.25,10,7872.5,25591699.45
2025-08-01 09:15:33 AM,787.85,0,0.0,25591699.45
2025-08-01 09:15:34 AM,787.85,25,19696.25,25611395.7
2025-08-01 09:15:35 AM,787.0,30,23610.0,25635005.7
2025-08-01 09:15:37 AM,785.8,0,0.0,25635005.7
2025-08-01 09:15:38 AM,785.8,1,785.8,25635791.5
2025-08-01 09:15:38 AM,787.0,0,0.0,25635791.5
2025-08-01 09:15:39 AM,787.0,70,55090.0,25690881.5
2025-08-01 09:15:40 AM,787.05,0,0.0,25690881.5
2025-08-01 09:15:41 AM,787.85,344,271020.4,25961901.9
2025-08-01 09:15:42 AM,788.55,63,49678.649999999994,26011580.549999997
2025-08-01 09:15:44 AM,788.9,0,0.0,26011580.549999997
2025-08-01 09:15:45 AM,788.9,49,38656.1,26050236.65
2025-08-01 09:15:47 AM,790.0,0,0.0,26050236.65
2025-08-01 09:15:48 AM,790.0,104,82160.0,26132396.65
2025-08-01 09:15:48 AM,789.25,0,0.0,26132396.65
2025-08-01 09:15:49 AM,790.2,78,61635.600000000006,26194032.25
2025-08-01 09:15:49 AM,790.85,0,0.0,26194032.25
2025-08-01 09:15:50 AM,791.1,84,66452.40000000001,26260484.65
2025-08-01 09:15:50 AM,790.0,0,0.0,26260484.65
2025-08-01 09:15:51 AM,791.95,948,750768.6000000001,27011253.25
2025-08-01 09:15:51 AM,788.55,0,0.0,27011253.25
2025-08-01 09:15:52 AM,788.55,201,158498.55,27169751.8
2025-08-01 09:15:52 AM,789.7,0,0.0,27169751.8
2025-08-01 09:15:53 AM,789.7,332,262180.4,27431932.2
2025-08-01 09:15:53 AM,789.95,0,0.0,27431932.2
2025-08-01 09:15:54 AM,789.95,1160,916342.0,28348274.2
2025-08-01 09:15:55 AM,791.35,0,0.0,28348274.2
2025-08-01 09:15:56 AM,791.5,122,96563.0,28444837.2
2025-08-01 09:15:56 AM,791.5,197,155925.5,28600762.7
2025-08-01 09:15:57 AM,791.5,90,71235.0,28671997.7
2025-08-01 09:15:58 AM,791.5,180,142470.0,28814467.7
2025-08-01 09:15:58 AM,790.45,0,0.0,28814467.7
2025-08-01 09:15:59 AM,790.45,50,39522.5,28853990.2
2025-08-01 09:16:00 AM,789.85,0,0.0,28853990.2
2025-08-01 09:16:01 AM,789.45,0,0.0,28853990.2
2025-08-01 09:16:02 AM,790.65,1077,851530.0499999999,29705520.25
2025-08-01 09:16:04 AM,790.65,295,233241.75,29938762.0
2025-08-01 09:16:07 AM,791.95,0,0.0,29938762.0
2025-08-01 09:16:10 AM,788.1,2870,2261847.0,32200609.0
2025-08-01 09:16:12 AM,785.4,1558,1223653.2,33424262.2
2025-08-01 09:16:12 AM,785.3,0,0.0,33424262.2
2025-08-01 09:16:15 AM,785.7,0,0.0,33424262.2
2025-08-01 09:16:19 AM,784.4,841,659680.4,34083942.6
2025-08-01 09:16:20 AM,784.15,119,93313.84999999999,34177256.45
2025-08-01 09:16:23 AM,786.6,0,0.0,34177256.45
2025-08-01 09:16:25 AM,788.5,0,0.0,34177256.45
2025-08-01 09:16:27 AM,788.5,1104,870504.0,35047760.45
2025-08-01 09:16:28 AM,788.35,159,125347.65000000001,35173108.1
2025-08-01 09:16:33 AM,791.05,0,0.0,35173108.1
2025-08-01 09:16:35 AM,788.65,828,653002.2,35826110.300000004
2025-08-01 09:16:35 AM,789.6,0,0.0,35826110.300000004
2025-08-01 09:16:37 AM,790.15,73,57680.95,35883791.25000001
2025-08-01 09:16:43 AM,790.75,720,569340.0,36453131.25000001
2025-08-01 09:16:45 AM,792.5,611,484217.5,36937348.75000001
2025-08-01 09:16:52 AM,792.0,872,690624.0,37627972.75000001
2025-08-01 09:16:53 AM,792.0,94,74448.0,37702420.75000001
2025-08-01 09:17:00 AM,792.0,726,574992.0,38277412.75000001
2025-08-01 09:17:01 AM,792.0,283,224136.0,38501548.75000001
2025-08-01 09:17:09 AM,792.0,1403,1111176.0,39612724.75000001
2025-08-01 09:17:11 AM,792.15,0,0.0,39612724.75000001
2025-08-01 09:17:13 AM,792.5,0,0.0,39612724.75000001
2025-08-01 09:17:16 AM,792.5,1459,1156257.5,40768982.25000001
2025-08-01 09:17:17 AM,793.0,1250,991250.0,41760232.25000001
2025-08-01 09:17:20 AM,793.95,0,0.0,41760232.25000001
2025-08-01 09:17:25 AM,794.8,519,412501.19999999995,42172733.45000001
2025-08-01 09:17:26 AM,794.25,1014,805369.5,42978102.95000001
2025-08-01 09:17:28 AM,794.8,0,0.0,42978102.95000001
2025-08-01 09:17:30 AM,794.15,0,0.0,42978102.95000001
2025-08-01 09:17:33 AM,792.2,1642,1300792.4000000001,44278895.35000001
2025-08-01 09:17:34 AM,792.45,30,23773.5,44302668.85000001
2025-08-01 09:17:36 AM,792.5,0,0.0,44302668.85000001
2025-08-01 09:17:38 AM,793.75,0,0.0,44302668.85000001
2025-08-01 09:17:41 AM,794.8,2440,1939312.0,46241980.85000001
2025-08-01 09:17:42 AM,790.8,14058,11117066.399999999,57359047.25000001
2025-08-01 09:17:45 AM,791.8,0,0.0,57359047.25000001
2025-08-01 09:17:47 AM,793.45,0,0.0,57359047.25000001
2025-08-01 09:17:49 AM,793.85,3744,2972174.4,60331221.650000006
2025-08-01 09:17:50 AM,792.6,58,45970.8,60377192.45
2025-08-01 09:17:54 AM,794.3,0,0.0,60377192.45
2025-08-01 09:17:56 AM,794.75,0,0.0,60377192.45
2025-08-01 09:17:58 AM,794.8,1238,983962.3999999999,61361154.85
2025-08-01 09:17:59 AM,794.95,1838,1461118.1,62822272.95
2025-08-01 09:18:01 AM,794.95,222,176478.90000000002,62998751.85
2025-08-01 09:18:01 AM,794.0,0,0.0,62998751.85
2025-08-01 09:18:01 AM,794.95,0,0.0,62998751.85
2025-08-01 09:18:02 AM,794.95,808,642319.6000000001,63641071.45
2025-08-01 09:18:02 AM,795.0,0,0.0,63641071.45
2025-08-01 09:18:03 AM,795.0,498,395910.0,64036981.45
2025-08-01 09:18:03 AM,795.65,39,31030.35,64068011.800000004
2025-08-01 09:18:03 AM,795.7,0,0.0,64068011.800000004
2025-08-01 09:18:04 AM,795.7,56,44559.200000000004,64112571.00000001
2025-08-01 09:18:04 AM,795.6,15,11934.0,64124505.00000001
2025-08-01 09:18:04 AM,796.8,0,0.0,64124505.00000001
2025-08-01 09:18:04 AM,796.9,0,0.0,64124505.00000001
2025-08-01 09:18:05 AM,796.9,860,685334.0,64809839.00000001
2025-08-01 09:18:05 AM,797.4,0,0.0,64809839.00000001
2025-08-01 09:18:05 AM,796.55,0,0.0,64809839.00000001
2025-08-01 09:18:06 AM,796.55,103,82044.65,64891883.650000006
2025-08-01 09:18:06 AM,797.7,0,0.0,64891883.650000006
2025-08-01 09:18:07 AM,797.7,49,39087.3,64930970.95
2025-08-01 09:18:07 AM,798.35,1984,1583926.4000000001,66514897.35
2025-08-01 09:18:07 AM,798.65,0,0.0,66514897.35
2025-08-01 09:18:08 AM,798.65,190,151743.5,66666640.85
2025-08-01 09:18:08 AM,799.05,0,0.0,66666640.85
2025-08-01 09:18:09 AM,799.05,1829,1461462.45,68128103.3
2025-08-01 09:18:09 AM,799.0,0,0.0,68128103.3
2025-08-01 09:18:10 AM,799.0,133,106267.0,68234370.3
2025-08-01 09:18:10 AM,799.45,0,0.0,68234370.3
2025-08-01 09:18:11 AM,799.45,275,219848.75,68454219.05
2025-08-01 09:18:11 AM,799.5,100,79950.0,68534169.05
2025-08-01 09:18:11 AM,799.45,0,0.0,68534169.05
2025-08-01 09:18:12 AM,799.45,388,310186.60000000003,68844355.64999999
2025-08-01 09:18:12 AM,799.5,52,41574.0,68885929.64999999
2025-08-01 09:18:13 AM,799.5,161,128719.5,69014649.14999999
2025-08-01 09:18:13 AM,799.5,14,11193.0,69025842.14999999
2025-08-01 09:18:14 AM,799.5,135,107932.5,69133774.64999999
2025-08-01 09:18:14 AM,799.5,406,324597.0,69458371.64999999
2025-08-01 09:18:15 AM,799.0,29,23171.0,69481542.64999999
2025-08-01 09:18:15 AM,799.45,0,0.0,69481542.64999999
2025-08-01 09:18:15 AM,799.45,43,34376.35,69515918.99999999
2025-08-01 09:18:15 AM,799.5,0,0.0,69515918.99999999
2025-08-01 09:18:16 AM,799.5,240,191880.0,69707798.99999999
2025-08-01 09:18:16 AM,799.5,459,366970.5,70074769.49999999
2025-08-01 09:18:17 AM,799.5,57,45571.5,70120340.99999999
2025-08-01 09:18:17 AM,799.1,0,0.0,70120340.99999999
2025-08-01 09:18:17 AM,799.1,272,217355.2,70337696.19999999
2025-08-01 09:18:18 AM,799.0,43,34357.0,70372053.19999999
2025-08-01 09:18:18 AM,799.5,0,0.0,70372053.19999999
2025-08-01 09:18:18 AM,799.5,789,630805.5,71002858.69999999
2025-08-01 09:18:19 AM,799.0,0,0.0,71002858.69999999
2025-08-01 09:18:19 AM,799.0,1,799.0,71003657.69999999
2025-08-01 09:18:20 AM,799.4,21,16787.399999999998,71020445.1
2025-08-01 09:18:20 AM,799.25,0,0.0,71020445.1
2025-08-01 09:18:20 AM,799.25,953,761685.25,71782130.35
2025-08-01 09:18:21 AM,799.2,26,20779.2,71802909.55
2025-08-01 09:18:21 AM,797.85,0,0.0,71802909.55
2025-08-01 09:18:21 AM,797.85,32,25531.2,71828440.75
2025-08-01 09:18:22 AM,799.15,18,14384.699999999999,71842825.45
2025-08-01 09:18:22 AM,798.4,0,0.0,71842825.45
2025-08-01 09:18:23 AM,798.4,671,535726.4,72378551.85000001
2025-08-01 09:18:23 AM,799.0,0,0.0,72378551.85000001
2025-08-01 09:18:23 AM,799.0,384,306816.0,72685367.85000001
2025-08-01 09:18:24 AM,799.0,62,49538.0,72734905.85000001
2025-08-01 09:18:24 AM,799.0,396,316404.0,73051309.85000001
2025-08-01 09:18:25 AM,798.1,0,0.0,73051309.85000001
2025-08-01 09:18:25 AM,798.1,77,61453.700000000004,73112763.55000001
2025-08-01 09:18:26 AM,799.0,0,0.0,73112763.55000001
2025-08-01 09:18:26 AM,799.0,150,119850.0,73232613.55000001
2025-08-01 09:18:27 AM,799.0,359,286841.0,73519454.55000001
2025-08-01 09:18:28 AM,799.0,332,265268.0,73784722.55000001
2025-08-01 09:18:29 AM,799.45,0,0.0,73784722.55000001
2025-08-01 09:18:29 AM,799.45,362,289400.9,74074123.45000002
2025-08-01 09:18:30 AM,799.5,42,33579.0,74107702.45000002
2025-08-01 09:18:30 AM,799.45,0,0.0,74107702.45000002
2025-08-01 09:18:30 AM,799.45,347,277409.15,74385111.60000002
2025-08-01 09:18:31 AM,799.35,71,56753.85,74441865.45000002
2025-08-01 09:18:31 AM,799.9,512,409548.8,74851414.25000001
2025-08-01 09:18:32 AM,797.4,133,106054.2,74957468.45000002
2025-08-01 09:18:32 AM,797.9,0,0.0,74957468.45000002
2025-08-01 09:18:32 AM,798.45,0,0.0,74957468.45000002
2025-08-01 09:18:33 AM,798.45,79,63077.55,75020546.00000001
2025-08-01 09:18:33 AM,798.85,107,85476.95,75106022.95000002
2025-08-01 09:18:34 AM,799.0,45,35955.0,75141977.95000002
2025-08-01 09:18:34 AM,797.95,0,0.0,75141977.95000002
2025-08-01 09:18:35 AM,798.8,166,132600.8,75274578.75000001
2025-08-01 09:18:35 AM,799.7,255,203923.5,75478502.25000001
2025-08-01 09:18:36 AM,799.7,36,28789.2,75507291.45000002
2025-08-01 09:18:36 AM,798.55,295,235572.25,75742863.70000002
2025-08-01 09:18:36 AM,798.5,0,0.0,75742863.70000002
2025-08-01 09:18:37 AM,799.0,1018,813382.0,76556245.70000002
2025-08-01 09:18:37 AM,799.0,20,15980.0,76572225.70000002
2025-08-01 09:18:38 AM,799.0,15,11985.0,76584210.70000002
2025-08-01 09:18:38 AM,800.0,3455,2764000.0,79348210.70000002
2025-08-01 09:18:39 AM,800.0,304,243200.0,79591410.70000002
2025-08-01 09:18:39 AM,800.4,82,65632.8,79657043.50000001
2025-08-01 09:18:39 AM,801.0,0,0.0,79657043.50000001
2025-08-01 09:18:40 AM,801.0,18,14418.0,79671461.50000001
2025-08-01 09:18:40 AM,801.05,161,128969.04999999999,79800430.55000001
2025-08-01 09:18:40 AM,802.0,0,0.0,79800430.55000001
2025-08-01 09:18:40 AM,802.0,173,138746.0,79939176.55000001
2025-08-01 09:18:41 AM,801.7,1624,1301960.8,81241137.35000001
2025-08-01 09:18:42 AM,799.5,588,470106.0,81711243.35000001
2025-08-01 09:18:43 AM,801.05,58,46460.899999999994,81757704.25000001
2025-08-01 09:18:44 AM,801.45,54,43278.3,81800982.55000001
2025-08-01 09:18:44 AM,801.95,0,0.0,81800982.55000001
2025-08-01 09:18:44 AM,801.95,100,80195.0,81881177.55000001
2025-08-01 09:18:45 AM,802.0,821,658442.0,82539619.55000001
2025-08-01 09:18:46 AM,802.0,821,658442.0,83198061.55000001
2025-08-01 09:18:46 AM,802.0,88,70576.0,83268637.55000001
2025-08-01 09:18:47 AM,802.0,30,24060.0,83292697.55000001
2025-08-01 09:18:47 AM,802.0,8,6416.0,83299113.55000001
2025-08-01 09:18:48 AM,802.0,15,12030.0,83311143.55000001
2025-08-01 09:18:48 AM,802.0,17,13634.0,83324777.55000001
2025-08-01 09:18:49 AM,802.0,6,4812.0,83329589.55000001
2025-08-01 09:18:50 AM,802.0,111,89022.0,83418611.55000001
2025-08-01 09:18:50 AM,802.0,128,102656.0,83521267.55000001
2025-08-01 09:18:51 AM,801.1,1244,996568.4,84517835.95000002
2025-08-01 09:18:51 AM,801.35,0,0.0,84517835.95000002
2025-08-01 09:18:51 AM,801.35,30,24040.5,84541876.45000002
2025-08-01 09:18:52 AM,801.9,104,83397.59999999999,84625274.05000001
2025-08-01 09:18:52 AM,800.75,0,0.0,84625274.05000001
2025-08-01 09:18:52 AM,800.75,3,2402.25,84627676.30000001
2025-08-01 09:18:52 AM,802.0,0,0.0,84627676.30000001
2025-08-01 09:18:53 AM,801.95,1164,933469.8,85561146.10000001
2025-08-01 09:18:53 AM,801.95,55,44107.25,85605253.35000001
2025-08-01 09:18:54 AM,801.3,270,216351.0,85821604.35000001
2025-08-01 09:18:54 AM,802.15,0,0.0,85821604.35000001
2025-08-01 09:18:54 AM,802.15,33,26470.95,85848075.30000001
2025-08-01 09:18:54 AM,802.45,0,0.0,85848075.30000001
2025-08-01 09:18:55 AM,802.0,311,249422.0,86097497.30000001
2025-08-01 09:18:55 AM,803.0,0,0.0,86097497.30000001
2025-08-01 09:18:55 AM,803.0,146,117238.0,86214735.30000001
2025-08-01 09:18:56 AM,802.0,93,74586.0,86289321.30000001
2025-08-01 09:18:56 AM,802.0,100,80200.0,86369521.30000001
2025-08-01 09:18:57 AM,802.0,100,80200.0,86449721.30000001
2025-08-01 09:18:57 AM,801.8,100,80180.0,86529901.30000001
2025-08-01 09:18:57 AM,802.0,0,0.0,86529901.30000001
2025-08-01 09:18:58 AM,803.0,79,63437.0,86593338.30000001
2025-08-01 09:18:58 AM,802.3,25,20057.5,86613395.80000001
2025-08-01 09:18:58 AM,802.05,0,0.0,86613395.80000001
2025-08-01 09:18:59 AM,801.3,1250,1001625.0,87615020.80000001
2025-08-01 09:18:59 AM,800.55,15,12008.25,87627029.05000001
2025-08-01 09:18:59 AM,801.55,0,0.0,87627029.05000001
2025-08-01 09:19:00 AM,797.35,6150,4903702.5,92530731.55000001
2025-08-01 09:19:01 AM,797.7,29,23133.300000000003,92553864.85000001
2025-08-01 09:19:01 AM,798.45,93,74255.85,92628120.7
2025-08-01 09:19:02 AM,798.35,0,0.0,92628120.7
2025-08-01 09:19:03 AM,795.9,184,146445.6,92774566.3
2025-08-01 09:19:04 AM,798.75,1992,1591110.0,94365676.3
2025-08-01 09:19:04 AM,798.8,0,0.0,94365676.3
2025-08-01 09:19:05 AM,799.5,336,268632.0,94634308.3
2025-08-01 09:19:05 AM,800.3,0,0.0,94634308.3
2025-08-01 09:19:06 AM,800.1,253,202425.30000000002,94836733.6
2025-08-01 09:19:07 AM,801.0,171,136971.0,94973704.6
2025-08-01 09:19:07 AM,799.85,0,0.0,94973704.6
2025-08-01 09:19:07 AM,799.85,154,123176.90000000001,95096881.5
2025-08-01 09:19:07 AM,800.25,0,0.0,95096881.5
2025-08-01 09:19:08 AM,800.25,51,40812.75,95137694.25
2025-08-01 09:19:08 AM,800.1,0,0.0,95137694.25
2025-08-01 09:19:08 AM,800.35,0,0.0,95137694.25
2025-08-01 09:19:09 AM,800.35,48,38416.8,95176111.05
2025-08-01 09:19:09 AM,801.0,68,54468.0,95230579.05
2025-08-01 09:19:09 AM,798.65,0,0.0,95230579.05
2025-08-01 09:19:10 AM,798.65,1144,913655.6,96144234.64999999
2025-08-01 09:19:10 AM,799.85,112,89583.2,96233817.85
2025-08-01 09:19:11 AM,798.75,1982,1583122.5,97816940.35
2025-08-01 09:19:11 AM,797.6,41,32701.600000000002,97849641.94999999
2025-08-01 09:19:12 AM,797.15,238,189721.69999999998,98039363.64999999
2025-08-01 09:19:12 AM,796.8,0,0.0,98039363.64999999
2025-08-01 09:19:13 AM,796.8,101,80476.79999999999,98119840.44999999
2025-08-01 09:19:13 AM,797.05,6,4782.299999999999,98124622.74999999
2025-08-01 09:19:14 AM,797.25,102,81319.5,98205942.24999999
2025-08-01 09:19:14 AM,797.5,0,0.0,98205942.24999999
2025-08-01 09:19:15 AM,797.5,95,75762.5,98281704.74999999
2025-08-01 09:19:15 AM,796.95,0,0.0,98281704.74999999
2025-08-01 09:19:16 AM,798.05,248,197916.4,98479621.14999999
2025-08-01 09:19:16 AM,796.5,0,0.0,98479621.14999999
2025-08-01 09:19:16 AM,796.75,0,0.0,98479621.14999999
2025-08-01 09:19:17 AM,796.85,278,221524.30000000002,98701145.44999999
2025-08-01 09:19:17 AM,797.1,88,70144.8,98771290.24999999
2025-08-01 09:19:18 AM,797.9,278,221816.19999999998,98993106.44999999
2025-08-01 09:19:19 AM,797.6,36,28713.600000000002,99021820.04999998
2025-08-01 09:19:19 AM,798.05,0,0.0,99021820.04999998
2025-08-01 09:19:19 AM,798.05,244,194724.19999999998,99216544.24999999
2025-08-01 09:19:20 AM,797.25,47,37470.75,99254014.99999999
2025-08-01 09:19:20 AM,797.75,0,0.0,99254014.99999999
2025-08-01 09:19:21 AM,797.95,65,51866.75,99305881.74999999
2025-08-01 09:19:21 AM,797.95,61,48674.950000000004,99354556.69999999
2025-08-01 09:19:22 AM,798.0,99,79002.0,99433558.69999999
2025-08-01 09:19:22 AM,798.0,5,3990.0,99437548.69999999
2025-08-01 09:19:22 AM,798.85,0,0.0,99437548.69999999
2025-08-01 09:19:23 AM,798.4,1156,922950.4,100360499.1
2025-08-01 09:19:23 AM,799.0,111,88689.0,100449188.1
2025-08-01 09:19:23 AM,798.2,0,0.0,100449188.1
2025-08-01 09:19:24 AM,798.2,86,68645.2,100517833.3
2025-08-01 09:19:24 AM,797.85,0,0.0,100517833.3
2025-08-01 09:19:25 AM,798.2,715,570713.0,101088546.3
2025-08-01 09:19:25 AM,798.85,0,0.0,101088546.3
2025-08-01 09:19:26 AM,798.2,454,362382.80000000005,101450929.1
2025-08-01 09:19:27 AM,798.95,639,510529.05000000005,101961458.14999999
2025-08-01 09:19:27 AM,797.9,13,10372.699999999999,101971830.85
2025-08-01 09:19:28 AM,798.55,26,20762.3,101992593.14999999
2025-08-01 09:19:29 AM,798.9,80,63912.0,102056505.14999999
2025-08-01 09:19:30 AM,798.0,0,0.0,102056505.14999999
2025-08-01 09:19:30 AM,798.0,486,387828.0,102444333.14999999
2025-08-01 09:19:31 AM,798.0,13,10374.0,102454707.14999999
2025-08-01 09:19:32 AM,798.0,91,72618.0,102527325.14999999
2025-08-01 09:19:32 AM,798.0,69,55062.0,102582387.14999999
2025-08-01 09:19:32 AM,797.95,0,0.0,102582387.14999999
2025-08-01 09:19:32 AM,798.55,0,0.0,102582387.14999999
2025-08-01 09:19:33 AM,798.0,69,55062.0,102637449.14999999
2025-08-01 09:19:33 AM,797.9,96,76598.4,102714047.55
2025-08-01 09:19:33 AM,798.4,0,0.0,102714047.55
2025-08-01 09:19:34 AM,798.4,227,181236.8,102895284.35
2025-08-01 09:19:34 AM,798.5,49,39126.5,102934410.85
2025-08-01 09:19:35 AM,796.55,4461,3553409.55,106487820.39999999
2025-08-01 09:19:35 AM,797.25,0,0.0,106487820.39999999
2025-08-01 09:19:36 AM,797.35,102,81329.7,106569150.1
2025-08-01 09:19:37 AM,797.7,32,25526.4,106594676.5
2025-08-01 09:19:37 AM,797.85,0,0.0,106594676.5
2025-08-01 09:19:38 AM,797.85,26,20744.100000000002,106615420.6
2025-08-01 09:19:38 AM,797.95,6,4787.700000000001,106620208.3
2025-08-01 09:19:39 AM,794.5,564,448098.0,107068306.3
2025-08-01 09:19:39 AM,794.9,50,39745.0,107108051.3
2025-08-01 09:19:39 AM,795.45,0,0.0,107108051.3
2025-08-01 09:19:40 AM,794.75,103,81859.25,107189910.55
2025-08-01 09:19:40 AM,795.6,455,361998.0,107551908.55
2025-08-01 09:19:40 AM,795.7,0,0.0,107551908.55
2025-08-01 09:19:41 AM,794.65,163,129527.95,107681436.5
2025-08-01 09:19:41 AM,795.7,0,0.0,107681436.5
2025-08-01 09:19:41 AM,795.7,479,381140.30000000005,108062576.8
2025-08-01 09:19:42 AM,795.75,26,20689.5,108083266.3
2025-08-01 09:19:42 AM,796.3,0,0.0,108083266.3
2025-08-01 09:19:42 AM,794.5,0,0.0,108083266.3
2025-08-01 09:19:42 AM,794.5,287,228021.5,108311287.8
2025-08-01 09:19:43 AM,795.0,147,116865.0,108428152.8
2025-08-01 09:19:43 AM,795.0,1,795.0,108428947.8
2025-08-01 09:19:44 AM,795.15,0,0.0,108428947.8
2025-08-01 09:19:45 AM,795.15,116,92237.4,108521185.2
2025-08-01 09:19:45 AM,796.05,0,0.0,108521185.2
2025-08-01 09:19:45 AM,795.2,0,0.0,108521185.2
2025-08-01 09:19:46 AM,795.5,161,128075.5,108649260.7
2025-08-01 09:19:46 AM,795.7,0,0.0,108649260.7
2025-08-01 09:19:46 AM,796.25,0,0.0,108649260.7
2025-08-01 09:19:47 AM,796.25,179,142528.75,108791789.45
2025-08-01 09:19:47 AM,795.05,1018,809360.8999999999,109601150.35000001
2025-08-01 09:19:47 AM,796.05,0,0.0,109601150.35000001
2025-08-01 09:19:48 AM,796.05,2712,2158887.6,111760037.95
2025-08-01 09:19:48 AM,797.15,0,0.0,111760037.95
2025-08-01 09:19:49 AM,797.15,197,157038.55,111917076.5
2025-08-01 09:19:49 AM,796.35,0,0.0,111917076.5
2025-08-01 09:19:50 AM,796.6,21,16728.600000000002,111933805.1
2025-08-01 09:19:50 AM,796.2,80,63696.0,111997501.1
2025-08-01 09:19:50 AM,795.6,0,0.0,111997501.1
2025-08-01 09:19:51 AM,795.6,1,795.6,111998296.69999999
2025-08-01 09:19:51 AM,795.95,51,40593.450000000004,112038890.14999999
2025-08-01 09:19:52 AM,796.9,153,121925.7,112160815.85
2025-08-01 09:19:52 AM,797.3,77,61392.1,112222207.94999999
2025-08-01 09:19:53 AM,796.35,0,0.0,112222207.94999999
2025-08-01 09:19:53 AM,796.35,274,218199.9,112440407.85
2025-08-01 09:19:54 AM,797.25,372,296577.0,112736984.85
2025-08-01 09:19:54 AM,795.4,0,0.0,112736984.85
2025-08-01 09:19:54 AM,795.4,106,84312.4,112821297.25
2025-08-01 09:19:55 AM,796.25,0,0.0,112821297.25
2025-08-01 09:19:56 AM,796.25,52,41405.0,112862702.25
2025-08-01 09:19:56 AM,796.7,105,83653.5,112946355.75
2025-08-01 09:19:56 AM,797.0,0,0.0,112946355.75
2025-08-01 09:19:57 AM,797.0,150,119550.0,113065905.75
2025-08-01 09:19:57 AM,797.05,0,0.0,113065905.75
2025-08-01 09:19:58 AM,797.05,80,63764.0,113129669.75
2025-08-01 09:19:58 AM,796.45,0,0.0,113129669.75
2025-08-01 09:19:59 AM,796.45,74,58937.3,113188607.05
2025-08-01 09:19:59 AM,796.45,11,8760.95,113197368.0
2025-08-01 09:19:59 AM,796.7,0,0.0,113197368.0
2025-08-01 09:19:59 AM,796.4,0,0.0,113197368.0
2025-08-01 09:20:00 AM,796.4,71,56544.4,113253912.4
2025-08-01 09:20:00 AM,796.85,21,16733.850000000002,113270646.25
2025-08-01 09:20:00 AM,797.4,0,0.0,113270646.25
2025-08-01 09:20:01 AM,797.4,20,15948.0,113286594.25
2025-08-01 09:20:01 AM,797.55,35,27914.25,113314508.5
2025-08-01 09:20:02 AM,796.6,251,199946.6,113514455.1
2025-08-01 09:20:03 AM,797.55,11,8773.05,113523228.14999999
2025-08-01 09:20:04 AM,797.5,158,126005.0,113649233.14999999
2025-08-01 09:20:04 AM,797.6,0,0.0,113649233.14999999
2025-08-01 09:20:05 AM,797.6,22,17547.2,113666780.35
2025-08-01 09:20:07 AM,796.1,0,0.0,113666780.35
2025-08-01 09:20:08 AM,796.1,355,282615.5,113949395.85
2025-08-01 09:20:08 AM,796.2,0,0.0,113949395.85
2025-08-01 09:20:08 AM,796.8,0,0.0,113949395.85
2025-08-01 09:20:09 AM,796.8,370,294816.0,114244211.85
2025-08-01 09:20:09 AM,797.6,0,0.0,114244211.85
2025-08-01 09:20:10 AM,797.8,106,84566.79999999999,114328778.64999999
2025-08-01 09:20:10 AM,797.95,0,0.0,114328778.64999999
2025-08-01 09:20:11 AM,796.45,180,143361.0,114472139.64999999
2025-08-01 09:20:11 AM,795.45,201,159885.45,114632025.1
2025-08-01 09:20:11 AM,796.3,0,0.0,114632025.1
2025-08-01 09:20:12 AM,796.3,27,21500.1,114653525.19999999
2025-08-01 09:20:13 AM,796.9,119,94831.09999999999,114748356.29999998
2025-08-01 09:20:14 AM,797.55,67,53435.85,114801792.14999998
2025-08-01 09:20:14 AM,798.0,291,232218.0,115034010.14999998
2025-08-01 09:20:15 AM,797.0,200,159400.0,115193410.14999998
2025-08-01 09:20:15 AM,796.45,0,0.0,115193410.14999998
2025-08-01 09:20:15 AM,796.45,947,754238.15,115947648.29999998
2025-08-01 09:20:16 AM,796.2,0,0.0,115947648.29999998
2025-08-01 09:20:17 AM,796.2,100,79620.0,116027268.29999998
2025-08-01 09:20:17 AM,796.75,10,7967.5,116035235.79999998
2025-08-01 09:20:17 AM,796.9,0,0.0,116035235.79999998
2025-08-01 09:20:17 AM,796.05,0,0.0,116035235.79999998
2025-08-01 09:20:18 AM,796.05,78,62091.899999999994,116097327.69999999
2025-08-01 09:20:18 AM,795.0,0,0.0,116097327.69999999
2025-08-01 09:20:19 AM,795.0,97,77115.0,116174442.69999999
2025-08-01 09:20:19 AM,795.05,0,0.0,116174442.69999999
2025-08-01 09:20:20 AM,795.05,57,45317.85,116219760.54999998
2025-08-01 09:20:20 AM,796.5,0,0.0,116219760.54999998
2025-08-01 09:20:21 AM,796.5,184,146556.0,116366316.54999998
2025-08-01 09:20:21 AM,796.1,0,0.0,116366316.54999998
2025-08-01 09:20:22 AM,796.1,742,590706.2000000001,116957022.74999999
2025-08-01 09:20:22 AM,795.6,0,0.0,116957022.74999999
2025-08-01 09:20:23 AM,795.95,53,42185.350000000006,116999208.09999998
2025-08-01 09:20:23 AM,795.85,0,0.0,116999208.09999998
2025-08-01 09:20:23 AM,795.85,140,111419.0,117110627.09999998
2025-08-01 09:20:24 AM,795.95,20,15919.0,117126546.09999998
2025-08-01 09:20:24 AM,796.1,0,0.0,117126546.09999998
2025-08-01 09:20:25 AM,796.1,30,23883.0,117150429.09999998
2025-08-01 09:20:25 AM,796.5,0,0.0,117150429.09999998
2025-08-01 09:20:26 AM,796.5,132,105138.0,117255567.09999998
2025-08-01 09:20:27 AM,796.5,122,97173.0,117352740.09999998
2025-08-01 09:20:28 AM,796.5,52,41418.0,117394158.09999998
2025-08-01 09:20:28 AM,797.3,0,0.0,117394158.09999998
2025-08-01 09:20:29 AM,797.3,79,62986.7,117457144.79999998
2025-08-01 09:20:29 AM,797.85,21,16754.850000000002,117473899.64999998
2025-08-01 09:20:30 AM,797.85,8,6382.8,117480282.44999997
2025-08-01 09:20:30 AM,797.95,265,211456.75,117691739.19999997
2025-08-01 09:20:30 AM,797.8,0,0.0,117691739.19999997
2025-08-01 09:20:31 AM,797.8,11,8775.8,117700514.99999997
2025-08-01 09:20:31 AM,796.95,250,199237.5,117899752.49999997
2025-08-01 09:20:33 AM,798.15,125,99768.75,117999521.24999997
2025-08-01 09:20:34 AM,797.8,0,0.0,117999521.24999997
2025-08-01 09:20:34 AM,797.8,14,11169.199999999999,118010690.44999997
2025-08-01 09:20:35 AM,798.45,0,0.0,118010690.44999997
2025-08-01 09:20:35 AM,798.55,308,245953.4,118256643.84999998
2025-08-01 09:20:36 AM,798.95,250,199737.5,118456381.34999998
2025-08-01 09:20:37 AM,798.8,0,0.0,118456381.34999998
2025-08-01 09:20:37 AM,798.8,23,18372.399999999998,118474753.74999999
2025-08-01 09:20:37 AM,798.0,0,0.0,118474753.74999999
2025-08-01 09:20:38 AM,798.0,50,39900.0,118514653.74999999
2025-08-01 09:20:38 AM,798.8,0,0.0,118514653.74999999
2025-08-01 09:20:38 AM,798.8,77,61507.6,118576161.34999998
2025-08-01 09:20:39 AM,799.0,455,363545.0,118939706.34999998
2025-08-01 09:20:39 AM,797.55,265,211350.75,119151057.09999998
2025-08-01 09:20:40 AM,798.45,562,448728.9,119599785.99999999
2025-08-01 09:20:40 AM,799.0,226,180574.0,119780359.99999999
2025-08-01 09:20:42 AM,799.0,376,300424.0,120080783.99999999
2025-08-01 09:20:42 AM,798.95,24,19174.800000000003,120099958.79999998
2025-08-01 09:20:43 AM,799.0,57,45543.0,120145501.79999998
2025-08-01 09:20:43 AM,799.0,10,7990.0,120153491.79999998
2025-08-01 09:20:43 AM,798.95,0,0.0,120153491.79999998
2025-08-01 09:20:44 AM,796.8,1201,956956.7999999999,121110448.59999998
2025-08-01 09:20:45 AM,797.05,39,31084.949999999997,121141533.54999998
2025-08-01 09:20:46 AM,797.25,334,266281.5,121407815.04999998
2025-08-01 09:20:47 AM,797.5,334,266365.0,121674180.04999998
2025-08-01 09:20:48 AM,797.5,66,52635.0,121726815.04999998
2025-08-01 09:20:48 AM,797.45,17,13556.650000000001,121740371.69999999
2025-08-01 09:20:50 AM,797.5,181,144347.5,121884719.19999999
2025-08-01 09:20:52 AM,797.5,46,36685.0,121921404.19999999
2025-08-01 09:20:52 AM,796.8,0,0.0,121921404.19999999
2025-08-01 09:20:53 AM,796.7,86,68516.2,121989920.39999999
2025-08-01 09:20:54 AM,796.65,63,50188.95,122040109.35
2025-08-01 09:20:54 AM,797.2,34,27104.800000000003,122067214.14999999
2025-08-01 09:20:55 AM,796.7,491,391179.7,122458393.85
2025-08-01 09:20:56 AM,797.5,10,7975.0,122466368.85
2025-08-01 09:20:57 AM,797.5,201,160297.5,122626666.35
2025-08-01 09:20:58 AM,796.75,445,354553.75,122981220.1
2025-08-01 09:20:59 AM,796.6,0,0.0,122981220.1
2025-08-01 09:20:59 AM,796.6,3,2389.8,122983609.89999999
2025-08-01 09:21:00 AM,796.85,121,96418.85,123080028.74999999
2025-08-01 09:21:00 AM,797.4,0,0.0,123080028.74999999
2025-08-01 09:21:01 AM,797.5,267,212932.5,123292961.24999999
2025-08-01 09:21:01 AM,797.45,0,0.0,123292961.24999999
2025-08-01 09:21:02 AM,797.45,5,3987.25,123296948.49999999
2025-08-01 09:21:02 AM,797.5,114,90915.0,123387863.49999999
2025-08-01 09:21:03 AM,797.45,24,19138.800000000003,123407002.29999998
2025-08-01 09:21:04 AM,797.45,105,83732.25,123490734.54999998
2025-08-01 09:21:04 AM,797.5,85,67787.5,123558522.04999998
2025-08-01 09:21:05 AM,797.5,52,41470.0,123599992.04999998
2025-08-01 09:21:06 AM,797.45,317,252791.65000000002,123852783.69999999
2025-08-01 09:21:07 AM,797.45,23,18341.350000000002,123871125.04999998
2025-08-01 09:21:08 AM,798.4,310,247504.0,124118629.04999998
2025-08-01 09:21:09 AM,798.5,0,0.0,124118629.04999998
2025-08-01 09:21:09 AM,798.5,115,91827.5,124210456.54999998
2025-08-01 09:21:10 AM,799.0,0,0.0,124210456.54999998
2025-08-01 09:21:11 AM,799.0,182,145418.0,124355874.54999998
2025-08-01 09:21:11 AM,799.0,29,23171.0,124379045.54999998
2025-08-01 09:21:11 AM,799.0,471,376329.0,124755374.54999998
2025-08-01 09:21:12 AM,798.0,346,276108.0,125031482.54999998
2025-08-01 09:21:13 AM,798.0,87,69426.0,125100908.54999998
2025-08-01 09:21:13 AM,797.95,0,0.0,125100908.54999998
2025-08-01 09:21:14 AM,798.0,89,71022.0,125171930.54999998
2025-08-01 09:21:14 AM,798.0,48,38304.0,125210234.54999998
2025-08-01 09:21:14 AM,798.7,0,0.0,125210234.54999998
2025-08-01 09:21:15 AM,798.95,179,143012.05000000002,125353246.59999998
2025-08-01 09:21:16 AM,799.0,90,71910.0,125425156.59999998
2025-08-01 09:21:17 AM,798.95,172,137419.4,125562575.99999999
2025-08-01 09:21:18 AM,798.05,0,0.0,125562575.99999999
2025-08-01 09:21:19 AM,798.05,107,85391.34999999999,125647967.34999998
2025-08-01 09:21:20 AM,798.95,77,61519.15,125709486.49999999
2025-08-01 09:21:21 AM,799.0,0,0.0,125709486.49999999
2025-08-01 09:21:21 AM,799.0,19,15181.0,125724667.49999999
2025-08-01 09:21:22 AM,799.0,511,408289.0,126132956.49999999
2025-08-01 09:21:23 AM,798.95,0,0.0,126132956.49999999
2025-08-01 09:21:23 AM,798.95,8,6391.6,126139348.09999998
2025-08-01 09:21:23 AM,799.0,0,0.0,126139348.09999998
2025-08-01 09:21:24 AM,799.0,48,38352.0,126177700.09999998
2025-08-01 09:21:25 AM,799.0,233,186167.0,126363867.09999998
2025-08-01 09:21:25 AM,798.95,22,17576.9,126381443.99999999
2025-08-01 09:21:25 AM,799.35,0,0.0,126381443.99999999
2025-08-01 09:21:25 AM,799.8,0,0.0,126381443.99999999
2025-08-01 09:21:26 AM,799.8,1099,878980.2,127260424.19999999
2025-08-01 09:21:26 AM,798.2,0,0.0,127260424.19999999
2025-08-01 09:21:27 AM,798.45,1177,939775.65,128200199.85
2025-08-01 09:21:27 AM,798.0,1,798.0,128200997.85
2025-08-01 09:21:27 AM,798.75,0,0.0,128200997.85
2025-08-01 09:21:27 AM,798.95,0,0.0,128200997.85
2025-08-01 09:21:28 AM,799.3,626,500361.8,128701359.64999999
2025-08-01 09:21:28 AM,798.95,5,3994.75,128705354.39999999
2025-08-01 09:21:28 AM,799.2,0,0.0,128705354.39999999
2025-08-01 09:21:28 AM,799.25,0,0.0,128705354.39999999
2025-08-01 09:21:29 AM,799.25,143,114292.75,128819647.14999999
2025-08-01 09:21:29 AM,799.8,1062,849387.6,129669034.74999999
2025-08-01 09:21:30 AM,799.8,31,24793.8,129693828.54999998
2025-08-01 09:21:31 AM,799.25,1300,1039025.0,130732853.54999998
2025-08-01 09:21:31 AM,799.4,0,0.0,130732853.54999998
2025-08-01 09:21:32 AM,799.4,5,3997.0,130736850.54999998
2025-08-01 09:21:33 AM,798.3,35,27940.5,130764791.04999998
2025-08-01 09:21:34 AM,798.9,92,73498.8,130838289.84999998
2025-08-01 09:21:36 AM,798.15,303,241839.44999999998,131080129.29999998
2025-08-01 09:21:37 AM,797.95,51,40695.450000000004,131120824.74999999
2025-08-01 09:21:37 AM,798.85,287,229269.95,131350094.69999999
2025-08-01 09:21:38 AM,798.1,31,24741.100000000002,131374835.79999998
2025-08-01 09:21:38 AM,798.5,0,0.0,131374835.79999998
2025-08-01 09:21:39 AM,798.5,34,27149.0,131401984.79999998
2025-08-01 09:21:40 AM,797.3,88,70162.4,131472147.19999999
2025-08-01 09:21:40 AM,797.45,24,19138.800000000003,131491285.99999999
2025-08-01 09:21:40 AM,797.6,0,0.0,131491285.99999999
2025-08-01 09:21:41 AM,797.6,59,47058.4,131538344.39999999
2025-08-01 09:21:41 AM,797.95,28,22342.600000000002,131560686.99999999
2025-08-01 09:21:42 AM,798.85,432,345103.2,131905790.19999999
2025-08-01 09:21:42 AM,797.6,539,429906.4,132335696.6
2025-08-01 09:21:42 AM,798.15,0,0.0,132335696.6
2025-08-01 09:21:43 AM,798.15,112,89392.8,132425089.39999999
2025-08-01 09:21:43 AM,797.85,0,0.0,132425089.39999999
2025-08-01 09:21:44 AM,798.4,140,111776.0,132536865.39999999
2025-08-01 09:21:45 AM,798.25,2,1596.5,132538461.89999999
2025-08-01 09:21:45 AM,798.35,43,34329.05,132572790.94999999
2025-08-01 09:21:46 AM,798.3,0,0.0,132572790.94999999
2025-08-01 09:21:46 AM,798.3,25,19957.5,132592748.44999999
2025-08-01 09:21:47 AM,798.75,75,59906.25,132652654.69999999
2025-08-01 09:21:47 AM,798.65,0,0.0,132652654.69999999
2025-08-01 09:21:47 AM,798.65,10,7986.5,132660641.19999999
2025-08-01 09:21:48 AM,798.45,97,77449.65000000001,132738090.85
2025-08-01 09:21:48 AM,798.6,9,7187.400000000001,132745278.25
2025-08-01 09:21:49 AM,797.75,10,7977.5,132753255.75
2025-08-01 09:21:50 AM,798.25,0,0.0,132753255.75
2025-08-01 09:21:50 AM,798.25,15,11973.75,132765229.5
2025-08-01 09:21:52 AM,798.8,0,0.0,132765229.5
2025-08-01 09:21:52 AM,798.5,0,0.0,132765229.5
2025-08-01 09:21:52 AM,798.5,205,163692.5,132928922.0
2025-08-01 09:21:53 AM,798.9,0,0.0,132928922.0
2025-08-01 09:21:54 AM,798.9,164,131019.59999999999,133059941.6
2025-08-01 09:21:54 AM,798.85,0,0.0,133059941.6
2025-08-01 09:21:55 AM,798.85,8,6390.8,133066332.39999999
2025-08-01 09:21:55 AM,798.85,30,23965.5,133090297.89999999
2025-08-01 09:21:56 AM,799.0,37,29563.0,133119860.89999999
2025-08-01 09:21:57 AM,799.0,86,68714.0,133188574.89999999
2025-08-01 09:21:57 AM,799.0,530,423470.0,133612044.89999999
2025-08-01 09:21:57 AM,798.5,0,0.0,133612044.89999999
2025-08-01 09:21:58 AM,798.5,13,10380.5,133622425.39999999
2025-08-01 09:21:59 AM,798.2,16,12771.2,133635196.6
2025-08-01 09:22:00 AM,797.85,61,48668.85,133683865.44999999
2025-08-01 09:22:00 AM,798.0,0,0.0,133683865.44999999
2025-08-01 09:22:00 AM,798.0,45,35910.0,133719775.44999999
2025-08-01 09:22:01 AM,798.85,67,53522.950000000004,133773298.39999999
2025-08-01 09:22:01 AM,798.0,0,0.0,133773298.39999999
2025-08-01 09:22:01 AM,798.6,0,0.0,133773298.39999999
2025-08-01 09:22:01 AM,798.6,33,26353.8,133799652.19999999
2025-08-01 09:22:02 AM,798.9,110,87879.0,133887531.19999999
2025-08-01 09:22:02 AM,798.05,0,0.0,133887531.19999999
2025-08-01 09:22:02 AM,798.05,75,59853.75,133947384.94999999
2025-08-01 09:22:03 AM,798.05,14,11172.699999999999,133958557.64999999
2025-08-01 09:22:04 AM,798.15,0,0.0,133958557.64999999
2025-08-01 09:22:04 AM,798.15,84,67044.59999999999,134025602.24999999
2025-08-01 09:22:05 AM,798.15,9,7183.349999999999,134032785.59999998
2025-08-01 09:22:07 AM,798.15,23,18357.45,134051143.04999998
2025-08-01 09:22:07 AM,798.2,0,0.0,134051143.04999998
2025-08-01 09:22:08 AM,797.75,36,28719.0,134079862.04999998
2025-08-01 09:22:08 AM,797.75,1071,854390.25,134934252.29999998
2025-08-01 09:22:09 AM,798.2,8,6385.6,134940637.89999998
2025-08-01 09:22:10 AM,798.7,369,294720.3,135235358.2
2025-08-01 09:22:11 AM,799.0,371,296429.0,135531787.2
2025-08-01 09:22:12 AM,799.0,259,206941.0,135738728.2
2025-08-01 09:22:12 AM,797.8,0,0.0,135738728.2
2025-08-01 09:22:13 AM,798.05,108,86189.4,135824917.6
2025-08-01 09:22:14 AM,799.0,122,97478.0,135922395.6
2025-08-01 09:22:15 AM,799.0,271,216529.0,136138924.6
2025-08-01 09:22:15 AM,799.0,31,24769.0,136163693.6
2025-08-01 09:22:18 AM,799.0,102,81498.0,136245191.6
2025-08-01 09:22:19 AM,799.0,50,39950.0,136285141.6
2025-08-01 09:22:20 AM,799.0,77,61523.0,136346664.6
2025-08-01 09:22:20 AM,798.95,216,172573.2,136519237.79999998
2025-08-01 09:22:21 AM,799.0,52,41548.0,136560785.79999998
2025-08-01 09:22:22 AM,798.95,19,15180.050000000001,136575965.85
2025-08-01 09:22:22 AM,798.9,15,11983.5,136587949.35
2025-08-01 09:22:23 AM,798.9,1,798.9,136588748.25
2025-08-01 09:22:24 AM,798.85,17,13580.45,136602328.7
2025-08-01 09:22:25 AM,798.85,1,798.85,136603127.54999998
2025-08-01 09:22:25 AM,798.8,0,0.0,136603127.54999998
2025-08-01 09:22:26 AM,798.1,31,24741.100000000002,136627868.64999998
2025-08-01 09:22:27 AM,798.9,105,83884.5,136711753.14999998
2025-08-01 09:22:27 AM,798.9,16,12782.4,136724535.54999998
2025-08-01 09:22:28 AM,799.0,627,500973.0,137225508.54999998
2025-08-01 09:22:29 AM,798.45,2,1596.9,137227105.45
2025-08-01 09:22:30 AM,799.0,977,780623.0,138007728.45
2025-08-01 09:22:31 AM,798.95,169,135022.55000000002,138142751.0
2025-08-01 09:22:33 AM,798.8,22,17573.6,138160324.6
2025-08-01 09:22:33 AM,799.0,367,293233.0,138453557.6
2025-08-01 09:22:34 AM,798.95,3,2396.8500000000004,138455954.45
2025-08-01 09:22:35 AM,798.95,1,798.95,138456753.39999998
2025-08-01 09:22:36 AM,798.95,7,5592.650000000001,138462346.04999998
2025-08-01 09:22:37 AM,799.0,47,37553.0,138499899.04999998
2025-08-01 09:22:37 AM,798.45,0,0.0,138499899.04999998
2025-08-01 09:22:38 AM,798.45,100,79845.0,138579744.04999998
2025-08-01 09:22:38 AM,799.0,194,155006.0,138734750.04999998
2025-08-01 09:22:39 AM,798.95,13,10386.35,138745136.39999998
2025-08-01 09:22:40 AM,799.0,65,51935.0,138797071.39999998
2025-08-01 09:22:41 AM,799.0,80,63920.0,138860991.39999998
2025-08-01 09:22:41 AM,799.0,13,10387.0,138871378.39999998
2025-08-01 09:22:42 AM,798.95,123,98270.85,138969649.24999997
2025-08-01 09:22:43 AM,796.55,4215,3357458.25,142327107.49999997
2025-08-01 09:22:45 AM,796.45,14,11150.300000000001,142338257.79999998
2025-08-01 09:22:45 AM,796.45,5,3982.25,142342240.04999998
2025-08-01 09:22:46 AM,797.45,237,188995.65000000002,142531235.7
2025-08-01 09:22:47 AM,797.2,66,52615.200000000004,142583850.89999998
2025-08-01 09:22:48 AM,797.2,153,121971.6,142705822.49999997
2025-08-01 09:22:48 AM,798.0,230,183540.0,142889362.49999997
2025-08-01 09:22:50 AM,797.7,67,53445.9,142942808.39999998
2025-08-01 09:22:50 AM,798.0,85,67830.0,143010638.39999998
2025-08-01 09:22:51 AM,797.45,49,39075.05,143049713.45
2025-08-01 09:22:51 AM,797.25,1,797.25,143050510.7
2025-08-01 09:22:52 AM,797.0,14,11158.0,143061668.7
2025-08-01 09:22:54 AM,797.3,67,53419.1,143115087.79999998
2025-08-01 09:22:54 AM,797.65,0,0.0,143115087.79999998
2025-08-01 09:22:55 AM,797.65,6,4785.9,143119873.7
2025-08-01 09:22:55 AM,797.55,54,43067.7,143162941.39999998
2025-08-01 09:22:57 AM,797.7,16,12763.2,143175704.59999996
2025-08-01 09:22:58 AM,797.05,0,0.0,143175704.59999996
2025-08-01 09:22:59 AM,797.05,24,19129.199999999997,143194833.79999995
2025-08-01 09:22:59 AM,797.6,0,0.0,143194833.79999995
2025-08-01 09:23:00 AM,797.6,22,17547.2,143212380.99999994
2025-08-01 09:23:00 AM,797.7,0,0.0,143212380.99999994
2025-08-01 09:23:02 AM,797.95,0,0.0,143212380.99999994
2025-08-01 09:23:04 AM,797.3,0,0.0,143212380.99999994
2025-08-01 09:23:05 AM,797.7,353,281588.10000000003,143493969.09999993
2025-08-01 09:23:07 AM,797.6,3,2392.8,143496361.89999995
2025-08-01 09:23:09 AM,797.95,0,0.0,143496361.89999995
2025-08-01 09:23:13 AM,798.5,775,618837.5,144115199.39999995
2025-08-01 09:23:15 AM,798.5,582,464727.0,144579926.39999995
2025-08-01 09:23:17 AM,798.0,0,0.0,144579926.39999995
2025-08-01 09:23:21 AM,798.45,309,246721.05000000002,144826647.44999996
2025-08-01 09:23:22 AM,798.45,454,362496.30000000005,145189143.74999997
2025-08-01 09:23:28 AM,799.0,587,469013.0,145658156.74999997
2025-08-01 09:23:29 AM,798.9,0,0.0,145658156.74999997
2025-08-01 09:23:30 AM,798.95,40,31958.0,145690114.74999997
2025-08-01 09:23:36 AM,797.6,733,584640.8,146274755.54999998
2025-08-01 09:23:37 AM,798.0,0,0.0,146274755.54999998
2025-08-01 09:23:38 AM,798.0,169,134862.0,146409617.54999998
2025-08-01 09:23:43 AM,798.0,369,294462.0,146704079.54999998
2025-08-01 09:23:45 AM,798.0,154,122892.0,146826971.54999998
2025-08-01 09:23:51 AM,798.3,585,467005.5,147293977.04999998
2025-08-01 09:23:53 AM,799.0,32,25568.0,147319545.04999998
2025-08-01 09:23:59 AM,797.9,1634,1303768.5999999999,148623313.64999998
2025-08-01 09:24:02 AM,798.35,0,0.0,148623313.64999998
2025-08-01 09:24:07 AM,796.75,885,705123.75,149328437.39999998
2025-08-01 09:24:08 AM,796.75,38,30276.5,149358713.89999998
2025-08-01 09:24:14 AM,797.1,260,207246.0,149565959.89999998
2025-08-01 09:24:16 AM,797.75,62,49460.5,149615420.39999998
2025-08-01 09:24:22 AM,798.7,341,272356.7,149887777.09999996
2025-08-01 09:24:23 AM,797.0,789,628833.0,150516610.09999996
2025-08-01 09:24:28 AM,797.35,0,0.0,150516610.09999996
2025-08-01 09:24:28 AM,797.0,0,0.0,150516610.09999996
2025-08-01 09:24:31 AM,797.7,1325,1056952.5,151573562.59999996
2025-08-01 09:24:34 AM,797.55,0,0.0,151573562.59999996
2025-08-01 09:24:34 AM,796.85,0,0.0,151573562.59999996
2025-08-01 09:24:37 AM,797.8,864,689299.2,152262861.79999995
2025-08-01 09:24:39 AM,797.5,12,9570.0,152272431.79999995
2025-08-01 09:24:40 AM,797.75,0,0.0,152272431.79999995
2025-08-01 09:24:44 AM,797.6,372,296707.2,152569138.99999994
2025-08-01 09:24:46 AM,797.05,754,600975.7,153170114.69999993
2025-08-01 09:24:46 AM,797.7,0,0.0,153170114.69999993
2025-08-01 09:24:52 AM,797.8,855,682119.0,153852233.69999993
2025-08-01 09:24:53 AM,796.6,0,0.0,153852233.69999993
2025-08-01 09:24:54 AM,796.6,70,55762.0,153907995.69999993
2025-08-01 09:24:59 AM,794.65,910,723131.5,154631127.19999993
2025-08-01 09:25:00 AM,794.85,0,0.0,154631127.19999993
2025-08-01 09:25:01 AM,793.45,688,545893.6,155177020.79999992
2025-08-01 09:25:04 AM,794.1,0,0.0,155177020.79999992
2025-08-01 09:25:05 AM,794.1,17,13499.7,155190520.4999999
2025-08-01 09:25:06 AM,794.25,36,28593.0,155219113.4999999
2025-08-01 09:25:07 AM,794.25,55,43683.75,155262797.2499999
2025-08-01 09:25:08 AM,794.25,8,6354.0,155269151.2499999
2025-08-01 09:25:08 AM,794.2,5,3971.0,155273122.2499999
2025-08-01 09:25:08 AM,794.1,0,0.0,155273122.2499999
2025-08-01 09:25:09 AM,794.1,57,45263.700000000004,155318385.9499999
2025-08-01 09:25:09 AM,793.85,26,20640.100000000002,155339026.0499999
2025-08-01 09:25:11 AM,794.0,0,0.0,155339026.0499999
2025-08-01 09:25:11 AM,794.05,28,22233.399999999998,155361259.4499999
2025-08-01 09:25:12 AM,794.25,157,124697.25,155485956.6999999
2025-08-01 09:25:12 AM,794.25,65,51626.25,155537582.9499999
2025-08-01 09:25:13 AM,795.05,0,0.0,155537582.9499999
2025-08-01 09:25:14 AM,795.05,19,15105.949999999999,155552688.8999999
2025-08-01 09:25:14 AM,794.15,0,0.0,155552688.8999999
2025-08-01 09:25:15 AM,793.85,428,339767.8,155892456.6999999
2025-08-01 09:25:15 AM,794.2,0,0.0,155892456.6999999
2025-08-01 09:25:15 AM,794.45,0,0.0,155892456.6999999
2025-08-01 09:25:16 AM,794.45,169,134262.05000000002,156026718.7499999
2025-08-01 09:25:16 AM,795.1,0,0.0,156026718.7499999
2025-08-01 09:25:17 AM,795.1,20,15902.0,156042620.7499999
2025-08-01 09:25:17 AM,795.0,154,122430.0,156165050.7499999
2025-08-01 09:25:18 AM,794.95,135,107318.25,156272368.9999999
2025-08-01 09:25:21 AM,795.0,22,17490.0,156289858.9999999
2025-08-01 09:25:21 AM,795.0,565,449175.0,156739033.9999999
2025-08-01 09:25:22 AM,795.0,4,3180.0,156742213.9999999
2025-08-01 09:25:22 AM,795.0,149,118455.0,156860668.9999999
2025-08-01 09:25:24 AM,795.0,102,81090.0,156941758.9999999
2025-08-01 09:25:25 AM,795.0,64,50880.0,156992638.9999999
2025-08-01 09:25:26 AM,795.0,17,13515.0,157006153.9999999
2025-08-01 09:25:27 AM,795.0,12,9540.0,157015693.9999999
2025-08-01 09:25:27 AM,795.0,14,11130.0,157026823.9999999
2025-08-01 09:25:29 AM,795.0,52,41340.0,157068163.9999999
2025-08-01 09:25:29 AM,795.5,0,0.0,157068163.9999999
2025-08-01 09:25:30 AM,795.5,44,35002.0,157103165.9999999
2025-08-01 09:25:31 AM,794.95,0,0.0,157103165.9999999
2025-08-01 09:25:32 AM,794.95,100,79495.0,157182660.9999999
2025-08-01 09:25:32 AM,796.0,0,0.0,157182660.9999999
2025-08-01 09:25:33 AM,796.8,345,274896.0,157457556.9999999
2025-08-01 09:25:33 AM,795.6,0,0.0,157457556.9999999
2025-08-01 09:25:34 AM,796.75,119,94813.25,157552370.2499999
2025-08-01 09:25:35 AM,796.85,0,0.0,157552370.2499999
2025-08-01 09:25:36 AM,796.85,16,12749.6,157565119.8499999
2025-08-01 09:25:37 AM,796.2,0,0.0,157565119.8499999
2025-08-01 09:25:38 AM,796.2,19,15127.800000000001,157580247.64999992
2025-08-01 09:25:38 AM,796.6,0,0.0,157580247.64999992
2025-08-01 09:25:39 AM,796.6,129,102761.40000000001,157683009.04999992
2025-08-01 09:25:39 AM,797.35,0,0.0,157683009.04999992
2025-08-01 09:25:40 AM,797.35,88,70166.8,157753175.84999993
2025-08-01 09:25:40 AM,797.75,18,14359.5,157767535.34999993
2025-08-01 09:25:41 AM,796.75,0,0.0,157767535.34999993
2025-08-01 09:25:42 AM,796.75,200,159350.0,157926885.34999993
2025-08-01 09:25:42 AM,797.7,8,6381.6,157933266.94999993
2025-08-01 09:25:43 AM,797.8,155,123659.0,158056925.94999993
2025-08-01 09:25:45 AM,798.9,0,0.0,158056925.94999993
2025-08-01 09:25:45 AM,798.9,164,131019.59999999999,158187945.54999992
2025-08-01 09:25:46 AM,798.85,0,0.0,158187945.54999992
2025-08-01 09:25:47 AM,798.85,8,6390.8,158194336.34999993
2025-08-01 09:25:47 AM,799.0,0,0.0,158194336.34999993
2025-08-01 09:25:48 AM,799.0,150,119850.0,158314186.34999993
2025-08-01 09:25:48 AM,798.45,0,0.0,158314186.34999993
2025-08-01 09:25:49 AM,798.45,83,66271.35,158380457.69999993
2025-08-01 09:25:49 AM,798.5,100,79850.0,158460307.69999993
2025-08-01 09:25:49 AM,797.85,0,0.0,158460307.69999993
2025-08-01 09:25:50 AM,797.85,22,17552.7,158477860.39999992
2025-08-01 09:25:50 AM,798.9,83,66308.7,158544169.0999999
2025-08-01 09:25:52 AM,798.95,0,0.0,158544169.0999999
2025-08-01 09:25:53 AM,798.95,138,110255.1,158654424.1999999
2025-08-01 09:25:53 AM,799.0,0,0.0,158654424.1999999
2025-08-01 09:25:54 AM,799.0,4,3196.0,158657620.1999999
2025-08-01 09:25:55 AM,799.0,10,7990.0,158665610.1999999
2025-08-01 09:25:56 AM,798.0,100,79800.0,158745410.1999999
2025-08-01 09:25:56 AM,798.45,1,798.45,158746208.6499999
2025-08-01 09:25:57 AM,798.45,9,7186.05,158753394.6999999
2025-08-01 09:25:57 AM,797.2,0,0.0,158753394.6999999
2025-08-01 09:25:57 AM,797.2,252,200894.40000000002,158954289.0999999
2025-08-01 09:25:58 AM,798.2,0,0.0,158954289.0999999
2025-08-01 09:25:58 AM,798.2,25,19955.0,158974244.0999999
2025-08-01 09:26:01 AM,797.4,106,84524.4,159058768.4999999
2025-08-01 09:26:07 AM,798.2,190,151658.0,159210426.4999999
2025-08-01 09:26:07 AM,798.1,0,0.0,159210426.4999999
2025-08-01 09:26:09 AM,798.1,11,8779.1,159219205.5999999
2025-08-01 09:26:14 AM,796.5,0,0.0,159219205.5999999
2025-08-01 09:26:15 AM,796.5,703,559939.5,159779145.0999999
2025-08-01 09:26:17 AM,796.6,51,40626.6,159819771.6999999
2025-08-01 09:26:20 AM,797.95,0,0.0,159819771.6999999
2025-08-01 09:26:22 AM,797.5,509,405927.5,160225699.1999999
2025-08-01 09:26:24 AM,797.5,9,7177.5,160232876.6999999
2025-08-01 09:26:25 AM,798.5,0,0.0,160232876.6999999
2025-08-01 09:26:26 AM,797.9,0,0.0,160232876.6999999
2025-08-01 09:26:30 AM,798.5,2147,1714379.5,161947256.1999999
2025-08-01 09:26:30 AM,798.15,0,0.0,161947256.1999999
2025-08-01 09:26:32 AM,799.0,723,577677.0,162524933.1999999
2025-08-01 09:26:38 AM,799.0,86,68714.0,162593647.1999999
2025-08-01 09:26:45 AM,798.1,2084,1663240.4000000001,164256887.5999999
2025-08-01 09:26:47 AM,798.9,0,0.0,164256887.5999999
2025-08-01 09:26:50 AM,798.25,0,0.0,164256887.5999999
2025-08-01 09:26:53 AM,799.0,169,135031.0,164391918.5999999
2025-08-01 09:26:54 AM,799.0,365,291635.0,164683553.5999999
2025-08-01 09:27:00 AM,799.0,741,592059.0,165275612.5999999
2025-08-01 09:27:08 AM,799.0,221,176579.0,165452191.5999999
2025-08-01 09:27:11 AM,798.95,0,0.0,165452191.5999999
2025-08-01 09:27:15 AM,799.0,1167,932433.0,166384624.5999999
2025-08-01 09:27:16 AM,798.8,0,0.0,166384624.5999999
2025-08-01 09:27:16 AM,799.5,36,28782.0,166413406.5999999
2025-08-01 09:27:20 AM,800.0,0,0.0,166413406.5999999
2025-08-01 09:27:23 AM,800.0,3368,2694400.0,169107806.5999999
2025-08-01 09:27:24 AM,800.0,20,16000.0,169123806.5999999
2025-08-01 09:27:30 AM,800.85,679,543777.15,169667583.7499999
2025-08-01 09:27:30 AM,801.0,0,0.0,169667583.7499999
2025-08-01 09:27:31 AM,801.0,35,28035.0,169695618.7499999
2025-08-01 09:27:35 AM,800.95,0,0.0,169695618.7499999
2025-08-01 09:27:36 AM,800.25,0,0.0,169695618.7499999
2025-08-01 09:27:37 AM,800.25,920,736230.0,170431848.7499999
2025-08-01 09:27:39 AM,800.7,21,16814.7,170448663.4499999
2025-08-01 09:27:40 AM,801.0,0,0.0,170448663.4499999
2025-08-01 09:27:45 AM,801.05,1085,869139.25,171317802.6999999
2025-08-01 09:27:45 AM,801.0,0,0.0,171317802.6999999
2025-08-01 09:27:46 AM,801.6,38,30460.8,171348263.4999999
2025-08-01 09:27:50 AM,801.0,0,0.0,171348263.4999999
2025-08-01 09:27:51 AM,801.85,0,0.0,171348263.4999999
2025-08-01 09:27:53 AM,801.85,533,427386.05,171775649.54999992
2025-08-01 09:27:54 AM,802.05,2219,1779748.95,173555398.4999999
2025-08-01 09:27:55 AM,801.95,0,0.0,173555398.4999999
2025-08-01 09:27:56 AM,802.85,0,0.0,173555398.4999999
2025-08-01 09:28:01 AM,802.85,378,303477.3,173858875.79999992
2025-08-01 09:28:01 AM,802.25,0,0.0,173858875.79999992
2025-08-01 09:28:02 AM,802.85,2,1605.7,173860481.4999999
2025-08-01 09:28:10 AM,802.5,1775,1424437.5,175284918.9999999
2025-08-01 09:28:13 AM,803.3,0,0.0,175284918.9999999
2025-08-01 09:28:14 AM,803.2,0,0.0,175284918.9999999
2025-08-01 09:28:16 AM,802.85,1503,1206683.55,176491602.54999992
2025-08-01 09:28:24 AM,802.95,141,113215.95000000001,176604818.4999999
2025-08-01 09:28:24 AM,802.45,0,0.0,176604818.4999999
2025-08-01 09:28:25 AM,803.3,422,338992.6,176943811.0999999
2025-08-01 09:28:30 AM,803.0,0,0.0,176943811.0999999
2025-08-01 09:28:30 AM,804.0,0,0.0,176943811.0999999
2025-08-01 09:28:31 AM,804.0,1344,1080576.0,178024387.0999999
2025-08-01 09:28:32 AM,804.0,1118,898872.0,178923259.0999999
2025-08-01 09:28:36 AM,804.7,0,0.0,178923259.0999999
2025-08-01 09:28:39 AM,804.8,356,286508.8,179209767.89999992
2025-08-01 09:28:40 AM,804.85,142,114288.7,179324056.5999999
2025-08-01 09:28:42 AM,806.65,0,0.0,179324056.5999999
2025-08-01 09:28:46 AM,806.8,0,0.0,179324056.5999999
2025-08-01 09:28:46 AM,806.0,6292,5071352.0,184395408.5999999
2025-08-01 09:28:47 AM,804.8,0,0.0,184395408.5999999
2025-08-01 09:28:48 AM,804.8,500,402400.0,184797808.5999999
2025-08-01 09:28:51 AM,805.0,0,0.0,184797808.5999999
2025-08-01 09:28:54 AM,805.0,329,264845.0,185062653.5999999
2025-08-01 09:28:55 AM,805.0,71,57155.0,185119808.5999999
2025-08-01 09:28:57 AM,806.0,0,0.0,185119808.5999999
2025-08-01 09:28:58 AM,804.55,0,0.0,185119808.5999999
2025-08-01 09:29:02 AM,804.85,1758,1414926.3,186534734.89999992
2025-08-01 09:29:03 AM,805.0,0,0.0,186534734.89999992
2025-08-01 09:29:03 AM,805.25,265,213391.25,186748126.14999992
2025-08-01 09:29:04 AM,805.2,0,0.0,186748126.14999992
2025-08-01 09:29:09 AM,805.8,0,0.0,186748126.14999992
2025-08-01 09:29:09 AM,805.25,616,496034.0,187244160.14999992
2025-08-01 09:29:11 AM,804.5,1,804.5,187244964.64999992
2025-08-01 09:29:15 AM,805.05,0,0.0,187244964.64999992
2025-08-01 09:29:15 AM,804.95,0,0.0,187244964.64999992
2025-08-01 09:29:17 AM,805.3,320,257696.0,187502660.64999992
2025-08-01 09:29:18 AM,804.9,217,174663.3,187677323.94999993
2025-08-01 09:29:20 AM,805.1,0,0.0,187677323.94999993
2025-08-01 09:29:25 AM,805.15,1972,1587755.8,189265079.74999994
2025-08-01 09:29:25 AM,805.05,0,0.0,189265079.74999994
2025-08-01 09:29:26 AM,805.0,0,0.0,189265079.74999994
2025-08-01 09:29:26 AM,805.0,25,20125.0,189285204.74999994
2025-08-01 09:29:30 AM,806.0,0,0.0,189285204.74999994
2025-08-01 09:29:32 AM,806.5,198,159687.0,189444891.74999994
2025-08-01 09:29:33 AM,806.55,53,42747.149999999994,189487638.89999995
2025-08-01 09:29:35 AM,805.5,0,0.0,189487638.89999995
2025-08-01 09:29:40 AM,805.75,4224,3403488.0,192891126.89999995
2025-08-01 09:29:40 AM,805.55,0,0.0,192891126.89999995
2025-08-01 09:29:41 AM,805.95,369,297395.55,193188522.44999996
2025-08-01 09:29:45 AM,806.15,0,0.0,193188522.44999996
2025-08-01 09:29:47 AM,806.15,148,119310.2,193307832.64999995
2025-08-01 09:29:48 AM,807.0,243,196101.0,193503933.64999995
2025-08-01 09:29:50 AM,806.6,0,0.0,193503933.64999995
2025-08-01 09:29:54 AM,806.5,312,251628.0,193755561.64999995
2025-08-01 09:30:01 AM,806.0,0,0.0,193755561.64999995
2025-08-01 09:30:02 AM,805.0,963,775215.0,194530776.64999995
2025-08-01 09:30:03 AM,804.05,154,123823.7,194654600.34999993
2025-08-01 09:30:09 AM,804.65,0,0.0,194654600.34999993
2025-08-01 09:30:10 AM,804.45,1530,1230808.5,195885408.84999993
2025-08-01 09:30:11 AM,803.2,164,131724.80000000002,196017133.64999995
2025-08-01 09:30:15 AM,801.75,0,0.0,196017133.64999995
2025-08-01 09:30:17 AM,802.2,1655,1327641.0,197344774.64999995
2025-08-01 09:30:18 AM,802.7,577,463157.9,197807932.54999995
2025-08-01 09:30:22 AM,802.8,0,0.0,197807932.54999995
2025-08-01 09:30:23 AM,802.85,0,0.0,197807932.54999995
2025-08-01 09:30:25 AM,802.85,145,116413.25,197924345.79999995
2025-08-01 09:30:29 AM,803.85,0,0.0,197924345.79999995
2025-08-01 09:30:32 AM,803.1,1127,905093.7000000001,198829439.49999994
2025-08-01 09:30:36 AM,803.7,0,0.0,198829439.49999994
2025-08-01 09:30:39 AM,803.85,1552,1247575.2,200077014.69999993
2025-08-01 09:30:40 AM,804.25,1041,837224.25,200914238.94999993
2025-08-01 09:30:43 AM,804.7,0,0.0,200914238.94999993
2025-08-01 09:30:47 AM,805.0,354,284970.0,201199208.94999993
2025-08-01 09:30:50 AM,805.5,0,0.0,201199208.94999993
2025-08-01 09:30:53 AM,805.2,0,0.0,201199208.94999993
2025-08-01 09:30:54 AM,806.0,611,492466.0,201691674.94999993
2025-08-01 09:30:56 AM,806.3,0,0.0,201691674.94999993
2025-08-01 09:30:59 AM,806.1,0,0.0,201691674.94999993
2025-08-01 09:31:01 AM,806.0,0,0.0,201691674.94999993
2025-08-01 09:31:01 AM,806.0,818,659308.0,202350982.94999993
2025-08-01 09:31:01 AM,806.1,0,0.0,202350982.94999993
2025-08-01 09:31:01 AM,806.1,328,264400.8,202615383.74999994
2025-08-01 09:31:02 AM,806.6,0,0.0,202615383.74999994
2025-08-01 09:31:02 AM,806.6,127,102438.2,202717821.94999993
2025-08-01 09:31:03 AM,806.8,81,65350.799999999996,202783172.74999994
2025-08-01 09:31:03 AM,807.0,0,0.0,202783172.74999994
2025-08-01 09:31:03 AM,807.0,19,15333.0,202798505.74999994
2025-08-01 09:31:04 AM,807.0,6,4842.0,202803347.74999994
2025-08-01 09:31:04 AM,807.0,756,610092.0,203413439.74999994
2025-08-01 09:31:05 AM,806.65,5,4033.25,203417472.99999994
2025-08-01 09:31:05 AM,807.75,0,0.0,203417472.99999994
2025-08-01 09:31:05 AM,807.75,988,798057.0,204215529.99999994
2025-08-01 09:31:06 AM,807.05,100,80705.0,204296234.99999994
2025-08-01 09:31:06 AM,808.0,0,0.0,204296234.99999994
2025-08-01 09:31:06 AM,808.0,170,137360.0,204433594.99999994
2025-08-01 09:31:07 AM,808.0,58,46864.0,204480458.99999994
2025-08-01 09:31:07 AM,807.15,0,0.0,204480458.99999994
2025-08-01 09:31:07 AM,807.15,25,20178.75,204500637.74999994
2025-08-01 09:31:08 AM,806.7,318,256530.6,204757168.34999993
2025-08-01 09:31:09 AM,808.0,0,0.0,204757168.34999993
2025-08-01 09:31:09 AM,807.75,1038,838444.5,205595612.84999993
2025-08-01 09:31:10 AM,807.1,200,161420.0,205757032.84999993
2025-08-01 09:31:11 AM,808.0,1409,1138472.0,206895504.84999993
2025-08-01 09:31:14 AM,807.65,25,20191.25,206915696.09999993
2025-08-01 09:31:14 AM,808.0,739,597112.0,207512808.09999993
2025-08-01 09:31:15 AM,808.0,236,190688.0,207703496.09999993
2025-08-01 09:31:16 AM,808.0,214,172912.0,207876408.09999993
2025-08-01 09:31:16 AM,808.0,1647,1330776.0,209207184.09999993
2025-08-01 09:31:16 AM,807.9,0,0.0,209207184.09999993
2025-08-01 09:31:17 AM,808.0,0,0.0,209207184.09999993
2025-08-01 09:31:17 AM,808.0,2,1616.0,209208800.09999993
2025-08-01 09:31:17 AM,808.7,1,808.7,209209608.79999992
2025-08-01 09:31:18 AM,808.7,3,2426.1000000000004,209212034.89999992
2025-08-01 09:31:19 AM,808.75,100,80875.0,209292909.89999992
2025-08-01 09:31:20 AM,808.55,28,22639.399999999998,209315549.29999992
2025-08-01 09:31:22 AM,808.9,0,0.0,209315549.29999992
2025-08-01 09:31:22 AM,808.9,895,723965.5,210039514.79999992
2025-08-01 09:31:22 AM,808.9,60,48534.0,210088048.79999992
2025-08-01 09:31:24 AM,808.9,500,404450.0,210492498.79999992
2025-08-01 09:31:24 AM,808.9,227,183620.3,210676119.09999993
2025-08-01 09:31:25 AM,808.5,171,138253.5,210814372.59999993
2025-08-01 09:31:25 AM,808.9,0,0.0,210814372.59999993
2025-08-01 09:31:26 AM,809.3,0,0.0,210814372.59999993
2025-08-01 09:31:26 AM,809.3,877,709756.1,211524128.69999993
2025-08-01 09:31:26 AM,809.3,2,1618.6,211525747.29999992
2025-08-01 09:31:27 AM,808.6,200,161720.0,211687467.29999992
2025-08-01 09:31:28 AM,808.45,1005,812492.25,212499959.54999992
2025-08-01 09:31:28 AM,809.25,0,0.0,212499959.54999992
2025-08-01 09:31:29 AM,809.3,0,0.0,212499959.54999992
2025-08-01 09:31:29 AM,808.75,313,253138.75,212753098.29999992
2025-08-01 09:31:29 AM,809.35,0,0.0,212753098.29999992
2025-08-01 09:31:30 AM,809.4,609,492924.6,213246022.89999992
2025-08-01 09:31:31 AM,808.65,80,64692.0,213310714.89999992
2025-08-01 09:31:31 AM,809.35,0,0.0,213310714.89999992
2025-08-01 09:31:32 AM,809.35,39,31564.65,213342279.54999992
2025-08-01 09:31:32 AM,809.0,0,0.0,213342279.54999992
2025-08-01 09:31:33 AM,809.35,170,137589.5,213479869.04999992
2025-08-01 09:31:35 AM,809.4,37,29947.8,213509816.84999993
2025-08-01 09:31:35 AM,808.55,0,0.0,213509816.84999993
2025-08-01 09:31:36 AM,808.95,603,487796.85000000003,213997613.69999993
2025-08-01 09:31:37 AM,809.0,330,266970.0,214264583.69999993
2025-08-01 09:31:37 AM,809.1,98,79291.8,214343875.49999994
2025-08-01 09:31:37 AM,808.5,0,0.0,214343875.49999994
2025-08-01 09:31:38 AM,809.15,28,22656.2,214366531.69999993
2025-08-01 09:31:38 AM,809.2,35,28322.0,214394853.69999993
2025-08-01 09:31:39 AM,808.25,155,125278.75,214520132.44999993
2025-08-01 09:31:39 AM,809.15,0,0.0,214520132.44999993
2025-08-01 09:31:40 AM,809.45,0,0.0,214520132.44999993
2025-08-01 09:31:40 AM,808.1,1310,1058611.0,215578743.44999993
2025-08-01 09:31:41 AM,809.6,3065,2481424.0,218060167.44999993
2025-08-01 09:31:42 AM,809.6,300,242880.0,218303047.44999993
2025-08-01 09:31:43 AM,809.6,204,165158.4,218468205.84999993
2025-08-01 09:31:44 AM,809.2,176,142419.2,218610625.04999992
2025-08-01 09:31:44 AM,809.6,0,0.0,218610625.04999992
2025-08-01 09:31:45 AM,809.6,134,108486.40000000001,218719111.44999993
2025-08-01 09:31:45 AM,809.6,26,21049.600000000002,218740161.04999992
2025-08-01 09:31:46 AM,810.0,250,202500.0,218942661.04999992
2025-08-01 09:31:46 AM,809.6,0,0.0,218942661.04999992
2025-08-01 09:31:47 AM,810.0,0,0.0,218942661.04999992
2025-08-01 09:31:47 AM,809.55,124,100384.2,219043045.2499999
2025-08-01 09:31:47 AM,809.5,0,0.0,219043045.2499999
2025-08-01 09:31:48 AM,809.6,55,44528.0,219087573.2499999
2025-08-01 09:31:48 AM,809.8,174,140905.19999999998,219228478.4499999
2025-08-01 09:31:49 AM,809.55,216,174862.8,219403341.2499999
2025-08-01 09:31:49 AM,809.6,0,0.0,219403341.2499999
2025-08-01 09:31:50 AM,809.75,1140,923115.0,220326456.2499999
2025-08-01 09:31:53 AM,809.6,0,0.0,220326456.2499999
2025-08-01 09:31:53 AM,809.1,320,258912.0,220585368.2499999
2025-08-01 09:31:53 AM,809.75,15,12146.25,220597514.4999999
2025-08-01 09:31:54 AM,809.05,10,8090.5,220605604.9999999
2025-08-01 09:31:56 AM,809.0,110,88990.0,220694594.9999999
2025-08-01 09:31:56 AM,809.65,0,0.0,220694594.9999999
2025-08-01 09:31:57 AM,809.8,268,217026.4,220911621.39999992
2025-08-01 09:31:57 AM,809.8,18,14576.4,220926197.79999992
2025-08-01 09:31:58 AM,809.3,75,60697.5,220986895.29999992
2025-08-01 09:31:58 AM,809.8,27,21864.6,221008759.89999992
2025-08-01 09:31:59 AM,809.8,50,40490.0,221049249.89999992
2025-08-01 09:32:00 AM,809.5,0,0.0,221049249.89999992
2025-08-01 09:32:01 AM,809.25,0,0.0,221049249.89999992
2025-08-01 09:32:02 AM,809.5,60,48570.0,221097819.89999992
2025-08-01 09:32:03 AM,809.5,107,86616.5,221184436.39999992
2025-08-01 09:32:03 AM,809.8,0,0.0,221184436.39999992
2025-08-01 09:32:04 AM,809.5,0,0.0,221184436.39999992
2025-08-01 09:32:05 AM,809.5,282,228279.0,221412715.39999992
2025-08-01 09:32:05 AM,809.75,0,0.0,221412715.39999992
2025-08-01 09:32:05 AM,809.2,73,59071.600000000006,221471786.9999999
2025-08-01 09:32:07 AM,809.7,0,0.0,221471786.9999999
2025-08-01 09:32:07 AM,809.7,82,66395.40000000001,221538182.39999992
2025-08-01 09:32:08 AM,809.8,0,0.0,221538182.39999992
2025-08-01 09:32:08 AM,809.8,88,71262.4,221609444.79999992
2025-08-01 09:32:10 AM,808.65,0,0.0,221609444.79999992
2025-08-01 09:32:10 AM,808.65,3405,2753453.25,224362898.04999992
2025-08-01 09:32:11 AM,808.0,0,0.0,224362898.04999992
2025-08-01 09:32:11 AM,808.0,210,169680.0,224532578.04999992
2025-08-01 09:32:12 AM,808.65,0,0.0,224532578.04999992
2025-08-01 09:32:13 AM,808.65,245,198119.25,224730697.29999992
2025-08-01 09:32:13 AM,809.0,0,0.0,224730697.29999992
2025-08-01 09:32:13 AM,809.0,185,149665.0,224880362.29999992
2025-08-01 09:32:14 AM,808.35,0,0.0,224880362.29999992
2025-08-01 09:32:14 AM,808.35,45,36375.75,224916738.04999992
2025-08-01 09:32:15 AM,809.4,0,0.0,224916738.04999992
2025-08-01 09:32:15 AM,809.4,50,40470.0,224957208.04999992
2025-08-01 09:32:16 AM,809.8,0,0.0,224957208.04999992
2025-08-01 09:32:18 AM,809.25,0,0.0,224957208.04999992
2025-08-01 09:32:18 AM,809.25,567,458844.75,225416052.79999992
2025-08-01 09:32:19 AM,809.35,0,0.0,225416052.79999992
2025-08-01 09:32:20 AM,809.25,109,88208.25,225504261.04999992
2025-08-01 09:32:21 AM,809.2,0,0.0,225504261.04999992
2025-08-01 09:32:21 AM,809.2,265,214438.0,225718699.04999992
2025-08-01 09:32:22 AM,809.8,0,0.0,225718699.04999992
2025-08-01 09:32:22 AM,809.8,135,109323.0,225828022.04999992
2025-08-01 09:32:23 AM,809.8,150,121470.0,225949492.04999992
2025-08-01 09:32:24 AM,809.25,0,0.0,225949492.04999992
2025-08-01 09:32:25 AM,809.25,505,408671.25,226358163.29999992
2025-08-01 09:32:26 AM,809.7,0,0.0,226358163.29999992
2025-08-01 09:32:26 AM,809.7,100,80970.0,226439133.29999992
2025-08-01 09:32:27 AM,809.25,0,0.0,226439133.29999992
2025-08-01 09:32:27 AM,809.25,262,212023.5,226651156.79999992
2025-08-01 09:32:28 AM,809.8,0,0.0,226651156.79999992
2025-08-01 09:32:28 AM,808.55,2863,2314878.65,228966035.44999993
2025-08-01 09:32:29 AM,809.05,0,0.0,228966035.44999993
2025-08-01 09:32:29 AM,809.05,670,542063.5,229508098.94999993
2025-08-01 09:32:30 AM,808.35,0,0.0,229508098.94999993
2025-08-01 09:32:30 AM,808.35,392,316873.2,229824972.14999992
2025-08-01 09:32:31 AM,807.15,0,0.0,229824972.14999992
2025-08-01 09:32:31 AM,807.25,1178,950940.5,230775912.64999992
2025-08-01 09:32:32 AM,808.5,0,0.0,230775912.64999992
2025-08-01 09:32:32 AM,808.5,463,374335.5,231150248.14999992
2025-08-01 09:32:33 AM,808.35,0,0.0,231150248.14999992
2025-08-01 09:32:33 AM,808.35,171,138227.85,231288475.9999999
2025-08-01 09:32:34 AM,808.5,10,8085.0,231296560.9999999
2025-08-01 09:32:35 AM,807.95,0,0.0,231296560.9999999
2025-08-01 09:32:36 AM,808.55,603,487555.64999999997,231784116.64999992
2025-08-01 09:32:37 AM,808.65,221,178711.65,231962828.29999992
2025-08-01 09:32:37 AM,808.15,0,0.0,231962828.29999992
2025-08-01 09:32:38 AM,809.0,98,79282.0,232042110.29999992
2025-08-01 09:32:39 AM,809.0,181,146429.0,232188539.29999992
2025-08-01 09:32:40 AM,808.0,767,619736.0,232808275.29999992
2025-08-01 09:32:41 AM,807.95,63,50900.850000000006,232859176.14999992
2025-08-01 09:32:42 AM,809.0,374,302566.0,233161742.14999992
2025-08-01 09:32:43 AM,809.0,683,552547.0,233714289.14999992
2025-08-01 09:32:44 AM,808.6,0,0.0,233714289.14999992
2025-08-01 09:32:45 AM,809.0,0,0.0,233714289.14999992
2025-08-01 09:32:45 AM,809.0,258,208722.0,233923011.14999992
2025-08-01 09:32:46 AM,808.5,6,4851.0,233927862.14999992
2025-08-01 09:32:47 AM,809.0,33,26697.0,233954559.14999992
2025-08-01 09:32:48 AM,808.45,50,40422.5,233994981.64999992
2025-08-01 09:32:48 AM,809.0,20,16180.0,234011161.64999992
2025-08-01 09:32:49 AM,808.6,10,8086.0,234019247.64999992
2025-08-01 09:32:50 AM,808.55,10,8085.5,234027333.14999992
2025-08-01 09:32:50 AM,808.45,0,0.0,234027333.14999992
2025-08-01 09:32:51 AM,808.45,176,142287.2,234169620.3499999
2025-08-01 09:32:51 AM,807.85,0,0.0,234169620.3499999
2025-08-01 09:32:52 AM,807.85,1008,814312.8,234983933.14999992
2025-08-01 09:32:53 AM,808.1,327,264248.7,235248181.8499999
2025-08-01 09:32:53 AM,809.2,0,0.0,235248181.8499999
2025-08-01 09:32:54 AM,807.5,1472,1188640.0,236436821.8499999
2025-08-01 09:32:55 AM,807.8,0,0.0,236436821.8499999
2025-08-01 09:32:56 AM,807.8,120,96936.0,236533757.8499999
2025-08-01 09:32:56 AM,807.6,0,0.0,236533757.8499999
2025-08-01 09:32:57 AM,807.6,20,16152.0,236549909.8499999
2025-08-01 09:32:58 AM,807.95,1,807.95,236550717.7999999
2025-08-01 09:32:59 AM,807.9,0,0.0,236550717.7999999
2025-08-01 09:33:00 AM,808.0,93,75144.0,236625861.7999999
2025-08-01 09:33:01 AM,807.0,200,161400.0,236787261.7999999
2025-08-01 09:33:02 AM,808.15,2001,1617108.15,238404369.9499999
2025-08-01 09:33:02 AM,808.65,0,0.0,238404369.9499999
2025-08-01 09:33:03 AM,808.65,161,130192.65,238534562.5999999
2025-08-01 09:33:06 AM,808.8,43,34778.4,238569340.9999999
2025-08-01 09:33:07 AM,808.95,0,0.0,238569340.9999999
2025-08-01 09:33:07 AM,808.95,129,104354.55,238673695.54999992
2025-08-01 09:33:07 AM,808.35,0,0.0,238673695.54999992
2025-08-01 09:33:07 AM,808.35,320,258672.0,238932367.54999992
2025-08-01 09:33:08 AM,809.15,0,0.0,238932367.54999992
2025-08-01 09:33:08 AM,809.15,7,5664.05,238938031.59999993
2025-08-01 09:33:10 AM,808.65,0,0.0,238938031.59999993
2025-08-01 09:33:10 AM,808.65,9,7277.849999999999,238945309.44999993
2025-08-01 09:33:10 AM,808.0,0,0.0,238945309.44999993
2025-08-01 09:33:11 AM,808.0,162,130896.0,239076205.44999993
2025-08-01 09:33:11 AM,808.55,20,16171.0,239092376.44999993
2025-08-01 09:33:13 AM,808.55,1,808.55,239093184.99999994
2025-08-01 09:33:13 AM,808.85,109,88164.65000000001,239181349.64999995
2025-08-01 09:33:14 AM,808.3,50,40415.0,239221764.64999995
2025-08-01 09:33:15 AM,808.95,21,16987.95,239238752.59999993
2025-08-01 09:33:15 AM,809.15,61,49358.15,239288110.74999994
2025-08-01 09:33:16 AM,808.5,10,8085.0,239296195.74999994
2025-08-01 09:33:17 AM,809.15,14,11328.1,239307523.84999993
2025-08-01 09:33:17 AM,809.15,1,809.15,239308332.99999994
2025-08-01 09:33:18 AM,808.8,910,736008.0,240044340.99999994
2025-08-01 09:33:22 AM,809.3,120,97116.0,240141456.99999994
2025-08-01 09:33:22 AM,809.3,100,80930.0,240222386.99999994
2025-08-01 09:33:23 AM,809.3,11,8902.3,240231289.29999995
2025-08-01 09:33:23 AM,809.15,0,0.0,240231289.29999995
2025-08-01 09:33:24 AM,809.15,100,80915.0,240312204.29999995
2025-08-01 09:33:24 AM,809.8,0,0.0,240312204.29999995
2025-08-01 09:33:25 AM,809.75,0,0.0,240312204.29999995
2025-08-01 09:33:25 AM,809.75,11,8907.25,240321111.54999995
2025-08-01 09:33:25 AM,809.8,225,182205.0,240503316.54999995
2025-08-01 09:33:26 AM,809.85,786,636542.1,241139858.64999995
2025-08-01 09:33:27 AM,809.8,0,0.0,241139858.64999995
2025-08-01 09:33:27 AM,809.45,163,131940.35,241271798.99999994
2025-08-01 09:33:28 AM,809.35,50,40467.5,241312266.49999994
2025-08-01 09:33:29 AM,809.3,0,0.0,241312266.49999994
2025-08-01 09:33:29 AM,810.0,7035,5698350.0,247010616.49999994
2025-08-01 09:33:29 AM,809.8,25,20245.0,247030861.49999994
2025-08-01 09:33:30 AM,810.0,500,405000.0,247435861.49999994
2025-08-01 09:33:31 AM,811.2,5446,4417795.2,251853656.69999993
2025-08-01 09:33:31 AM,811.7,38,30844.600000000002,251884501.29999992
2025-08-01 09:33:32 AM,811.3,13,10546.9,251895048.19999993
2025-08-01 09:33:33 AM,811.75,13,10552.75,251905600.94999993
2025-08-01 09:33:33 AM,811.8,132,107157.59999999999,252012758.54999992
2025-08-01 09:33:34 AM,811.9,1,811.9,252013570.44999993
2025-08-01 09:33:34 AM,812.0,0,0.0,252013570.44999993
2025-08-01 09:33:34 AM,812.0,715,580580.0,252594150.44999993
2025-08-01 09:33:36 AM,812.0,1067,866404.0,253460554.44999993
2025-08-01 09:33:36 AM,812.0,1221,991452.0,254452006.44999993
2025-08-01 09:33:37 AM,813.0,660,536580.0,254988586.44999993
2025-08-01 09:33:38 AM,812.45,100,81245.0,255069831.44999993
2025-08-01 09:33:38 AM,813.0,0,0.0,255069831.44999993
2025-08-01 09:33:39 AM,813.0,221,179673.0,255249504.44999993
2025-08-01 09:33:39 AM,813.0,2,1626.0,255251130.44999993
2025-08-01 09:33:40 AM,813.0,33,26829.0,255277959.44999993
2025-08-01 09:33:40 AM,813.45,0,0.0,255277959.44999993
2025-08-01 09:33:41 AM,813.05,351,285380.55,255563339.99999994
2025-08-01 09:33:41 AM,813.4,1320,1073688.0,256637027.99999994
2025-08-01 09:33:42 AM,813.7,100,81370.0,256718397.99999994
2025-08-01 09:33:42 AM,814.8,121,98590.79999999999,256816988.79999995
2025-08-01 09:33:43 AM,814.75,32,26072.0,256843060.79999995
2025-08-01 09:33:44 AM,814.35,222,180785.7,257023846.49999994
2025-08-01 09:33:45 AM,814.75,0,0.0,257023846.49999994
2025-08-01 09:33:45 AM,814.75,553,450556.75,257474403.24999994
2025-08-01 09:33:46 AM,814.5,0,0.0,257474403.24999994
2025-08-01 09:33:47 AM,814.5,45,36652.5,257511055.74999994
2025-08-01 09:33:47 AM,814.95,0,0.0,257511055.74999994
2025-08-01 09:33:48 AM,815.0,194,158110.0,257669165.74999994
2025-08-01 09:33:48 AM,814.95,0,0.0,257669165.74999994
2025-08-01 09:33:49 AM,813.7,2864,2330436.8000000003,259999602.54999995
2025-08-01 09:33:49 AM,813.95,80,65116.0,260064718.54999995
2025-08-01 09:33:49 AM,814.15,0,0.0,260064718.54999995
2025-08-01 09:33:50 AM,814.1,290,236089.0,260300807.54999995
2025-08-01 09:33:51 AM,814.2,0,0.0,260300807.54999995
2025-08-01 09:33:51 AM,813.65,75,61023.75,260361831.29999995
2025-08-01 09:33:51 AM,814.15,0,0.0,260361831.29999995
2025-08-01 09:33:52 AM,814.15,104,84671.59999999999,260446502.89999995
2025-08-01 09:33:53 AM,813.3,0,0.0,260446502.89999995
2025-08-01 09:33:54 AM,813.75,550,447562.5,260894065.39999995
2025-08-01 09:33:54 AM,813.7,23,18715.100000000002,260912780.49999994
2025-08-01 09:33:54 AM,813.75,0,0.0,260912780.49999994
2025-08-01 09:33:55 AM,813.95,78,63488.100000000006,260976268.59999993
2025-08-01 09:33:56 AM,814.05,30,24421.5,261000690.09999993
2025-08-01 09:33:57 AM,814.15,1101,896379.15,261897069.24999994
2025-08-01 09:33:57 AM,814.15,100,81415.0,261978484.24999994
2025-08-01 09:33:59 AM,814.75,0,0.0,261978484.24999994
2025-08-01 09:33:59 AM,814.75,54,43996.5,262022480.74999994
2025-08-01 09:34:00 AM,814.2,0,0.0,262022480.74999994
2025-08-01 09:34:01 AM,813.65,0,0.0,262022480.74999994
2025-08-01 09:34:01 AM,813.65,211,171680.15,262194160.89999995
2025-08-01 09:34:02 AM,814.55,20,16291.0,262210451.89999995
2025-08-01 09:34:02 AM,815.0,1000,815000.0,263025451.89999995
2025-08-01 09:34:03 AM,815.0,388,316220.0,263341671.89999995
2025-08-01 09:34:03 AM,815.0,8,6520.0,263348191.89999995
2025-08-01 09:34:04 AM,815.0,4596,3745740.0,267093931.89999995
2025-08-01 09:34:05 AM,815.15,1910,1556936.5,268650868.4
2025-08-01 09:34:05 AM,815.0,0,0.0,268650868.4
2025-08-01 09:34:06 AM,815.0,3,2445.0,268653313.4
2025-08-01 09:34:06 AM,815.35,60,48921.0,268702234.4
2025-08-01 09:34:07 AM,815.0,0,0.0,268702234.4
2025-08-01 09:34:07 AM,815.15,220,179333.0,268881567.4
2025-08-01 09:34:07 AM,815.35,13,10599.550000000001,268892166.95
2025-08-01 09:34:07 AM,815.2,0,0.0,268892166.95
2025-08-01 09:34:08 AM,815.2,20,16304.0,268908470.95
2025-08-01 09:34:09 AM,815.9,0,0.0,268908470.95
2025-08-01 09:34:09 AM,815.35,510,415828.5,269324299.45
2025-08-01 09:34:10 AM,815.7,763,622379.1,269946678.55
2025-08-01 09:34:11 AM,815.9,0,0.0,269946678.55
2025-08-01 09:34:11 AM,815.9,11,8974.9,269955653.45
2025-08-01 09:34:11 AM,815.15,101,82330.15,270037983.59999996
2025-08-01 09:34:12 AM,815.7,0,0.0,270037983.59999996
2025-08-01 09:34:12 AM,815.7,250,203925.0,270241908.59999996
2025-08-01 09:34:12 AM,815.6,101,82375.6,270324284.2
2025-08-01 09:34:14 AM,815.6,8,6524.8,270330809.0
2025-08-01 09:34:14 AM,815.6,6,4893.6,270335702.6
2025-08-01 09:34:14 AM,815.8,0,0.0,270335702.6
2025-08-01 09:34:15 AM,815.1,0,0.0,270335702.6
2025-08-01 09:34:15 AM,815.1,1319,1075116.9000000001,271410819.5
2025-08-01 09:34:15 AM,815.55,208,169634.4,271580453.9
2025-08-01 09:34:15 AM,815.1,0,0.0,271580453.9
2025-08-01 09:34:16 AM,815.65,77,62805.049999999996,271643258.95
2025-08-01 09:34:16 AM,817.0,1270,1037590.0,272680848.95
2025-08-01 09:34:16 AM,817.4,0,0.0,272680848.95
2025-08-01 09:34:17 AM,817.4,18,14713.199999999999,272695562.15
2025-08-01 09:34:18 AM,817.4,157,128331.8,272823893.95
2025-08-01 09:34:18 AM,818.0,42,34356.0,272858249.95
2025-08-01 09:34:19 AM,818.55,1100,900405.0,273758654.95
2025-08-01 09:34:19 AM,819.0,0,0.0,273758654.95
2025-08-01 09:34:19 AM,819.0,850,696150.0,274454804.95
2025-08-01 09:34:20 AM,818.45,0,0.0,274454804.95
2025-08-01 09:34:20 AM,817.85,29,23717.65,274478522.59999996
2025-08-01 09:34:20 AM,819.0,0,0.0,274478522.59999996
2025-08-01 09:34:21 AM,819.0,503,411957.0,274890479.59999996
2025-08-01 09:34:21 AM,818.8,422,345533.6,275236013.2
2025-08-01 09:34:22 AM,818.8,15,12282.0,275248295.2
2025-08-01 09:34:23 AM,819.0,51,41769.0,275290064.2
2025-08-01 09:34:23 AM,818.9,0,0.0,275290064.2
2025-08-01 09:34:23 AM,818.9,1190,974491.0,276264555.2
2025-08-01 09:34:24 AM,818.6,5,4093.0,276268648.2
2025-08-01 09:34:24 AM,818.65,0,0.0,276268648.2
2025-08-01 09:34:25 AM,818.65,572,468267.8,276736916.0
2025-08-01 09:34:25 AM,818.65,1,818.65,276737734.65
2025-08-01 09:34:25 AM,819.0,0,0.0,276737734.65
2025-08-01 09:34:26 AM,819.0,530,434070.0,277171804.65
2025-08-01 09:34:26 AM,818.6,50,40930.0,277212734.65
2025-08-01 09:34:26 AM,818.25,0,0.0,277212734.65
2025-08-01 09:34:27 AM,818.25,5,4091.25,277216825.9
2025-08-01 09:34:27 AM,818.1,1,818.1,277217644.0
2025-08-01 09:34:27 AM,818.05,0,0.0,277217644.0
2025-08-01 09:34:28 AM,818.65,0,0.0,277217644.0
2025-08-01 09:34:28 AM,818.95,5682,4653273.9,281870917.9
2025-08-01 09:34:28 AM,820.0,0,0.0,281870917.9
2025-08-01 09:34:29 AM,820.0,2811,2305020.0,284175937.9
2025-08-01 09:34:29 AM,819.0,24,19656.0,284195593.9
2025-08-01 09:34:30 AM,819.7,20,16394.0,284211987.9
2025-08-01 09:34:30 AM,818.95,0,0.0,284211987.9
2025-08-01 09:34:31 AM,819.6,36,29505.600000000002,284241493.5
2025-08-01 09:34:31 AM,819.6,30,24588.0,284266081.5
2025-08-01 09:34:32 AM,818.8,667,546139.6,284812221.1
2025-08-01 09:34:33 AM,818.85,350,286597.5,285098818.6
2025-08-01 09:34:33 AM,818.85,25,20471.25,285119289.85
2025-08-01 09:34:34 AM,818.9,153,125291.7,285244581.55
2025-08-01 09:34:34 AM,818.4,25,20460.0,285265041.55
2025-08-01 09:34:34 AM,819.7,0,0.0,285265041.55
2025-08-01 09:34:35 AM,819.0,353,289107.0,285554148.55
2025-08-01 09:34:36 AM,819.65,950,778667.5,286332816.05
2025-08-01 09:34:37 AM,819.1,0,0.0,286332816.05
2025-08-01 09:34:37 AM,819.1,100,81910.0,286414726.05
2025-08-01 09:34:38 AM,819.9,0,0.0,286414726.05
2025-08-01 09:34:39 AM,819.9,237,194316.3,286609042.35
2025-08-01 09:34:39 AM,819.25,83,67997.75,286677040.1
2025-08-01 09:34:39 AM,819.55,0,0.0,286677040.1
2025-08-01 09:34:40 AM,819.0,0,0.0,286677040.1
2025-08-01 09:34:40 AM,819.0,140,114660.0,286791700.1
2025-08-01 09:34:40 AM,818.85,322,263669.7,287055369.8
2025-08-01 09:34:40 AM,818.95,0,0.0,287055369.8
2025-08-01 09:34:41 AM,818.95,135,110558.25,287165928.05
2025-08-01 09:34:41 AM,818.15,35,28635.25,287194563.3
2025-08-01 09:34:42 AM,818.9,100,81890.0,287276453.3
2025-08-01 09:34:42 AM,819.45,0,0.0,287276453.3
2025-08-01 09:34:43 AM,819.45,750,614587.5,287891040.8
2025-08-01 09:34:43 AM,818.8,186,152296.8,288043337.6
2025-08-01 09:34:44 AM,818.85,0,0.0,288043337.6
2025-08-01 09:34:44 AM,818.85,8,6550.8,288049888.40000004
2025-08-01 09:34:44 AM,818.4,50,40920.0,288090808.40000004
2025-08-01 09:34:45 AM,818.2,350,286370.0,288377178.40000004
2025-08-01 09:34:46 AM,818.2,80,65456.0,288442634.40000004
2025-08-01 09:34:46 AM,818.85,0,0.0,288442634.40000004
2025-08-01 09:34:46 AM,818.85,8,6550.8,288449185.20000005
2025-08-01 09:34:47 AM,818.7,0,0.0,288449185.20000005
2025-08-01 09:34:47 AM,816.7,1089,889386.3,289338571.50000006
2025-08-01 09:34:48 AM,817.6,30,24528.0,289363099.50000006
2025-08-01 09:34:49 AM,817.6,25,20440.0,289383539.50000006
2025-08-01 09:34:49 AM,818.25,0,0.0,289383539.50000006
2025-08-01 09:34:49 AM,818.25,513,419762.25,289803301.75000006
2025-08-01 09:34:50 AM,818.0,0,0.0,289803301.75000006
2025-08-01 09:34:51 AM,818.0,578,472804.0,290276105.75000006
2025-08-01 09:34:51 AM,817.4,0,0.0,290276105.75000006
2025-08-01 09:34:52 AM,817.4,189,154488.6,290430594.3500001
2025-08-01 09:34:52 AM,818.7,235,192394.5,290622988.8500001
2025-08-01 09:34:53 AM,818.55,0,0.0,290622988.8500001
2025-08-01 09:34:54 AM,818.45,561,459150.45,291082139.3000001
2025-08-01 09:34:55 AM,817.05,0,0.0,291082139.3000001
2025-08-01 09:34:56 AM,817.95,388,317364.60000000003,291399503.9000001
2025-08-01 09:34:57 AM,818.1,0,0.0,291399503.9000001
2025-08-01 09:34:57 AM,818.0,1911,1563198.0,292962701.9000001
2025-08-01 09:34:57 AM,818.85,0,0.0,292962701.9000001
2025-08-01 09:34:58 AM,818.85,214,175233.9,293137935.8000001
2025-08-01 09:34:58 AM,817.95,0,0.0,293137935.8000001
2025-08-01 09:34:59 AM,818.05,0,0.0,293137935.8000001
2025-08-01 09:34:59 AM,817.85,625,511156.25,293649092.0500001
2025-08-01 09:35:00 AM,818.95,140,114653.0,293763745.0500001
2025-08-01 09:35:01 AM,819.0,307,251433.0,294015178.0500001
2025-08-01 09:35:02 AM,819.1,0,0.0,294015178.0500001
2025-08-01 09:35:02 AM,819.0,65,53235.0,294068413.0500001
2025-08-01 09:35:02 AM,819.0,37,30303.0,294098716.0500001
2025-08-01 09:35:03 AM,819.05,323,264553.14999999997,294363269.20000005
2025-08-01 09:35:04 AM,819.7,13,10656.1,294373925.3000001
2025-08-01 09:35:05 AM,819.8,28,22954.399999999998,294396879.70000005
2025-08-01 09:35:06 AM,819.7,16,13115.2,294409994.90000004
2025-08-01 09:35:07 AM,819.1,0,0.0,294409994.90000004
2025-08-01 09:35:08 AM,819.1,664,543882.4,294953877.3
2025-08-01 09:35:09 AM,819.65,338,277041.7,295230919.0
2025-08-01 09:35:09 AM,819.95,0,0.0,295230919.0
2025-08-01 09:35:10 AM,819.95,312,255824.40000000002,295486743.4
2025-08-01 09:35:11 AM,820.0,5213,4274660.0,299761403.4
2025-08-01 09:35:12 AM,819.5,0,0.0,299761403.4
2025-08-01 09:35:12 AM,819.55,1275,1044926.25,300806329.65
2025-08-01 09:35:12 AM,820.0,0,0.0,300806329.65
2025-08-01 09:35:13 AM,820.0,232,190240.0,300996569.65
2025-08-01 09:35:13 AM,818.95,810,663349.5,301659919.15
2025-08-01 09:35:14 AM,819.0,110,90090.0,301750009.15
2025-08-01 09:35:14 AM,819.35,0,0.0,301750009.15
2025-08-01 09:35:15 AM,819.35,216,176979.6,301926988.75
2025-08-01 09:35:15 AM,819.0,0,0.0,301926988.75
2025-08-01 09:35:16 AM,819.45,0,0.0,301926988.75
2025-08-01 09:35:16 AM,820.0,325,266500.0,302193488.75
2025-08-01 09:35:16 AM,819.95,7,5739.650000000001,302199228.4
2025-08-01 09:35:17 AM,819.95,1,819.95,302200048.34999996
2025-08-01 09:35:17 AM,819.2,2,1638.4,302201686.74999994
2025-08-01 09:35:18 AM,819.85,137,112319.45,302314006.1999999
2025-08-01 09:35:19 AM,820.0,103,84460.0,302398466.1999999
2025-08-01 09:35:19 AM,820.0,91,74620.0,302473086.1999999
2025-08-01 09:35:19 AM,819.3,0,0.0,302473086.1999999
2025-08-01 09:35:20 AM,820.0,0,0.0,302473086.1999999
2025-08-01 09:35:20 AM,820.0,84,68880.0,302541966.1999999
2025-08-01 09:35:20 AM,820.0,100,82000.0,302623966.1999999
2025-08-01 09:35:20 AM,819.35,0,0.0,302623966.1999999
2025-08-01 09:35:21 AM,820.0,40,32800.0,302656766.1999999
2025-08-01 09:35:21 AM,820.0,100,82000.0,302738766.1999999
2025-08-01 09:35:23 AM,819.35,0,0.0,302738766.1999999
2025-08-01 09:35:23 AM,819.95,270,221386.5,302960152.6999999
2025-08-01 09:35:24 AM,820.0,0,0.0,302960152.6999999
2025-08-01 09:35:24 AM,820.0,1553,1273460.0,304233612.6999999
2025-08-01 09:35:25 AM,819.3,13,10650.9,304244263.5999999
2025-08-01 09:35:25 AM,820.0,0,0.0,304244263.5999999
2025-08-01 09:35:25 AM,820.0,176,144320.0,304388583.5999999
2025-08-01 09:35:27 AM,819.5,561,459739.5,304848323.0999999
2025-08-01 09:35:27 AM,820.0,0,0.0,304848323.0999999
2025-08-01 09:35:28 AM,820.0,33,27060.0,304875383.0999999
2025-08-01 09:35:28 AM,820.3,0,0.0,304875383.0999999
2025-08-01 09:35:29 AM,820.3,340,278902.0,305154285.0999999
2025-08-01 09:35:29 AM,820.75,60,49245.0,305203530.0999999
2025-08-01 09:35:29 AM,820.7,0,0.0,305203530.0999999
2025-08-01 09:35:30 AM,820.7,16,13131.2,305216661.2999999
2025-08-01 09:35:30 AM,821.0,0,0.0,305216661.2999999
2025-08-01 09:35:31 AM,820.25,178,146004.5,305362665.7999999
2025-08-01 09:35:31 AM,820.15,0,0.0,305362665.7999999
2025-08-01 09:35:32 AM,820.1,240,196824.0,305559489.7999999
2025-08-01 09:35:33 AM,819.8,133,109033.4,305668523.19999987
2025-08-01 09:35:34 AM,819.0,794,650286.0,306318809.19999987
2025-08-01 09:35:34 AM,818.95,1,818.95,306319628.14999986
2025-08-01 09:35:35 AM,818.95,200,163790.0,306483418.14999986
2025-08-01 09:35:35 AM,818.1,0,0.0,306483418.14999986
2025-08-01 09:35:36 AM,818.65,0,0.0,306483418.14999986
2025-08-01 09:35:36 AM,818.65,432,353656.8,306837074.94999987
2025-08-01 09:35:36 AM,818.6,100,81860.0,306918934.94999987
2025-08-01 09:35:37 AM,819.45,841,689157.4500000001,307608092.39999986
2025-08-01 09:35:38 AM,818.35,0,0.0,307608092.39999986
2025-08-01 09:35:39 AM,818.35,184,150576.4,307758668.79999983
2025-08-01 09:35:39 AM,819.0,119,97461.0,307856129.79999983
2025-08-01 09:35:39 AM,819.8,0,0.0,307856129.79999983
2025-08-01 09:35:40 AM,819.8,85,69683.0,307925812.79999983
2025-08-01 09:35:40 AM,820.0,75,61500.0,307987312.79999983
2025-08-01 09:35:40 AM,819.8,0,0.0,307987312.79999983
2025-08-01 09:35:41 AM,819.8,4,3279.2,307990591.9999998
2025-08-01 09:35:41 AM,819.35,0,0.0,307990591.9999998
2025-08-01 09:35:42 AM,818.6,1600,1309760.0,309300351.9999998
2025-08-01 09:35:42 AM,818.55,0,0.0,309300351.9999998
2025-08-01 09:35:43 AM,818.6,0,0.0,309300351.9999998
2025-08-01 09:35:43 AM,818.6,55,45023.0,309345374.9999998
2025-08-01 09:35:43 AM,818.0,0,0.0,309345374.9999998
2025-08-01 09:35:44 AM,818.0,132,107976.0,309453350.9999998
2025-08-01 09:35:45 AM,818.0,130,106340.0,309559690.9999998
2025-08-01 09:35:46 AM,818.35,764,625219.4,310184910.3999998
2025-08-01 09:35:46 AM,818.45,29,23735.050000000003,310208645.4499998
2025-08-01 09:35:46 AM,818.6,0,0.0,310208645.4499998
2025-08-01 09:35:47 AM,818.6,1,818.6,310209464.04999983
2025-08-01 09:35:48 AM,818.45,10,8184.5,310217648.54999983
2025-08-01 09:35:48 AM,818.95,101,82713.95000000001,310300362.4999998
2025-08-01 09:35:49 AM,818.85,0,0.0,310300362.4999998
2025-08-01 09:35:49 AM,818.85,184,150668.4,310451030.8999998
2025-08-01 09:35:51 AM,819.1,0,0.0,310451030.8999998
2025-08-01 09:35:52 AM,818.85,11,9007.35,310460038.2499998
2025-08-01 09:35:52 AM,818.5,0,0.0,310460038.2499998
2025-08-01 09:35:53 AM,818.55,0,0.0,310460038.2499998
2025-08-01 09:35:53 AM,818.65,408,334009.2,310794047.4499998
2025-08-01 09:35:54 AM,817.9,135,110416.5,310904463.9499998
2025-08-01 09:35:54 AM,818.2,0,0.0,310904463.9499998
2025-08-01 09:35:55 AM,818.2,13,10636.6,310915100.54999983
2025-08-01 09:35:57 AM,818.15,50,40907.5,310956008.04999983
2025-08-01 09:35:58 AM,817.9,20,16358.0,310972366.04999983
2025-08-01 09:35:58 AM,817.2,0,0.0,310972366.04999983
2025-08-01 09:35:59 AM,817.15,65,53114.75,311025480.79999983
2025-08-01 09:35:59 AM,818.2,5,4091.0,311029571.79999983
2025-08-01 09:36:00 AM,818.15,635,519525.25,311549097.04999983
2025-08-01 09:36:01 AM,818.4,1092,893692.7999999999,312442789.84999985
2025-08-01 09:36:01 AM,818.65,0,0.0,312442789.84999985
2025-08-01 09:36:02 AM,818.65,42,34383.299999999996,312477173.14999986
2025-08-01 09:36:02 AM,818.65,50,40932.5,312518105.64999986
2025-08-01 09:36:03 AM,818.35,0,0.0,312518105.64999986
2025-08-01 09:36:03 AM,819.0,22,18018.0,312536123.64999986
2025-08-01 09:36:03 AM,819.35,94,77018.90000000001,312613142.54999983
2025-08-01 09:36:04 AM,818.85,19,15558.15,312628700.6999998
2025-08-01 09:36:05 AM,818.65,121,99056.65,312727757.3499998
2025-08-01 09:36:06 AM,819.4,4,3277.6,312731034.9499998
2025-08-01 09:36:07 AM,818.85,35,28659.75,312759694.6999998
2025-08-01 09:36:08 AM,818.65,104,85139.59999999999,312844834.29999983
2025-08-01 09:36:09 AM,818.85,0,0.0,312844834.29999983
2025-08-01 09:36:09 AM,818.75,193,158018.75,313002853.04999983
2025-08-01 09:36:09 AM,819.15,313,256393.94999999998,313259246.9999998
2025-08-01 09:36:10 AM,818.5,122,99857.0,313359103.9999998
2025-08-01 09:36:11 AM,819.35,0,0.0,313359103.9999998
2025-08-01 09:36:11 AM,819.35,206,168786.1,313527890.09999985
2025-08-01 09:36:11 AM,819.15,50,40957.5,313568847.59999985
2025-08-01 09:36:11 AM,818.8,0,0.0,313568847.59999985
2025-08-01 09:36:12 AM,819.15,282,231000.3,313799847.89999986
2025-08-01 09:36:13 AM,819.45,558,457253.10000000003,314257100.9999999
2025-08-01 09:36:14 AM,819.45,616,504781.2,314761882.19999987
2025-08-01 09:36:15 AM,819.45,61,49986.450000000004,314811868.64999986
2025-08-01 09:36:16 AM,819.4,2112,1730572.8,316542441.44999987
2025-08-01 09:36:17 AM,819.4,50,40970.0,316583411.44999987
2025-08-01 09:36:17 AM,819.4,61,49983.4,316633394.84999985
2025-08-01 09:36:18 AM,819.4,139,113896.59999999999,316747291.44999987
2025-08-01 09:36:18 AM,819.4,79,64732.6,316812024.0499999
2025-08-01 09:36:19 AM,819.4,22,18026.8,316830050.8499999
2025-08-01 09:36:19 AM,819.05,0,0.0,316830050.8499999
2025-08-01 09:36:20 AM,819.05,1,819.05,316830869.8999999
2025-08-01 09:36:20 AM,819.05,7,5733.349999999999,316836603.24999994
2025-08-01 09:36:21 AM,819.4,62,50802.799999999996,316887406.04999995
2025-08-01 09:36:21 AM,819.45,50,40972.5,316928378.54999995
2025-08-01 09:36:22 AM,819.05,37,30304.85,316958683.4
2025-08-01 09:36:22 AM,819.05,163,133505.15,317092188.54999995
2025-08-01 09:36:22 AM,819.45,0,0.0,317092188.54999995
2025-08-01 09:36:23 AM,819.45,50,40972.5,317133161.04999995
2025-08-01 09:36:23 AM,820.0,959,786380.0,317919541.04999995
2025-08-01 09:36:24 AM,820.25,41,33630.25,317953171.29999995
2025-08-01 09:36:26 AM,820.3,0,0.0,317953171.29999995
2025-08-01 09:36:27 AM,820.3,315,258394.5,318211565.79999995
2025-08-01 09:36:27 AM,820.3,80,65624.0,318277189.79999995
2025-08-01 09:36:28 AM,820.25,6,4921.5,318282111.29999995
2025-08-01 09:36:29 AM,820.7,200,164140.0,318446251.29999995
2025-08-01 09:36:29 AM,820.7,50,41035.0,318487286.29999995
2025-08-01 09:36:30 AM,819.9,1066,874013.4,319361299.6999999
2025-08-01 09:36:30 AM,820.9,165,135448.5,319496748.1999999
2025-08-01 09:36:31 AM,821.0,2097,1721637.0,321218385.1999999
2025-08-01 09:36:31 AM,822.0,0,0.0,321218385.1999999
2025-08-01 09:36:32 AM,822.0,523,429906.0,321648291.1999999
2025-08-01 09:36:32 AM,821.5,0,0.0,321648291.1999999
2025-08-01 09:36:33 AM,821.5,10,8215.0,321656506.1999999
2025-08-01 09:36:33 AM,822.15,1714,1409165.0999999999,323065671.29999995
2025-08-01 09:36:34 AM,822.15,20,16443.0,323082114.29999995
2025-08-01 09:36:34 AM,822.7,0,0.0,323082114.29999995
2025-08-01 09:36:35 AM,822.7,15,12340.5,323094454.79999995
2025-08-01 09:36:35 AM,822.15,0,0.0,323094454.79999995
2025-08-01 09:36:36 AM,822.7,204,167830.80000000002,323262285.59999996
2025-08-01 09:36:36 AM,822.85,200,164570.0,323426855.59999996
2025-08-01 09:36:36 AM,822.5,0,0.0,323426855.59999996
2025-08-01 09:36:37 AM,823.0,547,450181.0,323877036.59999996
2025-08-01 09:36:37 AM,823.0,100,82300.0,323959336.59999996
2025-08-01 09:36:38 AM,823.2,281,231319.2,324190655.79999995
2025-08-01 09:36:39 AM,823.15,328,269993.2,324460648.99999994
2025-08-01 09:36:40 AM,823.6,651,536163.6,324996812.59999996
2025-08-01 09:36:40 AM,823.0,0,0.0,324996812.59999996
2025-08-01 09:36:41 AM,823.05,355,292182.75,325288995.34999996
2025-08-01 09:36:42 AM,822.8,50,41140.0,325330135.34999996
2025-08-01 09:36:42 AM,823.7,364,299826.8,325629962.15
2025-08-01 09:36:43 AM,822.7,0,0.0,325629962.15
2025-08-01 09:36:43 AM,822.7,141,116000.70000000001,325745962.84999996
2025-08-01 09:36:43 AM,823.75,0,0.0,325745962.84999996
2025-08-01 09:36:44 AM,823.75,64,52720.0,325798682.84999996
2025-08-01 09:36:44 AM,822.9,0,0.0,325798682.84999996
2025-08-01 09:36:44 AM,822.9,25,20572.5,325819255.34999996
2025-08-01 09:36:44 AM,823.75,0,0.0,325819255.34999996
2025-08-01 09:36:45 AM,823.15,0,0.0,325819255.34999996
2025-08-01 09:36:45 AM,823.15,198,162983.69999999998,325982239.04999995
2025-08-01 09:36:45 AM,823.75,100,82375.0,326064614.04999995
2025-08-01 09:36:45 AM,822.9,0,0.0,326064614.04999995
2025-08-01 09:36:46 AM,822.9,28,23041.2,326087655.24999994
2025-08-01 09:36:46 AM,822.75,66,54301.5,326141956.74999994
2025-08-01 09:36:47 AM,822.75,84,69111.0,326211067.74999994
2025-08-01 09:36:47 AM,823.3,41,33755.299999999996,326244823.04999995
2025-08-01 09:36:47 AM,823.7,0,0.0,326244823.04999995
2025-08-01 09:36:48 AM,823.7,6,4942.200000000001,326249765.24999994
2025-08-01 09:36:48 AM,823.7,1,823.7,326250588.9499999
2025-08-01 09:36:48 AM,822.75,0,0.0,326250588.9499999
2025-08-01 09:36:49 AM,822.75,474,389983.5,326640572.4499999
2025-08-01 09:36:49 AM,822.8,0,0.0,326640572.4499999
2025-08-01 09:36:50 AM,822.8,496,408108.8,327048681.24999994
2025-08-01 09:36:50 AM,823.8,64,52723.2,327101404.4499999
2025-08-01 09:36:50 AM,823.75,0,0.0,327101404.4499999
2025-08-01 09:36:51 AM,823.75,23,18946.25,327120350.6999999
2025-08-01 09:36:52 AM,823.25,0,0.0,327120350.6999999
2025-08-01 09:36:52 AM,823.25,46,37869.5,327158220.1999999
2025-08-01 09:36:52 AM,823.7,50,41185.0,327199405.1999999
2025-08-01 09:36:53 AM,823.3,35,28815.5,327228220.6999999
2025-08-01 09:36:53 AM,823.7,27,22239.9,327250460.5999999
2025-08-01 09:36:54 AM,824.0,461,379864.0,327630324.5999999
2025-08-01 09:36:54 AM,823.3,5815,4787489.5,332417814.0999999
2025-08-01 09:36:54 AM,824.05,0,0.0,332417814.0999999
2025-08-01 09:36:55 AM,823.35,70,57634.5,332475448.5999999
2025-08-01 09:36:55 AM,823.85,388,319653.8,332795102.3999999
2025-08-01 09:36:56 AM,823.15,62,51035.299999999996,332846137.6999999
2025-08-01 09:36:56 AM,823.95,0,0.0,332846137.6999999
2025-08-01 09:36:57 AM,823.95,190,156550.5,333002688.1999999
2025-08-01 09:36:57 AM,823.6,0,0.0,333002688.1999999
2025-08-01 09:36:58 AM,824.55,0,0.0,333002688.1999999
2025-08-01 09:36:58 AM,823.75,740,609575.0,333612263.1999999
2025-08-01 09:36:58 AM,823.6,0,0.0,333612263.1999999
2025-08-01 09:36:59 AM,824.1,570,469737.0,334082000.1999999
2025-08-01 09:37:00 AM,823.6,0,0.0,334082000.1999999
2025-08-01 09:37:00 AM,824.2,41,33792.200000000004,334115792.3999999
2025-08-01 09:37:00 AM,824.0,0,0.0,334115792.3999999
2025-08-01 09:37:01 AM,824.0,257,211768.0,334327560.3999999
2025-08-01 09:37:02 AM,823.75,232,191110.0,334518670.3999999
2025-08-01 09:37:02 AM,823.9,0,0.0,334518670.3999999
2025-08-01 09:37:03 AM,823.9,1,823.9,334519494.2999999
2025-08-01 09:37:03 AM,823.9,150,123585.0,334643079.2999999
2025-08-01 09:37:03 AM,823.95,0,0.0,334643079.2999999
2025-08-01 09:37:04 AM,824.25,578,476416.5,335119495.7999999
2025-08-01 09:37:04 AM,823.75,2546,2097267.5,337216763.2999999
2025-08-01 09:37:05 AM,823.0,1500,1234500.0,338451263.2999999
2025-08-01 09:37:05 AM,822.55,0,0.0,338451263.2999999
2025-08-01 09:37:06 AM,822.55,290,238539.5,338689802.7999999
2025-08-01 09:37:06 AM,822.6,0,0.0,338689802.7999999
2025-08-01 09:37:07 AM,822.6,33,27145.8,338716948.5999999
2025-08-01 09:37:07 AM,823.35,349,287349.15,339004297.7499999
2025-08-01 09:37:08 AM,823.6,0,0.0,339004297.7499999
2025-08-01 09:37:08 AM,822.85,575,473138.75,339477436.4999999
2025-08-01 09:37:09 AM,823.35,0,0.0,339477436.4999999
2025-08-01 09:37:09 AM,823.75,474,390457.5,339867893.9999999
2025-08-01 09:37:10 AM,822.25,0,0.0,339867893.9999999
2025-08-01 09:37:11 AM,822.25,194,159516.5,340027410.4999999
2025-08-01 09:37:11 AM,822.1,2733,2246799.3000000003,342274209.7999999
2025-08-01 09:37:12 AM,822.0,0,0.0,342274209.7999999
2025-08-01 09:37:12 AM,821.8,222,182439.59999999998,342456649.3999999
2025-08-01 09:37:12 AM,822.0,66,54252.0,342510901.3999999
2025-08-01 09:37:13 AM,821.85,12,9862.2,342520763.5999999
2025-08-01 09:37:14 AM,822.1,500,411050.0,342931813.5999999
2025-08-01 09:37:15 AM,822.05,37,30415.85,342962229.4499999
2025-08-01 09:37:15 AM,822.75,500,411375.0,343373604.4499999
2025-08-01 09:37:15 AM,822.95,0,0.0,343373604.4499999
2025-08-01 09:37:16 AM,822.95,4020,3308259.0,346681863.4499999
2025-08-01 09:37:17 AM,822.2,161,132374.2,346814237.6499999
2025-08-01 09:37:18 AM,822.35,0,0.0,346814237.6499999
2025-08-01 09:37:18 AM,822.35,25,20558.75,346834796.3999999
2025-08-01 09:37:19 AM,823.75,761,626873.75,347461670.1499999
2025-08-01 09:37:20 AM,823.2,0,0.0,347461670.1499999
2025-08-01 09:37:20 AM,823.2,775,637980.0,348099650.1499999
2025-08-01 09:37:22 AM,822.8,5,4114.0,348103764.1499999
2025-08-01 09:37:22 AM,822.4,0,0.0,348103764.1499999
2025-08-01 09:37:22 AM,822.4,290,238496.0,348342260.1499999
2025-08-01 09:37:23 AM,823.1,0,0.0,348342260.1499999
2025-08-01 09:37:24 AM,822.85,0,0.0,348342260.1499999
2025-08-01 09:37:24 AM,822.85,50,41142.5,348383402.6499999
2025-08-01 09:37:24 AM,822.35,0,0.0,348383402.6499999
2025-08-01 09:37:25 AM,822.35,51,41939.85,348425342.49999994
2025-08-01 09:37:29 AM,822.45,0,0.0,348425342.49999994
2025-08-01 09:37:29 AM,822.45,107,88002.15000000001,348513344.6499999
2025-08-01 09:37:29 AM,822.9,10,8229.0,348521573.6499999
2025-08-01 09:37:29 AM,822.0,0,0.0,348521573.6499999
2025-08-01 09:37:30 AM,822.8,605,497794.0,349019367.6499999
2025-08-01 09:37:30 AM,822.35,28,23025.8,349042393.4499999
2025-08-01 09:37:31 AM,822.2,350,287770.0,349330163.4499999
2025-08-01 09:37:31 AM,823.0,122,100406.0,349430569.4499999
2025-08-01 09:37:32 AM,822.75,0,0.0,349430569.4499999
2025-08-01 09:37:32 AM,822.3,214,175972.19999999998,349606541.6499999
2025-08-01 09:37:33 AM,822.15,50,41107.5,349647649.1499999
2025-08-01 09:37:33 AM,822.15,1,822.15,349648471.2999999
2025-08-01 09:37:34 AM,822.15,100,82215.0,349730686.2999999
2025-08-01 09:37:35 AM,822.85,0,0.0,349730686.2999999
2025-08-01 09:37:35 AM,822.85,15,12342.75,349743029.0499999
2025-08-01 09:37:36 AM,822.95,800,658360.0,350401389.0499999
2025-08-01 09:37:37 AM,822.35,0,0.0,350401389.0499999
2025-08-01 09:37:37 AM,822.35,6,4934.1,350406323.1499999
2025-08-01 09:37:38 AM,822.35,142,116773.7,350523096.8499999
2025-08-01 09:37:38 AM,822.0,0,0.0,350523096.8499999
2025-08-01 09:37:39 AM,822.0,498,409356.0,350932452.8499999
2025-08-01 09:37:39 AM,821.6,0,0.0,350932452.8499999
2025-08-01 09:37:40 AM,821.6,326,267841.60000000003,351200294.4499999
2025-08-01 09:37:40 AM,821.75,0,0.0,351200294.4499999
2025-08-01 09:37:41 AM,821.75,86,70670.5,351270964.9499999
2025-08-01 09:37:42 AM,821.5,0,0.0,351270964.9499999
2025-08-01 09:37:43 AM,822.15,0,0.0,351270964.9499999
2025-08-01 09:37:43 AM,822.15,414,340370.1,351611335.04999995
2025-08-01 09:37:43 AM,822.15,1,822.15,351612157.1999999
2025-08-01 09:37:46 AM,822.0,0,0.0,351612157.1999999
2025-08-01 09:37:46 AM,822.15,82,67416.3,351679573.49999994
2025-08-01 09:37:47 AM,822.15,220,180873.0,351860446.49999994
2025-08-01 09:37:48 AM,822.15,545,448071.75,352308518.24999994
2025-08-01 09:37:49 AM,822.35,116,95392.6,352403910.84999996
2025-08-01 09:37:49 AM,823.0,16,13168.0,352417078.84999996
2025-08-01 09:37:51 AM,823.0,45,37035.0,352454113.84999996
2025-08-01 09:37:51 AM,823.0,19,15637.0,352469750.84999996
2025-08-01 09:37:51 AM,823.55,0,0.0,352469750.84999996
2025-08-01 09:37:52 AM,823.55,75,61766.25,352531517.09999996
2025-08-01 09:37:52 AM,822.95,100,82295.0,352613812.09999996
2025-08-01 09:37:54 AM,823.6,0,0.0,352613812.09999996
2025-08-01 09:37:54 AM,822.6,822,676177.2000000001,353289989.29999995
2025-08-01 09:37:55 AM,822.55,0,0.0,353289989.29999995
2025-08-01 09:37:55 AM,823.45,504,415018.80000000005,353705008.09999996
2025-08-01 09:37:56 AM,823.2,36,29635.2,353734643.29999995
2025-08-01 09:37:57 AM,823.0,0,0.0,353734643.29999995
2025-08-01 09:37:57 AM,823.3,70,57631.0,353792274.29999995
2025-08-01 09:37:57 AM,823.55,80,65884.0,353858158.29999995
2025-08-01 09:37:58 AM,823.45,74,60935.3,353919093.59999996
2025-08-01 09:37:59 AM,823.0,0,0.0,353919093.59999996
2025-08-01 09:37:59 AM,822.75,139,114362.25,354033455.84999996
2025-08-01 09:37:59 AM,822.9,0,0.0,354033455.84999996
2025-08-01 09:37:59 AM,822.9,28,23041.2,354056497.04999995
2025-08-01 09:38:00 AM,823.0,200,164600.0,354221097.04999995
2025-08-01 09:38:01 AM,823.95,679,559462.05,354780559.09999996
2025-08-01 09:38:02 AM,823.55,230,189416.5,354969975.59999996
2025-08-01 09:38:02 AM,823.6,31,25531.600000000002,354995507.2
2025-08-01 09:38:03 AM,823.15,0,0.0,354995507.2
2025-08-01 09:38:04 AM,823.95,0,0.0,354995507.2
2025-08-01 09:38:04 AM,823.85,491,404510.35000000003,355400017.55
2025-08-01 09:38:05 AM,824.0,144,118656.0,355518673.55
2025-08-01 09:38:05 AM,824.0,150,123600.0,355642273.55
2025-08-01 09:38:06 AM,824.2,1322,1089592.4000000001,356731865.95
2025-08-01 09:38:06 AM,824.7,100,82470.0,356814335.95
2025-08-01 09:38:07 AM,824.05,10,8240.5,356822576.45
2025-08-01 09:38:07 AM,824.7,0,0.0,356822576.45
2025-08-01 09:38:08 AM,824.2,11,9066.2,356831642.65
2025-08-01 09:38:08 AM,824.05,300,247215.0,357078857.65
2025-08-01 09:38:08 AM,823.85,0,0.0,357078857.65
2025-08-01 09:38:09 AM,823.75,533,439058.75,357517916.4
2025-08-01 09:38:09 AM,824.65,5,4123.25,357522039.65
2025-08-01 09:38:11 AM,824.7,114,94015.8,357616055.45
2025-08-01 09:38:11 AM,824.15,0,0.0,357616055.45
2025-08-01 09:38:12 AM,824.05,0,0.0,357616055.45
2025-08-01 09:38:12 AM,824.05,151,124431.54999999999,357740487.0
2025-08-01 09:38:12 AM,824.8,25,20620.0,357761107.0
2025-08-01 09:38:13 AM,824.8,27,22269.6,357783376.6
2025-08-01 09:38:13 AM,824.2,100,82420.0,357865796.6
2025-08-01 09:38:13 AM,824.9,0,0.0,357865796.6
2025-08-01 09:38:14 AM,825.0,184,151800.0,358017596.6
2025-08-01 09:38:15 AM,824.6,0,0.0,358017596.6
2025-08-01 09:38:15 AM,825.0,250,206250.0,358223846.6
2025-08-01 09:38:15 AM,824.35,0,0.0,358223846.6
2025-08-01 09:38:16 AM,825.55,0,0.0,358223846.6
2025-08-01 09:38:16 AM,827.0,13365,11052855.0,369276701.6
2025-08-01 09:38:16 AM,827.0,3,2481.0,369279182.6
2025-08-01 09:38:17 AM,827.0,15,12405.0,369291587.6
2025-08-01 09:38:17 AM,827.0,150,124050.0,369415637.6
2025-08-01 09:38:18 AM,826.6,0,0.0,369415637.6
2025-08-01 09:38:18 AM,826.3,497,410671.1,369826308.70000005
2025-08-01 09:38:18 AM,826.35,21,17353.350000000002,369843662.0500001
2025-08-01 09:38:18 AM,826.05,0,0.0,369843662.0500001
2025-08-01 09:38:19 AM,826.05,200,165210.0,370008872.0500001
2025-08-01 09:38:19 AM,827.0,10,8270.0,370017142.0500001
2025-08-01 09:38:19 AM,826.3,0,0.0,370017142.0500001
2025-08-01 09:38:20 AM,826.3,294,242932.19999999998,370260074.25000006
2025-08-01 09:38:20 AM,825.85,0,0.0,370260074.25000006
2025-08-01 09:38:21 AM,826.75,0,0.0,370260074.25000006
2025-08-01 09:38:21 AM,826.75,773,639077.75,370899152.00000006
2025-08-01 09:38:22 AM,826.8,0,0.0,370899152.00000006
2025-08-01 09:38:22 AM,826.95,19,15712.050000000001,370914864.0500001
2025-08-01 09:38:22 AM,827.0,300,248100.0,371162964.0500001
2025-08-01 09:38:23 AM,826.95,0,0.0,371162964.0500001
2025-08-01 09:38:23 AM,828.0,2875,2380500.0,373543464.0500001
2025-08-01 09:38:23 AM,828.0,457,378396.0,373921860.0500001
2025-08-01 09:38:23 AM,827.45,0,0.0,373921860.0500001
2025-08-01 09:38:24 AM,827.4,110,91014.0,374012874.0500001
2025-08-01 09:38:24 AM,828.7,4494,3724177.8000000003,377737051.8500001
2025-08-01 09:38:24 AM,828.75,0,0.0,377737051.8500001
2025-08-01 09:38:25 AM,828.75,500,414375.0,378151426.8500001
2025-08-01 09:38:26 AM,828.0,0,0.0,378151426.8500001
2025-08-01 09:38:26 AM,828.0,365,302220.0,378453646.8500001
2025-08-01 09:38:27 AM,828.75,0,0.0,378453646.8500001
2025-08-01 09:38:27 AM,828.0,162,134136.0,378587782.8500001
2025-08-01 09:38:27 AM,828.7,211,174855.7,378762638.5500001
2025-08-01 09:38:28 AM,828.7,113,93643.1,378856281.6500001
2025-08-01 09:38:28 AM,828.1,0,0.0,378856281.6500001
2025-08-01 09:38:29 AM,828.1,84,69560.40000000001,378925842.0500001
2025-08-01 09:38:29 AM,828.95,82,67973.90000000001,378993815.95000005
2025-08-01 09:38:29 AM,828.25,0,0.0,378993815.95000005
2025-08-01 09:38:30 AM,828.85,0,0.0,378993815.95000005
2025-08-01 09:38:30 AM,828.0,802,664056.0,379657871.95000005
2025-08-01 09:38:30 AM,829.0,1307,1083503.0,380741374.95000005
2025-08-01 09:38:30 AM,829.8,0,0.0,380741374.95000005
2025-08-01 09:38:31 AM,829.8,3868,3209666.4,383951041.35
2025-08-01 09:38:31 AM,829.9,28,23237.2,383974278.55
2025-08-01 09:38:31 AM,829.55,0,0.0,383974278.55
2025-08-01 09:38:32 AM,829.55,175,145171.25,384119449.8
2025-08-01 09:38:32 AM,830.0,89,73870.0,384193319.8
2025-08-01 09:38:32 AM,829.3,0,0.0,384193319.8
2025-08-01 09:38:33 AM,829.2,0,0.0,384193319.8
2025-08-01 09:38:33 AM,829.2,126,104479.20000000001,384297799.0
2025-08-01 09:38:33 AM,829.9,0,0.0,384297799.0
2025-08-01 09:38:34 AM,829.9,304,252289.6,384550088.6
2025-08-01 09:38:34 AM,830.0,56,46480.0,384596568.6
2025-08-01 09:38:35 AM,829.55,0,0.0,384596568.6
2025-08-01 09:38:35 AM,829.55,21,17420.55,384613989.15000004
2025-08-01 09:38:35 AM,829.1,12,9949.2,384623938.35
2025-08-01 09:38:36 AM,829.65,79,65542.34999999999,384689480.70000005
2025-08-01 09:38:36 AM,829.75,0,0.0,384689480.70000005
2025-08-01 09:38:36 AM,830.0,750,622500.0,385311980.70000005
