date,price,qty,trnvr,cum_trnvr
2025-08-01 09:15:05 AM,234.9,26420,6206058.0,6206058.0
2025-08-01 09:15:05 AM,233.15,0,0.0,6206058.0
2025-08-01 09:15:07 AM,232.52,2087,485269.24000000005,6691327.24
2025-08-01 09:15:14 AM,232.38,0,0.0,6691327.24
2025-08-01 09:15:15 AM,232.5,0,0.0,6691327.24
2025-08-01 09:15:17 AM,233.2,1692,394574.39999999997,7085901.640000001
2025-08-01 09:15:19 AM,233.12,200,46624.0,7132525.640000001
2025-08-01 09:15:23 AM,233.46,0,0.0,7132525.640000001
2025-08-01 09:15:24 AM,234.18,0,0.0,7132525.640000001
2025-08-01 09:15:27 AM,233.85,504,117860.4,7250386.040000001
2025-08-01 09:15:30 AM,234.0,0,0.0,7250386.040000001
2025-08-01 09:15:34 AM,234.05,0,0.0,7250386.040000001
2025-08-01 09:15:35 AM,234.05,3788,886581.4,8136967.440000001
2025-08-01 09:15:37 AM,233.46,190,44357.4,8181324.840000002
2025-08-01 09:15:38 AM,233.34,0,0.0,8181324.840000002
2025-08-01 09:15:42 AM,233.15,0,0.0,8181324.840000002
2025-08-01 09:15:43 AM,233.59,2581,602895.79,8784220.630000003
2025-08-01 09:15:45 AM,232.95,525,122298.75,8906519.380000003
2025-08-01 09:15:50 AM,233.1,0,0.0,8906519.380000003
2025-08-01 09:15:52 AM,233.04,2715,632703.6,9539222.980000002
2025-08-01 09:15:56 AM,234.0,0,0.0,9539222.980000002
2025-08-01 09:15:58 AM,233.55,0,0.0,9539222.980000002
2025-08-01 09:16:00 AM,233.55,10116,2362591.8000000003,11901814.780000003
2025-08-01 09:16:02 AM,234.18,990,231838.2,12133652.980000002
2025-08-01 09:16:04 AM,233.74,0,0.0,12133652.980000002
2025-08-01 09:16:08 AM,233.16,38885,9066426.6,21200079.580000002
2025-08-01 09:16:08 AM,233.39,0,0.0,21200079.580000002
2025-08-01 09:16:10 AM,233.13,909,211915.16999999998,21411994.750000004
2025-08-01 09:16:12 AM,233.55,0,0.0,21411994.750000004
2025-08-01 09:16:16 AM,233.78,1809,422908.02,21834902.770000003
2025-08-01 09:16:22 AM,233.58,0,0.0,21834902.770000003
2025-08-01 09:16:24 AM,233.5,1956,456726.0,22291628.770000003
2025-08-01 09:16:26 AM,233.58,322,75212.76000000001,22366841.530000005
2025-08-01 09:16:33 AM,233.47,581,135646.07,22502487.600000005
2025-08-01 09:16:34 AM,233.4,1405,327927.0,22830414.600000005
2025-08-01 09:16:39 AM,233.5,0,0.0,22830414.600000005
2025-08-01 09:16:41 AM,233.25,2172,506619.0,23337033.600000005
2025-08-01 09:16:42 AM,233.31,580,135319.8,23472353.400000006
2025-08-01 09:16:49 AM,233.38,10,2333.8,23474687.200000007
2025-08-01 09:16:49 AM,233.39,0,0.0,23474687.200000007
2025-08-01 09:16:51 AM,233.39,10,2333.8999999999996,23477021.100000005
2025-08-01 09:16:57 AM,233.39,10,2333.8999999999996,23479355.000000004
2025-08-01 09:17:01 AM,233.69,0,0.0,23479355.000000004
2025-08-01 09:17:06 AM,233.71,2194,512759.74,23992114.740000002
2025-08-01 09:17:07 AM,233.92,230,53801.6,24045916.340000004
2025-08-01 09:17:10 AM,233.89,0,0.0,24045916.340000004
2025-08-01 09:17:14 AM,233.82,3147,735831.5399999999,24781747.880000003
2025-08-01 09:17:17 AM,234.21,0,0.0,24781747.880000003
2025-08-01 09:17:22 AM,234.21,908,212662.68,24994410.560000002
2025-08-01 09:17:27 AM,235.5,0,0.0,24994410.560000002
2025-08-01 09:17:30 AM,235.21,23568,5543429.28,30537839.840000004
2025-08-01 09:17:31 AM,235.1,551,129540.09999999999,30667379.940000005
2025-08-01 09:17:33 AM,235.33,0,0.0,30667379.940000005
2025-08-01 09:17:35 AM,235.4,0,0.0,30667379.940000005
2025-08-01 09:17:39 AM,235.11,540,126959.40000000001,30794339.340000004
2025-08-01 09:17:43 AM,235.13,0,0.0,30794339.340000004
2025-08-01 09:17:47 AM,234.72,1807,424139.04,31218478.380000003
2025-08-01 09:17:48 AM,234.84,4250,998070.0,32216548.380000003
2025-08-01 09:17:51 AM,234.9,0,0.0,32216548.380000003
2025-08-01 09:17:53 AM,234.79,0,0.0,32216548.380000003
2025-08-01 09:17:55 AM,234.69,3092,725661.48,32942209.860000003
2025-08-01 09:17:56 AM,234.62,425,99713.5,33041923.360000003
2025-08-01 09:17:59 AM,234.26,0,0.0,33041923.360000003
2025-08-01 09:18:03 AM,234.26,8512,1994021.1199999999,35035944.480000004
2025-08-01 09:18:05 AM,234.3,145,33973.5,35069917.980000004
2025-08-01 09:18:07 AM,234.14,0,0.0,35069917.980000004
2025-08-01 09:18:12 AM,234.3,105,24601.5,35094519.480000004
2025-08-01 09:18:13 AM,234.1,500,117050.0,35211569.480000004
2025-08-01 09:18:15 AM,234.02,0,0.0,35211569.480000004
2025-08-01 09:18:17 AM,234.3,0,0.0,35211569.480000004
2025-08-01 09:18:20 AM,234.9,8510,1998999.0,37210568.480000004
2025-08-01 09:18:21 AM,235.01,100,23501.0,37234069.480000004
2025-08-01 09:18:25 AM,235.27,0,0.0,37234069.480000004
2025-08-01 09:18:28 AM,235.01,1231,289297.31,37523366.79000001
2025-08-01 09:18:30 AM,234.72,380,89193.6,37612560.39000001
2025-08-01 09:18:31 AM,234.46,0,0.0,37612560.39000001
2025-08-01 09:18:33 AM,234.62,0,0.0,37612560.39000001
2025-08-01 09:18:36 AM,234.41,5196,1217994.3599999999,38830554.75000001
2025-08-01 09:18:39 AM,234.81,0,0.0,38830554.75000001
2025-08-01 09:18:41 AM,234.8,0,0.0,38830554.75000001
2025-08-01 09:18:45 AM,234.47,1929,452292.63,39282847.38000001
2025-08-01 09:18:49 AM,235.13,0,0.0,39282847.38000001
2025-08-01 09:18:53 AM,234.98,1711,402050.77999999997,39684898.16000001
2025-08-01 09:19:01 AM,234.98,2384,560192.32,40245090.48000001
2025-08-01 09:19:02 AM,234.93,1,234.93,40245325.41000001
2025-08-01 09:19:03 AM,234.72,0,0.0,40245325.41000001
2025-08-01 09:19:09 AM,235.06,1645,386673.7,40631999.110000014
2025-08-01 09:19:10 AM,234.86,12378,2907097.08,43539096.19000001
2025-08-01 09:19:17 AM,234.78,370,86868.6,43625964.790000014
2025-08-01 09:19:18 AM,234.77,20,4695.400000000001,43630660.19000001
2025-08-01 09:19:25 AM,235.49,9132,2150494.68,45781154.87000001
2025-08-01 09:19:33 AM,234.63,624,146409.12,45927563.99000001
2025-08-01 09:19:35 AM,234.62,100,23462.0,45951025.99000001
2025-08-01 09:19:36 AM,234.61,0,0.0,45951025.99000001
2025-08-01 09:19:41 AM,234.77,2287,536918.99,46487944.98000001
2025-08-01 09:19:43 AM,234.9,60,14094.0,46502038.98000001
2025-08-01 09:19:49 AM,234.69,40,9387.6,46511426.58000001
2025-08-01 09:19:57 AM,234.69,110,25815.9,46537242.48000001
2025-08-01 09:20:05 AM,234.65,556,130465.40000000001,46667707.88000001
2025-08-01 09:20:07 AM,234.51,100,23451.0,46691158.88000001
2025-08-01 09:20:12 AM,234.5,0,0.0,46691158.88000001
2025-08-01 09:20:13 AM,234.5,974,228403.0,46919561.88000001
2025-08-01 09:20:15 AM,234.39,1,234.39,46919796.27000001
2025-08-01 09:20:19 AM,234.47,0,0.0,46919796.27000001
2025-08-01 09:20:21 AM,234.63,1125,263958.75,47183755.02000001
2025-08-01 09:20:26 AM,234.41,0,0.0,47183755.02000001
2025-08-01 09:20:29 AM,234.74,1236,290138.64,47473893.66000001
2025-08-01 09:20:31 AM,234.66,125,29332.5,47503226.16000001
2025-08-01 09:20:32 AM,234.63,0,0.0,47503226.16000001
2025-08-01 09:20:37 AM,234.63,250,58657.5,47561883.66000001
2025-08-01 09:20:45 AM,234.63,258,60534.54,47622418.20000001
2025-08-01 09:20:50 AM,234.7,0,0.0,47622418.20000001
2025-08-01 09:20:52 AM,234.7,444,104206.79999999999,47726625.00000001
2025-08-01 09:20:57 AM,234.71,0,0.0,47726625.00000001
2025-08-01 09:21:00 AM,234.63,813,190754.19,47917379.190000005
2025-08-01 09:21:01 AM,234.41,465,109000.65,48026379.84
2025-08-01 09:21:04 AM,234.14,0,0.0,48026379.84
2025-08-01 09:21:06 AM,234.29,0,0.0,48026379.84
2025-08-01 09:21:08 AM,233.93,4464,1044263.52,49070643.36000001
2025-08-01 09:21:09 AM,234.1,30,7023.0,49077666.36000001
2025-08-01 09:21:11 AM,233.82,0,0.0,49077666.36000001
2025-08-01 09:21:16 AM,233.8,400,93520.0,49171186.36000001
2025-08-01 09:21:24 AM,234.08,764,178837.12,49350023.480000004
2025-08-01 09:21:25 AM,234.2,0,0.0,49350023.480000004
2025-08-01 09:21:32 AM,234.2,5,1171.0,49351194.480000004
2025-08-01 09:21:32 AM,234.21,1,234.21,49351428.690000005
2025-08-01 09:21:37 AM,234.22,0,0.0,49351428.690000005
2025-08-01 09:21:39 AM,234.29,4070,953560.2999999999,50304988.99
2025-08-01 09:21:44 AM,234.24,0,0.0,50304988.99
2025-08-01 09:21:47 AM,234.05,240,56172.0,50361160.99
2025-08-01 09:21:47 AM,234.04,0,0.0,50361160.99
2025-08-01 09:21:48 AM,234.04,1,234.04,50361395.03
2025-08-01 09:22:01 AM,233.98,0,0.0,50361395.03
2025-08-01 09:22:02 AM,233.98,82,19186.36,50380581.39
2025-08-01 09:22:03 AM,233.82,100,23382.0,50403963.39
2025-08-01 09:22:07 AM,233.8,0,0.0,50403963.39
2025-08-01 09:22:10 AM,234.38,4479,1049788.02,51453751.410000004
2025-08-01 09:22:11 AM,234.21,130,30447.3,51484198.71
2025-08-01 09:22:14 AM,234.25,0,0.0,51484198.71
2025-08-01 09:22:17 AM,234.32,427,100054.64,51584253.35
2025-08-01 09:22:25 AM,234.8,640,150272.0,51734525.35
2025-08-01 09:22:33 AM,235.06,6300,1480878.0,53215403.35
2025-08-01 09:22:35 AM,235.09,0,0.0,53215403.35
2025-08-01 09:22:40 AM,235.09,1270,298564.3,53513967.65
2025-08-01 09:22:47 AM,235.19,0,0.0,53513967.65
2025-08-01 09:22:48 AM,235.19,392,92194.48,53606162.129999995
2025-08-01 09:22:53 AM,235.51,0,0.0,53606162.129999995
2025-08-01 09:22:55 AM,235.39,4893,1151763.27,54757925.4
2025-08-01 09:23:02 AM,235.5,0,0.0,54757925.4
2025-08-01 09:23:03 AM,235.5,1000,235500.0,54993425.4
2025-08-01 09:23:08 AM,235.28,0,0.0,54993425.4
2025-08-01 09:23:11 AM,235.26,11351,2670436.26,57663861.66
2025-08-01 09:23:12 AM,235.52,1800,423936.0,58087797.66
2025-08-01 09:23:15 AM,235.26,0,0.0,58087797.66
2025-08-01 09:23:18 AM,235.26,130,30583.8,58118381.45999999
2025-08-01 09:23:20 AM,235.3,4135,972965.5,59091346.95999999
2025-08-01 09:23:26 AM,235.62,1889,445086.18,59536433.13999999
2025-08-01 09:23:27 AM,235.5,0,0.0,59536433.13999999
2025-08-01 09:23:28 AM,235.5,10,2355.0,59538788.13999999
2025-08-01 09:23:33 AM,235.65,0,0.0,59538788.13999999
2025-08-01 09:23:34 AM,235.65,7312,1723072.8,61261860.93999999
2025-08-01 09:23:35 AM,235.62,130,30630.600000000002,61292491.53999999
2025-08-01 09:23:35 AM,235.85,0,0.0,61292491.53999999
2025-08-01 09:23:40 AM,235.8,0,0.0,61292491.53999999
2025-08-01 09:23:41 AM,235.8,5430,1280394.0,62572885.53999999
2025-08-01 09:23:41 AM,235.92,0,0.0,62572885.53999999
2025-08-01 09:23:43 AM,235.92,150,35388.0,62608273.53999999
2025-08-01 09:23:47 AM,235.67,0,0.0,62608273.53999999
2025-08-01 09:23:49 AM,235.75,602,141921.5,62750195.03999999
2025-08-01 09:23:53 AM,236.23,0,0.0,62750195.03999999
2025-08-01 09:23:56 AM,236.19,6904,1630655.76,64380850.79999999
2025-08-01 09:23:58 AM,236.4,1510,356964.0,64737814.79999999
2025-08-01 09:24:04 AM,236.4,3312,782956.8,65520771.59999999
2025-08-01 09:24:06 AM,236.17,1400,330638.0,65851409.59999999
2025-08-01 09:24:06 AM,236.19,0,0.0,65851409.59999999
2025-08-01 09:24:06 AM,236.39,0,0.0,65851409.59999999
2025-08-01 09:24:12 AM,236.4,3078,727639.2000000001,66579048.79999999
2025-08-01 09:24:13 AM,236.43,0,0.0,66579048.79999999
2025-08-01 09:24:13 AM,236.43,1500,354645.0,66933693.79999999
2025-08-01 09:24:19 AM,236.38,1314,310603.32,67244297.11999999
2025-08-01 09:24:19 AM,236.5,0,0.0,67244297.11999999
2025-08-01 09:24:21 AM,236.5,600,141900.0,67386197.11999999
2025-08-01 09:24:25 AM,236.25,0,0.0,67386197.11999999
2025-08-01 09:24:27 AM,236.36,413,97616.68000000001,67483813.8
2025-08-01 09:24:29 AM,236.38,2169,512708.22,67996522.02
2025-08-01 09:24:32 AM,235.6,0,0.0,67996522.02
2025-08-01 09:24:35 AM,235.5,10202,2402571.0,70399093.02
2025-08-01 09:24:36 AM,235.5,31228,7354194.0,77753287.02
2025-08-01 09:24:38 AM,235.57,0,0.0,77753287.02
2025-08-01 09:24:42 AM,235.59,334,78687.06,77831974.08
2025-08-01 09:24:43 AM,235.5,0,0.0,77831974.08
2025-08-01 09:24:44 AM,235.5,7108,1673934.0,79505908.08
2025-08-01 09:24:49 AM,235.25,878,206549.5,79712457.58
2025-08-01 09:24:51 AM,235.22,13,3057.86,79715515.44
2025-08-01 09:24:56 AM,235.1,0,0.0,79715515.44
2025-08-01 09:24:57 AM,235.1,655,153990.5,79869505.94
2025-08-01 09:24:57 AM,235.0,0,0.0,79869505.94
2025-08-01 09:24:59 AM,234.91,2565,602544.15,80472050.09
2025-08-01 09:25:04 AM,235.25,1603,377105.75,80849155.84
2025-08-01 09:25:07 AM,235.59,500,117795.0,80966950.84
2025-08-01 09:25:12 AM,235.38,1,235.38,80967186.22
2025-08-01 09:25:14 AM,235.25,200,47050.0,81014236.22
2025-08-01 09:25:17 AM,235.31,0,0.0,81014236.22
2025-08-01 09:25:19 AM,235.31,123,28943.13,81043179.35
2025-08-01 09:25:22 AM,235.28,150,35292.0,81078471.35
2025-08-01 09:25:27 AM,235.31,302,71063.62,81149534.97
2025-08-01 09:25:28 AM,235.34,0,0.0,81149534.97
2025-08-01 09:25:29 AM,235.44,1001,235675.44,81385210.41
2025-08-01 09:25:34 AM,235.23,200,47046.0,81432256.41
2025-08-01 09:25:36 AM,235.42,0,0.0,81432256.41
2025-08-01 09:25:36 AM,235.42,180,42375.6,81474632.00999999
2025-08-01 09:25:41 AM,235.41,0,0.0,81474632.00999999
2025-08-01 09:25:42 AM,236.31,3221,761154.51,82235786.52
2025-08-01 09:25:44 AM,236.39,1250,295487.5,82531274.02
2025-08-01 09:25:46 AM,236.4,0,0.0,82531274.02
2025-08-01 09:25:49 AM,236.4,860,203304.0,82734578.02
2025-08-01 09:25:57 AM,236.3,1847,436446.10000000003,83171024.11999999
2025-08-01 09:26:04 AM,235.78,0,0.0,83171024.11999999
2025-08-01 09:26:05 AM,235.78,2314,545594.92,83716619.03999999
2025-08-01 09:26:07 AM,236.4,3214,759789.6,84476408.63999999
2025-08-01 09:26:11 AM,236.29,0,0.0,84476408.63999999
2025-08-01 09:26:12 AM,236.29,14,3308.06,84479716.69999999
2025-08-01 09:26:14 AM,236.2,118,27871.6,84507588.29999998
2025-08-01 09:26:17 AM,236.0,0,0.0,84507588.29999998
2025-08-01 09:26:20 AM,235.62,2514,592348.68,85099936.97999999
2025-08-01 09:26:22 AM,235.78,250,58945.0,85158881.97999999
2025-08-01 09:26:28 AM,235.75,57,13437.75,85172319.72999999
2025-08-01 09:26:29 AM,235.56,40,9422.4,85181742.13
2025-08-01 09:26:33 AM,235.69,0,0.0,85181742.13
2025-08-01 09:26:35 AM,235.93,12299,2901703.0700000003,88083445.19999999
2025-08-01 09:26:37 AM,235.7,204,48082.799999999996,88131527.99999999
2025-08-01 09:26:41 AM,235.73,0,0.0,88131527.99999999
2025-08-01 09:26:43 AM,235.73,15,3535.95,88135063.94999999
2025-08-01 09:26:50 AM,235.72,0,0.0,88135063.94999999
2025-08-01 09:26:51 AM,235.72,429,101123.88,88236187.82999998
2025-08-01 09:26:57 AM,235.74,0,0.0,88236187.82999998
2025-08-01 09:26:58 AM,235.74,415,97832.1,88334019.92999998
2025-08-01 09:27:03 AM,236.0,0,0.0,88334019.92999998
2025-08-01 09:27:05 AM,236.0,652,153872.0,88487891.92999998
2025-08-01 09:27:13 AM,236.0,67,15812.0,88503703.92999998
2025-08-01 09:27:18 AM,235.78,0,0.0,88503703.92999998
2025-08-01 09:27:20 AM,235.78,264,62245.92,88565949.84999998
2025-08-01 09:27:28 AM,235.86,108,25472.88,88591422.72999997
2025-08-01 09:27:29 AM,235.82,24,5659.68,88597082.40999998
2025-08-01 09:27:33 AM,235.85,0,0.0,88597082.40999998
2025-08-01 09:27:34 AM,235.84,0,0.0,88597082.40999998
2025-08-01 09:27:35 AM,235.99,320,75516.8,88672599.20999998
2025-08-01 09:27:36 AM,235.63,3261,768389.4299999999,89440988.63999999
2025-08-01 09:27:43 AM,235.72,25,5893.0,89446881.63999999
2025-08-01 09:27:49 AM,235.7,0,0.0,89446881.63999999
2025-08-01 09:27:50 AM,235.7,314,74009.8,89520891.43999998
2025-08-01 09:27:52 AM,235.7,6,1414.1999999999998,89522305.63999999
2025-08-01 09:27:53 AM,235.81,0,0.0,89522305.63999999
2025-08-01 09:27:58 AM,235.6,1500,353400.0,89875705.63999999
2025-08-01 09:27:59 AM,235.67,0,0.0,89875705.63999999
2025-08-01 09:28:00 AM,235.67,10,2356.7,89878062.33999999
2025-08-01 09:28:03 AM,235.6,0,0.0,89878062.33999999
2025-08-01 09:28:06 AM,235.68,330,77774.40000000001,89955836.74
2025-08-01 09:28:11 AM,235.6,0,0.0,89955836.74
2025-08-01 09:28:14 AM,235.6,80,18848.0,89974684.74
2025-08-01 09:28:21 AM,235.5,717,168853.5,90143538.24
2025-08-01 09:28:28 AM,235.46,0,0.0,90143538.24
2025-08-01 09:28:29 AM,235.34,263,61894.42,90205432.66
2025-08-01 09:28:33 AM,235.3,0,0.0,90205432.66
2025-08-01 09:28:33 AM,235.39,0,0.0,90205432.66
2025-08-01 09:28:37 AM,235.39,200,47078.0,90252510.66
2025-08-01 09:28:44 AM,235.3,0,0.0,90252510.66
2025-08-01 09:28:44 AM,235.3,100,23530.0,90276040.66
2025-08-01 09:28:45 AM,235.13,1000,235130.0,90511170.66
2025-08-01 09:28:49 AM,235.43,0,0.0,90511170.66
2025-08-01 09:28:52 AM,235.43,410,96526.3,90607696.96
2025-08-01 09:28:53 AM,235.5,24,5652.0,90613348.96
2025-08-01 09:28:59 AM,235.69,2348,553400.12,91166749.08
2025-08-01 09:29:06 AM,235.91,0,0.0,91166749.08
2025-08-01 09:29:07 AM,235.91,500,117955.0,91284704.08
2025-08-01 09:29:13 AM,235.64,0,0.0,91284704.08
2025-08-01 09:29:15 AM,235.64,73,17201.719999999998,91301905.8
2025-08-01 09:29:18 AM,235.6,0,0.0,91301905.8
2025-08-01 09:29:22 AM,235.79,309,72859.11,91374764.91
2025-08-01 09:29:28 AM,235.6,0,0.0,91374764.91
2025-08-01 09:29:30 AM,235.6,1500,353400.0,91728164.91
2025-08-01 09:29:31 AM,235.69,3,707.0699999999999,91728871.97999999
2025-08-01 09:29:37 AM,235.76,350,82516.0,91811387.97999999
2025-08-01 09:29:43 AM,235.68,0,0.0,91811387.97999999
2025-08-01 09:29:45 AM,235.68,62,14612.16,91826000.13999999
2025-08-01 09:29:48 AM,235.56,0,0.0,91826000.13999999
2025-08-01 09:29:52 AM,235.56,92,21671.52,91847671.65999998
2025-08-01 09:29:53 AM,235.68,1,235.68,91847907.33999999
2025-08-01 09:30:00 AM,235.68,150,35352.0,91883259.33999999
2025-08-01 09:30:00 AM,235.69,1,235.69,91883495.02999999
2025-08-01 09:30:05 AM,235.65,0,0.0,91883495.02999999
2025-08-01 09:30:07 AM,235.49,511,120335.39,92003830.41999999
2025-08-01 09:30:16 AM,235.39,250,58847.5,92062677.91999999
2025-08-01 09:30:19 AM,235.43,0,0.0,92062677.91999999
2025-08-01 09:30:22 AM,235.43,178,41906.54,92104584.46
2025-08-01 09:30:34 AM,235.28,0,0.0,92104584.46
2025-08-01 09:30:37 AM,235.4,854,201031.6,92305616.05999999
2025-08-01 09:30:40 AM,235.53,0,0.0,92305616.05999999
2025-08-01 09:30:42 AM,235.76,0,0.0,92305616.05999999
2025-08-01 09:30:44 AM,235.56,742,174785.52,92480401.57999998
2025-08-01 09:30:47 AM,235.66,0,0.0,92480401.57999998
2025-08-01 09:30:52 AM,235.66,1,235.66,92480637.23999998
2025-08-01 09:30:54 AM,235.69,0,0.0,92480637.23999998
2025-08-01 09:30:57 AM,235.7,0,0.0,92480637.23999998
2025-08-01 09:30:59 AM,235.72,984,231948.48,92712585.71999998
2025-08-01 09:31:00 AM,236.35,15017,3549267.9499999997,96261853.66999999
2025-08-01 09:31:02 AM,236.3,0,0.0,96261853.66999999
2025-08-01 09:31:05 AM,236.0,0,0.0,96261853.66999999
2025-08-01 09:31:07 AM,236.0,2385,562860.0,96824713.66999999
2025-08-01 09:31:14 AM,235.93,0,0.0,96824713.66999999
2025-08-01 09:31:14 AM,235.93,73,17222.89,96841936.55999999
2025-08-01 09:31:16 AM,235.83,0,0.0,96841936.55999999
2025-08-01 09:31:21 AM,235.83,20,4716.6,96846653.15999998
2025-08-01 09:31:26 AM,235.77,0,0.0,96846653.15999998
2025-08-01 09:31:28 AM,235.69,0,0.0,96846653.15999998
2025-08-01 09:31:29 AM,235.69,3082,726396.58,97573049.73999998
2025-08-01 09:31:34 AM,235.83,0,0.0,97573049.73999998
2025-08-01 09:31:36 AM,235.83,450,106123.5,97679173.23999998
2025-08-01 09:31:38 AM,235.87,0,0.0,97679173.23999998
2025-08-01 09:31:40 AM,234.93,0,0.0,97679173.23999998
2025-08-01 09:31:43 AM,234.66,10388,2437648.08,100116821.31999998
2025-08-01 09:31:44 AM,234.79,0,0.0,100116821.31999998
2025-08-01 09:31:50 AM,234.97,0,0.0,100116821.31999998
2025-08-01 09:31:50 AM,234.97,312,73310.64,100190131.95999998
2025-08-01 09:31:56 AM,234.7,0,0.0,100190131.95999998
2025-08-01 09:31:57 AM,234.7,4026,944902.2,101135034.15999998
2025-08-01 09:32:01 AM,234.77,0,0.0,101135034.15999998
2025-08-01 09:32:03 AM,234.8,121,28410.800000000003,101163444.95999998
2025-08-01 09:32:06 AM,234.7,0,0.0,101163444.95999998
2025-08-01 09:32:06 AM,234.86,0,0.0,101163444.95999998
2025-08-01 09:32:11 AM,235.0,3229,758815.0,101922259.95999998
2025-08-01 09:32:18 AM,234.81,5025,1179920.25,103102180.20999998
2025-08-01 09:32:24 AM,234.72,0,0.0,103102180.20999998
2025-08-01 09:32:25 AM,234.72,4639,1088866.08,104191046.28999998
2025-08-01 09:32:30 AM,234.9,0,0.0,104191046.28999998
2025-08-01 09:32:32 AM,234.9,100,23490.0,104214536.28999998
2025-08-01 09:32:38 AM,234.8,21,4930.8,104219467.08999997
2025-08-01 09:32:42 AM,234.67,0,0.0,104219467.08999997
2025-08-01 09:32:46 AM,234.67,314,73686.37999999999,104293153.46999997
2025-08-01 09:32:48 AM,234.74,0,0.0,104293153.46999997
2025-08-01 09:32:53 AM,234.74,503,118074.22,104411227.68999997
2025-08-01 09:32:59 AM,234.6,10,2346.0,104413573.68999997
2025-08-01 09:33:06 AM,234.52,0,0.0,104413573.68999997
2025-08-01 09:33:06 AM,234.52,420,98498.40000000001,104512072.08999997
2025-08-01 09:33:13 AM,234.52,400,93808.0,104605880.08999997
2025-08-01 09:33:17 AM,234.5,0,0.0,104605880.08999997
2025-08-01 09:33:20 AM,234.5,3093,725308.5,105331188.58999997
2025-08-01 09:33:27 AM,234.55,0,0.0,105331188.58999997
2025-08-01 09:33:27 AM,234.55,1000,234550.0,105565738.58999997
2025-08-01 09:33:32 AM,234.42,0,0.0,105565738.58999997
2025-08-01 09:33:34 AM,234.59,145,34015.55,105599754.13999997
2025-08-01 09:33:34 AM,234.6,1,234.6,105599988.73999996
2025-08-01 09:33:41 AM,234.6,614,144044.4,105744033.13999997
2025-08-01 09:33:55 AM,234.49,100,23449.0,105767482.13999997
2025-08-01 09:34:02 AM,234.46,0,0.0,105767482.13999997
2025-08-01 09:34:02 AM,234.46,100,23446.0,105790928.13999997
2025-08-01 09:34:07 AM,234.6,0,0.0,105790928.13999997
2025-08-01 09:34:09 AM,234.9,16374,3846252.6,109637180.73999996
2025-08-01 09:34:12 AM,234.52,0,0.0,109637180.73999996
2025-08-01 09:34:16 AM,234.52,1011,237099.72,109874280.45999996
2025-08-01 09:34:20 AM,234.46,0,0.0,109874280.45999996
2025-08-01 09:34:23 AM,234.46,2,468.92,109874749.37999997
2025-08-01 09:34:25 AM,234.56,0,0.0,109874749.37999997
2025-08-01 09:34:30 AM,234.4,0,0.0,109874749.37999997
2025-08-01 09:34:30 AM,234.4,1281,300266.4,110175015.77999997
2025-08-01 09:34:35 AM,234.42,0,0.0,110175015.77999997
2025-08-01 09:34:37 AM,234.23,628,147096.44,110322112.21999997
2025-08-01 09:34:47 AM,234.54,0,0.0,110322112.21999997
2025-08-01 09:34:50 AM,234.38,0,0.0,110322112.21999997
2025-08-01 09:34:51 AM,234.38,1088,255005.44,110577117.65999997
2025-08-01 09:34:52 AM,234.54,0,0.0,110577117.65999997
2025-08-01 09:34:58 AM,234.54,148,34711.92,110611829.57999997
2025-08-01 09:35:02 AM,234.35,0,0.0,110611829.57999997
2025-08-01 09:35:04 AM,234.35,1000,234350.0,110846179.57999997
2025-08-01 09:35:05 AM,234.54,85,19935.899999999998,110866115.47999997
2025-08-01 09:35:12 AM,234.54,50,11727.0,110877842.47999997
2025-08-01 09:35:17 AM,234.1,0,0.0,110877842.47999997
2025-08-01 09:35:19 AM,233.8,3510,820638.0,111698480.47999997
2025-08-01 09:35:22 AM,233.78,0,0.0,111698480.47999997
2025-08-01 09:35:26 AM,233.63,4341,1014187.83,112712668.30999997
2025-08-01 09:35:27 AM,233.54,0,0.0,112712668.30999997
2025-08-01 09:35:32 AM,233.44,0,0.0,112712668.30999997
2025-08-01 09:35:33 AM,233.44,95,22176.8,112734845.10999997
2025-08-01 09:35:37 AM,233.73,0,0.0,112734845.10999997
2025-08-01 09:35:37 AM,233.52,0,0.0,112734845.10999997
2025-08-01 09:35:40 AM,233.73,1165,272295.45,113007140.55999997
2025-08-01 09:35:46 AM,233.73,1473,344284.29,113351424.84999998
2025-08-01 09:35:47 AM,233.72,0,0.0,113351424.84999998
2025-08-01 09:35:52 AM,233.74,0,0.0,113351424.84999998
2025-08-01 09:35:53 AM,233.74,156,36463.44,113387888.28999998
2025-08-01 09:35:56 AM,233.78,0,0.0,113387888.28999998
2025-08-01 09:35:59 AM,233.73,2349,549031.77,113936920.05999997
2025-08-01 09:36:01 AM,233.66,0,0.0,113936920.05999997
2025-08-01 09:36:01 AM,233.58,0,0.0,113936920.05999997
2025-08-01 09:36:05 AM,233.72,0,0.0,113936920.05999997
2025-08-01 09:36:05 AM,233.56,0,0.0,113936920.05999997
2025-08-01 09:36:06 AM,233.56,394,92022.64,114028942.69999997
2025-08-01 09:36:09 AM,233.52,0,0.0,114028942.69999997
2025-08-01 09:36:13 AM,233.58,0,0.0,114028942.69999997
2025-08-01 09:36:13 AM,233.58,1167,272587.86,114301530.55999997
2025-08-01 09:36:13 AM,233.55,217,50680.350000000006,114352210.90999997
2025-08-01 09:36:17 AM,233.52,0,0.0,114352210.90999997
2025-08-01 09:36:20 AM,233.7,591,138116.69999999998,114490327.60999997
2025-08-01 09:36:25 AM,233.5,0,0.0,114490327.60999997
2025-08-01 09:36:26 AM,233.5,500,116750.0,114607077.60999997
2025-08-01 09:36:29 AM,233.58,0,0.0,114607077.60999997
2025-08-01 09:36:33 AM,233.58,6259,1461977.22,116069054.82999997
2025-08-01 09:36:37 AM,233.7,0,0.0,116069054.82999997
2025-08-01 09:36:39 AM,233.7,1267,296097.89999999997,116365152.72999997
2025-08-01 09:36:45 AM,233.58,0,0.0,116365152.72999997
2025-08-01 09:36:45 AM,233.58,20,4671.6,116369824.32999997
2025-08-01 09:36:49 AM,233.48,0,0.0,116369824.32999997
2025-08-01 09:36:52 AM,233.51,3027,706834.77,117076659.09999996
2025-08-01 09:36:59 AM,233.31,1005,234476.55,117311135.64999996
2025-08-01 09:37:01 AM,233.48,0,0.0,117311135.64999996
2025-08-01 09:37:05 AM,233.51,0,0.0,117311135.64999996
2025-08-01 09:37:06 AM,233.32,2120,494638.39999999997,117805774.04999997
2025-08-01 09:37:06 AM,233.46,1,233.46,117806007.50999996
2025-08-01 09:37:11 AM,233.31,0,0.0,117806007.50999996
2025-08-01 09:37:13 AM,233.25,1804,420783.0,118226790.50999996
2025-08-01 09:37:20 AM,233.05,0,0.0,118226790.50999996
2025-08-01 09:37:20 AM,233.0,5495,1280335.0,119507125.50999996
2025-08-01 09:37:25 AM,232.73,0,0.0,119507125.50999996
2025-08-01 09:37:26 AM,232.63,0,0.0,119507125.50999996
2025-08-01 09:37:27 AM,232.63,5161,1200603.43,120707728.93999997
2025-08-01 09:37:30 AM,232.5,0,0.0,120707728.93999997
2025-08-01 09:37:31 AM,232.6,0,0.0,120707728.93999997
2025-08-01 09:37:34 AM,232.51,2806,652423.0599999999,121360151.99999997
2025-08-01 09:37:34 AM,232.74,500,116370.0,121476521.99999997
2025-08-01 09:37:35 AM,232.5,0,0.0,121476521.99999997
2025-08-01 09:37:39 AM,232.52,0,0.0,121476521.99999997
2025-08-01 09:37:41 AM,232.54,2735,635996.9,122112518.89999998
2025-08-01 09:37:43 AM,232.42,0,0.0,122112518.89999998
2025-08-01 09:37:47 AM,232.5,2020,469650.0,122582168.89999998
2025-08-01 09:37:51 AM,231.87,0,0.0,122582168.89999998
2025-08-01 09:37:53 AM,231.84,0,0.0,122582168.89999998
2025-08-01 09:37:54 AM,231.84,9967,2310749.2800000003,124892918.17999998
2025-08-01 09:37:55 AM,231.6,0,0.0,124892918.17999998
2025-08-01 09:38:00 AM,231.35,6657,1540096.95,126433015.12999998
2025-08-01 09:38:00 AM,231.34,0,0.0,126433015.12999998
2025-08-01 09:38:05 AM,231.2,0,0.0,126433015.12999998
2025-08-01 09:38:07 AM,231.35,0,0.0,126433015.12999998
2025-08-01 09:38:07 AM,231.35,6125,1417018.75,127850033.87999998
2025-08-01 09:38:11 AM,231.63,0,0.0,127850033.87999998
2025-08-01 09:38:14 AM,231.63,12187,2822874.81,130672908.68999998
2025-08-01 09:38:21 AM,231.63,274,63466.619999999995,130736375.30999999
2025-08-01 09:38:21 AM,231.63,51,11813.13,130748188.43999998
2025-08-01 09:38:27 AM,231.56,0,0.0,130748188.43999998
2025-08-01 09:38:28 AM,231.56,1843,426765.08,131174953.51999998
2025-08-01 09:38:32 AM,231.96,0,0.0,131174953.51999998
2025-08-01 09:38:34 AM,231.96,591,137088.36000000002,131312041.87999998
2025-08-01 09:38:41 AM,231.95,1123,260479.84999999998,131572521.72999997
2025-08-01 09:38:45 AM,231.9,0,0.0,131572521.72999997
2025-08-01 09:38:48 AM,231.91,3301,765534.91,132338056.63999997
2025-08-01 09:38:49 AM,231.93,0,0.0,132338056.63999997
2025-08-01 09:38:53 AM,231.99,0,0.0,132338056.63999997
2025-08-01 09:38:54 AM,231.99,992,230134.08000000002,132568190.71999997
2025-08-01 09:38:57 AM,232.13,0,0.0,132568190.71999997
2025-08-01 09:39:01 AM,232.0,10100,2343200.0,134911390.71999997
2025-08-01 09:39:07 AM,232.13,0,0.0,134911390.71999997
2025-08-01 09:39:08 AM,232.13,26,6035.38,134917426.09999996
2025-08-01 09:39:12 AM,232.0,0,0.0,134917426.09999996
2025-08-01 09:39:15 AM,231.96,1423,330079.08,135247505.17999998
2025-08-01 09:39:17 AM,231.81,0,0.0,135247505.17999998
2025-08-01 09:39:21 AM,231.81,273,63284.13,135310789.30999997
2025-08-01 09:39:22 AM,231.72,0,0.0,135310789.30999997
2025-08-01 09:39:28 AM,231.72,3206,742894.32,136053683.62999997
2025-08-01 09:39:30 AM,231.65,0,0.0,136053683.62999997
2025-08-01 09:39:34 AM,231.78,0,0.0,136053683.62999997
2025-08-01 09:39:35 AM,231.78,175,40561.5,136094245.12999997
2025-08-01 09:39:38 AM,231.88,0,0.0,136094245.12999997
2025-08-01 09:39:41 AM,232.04,1354,314182.16,136408427.28999996
2025-08-01 09:39:42 AM,231.95,0,0.0,136408427.28999996
2025-08-01 09:39:46 AM,231.86,0,0.0,136408427.28999996
2025-08-01 09:39:48 AM,231.86,2118,491079.48000000004,136899506.76999995
2025-08-01 09:39:50 AM,232.02,0,0.0,136899506.76999995
2025-08-01 09:39:54 AM,231.92,346,80244.31999999999,136979751.08999994
2025-08-01 09:40:01 AM,231.93,22,5102.46,136984853.54999995
2025-08-01 09:40:08 AM,231.99,101,23430.99,137008284.53999996
2025-08-01 09:40:14 AM,231.85,1389,322039.64999999997,137330324.18999997
2025-08-01 09:40:16 AM,231.73,0,0.0,137330324.18999997
2025-08-01 09:40:20 AM,231.73,2254,522319.42,137852643.60999995
2025-08-01 09:40:29 AM,231.71,0,0.0,137852643.60999995
2025-08-01 09:40:31 AM,231.87,0,0.0,137852643.60999995
2025-08-01 09:40:33 AM,231.56,0,0.0,137852643.60999995
2025-08-01 09:40:34 AM,231.56,2507,580520.92,138433164.52999994
2025-08-01 09:40:37 AM,231.52,0,0.0,138433164.52999994
2025-08-01 09:40:40 AM,231.65,256,59302.4,138492466.92999995
2025-08-01 09:40:47 AM,231.65,109,25249.850000000002,138517716.77999994
2025-08-01 09:40:47 AM,231.73,315,72994.95,138590711.72999993
2025-08-01 09:40:50 AM,231.65,0,0.0,138590711.72999993
2025-08-01 09:40:53 AM,231.65,226,52352.9,138643064.62999994
2025-08-01 09:40:54 AM,231.65,255,59070.75,138702135.37999994
2025-08-01 09:41:00 AM,231.65,1,231.65,138702367.02999994
2025-08-01 09:41:00 AM,231.65,2450,567542.5,139269909.52999994
2025-08-01 09:41:07 AM,231.74,2001,463711.74,139733621.26999995
2025-08-01 09:41:13 AM,231.73,25,5793.25,139739414.51999995
2025-08-01 09:41:20 AM,231.74,100,23174.0,139762588.51999995
2025-08-01 09:41:27 AM,231.74,141,32675.34,139795263.85999995
2025-08-01 09:41:33 AM,231.74,50,11587.0,139806850.85999995
2025-08-01 09:41:34 AM,231.74,5,1158.7,139808009.55999994
2025-08-01 09:41:40 AM,232.08,10531,2444034.48,142252044.03999993
2025-08-01 09:41:41 AM,231.86,0,0.0,142252044.03999993
2025-08-01 09:41:45 AM,232.04,0,0.0,142252044.03999993
2025-08-01 09:41:46 AM,231.86,316,73267.76000000001,142325311.79999992
2025-08-01 09:41:53 AM,231.86,171,39648.060000000005,142364959.85999992
2025-08-01 09:41:59 AM,231.62,2147,497288.14,142862247.9999999
2025-08-01 09:42:01 AM,231.69,0,0.0,142862247.9999999
2025-08-01 09:42:06 AM,231.69,1196,277101.24,143139349.23999992
2025-08-01 09:42:10 AM,231.71,0,0.0,143139349.23999992
2025-08-01 09:42:12 AM,231.64,205,47486.2,143186835.4399999
2025-08-01 09:42:18 AM,231.82,0,0.0,143186835.4399999
2025-08-01 09:42:19 AM,231.82,109,25268.38,143212103.8199999
2025-08-01 09:42:23 AM,231.84,0,0.0,143212103.8199999
2025-08-01 09:42:25 AM,231.84,27,6259.68,143218363.4999999
2025-08-01 09:42:28 AM,231.71,0,0.0,143218363.4999999
2025-08-01 09:42:32 AM,231.73,0,0.0,143218363.4999999
2025-08-01 09:42:32 AM,231.71,1264,292881.44,143511244.9399999
2025-08-01 09:42:39 AM,231.71,550,127440.5,143638685.4399999
2025-08-01 09:42:46 AM,231.86,60,13911.6,143652597.0399999
2025-08-01 09:42:48 AM,231.73,0,0.0,143652597.0399999
2025-08-01 09:42:48 AM,231.71,0,0.0,143652597.0399999
2025-08-01 09:42:51 AM,231.7,199,46108.299999999996,143698705.3399999
2025-08-01 09:43:00 AM,231.69,0,0.0,143698705.3399999
2025-08-01 09:43:04 AM,231.69,2213,512729.97,144211435.3099999
2025-08-01 09:43:08 AM,231.72,0,0.0,144211435.3099999
2025-08-01 09:43:11 AM,231.8,497,115204.6,144326639.9099999
2025-08-01 09:43:12 AM,231.95,0,0.0,144326639.9099999
2025-08-01 09:43:16 AM,231.77,0,0.0,144326639.9099999
2025-08-01 09:43:18 AM,231.77,5110,1184344.7,145510984.6099999
2025-08-01 09:43:24 AM,231.62,0,0.0,145510984.6099999
2025-08-01 09:43:24 AM,231.48,0,0.0,145510984.6099999
2025-08-01 09:43:25 AM,231.35,10096,2335709.6,147846694.2099999
2025-08-01 09:43:28 AM,231.45,0,0.0,147846694.2099999
2025-08-01 09:43:31 AM,231.54,1160,268586.39999999997,148115280.6099999
2025-08-01 09:43:38 AM,231.5,200,46300.0,148161580.6099999
2025-08-01 09:43:44 AM,231.5,310,71765.0,148233345.6099999
2025-08-01 09:43:45 AM,231.5,100,23150.0,148256495.6099999
2025-08-01 09:43:51 AM,231.5,110,25465.0,148281960.6099999
2025-08-01 09:43:52 AM,231.45,0,0.0,148281960.6099999
2025-08-01 09:43:52 AM,231.45,17,3934.6499999999996,148285895.2599999
2025-08-01 09:43:56 AM,231.5,0,0.0,148285895.2599999
2025-08-01 09:43:57 AM,231.42,121,28001.82,148313897.0799999
2025-08-01 09:43:58 AM,231.39,232,53682.479999999996,148367579.55999988
2025-08-01 09:44:00 AM,231.18,0,0.0,148367579.55999988
2025-08-01 09:44:04 AM,231.18,3411,788554.98,149156134.53999987
2025-08-01 09:44:09 AM,231.15,0,0.0,149156134.53999987
2025-08-01 09:44:11 AM,230.77,4591,1059465.07,150215599.60999987
2025-08-01 09:44:12 AM,230.89,10,2308.8999999999996,150217908.50999987
2025-08-01 09:44:14 AM,230.64,0,0.0,150217908.50999987
2025-08-01 09:44:18 AM,230.64,1688,389320.31999999995,150607228.82999986
2025-08-01 09:44:19 AM,230.63,2,461.26,150607690.08999985
2025-08-01 09:44:20 AM,230.66,0,0.0,150607690.08999985
2025-08-01 09:44:22 AM,230.7,0,0.0,150607690.08999985
2025-08-01 09:44:24 AM,230.68,1667,384543.56,150992233.64999986
2025-08-01 09:44:26 AM,230.66,0,0.0,150992233.64999986
2025-08-01 09:44:28 AM,230.01,0,0.0,150992233.64999986
2025-08-01 09:44:30 AM,230.05,0,0.0,150992233.64999986
2025-08-01 09:44:30 AM,230.12,26676,6138681.12,157130914.76999986
2025-08-01 09:44:31 AM,230.12,13,2991.56,157133906.32999986
2025-08-01 09:44:34 AM,229.93,0,0.0,157133906.32999986
2025-08-01 09:44:36 AM,229.96,0,0.0,157133906.32999986
2025-08-01 09:44:37 AM,229.96,3474,798881.04,157932787.36999986
2025-08-01 09:44:40 AM,230.01,0,0.0,157932787.36999986
2025-08-01 09:44:42 AM,230.25,0,0.0,157932787.36999986
2025-08-01 09:44:43 AM,230.03,2835,652135.05,158584922.41999987
2025-08-01 09:44:44 AM,230.25,0,0.0,158584922.41999987
2025-08-01 09:44:50 AM,230.22,384,88404.48,158673326.89999986
2025-08-01 09:44:51 AM,230.2,5,1151.0,158674477.89999986
2025-08-01 09:44:52 AM,230.06,0,0.0,158674477.89999986
2025-08-01 09:44:56 AM,229.95,2187,502900.64999999997,159177378.54999986
2025-08-01 09:44:57 AM,229.98,6,1379.8799999999999,159178758.42999986
2025-08-01 09:44:58 AM,229.97,0,0.0,159178758.42999986
2025-08-01 09:45:01 AM,229.97,196,45074.12,159223832.54999986
2025-08-01 09:45:01 AM,230.0,0,0.0,159223832.54999986
2025-08-01 09:45:02 AM,230.0,1500,345000.0,159568832.54999986
2025-08-01 09:45:03 AM,230.0,600,138000.0,159706832.54999986
2025-08-01 09:45:04 AM,229.83,1,229.83,159707062.37999988
2025-08-01 09:45:05 AM,229.92,630,144849.6,159851911.97999987
2025-08-01 09:45:07 AM,229.94,0,0.0,159851911.97999987
2025-08-01 09:45:07 AM,229.94,273,62773.62,159914685.59999987
2025-08-01 09:45:08 AM,229.69,0,0.0,159914685.59999987
2025-08-01 09:45:09 AM,229.69,700,160783.0,160075468.59999987
2025-08-01 09:45:10 AM,229.8,0,0.0,160075468.59999987
2025-08-01 09:45:10 AM,229.8,310,71238.0,160146706.59999987
2025-08-01 09:45:12 AM,229.69,0,0.0,160146706.59999987
2025-08-01 09:45:13 AM,229.69,19,4364.11,160151070.7099999
2025-08-01 09:45:14 AM,229.52,50,11476.0,160162546.7099999
2025-08-01 09:45:14 AM,229.46,0,0.0,160162546.7099999
2025-08-01 09:45:15 AM,229.46,288,66084.48,160228631.18999988
2025-08-01 09:45:18 AM,229.41,0,0.0,160228631.18999988
2025-08-01 09:45:18 AM,229.37,205,47020.85,160275652.03999987
2025-08-01 09:45:18 AM,229.38,0,0.0,160275652.03999987
2025-08-01 09:45:18 AM,229.38,22,5046.36,160280698.3999999
2025-08-01 09:45:19 AM,229.34,0,0.0,160280698.3999999
2025-08-01 09:45:20 AM,229.34,120,27520.8,160308219.1999999
2025-08-01 09:45:20 AM,229.35,4,917.4,160309136.5999999
2025-08-01 09:45:21 AM,229.35,10,2293.5,160311430.0999999
2025-08-01 09:45:21 AM,229.34,0,0.0,160311430.0999999
2025-08-01 09:45:22 AM,229.34,119,27291.46,160338721.5599999
2025-08-01 09:45:23 AM,229.5,75,17212.5,160355934.0599999
2025-08-01 09:45:23 AM,229.31,0,0.0,160355934.0599999
2025-08-01 09:45:24 AM,229.31,2,458.62,160356392.67999992
2025-08-01 09:45:26 AM,229.47,2,458.94,160356851.61999992
2025-08-01 09:45:27 AM,229.48,25,5737.0,160362588.61999992
2025-08-01 09:45:29 AM,229.66,935,214732.1,160577320.7199999
2025-08-01 09:45:30 AM,229.7,5,1148.5,160578469.2199999
2025-08-01 09:45:32 AM,229.63,0,0.0,160578469.2199999
2025-08-01 09:45:33 AM,229.63,500,114815.0,160693284.2199999
2025-08-01 09:45:33 AM,229.88,660,151720.8,160845005.01999992
2025-08-01 09:45:39 AM,229.84,48,11032.32,160856037.3399999
2025-08-01 09:45:41 AM,229.87,0,0.0,160856037.3399999
2025-08-01 09:45:41 AM,229.87,99,22757.13,160878794.4699999
2025-08-01 09:45:42 AM,229.9,0,0.0,160878794.4699999
2025-08-01 09:45:42 AM,229.9,200,45980.0,160924774.4699999
2025-08-01 09:45:43 AM,230.0,0,0.0,160924774.4699999
2025-08-01 09:45:44 AM,230.0,1000,230000.0,161154774.4699999
2025-08-01 09:45:47 AM,230.27,0,0.0,161154774.4699999
2025-08-01 09:45:48 AM,230.27,6268,1443332.36,162598106.82999992
2025-08-01 09:45:50 AM,230.43,5020,1156758.6,163754865.42999992
2025-08-01 09:45:51 AM,230.53,1,230.53,163755095.95999992
2025-08-01 09:45:52 AM,230.7,19,4383.3,163759479.25999993
2025-08-01 09:45:55 AM,230.71,50,11535.5,163771014.75999993
2025-08-01 09:45:55 AM,230.7,0,0.0,163771014.75999993
2025-08-01 09:45:55 AM,230.7,50,11535.0,163782549.75999993
2025-08-01 09:45:56 AM,230.57,45,10375.65,163792925.40999994
2025-08-01 09:45:58 AM,230.75,0,0.0,163792925.40999994
2025-08-01 09:45:59 AM,230.75,5,1153.75,163794079.15999994
2025-08-01 09:45:59 AM,230.76,0,0.0,163794079.15999994
2025-08-01 09:46:00 AM,230.76,94,21691.44,163815770.59999993
2025-08-01 09:46:01 AM,230.7,0,0.0,163815770.59999993
2025-08-01 09:46:02 AM,230.7,575,132652.5,163948423.09999993
2025-08-01 09:46:02 AM,230.51,0,0.0,163948423.09999993
2025-08-01 09:46:03 AM,230.5,0,0.0,163948423.09999993
2025-08-01 09:46:03 AM,230.5,188,43334.0,163991757.09999993
2025-08-01 09:46:04 AM,230.55,0,0.0,163991757.09999993
2025-08-01 09:46:05 AM,230.55,3106,716088.3,164707845.39999995
2025-08-01 09:46:06 AM,230.74,100,23074.0,164730919.39999995
2025-08-01 09:46:06 AM,230.79,0,0.0,164730919.39999995
2025-08-01 09:46:06 AM,230.79,3082,711294.78,165442214.17999995
2025-08-01 09:46:09 AM,230.79,54,12462.66,165454676.83999994
2025-08-01 09:46:10 AM,231.0,0,0.0,165454676.83999994
2025-08-01 09:46:11 AM,231.0,1646,380226.0,165834902.83999994
2025-08-01 09:46:12 AM,231.22,0,0.0,165834902.83999994
2025-08-01 09:46:13 AM,231.22,1,231.22,165835134.05999994
2025-08-01 09:46:13 AM,231.28,0,0.0,165835134.05999994
2025-08-01 09:46:14 AM,231.28,573,132523.44,165967657.49999994
2025-08-01 09:46:14 AM,231.16,0,0.0,165967657.49999994
2025-08-01 09:46:15 AM,231.16,400,92464.0,166060121.49999994
2025-08-01 09:46:18 AM,231.01,0,0.0,166060121.49999994
2025-08-01 09:46:19 AM,231.01,550,127055.5,166187176.99999994
2025-08-01 09:46:23 AM,231.17,9,2080.5299999999997,166189257.52999994
2025-08-01 09:46:24 AM,231.17,11,2542.87,166191800.39999995
2025-08-01 09:46:26 AM,230.89,0,0.0,166191800.39999995
2025-08-01 09:46:27 AM,230.89,3776,871840.6399999999,167063641.03999993
2025-08-01 09:46:27 AM,231.0,2275,525525.0,167589166.03999993
2025-08-01 09:46:29 AM,230.74,1,230.74,167589396.77999994
2025-08-01 09:46:29 AM,230.74,6,1384.44,167590781.21999994
2025-08-01 09:46:35 AM,230.74,47,10844.78,167601625.99999994
2025-08-01 09:46:37 AM,230.81,0,0.0,167601625.99999994
2025-08-01 09:46:38 AM,230.81,100,23081.0,167624706.99999994
2025-08-01 09:46:39 AM,230.85,0,0.0,167624706.99999994
2025-08-01 09:46:39 AM,230.85,10,2308.5,167627015.49999994
2025-08-01 09:46:41 AM,230.87,0,0.0,167627015.49999994
2025-08-01 09:46:41 AM,230.87,30,6926.1,167633941.59999993
2025-08-01 09:46:42 AM,231.0,0,0.0,167633941.59999993
2025-08-01 09:46:43 AM,231.0,778,179718.0,167813659.59999993
2025-08-01 09:46:44 AM,231.17,0,0.0,167813659.59999993
2025-08-01 09:46:45 AM,230.99,504,116418.96,167930078.55999994
2025-08-01 09:46:49 AM,230.99,28,6467.72,167936546.27999994
2025-08-01 09:46:54 AM,230.99,48,11087.52,167947633.79999995
2025-08-01 09:46:56 AM,230.93,3,692.79,167948326.58999994
2025-08-01 09:46:57 AM,230.98,550,127039.0,168075365.58999994
2025-08-01 09:46:58 AM,230.96,0,0.0,168075365.58999994
2025-08-01 09:46:59 AM,230.96,35,8083.6,168083449.18999994
2025-08-01 09:47:10 AM,231.14,0,0.0,168083449.18999994
2025-08-01 09:47:11 AM,231.14,1846,426684.44,168510133.62999994
2025-08-01 09:47:13 AM,231.16,0,0.0,168510133.62999994
2025-08-01 09:47:13 AM,231.16,100,23116.0,168533249.62999994
2025-08-01 09:47:14 AM,231.3,0,0.0,168533249.62999994
2025-08-01 09:47:17 AM,231.3,5,1156.5,168534406.12999994
2025-08-01 09:47:19 AM,231.22,45,10404.9,168544811.02999994
2025-08-01 09:47:21 AM,231.54,0,0.0,168544811.02999994
2025-08-01 09:47:22 AM,231.4,0,0.0,168544811.02999994
2025-08-01 09:47:23 AM,231.4,2387,552351.8,169097162.82999995
2025-08-01 09:47:29 AM,231.42,5,1157.1,169098319.92999995
2025-08-01 09:47:34 AM,231.32,0,0.0,169098319.92999995
2025-08-01 09:47:36 AM,231.32,186,43025.52,169141345.44999996
2025-08-01 09:47:38 AM,231.6,338,78280.8,169219626.24999997
2025-08-01 09:47:41 AM,231.59,0,0.0,169219626.24999997
2025-08-01 09:47:43 AM,231.59,1000,231590.0,169451216.24999997
2025-08-01 09:47:46 AM,231.4,0,0.0,169451216.24999997
2025-08-01 09:47:50 AM,231.4,153,35404.200000000004,169486620.44999996
2025-08-01 09:47:52 AM,231.35,2,462.7,169487083.14999995
2025-08-01 09:47:55 AM,231.39,0,0.0,169487083.14999995
2025-08-01 09:47:56 AM,231.39,45,10412.55,169497495.69999996
2025-08-01 09:48:03 AM,231.4,440,101816.0,169599311.69999996
2025-08-01 09:48:04 AM,231.1,0,0.0,169599311.69999996
2025-08-01 09:48:05 AM,231.1,225,51997.5,169651309.19999996
2025-08-01 09:48:08 AM,231.06,0,0.0,169651309.19999996
2025-08-01 09:48:09 AM,231.07,156,36046.92,169687356.11999995
2025-08-01 09:48:20 AM,231.21,0,0.0,169687356.11999995
2025-08-01 09:48:22 AM,231.31,329,76100.99,169763457.10999995
2025-08-01 09:48:24 AM,231.4,0,0.0,169763457.10999995
2025-08-01 09:48:25 AM,231.4,700,161980.0,169925437.10999995
2025-08-01 09:48:28 AM,231.39,0,0.0,169925437.10999995
2025-08-01 09:48:28 AM,231.39,100,23139.0,169948576.10999995
2025-08-01 09:48:31 AM,231.39,4,925.56,169949501.66999996
2025-08-01 09:48:32 AM,231.56,0,0.0,169949501.66999996
2025-08-01 09:48:35 AM,231.6,526,121821.59999999999,170071323.26999995
2025-08-01 09:48:36 AM,231.69,0,0.0,170071323.26999995
2025-08-01 09:48:38 AM,231.69,5,1158.45,170072481.71999994
2025-08-01 09:48:40 AM,231.8,0,0.0,170072481.71999994
2025-08-01 09:48:40 AM,231.67,0,0.0,170072481.71999994
2025-08-01 09:48:41 AM,231.67,360,83401.2,170155882.91999993
2025-08-01 09:48:44 AM,231.63,0,0.0,170155882.91999993
2025-08-01 09:48:44 AM,231.79,102,23642.579999999998,170179525.49999994
2025-08-01 09:48:48 AM,232.06,0,0.0,170179525.49999994
2025-08-01 09:48:48 AM,232.06,801,185880.06,170365405.55999994
2025-08-01 09:48:50 AM,232.03,50,11601.5,170377007.05999994
2025-08-01 09:49:00 AM,232.19,0,0.0,170377007.05999994
2025-08-01 09:49:00 AM,232.23,560,130048.79999999999,170507055.85999995
2025-08-01 09:49:03 AM,232.03,1000,232030.0,170739085.85999995
2025-08-01 09:49:04 AM,232.23,0,0.0,170739085.85999995
2025-08-01 09:49:07 AM,232.21,42,9752.82,170748838.67999995
2025-08-01 09:49:09 AM,232.24,353,81980.72,170830819.39999995
2025-08-01 09:49:12 AM,232.12,0,0.0,170830819.39999995
2025-08-01 09:49:13 AM,232.12,139,32264.68,170863084.07999995
2025-08-01 09:49:15 AM,232.03,758,175878.74,171038962.81999996
2025-08-01 09:49:16 AM,232.3,0,0.0,171038962.81999996
2025-08-01 09:49:19 AM,232.3,293,68063.90000000001,171107026.71999997
2025-08-01 09:49:20 AM,232.05,0,0.0,171107026.71999997
2025-08-01 09:49:22 AM,232.05,24,5569.200000000001,171112595.91999996
2025-08-01 09:49:28 AM,232.25,0,0.0,171112595.91999996
2025-08-01 09:49:28 AM,232.25,160,37160.0,171149755.91999996
2025-08-01 09:49:31 AM,232.23,0,0.0,171149755.91999996
2025-08-01 09:49:31 AM,232.23,55,12772.65,171162528.56999996
2025-08-01 09:49:34 AM,232.28,0,0.0,171162528.56999996
2025-08-01 09:49:34 AM,232.28,100,23228.0,171185756.56999996
2025-08-01 09:49:37 AM,232.33,0,0.0,171185756.56999996
2025-08-01 09:49:38 AM,232.33,700,162631.0,171348387.56999996
2025-08-01 09:49:40 AM,232.29,0,0.0,171348387.56999996
2025-08-01 09:49:41 AM,232.29,5,1161.45,171349549.01999995
2025-08-01 09:49:43 AM,232.34,0,0.0,171349549.01999995
2025-08-01 09:49:43 AM,232.15,0,0.0,171349549.01999995
2025-08-01 09:49:44 AM,232.15,506,117467.90000000001,171467016.91999996
2025-08-01 09:49:46 AM,232.32,0,0.0,171467016.91999996
2025-08-01 09:49:47 AM,232.32,73,16959.36,171483976.27999997
2025-08-01 09:49:49 AM,232.27,0,0.0,171483976.27999997
2025-08-01 09:49:50 AM,232.35,2122,493046.7,171977022.97999996
2025-08-01 09:50:00 AM,232.31,0,0.0,171977022.97999996
2025-08-01 09:50:00 AM,232.31,1,232.31,171977255.28999996
2025-08-01 09:50:06 AM,232.31,301,69925.31,172047180.59999996
2025-08-01 09:50:10 AM,232.31,5,1161.55,172048342.14999998
2025-08-01 09:50:13 AM,232.31,2,464.62,172048806.76999998
2025-08-01 09:50:19 AM,232.39,79,18358.809999999998,172067165.57999998
2025-08-01 09:50:21 AM,232.3,0,0.0,172067165.57999998
2025-08-01 09:50:23 AM,232.3,10,2323.0,172069488.57999998
2025-08-01 09:50:25 AM,232.47,100,23247.0,172092735.57999998
2025-08-01 09:50:27 AM,232.79,0,0.0,172092735.57999998
2025-08-01 09:50:29 AM,232.8,0,0.0,172092735.57999998
2025-08-01 09:50:29 AM,232.85,2451,570715.35,172663450.92999998
2025-08-01 09:50:30 AM,232.98,0,0.0,172663450.92999998
2025-08-01 09:50:32 AM,232.98,380,88532.4,172751983.32999998
2025-08-01 09:50:33 AM,232.83,0,0.0,172751983.32999998
2025-08-01 09:50:35 AM,232.83,1,232.83,172752216.16
2025-08-01 09:50:37 AM,233.19,0,0.0,172752216.16
2025-08-01 09:50:38 AM,233.19,2000,466380.0,173218596.16
2025-08-01 09:50:39 AM,233.11,0,0.0,173218596.16
2025-08-01 09:50:41 AM,233.11,203,47321.33,173265917.49
2025-08-01 09:50:44 AM,233.21,0,0.0,173265917.49
2025-08-01 09:50:44 AM,233.21,10,2332.1,173268249.59
2025-08-01 09:50:50 AM,233.21,54,12593.34,173280842.93
2025-08-01 09:50:54 AM,233.12,0,0.0,173280842.93
2025-08-01 09:50:56 AM,233.12,30,6993.6,173287836.53
2025-08-01 09:50:58 AM,233.2,0,0.0,173287836.53
2025-08-01 09:51:00 AM,233.21,0,0.0,173287836.53
2025-08-01 09:51:00 AM,233.04,406,94614.23999999999,173382450.77
2025-08-01 09:51:02 AM,232.83,1542,359023.86000000004,173741474.63000003
2025-08-01 09:51:06 AM,232.82,0,0.0,173741474.63000003
2025-08-01 09:51:07 AM,232.82,215,50056.299999999996,173791530.93000004
2025-08-01 09:51:09 AM,233.06,95,22140.7,173813671.63000003
2025-08-01 09:51:11 AM,232.91,0,0.0,173813671.63000003
2025-08-01 09:51:13 AM,233.03,272,63384.16,173877055.79000002
2025-08-01 09:51:18 AM,232.84,0,0.0,173877055.79000002
2025-08-01 09:51:19 AM,232.84,1,232.84,173877288.63000003
2025-08-01 09:51:21 AM,232.78,500,116390.0,173993678.63000003
2025-08-01 09:51:29 AM,232.79,0,0.0,173993678.63000003
2025-08-01 09:51:31 AM,232.79,5,1163.95,173994842.58
2025-08-01 09:51:33 AM,232.68,0,0.0,173994842.58
2025-08-01 09:51:34 AM,232.68,121,28154.280000000002,174022996.86
2025-08-01 09:51:37 AM,232.65,0,0.0,174022996.86
2025-08-01 09:51:38 AM,232.7,129,30018.3,174053015.16000003
2025-08-01 09:51:44 AM,232.55,2,465.1,174053480.26000002
2025-08-01 09:51:49 AM,232.43,0,0.0,174053480.26000002
2025-08-01 09:51:51 AM,232.43,668,155263.24,174208743.50000003
2025-08-01 09:51:52 AM,232.31,0,0.0,174208743.50000003
2025-08-01 09:51:53 AM,232.13,1921,445921.73,174654665.23000002
2025-08-01 09:51:57 AM,232.15,18,4178.7,174658843.93
2025-08-01 09:52:08 AM,232.24,625,145150.0,174803993.93
2025-08-01 09:52:09 AM,232.28,0,0.0,174803993.93
2025-08-01 09:52:11 AM,232.28,6,1393.68,174805387.61
2025-08-01 09:52:18 AM,232.46,192,44632.32,174850019.93
2025-08-01 09:52:20 AM,232.29,0,0.0,174850019.93
2025-08-01 09:52:21 AM,232.29,99,22996.71,174873016.64000002
2025-08-01 09:52:26 AM,232.46,0,0.0,174873016.64000002
2025-08-01 09:52:27 AM,232.46,100,23246.0,174896262.64000002
2025-08-01 09:52:30 AM,232.46,27,6276.42,174902539.06
2025-08-01 09:52:35 AM,232.5,0,0.0,174902539.06
2025-08-01 09:52:35 AM,232.6,0,0.0,174902539.06
2025-08-01 09:52:36 AM,232.6,200,46520.0,174949059.06
2025-08-01 09:52:39 AM,232.75,26,6051.5,174955110.56
2025-08-01 09:52:44 AM,232.77,0,0.0,174955110.56
2025-08-01 09:52:45 AM,232.77,60,13966.2,174969076.76
2025-08-01 09:52:48 AM,232.78,300,69834.0,175038910.76
2025-08-01 09:52:52 AM,232.65,618,143777.7,175182688.45999998
2025-08-01 09:52:56 AM,233.09,0,0.0,175182688.45999998
2025-08-01 09:52:56 AM,233.11,0,0.0,175182688.45999998
2025-08-01 09:52:58 AM,233.11,2903,676718.3300000001,175859406.79
2025-08-01 09:53:05 AM,233.01,0,0.0,175859406.79
2025-08-01 09:53:06 AM,233.01,5,1165.05,175860571.84
2025-08-01 09:53:08 AM,232.92,0,0.0,175860571.84
2025-08-01 09:53:10 AM,232.92,1004,233851.68,176094423.52
2025-08-01 09:53:14 AM,233.18,0,0.0,176094423.52
2025-08-01 09:53:16 AM,233.18,4455,1038816.9,177133240.42000002
2025-08-01 09:53:18 AM,233.14,75,17485.5,177150725.92000002
2025-08-01 09:53:22 AM,233.29,0,0.0,177150725.92000002
2025-08-01 09:53:22 AM,233.29,53,12364.369999999999,177163090.29000002
2025-08-01 09:53:28 AM,233.31,0,0.0,177163090.29000002
2025-08-01 09:53:28 AM,233.19,0,0.0,177163090.29000002
2025-08-01 09:53:28 AM,233.19,18,4197.42,177167287.71
2025-08-01 09:53:30 AM,233.35,57,13300.949999999999,177180588.66
2025-08-01 09:53:33 AM,233.36,0,0.0,177180588.66
2025-08-01 09:53:34 AM,233.23,174,40582.02,177221170.68
2025-08-01 09:53:40 AM,233.4,0,0.0,177221170.68
2025-08-01 09:53:41 AM,233.4,1289,300852.60000000003,177522023.28
2025-08-01 09:53:47 AM,232.92,1439,335171.88,177857195.16
2025-08-01 09:53:51 AM,233.07,0,0.0,177857195.16
2025-08-01 09:53:54 AM,233.15,105,24480.75,177881675.91
2025-08-01 09:53:57 AM,232.96,0,0.0,177881675.91
2025-08-01 09:54:00 AM,233.15,50,11657.5,177893333.41
2025-08-01 09:54:01 AM,232.99,125,29123.75,177922457.16
2025-08-01 09:54:03 AM,232.92,0,0.0,177922457.16
2025-08-01 09:54:06 AM,232.92,200,46584.0,177969041.16
2025-08-01 09:54:12 AM,232.92,6,1397.52,177970438.68
2025-08-01 09:54:18 AM,233.12,150,34968.0,178005406.68
2025-08-01 09:54:19 AM,233.12,55,12821.6,178018228.28
2025-08-01 09:54:31 AM,232.99,53,12348.470000000001,178030576.75
2025-08-01 09:54:34 AM,232.93,0,0.0,178030576.75
2025-08-01 09:54:37 AM,232.93,4,931.72,178031508.47
2025-08-01 09:54:40 AM,234.1,0,0.0,178031508.47
2025-08-01 09:54:43 AM,233.76,0,0.0,178031508.47
2025-08-01 09:54:43 AM,233.76,12744,2979037.44,181010545.91
2025-08-01 09:54:43 AM,233.46,0,0.0,181010545.91
2025-08-01 09:54:44 AM,233.46,500,116730.0,181127275.91
2025-08-01 09:54:46 AM,233.63,0,0.0,181127275.91
2025-08-01 09:54:49 AM,233.63,17,3971.71,181131247.62
2025-08-01 09:54:49 AM,233.63,12,2803.56,181134051.18
2025-08-01 09:54:54 AM,233.64,1277,298358.27999999997,181432409.46
2025-08-01 09:55:00 AM,233.6,176,41113.6,181473523.06
2025-08-01 09:55:06 AM,233.42,35,8169.7,181481692.76
2025-08-01 09:55:07 AM,233.39,200,46678.0,181528370.76
2025-08-01 09:55:12 AM,233.39,4,933.56,181529304.32
2025-08-01 09:55:19 AM,233.56,49,11444.44,181540748.76
2025-08-01 09:55:30 AM,233.54,54,12611.16,181553359.92
2025-08-01 09:55:35 AM,233.39,0,0.0,181553359.92
2025-08-01 09:55:36 AM,233.39,2,466.78,181553826.7
2025-08-01 09:55:37 AM,233.35,500,116675.0,181670501.7
2025-08-01 09:55:42 AM,233.37,100,23337.0,181693838.7
2025-08-01 09:55:43 AM,233.54,10,2335.4,181696174.1
2025-08-01 09:55:46 AM,233.39,0,0.0,181696174.1
2025-08-01 09:55:48 AM,233.34,129,30100.86,181726274.96
2025-08-01 09:55:49 AM,233.35,4,933.4,181727208.36
2025-08-01 09:55:58 AM,233.54,0,0.0,181727208.36
2025-08-01 09:56:00 AM,233.5,0,0.0,181727208.36
2025-08-01 09:56:00 AM,233.5,253,59075.5,181786283.86
2025-08-01 09:56:01 AM,233.34,5,1166.7,181787450.56
2025-08-01 09:56:03 AM,233.27,0,0.0,181787450.56
2025-08-01 09:56:06 AM,233.27,1000,233270.0,182020720.56
2025-08-01 09:56:09 AM,233.53,0,0.0,182020720.56
2025-08-01 09:56:12 AM,233.53,104,24287.12,182045007.68
2025-08-01 09:56:15 AM,233.35,0,0.0,182045007.68
2025-08-01 09:56:18 AM,233.35,6,1400.1,182046407.78
2025-08-01 09:56:30 AM,233.35,4,933.4,182047341.18
2025-08-01 09:56:33 AM,233.5,0,0.0,182047341.18
2025-08-01 09:56:36 AM,233.5,500,116750.0,182164091.18
2025-08-01 09:56:42 AM,233.5,74,17279.0,182181370.18
2025-08-01 09:56:49 AM,233.37,40,9334.8,182190704.98000002
2025-08-01 09:56:54 AM,233.37,5,1166.85,182191871.83
2025-08-01 09:57:00 AM,233.49,54,12608.460000000001,182204480.29000002
2025-08-01 09:57:08 AM,233.38,1,233.38,182204713.67000002
2025-08-01 09:57:12 AM,233.38,4,933.52,182205647.19000003
2025-08-01 09:57:20 AM,233.49,53,12374.970000000001,182218022.16000003
2025-08-01 09:57:23 AM,233.38,10,2333.8,182220355.96000004
2025-08-01 09:57:25 AM,233.38,114,26605.32,182246961.28000003
2025-08-01 09:57:29 AM,233.38,54,12602.52,182259563.80000004
2025-08-01 09:57:30 AM,233.37,0,0.0,182259563.80000004
2025-08-01 09:57:31 AM,233.37,6,1400.22,182260964.02000004
2025-08-01 09:57:34 AM,233.28,0,0.0,182260964.02000004
2025-08-01 09:57:34 AM,233.2,0,0.0,182260964.02000004
2025-08-01 09:57:35 AM,233.32,547,127626.04,182388590.06000003
2025-08-01 09:57:44 AM,233.38,145,33840.1,182422430.16000003
2025-08-01 09:57:50 AM,233.21,0,0.0,182422430.16000003
2025-08-01 09:57:50 AM,233.21,45,10494.45,182432924.61
2025-08-01 09:57:53 AM,233.41,1055,246247.55,182679172.16000003
2025-08-01 09:57:59 AM,233.21,44,10261.24,182689433.40000004
2025-08-01 09:58:02 AM,233.21,700,163247.0,182852680.40000004
2025-08-01 09:58:06 AM,233.2,2228,519569.6,183372250.00000003
2025-08-01 09:58:12 AM,233.2,1093,254887.59999999998,183627137.60000002
2025-08-01 09:58:18 AM,233.2,210,48972.0,183676109.60000002
2025-08-01 09:58:20 AM,233.26,42,9796.92,183685906.52
2025-08-01 09:58:24 AM,233.2,18,4197.599999999999,183690104.12
2025-08-01 09:58:30 AM,232.9,6605,1538304.5,185228408.62
2025-08-01 09:58:31 AM,233.01,0,0.0,185228408.62
2025-08-01 09:58:32 AM,233.01,50,11650.5,185240059.12
2025-08-01 09:58:35 AM,232.9,0,0.0,185240059.12
2025-08-01 09:58:36 AM,232.9,4,931.6,185240990.72
2025-08-01 09:58:45 AM,232.82,551,128283.81999999999,185369274.54
2025-08-01 09:58:51 AM,232.78,0,0.0,185369274.54
2025-08-01 09:58:51 AM,232.75,0,0.0,185369274.54
2025-08-01 09:58:51 AM,232.75,647,150589.25,185519863.79
2025-08-01 09:58:59 AM,232.82,0,0.0,185519863.79
2025-08-01 09:59:00 AM,232.76,4816,1120972.16,186640835.95
2025-08-01 09:59:03 AM,232.92,0,0.0,186640835.95
2025-08-01 09:59:03 AM,232.92,5,1164.6,186642000.54999998
2025-08-01 09:59:08 AM,232.82,0,0.0,186642000.54999998
2025-08-01 09:59:09 AM,232.76,0,0.0,186642000.54999998
2025-08-01 09:59:09 AM,232.76,57,13267.32,186655267.86999997
2025-08-01 09:59:13 AM,232.82,300,69846.0,186725113.86999997
2025-08-01 09:59:17 AM,232.96,0,0.0,186725113.86999997
2025-08-01 09:59:19 AM,232.92,1231,286724.51999999996,187011838.39
2025-08-01 09:59:25 AM,233.0,0,0.0,187011838.39
2025-08-01 09:59:25 AM,233.0,607,141431.0,187153269.39
2025-08-01 09:59:31 AM,233.04,5,1165.2,187154434.58999997
2025-08-01 09:59:41 AM,233.11,264,61541.04,187215975.62999997
2025-08-01 09:59:42 AM,233.25,0,0.0,187215975.62999997
2025-08-01 09:59:44 AM,233.25,10,2332.5,187218308.12999997
2025-08-01 09:59:50 AM,233.25,53,12362.25,187230670.37999997
2025-08-01 09:59:56 AM,233.11,4,932.44,187231602.81999996
2025-08-01 10:00:12 AM,233.11,27,6293.97,187237896.78999996
2025-08-01 10:00:15 AM,233.11,10,2331.1000000000004,187240227.88999996
2025-08-01 10:00:18 AM,233.11,96,22378.56,187262606.44999996
2025-08-01 10:00:22 AM,232.99,500,116495.0,187379101.44999996
2025-08-01 10:00:23 AM,233.1,0,0.0,187379101.44999996
2025-08-01 10:00:25 AM,233.1,1,233.1,187379334.54999995
2025-08-01 10:00:31 AM,232.89,56,13041.84,187392376.38999996
2025-08-01 10:00:36 AM,232.79,0,0.0,187392376.38999996
2025-08-01 10:00:37 AM,232.79,4,931.16,187393307.54999995
2025-08-01 10:00:44 AM,232.8,57,13269.6,187406577.14999995
2025-08-01 10:00:47 AM,232.57,0,0.0,187406577.14999995
2025-08-01 10:00:47 AM,232.57,1872,435371.04,187841948.18999994
2025-08-01 10:00:50 AM,232.57,11,2558.27,187844506.45999995
2025-08-01 10:00:59 AM,232.57,132,30699.239999999998,187875205.69999996
2025-08-01 10:01:05 AM,232.61,0,0.0,187875205.69999996
2025-08-01 10:01:06 AM,232.61,943,219351.23,188094556.92999995
2025-08-01 10:01:09 AM,232.76,1,232.76,188094789.68999994
2025-08-01 10:01:12 AM,232.76,10,2327.6,188097117.28999993
2025-08-01 10:01:15 AM,232.76,50,11638.0,188108755.28999993
2025-08-01 10:01:18 AM,232.85,53,12341.05,188121096.33999994
2025-08-01 10:01:24 AM,232.72,0,0.0,188121096.33999994
2025-08-01 10:01:24 AM,232.72,289,67256.08,188188352.41999996
2025-08-01 10:01:27 AM,232.9,0,0.0,188188352.41999996
2025-08-01 10:01:28 AM,232.9,592,137876.80000000002,188326229.21999997
2025-08-01 10:01:30 AM,232.85,71,16532.35,188342761.56999996
2025-08-01 10:01:35 AM,232.75,0,0.0,188342761.56999996
2025-08-01 10:01:36 AM,232.75,422,98220.5,188440982.06999996
2025-08-01 10:01:52 AM,232.76,0,0.0,188440982.06999996
2025-08-01 10:01:53 AM,232.76,30,6982.799999999999,188447964.86999997
2025-08-01 10:01:57 AM,232.67,0,0.0,188447964.86999997
2025-08-01 10:01:59 AM,232.67,1115,259427.05,188707391.92
2025-08-01 10:02:04 AM,232.81,0,0.0,188707391.92
2025-08-01 10:02:05 AM,232.81,340,79155.4,188786547.32
2025-08-01 10:02:08 AM,233.0,0,0.0,188786547.32
2025-08-01 10:02:11 AM,232.84,0,0.0,188786547.32
2025-08-01 10:02:11 AM,232.82,819,190679.58,188977226.9
2025-08-01 10:02:18 AM,232.82,1,232.82,188977459.72
2025-08-01 10:02:24 AM,232.95,0,0.0,188977459.72
2025-08-01 10:02:24 AM,232.95,1800,419310.0,189396769.72
2025-08-01 10:02:25 AM,232.83,0,0.0,189396769.72
2025-08-01 10:02:26 AM,232.83,25,5820.75,189402590.47
2025-08-01 10:02:30 AM,232.83,4,931.32,189403521.79
2025-08-01 10:02:33 AM,233.0,0,0.0,189403521.79
2025-08-01 10:02:36 AM,233.0,68,15844.0,189419365.79
2025-08-01 10:02:41 AM,233.05,0,0.0,189419365.79
2025-08-01 10:02:43 AM,233.05,53,12351.650000000001,189431717.44
2025-08-01 10:02:45 AM,233.06,95,22140.7,189453858.14
2025-08-01 10:02:49 AM,233.05,79,18410.95,189472269.08999997
2025-08-01 10:02:55 AM,232.9,0,0.0,189472269.08999997
2025-08-01 10:02:56 AM,233.02,19,4427.38,189476696.46999997
2025-08-01 10:02:59 AM,232.91,0,0.0,189476696.46999997
2025-08-01 10:03:02 AM,233.05,249,58029.450000000004,189534725.91999996
2025-08-01 10:03:04 AM,233.05,4,932.2,189535658.11999995
2025-08-01 10:03:10 AM,233.05,164,38220.200000000004,189573878.31999993
2025-08-01 10:03:15 AM,233.05,702,163601.1,189737479.41999993
2025-08-01 10:03:21 AM,233.11,38,8858.18,189746337.59999993
2025-08-01 10:03:23 AM,232.99,865,201536.35,189947873.94999993
2025-08-01 10:03:30 AM,233.11,6,1398.66,189949272.60999992
2025-08-01 10:03:34 AM,233.08,100,23308.0,189972580.60999992
2025-08-01 10:03:41 AM,233.25,53,12362.25,189984942.85999992
2025-08-01 10:03:42 AM,233.04,303,70611.12,190055553.97999993
2025-08-01 10:03:47 AM,233.09,0,0.0,190055553.97999993
2025-08-01 10:03:47 AM,233.09,10,2330.9,190057884.87999994
2025-08-01 10:03:51 AM,232.99,0,0.0,190057884.87999994
2025-08-01 10:03:53 AM,232.83,388,90338.04000000001,190148222.91999993
2025-08-01 10:04:11 AM,232.83,7,1629.8100000000002,190149852.72999993
2025-08-01 10:04:20 AM,232.87,47,10944.89,190160797.61999992
2025-08-01 10:04:30 AM,232.82,53,12339.46,190173137.07999992
2025-08-01 10:04:36 AM,232.98,0,0.0,190173137.07999992
2025-08-01 10:04:37 AM,232.98,14,3261.72,190176398.79999992
2025-08-01 10:04:41 AM,232.75,0,0.0,190176398.79999992
2025-08-01 10:04:43 AM,232.75,45,10473.75,190186872.54999992
2025-08-01 10:04:51 AM,232.78,5,1163.9,190188036.44999993
2025-08-01 10:04:55 AM,233.04,510,118850.4,190306886.84999993
2025-08-01 10:04:57 AM,233.04,1,233.04,190307119.88999993
2025-08-01 10:05:01 AM,233.05,0,0.0,190307119.88999993
2025-08-01 10:05:01 AM,233.05,54,12584.7,190319704.5899999
2025-08-01 10:05:10 AM,233.05,4,932.2,190320636.7899999
2025-08-01 10:05:14 AM,233.05,49,11419.45,190332056.2399999
2025-08-01 10:05:16 AM,232.97,0,0.0,190332056.2399999
2025-08-01 10:05:16 AM,232.97,8,1863.76,190333919.99999988
2025-08-01 10:05:26 AM,232.97,10,2329.7,190336249.69999987
2025-08-01 10:05:32 AM,232.95,0,0.0,190336249.69999987
2025-08-01 10:05:32 AM,232.87,238,55423.06,190391672.75999987
2025-08-01 10:05:38 AM,232.78,0,0.0,190391672.75999987
2025-08-01 10:05:38 AM,232.78,50,11639.0,190403311.75999987
2025-08-01 10:05:50 AM,232.79,4,931.16,190404242.91999987
2025-08-01 10:05:58 AM,232.91,0,0.0,190404242.91999987
2025-08-01 10:05:59 AM,232.91,1,232.91,190404475.82999986
2025-08-01 10:06:01 AM,232.93,0,0.0,190404475.82999986
2025-08-01 10:06:02 AM,232.93,54,12578.220000000001,190417054.04999986
2025-08-01 10:06:11 AM,232.93,54,12578.220000000001,190429632.26999986
2025-08-01 10:06:14 AM,232.88,5,1164.4,190430796.66999987
2025-08-01 10:06:16 AM,232.99,14,3261.86,190434058.52999988
2025-08-01 10:06:22 AM,232.88,645,150207.6,190584266.12999988
2025-08-01 10:06:26 AM,232.86,80,18628.800000000003,190602894.9299999
2025-08-01 10:06:28 AM,232.94,0,0.0,190602894.9299999
2025-08-01 10:06:28 AM,232.74,36,8378.64,190611273.56999987
2025-08-01 10:06:32 AM,232.74,4,930.96,190612204.52999988
2025-08-01 10:06:40 AM,232.79,49,11406.71,190623611.2399999
2025-08-01 10:06:43 AM,232.66,0,0.0,190623611.2399999
2025-08-01 10:06:44 AM,232.66,10,2326.6,190625937.83999988
2025-08-01 10:06:46 AM,232.58,3,697.74,190626635.5799999
2025-08-01 10:06:48 AM,232.63,0,0.0,190626635.5799999
2025-08-01 10:06:50 AM,232.5,92,21390.0,190648025.5799999
2025-08-01 10:07:02 AM,232.5,1310,304575.0,190952600.5799999
2025-08-01 10:07:08 AM,232.66,0,0.0,190952600.5799999
2025-08-01 10:07:09 AM,232.66,500,116330.0,191068930.5799999
2025-08-01 10:07:11 AM,232.45,146,33937.7,191102868.27999988
2025-08-01 10:07:13 AM,232.65,0,0.0,191102868.27999988
2025-08-01 10:07:15 AM,232.65,20,4653.0,191107521.27999988
2025-08-01 10:07:17 AM,232.66,1,232.66,191107753.93999988
2025-08-01 10:07:18 AM,232.5,0,0.0,191107753.93999988
2025-08-01 10:07:21 AM,232.5,2700,627750.0,191735503.93999988
2025-08-01 10:07:27 AM,232.65,0,0.0,191735503.93999988
2025-08-01 10:07:28 AM,232.65,19,4420.35,191739924.28999987
2025-08-01 10:07:29 AM,232.64,54,12562.56,191752486.84999987
2025-08-01 10:07:31 AM,232.5,0,0.0,191752486.84999987
2025-08-01 10:07:34 AM,232.5,25,5812.5,191758299.34999987
2025-08-01 10:07:35 AM,232.52,0,0.0,191758299.34999987
2025-08-01 10:07:35 AM,232.5,57,13252.5,191771551.84999987
2025-08-01 10:07:41 AM,232.5,24,5580.0,191777131.84999987
2025-08-01 10:07:45 AM,232.65,0,0.0,191777131.84999987
2025-08-01 10:07:45 AM,232.65,500,116325.0,191893456.84999987
2025-08-01 10:07:50 AM,232.62,0,0.0,191893456.84999987
2025-08-01 10:07:52 AM,232.22,960,222931.2,192116388.04999986
2025-08-01 10:07:54 AM,232.1,1761,408728.1,192525116.14999986
2025-08-01 10:07:58 AM,232.32,26,6040.32,192531156.46999985
2025-08-01 10:08:00 AM,232.2,0,0.0,192531156.46999985
2025-08-01 10:08:00 AM,232.2,250,58050.0,192589206.46999985
2025-08-01 10:08:04 AM,232.26,1804,418997.04,193008203.50999984
2025-08-01 10:08:09 AM,232.48,0,0.0,193008203.50999984
2025-08-01 10:08:11 AM,232.48,107,24875.36,193033078.86999986
2025-08-01 10:08:12 AM,232.42,100,23242.0,193056320.86999986
2025-08-01 10:08:28 AM,232.76,0,0.0,193056320.86999986
2025-08-01 10:08:29 AM,232.76,249,57957.24,193114278.10999987
2025-08-01 10:08:31 AM,232.76,4,931.04,193115209.14999986
2025-08-01 10:08:40 AM,232.55,0,0.0,193115209.14999986
2025-08-01 10:08:41 AM,232.55,2049,476494.95,193591704.09999985
2025-08-01 10:08:42 AM,232.56,0,0.0,193591704.09999985
2025-08-01 10:08:43 AM,232.56,50,11628.0,193603332.09999985
2025-08-01 10:08:48 AM,232.55,0,0.0,193603332.09999985
2025-08-01 10:08:49 AM,232.55,200,46510.0,193649842.09999985
2025-08-01 10:08:51 AM,232.56,0,0.0,193649842.09999985
2025-08-01 10:08:53 AM,232.56,5,1162.8,193651004.89999986
2025-08-01 10:09:00 AM,232.68,0,0.0,193651004.89999986
2025-08-01 10:09:00 AM,232.68,54,12564.720000000001,193663569.61999986
2025-08-01 10:09:09 AM,232.65,0,0.0,193663569.61999986
2025-08-01 10:09:11 AM,232.65,72,16750.8,193680320.41999987
2025-08-01 10:09:17 AM,232.45,3640,846118.0,194526438.41999987
2025-08-01 10:09:27 AM,232.22,0,0.0,194526438.41999987
2025-08-01 10:09:28 AM,232.22,5,1161.1,194527599.51999986
2025-08-01 10:09:30 AM,232.36,0,0.0,194527599.51999986
2025-08-01 10:09:30 AM,232.36,106,24630.16,194552229.67999986
2025-08-01 10:09:33 AM,232.6,0,0.0,194552229.67999986
2025-08-01 10:09:34 AM,232.6,1090,253534.0,194805763.67999986
2025-08-01 10:09:40 AM,232.59,0,0.0,194805763.67999986
2025-08-01 10:09:40 AM,232.6,56,13025.6,194818789.27999985
2025-08-01 10:09:47 AM,232.5,21,4882.5,194823671.77999985
2025-08-01 10:09:51 AM,232.51,0,0.0,194823671.77999985
2025-08-01 10:09:51 AM,232.59,8,1860.72,194825532.49999985
2025-08-01 10:09:54 AM,232.5,0,0.0,194825532.49999985
2025-08-01 10:09:57 AM,232.33,0,0.0,194825532.49999985
2025-08-01 10:09:57 AM,232.33,3206,744849.9800000001,195570382.47999984
2025-08-01 10:10:07 AM,232.36,0,0.0,195570382.47999984
2025-08-01 10:10:08 AM,232.36,140,32530.4,195602912.87999985
2025-08-01 10:10:10 AM,232.14,0,0.0,195602912.87999985
2025-08-01 10:10:10 AM,232.14,354,82177.56,195685090.43999985
2025-08-01 10:10:12 AM,232.12,0,0.0,195685090.43999985
2025-08-01 10:10:14 AM,232.16,105,24376.8,195709467.23999986
2025-08-01 10:10:16 AM,232.33,0,0.0,195709467.23999986
2025-08-01 10:10:16 AM,232.33,96,22303.68,195731770.91999987
2025-08-01 10:10:20 AM,232.26,0,0.0,195731770.91999987
2025-08-01 10:10:20 AM,232.26,1902,441758.51999999996,196173529.43999988
2025-08-01 10:10:28 AM,232.41,0,0.0,196173529.43999988
2025-08-01 10:10:28 AM,232.41,1316,305851.56,196479380.99999988
2025-08-01 10:10:30 AM,232.43,0,0.0,196479380.99999988
2025-08-01 10:10:32 AM,232.43,4,929.72,196480310.71999988
2025-08-01 10:10:36 AM,232.68,0,0.0,196480310.71999988
2025-08-01 10:10:38 AM,232.28,6267,1455698.76,197936009.47999987
2025-08-01 10:10:42 AM,232.36,0,0.0,197936009.47999987
2025-08-01 10:10:44 AM,232.2,105,24381.0,197960390.47999987
2025-08-01 10:10:50 AM,232.2,6,1393.1999999999998,197961783.67999986
2025-08-01 10:10:58 AM,232.2,48,11145.599999999999,197972929.27999985
2025-08-01 10:11:01 AM,232.24,0,0.0,197972929.27999985
2025-08-01 10:11:02 AM,232.24,113,26243.120000000003,197999172.39999986
2025-08-01 10:11:03 AM,232.2,0,0.0,197999172.39999986
2025-08-01 10:11:03 AM,232.2,600,139320.0,198138492.39999986
2025-08-01 10:11:08 AM,232.2,600,139320.0,198277812.39999986
2025-08-01 10:11:09 AM,232.2,93,21594.6,198299406.99999985
2025-08-01 10:11:14 AM,232.43,280,65080.4,198364487.39999986
2025-08-01 10:11:27 AM,232.44,0,0.0,198364487.39999986
2025-08-01 10:11:27 AM,232.44,38,8832.72,198373320.11999986
2025-08-01 10:11:30 AM,232.41,0,0.0,198373320.11999986
2025-08-01 10:11:31 AM,232.41,54,12550.14,198385870.25999984
2025-08-01 10:11:36 AM,232.29,0,0.0,198385870.25999984
2025-08-01 10:11:37 AM,232.29,5,1161.45,198387031.70999983
2025-08-01 10:11:38 AM,232.41,2,464.82,198387496.52999982
2025-08-01 10:11:50 AM,232.41,53,12317.73,198399814.2599998
2025-08-01 10:11:54 AM,232.29,4,929.16,198400743.4199998
2025-08-01 10:12:07 AM,232.4,24,5577.6,198406321.0199998
2025-08-01 10:12:12 AM,232.35,0,0.0,198406321.0199998
2025-08-01 10:12:12 AM,232.35,60,13941.0,198420262.0199998
2025-08-01 10:12:18 AM,232.44,0,0.0,198420262.0199998
2025-08-01 10:12:18 AM,232.44,52,12086.88,198432348.8999998
2025-08-01 10:12:30 AM,232.5,0,0.0,198432348.8999998
2025-08-01 10:12:30 AM,232.5,5,1162.5,198433511.3999998
2025-08-01 10:12:41 AM,232.51,334,77658.34,198511169.7399998
2025-08-01 10:12:51 AM,232.55,0,0.0,198511169.7399998
2025-08-01 10:12:53 AM,232.67,56,13029.519999999999,198524199.2599998
2025-08-01 10:12:59 AM,232.69,55,12797.95,198536997.2099998
2025-08-01 10:13:00 AM,232.55,0,0.0,198536997.2099998
2025-08-01 10:13:04 AM,232.55,300,69765.0,198606762.2099998
2025-08-01 10:13:09 AM,232.7,0,0.0,198606762.2099998
2025-08-01 10:13:10 AM,232.68,0,0.0,198606762.2099998
2025-08-01 10:13:10 AM,232.68,373,86789.64,198693551.8499998
2025-08-01 10:13:11 AM,232.47,713,165751.11,198859302.9599998
2025-08-01 10:13:12 AM,232.57,0,0.0,198859302.9599998
2025-08-01 10:13:16 AM,232.57,500,116285.0,198975587.9599998
2025-08-01 10:13:17 AM,232.28,11,2555.08,198978143.0399998
2025-08-01 10:13:22 AM,232.23,9,2090.0699999999997,198980233.1099998
2025-08-01 10:13:27 AM,232.42,0,0.0,198980233.1099998
2025-08-01 10:13:28 AM,232.42,498,115745.15999999999,199095978.2699998
2025-08-01 10:13:30 AM,232.39,0,0.0,199095978.2699998
2025-08-01 10:13:34 AM,232.39,54,12549.06,199108527.3299998
2025-08-01 10:13:35 AM,232.22,6,1393.32,199109920.6499998
2025-08-01 10:13:36 AM,232.38,0,0.0,199109920.6499998
2025-08-01 10:13:40 AM,232.38,4,929.52,199110850.1699998
2025-08-01 10:13:41 AM,232.38,1,232.38,199111082.5499998
2025-08-01 10:13:46 AM,232.38,150,34857.0,199145939.5499998
2025-08-01 10:13:51 AM,232.45,0,0.0,199145939.5499998
2025-08-01 10:13:52 AM,232.45,843,195955.34999999998,199341894.8999998
2025-08-01 10:13:54 AM,232.73,0,0.0,199341894.8999998
2025-08-01 10:13:58 AM,232.73,500,116365.0,199458259.8999998
2025-08-01 10:14:06 AM,232.72,0,0.0,199458259.8999998
2025-08-01 10:14:09 AM,232.71,0,0.0,199458259.8999998
2025-08-01 10:14:09 AM,232.71,346,80517.66,199538777.5599998
2025-08-01 10:14:15 AM,232.54,0,0.0,199538777.5599998
2025-08-01 10:14:15 AM,232.54,5,1162.7,199539940.25999978
2025-08-01 10:14:26 AM,232.46,775,180156.5,199720096.75999978
2025-08-01 10:14:30 AM,232.47,0,0.0,199720096.75999978
2025-08-01 10:14:32 AM,232.47,4,929.88,199721026.63999978
2025-08-01 10:14:38 AM,232.48,1250,290600.0,200011626.63999978
2025-08-01 10:14:39 AM,232.72,53,12334.16,200023960.79999977
2025-08-01 10:14:48 AM,232.51,0,0.0,200023960.79999977
2025-08-01 10:14:49 AM,232.52,307,71383.64,200095344.43999976
2025-08-01 10:15:01 AM,232.55,884,205574.2,200300918.63999975
2025-08-01 10:15:07 AM,232.47,1350,313834.5,200614753.13999975
2025-08-01 10:15:10 AM,232.55,0,0.0,200614753.13999975
2025-08-01 10:15:12 AM,232.55,5,1162.75,200615915.88999975
2025-08-01 10:15:19 AM,232.78,54,12570.12,200628486.00999975
2025-08-01 10:15:21 AM,232.79,0,0.0,200628486.00999975
2025-08-01 10:15:25 AM,232.79,50,11639.5,200640125.50999975
2025-08-01 10:15:25 AM,232.79,6,1396.74,200641522.24999976
2025-08-01 10:15:27 AM,232.57,0,0.0,200641522.24999976
2025-08-01 10:15:30 AM,232.55,0,0.0,200641522.24999976
2025-08-01 10:15:31 AM,232.55,505,117437.75,200758959.99999976
2025-08-01 10:15:49 AM,232.55,4,930.2,200759890.19999975
2025-08-01 10:15:55 AM,232.55,42,9767.1,200769657.29999974
2025-08-01 10:15:55 AM,232.71,54,12566.34,200782223.63999975
2025-08-01 10:15:56 AM,232.55,0,0.0,200782223.63999975
2025-08-01 10:16:01 AM,232.55,1,232.55,200782456.18999976
2025-08-01 10:16:11 AM,232.56,0,0.0,200782456.18999976
2025-08-01 10:16:12 AM,232.56,6,1395.3600000000001,200783851.54999977
2025-08-01 10:16:17 AM,232.69,0,0.0,200783851.54999977
2025-08-01 10:16:18 AM,232.69,54,12565.26,200796416.80999976
2025-08-01 10:16:29 AM,232.76,0,0.0,200796416.80999976
2025-08-01 10:16:30 AM,232.76,56,13034.56,200809451.36999977
2025-08-01 10:16:32 AM,232.55,0,0.0,200809451.36999977
2025-08-01 10:16:36 AM,232.64,22,5118.08,200814569.44999978
2025-08-01 10:16:47 AM,232.64,54,12562.56,200827132.00999978
2025-08-01 10:16:56 AM,232.55,0,0.0,200827132.00999978
2025-08-01 10:16:58 AM,232.55,89,20696.95,200847828.95999977
2025-08-01 10:17:03 AM,232.55,617,143483.35,200991312.30999976
2025-08-01 10:17:09 AM,232.55,54,12557.7,201003870.00999975
2025-08-01 10:17:09 AM,232.5,4,930.0,201004800.00999975
2025-08-01 10:17:32 AM,232.5,6,1395.0,201006195.00999975
2025-08-01 10:17:35 AM,232.66,0,0.0,201006195.00999975
2025-08-01 10:17:36 AM,232.65,0,0.0,201006195.00999975
2025-08-01 10:17:38 AM,232.1,0,0.0,201006195.00999975
2025-08-01 10:17:38 AM,232.1,4481,1040040.1,202046235.10999975
2025-08-01 10:17:44 AM,232.24,0,0.0,202046235.10999975
2025-08-01 10:17:44 AM,232.24,500,116120.0,202162355.10999975
2025-08-01 10:17:47 AM,232.21,0,0.0,202162355.10999975
2025-08-01 10:17:50 AM,232.0,0,0.0,202162355.10999975
2025-08-01 10:17:50 AM,232.0,879,203928.0,202366283.10999975
2025-08-01 10:17:55 AM,232.0,4,928.0,202367211.10999975
2025-08-01 10:18:00 AM,232.1,0,0.0,202367211.10999975
2025-08-01 10:18:01 AM,232.15,1348,312938.2,202680149.30999973
2025-08-01 10:18:03 AM,232.3,0,0.0,202680149.30999973
2025-08-01 10:18:06 AM,232.4,0,0.0,202680149.30999973
2025-08-01 10:18:07 AM,232.4,1985,461314.0,203141463.30999973
2025-08-01 10:18:11 AM,232.38,0,0.0,203141463.30999973
2025-08-01 10:18:13 AM,232.38,5,1161.9,203142625.20999974
2025-08-01 10:18:14 AM,232.43,0,0.0,203142625.20999974
2025-08-01 10:18:19 AM,232.43,502,116679.86,203259305.06999975
2025-08-01 10:18:30 AM,232.44,0,0.0,203259305.06999975
2025-08-01 10:18:30 AM,232.44,4,929.76,203260234.82999974
2025-08-01 10:18:36 AM,232.59,0,0.0,203260234.82999974
2025-08-01 10:18:36 AM,232.59,54,12559.86,203272794.68999976
2025-08-01 10:18:47 AM,232.52,0,0.0,203272794.68999976
2025-08-01 10:18:48 AM,232.52,525,122073.0,203394867.68999976
2025-08-01 10:18:49 AM,232.68,0,0.0,203394867.68999976
2025-08-01 10:18:51 AM,232.55,0,0.0,203394867.68999976
2025-08-01 10:18:53 AM,232.55,1743,405334.65,203800202.33999977
2025-08-01 10:18:55 AM,232.65,0,0.0,203800202.33999977
2025-08-01 10:18:59 AM,232.65,500,116325.0,203916527.33999977
2025-08-01 10:19:04 AM,233.23,0,0.0,203916527.33999977
2025-08-01 10:19:04 AM,233.23,15648,3649583.04,207566110.37999976
2025-08-01 10:19:07 AM,233.31,0,0.0,207566110.37999976
2025-08-01 10:19:10 AM,233.38,0,0.0,207566110.37999976
2025-08-01 10:19:10 AM,233.38,532,124158.16,207690268.53999975
2025-08-01 10:19:13 AM,233.48,0,0.0,207690268.53999975
2025-08-01 10:19:16 AM,233.38,0,0.0,207690268.53999975
2025-08-01 10:19:16 AM,233.38,134,31272.92,207721541.45999974
2025-08-01 10:19:22 AM,233.11,0,0.0,207721541.45999974
2025-08-01 10:19:22 AM,233.11,1343,313066.73000000004,208034608.18999973
2025-08-01 10:19:28 AM,233.09,0,0.0,208034608.18999973
2025-08-01 10:19:28 AM,233.09,54,12586.86,208047195.04999974
2025-08-01 10:19:34 AM,233.07,386,89965.02,208137160.06999975
2025-08-01 10:19:39 AM,233.02,303,70605.06,208207765.12999976
2025-08-01 10:19:43 AM,232.79,0,0.0,208207765.12999976
2025-08-01 10:19:45 AM,232.93,105,24457.65,208232222.77999976
2025-08-01 10:19:49 AM,232.8,0,0.0,208232222.77999976
2025-08-01 10:19:51 AM,232.86,904,210505.44,208442728.21999976
2025-08-01 10:19:55 AM,232.96,0,0.0,208442728.21999976
2025-08-01 10:19:56 AM,232.79,1220,284003.8,208726732.01999977
2025-08-01 10:19:57 AM,232.96,135,31449.600000000002,208758181.61999977
2025-08-01 10:20:01 AM,233.1,1777,414218.7,209172400.31999975
2025-08-01 10:20:04 AM,232.83,0,0.0,209172400.31999975
2025-08-01 10:20:07 AM,232.83,10,2328.3,209174728.61999977
2025-08-01 10:20:12 AM,232.83,6,1396.98,209176125.59999976
2025-08-01 10:20:16 AM,233.0,0,0.0,209176125.59999976
2025-08-01 10:20:18 AM,233.0,48,11184.0,209187309.59999976
2025-08-01 10:20:25 AM,233.07,0,0.0,209187309.59999976
2025-08-01 10:20:26 AM,233.07,316,73650.12,209260959.71999976
2025-08-01 10:20:30 AM,233.07,4,932.28,209261891.99999976
2025-08-01 10:20:36 AM,233.24,0,0.0,209261891.99999976
2025-08-01 10:20:36 AM,233.24,34,7930.16,209269822.15999976
2025-08-01 10:20:48 AM,233.2,0,0.0,209269822.15999976
2025-08-01 10:20:49 AM,233.2,54,12592.8,209282414.95999977
2025-08-01 10:20:54 AM,233.01,5,1165.05,209283580.00999978
2025-08-01 10:21:05 AM,233.07,2,466.14,209284046.14999977
2025-08-01 10:21:11 AM,233.07,4,932.28,209284978.42999977
2025-08-01 10:21:16 AM,233.25,0,0.0,209284978.42999977
2025-08-01 10:21:16 AM,233.25,66,15394.5,209300372.92999977
2025-08-01 10:21:18 AM,232.99,3453,804514.4700000001,210104887.39999977
2025-08-01 10:21:28 AM,232.82,806,187652.91999999998,210292540.31999975
2025-08-01 10:21:30 AM,232.79,0,0.0,210292540.31999975
2025-08-01 10:21:30 AM,232.79,6,1396.74,210293937.05999976
2025-08-01 10:21:44 AM,232.93,3,698.79,210294635.84999976
2025-08-01 10:21:45 AM,232.71,0,0.0,210294635.84999976
2025-08-01 10:21:46 AM,232.71,300,69813.0,210364448.84999976
2025-08-01 10:21:50 AM,232.82,4,931.28,210365380.12999976
2025-08-01 10:21:56 AM,233.01,54,12582.539999999999,210377962.66999975
2025-08-01 10:22:00 AM,232.79,0,0.0,210377962.66999975
2025-08-01 10:22:01 AM,232.79,1996,464648.83999999997,210842611.50999975
2025-08-01 10:22:07 AM,232.79,54,12570.66,210855182.16999975
2025-08-01 10:22:12 AM,232.87,0,0.0,210855182.16999975
2025-08-01 10:22:13 AM,232.87,2772,645515.64,211500697.80999973
2025-08-01 10:22:24 AM,232.99,0,0.0,211500697.80999973
2025-08-01 10:22:25 AM,232.99,20,4659.8,211505357.60999975
2025-08-01 10:22:27 AM,232.99,6,1397.94,211506755.54999974
2025-08-01 10:22:30 AM,232.99,4,931.96,211507687.50999975
2025-08-01 10:22:36 AM,233.01,0,0.0,211507687.50999975
2025-08-01 10:22:36 AM,233.01,44,10252.439999999999,211517939.94999975
2025-08-01 10:22:47 AM,233.01,22,5126.219999999999,211523066.16999975
2025-08-01 10:22:52 AM,233.01,6,1398.06,211524464.22999975
2025-08-01 10:22:54 AM,233.17,80,18653.6,211543117.82999974
2025-08-01 10:22:57 AM,233.17,26,6062.42,211549180.24999973
2025-08-01 10:23:06 AM,233.01,198,46135.979999999996,211595316.22999972
2025-08-01 10:23:09 AM,233.01,3,699.03,211596015.25999972
2025-08-01 10:23:11 AM,233.17,0,0.0,211596015.25999972
2025-08-01 10:23:12 AM,233.17,104,24249.68,211620264.93999973
2025-08-01 10:23:17 AM,233.49,0,0.0,211620264.93999973
2025-08-01 10:23:17 AM,233.49,4395,1026188.55,212646453.48999974
2025-08-01 10:23:19 AM,233.25,0,0.0,212646453.48999974
2025-08-01 10:23:20 AM,233.14,7131,1662521.3399999999,214308974.82999974
2025-08-01 10:23:26 AM,233.12,0,0.0,214308974.82999974
2025-08-01 10:23:26 AM,233.12,54,12588.48,214321563.30999973
2025-08-01 10:23:29 AM,233.19,0,0.0,214321563.30999973
2025-08-01 10:23:29 AM,233.19,5008,1167815.52,215489378.82999974
2025-08-01 10:23:40 AM,233.01,5,1165.05,215490543.87999976
2025-08-01 10:23:46 AM,233.01,100,23301.0,215513844.87999976
2025-08-01 10:23:52 AM,232.87,1620,377249.4,215891094.27999976
2025-08-01 10:24:06 AM,232.66,0,0.0,215891094.27999976
2025-08-01 10:24:08 AM,232.66,54,12563.64,215903657.91999975
2025-08-01 10:24:15 AM,232.51,0,0.0,215903657.91999975
2025-08-01 10:24:16 AM,232.51,6,1395.06,215905052.97999975
2025-08-01 10:24:25 AM,232.64,25,5816.0,215910868.97999975
2025-08-01 10:24:27 AM,232.64,54,12562.56,215923431.53999975
2025-08-01 10:24:35 AM,232.5,0,0.0,215923431.53999975
2025-08-01 10:24:36 AM,232.5,4,930.0,215924361.53999975
2025-08-01 10:24:51 AM,232.51,0,0.0,215924361.53999975
2025-08-01 10:24:52 AM,232.51,5,1162.55,215925524.08999977
2025-08-01 10:24:54 AM,232.6,0,0.0,215925524.08999977
2025-08-01 10:24:54 AM,232.6,4,930.4,215926454.48999977
2025-08-01 10:24:55 AM,232.63,0,0.0,215926454.48999977
2025-08-01 10:24:57 AM,232.64,0,0.0,215926454.48999977
2025-08-01 10:24:57 AM,232.64,204,47458.56,215973913.04999977
2025-08-01 10:25:05 AM,232.63,0,0.0,215973913.04999977
2025-08-01 10:25:06 AM,232.63,54,12562.02,215986475.06999978
2025-08-01 10:25:15 AM,232.51,0,0.0,215986475.06999978
2025-08-01 10:25:15 AM,232.51,1,232.51,215986707.57999977
2025-08-01 10:25:21 AM,232.58,0,0.0,215986707.57999977
2025-08-01 10:25:21 AM,232.58,48,11163.84,215997871.41999978
2025-08-01 10:25:27 AM,232.58,14,3256.1200000000003,216001127.53999978
2025-08-01 10:25:32 AM,232.58,6,1395.48,216002523.01999977
2025-08-01 10:25:36 AM,232.63,0,0.0,216002523.01999977
2025-08-01 10:25:38 AM,232.63,34,7909.42,216010432.43999976
2025-08-01 10:25:42 AM,232.58,0,0.0,216010432.43999976
2025-08-01 10:25:43 AM,232.58,16,3721.28,216014153.71999976
2025-08-01 10:25:46 AM,232.58,549,127686.42000000001,216141840.13999975
2025-08-01 10:25:49 AM,232.73,0,0.0,216141840.13999975
2025-08-01 10:25:49 AM,232.58,79,18373.82,216160213.95999974
2025-08-01 10:25:51 AM,232.59,0,0.0,216160213.95999974
2025-08-01 10:25:51 AM,232.59,4,930.36,216161144.31999975
2025-08-01 10:25:55 AM,232.78,0,0.0,216161144.31999975
2025-08-01 10:25:56 AM,232.78,48,11173.44,216172317.75999975
2025-08-01 10:26:05 AM,232.78,54,12570.12,216184887.87999976
2025-08-01 10:26:10 AM,232.59,0,0.0,216184887.87999976
2025-08-01 10:26:11 AM,232.59,514,119551.26,216304439.13999975
2025-08-01 10:26:13 AM,232.66,0,0.0,216304439.13999975
2025-08-01 10:26:13 AM,232.66,1,232.66,216304671.79999974
2025-08-01 10:26:15 AM,232.6,0,0.0,216304671.79999974
2025-08-01 10:26:16 AM,232.6,5,1163.0,216305834.79999974
2025-08-01 10:26:18 AM,232.66,0,0.0,216305834.79999974
2025-08-01 10:26:19 AM,232.66,10,2326.6,216308161.39999974
2025-08-01 10:26:22 AM,232.66,20,4653.2,216312814.59999973
2025-08-01 10:26:28 AM,232.66,31,7212.46,216320027.05999973
2025-08-01 10:26:30 AM,232.67,0,0.0,216320027.05999973
2025-08-01 10:26:30 AM,232.67,4,930.68,216320957.73999974
2025-08-01 10:26:36 AM,232.81,0,0.0,216320957.73999974
2025-08-01 10:26:36 AM,232.81,23,5354.63,216326312.36999974
2025-08-01 10:26:37 AM,232.7,0,0.0,216326312.36999974
2025-08-01 10:26:39 AM,232.7,1302,302975.39999999997,216629287.76999974
2025-08-01 10:26:48 AM,232.7,25,5817.5,216635105.26999974
2025-08-01 10:26:51 AM,232.7,6,1396.1999999999998,216636501.46999973
2025-08-01 10:26:55 AM,232.87,0,0.0,216636501.46999973
2025-08-01 10:26:57 AM,232.87,53,12342.11,216648843.57999974
2025-08-01 10:27:05 AM,232.87,12,2794.44,216651638.01999974
2025-08-01 10:27:11 AM,232.87,4,931.48,216652569.49999973
2025-08-01 10:27:16 AM,232.95,0,0.0,216652569.49999973
2025-08-01 10:27:16 AM,232.95,38,8852.1,216661421.59999973
2025-08-01 10:27:28 AM,232.95,54,12579.3,216674000.89999974
2025-08-01 10:27:35 AM,232.87,5,1164.35,216675165.24999973
2025-08-01 10:27:46 AM,232.95,0,0.0,216675165.24999973
2025-08-01 10:27:46 AM,232.95,60,13977.0,216689142.24999973
2025-08-01 10:27:49 AM,232.96,4,931.84,216690074.08999974
2025-08-01 10:27:55 AM,233.01,0,0.0,216690074.08999974
2025-08-01 10:27:55 AM,233.01,54,12582.539999999999,216702656.62999973
2025-08-01 10:27:57 AM,232.96,0,0.0,216702656.62999973
2025-08-01 10:27:57 AM,232.96,60,13977.6,216716634.22999972
2025-08-01 10:28:02 AM,233.01,0,0.0,216716634.22999972
2025-08-01 10:28:03 AM,233.01,200,46602.0,216763236.22999972
2025-08-01 10:28:05 AM,233.01,104,24233.04,216787469.2699997
2025-08-01 10:28:10 AM,232.96,0,0.0,216787469.2699997
2025-08-01 10:28:11 AM,233.01,7,1631.07,216789100.3399997
2025-08-01 10:28:16 AM,233.01,37,8621.369999999999,216797721.7099997
2025-08-01 10:28:22 AM,233.01,43,10019.43,216807741.13999972
2025-08-01 10:28:27 AM,233.01,54,12582.539999999999,216820323.6799997
2025-08-01 10:28:30 AM,232.96,0,0.0,216820323.6799997
2025-08-01 10:28:30 AM,232.96,25,5824.0,216826147.6799997
2025-08-01 10:28:33 AM,232.96,100,23296.0,216849443.6799997
2025-08-01 10:28:43 AM,233.01,0,0.0,216849443.6799997
2025-08-01 10:28:44 AM,233.01,41,9553.41,216858997.0899997
2025-08-01 10:28:46 AM,233.13,0,0.0,216858997.0899997
2025-08-01 10:28:47 AM,233.13,2,466.26,216859463.3499997
2025-08-01 10:28:55 AM,233.07,0,0.0,216859463.3499997
2025-08-01 10:28:55 AM,233.2,0,0.0,216859463.3499997
2025-08-01 10:28:55 AM,233.2,59,13758.8,216873222.1499997
2025-08-01 10:29:00 AM,233.13,178,41497.14,216914719.2899997
2025-08-01 10:29:07 AM,233.01,0,0.0,216914719.2899997
2025-08-01 10:29:09 AM,233.18,0,0.0,216914719.2899997
2025-08-01 10:29:09 AM,233.18,696,162293.28,217077012.5699997
2025-08-01 10:29:13 AM,233.13,0,0.0,217077012.5699997
2025-08-01 10:29:15 AM,233.01,0,0.0,217077012.5699997
2025-08-01 10:29:15 AM,233.13,873,203522.49,217280535.0599997
2025-08-01 10:29:18 AM,233.18,0,0.0,217280535.0599997
2025-08-01 10:29:21 AM,233.18,100,23318.0,217303853.0599997
2025-08-01 10:29:26 AM,233.18,54,12591.720000000001,217316444.7799997
2025-08-01 10:29:31 AM,233.13,0,0.0,217316444.7799997
2025-08-01 10:29:31 AM,233.13,6,1398.78,217317843.5599997
2025-08-01 10:29:50 AM,233.13,4,932.52,217318776.07999972
2025-08-01 10:29:53 AM,233.13,25,5828.25,217324604.32999972
2025-08-01 10:29:55 AM,233.2,0,0.0,217324604.32999972
2025-08-01 10:29:56 AM,233.2,54,12592.8,217337197.12999973
2025-08-01 10:30:07 AM,233.2,34,7928.799999999999,217345125.92999974
2025-08-01 10:30:11 AM,233.25,0,0.0,217345125.92999974
2025-08-01 10:30:11 AM,233.25,130,30322.5,217375448.42999974
2025-08-01 10:30:16 AM,233.33,25,5833.25,217381281.67999974
2025-08-01 10:30:22 AM,233.33,1,233.33,217381515.00999975
2025-08-01 10:30:23 AM,233.23,0,0.0,217381515.00999975
2025-08-01 10:30:24 AM,233.3,4275,997357.5,218378872.50999975
2025-08-01 10:30:30 AM,233.3,54,12598.2,218391470.70999974
2025-08-01 10:30:32 AM,233.26,0,0.0,218391470.70999974
2025-08-01 10:30:33 AM,233.26,50,11663.0,218403133.70999974
2025-08-01 10:30:47 AM,233.3,0,0.0,218403133.70999974
2025-08-01 10:30:48 AM,233.3,225,52492.5,218455626.20999974
2025-08-01 10:30:50 AM,233.3,256,59724.8,218515351.00999975
2025-08-01 10:30:53 AM,233.43,23,5368.89,218520719.89999974
2025-08-01 10:30:55 AM,233.37,0,0.0,218520719.89999974
2025-08-01 10:30:55 AM,233.37,470,109683.90000000001,218630403.79999974
2025-08-01 10:31:05 AM,233.36,54,12601.44,218643005.23999974
2025-08-01 10:31:16 AM,233.26,0,0.0,218643005.23999974
2025-08-01 10:31:17 AM,233.26,4,933.04,218643938.27999973
2025-08-01 10:31:22 AM,233.26,50,11663.0,218655601.27999973
2025-08-01 10:31:30 AM,233.26,5,1166.3,218656767.57999974
2025-08-01 10:31:33 AM,233.41,76,17739.16,218674506.73999974
2025-08-01 10:31:36 AM,233.53,0,0.0,218674506.73999974
2025-08-01 10:31:36 AM,233.53,54,12610.62,218687117.35999975
2025-08-01 10:31:47 AM,233.53,18,4203.54,218691320.89999974
2025-08-01 10:31:50 AM,233.53,4,934.12,218692255.01999974
2025-08-01 10:31:55 AM,233.63,0,0.0,218692255.01999974
2025-08-01 10:31:56 AM,233.63,32,7476.16,218699731.17999974
2025-08-01 10:32:00 AM,233.53,50,11676.5,218711407.67999974
2025-08-01 10:32:09 AM,233.53,6,1401.18,218712808.85999975
2025-08-01 10:32:13 AM,233.53,36,8407.08,218721215.93999976
2025-08-01 10:32:16 AM,233.73,189,44174.97,218765390.90999976
2025-08-01 10:32:25 AM,233.59,0,0.0,218765390.90999976
2025-08-01 10:32:26 AM,233.59,54,12613.86,218778004.76999977
2025-08-01 10:32:27 AM,233.56,0,0.0,218778004.76999977
2025-08-01 10:32:29 AM,233.56,4,934.24,218778939.00999978
2025-08-01 10:32:32 AM,233.56,54,12612.24,218791551.2499998
2025-08-01 10:32:39 AM,233.64,0,0.0,218791551.2499998
2025-08-01 10:32:39 AM,233.64,36,8411.039999999999,218799962.28999978
2025-08-01 10:32:50 AM,233.64,5,1168.1999999999998,218801130.48999977
2025-08-01 10:32:56 AM,233.59,364,85026.76,218886157.24999976
2025-08-01 10:33:00 AM,234.1,0,0.0,218886157.24999976
2025-08-01 10:33:02 AM,234.02,5246,1227668.9200000002,220113826.16999975
2025-08-01 10:33:04 AM,234.05,0,0.0,220113826.16999975
2025-08-01 10:33:04 AM,234.05,25,5851.25,220119677.41999975
2025-08-01 10:33:06 AM,234.08,0,0.0,220119677.41999975
2025-08-01 10:33:07 AM,234.08,5,1170.4,220120847.81999975
2025-08-01 10:33:10 AM,233.96,381,89138.76000000001,220209986.57999974
2025-08-01 10:33:15 AM,233.82,0,0.0,220209986.57999974
2025-08-01 10:33:15 AM,233.82,250,58455.0,220268441.57999974
2025-08-01 10:33:18 AM,233.81,0,0.0,220268441.57999974
2025-08-01 10:33:18 AM,233.81,1300,303953.0,220572394.57999974
2025-08-01 10:33:24 AM,233.71,1200,280452.0,220852846.57999974
2025-08-01 10:33:27 AM,233.9,0,0.0,220852846.57999974
2025-08-01 10:33:29 AM,233.85,11,2572.35,220855418.92999974
2025-08-01 10:33:35 AM,233.73,0,0.0,220855418.92999974
2025-08-01 10:33:35 AM,233.73,5,1168.6499999999999,220856587.57999974
2025-08-01 10:33:37 AM,233.78,0,0.0,220856587.57999974
2025-08-01 10:33:37 AM,233.78,207,48392.46,220904980.03999975
2025-08-01 10:33:38 AM,233.7,0,0.0,220904980.03999975
2025-08-01 10:33:40 AM,233.77,80,18701.600000000002,220923681.63999975
2025-08-01 10:33:46 AM,233.75,1254,293122.5,221216804.13999975
2025-08-01 10:33:49 AM,233.7,0,0.0,221216804.13999975
2025-08-01 10:33:52 AM,233.7,14,3271.7999999999997,221220075.93999976
2025-08-01 10:33:58 AM,233.7,2,467.4,221220543.33999977
2025-08-01 10:34:07 AM,233.82,0,0.0,221220543.33999977
2025-08-01 10:34:09 AM,233.82,10,2338.2,221222881.53999975
2025-08-01 10:34:13 AM,233.7,0,0.0,221222881.53999975
2025-08-01 10:34:15 AM,233.84,186,43494.24,221266375.77999976
2025-08-01 10:34:16 AM,233.7,0,0.0,221266375.77999976
2025-08-01 10:34:17 AM,233.7,30,7011.0,221273386.77999976
2025-08-01 10:34:19 AM,233.71,0,0.0,221273386.77999976
2025-08-01 10:34:20 AM,233.71,324,75722.04000000001,221349108.81999975
2025-08-01 10:34:25 AM,233.84,0,0.0,221349108.81999975
2025-08-01 10:34:26 AM,233.84,143,33439.12,221382547.93999976
2025-08-01 10:34:31 AM,233.71,0,0.0,221382547.93999976
2025-08-01 10:34:31 AM,233.71,58,13555.18,221396103.11999977
2025-08-01 10:34:37 AM,233.71,4,934.84,221397037.95999977
2025-08-01 10:34:45 AM,233.84,10,2338.4,221399376.35999978
2025-08-01 10:34:48 AM,233.71,179,41834.090000000004,221441210.44999978
2025-08-01 10:34:51 AM,233.71,6,1402.26,221442612.70999977
2025-08-01 10:34:54 AM,233.71,15,3505.65,221446118.35999978
2025-08-01 10:34:55 AM,233.7,0,0.0,221446118.35999978
2025-08-01 10:34:57 AM,233.7,1802,421127.39999999997,221867245.75999978
2025-08-01 10:35:06 AM,233.7,274,64033.799999999996,221931279.5599998
2025-08-01 10:35:11 AM,233.7,1075,251227.5,222182507.0599998
2025-08-01 10:35:15 AM,233.55,0,0.0,222182507.0599998
2025-08-01 10:35:17 AM,233.55,4,934.2,222183441.25999978
2025-08-01 10:35:22 AM,233.55,58,13545.900000000001,222196987.1599998
2025-08-01 10:35:25 AM,233.5,810,189135.0,222386122.1599998
2025-08-01 10:35:28 AM,233.55,13,3036.15,222389158.3099998
2025-08-01 10:35:30 AM,233.55,987,230513.85,222619672.1599998
2025-08-01 10:35:36 AM,233.6,0,0.0,222619672.1599998
2025-08-01 10:35:36 AM,233.6,54,12614.4,222632286.5599998
2025-08-01 10:35:40 AM,233.6,62,14483.199999999999,222646769.75999978
2025-08-01 10:35:47 AM,233.51,200,46702.0,222693471.75999978
2025-08-01 10:35:51 AM,233.54,0,0.0,222693471.75999978
2025-08-01 10:35:51 AM,233.54,4,934.16,222694405.91999978
2025-08-01 10:35:58 AM,233.5,0,0.0,222694405.91999978
2025-08-01 10:35:58 AM,233.5,200,46700.0,222741105.91999978
2025-08-01 10:36:10 AM,233.5,54,12609.0,222753714.91999978
2025-08-01 10:36:13 AM,233.28,0,0.0,222753714.91999978
2025-08-01 10:36:13 AM,233.28,248,57853.44,222811568.35999978
2025-08-01 10:36:15 AM,233.49,0,0.0,222811568.35999978
2025-08-01 10:36:16 AM,233.49,200,46698.0,222858266.35999978
2025-08-01 10:36:21 AM,233.36,90,21002.4,222879268.75999978
2025-08-01 10:36:23 AM,233.34,0,0.0,222879268.75999978
2025-08-01 10:36:24 AM,233.34,10,2333.4,222881602.1599998
2025-08-01 10:36:30 AM,233.35,0,0.0,222881602.1599998
2025-08-01 10:36:30 AM,233.35,4,933.4,222882535.5599998
2025-08-01 10:36:35 AM,233.5,54,12609.0,222895144.5599998
2025-08-01 10:36:36 AM,233.63,0,0.0,222895144.5599998
2025-08-01 10:36:37 AM,233.44,531,123956.64,223019101.19999978
2025-08-01 10:36:47 AM,233.71,0,0.0,223019101.19999978
2025-08-01 10:36:48 AM,233.71,110,25708.100000000002,223044809.29999977
2025-08-01 10:36:57 AM,233.71,12,2804.52,223047613.81999978
2025-08-01 10:37:02 AM,233.84,0,0.0,223047613.81999978
2025-08-01 10:37:03 AM,233.84,20,4676.8,223052290.6199998
2025-08-01 10:37:07 AM,233.85,0,0.0,223052290.6199998
2025-08-01 10:37:08 AM,233.85,101,23618.85,223075909.4699998
2025-08-01 10:37:10 AM,233.8,0,0.0,223075909.4699998
2025-08-01 10:37:10 AM,233.8,1,233.8,223076143.2699998
2025-08-01 10:37:13 AM,233.9,0,0.0,223076143.2699998
2025-08-01 10:37:14 AM,233.9,1001,234133.9,223310277.1699998
2025-08-01 10:37:25 AM,233.86,0,0.0,223310277.1699998
2025-08-01 10:37:26 AM,233.74,0,0.0,223310277.1699998
2025-08-01 10:37:27 AM,233.74,77,17997.98,223328275.1499998
2025-08-01 10:37:30 AM,233.71,6,1402.26,223329677.4099998
2025-08-01 10:37:36 AM,233.71,10,2337.1,223332014.50999978
2025-08-01 10:37:47 AM,233.71,2,467.42,223332481.92999977
2025-08-01 10:37:49 AM,233.71,4,934.84,223333416.76999977
2025-08-01 10:37:55 AM,233.8,0,0.0,223333416.76999977
2025-08-01 10:37:55 AM,233.8,54,12625.2,223346041.96999976
2025-08-01 10:38:04 AM,233.9,506,118353.40000000001,223464395.36999977
2025-08-01 10:38:05 AM,233.83,0,0.0,223464395.36999977
2025-08-01 10:38:07 AM,233.71,59,13788.890000000001,223478184.25999975
2025-08-01 10:38:10 AM,233.71,5,1168.55,223479352.80999976
2025-08-01 10:38:13 AM,233.71,50,11685.5,223491038.30999976
2025-08-01 10:38:27 AM,233.89,0,0.0,223491038.30999976
2025-08-01 10:38:29 AM,233.72,502,117327.44,223608365.74999976
2025-08-01 10:38:31 AM,233.89,0,0.0,223608365.74999976
2025-08-01 10:38:32 AM,233.94,524,122584.56,223730950.30999976
2025-08-01 10:38:36 AM,233.87,0,0.0,223730950.30999976
2025-08-01 10:38:38 AM,233.87,54,12628.98,223743579.28999975
2025-08-01 10:38:40 AM,233.68,0,0.0,223743579.28999975
2025-08-01 10:38:40 AM,233.7,967,225987.9,223969567.18999976
2025-08-01 10:38:52 AM,233.84,18,4209.12,223973776.30999976
2025-08-01 10:38:54 AM,233.7,0,0.0,223973776.30999976
2025-08-01 10:38:54 AM,233.7,506,118252.2,224092028.50999975
2025-08-01 10:38:57 AM,233.88,0,0.0,224092028.50999975
2025-08-01 10:38:57 AM,233.88,33,7718.04,224099746.54999974
2025-08-01 10:39:03 AM,233.79,25,5844.75,224105591.29999974
2025-08-01 10:39:05 AM,233.86,26,6080.360000000001,224111671.65999976
2025-08-01 10:39:08 AM,233.79,209,48862.11,224160533.76999977
2025-08-01 10:39:11 AM,233.67,240,56080.799999999996,224216614.56999978
2025-08-01 10:39:25 AM,233.65,54,12617.1,224229231.66999978
2025-08-01 10:39:33 AM,233.6,0,0.0,224229231.66999978
2025-08-01 10:39:33 AM,233.6,5,1168.0,224230399.66999978
2025-08-01 10:39:36 AM,233.5,0,0.0,224230399.66999978
2025-08-01 10:39:37 AM,233.5,200,46700.0,224277099.66999978
2025-08-01 10:39:48 AM,233.6,0,0.0,224277099.66999978
2025-08-01 10:39:50 AM,233.6,20,4672.0,224281771.66999978
2025-08-01 10:39:55 AM,233.5,0,0.0,224281771.66999978
2025-08-01 10:39:56 AM,233.6,74,17286.399999999998,224299058.06999978
2025-08-01 10:39:57 AM,233.55,0,0.0,224299058.06999978
2025-08-01 10:39:58 AM,233.55,15,3503.25,224302561.31999978
2025-08-01 10:40:02 AM,233.5,0,0.0,224302561.31999978
2025-08-01 10:40:04 AM,233.5,1005,234667.5,224537228.81999978
2025-08-01 10:40:06 AM,233.57,24,5605.68,224542834.4999998
2025-08-01 10:40:12 AM,233.52,6,1401.1200000000001,224544235.6199998
2025-08-01 10:40:15 AM,233.67,54,12618.179999999998,224556853.7999998
2025-08-01 10:40:26 AM,233.67,54,12618.179999999998,224569471.9799998
2025-08-01 10:40:29 AM,233.67,9,2103.0299999999997,224571575.0099998
2025-08-01 10:40:30 AM,233.62,0,0.0,224571575.0099998
2025-08-01 10:40:32 AM,233.62,1,233.62,224571808.62999982
2025-08-01 10:40:34 AM,233.59,3,700.77,224572509.39999983
2025-08-01 10:40:48 AM,233.67,0,0.0,224572509.39999983
2025-08-01 10:40:49 AM,233.67,64,14954.88,224587464.27999982
2025-08-01 10:40:56 AM,233.62,0,0.0,224587464.27999982
2025-08-01 10:40:56 AM,233.62,59,13783.58,224601247.85999984
2025-08-01 10:40:59 AM,233.41,2000,466820.0,225068067.85999984
2025-08-01 10:41:05 AM,233.47,0,0.0,225068067.85999984
2025-08-01 10:41:05 AM,233.47,4,933.88,225069001.73999983
2025-08-01 10:41:11 AM,233.47,4,933.88,225069935.61999983
2025-08-01 10:41:15 AM,233.5,0,0.0,225069935.61999983
2025-08-01 10:41:17 AM,233.5,50,11675.0,225081610.61999983
2025-08-01 10:41:23 AM,233.6,0,0.0,225081610.61999983
2025-08-01 10:41:24 AM,233.6,200,46720.0,225128330.61999983
2025-08-01 10:41:26 AM,233.5,0,0.0,225128330.61999983
2025-08-01 10:41:28 AM,233.5,54,12609.0,225140939.61999983
2025-08-01 10:41:29 AM,233.47,6,1400.82,225142340.43999982
2025-08-01 10:41:31 AM,233.5,0,0.0,225142340.43999982
2025-08-01 10:41:34 AM,233.5,8,1868.0,225144208.43999982
2025-08-01 10:41:42 AM,233.47,0,0.0,225144208.43999982
2025-08-01 10:41:45 AM,233.47,25,5836.75,225150045.18999982
2025-08-01 10:41:47 AM,233.35,0,0.0,225150045.18999982
2025-08-01 10:41:50 AM,233.35,700,163345.0,225313390.18999982
2025-08-01 10:41:51 AM,233.3,2,466.6,225313856.7899998
2025-08-01 10:41:55 AM,233.26,2,466.52,225314323.30999982
2025-08-01 10:42:01 AM,233.26,280,65312.799999999996,225379636.10999984
2025-08-01 10:42:10 AM,233.27,0,0.0,225379636.10999984
2025-08-01 10:42:12 AM,233.27,5,1166.3500000000001,225380802.45999983
2025-08-01 10:42:15 AM,233.47,0,0.0,225380802.45999983
2025-08-01 10:42:18 AM,233.46,182,42489.72,225423292.17999983
2025-08-01 10:42:25 AM,233.29,54,12597.66,225435889.83999982
2025-08-01 10:42:26 AM,233.26,0,0.0,225435889.83999982
2025-08-01 10:42:29 AM,233.26,4,933.04,225436822.87999982
2025-08-01 10:42:30 AM,233.29,0,0.0,225436822.87999982
2025-08-01 10:42:31 AM,233.29,51,11897.789999999999,225448720.6699998
2025-08-01 10:42:32 AM,233.26,0,0.0,225448720.6699998
2025-08-01 10:42:34 AM,233.26,160,37321.6,225486042.2699998
2025-08-01 10:42:45 AM,233.2,0,0.0,225486042.2699998
2025-08-01 10:42:45 AM,233.2,11,2565.2,225488607.4699998
2025-08-01 10:42:51 AM,233.2,6,1399.1999999999998,225490006.66999978
2025-08-01 10:42:56 AM,233.07,1571,366152.97,225856159.63999978
2025-08-01 10:43:04 AM,232.96,399,92951.04000000001,225949110.67999977
2025-08-01 10:43:09 AM,232.98,5,1164.8999999999999,225950275.57999977
2025-08-01 10:43:13 AM,233.26,0,0.0,225950275.57999977
2025-08-01 10:43:13 AM,233.26,1935,451358.1,226401633.67999977
2025-08-01 10:43:15 AM,233.36,50,11668.0,226413301.67999977
2025-08-01 10:43:15 AM,233.46,0,0.0,226413301.67999977
2025-08-01 10:43:16 AM,233.62,0,0.0,226413301.67999977
2025-08-01 10:43:17 AM,233.7,0,0.0,226413301.67999977
2025-08-01 10:43:18 AM,233.7,6233,1456652.0999999999,227869953.77999976
2025-08-01 10:43:26 AM,233.7,54,12619.8,227882573.57999977
2025-08-01 10:43:29 AM,233.47,0,0.0,227882573.57999977
2025-08-01 10:43:29 AM,233.47,500,116735.0,227999308.57999977
2025-08-01 10:43:31 AM,233.79,0,0.0,227999308.57999977
2025-08-01 10:43:31 AM,233.79,1005,234958.94999999998,228234267.52999976
2025-08-01 10:43:45 AM,233.77,0,0.0,228234267.52999976
2025-08-01 10:43:45 AM,233.77,54,12623.58,228246891.10999978
2025-08-01 10:43:51 AM,233.91,0,0.0,228246891.10999978
2025-08-01 10:43:52 AM,233.91,1000,233910.0,228480801.10999978
2025-08-01 10:44:01 AM,233.9,0,0.0,228480801.10999978
2025-08-01 10:44:02 AM,233.9,860,201154.0,228681955.10999978
2025-08-01 10:44:03 AM,233.81,0,0.0,228681955.10999978
2025-08-01 10:44:05 AM,233.81,56,13093.36,228695048.4699998
2025-08-01 10:44:11 AM,233.8,0,0.0,228695048.4699998
2025-08-01 10:44:13 AM,233.8,58,13560.400000000001,228708608.8699998
2025-08-01 10:44:16 AM,233.85,86,20111.1,228728719.9699998
2025-08-01 10:44:17 AM,233.86,0,0.0,228728719.9699998
2025-08-01 10:44:19 AM,233.86,860,201119.6,228929839.56999978
2025-08-01 10:44:21 AM,233.63,0,0.0,228929839.56999978
2025-08-01 10:44:22 AM,233.63,4,934.52,228930774.0899998
2025-08-01 10:44:24 AM,233.84,0,0.0,228930774.0899998
2025-08-01 10:44:24 AM,233.84,40,9353.6,228940127.6899998
2025-08-01 10:44:27 AM,233.77,0,0.0,228940127.6899998
2025-08-01 10:44:27 AM,233.77,60,14026.2,228954153.88999978
2025-08-01 10:44:35 AM,233.63,4,934.52,228955088.4099998
2025-08-01 10:44:39 AM,233.7,0,0.0,228955088.4099998
2025-08-01 10:44:41 AM,233.7,109,25473.3,228980561.7099998
2025-08-01 10:44:46 AM,233.7,54,12619.8,228993181.5099998
2025-08-01 10:44:47 AM,233.54,0,0.0,228993181.5099998
2025-08-01 10:44:49 AM,233.69,502,117312.38,229110493.8899998
2025-08-01 10:44:55 AM,233.52,0,0.0,229110493.8899998
2025-08-01 10:44:57 AM,233.52,5,1167.6000000000001,229111661.4899998
2025-08-01 10:45:07 AM,233.5,0,0.0,229111661.4899998
2025-08-01 10:45:08 AM,233.5,842,196607.0,229308268.4899998
2025-08-01 10:45:10 AM,233.59,0,0.0,229308268.4899998
2025-08-01 10:45:11 AM,233.59,4,934.36,229309202.84999982
2025-08-01 10:45:20 AM,233.7,0,0.0,229309202.84999982
2025-08-01 10:45:21 AM,233.51,0,0.0,229309202.84999982
2025-08-01 10:45:22 AM,233.51,1000,233510.0,229542712.84999982
2025-08-01 10:45:30 AM,233.51,6,1401.06,229544113.90999982
2025-08-01 10:45:35 AM,233.59,48,11212.32,229555326.2299998
2025-08-01 10:45:45 AM,233.54,0,0.0,229555326.2299998
2025-08-01 10:45:46 AM,233.54,54,12611.16,229567937.3899998
2025-08-01 10:45:47 AM,233.59,0,0.0,229567937.3899998
2025-08-01 10:45:49 AM,233.59,36,8409.24,229576346.62999982
2025-08-01 10:45:51 AM,233.59,4,934.36,229577280.98999983
2025-08-01 10:45:58 AM,233.6,0,0.0,229577280.98999983
2025-08-01 10:46:00 AM,233.6,9,2102.4,229579383.38999984
2025-08-01 10:46:04 AM,233.59,0,0.0,229579383.38999984
2025-08-01 10:46:05 AM,233.59,116,27096.44,229606479.82999983
2025-08-01 10:46:10 AM,233.6,0,0.0,229606479.82999983
2025-08-01 10:46:11 AM,233.53,274,63987.22,229670467.04999983
2025-08-01 10:46:17 AM,233.44,0,0.0,229670467.04999983
2025-08-01 10:46:17 AM,233.44,68,15873.92,229686340.96999982
2025-08-01 10:46:21 AM,233.34,0,0.0,229686340.96999982
2025-08-01 10:46:23 AM,233.24,439,102392.36,229788733.32999983
2025-08-01 10:46:25 AM,233.21,100,23321.0,229812054.32999983
2025-08-01 10:46:30 AM,233.21,4,932.84,229812987.16999984
2025-08-01 10:46:35 AM,233.35,0,0.0,229812987.16999984
2025-08-01 10:46:35 AM,233.35,54,12600.9,229825588.06999984
2025-08-01 10:46:41 AM,233.12,1100,256432.0,230082020.06999984
2025-08-01 10:46:41 AM,233.15,0,0.0,230082020.06999984
