date,price,qty,trnvr,cum_trnvr
2025-08-01 09:15:05 AM,114.89,7926,910618.14,910618.14
2025-08-01 09:15:07 AM,114.38,189,21617.82,932235.96
2025-08-01 09:15:14 AM,113.86,0,0.0,932235.96
2025-08-01 09:15:17 AM,113.45,1250,141812.5,1074048.46
2025-08-01 09:15:19 AM,112.96,3002,339105.92,1413154.38
2025-08-01 09:15:27 AM,112.34,679,76278.86,1489433.24
2025-08-01 09:15:34 AM,112.74,0,0.0,1489433.24
2025-08-01 09:15:35 AM,112.98,868,98066.64,1587499.88
2025-08-01 09:15:38 AM,112.76,0,0.0,1587499.88
2025-08-01 09:15:43 AM,112.76,1486,167561.36000000002,1755061.24
2025-08-01 09:15:45 AM,112.38,67,7529.46,1762590.7
2025-08-01 09:15:47 AM,112.21,0,0.0,1762590.7
2025-08-01 09:15:52 AM,112.82,1820,205332.4,1967923.0999999999
2025-08-01 09:16:00 AM,112.45,1003,112787.35,2080710.45
2025-08-01 09:16:02 AM,112.21,43,4825.03,2085535.48
2025-08-01 09:16:04 AM,112.12,0,0.0,2085535.48
2025-08-01 09:16:08 AM,112.12,287,32178.440000000002,2117713.92
2025-08-01 09:16:19 AM,112.1,0,0.0,2117713.92
2025-08-01 09:16:24 AM,112.28,240,26947.2,2144661.12
2025-08-01 09:16:30 AM,112.13,0,0.0,2144661.12
2025-08-01 09:16:33 AM,112.04,233,26105.32,2170766.44
2025-08-01 09:16:49 AM,112.33,100,11233.0,2181999.44
2025-08-01 09:16:51 AM,112.39,778,87439.42,2269438.86
2025-08-01 09:16:57 AM,112.4,110,12364.0,2281802.86
2025-08-01 09:17:01 AM,112.49,0,0.0,2281802.86
2025-08-01 09:17:06 AM,112.53,789,88786.17,2370589.03
2025-08-01 09:17:19 AM,112.61,0,0.0,2370589.03
2025-08-01 09:17:22 AM,112.85,448,50556.799999999996,2421145.8299999996
2025-08-01 09:17:39 AM,113.0,400,45200.0,2466345.8299999996
2025-08-01 09:17:44 AM,112.93,0,0.0,2466345.8299999996
2025-08-01 09:17:47 AM,112.93,14510,1638614.3,4104960.13
2025-08-01 09:17:59 AM,112.71,0,0.0,4104960.13
2025-08-01 09:18:03 AM,112.71,116,13074.359999999999,4118034.4899999998
2025-08-01 09:18:07 AM,113.05,0,0.0,4118034.4899999998
2025-08-01 09:18:09 AM,113.15,0,0.0,4118034.4899999998
2025-08-01 09:18:12 AM,113.15,3548,401456.2,4519490.6899999995
2025-08-01 09:18:25 AM,113.25,0,0.0,4519490.6899999995
2025-08-01 09:18:28 AM,113.25,1000,113250.0,4632740.6899999995
2025-08-01 09:18:33 AM,113.22,0,0.0,4632740.6899999995
2025-08-01 09:18:36 AM,113.22,398,45061.56,4677802.249999999
2025-08-01 09:18:54 AM,113.01,51,5763.51,4683565.759999999
2025-08-01 09:18:57 AM,113.23,0,0.0,4683565.759999999
2025-08-01 09:19:01 AM,113.23,500,56615.0,4740180.759999999
2025-08-01 09:19:25 AM,112.98,327,36944.46,4777125.219999999
2025-08-01 09:19:27 AM,113.13,100,11313.0,4788438.219999999
2025-08-01 09:19:33 AM,113.14,10,1131.4,4789569.619999999
2025-08-01 09:19:35 AM,113.15,88,9957.2,4799526.819999999
2025-08-01 09:19:36 AM,112.8,0,0.0,4799526.819999999
2025-08-01 09:19:41 AM,112.8,1058,119342.4,4918869.22
2025-08-01 09:19:49 AM,112.71,547,61652.369999999995,4980521.59
2025-08-01 09:20:05 AM,112.73,109,12287.57,4992809.16
2025-08-01 09:20:13 AM,112.91,10,1129.1,4993938.26
2025-08-01 09:20:37 AM,112.95,329,37160.55,5031098.81
2025-08-01 09:20:50 AM,113.14,0,0.0,5031098.81
2025-08-01 09:20:52 AM,113.14,30,3394.2,5034493.01
2025-08-01 09:21:04 AM,113.19,0,0.0,5034493.01
2025-08-01 09:21:08 AM,113.19,250,28297.5,5062790.51
2025-08-01 09:21:24 AM,113.22,273,30909.06,5093699.569999999
2025-08-01 09:21:32 AM,113.23,89,10077.470000000001,5103777.039999999
2025-08-01 09:21:44 AM,113.22,0,0.0,5103777.039999999
2025-08-01 09:21:47 AM,113.08,315,35620.2,5139397.239999999
2025-08-01 09:21:50 AM,113.05,0,0.0,5139397.239999999
2025-08-01 09:21:54 AM,113.05,1,113.05,5139510.289999999
2025-08-01 09:22:01 AM,113.04,0,0.0,5139510.289999999
2025-08-01 09:22:02 AM,113.04,70,7912.8,5147423.089999999
2025-08-01 09:22:05 AM,113.28,0,0.0,5147423.089999999
2025-08-01 09:22:10 AM,113.05,3825,432416.25,5579839.339999999
2025-08-01 09:22:14 AM,113.18,0,0.0,5579839.339999999
2025-08-01 09:22:17 AM,113.18,21,2376.78,5582216.119999999
2025-08-01 09:22:21 AM,113.04,0,0.0,5582216.119999999
2025-08-01 09:22:25 AM,113.04,350,39564.0,5621780.119999999
2025-08-01 09:22:33 AM,113.04,1,113.04,5621893.159999999
2025-08-01 09:23:26 AM,112.79,16,1804.64,5623697.799999999
2025-08-01 09:23:33 AM,112.88,0,0.0,5623697.799999999
2025-08-01 09:23:34 AM,112.88,1000,112880.0,5736577.799999999
2025-08-01 09:23:43 AM,112.73,100,11273.0,5747850.799999999
2025-08-01 09:23:49 AM,112.73,51,5749.2300000000005,5753600.029999999
2025-08-01 09:24:12 AM,112.64,4679,527042.56,6280642.59
2025-08-01 09:24:56 AM,112.65,0,0.0,6280642.59
2025-08-01 09:24:57 AM,112.65,1,112.65,6280755.24
2025-08-01 09:25:07 AM,112.73,100,11273.0,6292028.24
2025-08-01 09:25:12 AM,112.73,31,3494.63,6295522.87
2025-08-01 09:25:14 AM,112.75,51,5750.25,6301273.12
2025-08-01 09:25:18 AM,112.7,0,0.0,6301273.12
2025-08-01 09:25:19 AM,112.7,25,2817.5,6304090.62
2025-08-01 09:25:22 AM,112.58,104,11708.32,6315798.94
2025-08-01 09:25:42 AM,112.4,500,56200.0,6371998.94
2025-08-01 09:25:44 AM,112.38,1,112.38,6372111.32
2025-08-01 09:25:46 AM,112.51,0,0.0,6372111.32
2025-08-01 09:25:49 AM,112.51,5,562.5500000000001,6372673.87
2025-08-01 09:25:57 AM,112.51,200,22502.0,6395175.87
2025-08-01 09:25:58 AM,112.52,0,0.0,6395175.87
2025-08-01 09:25:59 AM,112.5,2,225.0,6395400.87
2025-08-01 09:26:04 AM,112.59,0,0.0,6395400.87
2025-08-01 09:26:05 AM,112.59,159,17901.81,6413302.68
2025-08-01 09:26:28 AM,112.58,8,900.64,6414203.319999999
2025-08-01 09:26:43 AM,112.58,139,15648.619999999999,6429851.9399999995
2025-08-01 09:26:50 AM,112.76,0,0.0,6429851.9399999995
2025-08-01 09:26:51 AM,112.76,12282,1384918.32,7814770.26
2025-08-01 09:27:07 AM,112.83,2,225.66,7814995.92
2025-08-01 09:27:13 AM,112.83,47,5303.01,7820298.93
2025-08-01 09:27:22 AM,112.98,1,112.98,7820411.91
2025-08-01 09:27:35 AM,112.98,4,451.92,7820863.83
2025-08-01 09:28:21 AM,112.75,50,5637.5,7826501.33
2025-08-01 09:28:22 AM,112.68,0,0.0,7826501.33
2025-08-01 09:28:23 AM,112.68,1,112.68,7826614.01
2025-08-01 09:28:28 AM,112.56,0,0.0,7826614.01
2025-08-01 09:28:29 AM,112.56,886,99728.16,7926342.17
2025-08-01 09:28:38 AM,112.69,1,112.69,7926454.86
2025-08-01 09:28:39 AM,112.56,0,0.0,7926454.86
2025-08-01 09:28:44 AM,112.66,0,0.0,7926454.86
2025-08-01 09:28:44 AM,112.66,138,15547.08,7942001.94
2025-08-01 09:29:02 AM,112.88,0,0.0,7942001.94
2025-08-01 09:29:07 AM,112.88,100,11288.0,7953289.94
2025-08-01 09:29:12 AM,112.81,0,0.0,7953289.94
2025-08-01 09:29:13 AM,112.88,0,0.0,7953289.94
2025-08-01 09:29:15 AM,112.88,2594,292810.72,8246100.66
2025-08-01 09:29:22 AM,112.84,1,112.84,8246213.5
2025-08-01 09:29:37 AM,112.6,1250,140750.0,8386963.5
2025-08-01 09:29:52 AM,112.84,1785,201419.4,8588382.9
2025-08-01 09:30:05 AM,112.62,0,0.0,8588382.9
2025-08-01 09:30:07 AM,112.62,50,5631.0,8594013.9
2025-08-01 09:30:08 AM,112.69,30,3380.7,8597394.6
2025-08-01 09:30:12 AM,112.79,0,0.0,8597394.6
2025-08-01 09:30:15 AM,112.79,44,4962.76,8602357.36
2025-08-01 09:30:26 AM,112.9,0,0.0,8602357.36
2025-08-01 09:30:30 AM,112.9,901,101722.90000000001,8704080.26
2025-08-01 09:31:43 AM,112.99,10,1129.8999999999999,8705210.16
2025-08-01 09:31:50 AM,112.91,0,0.0,8705210.16
2025-08-01 09:31:50 AM,112.91,50,5645.5,8710855.66
2025-08-01 09:32:24 AM,113.05,0,0.0,8710855.66
2025-08-01 09:32:25 AM,113.05,83,9383.15,8720238.81
2025-08-01 09:32:46 AM,113.1,10,1131.0,8721369.81
2025-08-01 09:32:53 AM,113.2,88,9961.6,8731331.41
2025-08-01 09:32:59 AM,113.2,500,56600.0,8787931.41
2025-08-01 09:33:17 AM,113.17,0,0.0,8787931.41
2025-08-01 09:33:20 AM,113.35,1074,121737.9,8909669.31
2025-08-01 09:33:32 AM,113.42,0,0.0,8909669.31
2025-08-01 09:33:34 AM,113.42,1,113.42,8909782.73
2025-08-01 09:33:52 AM,113.64,0,0.0,8909782.73
2025-08-01 09:33:55 AM,113.64,1000,113640.0,9023422.73
2025-08-01 09:34:42 AM,113.49,0,0.0,9023422.73
2025-08-01 09:34:44 AM,113.49,3044,345463.56,9368886.290000001
2025-08-01 09:35:04 AM,113.41,200,22682.0,9391568.290000001
2025-08-01 09:35:12 AM,113.4,0,0.0,9391568.290000001
2025-08-01 09:35:12 AM,113.4,210,23814.0,9415382.290000001
2025-08-01 09:35:17 AM,113.37,0,0.0,9415382.290000001
2025-08-01 09:35:19 AM,113.37,51,5781.87,9421164.16
2025-08-01 09:35:26 AM,113.25,64,7248.0,9428412.16
2025-08-01 09:35:32 AM,113.28,0,0.0,9428412.16
2025-08-01 09:35:33 AM,113.28,1,113.28,9428525.44
2025-08-01 09:35:42 AM,113.32,0,0.0,9428525.44
2025-08-01 09:35:46 AM,113.32,300,33996.0,9462521.44
2025-08-01 09:35:57 AM,113.24,0,0.0,9462521.44
2025-08-01 09:35:59 AM,113.24,156,17665.44,9480186.879999999
2025-08-01 09:36:17 AM,113.26,0,0.0,9480186.879999999
2025-08-01 09:36:20 AM,113.26,1,113.26,9480300.139999999
2025-08-01 09:36:29 AM,113.44,0,0.0,9480300.139999999
2025-08-01 09:36:33 AM,113.44,500,56720.0,9537020.139999999
2025-08-01 09:36:52 AM,113.44,423,47985.12,9585005.259999998
2025-08-01 09:36:53 AM,113.43,0,0.0,9585005.259999998
2025-08-01 09:36:59 AM,113.43,1,113.43,9585118.689999998
2025-08-01 09:37:20 AM,113.34,0,0.0,9585118.689999998
2025-08-01 09:37:20 AM,113.34,580,65737.2,9650855.889999997
2025-08-01 09:37:25 AM,113.42,0,0.0,9650855.889999997
2025-08-01 09:37:27 AM,113.42,500,56710.0,9707565.889999997
2025-08-01 09:38:00 AM,113.24,2526,286044.24,9993610.129999997
2025-08-01 09:38:00 AM,113.24,9,1019.16,9994629.289999997
2025-08-01 09:38:41 AM,113.32,301,34109.32,10028738.609999998
2025-08-01 09:39:12 AM,113.4,0,0.0,10028738.609999998
2025-08-01 09:39:15 AM,113.4,74,8391.6,10037130.209999997
2025-08-01 09:39:17 AM,113.17,0,0.0,10037130.209999997
2025-08-01 09:39:21 AM,113.17,789,89291.13,10126421.339999998
2025-08-01 09:39:46 AM,113.1,0,0.0,10126421.339999998
2025-08-01 09:39:48 AM,113.1,500,56550.0,10182971.339999998
2025-08-01 09:39:54 AM,113.08,50,5654.0,10188625.339999998
2025-08-01 09:39:58 AM,113.15,0,0.0,10188625.339999998
2025-08-01 09:40:01 AM,113.15,7,792.0500000000001,10189417.389999999
2025-08-01 09:40:24 AM,113.05,0,0.0,10189417.389999999
2025-08-01 09:40:27 AM,113.05,23,2600.15,10192017.54
2025-08-01 09:40:45 AM,113.25,0,0.0,10192017.54
2025-08-01 09:40:47 AM,113.25,580,65685.0,10257702.54
2025-08-01 09:41:05 AM,113.69,0,0.0,10257702.54
2025-08-01 09:41:07 AM,113.69,563,64007.47,10321710.01
2025-08-01 09:41:14 AM,113.52,0,0.0,10321710.01
2025-08-01 09:41:14 AM,113.52,360,40867.2,10362577.209999999
2025-08-01 09:41:40 AM,113.5,10,1135.0,10363712.209999999
2025-08-01 09:42:23 AM,113.4,0,0.0,10363712.209999999
2025-08-01 09:42:26 AM,113.4,50,5670.0,10369382.209999999
2025-08-01 09:42:39 AM,113.4,32,3628.8,10373011.01
2025-08-01 09:43:08 AM,113.42,0,0.0,10373011.01
2025-08-01 09:43:11 AM,113.42,558,63288.36,10436299.37
2025-08-01 09:44:04 AM,113.2,0,0.0,10436299.37
2025-08-01 09:44:05 AM,113.2,1196,135387.2,10571686.569999998
2025-08-01 09:44:40 AM,113.04,0,0.0,10571686.569999998
2025-08-01 09:44:43 AM,113.04,36,4069.44,10575756.009999998
2025-08-01 09:45:05 AM,113.02,0,0.0,10575756.009999998
2025-08-01 09:45:09 AM,113.02,3,339.06,10576095.069999998
2025-08-01 09:45:50 AM,113.04,51,5765.04,10581860.109999998
2025-08-01 09:46:33 AM,113.14,0,0.0,10581860.109999998
2025-08-01 09:46:34 AM,113.14,333,37675.62,10619535.729999997
2025-08-01 09:47:23 AM,113.02,1,113.02,10619648.749999996
2025-08-01 09:47:34 AM,113.12,0,0.0,10619648.749999996
2025-08-01 09:47:36 AM,113.12,110,12443.2,10632091.949999996
2025-08-01 09:49:25 AM,113.02,0,0.0,10632091.949999996
2025-08-01 09:49:25 AM,113.11,11,1244.21,10633336.159999996
2025-08-01 09:50:37 AM,113.0,0,0.0,10633336.159999996
2025-08-01 09:50:38 AM,113.0,9,1017.0,10634353.159999996
2025-08-01 09:50:48 AM,113.02,0,0.0,10634353.159999996
2025-08-01 09:50:50 AM,113.02,50,5651.0,10640004.159999996
2025-08-01 09:51:06 AM,113.09,0,0.0,10640004.159999996
2025-08-01 09:51:07 AM,113.09,74,8368.66,10648372.819999997
2025-08-01 09:51:11 AM,113.11,0,0.0,10648372.819999997
2025-08-01 09:51:13 AM,113.11,151,17079.61,10665452.429999996
2025-08-01 09:51:29 AM,113.12,0,0.0,10665452.429999996
2025-08-01 09:51:31 AM,113.12,5,565.6,10666018.029999996
2025-08-01 09:53:51 AM,113.09,0,0.0,10666018.029999996
2025-08-01 09:53:54 AM,113.09,105,11874.45,10677892.479999995
2025-08-01 09:55:12 AM,113.09,5,565.45,10678457.929999994
2025-08-01 09:55:18 AM,113.09,50,5654.5,10684112.429999994
2025-08-01 09:55:24 AM,113.09,50,5654.5,10689766.929999994
2025-08-01 09:55:46 AM,113.1,0,0.0,10689766.929999994
2025-08-01 09:55:48 AM,113.1,170,19227.0,10708993.929999994
2025-08-01 09:56:07 AM,113.09,439,49646.51,10758640.439999994
2025-08-01 09:56:21 AM,113.12,0,0.0,10758640.439999994
2025-08-01 09:56:24 AM,113.12,282,31899.84,10790540.279999994
2025-08-01 09:56:43 AM,113.0,720,81360.0,10871900.279999994
2025-08-01 09:56:48 AM,112.92,257,29020.44,10900920.719999993
2025-08-01 09:57:06 AM,112.82,0,0.0,10900920.719999993
2025-08-01 09:57:06 AM,112.82,54,6092.28,10907012.999999993
2025-08-01 09:57:29 AM,112.96,30,3388.7999999999997,10910401.799999993
2025-08-01 09:57:47 AM,112.67,14270,1607800.9000000001,12518202.699999994
2025-08-01 09:57:50 AM,112.67,442,49800.14,12568002.839999994
2025-08-01 09:58:42 AM,112.68,239,26930.52,12594933.359999994
2025-08-01 09:59:06 AM,112.99,4000,451960.0,13046893.359999994
2025-08-01 09:59:25 AM,113.03,0,0.0,13046893.359999994
2025-08-01 09:59:25 AM,113.03,473,53463.19,13100356.549999993
2025-08-01 09:59:52 AM,112.87,0,0.0,13100356.549999993
2025-08-01 09:59:53 AM,112.87,50,5643.5,13106000.049999993
2025-08-01 09:59:54 AM,113.0,0,0.0,13106000.049999993
2025-08-01 09:59:56 AM,113.0,133,15029.0,13121029.049999993
2025-08-01 10:00:18 AM,113.19,0,0.0,13121029.049999993
2025-08-01 10:00:18 AM,113.19,300,33957.0,13154986.049999993
2025-08-01 10:00:47 AM,112.96,0,0.0,13154986.049999993
2025-08-01 10:00:47 AM,112.96,378,42698.88,13197684.929999994
2025-08-01 10:00:53 AM,112.84,0,0.0,13197684.929999994
2025-08-01 10:00:53 AM,112.84,36,4062.2400000000002,13201747.169999994
2025-08-01 10:01:20 AM,112.99,0,0.0,13201747.169999994
2025-08-01 10:01:22 AM,112.99,38,4293.62,13206040.789999994
2025-08-01 10:01:35 AM,112.9,0,0.0,13206040.789999994
2025-08-01 10:01:36 AM,112.9,2074,234154.6,13440195.389999993
2025-08-01 10:01:46 AM,112.99,50,5649.5,13445844.889999993
2025-08-01 10:01:54 AM,112.84,100,11284.0,13457128.889999993
2025-08-01 10:02:20 AM,112.97,0,0.0,13457128.889999993
2025-08-01 10:02:24 AM,112.97,1,112.97,13457241.859999994
2025-08-01 10:02:32 AM,113.0,452,51076.0,13508317.859999994
2025-08-01 10:02:41 AM,112.98,0,0.0,13508317.859999994
2025-08-01 10:02:43 AM,112.98,10,1129.8,13509447.659999995
2025-08-01 10:05:10 AM,113.14,44,4978.16,13514425.819999995
2025-08-01 10:05:38 AM,113.13,0,0.0,13514425.819999995
2025-08-01 10:05:38 AM,113.13,20,2262.6,13516688.419999994
2025-08-01 10:05:50 AM,113.13,61,6900.929999999999,13523589.349999994
2025-08-01 10:06:28 AM,112.98,156,17624.88,13541214.229999995
2025-08-01 10:06:31 AM,113.06,0,0.0,13541214.229999995
2025-08-01 10:06:32 AM,112.88,63,7111.44,13548325.669999994
2025-08-01 10:06:38 AM,112.95,0,0.0,13548325.669999994
2025-08-01 10:06:38 AM,112.95,5,564.75,13548890.419999994
2025-08-01 10:06:56 AM,112.87,63,7110.81,13556001.229999995
2025-08-01 10:07:02 AM,112.94,0,0.0,13556001.229999995
2025-08-01 10:07:02 AM,112.94,45,5082.3,13561083.529999996
2025-08-01 10:07:09 AM,112.94,22,2484.68,13563568.209999995
2025-08-01 10:07:15 AM,112.86,25,2821.5,13566389.709999995
2025-08-01 10:07:18 AM,112.98,0,0.0,13566389.709999995
2025-08-01 10:07:21 AM,112.98,5,564.9,13566954.609999996
2025-08-01 10:07:31 AM,112.86,0,0.0,13566954.609999996
2025-08-01 10:07:34 AM,112.86,74,8351.64,13575306.249999996
2025-08-01 10:07:35 AM,112.83,1290,145550.7,13720856.949999996
2025-08-01 10:08:06 AM,112.85,1963,221524.55,13942381.499999996
2025-08-01 10:08:09 AM,112.89,0,0.0,13942381.499999996
2025-08-01 10:08:11 AM,112.89,134,15127.26,13957508.759999996
2025-08-01 10:08:29 AM,113.02,500,56510.0,14014018.759999996
2025-08-01 10:08:58 AM,113.04,0,0.0,14014018.759999996
2025-08-01 10:08:59 AM,113.04,1,113.04,14014131.799999995
2025-08-01 10:09:25 AM,112.95,0,0.0,14014131.799999995
2025-08-01 10:09:28 AM,112.95,1,112.95,14014244.749999994
2025-08-01 10:11:01 AM,112.94,0,0.0,14014244.749999994
2025-08-01 10:11:02 AM,112.94,275,31058.5,14045303.249999994
2025-08-01 10:12:06 AM,113.04,499,56406.96000000001,14101710.209999995
2025-08-01 10:14:49 AM,113.15,5,565.75,14102275.959999995
2025-08-01 10:15:27 AM,113.1,0,0.0,14102275.959999995
2025-08-01 10:15:31 AM,113.1,5,565.5,14102841.459999995
2025-08-01 10:15:37 AM,113.1,200,22620.0,14125461.459999995
2025-08-01 10:16:36 AM,112.97,695,78514.15,14203975.609999996
2025-08-01 10:16:41 AM,112.95,0,0.0,14203975.609999996
2025-08-01 10:16:41 AM,112.95,11,1242.45,14205218.059999995
2025-08-01 10:17:32 AM,113.0,0,0.0,14205218.059999995
2025-08-01 10:17:32 AM,113.0,150,16950.0,14222168.059999995
2025-08-01 10:17:33 AM,113.03,0,0.0,14222168.059999995
2025-08-01 10:17:38 AM,113.03,400,45212.0,14267380.059999995
2025-08-01 10:17:44 AM,113.06,0,0.0,14267380.059999995
2025-08-01 10:17:44 AM,113.06,5,565.3,14267945.359999996
2025-08-01 10:17:47 AM,113.19,0,0.0,14267945.359999996
2025-08-01 10:17:50 AM,113.19,250,28297.5,14296242.859999996
2025-08-01 10:19:28 AM,113.19,50,5659.5,14301902.359999996
2025-08-01 10:19:51 AM,113.19,7,792.3299999999999,14302694.689999996
2025-08-01 10:20:16 AM,113.04,0,0.0,14302694.689999996
2025-08-01 10:20:18 AM,113.04,100,11304.0,14313998.689999996
2025-08-01 10:22:24 AM,113.09,0,0.0,14313998.689999996
2025-08-01 10:22:25 AM,113.04,310,35042.4,14349041.089999996
2025-08-01 10:22:32 AM,113.02,150,16953.0,14365994.089999996
2025-08-01 10:23:19 AM,113.1,0,0.0,14365994.089999996
2025-08-01 10:23:20 AM,113.1,70,7917.0,14373911.089999996
2025-08-01 10:24:57 AM,112.97,0,0.0,14373911.089999996
2025-08-01 10:24:57 AM,112.97,35,3953.95,14377865.039999995
2025-08-01 10:26:42 AM,113.18,0,0.0,14377865.039999995
2025-08-01 10:26:42 AM,113.18,440,49799.200000000004,14427664.239999995
2025-08-01 10:28:41 AM,113.17,208,23539.36,14451203.599999994
2025-08-01 10:29:48 AM,113.12,37,4185.4400000000005,14455389.039999994
2025-08-01 10:31:18 AM,113.24,0,0.0,14455389.039999994
2025-08-01 10:31:19 AM,113.24,541,61262.84,14516651.879999993
2025-08-01 10:31:41 AM,113.18,50,5659.0,14522310.879999993
2025-08-01 10:32:16 AM,113.29,71,8043.59,14530354.469999993
2025-08-01 10:34:57 AM,113.19,50,5659.5,14536013.969999993
2025-08-01 10:35:10 AM,113.26,0,0.0,14536013.969999993
2025-08-01 10:35:12 AM,113.26,1,113.26,14536127.229999993
2025-08-01 10:37:10 AM,113.22,0,0.0,14536127.229999993
2025-08-01 10:37:10 AM,113.22,1,113.22,14536240.449999994
2025-08-01 10:37:44 AM,113.22,85,9623.7,14545864.149999993
2025-08-01 10:38:00 AM,113.25,0,0.0,14545864.149999993
2025-08-01 10:38:01 AM,113.25,3,339.75,14546203.899999993
2025-08-01 10:38:19 AM,113.24,10,1132.3999999999999,14547336.299999993
2025-08-01 10:38:25 AM,113.26,25,2831.5,14550167.799999993
2025-08-01 10:39:53 AM,113.14,50,5657.0,14555824.799999993
2025-08-01 10:41:09 AM,113.08,0,0.0,14555824.799999993
2025-08-01 10:41:11 AM,113.08,50,5654.0,14561478.799999993
2025-08-01 10:41:34 AM,113.08,21,2374.68,14563853.479999993
2025-08-01 10:41:55 AM,113.2,100,11320.0,14575173.479999993
2025-08-01 10:42:22 AM,113.18,0,0.0,14575173.479999993
2025-08-01 10:42:23 AM,113.18,25,2829.5,14578002.979999993
2025-08-01 10:43:23 AM,113.08,0,0.0,14578002.979999993
2025-08-01 10:43:23 AM,113.08,141,15944.28,14593947.259999992
2025-08-01 10:43:49 AM,113.03,0,0.0,14593947.259999992
2025-08-01 10:43:50 AM,113.03,15,1695.45,14595642.709999992
2025-08-01 10:43:57 AM,112.93,0,0.0,14595642.709999992
2025-08-01 10:43:57 AM,112.93,20,2258.6000000000004,14597901.309999991
2025-08-01 10:44:07 AM,113.03,0,0.0,14597901.309999991
2025-08-01 10:44:08 AM,113.03,6,678.1800000000001,14598579.48999999
2025-08-01 10:45:14 AM,113.0,50,5650.0,14604229.48999999
2025-08-01 10:45:32 AM,113.0,50,5650.0,14609879.48999999
2025-08-01 10:45:37 AM,113.07,0,0.0,14609879.48999999
2025-08-01 10:45:38 AM,113.07,70,7914.9,14617794.389999991
2025-08-01 10:47:06 AM,112.85,0,0.0,14617794.389999991
2025-08-01 10:47:07 AM,113.09,2437,275600.33,14893394.719999991
2025-08-01 10:47:12 AM,113.38,0,0.0,14893394.719999991
2025-08-01 10:47:12 AM,113.38,1783,202156.53999999998,15095551.25999999
2025-08-01 10:47:33 AM,113.43,0,0.0,15095551.25999999
2025-08-01 10:47:34 AM,113.35,726,82292.09999999999,15177843.35999999
2025-08-01 10:47:49 AM,113.28,0,0.0,15177843.35999999
2025-08-01 10:47:50 AM,113.28,1316,149076.48,15326919.83999999
2025-08-01 10:49:30 AM,113.3,0,0.0,15326919.83999999
2025-08-01 10:49:33 AM,113.3,500,56650.0,15383569.83999999
2025-08-01 10:49:39 AM,113.23,0,0.0,15383569.83999999
2025-08-01 10:49:40 AM,113.23,1000,113230.0,15496799.83999999
2025-08-01 10:51:13 AM,113.23,160,18116.8,15514916.639999991
2025-08-01 10:51:24 AM,113.23,50,5661.5,15520578.139999991
2025-08-01 10:53:15 AM,113.24,0,0.0,15520578.139999991
2025-08-01 10:53:16 AM,113.24,1,113.24,15520691.379999992
2025-08-01 10:53:51 AM,113.39,0,0.0,15520691.379999992
2025-08-01 10:53:54 AM,113.39,920,104318.8,15625010.179999992
2025-08-01 10:54:31 AM,113.38,25,2834.5,15627844.679999992
2025-08-01 10:55:24 AM,113.38,50,5669.0,15633513.679999992
2025-08-01 10:56:23 AM,113.26,0,0.0,15633513.679999992
2025-08-01 10:56:23 AM,113.26,500,56630.0,15690143.679999992
2025-08-01 10:57:13 AM,113.38,0,0.0,15690143.679999992
2025-08-01 10:57:15 AM,113.38,49,5555.62,15695699.299999991
2025-08-01 10:57:45 AM,113.55,0,0.0,15695699.299999991
2025-08-01 10:57:48 AM,113.55,275,31226.25,15726925.549999991
2025-08-01 10:57:59 AM,113.53,0,0.0,15726925.549999991
2025-08-01 10:57:59 AM,113.53,3,340.59000000000003,15727266.139999991
2025-08-01 10:58:09 AM,113.42,0,0.0,15727266.139999991
2025-08-01 10:58:09 AM,113.42,15,1701.3,15728967.439999992
2025-08-01 10:59:03 AM,113.37,0,0.0,15728967.439999992
2025-08-01 10:59:03 AM,113.37,475,53850.75,15782818.189999992
2025-08-01 11:00:22 AM,113.39,0,0.0,15782818.189999992
2025-08-01 11:00:24 AM,113.39,2,226.78,15783044.969999991
2025-08-01 11:01:18 AM,113.38,0,0.0,15783044.969999991
2025-08-01 11:01:22 AM,113.38,180,20408.399999999998,15803453.369999992
2025-08-01 11:01:42 AM,113.39,0,0.0,15803453.369999992
2025-08-01 11:01:43 AM,113.39,800,90712.0,15894165.369999992
2025-08-01 11:01:46 AM,113.44,0,0.0,15894165.369999992
2025-08-01 11:01:48 AM,113.44,50,5672.0,15899837.369999992
2025-08-01 11:02:02 AM,113.5,0,0.0,15899837.369999992
2025-08-01 11:02:04 AM,113.44,60,6806.4,15906643.769999992
2025-08-01 11:02:22 AM,113.39,0,0.0,15906643.769999992
2025-08-01 11:02:25 AM,113.39,95,10772.05,15917415.819999993
2025-08-01 11:02:53 AM,113.5,84,9534.0,15926949.819999993
2025-08-01 11:03:44 AM,113.51,20,2270.2000000000003,15929220.019999992
2025-08-01 11:03:50 AM,113.69,0,0.0,15929220.019999992
2025-08-01 11:03:50 AM,113.69,1000,113690.0,16042910.019999992
2025-08-01 11:04:13 AM,113.7,18,2046.6000000000001,16044956.619999992
2025-08-01 11:04:16 AM,113.52,0,0.0,16044956.619999992
2025-08-01 11:04:16 AM,113.52,900,102168.0,16147124.619999992
2025-08-01 11:04:46 AM,113.66,0,0.0,16147124.619999992
2025-08-01 11:04:47 AM,113.66,5,568.3,16147692.919999992
2025-08-01 11:04:58 AM,113.66,1,113.66,16147806.579999993
2025-08-01 11:05:42 AM,113.66,20,2273.2,16150079.779999992
2025-08-01 11:06:00 AM,113.7,0,0.0,16150079.779999992
2025-08-01 11:06:02 AM,113.7,416,47299.200000000004,16197378.979999991
2025-08-01 11:06:19 AM,113.47,503,57075.409999999996,16254454.389999991
2025-08-01 11:06:41 AM,113.52,0,0.0,16254454.389999991
2025-08-01 11:06:44 AM,113.52,40,4540.8,16258995.189999992
2025-08-01 11:07:05 AM,113.52,35,3973.2,16262968.389999991
2025-08-01 11:08:20 AM,113.49,0,0.0,16262968.389999991
2025-08-01 11:08:21 AM,113.49,90,10214.1,16273182.48999999
2025-08-01 11:08:58 AM,113.41,0,0.0,16273182.48999999
2025-08-01 11:09:00 AM,113.41,21,2381.61,16275564.09999999
2025-08-01 11:10:27 AM,113.31,0,0.0,16275564.09999999
2025-08-01 11:10:30 AM,113.31,10,1133.1,16276697.19999999
2025-08-01 11:11:25 AM,113.31,10,1133.1,16277830.29999999
2025-08-01 11:13:28 AM,113.31,50,5665.5,16283495.79999999
2025-08-01 11:15:08 AM,113.38,0,0.0,16283495.79999999
2025-08-01 11:15:11 AM,113.38,20,2267.6,16285763.39999999
2025-08-01 11:15:20 AM,113.47,0,0.0,16285763.39999999
2025-08-01 11:15:21 AM,113.47,100,11347.0,16297110.39999999
2025-08-01 11:15:32 AM,113.31,0,0.0,16297110.39999999
2025-08-01 11:15:32 AM,113.31,100,11331.0,16308441.39999999
2025-08-01 11:18:05 AM,113.31,5,566.55,16309007.94999999
2025-08-01 11:18:34 AM,113.31,450,50989.5,16359997.44999999
2025-08-01 11:19:37 AM,113.41,0,0.0,16359997.44999999
2025-08-01 11:19:40 AM,113.41,1,113.41,16360110.85999999
2025-08-01 11:20:42 AM,113.4,0,0.0,16360110.85999999
2025-08-01 11:20:44 AM,113.4,1,113.4,16360224.25999999
2025-08-01 11:22:11 AM,113.31,0,0.0,16360224.25999999
2025-08-01 11:22:12 AM,113.31,45,5098.95,16365323.20999999
2025-08-01 11:22:34 AM,113.4,0,0.0,16365323.20999999
2025-08-01 11:22:34 AM,113.4,1,113.4,16365436.60999999
2025-08-01 11:23:38 AM,113.31,0,0.0,16365436.60999999
2025-08-01 11:23:42 AM,113.31,5,566.55,16366003.15999999
2025-08-01 11:25:37 AM,113.32,0,0.0,16366003.15999999
2025-08-01 11:25:42 AM,113.32,50,5666.0,16371669.15999999
2025-08-01 11:26:48 AM,113.31,0,0.0,16371669.15999999
2025-08-01 11:26:48 AM,113.31,200,22662.0,16394331.15999999
2025-08-01 11:27:55 AM,113.31,50,5665.5,16399996.65999999
2025-08-01 11:28:00 AM,113.31,50,5665.5,16405662.15999999
2025-08-01 11:29:43 AM,113.31,275,31160.25,16436822.40999999
2025-08-01 11:32:51 AM,113.3,3233,366298.89999999997,16803121.30999999
2025-08-01 11:34:20 AM,113.22,0,0.0,16803121.30999999
2025-08-01 11:34:23 AM,113.22,50,5661.0,16808782.30999999
2025-08-01 11:36:00 AM,113.3,0,0.0,16808782.30999999
2025-08-01 11:36:02 AM,113.3,200,22660.0,16831442.30999999
2025-08-01 11:36:56 AM,113.34,0,0.0,16831442.30999999
2025-08-01 11:37:00 AM,113.34,90,10200.6,16841642.909999993
2025-08-01 11:39:32 AM,113.16,0,0.0,16841642.909999993
2025-08-01 11:39:33 AM,113.16,807,91320.12,16932963.029999994
2025-08-01 11:40:47 AM,112.95,2189,247247.55000000002,17180210.579999994
2025-08-01 11:41:06 AM,113.08,0,0.0,17180210.579999994
2025-08-01 11:41:06 AM,113.08,10,1130.8,17181341.379999995
2025-08-01 11:42:22 AM,113.0,0,0.0,17181341.379999995
2025-08-01 11:42:22 AM,113.0,58,6554.0,17187895.379999995
2025-08-01 11:42:35 AM,112.98,0,0.0,17187895.379999995
2025-08-01 11:42:38 AM,112.98,1,112.98,17188008.359999996
2025-08-01 11:42:52 AM,112.82,0,0.0,17188008.359999996
2025-08-01 11:42:54 AM,112.82,93,10492.26,17198500.619999997
2025-08-01 11:43:22 AM,112.8,0,0.0,17198500.619999997
2025-08-01 11:43:26 AM,112.8,15,1692.0,17200192.619999997
2025-08-01 11:43:36 AM,112.8,14,1579.2,17201771.819999997
2025-08-01 11:45:29 AM,112.91,0,0.0,17201771.819999997
2025-08-01 11:45:31 AM,112.91,343,38728.13,17240499.949999996
2025-08-01 11:46:50 AM,112.8,0,0.0,17240499.949999996
2025-08-01 11:46:51 AM,112.8,500,56400.0,17296899.949999996
2025-08-01 11:50:05 AM,112.81,0,0.0,17296899.949999996
2025-08-01 11:50:06 AM,112.81,250,28202.5,17325102.449999996
2025-08-01 11:50:45 AM,112.92,0,0.0,17325102.449999996
2025-08-01 11:50:47 AM,112.92,20,2258.4,17327360.849999994
2025-08-01 11:53:40 AM,112.94,0,0.0,17327360.849999994
2025-08-01 11:53:43 AM,112.94,204,23039.76,17350400.609999996
2025-08-01 11:55:45 AM,113.0,0,0.0,17350400.609999996
2025-08-01 11:55:45 AM,113.0,150,16950.0,17367350.609999996
2025-08-01 11:57:59 AM,112.86,0,0.0,17367350.609999996
2025-08-01 11:58:00 AM,112.86,190,21443.4,17388794.009999994
2025-08-01 12:02:19 PM,112.88,0,0.0,17388794.009999994
2025-08-01 12:02:20 PM,112.88,100,11288.0,17400082.009999994
2025-08-01 12:02:24 PM,112.86,0,0.0,17400082.009999994
2025-08-01 12:02:25 PM,112.86,52,5868.72,17405950.729999993
2025-08-01 12:02:28 PM,113.17,3327,376516.59,17782467.319999993
2025-08-01 12:02:33 PM,113.37,0,0.0,17782467.319999993
2025-08-01 12:02:33 PM,113.37,5515,625235.55,18407702.869999994
2025-08-01 12:03:05 PM,113.14,0,0.0,18407702.869999994
2025-08-01 12:03:05 PM,113.14,1016,114950.24,18522653.109999992
2025-08-01 12:04:08 PM,113.0,0,0.0,18522653.109999992
2025-08-01 12:04:09 PM,113.0,579,65427.0,18588080.109999992
2025-08-01 12:04:19 PM,112.99,0,0.0,18588080.109999992
2025-08-01 12:04:19 PM,112.99,500,56495.0,18644575.109999992
2025-08-01 12:04:39 PM,113.0,0,0.0,18644575.109999992
2025-08-01 12:04:40 PM,113.0,160,18080.0,18662655.109999992
2025-08-01 12:05:59 PM,113.0,100,11300.0,18673955.109999992
2025-08-01 12:06:19 PM,113.1,1,113.1,18674068.209999993
2025-08-01 12:07:01 PM,113.14,0,0.0,18674068.209999993
2025-08-01 12:07:03 PM,113.14,100,11314.0,18685382.209999993
2025-08-01 12:07:23 PM,113.14,100,11314.0,18696696.209999993
2025-08-01 12:07:42 PM,113.0,0,0.0,18696696.209999993
2025-08-01 12:07:44 PM,113.0,100,11300.0,18707996.209999993
2025-08-01 12:08:04 PM,113.0,1,113.0,18708109.209999993
2025-08-01 12:09:19 PM,113.0,5,565.0,18708674.209999993
2025-08-01 12:10:34 PM,113.0,200,22600.0,18731274.209999993
2025-08-01 12:12:37 PM,113.0,25,2825.0,18734099.209999993
2025-08-01 12:12:47 PM,113.0,25,2825.0,18736924.209999993
2025-08-01 12:13:08 PM,113.0,25,2825.0,18739749.209999993
2025-08-01 12:13:18 PM,113.0,25,2825.0,18742574.209999993
2025-08-01 12:13:53 PM,113.0,1,113.0,18742687.209999993
2025-08-01 12:14:20 PM,112.95,0,0.0,18742687.209999993
2025-08-01 12:14:22 PM,112.95,100,11295.0,18753982.209999993
2025-08-01 12:16:24 PM,112.95,250,28237.5,18782219.709999993
2025-08-01 12:16:28 PM,112.95,50,5647.5,18787867.209999993
2025-08-01 12:17:24 PM,113.0,0,0.0,18787867.209999993
2025-08-01 12:17:27 PM,113.0,40,4520.0,18792387.209999993
2025-08-01 12:18:55 PM,113.0,10,1130.0,18793517.209999993
2025-08-01 12:19:33 PM,112.95,0,0.0,18793517.209999993
2025-08-01 12:19:36 PM,112.95,31,3501.4500000000003,18797018.659999993
2025-08-01 12:19:47 PM,112.97,0,0.0,18797018.659999993
2025-08-01 12:19:51 PM,112.97,4,451.88,18797470.53999999
2025-08-01 12:20:26 PM,112.62,0,0.0,18797470.53999999
2025-08-01 12:20:27 PM,112.62,4010,451606.2,19249076.73999999
2025-08-01 12:20:36 PM,112.68,0,0.0,19249076.73999999
2025-08-01 12:20:38 PM,112.68,24,2704.32,19251781.05999999
2025-08-01 12:20:41 PM,112.78,0,0.0,19251781.05999999
2025-08-01 12:20:43 PM,112.78,100,11278.0,19263059.05999999
2025-08-01 12:22:09 PM,112.8,0,0.0,19263059.05999999
2025-08-01 12:22:11 PM,112.8,5,564.0,19263623.05999999
2025-08-01 12:22:22 PM,112.8,1,112.8,19263735.859999992
2025-08-01 12:25:26 PM,112.72,0,0.0,19263735.859999992
2025-08-01 12:25:27 PM,112.72,50,5636.0,19269371.859999992
2025-08-01 12:26:12 PM,112.72,40,4508.8,19273880.659999993
2025-08-01 12:27:30 PM,112.79,0,0.0,19273880.659999993
2025-08-01 12:27:33 PM,112.79,13,1466.27,19275346.929999992
2025-08-01 12:27:57 PM,112.79,1,112.79,19275459.71999999
2025-08-01 12:28:00 PM,112.61,0,0.0,19275459.71999999
2025-08-01 12:28:02 PM,112.61,972,109456.92,19384916.639999993
2025-08-01 12:29:32 PM,112.64,75,8448.0,19393364.639999993
2025-08-01 12:31:42 PM,112.66,0,0.0,19393364.639999993
2025-08-01 12:31:45 PM,112.66,50,5633.0,19398997.639999993
2025-08-01 12:31:49 PM,112.65,0,0.0,19398997.639999993
2025-08-01 12:31:50 PM,112.65,20,2253.0,19401250.639999993
2025-08-01 12:32:17 PM,112.67,10,1126.7,19402377.339999992
2025-08-01 12:33:46 PM,112.73,0,0.0,19402377.339999992
2025-08-01 12:33:47 PM,112.73,10,1127.3,19403504.639999993
2025-08-01 12:34:40 PM,112.65,0,0.0,19403504.639999993
2025-08-01 12:34:43 PM,112.65,100,11265.0,19414769.639999993
2025-08-01 12:36:38 PM,112.65,50,5632.5,19420402.139999993
2025-08-01 12:38:41 PM,112.6,0,0.0,19420402.139999993
2025-08-01 12:38:42 PM,112.6,8064,908006.3999999999,20328408.53999999
2025-08-01 12:39:15 PM,112.6,11,1238.6,20329647.139999993
2025-08-01 12:40:48 PM,112.6,1643,185001.8,20514648.939999994
2025-08-01 12:40:58 PM,112.6,380,42788.0,20557436.939999994
2025-08-01 12:41:17 PM,112.56,0,0.0,20557436.939999994
2025-08-01 12:41:18 PM,112.56,2427,273183.12,20830620.059999995
2025-08-01 12:41:23 PM,112.51,0,0.0,20830620.059999995
2025-08-01 12:41:24 PM,112.51,1,112.51,20830732.569999997
2025-08-01 12:41:29 PM,112.51,20,2250.2000000000003,20832982.769999996
2025-08-01 12:41:34 PM,112.56,10,1125.6,20834108.369999997
2025-08-01 12:42:03 PM,112.5,0,0.0,20834108.369999997
2025-08-01 12:42:06 PM,112.5,2289,257512.5,21091620.869999997
2025-08-01 12:42:07 PM,112.56,0,0.0,21091620.869999997
2025-08-01 12:42:11 PM,112.56,100,11256.0,21102876.869999997
2025-08-01 12:42:41 PM,112.4,0,0.0,21102876.869999997
2025-08-01 12:42:41 PM,112.4,3656,410934.4,21513811.269999996
2025-08-01 12:42:57 PM,112.4,122,13712.800000000001,21527524.069999997
2025-08-01 12:43:13 PM,112.2,0,0.0,21527524.069999997
2025-08-01 12:43:13 PM,112.2,200,22440.0,21549964.069999997
2025-08-01 12:43:22 PM,112.39,0,0.0,21549964.069999997
2025-08-01 12:43:24 PM,112.39,900,101151.0,21651115.069999997
2025-08-01 12:43:46 PM,112.21,0,0.0,21651115.069999997
2025-08-01 12:43:47 PM,112.21,1,112.21,21651227.279999997
2025-08-01 12:43:57 PM,112.2,0,0.0,21651227.279999997
2025-08-01 12:43:58 PM,112.2,89,9985.800000000001,21661213.08
2025-08-01 12:44:04 PM,112.44,0,0.0,21661213.08
2025-08-01 12:44:08 PM,112.44,883,99284.52,21760497.599999998
2025-08-01 12:44:23 PM,112.24,0,0.0,21760497.599999998
2025-08-01 12:44:25 PM,112.24,1,112.24,21760609.839999996
2025-08-01 12:45:31 PM,112.36,0,0.0,21760609.839999996
2025-08-01 12:45:32 PM,112.36,30,3370.8,21763980.639999997
2025-08-01 12:47:39 PM,112.39,0,0.0,21763980.639999997
2025-08-01 12:47:40 PM,112.39,50,5619.5,21769600.139999997
2025-08-01 12:49:26 PM,112.27,0,0.0,21769600.139999997
2025-08-01 12:49:28 PM,112.27,10,1122.7,21770722.839999996
2025-08-01 12:49:59 PM,112.27,15,1684.05,21772406.889999997
2025-08-01 12:50:35 PM,112.27,26,2919.02,21775325.909999996
2025-08-01 12:53:37 PM,112.21,0,0.0,21775325.909999996
2025-08-01 12:53:41 PM,112.21,400,44884.0,21820209.909999996
2025-08-01 12:54:06 PM,112.21,4450,499334.5,22319544.409999996
2025-08-01 12:54:54 PM,112.2,0,0.0,22319544.409999996
2025-08-01 12:54:57 PM,112.2,50,5610.0,22325154.409999996
2025-08-01 12:55:44 PM,112.26,1,112.26,22325266.669999998
2025-08-01 12:57:23 PM,112.21,2495,279963.95,22605230.619999997
2025-08-01 12:58:24 PM,112.21,50,5610.5,22610841.119999997
2025-08-01 12:58:39 PM,112.21,70,7854.7,22618695.819999997
2025-08-01 12:58:59 PM,112.21,50,5610.5,22624306.319999997
2025-08-01 01:00:32 PM,112.21,10,1122.1,22625428.419999998
2025-08-01 01:00:49 PM,112.21,10,1122.1,22626550.52
2025-08-01 01:01:03 PM,112.21,1,112.21,22626662.73
2025-08-01 01:03:10 PM,112.22,0,0.0,22626662.73
2025-08-01 01:03:10 PM,112.22,21,2356.62,22629019.35
2025-08-01 01:03:15 PM,112.22,21,2356.62,22631375.970000003
2025-08-01 01:03:40 PM,112.22,50,5611.0,22636986.970000003
2025-08-01 01:04:08 PM,112.24,0,0.0,22636986.970000003
2025-08-01 01:04:09 PM,112.24,3,336.71999999999997,22637323.69
2025-08-01 01:04:27 PM,112.26,0,0.0,22637323.69
2025-08-01 01:04:28 PM,112.26,6,673.5600000000001,22637997.25
2025-08-01 01:04:47 PM,112.27,0,0.0,22637997.25
2025-08-01 01:04:47 PM,112.27,12,1347.24,22639344.49
2025-08-01 01:05:04 PM,112.22,0,0.0,22639344.49
2025-08-01 01:05:04 PM,112.22,1,112.22,22639456.709999997
2025-08-01 01:05:40 PM,112.27,0,0.0,22639456.709999997
2025-08-01 01:05:43 PM,112.27,13,1459.51,22640916.22
2025-08-01 01:05:52 PM,112.38,0,0.0,22640916.22
2025-08-01 01:05:53 PM,112.38,1,112.38,22641028.599999998
2025-08-01 01:06:34 PM,112.35,0,0.0,22641028.599999998
2025-08-01 01:06:35 PM,112.35,245,27525.75,22668554.349999998
2025-08-01 01:06:49 PM,112.41,0,0.0,22668554.349999998
2025-08-01 01:06:50 PM,112.42,0,0.0,22668554.349999998
2025-08-01 01:06:50 PM,112.42,346,38897.32,22707451.669999998
2025-08-01 01:07:15 PM,112.41,0,0.0,22707451.669999998
2025-08-01 01:07:15 PM,112.41,3557,399842.37,23107294.04
2025-08-01 01:07:47 PM,112.56,0,0.0,23107294.04
2025-08-01 01:07:47 PM,112.56,954,107382.24,23214676.279999997
2025-08-01 01:09:24 PM,112.72,1,112.72,23214788.999999996
2025-08-01 01:09:59 PM,112.7,0,0.0,23214788.999999996
2025-08-01 01:10:00 PM,112.7,50,5635.0,23220423.999999996
2025-08-01 01:11:13 PM,112.74,0,0.0,23220423.999999996
2025-08-01 01:11:13 PM,112.74,5,563.6999999999999,23220987.699999996
2025-08-01 01:11:15 PM,112.62,251,28267.620000000003,23249255.319999997
2025-08-01 01:12:37 PM,112.79,0,0.0,23249255.319999997
2025-08-01 01:12:38 PM,112.79,20,2255.8,23251511.119999997
2025-08-01 01:14:09 PM,112.75,0,0.0,23251511.119999997
2025-08-01 01:14:09 PM,112.75,3,338.25,23251849.369999997
2025-08-01 01:14:19 PM,112.76,0,0.0,23251849.369999997
2025-08-01 01:14:20 PM,112.76,25,2819.0,23254668.369999997
2025-08-01 01:15:51 PM,112.69,0,0.0,23254668.369999997
2025-08-01 01:15:52 PM,112.69,50,5634.5,23260302.869999997
2025-08-01 01:16:29 PM,112.74,12,1352.8799999999999,23261655.749999996
2025-08-01 01:20:35 PM,112.5,0,0.0,23261655.749999996
2025-08-01 01:20:35 PM,112.5,65,7312.5,23268968.249999996
2025-08-01 01:20:37 PM,112.65,0,0.0,23268968.249999996
2025-08-01 01:20:39 PM,112.59,0,0.0,23268968.249999996
2025-08-01 01:20:40 PM,112.59,2030,228557.7,23497525.949999996
2025-08-01 01:22:29 PM,112.63,0,0.0,23497525.949999996
2025-08-01 01:22:31 PM,112.63,15,1689.4499999999998,23499215.399999995
2025-08-01 01:22:58 PM,112.72,0,0.0,23499215.399999995
2025-08-01 01:22:59 PM,112.72,500,56360.0,23555575.399999995
2025-08-01 01:23:08 PM,112.55,1,112.55,23555687.949999996
2025-08-01 01:23:13 PM,112.56,8,900.48,23556588.429999996
2025-08-01 01:24:09 PM,112.55,0,0.0,23556588.429999996
2025-08-01 01:24:11 PM,112.55,100,11255.0,23567843.429999996
2025-08-01 01:25:23 PM,112.5,0,0.0,23567843.429999996
2025-08-01 01:25:24 PM,112.5,44,4950.0,23572793.429999996
2025-08-01 01:28:13 PM,112.75,0,0.0,23572793.429999996
2025-08-01 01:28:15 PM,112.75,1617,182316.75,23755110.179999996
2025-08-01 01:28:50 PM,112.82,0,0.0,23755110.179999996
2025-08-01 01:28:53 PM,112.82,10,1128.1999999999998,23756238.379999995
2025-08-01 01:29:45 PM,112.79,0,0.0,23756238.379999995
2025-08-01 01:29:46 PM,112.79,133,15001.070000000002,23771239.449999996
2025-08-01 01:30:27 PM,112.63,0,0.0,23771239.449999996
2025-08-01 01:30:30 PM,112.63,10,1126.3,23772365.749999996
2025-08-01 01:31:37 PM,112.58,0,0.0,23772365.749999996
2025-08-01 01:31:40 PM,112.63,350,39420.5,23811786.249999996
2025-08-01 01:31:45 PM,112.63,42,4730.46,23816516.709999997
2025-08-01 01:33:43 PM,112.78,0,0.0,23816516.709999997
2025-08-01 01:33:46 PM,112.78,10,1127.8,23817644.509999998
2025-08-01 01:34:01 PM,112.78,66,7443.4800000000005,23825087.99
2025-08-01 01:35:10 PM,112.68,0,0.0,23825087.99
2025-08-01 01:35:12 PM,112.68,200,22536.0,23847623.99
2025-08-01 01:37:46 PM,112.72,0,0.0,23847623.99
2025-08-01 01:37:48 PM,112.72,100,11272.0,23858895.99
2025-08-01 01:38:31 PM,112.57,0,0.0,23858895.99
2025-08-01 01:38:32 PM,112.57,70,7879.9,23866775.889999997
2025-08-01 01:40:21 PM,112.57,70,7879.9,23874655.789999995
2025-08-01 01:40:31 PM,112.69,0,0.0,23874655.789999995
2025-08-01 01:40:35 PM,112.69,1,112.69,23874768.479999997
2025-08-01 01:43:53 PM,112.69,60,6761.4,23881529.879999995
2025-08-01 01:45:28 PM,112.57,0,0.0,23881529.879999995
2025-08-01 01:45:28 PM,112.57,400,45028.0,23926557.879999995
2025-08-01 01:48:42 PM,112.57,50,5628.5,23932186.379999995
2025-08-01 01:49:49 PM,112.5,980,110250.0,24042436.379999995
2025-08-01 01:53:11 PM,112.61,0,0.0,24042436.379999995
2025-08-01 01:53:14 PM,112.61,2918,328595.98,24371032.359999996
2025-08-01 01:53:23 PM,112.62,184,20722.08,24391754.439999994
2025-08-01 01:53:39 PM,112.52,0,0.0,24391754.439999994
2025-08-01 01:53:42 PM,112.52,1,112.52,24391866.959999993
2025-08-01 01:53:58 PM,112.53,0,0.0,24391866.959999993
2025-08-01 01:54:00 PM,112.53,1,112.53,24391979.489999995
2025-08-01 01:56:49 PM,112.69,20,2253.8,24394233.289999995
2025-08-01 01:57:47 PM,112.67,0,0.0,24394233.289999995
2025-08-01 01:57:47 PM,112.67,1,112.67,24394345.959999997
2025-08-01 01:57:55 PM,112.55,0,0.0,24394345.959999997
2025-08-01 01:57:57 PM,112.55,100,11255.0,24405600.959999997
2025-08-01 01:58:36 PM,112.55,1,112.55,24405713.509999998
2025-08-01 01:58:39 PM,112.7,0,0.0,24405713.509999998
2025-08-01 01:58:41 PM,112.7,476,53645.200000000004,24459358.709999997
2025-08-01 01:58:47 PM,112.8,524,59107.2,24518465.909999996
2025-08-01 01:59:21 PM,112.59,0,0.0,24518465.909999996
2025-08-01 01:59:22 PM,112.59,100,11259.0,24529724.909999996
2025-08-01 02:01:21 PM,112.73,1,112.73,24529837.639999997
2025-08-01 02:01:31 PM,112.75,0,0.0,24529837.639999997
2025-08-01 02:01:35 PM,112.75,426,48031.5,24577869.139999997
2025-08-01 02:01:44 PM,112.75,1,112.75,24577981.889999997
2025-08-01 02:01:55 PM,112.75,1,112.75,24578094.639999997
2025-08-01 02:02:04 PM,112.75,1,112.75,24578207.389999997
2025-08-01 02:02:14 PM,112.75,1,112.75,24578320.139999997
2025-08-01 02:02:19 PM,112.75,10,1127.5,24579447.639999997
2025-08-01 02:02:19 PM,112.75,1,112.75,24579560.389999997
2025-08-01 02:02:28 PM,112.75,1,112.75,24579673.139999997
2025-08-01 02:02:33 PM,112.54,0,0.0,24579673.139999997
2025-08-01 02:02:39 PM,112.54,462,51993.48,24631666.619999997
2025-08-01 02:07:07 PM,112.54,50,5627.0,24637293.619999997
2025-08-01 02:08:55 PM,112.54,1,112.54,24637406.159999996
2025-08-01 02:08:55 PM,112.5,0,0.0,24637406.159999996
2025-08-01 02:08:55 PM,112.5,800,90000.0,24727406.159999996
2025-08-01 02:09:35 PM,112.4,4050,455220.0,25182626.159999996
2025-08-01 02:10:24 PM,112.36,12,1348.32,25183974.479999997
2025-08-01 02:10:34 PM,112.25,0,0.0,25183974.479999997
2025-08-01 02:10:35 PM,112.25,110,12347.5,25196321.979999997
2025-08-01 02:10:56 PM,112.34,0,0.0,25196321.979999997
2025-08-01 02:11:00 PM,112.34,100,11234.0,25207555.979999997
2025-08-01 02:11:08 PM,112.25,0,0.0,25207555.979999997
2025-08-01 02:11:11 PM,112.25,1,112.25,25207668.229999997
2025-08-01 02:11:19 PM,112.28,0,0.0,25207668.229999997
2025-08-01 02:11:22 PM,112.28,43,4828.04,25212496.269999996
2025-08-01 02:11:40 PM,112.43,0,0.0,25212496.269999996
2025-08-01 02:11:42 PM,112.43,97,10905.710000000001,25223401.979999997
2025-08-01 02:12:21 PM,112.52,0,0.0,25223401.979999997
2025-08-01 02:12:23 PM,112.52,446,50183.92,25273585.9
2025-08-01 02:12:24 PM,112.43,7,787.01,25274372.91
2025-08-01 02:13:14 PM,112.43,1,112.43,25274485.34
2025-08-01 02:15:06 PM,112.39,0,0.0,25274485.34
2025-08-01 02:15:07 PM,112.39,175,19668.25,25294153.59
2025-08-01 02:15:43 PM,112.39,50,5619.5,25299773.09
2025-08-01 02:16:44 PM,112.34,88,9885.92,25309659.01
2025-08-01 02:16:50 PM,112.34,410,46059.4,25355718.41
2025-08-01 02:17:44 PM,112.34,2,224.68,25355943.09
2025-08-01 02:17:55 PM,112.34,10,1123.4,25357066.49
2025-08-01 02:18:33 PM,112.41,0,0.0,25357066.49
2025-08-01 02:18:36 PM,112.42,1164,130856.88,25487923.369999997
2025-08-01 02:19:01 PM,112.42,6,674.52,25488597.889999997
2025-08-01 02:19:03 PM,112.41,0,0.0,25488597.889999997
2025-08-01 02:19:06 PM,112.41,31,3484.71,25492082.599999998
2025-08-01 02:21:42 PM,112.34,13,1460.42,25493543.02
2025-08-01 02:21:47 PM,112.23,866,97191.18000000001,25590734.2
2025-08-01 02:21:56 PM,112.25,0,0.0,25590734.2
2025-08-01 02:21:58 PM,112.25,10,1122.5,25591856.7
2025-08-01 02:22:18 PM,112.2,0,0.0,25591856.7
2025-08-01 02:22:19 PM,112.15,259,29046.850000000002,25620903.55
2025-08-01 02:22:31 PM,112.19,0,0.0,25620903.55
2025-08-01 02:22:35 PM,112.2,0,0.0,25620903.55
2025-08-01 02:22:35 PM,112.2,104,11668.800000000001,25632572.35
2025-08-01 02:23:13 PM,112.1,0,0.0,25632572.35
2025-08-01 02:23:13 PM,112.1,1001,112212.09999999999,25744784.450000003
2025-08-01 02:24:32 PM,112.1,1000,112100.0,25856884.450000003
2025-08-01 02:25:20 PM,112.1,600,67260.0,25924144.450000003
2025-08-01 02:25:24 PM,112.06,0,0.0,25924144.450000003
2025-08-01 02:25:25 PM,112.06,10,1120.6,25925265.050000004
2025-08-01 02:25:47 PM,112.1,500,56050.0,25981315.050000004
2025-08-01 02:26:24 PM,112.1,8,896.8,25982211.850000005
2025-08-01 02:26:27 PM,111.87,0,0.0,25982211.850000005
2025-08-01 02:26:29 PM,111.87,4099,458555.13,26440766.980000004
2025-08-01 02:26:34 PM,111.78,0,0.0,26440766.980000004
2025-08-01 02:26:34 PM,111.78,2,223.56,26440990.540000003
2025-08-01 02:26:58 PM,111.91,0,0.0,26440990.540000003
2025-08-01 02:27:01 PM,111.91,5,559.55,26441550.090000004
2025-08-01 02:27:50 PM,111.8,413,46173.4,26487723.490000002
2025-08-01 02:27:53 PM,111.78,0,0.0,26487723.490000002
2025-08-01 02:27:55 PM,111.78,1,111.78,26487835.270000003
2025-08-01 02:27:58 PM,111.7,0,0.0,26487835.270000003
2025-08-01 02:28:00 PM,111.7,737,82322.90000000001,26570158.17
2025-08-01 02:28:22 PM,111.53,100,11153.0,26581311.17
2025-08-01 02:28:33 PM,111.73,58,6480.34,26587791.51
2025-08-01 02:29:30 PM,111.73,100,11173.0,26598964.51
2025-08-01 02:30:02 PM,111.68,2,223.36,26599187.87
2025-08-01 02:30:14 PM,111.74,153,17096.219999999998,26616284.09
2025-08-01 02:30:52 PM,111.74,20,2234.7999999999997,26618518.89
2025-08-01 02:31:27 PM,111.8,0,0.0,26618518.89
2025-08-01 02:31:30 PM,111.8,3008,336294.39999999997,26954813.29
2025-08-01 02:31:48 PM,111.95,0,0.0,26954813.29
2025-08-01 02:31:51 PM,111.95,69,7724.55,26962537.84
2025-08-01 02:32:21 PM,112.08,0,0.0,26962537.84
2025-08-01 02:32:23 PM,112.07,0,0.0,26962537.84
2025-08-01 02:32:23 PM,112.07,470,52672.899999999994,27015210.74
2025-08-01 02:32:56 PM,112.0,0,0.0,27015210.74
2025-08-01 02:32:56 PM,112.0,95,10640.0,27025850.74
2025-08-01 02:34:18 PM,112.01,1,112.01,27025962.75
2025-08-01 02:34:40 PM,112.19,574,64397.06,27090359.81
2025-08-01 02:35:16 PM,111.98,801,89695.98,27180055.79
2025-08-01 02:35:18 PM,112.39,0,0.0,27180055.79
2025-08-01 02:35:18 PM,112.39,4000,449560.0,27629615.79
2025-08-01 02:35:20 PM,111.99,0,0.0,27629615.79
2025-08-01 02:35:21 PM,111.99,200,22398.0,27652013.79
2025-08-01 02:35:31 PM,112.15,0,0.0,27652013.79
2025-08-01 02:35:31 PM,112.15,50,5607.5,27657621.29
2025-08-01 02:38:05 PM,112.15,80,8972.0,27666593.29
2025-08-01 02:38:45 PM,112.16,0,0.0,27666593.29
2025-08-01 02:38:46 PM,112.16,109,12225.44,27678818.73
2025-08-01 02:39:28 PM,112.13,0,0.0,27678818.73
2025-08-01 02:39:32 PM,112.13,10,1121.3,27679940.03
2025-08-01 02:40:50 PM,111.98,100,11198.0,27691138.03
2025-08-01 02:41:02 PM,111.94,0,0.0,27691138.03
2025-08-01 02:41:06 PM,111.94,20,2238.8,27693376.830000002
2025-08-01 02:41:44 PM,111.91,136,15219.76,27708596.590000004
2025-08-01 02:42:50 PM,112.08,0,0.0,27708596.590000004
2025-08-01 02:42:52 PM,112.08,455,50996.4,27759592.990000002
2025-08-01 02:42:54 PM,112.02,0,0.0,27759592.990000002
2025-08-01 02:42:58 PM,112.02,1,112.02,27759705.01
2025-08-01 02:43:24 PM,111.75,0,0.0,27759705.01
2025-08-01 02:43:25 PM,111.75,10430,1165552.5,28925257.51
2025-08-01 02:43:52 PM,111.9,0,0.0,28925257.51
2025-08-01 02:43:52 PM,111.9,109,12197.1,28937454.610000003
2025-08-01 02:44:17 PM,111.95,0,0.0,28937454.610000003
2025-08-01 02:44:21 PM,111.95,100,11195.0,28948649.610000003
2025-08-01 02:46:17 PM,112.08,0,0.0,28948649.610000003
2025-08-01 02:46:18 PM,112.08,10,1120.8,28949770.410000004
2025-08-01 02:46:19 PM,111.95,1,111.95,28949882.360000003
2025-08-01 02:46:29 PM,111.95,300,33585.0,28983467.360000003
2025-08-01 02:47:41 PM,112.01,0,0.0,28983467.360000003
2025-08-01 02:47:42 PM,112.01,20,2240.2000000000003,28985707.560000002
2025-08-01 02:49:05 PM,112.0,0,0.0,28985707.560000002
2025-08-01 02:49:07 PM,112.0,60,6720.0,28992427.560000002
2025-08-01 02:49:32 PM,112.08,0,0.0,28992427.560000002
2025-08-01 02:49:35 PM,112.08,103,11544.24,29003971.8
2025-08-01 02:50:35 PM,112.03,2,224.06,29004195.86
2025-08-01 02:51:52 PM,112.14,0,0.0,29004195.86
2025-08-01 02:51:56 PM,112.14,1,112.14,29004308.0
2025-08-01 02:53:32 PM,112.02,0,0.0,29004308.0
2025-08-01 02:53:32 PM,112.02,11,1232.22,29005540.22
2025-08-01 02:53:34 PM,112.13,0,0.0,29005540.22
2025-08-01 02:53:35 PM,112.13,45,5045.849999999999,29010586.07
2025-08-01 02:55:12 PM,112.13,25,2803.25,29013389.32
2025-08-01 02:55:39 PM,112.12,0,0.0,29013389.32
2025-08-01 02:55:39 PM,112.12,32,3587.84,29016977.16
2025-08-01 02:56:03 PM,112.13,0,0.0,29016977.16
2025-08-01 02:56:04 PM,112.13,90,10091.699999999999,29027068.86
2025-08-01 02:56:48 PM,112.0,0,0.0,29027068.86
2025-08-01 02:56:49 PM,112.0,10,1120.0,29028188.86
2025-08-01 02:56:55 PM,112.0,300,33600.0,29061788.86
2025-08-01 02:58:00 PM,112.0,15,1680.0,29063468.86
2025-08-01 03:00:32 PM,112.0,310,34720.0,29098188.86
2025-08-01 03:00:41 PM,111.9,204,22827.600000000002,29121016.46
2025-08-01 03:01:21 PM,111.93,1,111.93,29121128.39
2025-08-01 03:02:19 PM,111.89,0,0.0,29121128.39
2025-08-01 03:02:22 PM,111.89,1,111.89,29121240.28
2025-08-01 03:02:32 PM,111.9,0,0.0,29121240.28
2025-08-01 03:02:34 PM,111.9,8,895.2,29122135.48
2025-08-01 03:02:46 PM,111.93,1008,112825.44,29234960.92
2025-08-01 03:04:30 PM,111.86,89,9955.539999999999,29244916.46
2025-08-01 03:05:00 PM,111.86,1,111.86,29245028.32
2025-08-01 03:05:03 PM,111.9,29,3245.1000000000004,29248273.42
2025-08-01 03:05:11 PM,111.91,0,0.0,29248273.42
2025-08-01 03:05:13 PM,111.91,11,1231.01,29249504.430000003
2025-08-01 03:05:41 PM,111.77,0,0.0,29249504.430000003
2025-08-01 03:05:41 PM,111.77,252,28166.039999999997,29277670.470000003
2025-08-01 03:06:40 PM,111.79,0,0.0,29277670.470000003
2025-08-01 03:06:40 PM,111.79,10,1117.9,29278788.37
2025-08-01 03:07:14 PM,111.8,0,0.0,29278788.37
2025-08-01 03:07:15 PM,111.8,150,16770.0,29295558.37
2025-08-01 03:07:28 PM,111.7,0,0.0,29295558.37
2025-08-01 03:07:30 PM,111.53,1745,194619.85,29490178.220000003
2025-08-01 03:07:32 PM,111.66,0,0.0,29490178.220000003
2025-08-01 03:07:33 PM,111.66,3609,402980.94,29893159.160000004
2025-08-01 03:07:48 PM,111.19,0,0.0,29893159.160000004
2025-08-01 03:07:48 PM,111.33,2468,274762.44,30167921.600000005
2025-08-01 03:07:53 PM,111.1,0,0.0,30167921.600000005
2025-08-01 03:07:55 PM,111.1,32,3555.2,30171476.800000004
2025-08-01 03:07:57 PM,111.22,9120,1014326.4,31185803.200000003
2025-08-01 03:08:02 PM,111.32,0,0.0,31185803.200000003
2025-08-01 03:08:03 PM,111.32,36,4007.5199999999995,31189810.720000003
2025-08-01 03:08:07 PM,111.16,0,0.0,31189810.720000003
2025-08-01 03:08:07 PM,111.16,351,39017.159999999996,31228827.880000003
2025-08-01 03:08:16 PM,111.23,1,111.23,31228939.110000003
2025-08-01 03:08:24 PM,111.34,0,0.0,31228939.110000003
2025-08-01 03:08:26 PM,111.34,4,445.36,31229384.470000003
2025-08-01 03:08:45 PM,111.34,5,556.7,31229941.17
2025-08-01 03:08:57 PM,111.27,1,111.27,31230052.44
2025-08-01 03:09:06 PM,111.26,0,0.0,31230052.44
2025-08-01 03:09:06 PM,111.26,85,9457.1,31239509.540000003
2025-08-01 03:09:13 PM,111.2,204,22684.8,31262194.340000004
2025-08-01 03:09:29 PM,111.31,117,13023.27,31275217.610000003
2025-08-01 03:09:35 PM,111.01,4100,455141.0,31730358.610000003
2025-08-01 03:09:42 PM,111.06,86,9551.16,31739909.770000003
2025-08-01 03:09:49 PM,111.06,15,1665.9,31741575.67
2025-08-01 03:09:52 PM,111.0,220,24420.0,31765995.67
2025-08-01 03:09:55 PM,111.16,0,0.0,31765995.67
2025-08-01 03:09:56 PM,111.16,5266,585368.5599999999,32351364.23
2025-08-01 03:10:03 PM,111.06,0,0.0,32351364.23
2025-08-01 03:10:03 PM,111.06,127,14104.62,32365468.85
2025-08-01 03:10:11 PM,111.0,0,0.0,32365468.85
2025-08-01 03:10:11 PM,111.0,59,6549.0,32372017.85
2025-08-01 03:10:18 PM,110.98,0,0.0,32372017.85
2025-08-01 03:10:18 PM,110.98,7,776.86,32372794.71
2025-08-01 03:10:20 PM,110.93,22,2440.46,32375235.17
2025-08-01 03:10:27 PM,110.8,549,60829.2,32436064.37
2025-08-01 03:10:33 PM,110.64,0,0.0,32436064.37
2025-08-01 03:10:34 PM,110.64,200,22128.0,32458192.37
2025-08-01 03:10:37 PM,110.68,0,0.0,32458192.37
2025-08-01 03:10:38 PM,110.68,10,1106.8000000000002,32459299.17
2025-08-01 03:10:44 PM,110.66,10,1106.6,32460405.770000003
2025-08-01 03:11:09 PM,110.61,0,0.0,32460405.770000003
2025-08-01 03:11:10 PM,110.61,677,74882.97,32535288.740000002
2025-08-01 03:11:48 PM,110.53,2,221.06,32535509.8
2025-08-01 03:11:50 PM,110.33,0,0.0,32535509.8
2025-08-01 03:11:50 PM,110.33,190,20962.7,32556472.5
2025-08-01 03:11:57 PM,110.17,206,22695.02,32579167.52
2025-08-01 03:12:01 PM,110.5,2053,226856.5,32806024.02
2025-08-01 03:12:06 PM,110.44,0,0.0,32806024.02
2025-08-01 03:12:08 PM,110.44,1,110.44,32806134.46
2025-08-01 03:12:10 PM,110.09,24,2642.16,32808776.62
2025-08-01 03:12:15 PM,110.09,118,12990.62,32821767.240000002
2025-08-01 03:12:23 PM,110.0,2050,225500.0,33047267.240000002
2025-08-01 03:12:30 PM,110.02,6,660.12,33047927.360000003
2025-08-01 03:12:33 PM,110.1,0,0.0,33047927.360000003
2025-08-01 03:12:34 PM,110.1,1,110.1,33048037.460000005
2025-08-01 03:12:43 PM,110.18,10,1101.8000000000002,33049139.260000005
2025-08-01 03:12:46 PM,110.07,262,28838.339999999997,33077977.600000005
2025-08-01 03:13:03 PM,110.02,512,56330.24,33134307.840000004
2025-08-01 03:13:10 PM,110.05,273,30043.649999999998,33164351.490000002
2025-08-01 03:13:19 PM,110.05,28,3081.4,33167432.89
2025-08-01 03:13:31 PM,110.05,130,14306.5,33181739.39
2025-08-01 03:13:46 PM,110.05,30,3301.5,33185040.89
2025-08-01 03:13:48 PM,110.12,0,0.0,33185040.89
2025-08-01 03:13:49 PM,110.12,40,4404.8,33189445.69
2025-08-01 03:14:10 PM,110.55,0,0.0,33189445.69
2025-08-01 03:14:11 PM,110.55,2526,279249.3,33468694.990000002
2025-08-01 03:14:14 PM,110.51,6,663.0600000000001,33469358.05
2025-08-01 03:14:19 PM,110.28,0,0.0,33469358.05
2025-08-01 03:14:20 PM,110.28,21,2315.88,33471673.93
2025-08-01 03:14:23 PM,110.44,530,58533.2,33530207.13
2025-08-01 03:14:26 PM,109.93,2209,242835.37000000002,33773042.5
2025-08-01 03:14:28 PM,109.92,0,0.0,33773042.5
2025-08-01 03:14:29 PM,109.92,150,16488.0,33789530.5
2025-08-01 03:14:32 PM,109.66,1,109.66,33789640.16
2025-08-01 03:14:38 PM,109.93,250,27482.5,33817122.66
2025-08-01 03:15:01 PM,110.59,0,0.0,33817122.66
2025-08-01 03:15:02 PM,110.59,4310,476642.9,34293765.559999995
2025-08-01 03:15:07 PM,110.25,1,110.25,34293875.809999995
2025-08-01 03:15:46 PM,110.29,140,15440.6,34309316.41
2025-08-01 03:15:51 PM,110.43,1,110.43,34309426.839999996
2025-08-01 03:16:00 PM,110.0,900,99000.0,34408426.839999996
2025-08-01 03:16:03 PM,110.02,0,0.0,34408426.839999996
2025-08-01 03:16:05 PM,110.02,40,4400.8,34412827.63999999
2025-08-01 03:16:13 PM,110.17,0,0.0,34412827.63999999
2025-08-01 03:16:14 PM,110.17,64,7050.88,34419878.519999996
2025-08-01 03:16:18 PM,110.44,0,0.0,34419878.519999996
2025-08-01 03:16:19 PM,110.44,350,38654.0,34458532.519999996
2025-08-01 03:16:24 PM,110.5,0,0.0,34458532.519999996
2025-08-01 03:16:26 PM,110.5,507,56023.5,34514556.019999996
2025-08-01 03:16:35 PM,110.43,10,1104.3000000000002,34515660.31999999
2025-08-01 03:16:40 PM,110.43,2,220.86,34515881.17999999
2025-08-01 03:16:47 PM,110.56,1077,119073.12,34634954.29999999
2025-08-01 03:17:04 PM,110.57,0,0.0,34634954.29999999
2025-08-01 03:17:07 PM,110.47,787,86939.89,34721894.18999999
2025-08-01 03:17:13 PM,110.39,0,0.0,34721894.18999999
2025-08-01 03:17:14 PM,110.39,53,5850.67,34727744.85999999
2025-08-01 03:17:26 PM,110.6,0,0.0,34727744.85999999
2025-08-01 03:17:27 PM,110.6,34,3760.3999999999996,34731505.25999999
2025-08-01 03:17:59 PM,110.6,200,22120.0,34753625.25999999
2025-08-01 03:18:13 PM,110.6,2,221.2,34753846.45999999
2025-08-01 03:18:27 PM,110.46,8,883.68,34754730.13999999
2025-08-01 03:18:30 PM,110.6,0,0.0,34754730.13999999
2025-08-01 03:18:32 PM,110.22,1574,173486.28,34928216.419999994
2025-08-01 03:18:47 PM,110.54,1,110.54,34928326.95999999
2025-08-01 03:19:00 PM,110.84,1132,125470.88,35053797.839999996
2025-08-01 03:19:12 PM,110.84,10,1108.4,35054906.239999995
2025-08-01 03:19:38 PM,110.82,2,221.64,35055127.879999995
2025-08-01 03:19:40 PM,110.83,25,2770.75,35057898.629999995
2025-08-01 03:19:52 PM,110.55,0,0.0,35057898.629999995
2025-08-01 03:19:53 PM,110.55,80,8844.0,35066742.629999995
2025-08-01 03:20:01 PM,110.79,0,0.0,35066742.629999995
2025-08-01 03:20:04 PM,110.55,12,1326.6,35068069.23
2025-08-01 03:20:06 PM,110.54,0,0.0,35068069.23
2025-08-01 03:20:07 PM,110.54,117,12933.18,35081002.41
2025-08-01 03:20:22 PM,110.41,535,59069.35,35140071.76
2025-08-01 03:20:23 PM,110.05,0,0.0,35140071.76
2025-08-01 03:20:26 PM,110.06,1150,126569.0,35266640.76
2025-08-01 03:20:29 PM,110.56,589,65119.840000000004,35331760.6
2025-08-01 03:20:33 PM,110.49,0,0.0,35331760.6
2025-08-01 03:20:33 PM,110.49,2,220.98,35331981.58
2025-08-01 03:20:41 PM,110.13,0,0.0,35331981.58
2025-08-01 03:20:43 PM,110.13,28,3083.64,35335065.22
2025-08-01 03:20:47 PM,110.13,3,330.39,35335395.61
2025-08-01 03:21:03 PM,110.15,100,11015.0,35346410.61
2025-08-01 03:21:29 PM,110.15,90,9913.5,35356324.11
2025-08-01 03:21:37 PM,110.4,55,6072.0,35362396.11
2025-08-01 03:21:49 PM,110.37,1,110.37,35362506.48
2025-08-01 03:21:56 PM,110.37,45,4966.650000000001,35367473.129999995
2025-08-01 03:22:10 PM,110.4,0,0.0,35367473.129999995
2025-08-01 03:22:10 PM,110.4,577,63700.8,35431173.92999999
2025-08-01 03:22:15 PM,110.73,38,4207.74,35435381.669999994
2025-08-01 03:22:29 PM,110.4,1001,110510.40000000001,35545892.06999999
2025-08-01 03:22:56 PM,110.3,22,2426.6,35548318.669999994
2025-08-01 03:23:08 PM,110.62,0,0.0,35548318.669999994
2025-08-01 03:23:09 PM,110.62,56,6194.72,35554513.38999999
2025-08-01 03:23:29 PM,110.62,36,3982.32,35558495.70999999
2025-08-01 03:23:42 PM,110.62,80,8849.6,35567345.309999995
2025-08-01 03:23:44 PM,110.53,557,61565.21,35628910.519999996
2025-08-01 03:23:49 PM,110.68,59,6530.120000000001,35635440.63999999
2025-08-01 03:23:55 PM,110.78,31,3434.18,35638874.81999999
2025-08-01 03:24:03 PM,110.77,1251,138573.27,35777448.089999996
2025-08-01 03:24:06 PM,110.64,0,0.0,35777448.089999996
2025-08-01 03:24:09 PM,110.55,66,7296.3,35784744.38999999
2025-08-01 03:24:29 PM,110.5,3600,397800.0,36182544.38999999
2025-08-01 03:24:44 PM,110.6,28,3096.7999999999997,36185641.18999999
2025-08-01 03:25:20 PM,110.55,0,0.0,36185641.18999999
2025-08-01 03:25:22 PM,110.55,48,5306.4,36190947.58999999
2025-08-01 03:25:30 PM,110.6,220,24332.0,36215279.58999999
2025-08-01 03:25:35 PM,110.59,111,12275.49,36227555.07999999
2025-08-01 03:25:46 PM,110.51,0,0.0,36227555.07999999
2025-08-01 03:25:48 PM,110.51,450,49729.5,36277284.57999999
2025-08-01 03:25:54 PM,110.29,5050,556964.5,36834249.07999999
2025-08-01 03:26:00 PM,110.41,0,0.0,36834249.07999999
2025-08-01 03:26:01 PM,110.41,2115,233517.15,37067766.22999999
2025-08-01 03:26:29 PM,110.47,0,0.0,37067766.22999999
2025-08-01 03:26:30 PM,110.47,43,4750.21,37072516.43999999
2025-08-01 03:26:35 PM,110.4,1,110.4,37072626.83999999
2025-08-01 03:26:41 PM,110.4,49,5409.6,37078036.43999999
2025-08-01 03:26:54 PM,110.38,20,2207.6,37080244.03999999
2025-08-01 03:27:01 PM,110.38,443,48898.34,37129142.379999995
2025-08-01 03:27:14 PM,110.38,25,2759.5,37131901.879999995
2025-08-01 03:27:22 PM,110.33,3,330.99,37132232.87
2025-08-01 03:27:31 PM,110.38,50,5519.0,37137751.87
2025-08-01 03:27:32 PM,110.33,0,0.0,37137751.87
2025-08-01 03:27:36 PM,110.33,500,55165.0,37192916.87
2025-08-01 03:27:43 PM,110.33,1,110.33,37193027.199999996
2025-08-01 03:27:45 PM,110.42,1,110.42,37193137.62
2025-08-01 03:27:57 PM,110.33,404,44573.32,37237710.94
2025-08-01 03:27:58 PM,110.37,0,0.0,37237710.94
2025-08-01 03:27:59 PM,110.35,224,24718.399999999998,37262429.339999996
2025-08-01 03:28:03 PM,110.36,0,0.0,37262429.339999996
2025-08-01 03:28:04 PM,110.36,103,11367.08,37273796.419999994
2025-08-01 03:28:11 PM,110.36,445,49110.2,37322906.62
2025-08-01 03:28:13 PM,110.39,0,0.0,37322906.62
2025-08-01 03:28:18 PM,110.39,30,3311.7,37326218.32
2025-08-01 03:28:31 PM,110.35,0,0.0,37326218.32
2025-08-01 03:28:32 PM,110.35,108,11917.8,37338136.12
2025-08-01 03:28:39 PM,110.39,138,15233.82,37353369.94
2025-08-01 03:28:52 PM,110.39,2,220.78,37353590.72
2025-08-01 03:29:00 PM,110.35,0,0.0,37353590.72
2025-08-01 03:29:01 PM,110.35,220,24277.0,37377867.72
2025-08-01 03:29:13 PM,110.5,0,0.0,37377867.72
2025-08-01 03:29:15 PM,110.5,592,65416.0,37443283.72
2025-08-01 03:29:24 PM,110.5,2,221.0,37443504.72
2025-08-01 03:29:30 PM,110.36,20,2207.2,37445711.92
2025-08-01 03:29:37 PM,110.5,0,0.0,37445711.92
2025-08-01 03:29:38 PM,110.5,58,6409.0,37452120.92
2025-08-01 03:29:45 PM,110.01,75,8250.75,37460371.67
2025-08-01 03:29:48 PM,110.5,0,0.0,37460371.67
2025-08-01 03:29:52 PM,110.5,25,2762.5,37463134.17
2025-08-01 03:29:58 PM,110.4,0,0.0,37463134.17
2025-08-01 03:29:59 PM,110.4,5,552.0,37463686.17
