date,price,qty,trnvr,cum_trnvr
2025-08-01 09:15:03 AM,108.89,37865,4123119.85,4123119.85
2025-08-01 09:15:04 AM,109.0,0,0.0,4123119.85
2025-08-01 09:15:05 AM,109.0,3300,359700.0,4482819.85
2025-08-01 09:15:15 AM,108.89,8550,931009.5,5413829.35
2025-08-01 09:15:17 AM,108.96,100,10896.0,5424725.35
2025-08-01 09:15:22 AM,108.95,0,0.0,5424725.35
2025-08-01 09:15:25 AM,108.99,659,71824.41,5496549.76
2025-08-01 09:15:27 AM,108.98,6458,703792.8400000001,6200342.6
2025-08-01 09:15:28 AM,108.95,0,0.0,6200342.6
2025-08-01 09:15:33 AM,108.69,0,0.0,6200342.6
2025-08-01 09:15:34 AM,108.69,4622,502365.18,6702707.779999999
2025-08-01 09:15:41 AM,108.88,0,0.0,6702707.779999999
2025-08-01 09:15:42 AM,108.88,95,10343.6,6713051.379999999
2025-08-01 09:15:46 AM,108.64,0,0.0,6713051.379999999
2025-08-01 09:15:49 AM,108.79,0,0.0,6713051.379999999
2025-08-01 09:15:50 AM,108.79,885,96279.15000000001,6809330.529999999
2025-08-01 09:15:52 AM,108.7,119,12935.300000000001,6822265.829999999
2025-08-01 09:15:55 AM,108.66,0,0.0,6822265.829999999
2025-08-01 09:15:57 AM,108.7,0,0.0,6822265.829999999
2025-08-01 09:15:58 AM,108.79,10533,1145885.07,7968150.899999999
2025-08-01 09:16:03 AM,108.25,0,0.0,7968150.899999999
2025-08-01 09:16:07 AM,108.25,3755,406478.75,8374629.649999999
2025-08-01 09:16:08 AM,108.7,374,40653.8,8415283.45
2025-08-01 09:16:15 AM,108.0,1412,152496.0,8567779.45
2025-08-01 09:16:16 AM,108.43,325,35239.75,8603019.2
2025-08-01 09:16:20 AM,108.0,0,0.0,8603019.2
2025-08-01 09:16:23 AM,108.0,4268,460944.0,9063963.2
2025-08-01 09:16:25 AM,108.0,300,32400.0,9096363.2
2025-08-01 09:16:28 AM,107.96,0,0.0,9096363.2
2025-08-01 09:16:31 AM,107.98,1231,132923.38,9229286.58
2025-08-01 09:16:38 AM,107.96,0,0.0,9229286.58
2025-08-01 09:16:39 AM,107.97,1364,147271.08,9376557.66
2025-08-01 09:16:48 AM,107.95,50,5397.5,9381955.16
2025-08-01 09:16:50 AM,107.9,0,0.0,9381955.16
2025-08-01 09:16:56 AM,107.67,2470,265944.9,9647900.06
2025-08-01 09:16:59 AM,107.79,0,0.0,9647900.06
2025-08-01 09:17:04 AM,107.68,3695,397877.60000000003,10045777.66
2025-08-01 09:17:06 AM,107.9,0,0.0,10045777.66
2025-08-01 09:17:08 AM,108.0,0,0.0,10045777.66
2025-08-01 09:17:12 AM,107.96,4189,452244.44,10498022.1
2025-08-01 09:17:14 AM,108.21,1,108.21,10498130.31
2025-08-01 09:17:15 AM,108.0,0,0.0,10498130.31
2025-08-01 09:17:17 AM,108.58,0,0.0,10498130.31
2025-08-01 09:17:21 AM,108.4,48068,5210571.2,15708701.510000002
2025-08-01 09:17:24 AM,108.49,0,0.0,15708701.510000002
2025-08-01 09:17:26 AM,108.26,0,0.0,15708701.510000002
2025-08-01 09:17:29 AM,108.26,1298,140521.48,15849222.990000002
2025-08-01 09:17:34 AM,108.17,0,0.0,15849222.990000002
2025-08-01 09:17:37 AM,108.3,1095,118588.5,15967811.490000002
2025-08-01 09:17:38 AM,108.3,200,21660.0,15989471.490000002
2025-08-01 09:17:40 AM,108.37,0,0.0,15989471.490000002
2025-08-01 09:17:46 AM,108.17,1615,174694.55,16164166.040000003
2025-08-01 09:17:49 AM,108.34,0,0.0,16164166.040000003
2025-08-01 09:17:54 AM,108.35,1093,118426.54999999999,16282592.590000004
2025-08-01 09:17:58 AM,108.36,0,0.0,16282592.590000004
2025-08-01 09:18:00 AM,108.35,0,0.0,16282592.590000004
2025-08-01 09:18:02 AM,108.36,2601,281844.36,16564436.950000003
2025-08-01 09:18:06 AM,108.34,0,0.0,16564436.950000003
2025-08-01 09:18:08 AM,108.17,0,0.0,16564436.950000003
2025-08-01 09:18:11 AM,108.17,218,23581.06,16588018.010000004
2025-08-01 09:18:14 AM,108.3,0,0.0,16588018.010000004
2025-08-01 09:18:19 AM,108.08,482,52094.56,16640112.570000004
2025-08-01 09:18:24 AM,108.3,0,0.0,16640112.570000004
2025-08-01 09:18:27 AM,108.3,3548,384248.39999999997,17024360.970000003
2025-08-01 09:18:28 AM,108.26,1,108.26,17024469.230000004
2025-08-01 09:18:31 AM,108.24,0,0.0,17024469.230000004
2025-08-01 09:18:35 AM,108.2,405,43821.0,17068290.230000004
2025-08-01 09:18:43 AM,108.2,100,10820.0,17079110.230000004
2025-08-01 09:18:45 AM,108.09,2,216.18,17079326.410000004
2025-08-01 09:18:48 AM,108.2,0,0.0,17079326.410000004
2025-08-01 09:18:52 AM,108.2,100,10820.0,17090146.410000004
2025-08-01 09:19:00 AM,108.19,50,5409.5,17095555.910000004
2025-08-01 09:19:02 AM,108.18,0,0.0,17095555.910000004
2025-08-01 09:19:08 AM,108.17,5350,578709.5,17674265.410000004
2025-08-01 09:19:09 AM,108.17,5700,616569.0,18290834.410000004
2025-08-01 09:19:17 AM,108.08,1422,153689.76,18444524.170000006
2025-08-01 09:19:18 AM,108.06,0,0.0,18444524.170000006
2025-08-01 09:19:24 AM,107.7,8788,946467.6,19390991.770000007
2025-08-01 09:19:26 AM,107.97,0,0.0,19390991.770000007
2025-08-01 09:19:32 AM,107.93,562,60656.66,19451648.430000007
2025-08-01 09:19:32 AM,107.71,0,0.0,19451648.430000007
2025-08-01 09:19:33 AM,107.71,550,59240.5,19510888.930000007
2025-08-01 09:19:35 AM,107.66,0,0.0,19510888.930000007
2025-08-01 09:19:40 AM,107.7,193,20786.100000000002,19531675.03000001
2025-08-01 09:19:42 AM,107.89,100,10789.0,19542464.03000001
2025-08-01 09:19:47 AM,107.87,0,0.0,19542464.03000001
2025-08-01 09:19:48 AM,107.87,100,10787.0,19553251.03000001
2025-08-01 09:19:49 AM,107.8,0,0.0,19553251.03000001
2025-08-01 09:19:50 AM,107.8,45,4851.0,19558102.03000001
2025-08-01 09:19:56 AM,107.8,504,54331.2,19612433.230000008
2025-08-01 09:20:10 AM,107.76,0,0.0,19612433.230000008
2025-08-01 09:20:12 AM,107.76,1500,161640.0,19774073.230000008
2025-08-01 09:20:14 AM,107.93,500,53965.0,19828038.230000008
2025-08-01 09:20:17 AM,107.8,0,0.0,19828038.230000008
2025-08-01 09:20:20 AM,107.89,160,17262.4,19845300.630000006
2025-08-01 09:20:21 AM,107.8,19,2048.2,19847348.830000006
2025-08-01 09:20:24 AM,107.88,0,0.0,19847348.830000006
2025-08-01 09:20:28 AM,107.88,50,5394.0,19852742.830000006
2025-08-01 09:20:31 AM,107.87,0,0.0,19852742.830000006
2025-08-01 09:20:35 AM,107.8,0,0.0,19852742.830000006
2025-08-01 09:20:36 AM,107.8,3784,407915.2,20260658.030000005
2025-08-01 09:20:44 AM,107.8,273,29429.399999999998,20290087.430000003
2025-08-01 09:20:51 AM,107.87,90,9708.300000000001,20299795.730000004
2025-08-01 09:20:59 AM,107.87,110,11865.7,20311661.430000003
2025-08-01 09:21:00 AM,108.0,1,108.0,20311769.430000003
2025-08-01 09:21:03 AM,107.9,0,0.0,20311769.430000003
2025-08-01 09:21:07 AM,107.9,200,21580.0,20333349.430000003
2025-08-01 09:21:08 AM,107.84,950,102448.0,20435797.430000003
2025-08-01 09:21:10 AM,108.0,0,0.0,20435797.430000003
2025-08-01 09:21:14 AM,108.0,26,2808.0,20438605.430000003
2025-08-01 09:21:17 AM,107.96,0,0.0,20438605.430000003
2025-08-01 09:21:19 AM,107.97,0,0.0,20438605.430000003
2025-08-01 09:21:22 AM,107.97,350,37789.5,20476394.930000003
2025-08-01 09:21:26 AM,107.96,0,0.0,20476394.930000003
2025-08-01 09:21:30 AM,107.96,2500,269900.0,20746294.930000003
2025-08-01 09:21:37 AM,108.04,0,0.0,20746294.930000003
2025-08-01 09:21:38 AM,108.04,1009,109012.36,20855307.290000003
2025-08-01 09:21:43 AM,108.2,0,0.0,20855307.290000003
2025-08-01 09:21:46 AM,108.2,301,32568.2,20887875.490000002
2025-08-01 09:21:52 AM,108.19,0,0.0,20887875.490000002
2025-08-01 09:21:53 AM,108.2,303,32784.6,20920660.090000004
2025-08-01 09:21:59 AM,108.19,0,0.0,20920660.090000004
2025-08-01 09:22:01 AM,108.19,149,16120.31,20936780.400000002
2025-08-01 09:22:08 AM,108.19,100,10819.0,20947599.400000002
2025-08-01 09:22:10 AM,108.18,576,62311.68000000001,21009911.080000002
2025-08-01 09:22:10 AM,108.17,0,0.0,21009911.080000002
2025-08-01 09:22:13 AM,108.16,0,0.0,21009911.080000002
2025-08-01 09:22:16 AM,108.16,230,24876.8,21034787.880000003
2025-08-01 09:22:17 AM,108.16,10,1081.6,21035869.480000004
2025-08-01 09:22:17 AM,108.15,0,0.0,21035869.480000004
2025-08-01 09:22:20 AM,108.16,0,0.0,21035869.480000004
2025-08-01 09:22:24 AM,108.15,1983,214461.45,21250330.930000003
2025-08-01 09:22:25 AM,108.15,1,108.15,21250439.080000002
2025-08-01 09:22:27 AM,108.3,0,0.0,21250439.080000002
2025-08-01 09:22:31 AM,108.3,290,31407.0,21281846.080000002
2025-08-01 09:22:32 AM,108.04,0,0.0,21281846.080000002
2025-08-01 09:22:33 AM,108.04,2983,322283.32,21604129.400000002
2025-08-01 09:22:39 AM,108.04,211,22796.440000000002,21626925.840000004
2025-08-01 09:22:46 AM,108.03,0,0.0,21626925.840000004
2025-08-01 09:22:46 AM,108.03,300,32409.0,21659334.840000004
2025-08-01 09:22:48 AM,108.03,2844,307237.32,21966572.160000004
2025-08-01 09:22:52 AM,108.0,0,0.0,21966572.160000004
2025-08-01 09:22:54 AM,108.0,3958,427464.0,22394036.160000004
2025-08-01 09:23:01 AM,108.0,3066,331128.0,22725164.160000004
2025-08-01 09:23:03 AM,108.0,500,54000.0,22779164.160000004
2025-08-01 09:23:09 AM,107.95,2975,321151.25,23100315.410000004
2025-08-01 09:23:14 AM,107.89,0,0.0,23100315.410000004
2025-08-01 09:23:17 AM,107.6,5475,589110.0,23689425.410000004
2025-08-01 09:23:25 AM,107.6,102,10975.199999999999,23700400.610000003
2025-08-01 09:23:26 AM,107.5,1,107.5,23700508.110000003
2025-08-01 09:23:26 AM,107.49,0,0.0,23700508.110000003
2025-08-01 09:23:32 AM,107.5,5245,563837.5,24264345.610000003
2025-08-01 09:23:34 AM,107.45,130,13968.5,24278314.110000003
2025-08-01 09:23:41 AM,107.4,408,43819.200000000004,24322133.310000002
2025-08-01 09:23:55 AM,107.59,519,55839.21,24377972.520000003
2025-08-01 09:24:03 AM,107.58,923,99296.34,24477268.860000003
2025-08-01 09:24:11 AM,107.5,115,12362.5,24489631.360000003
2025-08-01 09:24:12 AM,107.41,5,537.05,24490168.410000004
2025-08-01 09:24:18 AM,107.41,1470,157892.69999999998,24648061.110000003
2025-08-01 09:24:24 AM,107.5,0,0.0,24648061.110000003
2025-08-01 09:24:26 AM,107.5,78,8385.0,24656446.110000003
2025-08-01 09:24:31 AM,107.57,0,0.0,24656446.110000003
2025-08-01 09:24:33 AM,107.57,1806,194271.41999999998,24850717.530000005
2025-08-01 09:24:48 AM,107.57,381,40984.17,24891701.700000007
2025-08-01 09:24:49 AM,107.64,0,0.0,24891701.700000007
2025-08-01 09:24:50 AM,107.64,6028,648853.92,25540555.62000001
2025-08-01 09:24:55 AM,107.7,0,0.0,25540555.62000001
2025-08-01 09:24:56 AM,107.7,5,538.5,25541094.12000001
2025-08-01 09:25:05 AM,107.6,505,54338.0,25595432.12000001
2025-08-01 09:25:09 AM,107.64,0,0.0,25595432.12000001
2025-08-01 09:25:11 AM,107.64,50,5382.0,25600814.12000001
2025-08-01 09:25:13 AM,107.5,4846,520945.0,26121759.12000001
2025-08-01 09:25:20 AM,107.61,11,1183.71,26122942.83000001
2025-08-01 09:25:26 AM,107.59,101,10866.59,26133809.42000001
2025-08-01 09:25:45 AM,107.5,0,0.0,26133809.42000001
2025-08-01 09:25:48 AM,107.47,2002,215154.94,26348964.36000001
2025-08-01 09:25:50 AM,107.55,1000,107550.0,26456514.36000001
2025-08-01 09:26:03 AM,107.51,610,65581.1,26522095.460000012
2025-08-01 09:26:05 AM,107.51,10,1075.1000000000001,26523170.560000014
2025-08-01 09:26:17 AM,107.45,0,0.0,26523170.560000014
2025-08-01 09:26:19 AM,107.54,4001,430267.54000000004,26953438.100000013
2025-08-01 09:26:21 AM,107.53,131,14086.43,26967524.530000012
2025-08-01 09:26:26 AM,107.33,3673,394223.08999999997,27361747.620000012
2025-08-01 09:26:32 AM,107.32,0,0.0,27361747.620000012
2025-08-01 09:26:34 AM,107.32,5915,634797.7999999999,27996545.420000013
2025-08-01 09:26:36 AM,107.32,2170,232884.4,28229429.82000001
2025-08-01 09:26:46 AM,107.15,0,0.0,28229429.82000001
2025-08-01 09:26:49 AM,107.15,265,28394.75,28257824.57000001
2025-08-01 09:26:51 AM,107.32,192,20605.44,28278430.010000013
2025-08-01 09:26:57 AM,107.32,308,33054.56,28311484.57000001
2025-08-01 09:26:58 AM,107.32,200,21464.0,28332948.57000001
2025-08-01 09:27:02 AM,107.31,0,0.0,28332948.57000001
2025-08-01 09:27:04 AM,107.31,100,10731.0,28343679.57000001
2025-08-01 09:27:07 AM,107.21,0,0.0,28343679.57000001
2025-08-01 09:27:12 AM,107.21,140,15009.4,28358688.97000001
2025-08-01 09:27:17 AM,107.31,0,0.0,28358688.97000001
2025-08-01 09:27:19 AM,107.31,350,37558.5,28396247.47000001
2025-08-01 09:27:26 AM,107.31,10,1073.1,28397320.57000001
2025-08-01 09:27:34 AM,107.31,300,32193.0,28429513.57000001
2025-08-01 09:27:37 AM,107.32,0,0.0,28429513.57000001
2025-08-01 09:27:41 AM,107.32,100,10732.0,28440245.57000001
2025-08-01 09:27:50 AM,107.29,526,56434.54,28496680.11000001
2025-08-01 09:27:53 AM,107.32,0,0.0,28496680.11000001
2025-08-01 09:27:57 AM,107.32,600,64391.99999999999,28561072.11000001
2025-08-01 09:28:06 AM,107.32,27,2897.64,28563969.75000001
2025-08-01 09:28:10 AM,107.13,0,0.0,28563969.75000001
2025-08-01 09:28:12 AM,107.25,1693,181574.25,28745544.00000001
2025-08-01 09:28:17 AM,107.15,0,0.0,28745544.00000001
2025-08-01 09:28:20 AM,107.15,1000,107150.0,28852694.00000001
2025-08-01 09:28:22 AM,107.28,0,0.0,28852694.00000001
2025-08-01 09:28:27 AM,107.25,0,0.0,28852694.00000001
2025-08-01 09:28:28 AM,107.25,600,64350.0,28917044.00000001
2025-08-01 09:28:35 AM,107.27,738,79165.26,28996209.260000013
2025-08-01 09:28:36 AM,107.25,10,1072.5,28997281.760000013
2025-08-01 09:28:43 AM,107.27,0,0.0,28997281.760000013
2025-08-01 09:28:43 AM,107.27,50,5363.5,29002645.260000013
2025-08-01 09:28:52 AM,107.25,11115,1192083.75,30194729.010000013
2025-08-01 09:28:53 AM,107.32,0,0.0,30194729.010000013
2025-08-01 09:28:54 AM,107.28,0,0.0,30194729.010000013
2025-08-01 09:28:58 AM,107.32,4893,525116.76,30719845.770000014
2025-08-01 09:29:00 AM,107.39,0,0.0,30719845.770000014
2025-08-01 09:29:06 AM,107.39,11,1181.29,30721027.060000014
2025-08-01 09:29:07 AM,107.39,24,2577.36,30723604.420000013
2025-08-01 09:29:21 AM,107.39,97,10416.83,30734021.25000001
2025-08-01 09:29:27 AM,107.38,0,0.0,30734021.25000001
2025-08-01 09:29:28 AM,107.38,1,107.38,30734128.63000001
2025-08-01 09:29:36 AM,107.37,831,89224.47,30823353.10000001
2025-08-01 09:29:42 AM,107.49,0,0.0,30823353.10000001
2025-08-01 09:29:43 AM,107.49,200,21498.0,30844851.10000001
2025-08-01 09:29:44 AM,107.48,5,537.4,30845388.500000007
2025-08-01 09:29:51 AM,107.48,800,85984.0,30931372.500000007
2025-08-01 09:29:52 AM,107.48,1,107.48,30931479.980000008
2025-08-01 09:29:58 AM,107.48,1265,135962.2,31067442.180000007
2025-08-01 09:30:06 AM,107.48,400,42992.0,31110434.180000007
2025-08-01 09:30:07 AM,107.48,1,107.48,31110541.660000008
2025-08-01 09:30:15 AM,107.4,1180,126732.0,31237273.660000008
2025-08-01 09:30:18 AM,107.38,0,0.0,31237273.660000008
2025-08-01 09:30:21 AM,107.38,20,2147.6,31239421.26000001
2025-08-01 09:30:28 AM,107.34,3,322.02,31239743.28000001
2025-08-01 09:30:32 AM,107.37,0,0.0,31239743.28000001
2025-08-01 09:30:36 AM,107.37,39,4187.43,31243930.71000001
2025-08-01 09:30:44 AM,107.37,500,53685.0,31297615.71000001
2025-08-01 09:30:46 AM,107.38,0,0.0,31297615.71000001
2025-08-01 09:30:48 AM,107.37,0,0.0,31297615.71000001
2025-08-01 09:30:50 AM,107.37,361,38760.57,31336376.28000001
2025-08-01 09:30:51 AM,107.3,20,2146.0,31338522.28000001
2025-08-01 09:30:53 AM,107.37,0,0.0,31338522.28000001
2025-08-01 09:30:58 AM,107.37,60,6442.200000000001,31344964.480000008
2025-08-01 09:30:59 AM,107.37,24,2576.88,31347541.360000007
2025-08-01 09:31:06 AM,107.38,23,2469.74,31350011.100000005
2025-08-01 09:31:08 AM,107.46,0,0.0,31350011.100000005
2025-08-01 09:31:10 AM,107.47,0,0.0,31350011.100000005
2025-08-01 09:31:13 AM,107.38,0,0.0,31350011.100000005
2025-08-01 09:31:13 AM,107.38,1419,152372.22,31502383.320000004
2025-08-01 09:31:19 AM,107.48,0,0.0,31502383.320000004
2025-08-01 09:31:20 AM,107.48,731,78567.88,31580951.200000003
2025-08-01 09:31:26 AM,107.49,0,0.0,31580951.200000003
2025-08-01 09:31:27 AM,107.49,1000,107490.0,31688441.200000003
2025-08-01 09:31:33 AM,107.48,0,0.0,31688441.200000003
2025-08-01 09:31:35 AM,107.48,50,5374.0,31693815.200000003
2025-08-01 09:31:45 AM,107.37,0,0.0,31693815.200000003
2025-08-01 09:31:48 AM,107.36,5208,559130.88,32252946.080000002
2025-08-01 09:31:50 AM,107.38,0,0.0,32252946.080000002
2025-08-01 09:31:55 AM,107.39,0,0.0,32252946.080000002
2025-08-01 09:31:55 AM,107.39,35,3758.65,32256704.73
2025-08-01 09:32:09 AM,107.48,1102,118442.96,32375147.69
2025-08-01 09:32:17 AM,107.49,1480,159085.19999999998,32534232.89
2025-08-01 09:32:24 AM,107.49,500,53745.0,32587977.89
2025-08-01 09:32:35 AM,107.48,0,0.0,32587977.89
2025-08-01 09:32:37 AM,107.48,515,55352.200000000004,32643330.09
2025-08-01 09:32:44 AM,107.48,4,429.92,32643760.01
2025-08-01 09:32:47 AM,107.6,0,0.0,32643760.01
2025-08-01 09:32:47 AM,107.45,0,0.0,32643760.01
2025-08-01 09:32:51 AM,107.45,501,53832.450000000004,32697592.46
2025-08-01 09:32:58 AM,107.6,50,5380.0,32702972.46
2025-08-01 09:33:05 AM,107.6,2,215.2,32703187.66
2025-08-01 09:33:11 AM,107.69,0,0.0,32703187.66
2025-08-01 09:33:12 AM,107.69,1228,132243.32,32835430.98
2025-08-01 09:33:16 AM,107.93,0,0.0,32835430.98
2025-08-01 09:33:19 AM,107.9,1250,134875.0,32970305.98
2025-08-01 09:33:21 AM,107.75,0,0.0,32970305.98
2025-08-01 09:33:26 AM,107.88,0,0.0,32970305.98
2025-08-01 09:33:26 AM,107.88,3,323.64,32970629.62
2025-08-01 09:33:31 AM,107.84,0,0.0,32970629.62
2025-08-01 09:33:33 AM,107.84,91,9813.44,32980443.060000002
2025-08-01 09:33:36 AM,107.88,0,0.0,32980443.060000002
2025-08-01 09:33:40 AM,107.95,153,16516.350000000002,32996959.410000004
2025-08-01 09:33:41 AM,107.94,0,0.0,32996959.410000004
2025-08-01 09:33:44 AM,107.87,0,0.0,32996959.410000004
2025-08-01 09:33:46 AM,107.94,0,0.0,32996959.410000004
2025-08-01 09:33:47 AM,107.94,360,38858.4,33035817.810000002
2025-08-01 09:33:50 AM,107.9,0,0.0,33035817.810000002
2025-08-01 09:33:54 AM,107.93,1661,179271.73,33215089.540000003
2025-08-01 09:34:01 AM,108.0,6392,690336.0,33905425.54000001
2025-08-01 09:34:15 AM,108.0,398,42984.0,33948409.54000001
2025-08-01 09:34:15 AM,108.06,30,3241.8,33951651.34
2025-08-01 09:34:19 AM,108.09,0,0.0,33951651.34
2025-08-01 09:34:22 AM,108.09,130,14051.7,33965703.04000001
2025-08-01 09:34:29 AM,108.07,0,0.0,33965703.04000001
2025-08-01 09:34:29 AM,108.07,614,66354.98,34032058.02
2025-08-01 09:34:34 AM,108.08,0,0.0,34032058.02
2025-08-01 09:34:36 AM,108.15,3562,385230.30000000005,34417288.32
2025-08-01 09:34:36 AM,108.1,250,27025.0,34444313.32
2025-08-01 09:34:43 AM,108.1,250,27025.0,34471338.32
2025-08-01 09:34:46 AM,108.12,0,0.0,34471338.32
2025-08-01 09:34:50 AM,108.12,50,5406.0,34476744.32
2025-08-01 09:34:51 AM,108.1,0,0.0,34476744.32
2025-08-01 09:34:56 AM,108.1,350,37835.0,34514579.32
2025-08-01 09:35:03 AM,108.1,72,7783.2,34522362.52
2025-08-01 09:35:06 AM,108.19,0,0.0,34522362.52
2025-08-01 09:35:10 AM,108.19,1000,108190.0,34630552.52
2025-08-01 09:35:16 AM,108.1,0,0.0,34630552.52
2025-08-01 09:35:18 AM,108.1,6409,692812.8999999999,35323365.42
2025-08-01 09:35:21 AM,108.16,0,0.0,35323365.42
2025-08-01 09:35:25 AM,108.16,555,60028.799999999996,35383394.22
2025-08-01 09:35:31 AM,107.95,0,0.0,35383394.22
2025-08-01 09:35:31 AM,107.95,6970,752411.5,36135805.72
2025-08-01 09:35:41 AM,107.88,0,0.0,36135805.72
2025-08-01 09:35:45 AM,107.84,25,2696.0,36138501.72
2025-08-01 09:35:52 AM,107.84,58,6254.72,36144756.44
2025-08-01 09:35:58 AM,107.8,370,39886.0,36184642.44
2025-08-01 09:36:05 AM,107.64,0,0.0,36184642.44
2025-08-01 09:36:05 AM,107.64,313,33691.32,36218333.76
2025-08-01 09:36:20 AM,107.8,0,0.0,36218333.76
2025-08-01 09:36:25 AM,107.8,65,7007.0,36225340.76
2025-08-01 09:36:31 AM,107.8,250,26950.0,36252290.76
2025-08-01 09:37:05 AM,107.8,500,53900.0,36306190.76
2025-08-01 09:37:12 AM,107.77,50,5388.5,36311579.26
2025-08-01 09:37:15 AM,107.74,0,0.0,36311579.26
2025-08-01 09:37:19 AM,107.74,100,10774.0,36322353.26
2025-08-01 09:37:24 AM,107.76,0,0.0,36322353.26
2025-08-01 09:37:26 AM,107.76,300,32328.0,36354681.26
2025-08-01 09:37:46 AM,107.76,200,21552.0,36376233.26
2025-08-01 09:38:04 AM,107.74,0,0.0,36376233.26
2025-08-01 09:38:06 AM,107.74,200,21548.0,36397781.26
2025-08-01 09:38:27 AM,107.74,213,22948.62,36420729.879999995
2025-08-01 09:38:33 AM,107.74,176,18962.239999999998,36439692.12
2025-08-01 09:38:40 AM,107.74,100,10774.0,36450466.12
2025-08-01 09:38:49 AM,107.69,0,0.0,36450466.12
2025-08-01 09:38:53 AM,107.69,20,2153.8,36452619.919999994
2025-08-01 09:38:57 AM,107.8,0,0.0,36452619.919999994
2025-08-01 09:39:00 AM,107.8,105,11319.0,36463938.919999994
2025-08-01 09:39:06 AM,107.8,100,10780.0,36474718.919999994
2025-08-01 09:39:07 AM,107.8,135,14553.0,36489271.919999994
2025-08-01 09:39:11 AM,107.7,0,0.0,36489271.919999994
2025-08-01 09:39:13 AM,107.7,4,430.8,36489702.71999999
2025-08-01 09:39:45 AM,107.8,0,0.0,36489702.71999999
2025-08-01 09:39:46 AM,107.8,600,64680.0,36554382.71999999
2025-08-01 09:39:53 AM,107.8,10,1078.0,36555460.71999999
2025-08-01 09:40:26 AM,107.79,90,9701.1,36565161.81999999
2025-08-01 09:40:33 AM,107.8,0,0.0,36565161.81999999
2025-08-01 09:40:33 AM,107.8,682,73519.59999999999,36638681.419999994
2025-08-01 09:41:12 AM,107.86,100,10786.0,36649467.419999994
2025-08-01 09:41:17 AM,108.12,0,0.0,36649467.419999994
2025-08-01 09:41:19 AM,108.12,8904,962700.4800000001,37612167.89999999
2025-08-01 09:41:25 AM,108.2,104,11252.800000000001,37623420.69999999
2025-08-01 09:41:32 AM,108.27,2116,229099.31999999998,37852520.01999999
2025-08-01 09:41:34 AM,108.3,0,0.0,37852520.01999999
2025-08-01 09:41:37 AM,108.43,0,0.0,37852520.01999999
2025-08-01 09:41:39 AM,108.49,666,72254.34,37924774.35999999
2025-08-01 09:41:52 AM,108.55,1191,129283.05,38054057.40999999
2025-08-01 09:41:56 AM,108.79,0,0.0,38054057.40999999
2025-08-01 09:41:58 AM,108.79,1125,122388.75,38176446.15999999
2025-08-01 09:42:04 AM,108.57,100,10857.0,38187303.15999999
2025-08-01 09:42:18 AM,108.57,200,21714.0,38209017.15999999
2025-08-01 09:42:22 AM,108.51,0,0.0,38209017.15999999
2025-08-01 09:42:24 AM,108.51,100,10851.0,38219868.15999999
2025-08-01 09:42:37 AM,108.5,25,2712.5,38222580.65999999
2025-08-01 09:42:39 AM,108.5,50,5425.0,38228005.65999999
2025-08-01 09:42:48 AM,108.49,0,0.0,38228005.65999999
2025-08-01 09:42:50 AM,108.49,20,2169.7999999999997,38230175.459999986
2025-08-01 09:42:57 AM,108.49,50,5424.5,38235599.959999986
2025-08-01 09:43:03 AM,108.49,1200,130188.0,38365787.959999986
2025-08-01 09:43:07 AM,108.5,0,0.0,38365787.959999986
2025-08-01 09:43:10 AM,108.5,480,52080.0,38417867.959999986
2025-08-01 09:43:17 AM,108.5,54,5859.0,38423726.959999986
2025-08-01 09:43:23 AM,108.5,50,5425.0,38429151.959999986
2025-08-01 09:43:27 AM,108.67,0,0.0,38429151.959999986
2025-08-01 09:43:30 AM,108.67,40,4346.8,38433498.75999998
2025-08-01 09:43:35 AM,108.68,0,0.0,38433498.75999998
2025-08-01 09:43:36 AM,108.5,67,7269.5,38440768.25999998
2025-08-01 09:44:10 AM,108.63,50,5431.5,38446199.75999998
2025-08-01 09:44:11 AM,108.64,80,8691.2,38454890.959999986
2025-08-01 09:44:17 AM,108.5,100,10850.0,38465740.959999986
2025-08-01 09:44:23 AM,108.6,1,108.6,38465849.55999999
2025-08-01 09:44:24 AM,108.62,92,9993.04,38475842.59999999
2025-08-01 09:44:31 AM,108.61,0,0.0,38475842.59999999
2025-08-01 09:44:35 AM,108.47,0,0.0,38475842.59999999
2025-08-01 09:44:36 AM,108.45,1518,164627.1,38640469.69999999
2025-08-01 09:44:44 AM,108.25,0,0.0,38640469.69999999
2025-08-01 09:44:48 AM,108.25,100,10825.0,38651294.69999999
2025-08-01 09:44:55 AM,108.33,73,7908.09,38659202.78999999
2025-08-01 09:44:59 AM,108.35,0,0.0,38659202.78999999
2025-08-01 09:45:01 AM,108.35,20,2167.0,38661369.78999999
2025-08-01 09:45:06 AM,108.27,0,0.0,38661369.78999999
2025-08-01 09:45:08 AM,108.27,50,5413.5,38666783.28999999
2025-08-01 09:45:10 AM,108.31,2,216.62,38666999.90999999
2025-08-01 09:45:15 AM,108.16,1,108.16,38667108.069999985
2025-08-01 09:45:28 AM,108.16,60,6489.599999999999,38673597.66999999
2025-08-01 09:45:42 AM,108.27,1,108.27,38673705.93999999
2025-08-01 09:46:13 AM,108.27,50,5413.5,38679119.43999999
2025-08-01 09:46:39 AM,108.27,1,108.27,38679227.70999999
2025-08-01 09:46:45 AM,108.27,5,541.35,38679769.059999995
2025-08-01 09:47:08 AM,108.17,0,0.0,38679769.059999995
2025-08-01 09:47:10 AM,108.17,300,32451.0,38712220.059999995
2025-08-01 09:47:14 AM,108.29,0,0.0,38712220.059999995
2025-08-01 09:47:16 AM,108.29,200,21658.0,38733878.059999995
2025-08-01 09:47:45 AM,108.25,0,0.0,38733878.059999995
2025-08-01 09:47:49 AM,108.25,4,433.0,38734311.059999995
2025-08-01 09:47:54 AM,108.27,0,0.0,38734311.059999995
2025-08-01 09:47:55 AM,108.27,300,32481.0,38766792.059999995
2025-08-01 09:48:02 AM,108.29,100,10829.0,38777621.059999995
2025-08-01 09:48:03 AM,108.25,0,0.0,38777621.059999995
2025-08-01 09:48:04 AM,108.25,100,10825.0,38788446.059999995
2025-08-01 09:48:14 AM,108.28,29,3140.12,38791586.17999999
2025-08-01 09:48:30 AM,108.29,41,4439.89,38796026.06999999
2025-08-01 09:48:35 AM,108.27,0,0.0,38796026.06999999
2025-08-01 09:48:36 AM,108.27,36,3897.72,38799923.78999999
2025-08-01 09:48:47 AM,108.27,45,4872.15,38804795.93999999
2025-08-01 09:49:14 AM,108.27,35,3789.45,38808585.38999999
2025-08-01 09:49:37 AM,108.27,5,541.35,38809126.739999995
2025-08-01 09:49:40 AM,108.27,94,10177.38,38819304.12
2025-08-01 09:49:52 AM,108.27,5,541.35,38819845.47
2025-08-01 09:50:02 AM,108.27,105,11368.35,38831213.82
2025-08-01 09:50:15 AM,108.25,0,0.0,38831213.82
2025-08-01 09:50:15 AM,108.25,25,2706.25,38833920.07
2025-08-01 09:50:22 AM,108.25,40,4330.0,38838250.07
2025-08-01 09:50:24 AM,108.27,90,9744.3,38847994.37
2025-08-01 09:50:35 AM,108.25,0,0.0,38847994.37
2025-08-01 09:50:37 AM,108.25,50,5412.5,38853406.87
2025-08-01 09:50:39 AM,108.27,0,0.0,38853406.87
2025-08-01 09:50:40 AM,108.27,50,5413.5,38858820.37
2025-08-01 09:51:18 AM,108.27,1,108.27,38858928.64
2025-08-01 09:51:27 AM,108.27,7,757.89,38859686.53
2025-08-01 09:51:30 AM,108.27,2,216.54,38859903.07
2025-08-01 09:51:32 AM,108.29,0,0.0,38859903.07
2025-08-01 09:51:33 AM,108.29,2513,272132.77,39132035.84
2025-08-01 09:51:36 AM,108.4,0,0.0,39132035.84
2025-08-01 09:51:37 AM,108.4,1,108.4,39132144.24
2025-08-01 09:51:40 AM,108.61,0,0.0,39132144.24
2025-08-01 09:51:43 AM,108.61,281,30519.41,39162663.65
2025-08-01 09:51:49 AM,108.6,5,543.0,39163206.65
2025-08-01 09:51:51 AM,108.47,0,0.0,39163206.65
2025-08-01 09:51:52 AM,108.47,4,433.88,39163640.53
2025-08-01 09:52:03 AM,108.46,0,0.0,39163640.53
2025-08-01 09:52:04 AM,108.46,71,7700.66,39171341.19
2025-08-01 09:52:07 AM,108.75,3500,380625.0,39551966.19
2025-08-01 09:52:14 AM,108.58,90,9772.2,39561738.39
2025-08-01 09:52:20 AM,108.5,50,5425.0,39567163.39
2025-08-01 09:52:26 AM,108.5,105,11392.5,39578555.89
2025-08-01 09:52:35 AM,108.53,0,0.0,39578555.89
2025-08-01 09:52:35 AM,108.53,57,6186.21,39584742.1
2025-08-01 09:52:38 AM,108.59,0,0.0,39584742.1
2025-08-01 09:52:41 AM,108.59,135,14659.65,39599401.75
2025-08-01 09:52:44 AM,108.62,0,0.0,39599401.75
2025-08-01 09:52:44 AM,108.62,102,11079.24,39610480.99
2025-08-01 09:52:50 AM,108.62,10,1086.2,39611567.190000005
2025-08-01 09:52:53 AM,108.62,190,20637.8,39632204.99
2025-08-01 09:52:59 AM,108.73,0,0.0,39632204.99
2025-08-01 09:52:59 AM,108.73,90,9785.7,39641990.690000005
2025-08-01 09:52:59 AM,108.62,0,0.0,39641990.690000005
2025-08-01 09:53:02 AM,108.62,1,108.62,39642099.31
2025-08-01 09:53:08 AM,108.62,275,29870.5,39671969.81
2025-08-01 09:53:11 AM,108.62,50,5431.0,39677400.81
2025-08-01 09:53:18 AM,108.67,0,0.0,39677400.81
2025-08-01 09:53:21 AM,108.5,0,0.0,39677400.81
2025-08-01 09:53:21 AM,108.5,501,54358.5,39731759.31
2025-08-01 09:53:23 AM,108.59,50,5429.5,39737188.81
2025-08-01 09:53:36 AM,108.43,0,0.0,39737188.81
2025-08-01 09:53:40 AM,108.43,935,101382.05,39838570.86
2025-08-01 09:54:31 AM,108.23,0,0.0,39838570.86
2025-08-01 09:54:36 AM,108.23,3870,418850.10000000003,40257420.96
2025-08-01 09:55:06 AM,108.2,16,1731.2,40259152.160000004
2025-08-01 09:55:20 AM,108.19,0,0.0,40259152.160000004
2025-08-01 09:55:23 AM,108.19,25,2704.75,40261856.910000004
2025-08-01 09:55:24 AM,108.08,200,21616.0,40283472.910000004
2025-08-01 09:55:35 AM,108.05,252,27228.6,40310701.510000005
2025-08-01 09:55:46 AM,108.0,0,0.0,40310701.510000005
2025-08-01 09:55:47 AM,108.0,2,216.0,40310917.510000005
2025-08-01 09:56:09 AM,108.02,0,0.0,40310917.510000005
2025-08-01 09:56:11 AM,108.02,9,972.18,40311889.690000005
2025-08-01 09:56:16 AM,108.0,0,0.0,40311889.690000005
2025-08-01 09:56:17 AM,108.0,159,17172.0,40329061.690000005
2025-08-01 09:56:39 AM,108.05,0,0.0,40329061.690000005
2025-08-01 09:56:41 AM,108.05,100,10805.0,40339866.690000005
2025-08-01 09:56:50 AM,107.77,0,0.0,40339866.690000005
2025-08-01 09:56:53 AM,107.77,1860,200452.19999999998,40540318.89000001
2025-08-01 09:56:59 AM,107.66,630,67825.8,40608144.690000005
2025-08-01 09:57:05 AM,107.8,0,0.0,40608144.690000005
2025-08-01 09:57:05 AM,107.8,513,55301.4,40663446.09
2025-08-01 09:57:07 AM,107.77,1,107.77,40663553.86000001
2025-08-01 09:57:09 AM,107.8,0,0.0,40663553.86000001
2025-08-01 09:57:11 AM,107.8,1,107.8,40663661.660000004
2025-08-01 09:57:17 AM,107.8,86,9270.8,40672932.46
2025-08-01 09:57:22 AM,107.8,400,43120.0,40716052.46
2025-08-01 09:58:01 AM,107.96,0,0.0,40716052.46
2025-08-01 09:58:01 AM,107.96,1,107.96,40716160.42
2025-08-01 09:58:50 AM,107.96,15,1619.3999999999999,40717779.82
2025-08-01 09:59:21 AM,107.97,0,0.0,40717779.82
2025-08-01 09:59:21 AM,107.97,1,107.97,40717887.79
2025-08-01 09:59:43 AM,108.0,150,16200.0,40734087.79
2025-08-01 09:59:45 AM,107.9,0,0.0,40734087.79
2025-08-01 09:59:46 AM,107.9,50,5395.0,40739482.79
2025-08-01 09:59:59 AM,107.85,0,0.0,40739482.79
2025-08-01 10:00:01 AM,107.85,500,53925.0,40793407.79
2025-08-01 10:00:23 AM,107.92,0,0.0,40793407.79
2025-08-01 10:00:24 AM,107.92,410,44247.2,40837654.99
2025-08-01 10:00:58 AM,107.95,5,539.75,40838194.74
2025-08-01 10:01:05 AM,108.03,302,32625.06,40870819.800000004
2025-08-01 10:01:35 AM,107.96,316,34115.36,40904935.160000004
2025-08-01 10:01:39 AM,108.11,0,0.0,40904935.160000004
2025-08-01 10:01:39 AM,108.11,50,5405.5,40910340.660000004
2025-08-01 10:02:23 AM,108.11,1,108.11,40910448.77
2025-08-01 10:02:31 AM,108.01,500,54005.0,40964453.77
2025-08-01 10:03:16 AM,108.14,5,540.7,40964994.470000006
2025-08-01 10:03:20 AM,108.14,45,4866.3,40969860.77
2025-08-01 10:04:02 AM,108.36,0,0.0,40969860.77
2025-08-01 10:04:04 AM,108.36,59,6393.24,40976254.010000005
2025-08-01 10:04:12 AM,108.37,50,5418.5,40981672.510000005
2025-08-01 10:04:23 AM,108.37,1,108.37,40981780.88
2025-08-01 10:04:31 AM,108.38,5,541.9,40982322.78
2025-08-01 10:05:06 AM,108.0,0,0.0,40982322.78
2025-08-01 10:05:07 AM,108.0,3104,335232.0,41317554.78
2025-08-01 10:05:27 AM,107.85,0,0.0,41317554.78
2025-08-01 10:05:27 AM,107.85,634,68376.9,41385931.68
2025-08-01 10:05:31 AM,107.8,0,0.0,41385931.68
2025-08-01 10:05:31 AM,107.8,1046,112758.8,41498690.48
2025-08-01 10:05:43 AM,107.5,0,0.0,41498690.48
2025-08-01 10:05:43 AM,107.5,12439,1337192.5,42835882.98
2025-08-01 10:06:01 AM,107.72,0,0.0,42835882.98
2025-08-01 10:06:01 AM,107.72,101,10879.72,42846762.699999996
2025-08-01 10:06:21 AM,107.72,13,1400.36,42848163.059999995
2025-08-01 10:06:31 AM,107.72,20,2154.4,42850317.45999999
2025-08-01 10:06:49 AM,107.72,5,538.6,42850856.059999995
2025-08-01 10:06:51 AM,107.65,200,21530.0,42872386.059999995
2025-08-01 10:06:55 AM,107.63,130,13991.9,42886377.95999999
2025-08-01 10:07:12 AM,107.66,0,0.0,42886377.95999999
2025-08-01 10:07:14 AM,107.66,161,17333.26,42903711.21999999
2025-08-01 10:07:28 AM,107.68,2,215.36,42903926.57999999
2025-08-01 10:07:38 AM,107.69,33,3553.77,42907480.349999994
2025-08-01 10:07:44 AM,107.79,0,0.0,42907480.349999994
2025-08-01 10:07:44 AM,107.79,15,1616.8500000000001,42909097.199999996
2025-08-01 10:07:49 AM,107.66,0,0.0,42909097.199999996
2025-08-01 10:07:51 AM,107.66,42,4521.72,42913618.919999994
2025-08-01 10:07:59 AM,107.66,110,11842.6,42925461.519999996
2025-08-01 10:08:13 AM,107.78,0,0.0,42925461.519999996
2025-08-01 10:08:16 AM,107.78,15,1616.7,42927078.22
2025-08-01 10:08:24 AM,107.78,1,107.78,42927186.0
2025-08-01 10:08:37 AM,107.84,0,0.0,42927186.0
2025-08-01 10:08:40 AM,107.86,0,0.0,42927186.0
2025-08-01 10:08:40 AM,107.86,200,21572.0,42948758.0
2025-08-01 10:08:57 AM,107.85,0,0.0,42948758.0
2025-08-01 10:08:58 AM,107.85,100,10785.0,42959543.0
2025-08-01 10:08:59 AM,107.88,100,10788.0,42970331.0
2025-08-01 10:09:07 AM,107.97,0,0.0,42970331.0
2025-08-01 10:09:10 AM,107.97,20,2159.4,42972490.4
2025-08-01 10:09:40 AM,107.96,0,0.0,42972490.4
2025-08-01 10:09:41 AM,107.96,1,107.96,42972598.36
2025-08-01 10:10:13 AM,107.96,50,5398.0,42977996.36
2025-08-01 10:10:21 AM,107.96,5,539.8,42978536.16
2025-08-01 10:10:39 AM,107.85,0,0.0,42978536.16
2025-08-01 10:10:39 AM,107.85,803,86603.54999999999,43065139.70999999
2025-08-01 10:10:55 AM,107.85,1,107.85,43065247.559999995
2025-08-01 10:11:00 AM,107.66,0,0.0,43065247.559999995
2025-08-01 10:11:01 AM,107.66,1483,159659.78,43224907.339999996
2025-08-01 10:11:41 AM,107.67,5,538.35,43225445.69
2025-08-01 10:11:53 AM,107.67,300,32301.0,43257746.69
2025-08-01 10:12:17 AM,107.59,735,79078.65000000001,43336825.339999996
2025-08-01 10:13:12 AM,107.7,0,0.0,43336825.339999996
2025-08-01 10:13:15 AM,107.7,300,32310.0,43369135.339999996
2025-08-01 10:13:21 AM,107.83,0,0.0,43369135.339999996
2025-08-01 10:13:21 AM,107.83,5,539.15,43369674.489999995
2025-08-01 10:13:39 AM,107.83,100,10783.0,43380457.489999995
2025-08-01 10:15:17 AM,107.73,0,0.0,43380457.489999995
2025-08-01 10:15:17 AM,107.73,2,215.46,43380672.949999996
2025-08-01 10:16:35 AM,107.73,10,1077.3,43381750.24999999
2025-08-01 10:17:05 AM,107.82,0,0.0,43381750.24999999
2025-08-01 10:17:08 AM,107.82,100,10782.0,43392532.24999999
2025-08-01 10:17:11 AM,107.93,0,0.0,43392532.24999999
2025-08-01 10:17:14 AM,107.93,1000,107930.0,43500462.24999999
2025-08-01 10:17:37 AM,107.93,50,5396.5,43505858.74999999
2025-08-01 10:18:18 AM,107.93,100,10793.0,43516651.74999999
2025-08-01 10:19:07 AM,107.96,0,0.0,43516651.74999999
2025-08-01 10:19:09 AM,107.96,2,215.92,43516867.669999994
2025-08-01 10:19:19 AM,107.99,0,0.0,43516867.669999994
2025-08-01 10:19:21 AM,107.99,42,4535.58,43521403.24999999
2025-08-01 10:19:22 AM,107.96,0,0.0,43521403.24999999
2025-08-01 10:19:22 AM,107.96,500,53980.0,43575383.24999999
2025-08-01 10:20:07 AM,107.99,0,0.0,43575383.24999999
2025-08-01 10:20:07 AM,107.99,550,59394.5,43634777.74999999
2025-08-01 10:20:24 AM,107.99,109,11770.91,43646548.65999999
2025-08-01 10:21:09 AM,108.22,0,0.0,43646548.65999999
2025-08-01 10:21:10 AM,108.22,520,56274.4,43702823.05999999
2025-08-01 10:21:25 AM,108.03,0,0.0,43702823.05999999
2025-08-01 10:21:27 AM,108.03,745,80482.35,43783305.40999999
2025-08-01 10:21:48 AM,108.1,0,0.0,43783305.40999999
2025-08-01 10:21:49 AM,108.1,500,54050.0,43837355.40999999
2025-08-01 10:22:35 AM,108.15,1000,108150.0,43945505.40999999
2025-08-01 10:23:19 AM,108.01,801,86516.01000000001,44032021.41999999
2025-08-01 10:23:36 AM,108.08,0,0.0,44032021.41999999
2025-08-01 10:23:36 AM,108.08,1,108.08,44032129.499999985
2025-08-01 10:23:42 AM,108.08,1,108.08,44032237.57999998
2025-08-01 10:24:02 AM,108.08,5,540.4,44032777.97999998
2025-08-01 10:24:20 AM,107.96,5177,558908.9199999999,44591686.89999998
2025-08-01 10:25:02 AM,107.95,1002,108165.90000000001,44699852.79999998
2025-08-01 10:25:26 AM,107.98,5,539.9,44700392.69999998
2025-08-01 10:25:33 AM,107.98,2,215.96,44700608.65999998
2025-08-01 10:26:15 AM,107.99,0,0.0,44700608.65999998
2025-08-01 10:26:15 AM,107.99,291,31425.09,44732033.749999985
2025-08-01 10:26:44 AM,107.99,1176,126996.23999999999,44859029.98999999
2025-08-01 10:27:09 AM,107.98,0,0.0,44859029.98999999
2025-08-01 10:27:10 AM,107.98,50,5399.0,44864428.98999999
2025-08-01 10:27:51 AM,108.0,0,0.0,44864428.98999999
2025-08-01 10:27:51 AM,108.0,86,9288.0,44873716.98999999
2025-08-01 10:28:29 AM,107.99,0,0.0,44873716.98999999
2025-08-01 10:28:29 AM,107.99,1,107.99,44873824.97999999
2025-08-01 10:29:05 AM,108.0,88,9504.0,44883328.97999999
2025-08-01 10:29:20 AM,108.0,100,10800.0,44894128.97999999
2025-08-01 10:29:46 AM,108.14,0,0.0,44894128.97999999
2025-08-01 10:29:47 AM,108.14,7510,812131.4,45706260.37999999
2025-08-01 10:29:55 AM,108.13,1,108.13,45706368.50999999
2025-08-01 10:30:51 AM,108.15,0,0.0,45706368.50999999
2025-08-01 10:30:52 AM,108.15,75,8111.25,45714479.75999999
2025-08-01 10:30:57 AM,108.28,0,0.0,45714479.75999999
2025-08-01 10:30:57 AM,108.3,0,0.0,45714479.75999999
2025-08-01 10:30:58 AM,108.3,646,69961.8,45784441.55999999
2025-08-01 10:31:29 AM,108.01,849,91700.49,45876142.04999999
2025-08-01 10:32:30 AM,108.28,0,0.0,45876142.04999999
2025-08-01 10:32:31 AM,108.28,41,4439.4800000000005,45880581.52999999
2025-08-01 10:33:06 AM,108.27,0,0.0,45880581.52999999
2025-08-01 10:33:06 AM,108.27,5,541.35,45881122.87999999
2025-08-01 10:33:09 AM,108.18,0,0.0,45881122.87999999
2025-08-01 10:33:09 AM,108.18,10,1081.8000000000002,45882204.679999985
2025-08-01 10:33:33 AM,108.2,0,0.0,45882204.679999985
2025-08-01 10:33:34 AM,108.2,151,16338.2,45898542.87999999
2025-08-01 10:33:48 AM,108.27,0,0.0,45898542.87999999
2025-08-01 10:33:51 AM,108.27,2,216.54,45898759.41999999
2025-08-01 10:33:57 AM,108.2,0,0.0,45898759.41999999
2025-08-01 10:33:59 AM,108.2,387,41873.4,45940632.819999985
2025-08-01 10:34:16 AM,108.2,3,324.6,45940957.41999999
2025-08-01 10:35:10 AM,108.2,49,5301.8,45946259.219999984
2025-08-01 10:35:35 AM,108.2,407,44037.4,45990296.61999998
2025-08-01 10:35:37 AM,108.18,0,0.0,45990296.61999998
2025-08-01 10:35:39 AM,108.18,26,2812.6800000000003,45993109.29999998
2025-08-01 10:35:44 AM,108.18,189,20446.02,46013555.319999985
2025-08-01 10:35:55 AM,108.0,0,0.0,46013555.319999985
2025-08-01 10:35:55 AM,108.0,815,88020.0,46101575.319999985
2025-08-01 10:36:23 AM,108.1,0,0.0,46101575.319999985
2025-08-01 10:36:23 AM,108.1,3,324.29999999999995,46101899.61999998
2025-08-01 10:36:50 AM,108.15,0,0.0,46101899.61999998
2025-08-01 10:36:51 AM,108.15,100,10815.0,46112714.61999998
2025-08-01 10:37:16 AM,108.1,0,0.0,46112714.61999998
2025-08-01 10:37:18 AM,108.1,2,216.2,46112930.819999985
2025-08-01 10:37:25 AM,108.18,0,0.0,46112930.819999985
2025-08-01 10:37:26 AM,108.18,1,108.18,46113038.999999985
2025-08-01 10:37:35 AM,108.1,0,0.0,46113038.999999985
2025-08-01 10:37:37 AM,108.1,200,21620.0,46134658.999999985
2025-08-01 10:37:40 AM,108.14,0,0.0,46134658.999999985
2025-08-01 10:37:40 AM,108.14,85,9191.9,46143850.89999998
2025-08-01 10:37:43 AM,108.1,0,0.0,46143850.89999998
2025-08-01 10:37:43 AM,108.1,60,6486.0,46150336.89999998
2025-08-01 10:37:57 AM,108.0,955,103140.0,46253476.89999998
2025-08-01 10:38:05 AM,108.1,0,0.0,46253476.89999998
2025-08-01 10:38:06 AM,108.1,1,108.1,46253584.999999985
2025-08-01 10:38:53 AM,108.13,1,108.13,46253693.12999999
2025-08-01 10:39:45 AM,108.01,0,0.0,46253693.12999999
2025-08-01 10:39:47 AM,108.01,310,33483.1,46287176.22999999
2025-08-01 10:39:51 AM,108.0,0,0.0,46287176.22999999
2025-08-01 10:39:52 AM,108.0,236,25488.0,46312664.22999999
2025-08-01 10:39:55 AM,108.0,25,2700.0,46315364.22999999
2025-08-01 10:40:08 AM,108.14,70,7569.8,46322934.02999999
2025-08-01 10:40:25 AM,108.7,0,0.0,46322934.02999999
2025-08-01 10:40:25 AM,108.7,6000,652200.0,46975134.02999999
2025-08-01 10:41:13 AM,107.81,0,0.0,46975134.02999999
2025-08-01 10:41:15 AM,108.25,0,0.0,46975134.02999999
2025-08-01 10:41:15 AM,108.25,2000,216500.0,47191634.02999999
2025-08-01 10:41:49 AM,108.38,0,0.0,47191634.02999999
2025-08-01 10:41:49 AM,108.38,300,32514.0,47224148.02999999
2025-08-01 10:42:31 AM,108.25,0,0.0,47224148.02999999
2025-08-01 10:42:33 AM,108.25,75,8118.75,47232266.77999999
2025-08-01 10:43:28 AM,108.24,100,10824.0,47243090.77999999
2025-08-01 10:43:36 AM,108.24,1,108.24,47243199.01999999
2025-08-01 10:43:40 AM,108.1,0,0.0,47243199.01999999
2025-08-01 10:43:41 AM,108.1,500,54050.0,47297249.01999999
2025-08-01 10:43:44 AM,108.1,1,108.1,47297357.11999999
2025-08-01 10:43:49 AM,108.08,200,21616.0,47318973.11999999
2025-08-01 10:43:59 AM,108.08,16,1729.28,47320702.39999999
2025-08-01 10:44:26 AM,108.11,5,540.55,47321242.94999999
2025-08-01 10:44:27 AM,108.24,0,0.0,47321242.94999999
2025-08-01 10:44:29 AM,108.24,7,757.68,47322000.62999999
2025-08-01 10:44:56 AM,108.24,273,29549.519999999997,47351550.14999999
2025-08-01 10:45:58 AM,108.1,0,0.0,47351550.14999999
2025-08-01 10:45:59 AM,108.1,319,34483.9,47386034.04999999
2025-08-01 10:46:04 AM,108.1,63,6810.299999999999,47392844.34999999
2025-08-01 10:46:50 AM,108.1,57,6161.7,47399006.04999999
2025-08-01 10:46:56 AM,108.1,20,2162.0,47401168.04999999
2025-08-01 10:47:43 AM,108.24,0,0.0,47401168.04999999
2025-08-01 10:47:43 AM,108.24,100,10824.0,47411992.04999999
2025-08-01 10:48:02 AM,108.24,500,54120.0,47466112.04999999
2025-08-01 10:48:10 AM,108.36,0,0.0,47466112.04999999
2025-08-01 10:48:10 AM,108.36,10,1083.6,47467195.64999999
2025-08-01 10:48:57 AM,108.15,0,0.0,47467195.64999999
2025-08-01 10:49:00 AM,108.15,94,10166.1,47477361.74999999
2025-08-01 10:49:16 AM,108.15,100,10815.0,47488176.74999999
2025-08-01 10:49:37 AM,108.23,0,0.0,47488176.74999999
2025-08-01 10:49:37 AM,108.23,3,324.69,47488501.43999999
2025-08-01 10:49:56 AM,108.15,0,0.0,47488501.43999999
2025-08-01 10:49:58 AM,108.15,406,43908.9,47532410.33999999
2025-08-01 10:50:29 AM,108.12,0,0.0,47532410.33999999
2025-08-01 10:50:32 AM,108.12,50,5406.0,47537816.33999999
2025-08-01 10:51:06 AM,108.12,342,36977.04,47574793.37999999
2025-08-01 10:51:09 AM,107.71,0,0.0,47574793.37999999
2025-08-01 10:51:12 AM,107.71,8344,898732.24,48473525.61999999
2025-08-01 10:52:26 AM,107.86,0,0.0,48473525.61999999
2025-08-01 10:52:28 AM,107.86,100,10786.0,48484311.61999999
2025-08-01 10:52:38 AM,107.86,10,1078.6,48485390.21999999
2025-08-01 10:53:04 AM,108.03,0,0.0,48485390.21999999
2025-08-01 10:53:05 AM,108.14,2018,218226.52,48703616.739999995
2025-08-01 10:53:14 AM,108.11,0,0.0,48703616.739999995
2025-08-01 10:53:15 AM,108.11,8,864.88,48704481.62
2025-08-01 10:54:12 AM,107.8,0,0.0,48704481.62
2025-08-01 10:54:14 AM,107.8,700,75460.0,48779941.62
2025-08-01 10:54:40 AM,107.92,0,0.0,48779941.62
2025-08-01 10:54:41 AM,107.92,64,6906.88,48786848.5
2025-08-01 10:55:12 AM,108.06,0,0.0,48786848.5
2025-08-01 10:55:12 AM,108.06,1,108.06,48786956.56
2025-08-01 10:55:16 AM,107.93,0,0.0,48786956.56
2025-08-01 10:55:16 AM,108.08,0,0.0,48786956.56
2025-08-01 10:55:17 AM,108.08,73,7889.84,48794846.400000006
2025-08-01 10:55:54 AM,108.06,0,0.0,48794846.400000006
2025-08-01 10:55:56 AM,108.06,1,108.06,48794954.46000001
2025-08-01 10:56:00 AM,107.92,0,0.0,48794954.46000001
2025-08-01 10:56:01 AM,107.92,8,863.36,48795817.82000001
2025-08-01 10:57:25 AM,107.92,2,215.84,48796033.66000001
2025-08-01 10:57:47 AM,107.92,907,97883.44,48893917.10000001
2025-08-01 10:58:02 AM,107.89,0,0.0,48893917.10000001
2025-08-01 10:58:03 AM,107.89,26,2805.14,48896722.24000001
2025-08-01 10:58:40 AM,107.88,0,0.0,48896722.24000001
2025-08-01 10:58:41 AM,107.88,2,215.76,48896938.00000001
2025-08-01 11:00:08 AM,107.89,0,0.0,48896938.00000001
2025-08-01 11:00:12 AM,107.89,3,323.67,48897261.67000001
2025-08-01 11:00:39 AM,107.89,1752,189023.28,49086284.95000001
2025-08-01 11:01:47 AM,108.09,0,0.0,49086284.95000001
2025-08-01 11:01:47 AM,108.09,5,540.45,49086825.40000001
2025-08-01 11:02:24 AM,108.1,186,20106.6,49106932.000000015
2025-08-01 11:03:12 AM,108.12,100,10812.0,49117744.000000015
2025-08-01 11:03:19 AM,108.2,0,0.0,49117744.000000015
2025-08-01 11:03:19 AM,108.2,100,10820.0,49128564.000000015
2025-08-01 11:03:23 AM,108.18,0,0.0,49128564.000000015
2025-08-01 11:03:24 AM,108.18,9,973.6200000000001,49129537.62000001
2025-08-01 11:03:46 AM,108.2,200,21640.0,49151177.62000001
2025-08-01 11:04:15 AM,108.18,0,0.0,49151177.62000001
2025-08-01 11:04:15 AM,108.18,10,1081.8000000000002,49152259.42000001
2025-08-01 11:04:30 AM,108.18,9,973.6200000000001,49153233.04000001
2025-08-01 11:04:36 AM,108.2,0,0.0,49153233.04000001
2025-08-01 11:04:37 AM,108.18,826,89356.68000000001,49242589.720000006
2025-08-01 11:04:57 AM,108.27,93,10069.109999999999,49252658.830000006
2025-08-01 11:05:02 AM,108.38,200,21676.0,49274334.830000006
2025-08-01 11:05:09 AM,108.44,1,108.44,49274443.27
2025-08-01 11:07:13 AM,108.31,0,0.0,49274443.27
2025-08-01 11:07:15 AM,108.31,33,3574.23,49278017.5
2025-08-01 11:07:21 AM,108.31,50,5415.5,49283433.0
2025-08-01 11:07:33 AM,108.31,7,758.1700000000001,49284191.17
2025-08-01 11:08:33 AM,108.36,0,0.0,49284191.17
2025-08-01 11:08:35 AM,108.36,991,107384.76,49391575.93
2025-08-01 11:08:48 AM,108.23,491,53140.93,49444716.86
2025-08-01 11:08:50 AM,108.28,0,0.0,49444716.86
2025-08-01 11:08:50 AM,108.28,5,541.4,49445258.26
2025-08-01 11:08:58 AM,108.18,0,0.0,49445258.26
2025-08-01 11:08:59 AM,108.2,1556,168359.2,49613617.46
2025-08-01 11:09:27 AM,108.2,13,1406.6000000000001,49615024.06
2025-08-01 11:09:59 AM,108.18,25,2704.5,49617728.56
2025-08-01 11:10:08 AM,108.04,197,21283.88,49639012.440000005
2025-08-01 11:10:18 AM,108.15,1,108.15,49639120.59
2025-08-01 11:10:38 AM,108.05,0,0.0,49639120.59
2025-08-01 11:10:40 AM,108.05,100,10805.0,49649925.59
2025-08-01 11:10:51 AM,108.16,15,1622.3999999999999,49651547.99
2025-08-01 11:10:56 AM,108.19,0,0.0,49651547.99
2025-08-01 11:10:57 AM,108.19,50,5409.5,49656957.49
2025-08-01 11:12:32 AM,108.18,0,0.0,49656957.49
2025-08-01 11:12:34 AM,108.18,25,2704.5,49659661.99
2025-08-01 11:12:45 AM,108.06,20,2161.2,49661823.190000005
2025-08-01 11:14:31 AM,108.05,0,0.0,49661823.190000005
2025-08-01 11:14:32 AM,108.05,5,540.25,49662363.440000005
2025-08-01 11:14:55 AM,108.1,0,0.0,49662363.440000005
2025-08-01 11:14:59 AM,108.1,50,5405.0,49667768.440000005
2025-08-01 11:15:10 AM,108.1,100,10810.0,49678578.440000005
2025-08-01 11:15:15 AM,108.1,2,216.2,49678794.64000001
2025-08-01 11:15:26 AM,108.1,503,54374.299999999996,49733168.940000005
2025-08-01 11:15:32 AM,108.0,684,73872.0,49807040.940000005
2025-08-01 11:15:56 AM,108.0,22,2376.0,49809416.940000005
2025-08-01 11:16:13 AM,108.0,294,31752.0,49841168.940000005
2025-08-01 11:16:18 AM,108.0,60,6480.0,49847648.940000005
2025-08-01 11:17:37 AM,108.0,12,1296.0,49848944.940000005
2025-08-01 11:17:48 AM,108.1,100,10810.0,49859754.940000005
2025-08-01 11:18:49 AM,108.09,0,0.0,49859754.940000005
2025-08-01 11:18:49 AM,108.09,100,10809.0,49870563.940000005
2025-08-01 11:19:24 AM,108.1,0,0.0,49870563.940000005
2025-08-01 11:19:29 AM,108.1,2,216.2,49870780.14000001
2025-08-01 11:19:44 AM,108.03,0,0.0,49870780.14000001
2025-08-01 11:19:45 AM,108.03,500,54015.0,49924795.14000001
2025-08-01 11:19:46 AM,108.1,0,0.0,49924795.14000001
2025-08-01 11:19:50 AM,108.1,135,14593.5,49939388.64000001
2025-08-01 11:20:01 AM,108.1,10,1081.0,49940469.64000001
2025-08-01 11:20:33 AM,108.0,1002,108216.0,50048685.64000001
2025-08-01 11:20:38 AM,108.1,10,1081.0,50049766.64000001
2025-08-01 11:22:17 AM,108.1,200,21620.0,50071386.64000001
2025-08-01 11:24:02 AM,108.0,0,0.0,50071386.64000001
2025-08-01 11:24:06 AM,108.0,100,10800.0,50082186.64000001
2025-08-01 11:24:24 AM,108.1,0,0.0,50082186.64000001
2025-08-01 11:24:27 AM,108.1,10,1081.0,50083267.64000001
2025-08-01 11:24:42 AM,108.0,0,0.0,50083267.64000001
2025-08-01 11:24:43 AM,108.0,10,1080.0,50084347.64000001
2025-08-01 11:25:04 AM,108.0,1104,119232.0,50203579.64000001
2025-08-01 11:25:15 AM,108.0,250,27000.0,50230579.64000001
2025-08-01 11:26:15 AM,107.91,0,0.0,50230579.64000001
2025-08-01 11:26:17 AM,107.91,45,4855.95,50235435.59000001
2025-08-01 11:26:24 AM,107.9,0,0.0,50235435.59000001
2025-08-01 11:26:27 AM,107.9,55,5934.5,50241370.09000001
2025-08-01 11:26:38 AM,107.91,0,0.0,50241370.09000001
2025-08-01 11:26:38 AM,107.91,50,5395.5,50246765.59000001
2025-08-01 11:27:06 AM,107.9,0,0.0,50246765.59000001
2025-08-01 11:27:07 AM,107.9,150,16185.0,50262950.59000001
2025-08-01 11:27:18 AM,107.99,300,32397.0,50295347.59000001
2025-08-01 11:27:54 AM,108.0,12,1296.0,50296643.59000001
2025-08-01 11:28:22 AM,107.99,10,1079.8999999999999,50297723.49000001
2025-08-01 11:28:23 AM,108.0,0,0.0,50297723.49000001
2025-08-01 11:28:25 AM,108.0,100,10800.0,50308523.49000001
2025-08-01 11:29:34 AM,108.0,13,1404.0,50309927.49000001
2025-08-01 11:30:29 AM,107.95,0,0.0,50309927.49000001
2025-08-01 11:30:29 AM,107.95,12,1295.4,50311222.89000001
2025-08-01 11:31:27 AM,107.95,100,10795.0,50322017.89000001
2025-08-01 11:31:56 AM,108.0,0,0.0,50322017.89000001
2025-08-01 11:31:57 AM,108.0,100,10800.0,50332817.89000001
2025-08-01 11:31:59 AM,108.0,10,1080.0,50333897.89000001
2025-08-01 11:32:04 AM,108.0,100,10800.0,50344697.89000001
2025-08-01 11:32:15 AM,107.95,0,0.0,50344697.89000001
2025-08-01 11:32:16 AM,107.95,291,31413.45,50376111.34000001
2025-08-01 11:32:45 AM,107.95,10,1079.5,50377190.84000001
2025-08-01 11:33:06 AM,107.95,200,21590.0,50398780.84000001
2025-08-01 11:33:33 AM,107.9,0,0.0,50398780.84000001
2025-08-01 11:33:34 AM,107.93,0,0.0,50398780.84000001
2025-08-01 11:33:36 AM,107.93,25,2698.25,50401479.09000001
2025-08-01 11:33:44 AM,107.89,0,0.0,50401479.09000001
2025-08-01 11:33:47 AM,107.89,550,59339.5,50460818.59000001
2025-08-01 11:33:54 AM,107.86,0,0.0,50460818.59000001
2025-08-01 11:33:57 AM,107.86,152,16394.72,50477213.31000001
2025-08-01 11:34:16 AM,107.82,0,0.0,50477213.31000001
2025-08-01 11:34:17 AM,107.9,0,0.0,50477213.31000001
2025-08-01 11:34:17 AM,107.9,511,55136.9,50532350.21000001
2025-08-01 11:34:21 AM,107.52,0,0.0,50532350.21000001
2025-08-01 11:34:22 AM,107.52,2500,268800.0,50801150.21000001
2025-08-01 11:35:14 AM,107.7,0,0.0,50801150.21000001
2025-08-01 11:35:15 AM,107.7,100,10770.0,50811920.21000001
2025-08-01 11:35:50 AM,107.52,0,0.0,50811920.21000001
2025-08-01 11:35:52 AM,107.52,100,10752.0,50822672.21000001
2025-08-01 11:36:00 AM,107.62,0,0.0,50822672.21000001
2025-08-01 11:36:02 AM,107.62,9,968.58,50823640.79000001
2025-08-01 11:36:11 AM,107.56,0,0.0,50823640.79000001
2025-08-01 11:36:12 AM,107.56,203,21834.68,50845475.470000006
2025-08-01 11:36:21 AM,107.6,0,0.0,50845475.470000006
2025-08-01 11:36:22 AM,107.6,89,9576.4,50855051.870000005
2025-08-01 11:36:27 AM,107.75,0,0.0,50855051.870000005
2025-08-01 11:36:27 AM,107.75,10,1077.5,50856129.370000005
2025-08-01 11:36:35 AM,107.99,0,0.0,50856129.370000005
2025-08-01 11:36:38 AM,107.99,1791,193410.09,51049539.46000001
2025-08-01 11:37:22 AM,107.86,0,0.0,51049539.46000001
2025-08-01 11:37:26 AM,107.86,20,2157.2,51051696.66000001
2025-08-01 11:39:29 AM,107.84,0,0.0,51051696.66000001
2025-08-01 11:39:32 AM,107.76,200,21552.0,51073248.66000001
2025-08-01 11:39:36 AM,107.75,0,0.0,51073248.66000001
2025-08-01 11:39:37 AM,107.75,2,215.5,51073464.16000001
2025-08-01 11:39:41 AM,107.73,0,0.0,51073464.16000001
2025-08-01 11:39:43 AM,107.73,5,538.65,51074002.81000001
2025-08-01 11:40:07 AM,107.76,0,0.0,51074002.81000001
2025-08-01 11:40:09 AM,107.76,100,10776.0,51084778.81000001
2025-08-01 11:40:26 AM,107.78,9,970.02,51085748.83000001
2025-08-01 11:40:40 AM,107.8,0,0.0,51085748.83000001
2025-08-01 11:40:40 AM,107.8,18,1940.3999999999999,51087689.23000001
2025-08-01 11:41:03 AM,107.64,0,0.0,51087689.23000001
2025-08-01 11:41:05 AM,107.64,100,10764.0,51098453.23000001
2025-08-01 11:42:29 AM,107.75,0,0.0,51098453.23000001
2025-08-01 11:42:32 AM,107.75,200,21550.0,51120003.23000001
2025-08-01 11:42:35 AM,107.77,0,0.0,51120003.23000001
2025-08-01 11:42:37 AM,107.77,13,1401.01,51121404.24000001
2025-08-01 11:42:43 AM,107.79,20,2155.8,51123560.04000001
2025-08-01 11:43:36 AM,107.79,1,107.79,51123667.830000006
2025-08-01 11:43:51 AM,107.79,1,107.79,51123775.620000005
2025-08-01 11:44:07 AM,107.7,200,21540.0,51145315.620000005
2025-08-01 11:44:22 AM,107.68,0,0.0,51145315.620000005
2025-08-01 11:44:25 AM,107.68,1,107.68,51145423.300000004
2025-08-01 11:44:34 AM,107.61,0,0.0,51145423.300000004
2025-08-01 11:44:37 AM,107.61,100,10761.0,51156184.300000004
2025-08-01 11:45:09 AM,107.61,533,57356.13,51213540.43000001
2025-08-01 11:45:20 AM,107.61,1,107.61,51213648.04000001
2025-08-01 11:45:36 AM,107.61,2,215.22,51213863.260000005
2025-08-01 11:46:57 AM,107.56,0,0.0,51213863.260000005
2025-08-01 11:47:01 AM,107.56,225,24201.0,51238064.260000005
2025-08-01 11:47:09 AM,107.59,0,0.0,51238064.260000005
2025-08-01 11:47:10 AM,107.51,0,0.0,51238064.260000005
2025-08-01 11:47:11 AM,107.51,252,27092.52,51265156.78000001
2025-08-01 11:47:14 AM,107.56,0,0.0,51265156.78000001
2025-08-01 11:47:16 AM,107.56,1147,123371.32,51388528.10000001
2025-08-01 11:47:27 AM,107.64,1604,172654.56,51561182.66000001
2025-08-01 11:47:56 AM,107.77,0,0.0,51561182.66000001
2025-08-01 11:47:57 AM,107.85,374,40335.9,51601518.56000001
2025-08-01 11:48:17 AM,107.85,1397,150666.44999999998,51752185.01000001
2025-08-01 11:48:30 AM,107.83,0,0.0,51752185.01000001
2025-08-01 11:48:32 AM,107.83,3,323.49,51752508.500000015
2025-08-01 11:49:37 AM,107.98,0,0.0,51752508.500000015
2025-08-01 11:49:39 AM,107.98,150,16197.0,51768705.500000015
2025-08-01 11:50:09 AM,107.95,0,0.0,51768705.500000015
2025-08-01 11:50:10 AM,107.94,0,0.0,51768705.500000015
2025-08-01 11:50:10 AM,107.94,7,755.5799999999999,51769461.08000001
2025-08-01 11:50:19 AM,107.93,0,0.0,51769461.08000001
2025-08-01 11:50:21 AM,107.93,10,1079.3000000000002,51770540.38000001
2025-08-01 11:50:28 AM,107.75,0,0.0,51770540.38000001
2025-08-01 11:50:31 AM,107.75,100,10775.0,51781315.38000001
2025-08-01 11:50:55 AM,107.82,0,0.0,51781315.38000001
2025-08-01 11:50:56 AM,107.82,1,107.82,51781423.20000001
2025-08-01 11:52:26 AM,107.87,0,0.0,51781423.20000001
2025-08-01 11:52:26 AM,107.87,12,1294.44,51782717.64000001
2025-08-01 11:52:45 AM,107.87,1,107.87,51782825.510000005
2025-08-01 11:53:12 AM,107.87,3,323.61,51783149.120000005
2025-08-01 11:53:57 AM,107.72,40,4308.8,51787457.92
2025-08-01 11:54:31 AM,107.84,0,0.0,51787457.92
2025-08-01 11:54:33 AM,107.84,1,107.84,51787565.760000005
2025-08-01 11:54:47 AM,107.82,0,0.0,51787565.760000005
2025-08-01 11:54:48 AM,107.82,150,16172.999999999998,51803738.760000005
2025-08-01 11:55:51 AM,107.81,0,0.0,51803738.760000005
2025-08-01 11:55:52 AM,107.84,0,0.0,51803738.760000005
2025-08-01 11:55:53 AM,107.84,291,31381.440000000002,51835120.2
2025-08-01 11:56:36 AM,107.95,0,0.0,51835120.2
2025-08-01 11:56:39 AM,107.95,540,58293.0,51893413.2
2025-08-01 11:56:45 AM,107.75,83,8943.25,51902356.45
2025-08-01 11:57:39 AM,107.95,1050,113347.5,52015703.95
2025-08-01 11:57:45 AM,107.84,0,0.0,52015703.95
2025-08-01 11:57:45 AM,107.84,1,107.84,52015811.79000001
2025-08-01 11:58:04 AM,107.84,273,29440.32,52045252.11000001
2025-08-01 11:58:42 AM,107.84,5,539.2,52045791.31000001
2025-08-01 11:58:47 AM,107.7,745,80236.5,52126027.81000001
2025-08-01 11:59:28 AM,107.85,0,0.0,52126027.81000001
2025-08-01 11:59:28 AM,107.85,2,215.7,52126243.51000001
2025-08-01 11:59:34 AM,107.89,0,0.0,52126243.51000001
2025-08-01 11:59:35 AM,107.89,385,41537.65,52167781.16000001
2025-08-01 12:00:26 PM,107.89,720,77680.8,52245461.96000001
2025-08-01 12:00:47 PM,107.71,0,0.0,52245461.96000001
2025-08-01 12:00:48 PM,107.71,520,56009.2,52301471.16000001
2025-08-01 12:00:54 PM,107.7,0,0.0,52301471.16000001
2025-08-01 12:00:55 PM,107.7,200,21540.0,52323011.16000001
2025-08-01 12:02:30 PM,107.71,0,0.0,52323011.16000001
2025-08-01 12:02:32 PM,107.71,300,32312.999999999996,52355324.16000001
2025-08-01 12:03:29 PM,107.72,100,10772.0,52366096.16000001
2025-08-01 12:03:37 PM,107.7,540,58158.0,52424254.16000001
2025-08-01 12:04:03 PM,107.7,185,19924.5,52444178.66000001
2025-08-01 12:07:24 PM,107.75,0,0.0,52444178.66000001
2025-08-01 12:07:26 PM,107.88,0,0.0,52444178.66000001
2025-08-01 12:07:28 PM,107.88,37,3991.56,52448170.22000001
2025-08-01 12:09:26 PM,107.76,0,0.0,52448170.22000001
2025-08-01 12:09:28 PM,107.76,25,2694.0,52450864.22000001
2025-08-01 12:10:16 PM,107.85,0,0.0,52450864.22000001
2025-08-01 12:10:18 PM,107.85,2,215.7,52451079.92000002
2025-08-01 12:10:38 PM,107.85,50,5392.5,52456472.42000002
2025-08-01 12:11:18 PM,107.85,100,10785.0,52467257.42000002
2025-08-01 12:12:58 PM,107.7,0,0.0,52467257.42000002
2025-08-01 12:13:02 PM,107.7,100,10770.0,52478027.42000002
2025-08-01 12:13:40 PM,107.75,0,0.0,52478027.42000002
2025-08-01 12:13:42 PM,107.75,100,10775.0,52488802.42000002
2025-08-01 12:13:48 PM,107.75,60,6465.0,52495267.42000002
2025-08-01 12:15:43 PM,107.75,100,10775.0,52506042.42000002
2025-08-01 12:16:06 PM,107.83,0,0.0,52506042.42000002
2025-08-01 12:16:08 PM,107.83,1,107.83,52506150.250000015
2025-08-01 12:18:34 PM,107.83,10,1078.3,52507228.55000001
2025-08-01 12:19:45 PM,107.83,124,13370.92,52520599.47000001
2025-08-01 12:19:51 PM,107.7,0,0.0,52520599.47000001
2025-08-01 12:19:55 PM,107.7,5642,607643.4,53128242.87000001
2025-08-01 12:21:06 PM,107.64,0,0.0,53128242.87000001
2025-08-01 12:21:07 PM,107.64,250,26910.0,53155152.87000001
2025-08-01 12:22:03 PM,107.69,0,0.0,53155152.87000001
2025-08-01 12:22:05 PM,107.69,1,107.69,53155260.56000001
2025-08-01 12:22:09 PM,107.6,0,0.0,53155260.56000001
2025-08-01 12:22:10 PM,107.6,610,65636.0,53220896.56000001
2025-08-01 12:22:22 PM,107.56,755,81207.8,53302104.36000001
2025-08-01 12:22:28 PM,107.56,4,430.24,53302534.60000001
2025-08-01 12:22:37 PM,107.56,195,20974.2,53323508.80000001
2025-08-01 12:23:00 PM,107.51,0,0.0,53323508.80000001
2025-08-01 12:23:02 PM,107.51,99,10643.49,53334152.290000014
2025-08-01 12:23:56 PM,107.51,90,9675.9,53343828.19000001
2025-08-01 12:24:34 PM,107.45,0,0.0,53343828.19000001
2025-08-01 12:24:36 PM,107.45,1964,211031.80000000002,53554859.99000001
2025-08-01 12:24:38 PM,107.66,0,0.0,53554859.99000001
2025-08-01 12:24:41 PM,107.66,900,96894.0,53651753.99000001
2025-08-01 12:24:56 PM,107.66,4,430.64,53652184.63000001
2025-08-01 12:25:13 PM,107.65,0,0.0,53652184.63000001
2025-08-01 12:25:16 PM,107.65,1,107.65,53652292.28000001
2025-08-01 12:27:38 PM,107.66,0,0.0,53652292.28000001
2025-08-01 12:27:42 PM,107.66,269,28960.54,53681252.82000001
2025-08-01 12:27:49 PM,107.75,0,0.0,53681252.82000001
2025-08-01 12:27:51 PM,107.75,231,24890.25,53706143.07000001
2025-08-01 12:29:30 PM,107.5,0,0.0,53706143.07000001
2025-08-01 12:29:31 PM,107.5,87,9352.5,53715495.57000001
2025-08-01 12:31:24 PM,107.75,0,0.0,53715495.57000001
2025-08-01 12:31:24 PM,107.75,1280,137920.0,53853415.57000001
2025-08-01 12:32:51 PM,107.75,11,1185.25,53854600.82000001
2025-08-01 12:33:10 PM,107.76,0,0.0,53854600.82000001
2025-08-01 12:33:12 PM,107.76,464,50000.64,53904601.46000001
2025-08-01 12:33:40 PM,107.62,0,0.0,53904601.46000001
2025-08-01 12:33:41 PM,107.62,200,21524.0,53926125.46000001
2025-08-01 12:33:56 PM,107.76,0,0.0,53926125.46000001
2025-08-01 12:33:57 PM,107.76,2,215.52,53926340.98000001
2025-08-01 12:34:12 PM,107.76,50,5388.0,53931728.98000001
2025-08-01 12:35:33 PM,107.62,1,107.62,53931836.60000001
2025-08-01 12:36:22 PM,107.74,1,107.74,53931944.34000001
2025-08-01 12:36:26 PM,107.74,4,430.96,53932375.30000001
2025-08-01 12:38:12 PM,107.74,234,25211.16,53957586.46000001
2025-08-01 12:38:28 PM,107.52,0,0.0,53957586.46000001
2025-08-01 12:38:31 PM,107.52,850,91392.0,54048978.46000001
2025-08-01 12:38:36 PM,107.52,100,10752.0,54059730.46000001
2025-08-01 12:39:04 PM,107.7,0,0.0,54059730.46000001
2025-08-01 12:39:05 PM,107.7,15,1615.5,54061345.96000001
2025-08-01 12:39:34 PM,107.7,25,2692.5,54064038.46000001
2025-08-01 12:40:57 PM,107.7,1,107.7,54064146.16000001
2025-08-01 12:41:54 PM,107.26,11853,1271352.78,55335498.94000001
2025-08-01 12:42:02 PM,107.32,0,0.0,55335498.94000001
2025-08-01 12:42:05 PM,107.32,1,107.32,55335606.26000001
2025-08-01 12:42:16 PM,107.34,0,0.0,55335606.26000001
2025-08-01 12:42:16 PM,107.34,150,16101.0,55351707.26000001
2025-08-01 12:44:26 PM,107.49,0,0.0,55351707.26000001
2025-08-01 12:44:29 PM,107.49,24,2579.7599999999998,55354287.02000001
2025-08-01 12:44:29 PM,107.35,100,10735.0,55365022.02000001
2025-08-01 12:45:42 PM,107.13,0,0.0,55365022.02000001
2025-08-01 12:45:46 PM,107.13,1000,107130.0,55472152.02000001
2025-08-01 12:46:24 PM,107.36,0,0.0,55472152.02000001
2025-08-01 12:46:27 PM,107.36,2,214.72,55472366.74000001
2025-08-01 12:47:08 PM,107.36,47,5045.92,55477412.66000001
2025-08-01 12:47:38 PM,107.3,135,14485.5,55491898.16000001
2025-08-01 12:48:50 PM,107.4,0,0.0,55491898.16000001
2025-08-01 12:48:53 PM,107.4,2,214.8,55492112.96000001
2025-08-01 12:49:56 PM,107.39,0,0.0,55492112.96000001
2025-08-01 12:49:56 PM,107.39,215,23088.85,55515201.81000001
2025-08-01 12:50:44 PM,107.39,5,536.95,55515738.76000001
2025-08-01 12:50:48 PM,107.36,0,0.0,55515738.76000001
2025-08-01 12:50:49 PM,107.36,481,51640.159999999996,55567378.92000001
2025-08-01 12:50:52 PM,107.39,0,0.0,55567378.92000001
2025-08-01 12:50:55 PM,107.39,10,1073.9,55568452.82000001
2025-08-01 12:51:05 PM,107.39,100,10739.0,55579191.82000001
2025-08-01 12:52:52 PM,107.3,0,0.0,55579191.82000001
2025-08-01 12:52:55 PM,107.3,352,37769.6,55616961.42000001
2025-08-01 12:53:00 PM,107.16,100,10716.0,55627677.42000001
2025-08-01 12:54:52 PM,107.29,0,0.0,55627677.42000001
2025-08-01 12:54:56 PM,107.29,10,1072.9,55628750.32000001
2025-08-01 12:58:22 PM,107.28,0,0.0,55628750.32000001
2025-08-01 12:58:23 PM,107.28,2,214.56,55628964.88000001
2025-08-01 12:58:38 PM,107.28,2,214.56,55629179.44000001
2025-08-01 12:59:00 PM,107.27,0,0.0,55629179.44000001
2025-08-01 12:59:03 PM,107.27,1,107.27,55629286.710000016
2025-08-01 12:59:18 PM,107.18,0,0.0,55629286.710000016
2025-08-01 12:59:18 PM,107.18,28,3001.04,55632287.750000015
2025-08-01 12:59:52 PM,107.26,0,0.0,55632287.750000015
2025-08-01 12:59:55 PM,107.26,15,1608.9,55633896.65000001
2025-08-01 01:00:55 PM,107.27,0,0.0,55633896.65000001
2025-08-01 01:00:55 PM,107.2,0,0.0,55633896.65000001
2025-08-01 01:00:57 PM,107.2,514,55100.8,55688997.45000001
2025-08-01 01:01:24 PM,107.2,30,3216.0,55692213.45000001
2025-08-01 01:01:30 PM,107.2,291,31195.2,55723408.65000001
2025-08-01 01:01:39 PM,107.2,100,10720.0,55734128.65000001
2025-08-01 01:01:53 PM,107.18,0,0.0,55734128.65000001
2025-08-01 01:01:54 PM,107.18,20,2143.6000000000004,55736272.250000015
2025-08-01 01:01:55 PM,107.18,17,1822.0600000000002,55738094.31000002
2025-08-01 01:02:08 PM,107.18,400,42872.0,55780966.31000002
2025-08-01 01:02:37 PM,107.2,0,0.0,55780966.31000002
2025-08-01 01:02:39 PM,107.2,200,21440.0,55802406.31000002
2025-08-01 01:05:32 PM,107.2,548,58745.6,55861151.91000002
2025-08-01 01:05:45 PM,107.3,0,0.0,55861151.91000002
2025-08-01 01:05:48 PM,107.3,10,1073.0,55862224.91000002
2025-08-01 01:05:54 PM,107.3,138,14807.4,55877032.31000002
2025-08-01 01:06:24 PM,107.38,55,5905.9,55882938.210000016
2025-08-01 01:06:55 PM,107.54,50,5377.0,55888315.210000016
2025-08-01 01:07:18 PM,107.55,0,0.0,55888315.210000016
2025-08-01 01:07:20 PM,107.55,75,8066.25,55896381.460000016
2025-08-01 01:09:30 PM,107.72,0,0.0,55896381.460000016
2025-08-01 01:09:31 PM,107.72,100,10772.0,55907153.460000016
2025-08-01 01:09:59 PM,107.58,0,0.0,55907153.460000016
2025-08-01 01:09:59 PM,107.58,100,10758.0,55917911.460000016
2025-08-01 01:11:28 PM,107.72,0,0.0,55917911.460000016
2025-08-01 01:11:28 PM,107.72,1,107.72,55918019.180000015
2025-08-01 01:11:43 PM,107.72,25,2693.0,55920712.180000015
2025-08-01 01:12:08 PM,107.68,0,0.0,55920712.180000015
2025-08-01 01:12:11 PM,107.68,464,49963.520000000004,55970675.70000002
2025-08-01 01:12:28 PM,107.59,0,0.0,55970675.70000002
2025-08-01 01:12:28 PM,107.59,200,21518.0,55992193.70000002
2025-08-01 01:12:48 PM,107.72,0,0.0,55992193.70000002
2025-08-01 01:12:49 PM,107.72,500,53860.0,56046053.70000002
2025-08-01 01:13:18 PM,107.72,5,538.6,56046592.30000002
2025-08-01 01:13:43 PM,107.72,1,107.72,56046700.02000002
2025-08-01 01:13:50 PM,107.72,11,1184.92,56047884.94000002
2025-08-01 01:13:58 PM,107.6,0,0.0,56047884.94000002
2025-08-01 01:13:58 PM,107.6,50,5380.0,56053264.94000002
2025-08-01 01:15:20 PM,107.72,20,2154.4,56055419.34000002
2025-08-01 01:16:20 PM,107.62,0,0.0,56055419.34000002
2025-08-01 01:16:20 PM,107.62,100,10762.0,56066181.34000002
2025-08-01 01:16:30 PM,107.72,0,0.0,56066181.34000002
2025-08-01 01:16:30 PM,107.72,2,215.44,56066396.780000016
2025-08-01 01:16:46 PM,107.62,0,0.0,56066396.780000016
2025-08-01 01:16:48 PM,107.62,55,5919.1,56072315.88000002
2025-08-01 01:17:34 PM,107.63,0,0.0,56072315.88000002
2025-08-01 01:17:35 PM,107.63,520,55967.6,56128283.48000002
2025-08-01 01:17:55 PM,107.63,100,10763.0,56139046.48000002
2025-08-01 01:19:58 PM,107.73,0,0.0,56139046.48000002
2025-08-01 01:19:59 PM,107.73,1,107.73,56139154.210000016
2025-08-01 01:20:35 PM,107.73,62,6679.26,56145833.47000001
2025-08-01 01:22:26 PM,107.73,76,8187.4800000000005,56154020.95000001
2025-08-01 01:22:38 PM,107.65,0,0.0,56154020.95000001
2025-08-01 01:22:40 PM,107.65,50,5382.5,56159403.45000001
2025-08-01 01:23:31 PM,107.65,100,10765.0,56170168.45000001
2025-08-01 01:23:51 PM,107.7,0,0.0,56170168.45000001
2025-08-01 01:23:51 PM,107.7,50,5385.0,56175553.45000001
2025-08-01 01:23:54 PM,107.65,0,0.0,56175553.45000001
2025-08-01 01:23:56 PM,107.65,25,2691.25,56178244.70000001
2025-08-01 01:25:03 PM,107.66,0,0.0,56178244.70000001
2025-08-01 01:25:08 PM,107.66,362,38972.92,56217217.62000001
2025-08-01 01:25:41 PM,107.37,0,0.0,56217217.62000001
2025-08-01 01:25:42 PM,107.54,1120,120444.8,56337662.42000001
2025-08-01 01:25:47 PM,107.37,0,0.0,56337662.42000001
2025-08-01 01:25:47 PM,107.37,100,10737.0,56348399.42000001
2025-08-01 01:25:57 PM,107.48,0,0.0,56348399.42000001
2025-08-01 01:25:57 PM,107.48,60,6448.8,56354848.220000006
2025-08-01 01:28:10 PM,107.73,0,0.0,56354848.220000006
2025-08-01 01:28:14 PM,107.73,1094,117856.62000000001,56472704.84
2025-08-01 01:28:32 PM,107.9,0,0.0,56472704.84
2025-08-01 01:28:33 PM,107.9,50,5395.0,56478099.84
2025-08-01 01:29:18 PM,107.88,33,3560.04,56481659.88
2025-08-01 01:29:21 PM,107.8,92,9917.6,56491577.480000004
2025-08-01 01:29:22 PM,107.77,92,9914.84,56501492.32000001
2025-08-01 01:29:26 PM,107.79,0,0.0,56501492.32000001
2025-08-01 01:29:26 PM,107.79,20,2155.8,56503648.120000005
2025-08-01 01:29:29 PM,107.67,16,1722.72,56505370.84
2025-08-01 01:29:34 PM,107.62,118,12699.16,56518070.0
2025-08-01 01:30:08 PM,107.81,0,0.0,56518070.0
2025-08-01 01:30:09 PM,107.81,200,21562.0,56539632.0
2025-08-01 01:30:12 PM,107.85,0,0.0,56539632.0
2025-08-01 01:30:14 PM,107.85,1,107.85,56539739.85
2025-08-01 01:31:18 PM,107.9,0,0.0,56539739.85
2025-08-01 01:31:19 PM,107.9,1089,117503.1,56657242.95
2025-08-01 01:31:26 PM,107.96,0,0.0,56657242.95
2025-08-01 01:31:29 PM,107.96,1,107.96,56657350.910000004
2025-08-01 01:32:52 PM,107.96,217,23427.32,56680778.230000004
2025-08-01 01:34:00 PM,107.9,200,21580.0,56702358.230000004
2025-08-01 01:34:16 PM,107.96,0,0.0,56702358.230000004
2025-08-01 01:34:19 PM,107.96,18,1943.28,56704301.510000005
2025-08-01 01:34:38 PM,107.9,0,0.0,56704301.510000005
2025-08-01 01:34:39 PM,107.9,50,5395.0,56709696.510000005
2025-08-01 01:34:52 PM,107.9,200,21580.0,56731276.510000005
2025-08-01 01:35:08 PM,107.9,300,32370.0,56763646.510000005
2025-08-01 01:35:16 PM,107.9,100,10790.0,56774436.510000005
2025-08-01 01:35:22 PM,107.9,221,23845.9,56798282.410000004
2025-08-01 01:36:13 PM,107.76,0,0.0,56798282.410000004
2025-08-01 01:36:14 PM,107.76,100,10776.0,56809058.410000004
2025-08-01 01:36:58 PM,107.74,0,0.0,56809058.410000004
2025-08-01 01:37:03 PM,107.74,1,107.74,56809166.150000006
2025-08-01 01:38:28 PM,107.87,0,0.0,56809166.150000006
2025-08-01 01:38:30 PM,107.87,10,1078.7,56810244.85000001
2025-08-01 01:39:44 PM,107.88,10,1078.8,56811323.650000006
2025-08-01 01:42:28 PM,107.79,0,0.0,56811323.650000006
2025-08-01 01:42:28 PM,107.79,1,107.79,56811431.440000005
2025-08-01 01:44:11 PM,107.79,100,10779.0,56822210.440000005
2025-08-01 01:44:27 PM,107.85,50,5392.5,56827602.940000005
2025-08-01 01:44:46 PM,107.8,0,0.0,56827602.940000005
2025-08-01 01:44:47 PM,107.8,100,10780.0,56838382.940000005
2025-08-01 01:45:02 PM,107.85,0,0.0,56838382.940000005
2025-08-01 01:45:02 PM,107.85,5,539.25,56838922.190000005
2025-08-01 01:46:01 PM,107.85,2,215.7,56839137.89000001
2025-08-01 01:46:02 PM,107.8,0,0.0,56839137.89000001
2025-08-01 01:46:06 PM,107.8,10,1078.0,56840215.89000001
2025-08-01 01:47:42 PM,107.8,300,32340.0,56872555.89000001
2025-08-01 01:48:08 PM,107.7,0,0.0,56872555.89000001
2025-08-01 01:48:11 PM,107.7,3794,408613.8,57281169.690000005
2025-08-01 01:50:20 PM,107.84,0,0.0,57281169.690000005
2025-08-01 01:50:23 PM,107.84,28,3019.52,57284189.21000001
2025-08-01 01:50:42 PM,107.84,81,8735.04,57292924.25000001
2025-08-01 01:51:06 PM,107.71,0,0.0,57292924.25000001
2025-08-01 01:51:07 PM,107.71,2,215.42,57293139.67000001
2025-08-01 01:51:08 PM,107.83,0,0.0,57293139.67000001
2025-08-01 01:51:08 PM,107.83,10,1078.3,57294217.970000006
2025-08-01 01:51:34 PM,107.71,0,0.0,57294217.970000006
2025-08-01 01:51:36 PM,107.71,1,107.71,57294325.68000001
2025-08-01 01:51:58 PM,107.8,0,0.0,57294325.68000001
2025-08-01 01:52:00 PM,107.8,10,1078.0,57295403.68000001
2025-08-01 01:52:10 PM,107.8,33,3557.4,57298961.080000006
2025-08-01 01:52:21 PM,107.8,37,3988.6,57302949.68000001
2025-08-01 01:53:16 PM,107.7,0,0.0,57302949.68000001
2025-08-01 01:53:18 PM,107.7,500,53850.0,57356799.68000001
2025-08-01 01:53:38 PM,107.53,1000,107530.0,57464329.68000001
2025-08-01 01:54:00 PM,107.48,0,0.0,57464329.68000001
2025-08-01 01:54:01 PM,107.48,500,53740.0,57518069.68000001
2025-08-01 01:54:48 PM,107.37,0,0.0,57518069.68000001
2025-08-01 01:54:49 PM,107.37,1000,107370.0,57625439.68000001
2025-08-01 01:55:51 PM,107.5,0,0.0,57625439.68000001
2025-08-01 01:55:53 PM,107.5,47,5052.5,57630492.18000001
2025-08-01 01:55:58 PM,107.5,2,215.0,57630707.18000001
2025-08-01 01:55:58 PM,107.37,0,0.0,57630707.18000001
2025-08-01 01:56:00 PM,107.54,0,0.0,57630707.18000001
2025-08-01 01:56:03 PM,107.54,855,91946.70000000001,57722653.88000001
2025-08-01 01:57:00 PM,107.59,0,0.0,57722653.88000001
2025-08-01 01:57:02 PM,107.59,1,107.59,57722761.47000001
2025-08-01 01:58:34 PM,107.75,0,0.0,57722761.47000001
2025-08-01 01:58:35 PM,107.75,20,2155.0,57724916.47000001
2025-08-01 01:59:25 PM,107.65,0,0.0,57724916.47000001
2025-08-01 01:59:26 PM,107.65,335,36062.75,57760979.22000001
2025-08-01 01:59:33 PM,107.6,0,0.0,57760979.22000001
2025-08-01 01:59:37 PM,107.6,950,102220.0,57863199.22000001
2025-08-01 01:59:52 PM,107.6,2,215.2,57863414.42000002
2025-08-01 02:00:06 PM,107.5,0,0.0,57863414.42000002
2025-08-01 02:00:07 PM,107.5,300,32250.0,57895664.42000002
2025-08-01 02:01:00 PM,107.59,2,215.18,57895879.60000002
2025-08-01 02:02:18 PM,107.5,3945,424087.5,58319967.10000002
2025-08-01 02:02:52 PM,107.54,0,0.0,58319967.10000002
2025-08-01 02:02:53 PM,107.54,76,8173.040000000001,58328140.140000015
2025-08-01 02:03:04 PM,107.4,0,0.0,58328140.140000015
2025-08-01 02:03:08 PM,107.4,344,36945.6,58365085.74000002
2025-08-01 02:03:23 PM,107.4,20,2148.0,58367233.74000002
2025-08-01 02:03:59 PM,107.61,500,53805.0,58421038.74000002
2025-08-01 02:04:19 PM,107.63,0,0.0,58421038.74000002
2025-08-01 02:04:19 PM,107.63,5,538.15,58421576.890000015
2025-08-01 02:05:09 PM,107.49,0,0.0,58421576.890000015
2025-08-01 02:05:09 PM,107.49,10,1074.8999999999999,58422651.790000014
2025-08-01 02:05:57 PM,107.5,0,0.0,58422651.790000014
2025-08-01 02:05:59 PM,107.5,75,8062.5,58430714.290000014
2025-08-01 02:07:31 PM,107.49,299,32139.51,58462853.80000001
2025-08-01 02:07:31 PM,107.4,45,4833.0,58467686.80000001
2025-08-01 02:08:06 PM,107.57,0,0.0,58467686.80000001
2025-08-01 02:08:07 PM,107.57,300,32270.999999999996,58499957.80000001
2025-08-01 02:09:04 PM,107.57,30,3227.1,58503184.90000001
2025-08-01 02:09:49 PM,107.57,1,107.57,58503292.47000001
2025-08-01 02:11:24 PM,107.64,0,0.0,58503292.47000001
2025-08-01 02:11:26 PM,107.64,1,107.64,58503400.110000014
2025-08-01 02:11:52 PM,107.64,76,8180.64,58511580.750000015
2025-08-01 02:12:39 PM,107.51,2,215.02,58511795.77000002
2025-08-01 02:13:10 PM,107.51,20,2150.2000000000003,58513945.97000002
2025-08-01 02:13:36 PM,107.51,100,10751.0,58524696.97000002
2025-08-01 02:13:50 PM,107.51,1,107.51,58524804.48000002
2025-08-01 02:14:00 PM,107.51,414,44509.14,58569313.62000002
2025-08-01 02:14:02 PM,107.5,5,537.5,58569851.12000002
2025-08-01 02:14:11 PM,107.41,122,13104.02,58582955.14000002
2025-08-01 02:14:43 PM,107.41,10,1074.1,58584029.240000024
2025-08-01 02:15:08 PM,107.41,257,27604.37,58611633.61000002
2025-08-01 02:15:11 PM,107.41,24,2577.84,58614211.450000025
2025-08-01 02:19:46 PM,107.56,0,0.0,58614211.450000025
2025-08-01 02:19:48 PM,107.56,10,1075.6,58615287.05000003
2025-08-01 02:20:00 PM,107.38,0,0.0,58615287.05000003
2025-08-01 02:20:03 PM,107.4,0,0.0,58615287.05000003
2025-08-01 02:20:03 PM,107.4,2926,314252.4,58929539.450000025
2025-08-01 02:20:34 PM,107.4,1,107.4,58929646.850000024
2025-08-01 02:21:27 PM,107.38,0,0.0,58929646.850000024
2025-08-01 02:21:31 PM,107.38,100,10738.0,58940384.850000024
2025-08-01 02:22:02 PM,107.38,100,10738.0,58951122.850000024
2025-08-01 02:22:29 PM,107.38,200,21476.0,58972598.850000024
2025-08-01 02:23:28 PM,107.38,150,16107.0,58988705.850000024
2025-08-01 02:24:52 PM,107.38,10,1073.8,58989779.65000002
2025-08-01 02:25:19 PM,107.38,550,59059.0,59048838.65000002
2025-08-01 02:25:28 PM,107.37,0,0.0,59048838.65000002
2025-08-01 02:25:30 PM,107.37,5752,617592.24,59666430.89000002
2025-08-01 02:26:28 PM,107.37,3099,332739.63,59999170.520000026
2025-08-01 02:26:36 PM,107.4,0,0.0,59999170.520000026
2025-08-01 02:26:38 PM,107.4,29,3114.6000000000004,60002285.12000003
2025-08-01 02:26:54 PM,107.4,101,10847.400000000001,60013132.520000026
2025-08-01 02:27:17 PM,107.4,30,3222.0,60016354.520000026
2025-08-01 02:27:54 PM,107.4,2,214.8,60016569.32000002
2025-08-01 02:28:19 PM,107.37,0,0.0,60016569.32000002
2025-08-01 02:28:21 PM,107.37,1020,109517.40000000001,60126086.72000002
2025-08-01 02:28:27 PM,107.37,1000,107370.0,60233456.72000002
2025-08-01 02:28:37 PM,107.37,50,5368.5,60238825.22000002
2025-08-01 02:29:12 PM,107.37,200,21474.0,60260299.22000002
2025-08-01 02:29:29 PM,107.37,50,5368.5,60265667.72000002
2025-08-01 02:30:21 PM,107.4,0,0.0,60265667.72000002
2025-08-01 02:30:23 PM,107.4,500,53700.0,60319367.72000002
2025-08-01 02:30:39 PM,107.4,500,53700.0,60373067.72000002
2025-08-01 02:30:50 PM,107.4,552,59284.8,60432352.52000002
2025-08-01 02:31:00 PM,107.39,0,0.0,60432352.52000002
2025-08-01 02:31:00 PM,107.39,732,78609.48,60510962.000000015
2025-08-01 02:31:01 PM,107.38,20,2147.6,60513109.60000002
2025-08-01 02:31:12 PM,107.4,0,0.0,60513109.60000002
2025-08-01 02:31:12 PM,107.4,11,1181.4,60514291.000000015
2025-08-01 02:31:45 PM,107.4,500,53700.0,60567991.000000015
2025-08-01 02:31:50 PM,107.59,0,0.0,60567991.000000015
2025-08-01 02:31:50 PM,107.59,1057,113722.63,60681713.63000002
2025-08-01 02:33:08 PM,107.59,100,10759.0,60692472.63000002
2025-08-01 02:33:25 PM,107.52,200,21504.0,60713976.63000002
2025-08-01 02:34:03 PM,107.44,0,0.0,60713976.63000002
2025-08-01 02:34:03 PM,107.44,51,5479.44,60719456.070000015
2025-08-01 02:34:17 PM,107.63,0,0.0,60719456.070000015
2025-08-01 02:34:17 PM,107.63,415,44666.45,60764122.52000002
2025-08-01 02:34:38 PM,107.64,0,0.0,60764122.52000002
2025-08-01 02:34:39 PM,107.64,47,5059.08,60769181.60000002
2025-08-01 02:34:50 PM,107.69,1000,107690.0,60876871.60000002
2025-08-01 02:34:53 PM,107.69,3,323.07,60877194.67000002
2025-08-01 02:35:11 PM,107.7,0,0.0,60877194.67000002
2025-08-01 02:35:12 PM,107.7,1024,110284.8,60987479.47000001
2025-08-01 02:35:23 PM,107.7,50,5385.0,60992864.47000001
2025-08-01 02:36:36 PM,107.57,50,5378.5,60998242.97000001
2025-08-01 02:37:02 PM,107.57,50,5378.5,61003621.47000001
2025-08-01 02:37:08 PM,107.57,186,20008.02,61023629.49000002
2025-08-01 02:37:12 PM,107.57,150,16135.499999999998,61039764.99000002
2025-08-01 02:38:22 PM,107.65,5,538.25,61040303.24000002
2025-08-01 02:38:26 PM,107.41,0,0.0,61040303.24000002
2025-08-01 02:38:28 PM,107.37,0,0.0,61040303.24000002
2025-08-01 02:38:28 PM,107.37,2435,261445.95,61301749.19000002
2025-08-01 02:38:56 PM,107.37,20,2147.4,61303896.59000002
2025-08-01 02:39:08 PM,107.37,50,5368.5,61309265.09000002
2025-08-01 02:39:14 PM,107.37,57,6120.09,61315385.18000002
2025-08-01 02:39:20 PM,107.37,2000,214740.0,61530125.18000002
2025-08-01 02:39:31 PM,107.37,1,107.37,61530232.55000002
2025-08-01 02:39:39 PM,107.3,0,0.0,61530232.55000002
2025-08-01 02:39:42 PM,107.3,12624,1354555.2,62884787.75000002
2025-08-01 02:39:48 PM,107.11,713,76369.43,62961157.18000002
2025-08-01 02:40:49 PM,107.11,480,51412.8,63012569.98000002
2025-08-01 02:41:06 PM,107.19,50,5359.5,63017929.48000002
2025-08-01 02:43:02 PM,107.19,1,107.19,63018036.67000002
2025-08-01 02:43:13 PM,107.19,513,54988.47,63073025.140000015
2025-08-01 02:44:25 PM,107.19,100,10719.0,63083744.140000015
2025-08-01 02:45:11 PM,107.18,1,107.18,63083851.320000015
2025-08-01 02:45:38 PM,107.18,100,10718.0,63094569.320000015
2025-08-01 02:45:38 PM,107.15,18,1928.7,63096498.02000002
2025-08-01 02:45:55 PM,107.13,100,10713.0,63107211.02000002
2025-08-01 02:47:21 PM,107.18,0,0.0,63107211.02000002
2025-08-01 02:47:24 PM,107.18,231,24758.58,63131969.60000002
2025-08-01 02:47:28 PM,107.13,0,0.0,63131969.60000002
2025-08-01 02:47:30 PM,107.13,63,6749.19,63138718.790000014
2025-08-01 02:47:47 PM,107.13,201,21533.129999999997,63160251.92000002
2025-08-01 02:48:17 PM,107.12,200,21424.0,63181675.92000002
2025-08-01 02:48:30 PM,107.11,0,0.0,63181675.92000002
2025-08-01 02:48:33 PM,107.11,500,53555.0,63235230.92000002
2025-08-01 02:48:39 PM,107.1,510,54621.0,63289851.92000002
2025-08-01 02:48:48 PM,107.09,0,0.0,63289851.92000002
2025-08-01 02:48:49 PM,107.09,415,44442.35,63334294.27000002
2025-08-01 02:49:00 PM,107.09,779,83423.11,63417717.38000002
2025-08-01 02:49:55 PM,107.23,0,0.0,63417717.38000002
2025-08-01 02:49:56 PM,107.23,10,1072.3,63418789.680000015
2025-08-01 02:50:27 PM,107.15,0,0.0,63418789.680000015
2025-08-01 02:50:29 PM,107.15,1,107.15,63418896.83000001
2025-08-01 02:50:40 PM,107.14,200,21428.0,63440324.83000001
2025-08-01 02:50:45 PM,107.14,95,10178.3,63450503.13000001
2025-08-01 02:52:11 PM,107.16,0,0.0,63450503.13000001
2025-08-01 02:52:11 PM,107.16,40,4286.4,63454789.53000001
2025-08-01 02:52:52 PM,107.23,0,0.0,63454789.53000001
2025-08-01 02:52:54 PM,107.23,20,2144.6,63456934.13000001
2025-08-01 02:53:10 PM,107.16,0,0.0,63456934.13000001
2025-08-01 02:53:10 PM,107.16,100,10716.0,63467650.13000001
2025-08-01 02:53:26 PM,107.23,70,7506.1,63475156.23000001
2025-08-01 02:54:30 PM,107.23,2000,214460.0,63689616.23000001
2025-08-01 02:54:38 PM,107.23,148,15870.04,63705486.27000001
2025-08-01 02:54:41 PM,107.23,314,33670.22,63739156.49000001
2025-08-01 02:54:43 PM,107.23,400,42892.0,63782048.49000001
2025-08-01 02:54:54 PM,107.23,1850,198375.5,63980423.99000001
2025-08-01 02:55:46 PM,107.29,0,0.0,63980423.99000001
2025-08-01 02:55:47 PM,107.29,100,10729.0,63991152.99000001
2025-08-01 02:55:58 PM,107.23,0,0.0,63991152.99000001
2025-08-01 02:55:58 PM,107.23,699,74953.77,64066106.76000001
2025-08-01 02:57:38 PM,107.15,25,2678.75,64068785.51000001
2025-08-01 02:58:29 PM,107.15,250,26787.5,64095573.01000001
2025-08-01 02:58:42 PM,107.15,50,5357.5,64100930.51000001
2025-08-01 02:58:47 PM,107.26,0,0.0,64100930.51000001
2025-08-01 02:58:47 PM,107.26,4,429.04,64101359.55000001
2025-08-01 02:58:57 PM,107.27,5,536.35,64101895.90000001
2025-08-01 02:59:45 PM,107.25,0,0.0,64101895.90000001
2025-08-01 02:59:48 PM,107.25,20,2145.0,64104040.90000001
2025-08-01 02:59:53 PM,107.25,9,965.25,64105006.15000001
2025-08-01 03:00:11 PM,107.25,191,20484.75,64125490.90000001
2025-08-01 03:00:28 PM,107.2,582,62390.4,64187881.30000001
2025-08-01 03:00:39 PM,107.15,0,0.0,64187881.30000001
2025-08-01 03:00:40 PM,107.15,159,17036.850000000002,64204918.15000001
2025-08-01 03:00:46 PM,107.15,1,107.15,64205025.30000001
2025-08-01 03:00:54 PM,107.14,0,0.0,64205025.30000001
2025-08-01 03:00:54 PM,107.14,2,214.28,64205239.58000001
2025-08-01 03:01:05 PM,107.15,0,0.0,64205239.58000001
2025-08-01 03:01:07 PM,107.15,49,5250.35,64210489.930000015
2025-08-01 03:01:50 PM,107.15,250,26787.5,64237277.430000015
2025-08-01 03:02:17 PM,107.15,172,18429.8,64255707.23000001
2025-08-01 03:02:32 PM,107.14,290,31070.6,64286777.83000001
2025-08-01 03:02:41 PM,107.14,20,2142.8,64288920.63000001
2025-08-01 03:02:51 PM,107.14,10,1071.4,64289992.03000001
2025-08-01 03:03:06 PM,107.15,9,964.35,64290956.38000001
2025-08-01 03:03:30 PM,107.14,0,0.0,64290956.38000001
2025-08-01 03:03:30 PM,107.14,400,42856.0,64333812.38000001
2025-08-01 03:03:36 PM,107.15,0,0.0,64333812.38000001
2025-08-01 03:03:36 PM,107.15,2,214.3,64334026.68000001
2025-08-01 03:03:43 PM,107.14,103,11035.42,64345062.10000001
2025-08-01 03:03:52 PM,107.14,400,42856.0,64387918.10000001
2025-08-01 03:03:55 PM,107.14,733,78533.62,64466451.720000006
2025-08-01 03:04:04 PM,107.14,400,42856.0,64509307.720000006
2025-08-01 03:04:20 PM,107.14,365,39106.1,64548413.82000001
2025-08-01 03:04:44 PM,107.1,82,8782.199999999999,64557196.02000001
2025-08-01 03:05:34 PM,107.07,0,0.0,64557196.02000001
2025-08-01 03:05:34 PM,107.07,178,19058.46,64576254.48000001
2025-08-01 03:05:57 PM,107.1,0,0.0,64576254.48000001
2025-08-01 03:05:59 PM,107.1,1563,167397.3,64743651.78000001
2025-08-01 03:06:02 PM,107.15,0,0.0,64743651.78000001
2025-08-01 03:06:02 PM,107.15,17,1821.5500000000002,64745473.330000006
2025-08-01 03:06:05 PM,107.17,79,8466.43,64753939.760000005
2025-08-01 03:06:22 PM,107.01,0,0.0,64753939.760000005
2025-08-01 03:06:23 PM,107.01,2501,267632.01,65021571.77
2025-08-01 03:06:36 PM,107.01,1000,107010.0,65128581.77
2025-08-01 03:06:48 PM,107.15,324,34716.6,65163298.370000005
2025-08-01 03:07:11 PM,107.15,20,2143.0,65165441.370000005
2025-08-01 03:07:14 PM,107.15,25,2678.75,65168120.120000005
2025-08-01 03:07:17 PM,107.15,300,32145.0,65200265.120000005
2025-08-01 03:08:15 PM,107.15,500,53575.0,65253840.120000005
2025-08-01 03:08:40 PM,107.15,700,75005.0,65328845.120000005
2025-08-01 03:08:44 PM,107.15,300,32145.0,65360990.120000005
2025-08-01 03:08:46 PM,107.15,736,78862.40000000001,65439852.52
2025-08-01 03:09:16 PM,107.03,150,16054.5,65455907.02
2025-08-01 03:09:45 PM,107.02,0,0.0,65455907.02
2025-08-01 03:09:48 PM,107.02,1000,107020.0,65562927.02
2025-08-01 03:09:51 PM,107.01,1100,117711.0,65680638.02
2025-08-01 03:10:12 PM,107.01,1000,107010.0,65787648.02
2025-08-01 03:10:19 PM,107.01,100,10701.0,65798349.02
2025-08-01 03:10:23 PM,107.09,100,10709.0,65809058.02
2025-08-01 03:10:36 PM,107.04,0,0.0,65809058.02
2025-08-01 03:10:37 PM,107.04,150,16056.000000000002,65825114.02
2025-08-01 03:10:43 PM,107.04,10,1070.4,65826184.42
2025-08-01 03:10:56 PM,107.04,17,1819.68,65828004.1
2025-08-01 03:11:07 PM,107.14,0,0.0,65828004.1
2025-08-01 03:11:09 PM,107.14,233,24963.62,65852967.72
2025-08-01 03:11:28 PM,107.04,1201,128555.04000000001,65981522.76
2025-08-01 03:11:41 PM,107.04,5,535.2,65982057.96
2025-08-01 03:11:49 PM,107.14,0,0.0,65982057.96
2025-08-01 03:11:49 PM,107.14,2,214.28,65982272.24
2025-08-01 03:12:02 PM,107.14,4,428.56,65982700.800000004
2025-08-01 03:12:08 PM,107.05,0,0.0,65982700.800000004
2025-08-01 03:12:09 PM,107.05,97,10383.85,65993084.650000006
2025-08-01 03:13:01 PM,107.05,300,32115.0,66025199.650000006
2025-08-01 03:13:18 PM,107.06,276,29548.56,66054748.21000001
2025-08-01 03:13:21 PM,107.06,1000,107060.0,66161808.21000001
2025-08-01 03:13:31 PM,107.14,0,0.0,66161808.21000001
2025-08-01 03:13:33 PM,107.14,73,7821.22,66169629.43000001
2025-08-01 03:13:39 PM,107.14,400,42856.0,66212485.43000001
2025-08-01 03:13:45 PM,107.13,400,42852.0,66255337.43000001
2025-08-01 03:13:57 PM,107.13,400,42852.0,66298189.43000001
2025-08-01 03:14:09 PM,107.0,0,0.0,66298189.43000001
2025-08-01 03:14:10 PM,107.0,2606,278842.0,66577031.43000001
2025-08-01 03:14:22 PM,107.01,20,2140.2000000000003,66579171.63000001
2025-08-01 03:14:31 PM,107.12,50,5356.0,66584527.63000001
2025-08-01 03:14:37 PM,107.01,50,5350.5,66589878.13000001
2025-08-01 03:14:49 PM,107.02,50,5351.0,66595229.13000001
2025-08-01 03:15:05 PM,107.01,5000,535050.0,67130279.13000001
2025-08-01 03:15:07 PM,107.13,0,0.0,67130279.13000001
2025-08-01 03:15:08 PM,107.13,2,214.26,67130493.39000002
2025-08-01 03:15:13 PM,107.01,205,21937.05,67152430.44000001
2025-08-01 03:15:15 PM,107.13,0,0.0,67152430.44000001
2025-08-01 03:15:15 PM,107.13,10,1071.3,67153501.74000001
2025-08-01 03:15:18 PM,107.01,0,0.0,67153501.74000001
2025-08-01 03:15:20 PM,107.01,200,21402.0,67174903.74000001
2025-08-01 03:15:30 PM,107.0,5000,535000.0,67709903.74000001
2025-08-01 03:15:38 PM,107.0,3,321.0,67710224.74000001
2025-08-01 03:16:11 PM,107.0,1000,107000.0,67817224.74000001
2025-08-01 03:16:13 PM,107.01,160,17121.600000000002,67834346.34
2025-08-01 03:16:26 PM,107.01,1,107.01,67834453.35000001
2025-08-01 03:16:52 PM,107.07,3,321.21,67834774.56
2025-08-01 03:17:05 PM,107.07,1,107.07,67834881.63
2025-08-01 03:17:07 PM,107.07,499,53427.92999999999,67888309.56
2025-08-01 03:17:12 PM,107.07,50,5353.5,67893663.06
2025-08-01 03:17:14 PM,107.1,180,19278.0,67912941.06
2025-08-01 03:17:19 PM,107.1,1,107.1,67913048.16
2025-08-01 03:17:26 PM,107.1,200,21420.0,67934468.16
2025-08-01 03:17:27 PM,107.13,20,2142.6,67936610.75999999
2025-08-01 03:17:32 PM,107.13,106,11355.779999999999,67947966.53999999
2025-08-01 03:17:39 PM,107.12,2,214.24,67948180.77999999
2025-08-01 03:17:40 PM,107.13,58,6213.54,67954394.32
2025-08-01 03:17:58 PM,107.12,1,107.12,67954501.44
2025-08-01 03:18:04 PM,107.11,505,54090.55,68008591.99
2025-08-01 03:18:06 PM,107.08,150,16062.0,68024653.99
2025-08-01 03:18:09 PM,107.12,0,0.0,68024653.99
2025-08-01 03:18:11 PM,107.12,1001,107227.12000000001,68131881.11
2025-08-01 03:18:18 PM,107.08,131,14027.48,68145908.59
2025-08-01 03:18:25 PM,107.12,3,321.36,68146229.95
2025-08-01 03:18:41 PM,107.08,0,0.0,68146229.95
2025-08-01 03:18:44 PM,107.08,1000,107080.0,68253309.95
2025-08-01 03:18:52 PM,107.08,750,80310.0,68333619.95
2025-08-01 03:18:57 PM,107.07,16,1713.12,68335333.07000001
2025-08-01 03:19:01 PM,107.08,0,0.0,68335333.07000001
2025-08-01 03:19:04 PM,107.08,45,4818.6,68340151.67
2025-08-01 03:19:10 PM,107.08,190,20345.2,68360496.87
2025-08-01 03:19:19 PM,107.08,20,2141.6,68362638.47
2025-08-01 03:19:24 PM,107.08,43,4604.44,68367242.91
2025-08-01 03:19:30 PM,107.07,0,0.0,68367242.91
2025-08-01 03:19:30 PM,107.07,400,42828.0,68410070.91
2025-08-01 03:19:43 PM,107.07,3,321.21,68410392.11999999
2025-08-01 03:19:52 PM,107.07,314,33619.979999999996,68444012.1
2025-08-01 03:20:03 PM,107.0,105,11235.0,68455247.1
2025-08-01 03:20:05 PM,107.0,153,16371.0,68471618.1
2025-08-01 03:20:10 PM,107.0,231,24717.0,68496335.1
2025-08-01 03:20:13 PM,107.06,301,32225.06,68528560.16
2025-08-01 03:20:25 PM,107.0,6,642.0,68529202.16
2025-08-01 03:20:32 PM,107.05,0,0.0,68529202.16
2025-08-01 03:20:32 PM,107.05,4,428.2,68529630.36
2025-08-01 03:20:34 PM,107.0,0,0.0,68529630.36
2025-08-01 03:20:35 PM,107.0,350,37450.0,68567080.36
2025-08-01 03:20:39 PM,107.0,1570,167990.0,68735070.36
2025-08-01 03:20:46 PM,107.0,320,34240.0,68769310.36
2025-08-01 03:21:01 PM,107.0,1000,107000.0,68876310.36
2025-08-01 03:21:20 PM,107.06,5,535.3,68876845.66
2025-08-01 03:21:25 PM,107.0,0,0.0,68876845.66
2025-08-01 03:21:27 PM,107.0,222,23754.0,68900599.66
2025-08-01 03:21:32 PM,107.05,0,0.0,68900599.66
2025-08-01 03:21:34 PM,107.05,10,1070.5,68901670.16
2025-08-01 03:21:43 PM,107.05,10,1070.5,68902740.66
2025-08-01 03:21:48 PM,107.05,10,1070.5,68903811.16
2025-08-01 03:21:54 PM,107.05,70,7493.5,68911304.66
2025-08-01 03:21:56 PM,107.0,205,21935.0,68933239.66
2025-08-01 03:22:01 PM,107.05,1001,107157.05,69040396.71
2025-08-01 03:22:14 PM,107.05,10,1070.5,69041467.21
2025-08-01 03:22:16 PM,107.05,86,9206.3,69050673.50999999
2025-08-01 03:22:21 PM,107.05,1400,149870.0,69200543.50999999
2025-08-01 03:22:28 PM,107.0,1,107.0,69200650.50999999
2025-08-01 03:22:39 PM,107.05,0,0.0,69200650.50999999
2025-08-01 03:22:41 PM,107.05,100,10705.0,69211355.50999999
2025-08-01 03:22:54 PM,107.05,5,535.25,69211890.75999999
2025-08-01 03:23:08 PM,107.05,194,20767.7,69232658.46
2025-08-01 03:23:14 PM,107.05,2,214.1,69232872.55999999
2025-08-01 03:23:21 PM,107.05,28,2997.4,69235869.96
2025-08-01 03:23:26 PM,107.04,0,0.0,69235869.96
2025-08-01 03:23:28 PM,107.04,5,535.2,69236405.16
2025-08-01 03:23:35 PM,107.01,50,5350.5,69241755.66
2025-08-01 03:23:41 PM,107.01,403,43125.03,69284880.69
2025-08-01 03:23:43 PM,107.01,41,4387.41,69289268.1
2025-08-01 03:23:47 PM,107.03,0,0.0,69289268.1
2025-08-01 03:23:48 PM,107.03,577,61756.31,69351024.41
2025-08-01 03:23:49 PM,107.03,23,2461.69,69353486.1
2025-08-01 03:23:54 PM,107.04,1001,107147.04000000001,69460633.14
2025-08-01 03:24:15 PM,107.04,150,16056.000000000002,69476689.14
2025-08-01 03:24:21 PM,107.03,92,9846.76,69486535.9
2025-08-01 03:24:45 PM,107.0,0,0.0,69486535.9
2025-08-01 03:24:48 PM,107.02,510,54580.2,69541116.10000001
2025-08-01 03:25:01 PM,107.02,89,9524.779999999999,69550640.88000001
2025-08-01 03:25:08 PM,107.02,289,30928.78,69581569.66000001
2025-08-01 03:25:21 PM,107.0,50,5350.0,69586919.66000001
2025-08-01 03:25:34 PM,107.02,90,9631.8,69596551.46000001
2025-08-01 03:25:45 PM,107.01,0,0.0,69596551.46000001
2025-08-01 03:25:47 PM,107.01,578,61851.780000000006,69658403.24000001
2025-08-01 03:26:00 PM,107.0,200,21400.0,69679803.24000001
2025-08-01 03:26:01 PM,107.0,500,53500.0,69733303.24000001
2025-08-01 03:26:13 PM,107.0,800,85600.0,69818903.24000001
2025-08-01 03:26:15 PM,107.0,50,5350.0,69824253.24000001
2025-08-01 03:26:20 PM,107.03,400,42812.0,69867065.24000001
2025-08-01 03:26:33 PM,107.02,30,3210.6,69870275.84
2025-08-01 03:26:35 PM,107.0,0,0.0,69870275.84
2025-08-01 03:26:35 PM,107.0,200,21400.0,69891675.84
2025-08-01 03:26:38 PM,107.02,0,0.0,69891675.84
2025-08-01 03:26:40 PM,107.0,1520,162640.0,70054315.84
2025-08-01 03:26:48 PM,106.81,1500,160215.0,70214530.84
2025-08-01 03:26:53 PM,107.0,5,535.0,70215065.84
2025-08-01 03:26:55 PM,106.89,0,0.0,70215065.84
2025-08-01 03:27:00 PM,106.89,100,10689.0,70225754.84
2025-08-01 03:27:08 PM,106.99,2492,266619.08,70492373.92
2025-08-01 03:27:26 PM,106.68,0,0.0,70492373.92
2025-08-01 03:27:27 PM,106.68,4484,478353.12000000005,70970727.04
2025-08-01 03:27:29 PM,106.78,60,6406.8,70977133.84
2025-08-01 03:27:41 PM,106.77,0,0.0,70977133.84
2025-08-01 03:27:42 PM,106.77,35,3736.95,70980870.79
2025-08-01 03:27:44 PM,106.77,93,9929.609999999999,70990800.4
2025-08-01 03:27:56 PM,106.65,331,35301.15,71026101.55000001
2025-08-01 03:28:01 PM,106.59,0,0.0,71026101.55000001
2025-08-01 03:28:02 PM,106.59,32,3410.88,71029512.43
2025-08-01 03:28:09 PM,106.5,967,102985.5,71132497.93
2025-08-01 03:28:25 PM,106.5,400,42600.0,71175097.93
2025-08-01 03:28:31 PM,106.5,10,1065.0,71176162.93
2025-08-01 03:28:33 PM,106.5,42,4473.0,71180635.93
2025-08-01 03:28:38 PM,106.5,317,33760.5,71214396.43
2025-08-01 03:28:40 PM,106.5,916,97554.0,71311950.43
2025-08-01 03:28:40 PM,106.59,0,0.0,71311950.43
2025-08-01 03:28:44 PM,106.59,281,29951.79,71341902.22000001
2025-08-01 03:28:53 PM,106.6,243,25903.8,71367806.02000001
2025-08-01 03:28:56 PM,106.5,0,0.0,71367806.02000001
2025-08-01 03:28:58 PM,106.5,110,11715.0,71379521.02000001
2025-08-01 03:29:05 PM,106.76,361,38540.36,71418061.38000001
2025-08-01 03:29:13 PM,106.77,238,25411.26,71443472.64000002
2025-08-01 03:29:21 PM,106.77,45,4804.65,71448277.29000002
2025-08-01 03:29:28 PM,106.77,373,39825.21,71488102.50000001
2025-08-01 03:29:35 PM,106.8,0,0.0,71488102.50000001
2025-08-01 03:29:36 PM,106.8,2050,218940.0,71707042.50000001
2025-08-01 03:29:44 PM,106.77,20,2135.4,71709177.90000002
2025-08-01 03:29:51 PM,106.8,3,320.4,71709498.30000003
2025-08-01 03:29:53 PM,106.77,385,41106.45,71750604.75000003
2025-08-01 03:29:56 PM,106.8,0,0.0,71750604.75000003
2025-08-01 03:29:58 PM,106.8,250,26700.0,71777304.75000003
