date,price,qty,trnvr,cum_trnvr
2025-08-01 09:15:04 AM,639.05,1768,1129840.4,1129840.4
2025-08-01 09:15:13 AM,642.1,0,0.0,1129840.4
2025-08-01 09:15:16 AM,641.8,2206,1415810.7999999998,2545651.1999999997
2025-08-01 09:15:22 AM,643.0,0,0.0,2545651.1999999997
2025-08-01 09:15:26 AM,643.0,412,264916.0,2810567.1999999997
2025-08-01 09:15:29 AM,642.55,0,0.0,2810567.1999999997
2025-08-01 09:15:33 AM,643.8,0,0.0,2810567.1999999997
2025-08-01 09:15:34 AM,643.8,185,119102.99999999999,2929670.1999999997
2025-08-01 09:15:37 AM,643.7,0,0.0,2929670.1999999997
2025-08-01 09:15:42 AM,642.75,0,0.0,2929670.1999999997
2025-08-01 09:15:43 AM,642.75,23,14783.25,2944453.4499999997
2025-08-01 09:15:46 AM,642.4,0,0.0,2944453.4499999997
2025-08-01 09:15:49 AM,642.6,0,0.0,2944453.4499999997
2025-08-01 09:15:51 AM,642.6,1046,672159.6,3616613.05
2025-08-01 09:15:55 AM,642.65,0,0.0,3616613.05
2025-08-01 09:15:57 AM,641.9,0,0.0,3616613.05
2025-08-01 09:15:59 AM,642.5,153,98302.5,3714915.55
2025-08-01 09:16:01 AM,642.3,100,64229.99999999999,3779145.55
2025-08-01 09:16:04 AM,639.05,0,0.0,3779145.55
2025-08-01 09:16:07 AM,639.05,1447,924705.35,4703850.899999999
2025-08-01 09:16:24 AM,639.05,30,19171.5,4723022.399999999
2025-08-01 09:16:25 AM,639.8,70,44786.0,4767808.399999999
2025-08-01 09:16:29 AM,639.7,0,0.0,4767808.399999999
2025-08-01 09:16:32 AM,639.7,75,47977.5,4815785.899999999
2025-08-01 09:16:33 AM,639.05,139,88827.95,4904613.85
2025-08-01 09:16:40 AM,639.7,5,3198.5,4907812.35
2025-08-01 09:16:48 AM,640.7,350,224245.00000000003,5132057.35
2025-08-01 09:16:50 AM,640.0,343,219520.0,5351577.35
2025-08-01 09:16:57 AM,641.0,76,48716.0,5400293.35
2025-08-01 09:17:05 AM,640.5,488,312564.0,5712857.35
2025-08-01 09:17:13 AM,641.3,28,17956.399999999998,5730813.75
2025-08-01 09:17:14 AM,641.3,10,6413.0,5737226.75
2025-08-01 09:17:21 AM,641.55,40,25662.0,5762888.75
2025-08-01 09:17:43 AM,641.3,0,0.0,5762888.75
2025-08-01 09:17:46 AM,641.4,444,284781.6,6047670.35
2025-08-01 09:17:58 AM,640.6,0,0.0,6047670.35
2025-08-01 09:18:01 AM,641.2,0,0.0,6047670.35
2025-08-01 09:18:03 AM,642.0,191,122622.0,6170292.35
2025-08-01 09:18:08 AM,643.0,0,0.0,6170292.35
2025-08-01 09:18:11 AM,643.0,147,94521.0,6264813.35
2025-08-01 09:18:16 AM,644.0,0,0.0,6264813.35
2025-08-01 09:18:19 AM,644.0,201,129444.0,6394257.35
2025-08-01 09:18:21 AM,643.3,100,64329.99999999999,6458587.35
2025-08-01 09:18:25 AM,644.0,0,0.0,6458587.35
2025-08-01 09:18:28 AM,644.0,110,70840.0,6529427.35
2025-08-01 09:18:36 AM,644.0,1136,731584.0,7261011.35
2025-08-01 09:18:37 AM,643.25,20,12865.0,7273876.35
2025-08-01 09:18:38 AM,643.35,0,0.0,7273876.35
2025-08-01 09:18:40 AM,643.45,0,0.0,7273876.35
2025-08-01 09:18:44 AM,643.75,220,141625.0,7415501.35
2025-08-01 09:18:45 AM,643.2,12,7718.400000000001,7423219.75
2025-08-01 09:18:52 AM,643.9,124,79843.59999999999,7503063.35
2025-08-01 09:18:54 AM,644.0,0,0.0,7503063.35
2025-08-01 09:18:56 AM,643.85,0,0.0,7503063.35
2025-08-01 09:19:00 AM,643.85,50,32192.5,7535255.85
2025-08-01 09:19:08 AM,644.1,1,644.1,7535899.949999999
2025-08-01 09:19:16 AM,644.95,500,322475.0,7858374.949999999
2025-08-01 09:19:25 AM,644.9,100,64490.0,7922864.949999999
2025-08-01 09:19:27 AM,645.95,0,0.0,7922864.949999999
2025-08-01 09:19:32 AM,645.2,0,0.0,7922864.949999999
2025-08-01 09:19:32 AM,645.2,1306,842631.2000000001,8765496.149999999
2025-08-01 09:19:41 AM,645.2,26,16775.2,8782271.349999998
2025-08-01 09:19:48 AM,646.0,0,0.0,8782271.349999998
2025-08-01 09:19:49 AM,646.0,40,25840.0,8808111.349999998
2025-08-01 09:20:04 AM,645.25,0,0.0,8808111.349999998
2025-08-01 09:20:04 AM,645.25,62,40005.5,8848116.849999998
2025-08-01 09:20:06 AM,644.95,6,3869.7000000000003,8851986.549999997
2025-08-01 09:20:13 AM,644.95,13,8384.35,8860370.899999997
2025-08-01 09:20:14 AM,644.95,10,6449.5,8866820.399999997
2025-08-01 09:20:18 AM,644.85,0,0.0,8866820.399999997
2025-08-01 09:20:20 AM,644.5,0,0.0,8866820.399999997
2025-08-01 09:20:20 AM,644.5,40,25780.0,8892600.399999997
2025-08-01 09:20:25 AM,644.1,0,0.0,8892600.399999997
2025-08-01 09:20:28 AM,644.1,1286,828312.6,9720912.999999996
2025-08-01 09:20:30 AM,643.55,96,61780.799999999996,9782693.799999997
2025-08-01 09:20:32 AM,644.0,0,0.0,9782693.799999997
2025-08-01 09:20:36 AM,644.0,10,6440.0,9789133.799999997
2025-08-01 09:20:42 AM,643.9,0,0.0,9789133.799999997
2025-08-01 09:20:44 AM,644.0,738,475272.0,10264405.799999997
2025-08-01 09:20:49 AM,644.55,0,0.0,10264405.799999997
2025-08-01 09:20:52 AM,644.55,80,51564.0,10315969.799999997
2025-08-01 09:20:57 AM,644.45,0,0.0,10315969.799999997
2025-08-01 09:20:59 AM,644.45,25,16111.250000000002,10332081.049999997
2025-08-01 09:21:08 AM,644.8,2,1289.6,10333370.649999997
2025-08-01 09:21:16 AM,644.8,9,5803.2,10339173.849999996
2025-08-01 09:21:19 AM,645.25,0,0.0,10339173.849999996
2025-08-01 09:21:23 AM,645.25,212,136793.0,10475966.849999996
2025-08-01 09:21:31 AM,645.9,0,0.0,10475966.849999996
2025-08-01 09:21:32 AM,645.9,212,136930.8,10612897.649999997
2025-08-01 09:21:39 AM,645.95,150,96892.5,10709790.149999997
2025-08-01 09:21:43 AM,645.4,0,0.0,10709790.149999997
2025-08-01 09:21:46 AM,645.5,4030,2601365.0,13311155.149999997
2025-08-01 09:21:47 AM,646.0,50,32300.0,13343455.149999997
2025-08-01 09:22:00 AM,645.35,0,0.0,13343455.149999997
2025-08-01 09:22:01 AM,645.35,100,64535.0,13407990.149999997
2025-08-01 09:22:02 AM,646.45,350,226257.50000000003,13634247.649999997
2025-08-01 09:22:04 AM,646.2,0,0.0,13634247.649999997
2025-08-01 09:22:09 AM,645.9,97,62652.299999999996,13696899.949999997
2025-08-01 09:22:13 AM,645.75,0,0.0,13696899.949999997
2025-08-01 09:22:17 AM,645.75,14,9040.5,13705940.449999997
2025-08-01 09:22:21 AM,645.35,0,0.0,13705940.449999997
2025-08-01 09:22:24 AM,645.75,486,313834.5,14019774.949999997
2025-08-01 09:22:32 AM,645.35,787,507890.45,14527665.399999997
2025-08-01 09:22:35 AM,644.15,0,0.0,14527665.399999997
2025-08-01 09:22:39 AM,644.45,535,344780.75,14872446.149999997
2025-08-01 09:22:46 AM,645.65,0,0.0,14872446.149999997
2025-08-01 09:22:47 AM,645.65,100,64565.0,14937011.149999997
2025-08-01 09:22:47 AM,645.75,0,0.0,14937011.149999997
2025-08-01 09:22:49 AM,645.75,1,645.75,14937656.899999997
2025-08-01 09:22:53 AM,645.05,0,0.0,14937656.899999997
2025-08-01 09:22:55 AM,645.05,21,13546.05,14951202.949999997
2025-08-01 09:22:56 AM,645.0,6,3870.0,14955072.949999997
2025-08-01 09:22:59 AM,644.2,0,0.0,14955072.949999997
2025-08-01 09:23:02 AM,644.2,70,45094.0,15000166.949999997
2025-08-01 09:23:04 AM,643.85,200,128770.0,15128936.949999997
2025-08-01 09:23:10 AM,643.8,105,67599.0,15196535.949999997
2025-08-01 09:23:14 AM,644.4,0,0.0,15196535.949999997
2025-08-01 09:23:18 AM,644.55,100,64454.99999999999,15260990.949999997
2025-08-01 09:23:25 AM,644.0,1,644.0,15261634.949999997
2025-08-01 09:23:33 AM,644.35,10,6443.5,15268078.449999997
2025-08-01 09:23:34 AM,643.7,54,34759.8,15302838.249999998
2025-08-01 09:23:46 AM,643.0,0,0.0,15302838.249999998
2025-08-01 09:23:48 AM,643.0,180,115740.0,15418578.249999998
2025-08-01 09:24:03 AM,643.4,47,30239.8,15448818.049999999
2025-08-01 09:24:13 AM,643.1,31,19936.100000000002,15468754.149999999
2025-08-01 09:24:19 AM,643.6,5,3218.0,15471972.149999999
2025-08-01 09:24:25 AM,643.5,0,0.0,15471972.149999999
2025-08-01 09:24:26 AM,643.5,10,6435.0,15478407.149999999
2025-08-01 09:24:28 AM,643.0,9,5787.0,15484194.149999999
2025-08-01 09:24:34 AM,643.0,6,3858.0,15488052.149999999
2025-08-01 09:24:41 AM,642.85,90,57856.5,15545908.649999999
2025-08-01 09:24:49 AM,642.9,18,11572.199999999999,15557480.849999998
2025-08-01 09:25:10 AM,643.15,0,0.0,15557480.849999998
2025-08-01 09:25:11 AM,643.15,35,22510.25,15579991.099999998
2025-08-01 09:25:34 AM,642.9,24,15429.599999999999,15595420.699999997
2025-08-01 09:25:43 AM,642.75,18,11569.5,15606990.199999997
2025-08-01 09:25:49 AM,642.75,1,642.75,15607632.949999997
2025-08-01 09:25:51 AM,642.35,17,10919.95,15618552.899999997
2025-08-01 09:26:03 AM,642.0,0,0.0,15618552.899999997
2025-08-01 09:26:04 AM,642.0,223,143166.0,15761718.899999997
2025-08-01 09:26:10 AM,641.55,0,0.0,15761718.899999997
2025-08-01 09:26:11 AM,641.55,1,641.55,15762360.449999997
2025-08-01 09:26:23 AM,641.5,0,0.0,15762360.449999997
2025-08-01 09:26:27 AM,641.5,100,64150.0,15826510.449999997
2025-08-01 09:26:35 AM,641.55,0,0.0,15826510.449999997
2025-08-01 09:26:36 AM,641.55,48,30794.399999999998,15857304.849999998
2025-08-01 09:26:50 AM,641.95,0,0.0,15857304.849999998
2025-08-01 09:26:51 AM,641.95,858,550793.1000000001,16408097.949999997
2025-08-01 09:26:56 AM,642.65,0,0.0,16408097.949999997
2025-08-01 09:26:57 AM,642.65,36,23135.399999999998,16431233.349999998
2025-08-01 09:27:00 AM,643.6,0,0.0,16431233.349999998
2025-08-01 09:27:02 AM,643.25,0,0.0,16431233.349999998
2025-08-01 09:27:05 AM,643.25,71,45670.75,16476904.099999998
2025-08-01 09:27:06 AM,643.2,43,27657.600000000002,16504561.699999997
2025-08-01 09:27:14 AM,642.6,0,0.0,16504561.699999997
2025-08-01 09:27:20 AM,642.6,20,12852.0,16517413.699999997
2025-08-01 09:27:23 AM,643.1,0,0.0,16517413.699999997
2025-08-01 09:27:27 AM,643.1,1,643.1,16518056.799999997
2025-08-01 09:27:36 AM,642.3,112,71937.59999999999,16589994.399999997
2025-08-01 09:27:37 AM,642.85,0,0.0,16589994.399999997
2025-08-01 09:27:42 AM,643.15,116,74605.4,16664599.799999997
2025-08-01 09:28:03 AM,643.25,0,0.0,16664599.799999997
2025-08-01 09:28:05 AM,643.25,145,93271.25,16757871.049999997
2025-08-01 09:28:13 AM,643.25,473,304257.25,17062128.299999997
2025-08-01 09:28:14 AM,643.6,25,16090.0,17078218.299999997
2025-08-01 09:28:20 AM,643.25,20,12865.0,17091083.299999997
2025-08-01 09:28:28 AM,643.25,21,13508.25,17104591.549999997
2025-08-01 09:28:33 AM,643.8,0,0.0,17104591.549999997
2025-08-01 09:28:36 AM,643.8,35,22533.0,17127124.549999997
2025-08-01 09:28:59 AM,644.0,67,43148.0,17170272.549999997
2025-08-01 09:29:00 AM,644.85,0,0.0,17170272.549999997
2025-08-01 09:29:00 AM,644.85,50,32242.5,17202515.049999997
2025-08-01 09:29:01 AM,645.0,0,0.0,17202515.049999997
2025-08-01 09:29:06 AM,645.0,483,311535.0,17514050.049999997
2025-08-01 09:29:12 AM,644.85,0,0.0,17514050.049999997
2025-08-01 09:29:14 AM,645.0,122,78690.0,17592740.049999997
2025-08-01 09:29:15 AM,644.1,269,173262.9,17766002.949999996
2025-08-01 09:29:22 AM,644.65,42,27075.3,17793078.249999996
2025-08-01 09:29:22 AM,644.55,0,0.0,17793078.249999996
2025-08-01 09:29:23 AM,644.55,100,64454.99999999999,17857533.249999996
2025-08-01 09:29:29 AM,644.8,75,48360.0,17905893.249999996
2025-08-01 09:29:37 AM,644.15,10,6441.5,17912334.749999996
2025-08-01 09:29:59 AM,644.15,600,386490.0,18298824.749999996
2025-08-01 09:30:12 AM,644.0,0,0.0,18298824.749999996
2025-08-01 09:30:14 AM,643.35,275,176921.25,18475745.999999996
2025-08-01 09:30:26 AM,643.25,0,0.0,18475745.999999996
2025-08-01 09:30:29 AM,643.25,8,5146.0,18480891.999999996
2025-08-01 09:30:44 AM,643.55,1,643.55,18481535.549999997
2025-08-01 09:30:47 AM,643.75,0,0.0,18481535.549999997
2025-08-01 09:30:51 AM,643.75,60,38625.0,18520160.549999997
2025-08-01 09:30:52 AM,643.8,1,643.8,18520804.349999998
2025-08-01 09:30:58 AM,643.75,0,0.0,18520804.349999998
2025-08-01 09:30:58 AM,643.75,1,643.75,18521448.099999998
2025-08-01 09:30:59 AM,644.3,1,644.3,18522092.4
2025-08-01 09:31:06 AM,644.3,19,12241.699999999999,18534334.099999998
2025-08-01 09:31:06 AM,643.6,2,1287.2,18535621.299999997
2025-08-01 09:31:08 AM,644.25,0,0.0,18535621.299999997
2025-08-01 09:31:10 AM,644.3,0,0.0,18535621.299999997
2025-08-01 09:31:13 AM,644.3,26,16751.8,18552373.099999998
2025-08-01 09:31:34 AM,643.8,0,0.0,18552373.099999998
2025-08-01 09:31:35 AM,643.8,3,1931.3999999999999,18554304.499999996
2025-08-01 09:31:38 AM,643.45,0,0.0,18554304.499999996
2025-08-01 09:31:42 AM,643.45,23,14799.35,18569103.849999998
2025-08-01 09:31:56 AM,643.55,12,7722.599999999999,18576826.45
2025-08-01 09:32:12 AM,643.8,0,0.0,18576826.45
2025-08-01 09:32:17 AM,644.5,32,20624.0,18597450.45
2025-08-01 09:32:24 AM,643.55,0,0.0,18597450.45
2025-08-01 09:32:24 AM,643.55,500,321775.0,18919225.45
2025-08-01 09:32:30 AM,644.6,0,0.0,18919225.45
2025-08-01 09:32:31 AM,644.6,113,72839.8,18992065.25
2025-08-01 09:32:36 AM,645.0,0,0.0,18992065.25
2025-08-01 09:32:38 AM,644.8,295,190216.0,19182281.25
2025-08-01 09:32:42 AM,645.0,0,0.0,19182281.25
2025-08-01 09:32:42 AM,644.3,0,0.0,19182281.25
2025-08-01 09:32:45 AM,644.3,333,214551.9,19396833.15
2025-08-01 09:33:06 AM,645.0,0,0.0,19396833.15
2025-08-01 09:33:06 AM,645.0,500,322500.0,19719333.15
2025-08-01 09:33:13 AM,645.0,50,32250.0,19751583.15
2025-08-01 09:33:19 AM,645.0,436,281220.0,20032803.15
2025-08-01 09:33:32 AM,646.0,0,0.0,20032803.15
2025-08-01 09:33:32 AM,647.7,0,0.0,20032803.15
2025-08-01 09:33:33 AM,647.0,896,579712.0,20612515.15
2025-08-01 09:33:36 AM,646.7,0,0.0,20612515.15
2025-08-01 09:33:40 AM,646.7,594,384139.80000000005,20996654.95
2025-08-01 09:33:42 AM,647.0,0,0.0,20996654.95
2025-08-01 09:33:44 AM,646.7,0,0.0,20996654.95
2025-08-01 09:33:46 AM,647.2,0,0.0,20996654.95
2025-08-01 09:33:47 AM,647.2,133,86077.6,21082732.55
2025-08-01 09:33:50 AM,646.7,0,0.0,21082732.55
2025-08-01 09:33:54 AM,646.7,25,16167.500000000002,21098900.05
2025-08-01 09:34:01 AM,647.15,4,2588.6,21101488.650000002
2025-08-01 09:34:07 AM,647.0,0,0.0,21101488.650000002
2025-08-01 09:34:08 AM,647.0,55,35585.0,21137073.650000002
2025-08-01 09:34:12 AM,647.5,0,0.0,21137073.650000002
2025-08-01 09:34:15 AM,647.5,80,51800.0,21188873.650000002
2025-08-01 09:34:17 AM,647.7,0,0.0,21188873.650000002
2025-08-01 09:34:21 AM,647.5,0,0.0,21188873.650000002
2025-08-01 09:34:22 AM,647.6,101,65407.600000000006,21254281.250000004
2025-08-01 09:34:34 AM,647.55,0,0.0,21254281.250000004
2025-08-01 09:34:36 AM,647.55,105,67992.75,21322274.000000004
2025-08-01 09:34:40 AM,647.0,0,0.0,21322274.000000004
2025-08-01 09:34:43 AM,647.0,12,7764.0,21330038.000000004
2025-08-01 09:34:47 AM,647.4,0,0.0,21330038.000000004
2025-08-01 09:34:50 AM,647.0,0,0.0,21330038.000000004
2025-08-01 09:34:50 AM,647.0,51,32997.0,21363035.000000004
2025-08-01 09:34:56 AM,647.35,0,0.0,21363035.000000004
2025-08-01 09:34:57 AM,647.35,45,29130.75,21392165.750000004
2025-08-01 09:35:01 AM,646.65,0,0.0,21392165.750000004
2025-08-01 09:35:04 AM,646.65,216,139676.4,21531842.150000002
2025-08-01 09:35:06 AM,646.7,0,0.0,21531842.150000002
2025-08-01 09:35:11 AM,647.05,0,0.0,21531842.150000002
2025-08-01 09:35:11 AM,647.05,48,31058.399999999998,21562900.55
2025-08-01 09:35:16 AM,646.2,0,0.0,21562900.55
2025-08-01 09:35:16 AM,646.05,0,0.0,21562900.55
2025-08-01 09:35:18 AM,645.2,218,140653.6,21703554.150000002
2025-08-01 09:35:25 AM,645.0,10,6450.0,21710004.150000002
2025-08-01 09:35:36 AM,645.35,0,0.0,21710004.150000002
2025-08-01 09:35:39 AM,645.35,1,645.35,21710649.500000004
2025-08-01 09:35:46 AM,644.25,0,0.0,21710649.500000004
2025-08-01 09:35:46 AM,644.25,187,120474.75,21831124.250000004
2025-08-01 09:36:05 AM,644.3,0,0.0,21831124.250000004
2025-08-01 09:36:06 AM,644.3,41,26416.3,21857540.550000004
2025-08-01 09:36:19 AM,645.15,70,45160.5,21902701.050000004
2025-08-01 09:36:32 AM,645.5,0,0.0,21902701.050000004
2025-08-01 09:36:32 AM,645.5,1500,968250.0,22870951.050000004
2025-08-01 09:36:37 AM,645.4,0,0.0,22870951.050000004
2025-08-01 09:36:38 AM,645.4,10,6454.0,22877405.050000004
2025-08-01 09:36:45 AM,645.5,25,16137.5,22893542.550000004
2025-08-01 09:37:05 AM,645.5,50,32275.0,22925817.550000004
2025-08-01 09:37:15 AM,645.0,0,0.0,22925817.550000004
2025-08-01 09:37:19 AM,645.0,221,142545.0,23068362.550000004
2025-08-01 09:37:25 AM,644.8,0,0.0,23068362.550000004
2025-08-01 09:37:26 AM,644.8,30,19344.0,23087706.550000004
2025-08-01 09:37:43 AM,644.3,0,0.0,23087706.550000004
2025-08-01 09:37:47 AM,644.3,4,2577.2,23090283.750000004
2025-08-01 09:37:53 AM,644.65,0,0.0,23090283.750000004
2025-08-01 09:37:53 AM,644.65,2,1289.3,23091573.050000004
2025-08-01 09:37:59 AM,644.7,0,0.0,23091573.050000004
2025-08-01 09:38:00 AM,644.7,5,3223.5,23094796.550000004
2025-08-01 09:38:05 AM,644.15,0,0.0,23094796.550000004
2025-08-01 09:38:07 AM,644.15,19,12238.85,23107035.400000006
2025-08-01 09:38:21 AM,644.0,0,0.0,23107035.400000006
2025-08-01 09:38:27 AM,644.0,18,11592.0,23118627.400000006
2025-08-01 09:38:31 AM,644.05,0,0.0,23118627.400000006
2025-08-01 09:38:34 AM,644.05,51,32846.549999999996,23151473.950000007
2025-08-01 09:38:40 AM,644.05,25,16101.249999999998,23167575.200000007
2025-08-01 09:38:53 AM,643.55,0,0.0,23167575.200000007
2025-08-01 09:38:54 AM,643.55,1,643.55,23168218.750000007
2025-08-01 09:39:01 AM,643.45,0,0.0,23168218.750000007
2025-08-01 09:39:07 AM,643.15,148,95186.2,23263404.950000007
2025-08-01 09:39:12 AM,643.0,0,0.0,23263404.950000007
2025-08-01 09:39:14 AM,643.0,10,6430.0,23269834.950000007
2025-08-01 09:39:21 AM,643.8,120,77256.0,23347090.950000007
2025-08-01 09:39:40 AM,643.6,10,6436.0,23353526.950000007
2025-08-01 09:39:43 AM,643.15,0,0.0,23353526.950000007
2025-08-01 09:39:47 AM,643.15,40,25726.0,23379252.950000007
2025-08-01 09:39:53 AM,643.15,50,32157.5,23411410.450000007
2025-08-01 09:39:58 AM,642.8,0,0.0,23411410.450000007
2025-08-01 09:40:00 AM,642.8,3824,2458067.1999999997,25869477.650000006
2025-08-01 09:40:06 AM,643.35,0,0.0,25869477.650000006
2025-08-01 09:40:07 AM,643.35,1,643.35,25870121.000000007
2025-08-01 09:40:10 AM,642.8,0,0.0,25870121.000000007
2025-08-01 09:40:13 AM,642.8,3,1928.3999999999999,25872049.400000006
2025-08-01 09:40:23 AM,643.0,0,0.0,25872049.400000006
2025-08-01 09:40:26 AM,643.0,32,20576.0,25892625.400000006
2025-08-01 09:40:33 AM,644.55,432,278445.6,26171071.000000007
2025-08-01 09:40:40 AM,644.2,1,644.2,26171715.200000007
2025-08-01 09:40:49 AM,645.0,0,0.0,26171715.200000007
2025-08-01 09:40:53 AM,645.0,86,55470.0,26227185.200000007
2025-08-01 09:40:54 AM,645.4,0,0.0,26227185.200000007
2025-08-01 09:40:59 AM,645.4,2,1290.8,26228476.000000007
2025-08-01 09:41:05 AM,645.15,0,0.0,26228476.000000007
2025-08-01 09:41:06 AM,645.15,82,52902.299999999996,26281378.30000001
2025-08-01 09:41:17 AM,645.75,0,0.0,26281378.30000001
2025-08-01 09:41:19 AM,645.75,25,16143.75,26297522.05000001
2025-08-01 09:41:25 AM,645.25,0,0.0,26297522.05000001
2025-08-01 09:41:26 AM,645.25,15,9678.75,26307200.80000001
2025-08-01 09:41:32 AM,645.2,50,32260.000000000004,26339460.80000001
2025-08-01 09:41:45 AM,645.25,0,0.0,26339460.80000001
2025-08-01 09:41:46 AM,645.25,25,16131.25,26355592.05000001
2025-08-01 09:42:05 AM,645.2,149,96134.8,26451726.85000001
2025-08-01 09:42:10 AM,644.7,0,0.0,26451726.85000001
2025-08-01 09:42:12 AM,644.7,9,5802.3,26457529.15000001
2025-08-01 09:42:20 AM,645.0,4,2580.0,26460109.15000001
2025-08-01 09:42:57 AM,644.95,2,1289.9,26461399.05000001
2025-08-01 09:43:00 AM,645.0,0,0.0,26461399.05000001
2025-08-01 09:43:04 AM,645.0,1,645.0,26462044.05000001
2025-08-01 09:43:10 AM,645.3,234,151000.19999999998,26613044.250000007
2025-08-01 09:43:16 AM,645.25,0,0.0,26613044.250000007
2025-08-01 09:43:17 AM,645.25,10,6452.5,26619496.750000007
2025-08-01 09:43:24 AM,645.75,0,0.0,26619496.750000007
2025-08-01 09:43:25 AM,644.75,547,352678.25,26972175.000000007
2025-08-01 09:43:28 AM,644.95,0,0.0,26972175.000000007
2025-08-01 09:43:30 AM,644.95,113,72879.35,27045054.35000001
2025-08-01 09:43:48 AM,644.85,0,0.0,27045054.35000001
2025-08-01 09:43:50 AM,645.4,100,64540.0,27109594.35000001
2025-08-01 09:44:00 AM,644.85,0,0.0,27109594.35000001
2025-08-01 09:44:03 AM,644.85,46,29663.100000000002,27139257.45000001
2025-08-01 09:44:04 AM,644.7,0,0.0,27139257.45000001
2025-08-01 09:44:10 AM,644.7,13,8381.1,27147638.550000012
2025-08-01 09:44:31 AM,644.6,10,6446.0,27154084.550000012
2025-08-01 09:44:36 AM,644.6,1,644.6,27154729.150000013
2025-08-01 09:44:40 AM,643.55,0,0.0,27154729.150000013
2025-08-01 09:44:43 AM,643.55,401,258063.55,27412792.700000014
2025-08-01 09:44:46 AM,644.4,0,0.0,27412792.700000014
2025-08-01 09:44:49 AM,644.4,4,2577.6,27415370.300000016
2025-08-01 09:45:09 AM,644.4,50,32220.0,27447590.300000016
2025-08-01 09:45:28 AM,643.5,63,40540.5,27488130.800000016
2025-08-01 09:45:41 AM,643.5,100,64350.0,27552480.800000016
2025-08-01 09:45:44 AM,644.0,0,0.0,27552480.800000016
2025-08-01 09:45:48 AM,644.0,15,9660.0,27562140.800000016
2025-08-01 09:46:00 AM,643.25,600,385950.0,27948090.800000016
2025-08-01 09:46:02 AM,643.85,0,0.0,27948090.800000016
2025-08-01 09:46:02 AM,643.85,617,397255.45,28345346.250000015
2025-08-01 09:46:06 AM,643.35,0,0.0,28345346.250000015
2025-08-01 09:46:07 AM,643.35,200,128670.0,28474016.250000015
2025-08-01 09:46:20 AM,643.8,101,65023.799999999996,28539040.050000016
2025-08-01 09:46:25 AM,644.1,0,0.0,28539040.050000016
2025-08-01 09:46:27 AM,644.1,125,80512.5,28619552.550000016
2025-08-01 09:46:33 AM,644.25,0,0.0,28619552.550000016
2025-08-01 09:46:33 AM,644.25,25,16106.25,28635658.800000016
2025-08-01 09:46:35 AM,644.25,5,3221.25,28638880.050000016
2025-08-01 09:46:41 AM,644.25,25,16106.25,28654986.300000016
2025-08-01 09:46:45 AM,644.25,10,6442.5,28661428.800000016
2025-08-01 09:46:47 AM,644.25,11,7086.75,28668515.550000016
2025-08-01 09:47:04 AM,643.3,266,171117.8,28839633.350000016
2025-08-01 09:47:26 AM,644.25,0,0.0,28839633.350000016
2025-08-01 09:47:29 AM,644.25,75,48318.75,28887952.100000016
2025-08-01 09:47:33 AM,643.55,0,0.0,28887952.100000016
2025-08-01 09:47:35 AM,643.55,40,25742.0,28913694.100000016
2025-08-01 09:47:50 AM,643.75,0,0.0,28913694.100000016
2025-08-01 09:47:51 AM,643.75,400,257500.0,29171194.100000016
2025-08-01 09:48:08 AM,644.0,0,0.0,29171194.100000016
2025-08-01 09:48:09 AM,644.0,200,128800.0,29299994.100000016
2025-08-01 09:48:24 AM,643.35,0,0.0,29299994.100000016
2025-08-01 09:48:24 AM,643.35,20,12867.0,29312861.100000016
2025-08-01 09:48:32 AM,643.05,0,0.0,29312861.100000016
2025-08-01 09:48:34 AM,643.05,50,32152.499999999996,29345013.600000016
2025-08-01 09:48:37 AM,643.15,12,7717.799999999999,29352731.400000017
2025-08-01 09:48:43 AM,643.75,28,18025.0,29370756.400000017
2025-08-01 09:48:52 AM,643.15,0,0.0,29370756.400000017
2025-08-01 09:48:54 AM,643.15,10,6431.5,29377187.900000017
2025-08-01 09:49:25 AM,643.7,0,0.0,29377187.900000017
2025-08-01 09:49:25 AM,643.7,10,6437.0,29383624.900000017
2025-08-01 09:49:37 AM,643.9,0,0.0,29383624.900000017
2025-08-01 09:49:37 AM,643.9,3,1931.6999999999998,29385556.600000016
2025-08-01 09:49:43 AM,643.35,0,0.0,29385556.600000016
2025-08-01 09:49:44 AM,643.35,27,17370.45,29402927.050000016
2025-08-01 09:49:49 AM,643.2,0,0.0,29402927.050000016
2025-08-01 09:49:50 AM,643.2,25,16080.000000000002,29419007.050000016
2025-08-01 09:49:56 AM,642.8,100,64279.99999999999,29483287.050000016
2025-08-01 09:50:12 AM,642.8,5,3214.0,29486501.050000016
2025-08-01 09:50:27 AM,643.0,0,0.0,29486501.050000016
2025-08-01 09:50:28 AM,643.0,1,643.0,29487144.050000016
2025-08-01 09:50:47 AM,643.3,0,0.0,29487144.050000016
2025-08-01 09:50:47 AM,643.3,22,14152.599999999999,29501296.650000017
2025-08-01 09:51:06 AM,644.1,113,72783.3,29574079.950000018
2025-08-01 09:51:07 AM,644.65,0,0.0,29574079.950000018
2025-08-01 09:51:08 AM,644.65,51,32877.15,29606957.100000016
2025-08-01 09:51:11 AM,645.0,0,0.0,29606957.100000016
2025-08-01 09:51:12 AM,645.0,595,383775.0,29990732.100000016
2025-08-01 09:51:18 AM,644.4,0,0.0,29990732.100000016
2025-08-01 09:51:19 AM,644.4,500,322200.0,30312932.100000016
2025-08-01 09:51:21 AM,644.85,1,644.85,30313576.950000018
2025-08-01 09:51:27 AM,644.85,2,1289.7,30314866.650000017
2025-08-01 09:51:35 AM,644.7,0,0.0,30314866.650000017
2025-08-01 09:51:37 AM,644.7,138,88968.6,30403835.25000002
2025-08-01 09:51:39 AM,644.95,0,0.0,30403835.25000002
2025-08-01 09:51:40 AM,644.95,50,32247.500000000004,30436082.75000002
2025-08-01 09:51:46 AM,644.5,0,0.0,30436082.75000002
2025-08-01 09:51:50 AM,644.5,10,6445.0,30442527.75000002
2025-08-01 09:51:51 AM,644.15,0,0.0,30442527.75000002
2025-08-01 09:51:52 AM,644.15,1053,678289.95,31120817.700000018
2025-08-01 09:51:55 AM,644.3,0,0.0,31120817.700000018
2025-08-01 09:51:56 AM,644.3,51,32859.299999999996,31153677.00000002
2025-08-01 09:51:57 AM,644.45,0,0.0,31153677.00000002
2025-08-01 09:51:59 AM,644.45,14,9022.300000000001,31162699.30000002
2025-08-01 09:52:09 AM,645.0,0,0.0,31162699.30000002
2025-08-01 09:52:11 AM,645.0,236,152220.0,31314919.30000002
2025-08-01 09:52:20 AM,644.75,51,32882.25,31347801.55000002
2025-08-01 09:52:29 AM,644.8,15,9672.0,31357473.55000002
2025-08-01 09:52:32 AM,644.7,0,0.0,31357473.55000002
2025-08-01 09:52:33 AM,644.7,15,9670.5,31367144.05000002
2025-08-01 09:52:35 AM,644.75,0,0.0,31367144.05000002
2025-08-01 09:52:35 AM,644.75,100,64475.0,31431619.05000002
2025-08-01 09:52:44 AM,645.0,0,0.0,31431619.05000002
2025-08-01 09:52:45 AM,645.0,991,639195.0,32070814.05000002
2025-08-01 09:52:57 AM,645.0,4,2580.0,32073394.05000002
2025-08-01 09:52:59 AM,645.0,200,129000.0,32202394.05000002
2025-08-01 09:53:03 AM,645.0,5,3225.0,32205619.05000002
2025-08-01 09:53:05 AM,645.0,30,19350.0,32224969.05000002
2025-08-01 09:53:08 AM,645.45,0,0.0,32224969.05000002
2025-08-01 09:53:09 AM,645.45,489,315625.05000000005,32540594.10000002
2025-08-01 09:53:15 AM,645.05,56,36122.799999999996,32576716.90000002
2025-08-01 09:53:33 AM,645.1,0,0.0,32576716.90000002
2025-08-01 09:53:34 AM,645.1,13,8386.300000000001,32585103.20000002
2025-08-01 09:53:39 AM,644.55,0,0.0,32585103.20000002
2025-08-01 09:53:40 AM,644.55,16,10312.8,32595416.000000022
2025-08-01 09:53:47 AM,644.9,38,24506.2,32619922.20000002
2025-08-01 09:53:48 AM,645.15,200,129030.0,32748952.20000002
2025-08-01 09:53:54 AM,644.85,0,0.0,32748952.20000002
2025-08-01 09:53:57 AM,644.3,0,0.0,32748952.20000002
2025-08-01 09:53:59 AM,644.3,815,525104.5,33274056.70000002
2025-08-01 09:54:03 AM,644.85,0,0.0,33274056.70000002
2025-08-01 09:54:05 AM,644.85,214,137997.9,33412054.60000002
2025-08-01 09:54:09 AM,644.25,0,0.0,33412054.60000002
2025-08-01 09:54:11 AM,644.25,10,6442.5,33418497.10000002
2025-08-01 09:54:15 AM,644.75,0,0.0,33418497.10000002
2025-08-01 09:54:18 AM,644.2,0,0.0,33418497.10000002
2025-08-01 09:54:18 AM,644.2,450,289890.0,33708387.100000024
2025-08-01 09:54:21 AM,644.65,0,0.0,33708387.100000024
2025-08-01 09:54:24 AM,644.0,0,0.0,33708387.100000024
2025-08-01 09:54:24 AM,644.0,190,122360.0,33830747.100000024
2025-08-01 09:54:27 AM,644.05,0,0.0,33830747.100000024
2025-08-01 09:54:30 AM,644.05,1,644.05,33831391.15000002
2025-08-01 09:54:34 AM,643.4,0,0.0,33831391.15000002
2025-08-01 09:54:36 AM,643.4,1,643.4,33832034.55000002
2025-08-01 09:54:40 AM,643.5,0,0.0,33832034.55000002
2025-08-01 09:54:42 AM,644.3,102,65718.59999999999,33897753.15000002
2025-08-01 09:54:54 AM,644.45,300,193335.0,34091088.15000002
2025-08-01 09:54:55 AM,644.3,0,0.0,34091088.15000002
2025-08-01 09:54:58 AM,643.75,0,0.0,34091088.15000002
2025-08-01 09:55:00 AM,643.75,36,23175.0,34114263.15000002
2025-08-01 09:55:06 AM,644.1,1,644.1,34114907.25000002
2025-08-01 09:55:07 AM,644.3,0,0.0,34114907.25000002
2025-08-01 09:55:11 AM,644.3,124,79893.2,34194800.450000025
2025-08-01 09:55:23 AM,643.7,0,0.0,34194800.450000025
2025-08-01 09:55:23 AM,643.7,221,142257.7,34337058.15000003
2025-08-01 09:55:46 AM,643.45,0,0.0,34337058.15000003
2025-08-01 09:55:48 AM,643.45,10,6434.5,34343492.65000003
2025-08-01 09:55:55 AM,643.45,10,6434.5,34349927.15000003
2025-08-01 09:56:00 AM,644.35,0,0.0,34349927.15000003
2025-08-01 09:56:00 AM,644.35,100,64435.0,34414362.15000003
2025-08-01 09:56:15 AM,643.7,0,0.0,34414362.15000003
2025-08-01 09:56:18 AM,643.7,252,162212.40000000002,34576574.55000003
2025-08-01 09:56:34 AM,643.95,0,0.0,34576574.55000003
2025-08-01 09:56:35 AM,643.95,1,643.95,34577218.50000003
2025-08-01 09:56:42 AM,643.25,0,0.0,34577218.50000003
2025-08-01 09:56:42 AM,643.25,269,173034.25,34750252.75000003
2025-08-01 09:56:48 AM,643.4,1,643.4,34750896.15000003
2025-08-01 09:56:54 AM,643.7,0,0.0,34750896.15000003
2025-08-01 09:56:54 AM,643.7,310,199547.0,34950443.15000003
2025-08-01 09:57:00 AM,643.95,84,54091.8,35004534.950000025
2025-08-01 09:57:06 AM,643.0,0,0.0,35004534.950000025
2025-08-01 09:57:06 AM,643.0,133,85519.0,35090053.950000025
2025-08-01 09:57:12 AM,643.0,1,643.0,35090696.950000025
2025-08-01 09:57:41 AM,642.85,106,68142.1,35158839.05000003
2025-08-01 09:57:49 AM,642.35,50,32117.5,35190956.55000003
2025-08-01 09:58:11 AM,643.1,0,0.0,35190956.55000003
2025-08-01 09:58:11 AM,642.35,53,34044.55,35225001.100000024
2025-08-01 09:58:20 AM,642.35,50,32117.5,35257118.600000024
2025-08-01 09:58:23 AM,642.35,10,6423.5,35263542.100000024
2025-08-01 09:58:26 AM,642.9,1,642.9,35264185.00000002
2025-08-01 09:58:27 AM,643.0,0,0.0,35264185.00000002
2025-08-01 09:58:29 AM,643.0,1,643.0,35264828.00000002
2025-08-01 09:58:41 AM,643.0,8,5144.0,35269972.00000002
2025-08-01 09:58:44 AM,643.0,75,48225.0,35318197.00000002
2025-08-01 09:58:53 AM,642.85,1,642.85,35318839.850000024
2025-08-01 09:59:02 AM,642.2,122,78348.40000000001,35397188.25000002
2025-08-01 09:59:03 AM,642.35,0,0.0,35397188.25000002
2025-08-01 09:59:06 AM,642.35,1,642.35,35397830.600000024
2025-08-01 09:59:12 AM,642.35,4,2569.4,35400400.00000002
2025-08-01 09:59:15 AM,642.6,101,64902.600000000006,35465302.600000024
2025-08-01 09:59:17 AM,642.75,0,0.0,35465302.600000024
2025-08-01 09:59:18 AM,642.75,3,1928.25,35467230.850000024
2025-08-01 09:59:21 AM,642.05,0,0.0,35467230.850000024
2025-08-01 09:59:21 AM,642.05,50,32102.499999999996,35499333.350000024
2025-08-01 09:59:37 AM,641.9,0,0.0,35499333.350000024
2025-08-01 09:59:37 AM,641.9,18,11554.199999999999,35510887.55000003
2025-08-01 09:59:38 AM,642.55,0,0.0,35510887.55000003
2025-08-01 09:59:40 AM,642.55,1,642.55,35511530.100000024
2025-08-01 09:59:48 AM,641.8,0,0.0,35511530.100000024
2025-08-01 09:59:50 AM,641.8,88,56478.399999999994,35568008.50000002
2025-08-01 10:00:04 AM,642.4,0,0.0,35568008.50000002
2025-08-01 10:00:04 AM,642.4,1,642.4,35568650.90000002
2025-08-01 10:00:08 AM,642.0,35,22470.0,35591120.90000002
2025-08-01 10:00:15 AM,642.4,25,16060.0,35607180.90000002
2025-08-01 10:00:33 AM,642.0,100,64200.0,35671380.90000002
2025-08-01 10:00:34 AM,642.35,0,0.0,35671380.90000002
2025-08-01 10:00:37 AM,642.35,2,1284.7,35672665.600000024
2025-08-01 10:00:41 AM,642.0,0,0.0,35672665.600000024
2025-08-01 10:00:43 AM,641.9,308,197705.19999999998,35870370.80000003
2025-08-01 10:00:56 AM,642.05,3,1926.1499999999999,35872296.950000025
2025-08-01 10:01:20 AM,642.4,0,0.0,35872296.950000025
2025-08-01 10:01:21 AM,642.1,154,98883.40000000001,35971180.350000024
2025-08-01 10:01:31 AM,642.4,0,0.0,35971180.350000024
2025-08-01 10:01:33 AM,643.0,221,142103.0,36113283.350000024
2025-08-01 10:01:39 AM,643.4,0,0.0,36113283.350000024
2025-08-01 10:01:39 AM,643.4,1,643.4,36113926.75000002
2025-08-01 10:01:42 AM,643.7,61,39265.700000000004,36153192.450000025
2025-08-01 10:01:44 AM,643.8,0,0.0,36153192.450000025
2025-08-01 10:01:46 AM,643.8,3,1931.3999999999999,36155123.850000024
2025-08-01 10:01:48 AM,644.0,33,21252.0,36176375.850000024
2025-08-01 10:01:52 AM,644.4,0,0.0,36176375.850000024
2025-08-01 10:01:52 AM,644.4,1,644.4,36177020.25000002
2025-08-01 10:01:58 AM,644.4,2,1288.8,36178309.05000002
2025-08-01 10:02:04 AM,644.4,13,8377.199999999999,36186686.25000002
2025-08-01 10:02:06 AM,646.25,4714,3046422.5,39233108.75000002
2025-08-01 10:02:08 AM,646.45,0,0.0,39233108.75000002
2025-08-01 10:02:10 AM,647.05,0,0.0,39233108.75000002
2025-08-01 10:02:11 AM,647.05,244,157880.19999999998,39390988.950000025
2025-08-01 10:02:12 AM,647.4,7,4531.8,39395520.75000002
2025-08-01 10:02:15 AM,646.65,0,0.0,39395520.75000002
2025-08-01 10:02:17 AM,646.65,200,129330.0,39524850.75000002
2025-08-01 10:02:19 AM,646.75,0,0.0,39524850.75000002
2025-08-01 10:02:19 AM,646.75,10,6467.5,39531318.25000002
2025-08-01 10:02:28 AM,647.3,0,0.0,39531318.25000002
2025-08-01 10:02:30 AM,647.8,165,106886.99999999999,39638205.25000002
2025-08-01 10:02:31 AM,647.0,512,331264.0,39969469.25000002
2025-08-01 10:02:36 AM,648.0,379,245592.0,40215061.25000002
2025-08-01 10:02:37 AM,647.9,80,51832.0,40266893.25000002
2025-08-01 10:02:41 AM,647.95,0,0.0,40266893.25000002
2025-08-01 10:02:42 AM,647.9,116,75156.4,40342049.65000002
2025-08-01 10:02:55 AM,647.95,0,0.0,40342049.65000002
2025-08-01 10:02:55 AM,647.95,20,12959.0,40355008.65000002
2025-08-01 10:02:57 AM,647.85,25,16196.25,40371204.90000002
2025-08-01 10:02:59 AM,647.2,0,0.0,40371204.90000002
2025-08-01 10:03:01 AM,647.2,1396,903491.2000000001,41274696.100000024
2025-08-01 10:03:03 AM,647.5,0,0.0,41274696.100000024
2025-08-01 10:03:03 AM,647.5,50,32375.0,41307071.100000024
2025-08-01 10:03:14 AM,647.5,38,24605.0,41331676.100000024
2025-08-01 10:03:16 AM,647.5,150,97125.0,41428801.100000024
2025-08-01 10:03:19 AM,648.25,0,0.0,41428801.100000024
2025-08-01 10:03:21 AM,647.9,1855,1201854.5,42630655.600000024
2025-08-01 10:03:23 AM,649.0,0,0.0,42630655.600000024
2025-08-01 10:03:23 AM,649.0,900,584100.0,43214755.600000024
2025-08-01 10:03:27 AM,648.7,0,0.0,43214755.600000024
2025-08-01 10:03:27 AM,648.7,58,37624.600000000006,43252380.200000025
2025-08-01 10:03:29 AM,649.0,50,32450.0,43284830.200000025
2025-08-01 10:03:34 AM,647.7,380,246126.00000000003,43530956.200000025
2025-08-01 10:03:39 AM,647.75,0,0.0,43530956.200000025
2025-08-01 10:03:40 AM,647.75,100,64775.0,43595731.200000025
2025-08-01 10:03:42 AM,647.7,100,64770.00000000001,43660501.200000025
2025-08-01 10:03:46 AM,647.6,5,3238.0,43663739.200000025
2025-08-01 10:03:48 AM,646.65,258,166835.69999999998,43830574.90000003
2025-08-01 10:03:54 AM,646.85,75,48513.75,43879088.65000003
2025-08-01 10:03:55 AM,647.0,0,0.0,43879088.65000003
2025-08-01 10:03:58 AM,647.0,7,4529.0,43883617.65000003
2025-08-01 10:04:00 AM,647.0,156,100932.0,43984549.65000003
2025-08-01 10:04:05 AM,647.1,10,6471.0,43991020.65000003
2025-08-01 10:04:07 AM,646.8,0,0.0,43991020.65000003
2025-08-01 10:04:07 AM,646.8,1114,720535.2,44711555.85000003
2025-08-01 10:04:11 AM,646.8,652,421713.6,45133269.45000003
2025-08-01 10:04:13 AM,646.0,116,74936.0,45208205.45000003
2025-08-01 10:04:15 AM,646.65,0,0.0,45208205.45000003
2025-08-01 10:04:17 AM,645.9,196,126596.4,45334801.85000003
2025-08-01 10:04:23 AM,645.35,0,0.0,45334801.85000003
2025-08-01 10:04:23 AM,646.0,126,81396.0,45416197.85000003
2025-08-01 10:04:30 AM,646.15,129,83353.34999999999,45499551.20000003
2025-08-01 10:04:31 AM,645.6,0,0.0,45499551.20000003
2025-08-01 10:04:32 AM,645.6,51,32925.6,45532476.800000034
2025-08-01 10:04:36 AM,646.35,506,327053.10000000003,45859529.900000036
2025-08-01 10:04:44 AM,647.0,55,35585.0,45895114.900000036
2025-08-01 10:04:50 AM,647.0,100,64700.0,45959814.900000036
2025-08-01 10:05:06 AM,646.35,0,0.0,45959814.900000036
2025-08-01 10:05:07 AM,646.35,87,56232.450000000004,46016047.35000004
2025-08-01 10:05:13 AM,645.85,32,20667.2,46036714.55000004
2025-08-01 10:05:19 AM,645.95,4,2583.8,46039298.35000004
2025-08-01 10:05:44 AM,645.4,30,19362.0,46058660.35000004
2025-08-01 10:05:49 AM,645.95,0,0.0,46058660.35000004
2025-08-01 10:05:50 AM,645.95,144,93016.8,46151677.150000036
2025-08-01 10:05:52 AM,646.15,0,0.0,46151677.150000036
2025-08-01 10:05:52 AM,646.15,13,8399.949999999999,46160077.10000004
2025-08-01 10:05:56 AM,645.4,165,106491.0,46266568.10000004
2025-08-01 10:06:01 AM,645.05,0,0.0,46266568.10000004
2025-08-01 10:06:02 AM,645.05,2,1290.1,46267858.20000004
2025-08-01 10:06:04 AM,645.05,10,6450.5,46274308.70000004
2025-08-01 10:06:22 AM,645.0,55,35475.0,46309783.70000004
2025-08-01 10:06:28 AM,645.2,267,172268.40000000002,46482052.10000004
2025-08-01 10:06:33 AM,645.2,7,4516.400000000001,46486568.50000004
2025-08-01 10:06:40 AM,644.1,880,566808.0,47053376.50000004
2025-08-01 10:06:45 AM,644.1,15,9661.5,47063038.00000004
2025-08-01 10:06:48 AM,643.65,0,0.0,47063038.00000004
2025-08-01 10:06:50 AM,643.65,542,348858.3,47411896.300000034
2025-08-01 10:06:56 AM,644.2,109,70217.8,47482114.10000003
2025-08-01 10:07:02 AM,644.2,55,35431.0,47517545.10000003
2025-08-01 10:07:10 AM,644.2,10,6442.0,47523987.10000003
2025-08-01 10:07:14 AM,644.1,100,64410.0,47588397.10000003
2025-08-01 10:07:16 AM,644.0,262,168728.0,47757125.10000003
2025-08-01 10:07:21 AM,643.7,234,150625.80000000002,47907750.90000003
2025-08-01 10:07:27 AM,643.5,0,0.0,47907750.90000003
2025-08-01 10:07:27 AM,643.5,31,19948.5,47927699.40000003
2025-08-01 10:07:33 AM,643.5,18,11583.0,47939282.40000003
2025-08-01 10:07:45 AM,643.5,99,63706.5,48002988.90000003
2025-08-01 10:07:49 AM,643.4,0,0.0,48002988.90000003
2025-08-01 10:07:51 AM,643.5,379,243886.5,48246875.40000003
2025-08-01 10:08:04 AM,643.5,20,12870.0,48259745.40000003
2025-08-01 10:08:05 AM,643.05,0,0.0,48259745.40000003
2025-08-01 10:08:05 AM,643.0,125,80375.0,48340120.40000003
2025-08-01 10:08:10 AM,643.0,20,12860.0,48352980.40000003
2025-08-01 10:08:24 AM,643.45,0,0.0,48352980.40000003
2025-08-01 10:08:24 AM,643.45,15,9651.75,48362632.15000003
2025-08-01 10:08:36 AM,643.5,0,0.0,48362632.15000003
2025-08-01 10:08:36 AM,643.5,8,5148.0,48367780.15000003
2025-08-01 10:08:47 AM,643.5,1,643.5,48368423.65000003
2025-08-01 10:08:48 AM,643.45,0,0.0,48368423.65000003
2025-08-01 10:08:48 AM,643.45,100,64345.00000000001,48432768.65000003
2025-08-01 10:09:16 AM,643.95,12,7727.400000000001,48440496.05000003
2025-08-01 10:09:33 AM,644.4,0,0.0,48440496.05000003
2025-08-01 10:09:34 AM,644.4,10,6444.0,48446940.05000003
2025-08-01 10:09:39 AM,644.5,0,0.0,48446940.05000003
2025-08-01 10:09:39 AM,644.5,50,32225.0,48479165.05000003
2025-08-01 10:09:51 AM,644.05,0,0.0,48479165.05000003
2025-08-01 10:09:51 AM,644.05,100,64404.99999999999,48543570.05000003
2025-08-01 10:09:55 AM,644.55,0,0.0,48543570.05000003
2025-08-01 10:09:56 AM,644.15,2,1288.3,48544858.350000024
2025-08-01 10:09:58 AM,644.0,0,0.0,48544858.350000024
2025-08-01 10:09:58 AM,644.0,15,9660.0,48554518.350000024
2025-08-01 10:10:01 AM,643.85,0,0.0,48554518.350000024
2025-08-01 10:10:02 AM,643.85,38,24466.3,48578984.65000002
2025-08-01 10:10:10 AM,643.8,0,0.0,48578984.65000002
2025-08-01 10:10:10 AM,643.8,18,11588.4,48590573.05000002
2025-08-01 10:10:16 AM,644.4,0,0.0,48590573.05000002
2025-08-01 10:10:16 AM,644.4,500,322200.0,48912773.05000002
2025-08-01 10:10:17 AM,643.75,0,0.0,48912773.05000002
2025-08-01 10:10:20 AM,643.75,3,1931.25,48914704.30000002
2025-08-01 10:10:39 AM,643.8,1,643.8,48915348.10000002
2025-08-01 10:10:42 AM,644.1,0,0.0,48915348.10000002
2025-08-01 10:10:44 AM,643.75,110,70812.5,48986160.60000002
2025-08-01 10:10:45 AM,643.6,103,66290.8,49052451.40000001
2025-08-01 10:10:50 AM,643.45,156,100378.20000000001,49152829.60000002
2025-08-01 10:10:57 AM,643.55,0,0.0,49152829.60000002
2025-08-01 10:10:57 AM,643.55,2,1287.1,49154116.70000002
2025-08-01 10:11:03 AM,643.55,21,13514.55,49167631.250000015
2025-08-01 10:11:09 AM,643.35,35,22517.25,49190148.500000015
2025-08-01 10:11:25 AM,643.35,50,32167.5,49222316.000000015
2025-08-01 10:11:48 AM,644.05,0,0.0,49222316.000000015
2025-08-01 10:11:48 AM,644.05,490,315584.5,49537900.500000015
2025-08-01 10:12:09 AM,644.35,0,0.0,49537900.500000015
2025-08-01 10:12:12 AM,644.35,222,143045.7,49680946.20000002
2025-08-01 10:12:18 AM,643.55,0,0.0,49680946.20000002
2025-08-01 10:12:18 AM,643.55,25,16088.749999999998,49697034.95000002
2025-08-01 10:12:18 AM,644.25,110,70867.5,49767902.45000002
2025-08-01 10:12:27 AM,644.15,0,0.0,49767902.45000002
2025-08-01 10:12:29 AM,644.15,21,13527.15,49781429.60000002
2025-08-01 10:12:33 AM,644.25,0,0.0,49781429.60000002
2025-08-01 10:12:35 AM,644.25,10,6442.5,49787872.10000002
2025-08-01 10:13:03 AM,644.0,0,0.0,49787872.10000002
2025-08-01 10:13:03 AM,644.0,10,6440.0,49794312.10000002
2025-08-01 10:13:04 AM,644.35,7,4510.45,49798822.55000002
2025-08-01 10:13:15 AM,644.0,0,0.0,49798822.55000002
2025-08-01 10:13:15 AM,644.0,95,61180.0,49860002.55000002
2025-08-01 10:13:34 AM,643.4,70,45038.0,49905040.55000002
2025-08-01 10:13:39 AM,643.55,0,0.0,49905040.55000002
2025-08-01 10:13:39 AM,643.55,37,23811.35,49928851.90000002
2025-08-01 10:13:52 AM,644.15,23,14815.449999999999,49943667.350000024
2025-08-01 10:14:00 AM,643.6,0,0.0,49943667.350000024
2025-08-01 10:14:03 AM,643.65,0,0.0,49943667.350000024
2025-08-01 10:14:03 AM,643.65,110,70801.5,50014468.850000024
2025-08-01 10:14:06 AM,644.2,0,0.0,50014468.850000024
2025-08-01 10:14:08 AM,644.2,2,1288.4,50015757.25000002
2025-08-01 10:14:14 AM,643.75,25,16093.75,50031851.00000002
2025-08-01 10:14:18 AM,644.1,0,0.0,50031851.00000002
2025-08-01 10:14:20 AM,644.1,8,5152.8,50037003.80000002
2025-08-01 10:14:37 AM,644.1,8,5152.8,50042156.60000002
2025-08-01 10:15:08 AM,644.2,0,0.0,50042156.60000002
2025-08-01 10:15:12 AM,644.2,2,1288.4,50043445.000000015
2025-08-01 10:15:23 AM,644.4,0,0.0,50043445.000000015
2025-08-01 10:15:24 AM,644.4,5,3222.0,50046667.000000015
2025-08-01 10:15:25 AM,644.95,256,165107.2,50211774.20000002
2025-08-01 10:15:29 AM,644.4,0,0.0,50211774.20000002
2025-08-01 10:15:30 AM,644.4,10,6444.0,50218218.20000002
2025-08-01 10:15:59 AM,644.35,0,0.0,50218218.20000002
2025-08-01 10:16:00 AM,644.35,12,7732.200000000001,50225950.40000002
2025-08-01 10:16:08 AM,644.65,0,0.0,50225950.40000002
2025-08-01 10:16:11 AM,644.65,1,644.65,50226595.05000002
2025-08-01 10:16:27 AM,644.95,0,0.0,50226595.05000002
2025-08-01 10:16:29 AM,644.95,100,64495.00000000001,50291090.05000002
2025-08-01 10:16:57 AM,645.7,0,0.0,50291090.05000002
2025-08-01 10:16:57 AM,645.7,200,129140.00000000001,50420230.05000002
2025-08-01 10:16:59 AM,645.1,0,0.0,50420230.05000002
2025-08-01 10:17:03 AM,645.1,24,15482.400000000001,50435712.45000002
2025-08-01 10:17:42 AM,645.75,0,0.0,50435712.45000002
2025-08-01 10:17:43 AM,645.75,59,38099.25,50473811.70000002
2025-08-01 10:17:50 AM,645.7,0,0.0,50473811.70000002
2025-08-01 10:17:51 AM,645.75,0,0.0,50473811.70000002
2025-08-01 10:17:55 AM,645.75,130,83947.5,50557759.20000002
2025-08-01 10:18:15 AM,645.6,0,0.0,50557759.20000002
2025-08-01 10:18:17 AM,644.5,0,0.0,50557759.20000002
2025-08-01 10:18:18 AM,644.5,202,130189.0,50687948.20000002
2025-08-01 10:18:20 AM,645.25,0,0.0,50687948.20000002
2025-08-01 10:18:24 AM,645.25,250,161312.5,50849260.70000002
2025-08-01 10:18:26 AM,645.15,0,0.0,50849260.70000002
2025-08-01 10:18:30 AM,644.5,0,0.0,50849260.70000002
2025-08-01 10:18:30 AM,645.25,245,158086.25,51007346.95000002
2025-08-01 10:18:32 AM,645.6,0,0.0,51007346.95000002
2025-08-01 10:18:35 AM,645.75,0,0.0,51007346.95000002
2025-08-01 10:18:36 AM,645.75,333,215034.75,51222381.70000002
2025-08-01 10:18:43 AM,645.4,0,0.0,51222381.70000002
2025-08-01 10:18:45 AM,646.25,0,0.0,51222381.70000002
2025-08-01 10:18:47 AM,646.25,263,169963.75,51392345.45000002
2025-08-01 10:18:49 AM,646.0,0,0.0,51392345.45000002
2025-08-01 10:18:53 AM,646.0,100,64600.0,51456945.45000002
2025-08-01 10:18:55 AM,646.6,0,0.0,51456945.45000002
2025-08-01 10:18:58 AM,646.6,10,6466.0,51463411.45000002
2025-08-01 10:19:01 AM,645.75,0,0.0,51463411.45000002
2025-08-01 10:19:03 AM,646.1,0,0.0,51463411.45000002
2025-08-01 10:19:04 AM,646.2,0,0.0,51463411.45000002
2025-08-01 10:19:04 AM,646.2,125,80775.0,51544186.45000002
2025-08-01 10:19:07 AM,645.5,0,0.0,51544186.45000002
2025-08-01 10:19:10 AM,645.5,70,45185.0,51589371.45000002
2025-08-01 10:19:13 AM,646.2,0,0.0,51589371.45000002
2025-08-01 10:19:16 AM,646.2,25,16155.000000000002,51605526.45000002
2025-08-01 10:19:22 AM,646.05,0,0.0,51605526.45000002
2025-08-01 10:19:22 AM,646.05,2,1292.1,51606818.55000002
2025-08-01 10:19:27 AM,646.1,8,5168.8,51611987.35000002
2025-08-01 10:19:31 AM,646.3,0,0.0,51611987.35000002
2025-08-01 10:19:33 AM,646.75,610,394517.5,52006504.85000002
2025-08-01 10:19:44 AM,646.55,71,45905.049999999996,52052409.90000001
2025-08-01 10:19:49 AM,645.85,0,0.0,52052409.90000001
2025-08-01 10:19:50 AM,645.85,100,64585.0,52116994.90000001
2025-08-01 10:19:57 AM,645.85,25,16146.25,52133141.15000001
2025-08-01 10:20:05 AM,646.75,0,0.0,52133141.15000001
2025-08-01 10:20:06 AM,646.75,171,110594.25,52243735.40000001
2025-08-01 10:20:25 AM,646.45,0,0.0,52243735.40000001
2025-08-01 10:20:25 AM,646.45,3,1939.3500000000001,52245674.750000015
2025-08-01 10:20:29 AM,646.45,10,6464.5,52252139.250000015
2025-08-01 10:20:31 AM,645.8,0,0.0,52252139.250000015
2025-08-01 10:20:31 AM,645.8,81,52309.799999999996,52304449.05000001
2025-08-01 10:20:48 AM,645.8,5,3229.0,52307678.05000001
2025-08-01 10:20:59 AM,645.35,0,0.0,52307678.05000001
2025-08-01 10:20:59 AM,645.35,7,4517.45,52312195.500000015
2025-08-01 10:21:05 AM,645.35,5,3226.75,52315422.250000015
2025-08-01 10:21:16 AM,645.95,0,0.0,52315422.250000015
2025-08-01 10:21:16 AM,645.95,2,1291.9,52316714.15000001
2025-08-01 10:21:18 AM,645.95,40,25838.0,52342552.15000001
2025-08-01 10:21:38 AM,645.45,620,400179.0,52742731.15000001
2025-08-01 10:21:42 AM,646.3,0,0.0,52742731.15000001
2025-08-01 10:21:43 AM,646.3,3,1938.8999999999999,52744670.05000001
2025-08-01 10:22:18 AM,645.75,0,0.0,52744670.05000001
2025-08-01 10:22:18 AM,645.75,40,25830.0,52770500.05000001
2025-08-01 10:22:24 AM,645.75,1,645.75,52771145.80000001
2025-08-01 10:23:08 AM,646.2,0,0.0,52771145.80000001
2025-08-01 10:23:08 AM,646.2,3,1938.6000000000001,52773084.40000001
2025-08-01 10:23:29 AM,645.75,0,0.0,52773084.40000001
2025-08-01 10:23:31 AM,645.75,24,15498.0,52788582.40000001
2025-08-01 10:23:40 AM,645.75,176,113652.0,52902234.40000001
2025-08-01 10:23:50 AM,646.0,0,0.0,52902234.40000001
2025-08-01 10:23:51 AM,646.0,7,4522.0,52906756.40000001
2025-08-01 10:23:57 AM,645.75,0,0.0,52906756.40000001
2025-08-01 10:23:57 AM,645.75,100,64575.0,52971331.40000001
2025-08-01 10:24:02 AM,646.0,0,0.0,52971331.40000001
2025-08-01 10:24:02 AM,646.0,1,646.0,52971977.40000001
2025-08-01 10:24:15 AM,645.75,25,16143.75,52988121.15000001
2025-08-01 10:24:41 AM,645.75,10,6457.5,52994578.65000001
2025-08-01 10:24:51 AM,645.75,26,16789.5,53011368.15000001
2025-08-01 10:24:57 AM,645.75,1,645.75,53012013.90000001
2025-08-01 10:25:05 AM,646.6,500,323300.0,53335313.90000001
2025-08-01 10:25:11 AM,646.0,100,64600.0,53399913.90000001
2025-08-01 10:25:19 AM,646.55,0,0.0,53399913.90000001
2025-08-01 10:25:21 AM,646.05,225,145361.25,53545275.15000001
2025-08-01 10:25:24 AM,646.0,0,0.0,53545275.15000001
2025-08-01 10:25:26 AM,646.0,200,129200.0,53674475.15000001
2025-08-01 10:25:34 AM,646.0,42,27132.0,53701607.15000001
2025-08-01 10:25:55 AM,647.45,0,0.0,53701607.15000001
2025-08-01 10:25:56 AM,647.55,900,582795.0,54284402.15000001
2025-08-01 10:26:04 AM,646.7,0,0.0,54284402.15000001
2025-08-01 10:26:04 AM,646.7,350,226345.00000000003,54510747.15000001
2025-08-01 10:26:09 AM,647.35,0,0.0,54510747.15000001
2025-08-01 10:26:10 AM,647.35,10,6473.5,54517220.65000001
2025-08-01 10:26:12 AM,648.35,0,0.0,54517220.65000001
2025-08-01 10:26:12 AM,648.35,1232,798767.2000000001,55315987.85000002
2025-08-01 10:26:15 AM,648.25,0,0.0,55315987.85000002
2025-08-01 10:26:16 AM,648.25,269,174379.25,55490367.10000002
2025-08-01 10:26:19 AM,647.9,0,0.0,55490367.10000002
2025-08-01 10:26:21 AM,647.9,10,6479.0,55496846.10000002
2025-08-01 10:26:27 AM,648.45,162,105048.90000000001,55601895.000000015
2025-08-01 10:26:34 AM,648.5,0,0.0,55601895.000000015
2025-08-01 10:26:35 AM,648.5,100,64850.0,55666745.000000015
2025-08-01 10:26:37 AM,648.1,0,0.0,55666745.000000015
2025-08-01 10:26:39 AM,648.4,0,0.0,55666745.000000015
2025-08-01 10:26:39 AM,648.4,11,7132.4,55673877.40000001
2025-08-01 10:26:46 AM,647.95,0,0.0,55673877.40000001
2025-08-01 10:26:47 AM,647.95,10,6479.5,55680356.90000001
2025-08-01 10:26:52 AM,648.45,0,0.0,55680356.90000001
2025-08-01 10:26:53 AM,648.45,179,116072.55,55796429.45000001
2025-08-01 10:26:56 AM,648.45,1,648.45,55797077.90000001
2025-08-01 10:27:02 AM,648.45,126,81704.70000000001,55878782.60000002
2025-08-01 10:27:06 AM,648.55,0,0.0,55878782.60000002
2025-08-01 10:27:07 AM,648.55,1493,968285.1499999999,56847067.750000015
2025-08-01 10:27:16 AM,649.6,0,0.0,56847067.750000015
2025-08-01 10:27:16 AM,649.6,300,194880.0,57041947.750000015
2025-08-01 10:27:18 AM,649.0,0,0.0,57041947.750000015
2025-08-01 10:27:18 AM,649.0,58,37642.0,57079589.750000015
2025-08-01 10:27:24 AM,649.5,0,0.0,57079589.750000015
2025-08-01 10:27:24 AM,649.5,290,188355.0,57267944.750000015
2025-08-01 10:27:33 AM,649.7,76,49377.200000000004,57317321.95000002
2025-08-01 10:27:34 AM,649.95,0,0.0,57317321.95000002
2025-08-01 10:27:35 AM,649.95,852,553757.4,57871079.35000002
2025-08-01 10:27:36 AM,649.2,0,0.0,57871079.35000002
2025-08-01 10:27:38 AM,649.2,1000,649200.0,58520279.35000002
2025-08-01 10:27:39 AM,649.7,0,0.0,58520279.35000002
2025-08-01 10:27:40 AM,649.7,200,129940.00000000001,58650219.35000002
2025-08-01 10:27:42 AM,649.2,0,0.0,58650219.35000002
2025-08-01 10:27:43 AM,649.2,44,28564.800000000003,58678784.15000001
2025-08-01 10:27:46 AM,649.2,156,101275.20000000001,58780059.35000002
2025-08-01 10:27:51 AM,649.45,0,0.0,58780059.35000002
2025-08-01 10:27:52 AM,649.45,200,129890.00000000001,58909949.35000002
2025-08-01 10:27:56 AM,649.55,0,0.0,58909949.35000002
2025-08-01 10:27:57 AM,649.6,109,70806.40000000001,58980755.750000015
2025-08-01 10:28:01 AM,649.2,0,0.0,58980755.750000015
2025-08-01 10:28:02 AM,649.2,150,97380.0,59078135.750000015
2025-08-01 10:28:07 AM,649.3,0,0.0,59078135.750000015
2025-08-01 10:28:07 AM,649.3,7,4545.099999999999,59082680.85000002
2025-08-01 10:28:16 AM,649.3,10,6493.0,59089173.85000002
2025-08-01 10:28:17 AM,647.8,0,0.0,59089173.85000002
2025-08-01 10:28:18 AM,647.8,319,206648.19999999998,59295822.05000002
2025-08-01 10:28:32 AM,647.5,101,65397.5,59361219.55000002
2025-08-01 10:28:34 AM,647.0,0,0.0,59361219.55000002
2025-08-01 10:28:35 AM,647.0,5,3235.0,59364454.55000002
2025-08-01 10:28:38 AM,647.65,0,0.0,59364454.55000002
2025-08-01 10:28:38 AM,647.65,1,647.65,59365102.20000002
2025-08-01 10:28:42 AM,647.7,0,0.0,59365102.20000002
2025-08-01 10:28:43 AM,647.7,3,1943.1000000000001,59367045.30000002
2025-08-01 10:28:46 AM,647.75,0,0.0,59367045.30000002
2025-08-01 10:28:46 AM,647.75,12,7773.0,59374818.30000002
2025-08-01 10:28:58 AM,647.15,5,3235.75,59378054.05000002
2025-08-01 10:29:01 AM,647.6,0,0.0,59378054.05000002
2025-08-01 10:29:03 AM,647.45,0,0.0,59378054.05000002
2025-08-01 10:29:03 AM,647.55,0,0.0,59378054.05000002
2025-08-01 10:29:03 AM,647.55,54,34967.7,59413021.75000002
2025-08-01 10:29:05 AM,647.7,0,0.0,59413021.75000002
2025-08-01 10:29:05 AM,647.7,151,97802.70000000001,59510824.450000025
2025-08-01 10:29:07 AM,647.75,0,0.0,59510824.450000025
2025-08-01 10:29:09 AM,647.75,3,1943.25,59512767.700000025
2025-08-01 10:29:11 AM,647.75,1,647.75,59513415.450000025
2025-08-01 10:29:20 AM,647.55,3,1942.6499999999999,59515358.100000024
2025-08-01 10:29:25 AM,647.7,1,647.7,59516005.80000003
2025-08-01 10:29:27 AM,647.65,0,0.0,59516005.80000003
2025-08-01 10:29:28 AM,647.65,1,647.65,59516653.450000025
2025-08-01 10:29:43 AM,647.6,0,0.0,59516653.450000025
2025-08-01 10:29:44 AM,647.75,0,0.0,59516653.450000025
2025-08-01 10:29:44 AM,647.55,1003,649492.6499999999,60166146.100000024
2025-08-01 10:29:47 AM,647.65,0,0.0,60166146.100000024
2025-08-01 10:29:47 AM,647.75,3,1943.25,60168089.350000024
2025-08-01 10:29:49 AM,647.3,0,0.0,60168089.350000024
2025-08-01 10:29:50 AM,647.45,8,5179.6,60173268.950000025
2025-08-01 10:29:51 AM,647.0,0,0.0,60173268.950000025
2025-08-01 10:29:53 AM,647.0,53,34291.0,60207559.950000025
2025-08-01 10:29:53 AM,646.85,0,0.0,60207559.950000025
2025-08-01 10:29:55 AM,646.85,80,51748.0,60259307.950000025
2025-08-01 10:30:01 AM,647.4,1,647.4,60259955.350000024
2025-08-01 10:30:04 AM,646.85,0,0.0,60259955.350000024
2025-08-01 10:30:04 AM,646.85,92,59510.200000000004,60319465.55000003
2025-08-01 10:30:16 AM,647.85,5,3239.25,60322704.80000003
2025-08-01 10:30:18 AM,647.8,1,647.8,60323352.600000024
2025-08-01 10:30:20 AM,647.7,0,0.0,60323352.600000024
2025-08-01 10:30:21 AM,647.7,1,647.7,60324000.30000003
2025-08-01 10:30:26 AM,647.5,0,0.0,60324000.30000003
2025-08-01 10:30:27 AM,647.5,3,1942.5,60325942.80000003
2025-08-01 10:30:38 AM,647.85,0,0.0,60325942.80000003
2025-08-01 10:30:38 AM,647.85,40,25914.0,60351856.80000003
2025-08-01 10:30:53 AM,647.35,3,1942.0500000000002,60353798.850000024
2025-08-01 10:30:58 AM,647.45,6,3884.7000000000003,60357683.55000003
2025-08-01 10:31:11 AM,647.45,116,75104.20000000001,60432787.75000003
2025-08-01 10:31:18 AM,647.95,0,0.0,60432787.75000003
2025-08-01 10:31:19 AM,647.45,23,14891.35,60447679.10000003
2025-08-01 10:31:22 AM,647.8,10,6478.0,60454157.10000003
2025-08-01 10:31:24 AM,647.9,0,0.0,60454157.10000003
2025-08-01 10:31:24 AM,647.9,20,12958.0,60467115.10000003
2025-08-01 10:31:38 AM,647.9,80,51832.0,60518947.10000003
2025-08-01 10:31:46 AM,648.45,46,29828.7,60548775.800000034
2025-08-01 10:31:58 AM,647.9,0,0.0,60548775.800000034
2025-08-01 10:31:59 AM,647.9,100,64790.0,60613565.800000034
2025-08-01 10:32:12 AM,648.4,5,3242.0,60616807.800000034
2025-08-01 10:32:50 AM,648.4,45,29178.0,60645985.800000034
2025-08-01 10:33:06 AM,648.0,0,0.0,60645985.800000034
2025-08-01 10:33:07 AM,648.0,250,162000.0,60807985.800000034
2025-08-01 10:33:18 AM,648.0,10,6480.0,60814465.800000034
2025-08-01 10:33:20 AM,648.35,91,58999.85,60873465.650000036
2025-08-01 10:33:26 AM,648.0,6,3888.0,60877353.650000036
2025-08-01 10:33:29 AM,647.95,497,322031.15,61199384.800000034
2025-08-01 10:33:31 AM,648.35,213,138098.55000000002,61337483.35000003
2025-08-01 10:33:36 AM,648.25,0,0.0,61337483.35000003
2025-08-01 10:33:36 AM,648.25,10,6482.5,61343965.85000003
2025-08-01 10:33:45 AM,648.4,0,0.0,61343965.85000003
2025-08-01 10:33:45 AM,648.4,4,2593.6,61346559.45000003
2025-08-01 10:33:51 AM,648.15,0,0.0,61346559.45000003
2025-08-01 10:33:51 AM,648.15,15,9722.25,61356281.70000003
2025-08-01 10:34:13 AM,648.55,0,0.0,61356281.70000003
2025-08-01 10:34:14 AM,648.55,100,64854.99999999999,61421136.70000003
2025-08-01 10:34:40 AM,648.25,0,0.0,61421136.70000003
2025-08-01 10:34:42 AM,648.25,2,1296.5,61422433.20000003
2025-08-01 10:34:43 AM,648.55,0,0.0,61422433.20000003
2025-08-01 10:34:44 AM,648.55,23,14916.65,61437349.85000003
2025-08-01 10:34:54 AM,648.65,65,42162.25,61479512.10000003
2025-08-01 10:35:07 AM,648.65,100,64865.0,61544377.10000003
2025-08-01 10:35:09 AM,649.0,0,0.0,61544377.10000003
2025-08-01 10:35:11 AM,649.0,162,105138.0,61649515.10000003
2025-08-01 10:35:19 AM,648.85,0,0.0,61649515.10000003
2025-08-01 10:35:19 AM,648.85,3,1946.5500000000002,61651461.65000003
2025-08-01 10:35:30 AM,648.6,0,0.0,61651461.65000003
2025-08-01 10:35:30 AM,648.6,1,648.6,61652110.25000003
2025-08-01 10:35:34 AM,648.85,0,0.0,61652110.25000003
2025-08-01 10:35:36 AM,648.85,1,648.85,61652759.10000003
2025-08-01 10:35:41 AM,648.55,10,6485.5,61659244.60000003
2025-08-01 10:35:47 AM,648.55,17,11025.349999999999,61670269.95000003
2025-08-01 10:35:50 AM,648.55,83,53829.649999999994,61724099.60000003
2025-08-01 10:35:51 AM,648.65,0,0.0,61724099.60000003
2025-08-01 10:35:52 AM,648.65,67,43459.549999999996,61767559.15000003
2025-08-01 10:36:00 AM,648.9,0,0.0,61767559.15000003
2025-08-01 10:36:01 AM,648.9,38,24658.2,61792217.35000003
2025-08-01 10:36:09 AM,648.9,100,64890.0,61857107.35000003
2025-08-01 10:36:11 AM,648.3,0,0.0,61857107.35000003
2025-08-01 10:36:12 AM,648.3,50,32414.999999999996,61889522.35000003
2025-08-01 10:36:20 AM,648.85,0,0.0,61889522.35000003
2025-08-01 10:36:21 AM,648.85,6,3893.1000000000004,61893415.45000003
2025-08-01 10:36:27 AM,648.2,0,0.0,61893415.45000003
2025-08-01 10:36:29 AM,648.2,50,32410.000000000004,61925825.45000003
2025-08-01 10:36:35 AM,648.2,50,32410.000000000004,61958235.45000003
2025-08-01 10:36:51 AM,648.75,30,19462.5,61977697.95000003
2025-08-01 10:37:10 AM,648.1,0,0.0,61977697.95000003
2025-08-01 10:37:11 AM,647.9,0,0.0,61977697.95000003
2025-08-01 10:37:13 AM,647.9,1118,724352.2,62702050.150000036
2025-08-01 10:37:24 AM,648.1,5,3240.5,62705290.650000036
2025-08-01 10:37:38 AM,648.1,8,5184.8,62710475.45000003
2025-08-01 10:37:40 AM,648.35,0,0.0,62710475.45000003
2025-08-01 10:37:41 AM,648.35,100,64835.0,62775310.45000003
2025-08-01 10:38:22 AM,647.8,100,64779.99999999999,62840090.45000003
2025-08-01 10:38:51 AM,647.7,0,0.0,62840090.45000003
2025-08-01 10:38:51 AM,647.7,50,32385.000000000004,62872475.45000003
2025-08-01 10:38:57 AM,648.0,150,97200.0,62969675.45000003
2025-08-01 10:39:03 AM,647.15,0,0.0,62969675.45000003
2025-08-01 10:39:05 AM,647.15,300,194145.0,63163820.45000003
2025-08-01 10:39:24 AM,647.7,0,0.0,63163820.45000003
2025-08-01 10:39:25 AM,647.7,1,647.7,63164468.150000036
2025-08-01 10:39:50 AM,647.7,100,64770.00000000001,63229238.150000036
2025-08-01 10:39:51 AM,647.65,0,0.0,63229238.150000036
2025-08-01 10:39:52 AM,647.65,20,12953.0,63242191.150000036
2025-08-01 10:40:06 AM,647.6,0,0.0,63242191.150000036
2025-08-01 10:40:06 AM,647.6,100,64760.0,63306951.150000036
2025-08-01 10:40:50 AM,647.7,0,0.0,63306951.150000036
2025-08-01 10:40:50 AM,647.7,200,129540.00000000001,63436491.150000036
2025-08-01 10:41:12 AM,647.6,0,0.0,63436491.150000036
2025-08-01 10:41:12 AM,647.6,68,44036.8,63480527.95000003
2025-08-01 10:41:27 AM,647.6,134,86778.40000000001,63567306.35000003
2025-08-01 10:41:44 AM,647.25,0,0.0,63567306.35000003
2025-08-01 10:41:44 AM,647.25,194,125566.5,63692872.85000003
2025-08-01 10:41:56 AM,647.2,44,28476.800000000003,63721349.65000003
2025-08-01 10:42:05 AM,647.15,0,0.0,63721349.65000003
2025-08-01 10:42:06 AM,647.15,310,200616.5,63921966.15000003
2025-08-01 10:42:10 AM,647.55,0,0.0,63921966.15000003
2025-08-01 10:42:11 AM,647.55,4,2590.2,63924556.35000003
2025-08-01 10:42:25 AM,647.55,10,6475.5,63931031.85000003
2025-08-01 10:42:34 AM,647.55,1,647.55,63931679.40000003
2025-08-01 10:42:45 AM,647.55,90,58279.49999999999,63989958.90000003
2025-08-01 10:42:53 AM,647.15,33,21355.95,64011314.85000003
2025-08-01 10:43:03 AM,647.15,100,64715.0,64076029.85000003
2025-08-01 10:43:31 AM,647.15,7,4530.05,64080559.90000003
2025-08-01 10:43:34 AM,647.15,50,32357.5,64112917.40000003
2025-08-01 10:43:53 AM,646.7,0,0.0,64112917.40000003
2025-08-01 10:43:54 AM,646.7,2953,1909705.1,66022622.50000003
2025-08-01 10:44:15 AM,646.45,0,0.0,66022622.50000003
2025-08-01 10:44:16 AM,646.15,0,0.0,66022622.50000003
2025-08-01 10:44:16 AM,646.15,102,65907.3,66088529.80000003
2025-08-01 10:44:43 AM,646.1,0,0.0,66088529.80000003
2025-08-01 10:44:43 AM,646.1,6,3876.6000000000004,66092406.40000003
2025-08-01 10:44:48 AM,646.0,252,162792.0,66255198.40000003
2025-08-01 10:45:43 AM,646.0,20,12920.0,66268118.40000003
2025-08-01 10:45:52 AM,646.35,0,0.0,66268118.40000003
2025-08-01 10:45:53 AM,646.35,100,64635.0,66332753.40000003
2025-08-01 10:46:11 AM,646.0,80,51680.0,66384433.40000003
2025-08-01 10:46:22 AM,645.5,10,6455.0,66390888.40000003
2025-08-01 10:46:23 AM,645.95,0,0.0,66390888.40000003
2025-08-01 10:46:24 AM,645.95,5,3229.75,66394118.15000003
2025-08-01 10:46:40 AM,645.9,1,645.9,66394764.05000003
2025-08-01 10:46:44 AM,645.85,0,0.0,66394764.05000003
2025-08-01 10:46:45 AM,645.85,1,645.85,66395409.90000003
2025-08-01 10:46:47 AM,646.05,0,0.0,66395409.90000003
2025-08-01 10:46:50 AM,646.05,100,64604.99999999999,66460014.90000003
2025-08-01 10:47:01 AM,645.5,214,138137.0,66598151.90000003
2025-08-01 10:47:13 AM,645.1,450,290295.0,66888446.90000003
2025-08-01 10:47:33 AM,645.2,60,38712.0,66927158.90000003
2025-08-01 10:47:46 AM,645.6,0,0.0,66927158.90000003
2025-08-01 10:47:46 AM,645.6,1,645.6,66927804.50000003
2025-08-01 10:47:52 AM,645.75,60,38745.0,66966549.50000003
2025-08-01 10:48:00 AM,645.9,3,1937.6999999999998,66968487.20000003
2025-08-01 10:48:04 AM,646.0,0,0.0,66968487.20000003
2025-08-01 10:48:05 AM,646.0,20,12920.0,66981407.20000003
2025-08-01 10:48:19 AM,645.9,0,0.0,66981407.20000003
2025-08-01 10:48:21 AM,645.9,4,2583.6,66983990.800000034
2025-08-01 10:48:24 AM,646.35,508,328345.8,67312336.60000004
2025-08-01 10:48:27 AM,646.75,16,10348.0,67322684.60000004
2025-08-01 10:48:32 AM,646.75,1,646.75,67323331.35000004
2025-08-01 10:48:34 AM,646.15,0,0.0,67323331.35000004
2025-08-01 10:48:34 AM,646.15,200,129230.0,67452561.35000004
2025-08-01 10:48:44 AM,645.8,700,452059.99999999994,67904621.35000004
2025-08-01 10:49:13 AM,645.7,1073,692836.1000000001,68597457.45000003
2025-08-01 10:49:21 AM,645.0,0,0.0,68597457.45000003
2025-08-01 10:49:22 AM,645.0,847,546315.0,69143772.45000003
2025-08-01 10:49:27 AM,645.0,253,163185.0,69306957.45000003
2025-08-01 10:49:34 AM,645.0,315,203175.0,69510132.45000003
2025-08-01 10:49:43 AM,645.0,17,10965.0,69521097.45000003
2025-08-01 10:49:47 AM,644.5,0,0.0,69521097.45000003
2025-08-01 10:49:48 AM,644.5,150,96675.0,69617772.45000003
2025-08-01 10:50:21 AM,644.5,20,12890.0,69630662.45000003
2025-08-01 10:50:27 AM,644.1,160,103056.0,69733718.45000003
2025-08-01 10:50:55 AM,644.1,102,65698.2,69799416.65000004
2025-08-01 10:50:58 AM,643.0,0,0.0,69799416.65000004
2025-08-01 10:51:01 AM,643.5,422,271557.0,70070973.65000004
2025-08-01 10:51:06 AM,643.55,0,0.0,70070973.65000004
2025-08-01 10:51:07 AM,643.55,5,3217.75,70074191.40000004
2025-08-01 10:51:13 AM,643.0,23,14789.0,70088980.40000004
2025-08-01 10:51:17 AM,643.25,0,0.0,70088980.40000004
2025-08-01 10:51:18 AM,643.25,100,64325.0,70153305.40000004
2025-08-01 10:51:28 AM,643.25,43,27659.75,70180965.15000004
2025-08-01 10:52:09 AM,642.7,0,0.0,70180965.15000004
2025-08-01 10:52:12 AM,642.7,71,45631.700000000004,70226596.85000004
2025-08-01 10:52:16 AM,642.2,0,0.0,70226596.85000004
2025-08-01 10:52:18 AM,643.25,796,512027.0,70738623.85000004
2025-08-01 10:52:21 AM,643.95,0,0.0,70738623.85000004
2025-08-01 10:52:23 AM,643.95,90,57955.50000000001,70796579.35000004
2025-08-01 10:52:52 AM,643.85,0,0.0,70796579.35000004
2025-08-01 10:52:55 AM,643.85,2,1287.7,70797867.05000004
2025-08-01 10:53:01 AM,643.8,0,0.0,70797867.05000004
2025-08-01 10:53:01 AM,643.8,1,643.8,70798510.85000004
2025-08-01 10:53:22 AM,643.15,36,23153.399999999998,70821664.25000004
2025-08-01 10:53:30 AM,642.65,0,0.0,70821664.25000004
2025-08-01 10:53:32 AM,642.65,29,18636.85,70840301.10000004
2025-08-01 10:53:37 AM,642.65,1,642.65,70840943.75000004
2025-08-01 10:53:40 AM,642.2,0,0.0,70840943.75000004
2025-08-01 10:53:43 AM,642.2,462,296696.4,71137640.15000005
2025-08-01 10:53:48 AM,643.1,0,0.0,71137640.15000005
2025-08-01 10:53:48 AM,643.1,7,4501.7,71142141.85000005
2025-08-01 10:54:15 AM,643.1,50,32155.0,71174296.85000005
2025-08-01 10:54:36 AM,643.05,0,0.0,71174296.85000005
2025-08-01 10:54:36 AM,643.05,123,79095.15,71253392.00000006
2025-08-01 10:54:41 AM,642.2,100,64220.00000000001,71317612.00000006
2025-08-01 10:54:58 AM,642.8,0,0.0,71317612.00000006
2025-08-01 10:54:58 AM,642.8,20,12856.0,71330468.00000006
2025-08-01 10:55:02 AM,642.6,0,0.0,71330468.00000006
2025-08-01 10:55:03 AM,642.6,793,509581.80000000005,71840049.80000006
2025-08-01 10:55:13 AM,641.85,607,389602.95,72229652.75000006
2025-08-01 10:55:14 AM,641.5,0,0.0,72229652.75000006
2025-08-01 10:55:18 AM,641.5,631,404786.5,72634439.25000006
2025-08-01 10:55:24 AM,641.5,25,16037.5,72650476.75000006
2025-08-01 10:55:30 AM,641.5,80,51320.0,72701796.75000006
2025-08-01 10:55:34 AM,641.95,0,0.0,72701796.75000006
2025-08-01 10:55:35 AM,641.95,500,320975.0,73022771.75000006
2025-08-01 10:55:46 AM,641.1,102,65392.200000000004,73088163.95000006
2025-08-01 10:56:05 AM,641.65,0,0.0,73088163.95000006
2025-08-01 10:56:06 AM,641.65,2,1283.3,73089447.25000006
2025-08-01 10:56:28 AM,641.65,28,17966.2,73107413.45000006
2025-08-01 10:56:32 AM,641.7,0,0.0,73107413.45000006
2025-08-01 10:56:33 AM,641.7,10,6417.0,73113830.45000006
2025-08-01 10:57:05 AM,641.15,90,57703.5,73171533.95000006
2025-08-01 10:57:21 AM,641.15,5,3205.75,73174739.70000006
2025-08-01 10:57:30 AM,641.75,0,0.0,73174739.70000006
2025-08-01 10:57:31 AM,641.75,100,64175.0,73238914.70000006
2025-08-01 10:57:47 AM,641.8,0,0.0,73238914.70000006
2025-08-01 10:57:47 AM,641.8,100,64179.99999999999,73303094.70000006
2025-08-01 10:57:58 AM,641.35,5,3206.75,73306301.45000006
2025-08-01 10:57:58 AM,641.75,0,0.0,73306301.45000006
2025-08-01 10:57:59 AM,641.75,2,1283.5,73307584.95000006
2025-08-01 10:58:09 AM,641.75,7,4492.25,73312077.20000006
2025-08-01 10:58:23 AM,641.6,0,0.0,73312077.20000006
2025-08-01 10:58:24 AM,641.6,253,162324.80000000002,73474402.00000006
2025-08-01 10:58:36 AM,641.15,0,0.0,73474402.00000006
2025-08-01 10:58:41 AM,641.15,525,336603.75,73811005.75000006
2025-08-01 10:58:46 AM,641.2,0,0.0,73811005.75000006
2025-08-01 10:58:46 AM,641.2,20,12824.0,73823829.75000006
2025-08-01 10:58:57 AM,641.75,101,64816.75,73888646.50000006
2025-08-01 10:59:07 AM,641.8,0,0.0,73888646.50000006
2025-08-01 10:59:07 AM,641.8,50,32089.999999999996,73920736.50000006
2025-08-01 10:59:17 AM,641.75,0,0.0,73920736.50000006
2025-08-01 10:59:18 AM,641.75,10,6417.5,73927154.00000006
2025-08-01 10:59:18 AM,641.85,45,28883.25,73956037.25000006
2025-08-01 10:59:38 AM,641.6,47,30155.2,73986192.45000006
2025-08-01 10:59:49 AM,641.7,25,16042.500000000002,74002234.95000006
2025-08-01 11:00:04 AM,641.9,0,0.0,74002234.95000006
2025-08-01 11:00:06 AM,641.9,4,2567.6,74004802.55000006
2025-08-01 11:00:18 AM,641.9,65,41723.5,74046526.05000006
2025-08-01 11:00:24 AM,641.7,0,0.0,74046526.05000006
2025-08-01 11:00:29 AM,641.7,36,23101.2,74069627.25000006
2025-08-01 11:00:34 AM,641.7,10,6417.0,74076044.25000006
2025-08-01 11:00:34 AM,641.85,25,16046.25,74092090.50000006
2025-08-01 11:00:36 AM,641.7,0,0.0,74092090.50000006
2025-08-01 11:00:39 AM,641.7,2,1283.4,74093373.90000007
2025-08-01 11:00:46 AM,641.85,0,0.0,74093373.90000007
2025-08-01 11:00:50 AM,641.85,10,6418.5,74099792.40000007
2025-08-01 11:00:53 AM,641.55,0,0.0,74099792.40000007
2025-08-01 11:00:54 AM,641.9,0,0.0,74099792.40000007
2025-08-01 11:00:55 AM,641.9,71,45574.9,74145367.30000007
2025-08-01 11:00:57 AM,642.0,0,0.0,74145367.30000007
2025-08-01 11:01:00 AM,642.0,150,96300.0,74241667.30000007
2025-08-01 11:01:06 AM,641.7,1,641.7,74242309.00000007
2025-08-01 11:01:23 AM,642.0,0,0.0,74242309.00000007
2025-08-01 11:01:27 AM,642.0,20,12840.0,74255149.00000007
2025-08-01 11:01:37 AM,641.7,0,0.0,74255149.00000007
2025-08-01 11:01:37 AM,641.7,20,12834.0,74267983.00000007
2025-08-01 11:01:38 AM,642.0,5,3210.0,74271193.00000007
2025-08-01 11:01:43 AM,642.0,35,22470.0,74293663.00000007
2025-08-01 11:01:58 AM,642.0,49,31458.0,74325121.00000007
2025-08-01 11:02:25 AM,642.0,30,19260.0,74344381.00000007
2025-08-01 11:02:26 AM,642.0,14,8988.0,74353369.00000007
2025-08-01 11:02:47 AM,641.95,0,0.0,74353369.00000007
2025-08-01 11:02:47 AM,641.95,54,34665.3,74388034.30000007
2025-08-01 11:02:52 AM,642.0,20,12840.0,74400874.30000007
2025-08-01 11:03:08 AM,642.0,16,10272.0,74411146.30000007
2025-08-01 11:03:14 AM,642.0,10,6420.0,74417566.30000007
2025-08-01 11:03:18 AM,642.0,5,3210.0,74420776.30000007
2025-08-01 11:03:23 AM,642.0,230,147660.0,74568436.30000007
2025-08-01 11:03:25 AM,642.5,10,6425.0,74574861.30000007
2025-08-01 11:04:13 AM,642.55,5,3212.75,74578074.05000007
2025-08-01 11:04:15 AM,642.2,150,96330.0,74674404.05000007
2025-08-01 11:04:45 AM,642.05,0,0.0,74674404.05000007
2025-08-01 11:04:46 AM,642.05,100,64204.99999999999,74738609.05000007
2025-08-01 11:05:10 AM,642.5,50,32125.0,74770734.05000007
2025-08-01 11:05:13 AM,642.5,60,38550.0,74809284.05000007
2025-08-01 11:05:20 AM,641.95,0,0.0,74809284.05000007
2025-08-01 11:05:20 AM,641.95,287,184239.65000000002,74993523.70000008
2025-08-01 11:05:31 AM,641.7,218,139890.6,75133414.30000007
2025-08-01 11:05:34 AM,641.8,0,0.0,75133414.30000007
2025-08-01 11:05:35 AM,641.8,100,64179.99999999999,75197594.30000007
2025-08-01 11:05:52 AM,641.9,0,0.0,75197594.30000007
2025-08-01 11:05:52 AM,641.9,23,14763.699999999999,75212358.00000007
2025-08-01 11:05:56 AM,641.85,1,641.85,75212999.85000007
2025-08-01 11:06:07 AM,641.85,50,32092.5,75245092.35000007
2025-08-01 11:06:17 AM,641.85,1,641.85,75245734.20000006
2025-08-01 11:06:32 AM,641.9,20,12838.0,75258572.20000006
2025-08-01 11:06:38 AM,641.85,0,0.0,75258572.20000006
2025-08-01 11:06:38 AM,641.85,1,641.85,75259214.05000006
2025-08-01 11:06:43 AM,642.15,92,59077.799999999996,75318291.85000005
2025-08-01 11:06:47 AM,641.6,0,0.0,75318291.85000005
2025-08-01 11:06:49 AM,641.6,5,3208.0,75321499.85000005
2025-08-01 11:07:12 AM,642.05,0,0.0,75321499.85000005
2025-08-01 11:07:16 AM,642.05,50,32102.499999999996,75353602.35000005
2025-08-01 11:07:21 AM,642.1,18,11557.800000000001,75365160.15000005
2025-08-01 11:07:47 AM,642.35,0,0.0,75365160.15000005
2025-08-01 11:07:48 AM,642.35,96,61665.600000000006,75426825.75000004
2025-08-01 11:07:51 AM,642.6,0,0.0,75426825.75000004
2025-08-01 11:07:53 AM,642.6,10,6426.0,75433251.75000004
2025-08-01 11:08:04 AM,642.6,286,183783.6,75617035.35000004
2025-08-01 11:08:06 AM,642.15,24,15411.599999999999,75632446.95000003
2025-08-01 11:08:10 AM,642.15,63,40455.45,75672902.40000004
2025-08-01 11:08:11 AM,642.2,0,0.0,75672902.40000004
2025-08-01 11:08:11 AM,642.2,4,2568.8,75675471.20000003
2025-08-01 11:08:14 AM,642.15,0,0.0,75675471.20000003
2025-08-01 11:08:15 AM,642.15,194,124577.09999999999,75800048.30000003
2025-08-01 11:08:20 AM,642.15,100,64215.0,75864263.30000003
2025-08-01 11:08:30 AM,642.15,100,64215.0,75928478.30000003
2025-08-01 11:08:32 AM,642.15,100,64215.0,75992693.30000003
2025-08-01 11:08:50 AM,642.6,0,0.0,75992693.30000003
2025-08-01 11:08:51 AM,642.6,500,321300.0,76313993.30000003
2025-08-01 11:08:53 AM,642.7,0,0.0,76313993.30000003
2025-08-01 11:08:54 AM,642.7,100,64270.00000000001,76378263.30000003
2025-08-01 11:08:56 AM,642.75,0,0.0,76378263.30000003
2025-08-01 11:08:56 AM,642.75,2,1285.5,76379548.80000003
2025-08-01 11:08:58 AM,641.6,0,0.0,76379548.80000003
2025-08-01 11:08:59 AM,641.6,687,440779.2,76820328.00000003
2025-08-01 11:09:01 AM,641.85,0,0.0,76820328.00000003
2025-08-01 11:09:02 AM,641.85,100,64185.0,76884513.00000003
2025-08-01 11:09:05 AM,641.75,0,0.0,76884513.00000003
2025-08-01 11:09:06 AM,641.75,10,6417.5,76890930.50000003
2025-08-01 11:09:08 AM,641.8,0,0.0,76890930.50000003
2025-08-01 11:09:08 AM,641.8,101,64821.799999999996,76955752.30000003
2025-08-01 11:09:25 AM,641.45,16,10263.2,76966015.50000003
2025-08-01 11:09:27 AM,641.9,0,0.0,76966015.50000003
2025-08-01 11:09:28 AM,641.9,81,51993.9,77018009.40000004
2025-08-01 11:09:49 AM,641.35,75,48101.25,77066110.65000004
2025-08-01 11:10:16 AM,641.3,0,0.0,77066110.65000004
2025-08-01 11:10:19 AM,641.3,100,64129.99999999999,77130240.65000004
2025-08-01 11:10:33 AM,641.35,0,0.0,77130240.65000004
2025-08-01 11:10:35 AM,641.35,1,641.35,77130882.00000003
2025-08-01 11:10:51 AM,641.35,208,133400.80000000002,77264282.80000003
2025-08-01 11:11:07 AM,641.25,0,0.0,77264282.80000003
2025-08-01 11:11:08 AM,641.25,20,12825.0,77277107.80000003
2025-08-01 11:11:42 AM,641.35,10,6413.5,77283521.30000003
2025-08-01 11:11:49 AM,640.85,0,0.0,77283521.30000003
2025-08-01 11:11:52 AM,640.85,2690,1723886.5,79007407.80000003
2025-08-01 11:12:33 AM,640.1,0,0.0,79007407.80000003
2025-08-01 11:12:34 AM,640.1,305,195230.5,79202638.30000003
2025-08-01 11:12:44 AM,640.8,0,0.0,79202638.30000003
2025-08-01 11:12:45 AM,640.8,200,128159.99999999999,79330798.30000003
2025-08-01 11:12:50 AM,640.15,0,0.0,79330798.30000003
2025-08-01 11:12:50 AM,640.15,10,6401.5,79337199.80000003
2025-08-01 11:12:58 AM,640.2,0,0.0,79337199.80000003
2025-08-01 11:13:00 AM,640.8,0,0.0,79337199.80000003
2025-08-01 11:13:00 AM,640.8,190,121751.99999999999,79458951.80000003
2025-08-01 11:13:06 AM,640.85,458,293509.3,79752461.10000002
2025-08-01 11:13:35 AM,641.4,20,12828.0,79765289.10000002
2025-08-01 11:13:38 AM,641.4,30,19242.0,79784531.10000002
2025-08-01 11:13:40 AM,641.35,218,139814.30000000002,79924345.40000002
2025-08-01 11:14:09 AM,641.4,0,0.0,79924345.40000002
2025-08-01 11:14:11 AM,641.4,300,192420.0,80116765.40000002
2025-08-01 11:14:17 AM,641.35,500,320675.0,80437440.40000002
2025-08-01 11:14:22 AM,641.5,0,0.0,80437440.40000002
2025-08-01 11:14:23 AM,641.5,100,64150.0,80501590.40000002
2025-08-01 11:14:38 AM,641.5,1,641.5,80502231.90000002
2025-08-01 11:14:43 AM,641.5,2,1283.0,80503514.90000002
2025-08-01 11:14:46 AM,641.65,0,0.0,80503514.90000002
2025-08-01 11:14:47 AM,641.05,0,0.0,80503514.90000002
2025-08-01 11:14:48 AM,641.05,125,80131.25,80583646.15000002
2025-08-01 11:14:50 AM,641.0,20,12820.0,80596466.15000002
2025-08-01 11:15:11 AM,641.0,190,121790.0,80718256.15000002
2025-08-01 11:15:12 AM,640.85,0,0.0,80718256.15000002
2025-08-01 11:15:16 AM,640.85,50,32042.5,80750298.65000002
2025-08-01 11:15:26 AM,641.0,14,8974.0,80759272.65000002
2025-08-01 11:15:46 AM,641.5,0,0.0,80759272.65000002
2025-08-01 11:15:47 AM,641.5,20,12830.0,80772102.65000002
2025-08-01 11:15:58 AM,640.8,0,0.0,80772102.65000002
2025-08-01 11:16:02 AM,640.8,1239,793951.2,81566053.85000002
2025-08-01 11:16:34 AM,640.8,20,12816.0,81578869.85000002
2025-08-01 11:16:39 AM,640.8,1,640.8,81579510.65000002
2025-08-01 11:16:44 AM,640.6,0,0.0,81579510.65000002
2025-08-01 11:16:45 AM,640.6,100,64060.0,81643570.65000002
2025-08-01 11:16:53 AM,641.35,0,0.0,81643570.65000002
2025-08-01 11:16:55 AM,641.35,130,83375.5,81726946.15000002
2025-08-01 11:17:03 AM,640.75,0,0.0,81726946.15000002
2025-08-01 11:17:06 AM,640.75,10,6407.5,81733353.65000002
2025-08-01 11:17:33 AM,641.25,5,3206.25,81736559.90000002
2025-08-01 11:17:33 AM,641.35,0,0.0,81736559.90000002
2025-08-01 11:17:35 AM,641.35,20,12827.0,81749386.90000002
2025-08-01 11:17:53 AM,640.85,0,0.0,81749386.90000002
2025-08-01 11:17:54 AM,640.85,40,25634.0,81775020.90000002
2025-08-01 11:18:02 AM,641.25,0,0.0,81775020.90000002
2025-08-01 11:18:04 AM,641.25,1,641.25,81775662.15000002
2025-08-01 11:18:06 AM,640.8,0,0.0,81775662.15000002
2025-08-01 11:18:06 AM,640.8,1,640.8,81776302.95000002
2025-08-01 11:18:12 AM,640.75,22,14096.5,81790399.45000002
2025-08-01 11:18:36 AM,641.2,0,0.0,81790399.45000002
2025-08-01 11:18:37 AM,640.4,0,0.0,81790399.45000002
2025-08-01 11:18:38 AM,640.4,325,208130.0,81998529.45000002
2025-08-01 11:18:49 AM,640.95,0,0.0,81998529.45000002
2025-08-01 11:18:50 AM,640.95,200,128190.00000000001,82126719.45000002
2025-08-01 11:19:01 AM,640.95,50,32047.500000000004,82158766.95000002
2025-08-01 11:19:02 AM,640.3,82,52504.6,82211271.55000001
2025-08-01 11:19:11 AM,640.4,0,0.0,82211271.55000001
2025-08-01 11:19:13 AM,640.8,27,17301.6,82228573.15
2025-08-01 11:19:34 AM,640.4,2,1280.8,82229853.95
2025-08-01 11:20:07 AM,640.4,150,96060.0,82325913.95
2025-08-01 11:20:12 AM,640.4,20,12808.0,82338721.95
2025-08-01 11:20:23 AM,640.4,224,143449.6,82482171.55
2025-08-01 11:20:33 AM,640.4,50,32020.0,82514191.55
2025-08-01 11:20:38 AM,640.4,100,64040.0,82578231.55
2025-08-01 11:21:33 AM,640.8,0,0.0,82578231.55
2025-08-01 11:21:36 AM,640.8,20,12816.0,82591047.55
2025-08-01 11:22:24 AM,640.45,0,0.0,82591047.55
2025-08-01 11:22:28 AM,640.45,3,1921.3500000000001,82592968.89999999
2025-08-01 11:22:33 AM,640.8,0,0.0,82592968.89999999
2025-08-01 11:22:34 AM,640.8,6,3844.7999999999997,82596813.69999999
2025-08-01 11:23:16 AM,640.85,50,32042.5,82628856.19999999
2025-08-01 11:23:47 AM,640.85,50,32042.5,82660898.69999999
2025-08-01 11:24:13 AM,640.5,0,0.0,82660898.69999999
2025-08-01 11:24:16 AM,640.5,10,6405.0,82667303.69999999
2025-08-01 11:24:22 AM,640.85,0,0.0,82667303.69999999
2025-08-01 11:24:22 AM,640.85,2,1281.7,82668585.39999999
2025-08-01 11:25:18 AM,641.1,0,0.0,82668585.39999999
2025-08-01 11:25:20 AM,641.1,2,1282.2,82669867.6
2025-08-01 11:25:36 AM,641.35,70,44894.5,82714762.1
2025-08-01 11:25:46 AM,641.55,0,0.0,82714762.1
2025-08-01 11:25:46 AM,641.55,2,1283.1,82716045.19999999
2025-08-01 11:26:05 AM,641.1,0,0.0,82716045.19999999
2025-08-01 11:26:07 AM,641.1,71,45518.1,82761563.29999998
2025-08-01 11:26:12 AM,641.95,1550,995022.5000000001,83756585.79999998
2025-08-01 11:26:14 AM,641.35,0,0.0,83756585.79999998
2025-08-01 11:26:17 AM,641.35,100,64135.0,83820720.79999998
2025-08-01 11:26:27 AM,641.25,0,0.0,83820720.79999998
2025-08-01 11:26:27 AM,641.25,37,23726.25,83844447.04999998
2025-08-01 11:26:32 AM,641.85,500,320925.0,84165372.04999998
2025-08-01 11:26:37 AM,641.95,0,0.0,84165372.04999998
2025-08-01 11:26:38 AM,641.95,10,6419.5,84171791.54999998
2025-08-01 11:26:55 AM,641.3,0,0.0,84171791.54999998
2025-08-01 11:26:58 AM,641.3,42,26934.6,84198726.14999998
2025-08-01 11:27:00 AM,641.5,0,0.0,84198726.14999998
2025-08-01 11:27:02 AM,641.5,48,30792.0,84229518.14999998
2025-08-01 11:27:35 AM,641.85,3,1925.5500000000002,84231443.69999997
2025-08-01 11:27:44 AM,641.85,2,1283.7,84232727.39999998
2025-08-01 11:27:54 AM,641.85,19,12195.15,84244922.54999998
2025-08-01 11:28:01 AM,641.85,1,641.85,84245564.39999998
2025-08-01 11:28:10 AM,641.85,1,641.85,84246206.24999997
2025-08-01 11:28:13 AM,642.0,0,0.0,84246206.24999997
2025-08-01 11:28:15 AM,642.0,450,288900.0,84535106.24999997
2025-08-01 11:28:41 AM,642.0,467,299814.0,84834920.24999997
2025-08-01 11:29:20 AM,641.9,0,0.0,84834920.24999997
2025-08-01 11:29:22 AM,641.9,18,11554.199999999999,84846474.44999997
2025-08-01 11:29:26 AM,642.0,0,0.0,84846474.44999997
2025-08-01 11:29:27 AM,642.0,21,13482.0,84859956.44999997
2025-08-01 11:29:45 AM,642.05,0,0.0,84859956.44999997
2025-08-01 11:29:45 AM,642.05,5,3210.25,84863166.69999997
2025-08-01 11:30:10 AM,641.5,0,0.0,84863166.69999997
2025-08-01 11:30:11 AM,641.95,120,77034.0,84940200.69999997
2025-08-01 11:30:13 AM,642.05,0,0.0,84940200.69999997
2025-08-01 11:30:14 AM,642.05,200,128409.99999999999,85068610.69999997
2025-08-01 11:31:02 AM,641.5,151,96866.5,85165477.19999997
2025-08-01 11:31:09 AM,640.95,0,0.0,85165477.19999997
2025-08-01 11:31:09 AM,640.95,35,22433.25,85187910.44999997
2025-08-01 11:31:38 AM,640.95,17,10896.150000000001,85198806.59999998
2025-08-01 11:31:47 AM,641.65,0,0.0,85198806.59999998
2025-08-01 11:31:48 AM,641.65,50,32082.5,85230889.09999998
2025-08-01 11:32:09 AM,641.75,1,641.75,85231530.84999998
2025-08-01 11:32:34 AM,641.65,0,0.0,85231530.84999998
2025-08-01 11:32:35 AM,641.65,50,32082.5,85263613.34999998
2025-08-01 11:33:27 AM,641.6,5,3208.0,85266821.34999998
2025-08-01 11:33:31 AM,641.65,0,0.0,85266821.34999998
2025-08-01 11:33:31 AM,641.65,25,16041.25,85282862.59999998
2025-08-01 11:33:46 AM,641.15,0,0.0,85282862.59999998
2025-08-01 11:33:47 AM,641.15,15,9617.25,85292479.84999998
2025-08-01 11:34:30 AM,641.85,0,0.0,85292479.84999998
2025-08-01 11:34:33 AM,641.85,20,12837.0,85305316.84999998
2025-08-01 11:34:48 AM,642.45,0,0.0,85305316.84999998
2025-08-01 11:34:49 AM,642.45,800,513960.00000000006,85819276.84999998
2025-08-01 11:35:12 AM,641.45,0,0.0,85819276.84999998
2025-08-01 11:35:15 AM,641.45,5,3207.25,85822484.09999998
2025-08-01 11:35:32 AM,641.45,13,8338.85,85830822.94999997
2025-08-01 11:35:52 AM,641.45,133,85312.85,85916135.79999997
2025-08-01 11:36:17 AM,641.85,0,0.0,85916135.79999997
2025-08-01 11:36:18 AM,641.85,60,38511.0,85954646.79999997
2025-08-01 11:36:38 AM,641.45,0,0.0,85954646.79999997
2025-08-01 11:36:38 AM,641.45,112,71842.40000000001,86026489.19999997
2025-08-01 11:38:49 AM,641.4,0,0.0,86026489.19999997
2025-08-01 11:38:52 AM,641.4,39,25014.6,86051503.79999997
2025-08-01 11:39:28 AM,641.15,0,0.0,86051503.79999997
2025-08-01 11:39:29 AM,641.15,2,1282.3,86052786.09999996
2025-08-01 11:39:32 AM,640.5,222,142191.0,86194977.09999996
2025-08-01 11:39:34 AM,640.4,576,368870.39999999997,86563847.49999997
2025-08-01 11:39:36 AM,640.9,0,0.0,86563847.49999997
2025-08-01 11:39:38 AM,640.9,94,60244.6,86624092.09999996
2025-08-01 11:39:49 AM,640.75,27,17300.25,86641392.34999996
2025-08-01 11:39:51 AM,640.75,12,7689.0,86649081.34999996
2025-08-01 11:40:00 AM,640.75,100,64075.0,86713156.34999996
2025-08-01 11:40:20 AM,640.7,83,53178.100000000006,86766334.44999996
2025-08-01 11:40:32 AM,640.8,0,0.0,86766334.44999996
2025-08-01 11:40:35 AM,640.8,1,640.8,86766975.24999996
2025-08-01 11:41:01 AM,640.8,8,5126.4,86772101.64999996
2025-08-01 11:41:04 AM,640.15,0,0.0,86772101.64999996
2025-08-01 11:41:06 AM,640.15,70,44810.5,86816912.14999996
2025-08-01 11:41:09 AM,640.75,0,0.0,86816912.14999996
2025-08-01 11:41:11 AM,640.75,5,3203.75,86820115.89999996
2025-08-01 11:41:35 AM,640.15,0,0.0,86820115.89999996
2025-08-01 11:41:36 AM,640.15,300,192045.0,87012160.89999996
2025-08-01 11:41:51 AM,640.15,10,6401.5,87018562.39999996
2025-08-01 11:42:16 AM,640.2,0,0.0,87018562.39999996
2025-08-01 11:42:17 AM,640.2,10,6402.0,87024964.39999996
2025-08-01 11:42:35 AM,640.15,0,0.0,87024964.39999996
2025-08-01 11:42:38 AM,640.15,101,64655.149999999994,87089619.54999997
2025-08-01 11:42:43 AM,640.15,16,10242.4,87099861.94999997
2025-08-01 11:42:56 AM,640.2,0,0.0,87099861.94999997
2025-08-01 11:42:59 AM,640.2,40,25608.0,87125469.94999997
2025-08-01 11:43:07 AM,640.55,0,0.0,87125469.94999997
2025-08-01 11:43:09 AM,640.55,171,109534.04999999999,87235003.99999997
2025-08-01 11:43:26 AM,640.25,0,0.0,87235003.99999997
2025-08-01 11:43:26 AM,640.25,6,3841.5,87238845.49999997
2025-08-01 11:44:07 AM,639.4,1762,1126622.8,88365468.29999997
2025-08-01 11:44:15 AM,640.05,0,0.0,88365468.29999997
2025-08-01 11:44:20 AM,640.05,50,32002.499999999996,88397470.79999997
2025-08-01 11:44:48 AM,640.05,103,65925.15,88463395.94999997
2025-08-01 11:44:58 AM,640.15,0,0.0,88463395.94999997
2025-08-01 11:44:59 AM,640.15,20,12803.0,88476198.94999997
2025-08-01 11:45:08 AM,640.25,0,0.0,88476198.94999997
2025-08-01 11:45:09 AM,640.25,60,38415.0,88514613.94999997
2025-08-01 11:45:26 AM,640.2,0,0.0,88514613.94999997
2025-08-01 11:45:28 AM,640.3,0,0.0,88514613.94999997
2025-08-01 11:45:31 AM,640.3,100,64029.99999999999,88578643.94999997
2025-08-01 11:45:41 AM,640.3,50,32014.999999999996,88610658.94999997
2025-08-01 11:45:52 AM,640.05,70,44803.5,88655462.44999997
2025-08-01 11:45:58 AM,640.05,22,14081.099999999999,88669543.54999997
2025-08-01 11:46:05 AM,640.65,0,0.0,88669543.54999997
2025-08-01 11:46:08 AM,640.65,1,640.65,88670184.19999997
2025-08-01 11:46:14 AM,640.7,50,32035.000000000004,88702219.19999997
2025-08-01 11:46:32 AM,640.0,0,0.0,88702219.19999997
2025-08-01 11:46:34 AM,640.0,229,146560.0,88848779.19999997
2025-08-01 11:46:38 AM,640.5,0,0.0,88848779.19999997
2025-08-01 11:46:40 AM,640.5,89,57004.5,88905783.69999997
2025-08-01 11:47:06 AM,640.5,1,640.5,88906424.19999997
2025-08-01 11:47:26 AM,640.1,0,0.0,88906424.19999997
2025-08-01 11:47:26 AM,640.1,200,128020.0,89034444.19999997
2025-08-01 11:47:37 AM,640.1,136,87053.6,89121497.79999997
2025-08-01 11:47:41 AM,640.2,0,0.0,89121497.79999997
2025-08-01 11:47:41 AM,640.2,200,128040.00000000001,89249537.79999997
2025-08-01 11:48:16 AM,640.65,0,0.0,89249537.79999997
2025-08-01 11:48:18 AM,640.65,9,5765.849999999999,89255303.64999996
2025-08-01 11:48:22 AM,640.25,0,0.0,89255303.64999996
2025-08-01 11:48:22 AM,640.25,10,6402.5,89261706.14999996
2025-08-01 11:48:43 AM,640.65,1,640.65,89262346.79999997
2025-08-01 11:48:52 AM,640.25,0,0.0,89262346.79999997
2025-08-01 11:48:53 AM,640.25,100,64025.0,89326371.79999997
2025-08-01 11:48:56 AM,640.65,0,0.0,89326371.79999997
2025-08-01 11:48:58 AM,640.65,15,9609.75,89335981.54999997
2025-08-01 11:49:02 AM,640.25,0,0.0,89335981.54999997
2025-08-01 11:49:03 AM,640.25,5,3201.25,89339182.79999997
2025-08-01 11:49:50 AM,640.25,12,7683.0,89346865.79999997
2025-08-01 11:50:07 AM,640.55,0,0.0,89346865.79999997
2025-08-01 11:50:11 AM,640.55,1,640.55,89347506.34999996
2025-08-01 11:51:10 AM,640.25,0,0.0,89347506.34999996
2025-08-01 11:51:11 AM,640.25,25,16006.25,89363512.59999996
2025-08-01 11:51:16 AM,640.25,75,48018.75,89411531.34999996
2025-08-01 11:51:27 AM,640.55,0,0.0,89411531.34999996
2025-08-01 11:51:30 AM,640.55,10,6405.5,89417936.84999996
2025-08-01 11:52:29 AM,641.0,0,0.0,89417936.84999996
2025-08-01 11:52:30 AM,641.0,100,64100.0,89482036.84999996
2025-08-01 11:52:33 AM,640.3,0,0.0,89482036.84999996
2025-08-01 11:52:36 AM,640.3,12,7683.599999999999,89489720.44999996
2025-08-01 11:52:57 AM,640.55,3,1921.6499999999999,89491642.09999996
2025-08-01 11:53:11 AM,640.55,48,30746.399999999998,89522388.49999997
2025-08-01 11:53:18 AM,640.3,0,0.0,89522388.49999997
2025-08-01 11:53:22 AM,640.3,5,3201.5,89525589.99999997
2025-08-01 11:53:39 AM,640.55,0,0.0,89525589.99999997
2025-08-01 11:53:42 AM,640.55,2,1281.1,89526871.09999996
2025-08-01 11:53:48 AM,640.55,31,19857.05,89546728.14999996
2025-08-01 11:53:49 AM,640.3,0,0.0,89546728.14999996
2025-08-01 11:53:52 AM,640.3,1,640.3,89547368.44999996
2025-08-01 11:54:38 AM,640.55,0,0.0,89547368.44999996
2025-08-01 11:54:38 AM,640.55,3,1921.6499999999999,89549290.09999996
2025-08-01 11:54:44 AM,640.5,10,6405.0,89555695.09999996
2025-08-01 11:55:03 AM,640.5,50,32025.0,89587720.09999996
2025-08-01 11:55:27 AM,640.2,0,0.0,89587720.09999996
2025-08-01 11:55:28 AM,640.2,587,375797.4,89963517.49999997
2025-08-01 11:55:31 AM,640.3,0,0.0,89963517.49999997
2025-08-01 11:55:34 AM,640.3,6,3841.7999999999997,89967359.29999997
2025-08-01 11:55:43 AM,640.3,15,9604.5,89976963.79999997
2025-08-01 11:56:27 AM,640.0,0,0.0,89976963.79999997
2025-08-01 11:56:29 AM,640.0,514,328960.0,90305923.79999997
2025-08-01 11:56:45 AM,639.8,0,0.0,90305923.79999997
2025-08-01 11:56:45 AM,639.8,3,1919.3999999999999,90307843.19999997
2025-08-01 11:56:59 AM,639.8,48,30710.399999999998,90338553.59999998
2025-08-01 11:57:14 AM,639.8,5,3199.0,90341752.59999998
2025-08-01 11:57:15 AM,639.8,70,44786.0,90386538.59999998
2025-08-01 11:57:29 AM,639.8,20,12796.0,90399334.59999998
2025-08-01 11:57:46 AM,639.8,15,9597.0,90408931.59999998
2025-08-01 11:58:04 AM,639.8,3,1919.3999999999999,90410850.99999999
2025-08-01 11:58:10 AM,639.8,12,7677.599999999999,90418528.59999998
2025-08-01 11:58:33 AM,639.8,5,3199.0,90421727.59999998
2025-08-01 11:58:53 AM,639.8,9,5758.2,90427485.79999998
2025-08-01 11:59:01 AM,640.05,0,0.0,90427485.79999998
2025-08-01 11:59:03 AM,640.05,62,39683.1,90467168.89999998
2025-08-01 11:59:42 AM,640.5,0,0.0,90467168.89999998
2025-08-01 11:59:45 AM,640.5,10,6405.0,90473573.89999998
2025-08-01 12:00:31 PM,640.5,100,64050.0,90537623.89999998
2025-08-01 12:00:41 PM,640.5,2,1281.0,90538904.89999998
2025-08-01 12:00:56 PM,640.5,2,1281.0,90540185.89999998
2025-08-01 12:01:22 PM,640.55,0,0.0,90540185.89999998
2025-08-01 12:01:23 PM,640.55,699,447744.44999999995,90987930.34999998
2025-08-01 12:02:05 PM,640.55,1,640.55,90988570.89999998
2025-08-01 12:02:39 PM,640.5,0,0.0,90988570.89999998
2025-08-01 12:02:40 PM,640.5,15,9607.5,90998178.39999998
2025-08-01 12:02:48 PM,640.5,31,19855.5,91018033.89999998
2025-08-01 12:03:01 PM,640.1,0,0.0,91018033.89999998
2025-08-01 12:03:03 PM,640.1,20,12802.0,91030835.89999998
2025-08-01 12:03:12 PM,639.7,0,0.0,91030835.89999998
2025-08-01 12:03:13 PM,639.7,177,113226.90000000001,91144062.79999998
2025-08-01 12:03:24 PM,639.5,0,0.0,91144062.79999998
2025-08-01 12:03:24 PM,639.5,3,1918.5,91145981.29999998
2025-08-01 12:04:31 PM,640.0,0,0.0,91145981.29999998
2025-08-01 12:04:32 PM,640.0,1,640.0,91146621.29999998
2025-08-01 12:04:42 PM,639.5,0,0.0,91146621.29999998
2025-08-01 12:04:42 PM,639.5,50,31975.0,91178596.29999998
2025-08-01 12:05:08 PM,639.5,1,639.5,91179235.79999998
2025-08-01 12:05:24 PM,639.15,200,127830.0,91307065.79999998
2025-08-01 12:05:42 PM,639.85,0,0.0,91307065.79999998
2025-08-01 12:05:43 PM,639.85,1,639.85,91307705.64999998
2025-08-01 12:06:38 PM,639.85,1,639.85,91308345.49999997
2025-08-01 12:08:03 PM,639.85,81,51827.85,91360173.34999996
2025-08-01 12:08:53 PM,639.85,10,6398.5,91366571.84999996
2025-08-01 12:08:56 PM,639.35,0,0.0,91366571.84999996
2025-08-01 12:08:58 PM,639.35,171,109328.85,91475900.69999996
2025-08-01 12:09:20 PM,639.85,0,0.0,91475900.69999996
2025-08-01 12:09:23 PM,639.85,2,1279.7,91477180.39999996
2025-08-01 12:09:26 PM,639.35,0,0.0,91477180.39999996
2025-08-01 12:09:28 PM,639.35,100,63935.0,91541115.39999996
2025-08-01 12:10:28 PM,639.4,0,0.0,91541115.39999996
2025-08-01 12:10:28 PM,639.4,50,31970.0,91573085.39999996
2025-08-01 12:10:48 PM,639.4,1,639.4,91573724.79999997
2025-08-01 12:11:18 PM,639.4,277,177113.8,91750838.59999996
2025-08-01 12:11:24 PM,639.35,0,0.0,91750838.59999996
2025-08-01 12:11:28 PM,639.15,135,86285.25,91837123.84999996
2025-08-01 12:11:44 PM,639.1,0,0.0,91837123.84999996
2025-08-01 12:11:47 PM,639.1,13,8308.300000000001,91845432.14999996
2025-08-01 12:12:06 PM,639.05,0,0.0,91845432.14999996
2025-08-01 12:12:07 PM,639.05,50,31952.499999999996,91877384.64999996
2025-08-01 12:12:44 PM,638.55,0,0.0,91877384.64999996
2025-08-01 12:12:47 PM,638.55,809,516586.94999999995,92393971.59999996
2025-08-01 12:12:56 PM,638.95,0,0.0,92393971.59999996
2025-08-01 12:12:58 PM,638.95,10,6389.5,92400361.09999996
2025-08-01 12:13:22 PM,638.4,0,0.0,92400361.09999996
2025-08-01 12:13:22 PM,638.4,18,11491.199999999999,92411852.29999997
2025-08-01 12:13:28 PM,638.25,0,0.0,92411852.29999997
2025-08-01 12:13:32 PM,638.25,50,31912.5,92443764.79999997
2025-08-01 12:13:42 PM,638.25,115,73398.75,92517163.54999997
2025-08-01 12:14:08 PM,638.85,0,0.0,92517163.54999997
2025-08-01 12:14:12 PM,638.85,1,638.85,92517802.39999996
2025-08-01 12:14:22 PM,638.8,0,0.0,92517802.39999996
2025-08-01 12:14:24 PM,638.85,0,0.0,92517802.39999996
2025-08-01 12:14:27 PM,638.85,17,10860.45,92528662.84999996
2025-08-01 12:14:27 PM,638.8,83,53020.399999999994,92581683.24999997
2025-08-01 12:14:40 PM,638.65,0,0.0,92581683.24999997
2025-08-01 12:14:42 PM,638.65,3,1915.9499999999998,92583599.19999997
2025-08-01 12:14:48 PM,638.6,2,1277.2,92584876.39999998
2025-08-01 12:14:52 PM,638.55,0,0.0,92584876.39999998
2025-08-01 12:14:52 PM,638.55,28,17879.399999999998,92602755.79999998
2025-08-01 12:14:56 PM,639.0,0,0.0,92602755.79999998
2025-08-01 12:14:56 PM,638.5,0,0.0,92602755.79999998
2025-08-01 12:14:57 PM,638.5,42,26817.0,92629572.79999998
2025-08-01 12:15:12 PM,638.45,0,0.0,92629572.79999998
2025-08-01 12:15:13 PM,638.45,9,5746.05,92635318.84999998
2025-08-01 12:15:50 PM,639.05,0,0.0,92635318.84999998
2025-08-01 12:15:54 PM,639.05,61,38982.049999999996,92674300.89999998
2025-08-01 12:16:10 PM,639.4,0,0.0,92674300.89999998
2025-08-01 12:16:14 PM,639.4,1,639.4,92674940.29999998
2025-08-01 12:16:18 PM,639.0,0,0.0,92674940.29999998
2025-08-01 12:16:18 PM,639.0,20,12780.0,92687720.29999998
2025-08-01 12:17:27 PM,639.0,20,12780.0,92700500.29999998
2025-08-01 12:17:41 PM,639.0,111,70929.0,92771429.29999998
2025-08-01 12:17:50 PM,639.0,10,6390.0,92777819.29999998
2025-08-01 12:18:39 PM,639.0,170,108630.0,92886449.29999998
2025-08-01 12:18:44 PM,638.15,0,0.0,92886449.29999998
2025-08-01 12:18:44 PM,638.15,950,606242.5,93492691.79999998
2025-08-01 12:18:49 PM,639.05,0,0.0,93492691.79999998
2025-08-01 12:18:50 PM,639.05,913,583452.6499999999,94076144.44999999
2025-08-01 12:19:45 PM,639.05,11,7029.549999999999,94083173.99999999
2025-08-01 12:19:49 PM,639.4,0,0.0,94083173.99999999
2025-08-01 12:19:50 PM,639.4,563,359982.2,94443156.19999999
2025-08-01 12:19:52 PM,640.15,0,0.0,94443156.19999999
2025-08-01 12:19:55 PM,640.15,101,64655.149999999994,94507811.35
2025-08-01 12:20:00 PM,639.75,0,0.0,94507811.35
2025-08-01 12:20:01 PM,639.75,4,2559.0,94510370.35
2025-08-01 12:20:15 PM,640.2,0,0.0,94510370.35
2025-08-01 12:20:16 PM,640.2,200,128040.00000000001,94638410.35
2025-08-01 12:21:01 PM,639.85,0,0.0,94638410.35
2025-08-01 12:21:03 PM,639.85,5,3199.25,94641609.6
2025-08-01 12:21:09 PM,639.8,0,0.0,94641609.6
2025-08-01 12:21:13 PM,639.8,150,95970.0,94737579.6
2025-08-01 12:21:55 PM,640.35,0,0.0,94737579.6
2025-08-01 12:21:55 PM,640.35,15,9605.25,94747184.85
2025-08-01 12:23:09 PM,640.1,0,0.0,94747184.85
2025-08-01 12:23:13 PM,640.1,12,7681.200000000001,94754866.05
2025-08-01 12:23:26 PM,639.9,0,0.0,94754866.05
2025-08-01 12:23:27 PM,639.9,10,6399.0,94761265.05
2025-08-01 12:23:57 PM,640.5,100,64050.0,94825315.05
2025-08-01 12:24:27 PM,640.5,1,640.5,94825955.55
2025-08-01 12:25:05 PM,640.55,0,0.0,94825955.55
2025-08-01 12:25:06 PM,640.55,20,12811.0,94838766.55
2025-08-01 12:25:09 PM,640.85,0,0.0,94838766.55
2025-08-01 12:25:11 PM,640.85,180,115353.0,94954119.55
2025-08-01 12:26:32 PM,640.75,50,32037.5,94986157.05
2025-08-01 12:26:57 PM,640.9,180,115362.0,95101519.05
2025-08-01 12:27:14 PM,640.3,0,0.0,95101519.05
2025-08-01 12:27:18 PM,640.3,13,8323.9,95109842.95
2025-08-01 12:28:11 PM,640.75,5,3203.75,95113046.7
2025-08-01 12:28:29 PM,640.8,0,0.0,95113046.7
2025-08-01 12:28:31 PM,640.8,8,5126.4,95118173.10000001
2025-08-01 12:28:41 PM,640.15,30,19204.5,95137377.60000001
2025-08-01 12:29:13 PM,640.15,21,13443.15,95150820.75000001
2025-08-01 12:30:08 PM,640.5,0,0.0,95150820.75000001
2025-08-01 12:30:08 PM,640.5,3,1921.5,95152742.25000001
2025-08-01 12:30:15 PM,640.0,0,0.0,95152742.25000001
2025-08-01 12:30:15 PM,640.0,5,3200.0,95155942.25000001
2025-08-01 12:31:30 PM,640.5,100,64050.0,95219992.25000001
2025-08-01 12:31:32 PM,641.0,0,0.0,95219992.25000001
2025-08-01 12:31:34 PM,641.0,537,344217.0,95564209.25000001
2025-08-01 12:32:01 PM,641.85,85,54557.25,95618766.50000001
2025-08-01 12:32:38 PM,641.85,90,57766.5,95676533.00000001
2025-08-01 12:32:40 PM,641.25,0,0.0,95676533.00000001
2025-08-01 12:32:42 PM,641.25,95,60918.75,95737451.75000001
2025-08-01 12:32:45 PM,641.3,0,0.0,95737451.75000001
2025-08-01 12:32:47 PM,641.3,1,641.3,95738093.05000001
2025-08-01 12:33:12 PM,641.3,24,15391.199999999999,95753484.25000001
2025-08-01 12:33:54 PM,641.65,0,0.0,95753484.25000001
2025-08-01 12:33:57 PM,641.65,494,316975.1,96070459.35000001
2025-08-01 12:34:10 PM,641.6,0,0.0,96070459.35000001
2025-08-01 12:34:12 PM,641.6,100,64160.0,96134619.35000001
2025-08-01 12:34:12 PM,641.0,0,0.0,96134619.35000001
2025-08-01 12:34:13 PM,641.0,20,12820.0,96147439.35000001
2025-08-01 12:34:46 PM,640.6,0,0.0,96147439.35000001
2025-08-01 12:34:48 PM,640.6,226,144775.6,96292214.95
2025-08-01 12:34:54 PM,640.55,0,0.0,96292214.95
2025-08-01 12:34:58 PM,640.55,10,6405.5,96298620.45
2025-08-01 12:35:41 PM,640.4,0,0.0,96298620.45
2025-08-01 12:35:41 PM,640.0,0,0.0,96298620.45
2025-08-01 12:35:44 PM,640.0,166,106240.0,96404860.45
2025-08-01 12:36:01 PM,640.35,6,3842.1000000000004,96408702.55
2025-08-01 12:37:21 PM,640.0,0,0.0,96408702.55
2025-08-01 12:37:22 PM,640.0,7,4480.0,96413182.55
2025-08-01 12:38:13 PM,640.0,15,9600.0,96422782.55
2025-08-01 12:38:48 PM,640.45,0,0.0,96422782.55
2025-08-01 12:38:50 PM,640.0,0,0.0,96422782.55
2025-08-01 12:38:51 PM,640.0,9,5760.0,96428542.55
2025-08-01 12:38:53 PM,640.5,0,0.0,96428542.55
2025-08-01 12:38:56 PM,640.5,25,16012.5,96444555.05
2025-08-01 12:39:12 PM,640.05,34,21761.699999999997,96466316.75
2025-08-01 12:39:12 PM,640.5,0,0.0,96466316.75
2025-08-01 12:39:15 PM,640.5,75,48037.5,96514354.25
2025-08-01 12:41:01 PM,640.0,0,0.0,96514354.25
2025-08-01 12:41:03 PM,640.0,10,6400.0,96520754.25
2025-08-01 12:41:34 PM,640.0,10,6400.0,96527154.25
2025-08-01 12:41:36 PM,640.5,0,0.0,96527154.25
2025-08-01 12:41:39 PM,640.5,1,640.5,96527794.75
2025-08-01 12:41:52 PM,640.45,0,0.0,96527794.75
2025-08-01 12:41:54 PM,640.45,1,640.45,96528435.2
2025-08-01 12:42:10 PM,640.45,1012,648135.4,97176570.60000001
2025-08-01 12:42:36 PM,640.45,100,64045.00000000001,97240615.60000001
2025-08-01 12:43:28 PM,639.8,0,0.0,97240615.60000001
2025-08-01 12:43:29 PM,639.8,45,28790.999999999996,97269406.60000001
2025-08-01 12:43:57 PM,639.8,50,31989.999999999996,97301396.60000001
2025-08-01 12:44:02 PM,639.8,85,54382.99999999999,97355779.60000001
2025-08-01 12:44:03 PM,639.2,0,0.0,97355779.60000001
2025-08-01 12:44:08 PM,639.2,200,127840.00000000001,97483619.60000001
2025-08-01 12:44:36 PM,639.8,0,0.0,97483619.60000001
2025-08-01 12:44:40 PM,639.8,1,639.8,97484259.4
2025-08-01 12:44:50 PM,639.3,20,12786.0,97497045.4
2025-08-01 12:44:55 PM,639.3,18,11507.4,97508552.80000001
2025-08-01 12:45:21 PM,639.3,114,72880.2,97581433.00000001
2025-08-01 12:45:36 PM,639.4,0,0.0,97581433.00000001
2025-08-01 12:45:37 PM,639.4,6,3836.3999999999996,97585269.40000002
2025-08-01 12:46:00 PM,639.8,0,0.0,97585269.40000002
2025-08-01 12:46:01 PM,639.35,0,0.0,97585269.40000002
2025-08-01 12:46:02 PM,639.35,2,1278.7,97586548.10000002
2025-08-01 12:47:08 PM,639.35,23,14705.050000000001,97601253.15000002
2025-08-01 12:47:13 PM,639.35,30,19180.5,97620433.65000002
2025-08-01 12:47:40 PM,639.4,0,0.0,97620433.65000002
2025-08-01 12:47:43 PM,639.4,7,4475.8,97624909.45000002
2025-08-01 12:48:04 PM,639.35,0,0.0,97624909.45000002
2025-08-01 12:48:08 PM,639.35,26,16623.100000000002,97641532.55000001
2025-08-01 12:48:18 PM,639.35,100,63935.0,97705467.55000001
2025-08-01 12:48:19 PM,639.3,205,131056.49999999999,97836524.05000001
2025-08-01 12:48:26 PM,639.75,0,0.0,97836524.05000001
2025-08-01 12:48:28 PM,639.75,7,4478.25,97841002.30000001
2025-08-01 12:49:18 PM,639.75,40,25590.0,97866592.30000001
2025-08-01 12:49:47 PM,639.75,4,2559.0,97869151.30000001
2025-08-01 12:49:52 PM,639.75,4,2559.0,97871710.30000001
2025-08-01 12:50:00 PM,639.2,0,0.0,97871710.30000001
2025-08-01 12:50:03 PM,639.2,100,63920.00000000001,97935630.30000001
2025-08-01 12:50:31 PM,639.25,0,0.0,97935630.30000001
2025-08-01 12:50:34 PM,639.25,1,639.25,97936269.55000001
2025-08-01 12:50:37 PM,639.2,0,0.0,97936269.55000001
2025-08-01 12:50:40 PM,639.2,60,38352.0,97974621.55000001
2025-08-01 12:50:50 PM,639.2,5,3196.0,97977817.55000001
2025-08-01 12:50:58 PM,639.0,0,0.0,97977817.55000001
2025-08-01 12:51:00 PM,639.0,1505,961695.0,98939512.55000001
2025-08-01 12:51:01 PM,638.15,0,0.0,98939512.55000001
2025-08-01 12:51:02 PM,638.15,66,42117.9,98981630.45000002
2025-08-01 12:51:05 PM,638.1,82,52324.200000000004,99033954.65000002
2025-08-01 12:51:10 PM,637.9,0,0.0,99033954.65000002
2025-08-01 12:51:10 PM,637.9,571,364240.89999999997,99398195.55000003
2025-08-01 12:51:11 PM,638.0,0,0.0,99398195.55000003
2025-08-01 12:51:12 PM,637.95,126,80381.70000000001,99478577.25000003
2025-08-01 12:51:24 PM,638.0,0,0.0,99478577.25000003
2025-08-01 12:51:26 PM,638.0,1,638.0,99479215.25000003
2025-08-01 12:51:52 PM,637.55,202,128785.09999999999,99608000.35000002
2025-08-01 12:51:54 PM,638.0,0,0.0,99608000.35000002
2025-08-01 12:51:56 PM,638.0,100,63800.0,99671800.35000002
2025-08-01 12:51:58 PM,637.55,0,0.0,99671800.35000002
2025-08-01 12:52:01 PM,637.55,1,637.55,99672437.90000002
2025-08-01 12:52:12 PM,637.5,0,0.0,99672437.90000002
2025-08-01 12:52:15 PM,637.5,500,318750.0,99991187.90000002
2025-08-01 12:52:16 PM,637.55,0,0.0,99991187.90000002
2025-08-01 12:52:17 PM,637.55,25,15938.749999999998,100007126.65000002
2025-08-01 12:52:20 PM,637.3,0,0.0,100007126.65000002
2025-08-01 12:52:22 PM,637.3,300,191190.0,100198316.65000002
2025-08-01 12:52:25 PM,638.0,0,0.0,100198316.65000002
2025-08-01 12:52:25 PM,638.0,100,63800.0,100262116.65000002
2025-08-01 12:52:31 PM,638.45,100,63845.00000000001,100325961.65000002
2025-08-01 12:52:45 PM,637.55,100,63754.99999999999,100389716.65000002
2025-08-01 12:52:51 PM,637.4,121,77125.4,100466842.05000003
2025-08-01 12:53:06 PM,638.05,0,0.0,100466842.05000003
2025-08-01 12:53:10 PM,638.05,1,638.05,100467480.10000002
2025-08-01 12:53:12 PM,637.35,0,0.0,100467480.10000002
2025-08-01 12:53:15 PM,637.35,31,19757.850000000002,100487237.95000002
2025-08-01 12:53:25 PM,637.35,25,15933.75,100503171.70000002
2025-08-01 12:53:38 PM,637.4,0,0.0,100503171.70000002
2025-08-01 12:53:40 PM,637.4,11,7011.4,100510183.10000002
2025-08-01 12:54:34 PM,638.05,0,0.0,100510183.10000002
2025-08-01 12:54:36 PM,638.05,23,14675.15,100524858.25000003
2025-08-01 12:54:36 PM,637.9,0,0.0,100524858.25000003
2025-08-01 12:54:38 PM,638.4,0,0.0,100524858.25000003
2025-08-01 12:54:40 PM,638.4,16,10214.4,100535072.65000004
2025-08-01 12:55:40 PM,637.2,0,0.0,100535072.65000004
2025-08-01 12:55:43 PM,637.2,739,470890.80000000005,101005963.45000003
2025-08-01 12:55:47 PM,638.3,0,0.0,101005963.45000003
2025-08-01 12:55:48 PM,638.3,250,159575.0,101165538.45000003
2025-08-01 12:56:16 PM,638.2,0,0.0,101165538.45000003
2025-08-01 12:56:18 PM,638.2,20,12764.0,101178302.45000003
2025-08-01 12:56:26 PM,638.3,0,0.0,101178302.45000003
2025-08-01 12:56:28 PM,638.2,123,78498.6,101256801.05000003
2025-08-01 12:56:32 PM,637.8,0,0.0,101256801.05000003
2025-08-01 12:56:33 PM,637.8,102,65055.6,101321856.65000002
2025-08-01 12:57:16 PM,638.0,0,0.0,101321856.65000002
2025-08-01 12:57:18 PM,638.0,50,31900.0,101353756.65000002
2025-08-01 12:57:24 PM,638.65,20,12773.0,101366529.65000002
2025-08-01 12:57:32 PM,638.8,0,0.0,101366529.65000002
2025-08-01 12:57:33 PM,638.8,100,63879.99999999999,101430409.65000002
2025-08-01 12:58:19 PM,638.55,0,0.0,101430409.65000002
2025-08-01 12:58:23 PM,638.55,10,6385.5,101436795.15000002
2025-08-01 12:58:39 PM,638.55,51,32566.05,101469361.20000002
2025-08-01 12:58:46 PM,638.6,0,0.0,101469361.20000002
2025-08-01 12:58:48 PM,638.6,100,63860.0,101533221.20000002
2025-08-01 12:58:54 PM,638.6,100,63860.0,101597081.20000002
