date,price,qty,trnvr,cum_trnvr
2025-08-01 09:15:00 AM,211.0,1638,345618.0,345618.0
2025-08-01 09:15:01 AM,211.2,0,0.0,345618.0
2025-08-01 09:15:02 AM,211.2,100,21120.0,366738.0
2025-08-01 09:15:10 AM,210.71,0,0.0,366738.0
2025-08-01 09:15:12 AM,210.71,3714,782576.9400000001,1149314.94
2025-08-01 09:15:20 AM,210.97,0,0.0,1149314.94
2025-08-01 09:15:22 AM,211.09,783,165283.47,1314598.41
2025-08-01 09:15:26 AM,211.25,0,0.0,1314598.41
2025-08-01 09:15:31 AM,211.25,1351,285398.75,1599997.16
2025-08-01 09:15:33 AM,211.51,1200,253812.0,1853809.16
2025-08-01 09:15:39 AM,211.51,1033,218489.83,2072298.99
2025-08-01 09:15:41 AM,211.55,3,634.6500000000001,2072933.64
2025-08-01 09:15:48 AM,211.55,1,211.55,2073145.19
2025-08-01 09:15:52 AM,211.51,0,0.0,2073145.19
2025-08-01 09:15:55 AM,211.31,0,0.0,2073145.19
2025-08-01 09:15:56 AM,211.31,41,8663.710000000001,2081808.9
2025-08-01 09:16:01 AM,211.25,0,0.0,2081808.9
2025-08-01 09:16:03 AM,210.71,0,0.0,2081808.9
2025-08-01 09:16:04 AM,210.71,1929,406459.59,2488268.4899999998
2025-08-01 09:16:06 AM,210.43,1476,310594.68,2798863.17
2025-08-01 09:16:12 AM,210.25,200,42050.0,2840913.17
2025-08-01 09:16:14 AM,210.25,201,42260.25,2883173.42
2025-08-01 09:16:17 AM,210.65,0,0.0,2883173.42
2025-08-01 09:16:20 AM,210.65,918,193376.7,3076550.12
2025-08-01 09:16:22 AM,211.04,1083,228556.31999999998,3305106.44
2025-08-01 09:16:25 AM,210.71,0,0.0,3305106.44
2025-08-01 09:16:27 AM,210.5,0,0.0,3305106.44
2025-08-01 09:16:29 AM,210.82,360,75895.2,3381001.64
2025-08-01 09:16:35 AM,210.42,0,0.0,3381001.64
2025-08-01 09:16:37 AM,210.42,1050,220941.0,3601942.64
2025-08-01 09:16:38 AM,210.7,240,50568.0,3652510.64
2025-08-01 09:16:45 AM,210.96,3120,658195.2000000001,4310705.84
2025-08-01 09:16:53 AM,210.73,25,5268.25,4315974.09
2025-08-01 09:17:02 AM,210.59,1740,366426.60000000003,4682400.6899999995
2025-08-01 09:17:06 AM,210.8,0,0.0,4682400.6899999995
2025-08-01 09:17:10 AM,210.86,20,4217.200000000001,4686617.89
2025-08-01 09:17:13 AM,210.93,0,0.0,4686617.89
2025-08-01 09:17:15 AM,210.78,0,0.0,4686617.89
2025-08-01 09:17:18 AM,210.78,363,76513.14,4763131.029999999
2025-08-01 09:17:22 AM,211.0,0,0.0,4763131.029999999
2025-08-01 09:17:26 AM,211.0,115,24265.0,4787396.029999999
2025-08-01 09:17:30 AM,210.86,0,0.0,4787396.029999999
2025-08-01 09:17:32 AM,211.0,0,0.0,4787396.029999999
2025-08-01 09:17:35 AM,211.0,260,54860.0,4842256.029999999
2025-08-01 09:17:40 AM,211.08,0,0.0,4842256.029999999
2025-08-01 09:17:43 AM,211.08,250,52770.0,4895026.029999999
2025-08-01 09:17:44 AM,210.86,272,57353.920000000006,4952379.949999999
2025-08-01 09:17:47 AM,210.88,0,0.0,4952379.949999999
2025-08-01 09:17:51 AM,211.04,2720,574028.7999999999,5526408.749999999
2025-08-01 09:17:56 AM,211.0,0,0.0,5526408.749999999
2025-08-01 09:17:58 AM,211.02,0,0.0,5526408.749999999
2025-08-01 09:18:00 AM,211.02,178,37561.560000000005,5563970.309999999
2025-08-01 09:18:01 AM,210.89,240,50613.6,5614583.909999998
2025-08-01 09:18:04 AM,211.14,0,0.0,5614583.909999998
2025-08-01 09:18:06 AM,211.4,0,0.0,5614583.909999998
2025-08-01 09:18:08 AM,211.4,5281,1116403.4000000001,6730987.309999999
2025-08-01 09:18:16 AM,211.4,25,5285.0,6736272.309999999
2025-08-01 09:18:20 AM,211.62,0,0.0,6736272.309999999
2025-08-01 09:18:25 AM,211.62,794,168026.28,6904298.589999999
2025-08-01 09:18:29 AM,211.32,0,0.0,6904298.589999999
2025-08-01 09:18:33 AM,211.42,698,147571.16,7051869.749999999
2025-08-01 09:18:38 AM,211.5,0,0.0,7051869.749999999
2025-08-01 09:18:41 AM,211.5,26,5499.0,7057368.749999999
2025-08-01 09:18:45 AM,211.66,0,0.0,7057368.749999999
2025-08-01 09:18:49 AM,211.5,17,3595.5,7060964.249999999
2025-08-01 09:18:52 AM,211.71,0,0.0,7060964.249999999
2025-08-01 09:18:57 AM,211.56,111,23483.16,7084447.409999999
2025-08-01 09:19:02 AM,211.44,0,0.0,7084447.409999999
2025-08-01 09:19:05 AM,211.42,1901,401909.42,7486356.829999999
2025-08-01 09:19:06 AM,211.18,1800,380124.0,7866480.829999999
2025-08-01 09:19:08 AM,211.49,0,0.0,7866480.829999999
2025-08-01 09:19:13 AM,211.49,50,10574.5,7877055.329999999
2025-08-01 09:19:15 AM,211.31,0,0.0,7877055.329999999
2025-08-01 09:19:21 AM,211.31,8,1690.48,7878745.81
2025-08-01 09:19:29 AM,211.55,0,0.0,7878745.81
2025-08-01 09:19:30 AM,211.55,210,44425.5,7923171.31
2025-08-01 09:19:33 AM,211.23,0,0.0,7923171.31
2025-08-01 09:19:37 AM,211.31,0,0.0,7923171.31
2025-08-01 09:19:38 AM,211.31,815,172217.65,8095388.96
2025-08-01 09:19:39 AM,211.37,720,152186.4,8247575.36
2025-08-01 09:19:45 AM,211.23,0,0.0,8247575.36
2025-08-01 09:19:46 AM,211.23,4,844.92,8248420.28
2025-08-01 09:19:53 AM,211.4,0,0.0,8248420.28
2025-08-01 09:19:54 AM,211.4,600,126840.0,8375260.28
2025-08-01 09:20:01 AM,211.34,0,0.0,8375260.28
2025-08-01 09:20:01 AM,211.34,290,61288.6,8436548.88
2025-08-01 09:20:03 AM,211.34,22,4649.4800000000005,8441198.360000001
2025-08-01 09:20:08 AM,211.36,0,0.0,8441198.360000001
2025-08-01 09:20:10 AM,211.36,558,117938.88,8559137.240000002
2025-08-01 09:20:15 AM,211.55,0,0.0,8559137.240000002
2025-08-01 09:20:17 AM,211.55,5,1057.75,8560194.990000002
2025-08-01 09:20:26 AM,211.55,500,105775.0,8665969.990000002
2025-08-01 09:20:27 AM,211.55,100,21155.0,8687124.990000002
2025-08-01 09:20:33 AM,211.61,29,6136.6900000000005,8693261.680000002
2025-08-01 09:20:43 AM,211.7,177,37470.9,8730732.580000002
2025-08-01 09:20:47 AM,211.6,0,0.0,8730732.580000002
2025-08-01 09:20:49 AM,211.6,243,51418.799999999996,8782151.380000003
2025-08-01 09:20:54 AM,211.5,0,0.0,8782151.380000003
2025-08-01 09:20:57 AM,211.5,3,634.5,8782785.880000003
2025-08-01 09:20:58 AM,211.5,697,147415.5,8930201.380000003
2025-08-01 09:21:01 AM,211.48,0,0.0,8930201.380000003
2025-08-01 09:21:04 AM,211.5,134,28341.0,8958542.380000003
2025-08-01 09:21:08 AM,211.75,0,0.0,8958542.380000003
2025-08-01 09:21:10 AM,211.67,0,0.0,8958542.380000003
2025-08-01 09:21:12 AM,211.7,620,131254.0,9089796.380000003
2025-08-01 09:21:15 AM,211.52,0,0.0,9089796.380000003
2025-08-01 09:21:20 AM,211.67,105,22225.35,9112021.730000002
2025-08-01 09:21:24 AM,211.72,0,0.0,9112021.730000002
2025-08-01 09:21:28 AM,211.72,66,13973.52,9125995.250000002
2025-08-01 09:21:29 AM,211.75,21,4446.75,9130442.000000002
2025-08-01 09:21:31 AM,211.59,0,0.0,9130442.000000002
2025-08-01 09:21:35 AM,211.89,0,0.0,9130442.000000002
2025-08-01 09:21:36 AM,211.65,3116,659501.4,9789943.400000002
2025-08-01 09:21:38 AM,211.75,0,0.0,9789943.400000002
2025-08-01 09:21:41 AM,211.66,0,0.0,9789943.400000002
2025-08-01 09:21:43 AM,211.66,130,27515.8,9817459.200000003
2025-08-01 09:21:54 AM,211.75,0,0.0,9817459.200000003
2025-08-01 09:21:57 AM,211.84,0,0.0,9817459.200000003
2025-08-01 09:21:58 AM,211.84,409,86642.56,9904101.760000004
2025-08-01 09:22:06 AM,211.84,51,10803.84,9914905.600000003
2025-08-01 09:22:15 AM,211.73,338,71564.73999999999,9986470.340000004
2025-08-01 09:22:18 AM,211.89,0,0.0,9986470.340000004
2025-08-01 09:22:21 AM,211.82,1855,392926.1,10379396.440000003
2025-08-01 09:22:29 AM,211.59,109,23063.31,10402459.750000004
2025-08-01 09:22:37 AM,211.9,2510,531869.0,10934328.750000004
2025-08-01 09:22:39 AM,211.81,0,0.0,10934328.750000004
2025-08-01 09:22:44 AM,211.89,15,3178.35,10937507.100000003
2025-08-01 09:22:53 AM,211.82,191,40457.619999999995,10977964.720000003
2025-08-01 09:22:58 AM,211.71,0,0.0,10977964.720000003
2025-08-01 09:22:59 AM,211.83,4039,855581.37,11833546.090000002
2025-08-01 09:23:01 AM,211.82,509,107816.37999999999,11941362.470000003
2025-08-01 09:23:03 AM,211.57,0,0.0,11941362.470000003
2025-08-01 09:23:07 AM,211.57,539,114036.23,12055398.700000003
2025-08-01 09:23:17 AM,211.76,0,0.0,12055398.700000003
2025-08-01 09:23:22 AM,211.54,790,167116.6,12222515.300000003
2025-08-01 09:23:30 AM,211.57,910,192528.69999999998,12415044.000000002
2025-08-01 09:23:37 AM,211.69,0,0.0,12415044.000000002
2025-08-01 09:23:38 AM,211.69,1517,321133.73,12736177.730000002
2025-08-01 09:23:44 AM,211.56,0,0.0,12736177.730000002
2025-08-01 09:23:45 AM,211.56,1,211.56,12736389.290000003
2025-08-01 09:23:47 AM,211.42,250,52855.0,12789244.290000003
2025-08-01 09:23:50 AM,211.56,0,0.0,12789244.290000003
2025-08-01 09:23:53 AM,211.56,8,1692.48,12790936.770000003
2025-08-01 09:24:00 AM,211.64,85,17989.399999999998,12808926.170000004
2025-08-01 09:24:08 AM,211.64,50,10582.0,12819508.170000004
2025-08-01 09:24:16 AM,211.68,200,42336.0,12861844.170000004
2025-08-01 09:24:17 AM,211.42,0,0.0,12861844.170000004
2025-08-01 09:24:17 AM,211.42,400,84568.0,12946412.170000004
2025-08-01 09:24:23 AM,211.42,58,12262.359999999999,12958674.530000003
2025-08-01 09:24:25 AM,211.59,10,2115.9,12960790.430000003
2025-08-01 09:24:29 AM,211.64,0,0.0,12960790.430000003
2025-08-01 09:24:31 AM,211.64,262,55449.67999999999,13016240.110000003
2025-08-01 09:24:39 AM,211.52,5,1057.6000000000001,13017297.710000003
2025-08-01 09:24:41 AM,211.62,0,0.0,13017297.710000003
2025-08-01 09:24:46 AM,211.62,700,148134.0,13165431.710000003
2025-08-01 09:24:53 AM,211.41,5,1057.05,13166488.760000004
2025-08-01 09:24:54 AM,211.52,0,0.0,13166488.760000004
2025-08-01 09:24:55 AM,211.52,505,106817.6,13273306.360000003
2025-08-01 09:25:07 AM,211.49,0,0.0,13273306.360000003
2025-08-01 09:25:08 AM,211.49,100,21149.0,13294455.360000003
2025-08-01 09:25:11 AM,211.59,1000,211590.0,13506045.360000003
2025-08-01 09:25:20 AM,211.36,0,0.0,13506045.360000003
2025-08-01 09:25:21 AM,211.45,0,0.0,13506045.360000003
2025-08-01 09:25:23 AM,211.45,1522,321826.89999999997,13827872.260000004
2025-08-01 09:25:26 AM,211.49,150,31723.5,13859595.760000004
2025-08-01 09:25:27 AM,211.32,0,0.0,13859595.760000004
2025-08-01 09:25:31 AM,211.49,54,11420.460000000001,13871016.220000004
2025-08-01 09:25:38 AM,211.31,10,2113.1,13873129.320000004
2025-08-01 09:25:54 AM,211.45,20,4229.0,13877358.320000004
2025-08-01 09:26:08 AM,211.31,0,0.0,13877358.320000004
2025-08-01 09:26:09 AM,211.31,25,5282.75,13882641.070000004
2025-08-01 09:26:16 AM,211.31,54,11410.74,13894051.810000004
2025-08-01 09:26:21 AM,211.41,0,0.0,13894051.810000004
2025-08-01 09:26:24 AM,211.41,123,26003.43,13920055.240000004
2025-08-01 09:26:32 AM,211.41,25,5285.25,13925340.490000004
2025-08-01 09:26:36 AM,211.45,0,0.0,13925340.490000004
2025-08-01 09:26:40 AM,211.45,269,56880.049999999996,13982220.540000005
2025-08-01 09:26:48 AM,211.7,0,0.0,13982220.540000005
2025-08-01 09:26:49 AM,211.7,80,16936.0,13999156.540000005
2025-08-01 09:26:51 AM,211.67,0,0.0,13999156.540000005
2025-08-01 09:26:55 AM,211.67,1,211.67,13999368.210000005
2025-08-01 09:26:58 AM,211.83,0,0.0,13999368.210000005
2025-08-01 09:27:00 AM,211.68,0,0.0,13999368.210000005
2025-08-01 09:27:02 AM,211.68,18,3810.2400000000002,14003178.450000005
2025-08-01 09:27:24 AM,211.68,260,55036.8,14058215.250000006
2025-08-01 09:27:31 AM,211.61,0,0.0,14058215.250000006
2025-08-01 09:27:32 AM,211.61,1,211.61,14058426.860000005
2025-08-01 09:27:32 AM,211.76,0,0.0,14058426.860000005
2025-08-01 09:27:33 AM,211.76,90,19058.399999999998,14077485.260000005
2025-08-01 09:27:39 AM,211.76,10,2117.6,14079602.860000005
2025-08-01 09:27:46 AM,211.78,0,0.0,14079602.860000005
2025-08-01 09:27:47 AM,211.78,1,211.78,14079814.640000004
2025-08-01 09:27:51 AM,211.55,0,0.0,14079814.640000004
2025-08-01 09:27:55 AM,211.54,250,52885.0,14132699.640000004
2025-08-01 09:27:57 AM,211.5,0,0.0,14132699.640000004
2025-08-01 09:28:02 AM,211.5,87,18400.5,14151100.140000004
2025-08-01 09:28:08 AM,211.36,0,0.0,14151100.140000004
2025-08-01 09:28:10 AM,211.36,1009,213262.24000000002,14364362.380000005
2025-08-01 09:28:11 AM,211.42,100,21142.0,14385504.380000005
2025-08-01 09:28:18 AM,211.4,1,211.4,14385715.780000005
2025-08-01 09:28:19 AM,211.4,2,422.8,14386138.580000006
2025-08-01 09:28:25 AM,211.4,70,14798.0,14400936.580000006
2025-08-01 09:28:31 AM,211.48,0,0.0,14400936.580000006
2025-08-01 09:28:33 AM,211.48,403,85226.44,14486163.020000005
2025-08-01 09:28:37 AM,211.45,0,0.0,14486163.020000005
2025-08-01 09:28:41 AM,211.45,10,2114.5,14488277.520000005
2025-08-01 09:28:57 AM,211.6,1550,327980.0,14816257.520000005
2025-08-01 09:29:03 AM,211.51,5,1057.55,14817315.070000006
2025-08-01 09:29:10 AM,211.6,0,0.0,14817315.070000006
2025-08-01 09:29:11 AM,211.6,95,20102.0,14837417.070000006
2025-08-01 09:29:16 AM,211.5,0,0.0,14837417.070000006
2025-08-01 09:29:19 AM,211.45,2067,437067.14999999997,15274484.220000006
2025-08-01 09:29:31 AM,211.47,0,0.0,15274484.220000006
2025-08-01 09:29:34 AM,211.47,1,211.47,15274695.690000007
2025-08-01 09:29:41 AM,211.47,6,1268.82,15275964.510000007
2025-08-01 09:29:42 AM,211.49,6,1268.94,15277233.450000007
2025-08-01 09:29:56 AM,211.49,5,1057.45,15278290.900000006
2025-08-01 09:30:02 AM,211.47,0,0.0,15278290.900000006
2025-08-01 09:30:04 AM,211.45,8,1691.6,15279982.500000006
2025-08-01 09:30:16 AM,211.44,0,0.0,15279982.500000006
2025-08-01 09:30:19 AM,211.44,526,111217.44,15391199.940000005
2025-08-01 09:30:23 AM,211.32,0,0.0,15391199.940000005
2025-08-01 09:30:26 AM,211.32,6,1267.92,15392467.860000005
2025-08-01 09:30:30 AM,211.31,0,0.0,15392467.860000005
2025-08-01 09:30:34 AM,211.31,180,38035.8,15430503.660000006
2025-08-01 09:30:34 AM,211.3,2,422.6,15430926.260000005
2025-08-01 09:30:41 AM,211.3,52,10987.6,15441913.860000005
2025-08-01 09:30:44 AM,211.2,0,0.0,15441913.860000005
2025-08-01 09:30:48 AM,211.3,686,144951.80000000002,15586865.660000006
2025-08-01 09:30:56 AM,211.3,1,211.3,15587076.960000006
2025-08-01 09:31:18 AM,211.2,0,0.0,15587076.960000006
2025-08-01 09:31:18 AM,211.2,4128,871833.6,16458910.560000006
2025-08-01 09:31:18 AM,211.2,319,67372.8,16526283.360000007
2025-08-01 09:31:20 AM,211.29,0,0.0,16526283.360000007
2025-08-01 09:31:25 AM,211.29,100,21129.0,16547412.360000007
2025-08-01 09:31:30 AM,211.4,0,0.0,16547412.360000007
2025-08-01 09:31:32 AM,211.06,0,0.0,16547412.360000007
2025-08-01 09:31:33 AM,211.06,5438,1147744.28,17695156.640000008
2025-08-01 09:31:36 AM,211.05,0,0.0,17695156.640000008
2025-08-01 09:31:39 AM,211.05,8,1688.4,17696845.040000007
2025-08-01 09:31:49 AM,211.04,0,0.0,17696845.040000007
2025-08-01 09:31:53 AM,211.0,316,66676.0,17763521.040000007
2025-08-01 09:32:00 AM,211.0,1601,337811.0,18101332.040000007
2025-08-01 09:32:14 AM,211.11,159,33566.490000000005,18134898.530000005
2025-08-01 09:32:22 AM,211.11,50,10555.5,18145454.030000005
2025-08-01 09:32:22 AM,211.12,0,0.0,18145454.030000005
2025-08-01 09:32:28 AM,211.16,0,0.0,18145454.030000005
2025-08-01 09:32:28 AM,211.16,98,20693.68,18166147.710000005
2025-08-01 09:32:42 AM,211.13,250,52782.5,18218930.210000005
2025-08-01 09:32:46 AM,211.21,0,0.0,18218930.210000005
2025-08-01 09:32:49 AM,211.21,157,33159.97,18252090.180000003
2025-08-01 09:32:56 AM,211.2,48,10137.599999999999,18262227.780000005
2025-08-01 09:32:58 AM,211.27,0,0.0,18262227.780000005
2025-08-01 09:33:03 AM,211.27,100,21127.0,18283354.780000005
2025-08-01 09:33:25 AM,211.17,0,0.0,18283354.780000005
2025-08-01 09:33:30 AM,211.27,0,0.0,18283354.780000005
2025-08-01 09:33:31 AM,211.27,918,193945.86000000002,18477300.640000004
2025-08-01 09:33:37 AM,211.28,47,9930.16,18487230.800000004
2025-08-01 09:33:44 AM,211.47,30,6344.1,18493574.900000006
2025-08-01 09:33:58 AM,211.47,139,29394.329999999998,18522969.230000004
2025-08-01 09:34:05 AM,211.51,0,0.0,18522969.230000004
2025-08-01 09:34:05 AM,211.51,15,3172.6499999999996,18526141.880000003
2025-08-01 09:34:10 AM,211.55,0,0.0,18526141.880000003
2025-08-01 09:34:12 AM,211.79,0,0.0,18526141.880000003
2025-08-01 09:34:13 AM,211.79,256,54218.24,18580360.12
2025-08-01 09:34:25 AM,211.84,0,0.0,18580360.12
2025-08-01 09:34:27 AM,211.84,5017,1062801.28,19643161.400000002
2025-08-01 09:34:30 AM,212.0,0,0.0,19643161.400000002
2025-08-01 09:34:34 AM,212.0,351,74412.0,19717573.400000002
2025-08-01 09:34:41 AM,212.0,178,37736.0,19755309.400000002
2025-08-01 09:34:54 AM,212.0,1167,247404.0,20002713.400000002
2025-08-01 09:35:01 AM,212.0,166,35192.0,20037905.400000002
2025-08-01 09:35:08 AM,212.0,165,34980.0,20072885.400000002
2025-08-01 09:35:10 AM,211.96,0,0.0,20072885.400000002
2025-08-01 09:35:15 AM,211.96,720,152611.2,20225496.6
2025-08-01 09:35:20 AM,211.82,0,0.0,20225496.6
2025-08-01 09:35:22 AM,211.82,75,15886.5,20241383.1
2025-08-01 09:35:40 AM,211.77,0,0.0,20241383.1
2025-08-01 09:35:43 AM,211.77,1,211.77,20241594.87
2025-08-01 09:35:45 AM,211.71,0,0.0,20241594.87
2025-08-01 09:35:45 AM,211.67,0,0.0,20241594.87
2025-08-01 09:35:50 AM,211.67,21,4445.07,20246039.94
2025-08-01 09:35:55 AM,211.43,0,0.0,20246039.94
2025-08-01 09:35:56 AM,211.43,100,21143.0,20267182.94
2025-08-01 09:36:00 AM,211.62,0,0.0,20267182.94
2025-08-01 09:36:00 AM,211.53,0,0.0,20267182.94
2025-08-01 09:36:03 AM,211.53,135,28556.55,20295739.490000002
2025-08-01 09:36:08 AM,211.41,0,0.0,20295739.490000002
2025-08-01 09:36:10 AM,211.41,17,3593.97,20299333.46
2025-08-01 09:36:16 AM,211.57,0,0.0,20299333.46
2025-08-01 09:36:17 AM,211.57,140,29619.8,20328953.26
2025-08-01 09:36:23 AM,211.38,879,185803.02,20514756.28
2025-08-01 09:36:27 AM,211.58,0,0.0,20514756.28
2025-08-01 09:36:30 AM,211.58,484,102404.72,20617161.0
2025-08-01 09:36:30 AM,211.39,40,8455.599999999999,20625616.6
2025-08-01 09:36:35 AM,211.65,0,0.0,20625616.6
2025-08-01 09:36:36 AM,211.65,500,105825.0,20731441.6
2025-08-01 09:36:44 AM,211.64,0,0.0,20731441.6
2025-08-01 09:36:49 AM,211.64,25,5291.0,20736732.6
2025-08-01 09:36:51 AM,211.66,0,0.0,20736732.6
2025-08-01 09:36:56 AM,211.66,100,21166.0,20757898.6
2025-08-01 09:36:56 AM,211.64,2,423.28,20758321.880000003
2025-08-01 09:37:02 AM,211.46,7,1480.22,20759802.1
2025-08-01 09:37:17 AM,211.46,75,15859.5,20775661.6
2025-08-01 09:37:23 AM,211.35,0,0.0,20775661.6
2025-08-01 09:37:24 AM,211.34,63,13314.42,20788976.020000003
2025-08-01 09:37:28 AM,211.32,0,0.0,20788976.020000003
2025-08-01 09:37:29 AM,211.35,0,0.0,20788976.020000003
2025-08-01 09:37:30 AM,211.35,115,24305.25,20813281.270000003
2025-08-01 09:37:37 AM,211.35,1,211.35,20813492.620000005
2025-08-01 09:37:44 AM,211.35,6,1268.1,20814760.720000006
2025-08-01 09:38:03 AM,211.17,0,0.0,20814760.720000006
2025-08-01 09:38:04 AM,211.17,1019,215182.22999999998,21029942.950000007
2025-08-01 09:38:11 AM,211.23,0,0.0,21029942.950000007
2025-08-01 09:38:11 AM,211.23,5,1056.1499999999999,21030999.100000005
2025-08-01 09:38:25 AM,211.09,0,0.0,21030999.100000005
2025-08-01 09:38:31 AM,211.09,52,10976.68,21041975.780000005
2025-08-01 09:38:38 AM,211.17,426,89958.42,21131934.200000007
2025-08-01 09:38:45 AM,211.17,80,16893.6,21148827.80000001
2025-08-01 09:38:47 AM,211.2,0,0.0,21148827.80000001
2025-08-01 09:38:51 AM,211.26,1345,284144.7,21432972.500000007
2025-08-01 09:38:58 AM,211.4,1234,260867.6,21693840.10000001
2025-08-01 09:39:00 AM,211.42,0,0.0,21693840.10000001
2025-08-01 09:39:04 AM,211.42,4,845.68,21694685.78000001
2025-08-01 09:39:10 AM,211.45,0,0.0,21694685.78000001
2025-08-01 09:39:11 AM,211.45,50,10572.5,21705258.28000001
2025-08-01 09:39:15 AM,211.25,0,0.0,21705258.28000001
2025-08-01 09:39:18 AM,211.25,9070,1916037.5,23621295.78000001
2025-08-01 09:39:20 AM,211.43,0,0.0,23621295.78000001
2025-08-01 09:39:25 AM,211.43,81,17125.83,23638421.610000007
2025-08-01 09:39:28 AM,211.31,0,0.0,23638421.610000007
2025-08-01 09:39:31 AM,211.3,454,95930.20000000001,23734351.810000006
2025-08-01 09:39:38 AM,211.27,10,2112.7000000000003,23736464.510000005
2025-08-01 09:39:44 AM,211.12,0,0.0,23736464.510000005
2025-08-01 09:39:44 AM,211.12,50,10556.0,23747020.510000005
2025-08-01 09:39:51 AM,211.08,100,21108.0,23768128.510000005
2025-08-01 09:40:09 AM,211.12,0,0.0,23768128.510000005
2025-08-01 09:40:11 AM,211.12,2,422.24,23768550.750000004
2025-08-01 09:40:22 AM,211.05,0,0.0,23768550.750000004
2025-08-01 09:40:24 AM,211.05,100,21105.0,23789655.750000004
2025-08-01 09:40:35 AM,211.15,0,0.0,23789655.750000004
2025-08-01 09:40:37 AM,211.15,327,69046.05,23858701.800000004
2025-08-01 09:40:40 AM,211.34,0,0.0,23858701.800000004
2025-08-01 09:40:44 AM,211.34,750,158505.0,24017206.800000004
2025-08-01 09:41:08 AM,211.43,0,0.0,24017206.800000004
2025-08-01 09:41:10 AM,211.43,979,206989.97,24224196.770000003
2025-08-01 09:41:16 AM,211.46,0,0.0,24224196.770000003
2025-08-01 09:41:16 AM,211.53,0,0.0,24224196.770000003
2025-08-01 09:41:17 AM,211.53,657,138975.21,24363171.980000004
2025-08-01 09:41:27 AM,211.6,0,0.0,24363171.980000004
2025-08-01 09:41:30 AM,211.6,100,21160.0,24384331.980000004
2025-08-01 09:41:35 AM,211.57,0,0.0,24384331.980000004
2025-08-01 09:41:37 AM,211.57,100,21157.0,24405488.980000004
2025-08-01 09:41:43 AM,211.57,1,211.57,24405700.550000004
2025-08-01 09:42:09 AM,211.57,22,4654.54,24410355.090000004
2025-08-01 09:42:10 AM,211.57,58,12271.06,24422626.150000002
2025-08-01 09:42:21 AM,211.69,0,0.0,24422626.150000002
2025-08-01 09:42:22 AM,211.69,50,10584.5,24433210.650000002
2025-08-01 09:42:26 AM,211.67,0,0.0,24433210.650000002
2025-08-01 09:42:29 AM,211.67,10,2116.7,24435327.35
2025-08-01 09:42:34 AM,211.69,0,0.0,24435327.35
2025-08-01 09:42:36 AM,211.69,175,37045.75,24472373.1
2025-08-01 09:42:39 AM,211.71,0,0.0,24472373.1
2025-08-01 09:42:42 AM,211.71,35,7409.85,24479782.950000003
2025-08-01 09:42:42 AM,211.7,0,0.0,24479782.950000003
2025-08-01 09:42:43 AM,211.7,3,635.0999999999999,24480418.050000004
2025-08-01 09:42:47 AM,211.74,0,0.0,24480418.050000004
2025-08-01 09:42:48 AM,211.74,1,211.74,24480629.790000003
2025-08-01 09:43:01 AM,211.74,2,423.48,24481053.270000003
2025-08-01 09:43:06 AM,211.75,0,0.0,24481053.270000003
2025-08-01 09:43:08 AM,211.75,706,149495.5,24630548.770000003
2025-08-01 09:43:18 AM,211.94,0,0.0,24630548.770000003
2025-08-01 09:43:21 AM,211.82,120,25418.399999999998,24655967.17
2025-08-01 09:43:29 AM,211.67,1,211.67,24656178.840000004
2025-08-01 09:43:39 AM,211.57,0,0.0,24656178.840000004
2025-08-01 09:43:39 AM,211.7,0,0.0,24656178.840000004
2025-08-01 09:43:41 AM,211.7,126,26674.199999999997,24682853.040000003
2025-08-01 09:43:42 AM,211.57,0,0.0,24682853.040000003
2025-08-01 09:43:42 AM,211.66,85,17991.1,24700844.140000004
2025-08-01 09:43:46 AM,211.7,0,0.0,24700844.140000004
2025-08-01 09:43:48 AM,211.7,628,132947.6,24833791.740000006
2025-08-01 09:44:00 AM,211.7,5,1058.5,24834850.240000006
2025-08-01 09:44:07 AM,211.5,0,0.0,24834850.240000006
2025-08-01 09:44:08 AM,211.5,574,121401.0,24956251.240000006
2025-08-01 09:44:12 AM,211.21,0,0.0,24956251.240000006
2025-08-01 09:44:14 AM,211.21,25,5280.25,24961531.490000006
2025-08-01 09:44:15 AM,211.26,1,211.26,24961742.750000007
2025-08-01 09:44:34 AM,211.21,51,10771.710000000001,24972514.46000001
2025-08-01 09:44:41 AM,211.19,50,10559.5,24983073.96000001
2025-08-01 09:44:46 AM,211.19,12,2534.2799999999997,24985608.24000001
2025-08-01 09:44:54 AM,211.0,3840,810240.0,25795848.24000001
2025-08-01 09:44:55 AM,210.76,0,0.0,25795848.24000001
2025-08-01 09:44:57 AM,210.66,0,0.0,25795848.24000001
2025-08-01 09:44:59 AM,210.66,1300,273858.0,26069706.24000001
2025-08-01 09:45:08 AM,210.6,103,21691.8,26091398.04000001
2025-08-01 09:45:13 AM,210.53,339,71369.67,26162767.710000012
2025-08-01 09:45:14 AM,210.58,0,0.0,26162767.710000012
2025-08-01 09:45:14 AM,210.58,50,10529.0,26173296.710000012
2025-08-01 09:45:19 AM,210.58,101,21268.58,26194565.29000001
2025-08-01 09:45:20 AM,210.5,0,0.0,26194565.29000001
2025-08-01 09:45:21 AM,210.5,2700,568350.0,26762915.29000001
2025-08-01 09:45:34 AM,210.51,7884,1659660.8399999999,28422576.13000001
2025-08-01 09:45:35 AM,210.47,0,0.0,28422576.13000001
2025-08-01 09:45:39 AM,210.47,9711,2043874.17,30466450.300000012
2025-08-01 09:45:45 AM,210.48,15,3157.2,30469607.50000001
2025-08-01 09:45:47 AM,210.52,257,54103.64,30523711.14000001
2025-08-01 09:45:50 AM,210.46,0,0.0,30523711.14000001
2025-08-01 09:45:52 AM,210.46,12084,2543198.64,33066909.780000012
2025-08-01 09:45:56 AM,210.63,0,0.0,33066909.780000012
2025-08-01 09:45:58 AM,210.63,234,49287.42,33116197.200000014
2025-08-01 09:46:00 AM,210.8,0,0.0,33116197.200000014
2025-08-01 09:46:05 AM,210.62,856,180290.72,33296487.920000013
2025-08-01 09:46:06 AM,210.62,15,3159.3,33299647.220000014
2025-08-01 09:46:11 AM,210.5,160,33680.0,33333327.220000014
2025-08-01 09:46:11 AM,210.62,0,0.0,33333327.220000014
2025-08-01 09:46:13 AM,210.74,303,63854.22,33397181.440000013
2025-08-01 09:46:24 AM,210.75,0,0.0,33397181.440000013
2025-08-01 09:46:24 AM,210.75,108,22761.0,33419942.440000013
2025-08-01 09:46:30 AM,210.75,3,632.25,33420574.690000013
2025-08-01 09:46:31 AM,210.61,0,0.0,33420574.690000013
2025-08-01 09:46:32 AM,210.81,1327,279744.87,33700319.56000001
2025-08-01 09:46:44 AM,210.78,0,0.0,33700319.56000001
2025-08-01 09:46:45 AM,210.78,5,1053.9,33701373.46000001
2025-08-01 09:46:51 AM,210.87,0,0.0,33701373.46000001
2025-08-01 09:46:51 AM,210.85,1002,211271.69999999998,33912645.16000001
2025-08-01 09:46:56 AM,210.87,0,0.0,33912645.16000001
2025-08-01 09:46:57 AM,210.87,11,2319.57,33914964.73000001
2025-08-01 09:47:08 AM,210.87,66,13917.42,33928882.15000001
2025-08-01 09:47:13 AM,210.85,0,0.0,33928882.15000001
2025-08-01 09:47:14 AM,210.85,14,2951.9,33931834.05000001
2025-08-01 09:47:16 AM,210.9,100,21090.0,33952924.05000001
2025-08-01 09:47:33 AM,210.9,15,3163.5,33956087.55000001
2025-08-01 09:47:39 AM,210.87,0,0.0,33956087.55000001
2025-08-01 09:47:40 AM,210.87,1,210.87,33956298.42000001
2025-08-01 09:47:42 AM,210.78,0,0.0,33956298.42000001
2025-08-01 09:47:42 AM,210.78,10,2107.8,33958406.220000006
2025-08-01 09:47:44 AM,210.87,0,0.0,33958406.220000006
2025-08-01 09:47:46 AM,210.88,70,14761.6,33973167.82000001
2025-08-01 09:48:02 AM,210.88,26,5482.88,33978650.70000001
2025-08-01 09:48:09 AM,210.88,10,2108.8,33980759.50000001
2025-08-01 09:48:22 AM,210.88,1,210.88,33980970.38000001
2025-08-01 09:48:22 AM,210.98,0,0.0,33980970.38000001
2025-08-01 09:48:25 AM,210.98,777,163931.46,34144901.84000001
2025-08-01 09:48:30 AM,210.78,0,0.0,34144901.84000001
2025-08-01 09:48:32 AM,210.78,654,137850.12,34282751.96000001
2025-08-01 09:49:06 AM,210.81,0,0.0,34282751.96000001
2025-08-01 09:49:06 AM,210.81,12,2529.7200000000003,34285281.68000001
2025-08-01 09:49:10 AM,210.72,0,0.0,34285281.68000001
2025-08-01 09:49:10 AM,210.72,200,42144.0,34327425.68000001
2025-08-01 09:49:13 AM,210.78,10,2107.8,34329533.480000004
2025-08-01 09:49:35 AM,210.73,50,10536.5,34340069.980000004
2025-08-01 09:49:39 AM,210.78,0,0.0,34340069.980000004
2025-08-01 09:49:41 AM,210.81,234,49329.54,34389399.52
2025-08-01 09:49:42 AM,210.78,0,0.0,34389399.52
2025-08-01 09:49:44 AM,210.78,54,11382.12,34400781.64
2025-08-01 09:49:55 AM,210.51,0,0.0,34400781.64
2025-08-01 09:49:57 AM,210.51,615,129463.65,34530245.29
2025-08-01 09:49:59 AM,210.72,0,0.0,34530245.29
2025-08-01 09:50:00 AM,210.72,1600,337152.0,34867397.29
2025-08-01 09:50:02 AM,210.52,0,0.0,34867397.29
2025-08-01 09:50:03 AM,210.52,31,6526.12,34873923.41
2025-08-01 09:50:16 AM,210.64,100,21064.0,34894987.41
2025-08-01 09:50:38 AM,210.66,186,39182.76,34934170.169999994
2025-08-01 09:51:16 AM,210.95,0,0.0,34934170.169999994
2025-08-01 09:51:16 AM,210.95,25,5273.75,34939443.919999994
2025-08-01 09:51:31 AM,211.14,100,21114.0,34960557.919999994
2025-08-01 09:51:33 AM,210.89,0,0.0,34960557.919999994
2025-08-01 09:51:35 AM,210.89,664,140030.96,35100588.879999995
2025-08-01 09:51:41 AM,210.89,1,210.89,35100799.769999996
2025-08-01 09:51:48 AM,210.89,84,17714.76,35118514.529999994
2025-08-01 09:51:51 AM,210.61,0,0.0,35118514.529999994
2025-08-01 09:51:54 AM,210.61,479,100882.19,35219396.71999999
2025-08-01 09:52:02 AM,210.5,1207,254073.5,35473470.21999999
2025-08-01 09:52:10 AM,210.51,0,0.0,35473470.21999999
2025-08-01 09:52:12 AM,210.51,785,165250.35,35638720.56999999
2025-08-01 09:52:36 AM,210.67,5086,1071467.6199999999,36710188.18999999
2025-08-01 09:52:37 AM,210.7,0,0.0,36710188.18999999
2025-08-01 09:52:39 AM,210.86,104,21929.440000000002,36732117.62999999
2025-08-01 09:52:55 AM,210.96,0,0.0,36732117.62999999
2025-08-01 09:52:55 AM,210.96,5,1054.8,36733172.429999985
2025-08-01 09:53:07 AM,210.85,0,0.0,36733172.429999985
2025-08-01 09:53:07 AM,210.85,5,1054.25,36734226.679999985
2025-08-01 09:53:13 AM,210.79,0,0.0,36734226.679999985
2025-08-01 09:53:13 AM,210.79,244,51432.759999999995,36785659.43999998
2025-08-01 09:53:19 AM,210.8,4,843.2,36786502.639999986
2025-08-01 09:53:26 AM,210.75,0,0.0,36786502.639999986
2025-08-01 09:53:26 AM,210.75,1,210.75,36786713.389999986
2025-08-01 09:53:32 AM,210.57,24,5053.68,36791767.069999985
2025-08-01 09:53:32 AM,210.7,0,0.0,36791767.069999985
2025-08-01 09:53:33 AM,210.7,5,1053.5,36792820.569999985
2025-08-01 09:53:38 AM,210.7,10,2107.0,36794927.569999985
2025-08-01 09:53:57 AM,210.7,50,10535.0,36805462.569999985
2025-08-01 09:53:59 AM,210.57,0,0.0,36805462.569999985
2025-08-01 09:54:03 AM,210.57,142,29900.94,36835363.50999998
2025-08-01 09:54:20 AM,210.51,0,0.0,36835363.50999998
2025-08-01 09:54:22 AM,210.51,1,210.51,36835574.01999998
2025-08-01 09:54:28 AM,210.51,3,631.53,36836205.54999998
2025-08-01 09:54:46 AM,210.51,151,31787.01,36867992.55999998
2025-08-01 09:55:00 AM,210.57,0,0.0,36867992.55999998
2025-08-01 09:55:03 AM,210.57,25,5264.25,36873256.80999998
2025-08-01 09:55:09 AM,210.63,0,0.0,36873256.80999998
2025-08-01 09:55:09 AM,210.63,5,1053.15,36874309.95999998
2025-08-01 09:55:22 AM,210.5,0,0.0,36874309.95999998
2025-08-01 09:55:22 AM,210.5,1210,254705.0,37129014.95999998
2025-08-01 09:55:42 AM,210.48,0,0.0,37129014.95999998
2025-08-01 09:55:45 AM,210.63,0,0.0,37129014.95999998
2025-08-01 09:55:45 AM,210.63,153,32226.39,37161241.34999998
2025-08-01 09:55:51 AM,210.63,4,842.52,37162083.86999998
2025-08-01 09:56:00 AM,210.6,0,0.0,37162083.86999998
2025-08-01 09:56:04 AM,210.6,50,10530.0,37172613.86999998
2025-08-01 09:56:05 AM,210.51,114,23998.14,37196612.00999998
2025-08-01 09:56:14 AM,210.63,0,0.0,37196612.00999998
2025-08-01 09:56:16 AM,210.63,100,21063.0,37217675.00999998
2025-08-01 09:56:20 AM,210.51,0,0.0,37217675.00999998
2025-08-01 09:56:22 AM,210.51,62,13051.619999999999,37230726.62999998
2025-08-01 09:56:32 AM,210.63,0,0.0,37230726.62999998
2025-08-01 09:56:33 AM,210.63,1100,231693.0,37462419.62999998
2025-08-01 09:56:34 AM,210.64,100,21064.0,37483483.62999998
2025-08-01 09:56:40 AM,210.3,3495,734998.5,38218482.12999998
2025-08-01 09:56:44 AM,210.25,0,0.0,38218482.12999998
2025-08-01 09:56:45 AM,210.25,106,22286.5,38240768.62999998
2025-08-01 09:56:53 AM,210.3,500,105150.0,38345918.62999998
2025-08-01 09:57:01 AM,210.2,0,0.0,38345918.62999998
2025-08-01 09:57:03 AM,210.2,960,201792.0,38547710.62999998
2025-08-01 09:57:09 AM,210.2,230,48346.0,38596056.62999998
2025-08-01 09:57:20 AM,210.0,0,0.0,38596056.62999998
2025-08-01 09:57:21 AM,210.0,4000,840000.0,39436056.62999998
2025-08-01 09:57:23 AM,210.15,27,5674.05,39441730.67999998
2025-08-01 09:57:41 AM,210.15,4,840.6,39442571.27999998
2025-08-01 09:57:59 AM,210.1,100,21010.0,39463581.27999998
2025-08-01 09:58:03 AM,210.1,160,33616.0,39497197.27999998
2025-08-01 09:58:05 AM,210.11,0,0.0,39497197.27999998
2025-08-01 09:58:05 AM,210.11,1,210.11,39497407.38999998
2025-08-01 09:58:09 AM,210.12,200,42024.0,39539431.38999998
2025-08-01 09:58:12 AM,210.1,250,52525.0,39591956.38999998
2025-08-01 09:58:17 AM,210.0,0,0.0,39591956.38999998
2025-08-01 09:58:18 AM,210.0,100,21000.0,39612956.38999998
2025-08-01 09:58:21 AM,210.09,0,0.0,39612956.38999998
2025-08-01 09:58:21 AM,210.09,5,1050.45,39614006.83999998
2025-08-01 09:58:23 AM,210.0,230,48300.0,39662306.83999998
2025-08-01 09:58:39 AM,210.09,1,210.09,39662516.929999985
2025-08-01 09:58:51 AM,210.0,3897,818370.0,40480886.929999985
2025-08-01 09:58:57 AM,209.94,0,0.0,40480886.929999985
2025-08-01 09:58:57 AM,209.94,75,15745.5,40496632.429999985
2025-08-01 09:59:00 AM,209.76,13,2726.88,40499359.30999999
2025-08-01 09:59:02 AM,209.75,0,0.0,40499359.30999999
2025-08-01 09:59:03 AM,209.75,100,20975.0,40520334.30999999
2025-08-01 09:59:06 AM,209.6,60,12576.0,40532910.30999999
2025-08-01 09:59:10 AM,209.6,33,6916.8,40539827.109999985
2025-08-01 09:59:11 AM,209.85,0,0.0,40539827.109999985
2025-08-01 09:59:12 AM,209.85,1604,336599.39999999997,40876426.50999998
2025-08-01 09:59:31 AM,209.9,0,0.0,40876426.50999998
2025-08-01 09:59:31 AM,209.9,50,10495.0,40886921.50999998
2025-08-01 09:59:47 AM,209.9,50,10495.0,40897416.50999998
2025-08-01 10:00:09 AM,209.9,301,63179.9,40960596.40999998
2025-08-01 10:00:12 AM,209.73,563,118077.98999999999,41078674.39999998
2025-08-01 10:00:19 AM,209.9,100,20990.0,41099664.39999998
2025-08-01 10:00:22 AM,209.93,100,20993.0,41120657.39999998
2025-08-01 10:00:34 AM,209.92,1,209.92,41120867.319999985
2025-08-01 10:00:37 AM,209.8,102,21399.600000000002,41142266.91999999
2025-08-01 10:00:44 AM,209.9,0,0.0,41142266.91999999
2025-08-01 10:00:44 AM,209.9,9,1889.1000000000001,41144156.01999999
2025-08-01 10:00:47 AM,209.8,101,21189.800000000003,41165345.819999985
2025-08-01 10:00:50 AM,209.7,0,0.0,41165345.819999985
2025-08-01 10:00:50 AM,209.77,14,2936.78,41168282.59999999
2025-08-01 10:00:53 AM,209.6,482,101027.2,41269309.79999999
2025-08-01 10:00:56 AM,209.7,0,0.0,41269309.79999999
2025-08-01 10:00:56 AM,209.7,10,2097.0,41271406.79999999
2025-08-01 10:01:02 AM,209.6,0,0.0,41271406.79999999
2025-08-01 10:01:03 AM,209.6,11,2305.6,41273712.39999999
2025-08-01 10:01:19 AM,209.71,0,0.0,41273712.39999999
2025-08-01 10:01:19 AM,209.71,2,419.42,41274131.81999999
2025-08-01 10:01:21 AM,209.61,27,5659.47,41279791.28999999
2025-08-01 10:01:26 AM,209.71,0,0.0,41279791.28999999
2025-08-01 10:01:28 AM,209.71,8,1677.68,41281468.96999999
2025-08-01 10:01:37 AM,209.73,100,20973.0,41302441.96999999
2025-08-01 10:01:39 AM,209.71,25,5242.75,41307684.71999999
2025-08-01 10:01:47 AM,209.73,0,0.0,41307684.71999999
2025-08-01 10:01:50 AM,209.73,121,25377.329999999998,41333062.04999999
2025-08-01 10:01:55 AM,209.87,0,0.0,41333062.04999999
2025-08-01 10:01:56 AM,209.87,50,10493.5,41343555.54999999
2025-08-01 10:01:58 AM,209.94,10,2099.4,41345654.94999999
2025-08-01 10:02:08 AM,209.91,25,5247.75,41350902.69999999
2025-08-01 10:02:21 AM,209.9,0,0.0,41350902.69999999
2025-08-01 10:02:21 AM,209.9,75,15742.5,41366645.19999999
2025-08-01 10:02:23 AM,209.9,123,25817.7,41392462.89999999
2025-08-01 10:02:27 AM,209.9,130,27287.0,41419749.89999999
2025-08-01 10:02:33 AM,209.95,500,104975.0,41524724.89999999
2025-08-01 10:02:40 AM,209.97,0,0.0,41524724.89999999
2025-08-01 10:02:40 AM,209.97,206,43253.82,41567978.71999999
2025-08-01 10:02:45 AM,209.98,0,0.0,41567978.71999999
2025-08-01 10:02:45 AM,210.01,0,0.0,41567978.71999999
2025-08-01 10:02:46 AM,210.01,91,19110.91,41587089.62999999
2025-08-01 10:02:49 AM,209.76,0,0.0,41587089.62999999
2025-08-01 10:02:53 AM,209.76,1000,209760.0,41796849.62999999
2025-08-01 10:03:09 AM,209.77,0,0.0,41796849.62999999
2025-08-01 10:03:12 AM,209.77,1,209.77,41797059.39999999
2025-08-01 10:03:25 AM,209.77,10,2097.7000000000003,41799157.099999994
2025-08-01 10:03:27 AM,209.77,28,5873.56,41805030.66
2025-08-01 10:03:38 AM,209.77,4,839.08,41805869.739999995
2025-08-01 10:03:40 AM,209.99,50,10499.5,41816369.239999995
2025-08-01 10:03:52 AM,210.0,1,210.0,41816579.239999995
2025-08-01 10:03:56 AM,210.0,1,210.0,41816789.239999995
2025-08-01 10:03:58 AM,209.99,1,209.99,41816999.23
2025-08-01 10:04:02 AM,209.98,0,0.0,41816999.23
2025-08-01 10:04:02 AM,209.98,24,5039.5199999999995,41822038.75
2025-08-01 10:04:10 AM,210.0,0,0.0,41822038.75
2025-08-01 10:04:11 AM,210.0,1002,210420.0,42032458.75
2025-08-01 10:04:21 AM,210.06,20,4201.2,42036659.95
2025-08-01 10:04:25 AM,210.14,0,0.0,42036659.95
2025-08-01 10:04:27 AM,210.14,200,42028.0,42078687.95
2025-08-01 10:04:34 AM,210.09,0,0.0,42078687.95
2025-08-01 10:04:34 AM,210.09,799,167861.91,42246549.86
2025-08-01 10:04:36 AM,210.14,100,21014.0,42267563.86
2025-08-01 10:04:46 AM,210.11,10,2101.1000000000004,42269664.96
2025-08-01 10:04:48 AM,210.11,5,1050.5500000000002,42270715.51
2025-08-01 10:05:05 AM,210.1,0,0.0,42270715.51
2025-08-01 10:05:05 AM,210.1,2,420.2,42271135.71
2025-08-01 10:05:22 AM,210.06,0,0.0,42271135.71
2025-08-01 10:05:22 AM,210.05,0,0.0,42271135.71
2025-08-01 10:05:23 AM,210.05,112,23525.600000000002,42294661.31
2025-08-01 10:05:25 AM,210.07,20,4201.4,42298862.71
2025-08-01 10:05:29 AM,210.08,196,41175.68,42340038.39
2025-08-01 10:05:42 AM,210.12,0,0.0,42340038.39
2025-08-01 10:05:42 AM,210.12,200,42024.0,42382062.39
2025-08-01 10:05:53 AM,210.12,23,4832.76,42386895.15
2025-08-01 10:05:59 AM,210.0,14,2940.0,42389835.15
2025-08-01 10:06:05 AM,210.12,30,6303.6,42396138.75
2025-08-01 10:06:07 AM,210.11,0,0.0,42396138.75
2025-08-01 10:06:08 AM,210.11,50,10505.5,42406644.25
2025-08-01 10:06:11 AM,210.11,150,31516.500000000004,42438160.75
2025-08-01 10:06:14 AM,209.9,0,0.0,42438160.75
2025-08-01 10:06:14 AM,209.9,1448,303935.2,42742095.95
2025-08-01 10:06:17 AM,209.84,0,0.0,42742095.95
2025-08-01 10:06:17 AM,209.84,4,839.36,42742935.31
2025-08-01 10:06:31 AM,209.88,100,20988.0,42763923.31
2025-08-01 10:06:35 AM,209.57,3878,812712.46,43576635.77
2025-08-01 10:06:41 AM,209.68,0,0.0,43576635.77
2025-08-01 10:06:41 AM,209.68,177,37113.36,43613749.13
2025-08-01 10:06:51 AM,209.51,0,0.0,43613749.13
2025-08-01 10:06:53 AM,209.68,504,105678.72,43719427.85
2025-08-01 10:07:00 AM,209.68,144,30193.920000000002,43749621.77
2025-08-01 10:07:01 AM,209.59,0,0.0,43749621.77
2025-08-01 10:07:01 AM,209.59,119,24941.21,43774562.980000004
2025-08-01 10:07:06 AM,209.52,0,0.0,43774562.980000004
2025-08-01 10:07:06 AM,209.52,500,104760.0,43879322.980000004
2025-08-01 10:07:06 AM,209.58,0,0.0,43879322.980000004
2025-08-01 10:07:08 AM,209.5,407,85266.5,43964589.480000004
2025-08-01 10:07:11 AM,209.58,0,0.0,43964589.480000004
2025-08-01 10:07:12 AM,209.5,83,17388.5,43981977.980000004
2025-08-01 10:07:14 AM,209.63,3976,833488.88,44815466.86000001
2025-08-01 10:07:16 AM,209.66,0,0.0,44815466.86000001
2025-08-01 10:07:18 AM,209.55,1845,386619.75,45202086.61000001
2025-08-01 10:07:20 AM,209.41,522,109312.02,45311398.63000001
2025-08-01 10:07:21 AM,209.53,0,0.0,45311398.63000001
2025-08-01 10:07:25 AM,209.31,1038,217263.78,45528662.41000001
2025-08-01 10:07:26 AM,209.3,0,0.0,45528662.41000001
2025-08-01 10:07:26 AM,209.45,266,55713.7,45584376.110000014
2025-08-01 10:07:29 AM,209.49,0,0.0,45584376.110000014
2025-08-01 10:07:31 AM,209.49,227,47554.23,45631930.34000001
2025-08-01 10:07:37 AM,209.57,24,5029.68,45636960.02000001
2025-08-01 10:07:43 AM,209.36,0,0.0,45636960.02000001
2025-08-01 10:07:43 AM,209.36,122,25541.920000000002,45662501.94000001
2025-08-01 10:07:45 AM,209.33,113,23654.29,45686156.23000001
2025-08-01 10:07:48 AM,209.51,0,0.0,45686156.23000001
2025-08-01 10:07:49 AM,209.51,5,1047.55,45687203.78000001
2025-08-01 10:07:53 AM,209.22,0,0.0,45687203.78000001
2025-08-01 10:07:53 AM,209.11,0,0.0,45687203.78000001
2025-08-01 10:07:55 AM,209.11,1689,353186.79000000004,46040390.57000001
2025-08-01 10:07:57 AM,209.25,26,5440.5,46045831.07000001
2025-08-01 10:07:58 AM,209.11,0,0.0,46045831.07000001
2025-08-01 10:08:01 AM,209.11,123,25720.530000000002,46071551.60000001
2025-08-01 10:08:07 AM,209.25,0,0.0,46071551.60000001
2025-08-01 10:08:08 AM,209.25,475,99393.75,46170945.35000001
2025-08-01 10:08:09 AM,209.25,157,32852.25,46203797.60000001
2025-08-01 10:08:12 AM,209.37,0,0.0,46203797.60000001
2025-08-01 10:08:14 AM,209.37,24,5024.88,46208822.48000001
2025-08-01 10:08:16 AM,209.4,1,209.4,46209031.88000001
2025-08-01 10:08:18 AM,209.52,0,0.0,46209031.88000001
2025-08-01 10:08:20 AM,209.65,0,0.0,46209031.88000001
2025-08-01 10:08:20 AM,209.65,1460,306089.0,46515120.88000001
2025-08-01 10:08:24 AM,209.51,0,0.0,46515120.88000001
2025-08-01 10:08:26 AM,209.51,412,86318.12,46601439.00000001
2025-08-01 10:08:34 AM,209.65,335,70232.75,46671671.75000001
2025-08-01 10:08:38 AM,209.8,0,0.0,46671671.75000001
2025-08-01 10:08:38 AM,209.8,16,3356.8,46675028.550000004
2025-08-01 10:08:44 AM,209.85,0,0.0,46675028.550000004
2025-08-01 10:08:44 AM,209.85,1000,209850.0,46884878.550000004
2025-08-01 10:08:52 AM,209.79,8719,1829159.01,48714037.56
2025-08-01 10:08:53 AM,209.75,0,0.0,48714037.56
2025-08-01 10:08:56 AM,209.75,265,55583.75,48769621.31
2025-08-01 10:09:02 AM,209.69,0,0.0,48769621.31
2025-08-01 10:09:02 AM,209.69,800,167752.0,48937373.31
2025-08-01 10:09:03 AM,209.7,0,0.0,48937373.31
2025-08-01 10:09:03 AM,209.7,1,209.7,48937583.010000005
2025-08-01 10:09:09 AM,209.65,0,0.0,48937583.010000005
2025-08-01 10:09:09 AM,209.65,87,18239.55,48955822.56
2025-08-01 10:09:23 AM,209.85,0,0.0,48955822.56
2025-08-01 10:09:26 AM,209.85,1,209.85,48956032.410000004
2025-08-01 10:09:27 AM,209.86,0,0.0,48956032.410000004
2025-08-01 10:09:27 AM,209.86,26,5456.360000000001,48961488.77
2025-08-01 10:09:45 AM,209.86,10,2098.6000000000004,48963587.370000005
2025-08-01 10:09:56 AM,209.86,100,20986.0,48984573.370000005
2025-08-01 10:10:07 AM,209.86,50,10493.0,48995066.370000005
2025-08-01 10:10:14 AM,209.65,993,208182.45,49203248.82000001
2025-08-01 10:10:17 AM,209.68,1234,258745.12,49461993.940000005
2025-08-01 10:10:18 AM,209.62,0,0.0,49461993.940000005
2025-08-01 10:10:19 AM,209.64,102,21383.28,49483377.220000006
2025-08-01 10:10:49 AM,209.81,10,2098.1,49485475.32000001
2025-08-01 10:11:02 AM,209.68,0,0.0,49485475.32000001
2025-08-01 10:11:05 AM,209.68,80,16774.4,49502249.720000006
2025-08-01 10:11:06 AM,209.81,16,3356.96,49505606.68000001
2025-08-01 10:11:13 AM,209.81,614,128823.34,49634430.02000001
2025-08-01 10:11:18 AM,209.92,1000,209920.0,49844350.02000001
2025-08-01 10:11:41 AM,209.98,0,0.0,49844350.02000001
2025-08-01 10:11:41 AM,209.98,10,2099.7999999999997,49846449.82000001
2025-08-01 10:11:47 AM,209.94,22,4618.68,49851068.50000001
2025-08-01 10:12:02 AM,209.99,0,0.0,49851068.50000001
2025-08-01 10:12:03 AM,209.99,2,419.98,49851488.480000004
2025-08-01 10:12:09 AM,209.99,10,2099.9,49853588.38
2025-08-01 10:12:14 AM,210.07,0,0.0,49853588.38
2025-08-01 10:12:15 AM,210.07,333,69953.31,49923541.690000005
2025-08-01 10:12:20 AM,209.99,0,0.0,49923541.690000005
2025-08-01 10:12:21 AM,209.99,30,6299.700000000001,49929841.39000001
2025-08-01 10:12:26 AM,210.1,0,0.0,49929841.39000001
2025-08-01 10:12:27 AM,210.1,348,73114.8,50002956.190000005
2025-08-01 10:12:41 AM,209.99,0,0.0,50002956.190000005
2025-08-01 10:12:44 AM,209.99,69,14489.310000000001,50017445.50000001
2025-08-01 10:12:47 AM,210.09,0,0.0,50017445.50000001
2025-08-01 10:12:50 AM,210.1,0,0.0,50017445.50000001
2025-08-01 10:12:50 AM,210.1,1289,270818.89999999997,50288264.400000006
2025-08-01 10:12:53 AM,210.02,0,0.0,50288264.400000006
2025-08-01 10:12:56 AM,210.02,1027,215690.54,50503954.940000005
2025-08-01 10:13:07 AM,209.9,83,17421.7,50521376.64000001
2025-08-01 10:13:19 AM,209.9,2,419.8,50521796.440000005
2025-08-01 10:13:25 AM,209.91,2959,621123.69,51142920.13
2025-08-01 10:13:26 AM,210.14,0,0.0,51142920.13
2025-08-01 10:13:26 AM,210.14,100,21014.0,51163934.13
2025-08-01 10:13:35 AM,209.83,0,0.0,51163934.13
2025-08-01 10:13:37 AM,209.83,1151,241514.33000000002,51405448.46
2025-08-01 10:13:49 AM,210.0,1,210.0,51405658.46
2025-08-01 10:13:56 AM,209.99,105,22048.95,51427707.410000004
2025-08-01 10:14:01 AM,209.9,100,20990.0,51448697.410000004
2025-08-01 10:14:23 AM,209.99,0,0.0,51448697.410000004
2025-08-01 10:14:24 AM,209.99,15,3149.8500000000004,51451847.260000005
2025-08-01 10:14:35 AM,209.99,4,839.96,51452687.220000006
2025-08-01 10:14:41 AM,209.99,60,12599.400000000001,51465286.620000005
2025-08-01 10:14:49 AM,210.0,0,0.0,51465286.620000005
2025-08-01 10:14:52 AM,210.0,500,105000.0,51570286.620000005
2025-08-01 10:14:58 AM,210.0,10,2100.0,51572386.620000005
2025-08-01 10:15:04 AM,210.0,712,149520.0,51721906.620000005
2025-08-01 10:15:07 AM,210.06,0,0.0,51721906.620000005
2025-08-01 10:15:10 AM,210.06,5,1050.3,51722956.92
2025-08-01 10:15:16 AM,210.06,10,2100.6,51725057.52
2025-08-01 10:15:40 AM,210.1,0,0.0,51725057.52
2025-08-01 10:15:40 AM,210.1,10,2101.0,51727158.52
2025-08-01 10:15:58 AM,210.1,20,4202.0,51731360.52
2025-08-01 10:16:09 AM,210.1,100,21010.0,51752370.52
2025-08-01 10:16:15 AM,210.05,40,8402.0,51760772.52
2025-08-01 10:16:17 AM,210.09,0,0.0,51760772.52
2025-08-01 10:16:19 AM,210.08,0,0.0,51760772.52
2025-08-01 10:16:21 AM,210.08,43,9033.44,51769805.96
2025-08-01 10:16:26 AM,210.05,0,0.0,51769805.96
2025-08-01 10:16:27 AM,210.05,461,96833.05,51866639.01
2025-08-01 10:16:33 AM,210.0,200,42000.0,51908639.01
2025-08-01 10:16:58 AM,210.05,0,0.0,51908639.01
2025-08-01 10:17:01 AM,210.05,6,1260.3000000000002,51909899.309999995
2025-08-01 10:17:05 AM,210.07,0,0.0,51909899.309999995
2025-08-01 10:17:06 AM,210.07,150,31510.5,51941409.809999995
2025-08-01 10:17:14 AM,210.0,0,0.0,51941409.809999995
2025-08-01 10:17:16 AM,210.1,0,0.0,51941409.809999995
2025-08-01 10:17:17 AM,210.34,0,0.0,51941409.809999995
2025-08-01 10:17:18 AM,210.34,11994,2522817.96,54464227.769999996
2025-08-01 10:17:23 AM,210.17,0,0.0,54464227.769999996
2025-08-01 10:17:24 AM,210.17,2205,463424.85,54927652.62
2025-08-01 10:17:28 AM,210.2,0,0.0,54927652.62
2025-08-01 10:17:30 AM,210.2,500,105100.0,55032752.62
2025-08-01 10:18:07 AM,210.33,0,0.0,55032752.62
2025-08-01 10:18:10 AM,210.33,1,210.33,55032962.949999996
2025-08-01 10:18:16 AM,210.35,0,0.0,55032962.949999996
2025-08-01 10:18:16 AM,210.35,200,42070.0,55075032.949999996
2025-08-01 10:18:32 AM,210.11,0,0.0,55075032.949999996
2025-08-01 10:18:33 AM,210.09,505,106095.45,55181128.4
2025-08-01 10:18:37 AM,210.24,0,0.0,55181128.4
2025-08-01 10:18:38 AM,210.25,0,0.0,55181128.4
2025-08-01 10:18:39 AM,210.25,51,10722.75,55191851.15
2025-08-01 10:18:48 AM,210.11,0,0.0,55191851.15
2025-08-01 10:18:51 AM,210.11,6,1260.66,55193111.809999995
2025-08-01 10:19:02 AM,210.11,350,73538.5,55266650.309999995
2025-08-01 10:19:19 AM,210.25,5,1051.25,55267701.559999995
2025-08-01 10:19:36 AM,210.23,0,0.0,55267701.559999995
2025-08-01 10:19:36 AM,210.23,11,2312.5299999999997,55270014.089999996
2025-08-01 10:19:57 AM,210.2,0,0.0,55270014.089999996
2025-08-01 10:19:59 AM,210.2,16,3363.2,55273377.29
2025-08-01 10:20:30 AM,210.32,0,0.0,55273377.29
2025-08-01 10:20:33 AM,210.32,20,4206.4,55277583.69
2025-08-01 10:20:46 AM,210.32,1,210.32,55277794.01
2025-08-01 10:21:25 AM,210.32,25,5258.0,55283052.01
2025-08-01 10:21:27 AM,210.2,0,0.0,55283052.01
2025-08-01 10:21:27 AM,210.2,30,6306.0,55289358.01
2025-08-01 10:21:29 AM,210.35,0,0.0,55289358.01
2025-08-01 10:21:30 AM,210.32,510,107263.2,55396621.21
2025-08-01 10:21:47 AM,210.32,66,13881.119999999999,55410502.33
2025-08-01 10:21:49 AM,210.22,1,210.22,55410712.55
2025-08-01 10:22:02 AM,210.32,0,0.0,55410712.55
2025-08-01 10:22:04 AM,210.32,184,38698.88,55449411.43
2025-08-01 10:22:26 AM,210.35,0,0.0,55449411.43
2025-08-01 10:22:28 AM,210.35,142,29869.7,55479281.13
2025-08-01 10:22:44 AM,210.35,20,4207.0,55483488.13
2025-08-01 10:22:46 AM,210.35,5,1051.75,55484539.88
2025-08-01 10:22:55 AM,210.3,8,1682.4,55486222.28
2025-08-01 10:23:03 AM,210.3,6,1261.8000000000002,55487484.08
2025-08-01 10:23:06 AM,210.3,292,61407.600000000006,55548891.68
2025-08-01 10:23:12 AM,210.3,4,841.2,55549732.88
2025-08-01 10:23:18 AM,210.3,65,13669.5,55563402.38
2025-08-01 10:23:19 AM,210.26,0,0.0,55563402.38
2025-08-01 10:23:21 AM,210.26,5,1051.3,55564453.68
2025-08-01 10:23:23 AM,210.28,23,4836.44,55569290.12
2025-08-01 10:23:38 AM,210.28,22,4626.16,55573916.279999994
2025-08-01 10:23:40 AM,210.28,4,841.12,55574757.39999999
2025-08-01 10:23:43 AM,210.22,50,10511.0,55585268.39999999
2025-08-01 10:23:46 AM,210.2,38,7987.599999999999,55593255.99999999
2025-08-01 10:23:49 AM,210.21,0,0.0,55593255.99999999
2025-08-01 10:23:49 AM,210.21,2,420.42,55593676.419999994
2025-08-01 10:23:55 AM,210.21,4,840.84,55594517.26
2025-08-01 10:24:05 AM,210.1,0,0.0,55594517.26
2025-08-01 10:24:06 AM,210.1,9,1890.8999999999999,55596408.16
2025-08-01 10:24:17 AM,210.1,12,2521.2,55598929.36
2025-08-01 10:24:22 AM,210.17,0,0.0,55598929.36
2025-08-01 10:24:22 AM,210.17,4,840.68,55599770.04
2025-08-01 10:24:28 AM,210.1,5,1050.5,55600820.54
2025-08-01 10:24:30 AM,210.17,4,840.68,55601661.22
2025-08-01 10:24:49 AM,210.17,1,210.17,55601871.39
2025-08-01 10:24:55 AM,210.17,135,28372.949999999997,55630244.34
2025-08-01 10:25:06 AM,210.1,0,0.0,55630244.34
2025-08-01 10:25:06 AM,210.1,11,2311.1,55632555.440000005
2025-08-01 10:25:35 AM,210.1,13,2731.2999999999997,55635286.74
2025-08-01 10:25:41 AM,210.1,100,21010.0,55656296.74
2025-08-01 10:25:46 AM,210.1,12,2521.2,55658817.940000005
2025-08-01 10:26:09 AM,210.25,0,0.0,55658817.940000005
2025-08-01 10:26:10 AM,210.25,2404,505441.0,56164258.940000005
2025-08-01 10:26:19 AM,210.42,500,105210.0,56269468.940000005
2025-08-01 10:26:39 AM,210.41,0,0.0,56269468.940000005
2025-08-01 10:26:39 AM,210.41,15,3156.15,56272625.09
2025-08-01 10:26:54 AM,210.41,2046,430498.86,56703123.95
2025-08-01 10:27:00 AM,210.38,1,210.38,56703334.330000006
2025-08-01 10:27:08 AM,210.24,50,10512.0,56713846.330000006
2025-08-01 10:27:14 AM,210.4,0,0.0,56713846.330000006
2025-08-01 10:27:14 AM,210.4,200,42080.0,56755926.330000006
2025-08-01 10:27:22 AM,210.4,20,4208.0,56760134.330000006
2025-08-01 10:27:38 AM,210.4,3,631.2,56760765.53000001
2025-08-01 10:27:44 AM,210.4,50,10520.0,56771285.53000001
2025-08-01 10:27:58 AM,210.4,20,4208.0,56775493.53000001
2025-08-01 10:28:00 AM,210.44,0,0.0,56775493.53000001
2025-08-01 10:28:00 AM,210.44,550,115742.0,56891235.53000001
2025-08-01 10:28:22 AM,210.41,5,1052.05,56892287.580000006
2025-08-01 10:28:27 AM,210.53,0,0.0,56892287.580000006
2025-08-01 10:28:27 AM,210.53,2000,421060.0,57313347.580000006
2025-08-01 10:29:03 AM,210.54,15,3158.1,57316505.68000001
2025-08-01 10:29:18 AM,210.5,0,0.0,57316505.68000001
2025-08-01 10:29:18 AM,210.5,1000,210500.0,57527005.68000001
2025-08-01 10:29:23 AM,210.44,1,210.44,57527216.120000005
2025-08-01 10:29:34 AM,210.49,0,0.0,57527216.120000005
2025-08-01 10:29:34 AM,210.49,120,25258.800000000003,57552474.92
2025-08-01 10:29:36 AM,210.5,0,0.0,57552474.92
2025-08-01 10:29:37 AM,210.5,10,2105.0,57554579.92
2025-08-01 10:29:53 AM,210.49,5,1052.45,57555632.370000005
2025-08-01 10:30:05 AM,210.48,8,1683.84,57557316.21000001
2025-08-01 10:30:08 AM,210.48,1,210.48,57557526.690000005
2025-08-01 10:30:44 AM,210.49,0,0.0,57557526.690000005
2025-08-01 10:30:45 AM,210.49,5,1052.45,57558579.14000001
2025-08-01 10:30:49 AM,210.5,0,0.0,57558579.14000001
2025-08-01 10:30:51 AM,210.5,15,3157.5,57561736.64000001
2025-08-01 10:30:53 AM,210.5,50,10525.0,57572261.64000001
2025-08-01 10:31:02 AM,210.51,0,0.0,57572261.64000001
2025-08-01 10:31:02 AM,210.51,10,2105.1,57574366.74000001
2025-08-01 10:31:17 AM,210.55,0,0.0,57574366.74000001
2025-08-01 10:31:19 AM,210.51,0,0.0,57574366.74000001
2025-08-01 10:31:20 AM,210.51,11,2315.6099999999997,57576682.35000001
2025-08-01 10:31:21 AM,210.55,0,0.0,57576682.35000001
2025-08-01 10:31:22 AM,210.56,124,26109.44,57602791.79000001
2025-08-01 10:31:28 AM,210.56,300,63168.0,57665959.79000001
2025-08-01 10:31:50 AM,210.43,155,32616.65,57698576.440000005
2025-08-01 10:32:00 AM,210.56,0,0.0,57698576.440000005
2025-08-01 10:32:03 AM,210.56,111,23372.16,57721948.6
2025-08-01 10:32:10 AM,210.56,16,3368.96,57725317.56
2025-08-01 10:32:23 AM,210.67,0,0.0,57725317.56
2025-08-01 10:32:23 AM,210.67,4701,990359.6699999999,58715677.230000004
2025-08-01 10:32:29 AM,210.75,50,10537.5,58726214.730000004
2025-08-01 10:32:41 AM,210.66,0,0.0,58726214.730000004
2025-08-01 10:32:42 AM,210.69,11,2317.59,58728532.32000001
2025-08-01 10:32:50 AM,210.69,10,2106.9,58730639.220000006
2025-08-01 10:33:07 AM,210.74,40,8429.6,58739068.82000001
2025-08-01 10:33:16 AM,210.75,10,2107.5,58741176.32000001
2025-08-01 10:33:21 AM,210.75,10,2107.5,58743283.82000001
2025-08-01 10:34:06 AM,210.75,55,11591.25,58754875.07000001
2025-08-01 10:34:18 AM,210.99,0,0.0,58754875.07000001
2025-08-01 10:34:18 AM,210.99,1000,210990.0,58965865.07000001
2025-08-01 10:34:24 AM,210.97,0,0.0,58965865.07000001
2025-08-01 10:34:25 AM,210.97,50,10548.5,58976413.57000001
2025-08-01 10:34:39 AM,210.98,0,0.0,58976413.57000001
2025-08-01 10:34:40 AM,210.98,50,10549.0,58986962.57000001
2025-08-01 10:34:45 AM,210.99,0,0.0,58986962.57000001
2025-08-01 10:34:46 AM,210.99,30,6329.700000000001,58993292.27000001
2025-08-01 10:34:48 AM,210.97,0,0.0,58993292.27000001
2025-08-01 10:34:51 AM,210.97,10,2109.7,58995401.97000001
2025-08-01 10:34:56 AM,210.74,0,0.0,58995401.97000001
2025-08-01 10:34:57 AM,210.85,0,0.0,58995401.97000001
2025-08-01 10:34:57 AM,210.85,503,106057.55,59101459.52000001
2025-08-01 10:35:00 AM,210.85,1,210.85,59101670.37000001
2025-08-01 10:35:17 AM,210.99,500,105495.0,59207165.37000001
2025-08-01 10:35:44 AM,210.94,0,0.0,59207165.37000001
2025-08-01 10:35:45 AM,210.99,0,0.0,59207165.37000001
2025-08-01 10:35:45 AM,210.99,510,107604.90000000001,59314770.27000001
2025-08-01 10:36:07 AM,210.82,0,0.0,59314770.27000001
2025-08-01 10:36:07 AM,210.82,135,28460.7,59343230.97000001
2025-08-01 10:36:25 AM,210.93,0,0.0,59343230.97000001
2025-08-01 10:36:27 AM,210.93,190,40076.700000000004,59383307.67000002
2025-08-01 10:36:33 AM,210.94,225,47461.5,59430769.17000002
2025-08-01 10:36:35 AM,210.9,0,0.0,59430769.17000002
2025-08-01 10:36:35 AM,210.9,2,421.8,59431190.97000001
2025-08-01 10:36:52 AM,210.94,0,0.0,59431190.97000001
2025-08-01 10:36:55 AM,210.94,100,21094.0,59452284.97000001
2025-08-01 10:37:03 AM,210.9,0,0.0,59452284.97000001
2025-08-01 10:37:05 AM,210.9,2,421.8,59452706.77000001
2025-08-01 10:37:41 AM,210.9,10,2109.0,59454815.77000001
2025-08-01 10:38:10 AM,210.72,0,0.0,59454815.77000001
2025-08-01 10:38:10 AM,210.72,200,42144.0,59496959.77000001
2025-08-01 10:38:16 AM,210.89,0,0.0,59496959.77000001
2025-08-01 10:38:16 AM,210.89,125,26361.25,59523321.02000001
2025-08-01 10:38:32 AM,210.89,200,42178.0,59565499.02000001
2025-08-01 10:38:56 AM,210.88,0,0.0,59565499.02000001
2025-08-01 10:38:57 AM,210.88,300,63264.0,59628763.02000001
2025-08-01 10:38:59 AM,210.89,0,0.0,59628763.02000001
2025-08-01 10:39:00 AM,210.89,13,2741.5699999999997,59631504.59000001
2025-08-01 10:39:02 AM,210.75,0,0.0,59631504.59000001
2025-08-01 10:39:03 AM,210.75,1,210.75,59631715.34000001
2025-08-01 10:39:32 AM,210.87,0,0.0,59631715.34000001
2025-08-01 10:39:34 AM,210.87,25,5271.75,59636987.09000001
2025-08-01 10:39:47 AM,210.87,64,13495.68,59650482.77000001
2025-08-01 10:39:56 AM,210.87,150,31630.5,59682113.27000001
2025-08-01 10:40:03 AM,210.89,0,0.0,59682113.27000001
2025-08-01 10:40:04 AM,210.89,11,2319.79,59684433.06000001
2025-08-01 10:40:21 AM,210.9,0,0.0,59684433.06000001
2025-08-01 10:40:21 AM,210.9,72,15184.800000000001,59699617.86000001
2025-08-01 10:40:29 AM,210.9,5,1054.5,59700672.36000001
2025-08-01 10:40:43 AM,210.9,20,4218.0,59704890.36000001
2025-08-01 10:40:55 AM,210.89,0,0.0,59704890.36000001
2025-08-01 10:40:57 AM,210.89,7,1476.23,59706366.59
2025-08-01 10:41:19 AM,210.89,69,14551.41,59720918.0
2025-08-01 10:41:27 AM,210.89,1,210.89,59721128.89
2025-08-01 10:41:38 AM,210.85,0,0.0,59721128.89
2025-08-01 10:41:38 AM,210.85,1,210.85,59721339.74
2025-08-01 10:41:46 AM,210.71,0,0.0,59721339.74
2025-08-01 10:41:48 AM,210.71,61,12853.310000000001,59734193.050000004
2025-08-01 10:41:53 AM,210.69,3,632.0699999999999,59734825.120000005
2025-08-01 10:42:09 AM,210.5,0,0.0,59734825.120000005
2025-08-01 10:42:09 AM,210.5,97,20418.5,59755243.620000005
2025-08-01 10:42:15 AM,210.5,39,8209.5,59763453.120000005
2025-08-01 10:42:21 AM,210.45,0,0.0,59763453.120000005
2025-08-01 10:42:22 AM,210.45,387,81444.15,59844897.27
2025-08-01 10:42:28 AM,210.59,1,210.59,59845107.86000001
2025-08-01 10:42:39 AM,210.59,20,4211.8,59849319.660000004
2025-08-01 10:43:05 AM,210.59,50,10529.5,59859849.160000004
2025-08-01 10:43:12 AM,210.6,0,0.0,59859849.160000004
2025-08-01 10:43:12 AM,210.6,237,49912.2,59909761.36000001
2025-08-01 10:43:24 AM,210.59,0,0.0,59909761.36000001
2025-08-01 10:43:26 AM,210.59,137,28850.83,59938612.190000005
2025-08-01 10:43:29 AM,210.59,4,842.36,59939454.550000004
2025-08-01 10:43:58 AM,210.6,0,0.0,59939454.550000004
2025-08-01 10:43:58 AM,210.6,19,4001.4,59943455.95
2025-08-01 10:43:58 AM,210.71,0,0.0,59943455.95
2025-08-01 10:44:00 AM,210.71,109,22967.39,59966423.34
2025-08-01 10:44:16 AM,210.72,1,210.72,59966634.06
2025-08-01 10:44:34 AM,210.59,0,0.0,59966634.06
2025-08-01 10:44:36 AM,210.59,1,210.59,59966844.650000006
2025-08-01 10:45:00 AM,210.59,1,210.59,59967055.24000001
2025-08-01 10:45:00 AM,210.73,0,0.0,59967055.24000001
2025-08-01 10:45:02 AM,210.73,25,5268.25,59972323.49000001
2025-08-01 10:45:13 AM,210.6,0,0.0,59972323.49000001
2025-08-01 10:45:14 AM,210.6,45,9477.0,59981800.49000001
2025-08-01 10:45:31 AM,210.73,0,0.0,59981800.49000001
2025-08-01 10:45:33 AM,210.73,1,210.73,59982011.220000006
2025-08-01 10:45:41 AM,210.73,100,21073.0,60003084.220000006
2025-08-01 10:45:51 AM,210.73,9,1896.57,60004980.79000001
2025-08-01 10:45:53 AM,210.5,0,0.0,60004980.79000001
2025-08-01 10:45:54 AM,210.5,2115,445207.5,60450188.29000001
2025-08-01 10:46:02 AM,210.52,0,0.0,60450188.29000001
2025-08-01 10:46:02 AM,210.52,30,6315.6,60456503.89000001
2025-08-01 10:46:06 AM,210.51,0,0.0,60456503.89000001
2025-08-01 10:46:08 AM,210.51,25,5262.75,60461766.64000001
2025-08-01 10:46:10 AM,210.35,0,0.0,60461766.64000001
2025-08-01 10:46:10 AM,210.35,89,18721.149999999998,60480487.79000001
2025-08-01 10:46:13 AM,210.3,0,0.0,60480487.79000001
2025-08-01 10:46:14 AM,210.3,1,210.3,60480698.09
2025-08-01 10:46:31 AM,210.11,0,0.0,60480698.09
2025-08-01 10:46:31 AM,210.11,389,81732.79000000001,60562430.88
2025-08-01 10:46:51 AM,210.2,0,0.0,60562430.88
2025-08-01 10:46:53 AM,210.2,15,3153.0,60565583.88
2025-08-01 10:47:00 AM,210.2,9,1891.8,60567475.68
2025-08-01 10:47:01 AM,210.11,0,0.0,60567475.68
2025-08-01 10:47:04 AM,210.11,83,17439.13,60584914.81
2025-08-01 10:47:09 AM,210.04,0,0.0,60584914.81
2025-08-01 10:47:10 AM,210.04,400,84016.0,60668930.81
2025-08-01 10:47:18 AM,210.17,0,0.0,60668930.81
2025-08-01 10:47:20 AM,210.17,10,2101.7,60671032.510000005
2025-08-01 10:47:27 AM,210.18,1,210.18,60671242.690000005
2025-08-01 10:47:55 AM,210.23,1312,275821.76,60947064.45
2025-08-01 10:47:57 AM,210.22,0,0.0,60947064.45
2025-08-01 10:47:58 AM,210.22,896,188357.12,61135421.57
2025-08-01 10:48:02 AM,210.29,0,0.0,61135421.57
2025-08-01 10:48:03 AM,210.29,20,4205.8,61139627.37
2025-08-01 10:48:27 AM,210.11,0,0.0,61139627.37
2025-08-01 10:48:27 AM,210.11,2766,581164.26,61720791.629999995
2025-08-01 10:49:17 AM,210.04,0,0.0,61720791.629999995
2025-08-01 10:49:20 AM,210.04,150,31506.0,61752297.629999995
2025-08-01 10:49:21 AM,210.18,1,210.18,61752507.809999995
2025-08-01 10:49:49 AM,210.17,0,0.0,61752507.809999995
2025-08-01 10:49:52 AM,210.17,5,1050.85,61753558.66
2025-08-01 10:49:57 AM,210.17,50,10508.5,61764067.16
2025-08-01 10:50:08 AM,210.18,0,0.0,61764067.16
2025-08-01 10:50:08 AM,210.18,50,10509.0,61774576.16
2025-08-01 10:50:21 AM,210.18,1,210.18,61774786.339999996
2025-08-01 10:50:30 AM,210.18,4,840.72,61775627.059999995
2025-08-01 10:50:51 AM,210.19,0,0.0,61775627.059999995
2025-08-01 10:50:53 AM,210.19,100,21019.0,61796646.059999995
2025-08-01 10:51:20 AM,210.18,0,0.0,61796646.059999995
2025-08-01 10:51:21 AM,210.18,1,210.18,61796856.239999995
2025-08-01 10:51:42 AM,210.1,0,0.0,61796856.239999995
2025-08-01 10:51:43 AM,210.1,16,3361.6,61800217.839999996
2025-08-01 10:51:46 AM,210.19,0,0.0,61800217.839999996
2025-08-01 10:51:49 AM,210.19,3,630.5699999999999,61800848.41
2025-08-01 10:52:09 AM,210.25,0,0.0,61800848.41
2025-08-01 10:52:10 AM,210.25,100,21025.0,61821873.41
2025-08-01 10:52:32 AM,210.25,10,2102.5,61823975.91
2025-08-01 10:52:42 AM,210.25,9,1892.25,61825868.16
2025-08-01 10:53:06 AM,210.26,0,0.0,61825868.16
2025-08-01 10:53:09 AM,210.26,100,21026.0,61846894.16
2025-08-01 10:53:12 AM,210.33,0,0.0,61846894.16
2025-08-01 10:53:14 AM,210.33,50,10516.5,61857410.66
2025-08-01 10:53:47 AM,210.33,150,31549.500000000004,61888960.16
2025-08-01 10:54:10 AM,210.32,0,0.0,61888960.16
2025-08-01 10:54:13 AM,210.32,15,3154.7999999999997,61892114.95999999
2025-08-01 10:54:26 AM,210.16,0,0.0,61892114.95999999
2025-08-01 10:54:29 AM,210.16,20,4203.2,61896318.16
2025-08-01 10:54:39 AM,210.11,618,129847.98000000001,62026166.13999999
2025-08-01 10:54:58 AM,210.27,0,0.0,62026166.13999999
2025-08-01 10:55:01 AM,210.27,33,6938.910000000001,62033105.04999999
2025-08-01 10:55:12 AM,210.25,0,0.0,62033105.04999999
2025-08-01 10:55:14 AM,210.27,0,0.0,62033105.04999999
2025-08-01 10:55:16 AM,210.27,3,630.8100000000001,62033735.85999999
2025-08-01 10:55:32 AM,210.28,0,0.0,62033735.85999999
2025-08-01 10:55:33 AM,210.28,231,48574.68,62082310.53999999
2025-08-01 10:55:36 AM,209.6,0,0.0,62082310.53999999
2025-08-01 10:55:39 AM,209.6,17695,3708872.0,65791182.53999999
2025-08-01 10:55:45 AM,209.58,50,10479.0,65801661.53999999
2025-08-01 10:56:00 AM,209.58,145,30389.100000000002,65832050.63999999
2025-08-01 10:56:04 AM,209.61,0,0.0,65832050.63999999
2025-08-01 10:56:05 AM,209.61,50,10480.5,65842531.13999999
2025-08-01 10:56:06 AM,209.55,10,2095.5,65844626.63999999
2025-08-01 10:56:16 AM,209.6,0,0.0,65844626.63999999
2025-08-01 10:56:16 AM,209.6,1,209.6,65844836.239999995
2025-08-01 10:56:34 AM,209.63,0,0.0,65844836.239999995
2025-08-01 10:56:36 AM,209.63,10,2096.3,65846932.53999999
2025-08-01 10:56:40 AM,209.72,0,0.0,65846932.53999999
2025-08-01 10:56:42 AM,209.72,160,33555.2,65880487.739999995
2025-08-01 10:56:43 AM,209.63,2,419.26,65880906.99999999
2025-08-01 10:57:02 AM,209.72,0,0.0,65880906.99999999
2025-08-01 10:57:03 AM,209.72,1,209.72,65881116.71999999
2025-08-01 10:57:18 AM,209.72,50,10486.0,65891602.71999999
2025-08-01 10:57:19 AM,209.55,900,188595.0,66080197.71999999
2025-08-01 10:57:22 AM,209.71,0,0.0,66080197.71999999
2025-08-01 10:57:24 AM,209.71,50,10485.5,66090683.21999999
2025-08-01 10:57:24 AM,209.72,0,0.0,66090683.21999999
2025-08-01 10:57:25 AM,209.72,2,419.44,66091102.65999999
2025-08-01 10:57:40 AM,209.59,100,20959.0,66112061.65999999
2025-08-01 10:57:44 AM,209.72,0,0.0,66112061.65999999
2025-08-01 10:57:45 AM,209.72,1,209.72,66112271.37999999
2025-08-01 10:57:50 AM,209.7,0,0.0,66112271.37999999
2025-08-01 10:57:50 AM,209.7,201,42149.7,66154421.07999999
2025-08-01 10:57:55 AM,209.7,16,3355.2,66157776.279999994
2025-08-01 10:58:06 AM,209.76,415,87050.4,66244826.67999999
2025-08-01 10:58:24 AM,209.7,0,0.0,66244826.67999999
2025-08-01 10:58:28 AM,209.7,15,3145.5,66247972.17999999
2025-08-01 10:58:34 AM,209.75,90,18877.5,66266849.67999999
2025-08-01 10:59:06 AM,209.7,0,0.0,66266849.67999999
2025-08-01 10:59:06 AM,209.7,5,1048.5,66267898.17999999
2025-08-01 10:59:11 AM,209.7,16,3355.2,66271253.379999995
2025-08-01 10:59:18 AM,209.78,0,0.0,66271253.379999995
2025-08-01 10:59:21 AM,209.78,2,419.56,66271672.94
2025-08-01 10:59:36 AM,209.78,1,209.78,66271882.72
2025-08-01 10:59:47 AM,209.78,34,7132.52,66279015.24
2025-08-01 10:59:58 AM,209.78,30,6293.4,66285308.64
2025-08-01 11:00:15 AM,209.8,0,0.0,66285308.64
2025-08-01 11:00:16 AM,209.8,50,10490.0,66295798.64
2025-08-01 11:00:27 AM,209.8,1,209.8,66296008.44
2025-08-01 11:00:37 AM,209.8,2,419.6,66296428.04
2025-08-01 11:00:55 AM,209.7,0,0.0,66296428.04
2025-08-01 11:00:58 AM,209.7,250,52425.0,66348853.04
2025-08-01 11:01:01 AM,209.8,0,0.0,66348853.04
2025-08-01 11:01:03 AM,209.8,1,209.8,66349062.839999996
2025-08-01 11:01:09 AM,209.8,100,20980.0,66370042.839999996
2025-08-01 11:01:14 AM,209.8,40,8392.0,66378434.839999996
2025-08-01 11:01:25 AM,209.8,15,3147.0,66381581.839999996
2025-08-01 11:01:30 AM,209.81,5,1049.05,66382630.88999999
2025-08-01 11:01:56 AM,209.81,15,3147.15,66385778.03999999
2025-08-01 11:01:59 AM,208.53,0,0.0,66385778.03999999
2025-08-01 11:01:59 AM,208.45,0,0.0,66385778.03999999
2025-08-01 11:02:01 AM,208.44,47797,9962806.68,76348584.72
2025-08-01 11:02:01 AM,208.12,0,0.0,76348584.72
2025-08-01 11:02:01 AM,208.0,0,0.0,76348584.72
2025-08-01 11:02:02 AM,208.0,9022,1876576.0,78225160.72
2025-08-01 11:02:02 AM,208.0,1500,312000.0,78537160.72
2025-08-01 11:02:02 AM,207.89,4977,1034668.5299999999,79571829.25
2025-08-01 11:02:03 AM,207.99,184,38270.16,79610099.41
2025-08-01 11:02:04 AM,207.87,0,0.0,79610099.41
2025-08-01 11:02:04 AM,207.83,118,24523.940000000002,79634623.35
2025-08-01 11:02:05 AM,207.85,0,0.0,79634623.35
2025-08-01 11:02:05 AM,207.85,1,207.85,79634831.19999999
2025-08-01 11:02:06 AM,207.73,0,0.0,79634831.19999999
2025-08-01 11:02:06 AM,208.0,576,119808.0,79754639.19999999
2025-08-01 11:02:07 AM,208.0,12,2496.0,79757135.19999999
2025-08-01 11:02:07 AM,208.1,0,0.0,79757135.19999999
2025-08-01 11:02:07 AM,208.0,6030,1254240.0,81011375.19999999
2025-08-01 11:02:08 AM,207.86,0,0.0,81011375.19999999
2025-08-01 11:02:08 AM,207.86,1158,240701.88,81252077.07999998
2025-08-01 11:02:08 AM,207.86,1,207.86,81252284.93999998
2025-08-01 11:02:12 AM,208.0,0,0.0,81252284.93999998
2025-08-01 11:02:12 AM,208.0,3557,739856.0,81992140.93999998
2025-08-01 11:02:12 AM,208.0,1006,209248.0,82201388.93999998
2025-08-01 11:02:13 AM,208.0,10,2080.0,82203468.93999998
2025-08-01 11:02:14 AM,207.96,201,41799.96,82245268.89999998
2025-08-01 11:02:15 AM,207.81,0,0.0,82245268.89999998
2025-08-01 11:02:15 AM,207.81,98,20365.38,82265634.27999997
2025-08-01 11:02:16 AM,207.86,0,0.0,82265634.27999997
2025-08-01 11:02:16 AM,207.86,177,36791.22,82302425.49999997
2025-08-01 11:02:19 AM,207.89,0,0.0,82302425.49999997
2025-08-01 11:02:19 AM,207.89,50,10394.5,82312819.99999997
2025-08-01 11:02:20 AM,208.0,200,41600.0,82354419.99999997
2025-08-01 11:02:27 AM,207.89,200,41578.0,82395997.99999997
2025-08-01 11:02:30 AM,207.9,20,4158.0,82400155.99999997
2025-08-01 11:02:31 AM,207.95,400,83180.0,82483335.99999997
2025-08-01 11:02:31 AM,207.62,0,0.0,82483335.99999997
2025-08-01 11:02:32 AM,207.62,2092,434341.04000000004,82917677.03999998
2025-08-01 11:02:32 AM,207.59,0,0.0,82917677.03999998
2025-08-01 11:02:33 AM,207.56,139,28850.84,82946527.87999998
2025-08-01 11:02:33 AM,207.55,0,0.0,82946527.87999998
2025-08-01 11:02:34 AM,207.55,51,10585.050000000001,82957112.92999998
2025-08-01 11:02:35 AM,207.69,49,10176.81,82967289.73999998
2025-08-01 11:02:43 AM,207.84,0,0.0,82967289.73999998
2025-08-01 11:02:43 AM,207.84,3,623.52,82967913.25999998
2025-08-01 11:02:44 AM,207.85,0,0.0,82967913.25999998
2025-08-01 11:02:44 AM,207.85,17,3533.45,82971446.70999998
2025-08-01 11:02:46 AM,207.77,0,0.0,82971446.70999998
2025-08-01 11:02:46 AM,207.77,1,207.77,82971654.47999997
2025-08-01 11:02:48 AM,207.84,2,415.68,82972070.15999998
2025-08-01 11:02:55 AM,207.75,0,0.0,82972070.15999998
2025-08-01 11:02:55 AM,207.75,170,35317.5,83007387.65999998
2025-08-01 11:03:01 AM,208.0,0,0.0,83007387.65999998
2025-08-01 11:03:01 AM,208.0,2000,416000.0,83423387.65999998
2025-08-01 11:03:06 AM,207.99,0,0.0,83423387.65999998
2025-08-01 11:03:06 AM,207.99,1,207.99,83423595.64999998
2025-08-01 11:03:10 AM,208.0,0,0.0,83423595.64999998
2025-08-01 11:03:10 AM,208.0,500,104000.0,83527595.64999998
2025-08-01 11:03:11 AM,208.0,5,1040.0,83528635.64999998
2025-08-01 11:03:12 AM,208.0,250,52000.0,83580635.64999998
2025-08-01 11:03:15 AM,208.0,20,4160.0,83584795.64999998
2025-08-01 11:03:16 AM,207.9,0,0.0,83584795.64999998
2025-08-01 11:03:16 AM,207.9,13,2702.7000000000003,83587498.34999998
2025-08-01 11:03:22 AM,208.0,0,0.0,83587498.34999998
2025-08-01 11:03:22 AM,208.0,200,41600.0,83629098.34999998
2025-08-01 11:03:28 AM,208.0,100,20800.0,83649898.34999998
2025-08-01 11:03:38 AM,208.0,506,105248.0,83755146.34999998
2025-08-01 11:03:39 AM,208.0,2,416.0,83755562.34999998
2025-08-01 11:03:40 AM,207.8,0,0.0,83755562.34999998
2025-08-01 11:03:40 AM,207.78,2763,574096.14,84329658.48999998
2025-08-01 11:03:41 AM,207.72,0,0.0,84329658.48999998
2025-08-01 11:03:41 AM,207.72,1487,308879.64,84638538.12999998
2025-08-01 11:03:48 AM,207.89,40,8315.599999999999,84646853.72999997
2025-08-01 11:03:51 AM,207.92,250,51980.0,84698833.72999997
2025-08-01 11:03:54 AM,207.92,31,6445.5199999999995,84705279.24999997
2025-08-01 11:03:54 AM,207.92,226,46989.92,84752269.16999997
2025-08-01 11:03:56 AM,207.92,5,1039.6,84753308.76999997
2025-08-01 11:04:01 AM,207.94,0,0.0,84753308.76999997
2025-08-01 11:04:03 AM,207.9,0,0.0,84753308.76999997
2025-08-01 11:04:03 AM,207.9,201,41787.9,84795096.66999997
2025-08-01 11:04:05 AM,207.91,0,0.0,84795096.66999997
2025-08-01 11:04:06 AM,207.91,200,41582.0,84836678.66999997
2025-08-01 11:04:07 AM,207.9,0,0.0,84836678.66999997
2025-08-01 11:04:08 AM,207.9,1,207.9,84836886.56999998
2025-08-01 11:04:15 AM,208.0,0,0.0,84836886.56999998
2025-08-01 11:04:16 AM,208.0,10812,2248896.0,87085782.56999998
2025-08-01 11:04:24 AM,208.0,50,10400.0,87096182.56999998
2025-08-01 11:04:26 AM,208.0,1,208.0,87096390.56999998
2025-08-01 11:04:29 AM,208.0,1174,244192.0,87340582.56999998
2025-08-01 11:04:39 AM,208.0,1000,208000.0,87548582.56999998
2025-08-01 11:04:44 AM,208.0,15851,3297008.0,90845590.56999998
2025-08-01 11:04:48 AM,208.4,0,0.0,90845590.56999998
2025-08-01 11:04:50 AM,208.45,115,23971.75,90869562.31999998
2025-08-01 11:04:54 AM,208.51,0,0.0,90869562.31999998
2025-08-01 11:04:55 AM,208.51,2,417.02,90869979.33999997
2025-08-01 11:05:00 AM,208.55,0,0.0,90869979.33999997
2025-08-01 11:05:00 AM,208.55,1,208.55,90870187.88999997
2025-08-01 11:05:06 AM,208.62,499,104101.38,90974289.26999997
2025-08-01 11:05:11 AM,207.99,0,0.0,90974289.26999997
2025-08-01 11:05:11 AM,207.99,11712,2435978.88,93410268.14999996
2025-08-01 11:05:18 AM,207.92,0,0.0,93410268.14999996
2025-08-01 11:05:18 AM,207.91,501,104162.91,93514431.05999996
2025-08-01 11:05:22 AM,207.91,5,1039.55,93515470.60999995
2025-08-01 11:05:23 AM,207.92,200,41584.0,93557054.60999995
2025-08-01 11:05:32 AM,207.92,140,29108.8,93586163.40999995
2025-08-01 11:05:34 AM,207.92,100,20792.0,93606955.40999995
2025-08-01 11:05:39 AM,207.91,0,0.0,93606955.40999995
2025-08-01 11:05:40 AM,207.93,1005,208969.65,93815925.05999996
2025-08-01 11:05:40 AM,207.92,0,0.0,93815925.05999996
2025-08-01 11:05:43 AM,207.92,250,51980.0,93867905.05999996
2025-08-01 11:05:51 AM,207.9,0,0.0,93867905.05999996
2025-08-01 11:05:53 AM,207.92,0,0.0,93867905.05999996
2025-08-01 11:05:54 AM,207.92,11,2287.12,93870192.17999996
2025-08-01 11:05:55 AM,207.91,0,0.0,93870192.17999996
2025-08-01 11:05:56 AM,207.91,30,6237.3,93876429.47999996
2025-08-01 11:05:57 AM,207.92,0,0.0,93876429.47999996
2025-08-01 11:05:59 AM,207.92,1013,210622.96,94087052.43999995
2025-08-01 11:06:01 AM,207.92,500,103960.0,94191012.43999995
2025-08-01 11:06:05 AM,207.92,254,52811.68,94243824.11999996
2025-08-01 11:06:17 AM,208.0,200,41600.0,94285424.11999996
2025-08-01 11:06:22 AM,208.0,2065,429520.0,94714944.11999996
2025-08-01 11:06:25 AM,208.03,0,0.0,94714944.11999996
2025-08-01 11:06:26 AM,208.06,0,0.0,94714944.11999996
2025-08-01 11:06:27 AM,208.06,18751,3901333.06,98616277.17999996
2025-08-01 11:06:29 AM,207.75,0,0.0,98616277.17999996
2025-08-01 11:06:29 AM,207.83,32359,6725170.970000001,105341448.14999996
2025-08-01 11:06:31 AM,207.86,0,0.0,105341448.14999996
2025-08-01 11:06:34 AM,207.86,202,41987.72,105383435.86999996
2025-08-01 11:06:37 AM,207.88,0,0.0,105383435.86999996
2025-08-01 11:06:40 AM,207.88,5,1039.4,105384475.26999997
2025-08-01 11:06:42 AM,207.72,241,50060.52,105434535.78999996
2025-08-01 11:06:44 AM,207.88,0,0.0,105434535.78999996
2025-08-01 11:06:47 AM,207.88,127,26400.76,105460936.54999997
2025-08-01 11:06:49 AM,207.89,0,0.0,105460936.54999997
2025-08-01 11:06:52 AM,207.89,50,10394.5,105471331.04999997
2025-08-01 11:06:58 AM,207.9,0,0.0,105471331.04999997
2025-08-01 11:06:59 AM,207.9,34,7068.6,105478399.64999996
2025-08-01 11:07:03 AM,207.8,0,0.0,105478399.64999996
2025-08-01 11:07:03 AM,207.8,530,110134.0,105588533.64999996
2025-08-01 11:07:11 AM,207.94,0,0.0,105588533.64999996
2025-08-01 11:07:13 AM,207.9,0,0.0,105588533.64999996
2025-08-01 11:07:14 AM,207.9,105,21829.5,105610363.14999996
2025-08-01 11:07:15 AM,207.9,75,15592.5,105625955.64999996
2025-08-01 11:07:17 AM,207.95,0,0.0,105625955.64999996
2025-08-01 11:07:19 AM,207.95,1000,207950.0,105833905.64999996
2025-08-01 11:07:23 AM,207.8,0,0.0,105833905.64999996
2025-08-01 11:07:24 AM,207.93,70,14555.1,105848460.74999996
2025-08-01 11:07:31 AM,207.93,100,20793.0,105869253.74999996
2025-08-01 11:07:35 AM,207.93,20,4158.6,105873412.34999995
2025-08-01 11:07:41 AM,207.93,422,87746.46,105961158.80999994
2025-08-01 11:07:46 AM,208.06,13134,2732660.04,108693818.84999995
2025-08-01 11:07:47 AM,208.25,0,0.0,108693818.84999995
2025-08-01 11:07:47 AM,208.25,25,5206.25,108699025.09999995
2025-08-01 11:07:55 AM,208.0,0,0.0,108699025.09999995
2025-08-01 11:07:57 AM,208.0,2069,430352.0,109129377.09999995
2025-08-01 11:08:04 AM,208.0,5,1040.0,109130417.09999995
2025-08-01 11:08:15 AM,208.0,50,10400.0,109140817.09999995
2025-08-01 11:08:18 AM,208.0,718,149344.0,109290161.09999995
2025-08-01 11:08:20 AM,208.0,1000,208000.0,109498161.09999995
2025-08-01 11:08:23 AM,208.0,1050,218400.0,109716561.09999995
2025-08-01 11:08:28 AM,208.0,2,416.0,109716977.09999995
2025-08-01 11:08:30 AM,208.0,179,37232.0,109754209.09999995
2025-08-01 11:08:36 AM,208.0,50,10400.0,109764609.09999995
2025-08-01 11:08:44 AM,208.0,5,1040.0,109765649.09999995
2025-08-01 11:08:47 AM,207.85,0,0.0,109765649.09999995
2025-08-01 11:08:49 AM,207.88,0,0.0,109765649.09999995
2025-08-01 11:08:49 AM,207.88,1516,315146.08,110080795.17999995
2025-08-01 11:08:53 AM,207.9,0,0.0,110080795.17999995
2025-08-01 11:08:54 AM,207.9,100,20790.0,110101585.17999995
2025-08-01 11:09:06 AM,207.88,21,4365.48,110105950.65999995
2025-08-01 11:09:09 AM,207.81,1298,269737.38,110375688.03999995
2025-08-01 11:09:12 AM,207.88,0,0.0,110375688.03999995
2025-08-01 11:09:15 AM,207.91,176,36592.159999999996,110412280.19999994
2025-08-01 11:09:16 AM,207.89,0,0.0,110412280.19999994
2025-08-01 11:09:18 AM,207.89,191,39706.99,110451987.18999994
2025-08-01 11:09:20 AM,208.0,2000,416000.0,110867987.18999994
2025-08-01 11:09:23 AM,208.0,3553,739024.0,111607011.18999994
2025-08-01 11:09:28 AM,207.98,0,0.0,111607011.18999994
2025-08-01 11:09:29 AM,207.98,781,162432.38,111769443.56999993
2025-08-01 11:09:30 AM,207.99,0,0.0,111769443.56999993
2025-08-01 11:09:31 AM,207.99,150,31198.5,111800642.06999993
2025-08-01 11:09:39 AM,208.0,5,1040.0,111801682.06999993
2025-08-01 11:09:42 AM,208.0,100,20800.0,111822482.06999993
2025-08-01 11:09:45 AM,208.0,608,126464.0,111948946.06999993
2025-08-01 11:09:47 AM,208.0,50,10400.0,111959346.06999993
2025-08-01 11:10:00 AM,207.99,0,0.0,111959346.06999993
2025-08-01 11:10:01 AM,207.9,813,169022.7,112128368.76999994
2025-08-01 11:10:12 AM,207.92,100,20792.0,112149160.76999994
2025-08-01 11:10:17 AM,207.9,1,207.9,112149368.66999994
2025-08-01 11:10:20 AM,207.81,0,0.0,112149368.66999994
2025-08-01 11:10:22 AM,207.81,582,120945.42,112270314.08999994
2025-08-01 11:10:23 AM,207.88,49,10186.119999999999,112280500.20999995
2025-08-01 11:10:26 AM,207.91,0,0.0,112280500.20999995
2025-08-01 11:10:27 AM,207.91,2,415.82,112280916.02999994
2025-08-01 11:10:33 AM,207.91,50,10395.5,112291311.52999994
2025-08-01 11:10:44 AM,207.9,0,0.0,112291311.52999994
2025-08-01 11:10:44 AM,207.9,10,2079.0,112293390.52999994
2025-08-01 11:10:45 AM,207.81,1104,229422.24,112522812.76999994
2025-08-01 11:10:46 AM,207.87,0,0.0,112522812.76999994
2025-08-01 11:10:48 AM,207.91,0,0.0,112522812.76999994
2025-08-01 11:10:50 AM,207.91,35,7276.849999999999,112530089.61999993
2025-08-01 11:10:54 AM,207.87,0,0.0,112530089.61999993
2025-08-01 11:10:55 AM,207.87,1,207.87,112530297.48999994
2025-08-01 11:10:56 AM,207.87,61,12680.07,112542977.55999993
2025-08-01 11:10:58 AM,207.91,0,0.0,112542977.55999993
2025-08-01 11:11:01 AM,207.91,100,20791.0,112563768.55999993
2025-08-01 11:11:17 AM,207.91,5,1039.55,112564808.10999992
2025-08-01 11:11:18 AM,207.91,25,5197.75,112570005.85999992
2025-08-01 11:11:23 AM,207.76,2552,530203.52,113100209.37999992
2025-08-01 11:11:28 AM,207.79,0,0.0,113100209.37999992
2025-08-01 11:11:28 AM,207.79,11,2285.69,113102495.06999992
2025-08-01 11:11:39 AM,207.76,10,2077.6,113104572.66999991
2025-08-01 11:11:42 AM,207.73,0,0.0,113104572.66999991
2025-08-01 11:11:44 AM,207.79,0,0.0,113104572.66999991
2025-08-01 11:11:44 AM,207.71,181,37595.51,113142168.17999992
2025-08-01 11:11:46 AM,207.79,0,0.0,113142168.17999992
2025-08-01 11:11:50 AM,207.79,10,2077.9,113144246.07999992
2025-08-01 11:11:55 AM,207.79,1,207.79,113144453.86999993
2025-08-01 11:11:58 AM,207.71,0,0.0,113144453.86999993
2025-08-01 11:12:00 AM,207.79,0,0.0,113144453.86999993
2025-08-01 11:12:00 AM,207.79,49,10181.71,113154635.57999992
2025-08-01 11:12:10 AM,207.79,10,2077.9,113156713.47999993
2025-08-01 11:12:16 AM,207.79,50,10389.5,113167102.97999993
2025-08-01 11:12:22 AM,207.8,0,0.0,113167102.97999993
2025-08-01 11:12:22 AM,207.8,50,10390.0,113177492.97999993
2025-08-01 11:12:27 AM,207.8,16,3324.8,113180817.77999993
2025-08-01 11:12:32 AM,207.83,0,0.0,113180817.77999993
2025-08-01 11:12:32 AM,207.83,4,831.32,113181649.09999992
2025-08-01 11:12:34 AM,207.88,0,0.0,113181649.09999992
2025-08-01 11:12:38 AM,207.88,100,20788.0,113202437.09999992
2025-08-01 11:12:40 AM,207.8,0,0.0,113202437.09999992
2025-08-01 11:12:43 AM,207.8,1,207.8,113202644.89999992
2025-08-01 11:12:52 AM,207.9,0,0.0,113202644.89999992
2025-08-01 11:12:53 AM,207.9,1,207.9,113202852.79999992
2025-08-01 11:13:08 AM,207.85,0,0.0,113202852.79999992
2025-08-01 11:13:09 AM,207.85,45,9353.25,113212206.04999992
2025-08-01 11:13:10 AM,207.91,0,0.0,113212206.04999992
2025-08-01 11:13:10 AM,207.91,50,10395.5,113222601.54999992
2025-08-01 11:13:14 AM,207.88,0,0.0,113222601.54999992
2025-08-01 11:13:15 AM,207.88,1663,345704.44,113568305.98999992
2025-08-01 11:13:20 AM,207.82,0,0.0,113568305.98999992
2025-08-01 11:13:20 AM,207.82,1004,208651.28,113776957.26999992
2025-08-01 11:13:22 AM,207.91,510,106034.09999999999,113882991.36999992
2025-08-01 11:13:30 AM,207.9,0,0.0,113882991.36999992
2025-08-01 11:13:31 AM,207.9,50,10395.0,113893386.36999992
2025-08-01 11:13:36 AM,207.9,4,831.6,113894217.96999991
2025-08-01 11:13:38 AM,207.9,112,23284.8,113917502.7699999
2025-08-01 11:13:42 AM,207.9,2,415.8,113917918.5699999
2025-08-01 11:13:49 AM,207.9,20,4158.0,113922076.5699999
2025-08-01 11:13:54 AM,207.83,202,41981.66,113964058.2299999
2025-08-01 11:13:58 AM,207.9,20,4158.0,113968216.2299999
2025-08-01 11:14:03 AM,207.9,50,10395.0,113978611.2299999
2025-08-01 11:14:05 AM,207.9,20,4158.0,113982769.2299999
2025-08-01 11:14:15 AM,207.9,29,6029.1,113988798.3299999
2025-08-01 11:14:20 AM,207.9,65,13513.5,114002311.8299999
2025-08-01 11:14:21 AM,207.83,0,0.0,114002311.8299999
2025-08-01 11:14:21 AM,207.83,80,16626.4,114018938.2299999
2025-08-01 11:14:23 AM,207.9,0,0.0,114018938.2299999
2025-08-01 11:14:25 AM,207.9,1,207.9,114019146.1299999
2025-08-01 11:14:30 AM,207.9,300,62370.0,114081516.1299999
2025-08-01 11:14:35 AM,207.75,0,0.0,114081516.1299999
2025-08-01 11:14:36 AM,207.75,3186,661891.5,114743407.6299999
2025-08-01 11:14:39 AM,207.8,0,0.0,114743407.6299999
2025-08-01 11:14:41 AM,207.81,0,0.0,114743407.6299999
2025-08-01 11:14:41 AM,207.81,369,76681.89,114820089.5199999
2025-08-01 11:14:42 AM,207.81,80,16624.8,114836714.3199999
2025-08-01 11:14:52 AM,207.81,3,623.4300000000001,114837337.74999991
2025-08-01 11:14:57 AM,207.81,30,6234.3,114843572.04999991
2025-08-01 11:15:03 AM,207.81,37,7688.97,114851261.0199999
2025-08-01 11:15:08 AM,207.81,11,2285.91,114853546.9299999
2025-08-01 11:15:14 AM,207.81,2,415.62,114853962.54999991
2025-08-01 11:15:19 AM,207.81,20,4156.2,114858118.74999991
2025-08-01 11:15:20 AM,207.8,1,207.8,114858326.54999991
2025-08-01 11:15:23 AM,207.81,0,0.0,114858326.54999991
2025-08-01 11:15:24 AM,207.81,20,4156.2,114862482.74999991
2025-08-01 11:15:40 AM,207.81,20,4156.2,114866638.94999991
2025-08-01 11:15:47 AM,207.75,0,0.0,114866638.94999991
2025-08-01 11:15:47 AM,207.81,0,0.0,114866638.94999991
2025-08-01 11:15:49 AM,207.8,0,0.0,114866638.94999991
2025-08-01 11:15:50 AM,207.8,103,21403.4,114888042.34999992
2025-08-01 11:15:51 AM,207.81,10,2078.1,114890120.44999991
2025-08-01 11:16:00 AM,207.81,31,6442.11,114896562.55999991
2025-08-01 11:16:06 AM,207.81,10,2078.1,114898640.6599999
2025-08-01 11:16:15 AM,207.87,0,0.0,114898640.6599999
2025-08-01 11:16:17 AM,207.87,153,31804.11,114930444.7699999
2025-08-01 11:16:28 AM,207.89,2,415.78,114930860.54999991
2025-08-01 11:16:37 AM,207.89,1,207.89,114931068.43999991
2025-08-01 11:16:39 AM,207.89,25,5197.25,114936265.68999991
2025-08-01 11:16:53 AM,207.89,100,20789.0,114957054.68999991
2025-08-01 11:17:01 AM,207.88,0,0.0,114957054.68999991
2025-08-01 11:17:04 AM,207.88,516,107266.08,115064320.7699999
2025-08-01 11:17:19 AM,207.8,0,0.0,115064320.7699999
2025-08-01 11:17:19 AM,207.8,601,124887.8,115189208.5699999
2025-08-01 11:17:23 AM,207.87,0,0.0,115189208.5699999
2025-08-01 11:17:25 AM,207.87,25,5196.75,115194405.3199999
2025-08-01 11:17:29 AM,207.71,0,0.0,115194405.3199999
2025-08-01 11:17:31 AM,207.71,1162,241359.02000000002,115435764.3399999
2025-08-01 11:17:36 AM,207.8,100,20780.0,115456544.3399999
2025-08-01 11:17:38 AM,207.8,25,5195.0,115461739.3399999
2025-08-01 11:17:41 AM,207.8,2,415.6,115462154.9399999
2025-08-01 11:17:52 AM,207.8,50,10390.0,115472544.9399999
2025-08-01 11:17:57 AM,207.8,2,415.6,115472960.53999989
2025-08-01 11:17:58 AM,207.55,0,0.0,115472960.53999989
2025-08-01 11:17:59 AM,207.55,11615,2410693.25,117883653.78999989
2025-08-01 11:18:01 AM,207.61,0,0.0,117883653.78999989
2025-08-01 11:18:02 AM,207.61,500,103805.0,117987458.78999989
2025-08-01 11:18:05 AM,207.66,0,0.0,117987458.78999989
2025-08-01 11:18:08 AM,207.66,828,171942.48,118159401.26999989
2025-08-01 11:18:26 AM,207.79,50,10389.5,118169790.76999989
2025-08-01 11:18:31 AM,207.8,0,0.0,118169790.76999989
2025-08-01 11:18:32 AM,207.8,900,187020.0,118356810.76999989
2025-08-01 11:18:39 AM,207.71,0,0.0,118356810.76999989
2025-08-01 11:18:41 AM,207.7,0,0.0,118356810.76999989
2025-08-01 11:18:42 AM,207.7,11,2284.7,118359095.4699999
2025-08-01 11:19:05 AM,207.7,100,20770.0,118379865.4699999
2025-08-01 11:19:11 AM,207.7,16,3323.2,118383188.6699999
2025-08-01 11:19:25 AM,207.71,0,0.0,118383188.6699999
2025-08-01 11:19:27 AM,207.71,5,1038.55,118384227.2199999
2025-08-01 11:19:32 AM,207.71,49,10177.79,118394405.0099999
2025-08-01 11:19:37 AM,207.7,0,0.0,118394405.0099999
2025-08-01 11:19:38 AM,207.7,30,6231.0,118400636.0099999
2025-08-01 11:19:42 AM,207.73,0,0.0,118400636.0099999
2025-08-01 11:19:43 AM,207.82,291,60475.619999999995,118461111.6299999
2025-08-01 11:19:45 AM,207.84,0,0.0,118461111.6299999
2025-08-01 11:19:47 AM,207.85,0,0.0,118461111.6299999
2025-08-01 11:19:49 AM,207.85,60,12471.0,118473582.6299999
2025-08-01 11:19:53 AM,207.84,0,0.0,118473582.6299999
2025-08-01 11:19:54 AM,207.58,1510,313445.80000000005,118787028.4299999
2025-08-01 11:20:06 AM,207.63,0,0.0,118787028.4299999
2025-08-01 11:20:08 AM,207.77,0,0.0,118787028.4299999
2025-08-01 11:20:10 AM,207.76,718,149171.68,118936200.10999991
2025-08-01 11:20:14 AM,207.69,0,0.0,118936200.10999991
2025-08-01 11:20:15 AM,207.69,1,207.69,118936407.79999991
2025-08-01 11:20:18 AM,207.7,0,0.0,118936407.79999991
2025-08-01 11:20:21 AM,207.7,50,10385.0,118946792.79999991
2025-08-01 11:20:46 AM,207.63,0,0.0,118946792.79999991
2025-08-01 11:20:46 AM,207.63,23,4775.49,118951568.2899999
2025-08-01 11:21:00 AM,207.71,0,0.0,118951568.2899999
2025-08-01 11:21:02 AM,207.72,1025,212913.0,119164481.2899999
2025-08-01 11:21:09 AM,207.73,0,0.0,119164481.2899999
2025-08-01 11:21:10 AM,207.74,0,0.0,119164481.2899999
2025-08-01 11:21:12 AM,207.72,0,0.0,119164481.2899999
2025-08-01 11:21:13 AM,207.72,168,34896.96,119199378.2499999
2025-08-01 11:21:18 AM,207.72,10,2077.2,119201455.4499999
2025-08-01 11:21:28 AM,207.73,0,0.0,119201455.4499999
2025-08-01 11:21:29 AM,207.73,1,207.73,119201663.1799999
2025-08-01 11:21:39 AM,207.73,25,5193.25,119206856.4299999
2025-08-01 11:21:44 AM,207.7,1699,352882.3,119559738.7299999
2025-08-01 11:21:46 AM,207.83,0,0.0,119559738.7299999
2025-08-01 11:21:49 AM,207.91,0,0.0,119559738.7299999
2025-08-01 11:21:49 AM,207.91,2199,457194.08999999997,120016932.8199999
2025-08-01 11:21:59 AM,207.91,10,2079.1,120019011.9199999
2025-08-01 11:22:04 AM,207.91,11,2287.0099999999998,120021298.9299999
2025-08-01 11:22:06 AM,207.83,0,0.0,120021298.9299999
2025-08-01 11:22:10 AM,207.83,2,415.66,120021714.5899999
2025-08-01 11:22:11 AM,207.91,0,0.0,120021714.5899999
2025-08-01 11:22:15 AM,207.91,54,11227.14,120032941.7299999
2025-08-01 11:22:21 AM,207.91,7,1455.37,120034397.0999999
2025-08-01 11:22:26 AM,207.91,25,5197.75,120039594.8499999
2025-08-01 11:22:32 AM,207.91,992,206246.72,120245841.5699999
2025-08-01 11:22:42 AM,208.0,305,63440.0,120309281.5699999
2025-08-01 11:22:47 AM,208.0,1,208.0,120309489.5699999
2025-08-01 11:22:52 AM,208.0,125,26000.0,120335489.5699999
2025-08-01 11:23:03 AM,208.0,10,2080.0,120337569.5699999
2025-08-01 11:23:08 AM,208.0,100,20800.0,120358369.5699999
2025-08-01 11:23:11 AM,207.94,0,0.0,120358369.5699999
2025-08-01 11:23:14 AM,207.94,131,27240.14,120385609.7099999
2025-08-01 11:23:15 AM,207.83,0,0.0,120385609.7099999
2025-08-01 11:23:19 AM,207.83,316,65674.28,120451283.9899999
2025-08-01 11:23:22 AM,207.93,0,0.0,120451283.9899999
2025-08-01 11:23:24 AM,207.93,101,21000.93,120472284.91999991
2025-08-01 11:23:50 AM,207.88,0,0.0,120472284.91999991
2025-08-01 11:23:55 AM,207.88,1,207.88,120472492.79999991
2025-08-01 11:24:02 AM,207.89,0,0.0,120472492.79999991
2025-08-01 11:24:04 AM,207.89,538,111844.81999999999,120584337.6199999
2025-08-01 11:24:12 AM,207.88,0,0.0,120584337.6199999
2025-08-01 11:24:14 AM,207.88,5,1039.4,120585377.0199999
2025-08-01 11:24:18 AM,207.87,0,0.0,120585377.0199999
2025-08-01 11:24:20 AM,207.89,5,1039.4499999999998,120586416.46999991
2025-08-01 11:24:29 AM,207.87,0,0.0,120586416.46999991
2025-08-01 11:24:31 AM,207.87,3,623.61,120587040.07999991
2025-08-01 11:24:42 AM,207.89,0,0.0,120587040.07999991
2025-08-01 11:24:47 AM,207.89,1,207.89,120587247.96999991
2025-08-01 11:24:56 AM,207.84,0,0.0,120587247.96999991
2025-08-01 11:24:58 AM,207.84,3047,633288.48,121220536.44999991
2025-08-01 11:25:00 AM,207.88,0,0.0,121220536.44999991
2025-08-01 11:25:01 AM,207.87,0,0.0,121220536.44999991
2025-08-01 11:25:03 AM,207.87,260,54046.200000000004,121274582.64999992
2025-08-01 11:25:06 AM,207.98,0,0.0,121274582.64999992
2025-08-01 11:25:08 AM,207.98,2009,417831.82,121692414.46999991
2025-08-01 11:25:12 AM,207.92,0,0.0,121692414.46999991
2025-08-01 11:25:13 AM,207.92,32,6653.44,121699067.9099999
2025-08-01 11:25:14 AM,207.96,0,0.0,121699067.9099999
2025-08-01 11:25:18 AM,207.98,0,0.0,121699067.9099999
2025-08-01 11:25:18 AM,207.98,81,16846.379999999997,121715914.2899999
2025-08-01 11:25:34 AM,207.98,1000,207980.0,121923894.2899999
2025-08-01 11:25:44 AM,207.98,40,8319.199999999999,121932213.4899999
2025-08-01 11:25:45 AM,207.96,0,0.0,121932213.4899999
2025-08-01 11:25:45 AM,207.96,25,5199.0,121937412.4899999
2025-08-01 11:25:53 AM,207.98,0,0.0,121937412.4899999
2025-08-01 11:25:55 AM,207.98,6,1247.8799999999999,121938660.3699999
2025-08-01 11:26:05 AM,207.98,2,415.96,121939076.3299999
2025-08-01 11:26:10 AM,207.93,0,0.0,121939076.3299999
2025-08-01 11:26:10 AM,207.93,1135,236000.55000000002,122175076.87999989
2025-08-01 11:26:19 AM,207.96,0,0.0,122175076.87999989
2025-08-01 11:26:20 AM,207.96,11,2287.56,122177364.4399999
2025-08-01 11:26:39 AM,207.98,0,0.0,122177364.4399999
2025-08-01 11:26:41 AM,207.98,350,72793.0,122250157.4399999
2025-08-01 11:26:44 AM,207.96,0,0.0,122250157.4399999
2025-08-01 11:26:46 AM,207.96,11,2287.56,122252444.9999999
2025-08-01 11:26:48 AM,207.98,0,0.0,122252444.9999999
2025-08-01 11:26:51 AM,207.98,25,5199.5,122257644.4999999
2025-08-01 11:26:56 AM,207.97,10,2079.7,122259724.1999999
2025-08-01 11:27:04 AM,207.98,0,0.0,122259724.1999999
2025-08-01 11:27:06 AM,207.98,1000,207980.0,122467704.1999999
2025-08-01 11:27:10 AM,207.98,500,103990.0,122571694.1999999
2025-08-01 11:27:16 AM,207.98,25,5199.5,122576893.6999999
2025-08-01 11:27:18 AM,207.98,25,5199.5,122582093.1999999
2025-08-01 11:27:21 AM,207.98,45,9359.1,122591452.2999999
2025-08-01 11:27:33 AM,207.98,50,10399.0,122601851.2999999
2025-08-01 11:27:41 AM,208.0,0,0.0,122601851.2999999
2025-08-01 11:27:42 AM,208.0,19794,4117152.0,126719003.2999999
2025-08-01 11:27:48 AM,207.96,0,0.0,126719003.2999999
2025-08-01 11:27:49 AM,207.96,34,7070.64,126726073.9399999
2025-08-01 11:27:50 AM,207.95,0,0.0,126726073.9399999
2025-08-01 11:27:52 AM,207.95,1,207.95,126726281.8899999
2025-08-01 11:28:04 AM,208.0,100,20800.0,126747081.8899999
2025-08-01 11:28:08 AM,208.0,50,10400.0,126757481.8899999
2025-08-01 11:28:09 AM,208.0,105,21840.0,126779321.8899999
2025-08-01 11:28:14 AM,208.0,100,20800.0,126800121.8899999
2025-08-01 11:28:18 AM,208.0,6,1248.0,126801369.8899999
2025-08-01 11:28:20 AM,208.0,100,20800.0,126822169.8899999
2025-08-01 11:28:23 AM,208.0,320,66560.0,126888729.8899999
2025-08-01 11:28:29 AM,208.0,20,4160.0,126892889.8899999
2025-08-01 11:28:33 AM,207.98,0,0.0,126892889.8899999
2025-08-01 11:28:34 AM,207.98,17,3535.66,126896425.5499999
2025-08-01 11:28:38 AM,207.96,0,0.0,126896425.5499999
2025-08-01 11:28:39 AM,207.96,7,1455.72,126897881.26999989
2025-08-01 11:28:46 AM,208.0,0,0.0,126897881.26999989
2025-08-01 11:28:49 AM,208.0,100,20800.0,126918681.26999989
2025-08-01 11:28:59 AM,208.0,20,4160.0,126922841.26999989
2025-08-01 11:29:01 AM,208.0,3,624.0,126923465.26999989
2025-08-01 11:29:25 AM,208.0,63,13104.0,126936569.26999989
2025-08-01 11:29:28 AM,208.0,24,4992.0,126941561.26999989
2025-08-01 11:29:30 AM,208.0,20,4160.0,126945721.26999989
2025-08-01 11:29:35 AM,208.0,2,416.0,126946137.26999989
2025-08-01 11:29:38 AM,208.0,6,1248.0,126947385.26999989
2025-08-01 11:29:41 AM,208.0,110,22880.0,126970265.26999989
2025-08-01 11:29:43 AM,208.0,2,416.0,126970681.26999989
2025-08-01 11:29:46 AM,208.0,143,29744.0,127000425.26999989
2025-08-01 11:29:53 AM,208.0,70,14560.0,127014985.26999989
2025-08-01 11:29:56 AM,208.0,8,1664.0,127016649.26999989
2025-08-01 11:29:58 AM,208.0,1,208.0,127016857.26999989
2025-08-01 11:30:01 AM,208.0,1,208.0,127017065.26999989
2025-08-01 11:30:07 AM,208.0,300,62400.0,127079465.26999989
2025-08-01 11:30:22 AM,208.0,100,20800.0,127100265.26999989
2025-08-01 11:30:28 AM,208.0,10,2080.0,127102345.26999989
2025-08-01 11:30:33 AM,208.0,1000,208000.0,127310345.26999989
2025-08-01 11:30:42 AM,208.0,2,416.0,127310761.26999989
2025-08-01 11:30:51 AM,208.0,20,4160.0,127314921.26999989
2025-08-01 11:30:53 AM,207.93,0,0.0,127314921.26999989
2025-08-01 11:30:54 AM,207.99,202,42013.98,127356935.2499999
2025-08-01 11:30:57 AM,207.99,57,11855.43,127368790.6799999
2025-08-01 11:31:05 AM,207.99,1,207.99,127368998.6699999
2025-08-01 11:31:12 AM,208.0,35,7280.0,127376278.6699999
2025-08-01 11:31:13 AM,207.99,0,0.0,127376278.6699999
2025-08-01 11:31:15 AM,207.99,10,2079.9,127378358.5699999
2025-08-01 11:31:17 AM,208.0,0,0.0,127378358.5699999
2025-08-01 11:31:17 AM,208.0,1565,325520.0,127703878.5699999
2025-08-01 11:31:33 AM,208.0,1,208.0,127704086.5699999
2025-08-01 11:31:36 AM,208.0,2,416.0,127704502.5699999
2025-08-01 11:31:52 AM,208.0,4,832.0,127705334.5699999
2025-08-01 11:31:57 AM,208.0,10,2080.0,127707414.5699999
2025-08-01 11:32:14 AM,208.0,1000,208000.0,127915414.5699999
2025-08-01 11:32:19 AM,208.0,240,49920.0,127965334.5699999
2025-08-01 11:32:33 AM,208.0,10,2080.0,127967414.5699999
2025-08-01 11:32:40 AM,208.0,10,2080.0,127969494.5699999
2025-08-01 11:32:48 AM,208.0,4,832.0,127970326.5699999
2025-08-01 11:32:54 AM,208.0,100,20800.0,127991126.5699999
2025-08-01 11:33:13 AM,207.95,0,0.0,127991126.5699999
2025-08-01 11:33:15 AM,207.95,27,5614.65,127996741.21999991
2025-08-01 11:33:23 AM,208.0,0,0.0,127996741.21999991
2025-08-01 11:33:25 AM,208.0,500,104000.0,128100741.21999991
2025-08-01 11:33:35 AM,208.0,503,104624.0,128205365.21999991
2025-08-01 11:33:35 AM,208.0,340,70720.0,128276085.21999991
2025-08-01 11:33:40 AM,208.0,84,17472.0,128293557.21999991
2025-08-01 11:33:45 AM,208.0,32,6656.0,128300213.21999991
2025-08-01 11:33:45 AM,208.0,10,2080.0,128302293.21999991
2025-08-01 11:33:49 AM,207.99,0,0.0,128302293.21999991
2025-08-01 11:33:50 AM,207.99,285,59277.15,128361570.36999992
2025-08-01 11:33:55 AM,207.99,250,51997.5,128413567.86999992
2025-08-01 11:34:00 AM,207.99,3,623.97,128414191.83999991
2025-08-01 11:34:05 AM,207.9,0,0.0,128414191.83999991
2025-08-01 11:34:05 AM,207.9,965,200623.5,128614815.33999991
2025-08-01 11:34:11 AM,207.9,210,43659.0,128658474.33999991
2025-08-01 11:34:12 AM,207.99,0,0.0,128658474.33999991
2025-08-01 11:34:15 AM,207.9,0,0.0,128658474.33999991
2025-08-01 11:34:16 AM,207.9,43,8939.7,128667414.03999992
2025-08-01 11:34:19 AM,207.91,0,0.0,128667414.03999992
2025-08-01 11:34:20 AM,208.0,0,0.0,128667414.03999992
2025-08-01 11:34:21 AM,208.0,12,2496.0,128669910.03999992
2025-08-01 11:34:21 AM,208.0,2,416.0,128670326.03999992
2025-08-01 11:34:25 AM,207.85,0,0.0,128670326.03999992
2025-08-01 11:34:26 AM,207.85,406,84387.09999999999,128754713.13999991
2025-08-01 11:34:31 AM,207.85,245,50923.25,128805636.38999991
2025-08-01 11:34:41 AM,207.96,0,0.0,128805636.38999991
2025-08-01 11:34:41 AM,207.96,3,623.88,128806260.2699999
2025-08-01 11:34:47 AM,207.96,1,207.96,128806468.2299999
2025-08-01 11:34:52 AM,207.96,1,207.96,128806676.1899999
2025-08-01 11:34:58 AM,207.99,0,0.0,128806676.1899999
2025-08-01 11:35:02 AM,207.99,21,4367.79,128811043.9799999
2025-08-01 11:35:13 AM,207.99,30,6239.700000000001,128817283.6799999
2025-08-01 11:35:17 AM,207.83,0,0.0,128817283.6799999
2025-08-01 11:35:18 AM,207.83,344,71493.52,128888777.1999999
2025-08-01 11:35:23 AM,207.89,0,0.0,128888777.1999999
2025-08-01 11:35:24 AM,207.89,5,1039.4499999999998,128889816.6499999
2025-08-01 11:35:29 AM,207.93,0,0.0,128889816.6499999
2025-08-01 11:35:29 AM,207.93,8,1663.44,128891480.0899999
2025-08-01 11:35:46 AM,207.8,0,0.0,128891480.0899999
2025-08-01 11:35:50 AM,207.8,999,207592.2,129099072.2899999
2025-08-01 11:35:55 AM,207.93,50,10396.5,129109468.7899999
2025-08-01 11:35:59 AM,207.92,0,0.0,129109468.7899999
2025-08-01 11:36:00 AM,207.92,198,41168.159999999996,129150636.9499999
2025-08-01 11:36:03 AM,207.8,0,0.0,129150636.9499999
2025-08-01 11:36:05 AM,207.96,456,94829.76000000001,129245466.7099999
2025-08-01 11:36:09 AM,207.94,0,0.0,129245466.7099999
2025-08-01 11:36:10 AM,207.94,10,2079.4,129247546.10999991
2025-08-01 11:36:25 AM,207.93,0,0.0,129247546.10999991
2025-08-01 11:36:26 AM,207.93,525,109163.25,129356709.35999991
2025-08-01 11:36:36 AM,207.94,17,3534.98,129360244.33999991
2025-08-01 11:36:47 AM,207.99,0,0.0,129360244.33999991
2025-08-01 11:36:52 AM,207.99,200,41598.0,129401842.33999991
2025-08-01 11:37:03 AM,207.91,95,19751.45,129421593.78999992
2025-08-01 11:37:04 AM,207.99,0,0.0,129421593.78999992
2025-08-01 11:37:08 AM,207.99,100,20799.0,129442392.78999992
2025-08-01 11:37:38 AM,207.98,0,0.0,129442392.78999992
2025-08-01 11:37:39 AM,207.98,3,623.9399999999999,129443016.72999991
2025-08-01 11:37:43 AM,207.99,0,0.0,129443016.72999991
2025-08-01 11:37:45 AM,207.99,53,11023.470000000001,129454040.19999991
2025-08-01 11:37:50 AM,207.99,1,207.99,129454248.18999991
2025-08-01 11:37:55 AM,207.99,2,415.98,129454664.16999991
2025-08-01 11:38:06 AM,207.98,0,0.0,129454664.16999991
2025-08-01 11:38:07 AM,207.99,0,0.0,129454664.16999991
2025-08-01 11:38:10 AM,207.99,157,32654.43,129487318.59999992
2025-08-01 11:38:15 AM,207.99,2,415.98,129487734.57999992
2025-08-01 11:38:25 AM,207.92,334,69445.28,129557179.85999992
2025-08-01 11:38:55 AM,207.92,1,207.92,129557387.77999993
2025-08-01 11:39:03 AM,207.98,0,0.0,129557387.77999993
2025-08-01 11:39:05 AM,207.98,4,831.92,129558219.69999993
2025-08-01 11:39:06 AM,207.92,0,0.0,129558219.69999993
2025-08-01 11:39:06 AM,207.92,20,4158.4,129562378.09999993
2025-08-01 11:39:15 AM,207.92,458,95227.36,129657605.45999993
2025-08-01 11:39:18 AM,207.98,0,0.0,129657605.45999993
2025-08-01 11:39:20 AM,207.98,8,1663.84,129659269.29999994
2025-08-01 11:39:22 AM,207.92,11,2287.12,129661556.41999994
2025-08-01 11:39:23 AM,207.98,0,0.0,129661556.41999994
2025-08-01 11:39:25 AM,207.98,1,207.98,129661764.39999995
2025-08-01 11:39:32 AM,207.91,101,20998.91,129682763.30999994
2025-08-01 11:39:35 AM,207.95,0,0.0,129682763.30999994
2025-08-01 11:39:36 AM,207.95,10,2079.5,129684842.80999994
2025-08-01 11:39:40 AM,207.99,0,0.0,129684842.80999994
2025-08-01 11:39:42 AM,207.99,2000,415980.0,130100822.80999994
2025-08-01 11:40:18 AM,207.99,4,831.96,130101654.76999994
2025-08-01 11:40:24 AM,207.96,0,0.0,130101654.76999994
2025-08-01 11:40:24 AM,207.96,30,6238.8,130107893.56999993
2025-08-01 11:40:42 AM,207.9,0,0.0,130107893.56999993
2025-08-01 11:40:43 AM,207.84,0,0.0,130107893.56999993
2025-08-01 11:40:43 AM,207.84,712,147982.08000000002,130255875.64999993
2025-08-01 11:40:59 AM,207.9,50,10395.0,130266270.64999993
2025-08-01 11:41:07 AM,207.85,0,0.0,130266270.64999993
2025-08-01 11:41:09 AM,207.89,0,0.0,130266270.64999993
2025-08-01 11:41:09 AM,207.89,317,65901.12999999999,130332171.77999993
2025-08-01 11:41:34 AM,207.9,250,51975.0,130384146.77999993
2025-08-01 11:41:37 AM,207.89,0,0.0,130384146.77999993
2025-08-01 11:41:39 AM,207.89,3,623.67,130384770.44999993
2025-08-01 11:41:49 AM,207.81,0,0.0,130384770.44999993
2025-08-01 11:41:49 AM,207.81,29,6026.49,130390796.93999992
2025-08-01 11:41:53 AM,207.89,0,0.0,130390796.93999992
2025-08-01 11:41:55 AM,207.89,4,831.56,130391628.49999993
2025-08-01 11:42:00 AM,207.89,50,10394.5,130402022.99999993
2025-08-01 11:42:03 AM,207.9,0,0.0,130402022.99999993
2025-08-01 11:42:05 AM,207.9,10,2079.0,130404101.99999993
2025-08-01 11:42:07 AM,207.93,0,0.0,130404101.99999993
2025-08-01 11:42:10 AM,207.93,100,20793.0,130424894.99999993
2025-08-01 11:42:11 AM,207.85,0,0.0,130424894.99999993
2025-08-01 11:42:15 AM,207.85,210,43648.5,130468543.49999993
2025-08-01 11:42:20 AM,207.85,4,831.4,130469374.89999993
2025-08-01 11:42:25 AM,207.81,61,12676.41,130482051.30999993
2025-08-01 11:42:27 AM,207.85,0,0.0,130482051.30999993
2025-08-01 11:42:30 AM,207.85,3,623.55,130482674.85999992
2025-08-01 11:42:36 AM,207.85,422,87712.7,130570387.55999993
2025-08-01 11:42:40 AM,207.87,0,0.0,130570387.55999993
2025-08-01 11:42:41 AM,207.87,69,14343.03,130584730.58999993
2025-08-01 11:42:46 AM,207.72,0,0.0,130584730.58999993
2025-08-01 11:42:46 AM,207.72,109,22641.48,130607372.06999993
2025-08-01 11:42:49 AM,207.82,0,0.0,130607372.06999993
2025-08-01 11:42:51 AM,207.82,2,415.64,130607787.70999993
2025-08-01 11:42:52 AM,207.7,96,19939.199999999997,130627726.90999994
2025-08-01 11:43:07 AM,207.84,0,0.0,130627726.90999994
2025-08-01 11:43:07 AM,207.84,115,23901.600000000002,130651628.50999993
2025-08-01 11:43:27 AM,207.83,0,0.0,130651628.50999993
2025-08-01 11:43:29 AM,207.83,100,20783.0,130672411.50999993
2025-08-01 11:43:37 AM,207.82,0,0.0,130672411.50999993
2025-08-01 11:43:39 AM,207.82,100,20782.0,130693193.50999993
2025-08-01 11:43:43 AM,207.83,0,0.0,130693193.50999993
2025-08-01 11:43:44 AM,207.83,125,25978.75,130719172.25999993
2025-08-01 11:43:47 AM,207.82,0,0.0,130719172.25999993
2025-08-01 11:43:49 AM,207.82,48,9975.36,130729147.61999993
2025-08-01 11:43:53 AM,207.67,0,0.0,130729147.61999993
2025-08-01 11:43:54 AM,207.67,50,10383.5,130739531.11999993
2025-08-01 11:43:59 AM,207.83,0,0.0,130739531.11999993
2025-08-01 11:44:00 AM,207.83,20,4156.6,130743687.71999992
2025-08-01 11:44:11 AM,207.6,1437,298321.2,131042008.91999993
2025-08-01 11:44:21 AM,207.55,0,0.0,131042008.91999993
2025-08-01 11:44:24 AM,207.55,54,11207.7,131053216.61999993
2025-08-01 11:44:41 AM,207.65,1,207.65,131053424.26999994
2025-08-01 11:44:46 AM,207.55,59,12245.45,131065669.71999994
2025-08-01 11:45:00 AM,207.62,0,0.0,131065669.71999994
2025-08-01 11:45:02 AM,207.62,35,7266.7,131072936.41999994
2025-08-01 11:45:13 AM,207.62,1,207.62,131073144.03999995
2025-08-01 11:45:22 AM,207.58,0,0.0,131073144.03999995
2025-08-01 11:45:23 AM,207.58,15,3113.7000000000003,131076257.73999995
2025-08-01 11:45:34 AM,207.5,0,0.0,131076257.73999995
2025-08-01 11:45:34 AM,207.5,2984,619180.0,131695437.73999995
2025-08-01 11:45:39 AM,207.4,0,0.0,131695437.73999995
2025-08-01 11:45:39 AM,207.4,98,20325.2,131715762.93999995
2025-08-01 11:45:42 AM,207.5,0,0.0,131715762.93999995
2025-08-01 11:45:44 AM,207.5,5,1037.5,131716800.43999995
2025-08-01 11:45:55 AM,207.5,25,5187.5,131721987.93999995
2025-08-01 11:46:06 AM,207.5,68,14110.0,131736097.93999995
2025-08-01 11:46:17 AM,207.5,10,2075.0,131738172.93999995
2025-08-01 11:46:17 AM,207.5,200,41500.0,131779672.93999995
2025-08-01 11:46:32 AM,207.5,105,21787.5,131801460.43999995
2025-08-01 11:46:38 AM,207.5,15,3112.5,131804572.93999995
