date,price,qty,trnvr,cum_trnvr
2025-08-01 09:15:01 AM,51.01,4144,211385.44,211385.44
2025-08-01 09:15:02 AM,51.12,0,0.0,211385.44
2025-08-01 09:15:03 AM,51.12,4206,215010.72,426396.16000000003
2025-08-01 09:15:11 AM,50.99,0,0.0,426396.16000000003
2025-08-01 09:15:13 AM,50.99,256,13053.44,439449.60000000003
2025-08-01 09:15:20 AM,51.1,0,0.0,439449.60000000003
2025-08-01 09:15:22 AM,50.91,0,0.0,439449.60000000003
2025-08-01 09:15:24 AM,50.91,10804,550031.64,989481.24
2025-08-01 09:15:34 AM,51.05,9,459.45,989940.69
2025-08-01 09:15:35 AM,51.1,0,0.0,989940.69
2025-08-01 09:15:41 AM,51.1,100,5110.0,995050.69
2025-08-01 09:15:44 AM,51.12,0,0.0,995050.69
2025-08-01 09:15:49 AM,51.12,10,511.2,995561.8899999999
2025-08-01 09:15:59 AM,51.01,2525,128800.25,1124362.14
2025-08-01 09:16:02 AM,50.78,0,0.0,1124362.14
2025-08-01 09:16:04 AM,50.66,0,0.0,1124362.14
2025-08-01 09:16:05 AM,50.66,9273,469770.18,1594132.3199999998
2025-08-01 09:16:07 AM,50.73,1000,50730.0,1644862.3199999998
2025-08-01 09:16:10 AM,50.8,0,0.0,1644862.3199999998
2025-08-01 09:16:13 AM,50.92,2710,137993.2,1782855.5199999998
2025-08-01 09:16:22 AM,50.81,1195,60717.950000000004,1843573.4699999997
2025-08-01 09:16:31 AM,50.81,1184,60159.04,1903732.5099999998
2025-08-01 09:16:46 AM,50.88,2009,102217.92,2005950.4299999997
2025-08-01 09:16:54 AM,50.96,24,1223.04,2007173.4699999997
2025-08-01 09:17:11 AM,50.9,1000,50900.0,2058073.4699999997
2025-08-01 09:17:27 AM,50.91,9,458.18999999999994,2058531.6599999997
2025-08-01 09:17:31 AM,50.95,0,0.0,2058531.6599999997
2025-08-01 09:17:36 AM,50.99,1100,56089.0,2114620.6599999997
2025-08-01 09:17:44 AM,51.0,17987,917337.0,3031957.6599999997
2025-08-01 09:17:50 AM,51.01,0,0.0,3031957.6599999997
2025-08-01 09:17:52 AM,51.05,8804,449444.19999999995,3481401.8599999994
2025-08-01 09:17:57 AM,51.15,0,0.0,3481401.8599999994
2025-08-01 09:18:01 AM,51.1,7171,366438.10000000003,3847839.9599999995
2025-08-01 09:18:05 AM,51.15,0,0.0,3847839.9599999995
2025-08-01 09:18:09 AM,51.15,5197,265826.55,4113666.5099999993
2025-08-01 09:18:13 AM,51.23,0,0.0,4113666.5099999993
2025-08-01 09:18:14 AM,51.34,0,0.0,4113666.5099999993
2025-08-01 09:18:17 AM,51.23,24148,1237102.04,5350768.549999999
2025-08-01 09:18:21 AM,51.27,0,0.0,5350768.549999999
2025-08-01 09:18:23 AM,51.34,0,0.0,5350768.549999999
2025-08-01 09:18:26 AM,51.34,3111,159718.74000000002,5510487.289999999
2025-08-01 09:18:27 AM,51.3,501,25701.3,5536188.589999999
2025-08-01 09:18:36 AM,51.34,0,0.0,5536188.589999999
2025-08-01 09:18:42 AM,51.34,1375,70592.5,5606781.089999999
2025-08-01 09:18:44 AM,51.3,0,0.0,5606781.089999999
2025-08-01 09:18:46 AM,51.35,0,0.0,5606781.089999999
2025-08-01 09:18:50 AM,51.48,6312,324941.76,5931722.849999999
2025-08-01 09:18:51 AM,51.53,108,5565.24,5937288.089999999
2025-08-01 09:18:58 AM,51.53,50,2576.5,5939864.589999999
2025-08-01 09:18:59 AM,51.5,7001,360551.5,6300416.089999999
2025-08-01 09:19:00 AM,51.44,0,0.0,6300416.089999999
2025-08-01 09:19:03 AM,51.46,0,0.0,6300416.089999999
2025-08-01 09:19:06 AM,51.46,6060,311847.6,6612263.689999999
2025-08-01 09:19:08 AM,51.5,0,0.0,6612263.689999999
2025-08-01 09:19:10 AM,51.53,0,0.0,6612263.689999999
2025-08-01 09:19:14 AM,51.5,2758,142037.0,6754300.689999999
2025-08-01 09:19:22 AM,51.51,54,2781.54,6757082.229999999
2025-08-01 09:19:24 AM,51.51,10,515.1,6757597.329999998
2025-08-01 09:19:25 AM,51.59,0,0.0,6757597.329999998
2025-08-01 09:19:31 AM,51.59,200,10318.0,6767915.329999998
2025-08-01 09:19:38 AM,51.52,0,0.0,6767915.329999998
2025-08-01 09:19:39 AM,51.52,7192,370531.84,7138447.169999998
2025-08-01 09:19:40 AM,51.58,100,5158.0,7143605.169999998
2025-08-01 09:19:41 AM,51.51,0,0.0,7143605.169999998
2025-08-01 09:19:47 AM,51.51,50,2575.5,7146180.669999998
2025-08-01 09:19:48 AM,51.51,75,3863.25,7150043.919999998
2025-08-01 09:19:54 AM,51.54,0,0.0,7150043.919999998
2025-08-01 09:19:55 AM,51.54,264,13606.56,7163650.479999998
2025-08-01 09:20:09 AM,51.4,0,0.0,7163650.479999998
2025-08-01 09:20:11 AM,51.4,604,31045.6,7194696.079999997
2025-08-01 09:20:18 AM,51.4,140,7196.0,7201892.079999997
2025-08-01 09:20:20 AM,51.4,164,8429.6,7210321.679999997
2025-08-01 09:20:34 AM,51.43,652,33532.36,7243854.039999997
2025-08-01 09:20:42 AM,51.43,10,514.3,7244368.339999997
2025-08-01 09:20:44 AM,51.46,425,21870.5,7266238.839999997
2025-08-01 09:20:51 AM,51.51,1509,77728.59,7343967.429999997
2025-08-01 09:21:02 AM,51.54,0,0.0,7343967.429999997
2025-08-01 09:21:04 AM,51.5,0,0.0,7343967.429999997
2025-08-01 09:21:05 AM,51.5,544,28016.0,7371983.429999997
2025-08-01 09:21:13 AM,51.52,10,515.2,7372498.629999997
2025-08-01 09:21:22 AM,51.53,10,515.3,7373013.929999997
2025-08-01 09:21:36 AM,51.54,0,0.0,7373013.929999997
2025-08-01 09:21:37 AM,51.54,10,515.4,7373529.329999997
2025-08-01 09:21:39 AM,51.58,0,0.0,7373529.329999997
2025-08-01 09:21:44 AM,51.58,5937,306230.45999999996,7679759.789999997
2025-08-01 09:21:45 AM,51.52,1500,77280.0,7757039.789999997
2025-08-01 09:21:51 AM,51.5,0,0.0,7757039.789999997
2025-08-01 09:21:52 AM,51.5,13296,684744.0,8441783.789999997
2025-08-01 09:21:53 AM,51.46,50,2573.0,8444356.789999997
2025-08-01 09:22:12 AM,51.44,0,0.0,8444356.789999997
2025-08-01 09:22:15 AM,51.38,501,25741.38,8470098.169999998
2025-08-01 09:22:19 AM,51.37,0,0.0,8470098.169999998
2025-08-01 09:22:22 AM,51.46,1172,60311.12,8530409.289999997
2025-08-01 09:22:37 AM,51.37,172,8835.64,8539244.929999998
2025-08-01 09:22:47 AM,51.35,182,9345.7,8548590.629999997
2025-08-01 09:23:00 AM,51.35,943,48423.05,8597013.679999998
2025-08-01 09:23:06 AM,51.34,0,0.0,8597013.679999998
2025-08-01 09:23:08 AM,51.34,172,8830.480000000001,8605844.159999998
2025-08-01 09:23:11 AM,51.35,0,0.0,8605844.159999998
2025-08-01 09:23:16 AM,51.4,60,3084.0,8608928.159999998
2025-08-01 09:23:23 AM,51.35,160,8216.0,8617144.159999998
2025-08-01 09:23:31 AM,51.34,225,11551.5,8628695.659999998
2025-08-01 09:23:45 AM,51.31,0,0.0,8628695.659999998
2025-08-01 09:23:46 AM,51.31,2,102.62,8628798.279999997
2025-08-01 09:23:48 AM,51.3,621,31857.3,8660655.579999998
2025-08-01 09:24:03 AM,51.24,25,1281.0,8661936.579999998
2025-08-01 09:24:18 AM,51.34,0,0.0,8661936.579999998
2025-08-01 09:24:24 AM,51.34,10000,513400.00000000006,9175336.579999998
2025-08-01 09:24:30 AM,51.31,0,0.0,9175336.579999998
2025-08-01 09:24:32 AM,51.31,10,513.1,9175849.679999998
2025-08-01 09:25:08 AM,51.25,0,0.0,9175849.679999998
2025-08-01 09:25:09 AM,51.25,2,102.5,9175952.179999998
2025-08-01 09:25:27 AM,51.21,0,0.0,9175952.179999998
2025-08-01 09:25:32 AM,51.3,755,38731.5,9214683.679999998
2025-08-01 09:25:39 AM,51.28,9297,476750.16000000003,9691433.839999998
2025-08-01 09:25:56 AM,51.21,0,0.0,9691433.839999998
2025-08-01 09:25:57 AM,51.21,107,5479.47,9696913.309999999
2025-08-01 09:26:02 AM,51.2,177,9062.4,9705975.709999999
2025-08-01 09:26:12 AM,51.2,11,563.2,9706538.909999998
2025-08-01 09:26:17 AM,51.2,60,3072.0,9709610.909999998
2025-08-01 09:26:19 AM,51.2,2,102.4,9709713.309999999
2025-08-01 09:26:25 AM,51.2,11,563.2,9710276.509999998
2025-08-01 09:26:33 AM,51.2,11,563.2,9710839.709999997
2025-08-01 09:26:36 AM,51.25,0,0.0,9710839.709999997
2025-08-01 09:26:40 AM,51.21,0,0.0,9710839.709999997
2025-08-01 09:26:41 AM,51.21,1713,87722.73,9798562.439999998
2025-08-01 09:26:45 AM,51.24,0,0.0,9798562.439999998
2025-08-01 09:26:48 AM,51.24,11,563.64,9799126.079999998
2025-08-01 09:26:55 AM,51.29,0,0.0,9799126.079999998
2025-08-01 09:26:55 AM,51.29,120,6154.8,9805280.879999999
2025-08-01 09:27:07 AM,51.24,0,0.0,9805280.879999999
2025-08-01 09:27:11 AM,51.24,11,563.64,9805844.52
2025-08-01 09:27:16 AM,51.3,0,0.0,9805844.52
2025-08-01 09:27:18 AM,51.3,4286,219871.8,10025716.32
2025-08-01 09:27:21 AM,51.33,0,0.0,10025716.32
2025-08-01 09:27:25 AM,51.33,11,564.63,10026280.950000001
2025-08-01 09:27:26 AM,51.37,0,0.0,10026280.950000001
2025-08-01 09:27:27 AM,51.37,18,924.66,10027205.610000001
2025-08-01 09:27:40 AM,51.41,100,5141.0,10032346.610000001
2025-08-01 09:27:41 AM,51.37,1,51.37,10032397.98
2025-08-01 09:27:48 AM,51.37,1005,51626.85,10084024.83
2025-08-01 09:27:52 AM,51.39,0,0.0,10084024.83
2025-08-01 09:27:56 AM,51.39,2,102.78,10084127.61
2025-08-01 09:27:57 AM,51.37,0,0.0,10084127.61
2025-08-01 09:28:02 AM,51.38,0,0.0,10084127.61
2025-08-01 09:28:03 AM,51.38,151,7758.38,10091885.99
2025-08-01 09:28:08 AM,51.34,0,0.0,10091885.99
2025-08-01 09:28:11 AM,51.34,54,2772.36,10094658.35
2025-08-01 09:28:20 AM,51.3,11,564.3,10095222.65
2025-08-01 09:28:32 AM,51.31,0,0.0,10095222.65
2025-08-01 09:28:34 AM,51.32,13,667.16,10095889.81
2025-08-01 09:28:57 AM,51.35,1209,62082.15,10157971.96
2025-08-01 09:29:04 AM,51.33,11,564.63,10158536.590000002
2025-08-01 09:29:12 AM,51.28,2352,120610.56,10279147.150000002
2025-08-01 09:29:16 AM,51.26,0,0.0,10279147.150000002
2025-08-01 09:29:20 AM,51.26,11,563.86,10279711.010000002
2025-08-01 09:29:35 AM,51.29,119,6103.51,10285814.520000001
2025-08-01 09:29:42 AM,51.29,5,256.45,10286070.97
2025-08-01 09:29:57 AM,51.25,11,563.75,10286634.72
2025-08-01 09:30:06 AM,51.24,464,23775.36,10310410.08
2025-08-01 09:30:12 AM,51.2,797,40806.4,10351216.48
2025-08-01 09:30:24 AM,51.15,0,0.0,10351216.48
2025-08-01 09:30:27 AM,51.15,390,19948.5,10371164.98
2025-08-01 09:30:31 AM,51.27,0,0.0,10371164.98
2025-08-01 09:30:35 AM,51.24,5547,284228.28,10655393.26
2025-08-01 09:31:12 AM,51.2,200,10240.0,10665633.26
2025-08-01 09:31:12 AM,51.24,3000,153720.0,10819353.26
2025-08-01 09:31:37 AM,51.16,0,0.0,10819353.26
2025-08-01 09:31:40 AM,51.16,12,613.92,10819967.18
2025-08-01 09:31:54 AM,51.15,0,0.0,10819967.18
2025-08-01 09:31:54 AM,51.15,96,4910.4,10824877.58
2025-08-01 09:32:01 AM,51.15,12,613.8,10825491.38
2025-08-01 09:32:15 AM,51.15,156,7979.4,10833470.780000001
2025-08-01 09:32:29 AM,51.2,0,0.0,10833470.780000001
2025-08-01 09:32:29 AM,51.2,500,25600.0,10859070.780000001
2025-08-01 09:32:50 AM,51.17,1,51.17,10859121.950000001
2025-08-01 09:32:57 AM,51.18,40,2047.2,10861169.15
2025-08-01 09:33:25 AM,51.17,0,0.0,10861169.15
2025-08-01 09:33:25 AM,51.17,198,10131.66,10871300.81
2025-08-01 09:33:31 AM,51.2,0,0.0,10871300.81
2025-08-01 09:33:32 AM,51.2,2000,102400.0,10973700.81
2025-08-01 09:33:32 AM,51.2,13,665.6,10974366.41
2025-08-01 09:33:52 AM,51.2,13,665.6,10975032.01
2025-08-01 09:33:59 AM,51.2,4518,231321.6,11206353.61
2025-08-01 09:34:05 AM,51.27,0,0.0,11206353.61
2025-08-01 09:34:06 AM,51.27,119,6101.13,11212454.74
2025-08-01 09:34:14 AM,51.29,165,8462.85,11220917.59
2025-08-01 09:35:00 AM,51.26,0,0.0,11220917.59
2025-08-01 09:35:02 AM,51.26,5,256.3,11221173.89
2025-08-01 09:35:02 AM,51.21,94,4813.74,11225987.63
2025-08-01 09:35:09 AM,51.21,57,2918.9700000000003,11228906.600000001
2025-08-01 09:35:10 AM,51.22,0,0.0,11228906.600000001
2025-08-01 09:35:10 AM,51.22,14,717.0799999999999,11229623.680000002
2025-08-01 09:35:30 AM,51.19,0,0.0,11229623.680000002
2025-08-01 09:35:30 AM,51.19,25,1279.75,11230903.430000002
2025-08-01 09:35:40 AM,51.2,0,0.0,11230903.430000002
2025-08-01 09:35:44 AM,51.2,14,716.8000000000001,11231620.230000002
2025-08-01 09:36:00 AM,51.17,0,0.0,11231620.230000002
2025-08-01 09:36:04 AM,51.17,14,716.38,11232336.610000003
2025-08-01 09:36:16 AM,51.24,0,0.0,11232336.610000003
2025-08-01 09:36:17 AM,51.24,1014,51957.36,11284293.970000003
2025-08-01 09:36:36 AM,51.2,0,0.0,11284293.970000003
2025-08-01 09:36:37 AM,51.2,15,768.0,11285061.970000003
2025-08-01 09:36:40 AM,51.27,0,0.0,11285061.970000003
2025-08-01 09:36:43 AM,51.27,100,5127.0,11290188.970000003
2025-08-01 09:36:44 AM,51.23,0,0.0,11290188.970000003
2025-08-01 09:36:50 AM,51.23,17,870.91,11291059.880000003
2025-08-01 09:36:57 AM,51.23,15,768.4499999999999,11291828.330000002
2025-08-01 09:37:23 AM,50.88,0,0.0,11291828.330000002
2025-08-01 09:37:24 AM,50.88,46839,2383168.3200000003,13674996.650000002
2025-08-01 09:37:31 AM,50.87,16,813.92,13675810.570000002
2025-08-01 09:37:42 AM,50.92,0,0.0,13675810.570000002
2025-08-01 09:37:45 AM,50.89,213,10839.57,13686650.140000002
2025-08-01 09:38:03 AM,50.9,0,0.0,13686650.140000002
2025-08-01 09:38:05 AM,50.9,100,5090.0,13691740.140000002
2025-08-01 09:38:05 AM,50.9,10,509.0,13692249.140000002
2025-08-01 09:38:10 AM,50.91,0,0.0,13692249.140000002
2025-08-01 09:38:12 AM,50.99,5116,260864.84,13953113.980000002
2025-08-01 09:38:20 AM,50.92,0,0.0,13953113.980000002
2025-08-01 09:38:25 AM,50.92,16,814.72,13953928.700000003
2025-08-01 09:38:45 AM,50.92,516,26274.72,13980203.420000004
2025-08-01 09:38:56 AM,50.93,0,0.0,13980203.420000004
2025-08-01 09:38:57 AM,50.94,0,0.0,13980203.420000004
2025-08-01 09:38:58 AM,50.97,111,5657.67,13985861.090000004
2025-08-01 09:39:19 AM,50.96,25,1274.0,13987135.090000004
2025-08-01 09:39:25 AM,50.97,0,0.0,13987135.090000004
2025-08-01 09:39:26 AM,50.97,1000,50970.0,14038105.090000004
2025-08-01 09:39:37 AM,50.94,0,0.0,14038105.090000004
2025-08-01 09:39:39 AM,50.94,175,8914.5,14047019.590000004
2025-08-01 09:39:39 AM,50.94,17,865.98,14047885.570000004
2025-08-01 09:40:05 AM,50.96,47003,2395272.88,16443158.450000003
2025-08-01 09:40:12 AM,51.02,3000,153060.0,16596218.450000003
2025-08-01 09:40:18 AM,51.02,1018,51938.36,16648156.810000002
2025-08-01 09:40:31 AM,50.97,219,11162.43,16659319.240000002
2025-08-01 09:40:36 AM,50.99,0,0.0,16659319.240000002
2025-08-01 09:40:38 AM,50.96,118,6013.28,16665332.520000001
2025-08-01 09:40:39 AM,51.02,1,51.02,16665383.540000001
2025-08-01 09:40:52 AM,51.03,20,1020.6,16666404.14
2025-08-01 09:40:58 AM,51.05,867,44260.35,16710664.49
2025-08-01 09:41:03 AM,51.0,0,0.0,16710664.49
2025-08-01 09:41:04 AM,51.0,20,1020.0,16711684.49
2025-08-01 09:41:11 AM,51.06,1,51.06,16711735.55
2025-08-01 09:41:18 AM,51.06,102,5208.12,16716943.67
2025-08-01 09:41:37 AM,51.09,38,1941.42,16718885.09
2025-08-01 09:42:03 AM,51.08,157,8019.5599999999995,16726904.65
2025-08-01 09:42:21 AM,51.09,0,0.0,16726904.65
2025-08-01 09:42:23 AM,51.12,659,33688.08,16760592.73
2025-08-01 09:42:43 AM,51.0,0,0.0,16760592.73
2025-08-01 09:42:44 AM,51.0,7285,371535.0,17132127.73
2025-08-01 09:42:57 AM,50.99,23,1172.77,17133300.5
2025-08-01 09:43:07 AM,51.0,0,0.0,17133300.5
2025-08-01 09:43:09 AM,50.99,37,1886.63,17135187.13
2025-08-01 09:43:15 AM,51.03,0,0.0,17135187.13
2025-08-01 09:43:16 AM,51.03,11,561.33,17135748.459999997
2025-08-01 09:43:39 AM,50.98,0,0.0,17135748.459999997
2025-08-01 09:43:39 AM,50.99,0,0.0,17135748.459999997
2025-08-01 09:43:42 AM,50.99,759,38701.41,17174449.869999997
2025-08-01 09:43:55 AM,50.99,2,101.98,17174551.849999998
2025-08-01 09:43:55 AM,50.98,0,0.0,17174551.849999998
2025-08-01 09:43:56 AM,50.98,42,2141.16,17176693.009999998
2025-08-01 09:44:01 AM,50.98,129,6576.419999999999,17183269.43
2025-08-01 09:44:08 AM,50.98,100,5098.0,17188367.43
2025-08-01 09:44:22 AM,50.98,50,2549.0,17190916.43
2025-08-01 09:44:29 AM,50.98,94,4792.12,17195708.55
2025-08-01 09:44:31 AM,51.0,0,0.0,17195708.55
2025-08-01 09:44:35 AM,51.0,5000,255000.0,17450708.55
2025-08-01 09:45:07 AM,50.98,25,1274.5,17451983.05
2025-08-01 09:45:20 AM,50.98,25,1274.5,17453257.55
2025-08-01 09:45:28 AM,50.98,25,1274.5,17454532.05
2025-08-01 09:45:31 AM,50.99,0,0.0,17454532.05
2025-08-01 09:45:33 AM,50.99,10016,510715.84,17965247.89
2025-08-01 09:45:39 AM,50.99,25,1274.75,17966522.64
2025-08-01 09:45:47 AM,51.03,0,0.0,17966522.64
2025-08-01 09:45:47 AM,51.03,19,969.57,17967492.21
2025-08-01 09:45:51 AM,50.99,0,0.0,17967492.21
2025-08-01 09:45:53 AM,50.99,49,2498.51,17969990.720000003
2025-08-01 09:45:59 AM,50.99,1,50.99,17970041.71
2025-08-01 09:46:05 AM,50.96,0,0.0,17970041.71
2025-08-01 09:46:05 AM,50.96,1000,50960.0,18021001.71
2025-08-01 09:46:36 AM,51.02,0,0.0,18021001.71
2025-08-01 09:46:38 AM,51.02,1,51.02,18021052.73
2025-08-01 09:46:45 AM,51.1,0,0.0,18021052.73
2025-08-01 09:46:46 AM,51.1,8645,441759.5,18462812.23
2025-08-01 09:47:00 AM,51.16,0,0.0,18462812.23
2025-08-01 09:47:03 AM,51.16,2,102.32,18462914.55
2025-08-01 09:47:09 AM,51.16,20,1023.1999999999999,18463937.75
2025-08-01 09:47:20 AM,51.13,0,0.0,18463937.75
2025-08-01 09:47:21 AM,51.13,59,3016.67,18466954.42
2025-08-01 09:47:30 AM,51.13,1,51.13,18467005.55
2025-08-01 09:47:34 AM,51.13,12,613.5600000000001,18467619.11
2025-08-01 09:47:41 AM,51.13,95,4857.35,18472476.46
2025-08-01 09:48:10 AM,51.13,2,102.26,18472578.720000003
2025-08-01 09:48:20 AM,51.13,5,255.65,18472834.37
2025-08-01 09:48:39 AM,51.13,1988,101646.44,18574480.810000002
2025-08-01 09:49:01 AM,51.1,500,25550.0,18600030.810000002
2025-08-01 09:49:11 AM,51.1,358,18293.8,18618324.610000003
2025-08-01 09:49:28 AM,51.14,0,0.0,18618324.610000003
2025-08-01 09:49:29 AM,51.14,2952,150965.28,18769289.890000004
2025-08-01 09:51:11 AM,51.16,2000,102320.0,18871609.890000004
2025-08-01 09:51:38 AM,51.14,0,0.0,18871609.890000004
2025-08-01 09:51:38 AM,51.14,251,12836.14,18884446.030000005
2025-08-01 09:52:22 AM,51.14,421,21529.94,18905975.970000006
2025-08-01 09:52:25 AM,51.14,79,4040.06,18910016.030000005
2025-08-01 09:52:43 AM,51.13,0,0.0,18910016.030000005
2025-08-01 09:52:43 AM,51.13,58,2965.54,18912981.570000004
2025-08-01 09:53:01 AM,51.15,100,5115.0,18918096.570000004
2025-08-01 09:53:34 AM,51.13,144,7362.72,18925459.290000003
2025-08-01 09:53:40 AM,51.13,285,14572.050000000001,18940031.340000004
2025-08-01 09:53:59 AM,51.13,46,2351.98,18942383.320000004
2025-08-01 09:54:04 AM,51.13,1002,51232.26,18993615.580000006
2025-08-01 09:54:16 AM,51.1,9730,497203.0,19490818.580000006
2025-08-01 09:54:43 AM,51.03,0,0.0,19490818.580000006
2025-08-01 09:54:47 AM,51.03,1,51.03,19490869.610000007
2025-08-01 09:55:22 AM,51.03,1,51.03,19490920.640000008
2025-08-01 09:55:29 AM,51.05,75,3828.75,19494749.390000008
2025-08-01 09:55:34 AM,51.03,0,0.0,19494749.390000008
2025-08-01 09:55:34 AM,51.03,400,20412.0,19515161.390000008
2025-08-01 09:55:35 AM,51.05,2,102.1,19515263.49000001
2025-08-01 09:55:46 AM,51.05,50,2552.5,19517815.99000001
2025-08-01 09:56:17 AM,51.05,75,3828.75,19521644.74000001
2025-08-01 09:56:19 AM,51.04,0,0.0,19521644.74000001
2025-08-01 09:56:21 AM,51.05,0,0.0,19521644.74000001
2025-08-01 09:56:22 AM,51.05,487,24861.35,19546506.09000001
2025-08-01 09:56:28 AM,51.0,866,44166.0,19590672.09000001
2025-08-01 09:56:44 AM,50.99,0,0.0,19590672.09000001
2025-08-01 09:56:46 AM,50.99,322,16418.78,19607090.870000012
2025-08-01 09:57:33 AM,50.96,1,50.96,19607141.830000013
2025-08-01 09:57:41 AM,50.98,0,0.0,19607141.830000013
2025-08-01 09:57:42 AM,50.98,50,2549.0,19609690.830000013
2025-08-01 09:58:10 AM,50.96,0,0.0,19609690.830000013
2025-08-01 09:58:10 AM,50.96,1,50.96,19609741.790000014
2025-08-01 09:58:16 AM,50.95,1,50.95,19609792.740000013
2025-08-01 09:58:28 AM,50.98,250,12745.0,19622537.740000013
2025-08-01 09:58:58 AM,50.94,0,0.0,19622537.740000013
2025-08-01 09:58:58 AM,50.94,994,50634.36,19673172.100000013
2025-08-01 09:59:06 AM,50.91,0,0.0,19673172.100000013
2025-08-01 09:59:07 AM,50.91,1,50.91,19673223.010000013
2025-08-01 09:59:12 AM,50.94,0,0.0,19673223.010000013
2025-08-01 09:59:13 AM,50.94,10,509.4,19673732.41000001
2025-08-01 09:59:26 AM,50.92,1,50.92,19673783.330000013
2025-08-01 09:59:44 AM,50.91,0,0.0,19673783.330000013
2025-08-01 09:59:45 AM,50.91,1,50.91,19673834.240000013
2025-08-01 09:59:59 AM,50.88,0,0.0,19673834.240000013
2025-08-01 10:00:00 AM,50.88,16820,855801.6000000001,20529635.840000015
2025-08-01 10:00:06 AM,50.87,5,254.35,20529890.190000016
2025-08-01 10:00:29 AM,50.87,200,10174.0,20540064.190000016
2025-08-01 10:00:44 AM,50.8,5000,254000.0,20794064.190000016
2025-08-01 10:01:02 AM,50.85,0,0.0,20794064.190000016
2025-08-01 10:01:03 AM,50.85,164,8339.4,20802403.590000015
2025-08-01 10:01:15 AM,50.9,0,0.0,20802403.590000015
2025-08-01 10:01:16 AM,50.9,1,50.9,20802454.490000013
2025-08-01 10:01:35 AM,50.85,0,0.0,20802454.490000013
2025-08-01 10:01:38 AM,50.85,1339,68088.15000000001,20870542.64000001
2025-08-01 10:02:22 AM,50.91,0,0.0,20870542.64000001
2025-08-01 10:02:22 AM,50.91,350,17818.5,20888361.14000001
2025-08-01 10:02:55 AM,50.9,50,2545.0,20890906.14000001
2025-08-01 10:03:47 AM,50.92,555,28260.600000000002,20919166.740000013
2025-08-01 10:03:53 AM,50.99,1445,73680.55,20992847.290000014
2025-08-01 10:03:57 AM,50.96,27,1375.92,20994223.210000016
2025-08-01 10:04:53 AM,50.96,5,254.8,20994478.010000017
2025-08-01 10:05:08 AM,50.96,130,6624.8,21001102.810000017
2025-08-01 10:05:36 AM,50.95,1,50.95,21001153.760000017
2025-08-01 10:06:29 AM,50.91,0,0.0,21001153.760000017
2025-08-01 10:06:30 AM,50.91,106,5396.46,21006550.220000017
2025-08-01 10:06:41 AM,50.9,0,0.0,21006550.220000017
2025-08-01 10:06:42 AM,50.9,99,5039.099999999999,21011589.32000002
2025-08-01 10:06:44 AM,50.9,47,2392.2999999999997,21013981.62000002
2025-08-01 10:06:48 AM,50.9,364,18527.6,21032509.22000002
2025-08-01 10:06:50 AM,50.9,500,25450.0,21057959.22000002
2025-08-01 10:06:54 AM,50.85,394,20034.9,21077994.12000002
2025-08-01 10:07:00 AM,50.85,659,33510.15,21111504.27000002
2025-08-01 10:07:15 AM,50.82,1087,55241.340000000004,21166745.610000018
2025-08-01 10:07:25 AM,50.85,151,7678.35,21174423.96000002
2025-08-01 10:07:32 AM,50.87,80,4069.6,21178493.56000002
2025-08-01 10:07:37 AM,50.85,167,8491.95,21186985.51000002
2025-08-01 10:07:48 AM,50.92,0,0.0,21186985.51000002
2025-08-01 10:07:50 AM,50.92,2228,113449.76000000001,21300435.270000022
2025-08-01 10:07:56 AM,50.86,40,2034.4,21302469.67000002
2025-08-01 10:08:23 AM,50.9,6,305.4,21302775.07000002
2025-08-01 10:09:21 AM,50.97,0,0.0,21302775.07000002
2025-08-01 10:09:21 AM,50.97,410,20897.7,21323672.77000002
2025-08-01 10:09:26 AM,51.0,0,0.0,21323672.77000002
2025-08-01 10:09:26 AM,51.0,1515,77265.0,21400937.77000002
2025-08-01 10:09:38 AM,50.93,0,0.0,21400937.77000002
2025-08-01 10:09:38 AM,50.93,41,2088.13,21403025.900000017
2025-08-01 10:09:53 AM,50.97,0,0.0,21403025.900000017
2025-08-01 10:09:55 AM,50.97,201,10244.97,21413270.870000016
2025-08-01 10:10:06 AM,50.98,0,0.0,21413270.870000016
2025-08-01 10:10:06 AM,50.98,5,254.89999999999998,21413525.770000014
2025-08-01 10:10:12 AM,50.98,21,1070.58,21414596.350000013
2025-08-01 10:10:38 AM,50.99,22,1121.78,21415718.130000014
2025-08-01 10:10:54 AM,51.0,75,3825.0,21419543.130000014
2025-08-01 10:10:56 AM,51.0,75,3825.0,21423368.130000014
2025-08-01 10:11:07 AM,51.0,18,918.0,21424286.130000014
2025-08-01 10:11:47 AM,50.99,15,764.85,21425050.980000015
2025-08-01 10:12:03 AM,50.94,0,0.0,21425050.980000015
2025-08-01 10:12:04 AM,50.94,112,5705.28,21430756.260000017
2025-08-01 10:12:08 AM,51.0,0,0.0,21430756.260000017
2025-08-01 10:12:10 AM,51.0,5010,255510.0,21686266.260000017
2025-08-01 10:12:22 AM,51.0,500,25500.0,21711766.260000017
2025-08-01 10:12:45 AM,51.0,300,15300.0,21727066.260000017
2025-08-01 10:13:56 AM,51.0,100,5100.0,21732166.260000017
2025-08-01 10:14:19 AM,51.0,2,102.0,21732268.260000017
2025-08-01 10:15:01 AM,50.95,0,0.0,21732268.260000017
2025-08-01 10:15:05 AM,50.95,3,152.85000000000002,21732421.110000018
2025-08-01 10:15:20 AM,50.96,0,0.0,21732421.110000018
2025-08-01 10:15:23 AM,50.96,20,1019.2,21733440.310000017
2025-08-01 10:15:41 AM,51.0,30,1530.0,21734970.310000017
2025-08-01 10:16:28 AM,51.0,75,3825.0,21738795.310000017
2025-08-01 10:16:56 AM,51.0,347,17697.0,21756492.310000017
2025-08-01 10:17:22 AM,51.08,0,0.0,21756492.310000017
2025-08-01 10:17:24 AM,51.08,5005,255655.4,22012147.710000016
2025-08-01 10:17:47 AM,51.04,0,0.0,22012147.710000016
2025-08-01 10:17:48 AM,51.04,1,51.04,22012198.750000015
2025-08-01 10:18:16 AM,51.01,0,0.0,22012198.750000015
2025-08-01 10:18:17 AM,51.01,1091,55651.909999999996,22067850.660000015
2025-08-01 10:18:34 AM,51.01,50,2550.5,22070401.160000015
2025-08-01 10:18:40 AM,51.0,10752,548352.0,22618753.160000015
2025-08-01 10:19:03 AM,51.0,96,4896.0,22623649.160000015
2025-08-01 10:19:09 AM,51.02,0,0.0,22623649.160000015
2025-08-01 10:19:09 AM,51.02,247,12601.94,22636251.100000016
2025-08-01 10:19:18 AM,51.04,0,0.0,22636251.100000016
2025-08-01 10:19:20 AM,51.04,253,12913.119999999999,22649164.220000017
2025-08-01 10:19:54 AM,51.0,0,0.0,22649164.220000017
2025-08-01 10:19:54 AM,51.0,254,12954.0,22662118.220000017
2025-08-01 10:20:06 AM,50.99,1,50.99,22662169.210000016
2025-08-01 10:20:26 AM,50.95,0,0.0,22662169.210000016
2025-08-01 10:20:28 AM,50.95,450,22927.5,22685096.710000016
2025-08-01 10:20:38 AM,51.0,0,0.0,22685096.710000016
2025-08-01 10:20:40 AM,51.0,4,204.0,22685300.710000016
2025-08-01 10:21:16 AM,50.96,1,50.96,22685351.670000017
2025-08-01 10:21:26 AM,50.96,1,50.96,22685402.630000018
2025-08-01 10:21:27 AM,50.95,0,0.0,22685402.630000018
2025-08-01 10:21:28 AM,50.95,1,50.95,22685453.580000017
2025-08-01 10:21:31 AM,50.95,3,152.85000000000002,22685606.43000002
2025-08-01 10:21:35 AM,50.96,0,0.0,22685606.43000002
2025-08-01 10:21:36 AM,50.96,1,50.96,22685657.39000002
2025-08-01 10:22:03 AM,50.97,0,0.0,22685657.39000002
2025-08-01 10:22:05 AM,50.97,1,50.97,22685708.360000018
2025-08-01 10:22:29 AM,50.98,0,0.0,22685708.360000018
2025-08-01 10:22:30 AM,50.98,1,50.98,22685759.34000002
2025-08-01 10:23:14 AM,50.99,0,0.0,22685759.34000002
2025-08-01 10:23:15 AM,50.99,1,50.99,22685810.330000017
2025-08-01 10:24:05 AM,51.0,0,0.0,22685810.330000017
2025-08-01 10:24:06 AM,51.0,15,765.0,22686575.330000017
2025-08-01 10:24:25 AM,51.0,1,51.0,22686626.330000017
2025-08-01 10:24:36 AM,51.0,300,15300.0,22701926.330000017
2025-08-01 10:24:47 AM,51.0,1,51.0,22701977.330000017
2025-08-01 10:24:56 AM,51.0,1,51.0,22702028.330000017
2025-08-01 10:24:58 AM,51.0,1,51.0,22702079.330000017
2025-08-01 10:25:01 AM,51.0,2,102.0,22702181.330000017
2025-08-01 10:25:13 AM,51.0,1,51.0,22702232.330000017
2025-08-01 10:25:16 AM,51.0,75,3825.0,22706057.330000017
2025-08-01 10:25:18 AM,51.01,0,0.0,22706057.330000017
2025-08-01 10:25:19 AM,51.01,306,15609.06,22721666.390000015
2025-08-01 10:25:22 AM,51.01,86,4386.86,22726053.250000015
2025-08-01 10:25:29 AM,51.04,0,0.0,22726053.250000015
2025-08-01 10:25:30 AM,51.0,941,47991.0,22774044.250000015
2025-08-01 10:25:32 AM,51.04,1,51.04,22774095.290000014
2025-08-01 10:25:36 AM,51.04,2,102.08,22774197.370000012
2025-08-01 10:25:38 AM,51.04,102,5206.08,22779403.45000001
2025-08-01 10:25:41 AM,51.04,28,1429.12,22780832.57000001
2025-08-01 10:25:44 AM,51.04,1,51.04,22780883.61000001
2025-08-01 10:25:47 AM,51.04,1,51.04,22780934.65000001
2025-08-01 10:25:49 AM,51.04,1,51.04,22780985.69000001
2025-08-01 10:25:52 AM,51.04,1,51.04,22781036.730000008
2025-08-01 10:25:55 AM,51.05,240,12252.0,22793288.730000008
2025-08-01 10:25:56 AM,51.09,0,0.0,22793288.730000008
2025-08-01 10:25:58 AM,51.09,2,102.18,22793390.910000008
2025-08-01 10:26:00 AM,51.09,1,51.09,22793442.000000007
2025-08-01 10:26:11 AM,51.08,0,0.0,22793442.000000007
2025-08-01 10:26:11 AM,51.08,2,102.16,22793544.160000008
2025-08-01 10:26:17 AM,51.08,3,153.24,22793697.400000006
2025-08-01 10:26:22 AM,51.08,1,51.08,22793748.480000004
2025-08-01 10:26:48 AM,51.12,0,0.0,22793748.480000004
2025-08-01 10:26:49 AM,51.12,2200,112464.0,22906212.480000004
2025-08-01 10:26:50 AM,51.1,0,0.0,22906212.480000004
2025-08-01 10:26:51 AM,51.1,1,51.1,22906263.580000006
2025-08-01 10:27:03 AM,51.1,1,51.1,22906314.680000007
2025-08-01 10:27:09 AM,51.08,0,0.0,22906314.680000007
2025-08-01 10:27:09 AM,51.08,2,102.16,22906416.840000007
2025-08-01 10:27:11 AM,51.09,0,0.0,22906416.840000007
2025-08-01 10:27:12 AM,51.11,3,153.32999999999998,22906570.170000006
2025-08-01 10:27:20 AM,51.11,1,51.11,22906621.280000005
2025-08-01 10:27:23 AM,51.07,4,204.28,22906825.560000006
2025-08-01 10:27:30 AM,51.08,0,0.0,22906825.560000006
2025-08-01 10:27:31 AM,51.08,1,51.08,22906876.640000004
2025-08-01 10:27:42 AM,51.09,0,0.0,22906876.640000004
2025-08-01 10:27:42 AM,51.09,1,51.09,22906927.730000004
2025-08-01 10:27:56 AM,51.09,1,51.09,22906978.820000004
2025-08-01 10:28:01 AM,51.09,14,715.26,22907694.080000006
2025-08-01 10:28:02 AM,51.1,0,0.0,22907694.080000006
2025-08-01 10:28:04 AM,51.1,1,51.1,22907745.180000007
2025-08-01 10:28:29 AM,51.06,0,0.0,22907745.180000007
2025-08-01 10:28:31 AM,51.06,2,102.12,22907847.30000001
2025-08-01 10:28:45 AM,51.05,0,0.0,22907847.30000001
2025-08-01 10:28:45 AM,51.05,1,51.05,22907898.35000001
2025-08-01 10:28:53 AM,51.07,1,51.07,22907949.42000001
2025-08-01 10:28:58 AM,51.06,1,51.06,22908000.480000008
2025-08-01 10:29:00 AM,51.08,0,0.0,22908000.480000008
2025-08-01 10:29:02 AM,51.08,1,51.08,22908051.560000006
2025-08-01 10:29:02 AM,51.06,0,0.0,22908051.560000006
2025-08-01 10:29:04 AM,51.08,0,0.0,22908051.560000006
2025-08-01 10:29:04 AM,51.08,2,102.16,22908153.720000006
2025-08-01 10:29:07 AM,51.08,2,102.16,22908255.880000006
2025-08-01 10:29:10 AM,51.08,2,102.16,22908358.040000007
2025-08-01 10:29:13 AM,51.08,3,153.24,22908511.280000005
2025-08-01 10:29:15 AM,51.08,1,51.08,22908562.360000003
2025-08-01 10:29:19 AM,51.08,4,204.32,22908766.680000003
2025-08-01 10:29:21 AM,51.08,1,51.08,22908817.76
2025-08-01 10:29:24 AM,51.08,3,153.24,22908971.0
2025-08-01 10:29:26 AM,51.08,1,51.08,22909022.08
2025-08-01 10:29:29 AM,51.08,49,2502.92,22911525.0
2025-08-01 10:29:32 AM,51.08,2,102.16,22911627.16
2025-08-01 10:29:35 AM,51.1,1001,51151.1,22962778.26
2025-08-01 10:30:11 AM,51.09,0,0.0,22962778.26
2025-08-01 10:30:11 AM,51.09,85,4342.650000000001,22967120.91
2025-08-01 10:30:51 AM,51.08,1,51.08,22967171.99
2025-08-01 10:30:52 AM,51.07,0,0.0,22967171.99
2025-08-01 10:30:54 AM,51.07,1,51.07,22967223.06
2025-08-01 10:30:56 AM,51.05,0,0.0,22967223.06
2025-08-01 10:30:57 AM,51.05,300,15315.0,22982538.06
2025-08-01 10:31:17 AM,51.06,0,0.0,22982538.06
2025-08-01 10:31:17 AM,51.06,2,102.12,22982640.18
2025-08-01 10:32:07 AM,51.1,0,0.0,22982640.18
2025-08-01 10:32:07 AM,51.1,1499,76598.90000000001,23059239.08
2025-08-01 10:32:16 AM,51.15,0,0.0,23059239.08
2025-08-01 10:32:17 AM,51.15,20,1023.0,23060262.08
2025-08-01 10:32:27 AM,51.15,391,19999.649999999998,23080261.729999997
2025-08-01 10:32:48 AM,51.15,300,15345.0,23095606.729999997
2025-08-01 10:33:56 AM,51.1,160,8176.0,23103782.729999997
2025-08-01 10:34:49 AM,51.15,20,1023.0,23104805.729999997
2025-08-01 10:35:26 AM,51.1,0,0.0,23104805.729999997
2025-08-01 10:35:26 AM,51.1,1000,51100.0,23155905.729999997
2025-08-01 10:35:38 AM,51.1,1,51.1,23155956.83
2025-08-01 10:35:40 AM,51.1,1,51.1,23156007.93
2025-08-01 10:35:43 AM,51.1,1,51.1,23156059.03
2025-08-01 10:35:49 AM,51.11,2,102.22,23156161.25
2025-08-01 10:35:50 AM,51.1,0,0.0,23156161.25
2025-08-01 10:35:51 AM,51.1,1,51.1,23156212.35
2025-08-01 10:35:54 AM,51.1,2,102.2,23156314.55
2025-08-01 10:35:57 AM,51.1,1,51.1,23156365.650000002
2025-08-01 10:36:00 AM,51.1,1,51.1,23156416.750000004
2025-08-01 10:36:02 AM,51.1,1,51.1,23156467.850000005
2025-08-01 10:36:05 AM,51.1,25,1277.5,23157745.350000005
2025-08-01 10:36:08 AM,51.1,36,1839.6000000000001,23159584.950000007
2025-08-01 10:36:14 AM,51.1,13,664.3000000000001,23160249.250000007
2025-08-01 10:36:16 AM,51.1,150,7665.0,23167914.250000007
2025-08-01 10:36:44 AM,51.15,500,25575.0,23193489.250000007
2025-08-01 10:37:28 AM,51.11,0,0.0,23193489.250000007
2025-08-01 10:37:28 AM,51.11,40,2044.4,23195533.650000006
2025-08-01 10:37:31 AM,51.09,348,17779.32,23213312.970000006
2025-08-01 10:38:20 AM,51.07,0,0.0,23213312.970000006
2025-08-01 10:38:20 AM,51.07,460,23492.2,23236805.170000006
2025-08-01 10:38:26 AM,51.13,0,0.0,23236805.170000006
2025-08-01 10:38:27 AM,51.13,5,255.65,23237060.820000004
2025-08-01 10:38:37 AM,51.15,0,0.0,23237060.820000004
2025-08-01 10:38:38 AM,51.15,200,10230.0,23247290.820000004
2025-08-01 10:39:03 AM,51.11,0,0.0,23247290.820000004
2025-08-01 10:39:03 AM,51.11,500,25555.0,23272845.820000004
2025-08-01 10:39:35 AM,51.08,30,1532.3999999999999,23274378.220000003
2025-08-01 10:39:36 AM,51.04,0,0.0,23274378.220000003
2025-08-01 10:39:37 AM,51.04,8285,422866.39999999997,23697244.62
2025-08-01 10:39:39 AM,51.07,0,0.0,23697244.62
2025-08-01 10:39:40 AM,51.07,100,5107.0,23702351.62
2025-08-01 10:39:42 AM,51.03,0,0.0,23702351.62
2025-08-01 10:39:43 AM,51.03,1,51.03,23702402.650000002
2025-08-01 10:40:15 AM,51.04,0,0.0,23702402.650000002
2025-08-01 10:40:16 AM,51.04,1,51.04,23702453.69
2025-08-01 10:40:17 AM,51.03,0,0.0,23702453.69
2025-08-01 10:40:19 AM,51.03,1,51.03,23702504.720000003
2025-08-01 10:40:35 AM,51.08,0,0.0,23702504.720000003
2025-08-01 10:40:35 AM,51.08,813,41528.04,23744032.76
2025-08-01 10:40:41 AM,51.1,0,0.0,23744032.76
2025-08-01 10:40:41 AM,51.1,24714,1262885.4000000001,25006918.16
2025-08-01 10:40:47 AM,51.09,2,102.18,25007020.34
2025-08-01 10:41:03 AM,51.15,0,0.0,25007020.34
2025-08-01 10:41:03 AM,51.15,1,51.15,25007071.49
2025-08-01 10:44:22 AM,51.07,0,0.0,25007071.49
2025-08-01 10:44:22 AM,51.07,200,10214.0,25017285.49
2025-08-01 10:45:34 AM,51.1,0,0.0,25017285.49
2025-08-01 10:45:36 AM,51.1,10,511.0,25017796.49
2025-08-01 10:45:39 AM,51.06,4990,254789.40000000002,25272585.889999997
2025-08-01 10:47:16 AM,51.06,593,30278.58,25302864.469999995
2025-08-01 10:49:11 AM,51.06,11,561.6600000000001,25303426.129999995
2025-08-01 10:49:20 AM,51.06,100,5106.0,25308532.129999995
2025-08-01 10:49:22 AM,51.06,460,23487.600000000002,25332019.729999997
2025-08-01 10:50:03 AM,51.06,1,51.06,25332070.789999995
2025-08-01 10:50:56 AM,51.02,0,0.0,25332070.789999995
2025-08-01 10:51:00 AM,51.02,3520,179590.40000000002,25511661.189999994
2025-08-01 10:51:18 AM,51.0,0,0.0,25511661.189999994
2025-08-01 10:51:22 AM,51.0,1,51.0,25511712.189999994
2025-08-01 10:51:27 AM,51.0,1005,51255.0,25562967.189999994
2025-08-01 10:51:33 AM,51.0,4,204.0,25563171.189999994
2025-08-01 10:51:38 AM,51.0,2,102.0,25563273.189999994
2025-08-01 10:51:44 AM,51.0,1000,51000.0,25614273.189999994
2025-08-01 10:52:04 AM,51.06,0,0.0,25614273.189999994
2025-08-01 10:52:05 AM,51.06,1000,51060.0,25665333.189999994
2025-08-01 10:53:08 AM,51.02,0,0.0,25665333.189999994
2025-08-01 10:53:09 AM,51.02,52,2653.04,25667986.229999993
2025-08-01 10:53:25 AM,51.01,1000,51010.0,25718996.229999993
2025-08-01 10:53:30 AM,51.0,0,0.0,25718996.229999993
2025-08-01 10:53:31 AM,51.0,2000,102000.0,25820996.229999993
2025-08-01 10:53:32 AM,51.0,100,5100.0,25826096.229999993
2025-08-01 10:53:47 AM,51.0,1000,51000.0,25877096.229999993
2025-08-01 10:53:52 AM,51.0,2500,127500.0,26004596.229999993
2025-08-01 10:53:53 AM,51.0,1,51.0,26004647.229999993
2025-08-01 10:53:57 AM,51.02,50,2551.0,26007198.229999993
2025-08-01 10:53:58 AM,51.0,0,0.0,26007198.229999993
2025-08-01 10:53:58 AM,51.0,751,38301.0,26045499.229999993
2025-08-01 10:54:06 AM,50.98,0,0.0,26045499.229999993
2025-08-01 10:54:08 AM,50.98,1000,50980.0,26096479.229999993
2025-08-01 10:55:42 AM,51.0,0,0.0,26096479.229999993
2025-08-01 10:55:45 AM,51.0,700,35700.0,26132179.229999993
2025-08-01 10:55:51 AM,51.0,200,10200.0,26142379.229999993
2025-08-01 10:56:01 AM,50.98,20,1019.5999999999999,26143398.829999994
2025-08-01 10:58:50 AM,50.96,0,0.0,26143398.829999994
2025-08-01 10:58:51 AM,50.96,867,44182.32,26187581.149999995
2025-08-01 10:59:26 AM,51.0,200,10200.0,26197781.149999995
2025-08-01 10:59:31 AM,51.0,37,1887.0,26199668.149999995
2025-08-01 10:59:48 AM,51.0,100,5100.0,26204768.149999995
2025-08-01 11:00:22 AM,51.0,40,2040.0,26206808.149999995
2025-08-01 11:00:38 AM,51.0,50,2550.0,26209358.149999995
2025-08-01 11:00:48 AM,51.0,100,5100.0,26214458.149999995
2025-08-01 11:02:49 AM,50.97,0,0.0,26214458.149999995
2025-08-01 11:02:51 AM,50.97,3,152.91,26214611.059999995
2025-08-01 11:03:11 AM,50.98,0,0.0,26214611.059999995
2025-08-01 11:03:11 AM,50.98,2,101.96,26214713.019999996
2025-08-01 11:03:37 AM,51.0,0,0.0,26214713.019999996
2025-08-01 11:03:37 AM,51.0,3191,162741.0,26377454.019999996
2025-08-01 11:03:39 AM,51.02,0,0.0,26377454.019999996
2025-08-01 11:03:39 AM,51.02,898,45815.96000000001,26423269.979999997
2025-08-01 11:04:09 AM,51.11,0,0.0,26423269.979999997
2025-08-01 11:04:09 AM,51.11,4914,251154.54,26674424.519999996
2025-08-01 11:04:23 AM,51.34,0,0.0,26674424.519999996
2025-08-01 11:04:24 AM,51.34,6316,324263.44,26998687.959999997
2025-08-01 11:04:33 AM,51.35,0,0.0,26998687.959999997
2025-08-01 11:04:34 AM,51.35,28,1437.8,27000125.759999998
2025-08-01 11:04:37 AM,51.35,75,3851.25,27003977.009999998
2025-08-01 11:04:40 AM,51.35,76,3902.6,27007879.61
2025-08-01 11:04:44 AM,51.34,0,0.0,27007879.61
2025-08-01 11:04:45 AM,51.34,75,3850.5000000000005,27011730.11
2025-08-01 11:04:47 AM,51.34,75,3850.5000000000005,27015580.61
2025-08-01 11:04:50 AM,51.34,200,10268.0,27025848.61
2025-08-01 11:04:51 AM,51.4,0,0.0,27025848.61
2025-08-01 11:04:52 AM,51.4,1280,65792.0,27091640.61
2025-08-01 11:05:01 AM,51.52,13557,698456.64,27790097.25
2025-08-01 11:05:05 AM,51.6,0,0.0,27790097.25
2025-08-01 11:05:06 AM,51.65,0,0.0,27790097.25
2025-08-01 11:05:07 AM,51.65,1555,80315.75,27870413.0
2025-08-01 11:05:08 AM,51.65,1,51.65,27870464.65
2025-08-01 11:05:11 AM,51.59,0,0.0,27870464.65
2025-08-01 11:05:12 AM,51.59,1403,72380.77,27942845.419999998
2025-08-01 11:05:23 AM,51.41,5000,257049.99999999997,28199895.419999998
2025-08-01 11:06:04 AM,51.45,0,0.0,28199895.419999998
2025-08-01 11:06:06 AM,51.45,1254,64518.3,28264413.72
2025-08-01 11:06:16 AM,51.45,1,51.45,28264465.169999998
2025-08-01 11:06:19 AM,51.39,0,0.0,28264465.169999998
2025-08-01 11:06:21 AM,51.39,2717,139626.63,28404091.799999997
2025-08-01 11:06:53 AM,51.39,5,256.95,28404348.749999996
2025-08-01 11:07:03 AM,51.39,50,2569.5,28406918.249999996
2025-08-01 11:07:32 AM,51.39,2500,128475.0,28535393.249999996
2025-08-01 11:07:41 AM,51.4,0,0.0,28535393.249999996
2025-08-01 11:07:41 AM,51.4,2096,107734.4,28643127.649999995
2025-08-01 11:07:45 AM,51.49,0,0.0,28643127.649999995
2025-08-01 11:07:47 AM,51.49,580,29864.2,28672991.849999994
2025-08-01 11:07:57 AM,51.49,500,25745.0,28698736.849999994
2025-08-01 11:08:51 AM,51.37,0,0.0,28698736.849999994
2025-08-01 11:08:52 AM,51.37,2416,124109.92,28822846.769999996
2025-08-01 11:08:55 AM,51.35,0,0.0,28822846.769999996
2025-08-01 11:08:55 AM,51.35,250,12837.5,28835684.269999996
2025-08-01 11:08:58 AM,51.35,55,2824.25,28838508.519999996
2025-08-01 11:09:12 AM,51.28,0,0.0,28838508.519999996
2025-08-01 11:09:13 AM,51.28,100,5128.0,28843636.519999996
2025-08-01 11:10:34 AM,51.28,1,51.28,28843687.799999997
2025-08-01 11:10:40 AM,51.25,0,0.0,28843687.799999997
2025-08-01 11:10:40 AM,51.25,2466,126382.5,28970070.299999997
2025-08-01 11:11:45 AM,51.25,1384,70930.0,29041000.299999997
2025-08-01 11:11:50 AM,51.2,0,0.0,29041000.299999997
2025-08-01 11:11:50 AM,51.2,250,12800.0,29053800.299999997
2025-08-01 11:12:46 AM,51.25,0,0.0,29053800.299999997
2025-08-01 11:12:48 AM,51.25,125,6406.25,29060206.549999997
2025-08-01 11:13:41 AM,51.2,0,0.0,29060206.549999997
2025-08-01 11:13:43 AM,51.2,50,2560.0,29062766.549999997
2025-08-01 11:13:53 AM,51.2,443,22681.600000000002,29085448.15
2025-08-01 11:14:11 AM,51.16,0,0.0,29085448.15
2025-08-01 11:14:11 AM,51.16,200,10232.0,29095680.15
2025-08-01 11:14:33 AM,51.16,217,11101.72,29106781.869999997
2025-08-01 11:14:35 AM,51.17,0,0.0,29106781.869999997
2025-08-01 11:14:36 AM,51.17,385,19700.45,29126482.319999997
2025-08-01 11:14:45 AM,51.15,0,0.0,29126482.319999997
2025-08-01 11:14:47 AM,51.15,500,25575.0,29152057.319999997
2025-08-01 11:14:58 AM,51.21,637,32620.77,29184678.089999996
2025-08-01 11:15:05 AM,51.15,0,0.0,29184678.089999996
2025-08-01 11:15:09 AM,51.15,1480,75702.0,29260380.089999996
2025-08-01 11:15:51 AM,51.17,0,0.0,29260380.089999996
2025-08-01 11:15:51 AM,51.17,1116,57105.72,29317485.809999995
2025-08-01 11:15:59 AM,51.2,0,0.0,29317485.809999995
2025-08-01 11:16:01 AM,51.2,2354,120524.8,29438010.609999996
2025-08-01 11:16:03 AM,51.21,0,0.0,29438010.609999996
2025-08-01 11:16:06 AM,51.21,35,1792.3500000000001,29439802.959999997
2025-08-01 11:16:09 AM,51.25,0,0.0,29439802.959999997
2025-08-01 11:16:12 AM,51.25,1396,71545.0,29511347.959999997
2025-08-01 11:16:28 AM,51.25,2746,140732.5,29652080.459999997
2025-08-01 11:16:31 AM,51.3,0,0.0,29652080.459999997
2025-08-01 11:16:33 AM,51.3,5468,280508.39999999997,29932588.859999996
2025-08-01 11:16:38 AM,51.3,2004,102805.2,30035394.059999995
2025-08-01 11:16:45 AM,51.3,1587,81413.09999999999,30116807.159999996
2025-08-01 11:17:39 AM,51.3,5025,257782.5,30374589.659999996
2025-08-01 11:17:55 AM,51.33,0,0.0,30374589.659999996
2025-08-01 11:17:58 AM,51.33,100,5133.0,30379722.659999996
2025-08-01 11:18:03 AM,51.3,79,4052.7,30383775.359999996
2025-08-01 11:18:21 AM,51.35,0,0.0,30383775.359999996
2025-08-01 11:18:21 AM,51.35,834,42825.9,30426601.259999994
2025-08-01 11:18:42 AM,51.35,2268,116461.8,30543063.059999995
2025-08-01 11:18:49 AM,51.3,2735,140305.5,30683368.559999995
2025-08-01 11:18:54 AM,51.3,1356,69562.8,30752931.359999996
2025-08-01 11:19:06 AM,51.3,2292,117579.59999999999,30870510.959999997
2025-08-01 11:19:44 AM,51.3,100,5130.0,30875640.959999997
2025-08-01 11:20:47 AM,51.3,70,3591.0,30879231.959999997
2025-08-01 11:21:13 AM,51.3,1232,63201.6,30942433.56
2025-08-01 11:21:23 AM,51.25,0,0.0,30942433.56
2025-08-01 11:21:24 AM,51.25,750,38437.5,30980871.06
2025-08-01 11:22:00 AM,51.25,25,1281.25,30982152.31
2025-08-01 11:22:08 AM,51.28,0,0.0,30982152.31
2025-08-01 11:22:10 AM,51.28,211,10820.08,30992972.389999997
2025-08-01 11:22:13 AM,51.33,0,0.0,30992972.389999997
2025-08-01 11:22:16 AM,51.33,4,205.32,30993177.709999997
2025-08-01 11:22:47 AM,51.35,0,0.0,30993177.709999997
2025-08-01 11:22:48 AM,51.35,177,9088.95,31002266.659999996
2025-08-01 11:22:53 AM,51.4,0,0.0,31002266.659999996
2025-08-01 11:22:53 AM,51.4,2500,128500.0,31130766.659999996
2025-08-01 11:22:58 AM,51.4,2104,108145.59999999999,31238912.259999998
2025-08-01 11:23:30 AM,51.4,125,6425.0,31245337.259999998
2025-08-01 11:23:39 AM,51.45,0,0.0,31245337.259999998
2025-08-01 11:23:40 AM,51.45,957,49237.65,31294574.909999996
2025-08-01 11:23:44 AM,51.5,0,0.0,31294574.909999996
2025-08-01 11:23:45 AM,51.5,3187,164130.5,31458705.409999996
2025-08-01 11:23:55 AM,51.5,211,10866.5,31469571.909999996
2025-08-01 11:24:05 AM,51.5,10,515.0,31470086.909999996
2025-08-01 11:24:37 AM,51.5,250,12875.0,31482961.909999996
2025-08-01 11:25:08 AM,51.49,0,0.0,31482961.909999996
2025-08-01 11:25:09 AM,51.49,50,2574.5,31485536.409999996
2025-08-01 11:25:13 AM,51.42,0,0.0,31485536.409999996
2025-08-01 11:25:14 AM,51.42,500,25710.0,31511246.409999996
2025-08-01 11:25:28 AM,51.5,0,0.0,31511246.409999996
2025-08-01 11:25:29 AM,51.5,2500,128750.0,31639996.409999996
2025-08-01 11:26:05 AM,51.5,500,25750.0,31665746.409999996
2025-08-01 11:26:26 AM,51.5,3024,155736.0,31821482.409999996
2025-08-01 11:26:32 AM,51.49,2,102.98,31821585.389999997
2025-08-01 11:26:39 AM,51.5,0,0.0,31821585.389999997
2025-08-01 11:26:41 AM,51.5,5000,257500.0,32079085.389999997
2025-08-01 11:26:47 AM,51.5,3757,193485.5,32272570.889999997
2025-08-01 11:27:06 AM,51.5,1000,51500.0,32324070.889999997
2025-08-01 11:27:47 AM,51.47,0,0.0,32324070.889999997
2025-08-01 11:27:48 AM,51.47,500,25735.0,32349805.889999997
2025-08-01 11:29:22 AM,51.45,0,0.0,32349805.889999997
2025-08-01 11:29:24 AM,51.45,1020,52479.0,32402284.889999997
2025-08-01 11:29:26 AM,51.5,1000,51500.0,32453784.889999997
2025-08-01 11:29:27 AM,51.52,0,0.0,32453784.889999997
2025-08-01 11:29:29 AM,51.52,1006,51829.12,32505614.009999998
2025-08-01 11:29:31 AM,51.52,4,206.08,32505820.089999996
2025-08-01 11:30:28 AM,51.5,200,10300.0,32516120.089999996
2025-08-01 11:30:35 AM,51.53,0,0.0,32516120.089999996
2025-08-01 11:30:35 AM,51.53,1000,51530.0,32567650.089999996
2025-08-01 11:30:45 AM,51.55,0,0.0,32567650.089999996
2025-08-01 11:30:45 AM,51.55,45,2319.75,32569969.839999996
2025-08-01 11:31:07 AM,51.53,0,0.0,32569969.839999996
2025-08-01 11:31:08 AM,51.53,100,5153.0,32575122.839999996
2025-08-01 11:31:09 AM,51.55,0,0.0,32575122.839999996
2025-08-01 11:31:11 AM,51.55,10,515.5,32575638.339999996
2025-08-01 11:31:18 AM,51.55,10,515.5,32576153.839999996
2025-08-01 11:32:15 AM,51.55,1248,64334.399999999994,32640488.239999995
2025-08-01 11:32:21 AM,51.65,0,0.0,32640488.239999995
2025-08-01 11:32:22 AM,51.7,0,0.0,32640488.239999995
2025-08-01 11:32:23 AM,51.7,13127,678665.9,33319154.139999993
2025-08-01 11:32:36 AM,51.71,0,0.0,33319154.139999993
2025-08-01 11:32:38 AM,51.71,1000,51710.0,33370864.139999993
2025-08-01 11:32:40 AM,51.7,0,0.0,33370864.139999993
2025-08-01 11:32:40 AM,51.7,454,23471.800000000003,33394335.939999994
2025-08-01 11:33:15 AM,51.67,0,0.0,33394335.939999994
2025-08-01 11:33:15 AM,51.67,25,1291.75,33395627.689999994
2025-08-01 11:33:35 AM,51.67,1,51.67,33395679.359999996
2025-08-01 11:34:00 AM,51.64,0,0.0,33395679.359999996
2025-08-01 11:34:01 AM,51.64,186,9605.04,33405284.399999995
2025-08-01 11:34:09 AM,51.6,0,0.0,33405284.399999995
2025-08-01 11:34:11 AM,51.6,314,16202.4,33421486.799999993
2025-08-01 11:34:16 AM,51.6,1,51.6,33421538.399999995
2025-08-01 11:34:29 AM,51.56,0,0.0,33421538.399999995
2025-08-01 11:34:31 AM,51.56,2900,149524.0,33571062.39999999
2025-08-01 11:35:03 AM,51.59,250,12897.5,33583959.89999999
2025-08-01 11:35:56 AM,51.59,25,1289.75,33585249.64999999
2025-08-01 11:36:19 AM,51.62,0,0.0,33585249.64999999
2025-08-01 11:36:22 AM,51.62,100,5162.0,33590411.64999999
2025-08-01 11:36:53 AM,51.62,192,9911.039999999999,33600322.68999999
2025-08-01 11:36:58 AM,51.62,8,412.96,33600735.64999999
2025-08-01 11:37:19 AM,51.62,766,39540.92,33640276.56999999
2025-08-01 11:38:57 AM,51.58,58,2991.64,33643268.20999999
2025-08-01 11:39:29 AM,51.55,0,0.0,33643268.20999999
2025-08-01 11:39:31 AM,51.55,500,25775.0,33669043.20999999
2025-08-01 11:39:31 AM,51.57,0,0.0,33669043.20999999
2025-08-01 11:39:32 AM,51.57,1002,51673.14,33720716.349999994
2025-08-01 11:39:33 AM,51.58,0,0.0,33720716.349999994
2025-08-01 11:39:36 AM,51.58,14,722.12,33721438.46999999
2025-08-01 11:39:43 AM,51.54,0,0.0,33721438.46999999
2025-08-01 11:39:44 AM,51.54,84,4329.36,33725767.82999999
2025-08-01 11:39:49 AM,51.55,0,0.0,33725767.82999999
2025-08-01 11:39:50 AM,51.55,10,515.5,33726283.32999999
2025-08-01 11:39:57 AM,51.53,0,0.0,33726283.32999999
2025-08-01 11:39:58 AM,51.53,100,5153.0,33731436.32999999
2025-08-01 11:40:25 AM,51.48,20305,1045301.3999999999,34776737.72999999
2025-08-01 11:40:32 AM,51.47,0,0.0,34776737.72999999
2025-08-01 11:40:34 AM,51.47,80,4117.6,34780855.32999999
2025-08-01 11:40:48 AM,51.51,0,0.0,34780855.32999999
2025-08-01 11:40:49 AM,51.51,1190,61296.899999999994,34842152.22999999
2025-08-01 11:40:52 AM,51.52,0,0.0,34842152.22999999
2025-08-01 11:40:54 AM,51.52,1,51.52,34842203.74999999
2025-08-01 11:41:15 AM,51.55,0,0.0,34842203.74999999
2025-08-01 11:41:15 AM,51.55,170,8763.5,34850967.24999999
2025-08-01 11:41:19 AM,51.52,0,0.0,34850967.24999999
2025-08-01 11:41:20 AM,51.52,100,5152.0,34856119.24999999
2025-08-01 11:42:10 AM,51.48,1000,51480.0,34907599.24999999
2025-08-01 11:42:15 AM,51.48,10,514.8,34908114.04999999
2025-08-01 11:42:59 AM,51.47,0,0.0,34908114.04999999
2025-08-01 11:43:02 AM,51.47,500,25735.0,34933849.04999999
2025-08-01 11:43:17 AM,51.48,0,0.0,34933849.04999999
2025-08-01 11:43:19 AM,51.48,60,3088.7999999999997,34936937.84999999
2025-08-01 11:43:30 AM,51.48,53,2728.44,34939666.289999984
2025-08-01 11:43:55 AM,51.52,0,0.0,34939666.289999984
2025-08-01 11:43:55 AM,51.52,3,154.56,34939820.84999999
2025-08-01 11:44:06 AM,51.52,2,103.04,34939923.889999986
2025-08-01 11:44:39 AM,51.5,0,0.0,34939923.889999986
2025-08-01 11:44:41 AM,51.5,146,7519.0,34947442.889999986
2025-08-01 11:44:42 AM,51.51,0,0.0,34947442.889999986
2025-08-01 11:44:47 AM,51.51,2,103.02,34947545.90999999
2025-08-01 11:44:54 AM,51.5,0,0.0,34947545.90999999
2025-08-01 11:44:57 AM,51.51,0,0.0,34947545.90999999
2025-08-01 11:44:57 AM,51.51,625,32193.75,34979739.65999999
2025-08-01 11:45:08 AM,51.55,795,40982.25,35020721.90999999
2025-08-01 11:45:10 AM,51.6,0,0.0,35020721.90999999
2025-08-01 11:45:13 AM,51.6,4705,242778.0,35263499.90999999
2025-08-01 11:45:17 AM,51.58,0,0.0,35263499.90999999
2025-08-01 11:45:19 AM,51.58,619,31928.02,35295427.92999999
2025-08-01 11:45:24 AM,51.58,763,39355.54,35334783.46999999
2025-08-01 11:45:35 AM,51.57,400,20628.0,35355411.46999999
2025-08-01 11:45:38 AM,51.59,0,0.0,35355411.46999999
2025-08-01 11:45:39 AM,51.45,0,0.0,35355411.46999999
2025-08-01 11:45:40 AM,51.45,1475,75888.75,35431300.21999999
2025-08-01 11:45:45 AM,51.45,100,5145.0,35436445.21999999
2025-08-01 11:46:07 AM,51.39,101,5190.39,35441635.60999999
2025-08-01 11:46:39 AM,51.4,1,51.4,35441687.00999999
2025-08-01 11:46:44 AM,51.4,200,10280.0,35451967.00999999
2025-08-01 11:47:11 AM,51.3,0,0.0,35451967.00999999
2025-08-01 11:47:15 AM,51.3,1186,60841.799999999996,35512808.80999999
2025-08-01 11:47:19 AM,51.33,0,0.0,35512808.80999999
2025-08-01 11:47:20 AM,51.25,337,17271.25,35530080.05999999
2025-08-01 11:47:25 AM,51.25,6,307.5,35530387.55999999
2025-08-01 11:47:30 AM,51.25,1,51.25,35530438.80999999
2025-08-01 11:47:57 AM,51.24,0,0.0,35530438.80999999
2025-08-01 11:48:01 AM,51.24,98,5021.52,35535460.32999999
2025-08-01 11:48:27 AM,51.29,0,0.0,35535460.32999999
2025-08-01 11:48:31 AM,51.29,300,15387.0,35550847.32999999
2025-08-01 11:48:38 AM,51.26,0,0.0,35550847.32999999
2025-08-01 11:48:41 AM,51.26,52,2665.52,35553512.849999994
2025-08-01 11:49:04 AM,51.28,0,0.0,35553512.849999994
2025-08-01 11:49:07 AM,51.28,1,51.28,35553564.129999995
2025-08-01 11:49:15 AM,51.25,0,0.0,35553564.129999995
2025-08-01 11:49:17 AM,51.28,0,0.0,35553564.129999995
2025-08-01 11:49:17 AM,51.28,950,48716.0,35602280.129999995
2025-08-01 11:49:39 AM,51.27,0,0.0,35602280.129999995
2025-08-01 11:49:44 AM,51.27,1,51.27,35602331.4
2025-08-01 11:49:51 AM,51.29,0,0.0,35602331.4
2025-08-01 11:49:54 AM,51.29,2,102.58,35602433.98
2025-08-01 11:49:59 AM,51.24,28,1434.72,35603868.699999996
2025-08-01 11:51:00 AM,51.3,0,0.0,35603868.699999996
2025-08-01 11:51:04 AM,51.3,100,5130.0,35608998.699999996
2025-08-01 11:51:34 AM,51.3,300,15390.0,35624388.699999996
2025-08-01 11:51:39 AM,51.26,820,42033.2,35666421.9
2025-08-01 11:52:01 AM,51.27,0,0.0,35666421.9
2025-08-01 11:52:04 AM,51.27,5,256.35,35666678.25
2025-08-01 11:52:09 AM,51.26,108,5536.08,35672214.33
2025-08-01 11:53:44 AM,51.3,0,0.0,35672214.33
2025-08-01 11:53:46 AM,51.3,100,5130.0,35677344.33
2025-08-01 11:54:28 AM,51.29,0,0.0,35677344.33
2025-08-01 11:54:32 AM,51.29,100,5129.0,35682473.33
2025-08-01 11:56:27 AM,51.3,0,0.0,35682473.33
2025-08-01 11:56:28 AM,51.3,1,51.3,35682524.629999995
2025-08-01 11:56:31 AM,51.29,0,0.0,35682524.629999995
2025-08-01 11:56:33 AM,51.29,90,4616.1,35687140.73
2025-08-01 11:56:39 AM,51.29,1,51.29,35687192.019999996
2025-08-01 11:57:08 AM,51.29,1,51.29,35687243.309999995
2025-08-01 11:58:54 AM,51.3,0,0.0,35687243.309999995
2025-08-01 11:58:57 AM,51.3,1,51.3,35687294.60999999
2025-08-01 11:59:54 AM,51.29,180,9232.2,35696526.809999995
2025-08-01 12:00:47 PM,51.3,1,51.3,35696578.10999999
2025-08-01 12:01:19 PM,51.3,100,5130.0,35701708.10999999
2025-08-01 12:01:35 PM,51.29,100,5129.0,35706837.10999999
2025-08-01 12:02:14 PM,51.29,10,512.9,35707350.00999999
2025-08-01 12:02:47 PM,51.29,242,12412.18,35719762.18999999
2025-08-01 12:02:58 PM,51.29,220,11283.8,35731045.98999999
2025-08-01 12:03:07 PM,51.29,380,19490.2,35750536.18999999
2025-08-01 12:03:09 PM,51.29,159,8155.11,35758691.29999999
2025-08-01 12:03:26 PM,51.22,2900,148538.0,35907229.29999999
2025-08-01 12:03:37 PM,51.2,0,0.0,35907229.29999999
2025-08-01 12:03:38 PM,51.2,79,4044.8,35911274.09999999
2025-08-01 12:03:57 PM,51.2,1,51.2,35911325.29999999
2025-08-01 12:04:01 PM,51.22,0,0.0,35911325.29999999
2025-08-01 12:04:02 PM,51.22,100,5122.0,35916447.29999999
2025-08-01 12:04:26 PM,51.22,62,3175.64,35919622.93999999
2025-08-01 12:04:46 PM,51.2,0,0.0,35919622.93999999
2025-08-01 12:04:46 PM,51.2,1122,57446.4,35977069.33999999
2025-08-01 12:04:52 PM,51.15,0,0.0,35977069.33999999
2025-08-01 12:04:53 PM,51.15,4,204.6,35977273.93999999
2025-08-01 12:05:30 PM,51.19,0,0.0,35977273.93999999
2025-08-01 12:05:32 PM,51.19,300,15357.0,35992630.93999999
2025-08-01 12:05:33 PM,51.18,88,4503.84,35997134.779999994
2025-08-01 12:05:38 PM,51.19,0,0.0,35997134.779999994
2025-08-01 12:05:42 PM,51.19,89,4555.91,36001690.68999999
2025-08-01 12:05:43 PM,51.21,94,4813.74,36006504.42999999
2025-08-01 12:06:27 PM,51.21,6,307.26,36006811.68999999
2025-08-01 12:06:36 PM,51.21,100,5121.0,36011932.68999999
2025-08-01 12:07:02 PM,51.22,0,0.0,36011932.68999999
2025-08-01 12:07:06 PM,51.22,57,2919.54,36014852.22999999
2025-08-01 12:08:07 PM,51.2,10,512.0,36015364.22999999
2025-08-01 12:08:12 PM,51.2,5,256.0,36015620.22999999
2025-08-01 12:08:12 PM,51.19,0,0.0,36015620.22999999
2025-08-01 12:08:12 PM,51.19,1,51.19,36015671.41999999
2025-08-01 12:08:22 PM,51.19,10,511.9,36016183.319999985
2025-08-01 12:08:27 PM,51.18,12,614.16,36016797.47999998
2025-08-01 12:08:30 PM,51.16,0,0.0,36016797.47999998
2025-08-01 12:08:32 PM,51.18,0,0.0,36016797.47999998
2025-08-01 12:08:32 PM,51.18,2,102.36,36016899.83999998
2025-08-01 12:09:00 PM,51.22,0,0.0,36016899.83999998
2025-08-01 12:09:02 PM,51.22,376,19258.72,36036158.55999998
2025-08-01 12:09:07 PM,51.22,2,102.44,36036260.99999998
2025-08-01 12:09:46 PM,51.24,0,0.0,36036260.99999998
2025-08-01 12:09:46 PM,51.24,8,409.92,36036670.91999998
2025-08-01 12:09:58 PM,51.23,0,0.0,36036670.91999998
2025-08-01 12:10:01 PM,51.23,16,819.68,36037490.59999998
2025-08-01 12:10:14 PM,51.24,0,0.0,36037490.59999998
2025-08-01 12:10:17 PM,51.24,25,1281.0,36038771.59999998
2025-08-01 12:10:42 PM,51.23,0,0.0,36038771.59999998
2025-08-01 12:10:42 PM,51.23,15,768.4499999999999,36039540.04999998
2025-08-01 12:11:06 PM,51.24,0,0.0,36039540.04999998
2025-08-01 12:11:07 PM,51.24,50,2562.0,36042102.04999998
2025-08-01 12:11:41 PM,51.24,9,461.16,36042563.20999998
2025-08-01 12:11:58 PM,51.23,0,0.0,36042563.20999998
2025-08-01 12:12:00 PM,51.23,200,10246.0,36052809.20999998
2025-08-01 12:12:32 PM,51.21,0,0.0,36052809.20999998
2025-08-01 12:12:35 PM,51.21,730,37383.3,36090192.509999976
2025-08-01 12:12:46 PM,51.23,20,1024.6,36091217.10999998
2025-08-01 12:13:52 PM,51.22,294,15058.68,36106275.78999998
2025-08-01 12:14:50 PM,51.16,0,0.0,36106275.78999998
2025-08-01 12:14:51 PM,51.16,580,29672.8,36135948.589999974
2025-08-01 12:14:52 PM,51.2,1,51.2,36135999.78999998
2025-08-01 12:14:52 PM,51.16,0,0.0,36135999.78999998
2025-08-01 12:14:56 PM,51.16,4,204.64,36136204.42999998
2025-08-01 12:16:28 PM,51.23,0,0.0,36136204.42999998
2025-08-01 12:16:28 PM,51.2,0,0.0,36136204.42999998
2025-08-01 12:16:32 PM,51.2,281,14387.2,36150591.62999998
2025-08-01 12:17:11 PM,51.2,651,33331.200000000004,36183922.82999998
2025-08-01 12:17:59 PM,51.2,349,17868.8,36201791.62999998
2025-08-01 12:18:18 PM,51.17,0,0.0,36201791.62999998
2025-08-01 12:18:18 PM,51.17,151,7726.67,36209518.29999998
2025-08-01 12:18:33 PM,51.16,6047,309364.51999999996,36518882.819999985
2025-08-01 12:18:52 PM,51.2,0,0.0,36518882.819999985
2025-08-01 12:18:53 PM,51.2,50,2560.0,36521442.819999985
2025-08-01 12:19:33 PM,51.16,0,0.0,36521442.819999985
2025-08-01 12:19:34 PM,51.16,438,22408.079999999998,36543850.89999998
2025-08-01 12:20:21 PM,51.09,0,0.0,36543850.89999998
2025-08-01 12:20:25 PM,51.09,1,51.09,36543901.98999999
2025-08-01 12:21:11 PM,51.15,0,0.0,36543901.98999999
2025-08-01 12:21:11 PM,51.15,100,5115.0,36549016.98999999
2025-08-01 12:22:52 PM,51.16,7,358.12,36549375.109999985
2025-08-01 12:23:07 PM,51.2,100,5120.0,36554495.109999985
2025-08-01 12:24:50 PM,51.2,3,153.60000000000002,36554648.709999986
2025-08-01 12:25:10 PM,51.14,0,0.0,36554648.709999986
2025-08-01 12:25:10 PM,51.14,571,29200.94,36583849.64999998
2025-08-01 12:26:11 PM,51.2,0,0.0,36583849.64999998
2025-08-01 12:26:15 PM,51.2,101,5171.200000000001,36589020.84999999
2025-08-01 12:28:39 PM,51.16,0,0.0,36589020.84999999
2025-08-01 12:28:40 PM,51.16,100,5116.0,36594136.84999999
2025-08-01 12:28:55 PM,51.16,7,358.12,36594494.969999984
2025-08-01 12:29:09 PM,51.16,1,51.16,36594546.12999998
2025-08-01 12:29:39 PM,51.19,0,0.0,36594546.12999998
2025-08-01 12:29:40 PM,51.19,200,10238.0,36604784.12999998
2025-08-01 12:30:25 PM,51.16,234,11971.439999999999,36616755.56999998
2025-08-01 12:30:27 PM,51.16,100,5116.0,36621871.56999998
2025-08-01 12:30:46 PM,51.14,1,51.14,36621922.70999998
2025-08-01 12:31:01 PM,51.16,100,5116.0,36627038.70999998
2025-08-01 12:32:05 PM,51.2,570,29184.0,36656222.70999998
2025-08-01 12:32:10 PM,51.23,1205,61732.149999999994,36717954.85999998
2025-08-01 12:33:31 PM,51.23,400,20492.0,36738446.85999998
2025-08-01 12:33:56 PM,51.24,0,0.0,36738446.85999998
2025-08-01 12:33:56 PM,51.24,4278,219204.72,36957651.579999976
2025-08-01 12:34:26 PM,51.24,126,6456.240000000001,36964107.81999998
2025-08-01 12:34:56 PM,51.24,1,51.24,36964159.05999998
2025-08-01 12:35:06 PM,51.22,0,0.0,36964159.05999998
2025-08-01 12:35:07 PM,51.22,964,49376.08,37013535.13999998
2025-08-01 12:35:12 PM,51.2,441,22579.2,37036114.33999998
2025-08-01 12:35:17 PM,51.2,1,51.2,37036165.539999984
2025-08-01 12:35:36 PM,51.19,0,0.0,37036165.539999984
2025-08-01 12:35:37 PM,51.19,135,6910.65,37043076.18999998
2025-08-01 12:35:43 PM,51.06,24171,1234171.26,38277247.44999998
2025-08-01 12:35:54 PM,51.06,28,1429.68,38278677.12999998
2025-08-01 12:35:58 PM,51.07,0,0.0,38278677.12999998
2025-08-01 12:35:59 PM,51.07,1000,51070.0,38329747.12999998
2025-08-01 12:36:12 PM,51.05,0,0.0,38329747.12999998
2025-08-01 12:36:15 PM,51.05,329,16795.45,38346542.57999998
2025-08-01 12:36:16 PM,51.08,0,0.0,38346542.57999998
2025-08-01 12:36:20 PM,51.08,100,5108.0,38351650.57999998
2025-08-01 12:37:23 PM,51.04,0,0.0,38351650.57999998
2025-08-01 12:37:26 PM,51.04,1000,51040.0,38402690.57999998
2025-08-01 12:39:14 PM,51.04,1,51.04,38402741.61999998
2025-08-01 12:39:59 PM,51.04,250,12760.0,38415501.61999998
2025-08-01 12:40:18 PM,51.09,0,0.0,38415501.61999998
2025-08-01 12:40:20 PM,51.09,50,2554.5,38418056.11999998
2025-08-01 12:40:46 PM,51.09,1,51.09,38418107.209999986
2025-08-01 12:43:21 PM,51.05,0,0.0,38418107.209999986
2025-08-01 12:43:23 PM,51.05,50,2552.5,38420659.709999986
2025-08-01 12:43:39 PM,51.04,0,0.0,38420659.709999986
2025-08-01 12:43:39 PM,51.04,356,18170.239999999998,38438829.94999999
2025-08-01 12:43:45 PM,51.05,150,7657.5,38446487.44999999
2025-08-01 12:44:14 PM,51.01,0,0.0,38446487.44999999
2025-08-01 12:44:18 PM,51.01,1000,51010.0,38497497.44999999
2025-08-01 12:44:30 PM,51.05,0,0.0,38497497.44999999
2025-08-01 12:44:33 PM,51.05,33,1684.6499999999999,38499182.09999999
2025-08-01 12:44:40 PM,51.0,0,0.0,38499182.09999999
2025-08-01 12:44:44 PM,51.0,1000,51000.0,38550182.09999999
2025-08-01 12:44:49 PM,51.0,1,51.0,38550233.09999999
2025-08-01 12:45:20 PM,51.0,100,5100.0,38555333.09999999
2025-08-01 12:45:22 PM,51.07,0,0.0,38555333.09999999
2025-08-01 12:45:25 PM,51.07,1468,74970.76,38630303.859999985
2025-08-01 12:47:42 PM,51.06,100,5106.0,38635409.859999985
2025-08-01 12:47:56 PM,51.1,0,0.0,38635409.859999985
2025-08-01 12:47:57 PM,51.1,2924,149416.4,38784826.25999998
2025-08-01 12:48:03 PM,51.14,219,11199.66,38796025.91999998
2025-08-01 12:48:06 PM,51.02,0,0.0,38796025.91999998
2025-08-01 12:48:07 PM,51.02,25781,1315346.62,40111372.53999998
2025-08-01 12:48:52 PM,51.06,0,0.0,40111372.53999998
2025-08-01 12:48:52 PM,51.06,200,10212.0,40121584.53999998
2025-08-01 12:49:04 PM,51.11,0,0.0,40121584.53999998
2025-08-01 12:49:07 PM,51.11,199,10170.89,40131755.42999998
2025-08-01 12:49:18 PM,51.1,0,0.0,40131755.42999998
2025-08-01 12:49:22 PM,51.1,178,9095.800000000001,40140851.229999974
2025-08-01 12:49:46 PM,51.15,0,0.0,40140851.229999974
2025-08-01 12:49:47 PM,51.15,15,767.25,40141618.479999974
2025-08-01 12:50:28 PM,51.15,200,10230.0,40151848.479999974
2025-08-01 12:51:14 PM,51.05,0,0.0,40151848.479999974
2025-08-01 12:51:14 PM,51.05,1330,67896.5,40219744.979999974
2025-08-01 12:51:34 PM,51.08,0,0.0,40219744.979999974
2025-08-01 12:51:34 PM,51.08,200,10216.0,40229960.979999974
2025-08-01 12:53:22 PM,51.15,0,0.0,40229960.979999974
2025-08-01 12:53:24 PM,51.15,1000,51150.0,40281110.979999974
2025-08-01 12:53:49 PM,51.15,50,2557.5,40283668.479999974
2025-08-01 12:54:04 PM,51.15,6,306.9,40283975.37999997
2025-08-01 12:54:12 PM,51.18,0,0.0,40283975.37999997
2025-08-01 12:54:14 PM,51.18,1200,61416.0,40345391.37999997
2025-08-01 12:54:18 PM,51.17,0,0.0,40345391.37999997
2025-08-01 12:54:19 PM,51.17,100,5117.0,40350508.37999997
2025-08-01 12:54:38 PM,51.18,0,0.0,40350508.37999997
2025-08-01 12:54:39 PM,51.18,563,28814.34,40379322.71999998
2025-08-01 12:55:24 PM,51.17,0,0.0,40379322.71999998
2025-08-01 12:55:27 PM,51.17,13,665.21,40379987.92999998
2025-08-01 12:55:42 PM,51.12,4,204.48,40380192.409999974
2025-08-01 12:56:57 PM,51.12,1,51.12,40380243.52999997
2025-08-01 12:56:58 PM,51.12,1,51.12,40380294.64999997
2025-08-01 12:57:02 PM,51.12,229,11706.48,40392001.129999965
2025-08-01 12:57:06 PM,51.08,0,0.0,40392001.129999965
2025-08-01 12:57:07 PM,51.02,2001,102091.02,40494092.14999997
2025-08-01 12:57:22 PM,51.09,0,0.0,40494092.14999997
2025-08-01 12:57:27 PM,51.09,477,24369.93,40518462.07999997
2025-08-01 12:57:27 PM,51.08,1,51.08,40518513.15999997
2025-08-01 12:57:42 PM,51.1,1,51.1,40518564.25999997
2025-08-01 12:58:00 PM,51.08,0,0.0,40518564.25999997
2025-08-01 12:58:02 PM,51.08,1,51.08,40518615.33999997
2025-08-01 12:58:47 PM,51.08,2,102.16,40518717.49999996
2025-08-01 01:00:15 PM,51.08,1,51.08,40518768.57999996
2025-08-01 01:00:20 PM,51.1,2,102.2,40518870.779999964
2025-08-01 01:01:28 PM,51.1,1,51.1,40518921.879999965
2025-08-01 01:01:55 PM,51.15,0,0.0,40518921.879999965
2025-08-01 01:01:58 PM,51.15,800,40920.0,40559841.879999965
2025-08-01 01:02:02 PM,51.1,351,17936.100000000002,40577777.97999997
2025-08-01 01:02:53 PM,51.1,50,2555.0,40580332.97999997
2025-08-01 01:03:57 PM,51.1,999,51048.9,40631381.879999965
2025-08-01 01:05:58 PM,51.1,150,7665.0,40639046.879999965
2025-08-01 01:06:12 PM,51.1,87,4445.7,40643492.57999997
2025-08-01 01:06:28 PM,51.12,1,51.12,40643543.699999966
2025-08-01 01:06:44 PM,51.17,607,31060.190000000002,40674603.88999996
2025-08-01 01:07:28 PM,51.18,0,0.0,40674603.88999996
2025-08-01 01:07:29 PM,51.18,182,9314.76,40683918.64999996
2025-08-01 01:07:30 PM,51.2,0,0.0,40683918.64999996
2025-08-01 01:07:31 PM,51.2,202,10342.400000000001,40694261.04999996
2025-08-01 01:07:52 PM,51.19,0,0.0,40694261.04999996
2025-08-01 01:07:55 PM,51.19,100,5119.0,40699380.04999996
2025-08-01 01:08:04 PM,51.2,0,0.0,40699380.04999996
2025-08-01 01:08:05 PM,51.2,23,1177.6000000000001,40700557.64999996
2025-08-01 01:08:10 PM,51.19,160,8190.4,40708748.04999996
2025-08-01 01:08:20 PM,51.2,0,0.0,40708748.04999996
2025-08-01 01:08:20 PM,51.2,5,256.0,40709004.04999996
2025-08-01 01:08:26 PM,51.2,35,1792.0,40710796.04999996
2025-08-01 01:08:40 PM,51.2,11,563.2,40711359.24999996
2025-08-01 01:09:14 PM,51.23,0,0.0,40711359.24999996
2025-08-01 01:09:15 PM,51.23,5,256.15,40711615.39999996
2025-08-01 01:09:32 PM,51.2,0,0.0,40711615.39999996
2025-08-01 01:09:33 PM,51.2,11,563.2,40712178.599999964
2025-08-01 01:09:38 PM,51.17,64,3274.88,40715453.47999997
2025-08-01 01:11:59 PM,51.16,0,0.0,40715453.47999997
2025-08-01 01:12:01 PM,51.16,1,51.16,40715504.63999996
2025-08-01 01:13:48 PM,51.25,0,0.0,40715504.63999996
2025-08-01 01:13:49 PM,51.25,65,3331.25,40718835.88999996
2025-08-01 01:14:51 PM,51.21,90,4608.9,40723444.78999996
2025-08-01 01:15:34 PM,51.25,0,0.0,40723444.78999996
2025-08-01 01:15:34 PM,51.25,250,12812.5,40736257.28999996
2025-08-01 01:15:58 PM,51.25,100,5125.0,40741382.28999996
2025-08-01 01:16:06 PM,51.21,0,0.0,40741382.28999996
2025-08-01 01:16:07 PM,51.21,66,3379.86,40744762.14999996
2025-08-01 01:16:52 PM,51.21,1,51.21,40744813.35999996
2025-08-01 01:16:59 PM,51.2,204,10444.800000000001,40755258.15999996
2025-08-01 01:17:06 PM,51.22,0,0.0,40755258.15999996
2025-08-01 01:17:07 PM,51.2,101,5171.200000000001,40760429.35999996
2025-08-01 01:17:22 PM,51.2,1,51.2,40760480.559999965
2025-08-01 01:17:49 PM,51.2,65,3328.0,40763808.559999965
2025-08-01 01:18:59 PM,51.16,104,5320.639999999999,40769129.199999966
2025-08-01 01:20:12 PM,51.08,0,0.0,40769129.199999966
2025-08-01 01:20:13 PM,51.08,7580,387186.39999999997,41156315.599999964
2025-08-01 01:20:20 PM,51.07,0,0.0,41156315.599999964
2025-08-01 01:20:24 PM,51.07,45230,2309896.1,43466211.699999966
2025-08-01 01:20:29 PM,51.1,1000,51100.0,43517311.699999966
2025-08-01 01:20:29 PM,51.07,1,51.07,43517362.769999966
2025-08-01 01:20:34 PM,51.1,0,0.0,43517362.769999966
2025-08-01 01:20:34 PM,51.1,100,5110.0,43522472.769999966
2025-08-01 01:20:39 PM,51.1,100,5110.0,43527582.769999966
2025-08-01 01:20:44 PM,51.08,0,0.0,43527582.769999966
2025-08-01 01:20:44 PM,51.08,1,51.08,43527633.849999964
2025-08-01 01:20:48 PM,51.09,0,0.0,43527633.849999964
2025-08-01 01:20:49 PM,51.09,100,5109.0,43532742.849999964
2025-08-01 01:20:54 PM,51.09,500,25545.0,43558287.849999964
2025-08-01 01:20:59 PM,51.09,100,5109.0,43563396.849999964
2025-08-01 01:21:08 PM,51.09,300,15327.000000000002,43578723.849999964
2025-08-01 01:21:19 PM,51.09,300,15327.000000000002,43594050.849999964
2025-08-01 01:21:32 PM,51.08,0,0.0,43594050.849999964
2025-08-01 01:21:34 PM,51.08,100,5108.0,43599158.849999964
2025-08-01 01:21:52 PM,51.09,0,0.0,43599158.849999964
2025-08-01 01:21:53 PM,51.09,300,15327.000000000002,43614485.849999964
2025-08-01 01:21:57 PM,51.09,1,51.09,43614536.93999997
2025-08-01 01:21:59 PM,51.08,0,0.0,43614536.93999997
2025-08-01 01:22:02 PM,51.08,1,51.08,43614588.019999966
2025-08-01 01:22:04 PM,51.1,0,0.0,43614588.019999966
2025-08-01 01:22:07 PM,51.1,4000,204400.0,43818988.019999966
2025-08-01 01:22:14 PM,51.09,0,0.0,43818988.019999966
2025-08-01 01:22:16 PM,51.09,500,25545.0,43844533.019999966
2025-08-01 01:22:25 PM,51.09,300,15327.000000000002,43859860.019999966
2025-08-01 01:22:34 PM,51.09,1,51.09,43859911.10999997
2025-08-01 01:22:44 PM,51.1,500,25550.0,43885461.10999997
2025-08-01 01:24:08 PM,51.14,0,0.0,43885461.10999997
2025-08-01 01:24:09 PM,51.14,25,1278.5,43886739.60999997
2025-08-01 01:24:10 PM,51.08,0,0.0,43886739.60999997
2025-08-01 01:24:14 PM,51.08,158,8070.639999999999,43894810.24999997
2025-08-01 01:25:36 PM,51.08,20,1021.5999999999999,43895831.84999997
2025-08-01 01:27:23 PM,51.14,0,0.0,43895831.84999997
2025-08-01 01:27:25 PM,51.14,100,5114.0,43900945.84999997
2025-08-01 01:27:39 PM,51.14,11,562.54,43901508.38999997
2025-08-01 01:29:12 PM,51.1,0,0.0,43901508.38999997
2025-08-01 01:29:15 PM,51.1,2,102.2,43901610.589999974
2025-08-01 01:29:20 PM,51.08,28,1430.24,43903040.829999976
2025-08-01 01:29:30 PM,51.08,3,153.24,43903194.06999998
2025-08-01 01:29:32 PM,51.07,0,0.0,43903194.06999998
2025-08-01 01:29:35 PM,51.07,1,51.07,43903245.13999998
2025-08-01 01:29:44 PM,51.07,1,51.07,43903296.20999998
2025-08-01 01:30:02 PM,51.09,0,0.0,43903296.20999998
2025-08-01 01:30:03 PM,51.09,2,102.18,43903398.38999998
2025-08-01 01:30:09 PM,51.07,0,0.0,43903398.38999998
2025-08-01 01:30:09 PM,51.07,1,51.07,43903449.45999998
2025-08-01 01:30:28 PM,51.07,150,7660.5,43911109.95999998
2025-08-01 01:30:34 PM,51.09,0,0.0,43911109.95999998
2025-08-01 01:30:37 PM,51.09,7,357.63,43911467.58999998
2025-08-01 01:31:12 PM,51.1,0,0.0,43911467.58999998
2025-08-01 01:31:13 PM,51.1,3,153.3,43911620.88999998
2025-08-01 01:31:28 PM,51.1,1,51.1,43911671.98999998
2025-08-01 01:31:33 PM,51.13,500,25565.0,43937236.98999998
2025-08-01 01:31:56 PM,51.14,0,0.0,43937236.98999998
2025-08-01 01:31:58 PM,51.14,89,4551.46,43941788.44999998
2025-08-01 01:32:04 PM,51.08,0,0.0,43941788.44999998
2025-08-01 01:32:06 PM,51.09,0,0.0,43941788.44999998
2025-08-01 01:32:08 PM,51.09,104,5313.360000000001,43947101.80999998
2025-08-01 01:32:14 PM,51.12,0,0.0,43947101.80999998
2025-08-01 01:32:17 PM,51.12,7,357.84,43947459.64999998
2025-08-01 01:37:51 PM,51.12,684,34966.08,43982425.72999998
2025-08-01 01:38:18 PM,51.04,0,0.0,43982425.72999998
2025-08-01 01:38:18 PM,51.04,1688,86155.52,44068581.249999985
2025-08-01 01:38:29 PM,51.04,300,15312.0,44083893.249999985
2025-08-01 01:38:33 PM,51.01,0,0.0,44083893.249999985
2025-08-01 01:38:34 PM,51.01,100,5101.0,44088994.249999985
2025-08-01 01:38:39 PM,51.01,400,20404.0,44109398.249999985
2025-08-01 01:41:42 PM,51.0,0,0.0,44109398.249999985
2025-08-01 01:41:43 PM,51.0,3779,192729.0,44302127.249999985
2025-08-01 01:43:04 PM,50.91,0,0.0,44302127.249999985
2025-08-01 01:43:06 PM,50.91,1000,50910.0,44353037.249999985
2025-08-01 01:43:08 PM,50.98,0,0.0,44353037.249999985
2025-08-01 01:43:11 PM,50.98,100,5098.0,44358135.249999985
2025-08-01 01:43:31 PM,50.98,100,5098.0,44363233.249999985
2025-08-01 01:44:38 PM,50.99,0,0.0,44363233.249999985
2025-08-01 01:44:41 PM,50.99,300,15297.0,44378530.249999985
2025-08-01 01:45:02 PM,50.97,0,0.0,44378530.249999985
2025-08-01 01:45:06 PM,50.97,1,50.97,44378581.219999984
2025-08-01 01:45:06 PM,50.98,1,50.98,44378632.19999998
2025-08-01 01:45:11 PM,50.98,76,3874.4799999999996,44382506.67999998
2025-08-01 01:45:14 PM,51.0,0,0.0,44382506.67999998
2025-08-01 01:45:16 PM,51.0,125,6375.0,44388881.67999998
2025-08-01 01:45:50 PM,51.01,0,0.0,44388881.67999998
2025-08-01 01:45:50 PM,51.01,3,153.03,44389034.70999998
2025-08-01 01:46:20 PM,50.98,0,0.0,44389034.70999998
2025-08-01 01:46:25 PM,50.98,124,6321.5199999999995,44395356.22999998
2025-08-01 01:46:32 PM,50.96,0,0.0,44395356.22999998
2025-08-01 01:46:35 PM,50.96,1,50.96,44395407.18999998
2025-08-01 01:46:46 PM,50.97,0,0.0,44395407.18999998
2025-08-01 01:46:46 PM,50.97,5,254.85,44395662.039999984
2025-08-01 01:46:52 PM,50.99,0,0.0,44395662.039999984
2025-08-01 01:46:55 PM,50.99,201,10248.99,44405911.02999999
2025-08-01 01:47:18 PM,51.03,0,0.0,44405911.02999999
2025-08-01 01:47:21 PM,51.03,100,5103.0,44411014.02999999
2025-08-01 01:48:01 PM,51.04,485,24754.399999999998,44435768.429999985
2025-08-01 01:48:02 PM,50.97,0,0.0,44435768.429999985
2025-08-01 01:48:05 PM,50.97,84,4281.48,44440049.90999998
2025-08-01 01:48:10 PM,50.96,574,29251.04,44469300.94999998
2025-08-01 01:48:24 PM,51.0,0,0.0,44469300.94999998
2025-08-01 01:48:26 PM,51.0,100,5100.0,44474400.94999998
2025-08-01 01:49:42 PM,50.97,0,0.0,44474400.94999998
2025-08-01 01:49:43 PM,50.97,787,40113.39,44514514.33999998
2025-08-01 01:49:47 PM,51.03,322,16431.66,44530945.99999998
2025-08-01 01:50:07 PM,51.03,4,204.12,44531150.119999975
2025-08-01 01:54:06 PM,51.04,10,510.4,44531660.51999997
2025-08-01 01:54:37 PM,50.98,0,0.0,44531660.51999997
2025-08-01 01:54:37 PM,50.98,150,7646.999999999999,44539307.51999997
2025-08-01 01:55:14 PM,50.96,0,0.0,44539307.51999997
2025-08-01 01:55:17 PM,50.96,2000,101920.0,44641227.51999997
2025-08-01 01:56:16 PM,50.95,0,0.0,44641227.51999997
2025-08-01 01:56:17 PM,50.95,5041,256838.95,44898066.46999998
2025-08-01 01:57:04 PM,50.97,0,0.0,44898066.46999998
2025-08-01 01:57:06 PM,50.97,8,407.76,44898474.229999974
2025-08-01 01:57:38 PM,50.94,0,0.0,44898474.229999974
2025-08-01 01:57:40 PM,50.94,10,509.4,44898983.62999997
2025-08-01 01:57:44 PM,50.96,0,0.0,44898983.62999997
2025-08-01 01:57:45 PM,50.96,108,5503.68,44904487.30999997
2025-08-01 01:59:30 PM,50.93,0,0.0,44904487.30999997
2025-08-01 01:59:31 PM,50.93,3618,184264.74,45088752.049999975
2025-08-01 02:00:24 PM,50.94,0,0.0,45088752.049999975
2025-08-01 02:00:26 PM,50.94,33,1681.02,45090433.06999998
2025-08-01 02:00:28 PM,50.93,0,0.0,45090433.06999998
2025-08-01 02:00:31 PM,50.93,1060,53985.8,45144418.869999975
2025-08-01 02:00:40 PM,50.93,50,2546.5,45146965.369999975
2025-08-01 02:00:50 PM,50.93,1242,63255.06,45210220.42999998
2025-08-01 02:02:12 PM,50.93,436,22205.48,45232425.909999974
2025-08-01 02:02:42 PM,50.93,436,22205.48,45254631.38999997
2025-08-01 02:03:04 PM,50.9,0,0.0,45254631.38999997
2025-08-01 02:03:07 PM,50.9,2861,145624.9,45400256.28999997
2025-08-01 02:03:28 PM,50.91,608,30953.28,45431209.56999997
2025-08-01 02:03:42 PM,50.96,0,0.0,45431209.56999997
2025-08-01 02:03:43 PM,50.96,23,1172.08,45432381.64999997
2025-08-01 02:03:50 PM,51.0,0,0.0,45432381.64999997
2025-08-01 02:03:53 PM,51.0,1977,100827.0,45533208.64999997
2025-08-01 02:03:58 PM,51.03,3392,173093.76,45706302.40999997
2025-08-01 02:04:14 PM,50.9,0,0.0,45706302.40999997
2025-08-01 02:04:17 PM,50.9,2490,126741.0,45833043.40999997
2025-08-01 02:07:25 PM,50.94,0,0.0,45833043.40999997
2025-08-01 02:07:30 PM,50.94,4,203.76,45833247.169999965
2025-08-01 02:09:08 PM,50.94,500,25470.0,45858717.169999965
2025-08-01 02:09:48 PM,50.94,250,12735.0,45871452.169999965
2025-08-01 02:10:18 PM,50.94,190,9678.6,45881130.769999966
2025-08-01 02:13:32 PM,50.91,0,0.0,45881130.769999966
2025-08-01 02:13:33 PM,50.91,200,10182.0,45891312.769999966
2025-08-01 02:13:50 PM,50.9,0,0.0,45891312.769999966
2025-08-01 02:13:51 PM,50.9,4751,241825.9,46133138.669999965
2025-08-01 02:14:00 PM,50.91,0,0.0,46133138.669999965
2025-08-01 02:14:00 PM,50.91,300,15272.999999999998,46148411.669999965
2025-08-01 02:14:01 PM,50.9,2,101.8,46148513.46999996
2025-08-01 02:14:17 PM,50.88,11,559.6800000000001,46149073.14999996
2025-08-01 02:14:21 PM,50.88,10,508.8,46149581.94999996
2025-08-01 02:14:23 PM,50.9,300,15270.0,46164851.94999996
2025-08-01 02:14:28 PM,50.9,10,509.0,46165360.94999996
2025-08-01 02:14:47 PM,50.9,300,15270.0,46180630.94999996
2025-08-01 02:15:07 PM,50.86,4937,251095.82,46431726.76999996
2025-08-01 02:15:14 PM,50.88,0,0.0,46431726.76999996
2025-08-01 02:15:15 PM,50.88,300,15264.0,46446990.76999996
2025-08-01 02:15:48 PM,50.89,108,5496.12,46452486.889999956
2025-08-01 02:16:06 PM,50.85,0,0.0,46452486.889999956
2025-08-01 02:16:07 PM,50.85,94,4779.900000000001,46457266.789999954
2025-08-01 02:16:09 PM,50.79,10762,546601.98,47003868.76999995
2025-08-01 02:16:13 PM,50.79,100,5079.0,47008947.76999995
2025-08-01 02:16:17 PM,50.75,3000,152250.0,47161197.76999995
2025-08-01 02:16:22 PM,50.75,1,50.75,47161248.51999995
2025-08-01 02:16:36 PM,50.79,0,0.0,47161248.51999995
2025-08-01 02:16:37 PM,50.79,600,30474.0,47191722.51999995
2025-08-01 02:17:38 PM,50.8,0,0.0,47191722.51999995
2025-08-01 02:17:38 PM,50.8,1454,73863.2,47265585.719999954
2025-08-01 02:18:09 PM,50.8,50,2540.0,47268125.719999954
2025-08-01 02:18:24 PM,50.8,178,9042.4,47277168.11999995
2025-08-01 02:18:59 PM,50.8,25,1270.0,47278438.11999995
2025-08-01 02:19:20 PM,50.8,102,5181.599999999999,47283619.719999954
2025-08-01 02:19:28 PM,50.77,0,0.0,47283619.719999954
2025-08-01 02:19:31 PM,50.77,155,7869.35,47291489.069999956
2025-08-01 02:19:41 PM,50.77,200,10154.0,47301643.069999956
2025-08-01 02:20:18 PM,50.77,179,9087.83,47310730.899999954
2025-08-01 02:20:50 PM,50.8,0,0.0,47310730.899999954
2025-08-01 02:20:53 PM,50.8,100,5080.0,47315810.899999954
2025-08-01 02:21:48 PM,50.77,0,0.0,47315810.899999954
2025-08-01 02:21:50 PM,50.77,1390,70570.3,47386381.19999995
2025-08-01 02:21:56 PM,50.75,3,152.25,47386533.44999995
2025-08-01 02:22:17 PM,50.71,0,0.0,47386533.44999995
2025-08-01 02:22:17 PM,50.71,4011,203397.81,47589931.25999995
2025-08-01 02:23:00 PM,50.79,645,32759.55,47622690.80999995
2025-08-01 02:23:08 PM,50.7,0,0.0,47622690.80999995
2025-08-01 02:23:11 PM,50.7,668,33867.6,47656558.40999995
2025-08-01 02:24:35 PM,50.79,0,0.0,47656558.40999995
2025-08-01 02:24:35 PM,50.79,660,33521.4,47690079.80999995
2025-08-01 02:25:13 PM,50.75,3,152.25,47690232.05999995
2025-08-01 02:25:24 PM,50.73,0,0.0,47690232.05999995
2025-08-01 02:25:24 PM,50.73,10,507.29999999999995,47690739.35999995
2025-08-01 02:25:51 PM,50.73,993,50374.89,47741114.24999995
2025-08-01 02:25:57 PM,50.7,0,0.0,47741114.24999995
2025-08-01 02:26:00 PM,50.73,0,0.0,47741114.24999995
2025-08-01 02:26:00 PM,50.73,2025,102728.25,47843842.49999995
2025-08-01 02:26:41 PM,50.7,0,0.0,47843842.49999995
2025-08-01 02:26:43 PM,50.7,1000,50700.0,47894542.49999995
2025-08-01 02:26:59 PM,50.7,7401,375230.7,48269773.19999995
2025-08-01 02:27:42 PM,50.7,2,101.4,48269874.59999995
2025-08-01 02:28:14 PM,50.67,0,0.0,48269874.59999995
2025-08-01 02:28:15 PM,50.69,255,12925.949999999999,48282800.54999995
2025-08-01 02:28:31 PM,50.67,0,0.0,48282800.54999995
2025-08-01 02:28:31 PM,50.67,80,4053.6000000000004,48286854.149999954
2025-08-01 02:29:16 PM,50.69,0,0.0,48286854.149999954
2025-08-01 02:29:16 PM,50.69,100,5069.0,48291923.149999954
2025-08-01 02:30:00 PM,50.67,50,2533.5,48294456.649999954
2025-08-01 02:30:16 PM,50.62,0,0.0,48294456.649999954
2025-08-01 02:30:17 PM,50.62,5142,260288.03999999998,48554744.68999995
2025-08-01 02:30:38 PM,50.42,0,0.0,48554744.68999995
2025-08-01 02:30:38 PM,50.46,28184,1422164.6400000001,49976909.32999995
2025-08-01 02:30:40 PM,50.46,100,5046.0,49981955.32999995
2025-08-01 02:30:41 PM,50.48,0,0.0,49981955.32999995
2025-08-01 02:30:44 PM,50.48,150,7571.999999999999,49989527.32999995
2025-08-01 02:30:47 PM,50.47,0,0.0,49989527.32999995
2025-08-01 02:30:49 PM,50.47,151,7620.97,49997148.29999995
2025-08-01 02:30:50 PM,50.49,1173,59224.770000000004,50056373.069999956
2025-08-01 02:31:12 PM,50.47,100,5047.0,50061420.069999956
2025-08-01 02:31:47 PM,50.48,0,0.0,50061420.069999956
2025-08-01 02:31:49 PM,50.48,100,5048.0,50066468.069999956
2025-08-01 02:32:01 PM,50.43,0,0.0,50066468.069999956
2025-08-01 02:32:05 PM,50.43,209,10539.87,50077007.93999995
2025-08-01 02:32:06 PM,50.49,50,2524.5,50079532.43999995
2025-08-01 02:32:28 PM,50.45,0,0.0,50079532.43999995
2025-08-01 02:32:28 PM,50.45,685,34558.25,50114090.68999995
2025-08-01 02:32:39 PM,50.45,1600,80720.0,50194810.68999995
2025-08-01 02:32:45 PM,50.5,23665,1195082.5,51389893.18999995
2025-08-01 02:32:52 PM,50.55,0,0.0,51389893.18999995
2025-08-01 02:32:54 PM,50.55,1,50.55,51389943.73999995
2025-08-01 02:32:55 PM,50.6,0,0.0,51389943.73999995
2025-08-01 02:32:56 PM,50.6,1000,50600.0,51440543.73999995
2025-08-01 02:33:10 PM,50.63,0,0.0,51440543.73999995
2025-08-01 02:33:11 PM,50.63,200,10126.0,51450669.73999995
2025-08-01 02:33:16 PM,50.69,0,0.0,51450669.73999995
2025-08-01 02:33:16 PM,50.69,7008,355235.51999999996,51805905.25999995
2025-08-01 02:33:32 PM,50.69,800,40552.0,51846457.25999995
2025-08-01 02:33:56 PM,50.7,0,0.0,51846457.25999995
2025-08-01 02:33:56 PM,50.7,1000,50700.0,51897157.25999995
2025-08-01 02:34:02 PM,50.72,0,0.0,51897157.25999995
2025-08-01 02:34:02 PM,50.71,9,456.39,51897613.649999954
2025-08-01 02:34:33 PM,50.72,200,10144.0,51907757.649999954
2025-08-01 02:34:49 PM,50.68,0,0.0,51907757.649999954
2025-08-01 02:34:49 PM,50.68,38,1925.84,51909683.48999996
2025-08-01 02:35:05 PM,50.66,0,0.0,51909683.48999996
2025-08-01 02:35:05 PM,50.66,50,2533.0,51912216.48999996
2025-08-01 02:35:07 PM,50.72,0,0.0,51912216.48999996
2025-08-01 02:35:08 PM,50.72,1,50.72,51912267.209999956
2025-08-01 02:35:14 PM,50.65,2241,113506.65,52025773.859999955
2025-08-01 02:35:29 PM,50.62,250,12655.0,52038428.859999955
2025-08-01 02:35:46 PM,50.62,10,506.2,52038935.05999996
2025-08-01 02:35:59 PM,50.6,0,0.0,52038935.05999996
2025-08-01 02:36:00 PM,50.6,1,50.6,52038985.65999996
2025-08-01 02:36:38 PM,50.54,50,2527.0,52041512.65999996
2025-08-01 02:36:54 PM,50.59,0,0.0,52041512.65999996
2025-08-01 02:36:54 PM,50.59,1,50.59,52041563.24999996
2025-08-01 02:37:32 PM,50.59,200,10118.0,52051681.24999996
2025-08-01 02:37:33 PM,50.59,10,505.90000000000003,52052187.14999996
2025-08-01 02:37:53 PM,50.59,3,151.77,52052338.919999965
2025-08-01 02:38:03 PM,50.54,6111,308849.94,52361188.85999996
2025-08-01 02:38:11 PM,50.54,2436,123115.44,52484304.29999996
2025-08-01 02:38:22 PM,50.5,0,0.0,52484304.29999996
2025-08-01 02:38:23 PM,50.5,985,49742.5,52534046.79999996
2025-08-01 02:38:30 PM,50.49,0,0.0,52534046.79999996
2025-08-01 02:38:33 PM,50.49,50,2524.5,52536571.29999996
2025-08-01 02:39:00 PM,50.46,0,0.0,52536571.29999996
2025-08-01 02:39:01 PM,50.46,55,2775.3,52539346.59999996
2025-08-01 02:39:52 PM,50.54,0,0.0,52539346.59999996
2025-08-01 02:39:52 PM,50.54,157,7934.78,52547281.37999996
2025-08-01 02:40:16 PM,50.48,0,0.0,52547281.37999996
2025-08-01 02:40:20 PM,50.48,40,2019.1999999999998,52549300.57999996
2025-08-01 02:40:23 PM,50.53,0,0.0,52549300.57999996
2025-08-01 02:40:26 PM,50.53,100,5053.0,52554353.57999996
2025-08-01 02:40:26 PM,50.53,200,10106.0,52564459.57999996
2025-08-01 02:40:48 PM,50.53,2,101.06,52564560.63999996
2025-08-01 02:41:36 PM,50.46,0,0.0,52564560.63999996
2025-08-01 02:41:37 PM,50.46,250,12615.0,52577175.63999996
2025-08-01 02:41:52 PM,50.5,1000,50500.0,52627675.63999996
2025-08-01 02:41:56 PM,50.47,0,0.0,52627675.63999996
2025-08-01 02:41:58 PM,50.47,484,24427.48,52652103.11999996
2025-08-01 02:42:09 PM,50.47,250,12617.5,52664720.61999996
2025-08-01 02:42:41 PM,50.54,100,5054.0,52669774.61999996
2025-08-01 02:43:50 PM,50.44,2610,131648.4,52801423.01999996
2025-08-01 02:43:51 PM,50.54,0,0.0,52801423.01999996
2025-08-01 02:43:51 PM,50.54,1000,50540.0,52851963.01999996
2025-08-01 02:44:05 PM,50.51,0,0.0,52851963.01999996
2025-08-01 02:44:07 PM,50.51,25,1262.75,52853225.76999996
2025-08-01 02:44:24 PM,50.54,200,10108.0,52863333.76999996
2025-08-01 02:44:28 PM,50.48,0,0.0,52863333.76999996
2025-08-01 02:44:30 PM,50.48,2131,107572.87999999999,52970906.64999996
2025-08-01 02:44:32 PM,50.44,0,0.0,52970906.64999996
2025-08-01 02:44:35 PM,50.44,7869,396912.36,53367819.00999996
2025-08-01 02:45:13 PM,50.54,0,0.0,53367819.00999996
2025-08-01 02:45:15 PM,50.54,300,15162.0,53382981.00999996
2025-08-01 02:45:26 PM,50.54,9,454.86,53383435.86999996
2025-08-01 02:45:41 PM,50.5,0,0.0,53383435.86999996
2025-08-01 02:45:43 PM,50.5,150,7575.0,53391010.86999996
2025-08-01 02:46:34 PM,50.4,0,0.0,53391010.86999996
2025-08-01 02:46:34 PM,50.4,6842,344836.8,53735847.66999996
2025-08-01 02:46:40 PM,50.5,0,0.0,53735847.66999996
2025-08-01 02:46:44 PM,50.5,3905,197202.5,53933050.16999996
2025-08-01 02:47:42 PM,50.54,0,0.0,53933050.16999996
2025-08-01 02:47:46 PM,50.54,300,15162.0,53948212.16999996
2025-08-01 02:48:00 PM,50.5,0,0.0,53948212.16999996
2025-08-01 02:48:03 PM,50.5,1000,50500.0,53998712.16999996
2025-08-01 02:49:03 PM,50.6,0,0.0,53998712.16999996
2025-08-01 02:49:05 PM,50.6,3666,185499.6,54184211.76999996
2025-08-01 02:49:09 PM,50.59,0,0.0,54184211.76999996
2025-08-01 02:49:11 PM,50.59,301,15227.59,54199439.35999996
2025-08-01 02:49:52 PM,50.63,0,0.0,54199439.35999996
2025-08-01 02:49:55 PM,50.63,20,1012.6,54200451.95999996
2025-08-01 02:50:22 PM,50.63,1,50.63,54200502.58999997
2025-08-01 02:50:38 PM,50.62,0,0.0,54200502.58999997
2025-08-01 02:50:39 PM,50.62,1,50.62,54200553.20999996
2025-08-01 02:50:44 PM,50.64,819,41474.16,54242027.36999996
2025-08-01 02:51:51 PM,50.61,0,0.0,54242027.36999996
2025-08-01 02:51:54 PM,50.61,204,10324.44,54252351.80999996
2025-08-01 02:52:04 PM,50.69,0,0.0,54252351.80999996
2025-08-01 02:52:05 PM,50.69,1000,50690.0,54303041.80999996
2025-08-01 02:52:37 PM,50.68,2,101.36,54303143.16999996
2025-08-01 02:52:58 PM,50.61,0,0.0,54303143.16999996
2025-08-01 02:52:58 PM,50.61,200,10122.0,54313265.16999996
2025-08-01 02:53:12 PM,50.65,0,0.0,54313265.16999996
2025-08-01 02:53:15 PM,50.65,200,10130.0,54323395.16999996
2025-08-01 02:53:21 PM,50.61,0,0.0,54323395.16999996
2025-08-01 02:53:22 PM,50.61,25,1265.25,54324660.41999996
2025-08-01 02:53:24 PM,50.68,0,0.0,54324660.41999996
2025-08-01 02:53:25 PM,50.68,1,50.68,54324711.09999996
2025-08-01 02:53:48 PM,50.61,0,0.0,54324711.09999996
2025-08-01 02:53:49 PM,50.61,50,2530.5,54327241.59999996
2025-08-01 02:53:56 PM,50.69,0,0.0,54327241.59999996
2025-08-01 02:53:57 PM,50.69,1000,50690.0,54377931.59999996
2025-08-01 02:54:10 PM,50.62,0,0.0,54377931.59999996
2025-08-01 02:54:11 PM,50.62,300,15186.0,54393117.59999996
2025-08-01 02:54:18 PM,50.65,0,0.0,54393117.59999996
2025-08-01 02:54:19 PM,50.65,348,17626.2,54410743.79999996
2025-08-01 02:56:02 PM,50.65,1000,50650.0,54461393.79999996
2025-08-01 02:57:10 PM,50.65,1000,50650.0,54512043.79999996
2025-08-01 02:57:32 PM,50.65,20,1013.0,54513056.79999996
2025-08-01 02:57:37 PM,50.65,530,26844.5,54539901.29999996
2025-08-01 02:57:48 PM,50.58,1011,51136.38,54591037.67999996
2025-08-01 02:57:58 PM,50.63,400,20252.0,54611289.67999996
2025-08-01 02:58:15 PM,50.62,0,0.0,54611289.67999996
2025-08-01 02:58:16 PM,50.62,294,14882.279999999999,54626171.95999996
2025-08-01 02:58:22 PM,50.63,1,50.63,54626222.58999997
2025-08-01 02:58:31 PM,50.58,0,0.0,54626222.58999997
2025-08-01 02:58:34 PM,50.58,190,9610.199999999999,54635832.78999997
2025-08-01 02:58:49 PM,50.59,0,0.0,54635832.78999997
2025-08-01 02:58:50 PM,50.59,183,9257.970000000001,54645090.75999997
2025-08-01 02:59:21 PM,50.59,1258,63642.22,54708732.97999997
2025-08-01 02:59:41 PM,50.65,0,0.0,54708732.97999997
2025-08-01 02:59:41 PM,50.65,17,861.05,54709594.029999964
2025-08-01 02:59:52 PM,50.67,580,29388.600000000002,54738982.629999965
2025-08-01 02:59:56 PM,50.69,0,0.0,54738982.629999965
2025-08-01 02:59:58 PM,50.69,400,20276.0,54759258.629999965
2025-08-01 03:00:08 PM,50.7,0,0.0,54759258.629999965
2025-08-01 03:00:10 PM,50.7,400,20280.0,54779538.629999965
2025-08-01 03:00:12 PM,50.69,1088,55150.72,54834689.349999964
2025-08-01 03:01:03 PM,50.7,3,152.10000000000002,54834841.449999966
2025-08-01 03:01:09 PM,50.69,9,456.21,54835297.65999997
2025-08-01 03:01:33 PM,50.66,0,0.0,54835297.65999997
2025-08-01 03:01:33 PM,50.66,1,50.66,54835348.31999996
2025-08-01 03:01:36 PM,50.69,0,0.0,54835348.31999996
2025-08-01 03:01:37 PM,50.69,115,5829.349999999999,54841177.669999965
2025-08-01 03:03:17 PM,50.69,49,2483.81,54843661.47999997
2025-08-01 03:03:53 PM,50.6,0,0.0,54843661.47999997
2025-08-01 03:03:54 PM,50.6,1200,60720.0,54904381.47999997
2025-08-01 03:04:00 PM,50.61,211,10678.71,54915060.18999997
2025-08-01 03:04:21 PM,50.52,1760,88915.20000000001,55003975.38999997
2025-08-01 03:04:25 PM,50.6,250,12650.0,55016625.38999997
2025-08-01 03:05:01 PM,50.59,154,7790.860000000001,55024416.24999997
2025-08-01 03:05:07 PM,50.6,691,34964.6,55059380.84999997
2025-08-01 03:05:11 PM,50.62,54,2733.48,55062114.32999997
2025-08-01 03:05:49 PM,50.62,100,5062.0,55067176.32999997
2025-08-01 03:06:14 PM,50.62,50,2531.0,55069707.32999997
2025-08-01 03:06:38 PM,50.62,500,25310.0,55095017.32999997
2025-08-01 03:06:45 PM,50.56,1000,50560.0,55145577.32999997
2025-08-01 03:06:56 PM,50.57,0,0.0,55145577.32999997
2025-08-01 03:06:57 PM,50.57,100,5057.0,55150634.32999997
2025-08-01 03:07:10 PM,50.6,20,1012.0,55151646.32999997
2025-08-01 03:07:22 PM,50.56,248,12538.880000000001,55164185.20999997
2025-08-01 03:07:34 PM,50.51,100,5051.0,55169236.20999997
2025-08-01 03:07:40 PM,50.58,500,25290.0,55194526.20999997
2025-08-01 03:07:49 PM,50.57,11,556.27,55195082.479999974
2025-08-01 03:07:53 PM,50.57,200,10114.0,55205196.479999974
2025-08-01 03:07:55 PM,50.64,4293,217397.52,55422593.99999998
2025-08-01 03:07:58 PM,50.5,0,0.0,55422593.99999998
2025-08-01 03:07:59 PM,50.5,11781,594940.5,56017534.49999998
2025-08-01 03:08:00 PM,50.47,0,0.0,56017534.49999998
2025-08-01 03:08:01 PM,50.47,213,10750.11,56028284.60999998
2025-08-01 03:08:05 PM,50.46,1350,68121.0,56096405.60999998
2025-08-01 03:08:07 PM,50.46,25,1261.5,56097667.10999998
2025-08-01 03:08:11 PM,50.49,4735,239070.15000000002,56336737.259999976
2025-08-01 03:08:24 PM,50.42,660,33277.200000000004,56370014.45999998
2025-08-01 03:08:26 PM,50.41,0,0.0,56370014.45999998
2025-08-01 03:08:26 PM,50.41,1933,97442.53,56467456.98999998
2025-08-01 03:08:33 PM,50.43,0,0.0,56467456.98999998
2025-08-01 03:08:36 PM,50.43,244,12304.92,56479761.90999998
2025-08-01 03:08:42 PM,50.42,0,0.0,56479761.90999998
2025-08-01 03:08:42 PM,50.42,50,2521.0,56482282.90999998
2025-08-01 03:08:45 PM,50.45,233,11754.85,56494037.75999998
2025-08-01 03:08:51 PM,50.45,300,15135.0,56509172.75999998
2025-08-01 03:08:55 PM,50.46,0,0.0,56509172.75999998
2025-08-01 03:08:55 PM,50.46,475,23968.5,56533141.25999998
2025-08-01 03:09:04 PM,50.5,0,0.0,56533141.25999998
2025-08-01 03:09:04 PM,50.5,467,23583.5,56556724.75999998
2025-08-01 03:09:35 PM,50.4,0,0.0,56556724.75999998
2025-08-01 03:09:35 PM,50.4,3000,151200.0,56707924.75999998
2025-08-01 03:09:40 PM,50.41,198,9981.179999999998,56717905.93999998
2025-08-01 03:09:47 PM,50.4,500,25200.0,56743105.93999998
2025-08-01 03:09:56 PM,50.43,25974,1309868.82,58052974.75999998
2025-08-01 03:10:15 PM,50.42,1118,56369.560000000005,58109344.319999985
2025-08-01 03:10:18 PM,50.43,180,9077.4,58118421.719999984
2025-08-01 03:10:29 PM,50.41,607,30598.87,58149020.58999998
2025-08-01 03:10:31 PM,50.41,152,7662.32,58156682.90999998
2025-08-01 03:10:34 PM,50.42,0,0.0,58156682.90999998
2025-08-01 03:10:36 PM,50.4,600,30240.0,58186922.90999998
2025-08-01 03:10:38 PM,50.4,140,7056.0,58193978.90999998
2025-08-01 03:10:42 PM,50.4,3315,167076.0,58361054.90999998
2025-08-01 03:10:44 PM,50.4,2003,100951.2,58462006.109999985
2025-08-01 03:11:23 PM,50.37,113,5691.8099999999995,58467697.91999999
2025-08-01 03:11:59 PM,50.37,1,50.37,58467748.289999984
2025-08-01 03:12:12 PM,50.36,0,0.0,58467748.289999984
2025-08-01 03:12:12 PM,50.38,133,6700.54,58474448.82999998
2025-08-01 03:12:14 PM,50.37,50,2518.5,58476967.32999998
2025-08-01 03:12:21 PM,50.36,760,38273.6,58515240.929999985
2025-08-01 03:12:25 PM,50.32,60,3019.2,58518260.12999999
2025-08-01 03:12:38 PM,50.29,1000,50290.0,58568550.12999999
2025-08-01 03:12:47 PM,50.3,0,0.0,58568550.12999999
2025-08-01 03:12:47 PM,50.3,415,20874.5,58589424.62999999
2025-08-01 03:12:57 PM,50.3,500,25150.0,58614574.62999999
2025-08-01 03:13:04 PM,50.25,6527,327981.75,58942556.37999999
2025-08-01 03:13:07 PM,50.2,649,32579.800000000003,58975136.179999985
2025-08-01 03:13:11 PM,50.24,0,0.0,58975136.179999985
2025-08-01 03:13:11 PM,50.24,4,200.96,58975337.139999986
2025-08-01 03:13:28 PM,50.22,0,0.0,58975337.139999986
2025-08-01 03:13:29 PM,50.22,630,31638.6,59006975.73999999
2025-08-01 03:13:30 PM,50.2,0,0.0,59006975.73999999
2025-08-01 03:13:32 PM,50.2,1001,50250.200000000004,59057225.93999999
2025-08-01 03:13:35 PM,50.24,200,10048.0,59067273.93999999
2025-08-01 03:13:44 PM,50.21,100,5021.0,59072294.93999999
2025-08-01 03:13:50 PM,50.23,10,502.29999999999995,59072797.23999999
2025-08-01 03:13:56 PM,50.18,3541,177687.38,59250484.61999999
2025-08-01 03:14:12 PM,50.18,311,15605.98,59266090.59999999
2025-08-01 03:14:13 PM,50.23,0,0.0,59266090.59999999
2025-08-01 03:14:15 PM,50.23,200,10046.0,59276136.59999999
2025-08-01 03:14:16 PM,50.2,0,0.0,59276136.59999999
2025-08-01 03:14:18 PM,50.2,1000,50200.0,59326336.59999999
2025-08-01 03:14:27 PM,50.2,81,4066.2000000000003,59330402.79999999
2025-08-01 03:14:30 PM,50.19,47,2358.93,59332761.72999999
2025-08-01 03:14:33 PM,50.2,249,12499.800000000001,59345261.52999999
2025-08-01 03:14:39 PM,50.11,8000,400880.0,59746141.52999999
2025-08-01 03:14:50 PM,50.15,0,0.0,59746141.52999999
2025-08-01 03:14:51 PM,50.15,1,50.15,59746191.679999985
2025-08-01 03:15:04 PM,50.19,4178,209693.81999999998,59955885.499999985
2025-08-01 03:15:07 PM,50.19,156,7829.639999999999,59963715.139999986
2025-08-01 03:15:14 PM,50.15,2502,125475.3,60089190.43999998
2025-08-01 03:15:19 PM,50.11,111,5562.21,60094752.64999998
2025-08-01 03:15:22 PM,50.12,25,1253.0,60096005.64999998
2025-08-01 03:15:25 PM,50.11,0,0.0,60096005.64999998
2025-08-01 03:15:26 PM,50.12,257,12880.84,60108886.48999999
2025-08-01 03:15:29 PM,50.12,174,8720.88,60117607.36999999
2025-08-01 03:15:34 PM,50.12,121,6064.5199999999995,60123671.88999999
2025-08-01 03:15:40 PM,50.11,0,0.0,60123671.88999999
2025-08-01 03:15:41 PM,50.1,84,4208.400000000001,60127880.28999999
2025-08-01 03:15:45 PM,50.11,0,0.0,60127880.28999999
2025-08-01 03:15:49 PM,50.11,39,1954.29,60129834.57999999
2025-08-01 03:15:54 PM,50.13,0,0.0,60129834.57999999
2025-08-01 03:15:56 PM,50.19,16705,838423.95,60968258.529999994
2025-08-01 03:16:09 PM,50.16,0,0.0,60968258.529999994
2025-08-01 03:16:10 PM,50.16,250,12540.0,60980798.529999994
2025-08-01 03:16:18 PM,50.19,60,3011.3999999999996,60983809.92999999
2025-08-01 03:16:24 PM,50.2,815,40913.0,61024722.92999999
2025-08-01 03:16:30 PM,50.19,0,0.0,61024722.92999999
2025-08-01 03:16:31 PM,50.19,201,10088.189999999999,61034811.11999999
2025-08-01 03:16:35 PM,50.18,0,0.0,61034811.11999999
2025-08-01 03:16:38 PM,50.18,25,1254.5,61036065.61999999
2025-08-01 03:16:40 PM,50.15,0,0.0,61036065.61999999
2025-08-01 03:16:44 PM,50.16,1098,55075.67999999999,61091141.29999999
2025-08-01 03:16:51 PM,50.16,911,45695.759999999995,61136837.05999999
2025-08-01 03:17:11 PM,50.16,1000,50160.0,61186997.05999999
2025-08-01 03:17:18 PM,50.2,2,100.4,61187097.459999986
2025-08-01 03:17:23 PM,50.17,0,0.0,61187097.459999986
2025-08-01 03:17:24 PM,50.17,1,50.17,61187147.62999999
2025-08-01 03:17:31 PM,50.25,15,753.75,61187901.37999999
2025-08-01 03:17:43 PM,50.17,0,0.0,61187901.37999999
2025-08-01 03:17:44 PM,50.17,700,35119.0,61223020.37999999
2025-08-01 03:17:48 PM,50.24,0,0.0,61223020.37999999
2025-08-01 03:17:50 PM,50.24,5,251.20000000000002,61223271.57999999
2025-08-01 03:18:03 PM,50.24,444,22306.56,61245578.13999999
2025-08-01 03:18:05 PM,50.25,264,13266.0,61258844.13999999
2025-08-01 03:18:08 PM,50.16,0,0.0,61258844.13999999
2025-08-01 03:18:10 PM,50.16,2000,100320.0,61359164.13999999
2025-08-01 03:18:17 PM,50.15,4102,205715.3,61564879.43999999
2025-08-01 03:18:43 PM,50.15,604,30290.6,61595170.03999999
2025-08-01 03:18:45 PM,50.12,1,50.12,61595220.15999999
2025-08-01 03:18:49 PM,50.11,0,0.0,61595220.15999999
2025-08-01 03:18:49 PM,50.11,100,5011.0,61600231.15999999
2025-08-01 03:18:58 PM,50.15,446,22366.899999999998,61622598.05999999
2025-08-01 03:19:11 PM,50.15,4485,224922.75,61847520.80999999
2025-08-01 03:19:16 PM,50.15,2,100.3,61847621.109999985
2025-08-01 03:19:22 PM,50.1,0,0.0,61847621.109999985
2025-08-01 03:19:23 PM,50.1,2880,144288.0,61991909.109999985
2025-08-01 03:19:29 PM,50.1,200,10020.0,62001929.109999985
2025-08-01 03:19:36 PM,50.15,44,2206.6,62004135.709999986
2025-08-01 03:19:37 PM,50.15,59,2958.85,62007094.55999999
2025-08-01 03:19:48 PM,50.1,0,0.0,62007094.55999999
2025-08-01 03:19:48 PM,50.1,207,10370.7,62017465.25999999
2025-08-01 03:19:57 PM,50.1,1,50.1,62017515.35999999
2025-08-01 03:20:01 PM,50.15,500,25075.0,62042590.35999999
2025-08-01 03:20:09 PM,50.1,9903,496140.3,62538730.65999999
2025-08-01 03:20:12 PM,50.09,1503,75285.27,62614015.92999999
2025-08-01 03:20:24 PM,50.1,650,32565.0,62646580.92999999
2025-08-01 03:20:33 PM,50.1,285,14278.5,62660859.42999999
2025-08-01 03:20:38 PM,50.07,100,5007.0,62665866.42999999
2025-08-01 03:20:39 PM,50.1,0,0.0,62665866.42999999
2025-08-01 03:20:40 PM,50.1,5,250.5,62666116.92999999
2025-08-01 03:20:45 PM,50.1,25,1252.5,62667369.42999999
2025-08-01 03:20:51 PM,50.1,525,26302.5,62693671.92999999
2025-08-01 03:20:54 PM,50.1,40,2004.0,62695675.92999999
2025-08-01 03:21:00 PM,50.1,500,25050.0,62720725.92999999
2025-08-01 03:21:05 PM,50.1,8333,417483.3,63138209.22999999
2025-08-01 03:21:07 PM,50.11,6,300.65999999999997,63138509.889999986
2025-08-01 03:21:26 PM,50.13,60,3007.8,63141517.68999998
2025-08-01 03:21:30 PM,50.15,0,0.0,63141517.68999998
2025-08-01 03:21:33 PM,50.15,10,501.5,63142019.18999998
2025-08-01 03:21:46 PM,50.1,6462,323746.2,63465765.389999986
2025-08-01 03:22:00 PM,50.1,102,5110.2,63470875.58999999
2025-08-01 03:22:13 PM,50.07,201,10064.07,63480939.65999999
2025-08-01 03:22:17 PM,50.1,0,0.0,63480939.65999999
2025-08-01 03:22:20 PM,50.1,400,20040.0,63500979.65999999
2025-08-01 03:22:27 PM,50.07,0,0.0,63500979.65999999
2025-08-01 03:22:27 PM,50.07,41,2052.87,63503032.52999999
2025-08-01 03:22:37 PM,50.04,0,0.0,63503032.52999999
2025-08-01 03:22:40 PM,50.04,4750,237690.0,63740722.52999999
2025-08-01 03:22:47 PM,50.1,400,20040.0,63760762.52999999
2025-08-01 03:22:49 PM,50.1,3100,155310.0,63916072.52999999
2025-08-01 03:22:53 PM,50.1,1088,54508.8,63970581.32999998
2025-08-01 03:23:05 PM,50.15,0,0.0,63970581.32999998
2025-08-01 03:23:07 PM,50.15,695,34854.25,64005435.57999998
2025-08-01 03:23:13 PM,50.1,125,6262.5,64011698.07999998
2025-08-01 03:23:48 PM,50.1,2831,141833.1,64153531.179999985
2025-08-01 03:23:53 PM,50.1,207,10370.7,64163901.87999999
2025-08-01 03:23:54 PM,50.1,60,3006.0,64166907.87999999
2025-08-01 03:23:59 PM,50.1,62,3106.2000000000003,64170014.07999999
2025-08-01 03:24:06 PM,50.1,616,30861.600000000002,64200875.67999999
2025-08-01 03:24:20 PM,50.1,500,25050.0,64225925.67999999
2025-08-01 03:24:26 PM,50.07,0,0.0,64225925.67999999
2025-08-01 03:24:27 PM,50.07,270,13518.9,64239444.57999999
2025-08-01 03:24:33 PM,50.1,0,0.0,64239444.57999999
2025-08-01 03:24:33 PM,50.1,500,25050.0,64264494.57999999
2025-08-01 03:24:47 PM,50.1,35,1753.5,64266248.07999999
2025-08-01 03:25:06 PM,50.1,60,3006.0,64269254.07999999
2025-08-01 03:25:13 PM,50.1,5,250.5,64269504.57999999
2025-08-01 03:25:26 PM,50.1,500,25050.0,64294554.57999999
2025-08-01 03:25:33 PM,50.1,105,5260.5,64299815.07999999
2025-08-01 03:25:47 PM,50.1,10,501.0,64300316.07999999
2025-08-01 03:26:03 PM,50.09,0,0.0,64300316.07999999
2025-08-01 03:26:05 PM,50.09,3492,174914.28,64475230.35999999
2025-08-01 03:26:07 PM,50.1,270,13527.0,64488757.35999999
2025-08-01 03:26:12 PM,50.1,105,5260.5,64494017.85999999
2025-08-01 03:26:19 PM,50.1,601,30110.100000000002,64524127.95999999
2025-08-01 03:26:32 PM,50.1,5,250.5,64524378.45999999
2025-08-01 03:26:34 PM,50.07,700,35049.0,64559427.45999999
2025-08-01 03:26:39 PM,50.1,85,4258.5,64563685.95999999
2025-08-01 03:26:45 PM,50.1,106,5310.6,64568996.559999995
2025-08-01 03:26:47 PM,50.1,1,50.1,64569046.66
2025-08-01 03:26:52 PM,50.1,1000,50100.0,64619146.66
2025-08-01 03:26:58 PM,50.1,27,1352.7,64620499.36
2025-08-01 03:27:05 PM,50.07,187,9363.09,64629862.45
2025-08-01 03:27:12 PM,50.07,1769,88573.83,64718436.28
2025-08-01 03:27:34 PM,50.09,166,8314.94,64726751.22
2025-08-01 03:27:39 PM,50.1,0,0.0,64726751.22
2025-08-01 03:27:41 PM,50.1,3217,161171.7,64887922.92
2025-08-01 03:27:48 PM,50.1,50,2505.0,64890427.92
2025-08-01 03:27:50 PM,50.1,200,10020.0,64900447.92
2025-08-01 03:27:55 PM,50.07,68,3404.76,64903852.68
2025-08-01 03:28:01 PM,50.07,199,9963.93,64913816.61
2025-08-01 03:28:08 PM,50.07,23707,1187009.49,66100826.1
2025-08-01 03:28:10 PM,50.07,181,9062.67,66109888.77
2025-08-01 03:28:28 PM,50.1,0,0.0,66109888.77
2025-08-01 03:28:29 PM,50.1,50,2505.0,66112393.77
2025-08-01 03:28:31 PM,50.09,1,50.09,66112443.86000001
2025-08-01 03:28:43 PM,50.09,5,250.45000000000002,66112694.31000001
2025-08-01 03:28:45 PM,50.09,52,2604.6800000000003,66115298.99000001
2025-08-01 03:28:48 PM,50.08,0,0.0,66115298.99000001
2025-08-01 03:28:50 PM,50.08,1075,53836.0,66169134.99000001
2025-08-01 03:28:58 PM,50.03,82,4102.46,66173237.45000001
2025-08-01 03:29:03 PM,50.0,0,0.0,66173237.45000001
2025-08-01 03:29:03 PM,50.0,922,46100.0,66219337.45000001
2025-08-01 03:29:06 PM,50.08,1,50.08,66219387.53000001
2025-08-01 03:29:20 PM,50.08,252,12620.16,66232007.690000005
2025-08-01 03:29:22 PM,50.08,241,12069.279999999999,66244076.970000006
2025-08-01 03:29:27 PM,50.08,180,9014.4,66253091.370000005
2025-08-01 03:29:29 PM,50.08,241,12069.279999999999,66265160.650000006
2025-08-01 03:29:35 PM,50.08,248,12419.84,66277580.49000001
2025-08-01 03:29:42 PM,50.05,621,31081.05,66308661.54000001
2025-08-01 03:29:44 PM,50.0,0,0.0,66308661.54000001
2025-08-01 03:29:44 PM,50.0,2805,140250.0,66448911.54000001
2025-08-01 03:29:49 PM,50.0,1103,55150.0,66504061.54000001
2025-08-01 03:29:55 PM,50.05,0,0.0,66504061.54000001
2025-08-01 03:29:57 PM,50.05,1005,50300.25,66554361.79000001
2025-08-01 03:29:59 PM,50.05,300,15015.0,66569376.79000001
