date,price,qty,trnvr,cum_trnvr
2025-08-01 09:15:01 AM,6602.0,98,646996.0,646996.0
2025-08-01 09:15:02 AM,6620.0,0,0.0,646996.0
2025-08-01 09:15:03 AM,6620.0,436,2886320.0,3533316.0
2025-08-01 09:15:11 AM,6615.5,0,0.0,3533316.0
2025-08-01 09:15:13 AM,6615.5,1239,8196604.5,11729920.5
2025-08-01 09:15:15 AM,6627.0,62,410874.0,12140794.5
2025-08-01 09:15:20 AM,6649.5,0,0.0,12140794.5
2025-08-01 09:15:21 AM,6655.0,0,0.0,12140794.5
2025-08-01 09:15:23 AM,6659.5,915,6093442.5,18234237.0
2025-08-01 09:15:27 AM,6668.5,0,0.0,18234237.0
2025-08-01 09:15:31 AM,6652.0,0,0.0,18234237.0
2025-08-01 09:15:32 AM,6652.0,126,838152.0,19072389.0
2025-08-01 09:15:33 AM,6652.0,3,19956.0,19092345.0
2025-08-01 09:15:35 AM,6651.0,0,0.0,19092345.0
2025-08-01 09:15:39 AM,6644.0,0,0.0,19092345.0
2025-08-01 09:15:40 AM,6644.0,100,664400.0,19756745.0
2025-08-01 09:15:42 AM,6651.5,1,6651.5,19763396.5
2025-08-01 09:15:44 AM,6656.5,0,0.0,19763396.5
2025-08-01 09:15:47 AM,6666.5,0,0.0,19763396.5
2025-08-01 09:15:49 AM,6666.5,37,246660.5,20010057.0
2025-08-01 09:15:50 AM,6670.0,3,20010.0,20030067.0
2025-08-01 09:15:53 AM,6666.5,0,0.0,20030067.0
2025-08-01 09:15:55 AM,6662.5,0,0.0,20030067.0
2025-08-01 09:15:57 AM,6651.5,47,312620.5,20342687.5
2025-08-01 09:15:58 AM,6660.0,6,39960.0,20382647.5
2025-08-01 09:16:02 AM,6657.5,0,0.0,20382647.5
2025-08-01 09:16:04 AM,6647.5,0,0.0,20382647.5
2025-08-01 09:16:05 AM,6650.0,99,658350.0,21040997.5
2025-08-01 09:16:07 AM,6649.0,15,99735.0,21140732.5
2025-08-01 09:16:09 AM,6658.0,0,0.0,21140732.5
2025-08-01 09:16:13 AM,6661.0,57,379677.0,21520409.5
2025-08-01 09:16:18 AM,6658.0,0,0.0,21520409.5
2025-08-01 09:16:21 AM,6658.0,125,832250.0,22352659.5
2025-08-01 09:16:26 AM,6648.5,0,0.0,22352659.5
2025-08-01 09:16:31 AM,6615.5,149,985709.5,23338369.0
2025-08-01 09:16:36 AM,6619.0,0,0.0,23338369.0
2025-08-01 09:16:38 AM,6619.0,6,39714.0,23378083.0
2025-08-01 09:16:46 AM,6636.0,149,988764.0,24366847.0
2025-08-01 09:16:46 AM,6640.0,0,0.0,24366847.0
2025-08-01 09:16:47 AM,6640.0,2,13280.0,24380127.0
2025-08-01 09:16:48 AM,6634.5,0,0.0,24380127.0
2025-08-01 09:16:54 AM,6642.5,23,152777.5,24532904.5
2025-08-01 09:16:58 AM,6649.5,0,0.0,24532904.5
2025-08-01 09:17:02 AM,6649.5,31,206134.5,24739039.0
2025-08-01 09:17:04 AM,6649.0,5,33245.0,24772284.0
2025-08-01 09:17:04 AM,6650.0,0,0.0,24772284.0
2025-08-01 09:17:11 AM,6649.5,31,206134.5,24978418.5
2025-08-01 09:17:12 AM,6650.0,10,66500.0,25044918.5
2025-08-01 09:17:19 AM,6644.0,8,53152.0,25098070.5
2025-08-01 09:17:35 AM,6650.0,60,399000.0,25497070.5
2025-08-01 09:17:40 AM,6639.0,0,0.0,25497070.5
2025-08-01 09:17:44 AM,6650.0,436,2899400.0,28396470.5
2025-08-01 09:17:48 AM,6661.0,0,0.0,28396470.5
2025-08-01 09:17:50 AM,6646.5,0,0.0,28396470.5
2025-08-01 09:17:52 AM,6654.0,77,512358.0,28908828.5
2025-08-01 09:17:56 AM,6657.0,0,0.0,28908828.5
2025-08-01 09:17:58 AM,6656.5,0,0.0,28908828.5
2025-08-01 09:18:00 AM,6660.0,21,139860.0,29048688.5
2025-08-01 09:18:09 AM,6659.5,6,39957.0,29088645.5
2025-08-01 09:18:10 AM,6666.0,1,6666.0,29095311.5
2025-08-01 09:18:17 AM,6666.5,1,6666.5,29101978.0
2025-08-01 09:18:25 AM,6661.5,1,6661.5,29108639.5
2025-08-01 09:18:30 AM,6661.0,0,0.0,29108639.5
2025-08-01 09:18:33 AM,6661.0,53,353033.0,29461672.5
2025-08-01 09:18:46 AM,6661.5,0,0.0,29461672.5
2025-08-01 09:18:50 AM,6661.5,55,366382.5,29828055.0
2025-08-01 09:18:58 AM,6661.5,25,166537.5,29994592.5
2025-08-01 09:18:59 AM,6661.0,47,313067.0,30307659.5
2025-08-01 09:19:14 AM,6662.0,15,99930.0,30407589.5
2025-08-01 09:19:30 AM,6658.0,5,33290.0,30440879.5
2025-08-01 09:19:33 AM,6660.0,0,0.0,30440879.5
2025-08-01 09:19:38 AM,6657.5,21,139807.5,30580687.0
2025-08-01 09:19:40 AM,6651.5,57,379135.5,30959822.5
2025-08-01 09:19:46 AM,6657.0,2,13314.0,30973136.5
2025-08-01 09:20:02 AM,6653.5,7,46574.5,31019711.0
2025-08-01 09:20:09 AM,6660.0,0,0.0,31019711.0
2025-08-01 09:20:10 AM,6655.0,48,319440.0,31339151.0
2025-08-01 09:20:18 AM,6661.0,80,532880.0,31872031.0
2025-08-01 09:20:20 AM,6657.0,13,86541.0,31958572.0
2025-08-01 09:20:23 AM,6654.5,0,0.0,31958572.0
2025-08-01 09:20:26 AM,6659.5,219,1458430.5,33417002.5
2025-08-01 09:20:26 AM,6651.0,0,0.0,33417002.5
2025-08-01 09:20:28 AM,6649.0,60,398940.0,33815942.5
2025-08-01 09:20:44 AM,6653.5,0,0.0,33815942.5
2025-08-01 09:20:50 AM,6655.5,12,79866.0,33895808.5
2025-08-01 09:20:51 AM,6650.5,13,86456.5,33982265.0
2025-08-01 09:20:57 AM,6650.5,1,6650.5,33988915.5
2025-08-01 09:21:04 AM,6647.5,0,0.0,33988915.5
2025-08-01 09:21:05 AM,6647.5,11,73122.5,34062038.0
2025-08-01 09:21:09 AM,6644.0,0,0.0,34062038.0
2025-08-01 09:21:13 AM,6647.5,12,79770.0,34141808.0
2025-08-01 09:21:29 AM,6647.5,2,13295.0,34155103.0
2025-08-01 09:21:35 AM,6644.0,0,0.0,34155103.0
2025-08-01 09:21:36 AM,6642.0,22,146124.0,34301227.0
2025-08-01 09:21:48 AM,6643.5,0,0.0,34301227.0
2025-08-01 09:21:52 AM,6643.5,2,13287.0,34314514.0
2025-08-01 09:21:53 AM,6647.5,5,33237.5,34347751.5
2025-08-01 09:22:02 AM,6643.5,0,0.0,34347751.5
2025-08-01 09:22:05 AM,6642.0,0,0.0,34347751.5
2025-08-01 09:22:07 AM,6642.0,5,33210.0,34380961.5
2025-08-01 09:22:08 AM,6639.5,4,26558.0,34407519.5
2025-08-01 09:22:09 AM,6646.0,0,0.0,34407519.5
2025-08-01 09:22:12 AM,6647.0,0,0.0,34407519.5
2025-08-01 09:22:14 AM,6643.0,372,2471196.0,36878715.5
2025-08-01 09:22:16 AM,6645.0,0,0.0,36878715.5
2025-08-01 09:22:22 AM,6645.0,40,265800.0,37144515.5
2025-08-01 09:22:30 AM,6650.5,4,26602.0,37171117.5
2025-08-01 09:22:44 AM,6648.5,0,0.0,37171117.5
2025-08-01 09:22:45 AM,6648.5,5,33242.5,37204360.0
2025-08-01 09:22:50 AM,6648.0,0,0.0,37204360.0
2025-08-01 09:22:52 AM,6648.0,40,265920.0,37470280.0
2025-08-01 09:22:57 AM,6639.0,0,0.0,37470280.0
2025-08-01 09:23:00 AM,6639.0,55,365145.0,37835425.0
2025-08-01 09:23:11 AM,6632.0,0,0.0,37835425.0
2025-08-01 09:23:15 AM,6632.0,10,66320.0,37901745.0
2025-08-01 09:23:38 AM,6638.0,1,6638.0,37908383.0
2025-08-01 09:23:47 AM,6628.5,87,576679.5,38485062.5
2025-08-01 09:23:57 AM,6628.0,0,0.0,38485062.5
2025-08-01 09:24:01 AM,6628.0,9,59652.0,38544714.5
2025-08-01 09:24:04 AM,6624.0,0,0.0,38544714.5
2025-08-01 09:24:09 AM,6628.0,5,33140.0,38577854.5
2025-08-01 09:24:29 AM,6629.0,0,0.0,38577854.5
2025-08-01 09:24:32 AM,6619.0,107,708233.0,39286087.5
2025-08-01 09:24:39 AM,6618.5,53,350780.5,39636868.0
2025-08-01 09:24:47 AM,6619.0,15,99285.0,39736153.0
2025-08-01 09:24:48 AM,6616.5,1,6616.5,39742769.5
2025-08-01 09:24:54 AM,6619.5,8,52956.0,39795725.5
2025-08-01 09:24:55 AM,6624.5,0,0.0,39795725.5
2025-08-01 09:24:56 AM,6624.5,15,99367.5,39895093.0
2025-08-01 09:25:08 AM,6628.5,0,0.0,39895093.0
2025-08-01 09:25:09 AM,6629.5,52,344734.0,40239827.0
2025-08-01 09:25:11 AM,6624.5,66,437217.0,40677044.0
2025-08-01 09:25:15 AM,6626.5,0,0.0,40677044.0
2025-08-01 09:25:17 AM,6622.0,3,19866.0,40696910.0
2025-08-01 09:25:19 AM,6628.5,5,33142.5,40730052.5
2025-08-01 09:25:21 AM,6629.5,0,0.0,40730052.5
2025-08-01 09:25:24 AM,6629.5,11,72924.5,40802977.0
2025-08-01 09:25:26 AM,6621.0,273,1807533.0,42610510.0
2025-08-01 09:25:32 AM,6629.5,0,0.0,42610510.0
2025-08-01 09:25:34 AM,6629.5,20,132590.0,42743100.0
2025-08-01 09:25:34 AM,6632.0,0,0.0,42743100.0
2025-08-01 09:25:38 AM,6641.0,0,0.0,42743100.0
2025-08-01 09:25:39 AM,6641.0,38,252358.0,42995458.0
2025-08-01 09:25:44 AM,6647.5,0,0.0,42995458.0
2025-08-01 09:25:46 AM,6644.0,32,212608.0,43208066.0
2025-08-01 09:25:54 AM,6639.0,10,66390.0,43274456.0
2025-08-01 09:26:25 AM,6639.0,1,6639.0,43281095.0
2025-08-01 09:26:32 AM,6639.0,1,6639.0,43287734.0
2025-08-01 09:26:40 AM,6639.0,1,6639.0,43294373.0
2025-08-01 09:26:57 AM,6639.0,2,13278.0,43307651.0
2025-08-01 09:27:03 AM,6639.0,26,172614.0,43480265.0
2025-08-01 09:27:10 AM,6640.5,3,19921.5,43500186.5
2025-08-01 09:27:25 AM,6640.5,1,6640.5,43506827.0
2025-08-01 09:27:26 AM,6644.5,2,13289.0,43520116.0
2025-08-01 09:27:34 AM,6645.0,34,225930.0,43746046.0
2025-08-01 09:27:41 AM,6655.0,24,159720.0,43905766.0
2025-08-01 09:27:46 AM,6652.5,0,0.0,43905766.0
2025-08-01 09:27:47 AM,6654.0,4,26616.0,43932382.0
2025-08-01 09:27:57 AM,6647.0,0,0.0,43932382.0
2025-08-01 09:27:57 AM,6647.0,1,6647.0,43939029.0
2025-08-01 09:28:08 AM,6643.5,0,0.0,43939029.0
2025-08-01 09:28:09 AM,6643.0,0,0.0,43939029.0
2025-08-01 09:28:11 AM,6643.0,15,99645.0,44038674.0
2025-08-01 09:28:41 AM,6645.0,33,219285.0,44257959.0
2025-08-01 09:28:53 AM,6649.5,0,0.0,44257959.0
2025-08-01 09:28:56 AM,6649.5,4,26598.0,44284557.0
2025-08-01 09:29:10 AM,6646.0,0,0.0,44284557.0
2025-08-01 09:29:12 AM,6646.0,1,6646.0,44291203.0
2025-08-01 09:29:28 AM,6649.0,2,13298.0,44304501.0
2025-08-01 09:29:51 AM,6648.5,0,0.0,44304501.0
2025-08-01 09:29:57 AM,6648.5,1,6648.5,44311149.5
2025-08-01 09:30:24 AM,6645.5,0,0.0,44311149.5
2025-08-01 09:30:27 AM,6645.5,2,13291.0,44324440.5
2025-08-01 09:30:42 AM,6646.5,1,6646.5,44331087.0
2025-08-01 09:31:09 AM,6650.0,0,0.0,44331087.0
2025-08-01 09:31:11 AM,6650.0,20,133000.0,44464087.0
2025-08-01 09:31:19 AM,6650.0,1,6650.0,44470737.0
2025-08-01 09:31:33 AM,6650.0,27,179550.0,44650287.0
2025-08-01 09:31:40 AM,6650.0,2,13300.0,44663587.0
2025-08-01 09:31:54 AM,6643.5,20,132870.0,44796457.0
2025-08-01 09:32:22 AM,6646.0,0,0.0,44796457.0
2025-08-01 09:32:22 AM,6646.0,2,13292.0,44809749.0
2025-08-01 09:32:34 AM,6648.5,0,0.0,44809749.0
2025-08-01 09:32:36 AM,6648.5,1,6648.5,44816397.5
2025-08-01 09:32:43 AM,6648.5,2,13297.0,44829694.5
2025-08-01 09:32:50 AM,6650.0,17,113050.0,44942744.5
2025-08-01 09:32:57 AM,6647.5,25,166187.5,45108932.0
2025-08-01 09:33:04 AM,6644.5,0,0.0,45108932.0
2025-08-01 09:33:04 AM,6644.5,20,132890.0,45241822.0
2025-08-01 09:33:04 AM,6647.5,0,0.0,45241822.0
2025-08-01 09:33:10 AM,6649.5,0,0.0,45241822.0
2025-08-01 09:33:11 AM,6649.5,8,53196.0,45295018.0
2025-08-01 09:33:17 AM,6649.5,2,13299.0,45308317.0
2025-08-01 09:33:25 AM,6647.5,0,0.0,45308317.0
2025-08-01 09:33:31 AM,6647.5,1,6647.5,45314964.5
2025-08-01 09:33:38 AM,6647.5,3,19942.5,45334907.0
2025-08-01 09:33:42 AM,6649.5,0,0.0,45334907.0
2025-08-01 09:33:45 AM,6649.5,1,6649.5,45341556.5
2025-08-01 09:33:52 AM,6651.5,223,1483284.5,46824841.0
2025-08-01 09:33:55 AM,6656.0,0,0.0,46824841.0
2025-08-01 09:33:59 AM,6653.0,95,632035.0,47456876.0
2025-08-01 09:33:59 AM,6652.5,1,6652.5,47463528.5
2025-08-01 09:34:15 AM,6654.5,0,0.0,47463528.5
2025-08-01 09:34:20 AM,6654.5,6,39927.0,47503455.5
2025-08-01 09:34:28 AM,6649.5,0,0.0,47503455.5
2025-08-01 09:34:28 AM,6649.5,13,86443.5,47589899.0
2025-08-01 09:34:40 AM,6650.0,0,0.0,47589899.0
2025-08-01 09:34:41 AM,6650.0,1,6650.0,47596549.0
2025-08-01 09:34:45 AM,6645.5,0,0.0,47596549.0
2025-08-01 09:34:48 AM,6645.5,2,13291.0,47609840.0
2025-08-01 09:35:00 AM,6646.0,0,0.0,47609840.0
2025-08-01 09:35:02 AM,6646.0,6,39876.0,47649716.0
2025-08-01 09:35:05 AM,6641.5,0,0.0,47649716.0
2025-08-01 09:35:09 AM,6641.5,1,6641.5,47656357.5
2025-08-01 09:36:08 AM,6649.5,0,0.0,47656357.5
2025-08-01 09:36:10 AM,6642.0,36,239112.0,47895469.5
2025-08-01 09:36:43 AM,6644.5,1,6644.5,47902114.0
2025-08-01 09:37:17 AM,6644.5,6,39867.0,47941981.0
2025-08-01 09:37:25 AM,6644.5,1,6644.5,47948625.5
2025-08-01 09:37:28 AM,6642.5,0,0.0,47948625.5
2025-08-01 09:37:31 AM,6642.5,11,73067.5,48021693.0
2025-08-01 09:37:38 AM,6642.5,1,6642.5,48028335.5
2025-08-01 09:37:51 AM,6642.5,7,46497.5,48074833.0
2025-08-01 09:37:54 AM,6643.5,0,0.0,48074833.0
2025-08-01 09:37:58 AM,6643.5,3,19930.5,48094763.5
2025-08-01 09:38:09 AM,6641.0,0,0.0,48094763.5
2025-08-01 09:38:12 AM,6641.0,21,139461.0,48234224.5
2025-08-01 09:38:25 AM,6642.0,2,13284.0,48247508.5
2025-08-01 09:38:38 AM,6642.0,2,13284.0,48260792.5
2025-08-01 09:38:52 AM,6642.0,1,6642.0,48267434.5
2025-08-01 09:38:57 AM,6641.0,0,0.0,48267434.5
2025-08-01 09:38:58 AM,6641.0,14,92974.0,48360408.5
2025-08-01 09:39:05 AM,6640.0,20,132800.0,48493208.5
2025-08-01 09:39:49 AM,6638.0,0,0.0,48493208.5
2025-08-01 09:39:52 AM,6638.0,1,6638.0,48499846.5
2025-08-01 09:39:58 AM,6637.5,1,6637.5,48506484.0
2025-08-01 09:40:13 AM,6635.0,0,0.0,48506484.0
2025-08-01 09:40:18 AM,6635.0,7,46445.0,48552929.0
2025-08-01 09:40:19 AM,6635.0,49,325115.0,48878044.0
2025-08-01 09:40:24 AM,6631.5,0,0.0,48878044.0
2025-08-01 09:40:24 AM,6631.5,10,66315.0,48944359.0
2025-08-01 09:40:44 AM,6635.0,16,106160.0,49050519.0
2025-08-01 09:40:48 AM,6632.0,0,0.0,49050519.0
2025-08-01 09:40:51 AM,6632.0,2,13264.0,49063783.0
2025-08-01 09:40:57 AM,6632.0,12,79584.0,49143367.0
2025-08-01 09:41:04 AM,6627.0,0,0.0,49143367.0
2025-08-01 09:41:04 AM,6627.0,81,536787.0,49680154.0
2025-08-01 09:41:05 AM,6630.5,20,132610.0,49812764.0
2025-08-01 09:41:08 AM,6631.0,0,0.0,49812764.0
2025-08-01 09:41:11 AM,6631.0,5,33155.0,49845919.0
2025-08-01 09:41:24 AM,6631.0,5,33155.0,49879074.0
2025-08-01 09:41:31 AM,6631.0,1,6631.0,49885705.0
2025-08-01 09:41:48 AM,6630.0,0,0.0,49885705.0
2025-08-01 09:41:50 AM,6630.0,1,6630.0,49892335.0
2025-08-01 09:41:51 AM,6631.0,70,464170.0,50356505.0
2025-08-01 09:41:52 AM,6626.0,0,0.0,50356505.0
2025-08-01 09:41:53 AM,6630.0,0,0.0,50356505.0
2025-08-01 09:41:56 AM,6631.0,0,0.0,50356505.0
2025-08-01 09:41:57 AM,6631.0,76,503956.0,50860461.0
2025-08-01 09:42:04 AM,6622.0,0,0.0,50860461.0
2025-08-01 09:42:09 AM,6621.5,0,0.0,50860461.0
2025-08-01 09:42:11 AM,6623.5,47,311304.5,51171765.5
2025-08-01 09:42:16 AM,6623.5,26,172211.0,51343976.5
2025-08-01 09:42:49 AM,6623.5,6,39741.0,51383717.5
2025-08-01 09:43:19 AM,6619.0,0,0.0,51383717.5
2025-08-01 09:43:22 AM,6619.0,3,19857.0,51403574.5
2025-08-01 09:43:27 AM,6622.5,0,0.0,51403574.5
2025-08-01 09:43:29 AM,6622.5,4,26490.0,51430064.5
2025-08-01 09:43:31 AM,6623.0,0,0.0,51430064.5
2025-08-01 09:43:35 AM,6623.0,1,6623.0,51436687.5
2025-08-01 09:43:55 AM,6629.5,95,629802.5,52066490.0
2025-08-01 09:44:02 AM,6624.0,1,6624.0,52073114.0
2025-08-01 09:44:07 AM,6627.0,0,0.0,52073114.0
2025-08-01 09:44:08 AM,6627.0,1,6627.0,52079741.0
2025-08-01 09:44:15 AM,6627.0,22,145794.0,52225535.0
2025-08-01 09:44:21 AM,6626.5,0,0.0,52225535.0
2025-08-01 09:44:22 AM,6626.5,2,13253.0,52238788.0
2025-08-01 09:44:43 AM,6624.0,0,0.0,52238788.0
2025-08-01 09:44:47 AM,6624.0,8,52992.0,52291780.0
2025-08-01 09:44:49 AM,6626.0,0,0.0,52291780.0
2025-08-01 09:44:53 AM,6626.0,17,112642.0,52404422.0
2025-08-01 09:45:03 AM,6624.0,0,0.0,52404422.0
2025-08-01 09:45:07 AM,6622.0,30,198660.0,52603082.0
2025-08-01 09:45:31 AM,6615.0,0,0.0,52603082.0
2025-08-01 09:45:33 AM,6615.0,20,132300.0,52735382.0
2025-08-01 09:45:34 AM,6622.5,1,6622.5,52742004.5
2025-08-01 09:45:46 AM,6619.0,26,172094.0,52914098.5
2025-08-01 09:45:47 AM,6613.0,0,0.0,52914098.5
2025-08-01 09:45:52 AM,6617.5,0,0.0,52914098.5
2025-08-01 09:45:52 AM,6617.5,23,152202.5,53066301.0
2025-08-01 09:46:10 AM,6623.0,0,0.0,53066301.0
2025-08-01 09:46:12 AM,6623.0,21,139083.0,53205384.0
2025-08-01 09:46:16 AM,6616.0,0,0.0,53205384.0
2025-08-01 09:46:18 AM,6616.0,26,172016.0,53377400.0
2025-08-01 09:46:24 AM,6621.0,0,0.0,53377400.0
2025-08-01 09:46:25 AM,6622.0,2,13244.0,53390644.0
2025-08-01 09:46:26 AM,6626.0,30,198780.0,53589424.0
2025-08-01 09:46:31 AM,6624.0,8,52992.0,53642416.0
2025-08-01 09:47:05 AM,6619.0,0,0.0,53642416.0
2025-08-01 09:47:08 AM,6619.0,5,33095.0,53675511.0
2025-08-01 09:47:43 AM,6621.5,1,6621.5,53682132.5
2025-08-01 09:48:09 AM,6621.5,10,66215.0,53748347.5
2025-08-01 09:48:29 AM,6621.5,3,19864.5,53768212.0
2025-08-01 09:48:51 AM,6623.0,0,0.0,53768212.0
2025-08-01 09:48:52 AM,6623.0,3,19869.0,53788081.0
2025-08-01 09:48:54 AM,6624.5,35,231857.5,54019938.5
2025-08-01 09:48:55 AM,6625.0,0,0.0,54019938.5
2025-08-01 09:48:58 AM,6626.0,8,53008.0,54072946.5
2025-08-01 09:49:13 AM,6627.0,50,331350.0,54404296.5
2025-08-01 09:49:17 AM,6627.0,2,13254.0,54417550.5
2025-08-01 09:49:45 AM,6630.0,57,377910.0,54795460.5
2025-08-01 09:49:45 AM,6631.0,0,0.0,54795460.5
2025-08-01 09:49:48 AM,6631.0,64,424384.0,55219844.5
2025-08-01 09:49:51 AM,6637.5,0,0.0,55219844.5
2025-08-01 09:49:51 AM,6637.5,10,66375.0,55286219.5
2025-08-01 09:49:54 AM,6635.5,1,6635.5,55292855.0
2025-08-01 09:49:56 AM,6641.0,0,0.0,55292855.0
2025-08-01 09:49:57 AM,6643.0,9,59787.0,55352642.0
2025-08-01 09:50:00 AM,6644.5,0,0.0,55352642.0
2025-08-01 09:50:01 AM,6649.5,29,192835.5,55545477.5
2025-08-01 09:50:04 AM,6648.5,2,13297.0,55558774.5
2025-08-01 09:50:05 AM,6652.0,0,0.0,55558774.5
2025-08-01 09:50:07 AM,6654.5,0,0.0,55558774.5
2025-08-01 09:50:07 AM,6654.5,544,3620048.0,59178822.5
2025-08-01 09:50:14 AM,6649.5,54,359073.0,59537895.5
2025-08-01 09:50:17 AM,6652.0,72,478944.0,60016839.5
2025-08-01 09:50:33 AM,6652.0,1,6652.0,60023491.5
2025-08-01 09:50:36 AM,6654.5,0,0.0,60023491.5
2025-08-01 09:50:39 AM,6654.5,7,46581.5,60070073.0
2025-08-01 09:50:40 AM,6654.0,0,0.0,60070073.0
2025-08-01 09:50:42 AM,6654.0,1,6654.0,60076727.0
2025-08-01 09:50:48 AM,6653.5,2,13307.0,60090034.0
2025-08-01 09:51:06 AM,6654.5,0,0.0,60090034.0
2025-08-01 09:51:11 AM,6654.5,7,46581.5,60136615.5
2025-08-01 09:51:13 AM,6653.5,3,19960.5,60156576.0
2025-08-01 09:51:17 AM,6668.5,0,0.0,60156576.0
2025-08-01 09:51:17 AM,6668.5,388,2587378.0,62743954.0
2025-08-01 09:51:22 AM,6666.0,0,0.0,62743954.0
2025-08-01 09:51:23 AM,6666.0,19,126654.0,62870608.0
2025-08-01 09:51:25 AM,6662.5,0,0.0,62870608.0
2025-08-01 09:51:25 AM,6662.5,118,786175.0,63656783.0
2025-08-01 09:51:26 AM,6659.5,0,0.0,63656783.0
2025-08-01 09:51:28 AM,6655.0,0,0.0,63656783.0
2025-08-01 09:51:29 AM,6655.0,178,1184590.0,64841373.0
2025-08-01 09:51:34 AM,6656.0,0,0.0,64841373.0
2025-08-01 09:51:35 AM,6661.5,74,492951.0,65334324.0
2025-08-01 09:51:38 AM,6661.5,12,79938.0,65414262.0
2025-08-01 09:51:42 AM,6661.5,21,139891.5,65554153.5
2025-08-01 09:51:46 AM,6659.5,0,0.0,65554153.5
2025-08-01 09:51:48 AM,6659.5,5,33297.5,65587451.0
2025-08-01 09:51:54 AM,6659.5,1,6659.5,65594110.5
2025-08-01 09:52:08 AM,6664.5,0,0.0,65594110.5
2025-08-01 09:52:09 AM,6664.5,12,79974.0,65674084.5
2025-08-01 09:52:13 AM,6662.0,0,0.0,65674084.5
2025-08-01 09:52:15 AM,6662.0,2,13324.0,65687408.5
2025-08-01 09:52:22 AM,6663.0,0,0.0,65687408.5
2025-08-01 09:52:25 AM,6663.0,1,6663.0,65694071.5
2025-08-01 09:52:34 AM,6667.0,0,0.0,65694071.5
2025-08-01 09:52:37 AM,6662.5,0,0.0,65694071.5
2025-08-01 09:52:37 AM,6662.5,154,1026025.0,66720096.5
2025-08-01 09:52:37 AM,6662.0,0,0.0,66720096.5
2025-08-01 09:52:40 AM,6662.5,0,0.0,66720096.5
2025-08-01 09:52:40 AM,6662.5,89,592962.5,67313059.0
2025-08-01 09:52:40 AM,6658.5,0,0.0,67313059.0
2025-08-01 09:52:43 AM,6658.5,9,59926.5,67372985.5
2025-08-01 09:52:46 AM,6659.0,0,0.0,67372985.5
2025-08-01 09:52:46 AM,6659.0,5,33295.0,67406280.5
2025-08-01 09:52:49 AM,6658.5,0,0.0,67406280.5
2025-08-01 09:52:49 AM,6658.5,1,6658.5,67412939.0
2025-08-01 09:52:52 AM,6658.0,0,0.0,67412939.0
2025-08-01 09:52:52 AM,6658.0,1,6658.0,67419597.0
2025-08-01 09:52:55 AM,6658.5,0,0.0,67419597.0
2025-08-01 09:52:55 AM,6658.5,2,13317.0,67432914.0
2025-08-01 09:53:04 AM,6655.5,0,0.0,67432914.0
2025-08-01 09:53:07 AM,6655.5,223,1484176.5,68917090.5
2025-08-01 09:53:10 AM,6654.0,0,0.0,68917090.5
2025-08-01 09:53:13 AM,6653.5,0,0.0,68917090.5
2025-08-01 09:53:14 AM,6653.5,20,133070.0,69050160.5
2025-08-01 09:53:16 AM,6652.0,71,472292.0,69522452.5
2025-08-01 09:53:17 AM,6650.0,0,0.0,69522452.5
2025-08-01 09:53:20 AM,6650.0,9,59850.0,69582302.5
2025-08-01 09:53:22 AM,6650.0,4,26600.0,69608902.5
2025-08-01 09:53:35 AM,6652.0,0,0.0,69608902.5
2025-08-01 09:53:38 AM,6652.0,18,119736.0,69728638.5
2025-08-01 09:53:40 AM,6650.0,1,6650.0,69735288.5
2025-08-01 09:53:42 AM,6645.0,0,0.0,69735288.5
2025-08-01 09:53:43 AM,6649.0,0,0.0,69735288.5
2025-08-01 09:53:47 AM,6646.5,163,1083379.5,70818668.0
2025-08-01 09:53:47 AM,6650.0,0,0.0,70818668.0
2025-08-01 09:53:51 AM,6650.0,6,39900.0,70858568.0
2025-08-01 09:53:53 AM,6647.0,1,6647.0,70865215.0
2025-08-01 09:53:54 AM,6652.0,0,0.0,70865215.0
2025-08-01 09:53:56 AM,6651.5,0,0.0,70865215.0
2025-08-01 09:53:57 AM,6651.5,16,106424.0,70971639.0
2025-08-01 09:53:59 AM,6647.5,0,0.0,70971639.0
2025-08-01 09:54:03 AM,6647.5,3,19942.5,70991581.5
2025-08-01 09:54:05 AM,6651.5,1,6651.5,70998233.0
2025-08-01 09:54:05 AM,6650.0,0,0.0,70998233.0
2025-08-01 09:54:08 AM,6650.5,0,0.0,70998233.0
2025-08-01 09:54:09 AM,6650.5,13,86456.5,71084689.5
2025-08-01 09:54:14 AM,6650.0,0,0.0,71084689.5
2025-08-01 09:54:16 AM,6650.0,3,19950.0,71104639.5
2025-08-01 09:54:20 AM,6652.0,0,0.0,71104639.5
2025-08-01 09:54:22 AM,6652.0,1,6652.0,71111291.5
2025-08-01 09:54:23 AM,6650.0,0,0.0,71111291.5
2025-08-01 09:54:28 AM,6647.5,63,418792.5,71530084.0
2025-08-01 09:54:29 AM,6647.5,2,13295.0,71543379.0
2025-08-01 09:54:35 AM,6651.0,5,33255.0,71576634.0
2025-08-01 09:54:39 AM,6652.0,0,0.0,71576634.0
2025-08-01 09:54:41 AM,6652.0,7,46564.0,71623198.0
2025-08-01 09:54:45 AM,6649.0,0,0.0,71623198.0
2025-08-01 09:54:47 AM,6649.0,3,19947.0,71643145.0
2025-08-01 09:54:52 AM,6652.0,3,19956.0,71663101.0
2025-08-01 09:54:58 AM,6652.0,3,19956.0,71683057.0
2025-08-01 09:55:00 AM,6649.0,0,0.0,71683057.0
2025-08-01 09:55:04 AM,6649.0,1,6649.0,71689706.0
2025-08-01 09:55:06 AM,6650.5,0,0.0,71689706.0
2025-08-01 09:55:10 AM,6650.5,8,53204.0,71742910.0
2025-08-01 09:55:11 AM,6649.0,1,6649.0,71749559.0
2025-08-01 09:55:35 AM,6651.5,0,0.0,71749559.0
2025-08-01 09:55:35 AM,6651.5,7,46560.5,71796119.5
2025-08-01 09:55:40 AM,6649.0,1,6649.0,71802768.5
2025-08-01 09:55:41 AM,6649.0,1,6649.0,71809417.5
2025-08-01 09:56:06 AM,6651.0,0,0.0,71809417.5
2025-08-01 09:56:10 AM,6651.0,7,46557.0,71855974.5
2025-08-01 09:56:16 AM,6651.0,1,6651.0,71862625.5
2025-08-01 09:56:20 AM,6649.0,0,0.0,71862625.5
2025-08-01 09:56:22 AM,6649.0,1,6649.0,71869274.5
2025-08-01 09:56:36 AM,6650.5,0,0.0,71869274.5
2025-08-01 09:56:39 AM,6652.0,0,0.0,71869274.5
2025-08-01 09:56:44 AM,6649.5,0,0.0,71869274.5
2025-08-01 09:56:46 AM,6649.5,10,66495.0,71935769.5
2025-08-01 09:56:52 AM,6649.0,1,6649.0,71942418.5
2025-08-01 09:57:05 AM,6651.5,0,0.0,71942418.5
2025-08-01 09:57:05 AM,6651.5,7,46560.5,71988979.0
2025-08-01 09:57:10 AM,6649.0,1,6649.0,71995628.0
2025-08-01 09:57:27 AM,6649.0,1,6649.0,72002277.0
2025-08-01 09:57:35 AM,6651.5,8,53212.0,72055489.0
2025-08-01 09:57:41 AM,6649.0,0,0.0,72055489.0
2025-08-01 09:57:41 AM,6649.0,8,53192.0,72108681.0
2025-08-01 09:57:45 AM,6649.0,2,13298.0,72121979.0
2025-08-01 09:57:57 AM,6652.0,0,0.0,72121979.0
2025-08-01 09:57:57 AM,6652.0,3,19956.0,72141935.0
2025-08-01 09:58:03 AM,6652.0,1,6652.0,72148587.0
2025-08-01 09:58:05 AM,6651.5,0,0.0,72148587.0
2025-08-01 09:58:06 AM,6652.0,9,59868.0,72208455.0
2025-08-01 09:58:10 AM,6649.0,0,0.0,72208455.0
2025-08-01 09:58:12 AM,6645.0,102,677790.0,72886245.0
2025-08-01 09:58:15 AM,6645.0,2,13290.0,72899535.0
2025-08-01 09:58:34 AM,6650.0,0,0.0,72899535.0
2025-08-01 09:58:36 AM,6651.5,9,59863.5,72959398.5
2025-08-01 09:58:42 AM,6648.0,0,0.0,72959398.5
2025-08-01 09:58:43 AM,6648.0,1,6648.0,72966046.5
2025-08-01 09:58:46 AM,6651.0,0,0.0,72966046.5
2025-08-01 09:58:46 AM,6651.0,8,53208.0,73019254.5
2025-08-01 09:58:52 AM,6647.0,2,13294.0,73032548.5
2025-08-01 09:59:06 AM,6651.5,0,0.0,73032548.5
2025-08-01 09:59:07 AM,6651.5,7,46560.5,73079109.0
2025-08-01 09:59:12 AM,6647.5,0,0.0,73079109.0
2025-08-01 09:59:13 AM,6647.5,1,6647.5,73085756.5
2025-08-01 09:59:16 AM,6647.0,0,0.0,73085756.5
2025-08-01 09:59:16 AM,6647.0,54,358938.0,73444694.5
2025-08-01 09:59:35 AM,6651.5,7,46560.5,73491255.0
2025-08-01 09:59:44 AM,6651.5,5,33257.5,73524512.5
2025-08-01 09:59:50 AM,6652.0,3,19956.0,73544468.5
2025-08-01 10:00:06 AM,6647.0,18,119646.0,73664114.5
2025-08-01 10:00:13 AM,6647.5,1,6647.5,73670762.0
2025-08-01 10:00:16 AM,6650.5,0,0.0,73670762.0
2025-08-01 10:00:16 AM,6650.5,1,6650.5,73677412.5
2025-08-01 10:00:19 AM,6647.5,1,6647.5,73684060.0
2025-08-01 10:00:22 AM,6650.5,2,13301.0,73697361.0
2025-08-01 10:00:28 AM,6652.5,4,26610.0,73723971.0
2025-08-01 10:00:35 AM,6653.0,7,46571.0,73770542.0
2025-08-01 10:00:41 AM,6653.0,9,59877.0,73830419.0
2025-08-01 10:00:44 AM,6652.5,2,13305.0,73843724.0
2025-08-01 10:00:47 AM,6648.0,1,6648.0,73850372.0
2025-08-01 10:01:06 AM,6652.0,7,46564.0,73896936.0
2025-08-01 10:01:13 AM,6648.0,0,0.0,73896936.0
2025-08-01 10:01:13 AM,6652.0,16,106432.0,74003368.0
2025-08-01 10:01:16 AM,6648.0,27,179496.0,74182864.0
2025-08-01 10:01:19 AM,6648.0,2,13296.0,74196160.0
2025-08-01 10:01:25 AM,6654.5,30,199635.0,74395795.0
2025-08-01 10:01:30 AM,6648.5,0,0.0,74395795.0
2025-08-01 10:01:31 AM,6652.5,8,53220.0,74449015.0
2025-08-01 10:01:38 AM,6654.5,0,0.0,74449015.0
2025-08-01 10:01:38 AM,6654.5,14,93163.0,74542178.0
2025-08-01 10:01:40 AM,6654.5,1,6654.5,74548832.5
2025-08-01 10:01:43 AM,6649.5,0,0.0,74548832.5
2025-08-01 10:01:44 AM,6649.5,1,6649.5,74555482.0
2025-08-01 10:01:50 AM,6649.0,1,6649.0,74562131.0
2025-08-01 10:01:52 AM,6653.0,0,0.0,74562131.0
2025-08-01 10:01:52 AM,6653.0,4,26612.0,74588743.0
2025-08-01 10:01:56 AM,6655.0,15,99825.0,74688568.0
2025-08-01 10:01:58 AM,6655.0,9,59895.0,74748463.0
2025-08-01 10:02:02 AM,6650.0,3,19950.0,74768413.0
2025-08-01 10:02:04 AM,6650.0,6,39900.0,74808313.0
2025-08-01 10:02:09 AM,6649.5,0,0.0,74808313.0
2025-08-01 10:02:09 AM,6649.5,12,79794.0,74888107.0
2025-08-01 10:02:17 AM,6648.0,62,412176.0,75300283.0
2025-08-01 10:02:18 AM,6645.0,0,0.0,75300283.0
2025-08-01 10:02:21 AM,6645.0,72,478440.0,75778723.0
2025-08-01 10:02:23 AM,6641.0,0,0.0,75778723.0
2025-08-01 10:02:23 AM,6641.0,5,33205.0,75811928.0
2025-08-01 10:02:27 AM,6642.0,0,0.0,75811928.0
2025-08-01 10:02:28 AM,6642.0,2,13284.0,75825212.0
2025-08-01 10:02:36 AM,6645.0,3,19935.0,75845147.0
2025-08-01 10:02:40 AM,6650.0,0,0.0,75845147.0
2025-08-01 10:02:42 AM,6650.0,7,46550.0,75891697.0
2025-08-01 10:02:45 AM,6644.5,0,0.0,75891697.0
2025-08-01 10:02:47 AM,6644.5,1,6644.5,75898341.5
2025-08-01 10:03:00 AM,6649.5,1,6649.5,75904991.0
2025-08-01 10:03:06 AM,6649.5,9,59845.5,75964836.5
2025-08-01 10:03:08 AM,6649.5,1,6649.5,75971486.0
2025-08-01 10:03:19 AM,6649.5,7,46546.5,76018032.5
2025-08-01 10:03:21 AM,6650.5,10,66505.0,76084537.5
2025-08-01 10:03:25 AM,6649.5,2,13299.0,76097836.5
2025-08-01 10:03:38 AM,6650.5,0,0.0,76097836.5
2025-08-01 10:03:38 AM,6650.5,7,46553.5,76144390.0
2025-08-01 10:03:40 AM,6648.5,113,751280.5,76895670.5
2025-08-01 10:03:44 AM,6639.5,13,86313.5,76981984.0
2025-08-01 10:03:50 AM,6639.0,0,0.0,76981984.0
2025-08-01 10:03:50 AM,6639.0,1,6639.0,76988623.0
2025-08-01 10:03:59 AM,6639.5,3,19918.5,77008541.5
2025-08-01 10:04:05 AM,6643.5,0,0.0,77008541.5
2025-08-01 10:04:05 AM,6643.5,1,6643.5,77015185.0
2025-08-01 10:04:06 AM,6644.0,0,0.0,77015185.0
2025-08-01 10:04:06 AM,6644.0,2,13288.0,77028473.0
2025-08-01 10:04:06 AM,6646.0,4,26584.0,77055057.0
2025-08-01 10:04:12 AM,6642.0,0,0.0,77055057.0
2025-08-01 10:04:12 AM,6642.0,63,418446.0,77473503.0
2025-08-01 10:04:12 AM,6642.0,1,6642.0,77480145.0
2025-08-01 10:04:19 AM,6642.0,11,73062.0,77553207.0
2025-08-01 10:04:19 AM,6642.0,1,6642.0,77559849.0
2025-08-01 10:04:28 AM,6645.5,0,0.0,77559849.0
2025-08-01 10:04:28 AM,6645.5,7,46518.5,77606367.5
2025-08-01 10:04:32 AM,6642.0,1,6642.0,77613009.5
2025-08-01 10:04:36 AM,6645.5,0,0.0,77613009.5
2025-08-01 10:04:36 AM,6645.5,3,19936.5,77632946.0
2025-08-01 10:04:36 AM,6645.5,1,6645.5,77639591.5
2025-08-01 10:04:37 AM,6647.5,0,0.0,77639591.5
2025-08-01 10:04:37 AM,6647.5,11,73122.5,77712714.0
2025-08-01 10:04:41 AM,6644.0,10,66440.0,77779154.0
2025-08-01 10:04:42 AM,6644.0,2,13288.0,77792442.0
2025-08-01 10:04:42 AM,6642.5,1,6642.5,77799084.5
2025-08-01 10:04:55 AM,6647.5,6,39885.0,77838969.5
2025-08-01 10:05:00 AM,6643.5,0,0.0,77838969.5
2025-08-01 10:05:00 AM,6643.5,1,6643.5,77845613.0
2025-08-01 10:05:06 AM,6649.5,0,0.0,77845613.0
2025-08-01 10:05:06 AM,6649.5,8,53196.0,77898809.0
2025-08-01 10:05:11 AM,6644.0,2,13288.0,77912097.0
2025-08-01 10:05:29 AM,6644.5,0,0.0,77912097.0
2025-08-01 10:05:29 AM,6644.5,1,6644.5,77918741.5
2025-08-01 10:05:36 AM,6647.5,0,0.0,77918741.5
2025-08-01 10:05:36 AM,6647.5,1,6647.5,77925389.0
2025-08-01 10:05:37 AM,6650.5,0,0.0,77925389.0
2025-08-01 10:05:37 AM,6650.5,6,39903.0,77965292.0
2025-08-01 10:05:42 AM,6647.0,0,0.0,77965292.0
2025-08-01 10:05:42 AM,6647.0,1,6647.0,77971939.0
2025-08-01 10:05:46 AM,6650.5,1,6650.5,77978589.5
2025-08-01 10:06:02 AM,6650.5,1,6650.5,77985240.0
2025-08-01 10:06:06 AM,6650.5,2,13301.0,77998541.0
2025-08-01 10:06:08 AM,6650.5,6,39903.0,78038444.0
2025-08-01 10:06:17 AM,6649.0,0,0.0,78038444.0
2025-08-01 10:06:18 AM,6649.0,6,39894.0,78078338.0
2025-08-01 10:06:26 AM,6650.5,0,0.0,78078338.0
2025-08-01 10:06:26 AM,6650.5,9,59854.5,78138192.5
2025-08-01 10:06:29 AM,6653.0,0,0.0,78138192.5
2025-08-01 10:06:29 AM,6653.0,4,26612.0,78164804.5
2025-08-01 10:06:35 AM,6652.5,7,46567.5,78211372.0
2025-08-01 10:06:41 AM,6649.5,0,0.0,78211372.0
2025-08-01 10:06:42 AM,6649.5,2,13299.0,78224671.0
2025-08-01 10:06:44 AM,6653.0,5,33265.0,78257936.0
2025-08-01 10:06:48 AM,6649.5,1,6649.5,78264585.5
2025-08-01 10:07:03 AM,6650.0,0,0.0,78264585.5
2025-08-01 10:07:03 AM,6650.0,7,46550.0,78311135.5
2025-08-01 10:07:08 AM,6649.5,0,0.0,78311135.5
2025-08-01 10:07:08 AM,6649.5,1,6649.5,78317785.0
2025-08-01 10:07:08 AM,6649.5,1,6649.5,78324434.5
2025-08-01 10:07:28 AM,6649.0,56,372344.0,78696778.5
2025-08-01 10:07:28 AM,6643.5,1,6643.5,78703422.0
2025-08-01 10:07:33 AM,6640.0,0,0.0,78703422.0
2025-08-01 10:07:33 AM,6640.0,13,86320.0,78789742.0
2025-08-01 10:07:34 AM,6640.0,3,19920.0,78809662.0
2025-08-01 10:07:59 AM,6641.0,0,0.0,78809662.0
2025-08-01 10:07:59 AM,6641.0,34,225794.0,79035456.0
2025-08-01 10:08:02 AM,6645.5,0,0.0,79035456.0
2025-08-01 10:08:02 AM,6645.5,1,6645.5,79042101.5
2025-08-01 10:08:04 AM,6643.5,4,26574.0,79068675.5
2025-08-01 10:08:07 AM,6647.5,0,0.0,79068675.5
2025-08-01 10:08:08 AM,6647.5,3,19942.5,79088618.0
2025-08-01 10:08:12 AM,6646.5,0,0.0,79088618.0
2025-08-01 10:08:15 AM,6646.5,1,6646.5,79095264.5
2025-08-01 10:08:26 AM,6650.0,0,0.0,79095264.5
2025-08-01 10:08:27 AM,6650.0,7,46550.0,79141814.5
2025-08-01 10:08:33 AM,6650.0,288,1915200.0,81057014.5
2025-08-01 10:08:35 AM,6649.5,0,0.0,81057014.5
2025-08-01 10:08:38 AM,6647.5,0,0.0,81057014.5
2025-08-01 10:08:39 AM,6647.5,10,66475.0,81123489.5
2025-08-01 10:08:40 AM,6647.5,25,166187.5,81289677.0
2025-08-01 10:08:44 AM,6651.0,0,0.0,81289677.0
2025-08-01 10:08:45 AM,6651.0,6,39906.0,81329583.0
2025-08-01 10:08:46 AM,6648.0,3,19944.0,81349527.0
2025-08-01 10:09:06 AM,6651.0,0,0.0,81349527.0
2025-08-01 10:09:08 AM,6651.0,7,46557.0,81396084.0
2025-08-01 10:09:12 AM,6648.0,0,0.0,81396084.0
2025-08-01 10:09:14 AM,6648.0,1,6648.0,81402732.0
2025-08-01 10:09:26 AM,6651.5,0,0.0,81402732.0
2025-08-01 10:09:26 AM,6651.5,2,13303.0,81416035.0
2025-08-01 10:09:38 AM,6651.5,9,59863.5,81475898.5
2025-08-01 10:09:41 AM,6649.0,0,0.0,81475898.5
2025-08-01 10:09:44 AM,6651.5,4,26606.0,81502504.5
2025-08-01 10:09:45 AM,6651.5,48,319272.0,81821776.5
2025-08-01 10:09:49 AM,6650.0,1,6650.0,81828426.5
2025-08-01 10:09:50 AM,6649.0,0,0.0,81828426.5
2025-08-01 10:09:51 AM,6649.0,8,53192.0,81881618.5
2025-08-01 10:09:56 AM,6651.5,0,0.0,81881618.5
2025-08-01 10:09:56 AM,6651.5,6,39909.0,81921527.5
2025-08-01 10:10:00 AM,6649.0,1,6649.0,81928176.5
2025-08-01 10:10:05 AM,6653.0,0,0.0,81928176.5
2025-08-01 10:10:06 AM,6653.0,7,46571.0,81974747.5
2025-08-01 10:10:11 AM,6649.0,0,0.0,81974747.5
2025-08-01 10:10:12 AM,6649.0,2,13298.0,81988045.5
2025-08-01 10:10:24 AM,6649.0,2,13298.0,82001343.5
2025-08-01 10:10:36 AM,6650.0,5,33250.0,82034593.5
2025-08-01 10:10:37 AM,6650.0,2,13300.0,82047893.5
2025-08-01 10:11:05 AM,6653.5,7,46574.5,82094468.0
2025-08-01 10:11:07 AM,6650.0,37,246050.0,82340518.0
2025-08-01 10:11:12 AM,6650.0,118,784700.0,83125218.0
2025-08-01 10:11:13 AM,6650.0,18,119700.0,83244918.0
2025-08-01 10:11:19 AM,6650.0,54,359100.0,83604018.0
2025-08-01 10:11:24 AM,6650.0,38,252700.0,83856718.0
2025-08-01 10:11:30 AM,6653.5,26,172991.0,84029709.0
2025-08-01 10:11:35 AM,6652.0,0,0.0,84029709.0
2025-08-01 10:11:36 AM,6652.0,7,46564.0,84076273.0
2025-08-01 10:11:40 AM,6652.0,8,53216.0,84129489.0
2025-08-01 10:11:46 AM,6649.0,117,777933.0,84907422.0
2025-08-01 10:11:50 AM,6643.5,0,0.0,84907422.0
2025-08-01 10:11:52 AM,6644.0,8,53152.0,84960574.0
2025-08-01 10:12:04 AM,6649.5,11,73144.5,85033718.5
2025-08-01 10:12:34 AM,6650.0,7,46550.0,85080268.5
2025-08-01 10:12:39 AM,6650.0,4,26600.0,85106868.5
2025-08-01 10:12:44 AM,6650.0,1,6650.0,85113518.5
2025-08-01 10:12:45 AM,6650.0,1,6650.0,85120168.5
2025-08-01 10:12:50 AM,6649.5,0,0.0,85120168.5
2025-08-01 10:12:50 AM,6649.5,1,6649.5,85126818.0
2025-08-01 10:13:02 AM,6652.0,6,39912.0,85166730.0
2025-08-01 10:13:08 AM,6652.0,9,59868.0,85226598.0
2025-08-01 10:13:08 AM,6649.5,0,0.0,85226598.0
2025-08-01 10:13:08 AM,6649.5,19,126340.5,85352938.5
2025-08-01 10:13:13 AM,6649.5,1,6649.5,85359588.0
2025-08-01 10:13:37 AM,6652.0,8,53216.0,85412804.0
2025-08-01 10:13:38 AM,6651.0,0,0.0,85412804.0
2025-08-01 10:13:38 AM,6652.0,8,53216.0,85466020.0
2025-08-01 10:13:43 AM,6649.5,3,19948.5,85485968.5
2025-08-01 10:13:49 AM,6652.0,1,6652.0,85492620.5
2025-08-01 10:14:05 AM,6651.5,0,0.0,85492620.5
2025-08-01 10:14:07 AM,6652.0,7,46564.0,85539184.5
2025-08-01 10:14:07 AM,6651.0,7,46557.0,85585741.5
2025-08-01 10:14:13 AM,6649.5,2,13299.0,85599040.5
2025-08-01 10:14:35 AM,6652.0,7,46564.0,85645604.5
2025-08-01 10:14:41 AM,6650.0,0,0.0,85645604.5
2025-08-01 10:14:41 AM,6650.0,1,6650.0,85652254.5
2025-08-01 10:14:43 AM,6649.5,127,844486.5,86496741.0
2025-08-01 10:14:48 AM,6648.0,23,152904.0,86649645.0
2025-08-01 10:15:04 AM,6649.5,19,126340.5,86775985.5
2025-08-01 10:15:07 AM,6651.5,0,0.0,86775985.5
2025-08-01 10:15:10 AM,6651.5,7,46560.5,86822546.0
2025-08-01 10:15:11 AM,6651.5,1,6651.5,86829197.5
2025-08-01 10:15:35 AM,6651.0,0,0.0,86829197.5
2025-08-01 10:15:35 AM,6651.0,7,46557.0,86875754.5
2025-08-01 10:15:41 AM,6648.0,1,6648.0,86882402.5
2025-08-01 10:15:46 AM,6651.5,0,0.0,86882402.5
2025-08-01 10:15:46 AM,6651.5,7,46560.5,86928963.0
2025-08-01 10:15:50 AM,6652.0,0,0.0,86928963.0
2025-08-01 10:15:53 AM,6652.0,1,6652.0,86935615.0
2025-08-01 10:15:55 AM,6648.5,0,0.0,86935615.0
2025-08-01 10:15:58 AM,6648.5,1,6648.5,86942263.5
2025-08-01 10:16:01 AM,6648.0,0,0.0,86942263.5
2025-08-01 10:16:04 AM,6648.0,1,6648.0,86948911.5
2025-08-01 10:16:04 AM,6650.0,7,46550.0,86995461.5
2025-08-01 10:16:10 AM,6648.0,1,6648.0,87002109.5
2025-08-01 10:16:37 AM,6652.0,0,0.0,87002109.5
2025-08-01 10:16:39 AM,6652.0,7,46564.0,87048673.5
2025-08-01 10:17:07 AM,6652.0,8,53216.0,87101889.5
2025-08-01 10:17:08 AM,6650.5,0,0.0,87101889.5
2025-08-01 10:17:12 AM,6649.0,4,26596.0,87128485.5
2025-08-01 10:17:36 AM,6652.0,7,46564.0,87175049.5
2025-08-01 10:17:37 AM,6650.5,0,0.0,87175049.5
2025-08-01 10:17:42 AM,6650.5,7,46553.5,87221603.0
2025-08-01 10:17:48 AM,6650.5,3,19951.5,87241554.5
2025-08-01 10:17:53 AM,6651.5,0,0.0,87241554.5
2025-08-01 10:17:53 AM,6651.5,1,6651.5,87248206.0
2025-08-01 10:17:59 AM,6649.0,0,0.0,87248206.0
2025-08-01 10:17:59 AM,6649.0,1,6649.0,87254855.0
2025-08-01 10:18:07 AM,6650.5,0,0.0,87254855.0
2025-08-01 10:18:10 AM,6649.0,0,0.0,87254855.0
2025-08-01 10:18:11 AM,6649.0,22,146278.0,87401133.0
2025-08-01 10:18:35 AM,6650.5,0,0.0,87401133.0
2025-08-01 10:18:40 AM,6650.5,8,53204.0,87454337.0
2025-08-01 10:19:03 AM,6650.0,0,0.0,87454337.0
2025-08-01 10:19:08 AM,6650.0,7,46550.0,87500887.0
2025-08-01 10:19:08 AM,6649.5,1,6649.5,87507536.5
2025-08-01 10:19:30 AM,6652.0,0,0.0,87507536.5
2025-08-01 10:19:31 AM,6652.0,1,6652.0,87514188.5
2025-08-01 10:19:38 AM,6652.0,7,46564.0,87560752.5
2025-08-01 10:19:39 AM,6651.5,0,0.0,87560752.5
2025-08-01 10:19:42 AM,6649.5,0,0.0,87560752.5
2025-08-01 10:19:43 AM,6649.5,3,19948.5,87580701.0
2025-08-01 10:19:48 AM,6652.0,0,0.0,87580701.0
2025-08-01 10:19:49 AM,6652.0,4,26608.0,87607309.0
2025-08-01 10:19:59 AM,6652.0,8,53216.0,87660525.0
2025-08-01 10:20:04 AM,6650.0,0,0.0,87660525.0
2025-08-01 10:20:05 AM,6650.0,1,6650.0,87667175.0
2025-08-01 10:20:06 AM,6652.0,0,0.0,87667175.0
2025-08-01 10:20:06 AM,6652.0,6,39912.0,87707087.0
2025-08-01 10:20:09 AM,6651.0,0,0.0,87707087.0
2025-08-01 10:20:10 AM,6651.0,62,412362.0,88119449.0
2025-08-01 10:20:12 AM,6645.5,0,0.0,88119449.0
2025-08-01 10:20:12 AM,6645.5,3,19936.5,88139385.5
2025-08-01 10:20:15 AM,6645.0,0,0.0,88139385.5
2025-08-01 10:20:16 AM,6645.0,40,265800.0,88405185.5
2025-08-01 10:20:18 AM,6645.5,0,0.0,88405185.5
2025-08-01 10:20:18 AM,6645.5,7,46518.5,88451704.0
2025-08-01 10:20:35 AM,6651.5,0,0.0,88451704.0
2025-08-01 10:20:35 AM,6652.0,7,46564.0,88498268.0
2025-08-01 10:20:41 AM,6648.0,0,0.0,88498268.0
2025-08-01 10:20:42 AM,6648.0,1,6648.0,88504916.0
2025-08-01 10:20:57 AM,6652.0,0,0.0,88504916.0
2025-08-01 10:20:58 AM,6652.0,32,212864.0,88717780.0
2025-08-01 10:21:01 AM,6646.0,0,0.0,88717780.0
2025-08-01 10:21:03 AM,6646.0,63,418698.0,89136478.0
2025-08-01 10:21:05 AM,6646.0,1,6646.0,89143124.0
2025-08-01 10:21:07 AM,6650.0,0,0.0,89143124.0
2025-08-01 10:21:09 AM,6650.0,2,13300.0,89156424.0
2025-08-01 10:21:22 AM,6650.5,2,13301.0,89169725.0
2025-08-01 10:21:36 AM,6650.5,7,46553.5,89216278.5
2025-08-01 10:21:39 AM,6648.5,0,0.0,89216278.5
2025-08-01 10:21:41 AM,6650.0,0,0.0,89216278.5
2025-08-01 10:21:42 AM,6648.0,94,624912.0,89841190.5
2025-08-01 10:21:47 AM,6648.0,3,19944.0,89861134.5
2025-08-01 10:22:06 AM,6650.5,7,46553.5,89907688.0
2025-08-01 10:22:12 AM,6648.0,1,6648.0,89914336.0
2025-08-01 10:22:14 AM,6650.5,0,0.0,89914336.0
2025-08-01 10:22:16 AM,6650.5,7,46553.5,89960889.5
2025-08-01 10:22:20 AM,6648.5,0,0.0,89960889.5
2025-08-01 10:22:22 AM,6648.5,1,6648.5,89967538.0
2025-08-01 10:22:36 AM,6650.5,7,46553.5,90014091.5
2025-08-01 10:22:38 AM,6650.0,0,0.0,90014091.5
2025-08-01 10:22:39 AM,6650.0,1,6650.0,90020741.5
2025-08-01 10:22:41 AM,6650.0,12,79800.0,90100541.5
2025-08-01 10:22:45 AM,6650.0,8,53200.0,90153741.5
2025-08-01 10:22:50 AM,6650.0,25,166250.0,90319991.5
2025-08-01 10:22:55 AM,6650.0,50,332500.0,90652491.5
2025-08-01 10:22:58 AM,6648.0,7,46536.0,90699027.5
2025-08-01 10:23:06 AM,6650.5,7,46553.5,90745581.0
2025-08-01 10:23:12 AM,6648.0,2,13296.0,90758877.0
2025-08-01 10:23:18 AM,6652.0,13,86476.0,90845353.0
2025-08-01 10:23:24 AM,6648.0,1,6648.0,90852001.0
2025-08-01 10:23:37 AM,6652.0,0,0.0,90852001.0
2025-08-01 10:23:38 AM,6652.0,7,46564.0,90898565.0
2025-08-01 10:23:40 AM,6650.0,0,0.0,90898565.0
2025-08-01 10:23:41 AM,6650.0,26,172900.0,91071465.0
2025-08-01 10:23:44 AM,6650.0,1,6650.0,91078115.0
2025-08-01 10:23:47 AM,6648.0,0,0.0,91078115.0
2025-08-01 10:23:49 AM,6648.0,1,6648.0,91084763.0
2025-08-01 10:24:04 AM,6649.0,0,0.0,91084763.0
2025-08-01 10:24:06 AM,6652.0,7,46564.0,91131327.0
2025-08-01 10:24:12 AM,6649.0,0,0.0,91131327.0
2025-08-01 10:24:12 AM,6649.0,8,53192.0,91184519.0
2025-08-01 10:24:13 AM,6652.0,0,0.0,91184519.0
2025-08-01 10:24:14 AM,6652.0,1,6652.0,91191171.0
2025-08-01 10:24:16 AM,6648.5,0,0.0,91191171.0
2025-08-01 10:24:17 AM,6648.5,4,26594.0,91217765.0
2025-08-01 10:24:19 AM,6649.0,0,0.0,91217765.0
2025-08-01 10:24:19 AM,6649.0,2,13298.0,91231063.0
2025-08-01 10:24:34 AM,6650.5,0,0.0,91231063.0
2025-08-01 10:24:36 AM,6650.5,7,46553.5,91277616.5
2025-08-01 10:24:39 AM,6649.0,1,6649.0,91284265.5
2025-08-01 10:24:54 AM,6652.0,0,0.0,91284265.5
2025-08-01 10:24:55 AM,6652.0,3,19956.0,91304221.5
2025-08-01 10:24:58 AM,6652.0,6,39912.0,91344133.5
2025-08-01 10:25:01 AM,6649.0,2,13298.0,91357431.5
2025-08-01 10:25:04 AM,6650.5,0,0.0,91357431.5
2025-08-01 10:25:07 AM,6650.5,7,46553.5,91403985.0
2025-08-01 10:25:09 AM,6649.0,1,6649.0,91410634.0
2025-08-01 10:25:24 AM,6649.5,0,0.0,91410634.0
2025-08-01 10:25:24 AM,6649.5,1,6649.5,91417283.5
2025-08-01 10:25:36 AM,6650.5,3,19951.5,91437235.0
2025-08-01 10:25:42 AM,6649.5,0,0.0,91437235.0
2025-08-01 10:25:43 AM,6649.5,6,39897.0,91477132.0
2025-08-01 10:25:52 AM,6652.0,8,53216.0,91530348.0
2025-08-01 10:25:58 AM,6649.5,1,6649.5,91536997.5
2025-08-01 10:26:00 AM,6649.5,21,139639.5,91676637.0
2025-08-01 10:26:05 AM,6650.5,0,0.0,91676637.0
2025-08-01 10:26:05 AM,6652.0,17,113084.0,91789721.0
2025-08-01 10:26:09 AM,6650.0,0,0.0,91789721.0
2025-08-01 10:26:11 AM,6649.5,0,0.0,91789721.0
2025-08-01 10:26:11 AM,6649.5,4,26598.0,91816319.0
2025-08-01 10:26:20 AM,6653.5,0,0.0,91816319.0
2025-08-01 10:26:20 AM,6653.5,7,46574.5,91862893.5
2025-08-01 10:26:21 AM,6652.0,0,0.0,91862893.5
2025-08-01 10:26:22 AM,6652.0,9,59868.0,91922761.5
2025-08-01 10:26:26 AM,6649.5,0,0.0,91922761.5
2025-08-01 10:26:26 AM,6649.5,2,13299.0,91936060.5
2025-08-01 10:26:31 AM,6652.0,1,6652.0,91942712.5
2025-08-01 10:26:37 AM,6655.0,7,46585.0,91989297.5
2025-08-01 10:26:38 AM,6650.5,0,0.0,91989297.5
2025-08-01 10:26:40 AM,6654.0,10,66540.0,92055837.5
2025-08-01 10:26:42 AM,6650.0,0,0.0,92055837.5
2025-08-01 10:26:43 AM,6650.0,1,6650.0,92062487.5
2025-08-01 10:26:45 AM,6650.0,1,6650.0,92069137.5
2025-08-01 10:26:51 AM,6650.0,1,6650.0,92075787.5
2025-08-01 10:26:57 AM,6650.0,1,6650.0,92082437.5
2025-08-01 10:26:59 AM,6649.5,0,0.0,92082437.5
2025-08-01 10:27:00 AM,6649.5,2,13299.0,92095736.5
2025-08-01 10:27:06 AM,6653.5,0,0.0,92095736.5
2025-08-01 10:27:08 AM,6654.5,0,0.0,92095736.5
2025-08-01 10:27:09 AM,6654.5,7,46581.5,92142318.0
2025-08-01 10:27:25 AM,6653.0,2,13306.0,92155624.0
2025-08-01 10:27:27 AM,6653.5,0,0.0,92155624.0
2025-08-01 10:27:28 AM,6653.5,6,39921.0,92195545.0
2025-08-01 10:27:29 AM,6650.0,0,0.0,92195545.0
2025-08-01 10:27:31 AM,6650.0,13,86450.0,92281995.0
2025-08-01 10:27:33 AM,6650.0,2,13300.0,92295295.0
2025-08-01 10:27:35 AM,6649.5,0,0.0,92295295.0
2025-08-01 10:27:36 AM,6649.5,135,897682.5,93192977.5
2025-08-01 10:27:39 AM,6647.5,5,33237.5,93226215.0
2025-08-01 10:27:42 AM,6647.5,25,166187.5,93392402.5
2025-08-01 10:28:06 AM,6651.5,0,0.0,93392402.5
2025-08-01 10:28:06 AM,6651.5,4,26606.0,93419008.5
2025-08-01 10:28:09 AM,6651.5,3,19954.5,93438963.0
2025-08-01 10:28:12 AM,6648.5,0,0.0,93438963.0
2025-08-01 10:28:13 AM,6653.0,0,0.0,93438963.0
2025-08-01 10:28:14 AM,6653.0,8,53224.0,93492187.0
2025-08-01 10:28:36 AM,6650.0,0,0.0,93492187.0
2025-08-01 10:28:36 AM,6650.0,7,46550.0,93538737.0
2025-08-01 10:28:42 AM,6648.0,1,6648.0,93545385.0
2025-08-01 10:28:47 AM,6650.0,2,13300.0,93558685.0
2025-08-01 10:28:53 AM,6648.0,2,13296.0,93571981.0
2025-08-01 10:29:06 AM,6650.0,0,0.0,93571981.0
2025-08-01 10:29:07 AM,6650.0,7,46550.0,93618531.0
2025-08-01 10:29:13 AM,6650.0,3,19950.0,93638481.0
2025-08-01 10:29:15 AM,6650.0,1,6650.0,93645131.0
2025-08-01 10:29:16 AM,6648.5,0,0.0,93645131.0
2025-08-01 10:29:18 AM,6648.5,1,6648.5,93651779.5
2025-08-01 10:29:40 AM,6650.0,0,0.0,93651779.5
2025-08-01 10:29:40 AM,6650.0,50,332500.0,93984279.5
2025-08-01 10:29:44 AM,6648.5,0,0.0,93984279.5
2025-08-01 10:29:46 AM,6648.5,26,172861.0,94157140.5
2025-08-01 10:29:57 AM,6648.5,2,13297.0,94170437.5
2025-08-01 10:29:58 AM,6650.0,0,0.0,94170437.5
2025-08-01 10:30:00 AM,6650.0,3,19950.0,94190387.5
2025-08-01 10:30:05 AM,6648.5,1,6648.5,94197036.0
2025-08-01 10:30:20 AM,6648.5,63,418855.5,94615891.5
2025-08-01 10:30:22 AM,6647.5,0,0.0,94615891.5
2025-08-01 10:30:22 AM,6647.5,5,33237.5,94649129.0
2025-08-01 10:30:25 AM,6647.5,8,53180.0,94702309.0
2025-08-01 10:30:34 AM,6647.5,34,226015.0,94928324.0
2025-08-01 10:30:53 AM,6650.0,0,0.0,94928324.0
2025-08-01 10:30:53 AM,6650.0,1,6650.0,94934974.0
2025-08-01 10:30:59 AM,6648.0,1,6648.0,94941622.0
2025-08-01 10:31:03 AM,6647.5,1,6647.5,94948269.5
2025-08-01 10:31:08 AM,6648.0,0,0.0,94948269.5
2025-08-01 10:31:09 AM,6648.0,2,13296.0,94961565.5
2025-08-01 10:31:20 AM,6650.0,10,66500.0,95028065.5
2025-08-01 10:31:26 AM,6648.0,1,6648.0,95034713.5
2025-08-01 10:31:27 AM,6650.0,0,0.0,95034713.5
2025-08-01 10:31:28 AM,6650.0,1,6650.0,95041363.5
2025-08-01 10:31:37 AM,6648.0,0,0.0,95041363.5
2025-08-01 10:31:37 AM,6648.0,1,6648.0,95048011.5
2025-08-01 10:31:39 AM,6648.0,1,6648.0,95054659.5
2025-08-01 10:31:42 AM,6649.5,1,6649.5,95061309.0
2025-08-01 10:31:47 AM,6648.0,1,6648.0,95067957.0
2025-08-01 10:32:12 AM,6650.0,0,0.0,95067957.0
2025-08-01 10:32:14 AM,6650.0,7,46550.0,95114507.0
2025-08-01 10:32:20 AM,6648.0,0,0.0,95114507.0
2025-08-01 10:32:20 AM,6648.0,1,6648.0,95121155.0
2025-08-01 10:32:39 AM,6648.0,6,39888.0,95161043.0
2025-08-01 10:32:59 AM,6647.5,0,0.0,95161043.0
2025-08-01 10:32:59 AM,6646.0,117,777582.0,95938625.0
2025-08-01 10:33:02 AM,6641.5,0,0.0,95938625.0
2025-08-01 10:33:02 AM,6641.5,29,192603.5,96131228.5
2025-08-01 10:33:05 AM,6645.0,0,0.0,96131228.5
2025-08-01 10:33:05 AM,6645.0,23,152835.0,96284063.5
2025-08-01 10:33:13 AM,6649.0,2,13298.0,96297361.5
2025-08-01 10:33:19 AM,6645.0,6,39870.0,96337231.5
2025-08-01 10:33:52 AM,6649.0,0,0.0,96337231.5
2025-08-01 10:33:52 AM,6649.0,9,59841.0,96397072.5
2025-08-01 10:33:55 AM,6645.5,1,6645.5,96403718.0
2025-08-01 10:34:03 AM,6645.0,14,93030.0,96496748.0
2025-08-01 10:34:07 AM,6645.0,2,13290.0,96510038.0
2025-08-01 10:34:18 AM,6650.0,0,0.0,96510038.0
2025-08-01 10:34:18 AM,6650.0,6,39900.0,96549938.0
2025-08-01 10:34:21 AM,6646.0,0,0.0,96549938.0
2025-08-01 10:34:24 AM,6646.0,1,6646.0,96556584.0
2025-08-01 10:34:29 AM,6649.5,1,6649.5,96563233.5
2025-08-01 10:35:03 AM,6650.0,0,0.0,96563233.5
2025-08-01 10:35:03 AM,6650.0,9,59850.0,96623083.5
2025-08-01 10:35:08 AM,6646.0,0,0.0,96623083.5
2025-08-01 10:35:09 AM,6646.0,2,13292.0,96636375.5
2025-08-01 10:35:12 AM,6650.0,10,66500.0,96702875.5
2025-08-01 10:35:16 AM,6646.5,0,0.0,96702875.5
2025-08-01 10:35:17 AM,6646.5,1,6646.5,96709522.0
2025-08-01 10:35:37 AM,6646.5,3,19939.5,96729461.5
2025-08-01 10:35:43 AM,6646.5,5,33232.5,96762694.0
2025-08-01 10:36:10 AM,6650.0,0,0.0,96762694.0
2025-08-01 10:36:11 AM,6650.0,7,46550.0,96809244.0
2025-08-01 10:36:16 AM,6646.5,0,0.0,96809244.0
2025-08-01 10:36:16 AM,6646.5,1,6646.5,96815890.5
2025-08-01 10:36:30 AM,6646.5,99,658003.5,97473894.0
2025-08-01 10:36:33 AM,6643.5,0,0.0,97473894.0
2025-08-01 10:36:33 AM,6643.5,3,19930.5,97493824.5
2025-08-01 10:36:35 AM,6640.0,0,0.0,97493824.5
2025-08-01 10:36:35 AM,6640.0,11,73040.0,97566864.5
2025-08-01 10:36:40 AM,6636.0,0,0.0,97566864.5
2025-08-01 10:36:41 AM,6636.5,11,73001.5,97639866.0
2025-08-01 10:36:55 AM,6646.5,50,332325.0,97972191.0
2025-08-01 10:37:01 AM,6640.5,9,59764.5,98031955.5
2025-08-01 10:37:22 AM,6640.5,34,225777.0,98257732.5
2025-08-01 10:37:24 AM,6641.0,0,0.0,98257732.5
2025-08-01 10:37:25 AM,6641.0,1,6641.0,98264373.5
2025-08-01 10:37:54 AM,6646.5,0,0.0,98264373.5
2025-08-01 10:37:56 AM,6646.5,1,6646.5,98271020.0
2025-08-01 10:38:19 AM,6647.5,0,0.0,98271020.0
2025-08-01 10:38:20 AM,6647.5,3,19942.5,98290962.5
2025-08-01 10:38:25 AM,6643.0,0,0.0,98290962.5
2025-08-01 10:38:26 AM,6647.5,0,0.0,98290962.5
2025-08-01 10:38:26 AM,6647.5,4,26590.0,98317552.5
2025-08-01 10:38:38 AM,6647.5,1,6647.5,98324200.0
2025-08-01 10:39:05 AM,6642.5,0,0.0,98324200.0
2025-08-01 10:39:06 AM,6642.5,2,13285.0,98337485.0
2025-08-01 10:39:30 AM,6646.5,0,0.0,98337485.0
2025-08-01 10:39:31 AM,6646.5,5,33232.5,98370717.5
2025-08-01 10:39:35 AM,6642.5,0,0.0,98370717.5
2025-08-01 10:39:37 AM,6642.5,16,106280.0,98476997.5
2025-08-01 10:39:40 AM,6646.5,1,6646.5,98483644.0
2025-08-01 10:39:45 AM,6642.5,1,6642.5,98490286.5
2025-08-01 10:39:48 AM,6642.5,2,13285.0,98503571.5
2025-08-01 10:40:11 AM,6647.0,0,0.0,98503571.5
2025-08-01 10:40:13 AM,6647.0,4,26588.0,98530159.5
2025-08-01 10:40:18 AM,6647.0,3,19941.0,98550100.5
2025-08-01 10:40:24 AM,6643.5,0,0.0,98550100.5
2025-08-01 10:40:24 AM,6643.5,1,6643.5,98556744.0
2025-08-01 10:40:59 AM,6644.0,0,0.0,98556744.0
2025-08-01 10:41:00 AM,6644.0,3,19932.0,98576676.0
2025-08-01 10:42:10 AM,6646.5,7,46525.5,98623201.5
2025-08-01 10:42:15 AM,6643.5,0,0.0,98623201.5
2025-08-01 10:42:15 AM,6643.5,1,6643.5,98629845.0
2025-08-01 10:43:21 AM,6643.5,86,571341.0,99201186.0
2025-08-01 10:43:24 AM,6640.0,4,26560.0,99227746.0
2025-08-01 10:43:27 AM,6640.0,16,106240.0,99333986.0
2025-08-01 10:43:36 AM,6644.5,0,0.0,99333986.0
2025-08-01 10:43:38 AM,6644.5,2,13289.0,99347275.0
2025-08-01 10:44:11 AM,6640.0,43,285520.0,99632795.0
2025-08-01 10:44:14 AM,6640.0,2,13280.0,99646075.0
2025-08-01 10:44:18 AM,6645.5,0,0.0,99646075.0
2025-08-01 10:44:20 AM,6645.5,3,19936.5,99666011.5
2025-08-01 10:44:24 AM,6640.5,0,0.0,99666011.5
2025-08-01 10:44:25 AM,6640.5,1,6640.5,99672652.0
2025-08-01 10:44:32 AM,6644.5,0,0.0,99672652.0
2025-08-01 10:44:33 AM,6644.5,1,6644.5,99679296.5
2025-08-01 10:45:18 AM,6647.0,0,0.0,99679296.5
2025-08-01 10:45:20 AM,6647.0,68,451996.0,100131292.5
2025-08-01 10:45:24 AM,6642.0,0,0.0,100131292.5
2025-08-01 10:45:25 AM,6642.0,11,73062.0,100204354.5
2025-08-01 10:45:26 AM,6650.0,0,0.0,100204354.5
2025-08-01 10:45:28 AM,6650.0,270,1795500.0,101999854.5
2025-08-01 10:45:31 AM,6643.5,0,0.0,101999854.5
2025-08-01 10:45:33 AM,6643.5,6,39861.0,102039715.5
2025-08-01 10:45:36 AM,6643.0,2,13286.0,102053001.5
2025-08-01 10:45:38 AM,6643.0,4,26572.0,102079573.5
2025-08-01 10:45:41 AM,6642.0,0,0.0,102079573.5
2025-08-01 10:45:41 AM,6642.0,31,205902.0,102285475.5
2025-08-01 10:45:42 AM,6643.0,0,0.0,102285475.5
2025-08-01 10:45:44 AM,6643.0,6,39858.0,102325333.5
2025-08-01 10:45:52 AM,6642.5,0,0.0,102325333.5
2025-08-01 10:45:52 AM,6642.5,2,13285.0,102338618.5
2025-08-01 10:46:15 AM,6642.0,126,836892.0,103175510.5
2025-08-01 10:46:16 AM,6641.5,0,0.0,103175510.5
2025-08-01 10:46:17 AM,6641.5,7,46490.5,103222001.0
2025-08-01 10:46:19 AM,6634.5,0,0.0,103222001.0
2025-08-01 10:46:20 AM,6638.0,0,0.0,103222001.0
2025-08-01 10:46:21 AM,6638.0,22,146036.0,103368037.0
2025-08-01 10:46:25 AM,6634.0,0,0.0,103368037.0
2025-08-01 10:46:26 AM,6634.5,0,0.0,103368037.0
2025-08-01 10:46:26 AM,6634.5,19,126055.5,103494092.5
2025-08-01 10:46:28 AM,6635.5,0,0.0,103494092.5
2025-08-01 10:46:28 AM,6635.5,1,6635.5,103500728.0
2025-08-01 10:46:40 AM,6641.0,0,0.0,103500728.0
2025-08-01 10:46:43 AM,6641.0,1,6641.0,103507369.0
2025-08-01 10:46:44 AM,6641.0,4,26564.0,103533933.0
2025-08-01 10:47:02 AM,6636.5,0,0.0,103533933.0
2025-08-01 10:47:05 AM,6636.5,18,119457.0,103653390.0
2025-08-01 10:47:27 AM,6641.0,0,0.0,103653390.0
2025-08-01 10:47:28 AM,6641.0,2,13282.0,103666672.0
2025-08-01 10:47:32 AM,6640.0,1,6640.0,103673312.0
2025-08-01 10:47:32 AM,6641.0,0,0.0,103673312.0
2025-08-01 10:47:34 AM,6641.0,1,6641.0,103679953.0
2025-08-01 10:47:39 AM,6641.0,2,13282.0,103693235.0
2025-08-01 10:48:04 AM,6645.0,0,0.0,103693235.0
2025-08-01 10:48:04 AM,6645.0,1,6645.0,103699880.0
2025-08-01 10:48:17 AM,6645.0,7,46515.0,103746395.0
2025-08-01 10:48:22 AM,6643.0,0,0.0,103746395.0
2025-08-01 10:48:22 AM,6643.0,2,13286.0,103759681.0
2025-08-01 10:48:31 AM,6643.0,46,305578.0,104065259.0
2025-08-01 10:48:33 AM,6643.0,2,13286.0,104078545.0
2025-08-01 10:48:47 AM,6643.0,2,13286.0,104091831.0
2025-08-01 10:50:09 AM,6643.0,7,46501.0,104138332.0
2025-08-01 10:50:17 AM,6647.5,0,0.0,104138332.0
2025-08-01 10:50:20 AM,6647.5,7,46532.5,104184864.5
2025-08-01 10:50:21 AM,6643.0,0,0.0,104184864.5
2025-08-01 10:50:21 AM,6643.0,2,13286.0,104198150.5
2025-08-01 10:50:49 AM,6647.0,0,0.0,104198150.5
2025-08-01 10:50:54 AM,6647.0,1,6647.0,104204797.5
2025-08-01 10:50:56 AM,6643.0,0,0.0,104204797.5
2025-08-01 10:50:57 AM,6647.0,0,0.0,104204797.5
2025-08-01 10:51:00 AM,6646.5,4,26586.0,104231383.5
2025-08-01 10:51:18 AM,6641.0,0,0.0,104231383.5
2025-08-01 10:51:22 AM,6641.0,425,2822425.0,107053808.5
2025-08-01 10:51:22 AM,6635.5,0,0.0,107053808.5
2025-08-01 10:51:24 AM,6635.0,0,0.0,107053808.5
2025-08-01 10:51:27 AM,6635.0,84,557340.0,107611148.5
2025-08-01 10:51:33 AM,6635.0,1,6635.0,107617783.5
2025-08-01 10:52:10 AM,6639.0,0,0.0,107617783.5
2025-08-01 10:52:10 AM,6639.0,7,46473.0,107664256.5
2025-08-01 10:52:16 AM,6635.0,0,0.0,107664256.5
2025-08-01 10:52:17 AM,6635.0,1,6635.0,107670891.5
2025-08-01 10:53:54 AM,6639.0,0,0.0,107670891.5
2025-08-01 10:53:57 AM,6639.0,2,13278.0,107684169.5
2025-08-01 10:54:08 AM,6639.0,7,46473.0,107730642.5
2025-08-01 10:54:13 AM,6635.0,1,6635.0,107737277.5
2025-08-01 10:54:40 AM,6639.0,0,0.0,107737277.5
2025-08-01 10:54:40 AM,6639.0,1,6639.0,107743916.5
2025-08-01 10:54:50 AM,6639.0,1,6639.0,107750555.5
2025-08-01 10:54:56 AM,6635.0,1,6635.0,107757190.5
2025-08-01 10:55:36 AM,6638.5,0,0.0,107757190.5
2025-08-01 10:55:39 AM,6638.5,1,6638.5,107763829.0
2025-08-01 10:56:10 AM,6642.0,0,0.0,107763829.0
2025-08-01 10:56:10 AM,6642.0,20,132840.0,107896669.0
2025-08-01 10:56:16 AM,6635.5,0,0.0,107896669.0
2025-08-01 10:56:17 AM,6635.5,4,26542.0,107923211.0
2025-08-01 10:56:18 AM,6641.5,0,0.0,107923211.0
2025-08-01 10:56:21 AM,6641.5,7,46490.5,107969701.5
2025-08-01 10:56:22 AM,6641.5,10,66415.0,108036116.5
2025-08-01 10:56:28 AM,6636.5,1,6636.5,108042753.0
2025-08-01 10:56:58 AM,6640.5,0,0.0,108042753.0
2025-08-01 10:56:58 AM,6640.5,1,6640.5,108049393.5
2025-08-01 10:57:03 AM,6642.0,12,79704.0,108129097.5
2025-08-01 10:57:09 AM,6637.5,1,6637.5,108135735.0
2025-08-01 10:57:22 AM,6643.5,0,0.0,108135735.0
2025-08-01 10:57:24 AM,6643.5,1,6643.5,108142378.5
2025-08-01 10:57:28 AM,6638.5,0,0.0,108142378.5
2025-08-01 10:57:30 AM,6638.5,1,6638.5,108149017.0
2025-08-01 10:58:12 AM,6643.5,0,0.0,108149017.0
2025-08-01 10:58:12 AM,6643.5,3,19930.5,108168947.5
2025-08-01 10:58:20 AM,6644.0,0,0.0,108168947.5
2025-08-01 10:58:23 AM,6644.0,4,26576.0,108195523.5
2025-08-01 10:58:40 AM,6644.0,1,6644.0,108202167.5
2025-08-01 10:58:44 AM,6639.5,0,0.0,108202167.5
2025-08-01 10:58:45 AM,6639.5,2,13279.0,108215446.5
2025-08-01 10:59:21 AM,6639.5,9,59755.5,108275202.0
2025-08-01 11:00:13 AM,6644.0,0,0.0,108275202.0
2025-08-01 11:00:16 AM,6644.0,13,86372.0,108361574.0
2025-08-01 11:00:21 AM,6639.5,0,0.0,108361574.0
2025-08-01 11:00:22 AM,6639.5,2,13279.0,108374853.0
2025-08-01 11:00:25 AM,6644.0,0,0.0,108374853.0
2025-08-01 11:00:27 AM,6644.0,4,26576.0,108401429.0
2025-08-01 11:00:31 AM,6640.0,0,0.0,108401429.0
2025-08-01 11:00:33 AM,6640.0,1,6640.0,108408069.0
2025-08-01 11:00:39 AM,6644.0,0,0.0,108408069.0
2025-08-01 11:00:43 AM,6644.0,3,19932.0,108428001.0
2025-08-01 11:01:36 AM,6644.0,1,6644.0,108434645.0
2025-08-01 11:02:12 AM,6640.0,10,66400.0,108501045.0
2025-08-01 11:02:13 AM,6640.0,2,13280.0,108514325.0
2025-08-01 11:02:19 AM,6644.0,0,0.0,108514325.0
2025-08-01 11:02:23 AM,6644.0,26,172744.0,108687069.0
2025-08-01 11:02:24 AM,6640.5,2,13281.0,108700350.0
2025-08-01 11:02:29 AM,6640.5,2,13281.0,108713631.0
2025-08-01 11:02:31 AM,6644.0,0,0.0,108713631.0
2025-08-01 11:02:35 AM,6644.0,1,6644.0,108720275.0
2025-08-01 11:03:58 AM,6641.0,3,19923.0,108740198.0
2025-08-01 11:04:14 AM,6641.0,1,6641.0,108746839.0
2025-08-01 11:04:21 AM,6644.0,0,0.0,108746839.0
2025-08-01 11:04:21 AM,6644.0,7,46508.0,108793347.0
2025-08-01 11:04:25 AM,6641.5,0,0.0,108793347.0
2025-08-01 11:04:26 AM,6644.0,11,73084.0,108866431.0
2025-08-01 11:04:31 AM,6641.5,2,13283.0,108879714.0
2025-08-01 11:05:40 AM,6644.0,0,0.0,108879714.0
2025-08-01 11:05:40 AM,6644.0,6,39864.0,108919578.0
2025-08-01 11:05:45 AM,6641.5,0,0.0,108919578.0
2025-08-01 11:05:45 AM,6641.5,1,6641.5,108926219.5
2025-08-01 11:06:09 AM,6644.0,0,0.0,108926219.5
2025-08-01 11:06:11 AM,6644.0,1,6644.0,108932863.5
2025-08-01 11:06:23 AM,6644.0,33,219252.0,109152115.5
2025-08-01 11:06:25 AM,6643.0,0,0.0,109152115.5
2025-08-01 11:06:26 AM,6644.5,0,0.0,109152115.5
2025-08-01 11:06:28 AM,6644.5,8,53156.0,109205271.5
2025-08-01 11:06:31 AM,6643.0,0,0.0,109205271.5
2025-08-01 11:06:36 AM,6643.0,1,6643.0,109211914.5
2025-08-01 11:07:25 AM,6643.0,73,484939.0,109696853.5
2025-08-01 11:07:27 AM,6644.5,0,0.0,109696853.5
2025-08-01 11:07:30 AM,6644.5,42,279069.0,109975922.5
2025-08-01 11:07:33 AM,6643.0,0,0.0,109975922.5
2025-08-01 11:07:35 AM,6644.5,0,0.0,109975922.5
2025-08-01 11:07:36 AM,6644.5,11,73089.5,110049012.0
2025-08-01 11:08:08 AM,6643.0,1,6643.0,110055655.0
2025-08-01 11:08:17 AM,6648.0,0,0.0,110055655.0
2025-08-01 11:08:18 AM,6648.0,3,19944.0,110075599.0
2025-08-01 11:08:29 AM,6647.5,1,6647.5,110082246.5
2025-08-01 11:08:31 AM,6648.0,0,0.0,110082246.5
2025-08-01 11:08:31 AM,6648.0,6,39888.0,110122134.5
2025-08-01 11:08:34 AM,6648.0,79,525192.0,110647326.5
2025-08-01 11:08:39 AM,6646.0,0,0.0,110647326.5
2025-08-01 11:08:39 AM,6646.0,4,26584.0,110673910.5
2025-08-01 11:08:41 AM,6646.0,1,6646.0,110680556.5
2025-08-01 11:09:22 AM,6649.5,0,0.0,110680556.5
2025-08-01 11:09:24 AM,6649.5,2,13299.0,110693855.5
2025-08-01 11:09:36 AM,6649.0,0,0.0,110693855.5
2025-08-01 11:09:37 AM,6649.0,49,325801.0,111019656.5
2025-08-01 11:09:38 AM,6648.5,0,0.0,111019656.5
2025-08-01 11:09:38 AM,6649.5,0,0.0,111019656.5
2025-08-01 11:09:40 AM,6649.5,43,285928.5,111305585.0
2025-08-01 11:09:44 AM,6647.5,0,0.0,111305585.0
2025-08-01 11:09:45 AM,6647.5,5,33237.5,111338822.5
2025-08-01 11:10:16 AM,6649.0,0,0.0,111338822.5
2025-08-01 11:10:17 AM,6649.0,1,6649.0,111345471.5
2025-08-01 11:10:23 AM,6649.0,29,192821.0,111538292.5
2025-08-01 11:10:24 AM,6649.0,7,46543.0,111584835.5
2025-08-01 11:10:28 AM,6649.5,0,0.0,111584835.5
2025-08-01 11:10:28 AM,6649.5,7,46546.5,111631382.0
2025-08-01 11:11:02 AM,6649.5,1,6649.5,111638031.5
2025-08-01 11:11:12 AM,6650.0,9,59850.0,111697881.5
2025-08-01 11:11:18 AM,6647.5,3,19942.5,111717824.0
2025-08-01 11:11:28 AM,6650.0,0,0.0,111717824.0
2025-08-01 11:11:28 AM,6650.0,2,13300.0,111731124.0
2025-08-01 11:12:06 AM,6650.0,6,39900.0,111771024.0
2025-08-01 11:12:11 AM,6650.0,11,73150.0,111844174.0
2025-08-01 11:12:14 AM,6649.0,0,0.0,111844174.0
2025-08-01 11:12:17 AM,6649.0,2,13298.0,111857472.0
2025-08-01 11:12:22 AM,6649.0,1,6649.0,111864121.0
2025-08-01 11:12:32 AM,6651.0,0,0.0,111864121.0
2025-08-01 11:12:33 AM,6651.0,10,66510.0,111930631.0
2025-08-01 11:12:36 AM,6649.5,0,0.0,111930631.0
2025-08-01 11:12:38 AM,6649.5,1,6649.5,111937280.5
2025-08-01 11:12:53 AM,6650.5,1,6650.5,111943931.0
2025-08-01 11:12:58 AM,6650.5,13,86456.5,112030387.5
2025-08-01 11:13:04 AM,6650.5,1,6650.5,112037038.0
2025-08-01 11:13:24 AM,6649.5,0,0.0,112037038.0
2025-08-01 11:13:26 AM,6649.5,4,26598.0,112063636.0
2025-08-01 11:14:01 AM,6650.0,0,0.0,112063636.0
2025-08-01 11:14:05 AM,6649.5,0,0.0,112063636.0
2025-08-01 11:14:05 AM,6649.5,4,26598.0,112090234.0
2025-08-01 11:14:10 AM,6649.5,1,6649.5,112096883.5
2025-08-01 11:14:16 AM,6651.0,7,46557.0,112143440.5
2025-08-01 11:14:21 AM,6649.5,0,0.0,112143440.5
2025-08-01 11:14:21 AM,6649.5,7,46546.5,112189987.0
2025-08-01 11:14:41 AM,6649.5,1,6649.5,112196636.5
2025-08-01 11:14:51 AM,6651.0,0,0.0,112196636.5
2025-08-01 11:14:52 AM,6649.5,3,19948.5,112216585.0
2025-08-01 11:14:55 AM,6649.0,0,0.0,112216585.0
2025-08-01 11:14:58 AM,6649.0,229,1522621.0,113739206.0
2025-08-01 11:14:59 AM,6646.5,0,0.0,113739206.0
2025-08-01 11:14:59 AM,6646.5,6,39879.0,113779085.0
2025-08-01 11:15:03 AM,6646.5,69,458608.5,114237693.5
2025-08-01 11:15:05 AM,6648.0,0,0.0,114237693.5
2025-08-01 11:15:09 AM,6648.0,3,19944.0,114257637.5
2025-08-01 11:15:13 AM,6649.0,0,0.0,114257637.5
2025-08-01 11:15:14 AM,6649.0,30,199470.0,114457107.5
2025-08-01 11:15:19 AM,6646.5,0,0.0,114457107.5
2025-08-01 11:15:19 AM,6646.5,6,39879.0,114496986.5
2025-08-01 11:16:17 AM,6647.5,0,0.0,114496986.5
2025-08-01 11:16:17 AM,6647.5,1,6647.5,114503634.0
2025-08-01 11:16:23 AM,6647.5,6,39885.0,114543519.0
2025-08-01 11:16:25 AM,6651.0,0,0.0,114543519.0
2025-08-01 11:16:28 AM,6651.0,17,113067.0,114656586.0
2025-08-01 11:16:31 AM,6648.0,0,0.0,114656586.0
2025-08-01 11:16:33 AM,6648.0,3,19944.0,114676530.0
2025-08-01 11:16:41 AM,6650.5,0,0.0,114676530.0
2025-08-01 11:16:43 AM,6650.5,2,13301.0,114689831.0
2025-08-01 11:16:59 AM,6650.5,2,13301.0,114703132.0
2025-08-01 11:17:31 AM,6651.0,0,0.0,114703132.0
2025-08-01 11:17:31 AM,6651.0,1,6651.0,114709783.0
2025-08-01 11:17:35 AM,6648.0,0,0.0,114709783.0
2025-08-01 11:17:38 AM,6648.0,1,6648.0,114716431.0
2025-08-01 11:18:02 AM,6649.0,0,0.0,114716431.0
2025-08-01 11:18:03 AM,6649.0,5,33245.0,114749676.0
2025-08-01 11:18:14 AM,6649.0,1,6649.0,114756325.0
2025-08-01 11:18:17 AM,6651.0,0,0.0,114756325.0
2025-08-01 11:18:19 AM,6651.0,7,46557.0,114802882.0
2025-08-01 11:18:23 AM,6649.0,0,0.0,114802882.0
2025-08-01 11:18:25 AM,6649.0,1,6649.0,114809531.0
2025-08-01 11:18:33 AM,6650.5,0,0.0,114809531.0
2025-08-01 11:18:36 AM,6650.5,28,186214.0,114995745.0
2025-08-01 11:18:38 AM,6649.0,5,33245.0,115028990.0
2025-08-01 11:18:54 AM,6649.0,64,425536.0,115454526.0
2025-08-01 11:18:57 AM,6649.5,0,0.0,115454526.0
2025-08-01 11:19:00 AM,6649.5,66,438867.0,115893393.0
2025-08-01 11:19:01 AM,6649.0,0,0.0,115893393.0
2025-08-01 11:19:03 AM,6649.5,0,0.0,115893393.0
2025-08-01 11:19:05 AM,6649.5,17,113041.5,116006434.5
2025-08-01 11:19:07 AM,6649.0,0,0.0,116006434.5
2025-08-01 11:19:11 AM,6649.0,37,246013.0,116252447.5
2025-08-01 11:19:14 AM,6651.0,0,0.0,116252447.5
2025-08-01 11:19:17 AM,6649.0,20,132980.0,116385427.5
2025-08-01 11:19:22 AM,6649.0,4,26596.0,116412023.5
2025-08-01 11:19:26 AM,6651.0,0,0.0,116412023.5
2025-08-01 11:19:27 AM,6651.0,5,33255.0,116445278.5
2025-08-01 11:19:29 AM,6649.0,0,0.0,116445278.5
2025-08-01 11:19:33 AM,6649.0,60,398940.0,116844218.5
2025-08-01 11:19:35 AM,6651.0,0,0.0,116844218.5
2025-08-01 11:19:38 AM,6651.0,29,192879.0,117037097.5
2025-08-01 11:19:40 AM,6649.5,0,0.0,117037097.5
2025-08-01 11:19:44 AM,6649.5,3,19948.5,117057046.0
2025-08-01 11:19:45 AM,6649.0,0,0.0,117057046.0
2025-08-01 11:19:49 AM,6649.0,2,13298.0,117070344.0
2025-08-01 11:20:10 AM,6651.0,0,0.0,117070344.0
2025-08-01 11:20:10 AM,6651.0,10,66510.0,117136854.0
2025-08-01 11:20:13 AM,6649.5,0,0.0,117136854.0
2025-08-01 11:20:16 AM,6649.5,3,19948.5,117156802.5
2025-08-01 11:20:20 AM,6651.0,0,0.0,117156802.5
2025-08-01 11:20:21 AM,6651.0,7,46557.0,117203359.5
2025-08-01 11:20:25 AM,6649.5,0,0.0,117203359.5
2025-08-01 11:20:26 AM,6649.5,2,13299.0,117216658.5
2025-08-01 11:20:43 AM,6650.5,0,0.0,117216658.5
2025-08-01 11:20:47 AM,6650.5,20,133010.0,117349668.5
2025-08-01 11:20:48 AM,6649.5,0,0.0,117349668.5
2025-08-01 11:20:52 AM,6649.5,3,19948.5,117369617.0
2025-08-01 11:21:13 AM,6649.5,13,86443.5,117456060.5
2025-08-01 11:22:10 AM,6649.5,2,13299.0,117469359.5
2025-08-01 11:22:16 AM,6651.0,6,39906.0,117509265.5
2025-08-01 11:22:21 AM,6649.5,0,0.0,117509265.5
2025-08-01 11:22:21 AM,6649.5,1,6649.5,117515915.0
2025-08-01 11:22:29 AM,6651.0,0,0.0,117515915.0
2025-08-01 11:22:32 AM,6651.0,1,6651.0,117522566.0
2025-08-01 11:22:34 AM,6649.5,0,0.0,117522566.0
2025-08-01 11:22:37 AM,6649.5,11,73144.5,117595710.5
2025-08-01 11:22:42 AM,6649.5,4,26598.0,117622308.5
2025-08-01 11:22:43 AM,6649.5,4,26598.0,117648906.5
2025-08-01 11:22:48 AM,6649.5,1,6649.5,117655556.0
2025-08-01 11:22:50 AM,6650.5,0,0.0,117655556.0
2025-08-01 11:22:53 AM,6650.5,105,698302.5,118353858.5
2025-08-01 11:22:54 AM,6652.0,0,0.0,118353858.5
2025-08-01 11:22:58 AM,6652.0,63,419076.0,118772934.5
2025-08-01 11:22:59 AM,6651.0,0,0.0,118772934.5
2025-08-01 11:23:00 AM,6649.5,0,0.0,118772934.5
2025-08-01 11:23:03 AM,6649.5,20,132990.0,118905924.5
2025-08-01 11:23:06 AM,6650.5,0,0.0,118905924.5
2025-08-01 11:23:08 AM,6650.5,5,33252.5,118939177.0
2025-08-01 11:23:09 AM,6650.5,2,13301.0,118952478.0
2025-08-01 11:23:12 AM,6653.0,0,0.0,118952478.0
2025-08-01 11:23:14 AM,6653.0,22,146366.0,119098844.0
2025-08-01 11:23:18 AM,6649.5,0,0.0,119098844.0
2025-08-01 11:23:19 AM,6649.5,1,6649.5,119105493.5
2025-08-01 11:23:20 AM,6650.0,0,0.0,119105493.5
2025-08-01 11:23:25 AM,6649.5,11,73144.5,119178638.0
2025-08-01 11:23:36 AM,6650.0,0,0.0,119178638.0
2025-08-01 11:23:40 AM,6650.0,9,59850.0,119238488.0
2025-08-01 11:23:40 AM,6650.0,11,73150.0,119311638.0
2025-08-01 11:23:45 AM,6650.0,1,6650.0,119318288.0
2025-08-01 11:23:46 AM,6649.5,0,0.0,119318288.0
2025-08-01 11:23:50 AM,6649.5,1,6649.5,119324937.5
2025-08-01 11:24:20 AM,6649.5,1,6649.5,119331587.0
2025-08-01 11:24:30 AM,6653.0,0,0.0,119331587.0
2025-08-01 11:24:32 AM,6653.0,4,26612.0,119358199.0
2025-08-01 11:24:32 AM,6650.5,8,53204.0,119411403.0
2025-08-01 11:24:35 AM,6649.5,0,0.0,119411403.0
2025-08-01 11:24:37 AM,6649.5,22,146289.0,119557692.0
2025-08-01 11:24:54 AM,6652.5,0,0.0,119557692.0
2025-08-01 11:24:58 AM,6652.5,1,6652.5,119564344.5
2025-08-01 11:24:58 AM,6650.5,0,0.0,119564344.5
2025-08-01 11:24:58 AM,6650.5,14,93107.0,119657451.5
2025-08-01 11:25:03 AM,6649.5,3,19948.5,119677400.0
2025-08-01 11:25:19 AM,6649.5,25,166237.5,119843637.5
2025-08-01 11:25:24 AM,6650.5,0,0.0,119843637.5
2025-08-01 11:25:29 AM,6650.5,31,206165.5,120049803.0
2025-08-01 11:25:29 AM,6649.5,1,6649.5,120056452.5
2025-08-01 11:25:46 AM,6650.0,0,0.0,120056452.5
2025-08-01 11:25:50 AM,6650.0,1,6650.0,120063102.5
2025-08-01 11:25:51 AM,6651.5,6,39909.0,120103011.5
2025-08-01 11:25:51 AM,6650.0,0,0.0,120103011.5
2025-08-01 11:25:55 AM,6650.0,10,66500.0,120169511.5
2025-08-01 11:25:56 AM,6650.0,2,13300.0,120182811.5
2025-08-01 11:26:00 AM,6650.0,4,26600.0,120209411.5
2025-08-01 11:26:01 AM,6649.5,0,0.0,120209411.5
2025-08-01 11:26:02 AM,6650.0,0,0.0,120209411.5
2025-08-01 11:26:05 AM,6650.0,224,1489600.0,121699011.5
2025-08-01 11:26:06 AM,6650.0,12,79800.0,121778811.5
2025-08-01 11:26:07 AM,6648.0,0,0.0,121778811.5
2025-08-01 11:26:08 AM,6651.5,0,0.0,121778811.5
2025-08-01 11:26:11 AM,6650.5,291,1935295.5,123714107.0
2025-08-01 11:26:12 AM,6653.5,0,0.0,123714107.0
2025-08-01 11:26:14 AM,6649.0,0,0.0,123714107.0
2025-08-01 11:26:16 AM,6649.0,133,884317.0,124598424.0
2025-08-01 11:26:18 AM,6651.5,0,0.0,124598424.0
2025-08-01 11:26:19 AM,6652.5,0,0.0,124598424.0
2025-08-01 11:26:21 AM,6652.5,5,33262.5,124631686.5
2025-08-01 11:26:22 AM,6653.5,4,26614.0,124658300.5
2025-08-01 11:26:22 AM,6651.5,0,0.0,124658300.5
2025-08-01 11:26:26 AM,6651.5,31,206196.5,124864497.0
2025-08-01 11:26:26 AM,6649.5,0,0.0,124864497.0
2025-08-01 11:26:27 AM,6649.5,10,66495.0,124930992.0
2025-08-01 11:26:31 AM,6649.5,2,13299.0,124944291.0
2025-08-01 11:26:32 AM,6650.5,0,0.0,124944291.0
2025-08-01 11:26:36 AM,6650.5,36,239418.0,125183709.0
2025-08-01 11:26:41 AM,6650.5,2,13301.0,125197010.0
2025-08-01 11:27:14 AM,6653.5,0,0.0,125197010.0
2025-08-01 11:27:16 AM,6653.5,2,13307.0,125210317.0
2025-08-01 11:27:24 AM,6650.5,0,0.0,125210317.0
2025-08-01 11:27:27 AM,6650.5,33,219466.5,125429783.5
2025-08-01 11:27:29 AM,6650.0,0,0.0,125429783.5
2025-08-01 11:27:32 AM,6650.0,9,59850.0,125489633.5
2025-08-01 11:27:37 AM,6650.0,10,66500.0,125556133.5
2025-08-01 11:27:42 AM,6650.0,5,33250.0,125589383.5
2025-08-01 11:28:11 AM,6653.5,0,0.0,125589383.5
2025-08-01 11:28:13 AM,6653.5,20,133070.0,125722453.5
2025-08-01 11:28:15 AM,6650.5,0,0.0,125722453.5
2025-08-01 11:28:15 AM,6650.5,1,6650.5,125729104.0
2025-08-01 11:28:16 AM,6650.0,0,0.0,125729104.0
2025-08-01 11:28:18 AM,6650.5,0,0.0,125729104.0
2025-08-01 11:28:18 AM,6650.5,4,26602.0,125755706.0
2025-08-01 11:28:20 AM,6654.5,0,0.0,125755706.0
2025-08-01 11:28:20 AM,6654.5,7,46581.5,125802287.5
2025-08-01 11:28:21 AM,6649.0,0,0.0,125802287.5
2025-08-01 11:28:24 AM,6649.0,210,1396290.0,127198577.5
2025-08-01 11:28:26 AM,6643.5,34,225879.0,127424456.5
2025-08-01 11:28:27 AM,6647.5,0,0.0,127424456.5
2025-08-01 11:28:28 AM,6650.0,0,0.0,127424456.5
2025-08-01 11:28:29 AM,6651.5,0,0.0,127424456.5
2025-08-01 11:28:29 AM,6651.5,37,246105.5,127670562.0
2025-08-01 11:28:31 AM,6651.5,5,33257.5,127703819.5
2025-08-01 11:28:32 AM,6650.0,0,0.0,127703819.5
2025-08-01 11:28:34 AM,6650.0,54,359100.0,128062919.5
2025-08-01 11:28:36 AM,6650.0,20,133000.0,128195919.5
2025-08-01 11:28:39 AM,6650.0,37,246050.0,128441969.5
2025-08-01 11:28:40 AM,6651.5,0,0.0,128441969.5
2025-08-01 11:28:41 AM,6651.5,27,179590.5,128621560.0
2025-08-01 11:28:44 AM,6651.5,7,46560.5,128668120.5
2025-08-01 11:28:46 AM,6651.5,22,146333.0,128814453.5
2025-08-01 11:28:49 AM,6651.5,1,6651.5,128821105.0
2025-08-01 11:29:07 AM,6652.5,0,0.0,128821105.0
2025-08-01 11:29:09 AM,6652.5,1,6652.5,128827757.5
2025-08-01 11:29:44 AM,6650.5,0,0.0,128827757.5
2025-08-01 11:29:47 AM,6650.5,36,239418.0,129067175.5
2025-08-01 11:29:50 AM,6649.0,0,0.0,129067175.5
2025-08-01 11:29:52 AM,6649.0,7,46543.0,129113718.5
2025-08-01 11:30:18 AM,6649.0,1,6649.0,129120367.5
2025-08-01 11:30:21 AM,6653.0,0,0.0,129120367.5
2025-08-01 11:30:23 AM,6653.0,2,13306.0,129133673.5
2025-08-01 11:30:35 AM,6653.5,0,0.0,129133673.5
2025-08-01 11:30:35 AM,6653.5,2,13307.0,129146980.5
2025-08-01 11:30:41 AM,6654.0,0,0.0,129146980.5
2025-08-01 11:30:43 AM,6654.0,3,19962.0,129166942.5
2025-08-01 11:30:47 AM,6649.0,0,0.0,129166942.5
2025-08-01 11:30:47 AM,6649.0,1,6649.0,129173591.5
2025-08-01 11:31:19 AM,6653.0,0,0.0,129173591.5
2025-08-01 11:31:21 AM,6653.0,5,33265.0,129206856.5
2025-08-01 11:31:23 AM,6653.0,3,19959.0,129226815.5
2025-08-01 11:31:26 AM,6649.0,0,0.0,129226815.5
2025-08-01 11:31:26 AM,6649.0,4,26596.0,129253411.5
2025-08-01 11:31:40 AM,6653.0,0,0.0,129253411.5
2025-08-01 11:31:42 AM,6653.0,2,13306.0,129266717.5
2025-08-01 11:31:43 AM,6653.0,38,252814.0,129519531.5
2025-08-01 11:31:46 AM,6653.0,13,86489.0,129606020.5
2025-08-01 11:31:48 AM,6653.0,76,505628.0,130111648.5
2025-08-01 11:31:52 AM,6651.5,0,0.0,130111648.5
2025-08-01 11:31:53 AM,6651.5,26,172939.0,130284587.5
2025-08-01 11:31:56 AM,6651.5,5,33257.5,130317845.0
2025-08-01 11:31:57 AM,6650.5,0,0.0,130317845.0
2025-08-01 11:31:58 AM,6650.5,28,186214.0,130504059.0
2025-08-01 11:32:02 AM,6649.0,0,0.0,130504059.0
2025-08-01 11:32:03 AM,6649.0,18,119682.0,130623741.0
2025-08-01 11:32:13 AM,6650.5,1,6650.5,130630391.5
2025-08-01 11:32:14 AM,6650.5,23,152961.5,130783353.0
2025-08-01 11:32:17 AM,6651.5,0,0.0,130783353.0
2025-08-01 11:32:18 AM,6651.5,2,13303.0,130796656.0
2025-08-01 11:32:21 AM,6649.0,0,0.0,130796656.0
2025-08-01 11:32:23 AM,6649.0,1,6649.0,130803305.0
2025-08-01 11:32:28 AM,6653.0,0,0.0,130803305.0
2025-08-01 11:32:28 AM,6653.0,2,13306.0,130816611.0
2025-08-01 11:32:32 AM,6651.5,0,0.0,130816611.0
2025-08-01 11:32:33 AM,6651.5,1,6651.5,130823262.5
2025-08-01 11:32:38 AM,6651.5,3,19954.5,130843217.0
2025-08-01 11:32:55 AM,6649.0,0,0.0,130843217.0
2025-08-01 11:32:55 AM,6649.0,2,13298.0,130856515.0
2025-08-01 11:33:04 AM,6651.5,0,0.0,130856515.0
2025-08-01 11:33:05 AM,6651.5,1,6651.5,130863166.5
2025-08-01 11:33:26 AM,6650.0,2,13300.0,130876466.5
2025-08-01 11:33:31 AM,6649.5,1,6649.5,130883116.0
2025-08-01 11:33:48 AM,6654.5,0,0.0,130883116.0
2025-08-01 11:33:51 AM,6654.5,20,133090.0,131016206.0
2025-08-01 11:33:51 AM,6650.0,3,19950.0,131036156.0
2025-08-01 11:33:53 AM,6650.5,0,0.0,131036156.0
2025-08-01 11:33:56 AM,6650.5,5,33252.5,131069408.5
2025-08-01 11:33:56 AM,6650.0,0,0.0,131069408.5
2025-08-01 11:33:56 AM,6650.0,31,206150.0,131275558.5
2025-08-01 11:34:01 AM,6649.5,5,33247.5,131308806.0
2025-08-01 11:34:16 AM,6649.5,1,6649.5,131315455.5
2025-08-01 11:34:19 AM,6653.0,0,0.0,131315455.5
2025-08-01 11:34:21 AM,6653.0,2,13306.0,131328761.5
2025-08-01 11:34:30 AM,6652.5,0,0.0,131328761.5
2025-08-01 11:34:31 AM,6652.5,2,13305.0,131342066.5
2025-08-01 11:34:35 AM,6649.5,0,0.0,131342066.5
2025-08-01 11:34:37 AM,6649.5,2,13299.0,131355365.5
2025-08-01 11:34:41 AM,6652.5,0,0.0,131355365.5
2025-08-01 11:34:42 AM,6652.5,3,19957.5,131375323.0
2025-08-01 11:34:47 AM,6649.5,0,0.0,131375323.0
2025-08-01 11:34:48 AM,6649.5,1,6649.5,131381972.5
2025-08-01 11:34:58 AM,6649.5,4,26598.0,131408570.5
2025-08-01 11:35:13 AM,6652.5,1,6652.5,131415223.0
2025-08-01 11:35:19 AM,6649.5,1,6649.5,131421872.5
2025-08-01 11:36:03 AM,6652.5,0,0.0,131421872.5
2025-08-01 11:36:06 AM,6652.5,2,13305.0,131435177.5
2025-08-01 11:36:11 AM,6649.5,1,6649.5,131441827.0
2025-08-01 11:36:19 AM,6654.0,0,0.0,131441827.0
2025-08-01 11:36:21 AM,6654.0,7,46578.0,131488405.0
2025-08-01 11:36:24 AM,6649.5,0,0.0,131488405.0
2025-08-01 11:36:26 AM,6649.5,2,13299.0,131501704.0
2025-08-01 11:36:32 AM,6650.5,22,146311.0,131648015.0
2025-08-01 11:36:36 AM,6649.5,3,19948.5,131667963.5
2025-08-01 11:36:37 AM,6649.5,1,6649.5,131674613.0
2025-08-01 11:36:48 AM,6650.0,0,0.0,131674613.0
2025-08-01 11:36:53 AM,6650.0,2,13300.0,131687913.0
2025-08-01 11:38:10 AM,6649.5,0,0.0,131687913.0
2025-08-01 11:38:10 AM,6649.5,2,13299.0,131701212.0
2025-08-01 11:38:16 AM,6650.0,0,0.0,131701212.0
2025-08-01 11:38:16 AM,6650.0,2,13300.0,131714512.0
2025-08-01 11:38:23 AM,6654.5,0,0.0,131714512.0
2025-08-01 11:38:25 AM,6654.5,7,46581.5,131761093.5
2025-08-01 11:38:26 AM,6650.0,0,0.0,131761093.5
2025-08-01 11:38:26 AM,6650.0,62,412300.0,132173393.5
2025-08-01 11:38:29 AM,6649.0,0,0.0,132173393.5
2025-08-01 11:38:30 AM,6649.0,2,13298.0,132186691.5
2025-08-01 11:38:31 AM,6650.0,0,0.0,132186691.5
2025-08-01 11:38:31 AM,6650.0,10,66500.0,132253191.5
2025-08-01 11:38:35 AM,6650.0,1,6650.0,132259841.5
2025-08-01 11:38:37 AM,6650.0,21,139650.0,132399491.5
2025-08-01 11:38:41 AM,6649.0,0,0.0,132399491.5
2025-08-01 11:38:41 AM,6649.0,3,19947.0,132419438.5
2025-08-01 11:39:07 AM,6652.0,0,0.0,132419438.5
2025-08-01 11:39:11 AM,6652.0,2,13304.0,132432742.5
2025-08-01 11:39:31 AM,6651.5,0,0.0,132432742.5
2025-08-01 11:39:32 AM,6651.5,552,3671628.0,136104370.5
2025-08-01 11:39:36 AM,6648.5,297,1974604.5,138078975.0
2025-08-01 11:39:37 AM,6650.0,0,0.0,138078975.0
2025-08-01 11:39:38 AM,6653.5,535,3559622.5,141638597.5
2025-08-01 11:39:43 AM,6650.5,0,0.0,141638597.5
2025-08-01 11:39:44 AM,6653.5,107,711924.5,142350522.0
2025-08-01 11:39:49 AM,6654.5,0,0.0,142350522.0
2025-08-01 11:39:50 AM,6654.5,68,452506.0,142803028.0
2025-08-01 11:39:55 AM,6650.0,82,545300.0,143348328.0
2025-08-01 11:39:59 AM,6651.5,0,0.0,143348328.0
2025-08-01 11:40:00 AM,6651.5,40,266060.0,143614388.0
2025-08-01 11:40:05 AM,6650.0,107,711550.0,144325938.0
2025-08-01 11:40:08 AM,6650.0,2,13300.0,144339238.0
2025-08-01 11:40:09 AM,6655.0,0,0.0,144339238.0
2025-08-01 11:40:10 AM,6655.0,234,1557270.0,145896508.0
2025-08-01 11:40:13 AM,6650.0,0,0.0,145896508.0
2025-08-01 11:40:13 AM,6650.0,16,106400.0,146002908.0
2025-08-01 11:40:15 AM,6654.0,316,2102664.0,148105572.0
2025-08-01 11:40:15 AM,6654.5,0,0.0,148105572.0
2025-08-01 11:40:18 AM,6654.0,0,0.0,148105572.0
2025-08-01 11:40:19 AM,6654.0,38,252852.0,148358424.0
2025-08-01 11:40:19 AM,6651.5,0,0.0,148358424.0
2025-08-01 11:40:20 AM,6651.5,210,1396815.0,149755239.0
2025-08-01 11:40:24 AM,6651.5,1,6651.5,149761890.5
2025-08-01 11:40:24 AM,6650.0,0,0.0,149761890.5
2025-08-01 11:40:25 AM,6650.0,53,352450.0,150114340.5
2025-08-01 11:40:29 AM,6650.0,1,6650.0,150120990.5
2025-08-01 11:40:30 AM,6650.0,158,1050700.0,151171690.5
2025-08-01 11:40:34 AM,6650.0,7,46550.0,151218240.5
2025-08-01 11:40:35 AM,6650.0,23,152950.0,151371190.5
2025-08-01 11:40:39 AM,6650.0,10,66500.0,151437690.5
2025-08-01 11:40:40 AM,6650.0,123,817950.0,152255640.5
2025-08-01 11:40:44 AM,6650.0,4,26600.0,152282240.5
2025-08-01 11:40:45 AM,6650.0,258,1715700.0,153997940.5
2025-08-01 11:40:47 AM,6652.5,0,0.0,153997940.5
2025-08-01 11:40:49 AM,6652.5,28,186270.0,154184210.5
2025-08-01 11:40:49 AM,6650.0,0,0.0,154184210.5
2025-08-01 11:40:50 AM,6650.0,30,199500.0,154383710.5
2025-08-01 11:40:54 AM,6650.0,4,26600.0,154410310.5
2025-08-01 11:40:55 AM,6650.0,27,179550.0,154589860.5
2025-08-01 11:40:59 AM,6650.0,34,226100.0,154815960.5
2025-08-01 11:41:00 AM,6650.0,5,33250.0,154849210.5
2025-08-01 11:41:02 AM,6650.0,7,46550.0,154895760.5
2025-08-01 11:41:02 AM,6650.0,13,86450.0,154982210.5
2025-08-01 11:41:03 AM,6651.0,3,19953.0,155002163.5
2025-08-01 11:41:07 AM,6650.0,18,119700.0,155121863.5
2025-08-01 11:41:08 AM,6650.0,3,19950.0,155141813.5
2025-08-01 11:41:08 AM,6650.0,3,19950.0,155161763.5
2025-08-01 11:41:11 AM,6650.0,20,133000.0,155294763.5
2025-08-01 11:41:12 AM,6650.0,3,19950.0,155314713.5
2025-08-01 11:41:13 AM,6650.0,20,133000.0,155447713.5
2025-08-01 11:41:13 AM,6650.0,1,6650.0,155454363.5
2025-08-01 11:41:14 AM,6650.0,11,73150.0,155527513.5
2025-08-01 11:41:18 AM,6650.0,5,33250.0,155560763.5
2025-08-01 11:41:21 AM,6650.0,23,152950.0,155713713.5
2025-08-01 11:41:21 AM,6650.0,1,6650.0,155720363.5
2025-08-01 11:41:22 AM,6650.0,16,106400.0,155826763.5
2025-08-01 11:41:22 AM,6650.0,3,19950.0,155846713.5
2025-08-01 11:41:23 AM,6650.0,12,79800.0,155926513.5
2025-08-01 11:41:24 AM,6650.0,6,39900.0,155966413.5
2025-08-01 11:41:25 AM,6650.0,2,13300.0,155979713.5
2025-08-01 11:41:25 AM,6650.0,10,66500.0,156046213.5
2025-08-01 11:41:26 AM,6650.0,3,19950.0,156066163.5
2025-08-01 11:41:27 AM,6650.0,4,26600.0,156092763.5
2025-08-01 11:41:28 AM,6650.0,1,6650.0,156099413.5
2025-08-01 11:41:29 AM,6650.0,23,152950.0,156252363.5
2025-08-01 11:41:30 AM,6650.0,21,139650.0,156392013.5
2025-08-01 11:41:31 AM,6650.0,1,6650.0,156398663.5
2025-08-01 11:41:31 AM,6650.0,10,66500.0,156465163.5
2025-08-01 11:41:32 AM,6650.0,3,19950.0,156485113.5
2025-08-01 11:41:32 AM,6650.0,1,6650.0,156491763.5
2025-08-01 11:41:37 AM,6650.0,21,139650.0,156631413.5
2025-08-01 11:41:38 AM,6650.0,9,59850.0,156691263.5
2025-08-01 11:41:39 AM,6647.5,0,0.0,156691263.5
2025-08-01 11:41:40 AM,6650.0,0,0.0,156691263.5
2025-08-01 11:41:40 AM,6650.0,28,186200.0,156877463.5
2025-08-01 11:41:41 AM,6650.0,12,79800.0,156957263.5
2025-08-01 11:41:41 AM,6650.0,1,6650.0,156963913.5
2025-08-01 11:41:42 AM,6650.0,4,26600.0,156990513.5
2025-08-01 11:41:45 AM,6650.0,11,73150.0,157063663.5
2025-08-01 11:41:48 AM,6650.5,0,0.0,157063663.5
2025-08-01 11:41:48 AM,6650.5,4,26602.0,157090265.5
2025-08-01 11:41:48 AM,6650.0,0,0.0,157090265.5
2025-08-01 11:41:48 AM,6650.0,6,39900.0,157130165.5
2025-08-01 11:41:49 AM,6650.0,3,19950.0,157150115.5
2025-08-01 11:41:50 AM,6650.5,0,0.0,157150115.5
2025-08-01 11:41:50 AM,6650.5,3,19951.5,157170067.0
2025-08-01 11:41:50 AM,6650.0,0,0.0,157170067.0
2025-08-01 11:41:50 AM,6650.0,33,219450.0,157389517.0
2025-08-01 11:41:51 AM,6650.0,7,46550.0,157436067.0
2025-08-01 11:41:51 AM,6650.0,1,6650.0,157442717.0
2025-08-01 11:41:52 AM,6650.0,10,66500.0,157509217.0
2025-08-01 11:41:53 AM,6650.0,2,13300.0,157522517.0
2025-08-01 11:41:53 AM,6650.0,7,46550.0,157569067.0
2025-08-01 11:41:54 AM,6650.0,3,19950.0,157589017.0
2025-08-01 11:41:54 AM,6650.0,12,79800.0,157668817.0
2025-08-01 11:42:05 AM,6650.0,10,66500.0,157735317.0
2025-08-01 11:42:10 AM,6650.0,18,119700.0,157855017.0
2025-08-01 11:42:15 AM,6650.0,12,79800.0,157934817.0
2025-08-01 11:42:17 AM,6650.5,0,0.0,157934817.0
2025-08-01 11:42:20 AM,6650.5,11,73155.5,158007972.5
2025-08-01 11:42:21 AM,6650.0,0,0.0,158007972.5
2025-08-01 11:42:23 AM,6651.0,0,0.0,158007972.5
2025-08-01 11:42:25 AM,6651.0,28,186228.0,158194200.5
2025-08-01 11:42:27 AM,6650.0,0,0.0,158194200.5
2025-08-01 11:42:29 AM,6652.5,0,0.0,158194200.5
2025-08-01 11:42:31 AM,6652.5,17,113092.5,158307293.0
2025-08-01 11:42:31 AM,6650.0,2,13300.0,158320593.0
2025-08-01 11:42:36 AM,6650.0,23,152950.0,158473543.0
2025-08-01 11:42:36 AM,6650.0,1,6650.0,158480193.0
2025-08-01 11:42:42 AM,6650.0,22,146300.0,158626493.0
2025-08-01 11:42:42 AM,6650.0,10,66500.0,158692993.0
2025-08-01 11:42:47 AM,6650.0,2,13300.0,158706293.0
2025-08-01 11:42:52 AM,6650.0,22,146300.0,158852593.0
2025-08-01 11:42:53 AM,6650.0,4,26600.0,158879193.0
2025-08-01 11:43:03 AM,6650.0,25,166250.0,159045443.0
2025-08-01 11:43:09 AM,6650.5,30,199515.0,159244958.0
2025-08-01 11:43:13 AM,6649.0,0,0.0,159244958.0
2025-08-01 11:43:13 AM,6649.0,26,172874.0,159417832.0
2025-08-01 11:43:14 AM,6650.5,2,13301.0,159431133.0
2025-08-01 11:43:19 AM,6650.0,0,0.0,159431133.0
2025-08-01 11:43:20 AM,6650.0,40,266000.0,159697133.0
2025-08-01 11:43:24 AM,6649.0,6,39894.0,159737027.0
2025-08-01 11:43:25 AM,6653.0,374,2488222.0,162225249.0
2025-08-01 11:43:27 AM,6650.0,0,0.0,162225249.0
2025-08-01 11:43:29 AM,6650.0,210,1396500.0,163621749.0
2025-08-01 11:43:30 AM,6650.0,56,372400.0,163994149.0
2025-08-01 11:43:35 AM,6650.0,15,99750.0,164093899.0
2025-08-01 11:43:37 AM,6650.5,0,0.0,164093899.0
2025-08-01 11:43:39 AM,6655.0,0,0.0,164093899.0
2025-08-01 11:43:40 AM,6655.0,495,3294225.0,167388124.0
2025-08-01 11:43:45 AM,6654.0,5,33270.0,167421394.0
2025-08-01 11:43:50 AM,6650.0,35,232750.0,167654144.0
2025-08-01 11:43:55 AM,6650.0,45,299250.0,167953394.0
2025-08-01 11:43:55 AM,6650.0,1,6650.0,167960044.0
2025-08-01 11:43:59 AM,6653.0,0,0.0,167960044.0
2025-08-01 11:44:00 AM,6653.0,3,19959.0,167980003.0
2025-08-01 11:44:05 AM,6650.0,0,0.0,167980003.0
2025-08-01 11:44:06 AM,6650.0,1,6650.0,167986653.0
2025-08-01 11:44:12 AM,6650.0,59,392350.0,168379003.0
2025-08-01 11:44:18 AM,6652.5,0,0.0,168379003.0
2025-08-01 11:44:19 AM,6652.5,5,33262.5,168412265.5
2025-08-01 11:44:21 AM,6650.0,0,0.0,168412265.5
2025-08-01 11:44:24 AM,6650.0,65,432250.0,168844515.5
2025-08-01 11:44:30 AM,6650.0,3,19950.0,168864465.5
2025-08-01 11:44:57 AM,6650.5,0,0.0,168864465.5
2025-08-01 11:44:57 AM,6650.5,14,93107.0,168957572.5
2025-08-01 11:45:13 AM,6650.5,35,232767.5,169190340.0
2025-08-01 11:45:29 AM,6650.5,10,66505.0,169256845.0
2025-08-01 11:45:45 AM,6651.5,1,6651.5,169263496.5
2025-08-01 11:45:46 AM,6650.5,0,0.0,169263496.5
2025-08-01 11:45:50 AM,6650.5,37,246068.5,169509565.0
2025-08-01 11:45:54 AM,6652.5,0,0.0,169509565.0
2025-08-01 11:45:56 AM,6652.5,30,199575.0,169709140.0
2025-08-01 11:45:59 AM,6650.5,0,0.0,169709140.0
2025-08-01 11:46:01 AM,6650.5,6,39903.0,169749043.0
2025-08-01 11:46:19 AM,6652.5,0,0.0,169749043.0
2025-08-01 11:46:21 AM,6650.5,0,0.0,169749043.0
2025-08-01 11:46:22 AM,6650.5,3,19951.5,169768994.5
2025-08-01 11:46:27 AM,6650.5,1,6650.5,169775645.0
2025-08-01 11:46:31 AM,6652.5,0,0.0,169775645.0
2025-08-01 11:46:33 AM,6652.5,7,46567.5,169822212.5
2025-08-01 11:46:38 AM,6652.5,2,13305.0,169835517.5
2025-08-01 11:46:43 AM,6653.0,0,0.0,169835517.5
2025-08-01 11:46:44 AM,6653.0,26,172978.0,170008495.5
2025-08-01 11:46:49 AM,6651.0,2,13302.0,170021797.5
2025-08-01 11:46:51 AM,6653.0,0,0.0,170021797.5
2025-08-01 11:46:54 AM,6653.0,1,6653.0,170028450.5
2025-08-01 11:47:27 AM,6655.0,0,0.0,170028450.5
2025-08-01 11:47:30 AM,6655.0,28,186340.0,170214790.5
2025-08-01 11:47:33 AM,6653.0,0,0.0,170214790.5
2025-08-01 11:47:35 AM,6653.0,5,33265.0,170248055.5
2025-08-01 11:48:10 AM,6655.0,0,0.0,170248055.5
2025-08-01 11:48:11 AM,6655.0,28,186340.0,170434395.5
2025-08-01 11:48:15 AM,6653.0,0,0.0,170434395.5
2025-08-01 11:48:16 AM,6653.0,8,53224.0,170487619.5
2025-08-01 11:48:16 AM,6653.0,1,6653.0,170494272.5
2025-08-01 11:48:19 AM,6650.5,0,0.0,170494272.5
2025-08-01 11:48:21 AM,6650.5,1,6650.5,170500923.0
2025-08-01 11:48:23 AM,6655.0,0,0.0,170500923.0
2025-08-01 11:48:26 AM,6655.0,7,46585.0,170547508.0
2025-08-01 11:48:28 AM,6651.5,0,0.0,170547508.0
2025-08-01 11:48:31 AM,6651.5,1,6651.5,170554159.5
2025-08-01 11:48:42 AM,6654.5,0,0.0,170554159.5
2025-08-01 11:48:46 AM,6654.5,1,6654.5,170560814.0
2025-08-01 11:48:49 AM,6655.0,0,0.0,170560814.0
2025-08-01 11:48:51 AM,6655.0,42,279510.0,170840324.0
2025-08-01 11:48:54 AM,6654.0,0,0.0,170840324.0
2025-08-01 11:48:56 AM,6654.0,3,19962.0,170860286.0
2025-08-01 11:48:59 AM,6651.5,0,0.0,170860286.0
2025-08-01 11:49:01 AM,6651.5,4,26606.0,170886892.0
2025-08-01 11:49:23 AM,6651.5,3,19954.5,170906846.5
2025-08-01 11:49:35 AM,6654.5,0,0.0,170906846.5
2025-08-01 11:49:38 AM,6654.5,3,19963.5,170926810.0
2025-08-01 11:49:41 AM,6655.0,0,0.0,170926810.0
2025-08-01 11:49:43 AM,6655.0,27,179685.0,171106495.0
2025-08-01 11:49:46 AM,6653.0,0,0.0,171106495.0
2025-08-01 11:49:49 AM,6653.0,4,26612.0,171133107.0
2025-08-01 11:49:52 AM,6655.0,0,0.0,171133107.0
2025-08-01 11:49:54 AM,6655.0,46,306130.0,171439237.0
2025-08-01 11:49:58 AM,6653.5,0,0.0,171439237.0
2025-08-01 11:49:59 AM,6653.5,4,26614.0,171465851.0
2025-08-01 11:50:06 AM,6654.0,0,0.0,171465851.0
2025-08-01 11:50:09 AM,6654.0,10,66540.0,171532391.0
2025-08-01 11:50:13 AM,6655.0,0,0.0,171532391.0
2025-08-01 11:50:15 AM,6654.0,29,192966.0,171725357.0
2025-08-01 11:50:20 AM,6654.0,5,33270.0,171758627.0
2025-08-01 11:50:26 AM,6655.0,0,0.0,171758627.0
2025-08-01 11:50:30 AM,6655.0,7,46585.0,171805212.0
2025-08-01 11:50:31 AM,6654.0,0,0.0,171805212.0
2025-08-01 11:50:32 AM,6655.0,0,0.0,171805212.0
2025-08-01 11:50:35 AM,6655.0,5,33275.0,171838487.0
2025-08-01 11:50:44 AM,6654.0,0,0.0,171838487.0
2025-08-01 11:50:45 AM,6654.0,127,845058.0,172683545.0
2025-08-01 11:50:49 AM,6651.5,0,0.0,172683545.0
2025-08-01 11:50:50 AM,6651.5,21,139681.5,172823226.5
2025-08-01 11:51:13 AM,6654.0,0,0.0,172823226.5
2025-08-01 11:51:14 AM,6654.0,2,13308.0,172836534.5
2025-08-01 11:51:35 AM,6651.5,0,0.0,172836534.5
2025-08-01 11:51:39 AM,6651.5,57,379135.5,173215670.0
2025-08-01 11:51:42 AM,6650.0,0,0.0,173215670.0
2025-08-01 11:51:44 AM,6650.0,2,13300.0,173228970.0
2025-08-01 11:51:47 AM,6653.5,0,0.0,173228970.0
2025-08-01 11:51:49 AM,6653.5,2,13307.0,173242277.0
2025-08-01 11:51:53 AM,6650.0,0,0.0,173242277.0
2025-08-01 11:51:54 AM,6650.0,1,6650.0,173248927.0
2025-08-01 11:52:24 AM,6650.0,1,6650.0,173255577.0
2025-08-01 11:52:26 AM,6651.0,0,0.0,173255577.0
2025-08-01 11:52:29 AM,6651.0,7,46557.0,173302134.0
2025-08-01 11:52:34 AM,6651.0,1,6651.0,173308785.0
2025-08-01 11:53:15 AM,6651.0,9,59859.0,173368644.0
2025-08-01 11:53:20 AM,6651.0,3,19953.0,173388597.0
2025-08-01 11:53:49 AM,6655.0,0,0.0,173388597.0
2025-08-01 11:53:50 AM,6655.0,32,212960.0,173601557.0
2025-08-01 11:53:55 AM,6651.5,0,0.0,173601557.0
2025-08-01 11:53:56 AM,6651.5,6,39909.0,173641466.0
2025-08-01 11:54:16 AM,6651.5,1,6651.5,173648117.5
2025-08-01 11:54:24 AM,6655.0,0,0.0,173648117.5
2025-08-01 11:54:26 AM,6655.0,4,26620.0,173674737.5
2025-08-01 11:54:30 AM,6651.5,0,0.0,173674737.5
2025-08-01 11:54:32 AM,6651.5,2,13303.0,173688040.5
2025-08-01 11:54:39 AM,6655.0,0,0.0,173688040.5
2025-08-01 11:54:42 AM,6655.0,3,19965.0,173708005.5
2025-08-01 11:54:50 AM,6651.5,0,0.0,173708005.5
2025-08-01 11:54:52 AM,6651.5,18,119727.0,173827732.5
2025-08-01 11:55:09 AM,6655.0,0,0.0,173827732.5
2025-08-01 11:55:12 AM,6655.0,8,53240.0,173880972.5
2025-08-01 11:55:14 AM,6654.0,0,0.0,173880972.5
2025-08-01 11:55:18 AM,6654.0,1,6654.0,173887626.5
2025-08-01 11:55:20 AM,6655.0,0,0.0,173887626.5
2025-08-01 11:55:22 AM,6655.0,26,173030.0,174060656.5
2025-08-01 11:55:25 AM,6652.0,0,0.0,174060656.5
2025-08-01 11:55:27 AM,6652.0,4,26608.0,174087264.5
2025-08-01 11:56:15 AM,6653.0,0,0.0,174087264.5
2025-08-01 11:56:17 AM,6655.0,3,19965.0,174107229.5
2025-08-01 11:56:23 AM,6655.0,41,272855.0,174380084.5
2025-08-01 11:56:27 AM,6653.0,0,0.0,174380084.5
2025-08-01 11:56:28 AM,6653.0,8,53224.0,174433308.5
2025-08-01 11:56:47 AM,6655.0,0,0.0,174433308.5
2025-08-01 11:56:48 AM,6655.0,1,6655.0,174439963.5
2025-08-01 11:57:03 AM,6655.0,11,73205.0,174513168.5
2025-08-01 11:57:08 AM,6655.0,23,153065.0,174666233.5
2025-08-01 11:57:12 AM,6654.0,0,0.0,174666233.5
2025-08-01 11:57:12 AM,6654.0,4,26616.0,174692849.5
2025-08-01 11:57:47 AM,6653.0,0,0.0,174692849.5
2025-08-01 11:57:48 AM,6653.0,6,39918.0,174732767.5
2025-08-01 11:58:14 AM,6653.0,8,53224.0,174785991.5
2025-08-01 11:58:22 AM,6654.5,0,0.0,174785991.5
2025-08-01 11:58:22 AM,6655.0,0,0.0,174785991.5
2025-08-01 11:58:25 AM,6655.0,3,19965.0,174805956.5
2025-08-01 11:58:28 AM,6653.0,0,0.0,174805956.5
2025-08-01 11:58:29 AM,6655.0,0,0.0,174805956.5
2025-08-01 11:58:30 AM,6655.0,6,39930.0,174845886.5
2025-08-01 11:58:41 AM,6655.0,25,166375.0,175012261.5
2025-08-01 11:58:46 AM,6653.0,7,46571.0,175058832.5
2025-08-01 11:58:48 AM,6655.0,0,0.0,175058832.5
2025-08-01 11:58:51 AM,6655.0,1,6655.0,175065487.5
2025-08-01 11:59:10 AM,6654.5,0,0.0,175065487.5
2025-08-01 11:59:12 AM,6654.5,12,79854.0,175145341.5
2025-08-01 11:59:17 AM,6654.5,1,6654.5,175151996.0
2025-08-01 11:59:32 AM,6655.0,0,0.0,175151996.0
2025-08-01 11:59:32 AM,6655.0,10,66550.0,175218546.0
2025-08-01 11:59:38 AM,6655.0,23,153065.0,175371611.0
2025-08-01 11:59:42 AM,6654.0,0,0.0,175371611.0
2025-08-01 11:59:43 AM,6654.0,3,19962.0,175391573.0
2025-08-01 11:59:46 AM,6651.5,0,0.0,175391573.0
2025-08-01 11:59:48 AM,6655.0,0,0.0,175391573.0
2025-08-01 11:59:48 AM,6655.0,2,13310.0,175404883.0
2025-08-01 12:00:04 PM,6655.0,1,6655.0,175411538.0
2025-08-01 12:00:12 PM,6655.0,7,46585.0,175458123.0
2025-08-01 12:00:16 PM,6653.0,0,0.0,175458123.0
2025-08-01 12:00:17 PM,6653.0,2,13306.0,175471429.0
2025-08-01 12:00:27 PM,6653.0,1,6653.0,175478082.0
2025-08-01 12:00:47 PM,6655.0,1,6655.0,175484737.0
2025-08-01 12:00:50 PM,6655.0,36,239580.0,175724317.0
2025-08-01 12:00:53 PM,6654.0,0,0.0,175724317.0
2025-08-01 12:00:54 PM,6654.0,4,26616.0,175750933.0
2025-08-01 12:01:10 PM,6655.0,0,0.0,175750933.0
2025-08-01 12:01:12 PM,6655.0,27,179685.0,175930618.0
2025-08-01 12:01:14 PM,6654.0,0,0.0,175930618.0
2025-08-01 12:01:14 PM,6654.0,2,13308.0,175943926.0
2025-08-01 12:01:16 PM,6654.0,5,33270.0,175977196.0
2025-08-01 12:01:47 PM,6655.0,1,6655.0,175983851.0
2025-08-01 12:01:57 PM,6655.0,2,13310.0,175997161.0
2025-08-01 12:02:01 PM,6654.0,1,6654.0,176003815.0
2025-08-01 12:02:07 PM,6654.5,0,0.0,176003815.0
2025-08-01 12:02:08 PM,6654.5,1,6654.5,176010469.5
2025-08-01 12:02:10 PM,6655.0,0,0.0,176010469.5
2025-08-01 12:02:11 PM,6655.0,25,166375.0,176176844.5
2025-08-01 12:02:13 PM,6655.0,7,46585.0,176223429.5
2025-08-01 12:02:15 PM,6654.5,0,0.0,176223429.5
2025-08-01 12:02:16 PM,6654.5,5,33272.5,176256702.0
2025-08-01 12:02:18 PM,6654.5,1,6654.5,176263356.5
2025-08-01 12:02:28 PM,6654.0,0,0.0,176263356.5
2025-08-01 12:02:28 PM,6654.0,1,6654.0,176270010.5
2025-08-01 12:02:42 PM,6654.5,1,6654.5,176276665.0
2025-08-01 12:02:47 PM,6655.0,2,13310.0,176289975.0
2025-08-01 12:02:59 PM,6654.5,0,0.0,176289975.0
2025-08-01 12:03:02 PM,6654.5,1,6654.5,176296629.5
2025-08-01 12:03:10 PM,6655.0,0,0.0,176296629.5
2025-08-01 12:03:11 PM,6655.0,42,279510.0,176576139.5
2025-08-01 12:03:15 PM,6654.5,0,0.0,176576139.5
2025-08-01 12:03:16 PM,6654.5,8,53236.0,176629375.5
2025-08-01 12:03:27 PM,6655.0,0,0.0,176629375.5
2025-08-01 12:03:28 PM,6655.0,15,99825.0,176729200.5
2025-08-01 12:03:32 PM,6654.0,0,0.0,176729200.5
2025-08-01 12:03:33 PM,6654.0,3,19962.0,176749162.5
2025-08-01 12:03:47 PM,6655.0,0,0.0,176749162.5
2025-08-01 12:03:49 PM,6655.0,1,6655.0,176755817.5
2025-08-01 12:04:07 PM,6655.0,7,46585.0,176802402.5
2025-08-01 12:04:11 PM,6654.0,0,0.0,176802402.5
2025-08-01 12:04:12 PM,6654.0,1,6654.0,176809056.5
2025-08-01 12:04:13 PM,6655.0,0,0.0,176809056.5
2025-08-01 12:04:15 PM,6655.0,7,46585.0,176855641.5
2025-08-01 12:04:19 PM,6654.0,0,0.0,176855641.5
2025-08-01 12:04:21 PM,6654.0,1,6654.0,176862295.5
2025-08-01 12:04:22 PM,6655.0,0,0.0,176862295.5
2025-08-01 12:04:23 PM,6655.0,43,286165.0,177148460.5
2025-08-01 12:04:27 PM,6654.0,0,0.0,177148460.5
2025-08-01 12:04:28 PM,6654.0,8,53232.0,177201692.5
2025-08-01 12:04:38 PM,6654.0,2,13308.0,177215000.5
2025-08-01 12:04:48 PM,6655.0,1,6655.0,177221655.5
2025-08-01 12:05:03 PM,6655.0,3,19965.0,177241620.5
2025-08-01 12:05:08 PM,6654.0,0,0.0,177241620.5
2025-08-01 12:05:09 PM,6654.0,1,6654.0,177248274.5
2025-08-01 12:05:47 PM,6655.0,1,6655.0,177254929.5
2025-08-01 12:06:02 PM,6655.0,25,166375.0,177421304.5
2025-08-01 12:06:04 PM,6654.0,0,0.0,177421304.5
2025-08-01 12:06:07 PM,6654.0,5,33270.0,177454574.5
2025-08-01 12:06:12 PM,6653.0,0,0.0,177454574.5
2025-08-01 12:06:12 PM,6653.0,30,199590.0,177654164.5
2025-08-01 12:06:18 PM,6655.0,0,0.0,177654164.5
2025-08-01 12:06:21 PM,6655.0,7,46585.0,177700749.5
2025-08-01 12:06:24 PM,6653.0,0,0.0,177700749.5
2025-08-01 12:06:26 PM,6653.0,1,6653.0,177707402.5
2025-08-01 12:06:42 PM,6655.0,1,6655.0,177714057.5
2025-08-01 12:06:47 PM,6655.0,1,6655.0,177720712.5
2025-08-01 12:06:50 PM,6653.0,0,0.0,177720712.5
2025-08-01 12:06:51 PM,6653.0,5,33265.0,177753977.5
2025-08-01 12:07:16 PM,6653.0,1,6653.0,177760630.5
2025-08-01 12:07:47 PM,6655.0,1,6655.0,177767285.5
2025-08-01 12:08:17 PM,6655.0,7,46585.0,177813870.5
2025-08-01 12:08:18 PM,6654.0,0,0.0,177813870.5
2025-08-01 12:08:22 PM,6654.0,6,39924.0,177853794.5
2025-08-01 12:08:28 PM,6655.0,34,226270.0,178080064.5
2025-08-01 12:08:34 PM,6654.5,0,0.0,178080064.5
2025-08-01 12:08:36 PM,6655.0,0,0.0,178080064.5
2025-08-01 12:08:37 PM,6655.0,9,59895.0,178139959.5
2025-08-01 12:08:47 PM,6654.5,29,192980.5,178332940.0
2025-08-01 12:08:52 PM,6654.5,6,39927.0,178372867.0
2025-08-01 12:09:16 PM,6655.0,0,0.0,178372867.0
2025-08-01 12:09:17 PM,6655.0,35,232925.0,178605792.0
2025-08-01 12:09:21 PM,6653.0,5,33265.0,178639057.0
2025-08-01 12:09:48 PM,6655.0,0,0.0,178639057.0
2025-08-01 12:09:51 PM,6655.0,2,13310.0,178652367.0
2025-08-01 12:10:22 PM,6655.0,7,46585.0,178698952.0
2025-08-01 12:10:24 PM,6653.0,0,0.0,178698952.0
2025-08-01 12:10:27 PM,6653.0,2,13306.0,178712258.0
2025-08-01 12:10:54 PM,6655.0,0,0.0,178712258.0
2025-08-01 12:10:56 PM,6655.0,1,6655.0,178718913.0
2025-08-01 12:11:01 PM,6655.0,28,186340.0,178905253.0
2025-08-01 12:11:04 PM,6654.0,0,0.0,178905253.0
2025-08-01 12:11:06 PM,6654.0,5,33270.0,178938523.0
2025-08-01 12:11:30 PM,6655.0,0,0.0,178938523.0
2025-08-01 12:11:31 PM,6655.0,25,166375.0,179104898.0
2025-08-01 12:11:34 PM,6654.0,0,0.0,179104898.0
2025-08-01 12:11:36 PM,6654.0,5,33270.0,179138168.0
2025-08-01 12:12:02 PM,6655.0,0,0.0,179138168.0
2025-08-01 12:12:05 PM,6655.0,15,99825.0,179237993.0
2025-08-01 12:12:08 PM,6654.0,0,0.0,179237993.0
2025-08-01 12:12:10 PM,6654.0,2,13308.0,179251301.0
2025-08-01 12:12:22 PM,6655.0,0,0.0,179251301.0
2025-08-01 12:12:25 PM,6655.0,6,39930.0,179291231.0
2025-08-01 12:12:26 PM,6654.0,0,0.0,179291231.0
2025-08-01 12:12:30 PM,6655.0,3,19965.0,179311196.0
2025-08-01 12:12:35 PM,6655.0,28,186340.0,179497536.0
2025-08-01 12:12:38 PM,6654.0,0,0.0,179497536.0
2025-08-01 12:12:40 PM,6654.0,4,26616.0,179524152.0
2025-08-01 12:13:36 PM,6655.0,0,0.0,179524152.0
2025-08-01 12:13:36 PM,6655.0,25,166375.0,179690527.0
2025-08-01 12:13:41 PM,6654.0,4,26616.0,179717143.0
2025-08-01 12:14:05 PM,6654.0,6,39924.0,179757067.0
2025-08-01 12:14:15 PM,6654.0,3,19962.0,179777029.0
2025-08-01 12:14:16 PM,6655.0,0,0.0,179777029.0
2025-08-01 12:14:16 PM,6655.0,15,99825.0,179876854.0
2025-08-01 12:14:18 PM,6654.0,0,0.0,179876854.0
2025-08-01 12:14:20 PM,6654.0,255,1696770.0,181573624.0
2025-08-01 12:14:21 PM,6650.5,3,19951.5,181593575.5
2025-08-01 12:14:24 PM,6654.5,0,0.0,181593575.5
2025-08-01 12:14:25 PM,6654.5,50,332725.0,181926300.5
2025-08-01 12:14:30 PM,6651.0,0,0.0,181926300.5
2025-08-01 12:14:30 PM,6651.0,2,13302.0,181939602.5
2025-08-01 12:14:34 PM,6650.0,0,0.0,181939602.5
2025-08-01 12:14:35 PM,6650.0,1,6650.0,181946252.5
2025-08-01 12:14:46 PM,6650.0,1,6650.0,181952902.5
2025-08-01 12:15:00 PM,6651.0,0,0.0,181952902.5
2025-08-01 12:15:01 PM,6651.0,3,19953.0,181972855.5
2025-08-01 12:15:12 PM,6654.0,1,6654.0,181979509.5
2025-08-01 12:15:24 PM,6651.5,0,0.0,181979509.5
2025-08-01 12:15:27 PM,6651.5,7,46560.5,182026070.0
2025-08-01 12:16:14 PM,6654.0,0,0.0,182026070.0
2025-08-01 12:16:17 PM,6654.0,2,13308.0,182039378.0
2025-08-01 12:16:20 PM,6654.5,0,0.0,182039378.0
2025-08-01 12:16:22 PM,6654.5,23,153053.5,182192431.5
2025-08-01 12:16:26 PM,6652.0,0,0.0,182192431.5
2025-08-01 12:16:27 PM,6652.0,8,53216.0,182245647.5
2025-08-01 12:16:36 PM,6655.0,0,0.0,182245647.5
2025-08-01 12:16:36 PM,6655.0,2,13310.0,182258957.5
2025-08-01 12:16:41 PM,6651.5,1,6651.5,182265609.0
2025-08-01 12:17:20 PM,6655.0,0,0.0,182265609.0
2025-08-01 12:17:25 PM,6655.0,2,13310.0,182278919.0
2025-08-01 12:17:30 PM,6655.0,27,179685.0,182458604.0
2025-08-01 12:17:34 PM,6654.0,0,0.0,182458604.0
2025-08-01 12:17:35 PM,6654.0,5,33270.0,182491874.0
2025-08-01 12:17:38 PM,6655.0,0,0.0,182491874.0
2025-08-01 12:17:39 PM,6655.0,26,173030.0,182664904.0
2025-08-01 12:17:40 PM,6654.0,0,0.0,182664904.0
2025-08-01 12:17:44 PM,6651.0,0,0.0,182664904.0
2025-08-01 12:17:44 PM,6651.0,43,285993.0,182950897.0
2025-08-01 12:17:46 PM,6655.0,0,0.0,182950897.0
2025-08-01 12:17:49 PM,6655.0,86,572330.0,183523227.0
2025-08-01 12:17:52 PM,6651.5,0,0.0,183523227.0
2025-08-01 12:17:54 PM,6651.5,12,79818.0,183603045.0
2025-08-01 12:17:59 PM,6651.5,2,13303.0,183616348.0
2025-08-01 12:18:00 PM,6651.0,0,0.0,183616348.0
2025-08-01 12:18:02 PM,6655.0,0,0.0,183616348.0
2025-08-01 12:18:04 PM,6655.0,12,79860.0,183696208.0
2025-08-01 12:18:08 PM,6651.5,0,0.0,183696208.0
2025-08-01 12:18:09 PM,6651.5,2,13303.0,183709511.0
2025-08-01 12:18:12 PM,6655.0,0,0.0,183709511.0
2025-08-01 12:18:14 PM,6655.0,8,53240.0,183762751.0
2025-08-01 12:18:18 PM,6651.5,0,0.0,183762751.0
2025-08-01 12:18:18 PM,6651.5,1,6651.5,183769402.5
2025-08-01 12:18:20 PM,6650.5,0,0.0,183769402.5
2025-08-01 12:18:23 PM,6650.5,30,199515.0,183968917.5
2025-08-01 12:19:27 PM,6654.0,0,0.0,183968917.5
2025-08-01 12:19:29 PM,6654.0,2,13308.0,183982225.5
2025-08-01 12:19:47 PM,6651.5,0,0.0,183982225.5
2025-08-01 12:19:49 PM,6651.5,2,13303.0,183995528.5
2025-08-01 12:20:04 PM,6651.5,12,79818.0,184075346.5
2025-08-01 12:20:15 PM,6654.0,8,53232.0,184128578.5
2025-08-01 12:20:19 PM,6651.5,0,0.0,184128578.5
2025-08-01 12:20:20 PM,6651.5,6,39909.0,184168487.5
2025-08-01 12:20:37 PM,6653.0,0,0.0,184168487.5
2025-08-01 12:20:41 PM,6653.0,8,53224.0,184221711.5
2025-08-01 12:21:07 PM,6654.0,0,0.0,184221711.5
2025-08-01 12:21:11 PM,6654.0,18,119772.0,184341483.5
2025-08-01 12:21:30 PM,6654.0,10,66540.0,184408023.5
2025-08-01 12:21:44 PM,6655.0,64,425920.0,184833943.5
2025-08-01 12:21:49 PM,6654.0,10,66540.0,184900483.5
2025-08-01 12:21:54 PM,6654.0,2,13308.0,184913791.5
2025-08-01 12:22:14 PM,6655.0,0,0.0,184913791.5
2025-08-01 12:22:15 PM,6655.0,8,53240.0,184967031.5
2025-08-01 12:22:19 PM,6653.0,0,0.0,184967031.5
2025-08-01 12:22:20 PM,6653.0,3,19959.0,184986990.5
2025-08-01 12:23:15 PM,6655.0,0,0.0,184986990.5
2025-08-01 12:23:16 PM,6655.0,36,239580.0,185226570.5
2025-08-01 12:23:21 PM,6653.0,18,119754.0,185346324.5
2025-08-01 12:23:25 PM,6653.0,3,19959.0,185366283.5
2025-08-01 12:23:30 PM,6653.0,3,19959.0,185386242.5
2025-08-01 12:24:30 PM,6655.0,0,0.0,185386242.5
2025-08-01 12:24:30 PM,6655.0,8,53240.0,185439482.5
2025-08-01 12:24:35 PM,6655.0,28,186340.0,185625822.5
2025-08-01 12:24:40 PM,6653.0,4,26612.0,185652434.5
2025-08-01 12:25:04 PM,6653.0,2,13306.0,185665740.5
2025-08-01 12:25:29 PM,6655.0,0,0.0,185665740.5
2025-08-01 12:25:30 PM,6655.0,5,33275.0,185699015.5
2025-08-01 12:25:34 PM,6656.0,0,0.0,185699015.5
2025-08-01 12:25:35 PM,6656.0,15,99840.0,185798855.5
2025-08-01 12:25:39 PM,6655.0,0,0.0,185798855.5
2025-08-01 12:25:40 PM,6655.0,26,173030.0,185971885.5
2025-08-01 12:25:45 PM,6654.0,4,26616.0,185998501.5
2025-08-01 12:25:50 PM,6654.0,2,13308.0,186011809.5
2025-08-01 12:25:54 PM,6660.0,0,0.0,186011809.5
2025-08-01 12:25:55 PM,6655.0,258,1716990.0,187728799.5
2025-08-01 12:25:59 PM,6654.0,0,0.0,187728799.5
2025-08-01 12:26:00 PM,6653.0,41,272773.0,188001572.5
2025-08-01 12:26:01 PM,6660.0,308,2051280.0,190052852.5
2025-08-01 12:26:05 PM,6660.0,306,2037960.0,192090812.5
2025-08-01 12:26:06 PM,6648.5,0,0.0,192090812.5
2025-08-01 12:26:07 PM,6649.0,0,0.0,192090812.5
2025-08-01 12:26:10 PM,6660.0,0,0.0,192090812.5
2025-08-01 12:26:10 PM,6660.0,525,3496500.0,195587312.5
2025-08-01 12:26:11 PM,6660.0,328,2184480.0,197771792.5
2025-08-01 12:26:15 PM,6648.5,1157,7692314.5,205464107.0
2025-08-01 12:26:16 PM,6648.5,1,6648.5,205470755.5
2025-08-01 12:26:17 PM,6653.5,0,0.0,205470755.5
2025-08-01 12:26:20 PM,6653.5,95,632082.5,206102838.0
2025-08-01 12:26:21 PM,6660.0,0,0.0,206102838.0
2025-08-01 12:26:24 PM,6655.0,0,0.0,206102838.0
2025-08-01 12:26:25 PM,6655.0,654,4352370.0,210455208.0
2025-08-01 12:26:25 PM,6660.0,0,0.0,210455208.0
2025-08-01 12:26:26 PM,6655.0,114,758670.0,211213878.0
2025-08-01 12:26:30 PM,6655.0,593,3946415.0,215160293.0
2025-08-01 12:26:31 PM,6654.5,0,0.0,215160293.0
2025-08-01 12:26:32 PM,6655.0,0,0.0,215160293.0
2025-08-01 12:26:33 PM,6660.0,0,0.0,215160293.0
2025-08-01 12:26:34 PM,6655.0,0,0.0,215160293.0
2025-08-01 12:26:35 PM,6660.0,0,0.0,215160293.0
2025-08-01 12:26:35 PM,6660.0,577,3842820.0,219003113.0
2025-08-01 12:26:36 PM,6655.0,20,133100.0,219136213.0
2025-08-01 12:26:36 PM,6654.5,0,0.0,219136213.0
2025-08-01 12:26:39 PM,6655.0,0,0.0,219136213.0
2025-08-01 12:26:40 PM,6660.0,0,0.0,219136213.0
2025-08-01 12:26:40 PM,6660.0,569,3789540.0,222925753.0
2025-08-01 12:26:41 PM,6660.0,102,679320.0,223605073.0
2025-08-01 12:26:45 PM,6660.0,400,2664000.0,226269073.0
2025-08-01 12:26:50 PM,6660.0,517,3443220.0,229712293.0
2025-08-01 12:26:51 PM,6655.0,0,0.0,229712293.0
2025-08-01 12:26:53 PM,6654.5,0,0.0,229712293.0
2025-08-01 12:26:55 PM,6672.0,442,2949024.0,232661317.0
2025-08-01 12:26:56 PM,6668.5,0,0.0,232661317.0
2025-08-01 12:26:57 PM,6663.0,0,0.0,232661317.0
2025-08-01 12:27:00 PM,6663.0,11,73293.0,232734610.0
2025-08-01 12:27:00 PM,6662.0,0,0.0,232734610.0
2025-08-01 12:27:01 PM,6662.0,24,159888.0,232894498.0
2025-08-01 12:27:01 PM,6660.0,0,0.0,232894498.0
2025-08-01 12:27:01 PM,6660.0,21,139860.0,233034358.0
2025-08-01 12:27:02 PM,6660.0,11,73260.0,233107618.0
2025-08-01 12:27:02 PM,6658.5,15,99877.5,233207495.5
2025-08-01 12:27:02 PM,6660.0,0,0.0,233207495.5
2025-08-01 12:27:03 PM,6660.0,22,146520.0,233354015.5
2025-08-01 12:27:04 PM,6660.0,22,146520.0,233500535.5
2025-08-01 12:27:04 PM,6660.0,1,6660.0,233507195.5
