date,price,qty,trnvr,cum_trnvr
2025-08-01 09:15:00 AM,971.95,124,120521.8,120521.8
2025-08-01 09:15:01 AM,971.95,13,12635.35,133157.15
2025-08-01 09:15:01 AM,974.3,0,0.0,133157.15
2025-08-01 09:15:09 AM,981.2,0,0.0,133157.15
2025-08-01 09:15:10 AM,981.55,919,902044.45,1035201.6
2025-08-01 09:15:13 AM,981.5,5,4907.5,1040109.1
2025-08-01 09:15:21 AM,981.5,56,54964.0,1095073.1
2025-08-01 09:15:26 AM,980.35,0,0.0,1095073.1
2025-08-01 09:15:30 AM,980.35,50,49017.5,1144090.6
2025-08-01 09:15:38 AM,980.15,0,0.0,1144090.6
2025-08-01 09:15:39 AM,980.15,30,29404.5,1173495.1
2025-08-01 09:15:40 AM,981.15,5145,5048016.75,6221511.85
2025-08-01 09:15:46 AM,977.75,0,0.0,6221511.85
2025-08-01 09:15:47 AM,972.8,1186,1153740.8,7375252.649999999
2025-08-01 09:15:49 AM,971.3,487,473023.1,7848275.749999999
2025-08-01 09:15:51 AM,973.45,0,0.0,7848275.749999999
2025-08-01 09:15:54 AM,974.1,0,0.0,7848275.749999999
2025-08-01 09:15:55 AM,974.1,1407,1370558.7,9218834.45
2025-08-01 09:16:05 AM,971.75,10,9717.5,9228551.95
2025-08-01 09:16:08 AM,971.8,0,0.0,9228551.95
2025-08-01 09:16:11 AM,971.8,18,17492.399999999998,9246044.35
2025-08-01 09:16:20 AM,971.0,1,971.0,9247015.35
2025-08-01 09:16:34 AM,972.1,0,0.0,9247015.35
2025-08-01 09:16:36 AM,972.1,186,180810.6,9427825.95
2025-08-01 09:16:56 AM,974.15,0,0.0,9427825.95
2025-08-01 09:17:01 AM,974.9,31,30221.899999999998,9458047.85
2025-08-01 09:17:05 AM,975.1,0,0.0,9458047.85
2025-08-01 09:17:09 AM,972.6,113,109903.8,9567951.65
2025-08-01 09:17:18 AM,975.45,120,117054.0,9685005.65
2025-08-01 09:17:21 AM,976.25,0,0.0,9685005.65
2025-08-01 09:17:23 AM,976.5,0,0.0,9685005.65
2025-08-01 09:17:26 AM,976.5,284,277326.0,9962331.65
2025-08-01 09:17:42 AM,974.4,31,30206.399999999998,9992538.05
2025-08-01 09:17:46 AM,973.4,0,0.0,9992538.05
2025-08-01 09:17:48 AM,977.15,0,0.0,9992538.05
2025-08-01 09:17:50 AM,978.0,1026,1003428.0,10995966.05
2025-08-01 09:17:59 AM,978.0,87,85086.0,11081052.05
2025-08-01 09:18:07 AM,979.5,25,24487.5,11105539.55
2025-08-01 09:18:13 AM,977.0,0,0.0,11105539.55
2025-08-01 09:18:16 AM,977.0,200,195400.0,11300939.55
2025-08-01 09:18:24 AM,978.0,300,293400.0,11594339.55
2025-08-01 09:18:32 AM,978.0,184,179952.0,11774291.55
2025-08-01 09:18:40 AM,978.0,516,504648.0,12278939.55
2025-08-01 09:18:45 AM,978.75,0,0.0,12278939.55
2025-08-01 09:18:48 AM,978.75,1,978.75,12279918.3
2025-08-01 09:18:56 AM,978.75,2,1957.5,12281875.8
2025-08-01 09:19:04 AM,978.0,218,213204.0,12495079.8
2025-08-01 09:19:09 AM,978.75,0,0.0,12495079.8
2025-08-01 09:19:12 AM,978.75,10,9787.5,12504867.3
2025-08-01 09:19:21 AM,978.6,163,159511.80000000002,12664379.100000001
2025-08-01 09:19:29 AM,980.85,89,87295.65000000001,12751674.750000002
2025-08-01 09:19:32 AM,980.0,0,0.0,12751674.750000002
2025-08-01 09:19:37 AM,980.0,25,24500.0,12776174.750000002
2025-08-01 09:19:40 AM,980.8,0,0.0,12776174.750000002
2025-08-01 09:19:45 AM,979.45,117,114595.65000000001,12890770.400000002
2025-08-01 09:19:53 AM,981.15,113,110869.95,13001640.350000001
2025-08-01 09:20:08 AM,982.65,0,0.0,13001640.350000001
2025-08-01 09:20:09 AM,982.65,455,447105.75,13448746.100000001
2025-08-01 09:20:17 AM,983.0,0,0.0,13448746.100000001
2025-08-01 09:20:18 AM,983.0,5,4915.0,13453661.100000001
2025-08-01 09:20:29 AM,983.95,0,0.0,13453661.100000001
2025-08-01 09:20:32 AM,983.25,18,17698.5,13471359.600000001
2025-08-01 09:21:01 AM,982.9,0,0.0,13471359.600000001
2025-08-01 09:21:03 AM,982.9,1,982.9,13472342.500000002
2025-08-01 09:21:08 AM,981.9,0,0.0,13472342.500000002
2025-08-01 09:21:11 AM,980.0,265,259700.0,13732042.500000002
2025-08-01 09:21:19 AM,980.4,12,11764.8,13743807.300000003
2025-08-01 09:21:40 AM,980.5,0,0.0,13743807.300000003
2025-08-01 09:21:42 AM,980.5,27,26473.5,13770280.800000003
2025-08-01 09:21:57 AM,982.0,0,0.0,13770280.800000003
2025-08-01 09:21:58 AM,982.0,300,294600.0,14064880.800000003
2025-08-01 09:22:01 AM,981.85,0,0.0,14064880.800000003
2025-08-01 09:22:05 AM,981.85,1,981.85,14065862.650000002
2025-08-01 09:22:14 AM,981.7,5,4908.5,14070771.150000002
2025-08-01 09:22:15 AM,981.85,0,0.0,14070771.150000002
2025-08-01 09:22:21 AM,981.85,423,415322.55,14486093.700000003
2025-08-01 09:22:30 AM,981.85,32,31419.2,14517512.900000002
2025-08-01 09:23:49 AM,980.4,0,0.0,14517512.900000002
2025-08-01 09:23:52 AM,981.7,1035,1016059.5,15533572.400000002
2025-08-01 09:23:54 AM,983.25,1000,983250.0,16516822.400000002
2025-08-01 09:24:00 AM,982.8,10,9828.0,16526650.400000002
2025-08-01 09:24:07 AM,983.0,100,98300.0,16624950.400000002
2025-08-01 09:24:09 AM,983.05,16,15728.8,16640679.200000003
2025-08-01 09:24:15 AM,982.0,51,50082.0,16690761.200000003
2025-08-01 09:24:16 AM,982.8,0,0.0,16690761.200000003
2025-08-01 09:24:17 AM,982.8,8,7862.4,16698623.600000003
2025-08-01 09:24:22 AM,982.0,0,0.0,16698623.600000003
2025-08-01 09:24:23 AM,982.0,50,49100.0,16747723.600000003
2025-08-01 09:24:28 AM,981.95,0,0.0,16747723.600000003
2025-08-01 09:24:30 AM,981.95,60,58917.0,16806640.6
2025-08-01 09:24:52 AM,981.9,0,0.0,16806640.6
2025-08-01 09:24:53 AM,981.9,50,49095.0,16855735.6
2025-08-01 09:24:53 AM,981.0,0,0.0,16855735.6
2025-08-01 09:24:55 AM,981.0,25,24525.0,16880260.6
2025-08-01 09:25:10 AM,981.0,4,3924.0,16884184.6
2025-08-01 09:25:25 AM,981.0,1018,998658.0,17882842.6
2025-08-01 09:25:30 AM,981.05,20,19621.0,17902463.6
2025-08-01 09:25:37 AM,982.0,0,0.0,17902463.6
2025-08-01 09:25:38 AM,982.0,10,9820.0,17912283.6
2025-08-01 09:25:40 AM,981.85,7,6872.95,17919156.55
2025-08-01 09:25:43 AM,982.0,0,0.0,17919156.55
2025-08-01 09:25:45 AM,982.0,124,121768.0,18040924.55
2025-08-01 09:26:00 AM,981.9,11,10800.9,18051725.45
2025-08-01 09:26:02 AM,981.9,6,5891.4,18057616.849999998
2025-08-01 09:26:10 AM,982.2,7,6875.400000000001,18064492.249999996
2025-08-01 09:26:17 AM,982.3,5,4911.5,18069403.749999996
2025-08-01 09:26:20 AM,982.55,0,0.0,18069403.749999996
2025-08-01 09:26:23 AM,982.55,139,136574.44999999998,18205978.199999996
2025-08-01 09:26:30 AM,982.2,0,0.0,18205978.199999996
2025-08-01 09:26:31 AM,982.2,25,24555.0,18230533.199999996
2025-08-01 09:26:50 AM,983.35,0,0.0,18230533.199999996
2025-08-01 09:26:53 AM,983.9,0,0.0,18230533.199999996
2025-08-01 09:26:54 AM,983.9,11,10822.9,18241356.099999994
2025-08-01 09:26:59 AM,984.55,0,0.0,18241356.099999994
2025-08-01 09:27:01 AM,984.55,562,553317.1,18794673.199999996
2025-08-01 09:27:09 AM,985.0,88,86680.0,18881353.199999996
2025-08-01 09:27:10 AM,984.75,25,24618.75,18905971.949999996
2025-08-01 09:27:20 AM,985.5,0,0.0,18905971.949999996
2025-08-01 09:27:23 AM,985.95,142,140004.9,19045976.849999994
2025-08-01 09:27:30 AM,985.0,0,0.0,19045976.849999994
2025-08-01 09:27:31 AM,985.0,37,36445.0,19082421.849999994
2025-08-01 09:27:46 AM,985.0,28,27580.0,19110001.849999994
2025-08-01 09:27:51 AM,984.9,0,0.0,19110001.849999994
2025-08-01 09:27:54 AM,984.9,21,20682.899999999998,19130684.749999993
2025-08-01 09:28:07 AM,984.05,0,0.0,19130684.749999993
2025-08-01 09:28:09 AM,984.05,100,98405.0,19229089.749999993
2025-08-01 09:28:17 AM,984.05,1,984.05,19230073.799999993
2025-08-01 09:28:26 AM,984.05,25,24601.25,19254675.049999993
2025-08-01 09:28:30 AM,984.1,0,0.0,19254675.049999993
2025-08-01 09:28:32 AM,984.1,1,984.1,19255659.149999995
2025-08-01 09:28:40 AM,985.0,7,6895.0,19262554.149999995
2025-08-01 09:28:48 AM,984.3,25,24607.5,19287161.649999995
2025-08-01 09:28:59 AM,984.9,0,0.0,19287161.649999995
2025-08-01 09:29:02 AM,984.9,62,61063.799999999996,19348225.449999996
2025-08-01 09:29:12 AM,985.0,178,175330.0,19523555.449999996
2025-08-01 09:29:19 AM,985.0,100,98500.0,19622055.449999996
2025-08-01 09:29:20 AM,985.25,0,0.0,19622055.449999996
2025-08-01 09:29:25 AM,985.6,0,0.0,19622055.449999996
2025-08-01 09:29:25 AM,985.6,264,260198.4,19882253.849999994
2025-08-01 09:29:33 AM,985.15,200,197030.0,20079283.849999994
2025-08-01 09:29:40 AM,985.7,51,50270.700000000004,20129554.549999993
2025-08-01 09:29:49 AM,986.75,3,2960.25,20132514.799999993
2025-08-01 09:30:01 AM,987.0,0,0.0,20132514.799999993
2025-08-01 09:30:03 AM,987.0,255,251685.0,20384199.799999993
2025-08-01 09:30:09 AM,987.05,0,0.0,20384199.799999993
2025-08-01 09:30:11 AM,986.95,51,50334.450000000004,20434534.249999993
2025-08-01 09:30:23 AM,985.7,0,0.0,20434534.249999993
2025-08-01 09:30:26 AM,985.7,145,142926.5,20577460.749999993
2025-08-01 09:30:40 AM,986.0,1,986.0,20578446.749999993
2025-08-01 09:30:47 AM,985.95,18,17747.100000000002,20596193.849999994
2025-08-01 09:30:51 AM,984.3,0,0.0,20596193.849999994
2025-08-01 09:30:54 AM,985.0,0,0.0,20596193.849999994
2025-08-01 09:30:55 AM,985.0,1001,985985.0,21582178.849999994
2025-08-01 09:31:01 AM,985.45,0,0.0,21582178.849999994
2025-08-01 09:31:02 AM,985.45,20,19709.0,21601887.849999994
2025-08-01 09:31:07 AM,985.0,0,0.0,21601887.849999994
2025-08-01 09:31:10 AM,984.0,340,334560.0,21936447.849999994
2025-08-01 09:31:17 AM,984.05,0,0.0,21936447.849999994
2025-08-01 09:31:17 AM,984.05,1,984.05,21937431.899999995
2025-08-01 09:31:41 AM,984.0,0,0.0,21937431.899999995
2025-08-01 09:31:46 AM,984.0,361,355224.0,22292655.899999995
2025-08-01 09:31:48 AM,984.05,0,0.0,22292655.899999995
2025-08-01 09:31:53 AM,984.05,12,11808.599999999999,22304464.499999996
2025-08-01 09:32:03 AM,984.0,0,0.0,22304464.499999996
2025-08-01 09:32:07 AM,984.0,17,16728.0,22321192.499999996
2025-08-01 09:32:09 AM,984.05,0,0.0,22321192.499999996
2025-08-01 09:32:09 AM,983.5,0,0.0,22321192.499999996
2025-08-01 09:32:14 AM,983.5,150,147525.0,22468717.499999996
2025-08-01 09:32:27 AM,984.2,0,0.0,22468717.499999996
2025-08-01 09:32:28 AM,984.2,1,984.2,22469701.699999996
2025-08-01 09:32:34 AM,984.25,1,984.25,22470685.949999996
2025-08-01 09:32:41 AM,984.35,1,984.35,22471670.299999997
2025-08-01 09:32:49 AM,984.35,50,49217.5,22520887.799999997
2025-08-01 09:33:02 AM,985.3,1,985.3,22521873.099999998
2025-08-01 09:33:03 AM,984.25,0,0.0,22521873.099999998
2025-08-01 09:33:09 AM,984.1,0,0.0,22521873.099999998
2025-08-01 09:33:09 AM,984.1,16,15745.6,22537618.7
2025-08-01 09:33:19 AM,985.05,0,0.0,22537618.7
2025-08-01 09:33:23 AM,985.05,1,985.05,22538603.75
2025-08-01 09:33:24 AM,984.4,0,0.0,22538603.75
2025-08-01 09:33:29 AM,985.3,0,0.0,22538603.75
2025-08-01 09:33:30 AM,985.3,3,2955.8999999999996,22541559.65
2025-08-01 09:33:34 AM,985.05,0,0.0,22541559.65
2025-08-01 09:33:37 AM,985.05,56,55162.799999999996,22596722.45
2025-08-01 09:33:58 AM,986.3,124,122301.2,22719023.65
2025-08-01 09:34:09 AM,987.6,0,0.0,22719023.65
2025-08-01 09:34:11 AM,988.3,0,0.0,22719023.65
2025-08-01 09:34:12 AM,988.3,106,104759.79999999999,22823783.45
2025-08-01 09:34:24 AM,988.65,0,0.0,22823783.45
2025-08-01 09:34:26 AM,988.65,2,1977.3,22825760.75
2025-08-01 09:34:40 AM,988.65,81,80080.65,22905841.4
2025-08-01 09:34:49 AM,989.95,0,0.0,22905841.4
2025-08-01 09:34:54 AM,989.95,700,692965.0,23598806.4
2025-08-01 09:34:56 AM,988.5,0,0.0,23598806.4
2025-08-01 09:35:00 AM,988.05,74,73115.7,23671922.099999998
2025-08-01 09:35:24 AM,987.65,0,0.0,23671922.099999998
2025-08-01 09:35:29 AM,988.75,0,0.0,23671922.099999998
2025-08-01 09:35:29 AM,988.75,151,149301.25,23821223.349999998
2025-08-01 09:35:49 AM,988.95,0,0.0,23821223.349999998
2025-08-01 09:35:56 AM,988.95,30,29668.5,23850891.849999998
2025-08-01 09:35:59 AM,989.25,0,0.0,23850891.849999998
2025-08-01 09:36:02 AM,989.45,21,20778.45,23871670.299999997
2025-08-01 09:36:19 AM,990.0,0,0.0,23871670.299999997
2025-08-01 09:36:22 AM,990.0,3,2970.0,23874640.299999997
2025-08-01 09:36:23 AM,989.1,0,0.0,23874640.299999997
2025-08-01 09:36:29 AM,989.1,100,98910.0,23973550.299999997
2025-08-01 09:36:31 AM,989.7,0,0.0,23973550.299999997
2025-08-01 09:36:35 AM,988.9,0,0.0,23973550.299999997
2025-08-01 09:36:35 AM,988.9,2,1977.8,23975528.099999998
2025-08-01 09:36:48 AM,988.15,200,197630.0,24173158.099999998
2025-08-01 09:36:51 AM,989.55,0,0.0,24173158.099999998
2025-08-01 09:36:55 AM,989.55,1,989.55,24174147.65
2025-08-01 09:36:59 AM,988.35,0,0.0,24174147.65
2025-08-01 09:37:02 AM,988.35,131,129473.85,24303621.5
2025-08-01 09:37:08 AM,988.85,0,0.0,24303621.5
2025-08-01 09:37:09 AM,988.85,20,19777.0,24323398.5
2025-08-01 09:37:12 AM,988.8,0,0.0,24323398.5
2025-08-01 09:37:16 AM,988.8,8,7910.4,24331308.9
2025-08-01 09:37:18 AM,988.0,0,0.0,24331308.9
2025-08-01 09:37:23 AM,988.0,46,45448.0,24376756.9
2025-08-01 09:37:41 AM,987.85,0,0.0,24376756.9
2025-08-01 09:37:43 AM,987.85,30,29635.5,24406392.4
2025-08-01 09:37:53 AM,986.95,0,0.0,24406392.4
2025-08-01 09:37:56 AM,986.95,70,69086.5,24475478.9
2025-08-01 09:38:08 AM,985.4,0,0.0,24475478.9
2025-08-01 09:38:10 AM,986.7,0,0.0,24475478.9
2025-08-01 09:38:10 AM,986.7,91,89789.7,24565268.599999998
2025-08-01 09:38:34 AM,986.8,0,0.0,24565268.599999998
2025-08-01 09:38:37 AM,986.8,1,986.8,24566255.4
2025-08-01 09:39:14 AM,986.0,0,0.0,24566255.4
2025-08-01 09:39:17 AM,986.0,15,14790.0,24581045.4
2025-08-01 09:39:19 AM,985.05,0,0.0,24581045.4
2025-08-01 09:39:24 AM,984.35,44,43311.4,24624356.799999997
2025-08-01 09:39:28 AM,984.3,0,0.0,24624356.799999997
2025-08-01 09:39:31 AM,984.3,11,10827.3,24635184.099999998
2025-08-01 09:39:36 AM,983.2,0,0.0,24635184.099999998
2025-08-01 09:39:37 AM,983.2,350,344120.0,24979304.099999998
2025-08-01 09:39:50 AM,984.0,15,14760.0,24994064.099999998
2025-08-01 09:40:08 AM,984.8,0,0.0,24994064.099999998
2025-08-01 09:40:10 AM,984.8,8,7878.4,25001942.499999996
2025-08-01 09:40:16 AM,984.1,0,0.0,25001942.499999996
2025-08-01 09:40:16 AM,984.1,13,12793.300000000001,25014735.799999997
2025-08-01 09:40:35 AM,984.55,0,0.0,25014735.799999997
2025-08-01 09:40:36 AM,984.55,1,984.55,25015720.349999998
2025-08-01 09:41:02 AM,984.0,0,0.0,25015720.349999998
2025-08-01 09:41:03 AM,984.0,20,19680.0,25035400.349999998
2025-08-01 09:41:29 AM,984.0,241,237144.0,25272544.349999998
2025-08-01 09:42:03 AM,983.45,0,0.0,25272544.349999998
2025-08-01 09:42:08 AM,984.0,0,0.0,25272544.349999998
2025-08-01 09:42:09 AM,984.0,38,37392.0,25309936.349999998
2025-08-01 09:42:22 AM,984.0,12,11808.0,25321744.349999998
2025-08-01 09:42:28 AM,984.0,10,9840.0,25331584.349999998
2025-08-01 09:42:35 AM,984.0,101,99384.0,25430968.349999998
2025-08-01 09:43:14 AM,984.0,8,7872.0,25438840.349999998
2025-08-01 09:43:21 AM,984.0,10,9840.0,25448680.349999998
2025-08-01 09:43:40 AM,984.0,10,9840.0,25458520.349999998
2025-08-01 09:43:53 AM,984.0,10,9840.0,25468360.349999998
2025-08-01 09:44:00 AM,984.0,16,15744.0,25484104.349999998
2025-08-01 09:44:07 AM,984.0,231,227304.0,25711408.349999998
2025-08-01 09:44:18 AM,983.75,0,0.0,25711408.349999998
2025-08-01 09:44:20 AM,983.75,10,9837.5,25721245.849999998
2025-08-01 09:44:34 AM,982.2,66,64825.200000000004,25786071.049999997
2025-08-01 09:44:39 AM,982.2,2,1964.4,25788035.449999996
2025-08-01 09:44:58 AM,981.55,0,0.0,25788035.449999996
2025-08-01 09:44:59 AM,981.55,40,39262.0,25827297.449999996
2025-08-01 09:45:04 AM,981.3,0,0.0,25827297.449999996
2025-08-01 09:45:05 AM,981.3,20,19626.0,25846923.449999996
2025-08-01 09:45:30 AM,981.0,0,0.0,25846923.449999996
2025-08-01 09:45:31 AM,981.0,80,78480.0,25925403.449999996
2025-08-01 09:45:38 AM,981.7,255,250333.5,26175736.949999996
2025-08-01 09:46:15 AM,981.1,0,0.0,26175736.949999996
2025-08-01 09:46:17 AM,981.1,20,19622.0,26195358.949999996
2025-08-01 09:46:47 AM,981.7,0,0.0,26195358.949999996
2025-08-01 09:46:48 AM,981.7,76,74609.2,26269968.149999995
2025-08-01 09:47:31 AM,981.0,0,0.0,26269968.149999995
2025-08-01 09:47:32 AM,981.0,19,18639.0,26288607.149999995
2025-08-01 09:47:34 AM,980.05,15,14700.75,26303307.899999995
2025-08-01 09:47:38 AM,981.0,0,0.0,26303307.899999995
2025-08-01 09:47:39 AM,981.0,5,4905.0,26308212.899999995
2025-08-01 09:47:41 AM,981.0,3,2943.0,26311155.899999995
2025-08-01 09:47:46 AM,981.0,3,2943.0,26314098.899999995
2025-08-01 09:47:48 AM,981.0,1,981.0,26315079.899999995
2025-08-01 09:47:55 AM,981.0,1,981.0,26316060.899999995
2025-08-01 09:48:26 AM,980.0,0,0.0,26316060.899999995
2025-08-01 09:48:27 AM,980.0,103,100940.0,26417000.899999995
2025-08-01 09:48:50 AM,980.45,0,0.0,26417000.899999995
2025-08-01 09:48:51 AM,980.45,6,5882.700000000001,26422883.599999994
2025-08-01 09:49:12 AM,980.45,10,9804.5,26432688.099999994
2025-08-01 09:49:14 AM,981.1,0,0.0,26432688.099999994
2025-08-01 09:49:16 AM,981.2,80,78496.0,26511184.099999994
2025-08-01 09:49:18 AM,980.65,0,0.0,26511184.099999994
2025-08-01 09:49:18 AM,980.65,134,131407.1,26642591.199999996
2025-08-01 09:49:43 AM,981.35,1,981.35,26643572.549999997
2025-08-01 09:50:25 AM,981.05,0,0.0,26643572.549999997
2025-08-01 09:50:25 AM,981.05,1,981.05,26644553.599999998
2025-08-01 09:50:29 AM,981.0,0,0.0,26644553.599999998
2025-08-01 09:50:31 AM,981.0,14,13734.0,26658287.599999998
2025-08-01 09:50:38 AM,981.85,164,161023.4,26819310.999999996
2025-08-01 09:50:47 AM,981.8,1,981.8,26820292.799999997
2025-08-01 09:50:50 AM,982.2,153,150276.6,26970569.4
2025-08-01 09:50:55 AM,982.55,0,0.0,26970569.4
2025-08-01 09:50:57 AM,982.55,10,9825.5,26980394.9
2025-08-01 09:51:05 AM,982.35,10,9823.5,26990218.4
2025-08-01 09:51:28 AM,982.35,55,54029.25,27044247.65
2025-08-01 09:51:37 AM,982.35,82,80552.7,27124800.349999998
2025-08-01 09:51:53 AM,982.35,10,9823.5,27134623.849999998
2025-08-01 09:51:59 AM,982.55,0,0.0,27134623.849999998
2025-08-01 09:52:02 AM,982.55,2,1965.1,27136588.95
2025-08-01 09:53:26 AM,982.2,0,0.0,27136588.95
2025-08-01 09:53:27 AM,982.2,53,52056.600000000006,27188645.55
2025-08-01 09:54:39 AM,982.15,0,0.0,27188645.55
2025-08-01 09:54:40 AM,982.15,5,4910.75,27193556.3
2025-08-01 09:54:48 AM,981.0,0,0.0,27193556.3
2025-08-01 09:54:51 AM,981.0,110,107910.0,27301466.3
2025-08-01 09:55:37 AM,981.1,0,0.0,27301466.3
2025-08-01 09:55:38 AM,981.1,96,94185.6,27395651.900000002
2025-08-01 09:56:51 AM,981.1,17,16678.7,27412330.6
2025-08-01 09:57:20 AM,981.7,0,0.0,27412330.6
2025-08-01 09:57:20 AM,981.7,1,981.7,27413312.3
2025-08-01 09:57:50 AM,982.05,101,99187.04999999999,27512499.35
2025-08-01 09:58:29 AM,981.0,0,0.0,27512499.35
2025-08-01 09:58:29 AM,981.0,145,142245.0,27654744.35
2025-08-01 09:58:57 AM,981.0,315,309015.0,27963759.35
2025-08-01 09:59:09 AM,981.15,44,43170.6,28006929.950000003
2025-08-01 09:59:28 AM,981.0,10,9810.0,28016739.950000003
2025-08-01 09:59:47 AM,981.0,5,4905.0,28021644.950000003
2025-08-01 10:00:01 AM,981.0,125,122625.0,28144269.950000003
2025-08-01 10:00:24 AM,981.3,63,61821.899999999994,28206091.85
2025-08-01 10:01:05 AM,981.3,1,981.3,28207073.150000002
2025-08-01 10:01:12 AM,981.3,58,56915.399999999994,28263988.55
2025-08-01 10:01:33 AM,981.5,0,0.0,28263988.55
2025-08-01 10:01:33 AM,981.5,21,20611.5,28284600.05
2025-08-01 10:01:36 AM,981.0,175,171675.0,28456275.05
2025-08-01 10:02:01 AM,981.0,100,98100.0,28554375.05
2025-08-01 10:03:04 AM,981.0,13,12753.0,28567128.05
2025-08-01 10:03:13 AM,981.3,0,0.0,28567128.05
2025-08-01 10:03:13 AM,981.3,39,38270.7,28605398.75
2025-08-01 10:03:24 AM,981.45,24,23554.800000000003,28628953.55
2025-08-01 10:03:30 AM,981.9,19,18656.1,28647609.650000002
2025-08-01 10:03:43 AM,981.55,2,1963.1,28649572.750000004
2025-08-01 10:04:39 AM,981.95,4,3927.8,28653500.550000004
2025-08-01 10:05:10 AM,982.9,100,98290.0,28751790.550000004
2025-08-01 10:05:26 AM,983.0,0,0.0,28751790.550000004
2025-08-01 10:05:29 AM,983.0,14,13762.0,28765552.550000004
2025-08-01 10:05:35 AM,983.0,7,6881.0,28772433.550000004
2025-08-01 10:05:47 AM,982.75,255,250601.25,29023034.800000004
2025-08-01 10:06:01 AM,982.15,1,982.15,29024016.950000003
2025-08-01 10:06:14 AM,981.95,0,0.0,29024016.950000003
2025-08-01 10:06:16 AM,981.75,50,49087.5,29073104.450000003
2025-08-01 10:06:28 AM,981.0,14,13734.0,29086838.450000003
2025-08-01 10:06:53 AM,981.6,50,49080.0,29135918.450000003
2025-08-01 10:06:55 AM,981.0,0,0.0,29135918.450000003
2025-08-01 10:06:55 AM,981.0,23,22563.0,29158481.450000003
2025-08-01 10:06:59 AM,981.0,32,31392.0,29189873.450000003
2025-08-01 10:07:20 AM,981.0,20,19620.0,29209493.450000003
2025-08-01 10:07:36 AM,981.0,22,21582.0,29231075.450000003
2025-08-01 10:07:55 AM,981.0,390,382590.0,29613665.450000003
2025-08-01 10:07:56 AM,981.7,78,76572.6,29690238.050000004
2025-08-01 10:08:09 AM,981.05,2,1962.1,29692200.150000006
2025-08-01 10:08:27 AM,982.0,0,0.0,29692200.150000006
2025-08-01 10:08:27 AM,982.0,27,26514.0,29718714.150000006
2025-08-01 10:08:35 AM,982.15,0,0.0,29718714.150000006
2025-08-01 10:08:38 AM,982.15,25,24553.75,29743267.900000006
2025-08-01 10:08:47 AM,981.4,0,0.0,29743267.900000006
2025-08-01 10:08:50 AM,981.4,40,39256.0,29782523.900000006
2025-08-01 10:09:38 AM,981.45,0,0.0,29782523.900000006
2025-08-01 10:09:38 AM,981.45,5,4907.25,29787431.150000006
2025-08-01 10:09:41 AM,982.0,0,0.0,29787431.150000006
2025-08-01 10:09:42 AM,982.0,10,9820.0,29797251.150000006
2025-08-01 10:10:03 AM,982.15,0,0.0,29797251.150000006
2025-08-01 10:10:05 AM,982.15,58,56964.7,29854215.850000005
2025-08-01 10:10:38 AM,982.5,0,0.0,29854215.850000005
2025-08-01 10:10:41 AM,982.5,5,4912.5,29859128.350000005
2025-08-01 10:11:32 AM,983.05,0,0.0,29859128.350000005
2025-08-01 10:11:33 AM,983.05,162,159254.1,30018382.450000007
2025-08-01 10:11:38 AM,983.15,0,0.0,30018382.450000007
2025-08-01 10:11:39 AM,983.15,1,983.15,30019365.600000005
2025-08-01 10:12:10 AM,984.65,15,14769.75,30034135.350000005
2025-08-01 10:12:59 AM,984.0,0,0.0,30034135.350000005
2025-08-01 10:13:01 AM,984.0,229,225336.0,30259471.350000005
2025-08-01 10:13:11 AM,983.25,0,0.0,30259471.350000005
2025-08-01 10:13:12 AM,983.25,10,9832.5,30269303.850000005
2025-08-01 10:13:36 AM,982.35,1,982.35,30270286.200000007
2025-08-01 10:13:37 AM,983.85,131,128884.35,30399170.55000001
2025-08-01 10:13:55 AM,983.3,3,2949.8999999999996,30402120.450000007
2025-08-01 10:13:56 AM,982.1,0,0.0,30402120.450000007
2025-08-01 10:14:00 AM,982.1,55,54015.5,30456135.950000007
2025-08-01 10:14:29 AM,981.8,0,0.0,30456135.950000007
2025-08-01 10:14:29 AM,981.8,8,7854.4,30463990.350000005
2025-08-01 10:16:03 AM,981.3,1,981.3,30464971.650000006
2025-08-01 10:16:49 AM,981.3,25,24532.5,30489504.150000006
2025-08-01 10:17:01 AM,982.15,0,0.0,30489504.150000006
2025-08-01 10:17:06 AM,982.15,1,982.15,30490486.300000004
2025-08-01 10:17:32 AM,982.0,0,0.0,30490486.300000004
2025-08-01 10:17:35 AM,982.0,5,4910.0,30495396.300000004
2025-08-01 10:18:26 AM,981.0,0,0.0,30495396.300000004
2025-08-01 10:18:27 AM,981.0,304,298224.0,30793620.300000004
2025-08-01 10:18:50 AM,982.05,0,0.0,30793620.300000004
2025-08-01 10:18:50 AM,982.1,12,11785.2,30805405.500000004
2025-08-01 10:18:54 AM,982.25,0,0.0,30805405.500000004
2025-08-01 10:18:56 AM,982.25,17,16698.25,30822103.750000004
2025-08-01 10:18:58 AM,982.45,0,0.0,30822103.750000004
2025-08-01 10:19:01 AM,982.5,12,11790.0,30833893.750000004
2025-08-01 10:19:02 AM,982.55,0,0.0,30833893.750000004
2025-08-01 10:19:03 AM,982.75,0,0.0,30833893.750000004
2025-08-01 10:19:07 AM,982.75,16,15724.0,30849617.750000004
2025-08-01 10:19:13 AM,982.75,8,7862.0,30857479.750000004
2025-08-01 10:19:19 AM,982.7,1,982.7,30858462.450000003
2025-08-01 10:19:42 AM,981.9,5,4909.5,30863371.950000003
2025-08-01 10:20:02 AM,982.05,0,0.0,30863371.950000003
2025-08-01 10:20:04 AM,982.05,5,4910.25,30868282.200000003
2025-08-01 10:20:32 AM,982.6,0,0.0,30868282.200000003
2025-08-01 10:20:32 AM,982.6,10,9826.0,30878108.200000003
2025-08-01 10:21:17 AM,981.8,0,0.0,30878108.200000003
2025-08-01 10:21:19 AM,981.8,5,4909.0,30883017.200000003
2025-08-01 10:22:33 AM,982.4,5,4912.0,30887929.200000003
2025-08-01 10:22:46 AM,981.85,2,1963.7,30889892.900000002
2025-08-01 10:24:43 AM,981.85,11,10800.35,30900693.250000004
2025-08-01 10:24:54 AM,982.35,0,0.0,30900693.250000004
2025-08-01 10:24:54 AM,982.35,22,21611.7,30922304.950000003
2025-08-01 10:24:56 AM,981.85,0,0.0,30922304.950000003
2025-08-01 10:24:57 AM,981.85,5,4909.25,30927214.200000003
2025-08-01 10:25:02 AM,982.45,0,0.0,30927214.200000003
2025-08-01 10:25:02 AM,982.45,5,4912.25,30932126.450000003
2025-08-01 10:25:35 AM,982.45,16,15719.2,30947845.650000002
2025-08-01 10:27:56 AM,982.55,0,0.0,30947845.650000002
2025-08-01 10:27:57 AM,982.5,0,0.0,30947845.650000002
2025-08-01 10:27:57 AM,982.5,251,246607.5,31194453.150000002
2025-08-01 10:28:00 AM,981.85,0,0.0,31194453.150000002
2025-08-01 10:28:02 AM,981.85,7,6872.95,31201326.1
2025-08-01 10:28:42 AM,981.1,0,0.0,31201326.1
2025-08-01 10:28:43 AM,981.1,115,112826.5,31314152.6
2025-08-01 10:28:45 AM,981.15,0,0.0,31314152.6
2025-08-01 10:28:46 AM,981.15,6,5886.9,31320039.5
2025-08-01 10:28:57 AM,981.75,0,0.0,31320039.5
2025-08-01 10:28:57 AM,981.75,5,4908.75,31324948.25
2025-08-01 10:29:36 AM,981.7,9,8835.300000000001,31333783.55
2025-08-01 10:30:10 AM,981.0,0,0.0,31333783.55
2025-08-01 10:30:10 AM,981.0,262,257022.0,31590805.55
2025-08-01 10:30:13 AM,981.15,0,0.0,31590805.55
2025-08-01 10:30:13 AM,981.15,179,175625.85,31766431.400000002
2025-08-01 10:30:16 AM,981.2,0,0.0,31766431.400000002
2025-08-01 10:30:16 AM,981.2,18,17661.600000000002,31784093.000000004
2025-08-01 10:30:43 AM,981.95,0,0.0,31784093.000000004
2025-08-01 10:30:44 AM,981.95,3,2945.8500000000004,31787038.850000005
2025-08-01 10:32:15 AM,982.0,0,0.0,31787038.850000005
2025-08-01 10:32:16 AM,982.0,51,50082.0,31837120.850000005
2025-08-01 10:32:19 AM,982.25,0,0.0,31837120.850000005
2025-08-01 10:32:19 AM,982.25,75,73668.75,31910789.600000005
2025-08-01 10:32:23 AM,981.95,0,0.0,31910789.600000005
2025-08-01 10:32:25 AM,981.95,2,1963.9,31912753.500000004
2025-08-01 10:32:47 AM,982.0,0,0.0,31912753.500000004
2025-08-01 10:32:47 AM,982.0,4,3928.0,31916681.500000004
2025-08-01 10:33:04 AM,981.85,453,444778.05,32361459.550000004
2025-08-01 10:33:05 AM,981.25,0,0.0,32361459.550000004
2025-08-01 10:33:06 AM,981.25,10,9812.5,32371272.050000004
2025-08-01 10:33:20 AM,981.2,0,0.0,32371272.050000004
2025-08-01 10:33:21 AM,981.2,2,1962.4,32373234.450000003
2025-08-01 10:33:48 AM,981.2,2,1962.4,32375196.85
2025-08-01 10:34:12 AM,981.2,2,1962.4,32377159.25
2025-08-01 10:34:34 AM,981.2,1,981.2,32378140.45
2025-08-01 10:34:39 AM,981.2,2,1962.4,32380102.849999998
2025-08-01 10:35:08 AM,981.2,2,1962.4,32382065.249999996
2025-08-01 10:35:30 AM,981.0,0,0.0,32382065.249999996
2025-08-01 10:35:30 AM,981.0,380,372780.0,32754845.249999996
2025-08-01 10:35:33 AM,981.0,172,168732.0,32923577.249999996
2025-08-01 10:35:42 AM,981.4,25,24535.0,32948112.249999996
2025-08-01 10:36:48 AM,981.0,0,0.0,32948112.249999996
2025-08-01 10:36:48 AM,981.0,1,981.0,32949093.249999996
2025-08-01 10:37:12 AM,981.0,2,1962.0,32951055.249999996
2025-08-01 10:37:23 AM,981.0,25,24525.0,32975580.249999996
2025-08-01 10:37:33 AM,981.35,0,0.0,32975580.249999996
2025-08-01 10:37:35 AM,981.7,62,60865.4,33036445.649999995
2025-08-01 10:38:23 AM,981.85,0,0.0,33036445.649999995
2025-08-01 10:38:25 AM,981.85,11,10800.35,33047245.999999996
2025-08-01 10:38:40 AM,981.1,10,9811.0,33057056.999999996
2025-08-01 10:38:48 AM,981.8,8,7854.4,33064911.399999995
2025-08-01 10:39:50 AM,981.1,1,981.1,33065892.499999996
2025-08-01 10:40:09 AM,981.55,10,9815.5,33075707.999999996
2025-08-01 10:41:12 AM,981.1,0,0.0,33075707.999999996
2025-08-01 10:41:13 AM,981.1,1,981.1,33076689.099999998
2025-08-01 10:41:38 AM,981.1,2,1962.2,33078651.299999997
2025-08-01 10:41:38 AM,982.35,0,0.0,33078651.299999997
2025-08-01 10:41:42 AM,982.35,200,196470.0,33275121.299999997
2025-08-01 10:42:36 AM,981.55,4,3926.2,33279047.499999996
2025-08-01 10:43:10 AM,981.55,25,24538.75,33303586.249999996
2025-08-01 10:43:23 AM,981.0,183,179523.0,33483109.249999996
2025-08-01 10:43:28 AM,981.2,0,0.0,33483109.249999996
2025-08-01 10:43:28 AM,981.2,7,6868.400000000001,33489977.649999995
2025-08-01 10:43:59 AM,981.0,5,4905.0,33494882.649999995
2025-08-01 10:44:46 AM,981.0,6,5886.0,33500768.649999995
2025-08-01 10:45:18 AM,981.0,10,9810.0,33510578.649999995
2025-08-01 10:45:26 AM,981.2,0,0.0,33510578.649999995
2025-08-01 10:45:27 AM,981.2,12,11774.400000000001,33522353.049999993
2025-08-01 10:45:34 AM,981.55,0,0.0,33522353.049999993
2025-08-01 10:45:35 AM,981.55,519,509424.44999999995,34031777.49999999
2025-08-01 10:45:53 AM,981.0,53,51993.0,34083770.49999999
2025-08-01 10:46:14 AM,981.0,260,255060.0,34338830.49999999
2025-08-01 10:46:19 AM,981.0,90,88290.0,34427120.49999999
2025-08-01 10:46:21 AM,981.0,160,156960.0,34584080.49999999
2025-08-01 10:46:40 AM,981.4,0,0.0,34584080.49999999
2025-08-01 10:46:42 AM,981.4,5,4907.0,34588987.49999999
2025-08-01 10:46:46 AM,981.0,0,0.0,34588987.49999999
2025-08-01 10:46:47 AM,981.0,5,4905.0,34593892.49999999
2025-08-01 10:46:53 AM,981.0,55,53955.0,34647847.49999999
2025-08-01 10:46:58 AM,981.75,303,297470.25,34945317.74999999
2025-08-01 10:46:59 AM,982.05,0,0.0,34945317.74999999
2025-08-01 10:47:00 AM,982.05,187,183643.35,35128961.099999994
2025-08-01 10:47:17 AM,982.2,0,0.0,35128961.099999994
2025-08-01 10:47:20 AM,982.2,165,162063.0,35291024.099999994
2025-08-01 10:47:30 AM,981.1,0,0.0,35291024.099999994
2025-08-01 10:47:30 AM,981.1,1,981.1,35292005.199999996
2025-08-01 10:47:32 AM,981.85,0,0.0,35292005.199999996
2025-08-01 10:47:33 AM,981.85,1,981.85,35292987.05
2025-08-01 10:47:36 AM,982.0,0,0.0,35292987.05
2025-08-01 10:47:36 AM,982.0,100,98200.0,35391187.05
2025-08-01 10:48:10 AM,981.0,61,59841.0,35451028.05
2025-08-01 10:48:16 AM,981.0,91,89271.0,35540299.05
2025-08-01 10:48:18 AM,981.55,0,0.0,35540299.05
2025-08-01 10:48:19 AM,981.55,3,2944.6499999999996,35543243.699999996
2025-08-01 10:48:41 AM,981.0,55,53955.0,35597198.699999996
2025-08-01 10:48:48 AM,981.0,10,9810.0,35607008.699999996
2025-08-01 10:48:52 AM,981.95,0,0.0,35607008.699999996
2025-08-01 10:48:52 AM,981.95,100,98195.0,35705203.699999996
2025-08-01 10:49:17 AM,981.5,0,0.0,35705203.699999996
2025-08-01 10:49:19 AM,981.0,263,258003.0,35963206.699999996
2025-08-01 10:49:21 AM,981.0,123,120663.0,36083869.699999996
2025-08-01 10:49:51 AM,981.0,193,189333.0,36273202.699999996
2025-08-01 10:50:24 AM,981.0,286,280566.0,36553768.699999996
2025-08-01 10:50:53 AM,981.0,179,175599.0,36729367.699999996
2025-08-01 10:51:10 AM,981.0,201,197181.0,36926548.699999996
2025-08-01 10:51:26 AM,981.0,172,168732.0,37095280.699999996
2025-08-01 10:51:49 AM,981.0,3,2943.0,37098223.699999996
2025-08-01 10:51:53 AM,981.0,54,52974.0,37151197.699999996
2025-08-01 10:52:10 AM,980.75,0,0.0,37151197.699999996
2025-08-01 10:52:15 AM,980.75,129,126516.75,37277714.449999996
2025-08-01 10:52:15 AM,980.75,28,27461.0,37305175.449999996
2025-08-01 10:52:16 AM,980.3,0,0.0,37305175.449999996
2025-08-01 10:52:20 AM,980.3,41,40192.299999999996,37345367.74999999
2025-08-01 10:52:26 AM,981.0,0,0.0,37345367.74999999
2025-08-01 10:52:26 AM,981.0,105,103005.0,37448372.74999999
2025-08-01 10:52:31 AM,981.5,438,429897.0,37878269.74999999
2025-08-01 10:53:04 AM,982.1,6,5892.6,37884162.349999994
2025-08-01 10:53:35 AM,982.1,35,34373.5,37918535.849999994
2025-08-01 10:53:40 AM,981.55,0,0.0,37918535.849999994
2025-08-01 10:53:40 AM,981.55,8,7852.4,37926388.24999999
2025-08-01 10:53:54 AM,982.1,0,0.0,37926388.24999999
2025-08-01 10:53:56 AM,981.2,0,0.0,37926388.24999999
2025-08-01 10:53:56 AM,981.2,63,61815.600000000006,37988203.849999994
2025-08-01 10:54:10 AM,981.7,0,0.0,37988203.849999994
2025-08-01 10:54:12 AM,981.7,4,3926.8,37992130.64999999
2025-08-01 10:54:29 AM,981.0,55,53955.0,38046085.64999999
2025-08-01 10:55:05 AM,981.0,215,210915.0,38257000.64999999
2025-08-01 10:55:10 AM,981.0,145,142245.0,38399245.64999999
2025-08-01 10:55:15 AM,981.0,143,140283.0,38539528.64999999
2025-08-01 10:55:38 AM,981.0,52,51012.0,38590540.64999999
2025-08-01 10:55:59 AM,981.0,10,9810.0,38600350.64999999
2025-08-01 10:56:09 AM,981.0,53,51993.0,38652343.64999999
2025-08-01 10:56:36 AM,981.15,2,1962.3,38654305.94999999
2025-08-01 10:56:38 AM,981.0,0,0.0,38654305.94999999
2025-08-01 10:56:41 AM,981.0,55,53955.0,38708260.94999999
2025-08-01 10:57:12 AM,981.0,55,53955.0,38762215.94999999
2025-08-01 10:57:24 AM,981.0,10,9810.0,38772025.94999999
2025-08-01 10:57:28 AM,981.15,0,0.0,38772025.94999999
2025-08-01 10:57:28 AM,981.15,11,10792.65,38782818.59999999
2025-08-01 10:57:42 AM,981.0,0,0.0,38782818.59999999
2025-08-01 10:57:45 AM,981.0,53,51993.0,38834811.59999999
2025-08-01 10:58:11 AM,981.0,5,4905.0,38839716.59999999
2025-08-01 10:58:28 AM,981.0,19,18639.0,38858355.59999999
2025-08-01 10:58:33 AM,981.15,1,981.15,38859336.749999985
2025-08-01 10:58:44 AM,981.0,0,0.0,38859336.749999985
2025-08-01 10:58:44 AM,981.0,8,7848.0,38867184.749999985
2025-08-01 10:58:46 AM,981.15,0,0.0,38867184.749999985
2025-08-01 10:58:49 AM,981.15,60,58869.0,38926053.749999985
2025-08-01 10:59:20 AM,981.0,0,0.0,38926053.749999985
2025-08-01 10:59:20 AM,981.0,549,538569.0,39464622.749999985
2025-08-01 10:59:25 AM,981.0,148,145188.0,39609810.749999985
2025-08-01 10:59:57 AM,981.0,61,59841.0,39669651.749999985
2025-08-01 11:00:10 AM,981.15,0,0.0,39669651.749999985
2025-08-01 11:00:15 AM,981.15,4,3924.6,39673576.34999999
2025-08-01 11:01:08 AM,981.15,54,52982.1,39726558.44999999
2025-08-01 11:01:27 AM,981.0,0,0.0,39726558.44999999
2025-08-01 11:01:29 AM,981.1,0,0.0,39726558.44999999
2025-08-01 11:01:30 AM,981.1,7,6867.7,39733426.14999999
2025-08-01 11:01:45 AM,981.0,0,0.0,39733426.14999999
2025-08-01 11:01:45 AM,981.0,639,626859.0,40360285.14999999
2025-08-01 11:01:47 AM,980.95,0,0.0,40360285.14999999
2025-08-01 11:01:49 AM,981.0,0,0.0,40360285.14999999
2025-08-01 11:01:50 AM,981.0,312,306072.0,40666357.14999999
2025-08-01 11:01:55 AM,980.65,0,0.0,40666357.14999999
2025-08-01 11:01:56 AM,980.65,1637,1605324.05,42271681.19999999
2025-08-01 11:01:59 AM,981.1,0,0.0,42271681.19999999
2025-08-01 11:02:01 AM,981.0,335,328635.0,42600316.19999999
2025-08-01 11:02:06 AM,981.0,193,189333.0,42789649.19999999
2025-08-01 11:02:11 AM,981.0,1161,1138941.0,43928590.19999999
2025-08-01 11:02:16 AM,981.0,387,379647.0,44308237.19999999
2025-08-01 11:02:19 AM,980.6,0,0.0,44308237.19999999
2025-08-01 11:02:22 AM,980.6,199,195139.4,44503376.59999999
2025-08-01 11:02:23 AM,980.35,8,7842.8,44511219.39999998
2025-08-01 11:02:23 AM,979.8,0,0.0,44511219.39999998
2025-08-01 11:02:28 AM,978.25,166,162389.5,44673608.89999998
2025-08-01 11:02:29 AM,977.95,13,12713.35,44686322.249999985
2025-08-01 11:02:29 AM,977.75,0,0.0,44686322.249999985
2025-08-01 11:02:31 AM,978.0,0,0.0,44686322.249999985
2025-08-01 11:02:33 AM,980.1,0,0.0,44686322.249999985
2025-08-01 11:02:34 AM,980.1,928,909532.8,45595855.04999998
2025-08-01 11:02:35 AM,979.55,0,0.0,45595855.04999998
2025-08-01 11:02:35 AM,979.55,12,11754.599999999999,45607609.64999998
2025-08-01 11:02:44 AM,979.55,98,95995.9,45703605.54999998
2025-08-01 11:03:05 AM,980.15,0,0.0,45703605.54999998
2025-08-01 11:03:05 AM,980.05,0,0.0,45703605.54999998
2025-08-01 11:03:05 AM,980.05,84,82324.2,45785929.749999985
2025-08-01 11:03:07 AM,979.95,151,147972.45,45933902.19999999
2025-08-01 11:03:09 AM,980.15,0,0.0,45933902.19999999
2025-08-01 11:03:10 AM,980.15,66,64689.9,45998592.09999999
2025-08-01 11:03:49 AM,980.0,0,0.0,45998592.09999999
2025-08-01 11:03:49 AM,980.0,123,120540.0,46119132.09999999
2025-08-01 11:03:55 AM,979.9,18,17638.2,46136770.29999999
2025-08-01 11:03:57 AM,979.8,0,0.0,46136770.29999999
2025-08-01 11:03:57 AM,979.8,1,979.8,46137750.09999999
2025-08-01 11:04:02 AM,979.55,10,9795.5,46147545.59999999
2025-08-01 11:04:08 AM,979.55,3,2938.6499999999996,46150484.249999985
2025-08-01 11:04:13 AM,978.95,0,0.0,46150484.249999985
2025-08-01 11:04:13 AM,978.95,39,38179.05,46188663.29999998
2025-08-01 11:04:15 AM,978.95,12,11747.400000000001,46200410.69999998
2025-08-01 11:04:23 AM,978.95,25,24473.75,46224884.44999998
2025-08-01 11:04:28 AM,978.95,2,1957.9,46226842.34999998
2025-08-01 11:04:35 AM,978.95,283,277042.85000000003,46503885.19999998
2025-08-01 11:04:36 AM,979.15,0,0.0,46503885.19999998
2025-08-01 11:04:38 AM,979.3,0,0.0,46503885.19999998
2025-08-01 11:04:38 AM,979.3,44,43089.2,46546974.39999998
2025-08-01 11:04:39 AM,978.95,0,0.0,46546974.39999998
2025-08-01 11:04:40 AM,978.95,76,74400.2,46621374.59999999
2025-08-01 11:05:00 AM,977.7,69,67461.3,46688835.89999998
2025-08-01 11:05:05 AM,977.05,331,323403.55,47012239.44999998
2025-08-01 11:05:06 AM,980.25,0,0.0,47012239.44999998
2025-08-01 11:05:07 AM,980.25,900,882225.0,47894464.44999998
2025-08-01 11:05:11 AM,978.5,480,469680.0,48364144.44999998
2025-08-01 11:05:13 AM,978.45,0,0.0,48364144.44999998
2025-08-01 11:05:16 AM,978.45,1,978.45,48365122.89999998
2025-08-01 11:05:36 AM,978.35,0,0.0,48365122.89999998
2025-08-01 11:05:37 AM,978.35,192,187843.2,48552966.09999999
2025-08-01 11:06:03 AM,978.8,0,0.0,48552966.09999999
2025-08-01 11:06:04 AM,978.8,118,115498.4,48668464.499999985
2025-08-01 11:06:16 AM,978.8,78,76346.4,48744810.89999998
2025-08-01 11:06:21 AM,978.8,20,19576.0,48764386.89999998
2025-08-01 11:06:23 AM,978.0,0,0.0,48764386.89999998
2025-08-01 11:06:27 AM,978.0,16,15648.0,48780034.89999998
2025-08-01 11:06:40 AM,979.0,94,92026.0,48872060.89999998
2025-08-01 11:06:41 AM,979.15,5,4895.75,48876956.64999998
2025-08-01 11:06:43 AM,980.0,0,0.0,48876956.64999998
2025-08-01 11:06:46 AM,980.0,88,86240.0,48963196.64999998
2025-08-01 11:06:57 AM,980.0,25,24500.0,48987696.64999998
2025-08-01 11:06:58 AM,980.45,0,0.0,48987696.64999998
2025-08-01 11:06:59 AM,980.45,11,10784.95,48998481.59999999
2025-08-01 11:06:59 AM,980.0,0,0.0,48998481.59999999
2025-08-01 11:07:02 AM,980.0,51,49980.0,49048461.59999999
2025-08-01 11:07:04 AM,980.5,17,16668.5,49065130.09999999
2025-08-01 11:07:05 AM,980.0,0,0.0,49065130.09999999
2025-08-01 11:07:08 AM,980.0,85,83300.0,49148430.09999999
2025-08-01 11:07:09 AM,979.4,0,0.0,49148430.09999999
2025-08-01 11:07:11 AM,980.0,0,0.0,49148430.09999999
2025-08-01 11:07:13 AM,980.0,99,97020.0,49245450.09999999
2025-08-01 11:07:14 AM,980.0,4,3920.0,49249370.09999999
2025-08-01 11:07:15 AM,979.85,0,0.0,49249370.09999999
2025-08-01 11:07:15 AM,980.25,0,0.0,49249370.09999999
2025-08-01 11:07:18 AM,980.25,2,1960.5,49251330.59999999
2025-08-01 11:07:19 AM,980.0,5,4900.0,49256230.59999999
2025-08-01 11:07:29 AM,980.25,0,0.0,49256230.59999999
2025-08-01 11:07:29 AM,980.2,8,7841.6,49264072.19999999
2025-08-01 11:07:30 AM,980.2,33,32346.600000000002,49296418.79999999
2025-08-01 11:07:31 AM,979.55,0,0.0,49296418.79999999
2025-08-01 11:07:34 AM,979.55,25,24488.75,49320907.54999999
2025-08-01 11:07:36 AM,980.05,55,53902.75,49374810.29999999
2025-08-01 11:07:39 AM,980.25,0,0.0,49374810.29999999
2025-08-01 11:07:40 AM,980.25,3,2940.75,49377751.04999999
2025-08-01 11:07:43 AM,980.0,0,0.0,49377751.04999999
2025-08-01 11:07:45 AM,980.0,26,25480.0,49403231.04999999
2025-08-01 11:07:51 AM,980.0,1,980.0,49404211.04999999
2025-08-01 11:07:55 AM,979.7,0,0.0,49404211.04999999
2025-08-01 11:07:56 AM,979.7,501,490829.7,49895040.74999999
2025-08-01 11:08:14 AM,979.7,105,102868.5,49997909.24999999
2025-08-01 11:08:38 AM,979.7,92,90132.40000000001,50088041.64999999
2025-08-01 11:08:48 AM,979.7,22,21553.4,50109595.04999999
2025-08-01 11:08:51 AM,979.7,6,5878.200000000001,50115473.24999999
2025-08-01 11:08:54 AM,978.75,28,27405.0,50142878.24999999
2025-08-01 11:08:55 AM,979.05,0,0.0,50142878.24999999
2025-08-01 11:08:56 AM,979.05,1,979.05,50143857.29999999
2025-08-01 11:08:57 AM,979.2,0,0.0,50143857.29999999
2025-08-01 11:08:58 AM,978.75,0,0.0,50143857.29999999
2025-08-01 11:08:59 AM,978.75,10,9787.5,50153644.79999999
2025-08-01 11:09:03 AM,978.7,0,0.0,50153644.79999999
2025-08-01 11:09:05 AM,978.7,2,1957.4,50155602.19999999
2025-08-01 11:09:09 AM,978.7,1,978.7,50156580.89999999
2025-08-01 11:09:10 AM,978.65,0,0.0,50156580.89999999
2025-08-01 11:09:11 AM,978.65,1,978.65,50157559.54999999
2025-08-01 11:09:16 AM,977.8,0,0.0,50157559.54999999
2025-08-01 11:09:17 AM,977.8,23,22489.399999999998,50180048.94999999
2025-08-01 11:09:22 AM,978.3,0,0.0,50180048.94999999
2025-08-01 11:09:23 AM,978.3,1,978.3,50181027.249999985
2025-08-01 11:09:25 AM,978.3,7,6848.099999999999,50187875.34999999
2025-08-01 11:09:28 AM,978.3,1,978.3,50188853.64999998
2025-08-01 11:09:31 AM,978.3,2,1956.6,50190810.249999985
2025-08-01 11:09:31 AM,977.55,0,0.0,50190810.249999985
2025-08-01 11:09:34 AM,977.8,37,36178.6,50226988.84999999
2025-08-01 11:09:34 AM,977.9,0,0.0,50226988.84999999
2025-08-01 11:09:36 AM,978.05,0,0.0,50226988.84999999
2025-08-01 11:09:36 AM,978.05,12,11736.599999999999,50238725.44999999
2025-08-01 11:09:38 AM,977.75,0,0.0,50238725.44999999
2025-08-01 11:09:39 AM,977.75,4,3911.0,50242636.44999999
2025-08-01 11:09:40 AM,977.8,0,0.0,50242636.44999999
2025-08-01 11:09:41 AM,977.8,2,1955.6,50244592.04999999
2025-08-01 11:09:48 AM,978.05,0,0.0,50244592.04999999
2025-08-01 11:09:50 AM,978.05,1,978.05,50245570.09999999
2025-08-01 11:10:02 AM,978.05,1,978.05,50246548.14999998
2025-08-01 11:10:02 AM,977.2,0,0.0,50246548.14999998
2025-08-01 11:10:04 AM,977.8,0,0.0,50246548.14999998
2025-08-01 11:10:06 AM,977.8,69,67468.2,50314016.34999999
2025-08-01 11:10:11 AM,977.8,20,19556.0,50333572.34999999
2025-08-01 11:10:14 AM,977.75,0,0.0,50333572.34999999
2025-08-01 11:10:16 AM,977.75,7,6844.25,50340416.59999999
2025-08-01 11:10:22 AM,977.9,3,2933.7,50343350.29999999
2025-08-01 11:10:26 AM,977.75,0,0.0,50343350.29999999
2025-08-01 11:10:27 AM,977.75,2,1955.5,50345305.79999999
2025-08-01 11:10:32 AM,977.75,1,977.75,50346283.54999999
2025-08-01 11:10:36 AM,977.0,0,0.0,50346283.54999999
2025-08-01 11:10:38 AM,977.0,54,52758.0,50399041.54999999
2025-08-01 11:10:39 AM,977.45,2,1954.9,50400996.44999999
2025-08-01 11:10:40 AM,977.35,0,0.0,50400996.44999999
2025-08-01 11:10:40 AM,977.0,0,0.0,50400996.44999999
2025-08-01 11:10:44 AM,977.0,255,249135.0,50650131.44999999
2025-08-01 11:10:44 AM,977.4,0,0.0,50650131.44999999
2025-08-01 11:10:44 AM,977.4,2,1954.8,50652086.249999985
2025-08-01 11:10:46 AM,977.35,0,0.0,50652086.249999985
2025-08-01 11:10:48 AM,977.2,0,0.0,50652086.249999985
2025-08-01 11:10:49 AM,977.2,110,107492.0,50759578.249999985
2025-08-01 11:10:50 AM,977.15,0,0.0,50759578.249999985
2025-08-01 11:10:50 AM,977.15,2,1954.3,50761532.54999998
2025-08-01 11:10:50 AM,976.35,0,0.0,50761532.54999998
2025-08-01 11:10:52 AM,976.85,0,0.0,50761532.54999998
2025-08-01 11:10:54 AM,976.75,0,0.0,50761532.54999998
2025-08-01 11:10:54 AM,976.75,28,27349.0,50788881.54999998
2025-08-01 11:10:55 AM,976.75,8,7814.0,50796695.54999998
2025-08-01 11:10:56 AM,976.5,0,0.0,50796695.54999998
2025-08-01 11:10:58 AM,976.65,0,0.0,50796695.54999998
2025-08-01 11:11:00 AM,976.65,2,1953.3,50798648.84999998
2025-08-01 11:11:01 AM,976.65,1,976.65,50799625.49999998
2025-08-01 11:11:04 AM,976.75,0,0.0,50799625.49999998
2025-08-01 11:11:06 AM,976.75,2,1953.5,50801578.99999998
2025-08-01 11:11:06 AM,975.55,26,25364.3,50826943.299999975
2025-08-01 11:11:18 AM,976.35,1,976.35,50827919.649999976
2025-08-01 11:11:22 AM,976.35,8,7810.8,50835730.44999997
2025-08-01 11:11:26 AM,975.2,0,0.0,50835730.44999997
2025-08-01 11:11:27 AM,975.2,26,25355.2,50861085.649999976
2025-08-01 11:11:30 AM,976.1,0,0.0,50861085.649999976
2025-08-01 11:11:33 AM,976.1,1,976.1,50862061.74999998
2025-08-01 11:11:36 AM,978.05,0,0.0,50862061.74999998
2025-08-01 11:11:38 AM,978.05,500,489025.0,51351086.74999998
2025-08-01 11:11:39 AM,976.65,5,4883.25,51355969.99999998
2025-08-01 11:11:44 AM,977.3,0,0.0,51355969.99999998
2025-08-01 11:11:44 AM,977.3,1,977.3,51356947.299999975
2025-08-01 11:11:45 AM,977.25,10,9772.5,51366719.799999975
2025-08-01 11:11:48 AM,976.85,0,0.0,51366719.799999975
2025-08-01 11:11:49 AM,976.85,149,145550.65,51512270.44999997
2025-08-01 11:11:50 AM,976.55,0,0.0,51512270.44999997
2025-08-01 11:11:54 AM,976.55,12,11718.599999999999,51523989.049999975
2025-08-01 11:11:56 AM,976.85,0,0.0,51523989.049999975
2025-08-01 11:11:58 AM,977.15,0,0.0,51523989.049999975
2025-08-01 11:11:59 AM,977.15,19,18565.85,51542554.899999976
2025-08-01 11:12:00 AM,977.15,2,1954.3,51544509.19999997
2025-08-01 11:12:00 AM,977.4,0,0.0,51544509.19999997
2025-08-01 11:12:02 AM,977.2,0,0.0,51544509.19999997
2025-08-01 11:12:05 AM,977.2,32,31270.4,51575779.59999997
2025-08-01 11:12:06 AM,976.7,0,0.0,51575779.59999997
2025-08-01 11:12:10 AM,977.15,9,8794.35,51584573.94999997
2025-08-01 11:12:12 AM,976.3,0,0.0,51584573.94999997
2025-08-01 11:12:14 AM,977.15,0,0.0,51584573.94999997
2025-08-01 11:12:14 AM,978.05,0,0.0,51584573.94999997
2025-08-01 11:12:15 AM,978.05,201,196588.05,51781161.99999997
2025-08-01 11:12:16 AM,977.4,9,8796.6,51789958.59999997
2025-08-01 11:12:22 AM,977.9,5,4889.5,51794848.09999997
2025-08-01 11:12:24 AM,977.95,0,0.0,51794848.09999997
2025-08-01 11:12:26 AM,977.95,12,11735.400000000001,51806583.49999997
2025-08-01 11:12:30 AM,978.05,0,0.0,51806583.49999997
2025-08-01 11:12:32 AM,978.05,3,2934.1499999999996,51809517.64999997
2025-08-01 11:12:32 AM,977.95,17,16625.15,51826142.79999997
2025-08-01 11:12:36 AM,977.85,0,0.0,51826142.79999997
2025-08-01 11:12:37 AM,977.85,34,33246.9,51859389.699999966
2025-08-01 11:12:42 AM,977.85,10,9778.5,51869168.199999966
2025-08-01 11:12:46 AM,978.0,0,0.0,51869168.199999966
2025-08-01 11:12:47 AM,978.05,49,47924.45,51917092.64999997
2025-08-01 11:12:50 AM,978.0,0,0.0,51917092.64999997
2025-08-01 11:12:52 AM,979.0,0,0.0,51917092.64999997
2025-08-01 11:12:52 AM,979.0,149,145871.0,52062963.64999997
2025-08-01 11:12:56 AM,980.0,0,0.0,52062963.64999997
2025-08-01 11:12:57 AM,980.0,218,213640.0,52276603.64999997
2025-08-01 11:12:58 AM,981.0,350,343350.0,52619953.64999997
2025-08-01 11:13:00 AM,979.85,0,0.0,52619953.64999997
2025-08-01 11:13:03 AM,979.85,309,302773.65,52922727.29999997
2025-08-01 11:13:12 AM,980.3,0,0.0,52922727.29999997
2025-08-01 11:13:14 AM,980.0,0,0.0,52922727.29999997
2025-08-01 11:13:14 AM,980.0,24,23520.0,52946247.29999997
2025-08-01 11:13:15 AM,980.0,21,20580.0,52966827.29999997
2025-08-01 11:13:16 AM,980.3,0,0.0,52966827.29999997
2025-08-01 11:13:18 AM,980.65,0,0.0,52966827.29999997
2025-08-01 11:13:20 AM,980.2,172,168594.4,53135421.699999966
2025-08-01 11:13:25 AM,980.2,50,49010.0,53184431.699999966
2025-08-01 11:13:26 AM,979.95,0,0.0,53184431.699999966
2025-08-01 11:13:27 AM,979.95,264,258706.80000000002,53443138.49999996
2025-08-01 11:13:34 AM,979.45,0,0.0,53443138.49999996
2025-08-01 11:13:36 AM,979.45,84,82273.8,53525412.29999996
2025-08-01 11:13:37 AM,979.7,0,0.0,53525412.29999996
2025-08-01 11:13:38 AM,979.0,239,233981.0,53759393.29999996
2025-08-01 11:13:39 AM,979.8,0,0.0,53759393.29999996
2025-08-01 11:13:41 AM,979.8,193,189101.4,53948494.69999996
2025-08-01 11:13:43 AM,979.65,0,0.0,53948494.69999996
2025-08-01 11:13:45 AM,979.85,0,0.0,53948494.69999996
2025-08-01 11:13:47 AM,979.65,64,62697.6,54011192.29999996
2025-08-01 11:13:51 AM,978.55,0,0.0,54011192.29999996
2025-08-01 11:13:51 AM,979.0,0,0.0,54011192.29999996
2025-08-01 11:13:52 AM,979.0,35,34265.0,54045457.29999996
2025-08-01 11:13:55 AM,979.6,0,0.0,54045457.29999996
2025-08-01 11:13:57 AM,979.6,12,11755.2,54057212.49999996
2025-08-01 11:14:03 AM,979.6,3,2938.8,54060151.29999996
2025-08-01 11:14:04 AM,979.45,2,1958.9,54062110.19999996
2025-08-01 11:14:08 AM,979.45,11,10773.95,54072884.14999996
2025-08-01 11:14:14 AM,978.7,44,43062.8,54115946.94999996
2025-08-01 11:14:17 AM,979.15,0,0.0,54115946.94999996
2025-08-01 11:14:19 AM,979.45,0,0.0,54115946.94999996
2025-08-01 11:14:19 AM,979.45,7,6856.150000000001,54122803.09999996
2025-08-01 11:14:20 AM,979.45,1,979.45,54123782.54999996
2025-08-01 11:14:23 AM,979.15,0,0.0,54123782.54999996
2025-08-01 11:14:24 AM,979.15,8,7833.2,54131615.74999996
2025-08-01 11:14:29 AM,978.3,0,0.0,54131615.74999996
2025-08-01 11:14:30 AM,979.05,22,21539.1,54153154.849999964
2025-08-01 11:14:35 AM,978.1,0,0.0,54153154.849999964
2025-08-01 11:14:35 AM,978.1,21,20540.100000000002,54173694.949999966
2025-08-01 11:14:37 AM,978.75,1,978.75,54174673.699999966
2025-08-01 11:14:40 AM,978.75,4,3915.0,54178588.699999966
2025-08-01 11:14:43 AM,979.0,0,0.0,54178588.699999966
2025-08-01 11:14:46 AM,979.0,3,2937.0,54181525.699999966
2025-08-01 11:14:47 AM,978.7,0,0.0,54181525.699999966
2025-08-01 11:14:47 AM,978.7,1,978.7,54182504.39999997
2025-08-01 11:14:52 AM,978.05,1,978.05,54183482.449999966
2025-08-01 11:14:55 AM,978.7,0,0.0,54183482.449999966
2025-08-01 11:14:57 AM,978.0,37,36186.0,54219668.449999966
2025-08-01 11:15:08 AM,978.5,1,978.5,54220646.949999966
2025-08-01 11:15:15 AM,978.0,0,0.0,54220646.949999966
2025-08-01 11:15:18 AM,978.0,27,26406.0,54247052.949999966
2025-08-01 11:15:19 AM,978.6,0,0.0,54247052.949999966
2025-08-01 11:15:19 AM,978.6,1,978.6,54248031.54999997
2025-08-01 11:15:21 AM,978.65,0,0.0,54248031.54999997
2025-08-01 11:15:23 AM,978.0,0,0.0,54248031.54999997
2025-08-01 11:15:23 AM,978.0,31,30318.0,54278349.54999997
2025-08-01 11:15:34 AM,978.45,1,978.45,54279327.99999997
2025-08-01 11:15:37 AM,978.0,0,0.0,54279327.99999997
2025-08-01 11:15:39 AM,978.0,10,9780.0,54289107.99999997
2025-08-01 11:15:41 AM,978.2,0,0.0,54289107.99999997
2025-08-01 11:15:43 AM,978.3,0,0.0,54289107.99999997
2025-08-01 11:15:45 AM,978.3,32,31305.6,54320413.59999997
2025-08-01 11:15:47 AM,978.4,0,0.0,54320413.59999997
2025-08-01 11:15:49 AM,978.5,0,0.0,54320413.59999997
2025-08-01 11:15:50 AM,978.5,2,1957.0,54322370.59999997
2025-08-01 11:15:50 AM,978.25,28,27391.0,54349761.59999997
2025-08-01 11:15:59 AM,978.45,0,0.0,54349761.59999997
2025-08-01 11:16:00 AM,978.45,1,978.45,54350740.049999975
2025-08-01 11:16:01 AM,978.45,7,6849.150000000001,54357589.19999997
2025-08-01 11:16:05 AM,978.45,1,978.45,54358567.649999976
2025-08-01 11:16:06 AM,978.45,3,2935.3500000000004,54361502.99999998
2025-08-01 11:16:11 AM,978.45,1,978.45,54362481.44999998
2025-08-01 11:16:16 AM,978.45,1,978.45,54363459.89999998
2025-08-01 11:16:27 AM,977.6,63,61588.8,54425048.69999998
2025-08-01 11:16:35 AM,977.7,0,0.0,54425048.69999998
2025-08-01 11:16:37 AM,977.75,0,0.0,54425048.69999998
2025-08-01 11:16:37 AM,977.75,17,16621.75,54441670.44999998
2025-08-01 11:16:38 AM,977.8,2,1955.6,54443626.04999998
2025-08-01 11:16:42 AM,977.8,3,2933.3999999999996,54446559.44999998
2025-08-01 11:16:45 AM,977.85,0,0.0,54446559.44999998
2025-08-01 11:16:47 AM,977.85,5,4889.25,54451448.69999998
2025-08-01 11:16:52 AM,977.85,2,1955.7,54453404.39999998
2025-08-01 11:16:57 AM,976.9,0,0.0,54453404.39999998
2025-08-01 11:16:58 AM,976.9,31,30283.899999999998,54483688.29999998
2025-08-01 11:17:03 AM,977.45,0,0.0,54483688.29999998
2025-08-01 11:17:03 AM,977.45,1,977.45,54484665.749999985
2025-08-01 11:17:05 AM,977.45,1,977.45,54485643.19999999
2025-08-01 11:17:09 AM,977.45,3,2932.3500000000004,54488575.54999999
2025-08-01 11:17:17 AM,977.8,0,0.0,54488575.54999999
2025-08-01 11:17:19 AM,977.85,0,0.0,54488575.54999999
2025-08-01 11:17:19 AM,977.85,8,7822.8,54496398.34999999
2025-08-01 11:17:25 AM,977.85,4,3911.4,54500309.749999985
2025-08-01 11:17:27 AM,977.4,0,0.0,54500309.749999985
2025-08-01 11:17:27 AM,977.4,48,46915.2,54547224.94999999
2025-08-01 11:17:30 AM,977.4,1,977.4,54548202.34999999
2025-08-01 11:17:32 AM,977.4,15,14661.0,54562863.34999999
2025-08-01 11:17:37 AM,977.4,5,4887.0,54567750.34999999
2025-08-01 11:17:41 AM,977.4,1,977.4,54568727.749999985
2025-08-01 11:17:43 AM,976.7,24,23440.800000000003,54592168.54999998
2025-08-01 11:17:48 AM,976.7,8,7813.6,54599982.14999998
2025-08-01 11:17:53 AM,976.7,2,1953.4,54601935.54999998
2025-08-01 11:17:55 AM,976.65,0,0.0,54601935.54999998
2025-08-01 11:17:57 AM,976.65,1,976.65,54602912.19999998
2025-08-01 11:17:58 AM,975.65,0,0.0,54602912.19999998
2025-08-01 11:17:58 AM,976.0,30,29280.0,54632192.19999998
2025-08-01 11:18:07 AM,976.4,0,0.0,54632192.19999998
2025-08-01 11:18:07 AM,976.4,363,354433.2,54986625.39999998
2025-08-01 11:18:09 AM,976.45,0,0.0,54986625.39999998
2025-08-01 11:18:09 AM,976.6,2,1953.2,54988578.59999999
2025-08-01 11:18:12 AM,976.25,0,0.0,54988578.59999999
2025-08-01 11:18:13 AM,976.45,40,39058.0,55027636.59999999
2025-08-01 11:18:20 AM,976.55,3,2929.6499999999996,55030566.249999985
2025-08-01 11:18:23 AM,976.3,0,0.0,55030566.249999985
2025-08-01 11:18:24 AM,976.3,90,87867.0,55118433.249999985
2025-08-01 11:18:27 AM,975.0,0,0.0,55118433.249999985
2025-08-01 11:18:29 AM,975.0,26,25350.0,55143783.249999985
2025-08-01 11:18:33 AM,975.7,0,0.0,55143783.249999985
2025-08-01 11:18:35 AM,977.4,0,0.0,55143783.249999985
2025-08-01 11:18:35 AM,977.4,332,324496.8,55468280.04999998
2025-08-01 11:18:36 AM,977.7,5,4888.5,55473168.54999998
2025-08-01 11:18:47 AM,977.85,1,977.85,55474146.39999998
2025-08-01 11:18:48 AM,977.85,2,1955.7,55476102.09999999
2025-08-01 11:18:51 AM,977.4,0,0.0,55476102.09999999
2025-08-01 11:18:53 AM,977.45,117,114361.65000000001,55590463.749999985
2025-08-01 11:18:57 AM,977.6,0,0.0,55590463.749999985
2025-08-01 11:18:59 AM,977.6,179,174990.4,55765454.14999998
2025-08-01 11:18:59 AM,977.6,1,977.6,55766431.749999985
2025-08-01 11:19:07 AM,977.5,0,0.0,55766431.749999985
2025-08-01 11:19:09 AM,977.65,0,0.0,55766431.749999985
2025-08-01 11:19:10 AM,977.65,47,45949.549999999996,55812381.29999998
2025-08-01 11:19:12 AM,977.8,0,0.0,55812381.29999998
2025-08-01 11:19:13 AM,979.1,0,0.0,55812381.29999998
2025-08-01 11:19:16 AM,979.1,471,461156.10000000003,56273537.39999998
2025-08-01 11:19:18 AM,980.0,0,0.0,56273537.39999998
2025-08-01 11:19:20 AM,981.0,0,0.0,56273537.39999998
2025-08-01 11:19:21 AM,980.45,186,182363.7,56455901.09999999
2025-08-01 11:19:22 AM,980.65,1,980.65,56456881.749999985
2025-08-01 11:19:22 AM,980.35,0,0.0,56456881.749999985
2025-08-01 11:19:24 AM,980.5,0,0.0,56456881.749999985
2025-08-01 11:19:25 AM,980.35,0,0.0,56456881.749999985
2025-08-01 11:19:26 AM,980.4,0,0.0,56456881.749999985
2025-08-01 11:19:26 AM,980.4,135,132354.0,56589235.749999985
2025-08-01 11:19:30 AM,980.0,0,0.0,56589235.749999985
2025-08-01 11:19:32 AM,980.0,133,130340.0,56719575.749999985
2025-08-01 11:19:35 AM,980.5,0,0.0,56719575.749999985
2025-08-01 11:19:36 AM,980.55,0,0.0,56719575.749999985
2025-08-01 11:19:37 AM,980.6,0,0.0,56719575.749999985
2025-08-01 11:19:37 AM,980.6,18,17650.8,56737226.54999998
2025-08-01 11:19:43 AM,980.6,6,5883.6,56743110.14999998
2025-08-01 11:19:48 AM,980.6,2,1961.2,56745071.34999999
2025-08-01 11:19:53 AM,980.6,2,1961.2,56747032.54999999
2025-08-01 11:20:04 AM,980.6,1,980.6,56748013.14999999
2025-08-01 11:20:05 AM,980.0,0,0.0,56748013.14999999
2025-08-01 11:20:09 AM,980.0,46,45080.0,56793093.14999999
2025-08-01 11:20:16 AM,980.55,0,0.0,56793093.14999999
2025-08-01 11:20:17 AM,980.6,0,0.0,56793093.14999999
2025-08-01 11:20:18 AM,980.3,0,0.0,56793093.14999999
2025-08-01 11:20:20 AM,980.3,54,52936.2,56846029.349999994
2025-08-01 11:20:28 AM,980.6,0,0.0,56846029.349999994
2025-08-01 11:20:30 AM,980.6,30,29418.0,56875447.349999994
2025-08-01 11:20:34 AM,980.0,0,0.0,56875447.349999994
2025-08-01 11:20:36 AM,980.0,61,59780.0,56935227.349999994
2025-08-01 11:20:41 AM,980.45,0,0.0,56935227.349999994
2025-08-01 11:20:41 AM,980.45,1,980.45,56936207.8
2025-08-01 11:20:44 AM,980.5,0,0.0,56936207.8
2025-08-01 11:20:46 AM,980.5,4,3922.0,56940129.8
2025-08-01 11:20:49 AM,980.0,0,0.0,56940129.8
2025-08-01 11:20:51 AM,980.0,26,25480.0,56965609.8
2025-08-01 11:20:52 AM,980.45,0,0.0,56965609.8
2025-08-01 11:20:54 AM,980.5,0,0.0,56965609.8
2025-08-01 11:20:56 AM,980.45,8,7843.6,56973453.4
2025-08-01 11:20:59 AM,980.5,0,0.0,56973453.4
2025-08-01 11:21:01 AM,980.5,6,5883.0,56979336.4
2025-08-01 11:21:07 AM,980.5,3,2941.5,56982277.9
2025-08-01 11:21:12 AM,980.5,1,980.5,56983258.4
2025-08-01 11:21:17 AM,980.5,1,980.5,56984238.9
2025-08-01 11:21:20 AM,980.45,0,0.0,56984238.9
2025-08-01 11:21:23 AM,980.45,1,980.45,56985219.35
2025-08-01 11:21:30 AM,980.0,0,0.0,56985219.35
2025-08-01 11:21:32 AM,980.45,0,0.0,56985219.35
2025-08-01 11:21:33 AM,980.45,160,156872.0,57142091.35
2025-08-01 11:21:36 AM,980.5,0,0.0,57142091.35
2025-08-01 11:21:38 AM,980.45,0,0.0,57142091.35
2025-08-01 11:21:38 AM,980.45,7,6863.150000000001,57148954.5
2025-08-01 11:21:42 AM,980.5,0,0.0,57148954.5
2025-08-01 11:21:43 AM,980.5,2,1961.0,57150915.5
2025-08-01 11:21:48 AM,980.5,30,29415.0,57180330.5
2025-08-01 11:21:53 AM,980.5,11,10785.5,57191116.0
2025-08-01 11:21:58 AM,980.5,5,4902.5,57196018.5
2025-08-01 11:22:04 AM,980.5,2,1961.0,57197979.5
2025-08-01 11:22:09 AM,980.5,1,980.5,57198960.0
2025-08-01 11:22:14 AM,980.0,0,0.0,57198960.0
2025-08-01 11:22:15 AM,980.0,6,5880.0,57204840.0
2025-08-01 11:22:20 AM,980.0,52,50960.0,57255800.0
2025-08-01 11:22:23 AM,980.05,0,0.0,57255800.0
2025-08-01 11:22:24 AM,980.5,0,0.0,57255800.0
2025-08-01 11:22:25 AM,980.5,28,27454.0,57283254.0
2025-08-01 11:22:30 AM,981.15,0,0.0,57283254.0
2025-08-01 11:22:31 AM,981.15,2968,2912053.1999999997,60195307.2
2025-08-01 11:22:33 AM,981.2,0,0.0,60195307.2
2025-08-01 11:22:36 AM,981.7,0,0.0,60195307.2
2025-08-01 11:22:36 AM,981.7,49,48103.3,60243410.5
2025-08-01 11:22:40 AM,980.6,0,0.0,60243410.5
2025-08-01 11:22:41 AM,980.6,7,6864.2,60250274.7
2025-08-01 11:22:49 AM,981.0,0,0.0,60250274.7
2025-08-01 11:22:52 AM,981.0,1,981.0,60251255.7
2025-08-01 11:22:57 AM,981.0,1,981.0,60252236.7
2025-08-01 11:23:02 AM,980.9,1,980.9,60253217.6
2025-08-01 11:23:05 AM,980.3,0,0.0,60253217.6
2025-08-01 11:23:06 AM,980.45,0,0.0,60253217.6
2025-08-01 11:23:07 AM,980.6,0,0.0,60253217.6
2025-08-01 11:23:07 AM,980.6,58,56874.8,60310092.4
2025-08-01 11:23:10 AM,980.4,0,0.0,60310092.4
2025-08-01 11:23:13 AM,980.4,17,16666.8,60326759.199999996
2025-08-01 11:23:15 AM,980.75,0,0.0,60326759.199999996
2025-08-01 11:23:18 AM,980.75,6,5884.5,60332643.699999996
2025-08-01 11:23:24 AM,980.75,2,1961.5,60334605.199999996
2025-08-01 11:23:24 AM,980.9,0,0.0,60334605.199999996
2025-08-01 11:23:26 AM,980.3,0,0.0,60334605.199999996
2025-08-01 11:23:28 AM,980.65,0,0.0,60334605.199999996
2025-08-01 11:23:29 AM,980.65,43,42167.95,60376773.15
2025-08-01 11:23:34 AM,980.65,16,15690.4,60392463.55
2025-08-01 11:23:39 AM,980.65,1,980.65,60393444.199999996
2025-08-01 11:23:40 AM,980.05,1,980.05,60394424.24999999
2025-08-01 11:23:40 AM,980.8,0,0.0,60394424.24999999
2025-08-01 11:23:44 AM,980.8,2,1961.6,60396385.849999994
2025-08-01 11:23:50 AM,980.85,0,0.0,60396385.849999994
2025-08-01 11:23:54 AM,979.75,80,78380.0,60474765.849999994
2025-08-01 11:23:58 AM,980.15,0,0.0,60474765.849999994
2025-08-01 11:23:59 AM,980.15,3,2940.45,60477706.3
2025-08-01 11:24:04 AM,980.15,2,1960.3,60479666.599999994
2025-08-01 11:24:06 AM,980.45,0,0.0,60479666.599999994
2025-08-01 11:24:09 AM,980.45,12,11765.400000000001,60491431.99999999
2025-08-01 11:24:10 AM,979.95,0,0.0,60491431.99999999
2025-08-01 11:24:14 AM,979.95,20,19599.0,60511030.99999999
2025-08-01 11:24:19 AM,980.4,0,0.0,60511030.99999999
2025-08-01 11:24:19 AM,980.4,7,6862.8,60517893.79999999
2025-08-01 11:24:25 AM,980.4,2,1960.8,60519854.59999999
2025-08-01 11:24:31 AM,980.4,1,980.4,60520834.999999985
2025-08-01 11:24:32 AM,980.45,0,0.0,60520834.999999985
2025-08-01 11:24:33 AM,979.6,0,0.0,60520834.999999985
2025-08-01 11:24:36 AM,979.6,50,48980.0,60569814.999999985
2025-08-01 11:24:40 AM,980.2,0,0.0,60569814.999999985
2025-08-01 11:24:41 AM,980.2,1,980.2,60570795.19999999
2025-08-01 11:24:44 AM,980.4,0,0.0,60570795.19999999
2025-08-01 11:24:46 AM,980.4,17,16666.8,60587461.999999985
2025-08-01 11:24:51 AM,980.4,6,5882.4,60593344.39999998
2025-08-01 11:24:57 AM,980.4,2,1960.8,60595305.19999998
2025-08-01 11:24:57 AM,979.75,35,34291.25,60629596.44999998
2025-08-01 11:25:00 AM,980.05,0,0.0,60629596.44999998
2025-08-01 11:25:02 AM,980.05,5,4900.25,60634496.69999998
2025-08-01 11:25:10 AM,980.35,0,0.0,60634496.69999998
2025-08-01 11:25:13 AM,980.35,3,2941.05,60637437.74999998
2025-08-01 11:25:14 AM,980.3,0,0.0,60637437.74999998
2025-08-01 11:25:15 AM,980.45,0,0.0,60637437.74999998
2025-08-01 11:25:16 AM,980.25,0,0.0,60637437.74999998
2025-08-01 11:25:18 AM,980.25,22,21565.5,60659003.24999998
2025-08-01 11:25:20 AM,980.0,0,0.0,60659003.24999998
2025-08-01 11:25:23 AM,979.8,292,286101.6,60945104.84999998
2025-08-01 11:25:28 AM,979.8,104,101899.2,61047004.04999998
2025-08-01 11:25:33 AM,979.85,0,0.0,61047004.04999998
2025-08-01 11:25:33 AM,979.8,29,28414.199999999997,61075418.249999985
2025-08-01 11:25:38 AM,979.8,8,7838.4,61083256.64999998
2025-08-01 11:25:44 AM,979.15,24,23499.6,61106756.249999985
2025-08-01 11:25:44 AM,979.2,0,0.0,61106756.249999985
2025-08-01 11:25:45 AM,979.2,1,979.2,61107735.44999999
2025-08-01 11:25:49 AM,979.6,0,0.0,61107735.44999999
2025-08-01 11:25:49 AM,979.6,6,5877.6,61113613.04999999
2025-08-01 11:25:56 AM,979.8,0,0.0,61113613.04999999
2025-08-01 11:25:59 AM,979.7,0,0.0,61113613.04999999
2025-08-01 11:25:59 AM,979.7,5,4898.5,61118511.54999999
2025-08-01 11:26:00 AM,979.4,0,0.0,61118511.54999999
2025-08-01 11:26:00 AM,979.4,3,2938.2,61121449.74999999
2025-08-01 11:26:02 AM,979.5,0,0.0,61121449.74999999
2025-08-01 11:26:04 AM,979.5,1,979.5,61122429.24999999
2025-08-01 11:26:05 AM,979.5,1,979.5,61123408.74999999
2025-08-01 11:26:06 AM,978.2,0,0.0,61123408.74999999
2025-08-01 11:26:10 AM,978.2,23,22498.600000000002,61145907.349999994
2025-08-01 11:26:13 AM,978.65,0,0.0,61145907.349999994
2025-08-01 11:26:14 AM,978.35,0,0.0,61145907.349999994
2025-08-01 11:26:15 AM,978.35,37,36198.950000000004,61182106.3
2025-08-01 11:26:20 AM,978.35,4,3913.4,61186019.699999996
2025-08-01 11:26:22 AM,978.6,0,0.0,61186019.699999996
2025-08-01 11:26:25 AM,978.6,3,2935.8,61188955.49999999
2025-08-01 11:26:26 AM,978.65,2,1957.3,61190912.79999999
2025-08-01 11:26:27 AM,978.6,0,0.0,61190912.79999999
2025-08-01 11:26:28 AM,977.85,0,0.0,61190912.79999999
2025-08-01 11:26:30 AM,978.6,0,0.0,61190912.79999999
2025-08-01 11:26:30 AM,978.6,35,34251.0,61225163.79999999
2025-08-01 11:26:34 AM,978.65,0,0.0,61225163.79999999
2025-08-01 11:26:35 AM,978.8,0,0.0,61225163.79999999
2025-08-01 11:26:35 AM,978.8,168,164438.4,61389602.19999999
2025-08-01 11:26:38 AM,978.95,0,0.0,61389602.19999999
2025-08-01 11:26:40 AM,978.95,3,2936.8500000000004,61392539.04999999
2025-08-01 11:26:42 AM,979.55,0,0.0,61392539.04999999
2025-08-01 11:26:44 AM,980.1,0,0.0,61392539.04999999
2025-08-01 11:26:45 AM,980.15,0,0.0,61392539.04999999
2025-08-01 11:26:45 AM,980.1,205,200920.5,61593459.54999999
2025-08-01 11:26:46 AM,979.75,0,0.0,61593459.54999999
2025-08-01 11:26:47 AM,979.75,6,5878.5,61599338.04999999
2025-08-01 11:26:50 AM,980.4,0,0.0,61599338.04999999
2025-08-01 11:26:50 AM,980.4,1,980.4,61600318.44999999
2025-08-01 11:26:52 AM,980.1,25,24502.5,61624820.94999999
2025-08-01 11:26:53 AM,980.05,0,0.0,61624820.94999999
2025-08-01 11:26:54 AM,980.4,0,0.0,61624820.94999999
2025-08-01 11:26:55 AM,980.4,51,50000.4,61674821.34999999
2025-08-01 11:26:58 AM,980.45,0,0.0,61674821.34999999
2025-08-01 11:27:00 AM,980.45,19,18628.55,61693449.89999998
2025-08-01 11:27:03 AM,980.2,0,0.0,61693449.89999998
2025-08-01 11:27:05 AM,980.45,3,2941.3500000000004,61696391.249999985
2025-08-01 11:27:07 AM,980.45,6,5882.700000000001,61702273.94999999
2025-08-01 11:27:11 AM,980.25,0,0.0,61702273.94999999
2025-08-01 11:27:12 AM,980.45,4,3921.8,61706195.749999985
2025-08-01 11:27:13 AM,978.35,0,0.0,61706195.749999985
2025-08-01 11:27:15 AM,980.4,0,0.0,61706195.749999985
2025-08-01 11:27:15 AM,980.4,502,492160.8,62198356.54999998
2025-08-01 11:27:18 AM,980.45,0,0.0,62198356.54999998
2025-08-01 11:27:19 AM,980.2,0,0.0,62198356.54999998
2025-08-01 11:27:20 AM,977.5,0,0.0,62198356.54999998
2025-08-01 11:27:21 AM,977.5,1222,1194505.0,63392861.54999998
2025-08-01 11:27:22 AM,980.3,0,0.0,63392861.54999998
2025-08-01 11:27:22 AM,980.3,1,980.3,63393841.84999998
2025-08-01 11:27:23 AM,980.35,0,0.0,63393841.84999998
2025-08-01 11:27:26 AM,980.35,350,343122.5,63736964.34999998
2025-08-01 11:27:27 AM,980.2,0,0.0,63736964.34999998
2025-08-01 11:27:27 AM,980.2,2,1960.4,63738924.74999998
2025-08-01 11:27:31 AM,980.45,0,0.0,63738924.74999998
2025-08-01 11:27:31 AM,980.45,2,1960.9,63740885.649999976
2025-08-01 11:27:32 AM,979.75,0,0.0,63740885.649999976
2025-08-01 11:27:33 AM,979.75,476,466361.0,64207246.649999976
2025-08-01 11:27:35 AM,980.4,0,0.0,64207246.649999976
2025-08-01 11:27:36 AM,980.4,1,980.4,64208227.049999975
2025-08-01 11:27:37 AM,979.9,0,0.0,64208227.049999975
2025-08-01 11:27:38 AM,979.9,163,159723.69999999998,64367950.74999998
2025-08-01 11:27:39 AM,980.2,0,0.0,64367950.74999998
2025-08-01 11:27:41 AM,980.2,1,980.2,64368930.94999998
2025-08-01 11:27:43 AM,980.6,6,5883.6,64374814.54999998
2025-08-01 11:27:44 AM,980.7,0,0.0,64374814.54999998
2025-08-01 11:27:45 AM,980.4,0,0.0,64374814.54999998
2025-08-01 11:27:47 AM,980.4,9,8823.6,64383638.14999998
2025-08-01 11:27:48 AM,980.75,0,0.0,64383638.14999998
2025-08-01 11:27:48 AM,980.75,1,980.75,64384618.89999998
2025-08-01 11:27:52 AM,980.85,1,980.85,64385599.749999985
2025-08-01 11:27:53 AM,980.85,14,13731.9,64399331.64999998
2025-08-01 11:27:55 AM,980.75,0,0.0,64399331.64999998
2025-08-01 11:27:57 AM,980.75,36,35307.0,64434638.64999998
2025-08-01 11:28:01 AM,980.85,0,0.0,64434638.64999998
2025-08-01 11:28:02 AM,980.85,1,980.85,64435619.499999985
2025-08-01 11:28:06 AM,979.2,0,0.0,64435619.499999985
2025-08-01 11:28:07 AM,979.2,510,499392.0,64935011.499999985
2025-08-01 11:28:08 AM,978.95,0,0.0,64935011.499999985
2025-08-01 11:28:09 AM,978.95,1,978.95,64935990.44999999
2025-08-01 11:28:09 AM,978.25,0,0.0,64935990.44999999
2025-08-01 11:28:10 AM,978.7,0,0.0,64935990.44999999
2025-08-01 11:28:12 AM,978.7,13,12723.1,64948713.54999999
2025-08-01 11:28:12 AM,978.85,0,0.0,64948713.54999999
2025-08-01 11:28:14 AM,978.85,1,978.85,64949692.39999999
2025-08-01 11:28:17 AM,978.95,0,0.0,64949692.39999999
2025-08-01 11:28:17 AM,978.8,167,163459.6,65113151.99999999
2025-08-01 11:28:21 AM,978.85,0,0.0,65113151.99999999
2025-08-01 11:28:23 AM,978.85,2,1957.7,65115109.699999996
2025-08-01 11:28:24 AM,979.0,0,0.0,65115109.699999996
2025-08-01 11:28:25 AM,979.0,233,228107.0,65343216.699999996
2025-08-01 11:28:28 AM,979.0,459,449361.0,65792577.699999996
2025-08-01 11:28:30 AM,978.95,160,156632.0,65949209.699999996
2025-08-01 11:28:31 AM,979.0,0,0.0,65949209.699999996
2025-08-01 11:28:33 AM,979.0,70,68530.0,66017739.699999996
2025-08-01 11:28:35 AM,979.0,127,124333.0,66142072.699999996
2025-08-01 11:28:36 AM,978.85,0,0.0,66142072.699999996
2025-08-01 11:28:37 AM,978.8,0,0.0,66142072.699999996
2025-08-01 11:28:38 AM,978.45,0,0.0,66142072.699999996
2025-08-01 11:28:38 AM,978.45,48,46965.600000000006,66189038.3
2025-08-01 11:28:39 AM,978.6,0,0.0,66189038.3
2025-08-01 11:28:40 AM,978.6,1,978.6,66190016.9
2025-08-01 11:28:41 AM,978.75,0,0.0,66190016.9
2025-08-01 11:28:43 AM,978.6,0,0.0,66190016.9
2025-08-01 11:28:43 AM,978.6,15,14679.0,66204695.9
2025-08-01 11:28:45 AM,978.7,0,0.0,66204695.9
2025-08-01 11:28:45 AM,978.4,4,3913.6,66208609.5
2025-08-01 11:28:47 AM,978.6,0,0.0,66208609.5
2025-08-01 11:28:48 AM,978.4,0,0.0,66208609.5
2025-08-01 11:28:48 AM,978.4,3,2935.2,66211544.7
2025-08-01 11:28:49 AM,978.55,0,0.0,66211544.7
2025-08-01 11:28:50 AM,978.55,1,978.55,66212523.25
2025-08-01 11:28:51 AM,978.05,0,0.0,66212523.25
2025-08-01 11:28:53 AM,978.3,0,0.0,66212523.25
2025-08-01 11:28:53 AM,978.3,3,2934.8999999999996,66215458.15
2025-08-01 11:28:57 AM,978.25,0,0.0,66215458.15
2025-08-01 11:28:58 AM,977.9,2,1955.8,66217413.949999996
2025-08-01 11:29:00 AM,978.25,1,978.25,66218392.199999996
2025-08-01 11:29:02 AM,977.9,2,1955.8,66220347.99999999
2025-08-01 11:29:05 AM,978.05,1,978.05,66221326.04999999
2025-08-01 11:29:07 AM,977.5,125,122187.5,66343513.54999999
2025-08-01 11:29:08 AM,978.35,575,562551.25,66906064.79999999
2025-08-01 11:29:09 AM,978.25,0,0.0,66906064.79999999
2025-08-01 11:29:09 AM,978.25,1,978.25,66907043.04999999
2025-08-01 11:29:10 AM,978.1,1,978.1,66908021.14999999
2025-08-01 11:29:13 AM,978.1,22,21518.2,66929539.349999994
2025-08-01 11:29:13 AM,978.25,0,0.0,66929539.349999994
2025-08-01 11:29:13 AM,978.25,1,978.25,66930517.599999994
2025-08-01 11:29:14 AM,978.45,1,978.45,66931496.05
2025-08-01 11:29:17 AM,978.45,1,978.45,66932474.5
2025-08-01 11:29:18 AM,978.5,11,10763.5,66943238.0
2025-08-01 11:29:19 AM,978.5,2,1957.0,66945195.0
2025-08-01 11:29:20 AM,978.45,0,0.0,66945195.0
2025-08-01 11:29:20 AM,978.45,197,192754.65000000002,67137949.65
2025-08-01 11:29:21 AM,978.4,1,978.4,67138928.05000001
2025-08-01 11:29:23 AM,977.95,25,24448.75,67163376.80000001
2025-08-01 11:29:24 AM,978.2,0,0.0,67163376.80000001
2025-08-01 11:29:24 AM,978.3,0,0.0,67163376.80000001
2025-08-01 11:29:24 AM,978.3,3,2934.8999999999996,67166311.70000002
2025-08-01 11:29:26 AM,978.4,0,0.0,67166311.70000002
2025-08-01 11:29:26 AM,978.4,2,1956.8,67168268.50000001
2025-08-01 11:29:28 AM,978.4,2,1956.8,67170225.30000001
2025-08-01 11:29:29 AM,978.5,2,1957.0,67172182.30000001
2025-08-01 11:29:30 AM,978.45,0,0.0,67172182.30000001
2025-08-01 11:29:30 AM,978.35,61,59679.35,67231861.65
2025-08-01 11:29:33 AM,978.5,1,978.5,67232840.15
2025-08-01 11:29:36 AM,978.5,6,5871.0,67238711.15
2025-08-01 11:29:38 AM,978.5,1,978.5,67239689.65
2025-08-01 11:29:39 AM,978.5,1,978.5,67240668.15
2025-08-01 11:29:39 AM,978.5,2,1957.0,67242625.15
2025-08-01 11:29:42 AM,978.5,3,2935.5,67245560.65
2025-08-01 11:29:44 AM,978.5,1,978.5,67246539.15
2025-08-01 11:29:46 AM,978.5,1,978.5,67247517.65
2025-08-01 11:29:47 AM,978.5,1,978.5,67248496.15
2025-08-01 11:29:50 AM,978.5,1,978.5,67249474.65
2025-08-01 11:29:51 AM,978.45,0,0.0,67249474.65
2025-08-01 11:29:51 AM,978.45,1,978.45,67250453.10000001
2025-08-01 11:29:52 AM,978.5,0,0.0,67250453.10000001
2025-08-01 11:29:52 AM,978.5,1,978.5,67251431.60000001
2025-08-01 11:29:54 AM,978.5,1,978.5,67252410.10000001
2025-08-01 11:29:56 AM,978.5,1,978.5,67253388.60000001
2025-08-01 11:29:58 AM,978.5,1,978.5,67254367.10000001
2025-08-01 11:30:03 AM,978.5,2,1957.0,67256324.10000001
2025-08-01 11:30:06 AM,978.5,1,978.5,67257302.60000001
2025-08-01 11:30:08 AM,978.5,2,1957.0,67259259.60000001
2025-08-01 11:30:12 AM,978.5,1,978.5,67260238.10000001
2025-08-01 11:30:14 AM,978.5,2,1957.0,67262195.10000001
2025-08-01 11:30:17 AM,978.5,2,1957.0,67264152.10000001
2025-08-01 11:30:19 AM,978.5,2,1957.0,67266109.10000001
2025-08-01 11:30:24 AM,978.5,2,1957.0,67268066.10000001
2025-08-01 11:30:27 AM,978.5,3,2935.5,67271001.60000001
2025-08-01 11:30:29 AM,978.65,0,0.0,67271001.60000001
2025-08-01 11:30:29 AM,978.65,146,142882.9,67413884.50000001
2025-08-01 11:30:31 AM,979.0,0,0.0,67413884.50000001
2025-08-01 11:30:32 AM,979.0,252,246708.0,67660592.50000001
2025-08-01 11:30:37 AM,979.0,109,106711.0,67767303.50000001
2025-08-01 11:30:39 AM,979.0,1,979.0,67768282.50000001
2025-08-01 11:30:44 AM,979.0,18,17622.0,67785904.50000001
2025-08-01 11:30:49 AM,979.0,6,5874.0,67791778.50000001
2025-08-01 11:30:51 AM,979.0,1,979.0,67792757.50000001
2025-08-01 11:30:54 AM,979.0,3,2937.0,67795694.50000001
2025-08-01 11:30:56 AM,979.0,3,2937.0,67798631.50000001
2025-08-01 11:30:59 AM,979.0,1,979.0,67799610.50000001
2025-08-01 11:31:01 AM,979.0,4,3916.0,67803526.50000001
2025-08-01 11:31:04 AM,979.0,2,1958.0,67805484.50000001
2025-08-01 11:31:09 AM,978.8,0,0.0,67805484.50000001
2025-08-01 11:31:10 AM,978.8,62,60685.6,67866170.10000001
2025-08-01 11:31:11 AM,979.0,0,0.0,67866170.10000001
2025-08-01 11:31:12 AM,979.0,209,204611.0,68070781.10000001
2025-08-01 11:31:15 AM,979.0,21,20559.0,68091340.10000001
2025-08-01 11:31:17 AM,979.0,303,296637.0,68387977.10000001
2025-08-01 11:31:20 AM,979.0,33,32307.0,68420284.10000001
2025-08-01 11:31:21 AM,978.95,0,0.0,68420284.10000001
2025-08-01 11:31:22 AM,978.95,3,2936.8500000000004,68423220.95
2025-08-01 11:31:25 AM,979.0,0,0.0,68423220.95
2025-08-01 11:31:25 AM,979.0,22,21538.0,68444758.95
2025-08-01 11:31:27 AM,979.0,11,10769.0,68455527.95
2025-08-01 11:31:29 AM,978.95,0,0.0,68455527.95
2025-08-01 11:31:30 AM,978.95,3,2936.8500000000004,68458464.8
2025-08-01 11:31:33 AM,978.85,0,0.0,68458464.8
2025-08-01 11:31:36 AM,978.85,3,2936.55,68461401.35
2025-08-01 11:31:37 AM,978.85,2,1957.7,68463359.05
2025-08-01 11:31:41 AM,978.85,1508,1476105.8,69939464.85
2025-08-01 11:31:45 AM,978.85,1,978.85,69940443.69999999
2025-08-01 11:31:47 AM,978.85,52,50900.200000000004,69991343.89999999
2025-08-01 11:31:49 AM,978.95,0,0.0,69991343.89999999
2025-08-01 11:31:50 AM,978.95,1,978.95,69992322.85
2025-08-01 11:31:54 AM,979.0,0,0.0,69992322.85
2025-08-01 11:31:55 AM,979.0,2,1958.0,69994280.85
2025-08-01 11:31:57 AM,979.0,397,388663.0,70382943.85
2025-08-01 11:31:57 AM,979.1,0,0.0,70382943.85
2025-08-01 11:31:58 AM,979.0,0,0.0,70382943.85
2025-08-01 11:32:00 AM,979.0,203,198737.0,70581680.85
2025-08-01 11:32:02 AM,979.0,1,979.0,70582659.85
2025-08-01 11:32:06 AM,979.0,68,66572.0,70649231.85
2025-08-01 11:32:11 AM,979.0,25,24475.0,70673706.85
2025-08-01 11:32:13 AM,978.95,0,0.0,70673706.85
2025-08-01 11:32:13 AM,978.95,8,7831.6,70681538.44999999
2025-08-01 11:32:16 AM,979.0,0,0.0,70681538.44999999
2025-08-01 11:32:17 AM,979.0,2,1958.0,70683496.44999999
2025-08-01 11:32:19 AM,979.0,4,3916.0,70687412.44999999
2025-08-01 11:32:22 AM,979.0,2,1958.0,70689370.44999999
2025-08-01 11:32:24 AM,979.0,2,1958.0,70691328.44999999
2025-08-01 11:32:27 AM,979.0,2,1958.0,70693286.44999999
2025-08-01 11:32:29 AM,978.9,2,1957.8,70695244.24999999
2025-08-01 11:32:30 AM,979.0,0,0.0,70695244.24999999
2025-08-01 11:32:32 AM,979.0,1,979.0,70696223.24999999
2025-08-01 11:32:34 AM,979.0,1,979.0,70697202.24999999
2025-08-01 11:32:37 AM,979.0,1,979.0,70698181.24999999
2025-08-01 11:32:39 AM,979.0,2,1958.0,70700139.24999999
2025-08-01 11:32:43 AM,979.0,1,979.0,70701118.24999999
2025-08-01 11:32:44 AM,979.0,1,979.0,70702097.24999999
2025-08-01 11:32:48 AM,979.0,1,979.0,70703076.24999999
2025-08-01 11:32:49 AM,979.0,1,979.0,70704055.24999999
2025-08-01 11:32:53 AM,979.0,2,1958.0,70706013.24999999
2025-08-01 11:32:54 AM,979.0,1,979.0,70706992.24999999
2025-08-01 11:32:58 AM,979.0,2,1958.0,70708950.24999999
2025-08-01 11:33:04 AM,979.0,4,3916.0,70712866.24999999
2025-08-01 11:33:09 AM,979.0,2,1958.0,70714824.24999999
2025-08-01 11:33:14 AM,979.0,2,1958.0,70716782.24999999
2025-08-01 11:33:15 AM,979.0,1,979.0,70717761.24999999
2025-08-01 11:33:19 AM,978.95,64,62652.8,70780414.04999998
2025-08-01 11:33:24 AM,978.95,21,20557.95,70800971.99999999
2025-08-01 11:33:25 AM,979.0,2,1958.0,70802929.99999999
2025-08-01 11:33:29 AM,979.0,8,7832.0,70810761.99999999
2025-08-01 11:33:30 AM,978.95,1,978.95,70811740.94999999
2025-08-01 11:33:31 AM,979.0,0,0.0,70811740.94999999
2025-08-01 11:33:34 AM,979.0,4,3916.0,70815656.94999999
2025-08-01 11:33:35 AM,979.0,2,1958.0,70817614.94999999
2025-08-01 11:33:39 AM,978.95,0,0.0,70817614.94999999
2025-08-01 11:33:39 AM,978.95,2,1957.9,70819572.85
2025-08-01 11:33:43 AM,979.0,0,0.0,70819572.85
2025-08-01 11:33:44 AM,979.0,3,2937.0,70822509.85
2025-08-01 11:33:45 AM,979.0,1,979.0,70823488.85
2025-08-01 11:33:50 AM,978.95,3,2936.8500000000004,70826425.69999999
2025-08-01 11:33:51 AM,978.75,0,0.0,70826425.69999999
2025-08-01 11:33:53 AM,978.95,0,0.0,70826425.69999999
2025-08-01 11:33:55 AM,979.0,56,54824.0,70881249.69999999
2025-08-01 11:34:00 AM,979.0,19,18601.0,70899850.69999999
2025-08-01 11:34:05 AM,978.95,8,7831.6,70907682.29999998
2025-08-01 11:34:08 AM,979.0,0,0.0,70907682.29999998
2025-08-01 11:34:10 AM,979.0,3,2937.0,70910619.29999998
2025-08-01 11:34:13 AM,978.95,0,0.0,70910619.29999998
2025-08-01 11:34:15 AM,978.95,3,2936.8500000000004,70913556.14999998
2025-08-01 11:34:17 AM,979.0,0,0.0,70913556.14999998
2025-08-01 11:34:20 AM,979.0,2,1958.0,70915514.14999998
2025-08-01 11:34:25 AM,978.95,0,0.0,70915514.14999998
2025-08-01 11:34:25 AM,978.95,3,2936.8500000000004,70918450.99999997
2025-08-01 11:34:27 AM,978.9,0,0.0,70918450.99999997
2025-08-01 11:34:29 AM,979.0,0,0.0,70918450.99999997
2025-08-01 11:34:30 AM,979.0,3,2937.0,70921387.99999997
2025-08-01 11:34:33 AM,978.95,0,0.0,70921387.99999997
2025-08-01 11:34:34 AM,978.5,0,0.0,70921387.99999997
2025-08-01 11:34:35 AM,978.5,61,59688.5,70981076.49999997
2025-08-01 11:34:37 AM,978.95,0,0.0,70981076.49999997
2025-08-01 11:34:41 AM,978.95,21,20557.95,71001634.44999997
2025-08-01 11:34:41 AM,978.95,1,978.95,71002613.39999998
2025-08-01 11:34:46 AM,979.0,0,0.0,71002613.39999998
2025-08-01 11:34:46 AM,979.0,4,3916.0,71006529.39999998
2025-08-01 11:34:50 AM,978.95,0,0.0,71006529.39999998
2025-08-01 11:34:51 AM,978.95,9,8810.550000000001,71015339.94999997
2025-08-01 11:34:54 AM,979.0,0,0.0,71015339.94999997
2025-08-01 11:34:57 AM,979.0,3,2937.0,71018276.94999997
2025-08-01 11:34:58 AM,978.95,0,0.0,71018276.94999997
2025-08-01 11:35:02 AM,978.95,4,3915.8,71022192.74999997
2025-08-01 11:35:07 AM,978.95,2,1957.9,71024150.64999998
2025-08-01 11:35:12 AM,978.9,0,0.0,71024150.64999998
2025-08-01 11:35:12 AM,978.9,3,2936.7,71027087.34999998
2025-08-01 11:35:18 AM,978.5,385,376722.5,71403809.84999998
2025-08-01 11:35:23 AM,978.65,830,812279.5,72216089.34999998
2025-08-01 11:35:25 AM,978.75,0,0.0,72216089.34999998
2025-08-01 11:35:29 AM,978.8,461,451226.8,72667316.14999998
2025-08-01 11:35:31 AM,979.0,0,0.0,72667316.14999998
2025-08-01 11:35:34 AM,979.15,2790,2731828.5,75399144.64999998
2025-08-01 11:35:34 AM,979.0,73,71467.0,75470611.64999998
2025-08-01 11:35:39 AM,979.0,363,355377.0,75825988.64999998
2025-08-01 11:35:44 AM,979.0,38,37202.0,75863190.64999998
2025-08-01 11:35:50 AM,979.0,8,7832.0,75871022.64999998
2025-08-01 11:35:50 AM,979.0,7,6853.0,75877875.64999998
2025-08-01 11:35:51 AM,978.85,0,0.0,75877875.64999998
2025-08-01 11:35:53 AM,979.0,0,0.0,75877875.64999998
2025-08-01 11:35:54 AM,979.0,888,869352.0,76747227.64999998
2025-08-01 11:35:55 AM,979.0,2,1958.0,76749185.64999998
2025-08-01 11:36:00 AM,979.0,109,106711.0,76855896.64999998
2025-08-01 11:36:01 AM,979.0,3,2937.0,76858833.64999998
2025-08-01 11:36:03 AM,979.0,1,979.0,76859812.64999998
2025-08-01 11:36:04 AM,979.0,1,979.0,76860791.64999998
2025-08-01 11:36:06 AM,979.0,1,979.0,76861770.64999998
2025-08-01 11:36:08 AM,979.0,1,979.0,76862749.64999998
2025-08-01 11:36:13 AM,979.0,1,979.0,76863728.64999998
2025-08-01 11:36:16 AM,979.0,1,979.0,76864707.64999998
2025-08-01 11:36:29 AM,979.0,1,979.0,76865686.64999998
2025-08-01 11:36:34 AM,979.0,1,979.0,76866665.64999998
2025-08-01 11:36:35 AM,979.0,1,979.0,76867644.64999998
2025-08-01 11:36:42 AM,979.0,1,979.0,76868623.64999998
2025-08-01 11:36:46 AM,979.0,1,979.0,76869602.64999998
2025-08-01 11:36:54 AM,979.0,1,979.0,76870581.64999998
2025-08-01 11:37:07 AM,978.95,0,0.0,76870581.64999998
2025-08-01 11:37:07 AM,978.95,58,56779.100000000006,76927360.74999997
2025-08-01 11:37:13 AM,978.75,27,26426.25,76953786.99999997
2025-08-01 11:37:14 AM,978.7,0,0.0,76953786.99999997
2025-08-01 11:37:17 AM,978.9,0,0.0,76953786.99999997
2025-08-01 11:37:18 AM,978.9,3,2936.7,76956723.69999997
2025-08-01 11:37:20 AM,978.85,0,0.0,76956723.69999997
2025-08-01 11:37:23 AM,978.85,2,1957.7,76958681.39999998
2025-08-01 11:37:29 AM,978.85,1,978.85,76959660.24999997
2025-08-01 11:37:33 AM,978.9,0,0.0,76959660.24999997
2025-08-01 11:37:34 AM,978.9,1,978.9,76960639.14999998
2025-08-01 11:37:39 AM,978.9,1,978.9,76961618.04999998
2025-08-01 11:37:42 AM,978.5,0,0.0,76961618.04999998
2025-08-01 11:37:44 AM,978.5,1,978.5,76962596.54999998
2025-08-01 11:37:46 AM,978.9,0,0.0,76962596.54999998
2025-08-01 11:37:48 AM,978.5,0,0.0,76962596.54999998
2025-08-01 11:37:49 AM,978.5,1492,1459922.0,78422518.54999998
2025-08-01 11:37:50 AM,977.95,0,0.0,78422518.54999998
2025-08-01 11:37:51 AM,978.1,0,0.0,78422518.54999998
2025-08-01 11:37:54 AM,978.1,76,74335.6,78496854.14999998
2025-08-01 11:37:59 AM,978.2,0,0.0,78496854.14999998
2025-08-01 11:37:59 AM,978.2,1,978.2,78497832.34999998
2025-08-01 11:38:00 AM,978.25,1,978.25,78498810.59999998
2025-08-01 11:38:03 AM,978.2,0,0.0,78498810.59999998
2025-08-01 11:38:04 AM,978.2,449,439211.80000000005,78938022.39999998
2025-08-01 11:38:09 AM,978.3,0,0.0,78938022.39999998
2025-08-01 11:38:09 AM,978.3,53,51849.899999999994,78989872.29999998
2025-08-01 11:38:14 AM,978.4,0,0.0,78989872.29999998
2025-08-01 11:38:14 AM,978.4,9,8805.6,78998677.89999998
2025-08-01 11:38:15 AM,978.3,0,0.0,78998677.89999998
2025-08-01 11:38:19 AM,978.3,4,3913.2,79002591.09999998
2025-08-01 11:38:24 AM,978.45,0,0.0,79002591.09999998
2025-08-01 11:38:24 AM,978.45,1,978.45,79003569.54999998
2025-08-01 11:38:25 AM,978.4,0,0.0,79003569.54999998
2025-08-01 11:38:25 AM,978.4,1,978.4,79004547.94999999
2025-08-01 11:38:29 AM,978.4,1,978.4,79005526.35
2025-08-01 11:38:34 AM,978.4,96,93926.4,79099452.75
2025-08-01 11:38:37 AM,978.2,0,0.0,79099452.75
2025-08-01 11:38:39 AM,978.2,3,2934.6000000000004,79102387.35
2025-08-01 11:38:43 AM,978.1,0,0.0,79102387.35
2025-08-01 11:38:45 AM,978.25,36,35217.0,79137604.35
2025-08-01 11:38:50 AM,978.35,1,978.35,79138582.69999999
2025-08-01 11:38:54 AM,977.95,0,0.0,79138582.69999999
2025-08-01 11:38:55 AM,977.95,10,9779.5,79148362.19999999
2025-08-01 11:38:56 AM,977.95,2,1955.9,79150318.1
2025-08-01 11:39:03 AM,978.05,0,0.0,79150318.1
2025-08-01 11:39:05 AM,978.05,2,1956.1,79152274.19999999
2025-08-01 11:39:15 AM,978.1,0,0.0,79152274.19999999
2025-08-01 11:39:16 AM,977.5,63,61582.5,79213856.69999999
2025-08-01 11:39:17 AM,977.95,0,0.0,79213856.69999999
2025-08-01 11:39:20 AM,977.95,4,3911.8,79217768.49999999
2025-08-01 11:39:25 AM,978.05,1,978.05,79218746.54999998
2025-08-01 11:39:28 AM,978.1,0,0.0,79218746.54999998
2025-08-01 11:39:30 AM,978.1,2,1956.2,79220702.74999999
2025-08-01 11:39:31 AM,978.1,18,17605.8,79238308.54999998
2025-08-01 11:39:37 AM,978.1,6,5868.6,79244177.14999998
2025-08-01 11:39:40 AM,977.7,0,0.0,79244177.14999998
2025-08-01 11:39:41 AM,977.9,42,41071.799999999996,79285248.94999997
2025-08-01 11:39:47 AM,977.9,1,977.9,79286226.84999998
2025-08-01 11:39:52 AM,978.1,1,978.1,79287204.94999997
2025-08-01 11:39:54 AM,977.9,5,4889.5,79292094.44999997
2025-08-01 11:40:04 AM,977.8,53,51823.399999999994,79343917.84999998
2025-08-01 11:40:07 AM,977.9,0,0.0,79343917.84999998
2025-08-01 11:40:07 AM,978.0,2,1956.0,79345873.84999998
2025-08-01 11:40:11 AM,977.8,0,0.0,79345873.84999998
2025-08-01 11:40:12 AM,977.8,8,7822.4,79353696.24999999
2025-08-01 11:40:19 AM,978.05,1,978.05,79354674.29999998
2025-08-01 11:40:29 AM,977.5,0,0.0,79354674.29999998
2025-08-01 11:40:30 AM,977.8,0,0.0,79354674.29999998
2025-08-01 11:40:33 AM,977.8,17,16622.6,79371296.89999998
2025-08-01 11:40:33 AM,977.5,0,0.0,79371296.89999998
2025-08-01 11:40:34 AM,977.75,44,43021.0,79414317.89999998
2025-08-01 11:40:38 AM,977.75,11,10755.25,79425073.14999998
2025-08-01 11:40:43 AM,976.6,28,27344.8,79452417.94999997
2025-08-01 11:40:44 AM,977.75,0,0.0,79452417.94999997
2025-08-01 11:40:44 AM,977.75,70,68442.5,79520860.44999997
2025-08-01 11:40:48 AM,977.6,14,13686.4,79534546.84999998
2025-08-01 11:40:49 AM,977.65,1,977.65,79535524.49999999
2025-08-01 11:40:50 AM,977.45,0,0.0,79535524.49999999
2025-08-01 11:40:53 AM,977.45,24,23458.800000000003,79558983.29999998
2025-08-01 11:40:58 AM,977.45,9,8797.050000000001,79567780.34999998
2025-08-01 11:41:03 AM,977.45,3,2932.3500000000004,79570712.69999997
2025-08-01 11:41:07 AM,976.4,0,0.0,79570712.69999997
2025-08-01 11:41:09 AM,977.15,32,31268.8,79601981.49999997
2025-08-01 11:41:11 AM,977.4,0,0.0,79601981.49999997
2025-08-01 11:41:13 AM,977.3,0,0.0,79601981.49999997
2025-08-01 11:41:13 AM,977.35,0,0.0,79601981.49999997
2025-08-01 11:41:14 AM,976.45,25,24411.25,79626392.74999997
2025-08-01 11:41:17 AM,977.05,0,0.0,79626392.74999997
2025-08-01 11:41:19 AM,977.05,2,1954.1,79628346.84999996
2025-08-01 11:41:19 AM,977.05,3,2931.1499999999996,79631277.99999997
2025-08-01 11:41:23 AM,977.25,0,0.0,79631277.99999997
2025-08-01 11:41:24 AM,977.25,1,977.25,79632255.24999997
2025-08-01 11:41:28 AM,977.2,2,1954.4,79634209.64999998
2025-08-01 11:41:33 AM,977.2,1,977.2,79635186.84999998
2025-08-01 11:41:37 AM,977.15,0,0.0,79635186.84999998
2025-08-01 11:41:38 AM,976.45,7,6835.150000000001,79642021.99999999
2025-08-01 11:41:38 AM,976.25,34,33192.5,79675214.49999999
2025-08-01 11:41:49 AM,976.7,0,0.0,79675214.49999999
2025-08-01 11:41:49 AM,976.25,0,0.0,79675214.49999999
2025-08-01 11:41:54 AM,976.25,5,4881.25,79680095.74999999
2025-08-01 11:42:03 AM,976.8,0,0.0,79680095.74999999
2025-08-01 11:42:04 AM,976.8,9,8791.199999999999,79688886.94999999
2025-08-01 11:42:05 AM,976.0,0,0.0,79688886.94999999
2025-08-01 11:42:09 AM,976.0,41,40016.0,79728902.94999999
2025-08-01 11:42:09 AM,976.3,14,13668.199999999999,79742571.14999999
2025-08-01 11:42:14 AM,976.45,1,976.45,79743547.6
2025-08-01 11:42:15 AM,976.75,0,0.0,79743547.6
2025-08-01 11:42:19 AM,976.75,1,976.75,79744524.35
2025-08-01 11:42:19 AM,976.75,5,4883.75,79749408.1
2025-08-01 11:42:24 AM,976.7,1,976.7,79750384.8
2025-08-01 11:42:29 AM,976.7,3,2930.1000000000004,79753314.89999999
2025-08-01 11:42:35 AM,976.15,94,91758.09999999999,79845072.99999999
2025-08-01 11:42:35 AM,975.15,40,39006.0,79884078.99999999
2025-08-01 11:42:40 AM,975.75,0,0.0,79884078.99999999
2025-08-01 11:42:40 AM,975.75,1,975.75,79885054.74999999
2025-08-01 11:42:46 AM,975.75,16,15612.0,79900666.74999999
2025-08-01 11:42:51 AM,975.75,5,4878.75,79905545.49999999
2025-08-01 11:42:53 AM,975.7,0,0.0,79905545.49999999
2025-08-01 11:42:56 AM,975.7,2,1951.4,79907496.89999999
2025-08-01 11:43:01 AM,975.7,2,1951.4,79909448.3
2025-08-01 11:43:05 AM,975.65,0,0.0,79909448.3
2025-08-01 11:43:06 AM,975.65,2,1951.3,79911399.6
2025-08-01 11:43:18 AM,976.0,96,93696.0,80005095.6
2025-08-01 11:43:19 AM,976.35,1,976.35,80006071.94999999
2025-08-01 11:43:23 AM,976.6,0,0.0,80006071.94999999
2025-08-01 11:43:23 AM,976.6,6,5859.6,80011931.54999998
2025-08-01 11:43:24 AM,976.35,28,27337.8,80039269.34999998
2025-08-01 11:43:27 AM,975.0,0,0.0,80039269.34999998
2025-08-01 11:43:28 AM,975.0,1050,1023750.0,81063019.34999998
2025-08-01 11:43:29 AM,975.0,13,12675.0,81075694.34999998
2025-08-01 11:43:33 AM,974.65,0,0.0,81075694.34999998
2025-08-01 11:43:34 AM,974.65,308,300192.2,81375886.54999998
2025-08-01 11:43:37 AM,974.7,0,0.0,81375886.54999998
2025-08-01 11:43:39 AM,974.7,132,128660.40000000001,81504546.94999999
2025-08-01 11:43:41 AM,974.65,0,0.0,81504546.94999999
2025-08-01 11:43:43 AM,974.35,0,0.0,81504546.94999999
2025-08-01 11:43:44 AM,974.35,46,44820.1,81549367.04999998
2025-08-01 11:43:45 AM,974.65,0,0.0,81549367.04999998
2025-08-01 11:43:49 AM,974.65,16,15594.4,81564961.44999999
2025-08-01 11:43:51 AM,973.7,0,0.0,81564961.44999999
2025-08-01 11:43:54 AM,973.7,24,23368.800000000003,81588330.24999999
2025-08-01 11:43:55 AM,973.25,0,0.0,81588330.24999999
2025-08-01 11:43:57 AM,974.0,0,0.0,81588330.24999999
2025-08-01 11:43:59 AM,974.0,27,26298.0,81614628.24999999
2025-08-01 11:44:01 AM,973.8,0,0.0,81614628.24999999
2025-08-01 11:44:05 AM,973.8,11,10711.8,81625340.04999998
2025-08-01 11:44:11 AM,973.1,17,16542.7,81641882.74999999
2025-08-01 11:44:11 AM,973.1,38,36977.8,81678860.54999998
2025-08-01 11:44:17 AM,972.6,0,0.0,81678860.54999998
2025-08-01 11:44:17 AM,972.6,44,42794.4,81721654.94999999
2025-08-01 11:44:23 AM,973.2,2,1946.4,81723601.35
2025-08-01 11:44:40 AM,973.2,16,15571.2,81739172.55
2025-08-01 11:44:42 AM,972.3,0,0.0,81739172.55
2025-08-01 11:44:45 AM,972.3,41,39864.299999999996,81779036.85
2025-08-01 11:44:48 AM,973.15,0,0.0,81779036.85
2025-08-01 11:44:51 AM,973.15,1,973.15,81780010.0
2025-08-01 11:44:56 AM,973.15,14,13624.1,81793634.1
2025-08-01 11:45:00 AM,974.7,0,0.0,81793634.1
2025-08-01 11:45:01 AM,974.7,454,442513.80000000005,82236147.89999999
2025-08-01 11:45:03 AM,975.0,0,0.0,82236147.89999999
2025-08-01 11:45:06 AM,975.0,561,546975.0,82783122.89999999
2025-08-01 11:45:14 AM,976.4,0,0.0,82783122.89999999
2025-08-01 11:45:17 AM,976.1,0,0.0,82783122.89999999
2025-08-01 11:45:17 AM,976.1,150,146415.0,82929537.89999999
2025-08-01 11:45:21 AM,976.45,0,0.0,82929537.89999999
2025-08-01 11:45:23 AM,976.45,3,2929.3500000000004,82932467.24999999
2025-08-01 11:45:23 AM,976.45,19,18552.55,82951019.79999998
2025-08-01 11:45:34 AM,976.75,8,7814.0,82958833.79999998
2025-08-01 11:45:39 AM,976.75,1,976.75,82959810.54999998
2025-08-01 11:45:40 AM,977.3,0,0.0,82959810.54999998
2025-08-01 11:45:41 AM,977.0,0,0.0,82959810.54999998
2025-08-01 11:45:44 AM,977.0,53,51781.0,83011591.54999998
2025-08-01 11:45:48 AM,977.35,0,0.0,83011591.54999998
2025-08-01 11:45:49 AM,977.4,6,5864.4,83017455.94999999
2025-08-01 11:45:51 AM,977.5,0,0.0,83017455.94999999
2025-08-01 11:45:55 AM,979.0,505,494395.0,83511850.94999999
2025-08-01 11:45:56 AM,978.95,0,0.0,83511850.94999999
2025-08-01 11:45:59 AM,979.0,0,0.0,83511850.94999999
2025-08-01 11:46:00 AM,979.0,316,309364.0,83821214.94999999
2025-08-01 11:46:01 AM,978.25,191,186845.75,84008060.69999999
2025-08-01 11:46:02 AM,978.5,0,0.0,84008060.69999999
2025-08-01 11:46:05 AM,978.7,0,0.0,84008060.69999999
2025-08-01 11:46:05 AM,978.7,7,6850.900000000001,84014911.6
2025-08-01 11:46:12 AM,978.85,0,0.0,84014911.6
2025-08-01 11:46:13 AM,978.7,0,0.0,84014911.6
2025-08-01 11:46:16 AM,978.7,132,129188.40000000001,84144100.0
2025-08-01 11:46:18 AM,978.55,0,0.0,84144100.0
2025-08-01 11:46:21 AM,978.55,6,5871.299999999999,84149971.3
2025-08-01 11:46:21 AM,978.6,0,0.0,84149971.3
2025-08-01 11:46:22 AM,978.6,28,27400.8,84177372.1
2025-08-01 11:46:26 AM,978.6,21,20550.600000000002,84197922.69999999
2025-08-01 11:46:27 AM,977.6,14,13686.4,84211609.1
2025-08-01 11:46:30 AM,978.2,0,0.0,84211609.1
2025-08-01 11:46:31 AM,978.25,0,0.0,84211609.1
2025-08-01 11:46:32 AM,978.25,2,1956.5,84213565.6
2025-08-01 11:46:41 AM,977.7,0,0.0,84213565.6
2025-08-01 11:46:43 AM,977.7,27,26397.9,84239963.5
2025-08-01 11:46:44 AM,978.25,0,0.0,84239963.5
2025-08-01 11:46:48 AM,978.25,2,1956.5,84241920.0
2025-08-01 11:46:57 AM,978.45,0,0.0,84241920.0
2025-08-01 11:46:59 AM,978.45,1,978.45,84242898.45
2025-08-01 11:46:59 AM,977.85,0,0.0,84242898.45
2025-08-01 11:47:00 AM,977.85,25,24446.25,84267344.7
2025-08-01 11:47:09 AM,978.2,0,0.0,84267344.7
2025-08-01 11:47:09 AM,978.2,1,978.2,84268322.9
2025-08-01 11:47:13 AM,978.25,0,0.0,84268322.9
2025-08-01 11:47:14 AM,978.25,1,978.25,84269301.15
2025-08-01 11:47:22 AM,978.3,0,0.0,84269301.15
2025-08-01 11:47:24 AM,978.3,10,9783.0,84279084.15
2025-08-01 11:47:28 AM,978.4,0,0.0,84279084.15
2025-08-01 11:47:29 AM,978.4,4,3913.6,84282997.75
2025-08-01 11:47:35 AM,978.05,47,45968.35,84328966.1
2025-08-01 11:47:48 AM,978.35,0,0.0,84328966.1
2025-08-01 11:47:49 AM,978.35,1,978.35,84329944.44999999
2025-08-01 11:47:50 AM,978.35,16,15653.6,84345598.04999998
2025-08-01 11:47:53 AM,978.0,0,0.0,84345598.04999998
2025-08-01 11:47:55 AM,977.85,6,5867.1,84351465.14999998
2025-08-01 11:48:01 AM,978.0,0,0.0,84351465.14999998
2025-08-01 11:48:05 AM,978.0,4,3912.0,84355377.14999998
2025-08-01 11:48:13 AM,977.95,0,0.0,84355377.14999998
2025-08-01 11:48:15 AM,977.95,1,977.95,84356355.09999998
2025-08-01 11:48:15 AM,977.5,66,64515.0,84420870.09999998
2025-08-01 11:48:25 AM,977.5,43,42032.5,84462902.59999998
2025-08-01 11:48:26 AM,977.85,0,0.0,84462902.59999998
2025-08-01 11:48:30 AM,977.85,6,5867.1,84468769.69999997
2025-08-01 11:48:32 AM,977.9,0,0.0,84468769.69999997
2025-08-01 11:48:35 AM,977.9,5,4889.5,84473659.19999997
2025-08-01 11:48:35 AM,977.65,27,26396.55,84500055.74999997
2025-08-01 11:48:38 AM,977.95,0,0.0,84500055.74999997
2025-08-01 11:48:40 AM,977.95,2,1955.9,84502011.64999998
2025-08-01 11:48:40 AM,978.0,9,8802.0,84510813.64999998
2025-08-01 11:48:45 AM,978.0,6,5868.0,84516681.64999998
2025-08-01 11:48:55 AM,978.0,2,1956.0,84518637.64999998
2025-08-01 11:49:00 AM,977.5,96,93840.0,84612477.64999998
2025-08-01 11:49:05 AM,977.95,0,0.0,84612477.64999998
2025-08-01 11:49:05 AM,977.95,1,977.95,84613455.59999998
2025-08-01 11:49:06 AM,978.0,0,0.0,84613455.59999998
2025-08-01 11:49:08 AM,978.15,0,0.0,84613455.59999998
2025-08-01 11:49:11 AM,978.15,87,85099.05,84698554.64999998
2025-08-01 11:49:17 AM,978.2,0,0.0,84698554.64999998
2025-08-01 11:49:20 AM,978.4,0,0.0,84698554.64999998
2025-08-01 11:49:21 AM,978.45,0,0.0,84698554.64999998
2025-08-01 11:49:22 AM,978.45,17,16633.65,84715188.29999998
2025-08-01 11:49:27 AM,978.45,3,2935.3500000000004,84718123.64999998
2025-08-01 11:49:30 AM,979.0,0,0.0,84718123.64999998
2025-08-01 11:49:31 AM,978.75,0,0.0,84718123.64999998
2025-08-01 11:49:32 AM,978.7,34,33275.8,84751399.44999997
2025-08-01 11:49:37 AM,978.35,0,0.0,84751399.44999997
2025-08-01 11:49:37 AM,978.35,23,22502.05,84773901.49999997
2025-08-01 11:49:39 AM,978.85,0,0.0,84773901.49999997
2025-08-01 11:49:40 AM,978.6,0,0.0,84773901.49999997
2025-08-01 11:49:41 AM,978.45,0,0.0,84773901.49999997
2025-08-01 11:49:42 AM,978.45,63,61642.350000000006,84835543.84999996
2025-08-01 11:49:43 AM,978.7,1,978.7,84836522.54999997
2025-08-01 11:49:44 AM,978.0,0,0.0,84836522.54999997
2025-08-01 11:49:47 AM,978.15,0,0.0,84836522.54999997
2025-08-01 11:49:48 AM,978.15,106,103683.9,84940206.44999997
2025-08-01 11:49:56 AM,978.45,0,0.0,84940206.44999997
2025-08-01 11:49:58 AM,978.45,12,11741.400000000001,84951947.84999998
2025-08-01 11:50:00 AM,978.4,0,0.0,84951947.84999998
2025-08-01 11:50:03 AM,978.45,28,27396.600000000002,84979344.44999997
2025-08-01 11:50:05 AM,978.35,0,0.0,84979344.44999997
2025-08-01 11:50:08 AM,977.65,0,0.0,84979344.44999997
2025-08-01 11:50:08 AM,977.65,22,21508.3,85000852.74999997
2025-08-01 11:50:08 AM,978.4,1,978.4,85001831.14999998
2025-08-01 11:50:11 AM,977.55,0,0.0,85001831.14999998
2025-08-01 11:50:13 AM,977.55,11,10753.05,85012584.19999997
2025-08-01 11:50:21 AM,977.95,0,0.0,85012584.19999997
2025-08-01 11:50:22 AM,978.0,0,0.0,85012584.19999997
2025-08-01 11:50:24 AM,978.0,10,9780.0,85022364.19999997
2025-08-01 11:50:25 AM,977.95,0,0.0,85022364.19999997
2025-08-01 11:50:29 AM,977.95,1,977.95,85023342.14999998
2025-08-01 11:50:34 AM,977.95,1,977.95,85024320.09999998
2025-08-01 11:50:39 AM,977.95,1,977.95,85025298.04999998
2025-08-01 11:50:49 AM,977.95,2,1955.9,85027253.94999999
2025-08-01 11:50:49 AM,977.5,0,0.0,85027253.94999999
2025-08-01 11:50:54 AM,977.5,57,55717.5,85082971.44999999
2025-08-01 11:51:00 AM,977.9,0,0.0,85082971.44999999
2025-08-01 11:51:03 AM,977.9,1,977.9,85083949.35
2025-08-01 11:51:08 AM,977.9,19,18580.1,85102529.44999999
2025-08-01 11:51:13 AM,977.9,7,6845.3,85109374.74999999
2025-08-01 11:51:18 AM,977.9,3,2933.7,85112308.44999999
2025-08-01 11:51:19 AM,977.55,0,0.0,85112308.44999999
2025-08-01 11:51:22 AM,977.5,0,0.0,85112308.44999999
2025-08-01 11:51:23 AM,977.5,55,53762.5,85166070.94999999
2025-08-01 11:51:25 AM,977.85,0,0.0,85166070.94999999
2025-08-01 11:51:28 AM,977.9,2,1955.8,85168026.74999999
2025-08-01 11:51:32 AM,977.5,0,0.0,85168026.74999999
2025-08-01 11:51:33 AM,977.5,63,61582.5,85229609.24999999
2025-08-01 11:51:36 AM,977.7,0,0.0,85229609.24999999
2025-08-01 11:51:38 AM,977.9,4,3911.6,85233520.84999998
2025-08-01 11:51:43 AM,977.9,13,12712.699999999999,85246233.54999998
2025-08-01 11:51:48 AM,977.9,4,3911.6,85250145.14999998
2025-08-01 11:51:53 AM,977.9,3,2933.7,85253078.84999998
2025-08-01 11:51:58 AM,977.9,1,977.9,85254056.74999999
2025-08-01 11:52:04 AM,977.9,1,977.9,85255034.64999999
2025-08-01 11:52:11 AM,977.5,0,0.0,85255034.64999999
2025-08-01 11:52:13 AM,977.5,54,52785.0,85307819.64999999
2025-08-01 11:52:17 AM,977.7,0,0.0,85307819.64999999
2025-08-01 11:52:18 AM,977.7,50,48885.0,85356704.64999999
2025-08-01 11:52:29 AM,977.9,0,0.0,85356704.64999999
2025-08-01 11:52:29 AM,977.9,1,977.9,85357682.55
2025-08-01 11:52:33 AM,977.9,31,30314.899999999998,85387997.45
2025-08-01 11:52:38 AM,977.9,13,12712.699999999999,85400710.15
2025-08-01 11:52:43 AM,977.9,3,2933.7,85403643.85000001
2025-08-01 11:52:48 AM,977.9,1,977.9,85404621.75000001
2025-08-01 11:52:53 AM,977.9,1,977.9,85405599.65000002
2025-08-01 11:52:59 AM,977.9,1,977.9,85406577.55000003
2025-08-01 11:53:00 AM,977.9,1,977.9,85407555.45000003
2025-08-01 11:53:09 AM,977.9,1,977.9,85408533.35000004
2025-08-01 11:53:10 AM,977.05,0,0.0,85408533.35000004
2025-08-01 11:53:14 AM,977.05,52,50806.6,85459339.95000003
2025-08-01 11:53:15 AM,976.9,0,0.0,85459339.95000003
2025-08-01 11:53:15 AM,976.9,17,16607.3,85475947.25000003
2025-08-01 11:53:20 AM,976.85,6,5861.1,85481808.35000002
2025-08-01 11:53:24 AM,976.85,1,976.85,85482785.20000002
2025-08-01 11:53:25 AM,976.85,2,1953.7,85484738.90000002
2025-08-01 11:53:26 AM,976.8,0,0.0,85484738.90000002
2025-08-01 11:53:30 AM,976.8,3,2930.3999999999996,85487669.30000003
2025-08-01 11:53:31 AM,976.25,0,0.0,85487669.30000003
2025-08-01 11:53:33 AM,976.7,0,0.0,85487669.30000003
2025-08-01 11:53:34 AM,976.7,24,23440.800000000003,85511110.10000002
2025-08-01 11:53:35 AM,976.75,1,976.75,85512086.85000002
2025-08-01 11:53:45 AM,976.1,27,26354.7,85538441.55000003
2025-08-01 11:53:46 AM,976.8,0,0.0,85538441.55000003
2025-08-01 11:53:50 AM,976.8,2,1953.6,85540395.15000002
2025-08-01 11:53:54 AM,976.2,0,0.0,85540395.15000002
2025-08-01 11:53:55 AM,976.2,12,11714.400000000001,85552109.55000003
2025-08-01 11:53:59 AM,976.75,0,0.0,85552109.55000003
2025-08-01 11:54:00 AM,976.75,1,976.75,85553086.30000003
2025-08-01 11:54:03 AM,976.2,0,0.0,85553086.30000003
2025-08-01 11:54:04 AM,976.2,25,24405.0,85577491.30000003
2025-08-01 11:54:12 AM,976.6,0,0.0,85577491.30000003
2025-08-01 11:54:15 AM,976.6,1,976.6,85578467.90000002
2025-08-01 11:54:18 AM,976.7,0,0.0,85578467.90000002
2025-08-01 11:54:20 AM,976.7,5,4883.5,85583351.40000002
2025-08-01 11:54:25 AM,976.85,0,0.0,85583351.40000002
2025-08-01 11:54:25 AM,976.85,3,2930.55,85586281.95000002
2025-08-01 11:54:31 AM,975.9,40,39036.0,85625317.95000002
2025-08-01 11:54:31 AM,976.25,11,10738.75,85636056.70000002
2025-08-01 11:54:37 AM,976.7,0,0.0,85636056.70000002
2025-08-01 11:54:41 AM,976.85,10,9768.5,85645825.20000002
2025-08-01 11:54:45 AM,976.7,0,0.0,85645825.20000002
2025-08-01 11:54:46 AM,976.7,60,58602.0,85704427.20000002
2025-08-01 11:54:50 AM,977.65,0,0.0,85704427.20000002
2025-08-01 11:54:51 AM,977.65,11,10754.15,85715181.35000002
2025-08-01 11:54:52 AM,977.05,0,0.0,85715181.35000002
2025-08-01 11:54:56 AM,977.05,26,25403.3,85740584.65000002
2025-08-01 11:55:01 AM,977.4,1,977.4,85741562.05000003
2025-08-01 11:55:04 AM,977.45,0,0.0,85741562.05000003
2025-08-01 11:55:06 AM,977.45,11,10751.95,85752314.00000003
2025-08-01 11:55:11 AM,977.45,4,3909.8,85756223.80000003
2025-08-01 11:55:16 AM,977.45,4,3909.8,85760133.60000002
2025-08-01 11:55:21 AM,977.45,1,977.45,85761111.05000003
2025-08-01 11:55:26 AM,977.45,1,977.45,85762088.50000003
2025-08-01 11:55:31 AM,977.45,1,977.45,85763065.95000003
2025-08-01 11:55:33 AM,976.55,0,0.0,85763065.95000003
2025-08-01 11:55:36 AM,976.55,59,57616.45,85820682.40000004
2025-08-01 11:55:41 AM,977.05,0,0.0,85820682.40000004
2025-08-01 11:55:42 AM,977.05,1,977.05,85821659.45000003
2025-08-01 11:55:43 AM,977.15,0,0.0,85821659.45000003
2025-08-01 11:55:45 AM,977.1,0,0.0,85821659.45000003
2025-08-01 11:55:46 AM,977.1,11,10748.1,85832407.55000003
2025-08-01 11:55:49 AM,977.95,0,0.0,85832407.55000003
2025-08-01 11:55:51 AM,977.95,54,52809.3,85885216.85000002
2025-08-01 11:55:54 AM,978.1,0,0.0,85885216.85000002
2025-08-01 11:55:56 AM,978.1,12,11737.2,85896954.05000003
2025-08-01 11:56:07 AM,978.15,1,978.15,85897932.20000003
2025-08-01 11:56:09 AM,978.1,0,0.0,85897932.20000003
2025-08-01 11:56:11 AM,978.1,46,44992.6,85942924.80000003
2025-08-01 11:56:16 AM,978.1,10,9781.0,85952705.80000003
2025-08-01 11:56:20 AM,978.15,0,0.0,85952705.80000003
2025-08-01 11:56:21 AM,978.15,5,4890.75,85957596.55000003
2025-08-01 11:56:27 AM,978.15,3,2934.45,85960531.00000003
2025-08-01 11:56:32 AM,978.15,1,978.15,85961509.15000004
2025-08-01 11:56:33 AM,978.1,1,978.1,85962487.25000003
2025-08-01 11:56:42 AM,977.5,61,59627.5,86022114.75000003
2025-08-01 11:56:45 AM,977.9,0,0.0,86022114.75000003
2025-08-01 11:56:47 AM,977.9,8,7823.2,86029937.95000003
2025-08-01 11:56:57 AM,977.9,8,7823.2,86037761.15000004
2025-08-01 11:56:59 AM,978.15,0,0.0,86037761.15000004
2025-08-01 11:57:02 AM,978.15,11,10759.65,86048520.80000004
2025-08-01 11:57:07 AM,978.15,4,3912.6,86052433.40000004
2025-08-01 11:57:08 AM,978.15,1,978.15,86053411.55000004
2025-08-01 11:57:11 AM,978.15,1,978.15,86054389.70000005
2025-08-01 11:57:13 AM,978.15,1,978.15,86055367.85000005
2025-08-01 11:57:17 AM,978.15,1,978.15,86056346.00000006
2025-08-01 11:57:27 AM,977.5,60,58650.0,86114996.00000006
2025-08-01 11:57:33 AM,977.65,306,299160.89999999997,86414156.90000007
2025-08-01 11:57:36 AM,978.05,0,0.0,86414156.90000007
2025-08-01 11:57:37 AM,978.05,21,20539.05,86434695.95000006
2025-08-01 11:57:49 AM,978.1,0,0.0,86434695.95000006
2025-08-01 11:57:52 AM,978.1,3,2934.3,86437630.25000006
2025-08-01 11:57:52 AM,978.15,0,0.0,86437630.25000006
2025-08-01 11:57:53 AM,978.15,45,44016.75,86481647.00000006
2025-08-01 11:57:59 AM,978.45,0,0.0,86481647.00000006
2025-08-01 11:58:02 AM,978.45,10,9784.5,86491431.50000006
2025-08-01 11:58:03 AM,978.45,3,2935.3500000000004,86494366.85000005
