date,price,qty,trnvr,cum_trnvr
2025-08-01 09:15:03 AM,355.85,1621,576832.8500000001,576832.8500000001
2025-08-01 09:15:05 AM,355.6,245,87122.0,663954.8500000001
2025-08-01 09:15:12 AM,357.2,0,0.0,663954.8500000001
2025-08-01 09:15:15 AM,357.2,254,90728.8,754683.6500000001
2025-08-01 09:15:17 AM,356.85,184,65660.40000000001,820344.0500000002
2025-08-01 09:15:22 AM,356.45,0,0.0,820344.0500000002
2025-08-01 09:15:25 AM,356.45,101,36001.45,856345.5000000001
2025-08-01 09:15:32 AM,356.1,0,0.0,856345.5000000001
2025-08-01 09:15:33 AM,356.1,100,35610.0,891955.5000000001
2025-08-01 09:15:41 AM,356.4,0,0.0,891955.5000000001
2025-08-01 09:15:42 AM,356.4,112,39916.799999999996,931872.3000000002
2025-08-01 09:15:54 AM,356.0,0,0.0,931872.3000000002
2025-08-01 09:15:57 AM,355.9,0,0.0,931872.3000000002
2025-08-01 09:15:58 AM,355.9,393,139868.69999999998,1071741.0000000002
2025-08-01 09:16:03 AM,354.5,0,0.0,1071741.0000000002
2025-08-01 09:16:06 AM,354.5,257,91106.5,1162847.5000000002
2025-08-01 09:16:14 AM,354.2,197,69777.4,1232624.9000000001
2025-08-01 09:16:20 AM,354.35,0,0.0,1232624.9000000001
2025-08-01 09:16:23 AM,354.35,51,18071.850000000002,1250696.7500000002
2025-08-01 09:16:31 AM,354.35,2,708.7,1251405.4500000002
2025-08-01 09:16:32 AM,354.35,5,1771.75,1253177.2000000002
2025-08-01 09:16:38 AM,353.65,0,0.0,1253177.2000000002
2025-08-01 09:16:39 AM,353.65,205,72498.25,1325675.4500000002
2025-08-01 09:16:40 AM,354.5,0,0.0,1325675.4500000002
2025-08-01 09:16:41 AM,354.5,91,32259.5,1357934.9500000002
2025-08-01 09:16:48 AM,354.6,100,35460.0,1393394.9500000002
2025-08-01 09:16:56 AM,354.65,39,13831.349999999999,1407226.3000000003
2025-08-01 09:16:59 AM,354.85,0,0.0,1407226.3000000003
2025-08-01 09:17:04 AM,355.0,310,110050.0,1517276.3000000003
2025-08-01 09:17:05 AM,355.6,34,12090.400000000001,1529366.7000000002
2025-08-01 09:17:08 AM,355.25,0,0.0,1529366.7000000002
2025-08-01 09:17:12 AM,355.25,13,4618.25,1533984.9500000002
2025-08-01 09:17:20 AM,355.7,118,41972.6,1575957.5500000003
2025-08-01 09:17:24 AM,355.75,0,0.0,1575957.5500000003
2025-08-01 09:17:29 AM,355.75,8,2846.0,1578803.5500000003
2025-08-01 09:17:34 AM,355.95,0,0.0,1578803.5500000003
2025-08-01 09:17:37 AM,355.95,20,7119.0,1585922.5500000003
2025-08-01 09:17:45 AM,354.85,115,40807.75,1626730.3000000003
2025-08-01 09:17:51 AM,355.1,0,0.0,1626730.3000000003
2025-08-01 09:17:54 AM,355.1,48,17044.800000000003,1643775.1000000003
2025-08-01 09:17:55 AM,355.45,90,31990.5,1675765.6000000003
2025-08-01 09:18:06 AM,355.5,0,0.0,1675765.6000000003
2025-08-01 09:18:10 AM,355.65,82,29163.3,1704928.9000000004
2025-08-01 09:18:14 AM,355.5,0,0.0,1704928.9000000004
2025-08-01 09:18:16 AM,355.65,0,0.0,1704928.9000000004
2025-08-01 09:18:19 AM,355.65,113,40188.45,1745117.3500000003
2025-08-01 09:18:22 AM,355.85,0,0.0,1745117.3500000003
2025-08-01 09:18:27 AM,355.85,77,27400.45,1772517.8000000003
2025-08-01 09:18:35 AM,355.85,10,3558.5,1776076.3000000003
2025-08-01 09:18:51 AM,355.6,13,4622.8,1780699.1000000003
2025-08-01 09:19:01 AM,355.5,122,43371.0,1824070.1000000003
2025-08-01 09:19:01 AM,355.8,0,0.0,1824070.1000000003
2025-08-01 09:19:07 AM,355.8,6,2134.8,1826204.9000000004
2025-08-01 09:19:19 AM,355.35,0,0.0,1826204.9000000004
2025-08-01 09:19:24 AM,355.35,76,27006.600000000002,1853211.5000000005
2025-08-01 09:19:25 AM,355.2,102,36230.4,1889441.9000000004
2025-08-01 09:19:31 AM,355.85,0,0.0,1889441.9000000004
2025-08-01 09:19:32 AM,355.85,50,17792.5,1907234.4000000004
2025-08-01 09:19:49 AM,355.55,0,0.0,1907234.4000000004
2025-08-01 09:19:50 AM,355.55,34,12088.7,1919323.1000000003
2025-08-01 09:20:03 AM,355.85,0,0.0,1919323.1000000003
2025-08-01 09:20:04 AM,355.85,41,14589.85,1933912.9500000004
2025-08-01 09:20:05 AM,355.7,139,49442.299999999996,1983355.2500000005
2025-08-01 09:20:10 AM,355.95,0,0.0,1983355.2500000005
2025-08-01 09:20:12 AM,355.95,5,1779.75,1985135.0000000005
2025-08-01 09:20:17 AM,356.0,0,0.0,1985135.0000000005
2025-08-01 09:20:20 AM,356.0,1,356.0,1985491.0000000005
2025-08-01 09:20:28 AM,356.0,15,5340.0,1990831.0000000005
2025-08-01 09:20:59 AM,355.6,0,0.0,1990831.0000000005
2025-08-01 09:21:00 AM,355.6,45,16002.000000000002,2006833.0000000005
2025-08-01 09:21:10 AM,355.95,0,0.0,2006833.0000000005
2025-08-01 09:21:14 AM,355.95,5,1779.75,2008612.7500000005
2025-08-01 09:21:30 AM,355.6,40,14224.0,2022836.7500000005
2025-08-01 09:21:38 AM,355.6,5,1778.0,2024614.7500000005
2025-08-01 09:21:40 AM,355.95,0,0.0,2024614.7500000005
2025-08-01 09:21:43 AM,355.65,0,0.0,2024614.7500000005
2025-08-01 09:21:45 AM,355.65,15,5334.75,2029949.5000000005
2025-08-01 09:22:09 AM,355.5,114,40527.0,2070476.5000000005
2025-08-01 09:22:13 AM,355.6,0,0.0,2070476.5000000005
2025-08-01 09:22:16 AM,355.6,3,1066.8000000000002,2071543.3000000005
2025-08-01 09:22:23 AM,355.6,6,2133.6000000000004,2073676.9000000006
2025-08-01 09:22:39 AM,355.95,1,355.95,2074032.8500000006
2025-08-01 09:22:52 AM,355.55,0,0.0,2074032.8500000006
2025-08-01 09:22:54 AM,355.55,3,1066.65,2075099.5000000005
2025-08-01 09:22:58 AM,355.6,0,0.0,2075099.5000000005
2025-08-01 09:23:01 AM,355.6,2,711.2,2075810.7000000004
2025-08-01 09:23:09 AM,355.6,3,1066.8000000000002,2076877.5000000005
2025-08-01 09:23:17 AM,355.35,55,19544.25,2096421.7500000005
2025-08-01 09:23:26 AM,355.05,7,2485.35,2098907.1000000006
2025-08-01 09:23:55 AM,355.4,10,3554.0,2102461.1000000006
2025-08-01 09:24:03 AM,354.0,572,202488.0,2304949.1000000006
2025-08-01 09:24:10 AM,354.25,25,8856.25,2313805.3500000006
2025-08-01 09:24:18 AM,354.3,90,31887.0,2345692.3500000006
2025-08-01 09:24:19 AM,354.55,0,0.0,2345692.3500000006
2025-08-01 09:24:19 AM,354.55,64,22691.2,2368383.5500000007
2025-08-01 09:24:24 AM,354.1,0,0.0,2368383.5500000007
2025-08-01 09:24:26 AM,354.1,168,59488.8,2427872.3500000006
2025-08-01 09:24:30 AM,354.05,0,0.0,2427872.3500000006
2025-08-01 09:24:33 AM,354.4,141,49970.399999999994,2477842.7500000005
2025-08-01 09:24:48 AM,354.1,10,3541.0,2481383.7500000005
2025-08-01 09:24:55 AM,353.9,0,0.0,2481383.7500000005
2025-08-01 09:24:56 AM,353.9,11,3892.8999999999996,2485276.6500000004
2025-08-01 09:24:57 AM,353.95,28,9910.6,2495187.2500000005
2025-08-01 09:25:02 AM,353.7,0,0.0,2495187.2500000005
2025-08-01 09:25:03 AM,353.7,19,6720.3,2501907.5500000003
2025-08-01 09:25:09 AM,353.85,0,0.0,2501907.5500000003
2025-08-01 09:25:10 AM,353.85,21,7430.85,2509338.4000000004
2025-08-01 09:25:21 AM,353.9,0,0.0,2509338.4000000004
2025-08-01 09:25:26 AM,353.95,134,47429.299999999996,2556767.7
2025-08-01 09:25:27 AM,354.1,0,0.0,2556767.7
2025-08-01 09:25:28 AM,354.25,514,182084.5,2738852.2
2025-08-01 09:25:29 AM,354.2,0,0.0,2738852.2
2025-08-01 09:25:33 AM,354.2,10,3542.0,2742394.2
2025-08-01 09:25:35 AM,354.2,52,18418.399999999998,2760812.6
2025-08-01 09:25:40 AM,354.5,0,0.0,2760812.6
2025-08-01 09:25:40 AM,354.5,80,28360.0,2789172.6
2025-08-01 09:25:50 AM,354.45,2,708.9,2789881.5
2025-08-01 09:25:57 AM,354.25,0,0.0,2789881.5
2025-08-01 09:25:58 AM,354.25,30,10627.5,2800509.0
2025-08-01 09:26:03 AM,354.65,5,1773.25,2802282.25
2025-08-01 09:26:13 AM,354.6,1,354.6,2802636.85
2025-08-01 09:26:18 AM,354.6,1,354.6,2802991.45
2025-08-01 09:26:53 AM,354.25,0,0.0,2802991.45
2025-08-01 09:26:56 AM,354.5,0,0.0,2802991.45
2025-08-01 09:26:57 AM,354.5,107,37931.5,2840922.95
2025-08-01 09:27:18 AM,354.75,0,0.0,2840922.95
2025-08-01 09:27:19 AM,354.75,2,709.5,2841632.45
2025-08-01 09:27:34 AM,354.75,5,1773.75,2843406.2
2025-08-01 09:27:41 AM,354.75,4,1419.0,2844825.2
2025-08-01 09:28:10 AM,354.55,0,0.0,2844825.2
2025-08-01 09:28:12 AM,354.55,144,51055.200000000004,2895880.4000000004
2025-08-01 09:28:16 AM,354.2,0,0.0,2895880.4000000004
2025-08-01 09:28:20 AM,354.6,265,93969.0,2989849.4000000004
2025-08-01 09:28:21 AM,355.0,92,32660.0,3022509.4000000004
2025-08-01 09:28:27 AM,355.2,0,0.0,3022509.4000000004
2025-08-01 09:28:28 AM,355.2,138,49017.6,3071527.0000000005
2025-08-01 09:28:29 AM,355.2,1,355.2,3071882.2000000007
2025-08-01 09:28:35 AM,355.2,10,3552.0,3075434.2000000007
2025-08-01 09:28:43 AM,355.0,0,0.0,3075434.2000000007
2025-08-01 09:28:43 AM,355.0,50,17750.0,3093184.2000000007
2025-08-01 09:28:48 AM,355.2,0,0.0,3093184.2000000007
2025-08-01 09:28:50 AM,355.2,10,3552.0,3096736.2000000007
2025-08-01 09:28:58 AM,354.8,20,7096.0,3103832.2000000007
2025-08-01 09:29:11 AM,355.2,0,0.0,3103832.2000000007
2025-08-01 09:29:13 AM,355.2,2,710.4,3104542.6000000006
2025-08-01 09:29:22 AM,355.3,1,355.3,3104897.9000000004
2025-08-01 09:29:32 AM,354.95,0,0.0,3104897.9000000004
2025-08-01 09:29:36 AM,354.95,11,3904.45,3108802.3500000006
2025-08-01 09:29:57 AM,355.0,0,0.0,3108802.3500000006
2025-08-01 09:29:58 AM,355.0,15,5325.0,3114127.3500000006
2025-08-01 09:30:04 AM,354.85,0,0.0,3114127.3500000006
2025-08-01 09:30:06 AM,355.1,112,39771.200000000004,3153898.5500000007
2025-08-01 09:30:07 AM,355.15,1,355.15,3154253.7000000007
2025-08-01 09:30:11 AM,354.4,0,0.0,3154253.7000000007
2025-08-01 09:30:14 AM,354.4,1263,447607.19999999995,3601860.9000000004
2025-08-01 09:30:14 AM,354.55,233,82610.15000000001,3684471.0500000003
2025-08-01 09:30:21 AM,355.4,4853,1724756.2,5409227.25
2025-08-01 09:30:22 AM,356.15,777,276728.55,5685955.8
2025-08-01 09:30:28 AM,356.35,2,712.7,5686668.5
2025-08-01 09:30:39 AM,356.0,0,0.0,5686668.5
2025-08-01 09:30:43 AM,356.0,2165,770740.0,6457408.5
2025-08-01 09:30:44 AM,356.1,269,95790.90000000001,6553199.4
2025-08-01 09:30:50 AM,356.1,5,1780.5,6554979.9
2025-08-01 09:30:53 AM,356.6,0,0.0,6554979.9
2025-08-01 09:30:58 AM,356.6,222,79165.20000000001,6634145.100000001
2025-08-01 09:31:05 AM,356.6,4,1426.4,6635571.500000001
2025-08-01 09:31:13 AM,356.55,0,0.0,6635571.500000001
2025-08-01 09:31:13 AM,356.55,90,32089.5,6667661.000000001
2025-08-01 09:31:20 AM,356.35,3,1069.0500000000002,6668730.050000001
2025-08-01 09:31:21 AM,356.65,0,0.0,6668730.050000001
2025-08-01 09:31:27 AM,356.1,290,103269.0,6771999.050000001
2025-08-01 09:31:27 AM,356.55,0,0.0,6771999.050000001
2025-08-01 09:31:28 AM,356.55,68,24245.4,6796244.450000001
2025-08-01 09:31:31 AM,356.95,0,0.0,6796244.450000001
2025-08-01 09:31:34 AM,356.95,90,32125.5,6828369.950000001
2025-08-01 09:31:39 AM,356.9,0,0.0,6828369.950000001
2025-08-01 09:31:41 AM,356.9,140,49966.0,6878335.950000001
2025-08-01 09:31:50 AM,357.0,0,0.0,6878335.950000001
2025-08-01 09:31:55 AM,357.0,90,32130.0,6910465.950000001
2025-08-01 09:32:05 AM,356.4,0,0.0,6910465.950000001
2025-08-01 09:32:09 AM,356.4,46,16394.399999999998,6926860.3500000015
2025-08-01 09:32:16 AM,356.5,24,8556.0,6935416.3500000015
2025-08-01 09:32:18 AM,357.0,0,0.0,6935416.3500000015
2025-08-01 09:32:23 AM,357.0,120,42840.0,6978256.3500000015
2025-08-01 09:32:24 AM,357.2,57,20360.399999999998,6998616.750000002
2025-08-01 09:32:29 AM,357.05,0,0.0,6998616.750000002
2025-08-01 09:32:29 AM,357.1,0,0.0,6998616.750000002
2025-08-01 09:32:30 AM,357.1,4,1428.4,7000045.150000002
2025-08-01 09:32:44 AM,357.25,5,1786.25,7001831.400000002
2025-08-01 09:32:51 AM,357.25,5,1786.25,7003617.650000002
2025-08-01 09:32:58 AM,357.35,1,357.35,7003975.000000002
2025-08-01 09:33:19 AM,357.35,5,1786.75,7005761.750000002
2025-08-01 09:33:26 AM,357.4,0,0.0,7005761.750000002
2025-08-01 09:33:26 AM,357.4,6,2144.3999999999996,7007906.150000002
2025-08-01 09:33:33 AM,357.4,12,4288.799999999999,7012194.950000002
2025-08-01 09:34:08 AM,357.4,18,6433.2,7018628.150000002
2025-08-01 09:34:34 AM,357.7,0,0.0,7018628.150000002
2025-08-01 09:34:36 AM,357.7,1210,432817.0,7451445.150000002
2025-08-01 09:34:36 AM,358.0,0,0.0,7451445.150000002
2025-08-01 09:34:41 AM,358.15,0,0.0,7451445.150000002
2025-08-01 09:34:42 AM,358.15,151,54080.649999999994,7505525.800000003
2025-08-01 09:34:46 AM,358.1,0,0.0,7505525.800000003
2025-08-01 09:34:49 AM,358.1,2,716.2,7506242.000000003
2025-08-01 09:34:51 AM,358.4,0,0.0,7506242.000000003
2025-08-01 09:34:54 AM,358.15,0,0.0,7506242.000000003
2025-08-01 09:34:57 AM,358.15,12,4297.799999999999,7510539.800000003
2025-08-01 09:35:01 AM,358.1,0,0.0,7510539.800000003
2025-08-01 09:35:03 AM,358.1,1001,358458.10000000003,7868997.900000002
2025-08-01 09:35:06 AM,358.45,0,0.0,7868997.900000002
2025-08-01 09:35:11 AM,358.45,114,40863.299999999996,7909861.200000002
2025-08-01 09:35:25 AM,358.4,5,1792.0,7911653.200000002
2025-08-01 09:35:41 AM,358.2,0,0.0,7911653.200000002
2025-08-01 09:35:45 AM,358.1,120,42972.0,7954625.200000002
2025-08-01 09:35:51 AM,357.8,0,0.0,7954625.200000002
2025-08-01 09:35:51 AM,357.85,0,0.0,7954625.200000002
2025-08-01 09:35:52 AM,357.85,16,5725.6,7960350.800000002
2025-08-01 09:35:52 AM,357.9,16,5726.4,7966077.200000002
2025-08-01 09:38:06 AM,357.9,52,18610.8,7984688.000000002
2025-08-01 09:38:10 AM,357.8,0,0.0,7984688.000000002
2025-08-01 09:38:13 AM,357.45,113,40391.85,8025079.8500000015
2025-08-01 09:38:16 AM,357.7,0,0.0,8025079.8500000015
2025-08-01 09:38:20 AM,357.7,18,6438.599999999999,8031518.450000001
2025-08-01 09:38:31 AM,357.65,0,0.0,8031518.450000001
2025-08-01 09:38:33 AM,357.65,2,715.3,8032233.750000001
2025-08-01 09:39:13 AM,357.4,78,27877.199999999997,8060110.950000001
2025-08-01 09:39:16 AM,357.0,0,0.0,8060110.950000001
2025-08-01 09:39:20 AM,357.0,126,44982.0,8105092.950000001
2025-08-01 09:39:26 AM,357.1,0,0.0,8105092.950000001
2025-08-01 09:39:27 AM,357.1,23,8213.300000000001,8113306.250000001
2025-08-01 09:39:57 AM,356.9,0,0.0,8113306.250000001
2025-08-01 09:39:59 AM,356.8,1053,375710.4,8489016.65
2025-08-01 09:40:01 AM,357.0,0,0.0,8489016.65
2025-08-01 09:40:06 AM,357.0,117,41769.0,8530785.65
2025-08-01 09:40:12 AM,356.75,88,31394.0,8562179.65
2025-08-01 09:40:13 AM,357.0,0,0.0,8562179.65
2025-08-01 09:40:19 AM,357.0,10,3570.0,8565749.65
2025-08-01 09:40:20 AM,356.75,0,0.0,8565749.65
2025-08-01 09:40:20 AM,356.75,1,356.75,8566106.4
2025-08-01 09:40:23 AM,357.0,0,0.0,8566106.4
2025-08-01 09:40:26 AM,357.0,9,3213.0,8569319.4
2025-08-01 09:40:32 AM,357.0,63,22491.0,8591810.4
2025-08-01 09:40:49 AM,356.75,0,0.0,8591810.4
2025-08-01 09:40:53 AM,356.9,179,63885.1,8655695.5
2025-08-01 09:40:59 AM,357.05,28,9997.4,8665692.9
2025-08-01 09:41:05 AM,356.85,815,290832.75,8956525.65
2025-08-01 09:41:09 AM,357.2,0,0.0,8956525.65
2025-08-01 09:41:12 AM,357.2,91,32505.2,8989030.85
2025-08-01 09:41:52 AM,357.55,30,10726.5,8999757.35
2025-08-01 09:41:58 AM,357.55,5,1787.75,9001545.1
2025-08-01 09:42:10 AM,357.85,0,0.0,9001545.1
2025-08-01 09:42:11 AM,357.85,100,35785.0,9037330.1
2025-08-01 09:42:18 AM,357.6,0,0.0,9037330.1
2025-08-01 09:42:19 AM,357.6,2,715.2,9038045.299999999
2025-08-01 09:43:07 AM,357.7,0,0.0,9038045.299999999
2025-08-01 09:43:10 AM,357.7,2,715.4,9038760.7
2025-08-01 09:43:27 AM,357.55,0,0.0,9038760.7
2025-08-01 09:43:30 AM,357.55,1079,385796.45,9424557.149999999
2025-08-01 09:43:32 AM,357.5,0,0.0,9424557.149999999
2025-08-01 09:43:32 AM,357.65,0,0.0,9424557.149999999
2025-08-01 09:43:36 AM,357.65,140,50071.0,9474628.149999999
2025-08-01 09:43:44 AM,357.55,1,357.55,9474985.7
2025-08-01 09:44:37 AM,357.1,50,17855.0,9492840.7
2025-08-01 09:44:41 AM,357.45,0,0.0,9492840.7
2025-08-01 09:44:42 AM,357.45,50,17872.5,9510713.2
2025-08-01 09:45:34 AM,357.0,30,10710.0,9521423.2
2025-08-01 09:45:40 AM,357.35,0,0.0,9521423.2
2025-08-01 09:45:40 AM,357.35,202,72184.70000000001,9593607.899999999
2025-08-01 09:45:47 AM,357.1,1,357.1,9593964.999999998
2025-08-01 09:45:48 AM,357.0,5,1785.0,9595749.999999998
2025-08-01 09:45:57 AM,357.35,0,0.0,9595749.999999998
2025-08-01 09:46:00 AM,357.35,1,357.35,9596107.349999998
2025-08-01 09:46:06 AM,357.45,0,0.0,9596107.349999998
2025-08-01 09:46:06 AM,357.45,4,1429.8,9597537.149999999
2025-08-01 09:46:21 AM,357.7,0,0.0,9597537.149999999
2025-08-01 09:46:21 AM,357.7,2,715.4,9598252.549999999
2025-08-01 09:46:37 AM,357.2,0,0.0,9598252.549999999
2025-08-01 09:46:38 AM,357.2,110,39292.0,9637544.549999999
2025-08-01 09:46:41 AM,357.55,0,0.0,9637544.549999999
2025-08-01 09:46:45 AM,357.55,51,18235.05,9655779.6
2025-08-01 09:47:14 AM,357.7,0,0.0,9655779.6
2025-08-01 09:47:16 AM,357.7,1,357.7,9656137.299999999
2025-08-01 09:47:28 AM,357.8,50,17890.0,9674027.299999999
2025-08-01 09:47:30 AM,357.0,88,31416.0,9705443.299999999
2025-08-01 09:47:54 AM,356.55,0,0.0,9705443.299999999
2025-08-01 09:47:55 AM,356.55,1,356.55,9705799.85
2025-08-01 09:47:58 AM,356.55,6,2139.3,9707939.15
2025-08-01 09:48:30 AM,356.55,100,35655.0,9743594.15
2025-08-01 09:48:36 AM,356.6,20,7132.0,9750726.15
2025-08-01 09:49:02 AM,356.6,18,6418.8,9757144.950000001
2025-08-01 09:49:24 AM,356.6,15,5349.0,9762493.950000001
2025-08-01 09:49:27 AM,356.6,13,4635.8,9767129.750000002
2025-08-01 09:49:37 AM,356.6,50,17830.0,9784959.750000002
2025-08-01 09:49:39 AM,356.6,4,1426.4,9786386.150000002
2025-08-01 09:50:44 AM,357.0,0,0.0,9786386.150000002
2025-08-01 09:50:46 AM,357.0,70,24990.0,9811376.150000002
2025-08-01 09:51:07 AM,356.7,4,1426.8,9812802.950000003
2025-08-01 09:52:32 AM,356.85,0,0.0,9812802.950000003
2025-08-01 09:52:32 AM,356.85,51,18199.350000000002,9831002.300000003
2025-08-01 09:52:35 AM,357.05,0,0.0,9831002.300000003
2025-08-01 09:52:38 AM,357.05,138,49272.9,9880275.200000003
2025-08-01 09:53:27 AM,356.85,0,0.0,9880275.200000003
2025-08-01 09:53:27 AM,356.85,10,3568.5,9883843.700000003
2025-08-01 09:53:36 AM,357.0,0,0.0,9883843.700000003
2025-08-01 09:53:40 AM,357.0,253,90321.0,9974164.700000003
2025-08-01 09:53:48 AM,356.8,0,0.0,9974164.700000003
2025-08-01 09:53:48 AM,356.8,10,3568.0,9977732.700000003
2025-08-01 09:53:58 AM,356.8,40,14272.0,9992004.700000003
2025-08-01 09:54:11 AM,356.15,168,59833.2,10051837.900000002
2025-08-01 09:54:15 AM,356.65,0,0.0,10051837.900000002
2025-08-01 09:54:17 AM,356.65,62,22112.3,10073950.200000003
2025-08-01 09:54:36 AM,356.9,3,1070.6999999999998,10075020.900000002
2025-08-01 09:54:42 AM,356.5,50,17825.0,10092845.900000002
2025-08-01 09:55:01 AM,356.85,0,0.0,10092845.900000002
2025-08-01 09:55:05 AM,356.85,2,713.7,10093559.600000001
2025-08-01 09:55:07 AM,356.5,0,0.0,10093559.600000001
2025-08-01 09:55:11 AM,356.5,5,1782.5,10095342.100000001
2025-08-01 09:55:34 AM,356.9,0,0.0,10095342.100000001
2025-08-01 09:55:35 AM,356.9,21,7494.9,10102837.000000002
2025-08-01 09:55:36 AM,356.5,1,356.5,10103193.500000002
2025-08-01 09:55:54 AM,356.45,43,15327.35,10118520.850000001
2025-08-01 09:55:59 AM,356.35,100,35635.0,10154155.850000001
2025-08-01 09:56:50 AM,356.75,0,0.0,10154155.850000001
2025-08-01 09:56:53 AM,356.75,50,17837.5,10171993.350000001
2025-08-01 09:57:00 AM,356.5,7,2495.5,10174488.850000001
2025-08-01 09:57:11 AM,356.5,112,39928.0,10214416.850000001
2025-08-01 09:57:17 AM,356.35,0,0.0,10214416.850000001
2025-08-01 09:57:17 AM,356.35,98,34922.3,10249339.150000002
2025-08-01 09:57:21 AM,356.9,0,0.0,10249339.150000002
2025-08-01 09:57:22 AM,356.9,55,19629.5,10268968.650000002
2025-08-01 09:57:36 AM,356.9,3,1070.6999999999998,10270039.350000001
2025-08-01 09:58:34 AM,356.85,0,0.0,10270039.350000001
2025-08-01 09:58:35 AM,356.85,3,1070.5500000000002,10271109.900000002
2025-08-01 09:59:24 AM,356.4,0,0.0,10271109.900000002
2025-08-01 09:59:24 AM,356.4,10,3564.0,10274673.900000002
2025-08-01 09:59:30 AM,356.75,20,7135.0,10281808.900000002
2025-08-01 09:59:33 AM,356.8,13,4638.400000000001,10286447.300000003
2025-08-01 09:59:57 AM,356.25,0,0.0,10286447.300000003
2025-08-01 09:59:58 AM,356.25,1466,522262.5,10808709.800000003
2025-08-01 09:59:59 AM,356.6,0,0.0,10808709.800000003
2025-08-01 10:00:01 AM,356.6,168,59908.8,10868618.600000003
2025-08-01 10:00:04 AM,356.8,0,0.0,10868618.600000003
2025-08-01 10:00:04 AM,356.8,50,17840.0,10886458.600000003
2025-08-01 10:00:07 AM,356.75,4,1427.0,10887885.600000003
2025-08-01 10:00:14 AM,356.2,117,41675.4,10929561.000000004
2025-08-01 10:00:39 AM,355.55,0,0.0,10929561.000000004
2025-08-01 10:00:39 AM,355.55,40,14222.0,10943783.000000004
2025-08-01 10:00:42 AM,355.85,1,355.85,10944138.850000003
2025-08-01 10:01:03 AM,356.05,0,0.0,10944138.850000003
2025-08-01 10:01:04 AM,356.05,200,71210.0,11015348.850000003
2025-08-01 10:01:09 AM,355.9,0,0.0,11015348.850000003
2025-08-01 10:01:11 AM,355.9,46,16371.4,11031720.250000004
2025-08-01 10:01:35 AM,355.95,0,0.0,11031720.250000004
2025-08-01 10:01:35 AM,355.95,414,147363.3,11179083.550000004
2025-08-01 10:01:40 AM,355.5,0,0.0,11179083.550000004
2025-08-01 10:01:41 AM,355.5,46,16353.0,11195436.550000004
2025-08-01 10:02:03 AM,355.5,10,3555.0,11198991.550000004
2025-08-01 10:02:10 AM,355.5,1,355.5,11199347.050000004
2025-08-01 10:02:24 AM,355.3,0,0.0,11199347.050000004
2025-08-01 10:02:29 AM,355.3,1592,565637.6,11764984.650000004
2025-08-01 10:02:31 AM,355.75,206,73284.5,11838269.150000004
2025-08-01 10:03:20 AM,356.0,10,3560.0,11841829.150000004
2025-08-01 10:03:26 AM,356.75,18,6421.5,11848250.650000004
2025-08-01 10:03:38 AM,355.95,0,0.0,11848250.650000004
2025-08-01 10:03:39 AM,355.95,62,22068.899999999998,11870319.550000004
2025-08-01 10:04:00 AM,355.85,45,16013.250000000002,11886332.800000004
2025-08-01 10:04:54 AM,355.85,6,2135.1000000000004,11888467.900000004
2025-08-01 10:05:08 AM,355.9,30,10677.0,11899144.900000004
2025-08-01 10:05:19 AM,355.9,96,34166.399999999994,11933311.300000004
2025-08-01 10:05:25 AM,355.9,150,53385.0,11986696.300000004
2025-08-01 10:05:27 AM,355.85,0,0.0,11986696.300000004
2025-08-01 10:05:27 AM,355.85,50,17792.5,12004488.800000004
2025-08-01 10:05:57 AM,355.75,50,17787.5,12022276.300000004
2025-08-01 10:06:30 AM,355.75,20,7115.0,12029391.300000004
2025-08-01 10:06:49 AM,355.55,1191,423460.05,12452851.350000005
2025-08-01 10:06:51 AM,355.55,68,24177.4,12477028.750000006
2025-08-01 10:07:01 AM,355.6,50,17780.0,12494808.750000006
2025-08-01 10:07:07 AM,355.15,56,19888.399999999998,12514697.150000006
2025-08-01 10:07:14 AM,355.05,50,17752.5,12532449.650000006
2025-08-01 10:07:31 AM,355.35,0,0.0,12532449.650000006
2025-08-01 10:07:32 AM,355.35,3,1066.0500000000002,12533515.700000007
2025-08-01 10:07:38 AM,355.05,57,20237.850000000002,12553753.550000006
2025-08-01 10:07:39 AM,355.35,0,0.0,12553753.550000006
2025-08-01 10:07:40 AM,355.35,54,19188.9,12572942.450000007
2025-08-01 10:07:49 AM,355.0,0,0.0,12572942.450000007
2025-08-01 10:07:51 AM,355.0,475,168625.0,12741567.450000007
2025-08-01 10:07:53 AM,355.4,52,18480.8,12760048.250000007
2025-08-01 10:08:28 AM,355.4,47,16703.8,12776752.050000008
2025-08-01 10:08:40 AM,355.4,84,29853.6,12806605.650000008
2025-08-01 10:09:06 AM,355.6,0,0.0,12806605.650000008
2025-08-01 10:09:10 AM,355.6,15,5334.0,12811939.650000008
2025-08-01 10:09:33 AM,355.4,0,0.0,12811939.650000008
2025-08-01 10:09:33 AM,355.4,15,5331.0,12817270.650000008
2025-08-01 10:10:09 AM,355.25,0,0.0,12817270.650000008
2025-08-01 10:10:09 AM,355.25,25,8881.25,12826151.900000008
2025-08-01 10:10:48 AM,355.2,0,0.0,12826151.900000008
2025-08-01 10:10:49 AM,355.2,45,15984.0,12842135.900000008
2025-08-01 10:11:14 AM,355.2,150,53280.0,12895415.900000008
2025-08-01 10:11:36 AM,355.6,0,0.0,12895415.900000008
2025-08-01 10:11:36 AM,355.6,737,262077.2,13157493.100000007
2025-08-01 10:11:39 AM,356.6,0,0.0,13157493.100000007
2025-08-01 10:11:41 AM,356.45,161,57388.45,13214881.550000006
2025-08-01 10:11:43 AM,356.2,1,356.2,13215237.750000006
2025-08-01 10:12:06 AM,356.2,23,8192.6,13223430.350000005
2025-08-01 10:13:15 AM,356.2,10,3562.0,13226992.350000005
2025-08-01 10:13:30 AM,355.8,0,0.0,13226992.350000005
2025-08-01 10:13:33 AM,356.2,250,89050.0,13316042.350000005
2025-08-01 10:14:02 AM,356.2,10,3562.0,13319604.350000005
2025-08-01 10:15:48 AM,356.1,9,3204.9,13322809.250000006
2025-08-01 10:16:05 AM,355.9,0,0.0,13322809.250000006
2025-08-01 10:16:05 AM,355.9,2,711.8,13323521.050000006
2025-08-01 10:17:25 AM,355.9,1,355.9,13323876.950000007
2025-08-01 10:17:31 AM,355.9,38,13524.199999999999,13337401.150000006
2025-08-01 10:18:41 AM,355.9,10,3559.0,13340960.150000006
2025-08-01 10:19:03 AM,356.0,0,0.0,13340960.150000006
2025-08-01 10:19:03 AM,356.0,110,39160.0,13380120.150000006
2025-08-01 10:19:07 AM,356.2,0,0.0,13380120.150000006
2025-08-01 10:19:09 AM,356.2,5,1781.0,13381901.150000006
2025-08-01 10:19:25 AM,355.95,0,0.0,13381901.150000006
2025-08-01 10:19:27 AM,355.95,50,17797.5,13399698.650000006
2025-08-01 10:20:23 AM,356.0,13,4628.0,13404326.650000006
2025-08-01 10:20:30 AM,356.1,0,0.0,13404326.650000006
2025-08-01 10:20:30 AM,356.1,40,14244.0,13418570.650000006
2025-08-01 10:20:53 AM,356.1,12,4273.200000000001,13422843.850000005
2025-08-01 10:20:59 AM,356.1,13,4629.3,13427473.150000006
2025-08-01 10:21:06 AM,356.2,1,356.2,13427829.350000005
2025-08-01 10:21:21 AM,356.1,3,1068.3000000000002,13428897.650000006
2025-08-01 10:21:32 AM,356.2,1,356.2,13429253.850000005
2025-08-01 10:22:13 AM,356.6,5,1783.0,13431036.850000005
2025-08-01 10:22:53 AM,356.7,30,10701.0,13441737.850000005
2025-08-01 10:22:56 AM,356.25,40,14250.0,13455987.850000005
2025-08-01 10:23:00 AM,356.65,0,0.0,13455987.850000005
2025-08-01 10:23:02 AM,356.65,37,13196.05,13469183.900000006
2025-08-01 10:23:10 AM,356.5,14,4991.0,13474174.900000006
2025-08-01 10:23:23 AM,356.6,0,0.0,13474174.900000006
2025-08-01 10:23:25 AM,356.6,50,17830.0,13492004.900000006
2025-08-01 10:23:32 AM,356.9,0,0.0,13492004.900000006
2025-08-01 10:23:33 AM,356.6,0,0.0,13492004.900000006
2025-08-01 10:23:34 AM,356.6,38,13550.800000000001,13505555.700000007
2025-08-01 10:23:50 AM,356.6,78,27814.800000000003,13533370.500000007
2025-08-01 10:24:42 AM,356.6,91,32450.600000000002,13565821.100000007
2025-08-01 10:26:17 AM,356.6,8,2852.8,13568673.900000008
2025-08-01 10:26:42 AM,356.9,0,0.0,13568673.900000008
2025-08-01 10:26:44 AM,356.9,3,1070.6999999999998,13569744.600000007
2025-08-01 10:27:18 AM,356.6,0,0.0,13569744.600000007
2025-08-01 10:27:18 AM,356.6,8,2852.8,13572597.400000008
2025-08-01 10:27:19 AM,356.85,0,0.0,13572597.400000008
2025-08-01 10:27:21 AM,356.85,20,7137.0,13579734.400000008
2025-08-01 10:27:51 AM,356.4,0,0.0,13579734.400000008
2025-08-01 10:27:51 AM,356.4,32,11404.8,13591139.200000009
2025-08-01 10:28:26 AM,356.4,4,1425.6,13592564.800000008
2025-08-01 10:29:38 AM,356.5,1,356.5,13592921.300000008
2025-08-01 10:29:56 AM,356.85,0,0.0,13592921.300000008
2025-08-01 10:29:58 AM,356.85,10,3568.5,13596489.800000008
2025-08-01 10:30:43 AM,356.85,1,356.85,13596846.650000008
2025-08-01 10:31:21 AM,357.0,0,0.0,13596846.650000008
2025-08-01 10:31:21 AM,357.0,100,35700.0,13632546.650000008
2025-08-01 10:31:27 AM,357.15,0,0.0,13632546.650000008
2025-08-01 10:31:32 AM,357.15,51,18214.649999999998,13650761.300000008
2025-08-01 10:31:43 AM,357.05,0,0.0,13650761.300000008
2025-08-01 10:31:43 AM,357.05,3,1071.15,13651832.450000009
2025-08-01 10:31:58 AM,357.4,0,0.0,13651832.450000009
2025-08-01 10:31:59 AM,357.4,6,2144.3999999999996,13653976.850000009
2025-08-01 10:32:10 AM,357.6,0,0.0,13653976.850000009
2025-08-01 10:32:11 AM,357.6,5,1788.0,13655764.850000009
2025-08-01 10:32:13 AM,357.55,0,0.0,13655764.850000009
2025-08-01 10:32:15 AM,357.25,23,8216.75,13663981.600000009
2025-08-01 10:32:21 AM,357.5,20,7150.0,13671131.600000009
2025-08-01 10:32:49 AM,357.6,20,7152.0,13678283.600000009
2025-08-01 10:33:06 AM,357.3,0,0.0,13678283.600000009
2025-08-01 10:33:06 AM,357.3,2,714.6,13678998.200000009
2025-08-01 10:33:15 AM,357.6,0,0.0,13678998.200000009
2025-08-01 10:33:17 AM,357.6,1,357.6,13679355.800000008
2025-08-01 10:33:20 AM,357.65,10,3576.5,13682932.300000008
2025-08-01 10:33:21 AM,357.6,0,0.0,13682932.300000008
2025-08-01 10:33:23 AM,357.6,13,4648.8,13687581.100000009
2025-08-01 10:33:51 AM,357.65,25,8941.25,13696522.350000009
2025-08-01 10:33:57 AM,357.7,0,0.0,13696522.350000009
2025-08-01 10:33:59 AM,357.7,1,357.7,13696880.050000008
2025-08-01 10:34:14 AM,357.7,10,3577.0,13700457.050000008
2025-08-01 10:34:26 AM,357.35,5,1786.75,13702243.800000008
2025-08-01 10:34:49 AM,357.35,24,8576.400000000001,13710820.200000009
2025-08-01 10:34:55 AM,357.7,5,1788.5,13712608.700000009
2025-08-01 10:35:31 AM,356.25,0,0.0,13712608.700000009
2025-08-01 10:35:33 AM,356.35,0,0.0,13712608.700000009
2025-08-01 10:35:33 AM,356.35,1753,624681.55,14337290.25000001
2025-08-01 10:35:34 AM,356.6,0,0.0,14337290.25000001
2025-08-01 10:35:35 AM,356.6,217,77382.20000000001,14414672.450000009
2025-08-01 10:36:39 AM,356.7,0,0.0,14414672.450000009
2025-08-01 10:36:39 AM,356.7,20,7134.0,14421806.450000009
2025-08-01 10:37:31 AM,356.7,1,356.7,14422163.150000008
2025-08-01 10:37:34 AM,356.45,0,0.0,14422163.150000008
2025-08-01 10:37:34 AM,356.45,15,5346.75,14427509.900000008
2025-08-01 10:38:45 AM,356.5,0,0.0,14427509.900000008
2025-08-01 10:38:45 AM,356.5,84,29946.0,14457455.900000008
2025-08-01 10:39:18 AM,356.5,30,10695.0,14468150.900000008
2025-08-01 10:40:03 AM,356.5,3,1069.5,14469220.400000008
2025-08-01 10:40:30 AM,356.5,250,89125.0,14558345.400000008
2025-08-01 10:40:48 AM,356.75,0,0.0,14558345.400000008
2025-08-01 10:40:50 AM,356.75,19,6778.25,14565123.650000008
2025-08-01 10:40:54 AM,357.05,0,0.0,14565123.650000008
2025-08-01 10:40:55 AM,357.05,202,72124.1,14637247.750000007
2025-08-01 10:41:38 AM,357.05,2,714.1,14637961.850000007
2025-08-01 10:41:44 AM,357.05,30,10711.5,14648673.350000007
2025-08-01 10:43:06 AM,357.0,0,0.0,14648673.350000007
2025-08-01 10:43:06 AM,357.0,1,357.0,14649030.350000007
2025-08-01 10:43:14 AM,357.0,3,1071.0,14650101.350000007
2025-08-01 10:43:26 AM,357.05,0,0.0,14650101.350000007
2025-08-01 10:43:28 AM,357.05,15,5355.75,14655457.100000007
2025-08-01 10:44:07 AM,357.0,5,1785.0,14657242.100000007
2025-08-01 10:44:34 AM,356.7,0,0.0,14657242.100000007
2025-08-01 10:44:34 AM,356.7,10,3567.0,14660809.100000007
2025-08-01 10:46:14 AM,355.8,0,0.0,14660809.100000007
2025-08-01 10:46:16 AM,355.8,1341,477127.8,15137936.900000008
2025-08-01 10:46:17 AM,356.05,0,0.0,15137936.900000008
2025-08-01 10:46:18 AM,356.05,173,61596.65,15199533.550000008
2025-08-01 10:47:18 AM,355.75,0,0.0,15199533.550000008
2025-08-01 10:47:18 AM,355.75,10,3557.5,15203091.050000008
2025-08-01 10:47:22 AM,355.75,10,3557.5,15206648.550000008
2025-08-01 10:47:38 AM,355.6,0,0.0,15206648.550000008
2025-08-01 10:47:38 AM,355.6,151,53695.600000000006,15260344.150000008
2025-08-01 10:48:18 AM,355.6,9,3200.4,15263544.550000008
2025-08-01 10:48:26 AM,355.85,66,23486.100000000002,15287030.650000008
2025-08-01 10:49:01 AM,356.1,0,0.0,15287030.650000008
2025-08-01 10:49:01 AM,356.1,170,60537.00000000001,15347567.650000008
2025-08-01 10:49:10 AM,356.3,0,0.0,15347567.650000008
2025-08-01 10:49:10 AM,356.3,4,1425.2,15348992.850000007
2025-08-01 10:49:32 AM,356.4,50,17820.0,15366812.850000007
2025-08-01 10:49:32 AM,356.35,0,0.0,15366812.850000007
2025-08-01 10:49:33 AM,356.35,53,18886.550000000003,15385699.400000008
2025-08-01 10:51:06 AM,356.0,0,0.0,15385699.400000008
2025-08-01 10:51:06 AM,356.0,172,61232.0,15446931.400000008
2025-08-01 10:51:28 AM,356.0,10,3560.0,15450491.400000008
2025-08-01 10:52:46 AM,356.25,0,0.0,15450491.400000008
2025-08-01 10:52:49 AM,356.25,1,356.25,15450847.650000008
2025-08-01 10:52:52 AM,356.05,0,0.0,15450847.650000008
2025-08-01 10:52:54 AM,356.05,39,13885.95,15464733.600000007
2025-08-01 10:53:20 AM,356.25,0,0.0,15464733.600000007
2025-08-01 10:53:21 AM,356.25,47,16743.75,15481477.350000007
2025-08-01 10:53:32 AM,356.25,16,5700.0,15487177.350000007
2025-08-01 10:53:53 AM,356.25,16,5700.0,15492877.350000007
2025-08-01 10:53:58 AM,356.25,5,1781.25,15494658.600000007
2025-08-01 10:54:30 AM,356.25,13,4631.25,15499289.850000007
2025-08-01 10:55:35 AM,356.25,1,356.25,15499646.100000007
2025-08-01 10:56:36 AM,356.55,0,0.0,15499646.100000007
2025-08-01 10:56:38 AM,356.55,85,30306.75,15529952.850000007
2025-08-01 10:56:40 AM,356.7,0,0.0,15529952.850000007
2025-08-01 10:56:43 AM,356.7,43,15338.1,15545290.950000007
2025-08-01 10:56:52 AM,357.05,0,0.0,15545290.950000007
2025-08-01 10:56:54 AM,357.05,398,142105.9,15687396.850000007
2025-08-01 10:56:56 AM,357.3,0,0.0,15687396.850000007
2025-08-01 10:56:59 AM,357.3,45,16078.5,15703475.350000007
2025-08-01 10:57:02 AM,357.2,0,0.0,15703475.350000007
2025-08-01 10:57:04 AM,357.2,2207,788340.4,16491815.750000007
2025-08-01 10:57:06 AM,357.45,0,0.0,16491815.750000007
2025-08-01 10:57:09 AM,357.45,245,87575.25,16579391.000000007
2025-08-01 10:57:40 AM,357.2,0,0.0,16579391.000000007
2025-08-01 10:57:41 AM,357.2,25,8930.0,16588321.000000007
2025-08-01 10:57:42 AM,357.45,1,357.45,16588678.450000007
2025-08-01 10:58:07 AM,357.5,0,0.0,16588678.450000007
2025-08-01 10:58:08 AM,357.5,3,1072.5,16589750.950000007
2025-08-01 10:59:27 AM,357.5,1,357.5,16590108.450000007
2025-08-01 10:59:27 AM,357.65,100,35765.0,16625873.450000007
2025-08-01 10:59:54 AM,357.65,10,3576.5,16629449.950000007
2025-08-01 11:00:54 AM,358.0,420,150360.0,16779809.950000007
2025-08-01 11:00:57 AM,358.05,0,0.0,16779809.950000007
2025-08-01 11:00:59 AM,357.7,0,0.0,16779809.950000007
2025-08-01 11:01:00 AM,357.7,113,40420.1,16820230.05000001
2025-08-01 11:01:03 AM,357.75,0,0.0,16820230.05000001
2025-08-01 11:01:05 AM,357.75,8,2862.0,16823092.05000001
2025-08-01 11:01:47 AM,358.0,0,0.0,16823092.05000001
2025-08-01 11:01:47 AM,358.0,11,3938.0,16827030.05000001
2025-08-01 11:02:03 AM,357.7,0,0.0,16827030.05000001
2025-08-01 11:02:04 AM,357.7,2,715.4,16827745.450000007
2025-08-01 11:04:53 AM,357.7,1,357.7,16828103.150000006
2025-08-01 11:05:10 AM,358.1,0,0.0,16828103.150000006
2025-08-01 11:05:13 AM,358.1,100,35810.0,16863913.150000006
2025-08-01 11:05:15 AM,358.05,0,0.0,16863913.150000006
2025-08-01 11:05:18 AM,358.05,19,6802.95,16870716.100000005
2025-08-01 11:06:47 AM,357.8,0,0.0,16870716.100000005
2025-08-01 11:06:48 AM,357.8,1,357.8,16871073.900000006
2025-08-01 11:06:50 AM,357.75,50,17887.5,16888961.400000006
2025-08-01 11:07:16 AM,358.05,5,1790.25,16890751.650000006
2025-08-01 11:07:47 AM,358.05,2,716.1,16891467.750000007
2025-08-01 11:08:15 AM,357.45,0,0.0,16891467.750000007
2025-08-01 11:08:16 AM,357.45,367,131184.15,17022651.900000006
2025-08-01 11:08:17 AM,357.4,0,0.0,17022651.900000006
2025-08-01 11:08:19 AM,357.4,48,17155.199999999997,17039807.100000005
2025-08-01 11:09:11 AM,357.25,0,0.0,17039807.100000005
2025-08-01 11:09:11 AM,357.25,11,3929.75,17043736.850000005
2025-08-01 11:09:14 AM,357.25,22,7859.5,17051596.350000005
2025-08-01 11:09:46 AM,357.0,0,0.0,17051596.350000005
2025-08-01 11:09:46 AM,357.0,7,2499.0,17054095.350000005
2025-08-01 11:10:16 AM,357.35,0,0.0,17054095.350000005
2025-08-01 11:10:18 AM,357.35,110,39308.5,17093403.850000005
2025-08-01 11:11:12 AM,357.2,0,0.0,17093403.850000005
2025-08-01 11:11:13 AM,357.2,4,1428.8,17094832.650000006
2025-08-01 11:11:28 AM,357.25,0,0.0,17094832.650000006
2025-08-01 11:11:30 AM,357.25,1,357.25,17095189.900000006
2025-08-01 11:12:06 AM,356.85,0,0.0,17095189.900000006
2025-08-01 11:12:07 AM,356.85,10,3568.5,17098758.400000006
2025-08-01 11:13:23 AM,356.85,1,356.85,17099115.250000007
2025-08-01 11:13:28 AM,357.15,0,0.0,17099115.250000007
2025-08-01 11:13:29 AM,357.15,1,357.15,17099472.400000006
2025-08-01 11:14:23 AM,357.2,0,0.0,17099472.400000006
2025-08-01 11:14:26 AM,357.2,30,10716.0,17110188.400000006
2025-08-01 11:14:44 AM,357.2,10,3572.0,17113760.400000006
2025-08-01 11:16:11 AM,356.75,0,0.0,17113760.400000006
2025-08-01 11:16:12 AM,356.75,40,14270.0,17128030.400000006
2025-08-01 11:16:15 AM,356.85,0,0.0,17128030.400000006
2025-08-01 11:16:19 AM,357.2,0,0.0,17128030.400000006
2025-08-01 11:16:19 AM,357.2,39,13930.8,17141961.200000007
2025-08-01 11:16:27 AM,356.65,0,0.0,17141961.200000007
2025-08-01 11:16:29 AM,356.65,1000,356650.0,17498611.200000007
2025-08-01 11:16:31 AM,357.15,0,0.0,17498611.200000007
2025-08-01 11:16:34 AM,357.15,112,40000.799999999996,17538612.000000007
2025-08-01 11:17:25 AM,357.2,0,0.0,17538612.000000007
2025-08-01 11:17:27 AM,357.2,15,5358.0,17543970.000000007
2025-08-01 11:18:31 AM,357.05,0,0.0,17543970.000000007
2025-08-01 11:18:32 AM,357.05,5,1785.25,17545755.250000007
2025-08-01 11:19:36 AM,357.15,0,0.0,17545755.250000007
2025-08-01 11:19:39 AM,357.15,90,32143.499999999996,17577898.750000007
2025-08-01 11:20:14 AM,356.75,0,0.0,17577898.750000007
2025-08-01 11:20:17 AM,356.75,8,2854.0,17580752.750000007
2025-08-01 11:20:30 AM,357.05,0,0.0,17580752.750000007
2025-08-01 11:20:33 AM,357.05,1,357.05,17581109.80000001
2025-08-01 11:21:09 AM,357.4,1977,706579.7999999999,18287689.60000001
2025-08-01 11:21:11 AM,357.65,0,0.0,18287689.60000001
2025-08-01 11:21:14 AM,357.65,233,83332.45,18371022.05000001
2025-08-01 11:21:28 AM,357.6,0,0.0,18371022.05000001
2025-08-01 11:21:30 AM,357.6,3,1072.8000000000002,18372094.85000001
2025-08-01 11:21:50 AM,357.65,0,0.0,18372094.85000001
2025-08-01 11:21:50 AM,357.65,10,3576.5,18375671.35000001
2025-08-01 11:23:21 AM,357.65,35,12517.75,18388189.10000001
2025-08-01 11:24:35 AM,357.95,0,0.0,18388189.10000001
2025-08-01 11:24:38 AM,357.95,10,3579.5,18391768.60000001
2025-08-01 11:25:38 AM,358.0,0,0.0,18391768.60000001
2025-08-01 11:25:41 AM,358.0,175,62650.0,18454418.60000001
2025-08-01 11:25:56 AM,358.0,116,41528.0,18495946.60000001
2025-08-01 11:25:57 AM,358.1,0,0.0,18495946.60000001
2025-08-01 11:26:01 AM,358.1,39,13965.900000000001,18509912.500000007
2025-08-01 11:26:17 AM,358.3,300,107490.0,18617402.500000007
2025-08-01 11:26:22 AM,358.3,33,11823.9,18629226.400000006
2025-08-01 11:26:54 AM,358.0,30,10740.0,18639966.400000006
2025-08-01 11:28:37 AM,358.0,1,358.0,18640324.400000006
2025-08-01 11:28:43 AM,357.95,0,0.0,18640324.400000006
2025-08-01 11:28:45 AM,357.95,48,17181.6,18657506.000000007
2025-08-01 11:28:53 AM,357.55,0,0.0,18657506.000000007
2025-08-01 11:28:55 AM,357.55,5,1787.75,18659293.750000007
2025-08-01 11:29:27 AM,357.85,0,0.0,18659293.750000007
2025-08-01 11:29:30 AM,357.85,5,1789.25,18661083.000000007
2025-08-01 11:31:07 AM,357.5,0,0.0,18661083.000000007
2025-08-01 11:31:08 AM,357.5,20,7150.0,18668233.000000007
2025-08-01 11:33:41 AM,357.5,15,5362.5,18673595.500000007
2025-08-01 11:36:08 AM,357.65,0,0.0,18673595.500000007
2025-08-01 11:36:12 AM,357.65,2,715.3,18674310.80000001
2025-08-01 11:36:13 AM,357.7,0,0.0,18674310.80000001
2025-08-01 11:36:17 AM,357.7,15,5365.5,18679676.30000001
2025-08-01 11:36:34 AM,357.95,0,0.0,18679676.30000001
2025-08-01 11:36:37 AM,357.95,40,14318.0,18693994.30000001
2025-08-01 11:36:43 AM,357.95,21,7516.95,18701511.250000007
2025-08-01 11:37:30 AM,357.7,0,0.0,18701511.250000007
2025-08-01 11:37:31 AM,357.7,51,18242.7,18719753.950000007
2025-08-01 11:37:49 AM,357.5,0,0.0,18719753.950000007
2025-08-01 11:37:51 AM,357.5,49,17517.5,18737271.450000007
2025-08-01 11:38:05 AM,357.9,0,0.0,18737271.450000007
2025-08-01 11:38:06 AM,357.9,50,17895.0,18755166.450000007
2025-08-01 11:38:20 AM,357.55,0,0.0,18755166.450000007
2025-08-01 11:38:21 AM,357.55,1,357.55,18755524.000000007
2025-08-01 11:38:45 AM,357.9,0,0.0,18755524.000000007
2025-08-01 11:38:47 AM,357.9,53,18968.699999999997,18774492.700000007
2025-08-01 11:38:47 AM,357.95,0,0.0,18774492.700000007
2025-08-01 11:38:48 AM,357.95,22,7874.9,18782367.600000005
2025-08-01 11:39:38 AM,357.5,0,0.0,18782367.600000005
2025-08-01 11:39:39 AM,357.0,222,79254.0,18861621.600000005
2025-08-01 11:39:44 AM,357.55,0,0.0,18861621.600000005
2025-08-01 11:39:45 AM,357.55,25,8938.75,18870560.350000005
2025-08-01 11:40:09 AM,357.15,0,0.0,18870560.350000005
2025-08-01 11:40:09 AM,357.15,68,24286.199999999997,18894846.550000004
2025-08-01 11:40:16 AM,357.0,215,76755.0,18971601.550000004
2025-08-01 11:40:21 AM,356.95,31,11065.449999999999,18982667.000000004
2025-08-01 11:40:45 AM,356.95,10,3569.5,18986236.500000004
2025-08-01 11:43:25 AM,357.2,0,0.0,18986236.500000004
2025-08-01 11:43:25 AM,357.2,130,46436.0,19032672.500000004
2025-08-01 11:44:31 AM,356.5,224,79856.0,19112528.500000004
2025-08-01 11:44:31 AM,356.65,0,0.0,19112528.500000004
2025-08-01 11:44:34 AM,356.7,0,0.0,19112528.500000004
2025-08-01 11:44:36 AM,356.3,101,35986.3,19148514.800000004
2025-08-01 11:45:39 AM,356.4,0,0.0,19148514.800000004
2025-08-01 11:45:41 AM,356.4,2,712.8,19149227.600000005
2025-08-01 11:48:47 AM,356.95,0,0.0,19149227.600000005
2025-08-01 11:48:47 AM,356.95,200,71390.0,19220617.600000005
2025-08-01 11:48:47 AM,357.15,31,11071.65,19231689.250000004
2025-08-01 11:48:51 AM,356.8,0,0.0,19231689.250000004
2025-08-01 11:48:52 AM,356.8,100,35680.0,19267369.250000004
2025-08-01 11:48:59 AM,356.75,0,0.0,19267369.250000004
2025-08-01 11:49:02 AM,356.75,2,713.5,19268082.750000004
2025-08-01 11:49:05 AM,357.0,0,0.0,19268082.750000004
2025-08-01 11:49:07 AM,357.0,269,96033.0,19364115.750000004
2025-08-01 11:49:08 AM,357.25,41,14647.25,19378763.000000004
2025-08-01 11:49:31 AM,358.0,0,0.0,19378763.000000004
2025-08-01 11:49:34 AM,358.0,6180,2212440.0,21591203.000000004
2025-08-01 11:49:34 AM,358.0,902,322916.0,21914119.000000004
2025-08-01 11:49:36 AM,358.3,0,0.0,21914119.000000004
2025-08-01 11:49:39 AM,358.3,1,358.3,21914477.300000004
2025-08-01 11:49:39 AM,358.3,24,8599.2,21923076.500000004
2025-08-01 11:49:55 AM,358.15,10,3581.5,21926658.000000004
2025-08-01 11:50:08 AM,358.0,0,0.0,21926658.000000004
2025-08-01 11:50:10 AM,358.0,35,12530.0,21939188.000000004
2025-08-01 11:50:27 AM,358.3,0,0.0,21939188.000000004
2025-08-01 11:50:31 AM,358.3,1,358.3,21939546.300000004
2025-08-01 11:51:18 AM,358.05,0,0.0,21939546.300000004
2025-08-01 11:51:20 AM,358.05,18,6444.900000000001,21945991.200000003
2025-08-01 11:51:55 AM,358.05,5,1790.25,21947781.450000003
2025-08-01 11:52:15 AM,358.05,1,358.05,21948139.500000004
2025-08-01 11:53:20 AM,357.95,0,0.0,21948139.500000004
2025-08-01 11:53:21 AM,357.95,83,29709.85,21977849.350000005
2025-08-01 11:53:53 AM,358.05,0,0.0,21977849.350000005
2025-08-01 11:53:57 AM,358.05,5,1790.25,21979639.600000005
2025-08-01 11:54:02 AM,358.05,4,1432.2,21981071.800000004
2025-08-01 11:54:38 AM,358.05,1,358.05,21981429.850000005
2025-08-01 11:55:22 AM,357.8,0,0.0,21981429.850000005
2025-08-01 11:55:23 AM,357.8,20,7156.0,21988585.850000005
2025-08-01 11:55:25 AM,358.05,0,0.0,21988585.850000005
2025-08-01 11:55:28 AM,358.05,21,7519.05,21996104.900000006
2025-08-01 11:57:52 AM,357.9,0,0.0,21996104.900000006
2025-08-01 11:57:54 AM,357.9,23,8231.699999999999,22004336.600000005
2025-08-01 11:57:55 AM,357.9,5,1789.5,22006126.100000005
2025-08-01 11:57:59 AM,357.7,74,26469.8,22032595.900000006
2025-08-01 11:57:59 AM,356.9,0,0.0,22032595.900000006
2025-08-01 11:58:00 AM,356.9,3738,1334092.2,23366688.100000005
2025-08-01 11:58:01 AM,356.95,0,0.0,23366688.100000005
2025-08-01 11:58:04 AM,356.95,428,152774.6,23519462.700000007
2025-08-01 11:58:09 AM,356.25,0,0.0,23519462.700000007
2025-08-01 11:58:09 AM,356.25,644,229425.0,23748887.700000007
2025-08-01 11:58:12 AM,356.55,0,0.0,23748887.700000007
2025-08-01 11:58:14 AM,356.2,0,0.0,23748887.700000007
2025-08-01 11:58:15 AM,356.2,461,164208.19999999998,23913095.900000006
2025-08-01 11:58:19 AM,356.65,0,0.0,23913095.900000006
2025-08-01 11:58:21 AM,356.65,43,15335.949999999999,23928431.850000005
2025-08-01 11:58:30 AM,355.7,0,0.0,23928431.850000005
2025-08-01 11:58:31 AM,355.7,2275,809217.5,24737649.350000005
2025-08-01 11:58:33 AM,355.9,0,0.0,24737649.350000005
2025-08-01 11:58:36 AM,355.9,259,92178.09999999999,24829827.450000007
2025-08-01 11:58:44 AM,355.8,0,0.0,24829827.450000007
2025-08-01 11:58:47 AM,355.8,101,35935.8,24865763.250000007
2025-08-01 11:58:52 AM,355.65,0,0.0,24865763.250000007
2025-08-01 11:58:52 AM,355.65,22,7824.299999999999,24873587.55000001
2025-08-01 11:58:54 AM,355.6,1,355.6,24873943.15000001
2025-08-01 11:58:54 AM,355.5,0,0.0,24873943.15000001
2025-08-01 11:58:57 AM,355.5,9,3199.5,24877142.65000001
2025-08-01 11:58:58 AM,355.4,0,0.0,24877142.65000001
2025-08-01 11:58:59 AM,355.4,20,7108.0,24884250.65000001
2025-08-01 11:59:00 AM,355.4,518,184097.19999999998,25068347.85000001
2025-08-01 11:59:01 AM,355.4,75,26655.0,25095002.85000001
2025-08-01 11:59:07 AM,355.4,10,3554.0,25098556.85000001
2025-08-01 11:59:08 AM,355.35,0,0.0,25098556.85000001
2025-08-01 11:59:08 AM,355.35,482,171278.7,25269835.55000001
2025-08-01 11:59:09 AM,355.8,0,0.0,25269835.55000001
2025-08-01 11:59:09 AM,355.8,67,23838.600000000002,25293674.15000001
2025-08-01 11:59:22 AM,355.85,0,0.0,25293674.15000001
2025-08-01 11:59:22 AM,355.5,0,0.0,25293674.15000001
2025-08-01 11:59:22 AM,355.5,2,711.0,25294385.15000001
2025-08-01 11:59:29 AM,355.8,0,0.0,25294385.15000001
2025-08-01 11:59:29 AM,355.8,50,17790.0,25312175.15000001
2025-08-01 11:59:36 AM,356.4,494,176061.59999999998,25488236.75000001
2025-08-01 11:59:37 AM,356.7,0,0.0,25488236.75000001
2025-08-01 11:59:38 AM,356.7,62,22115.399999999998,25510352.15000001
2025-08-01 11:59:44 AM,356.5,35,12477.5,25522829.65000001
2025-08-01 11:59:45 AM,356.15,0,0.0,25522829.65000001
2025-08-01 11:59:45 AM,356.15,61,21725.149999999998,25544554.80000001
2025-08-01 11:59:51 AM,355.85,1,355.85,25544910.65000001
2025-08-01 12:00:06 PM,356.15,2,712.3,25545622.95000001
2025-08-01 12:03:59 PM,356.1,0,0.0,25545622.95000001
2025-08-01 12:04:00 PM,356.1,100,35610.0,25581232.95000001
2025-08-01 12:04:01 PM,356.05,0,0.0,25581232.95000001
2025-08-01 12:04:05 PM,356.05,22,7833.1,25589066.050000012
2025-08-01 12:06:12 PM,355.7,0,0.0,25589066.050000012
2025-08-01 12:06:13 PM,355.7,45,16006.5,25605072.550000012
2025-08-01 12:06:32 PM,355.45,0,0.0,25605072.550000012
2025-08-01 12:06:32 PM,355.45,200,71090.0,25676162.550000012
2025-08-01 12:06:33 PM,355.85,27,9607.95,25685770.50000001
2025-08-01 12:06:38 PM,355.85,1,355.85,25686126.350000013
2025-08-01 12:06:42 PM,356.0,0,0.0,25686126.350000013
2025-08-01 12:06:42 PM,356.0,5,1780.0,25687906.350000013
2025-08-01 12:07:07 PM,356.0,42,14952.0,25702858.350000013
2025-08-01 12:08:08 PM,355.35,201,71425.35,25774283.700000014
2025-08-01 12:08:08 PM,355.9,0,0.0,25774283.700000014
2025-08-01 12:08:08 PM,355.9,28,9965.199999999999,25784248.900000013
2025-08-01 12:08:13 PM,355.5,301,107005.5,25891254.400000013
2025-08-01 12:08:13 PM,355.5,33,11731.5,25902985.900000013
2025-08-01 12:08:42 PM,355.0,0,0.0,25902985.900000013
2025-08-01 12:08:43 PM,355.0,500,177500.0,26080485.900000013
2025-08-01 12:08:43 PM,355.5,56,19908.0,26100393.900000013
2025-08-01 12:08:48 PM,355.15,132,46879.799999999996,26147273.700000014
2025-08-01 12:09:13 PM,355.2,3,1065.6,26148339.300000016
2025-08-01 12:10:04 PM,355.9,0,0.0,26148339.300000016
2025-08-01 12:10:08 PM,355.9,220,78298.0,26226637.300000016
2025-08-01 12:10:08 PM,355.95,0,0.0,26226637.300000016
2025-08-01 12:10:13 PM,355.95,39,13882.05,26240519.350000016
2025-08-01 12:10:14 PM,355.6,0,0.0,26240519.350000016
2025-08-01 12:10:18 PM,355.6,158,56184.8,26296704.150000017
2025-08-01 12:10:22 PM,355.55,0,0.0,26296704.150000017
2025-08-01 12:10:23 PM,355.55,18,6399.900000000001,26303104.050000016
2025-08-01 12:13:20 PM,355.65,0,0.0,26303104.050000016
2025-08-01 12:13:22 PM,355.65,1,355.65,26303459.700000014
2025-08-01 12:13:30 PM,356.35,0,0.0,26303459.700000014
2025-08-01 12:13:32 PM,356.35,1322,471094.7,26774554.400000013
2025-08-01 12:13:32 PM,356.9,0,0.0,26774554.400000013
2025-08-01 12:13:34 PM,357.0,0,0.0,26774554.400000013
2025-08-01 12:13:37 PM,357.0,129,46053.0,26820607.400000013
2025-08-01 12:13:42 PM,356.85,29,10348.650000000001,26830956.050000012
2025-08-01 12:13:50 PM,357.15,0,0.0,26830956.050000012
2025-08-01 12:13:52 PM,357.15,1,357.15,26831313.20000001
2025-08-01 12:14:18 PM,356.75,0,0.0,26831313.20000001
2025-08-01 12:14:21 PM,356.75,5,1783.75,26833096.95000001
2025-08-01 12:18:19 PM,356.5,30,10695.0,26843791.95000001
2025-08-01 12:19:30 PM,356.45,12,4277.4,26848069.35000001
2025-08-01 12:19:55 PM,356.45,227,80914.15,26928983.500000007
2025-08-01 12:19:55 PM,356.8,0,0.0,26928983.500000007
2025-08-01 12:20:00 PM,356.8,34,12131.2,26941114.700000007
2025-08-01 12:20:00 PM,356.3,0,0.0,26941114.700000007
2025-08-01 12:20:00 PM,356.3,358,127555.40000000001,27068670.100000005
2025-08-01 12:20:01 PM,356.25,0,0.0,27068670.100000005
2025-08-01 12:20:05 PM,356.25,39,13893.75,27082563.850000005
2025-08-01 12:20:37 PM,356.25,1,356.25,27082920.100000005
2025-08-01 12:21:47 PM,356.1,0,0.0,27082920.100000005
2025-08-01 12:21:50 PM,356.1,1,356.1,27083276.200000007
2025-08-01 12:23:51 PM,356.0,9,3204.0,27086480.200000007
2025-08-01 12:23:56 PM,356.0,1,356.0,27086836.200000007
2025-08-01 12:24:03 PM,355.85,0,0.0,27086836.200000007
2025-08-01 12:24:06 PM,355.75,0,0.0,27086836.200000007
2025-08-01 12:24:06 PM,355.75,101,35930.75,27122766.950000007
2025-08-01 12:24:07 PM,356.0,0,0.0,27122766.950000007
2025-08-01 12:24:11 PM,355.75,0,0.0,27122766.950000007
2025-08-01 12:24:12 PM,355.75,21,7470.75,27130237.700000007
2025-08-01 12:24:16 PM,356.0,0,0.0,27130237.700000007
2025-08-01 12:24:17 PM,356.0,100,35600.0,27165837.700000007
2025-08-01 12:24:22 PM,356.0,12,4272.0,27170109.700000007
2025-08-01 12:24:48 PM,355.85,0,0.0,27170109.700000007
2025-08-01 12:24:50 PM,355.85,2,711.7,27170821.400000006
2025-08-01 12:25:19 PM,355.65,0,0.0,27170821.400000006
2025-08-01 12:25:21 PM,355.65,100,35565.0,27206386.400000006
2025-08-01 12:26:46 PM,356.0,50,17800.0,27224186.400000006
2025-08-01 12:26:51 PM,356.0,17,6052.0,27230238.400000006
2025-08-01 12:27:01 PM,355.6,0,0.0,27230238.400000006
2025-08-01 12:27:02 PM,355.6,154,54762.4,27285000.800000004
2025-08-01 12:27:02 PM,355.95,0,0.0,27285000.800000004
2025-08-01 12:27:07 PM,355.95,17,6051.15,27291051.950000003
2025-08-01 12:27:26 PM,355.6,0,0.0,27291051.950000003
2025-08-01 12:27:27 PM,355.6,150,53340.0,27344391.950000003
2025-08-01 12:27:28 PM,355.9,0,0.0,27344391.950000003
2025-08-01 12:27:32 PM,355.9,17,6050.299999999999,27350442.250000004
2025-08-01 12:28:17 PM,355.85,0,0.0,27350442.250000004
2025-08-01 12:28:21 PM,355.85,3,1067.5500000000002,27351509.800000004
2025-08-01 12:28:51 PM,355.85,10,3558.5,27355068.300000004
2025-08-01 12:29:15 PM,355.95,59,21001.05,27376069.350000005
2025-08-01 12:31:14 PM,355.85,10,3558.5,27379627.850000005
2025-08-01 12:31:23 PM,355.85,11,3914.3500000000004,27383542.200000007
2025-08-01 12:32:56 PM,355.85,2,711.7,27384253.900000006
2025-08-01 12:33:21 PM,355.85,3,1067.5500000000002,27385321.450000007
2025-08-01 12:33:36 PM,355.85,5,1779.25,27387100.700000007
2025-08-01 12:34:17 PM,355.95,6,2135.7,27389236.400000006
2025-08-01 12:34:42 PM,355.85,0,0.0,27389236.400000006
2025-08-01 12:34:42 PM,355.85,3,1067.5500000000002,27390303.950000007
2025-08-01 12:34:48 PM,355.85,3,1067.5500000000002,27391371.500000007
2025-08-01 12:35:41 PM,355.6,0,0.0,27391371.500000007
2025-08-01 12:35:43 PM,355.7,745,264996.5,27656368.000000007
2025-08-01 12:35:44 PM,355.85,0,0.0,27656368.000000007
2025-08-01 12:35:49 PM,355.85,95,33805.75,27690173.750000007
2025-08-01 12:35:54 PM,355.65,0,0.0,27690173.750000007
2025-08-01 12:35:55 PM,355.65,3,1066.9499999999998,27691240.700000007
2025-08-01 12:36:32 PM,355.95,1,355.95,27691596.650000006
2025-08-01 12:37:19 PM,355.65,0,0.0,27691596.650000006
2025-08-01 12:37:21 PM,355.65,100,35565.0,27727161.650000006
2025-08-01 12:38:38 PM,355.6,0,0.0,27727161.650000006
2025-08-01 12:38:41 PM,355.6,185,65786.0,27792947.650000006
2025-08-01 12:38:43 PM,355.9,0,0.0,27792947.650000006
2025-08-01 12:38:45 PM,355.9,33,11744.699999999999,27804692.350000005
2025-08-01 12:38:47 PM,355.65,1,355.65,27805048.000000004
2025-08-01 12:38:54 PM,355.9,0,0.0,27805048.000000004
2025-08-01 12:38:55 PM,355.9,10,3559.0,27808607.000000004
2025-08-01 12:39:06 PM,355.65,0,0.0,27808607.000000004
2025-08-01 12:39:06 PM,355.65,168,59749.2,27868356.200000003
2025-08-01 12:39:40 PM,355.65,30,10669.5,27879025.700000003
2025-08-01 12:39:59 PM,355.1,0,0.0,27879025.700000003
2025-08-01 12:40:00 PM,355.1,4438,1575933.8,29454959.500000004
2025-08-01 12:40:00 PM,355.0,0,0.0,29454959.500000004
2025-08-01 12:40:01 PM,355.0,763,270865.0,29725824.500000004
2025-08-01 12:40:01 PM,355.05,0,0.0,29725824.500000004
2025-08-01 12:40:05 PM,355.05,606,215160.30000000002,29940984.800000004
2025-08-01 12:40:14 PM,355.3,0,0.0,29940984.800000004
2025-08-01 12:40:16 PM,355.3,9,3197.7000000000003,29944182.500000004
2025-08-01 12:40:54 PM,355.1,0,0.0,29944182.500000004
2025-08-01 12:40:57 PM,355.1,1,355.1,29944537.600000005
2025-08-01 12:41:52 PM,355.15,0,0.0,29944537.600000005
2025-08-01 12:41:54 PM,355.15,116,41197.399999999994,29985735.000000004
2025-08-01 12:42:00 PM,354.8,0,0.0,29985735.000000004
2025-08-01 12:42:00 PM,354.8,50,17740.0,30003475.000000004
2025-08-01 12:43:01 PM,355.3,261,92733.3,30096208.300000004
2025-08-01 12:43:02 PM,355.7,0,0.0,30096208.300000004
2025-08-01 12:43:07 PM,355.7,52,18496.399999999998,30114704.700000003
2025-08-01 12:45:46 PM,355.7,3,1067.1,30115771.800000004
2025-08-01 12:46:52 PM,355.7,10,3557.0,30119328.800000004
2025-08-01 12:47:06 PM,355.4,0,0.0,30119328.800000004
2025-08-01 12:47:08 PM,355.4,100,35540.0,30154868.800000004
2025-08-01 12:48:43 PM,355.35,100,35535.0,30190403.800000004
2025-08-01 12:49:22 PM,355.3,0,0.0,30190403.800000004
2025-08-01 12:49:22 PM,355.3,100,35530.0,30225933.800000004
2025-08-01 12:51:28 PM,355.25,0,0.0,30225933.800000004
2025-08-01 12:51:30 PM,355.25,1089,386867.25,30612801.050000004
2025-08-01 12:51:32 PM,355.15,0,0.0,30612801.050000004
2025-08-01 12:51:35 PM,355.15,109,38711.35,30651512.400000006
2025-08-01 12:51:46 PM,355.25,0,0.0,30651512.400000006
2025-08-01 12:51:50 PM,355.25,1,355.25,30651867.650000006
2025-08-01 12:53:01 PM,355.25,2,710.5,30652578.150000006
2025-08-01 12:53:42 PM,355.0,0,0.0,30652578.150000006
2025-08-01 12:53:45 PM,355.0,120,42600.0,30695178.150000006
2025-08-01 12:54:05 PM,355.0,84,29820.0,30724998.150000006
2025-08-01 12:54:45 PM,355.0,4,1420.0,30726418.150000006
2025-08-01 12:56:04 PM,355.2,0,0.0,30726418.150000006
2025-08-01 12:56:07 PM,355.2,1,355.2,30726773.350000005
2025-08-01 12:57:10 PM,355.15,0,0.0,30726773.350000005
2025-08-01 12:57:12 PM,355.15,10,3551.5,30730324.850000005
2025-08-01 12:58:33 PM,355.15,1,355.15,30730680.000000004
2025-08-01 12:59:08 PM,355.15,25,8878.75,30739558.750000004
2025-08-01 12:59:54 PM,355.0,0,0.0,30739558.750000004
2025-08-01 12:59:55 PM,355.0,10,3550.0,30743108.750000004
2025-08-01 01:00:23 PM,355.15,0,0.0,30743108.750000004
2025-08-01 01:00:26 PM,355.15,1,355.15,30743463.900000002
2025-08-01 01:00:37 PM,355.15,9,3196.35,30746660.250000004
2025-08-01 01:00:43 PM,355.15,2,710.3,30747370.550000004
2025-08-01 01:01:54 PM,355.15,1,355.15,30747725.700000003
2025-08-01 01:02:49 PM,355.0,0,0.0,30747725.700000003
2025-08-01 01:02:49 PM,355.0,25,8875.0,30756600.700000003
2025-08-01 01:03:04 PM,355.0,40,14200.0,30770800.700000003
2025-08-01 01:05:13 PM,354.95,0,0.0,30770800.700000003
2025-08-01 01:05:15 PM,354.85,0,0.0,30770800.700000003
2025-08-01 01:05:16 PM,354.85,26,9226.1,30780026.800000004
2025-08-01 01:05:19 PM,355.0,0,0.0,30780026.800000004
2025-08-01 01:05:21 PM,355.0,592,210160.0,30990186.800000004
2025-08-01 01:05:23 PM,355.25,0,0.0,30990186.800000004
2025-08-01 01:05:26 PM,355.25,62,22025.5,31012212.300000004
2025-08-01 01:06:29 PM,355.25,5,1776.25,31013988.550000004
2025-08-01 01:06:34 PM,355.15,11,3906.6499999999996,31017895.200000003
2025-08-01 01:06:41 PM,355.1,0,0.0,31017895.200000003
2025-08-01 01:06:44 PM,355.1,4,1420.4,31019315.6
2025-08-01 01:08:02 PM,355.1,6,2130.6000000000004,31021446.200000003
2025-08-01 01:09:02 PM,355.1,5,1775.5,31023221.700000003
2025-08-01 01:11:36 PM,355.25,1,355.25,31023576.950000003
2025-08-01 01:15:06 PM,355.45,0,0.0,31023576.950000003
2025-08-01 01:15:08 PM,355.45,298,105924.09999999999,31129501.050000004
2025-08-01 01:15:08 PM,355.7,0,0.0,31129501.050000004
2025-08-01 01:15:10 PM,355.7,36,12805.199999999999,31142306.250000004
2025-08-01 01:16:10 PM,355.15,0,0.0,31142306.250000004
2025-08-01 01:16:10 PM,355.15,205,72805.75,31215112.000000004
2025-08-01 01:16:14 PM,355.25,0,0.0,31215112.000000004
2025-08-01 01:16:15 PM,355.25,23,8170.75,31223282.750000004
2025-08-01 01:16:20 PM,355.15,0,0.0,31223282.750000004
2025-08-01 01:16:20 PM,355.15,3,1065.4499999999998,31224348.200000003
2025-08-01 01:17:06 PM,355.5,0,0.0,31224348.200000003
2025-08-01 01:17:08 PM,355.5,479,170284.5,31394632.700000003
2025-08-01 01:17:10 PM,355.5,54,19197.0,31413829.700000003
2025-08-01 01:17:30 PM,355.5,10,3555.0,31417384.700000003
2025-08-01 01:19:10 PM,355.45,0,0.0,31417384.700000003
2025-08-01 01:19:10 PM,355.45,11,3909.95,31421294.650000002
2025-08-01 01:19:42 PM,355.4,0,0.0,31421294.650000002
2025-08-01 01:19:44 PM,355.4,11,3909.3999999999996,31425204.05
2025-08-01 01:20:09 PM,355.45,1,355.45,31425559.5
2025-08-01 01:20:59 PM,355.45,149,52962.049999999996,31478521.55
2025-08-01 01:21:00 PM,355.75,0,0.0,31478521.55
2025-08-01 01:21:04 PM,355.75,2877,1023492.75,32502014.3
2025-08-01 01:21:04 PM,356.25,0,0.0,32502014.3
2025-08-01 01:21:06 PM,355.95,0,0.0,32502014.3
2025-08-01 01:21:09 PM,355.95,374,133125.3,32635139.6
2025-08-01 01:23:04 PM,355.7,0,0.0,32635139.6
2025-08-01 01:23:07 PM,355.7,11,3912.7,32639052.3
2025-08-01 01:23:44 PM,355.5,0,0.0,32639052.3
2025-08-01 01:23:46 PM,355.5,21,7465.5,32646517.8
2025-08-01 01:24:00 PM,355.3,1,355.3,32646873.1
2025-08-01 01:24:43 PM,355.2,0,0.0,32646873.1
2025-08-01 01:24:43 PM,355.2,63,22377.6,32669250.700000003
2025-08-01 01:24:46 PM,355.65,0,0.0,32669250.700000003
2025-08-01 01:24:48 PM,355.65,183,65083.95,32734334.650000002
2025-08-01 01:24:53 PM,355.6,0,0.0,32734334.650000002
2025-08-01 01:24:53 PM,355.6,15,5334.0,32739668.650000002
2025-08-01 01:26:53 PM,355.95,0,0.0,32739668.650000002
2025-08-01 01:26:56 PM,355.95,1000,355950.0,33095618.650000002
2025-08-01 01:26:57 PM,355.9,0,0.0,33095618.650000002
2025-08-01 01:27:01 PM,355.9,150,53385.0,33149003.650000002
2025-08-01 01:27:05 PM,355.75,0,0.0,33149003.650000002
2025-08-01 01:27:06 PM,355.75,94,33440.5,33182444.150000002
2025-08-01 01:27:53 PM,355.5,0,0.0,33182444.150000002
2025-08-01 01:27:55 PM,355.5,1,355.5,33182799.650000002
2025-08-01 01:27:59 PM,355.5,50,17775.0,33200574.650000002
2025-08-01 01:28:24 PM,355.5,8,2844.0,33203418.650000002
2025-08-01 01:28:44 PM,355.75,0,0.0,33203418.650000002
2025-08-01 01:28:48 PM,355.75,1014,360730.5,33564149.150000006
2025-08-01 01:28:48 PM,355.95,130,46273.5,33610422.650000006
2025-08-01 01:28:54 PM,355.05,0,0.0,33610422.650000006
2025-08-01 01:28:57 PM,355.05,1529,542871.4500000001,34153294.10000001
2025-08-01 01:28:57 PM,355.65,215,76464.75,34229758.85000001
2025-08-01 01:28:58 PM,355.6,0,0.0,34229758.85000001
2025-08-01 01:29:01 PM,355.6,1,355.6,34230114.45000001
2025-08-01 01:29:12 PM,355.35,0,0.0,34230114.45000001
2025-08-01 01:29:16 PM,355.35,85,30204.750000000004,34260319.20000001
2025-08-01 01:31:18 PM,355.4,0,0.0,34260319.20000001
2025-08-01 01:31:24 PM,355.4,100,35540.0,34295859.20000001
2025-08-01 01:32:03 PM,355.4,6,2132.3999999999996,34297991.60000001
2025-08-01 01:32:18 PM,355.4,1,355.4,34298347.00000001
2025-08-01 01:33:06 PM,354.85,0,0.0,34298347.00000001
2025-08-01 01:33:07 PM,354.85,203,72034.55,34370381.550000004
2025-08-01 01:33:28 PM,355.25,0,0.0,34370381.550000004
2025-08-01 01:33:31 PM,355.25,2,710.5,34371092.050000004
2025-08-01 01:39:00 PM,354.95,0,0.0,34371092.050000004
2025-08-01 01:39:02 PM,354.75,0,0.0,34371092.050000004
2025-08-01 01:39:02 PM,354.75,508,180213.0,34551305.050000004
2025-08-01 01:39:04 PM,354.8,0,0.0,34551305.050000004
2025-08-01 01:39:08 PM,354.8,51,18094.8,34569399.85
2025-08-01 01:39:19 PM,354.6,10,3546.0,34572945.85
2025-08-01 01:40:04 PM,354.65,0,0.0,34572945.85
2025-08-01 01:40:04 PM,354.65,30,10639.5,34583585.35
2025-08-01 01:40:48 PM,354.6,0,0.0,34583585.35
2025-08-01 01:40:50 PM,354.6,30,10638.0,34594223.35
2025-08-01 01:40:50 PM,354.85,0,0.0,34594223.35
2025-08-01 01:40:54 PM,354.85,100,35485.0,34629708.35
2025-08-01 01:41:42 PM,354.4,0,0.0,34629708.35
2025-08-01 01:41:43 PM,354.4,50,17720.0,34647428.35
2025-08-01 01:41:44 PM,354.7,0,0.0,34647428.35
2025-08-01 01:41:48 PM,354.7,30,10641.0,34658069.35
2025-08-01 01:41:50 PM,354.75,0,0.0,34658069.35
2025-08-01 01:41:53 PM,354.75,28,9933.0,34668002.35
2025-08-01 01:42:33 PM,354.75,50,17737.5,34685739.85
2025-08-01 01:42:42 PM,354.9,0,0.0,34685739.85
2025-08-01 01:42:42 PM,354.9,200,70980.0,34756719.85
2025-08-01 01:42:42 PM,355.0,28,9940.0,34766659.85
2025-08-01 01:42:56 PM,354.75,0,0.0,34766659.85
2025-08-01 01:42:57 PM,354.75,20,7095.0,34773754.85
2025-08-01 01:43:14 PM,355.0,0,0.0,34773754.85
2025-08-01 01:43:17 PM,355.0,7,2485.0,34776239.85
2025-08-01 01:44:20 PM,354.95,0,0.0,34776239.85
2025-08-01 01:44:22 PM,354.95,10,3549.5,34779789.35
2025-08-01 01:44:26 PM,354.6,0,0.0,34779789.35
2025-08-01 01:44:27 PM,354.6,2,709.2,34780498.550000004
2025-08-01 01:46:31 PM,354.6,4,1418.4,34781916.95
2025-08-01 01:46:44 PM,354.9,0,0.0,34781916.95
2025-08-01 01:46:46 PM,354.9,25,8872.5,34790789.45
2025-08-01 01:48:18 PM,354.85,0,0.0,34790789.45
2025-08-01 01:48:21 PM,354.85,11,3903.3500000000004,34794692.800000004
2025-08-01 01:48:36 PM,354.95,50,17747.5,34812440.300000004
2025-08-01 01:50:01 PM,354.6,0,0.0,34812440.300000004
2025-08-01 01:50:03 PM,354.6,35,12411.0,34824851.300000004
2025-08-01 01:51:34 PM,354.85,0,0.0,34824851.300000004
2025-08-01 01:51:36 PM,354.85,1,354.85,34825206.150000006
2025-08-01 01:51:58 PM,354.6,0,0.0,34825206.150000006
2025-08-01 01:52:00 PM,354.6,6,2127.6000000000004,34827333.75000001
2025-08-01 01:52:31 PM,354.6,24,8510.400000000001,34835844.150000006
2025-08-01 01:52:34 PM,354.6,22,7801.200000000001,34843645.35000001
2025-08-01 01:53:04 PM,354.6,55,19503.0,34863148.35000001
2025-08-01 01:53:05 PM,354.8,0,0.0,34863148.35000001
2025-08-01 01:53:09 PM,354.8,30,10644.0,34873792.35000001
2025-08-01 01:53:22 PM,354.85,0,0.0,34873792.35000001
2025-08-01 01:53:23 PM,354.85,50,17742.5,34891534.85000001
2025-08-01 01:55:43 PM,354.85,1,354.85,34891889.70000001
2025-08-01 01:56:27 PM,354.35,278,98509.3,34990399.00000001
2025-08-01 01:56:27 PM,354.8,36,12772.800000000001,35003171.800000004
2025-08-01 01:58:16 PM,354.8,1,354.8,35003526.6
2025-08-01 02:00:16 PM,354.4,0,0.0,35003526.6
2025-08-01 02:00:17 PM,354.4,20,7088.0,35010614.6
2025-08-01 02:02:54 PM,354.45,0,0.0,35010614.6
2025-08-01 02:02:58 PM,354.45,64,22684.8,35033299.4
2025-08-01 02:03:13 PM,354.45,25,8861.25,35042160.65
2025-08-01 02:03:23 PM,354.45,25,8861.25,35051021.9
2025-08-01 02:03:38 PM,354.45,50,17722.5,35068744.4
2025-08-01 02:03:53 PM,354.45,10,3544.5,35072288.9
2025-08-01 02:04:12 PM,353.75,0,0.0,35072288.9
2025-08-01 02:04:13 PM,353.75,2009,710683.75,35782972.65
2025-08-01 02:04:14 PM,353.8,247,87388.6,35870361.25
2025-08-01 02:05:28 PM,353.85,0,0.0,35870361.25
2025-08-01 02:05:29 PM,353.85,1,353.85,35870715.1
2025-08-01 02:07:01 PM,353.8,100,35380.0,35906095.1
2025-08-01 02:07:36 PM,353.8,2,707.6,35906802.7
2025-08-01 02:08:12 PM,353.8,20,7076.0,35913878.7
2025-08-01 02:08:33 PM,352.9,1785,629926.5,36543805.2
2025-08-01 02:08:33 PM,352.8,0,0.0,36543805.2
2025-08-01 02:08:35 PM,352.65,0,0.0,36543805.2
2025-08-01 02:08:36 PM,352.55,0,0.0,36543805.2
2025-08-01 02:08:38 PM,352.6,157,55358.200000000004,36599163.400000006
2025-08-01 02:08:38 PM,352.75,0,0.0,36599163.400000006
2025-08-01 02:08:38 PM,352.75,232,81838.0,36681001.400000006
2025-08-01 02:09:03 PM,353.0,0,0.0,36681001.400000006
2025-08-01 02:09:04 PM,353.0,82,28946.0,36709947.400000006
2025-08-01 02:09:09 PM,352.75,1,352.75,36710300.150000006
2025-08-01 02:10:56 PM,352.5,0,0.0,36710300.150000006
2025-08-01 02:10:58 PM,352.75,0,0.0,36710300.150000006
2025-08-01 02:10:59 PM,352.75,145,51148.75,36761448.900000006
2025-08-01 02:11:36 PM,353.2,0,0.0,36761448.900000006
2025-08-01 02:11:36 PM,353.2,5,1766.0,36763214.900000006
2025-08-01 02:13:00 PM,353.35,0,0.0,36763214.900000006
2025-08-01 02:13:00 PM,353.35,70,24734.5,36787949.400000006
2025-08-01 02:13:00 PM,353.3,0,0.0,36787949.400000006
2025-08-01 02:13:03 PM,353.3,34,12012.2,36799961.60000001
2025-08-01 02:13:57 PM,353.15,98,34608.7,36834570.30000001
2025-08-01 02:14:11 PM,353.2,5,1766.0,36836336.30000001
2025-08-01 02:14:49 PM,353.15,0,0.0,36836336.30000001
2025-08-01 02:14:50 PM,353.15,50,17657.5,36853993.80000001
2025-08-01 02:15:03 PM,353.0,57,20121.0,36874114.80000001
2025-08-01 02:15:10 PM,353.2,0,0.0,36874114.80000001
2025-08-01 02:15:11 PM,353.2,10,3532.0,36877646.80000001
2025-08-01 02:15:57 PM,353.2,1,353.2,36878000.000000015
2025-08-01 02:16:19 PM,353.2,19,6710.8,36884710.80000001
2025-08-01 02:16:38 PM,353.3,0,0.0,36884710.80000001
2025-08-01 02:16:38 PM,353.3,1,353.3,36885064.10000001
2025-08-01 02:16:44 PM,353.3,2,706.6,36885770.70000001
2025-08-01 02:16:53 PM,353.25,1,353.25,36886123.95000001
2025-08-01 02:19:21 PM,353.25,13,4592.25,36890716.20000001
2025-08-01 02:19:21 PM,353.3,0,0.0,36890716.20000001
2025-08-01 02:19:26 PM,353.3,28,9892.4,36900608.60000001
2025-08-01 02:19:32 PM,353.15,65,22954.75,36923563.35000001
2025-08-01 02:19:46 PM,353.1,0,0.0,36923563.35000001
2025-08-01 02:19:48 PM,353.1,108,38134.8,36961698.150000006
2025-08-01 02:20:29 PM,353.1,10,3531.0,36965229.150000006
2025-08-01 02:20:34 PM,353.05,0,0.0,36965229.150000006
2025-08-01 02:20:34 PM,352.9,630,222327.0,37187556.150000006
2025-08-01 02:21:28 PM,352.5,0,0.0,37187556.150000006
2025-08-01 02:21:30 PM,352.5,1,352.5,37187908.650000006
2025-08-01 02:21:46 PM,352.5,1,352.5,37188261.150000006
2025-08-01 02:22:09 PM,352.65,0,0.0,37188261.150000006
2025-08-01 02:22:13 PM,352.65,54,19043.1,37207304.25000001
2025-08-01 02:22:17 PM,352.75,0,0.0,37207304.25000001
2025-08-01 02:22:18 PM,352.75,128,45152.0,37252456.25000001
2025-08-01 02:22:24 PM,352.9,3,1058.6999999999998,37253514.95000001
2025-08-01 02:22:34 PM,353.0,0,0.0,37253514.95000001
2025-08-01 02:22:34 PM,353.0,298,105194.0,37358708.95000001
2025-08-01 02:22:39 PM,353.0,71,25063.0,37383771.95000001
2025-08-01 02:22:53 PM,353.15,0,0.0,37383771.95000001
2025-08-01 02:22:55 PM,352.75,64,22576.0,37406347.95000001
2025-08-01 02:23:06 PM,352.6,100,35260.0,37441607.95000001
2025-08-01 02:24:28 PM,353.15,0,0.0,37441607.95000001
2025-08-01 02:24:31 PM,353.15,285,100647.75,37542255.70000001
2025-08-01 02:24:33 PM,352.95,0,0.0,37542255.70000001
2025-08-01 02:24:36 PM,352.95,50,17647.5,37559903.20000001
2025-08-01 02:24:52 PM,352.95,22,7764.9,37567668.10000001
2025-08-01 02:25:13 PM,352.9,0,0.0,37567668.10000001
2025-08-01 02:25:14 PM,352.9,1,352.9,37568021.00000001
2025-08-01 02:25:22 PM,352.85,0,0.0,37568021.00000001
2025-08-01 02:25:24 PM,352.85,5,1764.25,37569785.25000001
2025-08-01 02:25:35 PM,352.85,2,705.7,37570490.95000001
2025-08-01 02:26:38 PM,352.6,141,49716.600000000006,37620207.55000001
2025-08-01 02:27:05 PM,352.2,124,43672.799999999996,37663880.35000001
2025-08-01 02:27:17 PM,352.2,8,2817.6,37666697.95000001
2025-08-01 02:27:34 PM,352.35,0,0.0,37666697.95000001
2025-08-01 02:27:38 PM,352.35,1,352.35,37667050.30000001
2025-08-01 02:27:38 PM,352.2,24,8452.8,37675503.10000001
2025-08-01 02:27:58 PM,352.15,0,0.0,37675503.10000001
2025-08-01 02:27:59 PM,352.15,1,352.15,37675855.25000001
2025-08-01 02:28:04 PM,352.0,0,0.0,37675855.25000001
2025-08-01 02:28:05 PM,352.0,815,286880.0,37962735.25000001
2025-08-01 02:28:05 PM,352.15,127,44723.049999999996,38007458.300000004
2025-08-01 02:28:10 PM,352.2,0,0.0,38007458.300000004
2025-08-01 02:28:11 PM,352.2,10,3522.0,38010980.300000004
2025-08-01 02:28:16 PM,352.2,5,1761.0,38012741.300000004
2025-08-01 02:28:21 PM,352.2,111,39094.2,38051835.50000001
2025-08-01 02:28:47 PM,352.15,0,0.0,38051835.50000001
2025-08-01 02:28:48 PM,352.15,1,352.15,38052187.650000006
2025-08-01 02:29:00 PM,352.15,15,5282.25,38057469.900000006
2025-08-01 02:29:01 PM,352.1,0,0.0,38057469.900000006
2025-08-01 02:29:06 PM,352.1,3,1056.3000000000002,38058526.2
2025-08-01 02:29:31 PM,352.15,0,0.0,38058526.2
2025-08-01 02:29:34 PM,352.15,100,35215.0,38093741.2
2025-08-01 02:30:01 PM,352.1,0,0.0,38093741.2
2025-08-01 02:30:01 PM,352.1,9,3168.9,38096910.1
2025-08-01 02:30:02 PM,352.15,1,352.15,38097262.25
2025-08-01 02:30:06 PM,352.1,0,0.0,38097262.25
2025-08-01 02:30:07 PM,352.1,25,8802.5,38106064.75
2025-08-01 02:30:09 PM,352.2,0,0.0,38106064.75
2025-08-01 02:30:12 PM,352.4,0,0.0,38106064.75
2025-08-01 02:30:13 PM,352.4,475,167390.0,38273454.75
2025-08-01 02:30:14 PM,352.4,84,29601.6,38303056.35
2025-08-01 02:30:23 PM,352.15,82,28876.3,38331932.65
2025-08-01 02:30:59 PM,352.2,0,0.0,38331932.65
2025-08-01 02:31:00 PM,352.2,20,7044.0,38338976.65
2025-08-01 02:31:18 PM,352.4,229,80699.59999999999,38419676.25
2025-08-01 02:31:19 PM,352.75,55,19401.25,38439077.5
2025-08-01 02:32:03 PM,352.8,0,0.0,38439077.5
2025-08-01 02:32:05 PM,352.8,5,1764.0,38440841.5
2025-08-01 02:32:17 PM,353.0,0,0.0,38440841.5
2025-08-01 02:32:17 PM,353.0,50,17650.0,38458491.5
2025-08-01 02:32:21 PM,352.85,0,0.0,38458491.5
2025-08-01 02:32:22 PM,352.85,51,17995.350000000002,38476486.85
2025-08-01 02:33:11 PM,352.85,146,51516.100000000006,38528002.95
2025-08-01 02:33:44 PM,352.7,0,0.0,38528002.95
2025-08-01 02:33:46 PM,352.8,0,0.0,38528002.95
2025-08-01 02:33:50 PM,352.8,657,231789.6,38759792.550000004
2025-08-01 02:33:50 PM,352.85,0,0.0,38759792.550000004
2025-08-01 02:33:52 PM,352.85,261,92093.85,38851886.400000006
2025-08-01 02:33:55 PM,352.85,100,35285.0,38887171.400000006
2025-08-01 02:34:14 PM,352.8,0,0.0,38887171.400000006
2025-08-01 02:34:15 PM,352.8,4,1411.2,38888582.60000001
2025-08-01 02:34:38 PM,352.75,0,0.0,38888582.60000001
2025-08-01 02:34:39 PM,352.75,3,1058.25,38889640.85000001
2025-08-01 02:35:17 PM,352.5,0,0.0,38889640.85000001
2025-08-01 02:35:17 PM,352.5,20,7050.0,38896690.85000001
2025-08-01 02:35:22 PM,352.45,2,704.9,38897395.75000001
2025-08-01 02:35:28 PM,352.65,0,0.0,38897395.75000001
2025-08-01 02:35:28 PM,352.65,35,12342.75,38909738.50000001
2025-08-01 02:35:36 PM,352.8,100,35280.0,38945018.50000001
2025-08-01 02:36:14 PM,352.7,1,352.7,38945371.20000001
2025-08-01 02:36:30 PM,352.65,5,1763.25,38947134.45000001
2025-08-01 02:37:23 PM,352.65,34,11990.099999999999,38959124.55000001
2025-08-01 02:37:28 PM,352.7,0,0.0,38959124.55000001
2025-08-01 02:37:29 PM,352.7,52,18340.399999999998,38977464.95000001
2025-08-01 02:38:14 PM,352.5,0,0.0,38977464.95000001
2025-08-01 02:38:16 PM,352.5,22,7755.0,38985219.95000001
2025-08-01 02:38:22 PM,352.5,1,352.5,38985572.45000001
2025-08-01 02:38:28 PM,352.35,18,6342.3,38991914.75000001
2025-08-01 02:38:33 PM,352.35,22,7751.700000000001,38999666.45000001
2025-08-01 02:38:45 PM,352.35,34,11979.900000000001,39011646.35000001
2025-08-01 02:39:02 PM,352.35,1,352.35,39011998.70000001
2025-08-01 02:39:37 PM,352.35,13,4580.55,39016579.25000001
2025-08-01 02:40:08 PM,352.1,0,0.0,39016579.25000001
2025-08-01 02:40:10 PM,352.1,249,87672.90000000001,39104252.150000006
2025-08-01 02:40:14 PM,351.9,0,0.0,39104252.150000006
2025-08-01 02:40:16 PM,351.9,250,87975.0,39192227.150000006
2025-08-01 02:40:16 PM,352.3,0,0.0,39192227.150000006
2025-08-01 02:40:21 PM,352.3,65,22899.5,39215126.650000006
2025-08-01 02:40:35 PM,351.95,0,0.0,39215126.650000006
2025-08-01 02:40:37 PM,351.95,250,87987.5,39303114.150000006
2025-08-01 02:40:49 PM,352.05,1,352.05,39303466.2
2025-08-01 02:41:17 PM,352.05,10,3520.5,39306986.7
2025-08-01 02:41:27 PM,352.25,0,0.0,39306986.7
2025-08-01 02:41:27 PM,352.25,100,35225.0,39342211.7
2025-08-01 02:41:31 PM,351.9,0,0.0,39342211.7
2025-08-01 02:41:32 PM,351.9,100,35190.0,39377401.7
2025-08-01 02:41:33 PM,352.3,51,17967.3,39395369.0
2025-08-01 02:41:36 PM,352.25,0,0.0,39395369.0
2025-08-01 02:41:38 PM,352.25,7,2465.75,39397834.75
2025-08-01 02:41:45 PM,352.3,0,0.0,39397834.75
2025-08-01 02:41:48 PM,352.3,29,10216.7,39408051.45
2025-08-01 02:42:30 PM,352.45,0,0.0,39408051.45
2025-08-01 02:42:31 PM,352.45,60,21147.0,39429198.45
2025-08-01 02:43:13 PM,352.4,25,8810.0,39438008.45
2025-08-01 02:43:14 PM,351.95,100,35195.0,39473203.45
2025-08-01 02:43:51 PM,351.9,34,11964.599999999999,39485168.050000004
2025-08-01 02:45:05 PM,351.95,0,0.0,39485168.050000004
2025-08-01 02:45:10 PM,351.95,19,6687.05,39491855.1
2025-08-01 02:45:26 PM,352.15,0,0.0,39491855.1
2025-08-01 02:45:27 PM,352.15,1,352.15,39492207.25
2025-08-01 02:46:06 PM,351.5,609,214063.5,39706270.75
2025-08-01 02:46:12 PM,352.15,158,55639.7,39761910.45
2025-08-01 02:46:28 PM,352.25,0,0.0,39761910.45
2025-08-01 02:46:28 PM,352.25,31,10919.75,39772830.2
2025-08-01 02:47:01 PM,352.2,0,0.0,39772830.2
2025-08-01 02:47:01 PM,352.2,90,31698.0,39804528.2
2025-08-01 02:47:28 PM,352.25,0,0.0,39804528.2
2025-08-01 02:47:30 PM,352.25,50,17612.5,39822140.7
2025-08-01 02:47:32 PM,352.2,0,0.0,39822140.7
2025-08-01 02:47:35 PM,352.2,5,1761.0,39823901.7
2025-08-01 02:47:51 PM,352.25,0,0.0,39823901.7
2025-08-01 02:47:52 PM,352.25,28,9863.0,39833764.7
2025-08-01 02:48:03 PM,351.7,0,0.0,39833764.7
2025-08-01 02:48:04 PM,351.7,398,139976.6,39973741.300000004
2025-08-01 02:48:05 PM,352.2,74,26062.8,39999804.1
2025-08-01 02:49:17 PM,352.0,50,17600.0,40017404.1
2025-08-01 02:50:01 PM,352.0,1,352.0,40017756.1
2025-08-01 02:50:12 PM,352.35,0,0.0,40017756.1
2025-08-01 02:50:13 PM,352.35,60,21141.0,40038897.1
2025-08-01 02:50:23 PM,352.25,2,704.5,40039601.6
2025-08-01 02:50:59 PM,352.35,0,0.0,40039601.6
2025-08-01 02:51:00 PM,352.0,0,0.0,40039601.6
2025-08-01 02:51:01 PM,352.0,84,29568.0,40069169.6
2025-08-01 02:51:04 PM,352.35,0,0.0,40069169.6
2025-08-01 02:51:07 PM,352.35,1,352.35,40069521.95
2025-08-01 02:51:38 PM,351.95,0,0.0,40069521.95
2025-08-01 02:51:39 PM,351.95,12,4223.4,40073745.35
2025-08-01 02:52:23 PM,351.8,0,0.0,40073745.35
2025-08-01 02:52:26 PM,351.5,0,0.0,40073745.35
2025-08-01 02:52:27 PM,351.5,607,213360.5,40287105.85
2025-08-01 02:52:29 PM,351.9,0,0.0,40287105.85
2025-08-01 02:52:33 PM,351.9,91,32022.899999999998,40319128.75
2025-08-01 02:52:41 PM,351.95,0,0.0,40319128.75
2025-08-01 02:52:43 PM,351.95,25,8798.75,40327927.5
2025-08-01 02:52:48 PM,351.95,4,1407.8,40329335.3
2025-08-01 02:52:59 PM,351.65,1,351.65,40329686.949999996
2025-08-01 02:53:06 PM,351.9,0,0.0,40329686.949999996
2025-08-01 02:53:06 PM,351.9,10,3519.0,40333205.949999996
2025-08-01 02:54:09 PM,351.85,0,0.0,40333205.949999996
2025-08-01 02:54:09 PM,351.85,10,3518.5,40336724.449999996
2025-08-01 02:54:12 PM,351.6,12,4219.200000000001,40340943.65
2025-08-01 02:54:21 PM,351.85,0,0.0,40340943.65
2025-08-01 02:54:22 PM,351.85,3,1055.5500000000002,40341999.199999996
2025-08-01 02:54:27 PM,351.6,0,0.0,40341999.199999996
2025-08-01 02:54:27 PM,351.6,3,1054.8000000000002,40343053.99999999
2025-08-01 02:54:37 PM,351.85,0,0.0,40343053.99999999
2025-08-01 02:54:38 PM,351.85,22,7740.700000000001,40350794.699999996
2025-08-01 02:54:40 PM,351.6,0,0.0,40350794.699999996
2025-08-01 02:54:40 PM,351.6,9,3164.4,40353959.099999994
2025-08-01 02:54:46 PM,351.8,28,9850.4,40363809.49999999
2025-08-01 02:54:46 PM,351.5,0,0.0,40363809.49999999
2025-08-01 02:54:48 PM,351.5,50,17575.0,40381384.49999999
2025-08-01 02:55:42 PM,351.15,0,0.0,40381384.49999999
2025-08-01 02:55:42 PM,351.15,630,221224.5,40602608.99999999
2025-08-01 02:55:43 PM,351.6,0,0.0,40602608.99999999
2025-08-01 02:55:47 PM,351.6,101,35511.600000000006,40638120.599999994
2025-08-01 02:55:52 PM,351.35,30,10540.5,40648661.099999994
2025-08-01 02:56:26 PM,351.55,0,0.0,40648661.099999994
2025-08-01 02:56:27 PM,351.55,8,2812.4,40651473.49999999
2025-08-01 02:56:48 PM,351.55,10,3515.5,40654988.99999999
2025-08-01 02:56:49 PM,351.55,5,1757.75,40656746.74999999
2025-08-01 02:56:59 PM,351.55,667,234483.85,40891230.599999994
2025-08-01 02:57:00 PM,352.0,0,0.0,40891230.599999994
2025-08-01 02:57:05 PM,352.0,82,28864.0,40920094.599999994
2025-08-01 02:57:39 PM,351.85,37,13018.45,40933113.05
2025-08-01 02:58:11 PM,351.85,5,1759.25,40934872.3
2025-08-01 02:58:23 PM,351.85,28,9851.800000000001,40944724.099999994
2025-08-01 02:58:51 PM,351.85,4,1407.4,40946131.49999999
2025-08-01 02:59:20 PM,351.85,11,3870.3500000000004,40950001.849999994
2025-08-01 02:59:21 PM,352.15,250,88037.5,41038039.349999994
2025-08-01 02:59:23 PM,351.95,0,0.0,41038039.349999994
2025-08-01 02:59:25 PM,351.95,13,4575.349999999999,41042614.699999996
2025-08-01 02:59:42 PM,351.4,0,0.0,41042614.699999996
2025-08-01 02:59:42 PM,351.4,50,17570.0,41060184.699999996
2025-08-01 03:00:06 PM,351.6,2,703.2,41060887.9
2025-08-01 03:00:09 PM,351.45,0,0.0,41060887.9
2025-08-01 03:00:11 PM,351.05,1731,607667.55,41668555.449999996
2025-08-01 03:00:13 PM,351.05,42,14744.1,41683299.55
2025-08-01 03:00:14 PM,351.55,0,0.0,41683299.55
2025-08-01 03:00:17 PM,351.55,191,67146.05,41750445.599999994
2025-08-01 03:00:37 PM,350.95,10,3509.5,41753955.099999994
2025-08-01 03:00:40 PM,350.95,53,18600.35,41772555.449999996
2025-08-01 03:00:52 PM,350.95,35,12283.25,41784838.699999996
2025-08-01 03:01:10 PM,350.95,59,20706.05,41805544.74999999
2025-08-01 03:01:13 PM,350.95,1,350.95,41805895.699999996
2025-08-01 03:01:23 PM,350.95,5,1754.75,41807650.449999996
2025-08-01 03:01:50 PM,350.2,0,0.0,41807650.449999996
2025-08-01 03:01:52 PM,350.2,1925,674135.0,42481785.449999996
2025-08-01 03:01:58 PM,350.6,232,81339.20000000001,42563124.65
2025-08-01 03:02:00 PM,350.4,0,0.0,42563124.65
2025-08-01 03:02:02 PM,350.4,64,22425.6,42585550.25
2025-08-01 03:02:07 PM,350.2,0,0.0,42585550.25
2025-08-01 03:02:08 PM,350.2,799,279809.8,42865360.05
2025-08-01 03:02:11 PM,350.6,97,34008.200000000004,42899368.25
2025-08-01 03:02:12 PM,350.25,0,0.0,42899368.25
2025-08-01 03:02:14 PM,350.25,1,350.25,42899718.5
2025-08-01 03:02:20 PM,350.15,400,140060.0,43039778.5
2025-08-01 03:02:29 PM,350.05,900,315045.0,43354823.5
2025-08-01 03:02:35 PM,350.45,145,50815.25,43405638.75
2025-08-01 03:02:38 PM,350.0,290,101500.0,43507138.75
2025-08-01 03:02:48 PM,349.05,2641,921841.05,44428979.8
2025-08-01 03:02:54 PM,349.6,94,32862.4,44461842.199999996
2025-08-01 03:02:55 PM,349.1,0,0.0,44461842.199999996
2025-08-01 03:02:57 PM,349.05,241,84121.05,44545963.24999999
2025-08-01 03:03:01 PM,349.0,0,0.0,44545963.24999999
2025-08-01 03:03:03 PM,349.0,137,47813.0,44593776.24999999
2025-08-01 03:03:06 PM,348.9,33,11513.699999999999,44605289.949999996
2025-08-01 03:03:07 PM,348.55,0,0.0,44605289.949999996
2025-08-01 03:03:07 PM,348.9,0,0.0,44605289.949999996
2025-08-01 03:03:09 PM,348.9,6,2093.3999999999996,44607383.349999994
2025-08-01 03:03:12 PM,349.0,246,85854.0,44693237.349999994
2025-08-01 03:03:18 PM,349.2,0,0.0,44693237.349999994
2025-08-01 03:03:18 PM,349.2,74,25840.8,44719078.14999999
2025-08-01 03:03:28 PM,349.05,177,61781.85,44780859.99999999
2025-08-01 03:03:48 PM,349.35,0,0.0,44780859.99999999
2025-08-01 03:03:49 PM,349.35,18,6288.3,44787148.29999999
2025-08-01 03:03:54 PM,349.65,0,0.0,44787148.29999999
2025-08-01 03:03:54 PM,349.65,75,26223.75,44813372.04999999
2025-08-01 03:04:13 PM,349.5,200,69900.0,44883272.04999999
2025-08-01 03:04:16 PM,349.5,84,29358.0,44912630.04999999
2025-08-01 03:04:20 PM,349.75,61,21334.75,44933964.79999999
2025-08-01 03:04:21 PM,349.35,0,0.0,44933964.79999999
2025-08-01 03:04:22 PM,349.35,50,17467.5,44951432.29999999
2025-08-01 03:04:38 PM,349.85,40,13994.0,44965426.29999999
2025-08-01 03:05:02 PM,349.05,119,41536.950000000004,45006963.24999999
2025-08-01 03:05:05 PM,349.05,1,349.05,45007312.29999999
2025-08-01 03:05:17 PM,349.1,0,0.0,45007312.29999999
2025-08-01 03:05:19 PM,349.15,105,36660.75,45043973.04999999
2025-08-01 03:05:20 PM,349.3,0,0.0,45043973.04999999
2025-08-01 03:05:21 PM,349.35,68,23755.800000000003,45067728.84999999
2025-08-01 03:05:28 PM,349.15,500,174575.0,45242303.84999999
2025-08-01 03:05:34 PM,349.65,99,34615.35,45276919.19999999
2025-08-01 03:05:50 PM,349.9,0,0.0,45276919.19999999
2025-08-01 03:05:50 PM,349.9,10,3499.0,45280418.19999999
2025-08-01 03:06:43 PM,349.4,0,0.0,45280418.19999999
2025-08-01 03:06:45 PM,349.4,11,3843.3999999999996,45284261.59999999
2025-08-01 03:06:52 PM,349.2,0,0.0,45284261.59999999
2025-08-01 03:06:52 PM,349.2,311,108601.2,45392862.79999999
2025-08-01 03:06:57 PM,349.1,0,0.0,45392862.79999999
2025-08-01 03:06:58 PM,349.1,140,48874.0,45441736.79999999
2025-08-01 03:06:59 PM,349.5,0,0.0,45441736.79999999
2025-08-01 03:07:01 PM,349.5,52,18174.0,45459910.79999999
2025-08-01 03:07:07 PM,349.5,10,3495.0,45463405.79999999
2025-08-01 03:07:11 PM,349.5,50,17475.0,45480880.79999999
2025-08-01 03:07:25 PM,349.1,0,0.0,45480880.79999999
2025-08-01 03:07:26 PM,349.1,1004,350496.4,45831377.19999999
2025-08-01 03:07:31 PM,349.7,0,0.0,45831377.19999999
2025-08-01 03:07:32 PM,349.7,749,261925.3,46093302.499999985
2025-08-01 03:07:33 PM,349.75,0,0.0,46093302.499999985
2025-08-01 03:07:35 PM,349.75,101,35324.75,46128627.249999985
2025-08-01 03:07:38 PM,349.9,82,28691.8,46157319.04999998
2025-08-01 03:07:41 PM,349.3,200,69860.0,46227179.04999998
2025-08-01 03:07:45 PM,349.4,0,0.0,46227179.04999998
2025-08-01 03:07:47 PM,349.4,102,35638.799999999996,46262817.84999998
2025-08-01 03:07:56 PM,349.85,11,3848.3500000000004,46266666.19999998
2025-08-01 03:08:29 PM,349.75,0,0.0,46266666.19999998
2025-08-01 03:08:31 PM,349.75,2,699.5,46267365.69999998
2025-08-01 03:08:33 PM,349.45,25,8736.25,46276101.94999998
2025-08-01 03:08:56 PM,349.5,2,699.0,46276800.94999998
2025-08-01 03:09:09 PM,349.5,45,15727.5,46292528.44999998
2025-08-01 03:09:28 PM,349.65,20,6993.0,46299521.44999998
2025-08-01 03:09:34 PM,349.5,500,174750.0,46474271.44999998
2025-08-01 03:09:36 PM,349.5,2,699.0,46474970.44999998
2025-08-01 03:09:48 PM,349.25,2,698.5,46475668.94999998
2025-08-01 03:09:50 PM,349.5,281,98209.5,46573878.44999998
2025-08-01 03:09:53 PM,349.65,0,0.0,46573878.44999998
2025-08-01 03:09:55 PM,349.65,1,349.65,46574228.09999998
2025-08-01 03:10:05 PM,349.5,1,349.5,46574577.59999998
2025-08-01 03:10:09 PM,349.0,0,0.0,46574577.59999998
2025-08-01 03:10:09 PM,349.0,395,137855.0,46712432.59999998
2025-08-01 03:10:11 PM,349.1,0,0.0,46712432.59999998
2025-08-01 03:10:12 PM,349.1,63,21993.300000000003,46734425.899999976
2025-08-01 03:10:16 PM,349.2,10,3492.0,46737917.899999976
2025-08-01 03:10:20 PM,349.0,0,0.0,46737917.899999976
2025-08-01 03:10:23 PM,349.0,50,17450.0,46755367.899999976
2025-08-01 03:10:37 PM,349.0,4,1396.0,46756763.899999976
2025-08-01 03:10:43 PM,349.0,100,34900.0,46791663.899999976
2025-08-01 03:11:15 PM,348.9,40,13956.0,46805619.899999976
2025-08-01 03:11:21 PM,348.9,16,5582.4,46811202.299999975
2025-08-01 03:11:30 PM,348.9,30,10467.0,46821669.299999975
2025-08-01 03:11:33 PM,348.7,0,0.0,46821669.299999975
2025-08-01 03:11:34 PM,348.7,15,5230.5,46826899.799999975
2025-08-01 03:11:41 PM,349.0,180,62820.0,46889719.799999975
2025-08-01 03:11:43 PM,349.0,50,17450.0,46907169.799999975
2025-08-01 03:11:47 PM,349.0,11,3839.0,46911008.799999975
2025-08-01 03:12:04 PM,348.4,0,0.0,46911008.799999975
2025-08-01 03:12:07 PM,348.4,532,185348.8,47096357.59999997
2025-08-01 03:12:07 PM,348.85,0,0.0,47096357.59999997
2025-08-01 03:12:09 PM,348.85,61,21279.850000000002,47117637.44999997
2025-08-01 03:12:16 PM,349.0,0,0.0,47117637.44999997
2025-08-01 03:12:20 PM,349.05,502,175223.1,47292860.549999975
2025-08-01 03:12:22 PM,349.4,56,19566.399999999998,47312426.94999997
2025-08-01 03:12:26 PM,348.75,62,21622.5,47334049.44999997
2025-08-01 03:12:28 PM,349.0,100,34900.0,47368949.44999997
2025-08-01 03:12:35 PM,349.0,10,3490.0,47372439.44999997
2025-08-01 03:12:48 PM,348.95,3,1046.85,47373486.299999975
2025-08-01 03:12:55 PM,348.95,20,6979.0,47380465.299999975
2025-08-01 03:12:58 PM,348.95,66,23030.7,47403495.99999998
2025-08-01 03:13:21 PM,348.95,10,3489.5,47406985.49999998
2025-08-01 03:13:33 PM,348.95,30,10468.5,47417453.99999998
2025-08-01 03:13:40 PM,348.55,0,0.0,47417453.99999998
2025-08-01 03:13:42 PM,348.55,5,1742.75,47419196.74999998
2025-08-01 03:13:45 PM,348.95,2,697.9,47419894.649999976
2025-08-01 03:13:54 PM,348.8,30,10464.0,47430358.649999976
2025-08-01 03:14:00 PM,348.8,1,348.8,47430707.44999997
2025-08-01 03:14:03 PM,348.8,1,348.8,47431056.24999997
2025-08-01 03:14:26 PM,348.7,0,0.0,47431056.24999997
2025-08-01 03:14:28 PM,348.7,16,5579.2,47436635.44999997
2025-08-01 03:14:52 PM,348.7,153,53351.1,47489986.549999975
2025-08-01 03:14:54 PM,349.05,0,0.0,47489986.549999975
2025-08-01 03:14:55 PM,349.05,854,298088.7,47788075.24999998
2025-08-01 03:14:58 PM,349.0,248,86552.0,47874627.24999998
2025-08-01 03:15:05 PM,348.95,68,23728.6,47898355.84999998
2025-08-01 03:15:08 PM,348.8,67,23369.600000000002,47921725.44999998
2025-08-01 03:15:15 PM,348.7,0,0.0,47921725.44999998
2025-08-01 03:15:20 PM,348.95,17,5932.15,47927657.59999998
2025-08-01 03:15:27 PM,348.95,10,3489.5,47931147.09999998
2025-08-01 03:15:32 PM,348.85,0,0.0,47931147.09999998
2025-08-01 03:15:35 PM,348.85,40,13954.0,47945101.09999998
2025-08-01 03:15:37 PM,349.95,0,0.0,47945101.09999998
2025-08-01 03:15:38 PM,349.95,1426,499028.7,48444129.79999998
2025-08-01 03:15:41 PM,349.05,0,0.0,48444129.79999998
2025-08-01 03:15:42 PM,349.05,365,127403.25,48571533.04999998
2025-08-01 03:15:56 PM,349.4,0,0.0,48571533.04999998
2025-08-01 03:15:57 PM,348.85,577,201286.45,48772819.499999985
2025-08-01 03:16:01 PM,349.55,0,0.0,48772819.499999985
2025-08-01 03:16:04 PM,349.55,304,106263.2,48879082.69999999
2025-08-01 03:16:11 PM,349.55,20,6991.0,48886073.69999999
2025-08-01 03:16:25 PM,349.0,2,698.0,48886771.69999999
2025-08-01 03:16:32 PM,349.35,9,3144.15,48889915.84999999
2025-08-01 03:16:40 PM,349.0,211,73639.0,48963554.84999999
2025-08-01 03:16:42 PM,349.05,0,0.0,48963554.84999999
2025-08-01 03:16:45 PM,349.05,100,34905.0,48998459.84999999
2025-08-01 03:16:52 PM,349.4,1,349.4,48998809.249999985
2025-08-01 03:17:05 PM,349.05,5,1745.25,49000554.499999985
2025-08-01 03:17:07 PM,349.05,50,17452.5,49018006.999999985
2025-08-01 03:17:19 PM,349.0,100,34900.0,49052906.999999985
2025-08-01 03:17:27 PM,348.95,34,11864.3,49064771.29999998
2025-08-01 03:17:30 PM,348.9,0,0.0,49064771.29999998
2025-08-01 03:17:32 PM,348.9,25,8722.5,49073493.79999998
2025-08-01 03:17:44 PM,349.2,0,0.0,49073493.79999998
2025-08-01 03:17:45 PM,349.2,10,3492.0,49076985.79999998
2025-08-01 03:18:06 PM,348.85,10,3488.5,49080474.29999998
2025-08-01 03:18:09 PM,349.45,0,0.0,49080474.29999998
2025-08-01 03:18:11 PM,349.45,225,78626.25,49159100.54999998
2025-08-01 03:18:18 PM,349.5,57,19921.5,49179022.04999998
2025-08-01 03:18:24 PM,349.1,70,24437.0,49203459.04999998
2025-08-01 03:18:31 PM,349.45,0,0.0,49203459.04999998
2025-08-01 03:18:31 PM,349.45,68,23762.6,49227221.64999998
2025-08-01 03:19:01 PM,349.0,0,0.0,49227221.64999998
2025-08-01 03:19:03 PM,349.45,0,0.0,49227221.64999998
2025-08-01 03:19:03 PM,349.45,74,25859.3,49253080.94999998
2025-08-01 03:19:06 PM,349.35,496,173277.6,49426358.54999998
2025-08-01 03:19:09 PM,349.85,0,0.0,49426358.54999998
2025-08-01 03:19:10 PM,349.85,79,27638.15,49453996.69999998
2025-08-01 03:19:17 PM,349.45,136,47525.2,49501521.89999998
2025-08-01 03:19:24 PM,349.8,1,349.8,49501871.69999998
2025-08-01 03:19:44 PM,349.25,0,0.0,49501871.69999998
2025-08-01 03:19:45 PM,349.25,2,698.5,49502570.19999998
2025-08-01 03:19:49 PM,349.25,36,12573.0,49515143.19999998
2025-08-01 03:19:51 PM,349.25,2,698.5,49515841.69999998
2025-08-01 03:19:54 PM,349.55,0,0.0,49515841.69999998
2025-08-01 03:19:56 PM,349.05,102,35603.1,49551444.79999998
2025-08-01 03:20:02 PM,349.05,2,698.1,49552142.89999998
2025-08-01 03:20:03 PM,349.3,0,0.0,49552142.89999998
2025-08-01 03:20:05 PM,349.3,17,5938.1,49558080.999999985
2025-08-01 03:20:13 PM,349.05,250,87262.5,49645343.499999985
2025-08-01 03:20:15 PM,349.25,0,0.0,49645343.499999985
2025-08-01 03:20:18 PM,349.25,62,21653.5,49666996.999999985
2025-08-01 03:20:25 PM,349.6,669,233882.40000000002,49900879.39999998
2025-08-01 03:20:32 PM,349.7,287,100363.9,50001243.29999998
2025-08-01 03:20:39 PM,349.4,113,39482.2,50040725.499999985
2025-08-01 03:20:41 PM,349.1,1,349.1,50041074.59999999
2025-08-01 03:20:43 PM,349.55,0,0.0,50041074.59999999
2025-08-01 03:20:46 PM,349.55,27,9437.85,50050512.44999999
2025-08-01 03:20:52 PM,349.1,151,52714.100000000006,50103226.54999999
2025-08-01 03:20:57 PM,349.55,0,0.0,50103226.54999999
2025-08-01 03:20:59 PM,349.55,56,19574.8,50122801.34999999
2025-08-01 03:21:03 PM,349.05,0,0.0,50122801.34999999
2025-08-01 03:21:06 PM,349.05,100,34905.0,50157706.34999999
2025-08-01 03:21:41 PM,349.05,1,349.05,50158055.39999998
2025-08-01 03:21:56 PM,349.0,34,11866.0,50169921.39999998
2025-08-01 03:21:59 PM,349.15,0,0.0,50169921.39999998
2025-08-01 03:22:01 PM,349.15,6,2094.8999999999996,50172016.29999998
2025-08-01 03:22:09 PM,349.15,5,1745.75,50173762.04999998
2025-08-01 03:22:18 PM,349.1,0,0.0,50173762.04999998
2025-08-01 03:22:21 PM,349.1,62,21644.2,50195406.249999985
2025-08-01 03:22:35 PM,349.15,555,193778.25,50389184.499999985
2025-08-01 03:22:39 PM,349.3,0,0.0,50389184.499999985
2025-08-01 03:22:41 PM,349.3,95,33183.5,50422367.999999985
2025-08-01 03:23:03 PM,349.3,5,1746.5,50424114.499999985
2025-08-01 03:23:21 PM,348.5,1067,371849.5,50795963.999999985
2025-08-01 03:23:23 PM,349.15,20,6983.0,50802946.999999985
2025-08-01 03:23:26 PM,349.35,0,0.0,50802946.999999985
2025-08-01 03:23:28 PM,349.35,122,42620.700000000004,50845567.69999999
2025-08-01 03:23:34 PM,349.45,143,49971.35,50895539.04999999
2025-08-01 03:23:36 PM,349.6,0,0.0,50895539.04999999
2025-08-01 03:23:36 PM,349.6,11,3845.6000000000004,50899384.64999999
2025-08-01 03:23:46 PM,349.15,0,0.0,50899384.64999999
2025-08-01 03:23:47 PM,349.15,7,2444.0499999999997,50901828.69999999
2025-08-01 03:24:09 PM,349.55,50,17477.5,50919306.19999999
2025-08-01 03:24:16 PM,349.55,20,6991.0,50926297.19999999
2025-08-01 03:24:28 PM,349.55,3,1048.65,50927345.84999999
2025-08-01 03:24:34 PM,349.5,90,31455.0,50958800.84999999
2025-08-01 03:24:55 PM,349.55,114,39848.700000000004,50998649.54999999
2025-08-01 03:24:58 PM,349.5,0,0.0,50998649.54999999
2025-08-01 03:25:01 PM,349.5,5,1747.5,51000397.04999999
2025-08-01 03:25:04 PM,349.7,0,0.0,51000397.04999999
2025-08-01 03:25:07 PM,349.7,2,699.4,51001096.44999999
2025-08-01 03:25:14 PM,350.0,50,17500.0,51018596.44999999
2025-08-01 03:25:29 PM,350.0,133,46550.0,51065146.44999999
2025-08-01 03:25:34 PM,350.6,424,148654.40000000002,51213800.84999999
2025-08-01 03:25:38 PM,351.2,0,0.0,51213800.84999999
2025-08-01 03:25:40 PM,350.55,102,35756.1,51249556.94999999
2025-08-01 03:25:45 PM,350.3,0,0.0,51249556.94999999
2025-08-01 03:25:46 PM,350.3,134,46940.200000000004,51296497.14999999
2025-08-01 03:25:54 PM,350.5,515,180507.5,51477004.64999999
2025-08-01 03:25:55 PM,350.85,0,0.0,51477004.64999999
2025-08-01 03:26:00 PM,350.85,64,22454.4,51499459.04999999
2025-08-01 03:26:06 PM,350.15,101,35365.149999999994,51534824.19999999
2025-08-01 03:26:13 PM,349.95,87,30445.649999999998,51565269.84999999
2025-08-01 03:26:20 PM,349.85,10,3498.5,51568768.34999999
2025-08-01 03:26:25 PM,349.55,0,0.0,51568768.34999999
2025-08-01 03:26:27 PM,349.55,3,1048.65,51569816.999999985
2025-08-01 03:26:28 PM,349.5,0,0.0,51569816.999999985
2025-08-01 03:26:28 PM,349.5,22,7689.0,51577505.999999985
2025-08-01 03:26:40 PM,349.5,5,1747.5,51579253.499999985
2025-08-01 03:26:45 PM,349.35,0,0.0,51579253.499999985
2025-08-01 03:26:48 PM,349.35,17,5938.950000000001,51585192.44999999
2025-08-01 03:26:53 PM,349.35,30,10480.5,51595672.94999999
2025-08-01 03:26:54 PM,349.35,15,5240.25,51600913.19999999
2025-08-01 03:26:59 PM,349.35,30,10480.5,51611393.69999999
2025-08-01 03:27:01 PM,349.0,2199,767451.0,52378844.69999999
2025-08-01 03:27:04 PM,348.95,0,0.0,52378844.69999999
2025-08-01 03:27:06 PM,348.95,280,97706.0,52476550.69999999
2025-08-01 03:27:13 PM,348.95,29,10119.55,52486670.249999985
2025-08-01 03:27:15 PM,349.0,1056,368544.0,52855214.249999985
2025-08-01 03:27:20 PM,349.0,120,41880.0,52897094.249999985
2025-08-01 03:27:22 PM,349.0,9,3141.0,52900235.249999985
2025-08-01 03:27:27 PM,349.0,143,49907.0,52950142.249999985
2025-08-01 03:27:35 PM,348.85,151,52676.350000000006,53002818.59999999
2025-08-01 03:27:40 PM,349.0,0,0.0,53002818.59999999
2025-08-01 03:27:42 PM,349.0,2,698.0,53003516.59999999
2025-08-01 03:27:49 PM,349.0,9,3141.0,53006657.59999999
2025-08-01 03:27:56 PM,349.0,27,9423.0,53016080.59999999
2025-08-01 03:28:01 PM,348.95,0,0.0,53016080.59999999
2025-08-01 03:28:02 PM,348.95,157,54785.15,53070865.749999985
2025-08-01 03:28:11 PM,348.95,107,37337.65,53108203.39999998
2025-08-01 03:28:16 PM,348.9,60,20934.0,53129137.39999998
2025-08-01 03:28:23 PM,349.0,238,83062.0,53212199.39999998
2025-08-01 03:28:30 PM,349.0,26,9074.0,53221273.39999998
2025-08-01 03:28:32 PM,349.0,63,21987.0,53243260.39999998
2025-08-01 03:28:37 PM,349.0,7,2443.0,53245703.39999998
2025-08-01 03:28:44 PM,349.0,2,698.0,53246401.39999998
2025-08-01 03:28:51 PM,349.0,50,17450.0,53263851.39999998
2025-08-01 03:28:53 PM,348.8,43,14998.4,53278849.79999998
2025-08-01 03:28:57 PM,348.8,10,3488.0,53282337.79999998
2025-08-01 03:29:04 PM,348.55,0,0.0,53282337.79999998
2025-08-01 03:29:05 PM,348.55,107,37294.85,53319632.64999998
2025-08-01 03:29:07 PM,348.6,44,15338.400000000001,53334971.04999998
2025-08-01 03:29:10 PM,348.8,0,0.0,53334971.04999998
2025-08-01 03:29:13 PM,348.8,557,194281.6,53529252.64999998
2025-08-01 03:29:18 PM,348.6,0,0.0,53529252.64999998
2025-08-01 03:29:21 PM,348.4,233,81177.2,53610429.84999999
2025-08-01 03:29:23 PM,348.4,39,13587.599999999999,53624017.44999999
2025-08-01 03:29:23 PM,350.95,0,0.0,53624017.44999999
2025-08-01 03:29:28 PM,350.95,13,4562.349999999999,53628579.79999999
2025-08-01 03:29:36 PM,349.05,125,43631.25,53672211.04999999
2025-08-01 03:29:40 PM,349.0,0,0.0,53672211.04999999
2025-08-01 03:29:43 PM,349.3,276,96406.8,53768617.84999999
2025-08-01 03:29:50 PM,348.4,257,89538.79999999999,53858156.64999998
2025-08-01 03:29:53 PM,348.4,3,1045.1999999999998,53859201.84999999
2025-08-01 03:29:56 PM,350.75,0,0.0,53859201.84999999
2025-08-01 03:29:58 PM,350.75,21,7365.75,53866567.59999999
