date,price,qty,trnvr,cum_trnvr
2025-08-01 09:15:00 AM,21.11,1198770,25306034.7,25306034.7
2025-08-01 09:15:01 AM,21.07,4002,84322.14,25390356.84
2025-08-01 09:15:02 AM,21.09,90343,1905333.8699999999,27295690.71
2025-08-01 09:15:02 AM,21.1,10221,215663.1,27511353.810000002
2025-08-01 09:15:03 AM,21.14,19396,410031.44,27921385.250000004
2025-08-01 09:15:04 AM,21.14,1528,32301.920000000002,27953687.170000006
2025-08-01 09:15:05 AM,21.13,24017,507479.20999999996,28461166.380000006
2025-08-01 09:15:05 AM,21.13,1200,25356.0,28486522.380000006
2025-08-01 09:15:05 AM,21.1,0,0.0,28486522.380000006
2025-08-01 09:15:06 AM,21.1,11635,245498.50000000003,28732020.880000006
2025-08-01 09:15:07 AM,21.05,47648,1002990.4,29735011.280000005
2025-08-01 09:15:07 AM,21.02,72845,1531201.9,31266213.180000003
2025-08-01 09:15:08 AM,20.97,519656,10897186.32,42163399.5
2025-08-01 09:15:09 AM,20.97,4651,97531.47,42260930.97
2025-08-01 09:15:10 AM,20.94,5110,107003.40000000001,42367934.37
2025-08-01 09:15:10 AM,20.97,5050,105898.5,42473832.87
2025-08-01 09:15:11 AM,20.99,16000,335840.0,42809672.87
2025-08-01 09:15:12 AM,20.98,27056,567634.88,43377307.75
2025-08-01 09:15:12 AM,21.02,0,0.0,43377307.75
2025-08-01 09:15:13 AM,21.02,13757,289172.14,43666479.89
2025-08-01 09:15:14 AM,20.99,4805,100856.95,43767336.84
2025-08-01 09:15:14 AM,21.02,198,4161.96,43771498.800000004
2025-08-01 09:15:14 AM,21.0,0,0.0,43771498.800000004
2025-08-01 09:15:15 AM,21.0,8392,176232.0,43947730.800000004
2025-08-01 09:15:15 AM,21.03,0,0.0,43947730.800000004
2025-08-01 09:15:16 AM,21.05,23789,500758.45,44448489.25000001
2025-08-01 09:15:17 AM,21.05,35620,749801.0,45198290.25000001
2025-08-01 09:15:17 AM,21.06,0,0.0,45198290.25000001
2025-08-01 09:15:18 AM,21.09,7448,157078.32,45355368.57000001
2025-08-01 09:15:19 AM,21.09,1010,21300.9,45376669.470000006
2025-08-01 09:15:19 AM,21.1,5000,105500.0,45482169.470000006
2025-08-01 09:15:20 AM,21.12,78,1647.3600000000001,45483816.830000006
2025-08-01 09:15:21 AM,21.09,20000,421800.0,45905616.830000006
2025-08-01 09:15:21 AM,21.12,0,0.0,45905616.830000006
2025-08-01 09:15:22 AM,21.1,1580,33338.0,45938954.830000006
2025-08-01 09:15:22 AM,21.11,2,42.22,45938997.050000004
2025-08-01 09:15:23 AM,21.11,195,4116.45,45943113.50000001
2025-08-01 09:15:23 AM,21.13,5000,105650.0,46048763.50000001
2025-08-01 09:15:24 AM,21.13,8500,179605.0,46228368.50000001
2025-08-01 09:15:24 AM,21.13,1502,31737.26,46260105.760000005
2025-08-01 09:15:25 AM,21.13,6140,129738.2,46389843.96000001
2025-08-01 09:15:25 AM,21.13,5,105.64999999999999,46389949.61000001
2025-08-01 09:15:26 AM,21.12,11,232.32000000000002,46390181.93000001
2025-08-01 09:15:26 AM,21.13,1000,21130.0,46411311.93000001
2025-08-01 09:15:27 AM,21.12,205,4329.6,46415641.53000001
2025-08-01 09:15:27 AM,21.13,5014,105945.81999999999,46521587.35000001
2025-08-01 09:15:28 AM,21.13,1097,23179.61,46544766.96000001
2025-08-01 09:15:28 AM,21.14,6672,141046.08000000002,46685813.04000001
2025-08-01 09:15:28 AM,21.13,0,0.0,46685813.04000001
2025-08-01 09:15:29 AM,21.14,5100,107814.0,46793627.04000001
2025-08-01 09:15:29 AM,21.14,10,211.4,46793838.440000005
2025-08-01 09:15:30 AM,21.13,5300,111989.0,46905827.440000005
2025-08-01 09:15:31 AM,21.11,441240,9314576.4,56220403.84
2025-08-01 09:15:31 AM,21.11,11,232.20999999999998,56220636.050000004
2025-08-01 09:15:32 AM,21.11,200,4222.0,56224858.050000004
2025-08-01 09:15:32 AM,21.09,20497,432281.73,56657139.78
2025-08-01 09:15:33 AM,21.09,2205,46503.45,56703643.230000004
2025-08-01 09:15:33 AM,21.01,37235,782307.3500000001,57485950.580000006
2025-08-01 09:15:33 AM,21.03,0,0.0,57485950.580000006
2025-08-01 09:15:34 AM,21.03,2309,48558.270000000004,57534508.85000001
2025-08-01 09:15:34 AM,21.03,1051,22102.530000000002,57556611.38000001
2025-08-01 09:15:34 AM,21.04,0,0.0,57556611.38000001
2025-08-01 09:15:35 AM,21.0,4000,84000.0,57640611.38000001
2025-08-01 09:15:35 AM,21.04,250,5260.0,57645871.38000001
2025-08-01 09:15:36 AM,21.04,2811,59143.439999999995,57705014.82000001
2025-08-01 09:15:36 AM,21.04,500,10520.0,57715534.82000001
2025-08-01 09:15:36 AM,21.0,0,0.0,57715534.82000001
2025-08-01 09:15:36 AM,21.02,0,0.0,57715534.82000001
2025-08-01 09:15:37 AM,21.03,176646,3714865.3800000004,61430400.20000001
2025-08-01 09:15:38 AM,21.03,825,17349.75,61447749.95000001
2025-08-01 09:15:38 AM,21.06,0,0.0,61447749.95000001
2025-08-01 09:15:38 AM,21.07,0,0.0,61447749.95000001
2025-08-01 09:15:39 AM,21.07,24373,513539.11,61961289.06000001
2025-08-01 09:15:39 AM,21.08,110,2318.7999999999997,61963607.86000001
2025-08-01 09:15:39 AM,21.03,0,0.0,61963607.86000001
2025-08-01 09:15:40 AM,21.03,14470,304304.10000000003,62267911.96000001
2025-08-01 09:15:40 AM,21.0,19755,414855.0,62682766.96000001
2025-08-01 09:15:40 AM,21.04,0,0.0,62682766.96000001
2025-08-01 09:15:41 AM,21.03,6905,145212.15,62827979.11000001
2025-08-01 09:15:41 AM,21.03,18800,395364.0,63223343.11000001
2025-08-01 09:15:41 AM,21.02,0,0.0,63223343.11000001
2025-08-01 09:15:42 AM,21.02,18804,395260.08,63618603.190000005
2025-08-01 09:15:42 AM,21.08,500,10540.0,63629143.190000005
2025-08-01 09:15:42 AM,21.05,0,0.0,63629143.190000005
2025-08-01 09:15:43 AM,21.05,5000,105250.0,63734393.190000005
2025-08-01 09:15:43 AM,21.07,0,0.0,63734393.190000005
2025-08-01 09:15:44 AM,21.07,400,8428.0,63742821.190000005
2025-08-01 09:15:44 AM,21.07,20,421.4,63743242.59
2025-08-01 09:15:44 AM,21.07,300,6321.0,63749563.59
2025-08-01 09:15:45 AM,21.07,10,210.7,63749774.29000001
2025-08-01 09:15:45 AM,21.07,10,210.7,63749984.99000001
2025-08-01 09:15:46 AM,21.05,0,0.0,63749984.99000001
2025-08-01 09:15:46 AM,21.05,72,1515.6000000000001,63751500.59000001
2025-08-01 09:15:47 AM,21.07,1,21.07,63751521.66000001
2025-08-01 09:15:47 AM,21.07,51,1074.57,63752596.23000001
2025-08-01 09:15:49 AM,21.05,700,14735.0,63767331.23000001
2025-08-01 09:15:49 AM,21.07,36,758.52,63768089.750000015
2025-08-01 09:15:50 AM,21.07,20,421.4,63768511.15000001
2025-08-01 09:15:51 AM,21.07,315,6637.05,63775148.20000001
2025-08-01 09:15:52 AM,21.07,2200,46354.0,63821502.20000001
2025-08-01 09:15:53 AM,21.09,2600,54834.0,63876336.20000001
2025-08-01 09:15:53 AM,21.09,1250,26362.5,63902698.70000001
2025-08-01 09:15:53 AM,21.1,0,0.0,63902698.70000001
2025-08-01 09:15:54 AM,21.1,575,12132.5,63914831.20000001
2025-08-01 09:15:55 AM,21.1,100000,2110000.0,66024831.20000001
2025-08-01 09:15:56 AM,21.1,9801,206801.1,66231632.30000001
2025-08-01 09:15:57 AM,21.1,1200,25320.0,66256952.30000001
2025-08-01 09:15:57 AM,21.08,752,15852.159999999998,66272804.46000001
2025-08-01 09:15:58 AM,21.1,0,0.0,66272804.46000001
2025-08-01 09:15:59 AM,21.1,5302,111872.20000000001,66384676.66000001
2025-08-01 09:15:59 AM,21.08,0,0.0,66384676.66000001
2025-08-01 09:16:00 AM,21.1,21063,444429.30000000005,66829105.96000001
2025-08-01 09:16:00 AM,21.06,0,0.0,66829105.96000001
2025-08-01 09:16:01 AM,21.06,3212,67644.72,66896750.68000001
2025-08-01 09:16:03 AM,21.05,16884,355408.2,67252158.88000001
2025-08-01 09:16:05 AM,21.03,0,0.0,67252158.88000001
2025-08-01 09:16:09 AM,21.05,73215,1541175.75,68793334.63000001
2025-08-01 09:16:09 AM,21.06,0,0.0,68793334.63000001
2025-08-01 09:16:11 AM,21.03,21114,444027.42000000004,69237362.05000001
2025-08-01 09:16:13 AM,21.01,0,0.0,69237362.05000001
2025-08-01 09:16:17 AM,21.02,89917,1890055.3399999999,71127417.39000002
2025-08-01 09:16:19 AM,21.0,1074,22554.0,71149971.39000002
2025-08-01 09:16:20 AM,20.97,0,0.0,71149971.39000002
2025-08-01 09:16:23 AM,20.96,0,0.0,71149971.39000002
2025-08-01 09:16:26 AM,20.91,46701,976517.91,72126489.30000001
2025-08-01 09:16:27 AM,20.93,128180,2682807.4,74809296.70000002
2025-08-01 09:16:34 AM,20.93,138248,2893530.64,77702827.34000002
2025-08-01 09:16:35 AM,20.91,18843,394007.13,78096834.47000001
2025-08-01 09:16:41 AM,20.88,0,0.0,78096834.47000001
2025-08-01 09:16:42 AM,20.88,124290,2595175.1999999997,80692009.67000002
2025-08-01 09:16:44 AM,20.88,1407,29378.16,80721387.83000001
2025-08-01 09:16:50 AM,20.83,38075,793102.2499999999,81514490.08000001
2025-08-01 09:16:51 AM,20.82,0,0.0,81514490.08000001
2025-08-01 09:16:52 AM,20.82,2638,54923.16,81569413.24000001
2025-08-01 09:16:53 AM,20.81,0,0.0,81569413.24000001
2025-08-01 09:16:59 AM,20.83,29505,614589.1499999999,82184002.39000002
2025-08-01 09:17:00 AM,20.83,8190,170597.69999999998,82354600.09000002
2025-08-01 09:17:07 AM,20.89,89990,1879891.1,84234491.19000001
2025-08-01 09:17:08 AM,20.88,4416,92206.08,84326697.27000001
2025-08-01 09:17:09 AM,20.84,0,0.0,84326697.27000001
2025-08-01 09:17:11 AM,20.88,0,0.0,84326697.27000001
2025-08-01 09:17:15 AM,20.91,51777,1082657.07,85409354.34
2025-08-01 09:17:16 AM,20.88,1800,37584.0,85446938.34
2025-08-01 09:17:18 AM,20.85,0,0.0,85446938.34
2025-08-01 09:17:20 AM,20.88,0,0.0,85446938.34
2025-08-01 09:17:23 AM,20.87,106731,2227475.97,87674414.31
2025-08-01 09:17:24 AM,20.86,6678,139303.08,87813717.39
2025-08-01 09:17:26 AM,20.88,0,0.0,87813717.39
2025-08-01 09:17:28 AM,20.86,0,0.0,87813717.39
2025-08-01 09:17:31 AM,20.87,46813,976987.31,88790704.7
2025-08-01 09:17:32 AM,20.85,625,13031.25,88803735.95
2025-08-01 09:17:34 AM,20.83,0,0.0,88803735.95
2025-08-01 09:17:36 AM,20.85,0,0.0,88803735.95
2025-08-01 09:17:40 AM,20.85,49603,1034222.55,89837958.5
2025-08-01 09:17:48 AM,20.85,39668,827077.8,90665036.3
2025-08-01 09:17:49 AM,20.85,7528,156958.80000000002,90821995.1
2025-08-01 09:17:52 AM,20.84,0,0.0,90821995.1
2025-08-01 09:17:56 AM,20.84,29483,614425.72,91436420.82
2025-08-01 09:17:57 AM,20.84,1360,28342.4,91464763.22
2025-08-01 09:18:00 AM,20.82,0,0.0,91464763.22
2025-08-01 09:18:03 AM,20.84,0,0.0,91464763.22
2025-08-01 09:18:05 AM,20.82,56143,1168897.26,92633660.48
2025-08-01 09:18:06 AM,20.9,81944,1712629.5999999999,94346290.08
2025-08-01 09:18:08 AM,20.88,0,0.0,94346290.08
2025-08-01 09:18:13 AM,20.88,17382,362936.16,94709226.24
2025-08-01 09:18:14 AM,20.89,36734,767373.26,95476599.5
2025-08-01 09:18:16 AM,20.88,0,0.0,95476599.5
2025-08-01 09:18:21 AM,20.87,43830,914732.1000000001,96391331.6
2025-08-01 09:18:23 AM,20.85,15240,317754.0,96709085.6
2025-08-01 09:18:24 AM,20.9,0,0.0,96709085.6
2025-08-01 09:18:30 AM,20.9,42682,892053.7999999999,97601139.39999999
2025-08-01 09:18:31 AM,20.91,5718,119563.38,97720702.77999999
2025-08-01 09:18:34 AM,20.9,0,0.0,97720702.77999999
2025-08-01 09:18:38 AM,20.91,24172,505436.52,98226139.29999998
2025-08-01 09:18:39 AM,20.91,27299,570822.09,98796961.38999999
2025-08-01 09:18:40 AM,20.9,0,0.0,98796961.38999999
2025-08-01 09:18:46 AM,20.89,1673,34948.97,98831910.35999998
2025-08-01 09:18:47 AM,20.89,100,2089.0,98833999.35999998
2025-08-01 09:18:48 AM,20.9,0,0.0,98833999.35999998
2025-08-01 09:18:54 AM,20.9,6012,125650.79999999999,98959650.15999998
2025-08-01 09:18:55 AM,20.9,1550,32394.999999999996,98992045.15999998
2025-08-01 09:18:56 AM,20.89,0,0.0,98992045.15999998
2025-08-01 09:18:58 AM,20.88,0,0.0,98992045.15999998
2025-08-01 09:19:02 AM,20.86,86302,1800259.72,100792304.87999998
2025-08-01 09:19:03 AM,20.87,3078,64237.86,100856542.73999998
2025-08-01 09:19:04 AM,20.86,0,0.0,100856542.73999998
2025-08-01 09:19:10 AM,20.86,7995,166775.69999999998,101023318.43999998
2025-08-01 09:19:11 AM,20.85,58,1209.3000000000002,101024527.73999998
2025-08-01 09:19:12 AM,20.86,0,0.0,101024527.73999998
2025-08-01 09:19:18 AM,20.86,15612,325666.32,101350194.05999997
2025-08-01 09:19:21 AM,20.85,0,0.0,101350194.05999997
2025-08-01 09:19:26 AM,20.87,61091,1274969.1700000002,102625163.22999997
2025-08-01 09:19:28 AM,20.88,3541,73936.08,102699099.30999997
2025-08-01 09:19:29 AM,20.86,0,0.0,102699099.30999997
2025-08-01 09:19:34 AM,20.86,27480,573232.7999999999,103272332.10999997
2025-08-01 09:19:36 AM,20.85,1038,21642.300000000003,103293974.40999997
2025-08-01 09:19:37 AM,20.86,0,0.0,103293974.40999997
2025-08-01 09:19:42 AM,20.88,0,0.0,103293974.40999997
2025-08-01 09:19:43 AM,20.88,27248,568938.24,103862912.64999996
2025-08-01 09:19:44 AM,20.89,4554,95133.06,103958045.70999996
2025-08-01 09:19:45 AM,20.88,0,0.0,103958045.70999996
2025-08-01 09:19:51 AM,20.88,3342,69780.95999999999,104027826.66999996
2025-08-01 09:19:52 AM,20.9,1,20.9,104027847.56999996
2025-08-01 09:19:58 AM,20.89,0,0.0,104027847.56999996
2025-08-01 09:19:58 AM,20.9,0,0.0,104027847.56999996
2025-08-01 09:19:58 AM,20.9,35980,751982.0,104779829.56999996
2025-08-01 09:20:00 AM,20.9,6873,143645.69999999998,104923475.26999997
2025-08-01 09:20:06 AM,20.9,26002,543441.7999999999,105466917.06999996
2025-08-01 09:20:08 AM,20.9,10500,219449.99999999997,105686367.06999996
2025-08-01 09:20:13 AM,20.91,0,0.0,105686367.06999996
2025-08-01 09:20:14 AM,20.9,0,0.0,105686367.06999996
2025-08-01 09:20:14 AM,20.9,20959,438043.1,106124410.16999996
2025-08-01 09:20:16 AM,20.9,140,2926.0,106127336.16999996
2025-08-01 09:20:20 AM,20.89,0,0.0,106127336.16999996
2025-08-01 09:20:22 AM,20.88,0,0.0,106127336.16999996
2025-08-01 09:20:22 AM,20.88,64014,1336612.3199999998,107463948.48999995
2025-08-01 09:20:24 AM,20.88,5990,125071.2,107589019.68999995
2025-08-01 09:20:27 AM,20.9,0,0.0,107589019.68999995
2025-08-01 09:20:30 AM,20.9,77183,1613124.7,109202144.38999996
2025-08-01 09:20:32 AM,20.9,4,83.6,109202227.98999995
2025-08-01 09:20:38 AM,20.9,9299,194349.09999999998,109396577.08999994
2025-08-01 09:20:39 AM,20.9,2600,54339.99999999999,109450917.08999994
2025-08-01 09:20:40 AM,20.89,0,0.0,109450917.08999994
2025-08-01 09:20:44 AM,20.88,0,0.0,109450917.08999994
2025-08-01 09:20:46 AM,20.9,5504,115033.59999999999,109565950.68999994
2025-08-01 09:20:47 AM,20.92,21771,455449.32000000007,110021400.00999993
2025-08-01 09:20:51 AM,20.91,0,0.0,110021400.00999993
2025-08-01 09:20:54 AM,20.91,1854,38767.14,110060167.14999993
2025-08-01 09:20:54 AM,20.93,0,0.0,110060167.14999993
2025-08-01 09:20:55 AM,20.93,245,5127.85,110065294.99999993
2025-08-01 09:20:58 AM,20.92,0,0.0,110065294.99999993
2025-08-01 09:21:01 AM,20.92,4011,83910.12000000001,110149205.11999993
2025-08-01 09:21:02 AM,20.91,1507,31511.37,110180716.48999994
2025-08-01 09:21:05 AM,20.92,0,0.0,110180716.48999994
2025-08-01 09:21:09 AM,20.93,10793,225897.49,110406613.97999993
2025-08-01 09:21:12 AM,20.91,0,0.0,110406613.97999993
2025-08-01 09:21:14 AM,20.92,0,0.0,110406613.97999993
2025-08-01 09:21:17 AM,20.92,6847,143239.24000000002,110549853.21999992
2025-08-01 09:21:18 AM,20.92,1005,21024.600000000002,110570877.81999992
2025-08-01 09:21:19 AM,20.91,0,0.0,110570877.81999992
2025-08-01 09:21:21 AM,20.93,0,0.0,110570877.81999992
2025-08-01 09:21:25 AM,20.91,8422,176104.02,110746981.83999991
2025-08-01 09:21:26 AM,20.94,7900,165426.0,110912407.83999991
2025-08-01 09:21:26 AM,20.93,0,0.0,110912407.83999991
2025-08-01 09:21:28 AM,20.94,0,0.0,110912407.83999991
2025-08-01 09:21:33 AM,20.91,9331,195111.21,111107519.04999991
2025-08-01 09:21:33 AM,20.92,0,0.0,111107519.04999991
2025-08-01 09:21:34 AM,20.92,5980,125101.6,111232620.6499999
2025-08-01 09:21:35 AM,20.94,0,0.0,111232620.6499999
2025-08-01 09:21:38 AM,20.93,0,0.0,111232620.6499999
2025-08-01 09:21:40 AM,20.93,23930,500854.89999999997,111733475.54999991
2025-08-01 09:21:41 AM,20.94,30050,629247.0,112362722.54999991
2025-08-01 09:21:42 AM,20.93,0,0.0,112362722.54999991
2025-08-01 09:21:45 AM,20.94,0,0.0,112362722.54999991
2025-08-01 09:21:48 AM,20.94,4403,92198.82,112454921.3699999
2025-08-01 09:21:48 AM,20.96,0,0.0,112454921.3699999
2025-08-01 09:21:49 AM,20.94,24159,505889.46,112960810.8299999
2025-08-01 09:21:51 AM,20.95,0,0.0,112960810.8299999
2025-08-01 09:21:54 AM,20.96,0,0.0,112960810.8299999
2025-08-01 09:21:56 AM,20.95,18936,396709.2,113357520.0299999
2025-08-01 09:21:57 AM,20.94,8441,176754.54,113534274.5699999
2025-08-01 09:21:58 AM,20.95,0,0.0,113534274.5699999
2025-08-01 09:22:02 AM,20.92,0,0.0,113534274.5699999
2025-08-01 09:22:03 AM,20.92,61616,1289006.7200000002,114823281.2899999
2025-08-01 09:22:04 AM,20.92,100,2092.0,114825373.2899999
2025-08-01 09:22:06 AM,20.91,0,0.0,114825373.2899999
2025-08-01 09:22:08 AM,20.9,0,0.0,114825373.2899999
2025-08-01 09:22:11 AM,20.89,59120,1235016.8,116060390.0899999
2025-08-01 09:22:12 AM,20.9,600,12540.0,116072930.0899999
2025-08-01 09:22:12 AM,20.89,0,0.0,116072930.0899999
2025-08-01 09:22:15 AM,20.86,0,0.0,116072930.0899999
2025-08-01 09:22:18 AM,20.88,79735,1664866.7999999998,117737796.8899999
2025-08-01 09:22:19 AM,20.89,0,0.0,117737796.8899999
2025-08-01 09:22:20 AM,20.89,12821,267830.69,118005627.5799999
2025-08-01 09:22:22 AM,20.87,0,0.0,118005627.5799999
2025-08-01 09:22:26 AM,20.85,84896,1770081.6,119775709.17999989
2025-08-01 09:22:27 AM,20.83,14579,303680.56999999995,120079389.74999988
2025-08-01 09:22:29 AM,20.84,0,0.0,120079389.74999988
2025-08-01 09:22:34 AM,20.83,121571,2532323.9299999997,122611713.67999989
2025-08-01 09:22:34 AM,20.81,0,0.0,122611713.67999989
2025-08-01 09:22:35 AM,20.82,17794,370471.08,122982184.75999989
2025-08-01 09:22:37 AM,20.8,0,0.0,122982184.75999989
2025-08-01 09:22:41 AM,20.8,6570,136656.0,123118840.75999989
2025-08-01 09:22:43 AM,20.82,671,13970.22,123132810.97999988
2025-08-01 09:22:48 AM,20.8,0,0.0,123132810.97999988
2025-08-01 09:22:49 AM,20.82,2320,48302.4,123181113.37999989
2025-08-01 09:22:50 AM,20.84,27326,569473.84,123750587.2199999
2025-08-01 09:22:56 AM,20.83,17099,356172.17,124106759.3899999
2025-08-01 09:22:58 AM,20.83,2756,57407.479999999996,124164166.8699999
2025-08-01 09:23:00 AM,20.84,0,0.0,124164166.8699999
2025-08-01 09:23:04 AM,20.84,2835,59081.4,124223248.2699999
2025-08-01 09:23:06 AM,20.84,14,291.76,124223540.02999991
2025-08-01 09:23:08 AM,20.83,0,0.0,124223540.02999991
2025-08-01 09:23:09 AM,20.84,0,0.0,124223540.02999991
2025-08-01 09:23:12 AM,20.83,20909,435534.47,124659074.49999991
2025-08-01 09:23:13 AM,20.84,8362,174264.08,124833338.57999991
2025-08-01 09:23:19 AM,20.84,10365,216006.6,125049345.1799999
2025-08-01 09:23:21 AM,20.84,12100,252164.0,125301509.1799999
2025-08-01 09:23:21 AM,20.83,0,0.0,125301509.1799999
2025-08-01 09:23:22 AM,20.84,0,0.0,125301509.1799999
2025-08-01 09:23:27 AM,20.83,21414,446053.61999999994,125747562.79999991
2025-08-01 09:23:29 AM,20.83,108,2249.64,125749812.43999991
2025-08-01 09:23:34 AM,20.81,0,0.0,125749812.43999991
2025-08-01 09:23:35 AM,20.81,32728,681069.6799999999,126430882.11999992
2025-08-01 09:23:36 AM,20.82,14895,310113.9,126740996.01999992
2025-08-01 09:23:41 AM,20.81,0,0.0,126740996.01999992
2025-08-01 09:23:42 AM,20.82,10137,211052.34,126952048.35999992
2025-08-01 09:23:44 AM,20.81,32354,673286.74,127625335.09999992
2025-08-01 09:23:47 AM,20.82,0,0.0,127625335.09999992
2025-08-01 09:23:48 AM,20.83,0,0.0,127625335.09999992
2025-08-01 09:23:50 AM,20.82,13455,280133.1,127905468.19999991
2025-08-01 09:23:51 AM,20.82,2510,52258.2,127957726.39999992
2025-08-01 09:23:54 AM,20.81,0,0.0,127957726.39999992
2025-08-01 09:23:54 AM,20.82,0,0.0,127957726.39999992
2025-08-01 09:23:57 AM,20.82,16599,345591.18,128303317.57999992
2025-08-01 09:23:59 AM,20.82,3,62.46,128303380.03999992
2025-08-01 09:24:00 AM,20.81,0,0.0,128303380.03999992
2025-08-01 09:24:05 AM,20.82,6442,134122.44,128437502.47999991
2025-08-01 09:24:07 AM,20.82,713,14844.66,128452347.13999991
2025-08-01 09:24:07 AM,20.81,0,0.0,128452347.13999991
2025-08-01 09:24:13 AM,20.81,9340,194365.4,128646712.53999992
2025-08-01 09:24:14 AM,20.81,504,10488.24,128657200.77999991
2025-08-01 09:24:21 AM,20.82,4984,103766.88,128760967.6599999
2025-08-01 09:24:22 AM,20.81,24223,504080.62999999995,129265048.2899999
2025-08-01 09:24:26 AM,20.82,0,0.0,129265048.2899999
2025-08-01 09:24:28 AM,20.82,13409,279175.38,129544223.6699999
2025-08-01 09:24:30 AM,20.82,3012,62709.840000000004,129606933.5099999
2025-08-01 09:24:36 AM,20.82,12620,262748.4,129869681.9099999
2025-08-01 09:24:37 AM,20.81,728,15149.679999999998,129884831.58999991
2025-08-01 09:24:39 AM,20.82,0,0.0,129884831.58999991
2025-08-01 09:24:43 AM,20.81,61570,1281271.7,131166103.28999992
2025-08-01 09:24:45 AM,20.81,1669,34731.89,131200835.17999992
2025-08-01 09:24:51 AM,20.81,12206,254006.86,131454842.03999992
2025-08-01 09:24:53 AM,20.81,10,208.1,131455050.13999991
2025-08-01 09:24:58 AM,20.81,27217,566385.77,132021435.9099999
2025-08-01 09:25:00 AM,20.81,1239,25783.59,132047219.49999991
2025-08-01 09:25:04 AM,20.78,0,0.0,132047219.49999991
2025-08-01 09:25:05 AM,20.78,203419,4227046.82,136274266.3199999
2025-08-01 09:25:08 AM,20.77,11514,239145.78,136513412.0999999
2025-08-01 09:25:11 AM,20.73,0,0.0,136513412.0999999
2025-08-01 09:25:13 AM,20.73,75885,1573096.05,138086508.14999992
2025-08-01 09:25:15 AM,20.74,54970,1140077.7999999998,139226585.94999993
2025-08-01 09:25:18 AM,20.75,0,0.0,139226585.94999993
2025-08-01 09:25:20 AM,20.76,31492,653773.92,139880359.86999992
2025-08-01 09:25:23 AM,20.76,2052,42599.520000000004,139922959.38999993
2025-08-01 09:25:28 AM,20.76,3372,70002.72,139992962.10999992
2025-08-01 09:25:29 AM,20.75,0,0.0,139992962.10999992
2025-08-01 09:25:30 AM,20.75,384,7968.0,140000930.10999992
2025-08-01 09:25:30 AM,20.76,0,0.0,140000930.10999992
2025-08-01 09:25:35 AM,20.76,14770,306625.2,140307555.3099999
2025-08-01 09:25:38 AM,20.75,8949,185691.75,140493247.0599999
2025-08-01 09:25:43 AM,20.75,8303,172287.25,140665534.3099999
2025-08-01 09:25:45 AM,20.73,10921,226392.33000000002,140891926.63999993
2025-08-01 09:25:46 AM,20.75,0,0.0,140891926.63999993
2025-08-01 09:25:50 AM,20.75,5355,111116.25,141003042.88999993
2025-08-01 09:25:53 AM,20.73,5423,112418.79000000001,141115461.67999992
2025-08-01 09:25:58 AM,20.75,10874,225635.5,141341097.17999992
2025-08-01 09:25:59 AM,20.73,0,0.0,141341097.17999992
2025-08-01 09:26:00 AM,20.75,2760,57270.0,141398367.17999992
2025-08-01 09:26:05 AM,20.73,0,0.0,141398367.17999992
2025-08-01 09:26:06 AM,20.74,10483,217417.41999999998,141615784.5999999
2025-08-01 09:26:08 AM,20.74,862,17877.879999999997,141633662.4799999
2025-08-01 09:26:12 AM,20.72,0,0.0,141633662.4799999
2025-08-01 09:26:13 AM,20.74,6138,127302.12,141760964.5999999
2025-08-01 09:26:15 AM,20.74,3041,63070.34,141824034.9399999
2025-08-01 09:26:21 AM,20.73,19687,408111.51,142232146.4499999
2025-08-01 09:26:23 AM,20.74,1071,22212.539999999997,142254358.9899999
2025-08-01 09:26:29 AM,20.74,8343,173033.81999999998,142427392.80999988
2025-08-01 09:26:29 AM,20.73,0,0.0,142427392.80999988
2025-08-01 09:26:31 AM,20.75,2128,44156.0,142471548.80999988
2025-08-01 09:26:36 AM,20.73,0,0.0,142471548.80999988
2025-08-01 09:26:37 AM,20.73,3219,66729.87,142538278.6799999
2025-08-01 09:26:38 AM,20.79,121260,2520995.4,145059274.0799999
2025-08-01 09:26:39 AM,20.78,0,0.0,145059274.0799999
2025-08-01 09:26:42 AM,20.77,0,0.0,145059274.0799999
2025-08-01 09:26:44 AM,20.78,5621,116804.38,145176078.4599999
2025-08-01 09:26:46 AM,20.76,2,41.52,145176119.9799999
2025-08-01 09:26:48 AM,20.78,0,0.0,145176119.9799999
2025-08-01 09:26:52 AM,20.8,32663,679390.4,145855510.3799999
2025-08-01 09:26:53 AM,20.81,2,41.62,145855551.9999999
2025-08-01 09:26:58 AM,20.8,0,0.0,145855551.9999999
2025-08-01 09:26:59 AM,20.8,34351,714500.8,146570052.79999992
2025-08-01 09:27:01 AM,20.81,8923,185687.62999999998,146755740.42999992
2025-08-01 09:27:02 AM,20.8,0,0.0,146755740.42999992
2025-08-01 09:27:04 AM,20.81,0,0.0,146755740.42999992
2025-08-01 09:27:07 AM,20.81,18563,386296.02999999997,147142036.45999992
2025-08-01 09:27:08 AM,20.83,1355,28224.649999999998,147170261.10999992
2025-08-01 09:27:09 AM,20.81,0,0.0,147170261.10999992
2025-08-01 09:27:14 AM,20.8,12664,263411.2,147433672.3099999
2025-08-01 09:27:15 AM,20.8,2,41.6,147433713.9099999
2025-08-01 09:27:21 AM,20.8,1419,29515.2,147463229.1099999
2025-08-01 09:27:23 AM,20.81,525,10925.25,147474154.3599999
2025-08-01 09:27:24 AM,20.82,0,0.0,147474154.3599999
2025-08-01 09:27:29 AM,20.82,7322,152444.04,147626598.3999999
2025-08-01 09:27:30 AM,20.8,132,2745.6,147629343.99999988
2025-08-01 09:27:34 AM,20.81,0,0.0,147629343.99999988
2025-08-01 09:27:36 AM,20.82,10367,215840.94,147845184.93999988
2025-08-01 09:27:38 AM,20.81,0,0.0,147845184.93999988
2025-08-01 09:27:39 AM,20.82,0,0.0,147845184.93999988
2025-08-01 09:27:44 AM,20.81,7957,165585.16999999998,148010770.10999987
2025-08-01 09:27:44 AM,20.82,0,0.0,148010770.10999987
2025-08-01 09:27:45 AM,20.82,10000,208200.0,148218970.10999987
2025-08-01 09:27:51 AM,20.82,246,5121.72,148224091.82999986
2025-08-01 09:27:59 AM,20.82,13502,281111.64,148505203.46999985
2025-08-01 09:28:01 AM,20.82,24,499.68,148505703.14999986
2025-08-01 09:28:05 AM,20.83,0,0.0,148505703.14999986
2025-08-01 09:28:05 AM,20.81,0,0.0,148505703.14999986
2025-08-01 09:28:07 AM,20.82,14100,293562.0,148799265.14999986
2025-08-01 09:28:08 AM,20.82,13,270.66,148799535.80999985
2025-08-01 09:28:12 AM,20.8,0,0.0,148799535.80999985
2025-08-01 09:28:15 AM,20.82,4455,92753.1,148892288.90999985
2025-08-01 09:28:16 AM,20.82,5010,104308.2,148996597.10999984
2025-08-01 09:28:18 AM,20.81,0,0.0,148996597.10999984
2025-08-01 09:28:19 AM,20.82,0,0.0,148996597.10999984
2025-08-01 09:28:22 AM,20.8,14201,295380.8,149291977.90999985
2025-08-01 09:28:29 AM,20.78,0,0.0,149291977.90999985
2025-08-01 09:28:30 AM,20.8,13416,279052.8,149571030.70999986
2025-08-01 09:28:31 AM,20.78,203,4218.34,149575249.04999986
2025-08-01 09:28:34 AM,20.77,0,0.0,149575249.04999986
2025-08-01 09:28:38 AM,20.75,7529,156226.75,149731475.79999986
2025-08-01 09:28:39 AM,20.77,300,6231.0,149737706.79999986
2025-08-01 09:28:45 AM,20.77,5681,117994.37,149855701.16999987
2025-08-01 09:28:46 AM,20.77,2052,42620.04,149898321.20999986
2025-08-01 09:28:50 AM,20.76,0,0.0,149898321.20999986
2025-08-01 09:28:53 AM,20.77,13518,280768.86,150179090.06999987
2025-08-01 09:28:54 AM,20.77,4310,89518.7,150268608.76999986
2025-08-01 09:29:00 AM,20.75,3486,72334.5,150340943.26999986
2025-08-01 09:29:02 AM,20.77,0,0.0,150340943.26999986
2025-08-01 09:29:02 AM,20.77,289,6002.53,150346945.79999986
2025-08-01 09:29:03 AM,20.76,0,0.0,150346945.79999986
2025-08-01 09:29:08 AM,20.75,2564,53203.0,150400148.79999986
2025-08-01 09:29:08 AM,20.74,0,0.0,150400148.79999986
2025-08-01 09:29:10 AM,20.76,2315,48059.4,150448208.19999987
2025-08-01 09:29:14 AM,20.74,0,0.0,150448208.19999987
2025-08-01 09:29:16 AM,20.76,6870,142621.2,150590829.39999986
2025-08-01 09:29:17 AM,20.75,4060,84245.0,150675074.39999986
2025-08-01 09:29:19 AM,20.74,0,0.0,150675074.39999986
2025-08-01 09:29:23 AM,20.75,101096,2097742.0,152772816.39999986
2025-08-01 09:29:25 AM,20.75,1101,22845.75,152795662.14999986
2025-08-01 09:29:28 AM,20.74,0,0.0,152795662.14999986
2025-08-01 09:29:29 AM,20.75,0,0.0,152795662.14999986
2025-08-01 09:29:31 AM,20.74,8342,173013.08,152968675.22999987
2025-08-01 09:29:32 AM,20.75,610,12657.5,152981332.72999987
2025-08-01 09:29:38 AM,20.76,16141,335087.16000000003,153316419.88999987
2025-08-01 09:29:43 AM,20.75,0,0.0,153316419.88999987
2025-08-01 09:29:44 AM,20.73,0,0.0,153316419.88999987
2025-08-01 09:29:46 AM,20.75,32115,666386.25,153982806.13999987
2025-08-01 09:29:47 AM,20.75,1163,24132.25,154006938.38999987
2025-08-01 09:29:53 AM,20.75,2962,61461.5,154068399.88999987
2025-08-01 09:29:54 AM,20.75,1,20.75,154068420.63999987
2025-08-01 09:29:59 AM,20.73,0,0.0,154068420.63999987
2025-08-01 09:30:00 AM,20.75,0,0.0,154068420.63999987
2025-08-01 09:30:01 AM,20.75,10693,221879.75,154290300.38999987
2025-08-01 09:30:02 AM,20.75,5799,120329.25,154410629.63999987
2025-08-01 09:30:06 AM,20.74,0,0.0,154410629.63999987
2025-08-01 09:30:08 AM,20.74,7993,165774.81999999998,154576404.45999986
2025-08-01 09:30:14 AM,20.73,0,0.0,154576404.45999986
2025-08-01 09:30:16 AM,20.74,16561,343475.13999999996,154919879.59999985
2025-08-01 09:30:17 AM,20.74,4137,85801.37999999999,155005680.97999984
2025-08-01 09:30:23 AM,20.74,2991,62033.34,155067714.31999984
2025-08-01 09:30:24 AM,20.75,1,20.75,155067735.06999984
2025-08-01 09:30:27 AM,20.74,0,0.0,155067735.06999984
2025-08-01 09:30:31 AM,20.75,13544,281038.0,155348773.06999984
2025-08-01 09:30:38 AM,20.75,11624,241198.0,155589971.06999984
2025-08-01 09:30:39 AM,20.74,1050,21777.0,155611748.06999984
2025-08-01 09:30:42 AM,20.75,0,0.0,155611748.06999984
2025-08-01 09:30:45 AM,20.75,4206,87274.5,155699022.56999984
2025-08-01 09:30:46 AM,20.74,1651,34241.74,155733264.30999985
2025-08-01 09:30:48 AM,20.75,0,0.0,155733264.30999985
2025-08-01 09:30:51 AM,20.76,0,0.0,155733264.30999985
2025-08-01 09:30:53 AM,20.76,20876,433385.76,156166650.06999984
2025-08-01 09:30:54 AM,20.76,10,207.60000000000002,156166857.66999984
2025-08-01 09:31:00 AM,20.76,2865,59477.4,156226335.06999984
2025-08-01 09:31:08 AM,20.76,11760,244137.6,156470472.66999984
2025-08-01 09:31:08 AM,20.75,444,9213.0,156479685.66999984
2025-08-01 09:31:10 AM,20.76,0,0.0,156479685.66999984
2025-08-01 09:31:11 AM,20.73,0,0.0,156479685.66999984
2025-08-01 09:31:15 AM,20.75,0,0.0,156479685.66999984
2025-08-01 09:31:15 AM,20.75,31301,649495.75,157129181.41999984
2025-08-01 09:31:16 AM,20.75,35,726.25,157129907.66999984
2025-08-01 09:31:17 AM,20.74,0,0.0,157129907.66999984
2025-08-01 09:31:23 AM,20.73,12146,251786.58000000002,157381694.24999985
2025-08-01 09:31:27 AM,20.75,0,0.0,157381694.24999985
2025-08-01 09:31:29 AM,20.74,0,0.0,157381694.24999985
2025-08-01 09:31:30 AM,20.75,1348,27971.0,157409665.24999985
2025-08-01 09:31:33 AM,20.74,0,0.0,157409665.24999985
2025-08-01 09:31:35 AM,20.75,0,0.0,157409665.24999985
2025-08-01 09:31:37 AM,20.75,4394,91175.5,157500840.74999985
2025-08-01 09:31:37 AM,20.75,5025,104268.75,157605109.49999985
2025-08-01 09:31:44 AM,20.75,9178,190443.5,157795552.99999985
2025-08-01 09:31:45 AM,20.74,0,0.0,157795552.99999985
2025-08-01 09:31:47 AM,20.75,0,0.0,157795552.99999985
2025-08-01 09:31:51 AM,20.75,15120,313740.0,158109292.99999985
2025-08-01 09:31:51 AM,20.75,585,12138.75,158121431.74999985
2025-08-01 09:31:56 AM,20.74,0,0.0,158121431.74999985
2025-08-01 09:31:58 AM,20.74,3573,74104.01999999999,158195535.76999986
2025-08-01 09:32:02 AM,20.75,0,0.0,158195535.76999986
2025-08-01 09:32:05 AM,20.75,6535,135601.25,158331137.01999986
2025-08-01 09:32:12 AM,20.76,29027,602600.52,158933737.53999987
2025-08-01 09:32:19 AM,20.76,35806,743332.56,159677070.09999987
2025-08-01 09:32:19 AM,20.75,0,0.0,159677070.09999987
2025-08-01 09:32:25 AM,20.78,0,0.0,159677070.09999987
2025-08-01 09:32:26 AM,20.78,40209,835543.02,160512613.1199999
2025-08-01 09:32:31 AM,20.79,0,0.0,160512613.1199999
2025-08-01 09:32:33 AM,20.79,5638,117214.01999999999,160629827.1399999
2025-08-01 09:32:33 AM,20.79,47,977.13,160630804.2699999
2025-08-01 09:32:37 AM,20.78,0,0.0,160630804.2699999
2025-08-01 09:32:39 AM,20.79,4017,83513.43,160714317.6999999
2025-08-01 09:32:43 AM,20.78,0,0.0,160714317.6999999
2025-08-01 09:32:47 AM,20.81,11751,244538.31,160958856.0099999
2025-08-01 09:32:49 AM,20.8,0,0.0,160958856.0099999
2025-08-01 09:32:54 AM,20.81,1642,34170.02,160993026.0299999
2025-08-01 09:32:55 AM,20.82,0,0.0,160993026.0299999
2025-08-01 09:33:00 AM,20.81,23193,482646.32999999996,161475672.35999992
2025-08-01 09:33:00 AM,20.81,456,9489.359999999999,161485161.71999994
2025-08-01 09:33:07 AM,20.82,0,0.0,161485161.71999994
2025-08-01 09:33:07 AM,20.82,1592,33145.44,161518307.15999994
2025-08-01 09:33:08 AM,20.81,2,41.62,161518348.77999994
2025-08-01 09:33:13 AM,20.82,0,0.0,161518348.77999994
2025-08-01 09:33:14 AM,20.82,15596,324708.72000000003,161843057.49999994
2025-08-01 09:33:18 AM,20.81,0,0.0,161843057.49999994
2025-08-01 09:33:18 AM,20.83,0,0.0,161843057.49999994
2025-08-01 09:33:21 AM,20.84,24344,507328.96,162350386.45999995
2025-08-01 09:33:23 AM,20.83,0,0.0,162350386.45999995
2025-08-01 09:33:28 AM,20.82,0,0.0,162350386.45999995
2025-08-01 09:33:28 AM,20.82,15180,316047.6,162666434.05999994
2025-08-01 09:33:33 AM,20.81,0,0.0,162666434.05999994
2025-08-01 09:33:33 AM,20.82,0,0.0,162666434.05999994
2025-08-01 09:33:35 AM,20.81,7442,154868.02,162821302.07999995
2025-08-01 09:33:38 AM,20.82,0,0.0,162821302.07999995
2025-08-01 09:33:42 AM,20.82,17389,362038.98,163183341.05999994
2025-08-01 09:33:45 AM,20.83,0,0.0,163183341.05999994
2025-08-01 09:33:48 AM,20.84,0,0.0,163183341.05999994
2025-08-01 09:33:49 AM,20.84,23885,497763.4,163681104.45999995
2025-08-01 09:33:53 AM,20.82,0,0.0,163681104.45999995
2025-08-01 09:33:56 AM,20.84,6328,131875.52,163812979.97999996
2025-08-01 09:34:03 AM,20.82,0,0.0,163812979.97999996
2025-08-01 09:34:03 AM,20.82,7788,162146.16,163975126.13999996
2025-08-01 09:34:03 AM,20.83,463,9644.289999999999,163984770.42999995
2025-08-01 09:34:03 AM,20.84,0,0.0,163984770.42999995
2025-08-01 09:34:10 AM,20.84,6007,125185.88,164109956.30999994
2025-08-01 09:34:17 AM,20.84,2466,51391.44,164161347.74999994
2025-08-01 09:34:17 AM,20.82,2318,48260.76,164209608.50999993
2025-08-01 09:34:18 AM,20.84,0,0.0,164209608.50999993
2025-08-01 09:34:21 AM,20.85,0,0.0,164209608.50999993
2025-08-01 09:34:24 AM,20.83,15693,326885.19,164536493.69999993
2025-08-01 09:34:24 AM,20.82,220,4580.4,164541074.09999993
2025-08-01 09:34:26 AM,20.85,0,0.0,164541074.09999993
2025-08-01 09:34:31 AM,20.85,11547,240754.95,164781829.04999992
2025-08-01 09:34:36 AM,20.84,0,0.0,164781829.04999992
2025-08-01 09:34:38 AM,20.85,2635,54939.75000000001,164836768.79999992
2025-08-01 09:34:42 AM,20.83,0,0.0,164836768.79999992
2025-08-01 09:34:45 AM,20.85,0,0.0,164836768.79999992
2025-08-01 09:34:45 AM,20.85,7469,155728.65000000002,164992497.44999993
2025-08-01 09:34:45 AM,20.84,463,9648.92,165002146.36999992
2025-08-01 09:34:48 AM,20.85,0,0.0,165002146.36999992
2025-08-01 09:34:52 AM,20.86,16330,340643.8,165342790.16999993
2025-08-01 09:34:57 AM,20.85,0,0.0,165342790.16999993
2025-08-01 09:34:59 AM,20.86,0,0.0,165342790.16999993
2025-08-01 09:34:59 AM,20.86,377,7864.219999999999,165350654.38999993
2025-08-01 09:34:59 AM,20.84,7594,158258.96,165508913.34999993
2025-08-01 09:35:03 AM,20.85,0,0.0,165508913.34999993
2025-08-01 09:35:05 AM,20.85,11436,238440.6,165747353.94999993
2025-08-01 09:35:06 AM,20.85,618,12885.300000000001,165760239.24999994
2025-08-01 09:35:12 AM,20.84,0,0.0,165760239.24999994
2025-08-01 09:35:13 AM,20.84,15946,332314.64,166092553.88999993
2025-08-01 09:35:20 AM,20.84,8144,169720.96,166262274.84999993
2025-08-01 09:35:22 AM,20.82,0,0.0,166262274.84999993
2025-08-01 09:35:27 AM,20.82,111920,2330174.4,168592449.24999994
2025-08-01 09:35:27 AM,20.81,463,9635.029999999999,168602084.27999994
2025-08-01 09:35:28 AM,20.82,0,0.0,168602084.27999994
2025-08-01 09:35:33 AM,20.81,0,0.0,168602084.27999994
2025-08-01 09:35:34 AM,20.81,2420,50360.2,168652444.47999993
2025-08-01 09:35:37 AM,20.82,0,0.0,168652444.47999993
2025-08-01 09:35:41 AM,20.8,16406,341244.8,168993689.27999994
2025-08-01 09:35:42 AM,20.82,0,0.0,168993689.27999994
2025-08-01 09:35:47 AM,20.81,0,0.0,168993689.27999994
2025-08-01 09:35:47 AM,20.81,43926,914100.0599999999,169907789.33999994
2025-08-01 09:35:54 AM,20.8,536,11148.800000000001,169918938.13999996
2025-08-01 09:35:57 AM,20.81,0,0.0,169918938.13999996
2025-08-01 09:36:00 AM,20.81,4192,87235.51999999999,170006173.65999997
2025-08-01 09:36:06 AM,20.8,0,0.0,170006173.65999997
2025-08-01 09:36:07 AM,20.8,18608,387046.4,170393220.05999997
2025-08-01 09:36:08 AM,20.81,100,2081.0,170395301.05999997
2025-08-01 09:36:14 AM,20.8,0,0.0,170395301.05999997
2025-08-01 09:36:14 AM,20.81,5629,117139.48999999999,170512440.54999998
2025-08-01 09:36:18 AM,20.8,0,0.0,170512440.54999998
2025-08-01 09:36:21 AM,20.8,5687,118289.6,170630730.14999998
2025-08-01 09:36:26 AM,20.79,0,0.0,170630730.14999998
2025-08-01 09:36:26 AM,20.8,0,0.0,170630730.14999998
2025-08-01 09:36:27 AM,20.8,8287,172369.6,170803099.74999997
2025-08-01 09:36:34 AM,20.8,6381,132724.80000000002,170935824.54999998
2025-08-01 09:36:40 AM,20.8,2175,45240.0,170981064.54999998
2025-08-01 09:36:46 AM,20.8,72,1497.6000000000001,170982562.14999998
2025-08-01 09:36:53 AM,20.79,1965,40852.35,171023414.49999997
2025-08-01 09:36:54 AM,20.8,0,0.0,171023414.49999997
2025-08-01 09:37:00 AM,20.8,2196,45676.8,171069091.29999998
2025-08-01 09:37:02 AM,20.79,0,0.0,171069091.29999998
2025-08-01 09:37:06 AM,20.8,0,0.0,171069091.29999998
2025-08-01 09:37:06 AM,20.79,0,0.0,171069091.29999998
2025-08-01 09:37:07 AM,20.79,12560,261122.4,171330213.7
2025-08-01 09:37:07 AM,20.8,3000,62400.0,171392613.7
2025-08-01 09:37:11 AM,20.79,0,0.0,171392613.7
2025-08-01 09:37:14 AM,20.8,1288,26790.4,171419404.1
2025-08-01 09:37:20 AM,20.79,0,0.0,171419404.1
2025-08-01 09:37:21 AM,20.8,8113,168750.4,171588154.5
2025-08-01 09:37:21 AM,20.79,2,41.58,171588196.08
2025-08-01 09:37:22 AM,20.8,0,0.0,171588196.08
2025-08-01 09:37:26 AM,20.79,0,0.0,171588196.08
2025-08-01 09:37:27 AM,20.8,0,0.0,171588196.08
2025-08-01 09:37:28 AM,20.8,13485,280488.0,171868684.08
2025-08-01 09:37:28 AM,20.8,200,4160.0,171872844.08
2025-08-01 09:37:31 AM,20.81,0,0.0,171872844.08
2025-08-01 09:37:35 AM,20.8,0,0.0,171872844.08
2025-08-01 09:37:35 AM,20.81,1058,22016.98,171894861.06
2025-08-01 09:37:35 AM,20.79,101,2099.79,171896960.85
2025-08-01 09:37:36 AM,20.81,0,0.0,171896960.85
2025-08-01 09:37:40 AM,20.8,0,0.0,171896960.85
2025-08-01 09:37:42 AM,20.8,122,2537.6,171899498.45
2025-08-01 09:37:42 AM,20.79,48,997.92,171900496.36999997
2025-08-01 09:37:44 AM,20.8,0,0.0,171900496.36999997
2025-08-01 09:37:48 AM,20.8,772,16057.6,171916553.96999997
2025-08-01 09:37:52 AM,20.79,0,0.0,171916553.96999997
2025-08-01 09:37:55 AM,20.81,1940,40371.399999999994,171956925.36999997
2025-08-01 09:37:56 AM,20.8,0,0.0,171956925.36999997
2025-08-01 09:38:00 AM,20.79,0,0.0,171956925.36999997
2025-08-01 09:38:01 AM,20.8,355,7384.0,171964309.36999997
2025-08-01 09:38:01 AM,20.8,35,728.0,171965037.36999997
2025-08-01 09:38:06 AM,20.79,0,0.0,171965037.36999997
2025-08-01 09:38:08 AM,20.8,4274,88899.2,172053936.56999996
2025-08-01 09:38:15 AM,20.8,1569,32635.2,172086571.76999995
2025-08-01 09:38:22 AM,20.8,2936,61068.8,172147640.56999996
2025-08-01 09:38:27 AM,20.79,0,0.0,172147640.56999996
2025-08-01 09:38:29 AM,20.8,1835,38168.0,172185808.56999996
2025-08-01 09:38:35 AM,20.8,12103,251742.4,172437550.96999997
2025-08-01 09:38:37 AM,20.81,0,0.0,172437550.96999997
2025-08-01 09:38:42 AM,20.8,877,18241.600000000002,172455792.56999996
2025-08-01 09:38:49 AM,20.81,2294,47738.14,172503530.70999995
2025-08-01 09:38:54 AM,20.8,0,0.0,172503530.70999995
2025-08-01 09:38:55 AM,20.8,1900,39520.0,172543050.70999995
2025-08-01 09:38:58 AM,20.81,0,0.0,172543050.70999995
2025-08-01 09:39:02 AM,20.81,1944,40454.64,172583505.34999993
2025-08-01 09:39:08 AM,20.8,0,0.0,172583505.34999993
2025-08-01 09:39:09 AM,20.8,29537,614369.6,173197874.94999993
2025-08-01 09:39:13 AM,20.78,0,0.0,173197874.94999993
2025-08-01 09:39:16 AM,20.8,5599,116459.2,173314334.14999992
2025-08-01 09:39:17 AM,20.79,0,0.0,173314334.14999992
2025-08-01 09:39:22 AM,20.8,917,19073.600000000002,173333407.7499999
2025-08-01 09:39:29 AM,20.8,1428,29702.4,173363110.14999992
2025-08-01 09:39:35 AM,20.79,0,0.0,173363110.14999992
2025-08-01 09:39:35 AM,20.79,316,6569.639999999999,173369679.7899999
2025-08-01 09:39:36 AM,20.78,1000,20780.0,173390459.7899999
2025-08-01 09:39:38 AM,20.79,0,0.0,173390459.7899999
2025-08-01 09:39:42 AM,20.79,1179,24511.41,173414971.1999999
2025-08-01 09:39:42 AM,20.78,512,10639.36,173425610.5599999
2025-08-01 09:39:43 AM,20.79,0,0.0,173425610.5599999
2025-08-01 09:39:49 AM,20.78,1083,22504.74,173448115.29999992
2025-08-01 09:39:49 AM,20.8,5100,106080.0,173554195.29999992
2025-08-01 09:39:51 AM,20.78,0,0.0,173554195.29999992
2025-08-01 09:39:55 AM,20.8,0,0.0,173554195.29999992
2025-08-01 09:39:55 AM,20.8,681,14164.800000000001,173568360.09999993
2025-08-01 09:39:55 AM,20.78,0,0.0,173568360.09999993
2025-08-01 09:39:56 AM,20.78,5000,103900.0,173672260.09999993
2025-08-01 09:39:59 AM,20.8,0,0.0,173672260.09999993
2025-08-01 09:39:59 AM,20.79,0,0.0,173672260.09999993
2025-08-01 09:40:02 AM,20.79,123,2557.17,173674817.26999992
2025-08-01 09:40:08 AM,20.79,461,9584.19,173684401.45999992
2025-08-01 09:40:09 AM,20.8,531,11044.800000000001,173695446.25999993
2025-08-01 09:40:15 AM,20.79,6276,130478.04,173825924.29999992
2025-08-01 09:40:15 AM,20.78,0,0.0,173825924.29999992
2025-08-01 09:40:15 AM,20.78,4000,83120.0,173909044.29999992
2025-08-01 09:40:21 AM,20.79,5257,109293.03,174018337.32999992
2025-08-01 09:40:22 AM,20.78,4529,94112.62000000001,174112449.94999993
2025-08-01 09:40:24 AM,20.8,0,0.0,174112449.94999993
2025-08-01 09:40:26 AM,20.78,0,0.0,174112449.94999993
2025-08-01 09:40:28 AM,20.8,1806,37564.8,174150014.74999994
2025-08-01 09:40:29 AM,20.8,22,457.6,174150472.34999993
2025-08-01 09:40:29 AM,20.78,0,0.0,174150472.34999993
2025-08-01 09:40:35 AM,20.78,2780,57768.4,174208240.74999994
2025-08-01 09:40:35 AM,20.79,500,10395.0,174218635.74999994
2025-08-01 09:40:39 AM,20.78,0,0.0,174218635.74999994
2025-08-01 09:40:41 AM,20.8,8082,168105.6,174386741.34999993
2025-08-01 09:40:42 AM,20.8,605,12584.0,174399325.34999993
2025-08-01 09:40:46 AM,20.88,0,0.0,174399325.34999993
2025-08-01 09:40:48 AM,20.87,160206,3343499.22,177742824.56999993
2025-08-01 09:40:48 AM,20.87,6229,129999.23000000001,177872823.79999992
2025-08-01 09:40:54 AM,20.89,3052,63756.28,177936580.07999992
2025-08-01 09:40:55 AM,20.88,203,4238.639999999999,177940818.7199999
2025-08-01 09:41:01 AM,20.88,11441,238888.08,178179706.79999992
2025-08-01 09:41:08 AM,20.88,19393,404925.83999999997,178584632.63999993
2025-08-01 09:41:14 AM,20.86,3798,79226.28,178663858.91999993
2025-08-01 09:41:18 AM,20.88,0,0.0,178663858.91999993
2025-08-01 09:41:21 AM,20.88,1214,25348.32,178689207.23999992
2025-08-01 09:41:22 AM,20.87,2,41.74,178689248.97999993
2025-08-01 09:41:22 AM,20.86,0,0.0,178689248.97999993
2025-08-01 09:41:23 AM,20.87,0,0.0,178689248.97999993
2025-08-01 09:41:26 AM,20.88,0,0.0,178689248.97999993
2025-08-01 09:41:28 AM,20.88,5920,123609.59999999999,178812858.57999992
2025-08-01 09:41:28 AM,20.86,527,10993.22,178823851.79999992
2025-08-01 09:41:30 AM,20.88,0,0.0,178823851.79999992
2025-08-01 09:41:34 AM,20.88,1120,23385.6,178847237.39999992
2025-08-01 09:41:34 AM,20.87,0,0.0,178847237.39999992
2025-08-01 09:41:35 AM,20.88,4162,86902.56,178934139.95999992
2025-08-01 09:41:38 AM,20.86,0,0.0,178934139.95999992
2025-08-01 09:41:41 AM,20.86,4729,98646.94,179032786.89999992
2025-08-01 09:41:42 AM,20.88,2000,41760.0,179074546.89999992
2025-08-01 09:41:47 AM,20.88,1443,30129.84,179104676.73999992
2025-08-01 09:41:48 AM,20.87,1,20.87,179104697.60999992
2025-08-01 09:41:50 AM,20.88,0,0.0,179104697.60999992
2025-08-01 09:41:54 AM,20.88,7469,155952.72,179260650.32999992
2025-08-01 09:41:55 AM,20.88,20,417.59999999999997,179261067.92999992
2025-08-01 09:42:00 AM,20.88,280,5846.4,179266914.32999992
2025-08-01 09:42:02 AM,20.87,0,0.0,179266914.32999992
2025-08-01 09:42:06 AM,20.86,0,0.0,179266914.32999992
2025-08-01 09:42:07 AM,20.86,1559,32520.739999999998,179299435.06999993
2025-08-01 09:42:08 AM,20.86,1011,21089.46,179320524.52999994
2025-08-01 09:42:11 AM,20.88,0,0.0,179320524.52999994
2025-08-01 09:42:13 AM,20.88,9520,198777.59999999998,179519302.12999994
2025-08-01 09:42:14 AM,20.87,0,0.0,179519302.12999994
2025-08-01 09:42:14 AM,20.87,114,2379.1800000000003,179521681.30999994
2025-08-01 09:42:19 AM,20.88,0,0.0,179521681.30999994
2025-08-01 09:42:20 AM,20.88,6516,136054.08,179657735.38999996
2025-08-01 09:42:21 AM,20.88,501,10460.88,179668196.26999995
2025-08-01 09:42:23 AM,20.87,0,0.0,179668196.26999995
2025-08-01 09:42:26 AM,20.87,773,16132.51,179684328.77999994
2025-08-01 09:42:33 AM,20.88,0,0.0,179684328.77999994
2025-08-01 09:42:33 AM,20.88,3246,67776.48,179752105.25999993
2025-08-01 09:42:34 AM,20.88,35,730.8,179752836.05999994
2025-08-01 09:42:39 AM,20.87,3207,66930.09,179819766.14999995
2025-08-01 09:42:41 AM,20.88,0,0.0,179819766.14999995
2025-08-01 09:42:41 AM,20.88,355,7412.4,179827178.54999995
2025-08-01 09:42:44 AM,20.89,0,0.0,179827178.54999995
2025-08-01 09:42:44 AM,20.88,0,0.0,179827178.54999995
2025-08-01 09:42:46 AM,20.89,1920,40108.8,179867287.34999996
2025-08-01 09:42:47 AM,20.88,1,20.88,179867308.22999996
2025-08-01 09:42:49 AM,20.89,0,0.0,179867308.22999996
2025-08-01 09:42:52 AM,20.88,0,0.0,179867308.22999996
2025-08-01 09:42:52 AM,20.88,356,7433.28,179874741.50999996
2025-08-01 09:42:59 AM,20.88,8485,177166.8,180051908.30999997
2025-08-01 09:43:00 AM,20.89,47,981.83,180052890.14
2025-08-01 09:43:01 AM,20.88,0,0.0,180052890.14
2025-08-01 09:43:05 AM,20.87,15128,315721.36,180368611.5
2025-08-01 09:43:06 AM,20.87,652,13607.24,180382218.74
2025-08-01 09:43:08 AM,20.86,0,0.0,180382218.74
2025-08-01 09:43:12 AM,20.88,0,0.0,180382218.74
2025-08-01 09:43:12 AM,20.88,4653,97154.64,180479373.38
2025-08-01 09:43:13 AM,20.88,9,187.92,180479561.29999998
2025-08-01 09:43:17 AM,20.86,0,0.0,180479561.29999998
2025-08-01 09:43:19 AM,20.88,3636,75919.68,180555480.98
2025-08-01 09:43:20 AM,20.86,54,1126.44,180556607.42
2025-08-01 09:43:21 AM,20.87,0,0.0,180556607.42
2025-08-01 09:43:25 AM,20.88,0,0.0,180556607.42
2025-08-01 09:43:26 AM,20.88,1051,21944.879999999997,180578552.29999998
2025-08-01 09:43:26 AM,20.87,470,9808.9,180588361.2
2025-08-01 09:43:32 AM,20.87,1621,33830.270000000004,180622191.47
2025-08-01 09:43:37 AM,20.86,0,0.0,180622191.47
2025-08-01 09:43:39 AM,20.87,3160,65949.2,180688140.67
2025-08-01 09:43:40 AM,20.87,500,10435.0,180698575.67
2025-08-01 09:43:45 AM,20.87,5322,111070.14,180809645.80999997
2025-08-01 09:43:52 AM,20.87,1085,22643.95,180832289.75999996
2025-08-01 09:43:53 AM,20.88,0,0.0,180832289.75999996
2025-08-01 09:43:58 AM,20.88,4841,101080.08,180933369.83999997
2025-08-01 09:43:59 AM,20.88,14,292.32,180933662.15999997
2025-08-01 09:44:05 AM,20.85,0,0.0,180933662.15999997
2025-08-01 09:44:05 AM,20.85,86611,1805839.35,182739501.50999996
2025-08-01 09:44:06 AM,20.85,501,10445.85,182749947.35999995
2025-08-01 09:44:09 AM,20.84,0,0.0,182749947.35999995
2025-08-01 09:44:09 AM,20.85,0,0.0,182749947.35999995
2025-08-01 09:44:12 AM,20.85,725,15116.250000000002,182765063.60999995
2025-08-01 09:44:13 AM,20.84,861,17943.24,182783006.84999996
2025-08-01 09:44:15 AM,20.85,0,0.0,182783006.84999996
2025-08-01 09:44:19 AM,20.83,322,6707.259999999999,182789714.10999995
2025-08-01 09:44:20 AM,20.83,5,104.14999999999999,182789818.25999996
2025-08-01 09:44:21 AM,20.85,0,0.0,182789818.25999996
2025-08-01 09:44:25 AM,20.85,734,15303.900000000001,182805122.15999997
2025-08-01 09:44:29 AM,20.83,0,0.0,182805122.15999997
2025-08-01 09:44:31 AM,20.83,922,19205.26,182824327.41999996
2025-08-01 09:44:32 AM,20.84,2000,41680.0,182866007.41999996
2025-08-01 09:44:35 AM,20.83,0,0.0,182866007.41999996
2025-08-01 09:44:37 AM,20.85,0,0.0,182866007.41999996
2025-08-01 09:44:38 AM,20.83,0,0.0,182866007.41999996
2025-08-01 09:44:38 AM,20.83,54839,1142296.3699999999,184008303.78999996
2025-08-01 09:44:39 AM,20.84,229,4772.36,184013076.14999998
2025-08-01 09:44:44 AM,20.83,329,6853.07,184019929.21999997
2025-08-01 09:44:45 AM,20.84,0,0.0,184019929.21999997
2025-08-01 09:44:47 AM,20.83,0,0.0,184019929.21999997
2025-08-01 09:44:50 AM,20.85,0,0.0,184019929.21999997
2025-08-01 09:44:50 AM,20.82,35115,731094.3,184751023.51999998
2025-08-01 09:44:52 AM,20.84,1417,29530.28,184780553.79999998
2025-08-01 09:44:57 AM,20.84,742,15463.28,184796017.07999998
2025-08-01 09:44:59 AM,20.82,0,0.0,184796017.07999998
2025-08-01 09:45:01 AM,20.83,0,0.0,184796017.07999998
2025-08-01 09:45:03 AM,20.85,1430,29815.500000000004,184825832.57999998
2025-08-01 09:45:05 AM,20.83,287,5978.209999999999,184831810.79
2025-08-01 09:45:07 AM,20.84,0,0.0,184831810.79
2025-08-01 09:45:10 AM,20.84,7979,166282.36,184998093.15
2025-08-01 09:45:11 AM,20.82,0,0.0,184998093.15
2025-08-01 09:45:12 AM,20.84,630,13129.2,185011222.35
2025-08-01 09:45:13 AM,20.82,0,0.0,185011222.35
2025-08-01 09:45:17 AM,20.83,0,0.0,185011222.35
2025-08-01 09:45:17 AM,20.83,1018,21204.94,185032427.29
2025-08-01 09:45:18 AM,20.84,210,4376.4,185036803.69
2025-08-01 09:45:21 AM,20.82,0,0.0,185036803.69
2025-08-01 09:45:23 AM,20.81,3965,82511.65,185119315.34
2025-08-01 09:45:25 AM,20.82,69,1436.58,185120751.92000002
2025-08-01 09:45:25 AM,20.81,0,0.0,185120751.92000002
2025-08-01 09:45:30 AM,20.8,1703,35422.4,185156174.32000002
2025-08-01 09:45:31 AM,20.8,387,8049.6,185164223.92000002
2025-08-01 09:45:36 AM,20.8,21919,455915.2,185620139.12
2025-08-01 09:45:37 AM,20.81,18207,378887.67,185999026.79
2025-08-01 09:45:43 AM,20.81,194,4037.14,186003063.92999998
2025-08-01 09:45:44 AM,20.8,18315,380952.0,186384015.92999998
2025-08-01 09:45:45 AM,20.81,0,0.0,186384015.92999998
2025-08-01 09:45:45 AM,20.8,0,0.0,186384015.92999998
2025-08-01 09:45:49 AM,20.8,7947,165297.6,186549313.52999997
2025-08-01 09:45:55 AM,20.78,0,0.0,186549313.52999997
2025-08-01 09:45:56 AM,20.78,3535,73457.3,186622770.82999998
2025-08-01 09:45:57 AM,20.78,703,14608.34,186637379.17
2025-08-01 09:45:58 AM,20.8,0,0.0,186637379.17
2025-08-01 09:46:02 AM,20.78,60572,1258686.1600000001,187896065.32999998
2025-08-01 09:46:03 AM,20.78,20,415.6,187896480.92999998
2025-08-01 09:46:09 AM,20.77,1885,39151.45,187935632.37999997
2025-08-01 09:46:10 AM,20.78,210,4363.8,187939996.17999998
2025-08-01 09:46:15 AM,20.77,6500,135005.0,188075001.17999998
2025-08-01 09:46:18 AM,20.78,0,0.0,188075001.17999998
2025-08-01 09:46:22 AM,20.78,4414,91722.92,188166724.09999996
2025-08-01 09:46:27 AM,20.79,0,0.0,188166724.09999996
2025-08-01 09:46:28 AM,20.78,2470,51326.600000000006,188218050.69999996
2025-08-01 09:46:30 AM,20.79,0,0.0,188218050.69999996
2025-08-01 09:46:30 AM,20.79,10,207.89999999999998,188218258.59999996
2025-08-01 09:46:34 AM,20.79,86,1787.9399999999998,188220046.53999996
2025-08-01 09:46:36 AM,20.79,51,1060.29,188221106.82999995
2025-08-01 09:46:41 AM,20.79,354,7359.66,188228466.48999995
2025-08-01 09:46:42 AM,20.79,108,2245.3199999999997,188230711.80999994
2025-08-01 09:46:46 AM,20.78,0,0.0,188230711.80999994
2025-08-01 09:46:47 AM,20.78,3383,70298.74,188301010.54999995
2025-08-01 09:46:49 AM,20.78,412,8561.36,188309571.90999997
2025-08-01 09:46:51 AM,20.79,0,0.0,188309571.90999997
2025-08-01 09:46:53 AM,20.79,6701,139313.79,188448885.69999996
2025-08-01 09:46:55 AM,20.79,640,13305.599999999999,188462191.29999995
2025-08-01 09:46:58 AM,20.78,0,0.0,188462191.29999995
2025-08-01 09:46:59 AM,20.79,3573,74282.67,188536473.96999994
2025-08-01 09:47:01 AM,20.79,10,207.89999999999998,188536681.86999995
2025-08-01 09:47:05 AM,20.78,705,14649.900000000001,188551331.76999995
2025-08-01 09:47:06 AM,20.79,0,0.0,188551331.76999995
2025-08-01 09:47:07 AM,20.78,5690,118238.20000000001,188669569.96999994
2025-08-01 09:47:10 AM,20.77,0,0.0,188669569.96999994
2025-08-01 09:47:12 AM,20.78,5728,119027.84000000001,188788597.80999994
2025-08-01 09:47:14 AM,20.77,0,0.0,188788597.80999994
2025-08-01 09:47:14 AM,20.77,29,602.33,188789200.13999996
2025-08-01 09:47:15 AM,20.78,0,0.0,188789200.13999996
2025-08-01 09:47:18 AM,20.77,0,0.0,188789200.13999996
2025-08-01 09:47:18 AM,20.77,3245,67398.65,188856598.78999996
2025-08-01 09:47:20 AM,20.77,1,20.77,188856619.55999997
2025-08-01 09:47:23 AM,20.78,0,0.0,188856619.55999997
2025-08-01 09:47:24 AM,20.78,5332,110798.96,188967418.51999998
2025-08-01 09:47:26 AM,20.77,0,0.0,188967418.51999998
2025-08-01 09:47:26 AM,20.76,45013,934469.8800000001,189901888.39999998
2025-08-01 09:47:30 AM,20.77,64,1329.28,189903217.67999998
2025-08-01 09:47:31 AM,20.76,0,0.0,189903217.67999998
2025-08-01 09:47:33 AM,20.75,9106,188949.5,190092167.17999998
2025-08-01 09:47:36 AM,20.76,0,0.0,190092167.17999998
2025-08-01 09:47:37 AM,20.76,5654,117377.04000000001,190209544.21999997
2025-08-01 09:47:40 AM,20.75,9251,191958.25,190401502.46999997
2025-08-01 09:47:44 AM,20.76,0,0.0,190401502.46999997
2025-08-01 09:47:44 AM,20.76,396,8220.960000000001,190409723.42999998
2025-08-01 09:47:46 AM,20.75,260,5395.0,190415118.42999998
2025-08-01 09:47:46 AM,20.76,0,0.0,190415118.42999998
2025-08-01 09:47:51 AM,20.76,4008,83206.08,190498324.51
2025-08-01 09:47:51 AM,20.75,0,0.0,190498324.51
2025-08-01 09:47:53 AM,20.76,2943,61096.68000000001,190559421.19
2025-08-01 09:47:57 AM,20.76,123736,2568759.3600000003,193128180.55
2025-08-01 09:47:59 AM,20.75,0,0.0,193128180.55
2025-08-01 09:48:00 AM,20.75,1419,29444.25,193157624.8
2025-08-01 09:48:04 AM,20.76,0,0.0,193157624.8
2025-08-01 09:48:04 AM,20.76,1918,39817.68,193197442.48000002
2025-08-01 09:48:04 AM,20.75,0,0.0,193197442.48000002
2025-08-01 09:48:06 AM,20.75,137,2842.75,193200285.23000002
2025-08-01 09:48:10 AM,20.75,3231,67043.25,193267328.48000002
2025-08-01 09:48:13 AM,20.75,22942,476046.5,193743374.98000002
2025-08-01 09:48:16 AM,20.74,7282,151028.68,193894403.66000003
2025-08-01 09:48:19 AM,20.74,455,9436.699999999999,193903840.36
2025-08-01 09:48:23 AM,20.74,4775,99033.49999999999,194002873.86
2025-08-01 09:48:24 AM,20.75,0,0.0,194002873.86
2025-08-01 09:48:26 AM,20.75,320,6640.0,194009513.86
2025-08-01 09:48:29 AM,20.75,402,8341.5,194017855.36
2025-08-01 09:48:32 AM,20.74,129,2675.4599999999996,194020530.82000002
2025-08-01 09:48:33 AM,20.75,0,0.0,194020530.82000002
2025-08-01 09:48:33 AM,20.77,0,0.0,194020530.82000002
2025-08-01 09:48:36 AM,20.77,84786,1761005.22,195781536.04000002
2025-08-01 09:48:39 AM,20.77,56,1163.12,195782699.16000003
2025-08-01 09:48:41 AM,20.75,0,0.0,195782699.16000003
2025-08-01 09:48:42 AM,20.75,1447,30025.25,195812724.41000003
2025-08-01 09:48:44 AM,20.77,0,0.0,195812724.41000003
2025-08-01 09:48:49 AM,20.77,347,7207.19,195819931.60000002
2025-08-01 09:48:51 AM,20.77,681,14144.369999999999,195834075.97000003
2025-08-01 09:48:55 AM,20.77,74,1536.98,195835612.95000002
2025-08-01 09:48:57 AM,20.75,0,0.0,195835612.95000002
2025-08-01 09:48:58 AM,20.75,555,11516.25,195847129.20000002
2025-08-01 09:49:00 AM,20.77,0,0.0,195847129.20000002
2025-08-01 09:49:00 AM,20.74,0,0.0,195847129.20000002
2025-08-01 09:49:01 AM,20.75,9962,206711.5,196053840.70000002
2025-08-01 09:49:04 AM,20.74,9962,206611.87999999998,196260452.58
2025-08-01 09:49:05 AM,20.76,0,0.0,196260452.58
2025-08-01 09:49:05 AM,20.74,0,0.0,196260452.58
2025-08-01 09:49:08 AM,20.75,0,0.0,196260452.58
2025-08-01 09:49:08 AM,20.75,18327,380285.25,196640737.83
2025-08-01 09:49:14 AM,20.75,2178,45193.5,196685931.33
2025-08-01 09:49:16 AM,20.75,547,11350.25,196697281.58
2025-08-01 09:49:20 AM,20.75,4643,96342.25,196793623.83
2025-08-01 09:49:23 AM,20.75,809,16786.75,196810410.58
2025-08-01 09:49:26 AM,20.75,1085,22513.75,196832924.33
2025-08-01 09:49:29 AM,20.75,1465,30398.75,196863323.08
2025-08-01 09:49:32 AM,20.75,1139,23634.25,196886957.33
2025-08-01 09:49:35 AM,20.75,913,18944.75,196905902.08
2025-08-01 09:49:38 AM,20.76,0,0.0,196905902.08
2025-08-01 09:49:39 AM,20.76,14536,301767.36000000004,197207669.44000003
2025-08-01 09:49:42 AM,20.76,261,5418.360000000001,197213087.80000004
2025-08-01 09:49:45 AM,20.76,558,11584.080000000002,197224671.88000005
2025-08-01 09:49:47 AM,20.75,0,0.0,197224671.88000005
2025-08-01 09:49:48 AM,20.75,110,2282.5,197226954.38000005
2025-08-01 09:49:50 AM,20.76,0,0.0,197226954.38000005
2025-08-01 09:49:50 AM,20.75,0,0.0,197226954.38000005
2025-08-01 09:49:51 AM,20.75,400,8300.0,197235254.38000005
2025-08-01 09:49:53 AM,20.76,0,0.0,197235254.38000005
2025-08-01 09:49:54 AM,20.75,8,166.0,197235420.38000005
2025-08-01 09:49:58 AM,20.75,435,9026.25,197244446.63000005
2025-08-01 09:50:00 AM,20.76,0,0.0,197244446.63000005
2025-08-01 09:50:01 AM,20.75,6289,130496.75,197374943.38000005
2025-08-01 09:50:04 AM,20.77,0,0.0,197374943.38000005
2025-08-01 09:50:04 AM,20.77,9681,201074.37,197576017.75000006
2025-08-01 09:50:07 AM,20.75,591,12263.25,197588281.00000006
2025-08-01 09:50:11 AM,20.75,4,83.0,197588364.00000006
2025-08-01 09:50:14 AM,20.75,32,664.0,197589028.00000006
2025-08-01 09:50:16 AM,20.76,0,0.0,197589028.00000006
2025-08-01 09:50:17 AM,20.76,63,1307.88,197590335.88000005
2025-08-01 09:50:19 AM,20.77,0,0.0,197590335.88000005
2025-08-01 09:50:20 AM,20.77,2631,54645.869999999995,197644981.75000006
2025-08-01 09:50:24 AM,20.77,452,9388.039999999999,197654369.79000005
2025-08-01 09:50:26 AM,20.76,1452,30143.520000000004,197684513.31000006
2025-08-01 09:50:30 AM,20.76,1490,30932.4,197715445.71000007
2025-08-01 09:50:32 AM,20.76,2010,41727.600000000006,197757173.31000006
2025-08-01 09:50:36 AM,20.77,0,0.0,197757173.31000006
2025-08-01 09:50:36 AM,20.77,1685,34997.45,197792170.76000005
2025-08-01 09:50:39 AM,20.77,5,103.85,197792274.61000004
2025-08-01 09:50:42 AM,20.76,0,0.0,197792274.61000004
2025-08-01 09:50:42 AM,20.76,2,41.52,197792316.13000005
2025-08-01 09:50:45 AM,20.77,1600,33232.0,197825548.13000005
2025-08-01 09:50:48 AM,20.78,0,0.0,197825548.13000005
2025-08-01 09:50:49 AM,20.77,10003,207762.31,198033310.44000006
2025-08-01 09:50:49 AM,20.76,0,0.0,198033310.44000006
2025-08-01 09:50:51 AM,20.78,0,0.0,198033310.44000006
2025-08-01 09:50:51 AM,20.78,1068,22193.04,198055503.48000005
2025-08-01 09:50:52 AM,20.76,0,0.0,198055503.48000005
2025-08-01 09:50:57 AM,20.76,1856,38530.560000000005,198094034.04000005
2025-08-01 09:50:58 AM,20.77,0,0.0,198094034.04000005
2025-08-01 09:51:01 AM,20.77,1676,34810.52,198128844.56000006
2025-08-01 09:51:03 AM,20.79,0,0.0,198128844.56000006
2025-08-01 09:51:03 AM,20.79,838,17422.02,198146266.58000007
2025-08-01 09:51:04 AM,20.78,0,0.0,198146266.58000007
2025-08-01 09:51:07 AM,20.79,0,0.0,198146266.58000007
2025-08-01 09:51:10 AM,20.79,17958,373346.82,198519613.40000007
2025-08-01 09:51:11 AM,20.78,0,0.0,198519613.40000007
2025-08-01 09:51:12 AM,20.79,0,0.0,198519613.40000007
2025-08-01 09:51:14 AM,20.78,0,0.0,198519613.40000007
2025-08-01 09:51:14 AM,20.78,9365,194604.7,198714218.10000005
2025-08-01 09:51:16 AM,20.78,31,644.1800000000001,198714862.28000006
2025-08-01 09:51:20 AM,20.78,600,12468.0,198727330.28000006
2025-08-01 09:51:22 AM,20.78,51,1059.78,198728390.06000006
2025-08-01 09:51:26 AM,20.77,0,0.0,198728390.06000006
2025-08-01 09:51:26 AM,20.77,72,1495.44,198729885.50000006
2025-08-01 09:51:27 AM,20.78,0,0.0,198729885.50000006
2025-08-01 09:51:28 AM,20.78,151,3137.78,198733023.28000006
2025-08-01 09:51:30 AM,20.79,0,0.0,198733023.28000006
2025-08-01 09:51:32 AM,20.78,0,0.0,198733023.28000006
2025-08-01 09:51:32 AM,20.78,5777,120046.06000000001,198853069.34000006
2025-08-01 09:51:35 AM,20.78,4,83.12,198853152.46000007
2025-08-01 09:51:39 AM,20.78,634,13174.52,198866326.98000008
2025-08-01 09:51:41 AM,20.78,1035,21507.300000000003,198887834.2800001
2025-08-01 09:51:44 AM,20.79,0,0.0,198887834.2800001
2025-08-01 09:51:45 AM,20.79,329,6839.91,198894674.1900001
2025-08-01 09:51:47 AM,20.78,0,0.0,198894674.1900001
2025-08-01 09:51:48 AM,20.78,1262,26224.36,198920898.5500001
2025-08-01 09:51:50 AM,20.77,0,0.0,198920898.5500001
2025-08-01 09:51:51 AM,20.76,10266,213122.16,199134020.7100001
2025-08-01 09:51:54 AM,20.75,18783,389747.25,199523767.9600001
2025-08-01 09:51:54 AM,20.76,0,0.0,199523767.9600001
2025-08-01 09:51:57 AM,20.75,1621,33635.75,199557403.7100001
2025-08-01 09:51:59 AM,20.76,0,0.0,199557403.7100001
2025-08-01 09:52:00 AM,20.76,77,1598.5200000000002,199559002.2300001
2025-08-01 09:52:03 AM,20.76,156,3238.5600000000004,199562240.7900001
2025-08-01 09:52:06 AM,20.76,100,2076.0,199564316.7900001
2025-08-01 09:52:09 AM,20.75,29,601.75,199564918.5400001
2025-08-01 09:52:11 AM,20.76,0,0.0,199564918.5400001
2025-08-01 09:52:12 AM,20.76,122,2532.7200000000003,199567451.2600001
2025-08-01 09:52:15 AM,20.76,9899,205503.24000000002,199772954.50000012
2025-08-01 09:52:18 AM,20.76,901,18704.760000000002,199791659.2600001
2025-08-01 09:52:24 AM,20.75,0,0.0,199791659.2600001
2025-08-01 09:52:25 AM,20.75,30882,640801.5,200432460.7600001
2025-08-01 09:52:27 AM,20.76,0,0.0,200432460.7600001
2025-08-01 09:52:28 AM,20.76,301,6248.76,200438709.5200001
2025-08-01 09:52:31 AM,20.76,216,4484.160000000001,200443193.6800001
2025-08-01 09:52:36 AM,20.77,0,0.0,200443193.6800001
2025-08-01 09:52:36 AM,20.76,0,0.0,200443193.6800001
2025-08-01 09:52:37 AM,20.76,5102,105917.52,200549111.2000001
2025-08-01 09:52:39 AM,20.77,0,0.0,200549111.2000001
2025-08-01 09:52:39 AM,20.76,0,0.0,200549111.2000001
2025-08-01 09:52:40 AM,20.76,76,1577.7600000000002,200550688.9600001
2025-08-01 09:52:45 AM,20.77,0,0.0,200550688.9600001
2025-08-01 09:52:45 AM,20.76,0,0.0,200550688.9600001
2025-08-01 09:52:46 AM,20.77,1085,22535.45,200573224.4100001
2025-08-01 09:52:49 AM,20.75,65630,1361822.5,201935046.9100001
2025-08-01 09:52:51 AM,20.74,0,0.0,201935046.9100001
2025-08-01 09:52:52 AM,20.75,562,11661.5,201946708.4100001
2025-08-01 09:52:55 AM,20.75,80,1660.0,201948368.4100001
2025-08-01 09:52:58 AM,20.75,83,1722.25,201950090.6600001
2025-08-01 09:53:01 AM,20.75,13000,269750.0,202219840.6600001
2025-08-01 09:53:03 AM,20.74,0,0.0,202219840.6600001
2025-08-01 09:53:03 AM,20.75,0,0.0,202219840.6600001
2025-08-01 09:53:04 AM,20.75,2127,44135.25,202263975.9100001
2025-08-01 09:53:06 AM,20.75,2500,51875.0,202315850.9100001
2025-08-01 09:53:09 AM,20.74,0,0.0,202315850.9100001
2025-08-01 09:53:10 AM,20.74,1227,25447.98,202341298.89000008
2025-08-01 09:53:13 AM,20.74,3512,72838.87999999999,202414137.77000007
2025-08-01 09:53:15 AM,20.75,0,0.0,202414137.77000007
2025-08-01 09:53:17 AM,20.75,180,3735.0,202417872.77000007
2025-08-01 09:53:19 AM,20.75,809,16786.75,202434659.52000007
2025-08-01 09:53:23 AM,20.75,3211,66628.25,202501287.77000007
2025-08-01 09:53:25 AM,20.75,2143,44467.25,202545755.02000007
2025-08-01 09:53:28 AM,20.74,0,0.0,202545755.02000007
2025-08-01 09:53:29 AM,20.74,651,13501.74,202559256.76000008
2025-08-01 09:53:31 AM,20.75,0,0.0,202559256.76000008
2025-08-01 09:53:31 AM,20.75,1100,22825.0,202582081.76000008
2025-08-01 09:53:31 AM,20.74,0,0.0,202582081.76000008
2025-08-01 09:53:34 AM,20.75,0,0.0,202582081.76000008
2025-08-01 09:53:35 AM,20.75,336,6972.0,202589053.76000008
2025-08-01 09:53:37 AM,20.74,356,7383.44,202596437.20000008
2025-08-01 09:53:40 AM,20.75,0,0.0,202596437.20000008
2025-08-01 09:53:40 AM,20.74,0,0.0,202596437.20000008
2025-08-01 09:53:42 AM,20.74,995,20636.3,202617073.5000001
2025-08-01 09:53:44 AM,20.75,4,83.0,202617156.5000001
2025-08-01 09:53:46 AM,20.74,0,0.0,202617156.5000001
2025-08-01 09:53:48 AM,20.75,531,11018.25,202628174.7500001
2025-08-01 09:53:49 AM,20.74,0,0.0,202628174.7500001
2025-08-01 09:53:50 AM,20.74,200,4148.0,202632322.7500001
2025-08-01 09:53:52 AM,20.75,0,0.0,202632322.7500001
2025-08-01 09:53:52 AM,20.74,0,0.0,202632322.7500001
2025-08-01 09:53:54 AM,20.75,689,14296.75,202646619.5000001
2025-08-01 09:53:56 AM,20.75,10,207.5,202646827.0000001
2025-08-01 09:53:58 AM,20.74,0,0.0,202646827.0000001
2025-08-01 09:54:00 AM,20.74,466,9664.84,202656491.8400001
2025-08-01 09:54:01 AM,20.75,0,0.0,202656491.8400001
2025-08-01 09:54:02 AM,20.75,4,83.0,202656574.8400001
2025-08-01 09:54:04 AM,20.74,0,0.0,202656574.8400001
2025-08-01 09:54:07 AM,20.74,423,8773.019999999999,202665347.8600001
2025-08-01 09:54:08 AM,20.74,6300,130661.99999999999,202796009.8600001
2025-08-01 09:54:14 AM,20.75,50,1037.5,202797047.3600001
2025-08-01 09:54:16 AM,20.74,0,0.0,202797047.3600001
2025-08-01 09:54:19 AM,20.75,0,0.0,202797047.3600001
2025-08-01 09:54:19 AM,20.75,3271,67873.25,202864920.6100001
2025-08-01 09:54:25 AM,20.76,0,0.0,202864920.6100001
2025-08-01 09:54:26 AM,20.76,3932,81628.32,202946548.9300001
2025-08-01 09:54:26 AM,20.75,150,3112.5,202949661.4300001
2025-08-01 09:54:28 AM,20.74,0,0.0,202949661.4300001
2025-08-01 09:54:32 AM,20.74,5716,118549.84,203068211.2700001
2025-08-01 09:54:35 AM,20.76,0,0.0,203068211.2700001
2025-08-01 09:54:38 AM,20.76,3232,67096.32,203135307.5900001
2025-08-01 09:54:44 AM,20.75,0,0.0,203135307.5900001
2025-08-01 09:54:44 AM,20.75,224,4648.0,203139955.5900001
2025-08-01 09:54:44 AM,20.77,5025,104369.25,203244324.8400001
2025-08-01 09:54:47 AM,20.76,0,0.0,203244324.8400001
2025-08-01 09:54:47 AM,20.77,0,0.0,203244324.8400001
2025-08-01 09:54:50 AM,20.75,153,3174.75,203247499.5900001
2025-08-01 09:54:50 AM,20.76,791,16421.16,203263920.7500001
2025-08-01 09:54:53 AM,20.77,0,0.0,203263920.7500001
2025-08-01 09:54:55 AM,20.77,157,3260.89,203267181.64000008
2025-08-01 09:54:56 AM,20.75,10,207.5,203267389.14000008
2025-08-01 09:54:59 AM,20.74,0,0.0,203267389.14000008
2025-08-01 09:55:01 AM,20.74,1483,30757.42,203298146.56000006
2025-08-01 09:55:02 AM,20.76,0,0.0,203298146.56000006
2025-08-01 09:55:02 AM,20.76,200,4152.0,203302298.56000006
2025-08-01 09:55:02 AM,20.75,0,0.0,203302298.56000006
2025-08-01 09:55:07 AM,20.75,50616,1050282.0,204352580.56000006
2025-08-01 09:55:08 AM,20.75,15,311.25,204352891.81000006
2025-08-01 09:55:13 AM,20.75,566,11744.5,204364636.31000006
2025-08-01 09:55:14 AM,20.75,24740,513355.0,204877991.31000006
2025-08-01 09:55:15 AM,20.76,0,0.0,204877991.31000006
2025-08-01 09:55:19 AM,20.75,205,4253.75,204882245.06000006
2025-08-01 09:55:23 AM,20.76,0,0.0,204882245.06000006
2025-08-01 09:55:25 AM,20.76,4532,94084.32,204976329.38000005
2025-08-01 09:55:28 AM,20.75,0,0.0,204976329.38000005
2025-08-01 09:55:29 AM,20.76,0,0.0,204976329.38000005
2025-08-01 09:55:31 AM,20.76,2380,49408.8,205025738.18000007
2025-08-01 09:55:32 AM,20.75,106,2199.5,205027937.68000007
2025-08-01 09:55:37 AM,20.76,52350,1086786.0,206114723.68000007
2025-08-01 09:55:43 AM,20.75,0,0.0,206114723.68000007
2025-08-01 09:55:43 AM,20.75,3126,64864.5,206179588.18000007
2025-08-01 09:55:44 AM,20.75,10,207.5,206179795.68000007
2025-08-01 09:55:49 AM,20.75,307,6370.25,206186165.93000007
2025-08-01 09:55:51 AM,20.76,0,0.0,206186165.93000007
2025-08-01 09:55:55 AM,20.76,976,20261.760000000002,206206427.69000006
2025-08-01 09:55:56 AM,20.75,1,20.75,206206448.44000006
2025-08-01 09:55:58 AM,20.76,0,0.0,206206448.44000006
2025-08-01 09:55:59 AM,20.75,0,0.0,206206448.44000006
2025-08-01 09:56:01 AM,20.75,12324,255723.0,206462171.44000006
2025-08-01 09:56:02 AM,20.76,15,311.40000000000003,206462482.84000006
2025-08-01 09:56:07 AM,20.75,0,0.0,206462482.84000006
2025-08-01 09:56:07 AM,20.76,312,6477.120000000001,206468959.96000007
2025-08-01 09:56:08 AM,20.76,4,83.04,206469043.00000006
2025-08-01 09:56:13 AM,20.75,0,0.0,206469043.00000006
2025-08-01 09:56:13 AM,20.76,4148,86112.48000000001,206555155.48000005
2025-08-01 09:56:19 AM,20.76,411,8532.36,206563687.84000006
2025-08-01 09:56:28 AM,20.75,0,0.0,206563687.84000006
2025-08-01 09:56:31 AM,20.76,0,0.0,206563687.84000006
2025-08-01 09:56:31 AM,20.76,1640,34046.4,206597734.24000007
2025-08-01 09:56:32 AM,20.76,6,124.56,206597858.80000007
2025-08-01 09:56:37 AM,20.76,235,4878.6,206602737.40000007
2025-08-01 09:56:37 AM,20.75,0,0.0,206602737.40000007
2025-08-01 09:56:38 AM,20.75,500,10375.0,206613112.40000007
2025-08-01 09:56:41 AM,20.76,0,0.0,206613112.40000007
2025-08-01 09:56:43 AM,20.76,5458,113308.08,206726420.48000008
2025-08-01 09:56:46 AM,20.75,0,0.0,206726420.48000008
2025-08-01 09:56:49 AM,20.76,2874,59664.240000000005,206786084.7200001
2025-08-01 09:56:54 AM,20.77,0,0.0,206786084.7200001
2025-08-01 09:56:55 AM,20.77,5045,104784.65,206890869.3700001
2025-08-01 09:56:59 AM,20.75,0,0.0,206890869.3700001
2025-08-01 09:57:01 AM,20.75,487,10105.25,206900974.6200001
2025-08-01 09:57:02 AM,20.75,500,10375.0,206911349.6200001
2025-08-01 09:57:07 AM,20.76,0,0.0,206911349.6200001
2025-08-01 09:57:07 AM,20.76,1825,37887.0,206949236.6200001
2025-08-01 09:57:09 AM,20.76,1235,25638.600000000002,206974875.2200001
2025-08-01 09:57:13 AM,20.76,128,2657.28,206977532.5000001
2025-08-01 09:57:18 AM,20.75,0,0.0,206977532.5000001
2025-08-01 09:57:19 AM,20.75,2826,58639.5,207036172.0000001
2025-08-01 09:57:22 AM,20.76,0,0.0,207036172.0000001
2025-08-01 09:57:24 AM,20.76,9,186.84,207036358.8400001
2025-08-01 09:57:26 AM,20.76,72,1494.72,207037853.5600001
2025-08-01 09:57:30 AM,20.76,617,12808.92,207050662.48000008
2025-08-01 09:57:35 AM,20.75,0,0.0,207050662.48000008
2025-08-01 09:57:36 AM,20.76,482,10006.320000000002,207060668.80000007
2025-08-01 09:57:38 AM,20.75,1050,21787.5,207082456.30000007
2025-08-01 09:57:39 AM,20.76,0,0.0,207082456.30000007
2025-08-01 09:57:42 AM,20.76,75,1557.0000000000002,207084013.30000007
2025-08-01 09:57:45 AM,20.75,7,145.25,207084158.55000007
2025-08-01 09:57:46 AM,20.76,0,0.0,207084158.55000007
2025-08-01 09:57:48 AM,20.76,207,4297.320000000001,207088455.87000006
2025-08-01 09:57:54 AM,20.76,41,851.1600000000001,207089307.03000006
2025-08-01 09:57:57 AM,20.76,29,602.0400000000001,207089909.07000005
2025-08-01 09:57:58 AM,20.75,0,0.0,207089909.07000005
2025-08-01 09:58:00 AM,20.75,41618,863573.5,207953482.57000005
2025-08-01 09:58:03 AM,20.75,32260,669395.0,208622877.57000005
2025-08-01 09:58:06 AM,20.72,191,3957.52,208626835.09000006
2025-08-01 09:58:09 AM,20.74,466,9664.84,208636499.93000007
2025-08-01 09:58:15 AM,20.74,412,8544.88,208645044.81000006
2025-08-01 09:58:19 AM,20.72,810,16783.2,208661828.01000005
2025-08-01 09:58:21 AM,20.74,5226,108387.23999999999,208770215.25000006
2025-08-01 09:58:23 AM,20.72,0,0.0,208770215.25000006
2025-08-01 09:58:25 AM,20.74,3381,70121.93999999999,208840337.19000006
2025-08-01 09:58:27 AM,20.72,0,0.0,208840337.19000006
2025-08-01 09:58:27 AM,20.72,3,62.16,208840399.35000005
2025-08-01 09:58:32 AM,20.74,0,0.0,208840399.35000005
2025-08-01 09:58:33 AM,20.72,57226,1185722.72,210026122.07000005
2025-08-01 09:58:37 AM,20.72,4398,91126.56,210117248.63000005
2025-08-01 09:58:40 AM,20.72,15467,320476.24,210437724.87000006
2025-08-01 09:58:43 AM,20.72,155,3211.6,210440936.47000006
2025-08-01 09:58:46 AM,20.72,50,1036.0,210441972.47000006
2025-08-01 09:58:49 AM,20.72,55,1139.6,210443112.07000005
2025-08-01 09:58:52 AM,20.71,0,0.0,210443112.07000005
2025-08-01 09:58:52 AM,20.71,3237,67038.27,210510150.34000006
2025-08-01 09:58:55 AM,20.72,4,82.88,210510233.22000006
2025-08-01 09:58:58 AM,20.72,1500,31080.0,210541313.22000006
2025-08-01 09:59:00 AM,20.71,0,0.0,210541313.22000006
2025-08-01 09:59:01 AM,20.71,30393,629439.03,211170752.25000006
2025-08-01 09:59:04 AM,20.71,1501,31085.710000000003,211201837.96000007
2025-08-01 09:59:07 AM,20.7,83756,1733749.2,212935587.16000006
2025-08-01 09:59:10 AM,20.71,6106,126455.26000000001,213062042.42000005
2025-08-01 09:59:14 AM,20.71,1817,37630.07,213099672.49000004
2025-08-01 09:59:16 AM,20.7,3156,65329.2,213165001.69000003
2025-08-01 09:59:20 AM,20.7,606,12544.199999999999,213177545.89000002
2025-08-01 09:59:22 AM,20.71,0,0.0,213177545.89000002
2025-08-01 09:59:23 AM,20.7,10546,218302.19999999998,213395848.09
2025-08-01 09:59:26 AM,20.71,0,0.0,213395848.09
2025-08-01 09:59:26 AM,20.71,107,2215.9700000000003,213398064.06
2025-08-01 09:59:29 AM,20.7,0,0.0,213398064.06
2025-08-01 09:59:29 AM,20.7,346,7162.2,213405226.26
2025-08-01 09:59:32 AM,20.7,68340,1414638.0,214819864.26
2025-08-01 09:59:35 AM,20.71,1000,20710.0,214840574.26
2025-08-01 09:59:39 AM,20.7,359,7431.3,214848005.56
2025-08-01 09:59:41 AM,20.7,102,2111.4,214850116.96
2025-08-01 09:59:45 AM,20.71,1002,20751.420000000002,214870868.38
2025-08-01 09:59:48 AM,20.71,196,4059.1600000000003,214874927.54
2025-08-01 09:59:49 AM,20.7,0,0.0,214874927.54
2025-08-01 09:59:51 AM,20.71,3386,70124.06,214945051.6
2025-08-01 09:59:54 AM,20.71,4026,83378.46,215028430.06
2025-08-01 09:59:57 AM,20.7,0,0.0,215028430.06
2025-08-01 09:59:57 AM,20.7,389623,8065196.1,223093626.16
2025-08-01 10:00:00 AM,20.7,16124,333766.8,223427392.96
2025-08-01 10:00:01 AM,20.69,0,0.0,223427392.96
2025-08-01 10:00:03 AM,20.67,0,0.0,223427392.96
2025-08-01 10:00:03 AM,20.68,62988,1302591.84,224729984.8
2025-08-01 10:00:06 AM,20.68,724,14972.32,224744957.12
2025-08-01 10:00:10 AM,20.68,4043,83609.24,224828566.36
2025-08-01 10:00:13 AM,20.68,210,4342.8,224832909.16000003
2025-08-01 10:00:16 AM,20.67,657,13580.19,224846489.35000002
2025-08-01 10:00:19 AM,20.66,4321,89271.86,224935761.21000004
2025-08-01 10:00:23 AM,20.66,41845,864517.7,225800278.91000003
2025-08-01 10:00:25 AM,20.66,209,4317.94,225804596.85000002
2025-08-01 10:00:29 AM,20.65,0,0.0,225804596.85000002
2025-08-01 10:00:29 AM,20.65,2460,50799.0,225855395.85000002
2025-08-01 10:00:30 AM,20.66,0,0.0,225855395.85000002
2025-08-01 10:00:32 AM,20.66,7562,156230.92,226011626.77
2025-08-01 10:00:35 AM,20.66,3936,81317.76,226092944.53
2025-08-01 10:00:38 AM,20.66,1451,29977.66,226122922.19
2025-08-01 10:00:41 AM,20.65,0,0.0,226122922.19
2025-08-01 10:00:41 AM,20.66,32640,674342.4,226797264.59
2025-08-01 10:00:45 AM,20.65,3203,66141.95,226863406.54
2025-08-01 10:00:47 AM,20.63,12088,249375.44,227112781.98
2025-08-01 10:00:48 AM,20.66,0,0.0,227112781.98
2025-08-01 10:00:51 AM,20.64,13096,270301.44,227383083.42
2025-08-01 10:00:53 AM,20.65,0,0.0,227383083.42
2025-08-01 10:00:54 AM,20.65,333,6876.45,227389959.86999997
2025-08-01 10:00:57 AM,20.63,3874,79920.62,227469880.48999998
2025-08-01 10:00:59 AM,20.64,0,0.0,227469880.48999998
2025-08-01 10:01:00 AM,20.64,34041,702606.24,228172486.73
2025-08-01 10:01:03 AM,20.64,1306,26955.84,228199442.57
2025-08-01 10:01:06 AM,20.64,2865,59133.6,228258576.17
2025-08-01 10:01:10 AM,20.64,212415,4384245.600000001,232642821.76999998
2025-08-01 10:01:13 AM,20.64,16348,337422.72000000003,232980244.48999998
2025-08-01 10:01:16 AM,20.65,0,0.0,232980244.48999998
2025-08-01 10:01:16 AM,20.64,105,2167.2000000000003,232982411.68999997
2025-08-01 10:01:17 AM,20.65,0,0.0,232982411.68999997
2025-08-01 10:01:19 AM,20.65,9610,198446.5,233180858.18999997
2025-08-01 10:01:21 AM,20.64,0,0.0,233180858.18999997
2025-08-01 10:01:22 AM,20.62,36233,747124.4600000001,233927982.64999998
2025-08-01 10:01:25 AM,20.65,0,0.0,233927982.64999998
2025-08-01 10:01:25 AM,20.65,105,2168.25,233930150.89999998
2025-08-01 10:01:29 AM,20.63,9528,196562.63999999998,234126713.53999996
2025-08-01 10:01:31 AM,20.64,0,0.0,234126713.53999996
2025-08-01 10:01:31 AM,20.64,201,4148.64,234130862.17999995
2025-08-01 10:01:35 AM,20.65,1500,30974.999999999996,234161837.17999995
2025-08-01 10:01:36 AM,20.63,0,0.0,234161837.17999995
2025-08-01 10:01:37 AM,20.64,0,0.0,234161837.17999995
2025-08-01 10:01:37 AM,20.62,116067,2393301.54,236555138.71999994
2025-08-01 10:01:41 AM,20.64,0,0.0,236555138.71999994
2025-08-01 10:01:41 AM,20.64,159,3281.76,236558420.47999993
2025-08-01 10:01:43 AM,20.62,2105,43405.1,236601825.57999992
2025-08-01 10:01:45 AM,20.64,0,0.0,236601825.57999992
2025-08-01 10:01:47 AM,20.63,19,391.96999999999997,236602217.54999992
2025-08-01 10:01:49 AM,20.63,30,618.9,236602836.44999993
2025-08-01 10:01:52 AM,20.64,0,0.0,236602836.44999993
2025-08-01 10:01:53 AM,20.63,0,0.0,236602836.44999993
2025-08-01 10:01:54 AM,20.63,11676,240875.87999999998,236843712.32999992
2025-08-01 10:01:55 AM,20.62,5181,106832.22,236950544.54999992
2025-08-01 10:01:57 AM,20.63,0,0.0,236950544.54999992
2025-08-01 10:02:00 AM,20.63,3219,66407.97,237016952.51999992
2025-08-01 10:02:01 AM,20.63,2018,41631.34,237058583.85999992
2025-08-01 10:02:05 AM,20.64,0,0.0,237058583.85999992
2025-08-01 10:02:06 AM,20.64,47296,976189.4400000001,238034773.29999992
2025-08-01 10:02:07 AM,20.64,15953,329269.92,238364043.2199999
2025-08-01 10:02:11 AM,20.63,0,0.0,238364043.2199999
2025-08-01 10:02:12 AM,20.63,503,10376.89,238374420.1099999
2025-08-01 10:02:14 AM,20.64,5005,103303.2,238477723.30999988
2025-08-01 10:02:18 AM,20.64,3541,73086.24,238550809.5499999
2025-08-01 10:02:20 AM,20.63,1516,31275.079999999998,238582084.6299999
2025-08-01 10:02:24 AM,20.64,0,0.0,238582084.6299999
2025-08-01 10:02:25 AM,20.63,0,0.0,238582084.6299999
2025-08-01 10:02:25 AM,20.63,9761,201369.43,238783454.0599999
2025-08-01 10:02:27 AM,20.64,3184,65717.76,238849171.8199999
2025-08-01 10:02:29 AM,20.66,0,0.0,238849171.8199999
2025-08-01 10:02:30 AM,20.64,0,0.0,238849171.8199999
2025-08-01 10:02:31 AM,20.65,13941,287881.64999999997,239137053.4699999
2025-08-01 10:02:33 AM,20.65,1003,20711.949999999997,239157765.4199999
2025-08-01 10:02:37 AM,20.66,557,11507.62,239169273.0399999
2025-08-01 10:02:39 AM,20.66,100,2066.0,239171339.0399999
2025-08-01 10:02:42 AM,20.65,0,0.0,239171339.0399999
2025-08-01 10:02:42 AM,20.64,0,0.0,239171339.0399999
2025-08-01 10:02:44 AM,20.65,2183,45078.95,239216417.9899999
2025-08-01 10:02:46 AM,20.64,9928,204913.92,239421331.90999988
2025-08-01 10:02:50 AM,20.65,636,13133.4,239434465.30999988
2025-08-01 10:02:52 AM,20.65,1247,25750.55,239460215.8599999
2025-08-01 10:02:56 AM,20.64,0,0.0,239460215.8599999
2025-08-01 10:02:57 AM,20.64,6968,143819.52,239604035.3799999
2025-08-01 10:03:03 AM,20.64,3669,75728.16,239679763.5399999
2025-08-01 10:03:04 AM,20.63,0,0.0,239679763.5399999
2025-08-01 10:03:05 AM,20.66,21394,442000.04,240121763.5799999
2025-08-01 10:03:08 AM,20.65,0,0.0,240121763.5799999
2025-08-01 10:03:09 AM,20.65,570,11770.5,240133534.0799999
2025-08-01 10:03:11 AM,20.66,25,516.5,240134050.5799999
2025-08-01 10:03:16 AM,20.68,0,0.0,240134050.5799999
2025-08-01 10:03:16 AM,20.68,21536,445364.48,240579415.05999988
2025-08-01 10:03:18 AM,20.67,518,10707.060000000001,240590122.1199999
2025-08-01 10:03:20 AM,20.68,0,0.0,240590122.1199999
2025-08-01 10:03:22 AM,20.67,3959,81832.53000000001,240671954.6499999
2025-08-01 10:03:24 AM,20.68,0,0.0,240671954.6499999
2025-08-01 10:03:24 AM,20.67,5823,120361.41,240792316.05999988
2025-08-01 10:03:28 AM,20.68,0,0.0,240792316.05999988
2025-08-01 10:03:29 AM,20.68,55519,1148132.92,241940448.97999987
2025-08-01 10:03:31 AM,20.68,696,14393.28,241954842.25999987
2025-08-01 10:03:35 AM,20.69,2701,55883.69,242010725.94999987
2025-08-01 10:03:37 AM,20.67,2395,49504.65,242060230.59999987
2025-08-01 10:03:40 AM,20.68,0,0.0,242060230.59999987
2025-08-01 10:03:42 AM,20.67,5002,103391.34000000001,242163621.93999988
2025-08-01 10:03:43 AM,20.68,500,10340.0,242173961.93999988
2025-08-01 10:03:44 AM,20.67,0,0.0,242173961.93999988
2025-08-01 10:03:47 AM,20.68,0,0.0,242173961.93999988
2025-08-01 10:03:48 AM,20.66,3142,64913.72,242238875.65999988
2025-08-01 10:03:50 AM,20.68,5,103.4,242238979.05999988
2025-08-01 10:03:52 AM,20.66,0,0.0,242238979.05999988
2025-08-01 10:03:54 AM,20.66,84,1735.44,242240714.49999988
2025-08-01 10:03:56 AM,20.68,0,0.0,242240714.49999988
2025-08-01 10:03:56 AM,20.68,113,2336.84,242243051.33999988
2025-08-01 10:04:00 AM,20.68,1,20.68,242243072.0199999
2025-08-01 10:04:02 AM,20.68,3946,81603.28,242324675.2999999
2025-08-01 10:04:06 AM,20.68,264,5459.5199999999995,242330134.8199999
2025-08-01 10:04:08 AM,20.67,0,0.0,242330134.8199999
2025-08-01 10:04:08 AM,20.66,2383,49232.78,242379367.5999999
2025-08-01 10:04:12 AM,20.65,0,0.0,242379367.5999999
2025-08-01 10:04:12 AM,20.67,5999,123999.33000000002,242503366.92999992
2025-08-01 10:04:14 AM,20.67,21,434.07000000000005,242503800.9999999
2025-08-01 10:04:19 AM,20.67,156,3224.5200000000004,242507025.51999992
2025-08-01 10:04:20 AM,20.65,0,0.0,242507025.51999992
2025-08-01 10:04:20 AM,20.67,0,0.0,242507025.51999992
2025-08-01 10:04:21 AM,20.67,6013,124288.71,242631314.22999993
2025-08-01 10:04:23 AM,20.66,0,0.0,242631314.22999993
2025-08-01 10:04:25 AM,20.66,1039,21465.74,242652779.96999994
2025-08-01 10:04:27 AM,20.66,115,2375.9,242655155.86999995
2025-08-01 10:04:31 AM,20.68,3508,72545.44,242727701.30999994
2025-08-01 10:04:33 AM,20.68,3823,79059.64,242806760.94999993
2025-08-01 10:04:36 AM,20.64,0,0.0,242806760.94999993
2025-08-01 10:04:36 AM,20.65,0,0.0,242806760.94999993
2025-08-01 10:04:38 AM,20.67,50231,1038274.7700000001,243845035.71999994
2025-08-01 10:04:40 AM,20.67,4,82.68,243845118.39999995
2025-08-01 10:04:44 AM,20.64,95725,1975764.0,245820882.39999995
2025-08-01 10:04:46 AM,20.68,0,0.0,245820882.39999995
2025-08-01 10:04:46 AM,20.68,49,1013.3199999999999,245821895.71999994
2025-08-01 10:04:50 AM,20.67,0,0.0,245821895.71999994
2025-08-01 10:04:50 AM,20.68,0,0.0,245821895.71999994
2025-08-01 10:04:50 AM,20.68,746,15427.28,245837322.99999994
2025-08-01 10:04:52 AM,20.68,31,641.08,245837964.07999995
2025-08-01 10:04:56 AM,20.68,6479,133985.72,245971949.79999995
2025-08-01 10:04:58 AM,20.66,0,0.0,245971949.79999995
2025-08-01 10:04:58 AM,20.68,0,0.0,245971949.79999995
2025-08-01 10:04:58 AM,20.68,65,1344.2,245973293.99999994
2025-08-01 10:05:01 AM,20.66,0,0.0,245973293.99999994
2025-08-01 10:05:02 AM,20.68,760,15716.8,245989010.79999995
2025-08-01 10:05:04 AM,20.65,19312,398792.8,246387803.59999996
2025-08-01 10:05:07 AM,20.67,0,0.0,246387803.59999996
2025-08-01 10:05:09 AM,20.67,233,4816.110000000001,246392619.70999998
2025-08-01 10:05:11 AM,20.64,11857,244728.48,246637348.18999997
2025-08-01 10:05:15 AM,20.67,1,20.67,246637368.85999995
2025-08-01 10:05:21 AM,20.67,297,6138.990000000001,246643507.84999996
2025-08-01 10:05:23 AM,20.67,506,10459.02,246653966.86999997
2025-08-01 10:05:27 AM,20.67,5329,110150.43000000001,246764117.29999998
2025-08-01 10:05:29 AM,20.66,9073,187448.18,246951565.48
2025-08-01 10:05:33 AM,20.66,155,3202.3,246954767.78
2025-08-01 10:05:34 AM,20.64,0,0.0,246954767.78
2025-08-01 10:05:35 AM,20.66,0,0.0,246954767.78
2025-08-01 10:05:35 AM,20.66,22,454.52,246955222.3
2025-08-01 10:05:39 AM,20.64,1000,20640.0,246975862.3
2025-08-01 10:05:45 AM,20.65,3700,76405.0,247052267.3
2025-08-01 10:05:47 AM,20.63,0,0.0,247052267.3
2025-08-01 10:05:47 AM,20.63,7214,148824.82,247201092.12
2025-08-01 10:05:50 AM,20.65,0,0.0,247201092.12
2025-08-01 10:05:51 AM,20.65,57,1177.05,247202269.17000002
2025-08-01 10:05:53 AM,20.64,0,0.0,247202269.17000002
2025-08-01 10:05:53 AM,20.65,202,4171.299999999999,247206440.47000003
2025-08-01 10:05:55 AM,20.64,0,0.0,247206440.47000003
2025-08-01 10:05:57 AM,20.65,1051,21703.149999999998,247228143.62000003
2025-08-01 10:05:59 AM,20.62,0,0.0,247228143.62000003
2025-08-01 10:06:00 AM,20.63,9519,196376.97,247424520.59000003
2025-08-01 10:06:02 AM,20.62,0,0.0,247424520.59000003
2025-08-01 10:06:03 AM,20.62,1302,26847.24,247451367.83000004
2025-08-01 10:06:09 AM,20.62,27210,561070.2000000001,248012438.03000003
2025-08-01 10:06:11 AM,20.65,4305,88898.25,248101336.28000003
2025-08-01 10:06:15 AM,20.66,27561,569410.26,248670746.54000002
2025-08-01 10:06:17 AM,20.63,8250,170197.5,248840944.04000002
2025-08-01 10:06:19 AM,20.65,0,0.0,248840944.04000002
2025-08-01 10:06:21 AM,20.65,102,2106.2999999999997,248843050.34000003
2025-08-01 10:06:22 AM,20.64,0,0.0,248843050.34000003
2025-08-01 10:06:23 AM,20.66,7500,154950.0,248998000.34000003
2025-08-01 10:06:27 AM,20.66,1019,21052.54,249019052.88000003
2025-08-01 10:06:28 AM,20.65,0,0.0,249019052.88000003
2025-08-01 10:06:29 AM,20.62,14691,302928.42000000004,249321981.3
2025-08-01 10:06:33 AM,20.62,2577,53137.740000000005,249375119.04000002
2025-08-01 10:06:34 AM,20.64,0,0.0,249375119.04000002
2025-08-01 10:06:39 AM,20.62,0,0.0,249375119.04000002
2025-08-01 10:06:39 AM,20.62,9610,198158.2,249573277.24
2025-08-01 10:06:41 AM,20.64,12500,258000.0,249831277.24
2025-08-01 10:06:45 AM,20.62,37,762.94,249832040.18
2025-08-01 10:06:47 AM,20.64,1930,39835.200000000004,249871875.38
2025-08-01 10:06:49 AM,20.62,0,0.0,249871875.38
2025-08-01 10:06:49 AM,20.64,0,0.0,249871875.38
2025-08-01 10:06:51 AM,20.62,668,13774.16,249885649.54
2025-08-01 10:06:57 AM,20.64,67,1382.88,249887032.42
2025-08-01 10:06:59 AM,20.61,25000,515250.0,250402282.42
2025-08-01 10:07:03 AM,20.64,0,0.0,250402282.42
2025-08-01 10:07:03 AM,20.62,0,0.0,250402282.42
2025-08-01 10:07:03 AM,20.62,205163,4230461.0600000005,254632743.48
2025-08-01 10:07:05 AM,20.62,500,10310.0,254643053.48
2025-08-01 10:07:09 AM,20.6,0,0.0,254643053.48
2025-08-01 10:07:10 AM,20.6,86931,1790778.6,256433832.07999998
2025-08-01 10:07:12 AM,20.58,4703,96787.73999999999,256530619.82
2025-08-01 10:07:13 AM,20.6,0,0.0,256530619.82
2025-08-01 10:07:16 AM,20.58,2514,51738.119999999995,256582357.94
2025-08-01 10:07:18 AM,20.59,5577,114830.43,256697188.37
2025-08-01 10:07:19 AM,20.6,0,0.0,256697188.37
2025-08-01 10:07:22 AM,20.59,2886,59422.74,256756611.11
2025-08-01 10:07:23 AM,20.6,0,0.0,256756611.11
2025-08-01 10:07:23 AM,20.59,0,0.0,256756611.11
2025-08-01 10:07:24 AM,20.59,5132,105667.88,256862278.99
2025-08-01 10:07:28 AM,20.6,0,0.0,256862278.99
2025-08-01 10:07:28 AM,20.6,3218,66290.8,256928569.79000002
2025-08-01 10:07:30 AM,20.6,66782,1375709.2000000002,258304278.99
2025-08-01 10:07:34 AM,20.59,10255,211150.45,258515429.44
2025-08-01 10:07:36 AM,20.6,0,0.0,258515429.44
2025-08-01 10:07:36 AM,20.6,150,3090.0,258518519.44
2025-08-01 10:07:40 AM,20.58,0,0.0,258518519.44
2025-08-01 10:07:40 AM,20.6,22507,463644.2,258982163.64
2025-08-01 10:07:42 AM,20.6,1,20.6,258982184.23999998
2025-08-01 10:07:46 AM,20.58,2666,54866.28,259037050.51999998
2025-08-01 10:07:48 AM,20.59,55,1132.45,259038182.96999997
2025-08-01 10:07:53 AM,20.6,654,13472.400000000001,259051655.36999997
2025-08-01 10:07:55 AM,20.6,1000,20600.0,259072255.36999997
2025-08-01 10:07:59 AM,20.59,453,9327.27,259081582.64
2025-08-01 10:08:01 AM,20.59,713,14680.67,259096263.30999997
2025-08-01 10:08:05 AM,20.59,1849,38070.909999999996,259134334.21999997
2025-08-01 10:08:06 AM,20.58,0,0.0,259134334.21999997
2025-08-01 10:08:07 AM,20.59,1615,33252.85,259167587.06999996
2025-08-01 10:08:09 AM,20.58,0,0.0,259167587.06999996
2025-08-01 10:08:12 AM,20.59,1451,29876.09,259197463.15999997
2025-08-01 10:08:13 AM,20.59,500,10295.0,259207758.15999997
2025-08-01 10:08:15 AM,20.58,0,0.0,259207758.15999997
2025-08-01 10:08:18 AM,20.59,0,0.0,259207758.15999997
2025-08-01 10:08:18 AM,20.59,3100,63829.0,259271587.15999997
2025-08-01 10:08:20 AM,20.58,0,0.0,259271587.15999997
2025-08-01 10:08:20 AM,20.58,32,658.56,259272245.71999997
2025-08-01 10:08:22 AM,20.59,0,0.0,259272245.71999997
2025-08-01 10:08:23 AM,20.58,0,0.0,259272245.71999997
2025-08-01 10:08:24 AM,20.58,3306,68037.48,259340283.19999996
2025-08-01 10:08:26 AM,20.59,5,102.95,259340386.14999995
2025-08-01 10:08:28 AM,20.6,0,0.0,259340386.14999995
2025-08-01 10:08:29 AM,20.58,0,0.0,259340386.14999995
2025-08-01 10:08:30 AM,20.6,33477,689626.2000000001,260030012.34999993
2025-08-01 10:08:32 AM,20.6,73,1503.8000000000002,260031516.14999995
2025-08-01 10:08:34 AM,20.59,0,0.0,260031516.14999995
2025-08-01 10:08:36 AM,20.6,65,1339.0,260032855.14999995
2025-08-01 10:08:37 AM,20.58,0,0.0,260032855.14999995
2025-08-01 10:08:38 AM,20.6,8189,168693.40000000002,260201548.54999995
2025-08-01 10:08:42 AM,20.58,566,11648.279999999999,260213196.82999995
2025-08-01 10:08:43 AM,20.6,0,0.0,260213196.82999995
2025-08-01 10:08:44 AM,20.6,5364,110498.40000000001,260323695.22999996
2025-08-01 10:08:46 AM,20.57,0,0.0,260323695.22999996
2025-08-01 10:08:47 AM,20.58,0,0.0,260323695.22999996
2025-08-01 10:08:48 AM,20.58,115149,2369766.42,262693461.64999995
2025-08-01 10:08:49 AM,20.59,0,0.0,262693461.64999995
2025-08-01 10:08:50 AM,20.57,3052,62779.64,262756241.28999993
2025-08-01 10:08:51 AM,20.59,0,0.0,262756241.28999993
2025-08-01 10:08:54 AM,20.57,1022,21022.54,262777263.82999992
2025-08-01 10:08:57 AM,20.59,0,0.0,262777263.82999992
2025-08-01 10:09:00 AM,20.58,195,4013.0999999999995,262781276.92999992
2025-08-01 10:09:01 AM,20.59,75,1544.25,262782821.17999992
2025-08-01 10:09:06 AM,20.59,21755,447935.45,263230756.6299999
2025-08-01 10:09:07 AM,20.59,91501,1884005.59,265114762.2199999
2025-08-01 10:09:11 AM,20.55,0,0.0,265114762.2199999
2025-08-01 10:09:12 AM,20.55,90915,1868303.25,266983065.4699999
2025-08-01 10:09:16 AM,20.56,0,0.0,266983065.4699999
2025-08-01 10:09:17 AM,20.56,1983,40770.479999999996,267023835.9499999
2025-08-01 10:09:19 AM,20.56,500,10280.0,267034115.9499999
2025-08-01 10:09:20 AM,20.57,0,0.0,267034115.9499999
2025-08-01 10:09:23 AM,20.58,0,0.0,267034115.9499999
2025-08-01 10:09:23 AM,20.56,2403,49405.68,267083521.6299999
2025-08-01 10:09:27 AM,20.57,0,0.0,267083521.6299999
2025-08-01 10:09:29 AM,20.56,0,0.0,267083521.6299999
2025-08-01 10:09:29 AM,20.57,5969,122782.33,267206303.95999992
2025-08-01 10:09:31 AM,20.58,54,1111.32,267207415.2799999
2025-08-01 10:09:33 AM,20.57,0,0.0,267207415.2799999
2025-08-01 10:09:34 AM,20.58,0,0.0,267207415.2799999
2025-08-01 10:09:35 AM,20.57,2627,54037.39,267261452.6699999
2025-08-01 10:09:37 AM,20.58,301,6194.58,267267647.2499999
2025-08-01 10:09:38 AM,20.57,0,0.0,267267647.2499999
2025-08-01 10:09:41 AM,20.58,15450,317961.0,267585608.2499999
2025-08-01 10:09:43 AM,20.58,1,20.58,267585628.82999992
2025-08-01 10:09:47 AM,20.57,0,0.0,267585628.82999992
2025-08-01 10:09:47 AM,20.57,3211,66050.27,267651679.09999993
2025-08-01 10:09:48 AM,20.58,1010,20785.8,267672464.89999995
2025-08-01 10:09:52 AM,20.57,5030,103467.1,267775931.99999994
2025-08-01 10:09:54 AM,20.58,0,0.0,267775931.99999994
2025-08-01 10:09:54 AM,20.58,7,144.06,267776076.05999994
2025-08-01 10:09:55 AM,20.57,0,0.0,267776076.05999994
2025-08-01 10:09:58 AM,20.57,253,5204.21,267781280.26999995
2025-08-01 10:09:59 AM,20.58,0,0.0,267781280.26999995
2025-08-01 10:09:59 AM,20.58,100,2058.0,267783338.26999995
2025-08-01 10:10:03 AM,20.58,6065,124817.69999999998,267908155.96999994
2025-08-01 10:10:05 AM,20.57,0,0.0,267908155.96999994
2025-08-01 10:10:05 AM,20.57,5047,103816.79000000001,268011972.75999993
2025-08-01 10:10:07 AM,20.58,0,0.0,268011972.75999993
2025-08-01 10:10:09 AM,20.58,686,14117.88,268026090.63999993
2025-08-01 10:10:11 AM,20.58,550,11318.999999999998,268037409.63999993
2025-08-01 10:10:14 AM,20.57,0,0.0,268037409.63999993
2025-08-01 10:10:15 AM,20.57,3365,69218.05,268106627.68999994
2025-08-01 10:10:17 AM,20.57,1901,39103.57,268145731.25999993
2025-08-01 10:10:21 AM,20.56,0,0.0,268145731.25999993
2025-08-01 10:10:21 AM,20.58,14750,303555.0,268449286.25999993
2025-08-01 10:10:23 AM,20.57,13,267.41,268449553.66999996
2025-08-01 10:10:27 AM,20.56,561,11534.16,268461087.83
2025-08-01 10:10:28 AM,20.57,0,0.0,268461087.83
2025-08-01 10:10:29 AM,20.57,1000,20570.0,268481657.83
2025-08-01 10:10:31 AM,20.58,0,0.0,268481657.83
2025-08-01 10:10:33 AM,20.58,2399,49371.42,268531029.25
2025-08-01 10:10:35 AM,20.58,19,391.02,268531420.27
2025-08-01 10:10:36 AM,20.57,0,0.0,268531420.27
2025-08-01 10:10:39 AM,20.58,4195,86333.09999999999,268617753.37
2025-08-01 10:10:41 AM,20.58,7,144.06,268617897.43
2025-08-01 10:10:45 AM,20.58,4615,94976.7,268712874.13
2025-08-01 10:10:47 AM,20.59,1865,38400.35,268751274.48
2025-08-01 10:10:51 AM,20.59,1161,23904.99,268775179.47
2025-08-01 10:10:53 AM,20.58,900,18522.0,268793701.47
2025-08-01 10:10:55 AM,20.59,0,0.0,268793701.47
2025-08-01 10:10:57 AM,20.58,0,0.0,268793701.47
2025-08-01 10:10:57 AM,20.59,0,0.0,268793701.47
2025-08-01 10:10:57 AM,20.59,715,14721.85,268808423.32000005
2025-08-01 10:10:58 AM,20.59,10648,219242.32,269027665.64000005
2025-08-01 10:11:03 AM,20.6,0,0.0,269027665.64000005
2025-08-01 10:11:03 AM,20.6,3454,71152.40000000001,269098818.04
2025-08-01 10:11:04 AM,20.59,52,1070.68,269099888.72
2025-08-01 10:11:07 AM,20.6,0,0.0,269099888.72
2025-08-01 10:11:09 AM,20.6,9943,204825.80000000002,269304714.52000004
2025-08-01 10:11:10 AM,20.6,9540,196524.0,269501238.52000004
2025-08-01 10:11:13 AM,20.61,0,0.0,269501238.52000004
2025-08-01 10:11:15 AM,20.61,2315,47712.15,269548950.67
2025-08-01 10:11:16 AM,20.61,7,144.26999999999998,269549094.94
2025-08-01 10:11:19 AM,20.62,0,0.0,269549094.94
2025-08-01 10:11:21 AM,20.6,0,0.0,269549094.94
2025-08-01 10:11:21 AM,20.6,4768,98220.8,269647315.74
2025-08-01 10:11:22 AM,20.6,24,494.40000000000003,269647810.14
2025-08-01 10:11:26 AM,20.6,8779,180847.40000000002,269828657.53999996
2025-08-01 10:11:28 AM,20.6,1252,25791.2,269854448.73999995
2025-08-01 10:11:30 AM,20.62,0,0.0,269854448.73999995
2025-08-01 10:11:30 AM,20.6,0,0.0,269854448.73999995
2025-08-01 10:11:32 AM,20.61,3233,66632.13,269921080.86999995
2025-08-01 10:11:33 AM,20.61,282,5812.0199999999995,269926892.8899999
2025-08-01 10:11:34 AM,20.62,0,0.0,269926892.8899999
2025-08-01 10:11:37 AM,20.62,2542,52416.04,269979308.92999995
2025-08-01 10:11:39 AM,20.62,9,185.58,269979494.50999993
2025-08-01 10:11:40 AM,20.63,0,0.0,269979494.50999993
2025-08-01 10:11:43 AM,20.63,69103,1425594.89,271405089.3999999
2025-08-01 10:11:45 AM,20.63,350,7220.5,271412309.8999999
2025-08-01 10:11:49 AM,20.64,0,0.0,271412309.8999999
2025-08-01 10:11:49 AM,20.64,3506,72363.84,271484673.7399999
2025-08-01 10:11:55 AM,20.63,0,0.0,271484673.7399999
2025-08-01 10:11:55 AM,20.63,2000,41260.0,271525933.7399999
2025-08-01 10:11:57 AM,20.64,0,0.0,271525933.7399999
2025-08-01 10:12:01 AM,20.63,0,0.0,271525933.7399999
2025-08-01 10:12:01 AM,20.63,9880,203824.4,271729758.13999987
2025-08-01 10:12:02 AM,20.63,1248,25746.239999999998,271755504.3799999
2025-08-01 10:12:04 AM,20.62,0,0.0,271755504.3799999
2025-08-01 10:12:06 AM,20.63,0,0.0,271755504.3799999
2025-08-01 10:12:07 AM,20.62,64779,1335742.98,273091247.3599999
2025-08-01 10:12:10 AM,20.63,0,0.0,273091247.3599999
2025-08-01 10:12:12 AM,20.65,0,0.0,273091247.3599999
2025-08-01 10:12:13 AM,20.63,0,0.0,273091247.3599999
2025-08-01 10:12:13 AM,20.64,51292,1058666.8800000001,274149914.2399999
2025-08-01 10:12:14 AM,20.63,1210,24962.3,274174876.5399999
2025-08-01 10:12:16 AM,20.64,0,0.0,274174876.5399999
2025-08-01 10:12:19 AM,20.64,289,5964.96,274180841.4999999
2025-08-01 10:12:22 AM,20.65,0,0.0,274180841.4999999
2025-08-01 10:12:22 AM,20.63,0,0.0,274180841.4999999
2025-08-01 10:12:24 AM,20.65,0,0.0,274180841.4999999
2025-08-01 10:12:25 AM,20.65,1508,31140.199999999997,274211981.69999987
2025-08-01 10:12:25 AM,20.63,25,515.75,274212497.44999987
2025-08-01 10:12:31 AM,20.66,13778,284653.48,274497150.9299999
2025-08-01 10:12:36 AM,20.66,767,15846.22,274512997.1499999
2025-08-01 10:12:40 AM,20.67,0,0.0,274512997.1499999
2025-08-01 10:12:42 AM,20.66,1678,34667.48,274547664.62999994
2025-08-01 10:12:46 AM,20.65,0,0.0,274547664.62999994
2025-08-01 10:12:48 AM,20.65,7586,156650.9,274704315.5299999
2025-08-01 10:12:48 AM,20.65,1000,20650.0,274724965.5299999
2025-08-01 10:12:53 AM,20.65,246,5079.9,274730045.4299999
2025-08-01 10:12:59 AM,20.64,858,17709.12,274747754.5499999
2025-08-01 10:13:00 AM,20.65,1100,22715.0,274770469.5499999
2025-08-01 10:13:05 AM,20.66,4736,97845.76,274868315.3099999
2025-08-01 10:13:06 AM,20.66,101,2086.66,274870401.9699999
2025-08-01 10:13:07 AM,20.65,0,0.0,274870401.9699999
2025-08-01 10:13:10 AM,20.66,0,0.0,274870401.9699999
2025-08-01 10:13:11 AM,20.66,5401,111584.66,274981986.62999994
2025-08-01 10:13:12 AM,20.66,200,4132.0,274986118.62999994
2025-08-01 10:13:13 AM,20.65,0,0.0,274986118.62999994
2025-08-01 10:13:16 AM,20.67,0,0.0,274986118.62999994
2025-08-01 10:13:17 AM,20.67,15232,314845.44,275300964.06999993
2025-08-01 10:13:22 AM,20.66,0,0.0,275300964.06999993
2025-08-01 10:13:23 AM,20.66,431,8904.460000000001,275309868.5299999
2025-08-01 10:13:25 AM,20.67,0,0.0,275309868.5299999
2025-08-01 10:13:29 AM,20.67,4456,92105.52,275401974.0499999
2025-08-01 10:13:35 AM,20.67,2022,41794.740000000005,275443768.7899999
2025-08-01 10:13:41 AM,20.67,13,268.71000000000004,275444037.4999999
2025-08-01 10:13:41 AM,20.67,2479,51240.93000000001,275495278.4299999
2025-08-01 10:13:47 AM,20.67,2062,42621.54,275537899.9699999
2025-08-01 10:13:47 AM,20.67,50,1033.5,275538933.4699999
2025-08-01 10:13:49 AM,20.66,0,0.0,275538933.4699999
2025-08-01 10:13:51 AM,20.67,0,0.0,275538933.4699999
2025-08-01 10:13:53 AM,20.67,3002,62051.340000000004,275600984.8099999
2025-08-01 10:13:58 AM,20.66,1279,26424.14,275627408.94999987
2025-08-01 10:13:59 AM,20.66,500,10330.0,275637738.94999987
2025-08-01 10:14:00 AM,20.67,0,0.0,275637738.94999987
2025-08-01 10:14:04 AM,20.66,0,0.0,275637738.94999987
2025-08-01 10:14:04 AM,20.66,6327,130715.82,275768454.76999986
2025-08-01 10:14:10 AM,20.67,0,0.0,275768454.76999986
2025-08-01 10:14:10 AM,20.67,34512,713363.04,276481817.8099999
2025-08-01 10:14:15 AM,20.65,0,0.0,276481817.8099999
2025-08-01 10:14:16 AM,20.67,1843,38094.810000000005,276519912.6199999
2025-08-01 10:14:21 AM,20.67,2549,52687.83,276572600.44999987
2025-08-01 10:14:22 AM,20.66,299,6177.34,276578777.78999984
2025-08-01 10:14:27 AM,20.66,701,14482.66,276593260.44999987
2025-08-01 10:14:33 AM,20.66,155,3202.3,276596462.7499999
2025-08-01 10:14:34 AM,20.67,0,0.0,276596462.7499999
2025-08-01 10:14:34 AM,20.67,250,5167.5,276601630.2499999
2025-08-01 10:14:39 AM,20.67,5,103.35000000000001,276601733.5999999
2025-08-01 10:14:40 AM,20.67,5,103.35000000000001,276601836.9499999
2025-08-01 10:14:45 AM,20.67,100,2067.0,276603903.9499999
2025-08-01 10:14:48 AM,20.66,0,0.0,276603903.9499999
2025-08-01 10:14:48 AM,20.67,0,0.0,276603903.9499999
2025-08-01 10:14:50 AM,20.66,2434,50286.44,276654190.3899999
2025-08-01 10:14:51 AM,20.67,10,206.70000000000002,276654397.0899999
2025-08-01 10:14:52 AM,20.66,0,0.0,276654397.0899999
2025-08-01 10:14:52 AM,20.67,0,0.0,276654397.0899999
2025-08-01 10:14:56 AM,20.66,2630,54335.8,276708732.8899999
2025-08-01 10:14:57 AM,20.67,120,2480.4,276711213.2899999
2025-08-01 10:14:58 AM,20.66,0,0.0,276711213.2899999
2025-08-01 10:15:02 AM,20.68,0,0.0,276711213.2899999
2025-08-01 10:15:02 AM,20.68,9352,193399.36,276904612.6499999
2025-08-01 10:15:03 AM,20.67,370,7647.900000000001,276912260.5499999
2025-08-01 10:15:04 AM,20.68,0,0.0,276912260.5499999
2025-08-01 10:15:06 AM,20.67,0,0.0,276912260.5499999
2025-08-01 10:15:07 AM,20.68,1807,37368.76,276949629.3099999
2025-08-01 10:15:13 AM,20.68,172,3556.96,276953186.26999986
2025-08-01 10:15:19 AM,20.68,3406,70436.08,277023622.34999985
2025-08-01 10:15:20 AM,20.68,37,765.16,277024387.5099999
2025-08-01 10:15:22 AM,20.67,0,0.0,277024387.5099999
2025-08-01 10:15:23 AM,20.68,0,0.0,277024387.5099999
2025-08-01 10:15:25 AM,20.67,0,0.0,277024387.5099999
2025-08-01 10:15:26 AM,20.68,15150,313302.0,277337689.5099999
2025-08-01 10:15:27 AM,20.67,0,0.0,277337689.5099999
2025-08-01 10:15:30 AM,20.68,0,0.0,277337689.5099999
2025-08-01 10:15:31 AM,20.65,0,0.0,277337689.5099999
2025-08-01 10:15:32 AM,20.65,34183,705878.95,278043568.45999986
2025-08-01 10:15:37 AM,20.67,0,0.0,278043568.45999986
2025-08-01 10:15:38 AM,20.67,18102,374168.34,278417736.79999983
2025-08-01 10:15:40 AM,20.65,0,0.0,278417736.79999983
2025-08-01 10:15:43 AM,20.67,0,0.0,278417736.79999983
2025-08-01 10:15:44 AM,20.67,871,18003.57,278435740.3699998
2025-08-01 10:15:44 AM,20.65,200,4130.0,278439870.3699998
2025-08-01 10:15:46 AM,20.69,0,0.0,278439870.3699998
2025-08-01 10:15:50 AM,20.67,44267,914998.8900000001,279354869.2599998
2025-08-01 10:15:54 AM,20.69,0,0.0,279354869.2599998
2025-08-01 10:15:55 AM,20.67,0,0.0,279354869.2599998
2025-08-01 10:15:56 AM,20.66,15595,322192.7,279677061.9599998
2025-08-01 10:15:58 AM,20.68,0,0.0,279677061.9599998
2025-08-01 10:16:01 AM,20.68,6011,124307.48,279801369.4399998
2025-08-01 10:16:04 AM,20.66,0,0.0,279801369.4399998
2025-08-01 10:16:06 AM,20.68,0,0.0,279801369.4399998
2025-08-01 10:16:07 AM,20.66,0,0.0,279801369.4399998
2025-08-01 10:16:07 AM,20.66,2549,52662.340000000004,279854031.7799998
2025-08-01 10:16:09 AM,20.68,0,0.0,279854031.7799998
2025-08-01 10:16:10 AM,20.67,0,0.0,279854031.7799998
2025-08-01 10:16:13 AM,20.66,0,0.0,279854031.7799998
2025-08-01 10:16:13 AM,20.66,14545,300499.7,280154531.4799998
2025-08-01 10:16:13 AM,20.67,300,6201.000000000001,280160732.4799998
2025-08-01 10:16:18 AM,20.66,0,0.0,280160732.4799998
2025-08-01 10:16:19 AM,20.67,0,0.0,280160732.4799998
2025-08-01 10:16:19 AM,20.67,4968,102688.56000000001,280263421.0399998
2025-08-01 10:16:19 AM,20.67,2,41.34,280263462.37999976
2025-08-01 10:16:25 AM,20.67,11266,232868.22000000003,280496330.5999998
2025-08-01 10:16:30 AM,20.67,1532,31666.440000000002,280527997.0399998
2025-08-01 10:16:36 AM,20.67,710,14675.7,280542672.7399998
2025-08-01 10:16:42 AM,20.67,375,7751.250000000001,280550423.9899998
2025-08-01 10:16:48 AM,20.67,1800,37206.0,280587629.9899998
2025-08-01 10:16:49 AM,20.66,0,0.0,280587629.9899998
2025-08-01 10:16:52 AM,20.68,0,0.0,280587629.9899998
2025-08-01 10:16:53 AM,20.68,11538,238605.84,280826235.82999974
2025-08-01 10:16:54 AM,20.66,0,0.0,280826235.82999974
2025-08-01 10:16:57 AM,20.67,0,0.0,280826235.82999974
2025-08-01 10:16:59 AM,20.67,8899,183942.33000000002,281010178.1599997
2025-08-01 10:17:00 AM,20.66,0,0.0,281010178.1599997
2025-08-01 10:17:04 AM,20.67,0,0.0,281010178.1599997
2025-08-01 10:17:04 AM,20.67,361,7461.870000000001,281017640.02999973
2025-08-01 10:17:10 AM,20.67,85,1756.95,281019396.9799997
2025-08-01 10:17:15 AM,20.66,0,0.0,281019396.9799997
2025-08-01 10:17:16 AM,20.67,5697,117756.99,281137153.96999973
2025-08-01 10:17:21 AM,20.66,4840,99994.4,281237148.3699997
2025-08-01 10:17:24 AM,20.67,0,0.0,281237148.3699997
2025-08-01 10:17:27 AM,20.68,4667,96513.56,281333661.9299997
2025-08-01 10:17:31 AM,20.66,0,0.0,281333661.9299997
2025-08-01 10:17:33 AM,20.66,4170,86152.2,281419814.1299997
2025-08-01 10:17:36 AM,20.68,0,0.0,281419814.1299997
2025-08-01 10:17:39 AM,20.67,0,0.0,281419814.1299997
2025-08-01 10:17:39 AM,20.67,11,227.37,281420041.4999997
