date,price,qty,trnvr,cum_trnvr
2025-08-01 09:15:01 AM,305.6,4326,1322025.6,1322025.6
2025-08-01 09:15:02 AM,305.0,0,0.0,1322025.6
2025-08-01 09:15:03 AM,305.25,647,197496.75,1519522.35
2025-08-01 09:15:11 AM,305.35,0,0.0,1519522.35
2025-08-01 09:15:13 AM,305.35,9051,2763722.85,4283245.2
2025-08-01 09:15:15 AM,305.0,921,280905.0,4564150.2
2025-08-01 09:15:20 AM,305.25,0,0.0,4564150.2
2025-08-01 09:15:22 AM,305.3,0,0.0,4564150.2
2025-08-01 09:15:24 AM,305.3,1176,359032.8,4923183.0
2025-08-01 09:15:25 AM,305.0,315,96075.0,5019258.0
2025-08-01 09:15:28 AM,305.2,0,0.0,5019258.0
2025-08-01 09:15:31 AM,305.6,0,0.0,5019258.0
2025-08-01 09:15:32 AM,305.6,315,96264.0,5115522.0
2025-08-01 09:15:34 AM,305.3,95,29003.5,5144525.5
2025-08-01 09:15:42 AM,305.35,14,4274.900000000001,5148800.4
2025-08-01 09:15:48 AM,305.3,0,0.0,5148800.4
2025-08-01 09:15:49 AM,305.3,86,26255.8,5175056.2
2025-08-01 09:15:51 AM,305.3,15,4579.5,5179635.7
2025-08-01 09:15:56 AM,305.25,0,0.0,5179635.7
2025-08-01 09:15:57 AM,305.25,394,120268.5,5299904.2
2025-08-01 09:15:59 AM,305.0,61,18605.0,5318509.2
2025-08-01 09:16:02 AM,304.7,0,0.0,5318509.2
2025-08-01 09:16:05 AM,304.6,2579,785563.4,6104072.600000001
2025-08-01 09:16:07 AM,304.65,42,12795.3,6116867.9
2025-08-01 09:16:10 AM,304.5,0,0.0,6116867.9
2025-08-01 09:16:13 AM,304.5,6,1827.0,6118694.9
2025-08-01 09:16:16 AM,304.3,0,0.0,6118694.9
2025-08-01 09:16:19 AM,304.55,0,0.0,6118694.9
2025-08-01 09:16:22 AM,304.5,589,179350.5,6298045.4
2025-08-01 09:16:30 AM,304.5,81,24664.5,6322709.9
2025-08-01 09:16:31 AM,304.5,400,121800.0,6444509.9
2025-08-01 09:16:46 AM,304.7,113,34431.1,6478941.0
2025-08-01 09:16:55 AM,305.0,500,152500.0,6631441.0
2025-08-01 09:16:58 AM,304.7,0,0.0,6631441.0
2025-08-01 09:17:03 AM,305.55,3547,1083785.85,7715226.85
2025-08-01 09:17:04 AM,306.0,2532,774792.0,8490018.85
2025-08-01 09:17:07 AM,305.55,0,0.0,8490018.85
2025-08-01 09:17:11 AM,305.55,263,80359.65000000001,8570378.5
2025-08-01 09:17:12 AM,305.25,419,127899.75,8698278.25
2025-08-01 09:17:19 AM,305.6,500,152800.0,8851078.25
2025-08-01 09:17:20 AM,305.3,138,42131.4,8893209.65
2025-08-01 09:17:23 AM,305.55,0,0.0,8893209.65
2025-08-01 09:17:28 AM,305.75,815,249186.25,9142395.9
2025-08-01 09:17:29 AM,305.45,147,44901.15,9187297.05
2025-08-01 09:17:31 AM,305.6,0,0.0,9187297.05
2025-08-01 09:17:36 AM,305.8,1101,336685.8,9523982.850000001
2025-08-01 09:17:37 AM,305.15,1188,362518.19999999995,9886501.05
2025-08-01 09:17:39 AM,305.05,0,0.0,9886501.05
2025-08-01 09:17:44 AM,304.9,343,104580.7,9991081.75
2025-08-01 09:17:50 AM,305.25,0,0.0,9991081.75
2025-08-01 09:17:52 AM,305.25,183,55860.75,10046942.5
2025-08-01 09:17:53 AM,305.2,28,8545.6,10055488.1
2025-08-01 09:17:59 AM,305.4,0,0.0,10055488.1
2025-08-01 09:18:01 AM,305.4,7,2137.7999999999997,10057625.9
2025-08-01 09:18:02 AM,305.2,5,1526.0,10059151.9
2025-08-01 09:18:05 AM,305.5,0,0.0,10059151.9
2025-08-01 09:18:09 AM,305.6,480,146688.0,10205839.9
2025-08-01 09:18:10 AM,305.3,73,22286.9,10228126.8
2025-08-01 09:18:13 AM,305.8,0,0.0,10228126.8
2025-08-01 09:18:18 AM,305.8,1000,305800.0,10533926.8
2025-08-01 09:18:19 AM,305.4,160,48864.0,10582790.8
2025-08-01 09:18:23 AM,305.45,0,0.0,10582790.8
2025-08-01 09:18:26 AM,305.8,175,53515.0,10636305.8
2025-08-01 09:18:27 AM,305.55,51,15583.050000000001,10651888.850000001
2025-08-01 09:18:34 AM,305.45,75,22908.75,10674797.600000001
2025-08-01 09:18:35 AM,305.65,119,36372.35,10711169.950000001
2025-08-01 09:18:37 AM,305.55,0,0.0,10711169.950000001
2025-08-01 09:18:42 AM,306.15,697,213386.55,10924556.500000002
2025-08-01 09:18:43 AM,306.15,223,68271.45,10992827.950000001
2025-08-01 09:18:50 AM,305.9,99,30284.1,11023112.05
2025-08-01 09:18:51 AM,305.95,49,14991.55,11038103.600000001
2025-08-01 09:19:00 AM,305.9,7,2141.2999999999997,11040244.900000002
2025-08-01 09:19:00 AM,305.7,0,0.0,11040244.900000002
2025-08-01 09:19:03 AM,305.55,0,0.0,11040244.900000002
2025-08-01 09:19:06 AM,305.65,1588,485372.19999999995,11525617.100000001
2025-08-01 09:19:08 AM,305.3,240,73272.0,11598889.100000001
2025-08-01 09:19:09 AM,305.8,0,0.0,11598889.100000001
2025-08-01 09:19:14 AM,305.85,1108,338881.80000000005,11937770.900000002
2025-08-01 09:19:16 AM,305.6,202,61731.200000000004,11999502.100000001
2025-08-01 09:19:18 AM,305.9,0,0.0,11999502.100000001
2025-08-01 09:19:23 AM,305.9,17,5200.299999999999,12004702.400000002
2025-08-01 09:19:23 AM,305.75,0,0.0,12004702.400000002
2025-08-01 09:19:24 AM,305.75,33,10089.75,12014792.150000002
2025-08-01 09:19:25 AM,305.9,0,0.0,12014792.150000002
2025-08-01 09:19:30 AM,305.85,0,0.0,12014792.150000002
2025-08-01 09:19:31 AM,305.85,410,125398.50000000001,12140190.650000002
2025-08-01 09:19:32 AM,305.6,66,20169.600000000002,12160360.250000002
2025-08-01 09:19:40 AM,305.55,32,9777.6,12170137.850000001
2025-08-01 09:19:48 AM,305.65,0,0.0,12170137.850000001
2025-08-01 09:19:49 AM,305.65,5,1528.25,12171666.100000001
2025-08-01 09:19:54 AM,305.9,0,0.0,12171666.100000001
2025-08-01 09:19:55 AM,305.9,12,3670.7999999999997,12175336.900000002
2025-08-01 09:19:55 AM,305.65,0,0.0,12175336.900000002
2025-08-01 09:19:57 AM,305.65,3,916.9499999999999,12176253.850000001
2025-08-01 09:20:09 AM,305.85,0,0.0,12176253.850000001
2025-08-01 09:20:11 AM,305.85,52,15904.2,12192158.05
2025-08-01 09:20:12 AM,305.75,1000,305750.0,12497908.05
2025-08-01 09:20:16 AM,305.8,0,0.0,12497908.05
2025-08-01 09:20:19 AM,305.8,1,305.8,12498213.850000001
2025-08-01 09:20:20 AM,305.55,150,45832.5,12544046.350000001
2025-08-01 09:20:23 AM,305.5,0,0.0,12544046.350000001
2025-08-01 09:20:27 AM,305.65,343,104837.95,12648884.3
2025-08-01 09:20:27 AM,305.5,0,0.0,12648884.3
2025-08-01 09:20:28 AM,305.5,74,22607.0,12671491.3
2025-08-01 09:20:30 AM,305.75,0,0.0,12671491.3
2025-08-01 09:20:34 AM,305.75,40,12230.0,12683721.3
2025-08-01 09:20:34 AM,305.55,0,0.0,12683721.3
2025-08-01 09:20:36 AM,305.8,217,66358.6,12750079.9
2025-08-01 09:20:37 AM,305.55,0,0.0,12750079.9
2025-08-01 09:20:42 AM,305.8,205,62689.0,12812768.9
2025-08-01 09:20:44 AM,305.55,63,19249.65,12832018.55
2025-08-01 09:20:48 AM,305.75,0,0.0,12832018.55
2025-08-01 09:20:50 AM,305.5,300,91650.0,12923668.55
2025-08-01 09:20:51 AM,305.8,65,19877.0,12943545.55
2025-08-01 09:20:58 AM,305.8,22,6727.6,12950273.15
2025-08-01 09:20:58 AM,305.85,0,0.0,12950273.15
2025-08-01 09:20:59 AM,305.85,523,159959.55000000002,13110232.700000001
2025-08-01 09:21:05 AM,305.85,6,1835.1000000000001,13112067.8
2025-08-01 09:21:07 AM,305.65,80,24452.0,13136519.8
2025-08-01 09:21:13 AM,305.8,7,2140.6,13138660.4
2025-08-01 09:21:14 AM,305.55,13,3972.15,13142632.55
2025-08-01 09:21:16 AM,305.6,0,0.0,13142632.55
2025-08-01 09:21:18 AM,305.95,0,0.0,13142632.55
2025-08-01 09:21:21 AM,305.75,1290,394417.5,13537050.05
2025-08-01 09:21:22 AM,305.95,582,178062.9,13715112.950000001
2025-08-01 09:21:25 AM,306.15,0,0.0,13715112.950000001
2025-08-01 09:21:29 AM,305.6,2325,710520.0,14425632.950000001
2025-08-01 09:21:30 AM,305.75,436,133307.0,14558939.950000001
2025-08-01 09:21:38 AM,305.8,65,19877.0,14578816.950000001
2025-08-01 09:21:39 AM,306.0,0,0.0,14578816.950000001
2025-08-01 09:21:42 AM,305.85,0,0.0,14578816.950000001
2025-08-01 09:21:44 AM,305.9,19,5812.099999999999,14584629.05
2025-08-01 09:21:45 AM,305.9,14,4282.599999999999,14588911.65
2025-08-01 09:21:51 AM,306.0,0,0.0,14588911.65
2025-08-01 09:21:52 AM,306.0,2,612.0,14589523.65
2025-08-01 09:21:53 AM,306.0,15,4590.0,14594113.65
2025-08-01 09:22:01 AM,306.0,102,31212.0,14625325.65
2025-08-01 09:22:07 AM,306.0,150,45900.0,14671225.65
2025-08-01 09:22:08 AM,306.0,815,249390.0,14920615.65
2025-08-01 09:22:16 AM,305.9,144,44049.6,14964665.25
2025-08-01 09:22:22 AM,305.9,6,1835.3999999999999,14966500.65
2025-08-01 09:22:23 AM,306.0,0,0.0,14966500.65
2025-08-01 09:22:24 AM,306.0,72,22032.0,14988532.65
2025-08-01 09:22:26 AM,305.7,0,0.0,14988532.65
2025-08-01 09:22:30 AM,305.8,2776,848900.8,15837433.450000001
2025-08-01 09:22:31 AM,305.75,0,0.0,15837433.450000001
2025-08-01 09:22:32 AM,305.75,450,137587.5,15975020.950000001
2025-08-01 09:22:38 AM,305.95,530,162153.5,16137174.450000001
2025-08-01 09:22:38 AM,305.8,0,0.0,16137174.450000001
2025-08-01 09:22:39 AM,305.8,147,44952.6,16182127.05
2025-08-01 09:22:45 AM,306.0,101,30906.0,16213033.05
2025-08-01 09:22:45 AM,305.8,0,0.0,16213033.05
2025-08-01 09:22:47 AM,305.8,39,11926.2,16224959.25
2025-08-01 09:22:51 AM,306.0,0,0.0,16224959.25
2025-08-01 09:22:53 AM,306.0,150,45900.0,16270859.25
2025-08-01 09:22:54 AM,305.8,32,9785.6,16280644.85
2025-08-01 09:23:00 AM,305.8,536,163908.80000000002,16444553.65
2025-08-01 09:23:02 AM,305.7,85,25984.5,16470538.15
2025-08-01 09:23:06 AM,305.65,0,0.0,16470538.15
2025-08-01 09:23:08 AM,305.65,566,172997.9,16643536.05
2025-08-01 09:23:10 AM,305.75,1194,365065.5,17008601.55
2025-08-01 09:23:13 AM,306.0,0,0.0,17008601.55
2025-08-01 09:23:16 AM,305.75,1040,317980.0,17326581.55
2025-08-01 09:23:17 AM,305.65,335,102392.74999999999,17428974.3
2025-08-01 09:23:23 AM,305.9,150,45885.0,17474859.3
2025-08-01 09:23:25 AM,305.75,272,83164.0,17558023.3
2025-08-01 09:23:31 AM,305.5,461,140835.5,17698858.8
2025-08-01 09:23:31 AM,305.8,0,0.0,17698858.8
2025-08-01 09:23:33 AM,305.8,462,141279.6,17840138.400000002
2025-08-01 09:23:38 AM,305.85,0,0.0,17840138.400000002
2025-08-01 09:23:39 AM,305.85,5,1529.25,17841667.650000002
2025-08-01 09:23:39 AM,305.65,0,0.0,17841667.650000002
2025-08-01 09:23:40 AM,305.65,70,21395.5,17863063.150000002
2025-08-01 09:23:46 AM,305.65,2,611.3,17863674.450000003
2025-08-01 09:23:48 AM,305.65,11,3362.1499999999996,17867036.6
2025-08-01 09:23:54 AM,305.65,7,2139.5499999999997,17869176.150000002
2025-08-01 09:23:55 AM,305.65,481,147017.65,18016193.8
2025-08-01 09:23:57 AM,305.8,0,0.0,18016193.8
2025-08-01 09:24:01 AM,305.8,6,1834.8000000000002,18018028.6
2025-08-01 09:24:03 AM,305.65,235,71827.75,18089856.35
2025-08-01 09:24:09 AM,305.8,9,2752.2000000000003,18092608.55
2025-08-01 09:24:11 AM,305.65,37,11309.05,18103917.6
2025-08-01 09:24:17 AM,305.8,51,15595.800000000001,18119513.400000002
2025-08-01 09:24:18 AM,305.65,0,0.0,18119513.400000002
2025-08-01 09:24:18 AM,305.65,14,4279.099999999999,18123792.500000004
2025-08-01 09:24:24 AM,305.65,223,68159.95,18191952.450000003
2025-08-01 09:24:26 AM,305.65,35,10697.75,18202650.200000003
2025-08-01 09:24:30 AM,305.75,0,0.0,18202650.200000003
2025-08-01 09:24:32 AM,305.75,5,1528.75,18204178.950000003
2025-08-01 09:24:34 AM,305.75,11,3363.25,18207542.200000003
2025-08-01 09:24:40 AM,305.55,20,6111.0,18213653.200000003
2025-08-01 09:24:41 AM,305.55,5,1527.75,18215180.950000003
2025-08-01 09:24:47 AM,305.5,25,7637.5,18222818.450000003
2025-08-01 09:24:49 AM,305.5,5,1527.5,18224345.950000003
2025-08-01 09:24:54 AM,305.5,28,8554.0,18232899.950000003
2025-08-01 09:24:56 AM,305.5,6,1833.0,18234732.950000003
2025-08-01 09:25:01 AM,305.7,0,0.0,18234732.950000003
2025-08-01 09:25:02 AM,305.7,125,38212.5,18272945.450000003
2025-08-01 09:25:04 AM,305.7,21,6419.7,18279365.150000002
2025-08-01 09:25:09 AM,305.7,99,30264.3,18309629.450000003
2025-08-01 09:25:12 AM,305.5,238,72709.0,18382338.450000003
2025-08-01 09:25:17 AM,305.5,1100,336050.0,18718388.450000003
2025-08-01 09:25:19 AM,305.5,201,61405.5,18779793.950000003
2025-08-01 09:25:27 AM,305.7,45,13756.5,18793550.450000003
2025-08-01 09:25:28 AM,305.75,0,0.0,18793550.450000003
2025-08-01 09:25:32 AM,305.55,72,21999.600000000002,18815550.050000004
2025-08-01 09:25:34 AM,305.55,17,5194.35,18820744.400000006
2025-08-01 09:25:39 AM,305.8,2288,699670.4,19520414.800000004
2025-08-01 09:25:39 AM,306.0,0,0.0,19520414.800000004
2025-08-01 09:25:40 AM,305.8,0,0.0,19520414.800000004
2025-08-01 09:25:42 AM,305.8,1840,562672.0,20083086.800000004
2025-08-01 09:25:49 AM,306.0,393,120258.0,20203344.800000004
2025-08-01 09:25:55 AM,305.8,216,66052.8,20269397.600000005
2025-08-01 09:25:56 AM,305.6,0,0.0,20269397.600000005
2025-08-01 09:25:57 AM,305.6,91,27809.600000000002,20297207.200000007
2025-08-01 09:26:04 AM,305.8,91,27827.8,20325035.000000007
2025-08-01 09:26:09 AM,305.55,0,0.0,20325035.000000007
2025-08-01 09:26:10 AM,305.55,19,5805.45,20330840.450000007
2025-08-01 09:26:12 AM,305.55,17,5194.35,20336034.80000001
2025-08-01 09:26:16 AM,305.75,0,0.0,20336034.80000001
2025-08-01 09:26:17 AM,305.75,8,2446.0,20338480.80000001
2025-08-01 09:26:19 AM,305.6,3,916.8000000000001,20339397.60000001
2025-08-01 09:26:22 AM,305.3,0,0.0,20339397.60000001
2025-08-01 09:26:25 AM,305.3,1504,459171.2,20798568.80000001
2025-08-01 09:26:26 AM,305.15,0,0.0,20798568.80000001
2025-08-01 09:26:27 AM,305.15,229,69879.34999999999,20868448.15000001
2025-08-01 09:26:28 AM,305.1,0,0.0,20868448.15000001
2025-08-01 09:26:33 AM,305.35,298,90994.3,20959442.45000001
2025-08-01 09:26:34 AM,305.4,0,0.0,20959442.45000001
2025-08-01 09:26:35 AM,305.4,318,97117.2,21056559.65000001
2025-08-01 09:26:40 AM,305.6,0,0.0,21056559.65000001
2025-08-01 09:26:41 AM,305.6,34,10390.400000000001,21066950.05000001
2025-08-01 09:26:42 AM,305.3,197,60144.100000000006,21127094.15000001
2025-08-01 09:26:45 AM,305.6,0,0.0,21127094.15000001
2025-08-01 09:26:48 AM,305.35,17,5190.950000000001,21132285.10000001
2025-08-01 09:26:50 AM,305.35,33,10076.550000000001,21142361.65000001
2025-08-01 09:26:55 AM,305.6,0,0.0,21142361.65000001
2025-08-01 09:26:56 AM,305.6,100,30560.000000000004,21172921.65000001
2025-08-01 09:26:57 AM,305.6,1057,323019.2,21495940.85000001
2025-08-01 09:27:03 AM,305.7,28,8559.6,21504500.45000001
2025-08-01 09:27:04 AM,305.9,301,92075.9,21596576.35000001
2025-08-01 09:27:07 AM,305.7,0,0.0,21596576.35000001
2025-08-01 09:27:11 AM,305.7,6,1834.1999999999998,21598410.55000001
2025-08-01 09:27:12 AM,305.7,46,14062.199999999999,21612472.750000007
2025-08-01 09:27:19 AM,305.7,7,2139.9,21614612.650000006
2025-08-01 09:27:27 AM,305.7,1,305.7,21614918.350000005
2025-08-01 09:27:33 AM,305.7,2,611.4,21615529.750000004
2025-08-01 09:27:34 AM,305.7,1,305.7,21615835.450000003
2025-08-01 09:27:40 AM,305.7,16,4891.2,21620726.650000002
2025-08-01 09:27:41 AM,305.7,2,611.4,21621338.05
2025-08-01 09:27:48 AM,305.7,50,15285.0,21636623.05
2025-08-01 09:27:49 AM,305.6,8,2444.8,21639067.85
2025-08-01 09:27:57 AM,305.6,1,305.6,21639373.450000003
2025-08-01 09:28:03 AM,305.6,3,916.8000000000001,21640290.250000004
2025-08-01 09:28:08 AM,305.8,0,0.0,21640290.250000004
2025-08-01 09:28:11 AM,305.6,107,32699.2,21672989.450000003
2025-08-01 09:28:12 AM,305.6,16,4889.6,21677879.050000004
2025-08-01 09:28:20 AM,305.5,12,3666.0,21681545.050000004
2025-08-01 09:28:21 AM,305.6,0,0.0,21681545.050000004
2025-08-01 09:28:26 AM,305.6,40,12224.0,21693769.050000004
2025-08-01 09:28:28 AM,305.45,106,32377.699999999997,21726146.750000004
2025-08-01 09:28:32 AM,305.65,0,0.0,21726146.750000004
2025-08-01 09:28:34 AM,305.4,69,21072.6,21747219.350000005
2025-08-01 09:28:35 AM,305.35,26,7939.1,21755158.450000007
2025-08-01 09:28:42 AM,305.4,0,0.0,21755158.450000007
2025-08-01 09:28:42 AM,305.4,126,38480.399999999994,21793638.850000005
2025-08-01 09:28:43 AM,305.3,23,7021.900000000001,21800660.750000004
2025-08-01 09:28:47 AM,305.6,0,0.0,21800660.750000004
2025-08-01 09:28:49 AM,305.6,1,305.6,21800966.350000005
2025-08-01 09:28:50 AM,305.4,4,1221.6,21802187.950000007
2025-08-01 09:28:57 AM,305.7,597,182502.9,21984690.850000005
2025-08-01 09:28:58 AM,305.7,90,27513.0,22012203.850000005
2025-08-01 09:29:06 AM,305.65,104,31787.6,22043991.450000007
2025-08-01 09:29:11 AM,305.5,0,0.0,22043991.450000007
2025-08-01 09:29:12 AM,305.5,408,124644.0,22168635.450000007
2025-08-01 09:29:14 AM,305.5,77,23523.5,22192158.950000007
2025-08-01 09:29:20 AM,305.5,2,611.0,22192769.950000007
2025-08-01 09:29:21 AM,305.3,11,3358.3,22196128.250000007
2025-08-01 09:29:26 AM,305.8,0,0.0,22196128.250000007
2025-08-01 09:29:27 AM,305.4,1627,496885.8,22693014.05000001
2025-08-01 09:29:29 AM,305.7,572,174860.4,22867874.450000007
2025-08-01 09:29:31 AM,305.35,0,0.0,22867874.450000007
2025-08-01 09:29:35 AM,305.6,672,205363.2,23073237.650000006
2025-08-01 09:29:36 AM,305.3,186,56785.8,23130023.450000007
2025-08-01 09:29:43 AM,305.35,39,11908.650000000001,23141932.100000005
2025-08-01 09:29:46 AM,305.6,0,0.0,23141932.100000005
2025-08-01 09:29:50 AM,305.6,6,1833.6000000000001,23143765.700000007
2025-08-01 09:29:51 AM,305.6,57,17419.2,23161184.900000006
2025-08-01 09:29:57 AM,305.5,0,0.0,23161184.900000006
2025-08-01 09:29:58 AM,305.5,10,3055.0,23164239.900000006
2025-08-01 09:30:03 AM,305.45,0,0.0,23164239.900000006
2025-08-01 09:30:05 AM,305.45,142,43373.9,23207613.800000004
2025-08-01 09:30:06 AM,305.35,23,7023.05,23214636.850000005
2025-08-01 09:30:10 AM,305.45,0,0.0,23214636.850000005
2025-08-01 09:30:13 AM,305.3,558,170357.4,23384994.250000004
2025-08-01 09:30:13 AM,305.2,87,26552.399999999998,23411546.650000002
2025-08-01 09:30:17 AM,305.35,0,0.0,23411546.650000002
2025-08-01 09:30:20 AM,305.2,210,64092.0,23475638.650000002
2025-08-01 09:30:21 AM,305.35,45,13740.750000000002,23489379.400000002
2025-08-01 09:30:28 AM,305.65,2647,809055.5499999999,24298434.950000003
2025-08-01 09:30:31 AM,305.45,0,0.0,24298434.950000003
2025-08-01 09:30:35 AM,305.25,87,26556.75,24324991.700000003
2025-08-01 09:30:35 AM,305.4,642,196066.8,24521058.500000004
2025-08-01 09:30:42 AM,305.45,5,1527.25,24522585.750000004
2025-08-01 09:30:43 AM,305.25,97,29609.25,24552195.000000004
2025-08-01 09:30:49 AM,305.25,1,305.25,24552500.250000004
2025-08-01 09:30:50 AM,305.2,15,4578.0,24557078.250000004
2025-08-01 09:30:57 AM,305.1,2,610.2,24557688.450000003
2025-08-01 09:31:03 AM,305.3,0,0.0,24557688.450000003
2025-08-01 09:31:04 AM,305.3,102,31140.600000000002,24588829.050000004
2025-08-01 09:31:05 AM,305.3,17,5190.1,24594019.150000006
2025-08-01 09:31:09 AM,305.45,0,0.0,24594019.150000006
2025-08-01 09:31:12 AM,305.4,120,36648.0,24630667.150000006
2025-08-01 09:31:12 AM,305.2,20,6104.0,24636771.150000006
2025-08-01 09:31:15 AM,305.15,0,0.0,24636771.150000006
2025-08-01 09:31:19 AM,305.15,40,12206.0,24648977.150000006
2025-08-01 09:31:19 AM,305.2,9,2746.7999999999997,24651723.950000007
2025-08-01 09:31:21 AM,305.45,0,0.0,24651723.950000007
2025-08-01 09:31:26 AM,305.45,887,270934.14999999997,24922658.100000005
2025-08-01 09:31:27 AM,305.15,135,41195.25,24963853.350000005
2025-08-01 09:31:31 AM,305.25,0,0.0,24963853.350000005
2025-08-01 09:31:34 AM,305.25,25,7631.25,24971484.600000005
2025-08-01 09:31:34 AM,305.25,24,7326.0,24978810.600000005
2025-08-01 09:31:37 AM,305.05,0,0.0,24978810.600000005
2025-08-01 09:31:39 AM,305.35,0,0.0,24978810.600000005
2025-08-01 09:31:40 AM,305.35,1321,403367.35000000003,25382177.950000007
2025-08-01 09:31:41 AM,305.35,482,147178.7,25529356.650000006
2025-08-01 09:31:48 AM,305.15,73,22275.949999999997,25551632.600000005
2025-08-01 09:31:50 AM,305.4,0,0.0,25551632.600000005
2025-08-01 09:31:54 AM,305.4,61,18629.399999999998,25570262.000000004
2025-08-01 09:31:54 AM,305.15,20,6103.0,25576365.000000004
2025-08-01 09:31:59 AM,305.45,0,0.0,25576365.000000004
2025-08-01 09:32:01 AM,305.15,106,32345.899999999998,25608710.900000002
2025-08-01 09:32:05 AM,305.1,0,0.0,25608710.900000002
2025-08-01 09:32:08 AM,305.1,69,21051.9,25629762.8
2025-08-01 09:32:15 AM,305.2,30,9156.0,25638918.8
2025-08-01 09:32:15 AM,305.2,4,1220.8,25640139.6
2025-08-01 09:32:23 AM,305.35,0,0.0,25640139.6
2025-08-01 09:32:23 AM,305.35,130,39695.5,25679835.1
2025-08-01 09:32:23 AM,305.1,20,6102.0,25685937.1
2025-08-01 09:32:29 AM,305.15,0,0.0,25685937.1
2025-08-01 09:32:29 AM,305.45,205,62617.25,25748554.35
2025-08-01 09:32:29 AM,305.25,0,0.0,25748554.35
2025-08-01 09:32:29 AM,305.25,33,10073.25,25758627.6
2025-08-01 09:32:35 AM,305.55,0,0.0,25758627.6
2025-08-01 09:32:35 AM,305.5,0,0.0,25758627.6
2025-08-01 09:32:36 AM,305.5,181,55295.5,25813923.1
2025-08-01 09:32:36 AM,305.35,32,9771.2,25823694.3
2025-08-01 09:32:41 AM,305.25,0,0.0,25823694.3
2025-08-01 09:32:43 AM,305.25,99,30219.75,25853914.05
2025-08-01 09:32:43 AM,305.25,19,5799.75,25859713.8
2025-08-01 09:32:47 AM,305.2,0,0.0,25859713.8
2025-08-01 09:32:50 AM,305.25,395,120573.75,25980287.55
2025-08-01 09:32:51 AM,305.25,62,18925.5,25999213.05
2025-08-01 09:32:57 AM,305.3,12,3663.6000000000004,26002876.650000002
2025-08-01 09:32:57 AM,305.3,13,3968.9,26006845.55
2025-08-01 09:33:04 AM,305.55,17,5194.35,26012039.900000002
2025-08-01 09:33:04 AM,305.3,4,1221.2,26013261.1
2025-08-01 09:33:11 AM,305.3,1,305.3,26013566.400000002
2025-08-01 09:33:25 AM,305.3,151,46100.3,26059666.700000003
2025-08-01 09:33:25 AM,305.3,23,7021.900000000001,26066688.6
2025-08-01 09:33:31 AM,305.55,0,0.0,26066688.6
2025-08-01 09:33:32 AM,305.7,207,63279.899999999994,26129968.5
2025-08-01 09:33:35 AM,305.6,0,0.0,26129968.5
2025-08-01 09:33:39 AM,305.6,36,11001.6,26140970.1
2025-08-01 09:33:41 AM,305.9,0,0.0,26140970.1
2025-08-01 09:33:43 AM,305.8,0,0.0,26140970.1
2025-08-01 09:33:45 AM,305.95,0,0.0,26140970.1
2025-08-01 09:33:45 AM,305.95,286,87501.7,26228471.8
2025-08-01 09:33:49 AM,305.75,0,0.0,26228471.8
2025-08-01 09:33:53 AM,305.75,58,17733.5,26246205.3
2025-08-01 09:34:00 AM,306.0,20,6120.0,26252325.3
2025-08-01 09:34:00 AM,305.95,0,0.0,26252325.3
2025-08-01 09:34:05 AM,306.0,0,0.0,26252325.3
2025-08-01 09:34:07 AM,306.0,56,17136.0,26269461.3
2025-08-01 09:34:10 AM,305.95,0,0.0,26269461.3
2025-08-01 09:34:13 AM,306.0,0,0.0,26269461.3
2025-08-01 09:34:14 AM,306.0,94,28764.0,26298225.3
2025-08-01 09:34:19 AM,306.05,0,0.0,26298225.3
2025-08-01 09:34:21 AM,306.05,40,12242.0,26310467.3
2025-08-01 09:34:23 AM,306.15,0,0.0,26310467.3
2025-08-01 09:34:28 AM,306.05,0,0.0,26310467.3
2025-08-01 09:34:28 AM,306.05,1153,352875.65,26663342.95
2025-08-01 09:34:30 AM,306.3,0,0.0,26663342.95
2025-08-01 09:34:35 AM,306.3,395,120988.5,26784331.45
2025-08-01 09:34:35 AM,306.1,0,0.0,26784331.45
2025-08-01 09:34:39 AM,306.3,0,0.0,26784331.45
2025-08-01 09:34:40 AM,306.1,0,0.0,26784331.45
2025-08-01 09:34:41 AM,306.1,289,88462.90000000001,26872794.349999998
2025-08-01 09:34:43 AM,306.15,0,0.0,26872794.349999998
2025-08-01 09:34:48 AM,306.3,439,134465.7,27007260.049999997
2025-08-01 09:34:50 AM,306.15,0,0.0,27007260.049999997
2025-08-01 09:34:55 AM,306.15,68,20818.199999999997,27028078.249999996
2025-08-01 09:34:56 AM,306.4,3,919.1999999999999,27028997.449999996
2025-08-01 09:34:57 AM,306.15,0,0.0,27028997.449999996
2025-08-01 09:35:00 AM,306.4,0,0.0,27028997.449999996
2025-08-01 09:35:02 AM,306.4,134,41057.6,27070055.049999997
2025-08-01 09:35:09 AM,306.15,175,53576.24999999999,27123631.299999997
2025-08-01 09:35:10 AM,306.4,0,0.0,27123631.299999997
2025-08-01 09:35:10 AM,306.4,11,3370.3999999999996,27127001.699999996
2025-08-01 09:35:10 AM,306.15,0,0.0,27127001.699999996
2025-08-01 09:35:15 AM,306.55,0,0.0,27127001.699999996
2025-08-01 09:35:16 AM,306.55,1078,330460.9,27457462.599999994
2025-08-01 09:35:20 AM,306.45,0,0.0,27457462.599999994
2025-08-01 09:35:23 AM,306.3,362,110880.6,27568343.199999996
2025-08-01 09:35:25 AM,306.05,0,0.0,27568343.199999996
2025-08-01 09:35:30 AM,306.05,55,16832.75,27585175.949999996
2025-08-01 09:35:35 AM,306.0,0,0.0,27585175.949999996
2025-08-01 09:35:35 AM,306.1,0,0.0,27585175.949999996
2025-08-01 09:35:37 AM,306.1,23,7040.3,27592216.249999996
2025-08-01 09:35:37 AM,306.1,3,918.3000000000001,27593134.549999997
2025-08-01 09:35:40 AM,306.0,0,0.0,27593134.549999997
2025-08-01 09:35:40 AM,306.1,0,0.0,27593134.549999997
2025-08-01 09:35:44 AM,306.3,1058,324065.4,27917199.949999996
2025-08-01 09:35:44 AM,306.0,160,48960.0,27966159.949999996
2025-08-01 09:35:50 AM,306.25,0,0.0,27966159.949999996
2025-08-01 09:35:51 AM,306.25,11,3368.75,27969528.699999996
2025-08-01 09:35:51 AM,306.05,26,7957.3,27977485.999999996
2025-08-01 09:35:57 AM,306.05,65,19893.25,27997379.249999996
2025-08-01 09:35:58 AM,306.0,26,7956.0,28005335.249999996
2025-08-01 09:36:04 AM,306.25,0,0.0,28005335.249999996
2025-08-01 09:36:04 AM,306.25,701,214681.25,28220016.499999996
2025-08-01 09:36:04 AM,306.3,313,95871.90000000001,28315888.399999995
2025-08-01 09:36:08 AM,306.4,0,0.0,28315888.399999995
2025-08-01 09:36:11 AM,306.3,7,2144.1,28318032.499999996
2025-08-01 09:36:11 AM,306.3,48,14702.400000000001,28332734.899999995
2025-08-01 09:36:18 AM,306.3,8,2450.4,28335185.299999993
2025-08-01 09:36:20 AM,306.6,0,0.0,28335185.299999993
2025-08-01 09:36:24 AM,306.6,507,155446.2,28490631.499999993
2025-08-01 09:36:24 AM,306.5,77,23600.5,28514231.999999993
2025-08-01 09:36:28 AM,306.85,0,0.0,28514231.999999993
2025-08-01 09:36:31 AM,306.85,1075,329863.75,28844095.749999993
2025-08-01 09:36:31 AM,306.5,173,53024.5,28897120.249999993
2025-08-01 09:36:36 AM,306.6,0,0.0,28897120.249999993
2025-08-01 09:36:37 AM,306.6,636,194997.6,29092117.849999994
2025-08-01 09:36:37 AM,306.6,351,107616.6,29199734.449999996
2025-08-01 09:36:44 AM,306.55,52,15940.6,29215675.049999997
2025-08-01 09:36:48 AM,306.85,0,0.0,29215675.049999997
2025-08-01 09:36:50 AM,307.0,1436,440852.0,29656527.049999997
2025-08-01 09:36:50 AM,306.65,223,68382.95,29724909.999999996
2025-08-01 09:36:57 AM,306.65,2,613.3,29725523.299999997
2025-08-01 09:36:57 AM,306.7,34,10427.8,29735951.099999998
2025-08-01 09:37:03 AM,306.95,285,87480.75,29823431.849999998
2025-08-01 09:37:04 AM,306.65,0,0.0,29823431.849999998
2025-08-01 09:37:04 AM,306.65,48,14719.199999999999,29838151.049999997
2025-08-01 09:37:08 AM,306.9,0,0.0,29838151.049999997
2025-08-01 09:37:11 AM,306.9,1,306.9,29838457.949999996
2025-08-01 09:37:11 AM,306.7,7,2146.9,29840604.849999994
2025-08-01 09:37:14 AM,306.5,0,0.0,29840604.849999994
2025-08-01 09:37:18 AM,306.65,0,0.0,29840604.849999994
2025-08-01 09:37:18 AM,306.65,2944,902777.6,30743382.449999996
2025-08-01 09:37:18 AM,306.55,655,200790.25,30944172.699999996
2025-08-01 09:37:24 AM,306.3,0,0.0,30944172.699999996
2025-08-01 09:37:25 AM,306.3,46,14089.800000000001,30958262.499999996
2025-08-01 09:37:25 AM,306.45,106,32483.699999999997,30990746.199999996
2025-08-01 09:37:29 AM,306.5,0,0.0,30990746.199999996
2025-08-01 09:37:31 AM,306.5,52,15938.0,31006684.199999996
2025-08-01 09:37:32 AM,306.25,24,7350.0,31014034.199999996
2025-08-01 09:37:38 AM,306.3,0,0.0,31014034.199999996
2025-08-01 09:37:39 AM,306.3,3,918.9000000000001,31014953.099999994
2025-08-01 09:37:45 AM,306.3,1,306.3,31015259.399999995
2025-08-01 09:37:54 AM,306.6,0,0.0,31015259.399999995
2025-08-01 09:37:58 AM,306.55,60,18393.0,31033652.399999995
2025-08-01 09:37:58 AM,306.35,9,2757.15,31036409.549999993
2025-08-01 09:38:04 AM,306.1,0,0.0,31036409.549999993
2025-08-01 09:38:05 AM,306.1,1659,507819.9,31544229.44999999
2025-08-01 09:38:05 AM,306.25,459,140568.75,31684798.19999999
2025-08-01 09:38:10 AM,306.1,0,0.0,31684798.19999999
2025-08-01 09:38:12 AM,306.1,199,60913.9,31745712.09999999
2025-08-01 09:38:12 AM,306.1,99,30303.9,31776015.99999999
2025-08-01 09:38:15 AM,306.3,0,0.0,31776015.99999999
2025-08-01 09:38:19 AM,306.1,24,7346.400000000001,31783362.399999987
2025-08-01 09:38:19 AM,306.1,18,5509.8,31788872.199999988
2025-08-01 09:38:26 AM,306.1,3,918.3000000000001,31789790.49999999
2025-08-01 09:38:30 AM,306.3,0,0.0,31789790.49999999
2025-08-01 09:38:31 AM,306.0,0,0.0,31789790.49999999
2025-08-01 09:38:32 AM,306.1,1846,565060.6000000001,32354851.09999999
2025-08-01 09:38:32 AM,305.7,278,84984.59999999999,32439835.69999999
2025-08-01 09:38:35 AM,306.0,0,0.0,32439835.69999999
2025-08-01 09:38:39 AM,306.0,212,64872.0,32504707.69999999
2025-08-01 09:38:39 AM,305.85,73,22327.050000000003,32527034.749999993
2025-08-01 09:38:48 AM,305.8,0,0.0,32527034.749999993
2025-08-01 09:38:52 AM,306.05,17,5202.85,32532237.599999994
2025-08-01 09:38:52 AM,305.8,3,917.4000000000001,32533154.999999993
2025-08-01 09:38:53 AM,306.05,0,0.0,32533154.999999993
2025-08-01 09:38:59 AM,306.0,337,103122.0,32636276.999999993
2025-08-01 09:38:59 AM,305.75,51,15593.25,32651870.249999993
2025-08-01 09:39:05 AM,306.0,17,5202.0,32657072.249999993
2025-08-01 09:39:05 AM,305.85,10,3058.5,32660130.749999993
2025-08-01 09:39:12 AM,305.85,15,4587.75,32664718.499999993
2025-08-01 09:39:15 AM,305.9,0,0.0,32664718.499999993
2025-08-01 09:39:19 AM,305.9,4,1223.6,32665942.099999994
2025-08-01 09:39:26 AM,305.9,1,305.9,32666247.999999993
2025-08-01 09:39:29 AM,306.0,0,0.0,32666247.999999993
2025-08-01 09:39:32 AM,306.0,1,306.0,32666553.999999993
2025-08-01 09:39:39 AM,306.0,50,15300.0,32681853.999999993
2025-08-01 09:39:41 AM,305.9,0,0.0,32681853.999999993
2025-08-01 09:39:45 AM,305.9,7,2141.2999999999997,32683995.299999993
2025-08-01 09:39:46 AM,306.0,12,3672.0,32687667.299999993
2025-08-01 09:39:52 AM,306.0,59,18054.0,32705721.299999993
2025-08-01 09:39:53 AM,305.9,0,0.0,32705721.299999993
2025-08-01 09:39:59 AM,305.9,25,7647.499999999999,32713368.799999993
2025-08-01 09:40:05 AM,305.9,584,178645.59999999998,32892014.399999995
2025-08-01 09:40:09 AM,305.85,0,0.0,32892014.399999995
2025-08-01 09:40:12 AM,305.85,87,26608.95,32918623.349999994
2025-08-01 09:40:17 AM,305.9,0,0.0,32918623.349999994
2025-08-01 09:40:18 AM,305.9,51,15600.9,32934224.249999993
2025-08-01 09:40:22 AM,305.85,0,0.0,32934224.249999993
2025-08-01 09:40:25 AM,305.85,7,2140.9500000000003,32936365.19999999
2025-08-01 09:40:31 AM,305.9,21,6423.9,32942789.09999999
2025-08-01 09:40:32 AM,305.85,0,0.0,32942789.09999999
2025-08-01 09:40:36 AM,305.9,0,0.0,32942789.09999999
2025-08-01 09:40:38 AM,305.9,9,2753.1,32945542.19999999
2025-08-01 09:40:39 AM,305.9,452,138266.8,33083808.999999993
2025-08-01 09:40:45 AM,305.9,79,24166.1,33107975.099999994
2025-08-01 09:40:48 AM,306.2,0,0.0,33107975.099999994
2025-08-01 09:40:51 AM,306.2,358,109619.59999999999,33217594.699999996
2025-08-01 09:40:53 AM,306.25,0,0.0,33217594.699999996
2025-08-01 09:40:58 AM,306.25,54,16537.5,33234132.199999996
2025-08-01 09:40:58 AM,306.3,0,0.0,33234132.199999996
2025-08-01 09:41:03 AM,306.25,0,0.0,33234132.199999996
2025-08-01 09:41:04 AM,306.25,208,63700.0,33297832.199999996
2025-08-01 09:41:08 AM,306.3,0,0.0,33297832.199999996
2025-08-01 09:41:11 AM,306.3,31,9495.300000000001,33307327.499999996
2025-08-01 09:41:18 AM,306.3,30,9189.0,33316516.499999996
2025-08-01 09:41:24 AM,306.3,53,16233.900000000001,33332750.399999995
2025-08-01 09:41:31 AM,306.3,8,2450.4,33335200.799999993
2025-08-01 09:41:33 AM,306.2,0,0.0,33335200.799999993
2025-08-01 09:41:37 AM,306.2,501,153406.19999999998,33488606.999999993
2025-08-01 09:41:40 AM,306.4,0,0.0,33488606.999999993
2025-08-01 09:41:44 AM,306.4,90,27575.999999999996,33516182.999999993
2025-08-01 09:41:48 AM,306.75,0,0.0,33516182.999999993
2025-08-01 09:41:51 AM,306.75,2513,770862.75,34287045.74999999
2025-08-01 09:41:53 AM,306.5,0,0.0,34287045.74999999
2025-08-01 09:41:57 AM,306.5,696,213324.0,34500369.74999999
2025-08-01 09:42:03 AM,306.5,108,33102.0,34533471.74999999
2025-08-01 09:42:10 AM,306.5,25,7662.5,34541134.24999999
2025-08-01 09:42:13 AM,306.8,0,0.0,34541134.24999999
2025-08-01 09:42:17 AM,306.8,204,62587.200000000004,34603721.449999996
2025-08-01 09:42:21 AM,306.6,0,0.0,34603721.449999996
2025-08-01 09:42:23 AM,306.6,31,9504.6,34613226.05
2025-08-01 09:42:26 AM,306.85,0,0.0,34613226.05
2025-08-01 09:42:30 AM,306.85,131,40197.350000000006,34653423.4
2025-08-01 09:42:31 AM,306.65,0,0.0,34653423.4
2025-08-01 09:42:35 AM,306.85,0,0.0,34653423.4
2025-08-01 09:42:36 AM,306.6,185,56721.00000000001,34710144.4
2025-08-01 09:42:38 AM,306.85,1,306.85,34710451.25
2025-08-01 09:42:39 AM,306.65,0,0.0,34710451.25
2025-08-01 09:42:43 AM,306.65,28,8586.199999999999,34719037.45
2025-08-01 09:42:49 AM,306.65,4,1226.6,34720264.050000004
2025-08-01 09:42:55 AM,306.7,0,0.0,34720264.050000004
2025-08-01 09:42:56 AM,306.7,4,1226.8,34721490.85
2025-08-01 09:43:02 AM,306.7,103,31590.1,34753080.95
2025-08-01 09:43:09 AM,306.9,27,8286.3,34761367.25
2025-08-01 09:43:11 AM,306.7,0,0.0,34761367.25
2025-08-01 09:43:16 AM,306.7,4,1226.8,34762594.05
2025-08-01 09:43:27 AM,306.75,0,0.0,34762594.05
2025-08-01 09:43:27 AM,306.8,0,0.0,34762594.05
2025-08-01 09:43:29 AM,306.7,1043,319888.1,35082482.15
2025-08-01 09:43:31 AM,307.0,0,0.0,35082482.15
2025-08-01 09:43:35 AM,307.0,484,148588.0,35231070.15
2025-08-01 09:43:39 AM,306.8,0,0.0,35231070.15
2025-08-01 09:43:39 AM,306.75,0,0.0,35231070.15
2025-08-01 09:43:42 AM,306.95,115,35299.25,35266369.4
2025-08-01 09:43:43 AM,307.0,0,0.0,35266369.4
2025-08-01 09:43:49 AM,307.0,249,76443.0,35342812.4
2025-08-01 09:43:51 AM,306.8,0,0.0,35342812.4
2025-08-01 09:43:55 AM,306.75,0,0.0,35342812.4
2025-08-01 09:43:55 AM,306.75,238,73006.5,35415818.9
2025-08-01 09:44:01 AM,306.75,43,13190.25,35429009.15
2025-08-01 09:44:07 AM,306.7,0,0.0,35429009.15
2025-08-01 09:44:08 AM,306.7,952,291978.39999999997,35720987.55
2025-08-01 09:44:15 AM,306.7,144,44164.799999999996,35765152.349999994
2025-08-01 09:44:17 AM,306.5,0,0.0,35765152.349999994
2025-08-01 09:44:22 AM,306.5,122,37393.0,35802545.349999994
2025-08-01 09:44:28 AM,306.5,18,5517.0,35808062.349999994
2025-08-01 09:44:35 AM,306.5,3,919.5,35808981.849999994
2025-08-01 09:44:42 AM,306.5,492,150798.0,35959779.849999994
2025-08-01 09:44:43 AM,306.3,0,0.0,35959779.849999994
2025-08-01 09:44:47 AM,306.5,76,23294.0,35983073.849999994
2025-08-01 09:44:49 AM,306.3,0,0.0,35983073.849999994
2025-08-01 09:44:54 AM,306.3,63,19296.9,36002370.74999999
2025-08-01 09:44:57 AM,306.5,0,0.0,36002370.74999999
2025-08-01 09:45:00 AM,306.5,10,3065.0,36005435.74999999
2025-08-01 09:45:03 AM,306.3,0,0.0,36005435.74999999
2025-08-01 09:45:05 AM,306.5,0,0.0,36005435.74999999
2025-08-01 09:45:07 AM,306.5,3,919.5,36006355.24999999
2025-08-01 09:45:09 AM,306.3,476,145798.80000000002,36152154.04999999
2025-08-01 09:45:09 AM,306.25,0,0.0,36152154.04999999
2025-08-01 09:45:14 AM,306.25,580,177625.0,36329779.04999999
2025-08-01 09:45:15 AM,306.05,0,0.0,36329779.04999999
2025-08-01 09:45:15 AM,306.05,15,4590.75,36334369.79999999
2025-08-01 09:45:15 AM,306.0,0,0.0,36334369.79999999
2025-08-01 09:45:20 AM,306.0,589,180234.0,36514603.79999999
2025-08-01 09:45:27 AM,306.0,88,26928.0,36541531.79999999
2025-08-01 09:45:31 AM,306.05,0,0.0,36541531.79999999
2025-08-01 09:45:33 AM,306.05,220,67331.0,36608862.79999999
2025-08-01 09:45:40 AM,306.05,35,10711.75,36619574.54999999
2025-08-01 09:45:43 AM,306.25,0,0.0,36619574.54999999
2025-08-01 09:45:46 AM,306.25,69,21131.25,36640705.79999999
2025-08-01 09:45:53 AM,306.05,70,21423.5,36662129.29999999
2025-08-01 09:45:54 AM,306.1,0,0.0,36662129.29999999
2025-08-01 09:45:59 AM,306.1,17,5203.700000000001,36667332.99999999
2025-08-01 09:46:05 AM,306.2,0,0.0,36667332.99999999
2025-08-01 09:46:06 AM,306.2,17,5205.4,36672538.39999999
2025-08-01 09:46:10 AM,306.05,0,0.0,36672538.39999999
2025-08-01 09:46:12 AM,306.05,3,918.1500000000001,36673456.54999999
2025-08-01 09:46:15 AM,306.0,0,0.0,36673456.54999999
2025-08-01 09:46:19 AM,306.0,65,19890.0,36693346.54999999
2025-08-01 09:46:20 AM,305.85,160,48936.0,36742282.54999999
2025-08-01 09:46:21 AM,306.0,0,0.0,36742282.54999999
2025-08-01 09:46:24 AM,306.05,0,0.0,36742282.54999999
2025-08-01 09:46:25 AM,306.05,47,14384.35,36756666.89999999
2025-08-01 09:46:27 AM,306.05,9,2754.4500000000003,36759421.349999994
2025-08-01 09:46:28 AM,305.85,0,0.0,36759421.349999994
2025-08-01 09:46:31 AM,305.85,8,2446.8,36761868.14999999
2025-08-01 09:46:38 AM,305.85,39,11928.150000000001,36773796.29999999
2025-08-01 09:46:41 AM,306.0,0,0.0,36773796.29999999
2025-08-01 09:46:44 AM,306.0,9,2754.0,36776550.29999999
2025-08-01 09:46:45 AM,305.85,0,0.0,36776550.29999999
2025-08-01 09:46:46 AM,305.85,40,12234.0,36788784.29999999
2025-08-01 09:46:50 AM,306.0,388,118728.0,36907512.29999999
2025-08-01 09:46:53 AM,305.95,0,0.0,36907512.29999999
2025-08-01 09:46:56 AM,306.05,0,0.0,36907512.29999999
2025-08-01 09:46:56 AM,306.05,160,48968.0,36956480.29999999
2025-08-01 09:47:00 AM,305.6,0,0.0,36956480.29999999
2025-08-01 09:47:03 AM,305.6,524,160134.40000000002,37116614.69999999
2025-08-01 09:47:04 AM,305.95,0,0.0,37116614.69999999
2025-08-01 09:47:05 AM,305.95,2,611.9,37117226.59999999
2025-08-01 09:47:09 AM,305.95,85,26005.75,37143232.34999999
2025-08-01 09:47:12 AM,305.75,0,0.0,37143232.34999999
2025-08-01 09:47:15 AM,305.75,13,3974.75,37147207.09999999
2025-08-01 09:47:17 AM,305.7,0,0.0,37147207.09999999
2025-08-01 09:47:20 AM,305.95,0,0.0,37147207.09999999
2025-08-01 09:47:21 AM,305.95,7,2141.65,37149348.749999985
2025-08-01 09:47:23 AM,305.7,10,3057.0,37152405.749999985
2025-08-01 09:47:27 AM,305.7,2,611.4,37153017.14999998
2025-08-01 09:47:32 AM,305.65,0,0.0,37153017.14999998
2025-08-01 09:47:34 AM,305.65,1,305.65,37153322.79999998
2025-08-01 09:47:43 AM,305.9,1,305.9,37153628.69999998
2025-08-01 09:47:47 AM,305.95,58,17745.1,37171373.79999998
2025-08-01 09:47:54 AM,305.75,0,0.0,37171373.79999998
2025-08-01 09:47:54 AM,305.75,9,2751.75,37174125.54999998
2025-08-01 09:47:58 AM,305.95,0,0.0,37174125.54999998
2025-08-01 09:48:01 AM,305.95,165,50481.75,37224607.29999998
2025-08-01 09:48:07 AM,305.75,0,0.0,37224607.29999998
2025-08-01 09:48:07 AM,305.75,338,103343.5,37327950.79999998
2025-08-01 09:48:10 AM,305.75,2,611.5,37328562.29999998
2025-08-01 09:48:11 AM,305.55,0,0.0,37328562.29999998
2025-08-01 09:48:13 AM,305.75,52,15899.0,37344461.29999998
2025-08-01 09:48:16 AM,305.75,3,917.25,37345378.54999998
2025-08-01 09:48:19 AM,305.5,0,0.0,37345378.54999998
2025-08-01 09:48:20 AM,305.5,308,94094.0,37439472.54999998
2025-08-01 09:48:23 AM,305.55,0,0.0,37439472.54999998
2025-08-01 09:48:26 AM,305.55,46,14055.300000000001,37453527.84999998
2025-08-01 09:48:33 AM,305.55,7,2138.85,37455666.69999998
2025-08-01 09:48:35 AM,305.55,3,916.6500000000001,37456583.34999998
2025-08-01 09:48:39 AM,305.75,27,8255.25,37464838.59999998
2025-08-01 09:48:39 AM,305.55,0,0.0,37464838.59999998
2025-08-01 09:48:42 AM,305.55,8,2444.4,37467282.99999998
2025-08-01 09:48:46 AM,305.55,5,1527.75,37468810.74999998
2025-08-01 09:48:47 AM,305.75,0,0.0,37468810.74999998
2025-08-01 09:48:48 AM,305.75,50,15287.5,37484098.24999998
2025-08-01 09:48:51 AM,305.5,0,0.0,37484098.24999998
2025-08-01 09:48:52 AM,305.5,8,2444.0,37486542.24999998
2025-08-01 09:48:58 AM,305.5,2,611.0,37487153.24999998
2025-08-01 09:49:11 AM,305.75,0,0.0,37487153.24999998
2025-08-01 09:49:11 AM,305.75,1,305.75,37487458.99999998
2025-08-01 09:49:17 AM,305.9,1631,498922.89999999997,37986381.899999976
2025-08-01 09:49:23 AM,305.9,562,171915.8,38158297.69999997
2025-08-01 09:49:26 AM,305.9,1,305.9,38158603.59999997
2025-08-01 09:49:29 AM,306.1,196,59995.600000000006,38218599.19999997
2025-08-01 09:49:32 AM,305.9,1,305.9,38218905.09999997
2025-08-01 09:49:36 AM,305.9,38,11624.199999999999,38230529.299999975
2025-08-01 09:49:36 AM,306.1,0,0.0,38230529.299999975
2025-08-01 09:49:39 AM,306.1,5,1530.5,38232059.799999975
2025-08-01 09:49:40 AM,305.9,0,0.0,38232059.799999975
2025-08-01 09:49:42 AM,306.25,207,63393.75,38295453.549999975
2025-08-01 09:49:46 AM,306.0,0,0.0,38295453.549999975
2025-08-01 09:49:48 AM,306.0,31,9486.0,38304939.549999975
2025-08-01 09:49:51 AM,306.2,0,0.0,38304939.549999975
2025-08-01 09:49:51 AM,306.2,27,8267.4,38313206.94999997
2025-08-01 09:49:52 AM,305.95,0,0.0,38313206.94999997
2025-08-01 09:49:55 AM,305.9,0,0.0,38313206.94999997
2025-08-01 09:49:55 AM,305.9,20,6118.0,38319324.94999997
2025-08-01 09:50:00 AM,306.15,0,0.0,38319324.94999997
2025-08-01 09:50:01 AM,306.15,6,1836.8999999999999,38321161.84999997
2025-08-01 09:50:06 AM,305.95,0,0.0,38321161.84999997
2025-08-01 09:50:08 AM,305.95,142,43444.9,38364606.74999997
2025-08-01 09:50:12 AM,305.8,0,0.0,38364606.74999997
2025-08-01 09:50:14 AM,306.0,110,33660.0,38398266.74999997
2025-08-01 09:50:18 AM,305.8,0,0.0,38398266.74999997
2025-08-01 09:50:21 AM,305.8,16,4892.8,38403159.54999997
2025-08-01 09:50:27 AM,305.8,3,917.4000000000001,38404076.949999966
2025-08-01 09:50:29 AM,305.75,0,0.0,38404076.949999966
2025-08-01 09:50:30 AM,305.75,15,4586.25,38408663.199999966
2025-08-01 09:50:32 AM,306.0,0,0.0,38408663.199999966
2025-08-01 09:50:33 AM,306.0,3,918.0,38409581.199999966
2025-08-01 09:50:36 AM,305.8,0,0.0,38409581.199999966
2025-08-01 09:50:39 AM,305.8,1,305.8,38409886.99999996
2025-08-01 09:50:54 AM,305.8,26,7950.8,38417837.79999996
2025-08-01 09:50:58 AM,306.05,40,12242.0,38430079.79999996
2025-08-01 09:51:04 AM,305.95,241,73733.95,38503813.74999996
2025-08-01 09:51:06 AM,306.2,0,0.0,38503813.74999996
2025-08-01 09:51:06 AM,306.2,40,12248.0,38516061.74999996
2025-08-01 09:51:09 AM,306.1,0,0.0,38516061.74999996
2025-08-01 09:51:11 AM,306.1,258,78973.8,38595035.54999996
2025-08-01 09:51:14 AM,306.15,0,0.0,38595035.54999996
2025-08-01 09:51:17 AM,306.15,39,11939.849999999999,38606975.39999996
2025-08-01 09:51:23 AM,306.15,6,1836.8999999999999,38608812.29999996
2025-08-01 09:51:30 AM,306.15,1,306.15,38609118.44999996
2025-08-01 09:51:32 AM,306.2,0,0.0,38609118.44999996
2025-08-01 09:51:36 AM,306.2,3,918.5999999999999,38610037.04999996
2025-08-01 09:51:38 AM,306.15,0,0.0,38610037.04999996
2025-08-01 09:51:38 AM,306.15,1462,447591.3,39057628.34999996
2025-08-01 09:51:42 AM,306.0,0,0.0,39057628.34999996
2025-08-01 09:51:42 AM,306.0,505,154530.0,39212158.34999996
2025-08-01 09:51:46 AM,305.95,0,0.0,39212158.34999996
2025-08-01 09:51:49 AM,305.95,76,23252.2,39235410.54999996
2025-08-01 09:51:52 AM,305.85,0,0.0,39235410.54999996
2025-08-01 09:51:55 AM,305.85,11,3364.3500000000004,39238774.89999996
2025-08-01 09:51:58 AM,305.9,0,0.0,39238774.89999996
2025-08-01 09:52:00 AM,306.1,17,5203.700000000001,39243978.599999964
2025-08-01 09:52:03 AM,306.4,1804,552745.6,39796724.199999966
2025-08-01 09:52:04 AM,306.05,0,0.0,39796724.199999966
2025-08-01 09:52:06 AM,306.05,458,140170.9,39936895.099999964
2025-08-01 09:52:10 AM,305.8,0,0.0,39936895.099999964
2025-08-01 09:52:13 AM,305.8,68,20794.4,39957689.49999996
2025-08-01 09:52:14 AM,306.05,0,0.0,39957689.49999996
2025-08-01 09:52:15 AM,306.05,150,45907.5,40003596.99999996
2025-08-01 09:52:19 AM,306.05,33,10099.65,40013696.64999996
2025-08-01 09:52:22 AM,306.05,100,30605.0,40044301.64999996
2025-08-01 09:52:25 AM,306.2,30,9186.0,40053487.64999996
2025-08-01 09:52:29 AM,306.05,0,0.0,40053487.64999996
2025-08-01 09:52:31 AM,306.05,5,1530.25,40055017.89999996
2025-08-01 09:52:46 AM,306.05,193,59067.65,40114085.54999996
2025-08-01 09:52:47 AM,305.85,0,0.0,40114085.54999996
2025-08-01 09:52:50 AM,305.85,29,8869.650000000001,40122955.19999996
2025-08-01 09:52:52 AM,305.8,8,2446.4,40125401.59999996
2025-08-01 09:52:55 AM,305.75,0,0.0,40125401.59999996
2025-08-01 09:52:56 AM,305.75,40,12230.0,40137631.59999996
2025-08-01 09:52:58 AM,305.8,0,0.0,40137631.59999996
2025-08-01 09:53:01 AM,305.8,7,2140.6,40139772.19999996
2025-08-01 09:53:08 AM,305.8,1,305.8,40140077.999999955
2025-08-01 09:53:10 AM,306.0,1,306.0,40140383.999999955
2025-08-01 09:53:11 AM,305.8,0,0.0,40140383.999999955
2025-08-01 09:53:13 AM,305.75,0,0.0,40140383.999999955
2025-08-01 09:53:14 AM,305.75,35,10701.25,40151085.249999955
2025-08-01 09:53:16 AM,305.75,8,2446.0,40153531.249999955
2025-08-01 09:53:20 AM,305.75,6,1834.5,40155365.749999955
2025-08-01 09:53:23 AM,306.0,150,45900.0,40201265.749999955
2025-08-01 09:53:24 AM,305.75,0,0.0,40201265.749999955
2025-08-01 09:53:27 AM,305.7,33,10088.1,40211353.84999996
2025-08-01 09:53:30 AM,305.9,0,0.0,40211353.84999996
2025-08-01 09:53:32 AM,305.9,11,3364.8999999999996,40214718.749999955
2025-08-01 09:53:36 AM,305.7,0,0.0,40214718.749999955
2025-08-01 09:53:36 AM,305.9,0,0.0,40214718.749999955
2025-08-01 09:53:39 AM,305.9,12,3670.7999999999997,40218389.54999995
2025-08-01 09:53:42 AM,305.7,0,0.0,40218389.54999995
2025-08-01 09:53:45 AM,305.7,2,611.4,40219000.94999995
2025-08-01 09:53:53 AM,305.75,52,15899.0,40234899.94999995
2025-08-01 09:53:54 AM,305.7,0,0.0,40234899.94999995
2025-08-01 09:53:58 AM,305.7,8,2445.6,40237345.54999995
2025-08-01 09:54:04 AM,305.7,1,305.7,40237651.249999955
2025-08-01 09:54:17 AM,305.65,109,33315.85,40270967.09999996
2025-08-01 09:54:18 AM,305.5,0,0.0,40270967.09999996
2025-08-01 09:54:21 AM,305.7,0,0.0,40270967.09999996
2025-08-01 09:54:23 AM,305.7,27,8253.9,40279220.999999955
2025-08-01 09:54:24 AM,305.5,0,0.0,40279220.999999955
2025-08-01 09:54:27 AM,305.75,0,0.0,40279220.999999955
2025-08-01 09:54:29 AM,305.75,504,154098.0,40433318.999999955
2025-08-01 09:54:31 AM,305.55,0,0.0,40433318.999999955
2025-08-01 09:54:35 AM,305.55,2203,673126.65,41106445.649999954
2025-08-01 09:54:36 AM,305.45,0,0.0,41106445.649999954
2025-08-01 09:54:41 AM,305.45,553,168913.85,41275359.499999955
2025-08-01 09:54:43 AM,305.6,0,0.0,41275359.499999955
2025-08-01 09:54:47 AM,305.6,83,25364.800000000003,41300724.29999995
2025-08-01 09:54:53 AM,305.6,12,3667.2000000000003,41304391.499999955
2025-08-01 09:54:58 AM,305.75,0,0.0,41304391.499999955
2025-08-01 09:54:58 AM,305.75,7,2140.25,41306531.749999955
2025-08-01 09:55:00 AM,305.6,0,0.0,41306531.749999955
2025-08-01 09:55:04 AM,305.6,1,305.6,41306837.34999996
2025-08-01 09:55:11 AM,306.0,1000,306000.0,41612837.34999996
2025-08-01 09:55:13 AM,305.6,0,0.0,41612837.34999996
2025-08-01 09:55:16 AM,305.8,0,0.0,41612837.34999996
2025-08-01 09:55:16 AM,305.8,151,46175.8,41659013.149999954
2025-08-01 09:55:19 AM,305.6,0,0.0,41659013.149999954
2025-08-01 09:55:20 AM,305.8,0,0.0,41659013.149999954
2025-08-01 09:55:22 AM,305.3,0,0.0,41659013.149999954
2025-08-01 09:55:22 AM,305.3,83,25339.9,41684353.04999995
2025-08-01 09:55:23 AM,305.4,0,0.0,41684353.04999995
2025-08-01 09:55:23 AM,305.4,287,87649.79999999999,41772002.84999995
2025-08-01 09:55:26 AM,305.25,0,0.0,41772002.84999995
2025-08-01 09:55:28 AM,305.25,56,17094.0,41789096.84999995
2025-08-01 09:55:30 AM,305.4,0,0.0,41789096.84999995
2025-08-01 09:55:34 AM,305.4,9,2748.6,41791845.44999995
2025-08-01 09:55:40 AM,305.65,99,30259.35,41822104.79999995
2025-08-01 09:55:41 AM,305.4,500,152700.0,41974804.79999995
2025-08-01 09:55:46 AM,305.4,90,27485.999999999996,42002290.79999995
2025-08-01 09:55:52 AM,305.6,0,0.0,42002290.79999995
2025-08-01 09:55:52 AM,305.6,285,87096.0,42089386.79999995
2025-08-01 09:55:54 AM,305.4,0,0.0,42089386.79999995
2025-08-01 09:55:58 AM,305.4,42,12826.8,42102213.59999995
2025-08-01 09:56:01 AM,305.55,0,0.0,42102213.59999995
2025-08-01 09:56:04 AM,305.4,0,0.0,42102213.59999995
2025-08-01 09:56:04 AM,305.4,23,7024.2,42109237.79999995
2025-08-01 09:56:06 AM,305.3,0,0.0,42109237.79999995
2025-08-01 09:56:10 AM,305.3,3,915.9000000000001,42110153.69999995
2025-08-01 09:56:24 AM,305.55,0,0.0,42110153.69999995
2025-08-01 09:56:27 AM,305.6,0,0.0,42110153.69999995
2025-08-01 09:56:28 AM,305.6,102,31171.2,42141324.899999954
2025-08-01 09:56:31 AM,305.3,0,0.0,42141324.899999954
2025-08-01 09:56:34 AM,305.3,20,6106.0,42147430.899999954
2025-08-01 09:56:40 AM,305.3,11,3358.3,42150789.19999995
2025-08-01 09:56:42 AM,305.25,0,0.0,42150789.19999995
2025-08-01 09:56:44 AM,305.15,0,0.0,42150789.19999995
2025-08-01 09:56:46 AM,305.15,274,83611.09999999999,42234400.29999995
2025-08-01 09:56:49 AM,305.05,0,0.0,42234400.29999995
2025-08-01 09:56:52 AM,305.05,48,14642.400000000001,42249042.69999995
2025-08-01 09:56:57 AM,305.0,0,0.0,42249042.69999995
2025-08-01 09:56:58 AM,305.0,17,5185.0,42254227.69999995
2025-08-01 09:57:04 AM,305.0,3,915.0,42255142.69999995
2025-08-01 09:57:10 AM,305.25,8,2442.0,42257584.69999995
2025-08-01 09:57:13 AM,305.05,0,0.0,42257584.69999995
2025-08-01 09:57:16 AM,305.25,11,3357.75,42260942.44999995
2025-08-01 09:57:21 AM,305.05,0,0.0,42260942.44999995
2025-08-01 09:57:22 AM,305.05,101,30810.050000000003,42291752.49999995
2025-08-01 09:57:24 AM,305.25,61,18620.25,42310372.74999995
2025-08-01 09:57:27 AM,305.25,76,23199.0,42333571.74999995
2025-08-01 09:57:29 AM,305.05,0,0.0,42333571.74999995
2025-08-01 09:57:29 AM,305.05,188,57349.4,42390921.14999995
2025-08-01 09:57:33 AM,305.0,0,0.0,42390921.14999995
2025-08-01 09:57:33 AM,305.0,40,12200.0,42403121.14999995
2025-08-01 09:57:35 AM,305.3,100,30530.0,42433651.14999995
2025-08-01 09:57:37 AM,305.05,0,0.0,42433651.14999995
2025-08-01 09:57:39 AM,305.3,181,55259.3,42488910.44999994
2025-08-01 09:57:45 AM,305.05,0,0.0,42488910.44999994
2025-08-01 09:57:45 AM,305.25,37,11294.25,42500204.69999994
2025-08-01 09:57:48 AM,305.05,100,30505.0,42530709.69999994
2025-08-01 09:57:51 AM,305.05,20,6101.0,42536810.69999994
2025-08-01 09:57:54 AM,305.3,5,1526.5,42538337.19999994
2025-08-01 09:57:57 AM,305.3,14,4274.2,42542611.39999995
2025-08-01 09:58:00 AM,305.1,2,610.2,42543221.59999995
2025-08-01 09:58:03 AM,305.3,962,293698.60000000003,42836920.19999995
2025-08-01 09:58:10 AM,305.1,0,0.0,42836920.19999995
2025-08-01 09:58:10 AM,305.1,146,44544.600000000006,42881464.79999995
2025-08-01 09:58:16 AM,305.1,22,6712.200000000001,42888176.999999955
2025-08-01 09:58:18 AM,305.1,19,5796.900000000001,42893973.899999954
2025-08-01 09:58:22 AM,305.1,6,1830.6000000000001,42895804.499999955
2025-08-01 09:58:28 AM,305.1,1,305.1,42896109.59999996
2025-08-01 09:58:34 AM,305.25,0,0.0,42896109.59999996
2025-08-01 09:58:34 AM,305.25,5,1526.25,42897635.84999996
2025-08-01 09:58:40 AM,305.1,1076,328287.60000000003,43225923.44999996
2025-08-01 09:58:42 AM,305.2,0,0.0,43225923.44999996
2025-08-01 09:58:43 AM,305.2,50,15260.0,43241183.44999996
2025-08-01 09:58:46 AM,305.2,174,53104.799999999996,43294288.249999955
2025-08-01 09:58:50 AM,305.0,0,0.0,43294288.249999955
2025-08-01 09:58:52 AM,305.0,26,7930.0,43302218.249999955
2025-08-01 09:58:54 AM,305.25,0,0.0,43302218.249999955
2025-08-01 09:58:55 AM,305.25,101,30830.25,43333048.499999955
2025-08-01 09:58:58 AM,304.95,0,0.0,43333048.499999955
2025-08-01 09:58:58 AM,304.95,6138,1871783.0999999999,45204831.59999996
2025-08-01 09:59:02 AM,304.9,0,0.0,45204831.59999996
2025-08-01 09:59:04 AM,304.9,370,112812.99999999999,45317644.59999996
2025-08-01 09:59:06 AM,305.0,0,0.0,45317644.59999996
2025-08-01 09:59:07 AM,305.0,58,17690.0,45335334.59999996
2025-08-01 09:59:11 AM,305.0,64,19520.0,45354854.59999996
2025-08-01 09:59:17 AM,305.0,10,3050.0,45357904.59999996
2025-08-01 09:59:20 AM,304.95,0,0.0,45357904.59999996
2025-08-01 09:59:20 AM,304.95,15,4574.25,45362478.84999996
2025-08-01 09:59:23 AM,305.05,56,17082.8,45379561.649999954
2025-08-01 09:59:26 AM,305.05,15,4575.75,45384137.399999954
2025-08-01 09:59:29 AM,305.0,1111,338855.0,45722992.399999954
2025-08-01 09:59:32 AM,305.25,0,0.0,45722992.399999954
2025-08-01 09:59:32 AM,305.25,1,305.25,45723297.649999954
2025-08-01 09:59:34 AM,305.0,0,0.0,45723297.649999954
2025-08-01 09:59:36 AM,305.0,166,50630.0,45773927.649999954
2025-08-01 09:59:39 AM,305.0,50,15250.0,45789177.649999954
2025-08-01 09:59:42 AM,305.0,40,12200.0,45801377.649999954
2025-08-01 09:59:48 AM,305.0,6,1830.0,45803207.649999954
2025-08-01 09:59:54 AM,305.25,4,1221.0,45804428.649999954
2025-08-01 09:59:59 AM,305.0,0,0.0,45804428.649999954
2025-08-01 10:00:00 AM,305.0,1,305.0,45804733.649999954
2025-08-01 10:00:01 AM,305.25,0,0.0,45804733.649999954
2025-08-01 10:00:03 AM,305.25,4,1221.0,45805954.649999954
2025-08-01 10:00:16 AM,304.9,2005,611324.5,46417279.149999954
2025-08-01 10:00:20 AM,305.1,332,101293.20000000001,46518572.34999996
2025-08-01 10:00:23 AM,305.1,13,3966.3,46522538.649999954
2025-08-01 10:00:26 AM,304.8,40,12192.0,46534730.649999954
2025-08-01 10:00:29 AM,304.75,2,609.5,46535340.149999954
2025-08-01 10:00:32 AM,305.0,3,915.0,46536255.149999954
2025-08-01 10:00:42 AM,304.75,5,1523.75,46537778.899999954
2025-08-01 10:00:45 AM,304.8,0,0.0,46537778.899999954
2025-08-01 10:00:45 AM,304.8,11,3352.8,46541131.69999995
2025-08-01 10:00:48 AM,305.0,1,305.0,46541436.69999995
2025-08-01 10:00:51 AM,304.95,0,0.0,46541436.69999995
2025-08-01 10:00:51 AM,304.95,10,3049.5,46544486.19999995
2025-08-01 10:00:54 AM,304.6,150,45690.0,46590176.19999995
2025-08-01 10:01:01 AM,304.9,1,304.9,46590481.09999995
2025-08-01 10:01:02 AM,304.95,0,0.0,46590481.09999995
2025-08-01 10:01:04 AM,304.95,50,15247.5,46605728.59999995
2025-08-01 10:01:08 AM,305.0,0,0.0,46605728.59999995
2025-08-01 10:01:10 AM,305.0,31,9455.0,46615183.59999995
2025-08-01 10:01:13 AM,305.0,1,305.0,46615488.59999995
2025-08-01 10:01:20 AM,305.0,2,610.0,46616098.59999995
2025-08-01 10:01:22 AM,305.0,1,305.0,46616403.59999995
2025-08-01 10:01:26 AM,305.0,278,84790.0,46701193.59999995
2025-08-01 10:01:40 AM,305.0,50,15250.0,46716443.59999995
2025-08-01 10:01:51 AM,305.0,10,3050.0,46719493.59999995
2025-08-01 10:01:52 AM,305.0,1,305.0,46719798.59999995
2025-08-01 10:02:03 AM,305.2,50,15260.0,46735058.59999995
2025-08-01 10:02:03 AM,305.05,0,0.0,46735058.59999995
2025-08-01 10:02:04 AM,305.05,8,2440.4,46737498.99999995
2025-08-01 10:02:07 AM,305.3,0,0.0,46737498.99999995
2025-08-01 10:02:09 AM,305.3,774,236302.2,46973801.19999995
2025-08-01 10:02:11 AM,305.3,118,36025.4,47009826.59999995
2025-08-01 10:02:17 AM,305.25,17,5189.25,47015015.84999995
2025-08-01 10:02:24 AM,305.25,3,915.75,47015931.59999995
2025-08-01 10:02:27 AM,305.5,0,0.0,47015931.59999995
2025-08-01 10:02:28 AM,305.5,1,305.5,47016237.09999995
2025-08-01 10:02:30 AM,305.25,11,3357.75,47019594.84999995
2025-08-01 10:02:32 AM,305.5,0,0.0,47019594.84999995
2025-08-01 10:02:34 AM,305.5,1,305.5,47019900.34999995
2025-08-01 10:02:36 AM,305.35,0,0.0,47019900.34999995
2025-08-01 10:02:36 AM,305.35,1,305.35,47020205.69999995
2025-08-01 10:02:43 AM,305.3,1,305.3,47020510.99999995
2025-08-01 10:02:47 AM,305.5,23,7026.5,47027537.49999995
2025-08-01 10:02:49 AM,305.5,8,2444.0,47029981.49999995
2025-08-01 10:02:54 AM,305.5,139,42464.5,47072445.99999995
2025-08-01 10:02:54 AM,305.3,0,0.0,47072445.99999995
2025-08-01 10:02:55 AM,305.3,22,6716.6,47079162.59999995
2025-08-01 10:03:00 AM,305.5,100,30550.0,47109712.59999995
2025-08-01 10:03:02 AM,305.3,19,5800.7,47115513.29999995
2025-08-01 10:03:08 AM,305.25,2,610.5,47116123.79999995
2025-08-01 10:03:19 AM,305.25,5,1526.25,47117650.04999995
2025-08-01 10:03:21 AM,305.5,115,35132.5,47152782.54999995
2025-08-01 10:03:26 AM,305.55,0,0.0,47152782.54999995
2025-08-01 10:03:28 AM,305.55,18,5499.900000000001,47158282.44999995
2025-08-01 10:03:30 AM,305.75,0,0.0,47158282.44999995
2025-08-01 10:03:32 AM,305.75,50,15287.5,47173569.94999995
2025-08-01 10:03:34 AM,305.55,0,0.0,47173569.94999995
2025-08-01 10:03:34 AM,305.55,10,3055.5,47176625.44999995
2025-08-01 10:03:38 AM,305.7,0,0.0,47176625.44999995
2025-08-01 10:03:39 AM,305.7,59,18036.3,47194661.74999995
2025-08-01 10:03:40 AM,305.55,10,3055.5,47197717.24999995
2025-08-01 10:03:47 AM,305.55,2,611.1,47198328.34999995
2025-08-01 10:03:51 AM,305.55,13,3972.15,47202300.49999995
2025-08-01 10:03:53 AM,305.7,4,1222.8,47203523.299999945
2025-08-01 10:03:57 AM,305.55,7,2138.85,47205662.14999995
2025-08-01 10:03:59 AM,305.55,2,611.1,47206273.24999995
2025-08-01 10:04:03 AM,305.55,101,30860.550000000003,47237133.799999945
2025-08-01 10:04:05 AM,305.55,15,4583.25,47241717.049999945
2025-08-01 10:04:12 AM,305.7,12,3668.3999999999996,47245385.44999994
2025-08-01 10:04:16 AM,305.7,10,3057.0,47248442.44999994
2025-08-01 10:04:18 AM,305.55,0,0.0,47248442.44999994
2025-08-01 10:04:18 AM,305.55,11,3361.05,47251803.49999994
2025-08-01 10:04:24 AM,305.55,1,305.55,47252109.04999994
2025-08-01 10:04:28 AM,305.55,100,30555.0,47282664.04999994
2025-08-01 10:04:30 AM,305.5,0,0.0,47282664.04999994
2025-08-01 10:04:30 AM,305.8,218,66664.40000000001,47349328.449999936
2025-08-01 10:04:34 AM,305.75,0,0.0,47349328.449999936
2025-08-01 10:04:35 AM,305.75,7,2140.25,47351468.699999936
2025-08-01 10:04:37 AM,305.95,92,28147.399999999998,47379616.099999934
2025-08-01 10:04:41 AM,305.95,3,917.8499999999999,47380533.949999936
2025-08-01 10:04:43 AM,305.75,14,4280.5,47384814.449999936
2025-08-01 10:04:48 AM,305.8,0,0.0,47384814.449999936
2025-08-01 10:04:49 AM,305.8,2,611.6,47385426.04999994
2025-08-01 10:04:53 AM,305.95,2,611.9,47386037.949999936
2025-08-01 10:04:55 AM,305.95,2,611.9,47386649.849999934
2025-08-01 10:05:01 AM,306.05,100,30605.0,47417254.849999934
2025-08-01 10:05:06 AM,306.05,80,24484.0,47441738.849999934
2025-08-01 10:05:06 AM,305.85,0,0.0,47441738.849999934
2025-08-01 10:05:08 AM,305.85,27,8257.95,47449996.79999994
2025-08-01 10:05:14 AM,305.85,4,1223.4,47451220.199999936
2025-08-01 10:05:19 AM,305.8,0,0.0,47451220.199999936
2025-08-01 10:05:20 AM,305.8,1,305.8,47451525.99999993
2025-08-01 10:05:24 AM,305.8,1,305.8,47451831.79999993
2025-08-01 10:05:36 AM,305.6,2001,611505.6000000001,48063337.39999993
2025-08-01 10:05:37 AM,305.95,0,0.0,48063337.39999993
2025-08-01 10:05:38 AM,305.75,629,192316.75,48255654.14999993
2025-08-01 10:05:44 AM,305.75,95,29046.25,48284700.39999993
2025-08-01 10:05:48 AM,305.75,9,2751.75,48287452.14999993
2025-08-01 10:05:50 AM,305.75,15,4586.25,48292038.39999993
2025-08-01 10:05:57 AM,305.85,3,917.5500000000001,48292955.94999993
2025-08-01 10:06:00 AM,305.6,0,0.0,48292955.94999993
2025-08-01 10:06:00 AM,305.6,81,24753.600000000002,48317709.54999993
2025-08-01 10:06:01 AM,305.55,0,0.0,48317709.54999993
2025-08-01 10:06:03 AM,305.55,12,3666.6000000000004,48321376.14999993
2025-08-01 10:06:08 AM,305.7,0,0.0,48321376.14999993
2025-08-01 10:06:09 AM,305.7,2,611.4,48321987.54999993
2025-08-01 10:06:32 AM,305.55,503,153691.65,48475679.19999993
2025-08-01 10:06:36 AM,305.5,25,7637.5,48483316.69999993
2025-08-01 10:06:38 AM,305.5,79,24134.5,48507451.19999993
2025-08-01 10:06:42 AM,305.5,111,33910.5,48541361.69999993
2025-08-01 10:06:44 AM,305.5,1103,336966.5,48878328.19999993
2025-08-01 10:06:50 AM,305.05,166,50638.3,48928966.499999925
2025-08-01 10:06:54 AM,305.35,323,98628.05,49027594.54999992
2025-08-01 10:06:56 AM,305.15,0,0.0,49027594.54999992
2025-08-01 10:06:56 AM,305.0,3691,1125755.0,50153349.54999992
2025-08-01 10:07:00 AM,305.05,3,915.1500000000001,50154264.69999992
2025-08-01 10:07:01 AM,305.0,0,0.0,50154264.69999992
2025-08-01 10:07:01 AM,305.15,0,0.0,50154264.69999992
2025-08-01 10:07:02 AM,305.15,962,293554.3,50447818.99999992
2025-08-01 10:07:06 AM,305.2,0,0.0,50447818.99999992
2025-08-01 10:07:06 AM,305.45,0,0.0,50447818.99999992
2025-08-01 10:07:07 AM,305.45,105,32072.25,50479891.24999992
2025-08-01 10:07:09 AM,305.35,361,110231.35,50590122.59999992
2025-08-01 10:07:15 AM,305.05,54,16472.7,50606595.29999992
2025-08-01 10:07:19 AM,305.1,2,610.2,50607205.499999925
2025-08-01 10:07:21 AM,305.1,9,2745.9,50609951.399999924
2025-08-01 10:07:26 AM,305.15,0,0.0,50609951.399999924
2025-08-01 10:07:27 AM,305.15,1,305.15,50610256.54999992
2025-08-01 10:07:30 AM,305.1,0,0.0,50610256.54999992
2025-08-01 10:07:32 AM,305.1,43,13119.300000000001,50623375.84999992
2025-08-01 10:07:33 AM,305.05,257,78397.85,50701773.69999992
2025-08-01 10:07:38 AM,305.35,6,1832.1000000000001,50703605.79999992
2025-08-01 10:07:38 AM,305.05,0,0.0,50703605.79999992
2025-08-01 10:07:39 AM,305.05,39,11896.95,50715502.749999925
2025-08-01 10:07:45 AM,305.15,100,30514.999999999996,50746017.749999925
2025-08-01 10:07:52 AM,305.15,32,9764.8,50755782.54999992
2025-08-01 10:07:56 AM,305.1,14,4271.400000000001,50760053.94999992
2025-08-01 10:07:58 AM,305.1,7,2135.7000000000003,50762189.649999924
2025-08-01 10:08:02 AM,305.1,159,48510.9,50810700.54999992
2025-08-01 10:08:04 AM,305.1,25,7627.500000000001,50818328.04999992
2025-08-01 10:08:09 AM,305.1,672,205027.2,51023355.249999925
2025-08-01 10:08:10 AM,305.3,105,32056.5,51055411.749999925
2025-08-01 10:08:17 AM,305.1,19,5796.900000000001,51061208.649999924
2025-08-01 10:08:21 AM,305.35,0,0.0,51061208.649999924
2025-08-01 10:08:21 AM,305.35,58,17710.300000000003,51078918.94999992
2025-08-01 10:08:22 AM,305.2,0,0.0,51078918.94999992
2025-08-01 10:08:23 AM,305.2,12,3662.3999999999996,51082581.34999992
2025-08-01 10:08:29 AM,305.2,2,610.4,51083191.74999992
2025-08-01 10:08:57 AM,305.45,0,0.0,51083191.74999992
2025-08-01 10:08:57 AM,305.45,68,20770.6,51103962.34999992
2025-08-01 10:08:58 AM,305.2,17,5188.4,51109150.74999992
2025-08-01 10:09:04 AM,305.2,4,1220.8,51110371.549999915
2025-08-01 10:09:06 AM,305.45,0,0.0,51110371.549999915
2025-08-01 10:09:09 AM,305.45,20,6109.0,51116480.549999915
2025-08-01 10:09:10 AM,305.2,3,915.5999999999999,51117396.14999992
2025-08-01 10:09:16 AM,305.25,1,305.25,51117701.39999992
2025-08-01 10:09:20 AM,305.45,0,0.0,51117701.39999992
2025-08-01 10:09:21 AM,305.45,15,4581.75,51122283.14999992
2025-08-01 10:09:22 AM,305.3,0,0.0,51122283.14999992
2025-08-01 10:09:22 AM,305.3,2,610.6,51122893.74999992
2025-08-01 10:09:26 AM,305.25,0,0.0,51122893.74999992
2025-08-01 10:09:27 AM,305.25,1,305.25,51123198.99999992
2025-08-01 10:09:36 AM,305.45,0,0.0,51123198.99999992
2025-08-01 10:09:38 AM,305.45,10,3054.5,51126253.49999992
2025-08-01 10:09:39 AM,305.25,0,0.0,51126253.49999992
2025-08-01 10:09:40 AM,305.25,2,610.5,51126863.99999992
2025-08-01 10:09:49 AM,305.4,0,0.0,51126863.99999992
2025-08-01 10:09:49 AM,305.4,475,145065.0,51271928.99999992
2025-08-01 10:09:50 AM,305.45,0,0.0,51271928.99999992
2025-08-01 10:09:51 AM,305.45,72,21992.399999999998,51293921.39999992
2025-08-01 10:09:55 AM,305.75,1,305.75,51294227.14999992
2025-08-01 10:09:56 AM,305.45,0,0.0,51294227.14999992
2025-08-01 10:09:57 AM,305.45,11,3359.95,51297587.09999992
2025-08-01 10:10:00 AM,305.65,0,0.0,51297587.09999992
2025-08-01 10:10:01 AM,305.65,3,916.9499999999999,51298504.04999992
2025-08-01 10:10:02 AM,305.45,0,0.0,51298504.04999992
2025-08-01 10:10:02 AM,305.45,2,610.9,51299114.94999992
2025-08-01 10:10:14 AM,305.45,5,1527.25,51300642.19999992
2025-08-01 10:10:19 AM,305.25,0,0.0,51300642.19999992
2025-08-01 10:10:20 AM,305.45,0,0.0,51300642.19999992
2025-08-01 10:10:20 AM,305.45,30,9163.5,51309805.69999992
2025-08-01 10:10:24 AM,305.45,2,610.9,51310416.59999992
2025-08-01 10:10:26 AM,305.25,4,1221.0,51311637.59999992
2025-08-01 10:10:32 AM,305.25,1,305.25,51311942.84999992
2025-08-01 10:10:36 AM,305.25,2,610.5,51312553.34999992
2025-08-01 10:10:38 AM,305.25,1,305.25,51312858.59999992
2025-08-01 10:10:42 AM,305.25,2,610.5,51313469.09999992
2025-08-01 10:10:48 AM,305.3,0,0.0,51313469.09999992
2025-08-01 10:10:48 AM,305.3,65,19844.5,51333313.59999992
2025-08-01 10:10:50 AM,305.3,10,3053.0,51336366.59999992
2025-08-01 10:10:56 AM,305.3,1,305.3,51336671.89999992
2025-08-01 10:10:58 AM,305.55,0,0.0,51336671.89999992
2025-08-01 10:11:00 AM,305.4,66,20156.399999999998,51356828.299999915
2025-08-01 10:11:01 AM,305.4,10,3054.0,51359882.299999915
2025-08-01 10:11:07 AM,305.4,2,610.8,51360493.09999991
2025-08-01 10:11:12 AM,305.65,71,21701.149999999998,51382194.24999991
2025-08-01 10:11:14 AM,305.4,11,3359.3999999999996,51385553.64999991
2025-08-01 10:11:19 AM,305.45,1,305.45,51385859.09999991
2025-08-01 10:11:23 AM,305.4,0,0.0,51385859.09999991
2025-08-01 10:11:24 AM,305.4,65,19851.0,51405710.09999991
2025-08-01 10:11:25 AM,305.45,10,3054.5,51408764.59999991
2025-08-01 10:11:31 AM,305.4,2,610.8,51409375.39999991
2025-08-01 10:11:33 AM,305.6,0,0.0,51409375.39999991
2025-08-01 10:11:35 AM,305.5,0,0.0,51409375.39999991
2025-08-01 10:11:35 AM,305.5,60,18330.0,51427705.39999991
2025-08-01 10:11:36 AM,305.4,9,2748.6,51430453.99999991
2025-08-01 10:11:42 AM,305.4,2,610.8,51431064.79999991
2025-08-01 10:11:45 AM,305.5,0,0.0,51431064.79999991
2025-08-01 10:11:47 AM,305.5,4,1222.0,51432286.79999991
2025-08-01 10:11:52 AM,305.4,2,610.8,51432897.599999905
2025-08-01 10:11:54 AM,305.4,1,305.4,51433202.9999999
2025-08-01 10:12:00 AM,305.25,0,0.0,51433202.9999999
2025-08-01 10:12:00 AM,305.25,904,275946.0,51709148.9999999
2025-08-01 10:12:03 AM,305.3,0,0.0,51709148.9999999
2025-08-01 10:12:04 AM,305.3,14,4274.2,51713423.199999906
2025-08-01 10:12:06 AM,305.3,138,42131.4,51755554.599999905
2025-08-01 10:12:10 AM,305.5,150,45825.0,51801379.599999905
2025-08-01 10:12:11 AM,305.25,0,0.0,51801379.599999905
2025-08-01 10:12:11 AM,305.25,43,13125.75,51814505.349999905
2025-08-01 10:12:17 AM,305.4,6,1832.3999999999999,51816337.7499999
2025-08-01 10:12:22 AM,305.4,19,5802.599999999999,51822140.349999905
2025-08-01 10:12:23 AM,305.45,0,0.0,51822140.349999905
2025-08-01 10:12:23 AM,305.45,8,2443.6,51824583.949999906
2025-08-01 10:12:28 AM,305.3,1,305.3,51824889.2499999
2025-08-01 10:12:34 AM,305.3,31,9464.300000000001,51834353.5499999
2025-08-01 10:12:34 AM,305.3,4,1221.2,51835574.7499999
2025-08-01 10:12:40 AM,305.3,3,915.9000000000001,51836490.6499999
2025-08-01 10:12:44 AM,305.45,0,0.0,51836490.6499999
2025-08-01 10:12:45 AM,305.45,15,4581.75,51841072.3999999
2025-08-01 10:12:45 AM,305.3,2,610.6,51841682.9999999
2025-08-01 10:12:48 AM,305.45,0,0.0,51841682.9999999
2025-08-01 10:12:51 AM,305.45,1,305.45,51841988.449999906
2025-08-01 10:12:51 AM,305.3,1,305.3,51842293.7499999
2025-08-01 10:12:57 AM,305.5,146,44603.0,51886896.7499999
2025-08-01 10:13:02 AM,305.3,170,51901.0,51938797.7499999
2025-08-01 10:13:03 AM,305.3,47,14349.1,51953146.849999905
2025-08-01 10:13:09 AM,305.35,0,0.0,51953146.849999905
2025-08-01 10:13:09 AM,305.35,7,2137.4500000000003,51955284.29999991
2025-08-01 10:13:14 AM,305.5,17,5193.5,51960477.79999991
2025-08-01 10:13:15 AM,305.35,0,0.0,51960477.79999991
2025-08-01 10:13:15 AM,305.35,4,1221.4,51961699.199999906
2025-08-01 10:13:21 AM,305.35,20,6107.0,51967806.199999906
2025-08-01 10:13:26 AM,305.35,1,305.35,51968111.54999991
2025-08-01 10:13:26 AM,305.35,19,5801.650000000001,51973913.199999906
2025-08-01 10:13:29 AM,305.5,0,0.0,51973913.199999906
2025-08-01 10:13:32 AM,305.5,25,7637.5,51981550.699999906
2025-08-01 10:13:33 AM,305.5,8,2444.0,51983994.699999906
2025-08-01 10:13:38 AM,305.35,26,7939.1,51991933.79999991
2025-08-01 10:13:39 AM,305.35,5,1526.75,51993460.54999991
2025-08-01 10:13:44 AM,305.5,38,11609.0,52005069.54999991
2025-08-01 10:13:44 AM,305.35,6,1832.1000000000001,52006901.64999991
2025-08-01 10:13:50 AM,305.35,1,305.35,52007206.99999991
2025-08-01 10:13:50 AM,305.35,2,610.7,52007817.69999991
2025-08-01 10:14:01 AM,305.35,6,1832.1000000000001,52009649.799999915
2025-08-01 10:14:02 AM,305.35,1,305.35,52009955.14999992
2025-08-01 10:14:07 AM,305.35,3,916.0500000000001,52010871.19999991
2025-08-01 10:14:18 AM,305.5,0,0.0,52010871.19999991
2025-08-01 10:14:19 AM,305.5,140,42770.0,52053641.19999991
2025-08-01 10:14:19 AM,305.35,21,6412.35,52060053.549999915
2025-08-01 10:14:25 AM,305.35,3,916.0500000000001,52060969.59999991
2025-08-01 10:14:31 AM,305.35,1,305.35,52061274.94999991
2025-08-01 10:14:45 AM,305.3,0,0.0,52061274.94999991
2025-08-01 10:14:47 AM,305.3,164,50069.200000000004,52111344.14999992
2025-08-01 10:14:48 AM,305.35,25,7633.750000000001,52118977.89999992
2025-08-01 10:14:54 AM,305.35,3,916.0500000000001,52119893.94999991
2025-08-01 10:14:57 AM,305.5,0,0.0,52119893.94999991
2025-08-01 10:14:59 AM,305.5,7,2138.5,52122032.44999991
2025-08-01 10:15:00 AM,305.4,2,610.8,52122643.24999991
2025-08-01 10:15:01 AM,305.35,0,0.0,52122643.24999991
2025-08-01 10:15:05 AM,305.35,22,6717.700000000001,52129360.94999991
2025-08-01 10:15:06 AM,305.35,4,1221.4,52130582.34999991
2025-08-01 10:15:11 AM,305.35,1,305.35,52130887.69999991
2025-08-01 10:15:13 AM,305.55,0,0.0,52130887.69999991
2025-08-01 10:15:16 AM,305.55,100,30555.0,52161442.69999991
2025-08-01 10:15:17 AM,305.35,0,0.0,52161442.69999991
2025-08-01 10:15:17 AM,305.35,15,4580.25,52166022.94999991
2025-08-01 10:15:23 AM,305.35,2,610.7,52166633.64999992
2025-08-01 10:15:41 AM,305.35,13,3969.55,52170603.19999991
2025-08-01 10:15:41 AM,305.35,17,5190.950000000001,52175794.14999992
2025-08-01 10:15:47 AM,305.35,3,916.0500000000001,52176710.19999991
2025-08-01 10:16:08 AM,305.55,0,0.0,52176710.19999991
2025-08-01 10:16:10 AM,305.55,16,4888.8,52181598.99999991
2025-08-01 10:16:10 AM,305.35,3,916.0500000000001,52182515.04999991
2025-08-01 10:16:26 AM,305.55,0,0.0,52182515.04999991
2025-08-01 10:16:28 AM,305.55,1,305.55,52182820.599999905
2025-08-01 10:16:34 AM,305.6,30,9168.0,52191988.599999905
2025-08-01 10:16:34 AM,305.35,5,1526.75,52193515.349999905
2025-08-01 10:16:39 AM,305.35,1,305.35,52193820.699999906
2025-08-01 10:16:43 AM,305.45,0,0.0,52193820.699999906
2025-08-01 10:16:45 AM,305.45,917,280097.64999999997,52473918.349999905
2025-08-01 10:16:45 AM,305.4,137,41839.799999999996,52515758.1499999
2025-08-01 10:16:52 AM,305.65,0,0.0,52515758.1499999
2025-08-01 10:16:53 AM,305.7,0,0.0,52515758.1499999
2025-08-01 10:16:56 AM,305.7,1720,525804.0,53041562.1499999
2025-08-01 10:16:58 AM,305.65,0,0.0,53041562.1499999
2025-08-01 10:17:01 AM,305.65,258,78857.7,53120419.849999905
2025-08-01 10:17:02 AM,305.75,0,0.0,53120419.849999905
2025-08-01 10:17:04 AM,305.95,0,0.0,53120419.849999905
2025-08-01 10:17:05 AM,306.0,0,0.0,53120419.849999905
2025-08-01 10:17:07 AM,306.0,389,119034.0,53239453.849999905
2025-08-01 10:17:08 AM,305.75,0,0.0,53239453.849999905
2025-08-01 10:17:11 AM,305.95,0,0.0,53239453.849999905
2025-08-01 10:17:13 AM,305.95,63,19274.85,53258728.699999906
2025-08-01 10:17:14 AM,305.75,0,0.0,53258728.699999906
2025-08-01 10:17:17 AM,305.9,0,0.0,53258728.699999906
2025-08-01 10:17:18 AM,305.95,0,0.0,53258728.699999906
2025-08-01 10:17:19 AM,305.95,34,10402.3,53269130.9999999
2025-08-01 10:17:20 AM,305.75,0,0.0,53269130.9999999
2025-08-01 10:17:25 AM,305.75,5,1528.75,53270659.7499999
2025-08-01 10:17:34 AM,305.95,0,0.0,53270659.7499999
2025-08-01 10:17:36 AM,305.95,84,25699.8,53296359.5499999
2025-08-01 10:17:37 AM,305.75,0,0.0,53296359.5499999
2025-08-01 10:17:40 AM,305.95,0,0.0,53296359.5499999
2025-08-01 10:17:42 AM,305.75,27,8255.25,53304614.7999999
2025-08-01 10:17:44 AM,305.95,0,0.0,53304614.7999999
2025-08-01 10:17:48 AM,305.75,113,34549.75,53339164.5499999
2025-08-01 10:17:49 AM,305.7,0,0.0,53339164.5499999
2025-08-01 10:17:54 AM,305.7,17,5196.9,53344361.4499999
2025-08-01 10:17:59 AM,305.7,3,917.0999999999999,53345278.5499999
2025-08-01 10:18:34 AM,305.4,0,0.0,53345278.5499999
2025-08-01 10:18:34 AM,305.4,1027,313645.8,53658924.3499999
2025-08-01 10:18:36 AM,305.8,0,0.0,53658924.3499999
2025-08-01 10:18:40 AM,305.6,0,0.0,53658924.3499999
2025-08-01 10:18:40 AM,305.6,621,189777.6,53848701.9499999
2025-08-01 10:18:41 AM,305.7,0,0.0,53848701.9499999
2025-08-01 10:18:46 AM,305.7,93,28430.1,53877132.0499999
2025-08-01 10:18:46 AM,305.7,4,1222.8,53878354.8499999
2025-08-01 10:18:52 AM,305.7,15,4585.5,53882940.3499999
2025-08-01 10:18:57 AM,305.7,2,611.4,53883551.749999896
2025-08-01 10:19:08 AM,305.7,1,305.7,53883857.4499999
2025-08-01 10:19:18 AM,305.85,0,0.0,53883857.4499999
2025-08-01 10:19:20 AM,305.85,7,2140.9500000000003,53885998.3999999
2025-08-01 10:19:24 AM,305.75,0,0.0,53885998.3999999
2025-08-01 10:19:26 AM,305.75,1,305.75,53886304.1499999
2025-08-01 10:19:32 AM,305.75,4,1223.0,53887527.1499999
2025-08-01 10:19:37 AM,305.75,4,1223.0,53888750.1499999
2025-08-01 10:19:43 AM,305.75,1,305.75,53889055.8999999
2025-08-01 10:20:05 AM,305.75,15,4586.25,53893642.1499999
2025-08-01 10:20:10 AM,305.75,2,611.5,53894253.6499999
2025-08-01 10:20:12 AM,305.75,80,24460.0,53918713.6499999
2025-08-01 10:20:16 AM,305.75,12,3669.0,53922382.6499999
2025-08-01 10:20:23 AM,305.75,3,917.25,53923299.8999999
2025-08-01 10:20:24 AM,306.25,0,0.0,53923299.8999999
2025-08-01 10:20:24 AM,306.25,3000,918750.0,54842049.8999999
2025-08-01 10:20:26 AM,306.1,0,0.0,54842049.8999999
2025-08-01 10:20:28 AM,305.8,0,0.0,54842049.8999999
2025-08-01 10:20:28 AM,306.1,902,276102.2,55118152.099999905
2025-08-01 10:20:32 AM,305.85,0,0.0,55118152.099999905
2025-08-01 10:20:34 AM,306.1,145,44384.5,55162536.599999905
2025-08-01 10:20:36 AM,305.85,0,0.0,55162536.599999905
2025-08-01 10:20:36 AM,305.85,14,4281.900000000001,55166818.4999999
2025-08-01 10:20:40 AM,305.85,24,7340.400000000001,55174158.8999999
2025-08-01 10:20:45 AM,305.9,0,0.0,55174158.8999999
2025-08-01 10:20:47 AM,305.9,7,2141.2999999999997,55176300.1999999
2025-08-01 10:20:52 AM,305.9,1,305.9,55176606.0999999
2025-08-01 10:20:54 AM,305.9,15,4588.5,55181194.5999999
2025-08-01 10:20:58 AM,305.9,2,611.8,55181806.399999894
2025-08-01 10:21:29 AM,305.95,0,0.0,55181806.399999894
2025-08-01 10:21:31 AM,305.95,101,30900.949999999997,55212707.3499999
2025-08-01 10:21:32 AM,306.2,0,0.0,55212707.3499999
2025-08-01 10:21:33 AM,306.2,10,3062.0,55215769.3499999
2025-08-01 10:21:35 AM,306.0,0,0.0,55215769.3499999
2025-08-01 10:21:36 AM,306.0,17,5202.0,55220971.3499999
2025-08-01 10:21:41 AM,306.2,0,0.0,55220971.3499999
2025-08-01 10:21:42 AM,306.2,4,1224.8,55222196.149999894
2025-08-01 10:21:44 AM,306.2,20,6124.0,55228320.149999894
2025-08-01 10:21:48 AM,306.2,4,1224.8,55229544.94999989
2025-08-01 10:21:54 AM,306.2,1,306.2,55229851.149999894
2025-08-01 10:22:05 AM,306.25,0,0.0,55229851.149999894
2025-08-01 10:22:05 AM,306.25,42,12862.5,55242713.649999894
2025-08-01 10:22:09 AM,306.2,0,0.0,55242713.649999894
2025-08-01 10:22:11 AM,306.2,6,1837.1999999999998,55244550.8499999
2025-08-01 10:22:12 AM,306.25,209,64006.25,55308557.0999999
2025-08-01 10:22:14 AM,306.2,0,0.0,55308557.0999999
2025-08-01 10:22:16 AM,306.2,1032,315998.39999999997,55624555.499999896
2025-08-01 10:22:20 AM,306.1,0,0.0,55624555.499999896
2025-08-01 10:22:23 AM,306.4,157,48104.799999999996,55672660.29999989
2025-08-01 10:22:25 AM,306.25,10,3062.5,55675722.79999989
2025-08-01 10:22:26 AM,306.15,0,0.0,55675722.79999989
2025-08-01 10:22:29 AM,306.15,25,7653.749999999999,55683376.54999989
2025-08-01 10:22:31 AM,306.35,1,306.35,55683682.899999894
2025-08-01 10:22:32 AM,306.15,0,0.0,55683682.899999894
2025-08-01 10:22:34 AM,306.15,9,2755.35,55686438.249999896
2025-08-01 10:22:40 AM,306.15,1,306.15,55686744.399999894
2025-08-01 10:22:47 AM,306.35,0,0.0,55686744.399999894
2025-08-01 10:22:47 AM,306.35,25,7658.750000000001,55694403.149999894
2025-08-01 10:22:50 AM,306.15,0,0.0,55694403.149999894
2025-08-01 10:22:50 AM,306.15,4,1224.6,55695627.749999896
2025-08-01 10:22:55 AM,306.15,101,30921.149999999998,55726548.899999894
2025-08-01 10:22:58 AM,306.2,198,60627.6,55787176.499999896
2025-08-01 10:23:01 AM,306.2,46,14085.199999999999,55801261.6999999
2025-08-01 10:23:03 AM,305.95,0,0.0,55801261.6999999
2025-08-01 10:23:04 AM,305.95,2000,611900.0,56413161.6999999
2025-08-01 10:23:05 AM,306.35,0,0.0,56413161.6999999
2025-08-01 10:23:07 AM,306.35,501,153481.35,56566643.0499999
2025-08-01 10:23:10 AM,306.15,0,0.0,56566643.0499999
2025-08-01 10:23:12 AM,306.35,0,0.0,56566643.0499999
2025-08-01 10:23:13 AM,306.35,575,176151.25,56742794.2999999
2025-08-01 10:23:17 AM,305.95,0,0.0,56742794.2999999
2025-08-01 10:23:18 AM,305.95,87,26617.649999999998,56769411.9499999
2025-08-01 10:23:22 AM,306.0,0,0.0,56769411.9499999
2025-08-01 10:23:24 AM,306.0,13,3978.0,56773389.9499999
2025-08-01 10:23:27 AM,306.25,70,21437.5,56794827.4499999
2025-08-01 10:23:28 AM,306.0,0,0.0,56794827.4499999
2025-08-01 10:23:30 AM,306.0,13,3978.0,56798805.4499999
2025-08-01 10:23:35 AM,306.25,2,612.5,56799417.9499999
2025-08-01 10:23:36 AM,306.0,0,0.0,56799417.9499999
2025-08-01 10:23:38 AM,306.0,5,1530.0,56800947.9499999
2025-08-01 10:23:41 AM,306.0,1,306.0,56801253.9499999
2025-08-01 10:23:44 AM,306.25,10,3062.5,56804316.4499999
2025-08-01 10:23:46 AM,306.0,2,612.0,56804928.4499999
2025-08-01 10:23:49 AM,305.95,0,0.0,56804928.4499999
2025-08-01 10:23:50 AM,305.95,125,38243.75,56843172.1999999
2025-08-01 10:23:52 AM,306.0,0,0.0,56843172.1999999
2025-08-01 10:23:52 AM,306.0,19,5814.0,56848986.1999999
2025-08-01 10:23:55 AM,306.2,0,0.0,56848986.1999999
2025-08-01 10:23:56 AM,306.2,50,15310.0,56864296.1999999
2025-08-01 10:23:56 AM,306.0,0,0.0,56864296.1999999
2025-08-01 10:23:57 AM,306.0,13,3978.0,56868274.1999999
2025-08-01 10:24:03 AM,306.0,2,612.0,56868886.1999999
2025-08-01 10:24:07 AM,306.0,46,14076.0,56882962.1999999
2025-08-01 10:24:07 AM,305.95,0,0.0,56882962.1999999
2025-08-01 10:24:08 AM,305.95,7,2141.65,56885103.8499999
2025-08-01 10:24:14 AM,305.95,1,305.95,56885409.7999999
2025-08-01 10:24:20 AM,306.2,0,0.0,56885409.7999999
2025-08-01 10:24:23 AM,306.2,228,69813.59999999999,56955223.3999999
2025-08-01 10:24:25 AM,306.25,162,49612.5,57004835.8999999
2025-08-01 10:24:29 AM,306.1,0,0.0,57004835.8999999
2025-08-01 10:24:30 AM,306.1,25,7652.500000000001,57012488.3999999
2025-08-01 10:24:34 AM,306.3,0,0.0,57012488.3999999
2025-08-01 10:24:34 AM,306.3,1,306.3,57012794.6999999
2025-08-01 10:24:35 AM,306.1,0,0.0,57012794.6999999
2025-08-01 10:24:36 AM,306.1,4,1224.4,57014019.0999999
2025-08-01 10:25:09 AM,306.3,0,0.0,57014019.0999999
2025-08-01 10:25:10 AM,306.1,105,32140.500000000004,57046159.5999999
2025-08-01 10:25:16 AM,306.1,16,4897.6,57051057.1999999
2025-08-01 10:25:19 AM,306.1,300,91830.0,57142887.1999999
2025-08-01 10:25:21 AM,306.0,0,0.0,57142887.1999999
2025-08-01 10:25:22 AM,306.0,47,14382.0,57157269.1999999
2025-08-01 10:25:26 AM,306.05,0,0.0,57157269.1999999
2025-08-01 10:25:27 AM,306.05,7,2142.35,57159411.5499999
2025-08-01 10:25:33 AM,306.05,1,306.05,57159717.5999999
2025-08-01 10:25:38 AM,306.05,1,306.05,57160023.649999894
2025-08-01 10:26:40 AM,306.15,12,3673.7999999999997,57163697.44999989
2025-08-01 10:26:43 AM,306.15,20,6123.0,57169820.44999989
2025-08-01 10:26:46 AM,306.15,5,1530.75,57171351.19999989
2025-08-01 10:26:50 AM,306.35,0,0.0,57171351.19999989
2025-08-01 10:26:51 AM,306.35,18,5514.3,57176865.49999989
2025-08-01 10:26:55 AM,306.1,0,0.0,57176865.49999989
2025-08-01 10:26:57 AM,306.1,3,918.3000000000001,57177783.799999885
2025-08-01 10:27:18 AM,306.25,0,0.0,57177783.799999885
2025-08-01 10:27:20 AM,306.25,2,612.5,57178396.299999885
2025-08-01 10:27:23 AM,306.25,1,306.25,57178702.549999885
2025-08-01 10:27:24 AM,306.1,0,0.0,57178702.549999885
2025-08-01 10:27:26 AM,306.1,1,306.1,57179008.64999989
2025-08-01 10:27:31 AM,306.25,0,0.0,57179008.64999989
2025-08-01 10:27:31 AM,306.25,1,306.25,57179314.89999989
2025-08-01 10:27:39 AM,306.25,296,90650.0,57269964.89999989
2025-08-01 10:27:40 AM,306.2,0,0.0,57269964.89999989
2025-08-01 10:27:42 AM,306.2,154,47154.799999999996,57317119.699999884
2025-08-01 10:27:45 AM,306.15,0,0.0,57317119.699999884
2025-08-01 10:27:48 AM,306.15,23,7041.45,57324161.14999989
2025-08-01 10:27:52 AM,306.45,0,0.0,57324161.14999989
2025-08-01 10:27:53 AM,306.45,104,31870.8,57356031.949999884
2025-08-01 10:27:56 AM,306.2,0,0.0,57356031.949999884
2025-08-01 10:27:58 AM,306.2,16,4899.2,57360931.14999989
2025-08-01 10:28:04 AM,306.2,2,612.4,57361543.549999885
2025-08-01 10:28:13 AM,306.15,0,0.0,57361543.549999885
2025-08-01 10:28:14 AM,306.15,10,3061.5,57364605.049999885
2025-08-01 10:28:20 AM,306.15,2,612.3,57365217.34999988
2025-08-01 10:28:26 AM,306.4,0,0.0,57365217.34999988
2025-08-01 10:28:28 AM,306.4,10,3064.0,57368281.34999988
2025-08-01 10:28:29 AM,306.15,0,0.0,57368281.34999988
2025-08-01 10:28:31 AM,306.15,2,612.3,57368893.64999988
2025-08-01 10:28:34 AM,306.15,6,1836.8999999999999,57370730.54999988
2025-08-01 10:28:36 AM,306.15,1,306.15,57371036.69999988
2025-08-01 10:28:42 AM,306.15,1,306.15,57371342.849999875
2025-08-01 10:28:48 AM,306.35,2,612.7,57371955.54999988
2025-08-01 10:28:53 AM,306.15,25,7653.749999999999,57379609.29999988
2025-08-01 10:28:59 AM,306.15,4,1224.6,57380833.89999988
2025-08-01 10:29:02 AM,306.4,250,76600.0,57457433.89999988
2025-08-01 10:29:02 AM,306.2,0,0.0,57457433.89999988
2025-08-01 10:29:04 AM,306.2,39,11941.8,57469375.69999988
2025-08-01 10:29:08 AM,306.25,0,0.0,57469375.69999988
2025-08-01 10:29:10 AM,306.4,0,0.0,57469375.69999988
2025-08-01 10:29:10 AM,306.4,6,1838.3999999999999,57471214.099999875
2025-08-01 10:29:14 AM,306.25,0,0.0,57471214.099999875
2025-08-01 10:29:16 AM,306.25,1,306.25,57471520.349999875
2025-08-01 10:29:36 AM,306.4,0,0.0,57471520.349999875
2025-08-01 10:29:38 AM,306.4,2,612.8,57472133.14999987
2025-08-01 10:29:43 AM,306.4,7,2144.7999999999997,57474277.94999987
2025-08-01 10:29:48 AM,306.25,0,0.0,57474277.94999987
2025-08-01 10:29:48 AM,306.25,1,306.25,57474584.19999987
2025-08-01 10:30:03 AM,306.4,600,183840.0,57658424.19999987
2025-08-01 10:30:03 AM,306.45,0,0.0,57658424.19999987
2025-08-01 10:30:05 AM,306.45,193,59144.85,57717569.04999987
2025-08-01 10:30:11 AM,306.3,0,0.0,57717569.04999987
2025-08-01 10:30:11 AM,306.3,29,8882.7,57726451.74999987
2025-08-01 10:30:17 AM,306.3,4,1225.2,57727676.94999988
2025-08-01 10:30:23 AM,306.3,1,306.3,57727983.24999987
2025-08-01 10:30:34 AM,306.45,0,0.0,57727983.24999987
2025-08-01 10:30:35 AM,306.45,2,612.9,57728596.14999987
2025-08-01 10:30:38 AM,306.3,0,0.0,57728596.14999987
2025-08-01 10:30:40 AM,306.3,1,306.3,57728902.44999987
2025-08-01 10:30:42 AM,306.45,0,0.0,57728902.44999987
2025-08-01 10:30:42 AM,306.45,33,10112.85,57739015.29999987
2025-08-01 10:30:43 AM,306.3,0,0.0,57739015.29999987
2025-08-01 10:30:46 AM,306.3,5,1531.5,57740546.79999987
2025-08-01 10:31:03 AM,306.3,8,2450.4,57742997.19999987
2025-08-01 10:31:09 AM,306.3,1,306.3,57743303.499999866
2025-08-01 10:31:17 AM,306.4,0,0.0,57743303.499999866
2025-08-01 10:31:17 AM,306.4,20,6128.0,57749431.499999866
2025-08-01 10:31:20 AM,306.4,3,919.1999999999999,57750350.69999987
2025-08-01 10:31:26 AM,306.45,21,6435.45,57756786.14999987
2025-08-01 10:31:28 AM,306.3,850,260355.0,58017141.14999987
2025-08-01 10:31:29 AM,306.4,0,0.0,58017141.14999987
2025-08-01 10:31:31 AM,306.4,223,68327.2,58085468.349999875
2025-08-01 10:31:35 AM,306.25,0,0.0,58085468.349999875
2025-08-01 10:31:37 AM,306.25,34,10412.5,58095880.849999875
2025-08-01 10:31:42 AM,306.25,5,1531.25,58097412.099999875
2025-08-01 10:31:46 AM,306.4,0,0.0,58097412.099999875
2025-08-01 10:31:48 AM,306.4,6,1838.3999999999999,58099250.49999987
2025-08-01 10:31:51 AM,306.4,5,1532.0,58100782.49999987
2025-08-01 10:31:54 AM,306.25,0,0.0,58100782.49999987
2025-08-01 10:31:54 AM,306.25,1,306.25,58101088.74999987
2025-08-01 10:32:10 AM,306.45,0,0.0,58101088.74999987
2025-08-01 10:32:11 AM,306.45,20,6129.0,58107217.74999987
2025-08-01 10:32:13 AM,306.25,0,0.0,58107217.74999987
2025-08-01 10:32:14 AM,306.25,3,918.75,58108136.49999987
2025-08-01 10:32:16 AM,306.4,0,0.0,58108136.49999987
2025-08-01 10:32:17 AM,306.4,32,9804.8,58117941.29999987
2025-08-01 10:32:20 AM,306.25,0,0.0,58117941.29999987
2025-08-01 10:32:20 AM,306.25,6,1837.5,58119778.79999987
2025-08-01 10:32:27 AM,306.45,0,0.0,58119778.79999987
2025-08-01 10:32:27 AM,306.45,63,19306.35,58139085.14999987
2025-08-01 10:32:33 AM,306.25,0,0.0,58139085.14999987
2025-08-01 10:32:33 AM,306.25,9,2756.25,58141841.39999987
2025-08-01 10:32:35 AM,306.55,0,0.0,58141841.39999987
2025-08-01 10:32:37 AM,306.55,5791,1775231.05,59917072.44999987
2025-08-01 10:32:38 AM,306.8,0,0.0,59917072.44999987
2025-08-01 10:32:40 AM,306.8,1619,496709.2,60413781.64999987
2025-08-01 10:32:45 AM,306.8,337,103391.6,60517173.24999987
2025-08-01 10:32:48 AM,306.65,1,306.65,60517479.89999987
2025-08-01 10:32:51 AM,306.8,0,0.0,60517479.89999987
2025-08-01 10:32:51 AM,306.8,53,16260.400000000001,60533740.29999987
2025-08-01 10:32:56 AM,306.6,0,0.0,60533740.29999987
2025-08-01 10:32:57 AM,306.6,8,2452.8,60536193.09999987
2025-08-01 10:33:00 AM,306.6,9,2759.4,60538952.499999866
2025-08-01 10:33:02 AM,306.6,4,1226.4,60540178.899999864
2025-08-01 10:33:08 AM,306.85,106,32526.100000000002,60572704.999999866
2025-08-01 10:33:09 AM,306.65,0,0.0,60572704.999999866
2025-08-01 10:33:11 AM,306.65,6,1839.8999999999999,60574544.899999864
2025-08-01 10:33:13 AM,306.65,17,5213.049999999999,60579757.94999986
2025-08-01 10:33:19 AM,306.65,2,613.3,60580371.24999986
2025-08-01 10:33:24 AM,306.65,1,306.65,60580677.89999986
2025-08-01 10:33:38 AM,306.65,10,3066.5,60583744.39999986
2025-08-01 10:33:40 AM,306.9,0,0.0,60583744.39999986
2025-08-01 10:33:41 AM,306.9,217,66597.29999999999,60650341.699999854
2025-08-01 10:33:46 AM,307.0,0,0.0,60650341.699999854
2025-08-01 10:33:46 AM,307.0,1053,323271.0,60973612.699999854
2025-08-01 10:33:52 AM,306.95,0,0.0,60973612.699999854
2025-08-01 10:33:52 AM,306.95,309,94847.55,61068460.24999985
2025-08-01 10:33:56 AM,306.75,0,0.0,61068460.24999985
2025-08-01 10:33:58 AM,306.75,46,14110.5,61082570.74999985
2025-08-01 10:34:00 AM,307.0,0,0.0,61082570.74999985
2025-08-01 10:34:01 AM,307.0,90,27630.0,61110200.74999985
2025-08-01 10:34:02 AM,306.75,0,0.0,61110200.74999985
2025-08-01 10:34:03 AM,306.75,20,6135.0,61116335.74999985
2025-08-01 10:34:06 AM,307.0,0,0.0,61116335.74999985
2025-08-01 10:34:07 AM,307.0,59,18113.0,61134448.74999985
2025-08-01 10:34:08 AM,306.75,0,0.0,61134448.74999985
2025-08-01 10:34:09 AM,306.75,12,3681.0,61138129.74999985
2025-08-01 10:34:15 AM,306.75,5,1533.75,61139663.49999985
2025-08-01 10:34:20 AM,306.75,1,306.75,61139970.24999985
2025-08-01 10:34:22 AM,307.0,0,0.0,61139970.24999985
2025-08-01 10:34:24 AM,307.0,50,15350.0,61155320.24999985
2025-08-01 10:34:25 AM,306.75,0,0.0,61155320.24999985
2025-08-01 10:34:26 AM,306.75,8,2454.0,61157774.24999985
2025-08-01 10:34:31 AM,306.95,2,613.9,61158388.14999985
2025-08-01 10:34:52 AM,306.95,250,76737.5,61235125.64999985
2025-08-01 10:34:54 AM,306.75,0,0.0,61235125.64999985
2025-08-01 10:34:55 AM,306.75,38,11656.5,61246782.14999985
2025-08-01 10:35:00 AM,306.75,5,1533.75,61248315.89999985
2025-08-01 10:35:02 AM,306.7,0,0.0,61248315.89999985
2025-08-01 10:35:04 AM,306.7,68,20855.6,61269171.49999985
2025-08-01 10:35:06 AM,306.9,0,0.0,61269171.49999985
2025-08-01 10:35:06 AM,306.9,51,15651.9,61284823.39999985
2025-08-01 10:35:10 AM,306.65,0,0.0,61284823.39999985
2025-08-01 10:35:12 AM,306.65,7,2146.5499999999997,61286969.94999985
2025-08-01 10:35:17 AM,306.65,51,15639.15,61302609.099999845
2025-08-01 10:35:21 AM,306.8,0,0.0,61302609.099999845
2025-08-01 10:35:23 AM,306.8,8,2454.4,61305063.49999984
2025-08-01 10:35:26 AM,307.15,0,0.0,61305063.49999984
2025-08-01 10:35:26 AM,307.15,1501,461032.14999999997,61766095.64999984
2025-08-01 10:35:27 AM,306.8,0,0.0,61766095.64999984
2025-08-01 10:35:28 AM,306.8,439,134685.2,61900780.849999845
2025-08-01 10:35:32 AM,306.65,0,0.0,61900780.849999845
2025-08-01 10:35:32 AM,306.65,1000,306650.0,62207430.849999845
2025-08-01 10:35:33 AM,306.8,0,0.0,62207430.849999845
2025-08-01 10:35:34 AM,306.8,333,102164.40000000001,62309595.24999984
2025-08-01 10:35:38 AM,307.2,0,0.0,62309595.24999984
2025-08-01 10:35:38 AM,307.2,605,185856.0,62495451.24999984
2025-08-01 10:35:39 AM,306.9,0,0.0,62495451.24999984
2025-08-01 10:35:40 AM,307.05,191,58646.55,62554097.79999984
2025-08-01 10:35:44 AM,306.85,0,0.0,62554097.79999984
2025-08-01 10:35:46 AM,306.85,29,8898.650000000001,62562996.44999984
2025-08-01 10:35:49 AM,306.85,64,19638.4,62582634.84999984
2025-08-01 10:35:50 AM,306.8,0,0.0,62582634.84999984
2025-08-01 10:35:51 AM,306.8,14,4295.2,62586930.04999984
2025-08-01 10:35:54 AM,306.8,64,19635.2,62606565.24999984
2025-08-01 10:35:55 AM,307.05,0,0.0,62606565.24999984
2025-08-01 10:35:57 AM,307.05,115,35310.75,62641875.99999984
2025-08-01 10:36:01 AM,306.85,0,0.0,62641875.99999984
2025-08-01 10:36:02 AM,306.85,19,5830.150000000001,62647706.14999984
2025-08-01 10:36:05 AM,306.85,126,38663.100000000006,62686369.24999984
2025-08-01 10:36:08 AM,306.85,22,6750.700000000001,62693119.94999985
2025-08-01 10:36:14 AM,306.85,4,1227.4,62694347.349999845
2025-08-01 10:36:47 AM,307.05,0,0.0,62694347.349999845
2025-08-01 10:36:50 AM,307.1,101,31017.100000000002,62725364.44999985
2025-08-01 10:36:51 AM,306.9,0,0.0,62725364.44999985
2025-08-01 10:36:52 AM,306.9,15,4603.5,62729967.94999985
2025-08-01 10:36:57 AM,306.9,3,920.6999999999999,62730888.64999985
2025-08-01 10:37:15 AM,306.95,0,0.0,62730888.64999985
2025-08-01 10:37:17 AM,306.95,15,4604.25,62735492.89999985
2025-08-01 10:37:19 AM,306.95,2,613.9,62736106.79999985
2025-08-01 10:37:23 AM,307.0,525,161175.0,62897281.79999985
2025-08-01 10:37:24 AM,306.75,0,0.0,62897281.79999985
2025-08-01 10:37:25 AM,306.75,79,24233.25,62921515.04999985
2025-08-01 10:37:27 AM,306.9,0,0.0,62921515.04999985
2025-08-01 10:37:28 AM,306.9,2,613.8,62922128.849999845
2025-08-01 10:37:31 AM,306.7,12,3680.3999999999996,62925809.24999984
2025-08-01 10:37:36 AM,306.95,0,0.0,62925809.24999984
2025-08-01 10:37:36 AM,306.65,302,92608.29999999999,63018417.54999984
2025-08-01 10:37:39 AM,306.65,466,142898.9,63161316.44999984
2025-08-01 10:37:41 AM,306.9,0,0.0,63161316.44999984
2025-08-01 10:37:42 AM,306.9,263,80714.7,63242031.14999984
2025-08-01 10:37:46 AM,306.7,0,0.0,63242031.14999984
2025-08-01 10:37:48 AM,306.7,40,12268.0,63254299.14999984
2025-08-01 10:37:51 AM,306.6,0,0.0,63254299.14999984
2025-08-01 10:37:53 AM,306.6,6,1839.6000000000001,63256138.74999984
2025-08-01 10:37:56 AM,307.0,0,0.0,63256138.74999984
2025-08-01 10:37:56 AM,307.0,500,153500.0,63409638.74999984
2025-08-01 10:37:57 AM,306.7,0,0.0,63409638.74999984
2025-08-01 10:37:59 AM,306.7,76,23309.2,63432947.94999985
2025-08-01 10:38:05 AM,306.7,41,12574.699999999999,63445522.64999985
2025-08-01 10:38:08 AM,306.7,2,613.4,63446136.04999985
2025-08-01 10:38:11 AM,306.7,6,1840.1999999999998,63447976.24999985
2025-08-01 10:38:14 AM,306.7,16,4907.2,63452883.449999854
2025-08-01 10:38:16 AM,306.6,0,0.0,63452883.449999854
2025-08-01 10:38:17 AM,306.6,4,1226.4,63454109.84999985
2025-08-01 10:38:39 AM,306.6,1,306.6,63454416.449999854
2025-08-01 10:38:41 AM,306.6,15,4599.0,63459015.449999854
2025-08-01 10:38:47 AM,306.6,2,613.2,63459628.64999986
2025-08-01 10:38:49 AM,306.85,0,0.0,63459628.64999986
2025-08-01 10:38:50 AM,306.85,33,10126.050000000001,63469754.699999854
2025-08-01 10:38:51 AM,306.6,0,0.0,63469754.699999854
2025-08-01 10:38:53 AM,306.6,15,4599.0,63474353.699999854
2025-08-01 10:38:58 AM,306.6,101,30966.600000000002,63505320.299999855
2025-08-01 10:39:03 AM,306.6,80,24528.0,63529848.299999855
2025-08-01 10:39:06 AM,306.6,50,15330.000000000002,63545178.299999855
2025-08-01 10:39:08 AM,306.85,0,0.0,63545178.299999855
2025-08-01 10:39:08 AM,306.65,0,0.0,63545178.299999855
2025-08-01 10:39:09 AM,306.65,179,54890.35,63600068.64999986
2025-08-01 10:39:15 AM,306.65,27,8279.55,63608348.199999854
2025-08-01 10:39:18 AM,306.55,100,30655.0,63639003.199999854
2025-08-01 10:39:20 AM,306.55,19,5824.45,63644827.64999986
2025-08-01 10:39:26 AM,306.55,3,919.6500000000001,63645747.299999855
2025-08-01 10:39:27 AM,306.8,0,0.0,63645747.299999855
2025-08-01 10:39:29 AM,306.8,30,9204.0,63654951.299999855
2025-08-01 10:39:30 AM,306.55,0,0.0,63654951.299999855
2025-08-01 10:39:32 AM,306.55,5,1532.75,63656484.049999855
2025-08-01 10:39:37 AM,306.45,312,95612.4,63752096.449999854
2025-08-01 10:39:40 AM,306.45,13,3983.85,63756080.299999855
2025-08-01 10:39:43 AM,306.45,48,14709.599999999999,63770789.89999986
2025-08-01 10:39:47 AM,306.35,0,0.0,63770789.89999986
2025-08-01 10:39:48 AM,306.35,28,8577.800000000001,63779367.699999854
2025-08-01 10:39:54 AM,306.35,16,4901.6,63784269.299999855
2025-08-01 10:39:59 AM,306.35,3,919.0500000000001,63785188.34999985
2025-08-01 10:40:01 AM,306.5,0,0.0,63785188.34999985
2025-08-01 10:40:02 AM,306.25,95,29093.75,63814282.09999985
2025-08-01 10:40:05 AM,306.25,30,9187.5,63823469.59999985
2025-08-01 10:40:10 AM,306.25,75,22968.75,63846438.34999985
2025-08-01 10:40:16 AM,306.25,11,3368.75,63849807.09999985
2025-08-01 10:40:22 AM,306.25,2,612.5,63850419.59999985
2025-08-01 10:40:33 AM,306.25,1,306.25,63850725.84999985
2025-08-01 10:40:38 AM,306.25,200,61250.0,63911975.84999985
2025-08-01 10:40:44 AM,306.25,30,9187.5,63921163.34999985
2025-08-01 10:40:47 AM,306.3,0,0.0,63921163.34999985
2025-08-01 10:40:49 AM,306.3,5,1531.5,63922694.84999985
2025-08-01 10:40:55 AM,306.3,1,306.3,63923001.14999985
2025-08-01 10:41:11 AM,306.3,1,306.3,63923307.44999985
2025-08-01 10:41:28 AM,305.9,1916,586104.3999999999,64509411.849999845
2025-08-01 10:41:32 AM,305.9,49,14989.099999999999,64524400.94999985
2025-08-01 10:41:32 AM,305.75,0,0.0,64524400.94999985
2025-08-01 10:41:33 AM,305.85,0,0.0,64524400.94999985
2025-08-01 10:41:33 AM,305.85,640,195744.0,64720144.94999985
2025-08-01 10:41:38 AM,305.65,0,0.0,64720144.94999985
2025-08-01 10:41:39 AM,305.65,96,29342.399999999998,64749487.349999845
2025-08-01 10:41:44 AM,305.6,14,4278.400000000001,64753765.74999984
2025-08-01 10:41:46 AM,305.85,0,0.0,64753765.74999984
2025-08-01 10:41:48 AM,305.85,10,3058.5,64756824.24999984
2025-08-01 10:41:49 AM,305.6,0,0.0,64756824.24999984
2025-08-01 10:41:50 AM,305.6,4,1222.4,64758046.64999984
2025-08-01 10:41:59 AM,305.8,0,0.0,64758046.64999984
2025-08-01 10:41:59 AM,305.8,30,9174.0,64767220.64999984
2025-08-01 10:42:00 AM,305.6,5,1528.0,64768748.64999984
2025-08-01 10:42:06 AM,305.6,1,305.6,64769054.24999984
2025-08-01 10:42:09 AM,305.8,0,0.0,64769054.24999984
2025-08-01 10:42:10 AM,305.8,16,4892.8,64773947.04999984
2025-08-01 10:42:11 AM,305.6,0,0.0,64773947.04999984
2025-08-01 10:42:12 AM,305.6,49,14974.400000000001,64788921.44999984
2025-08-01 10:42:17 AM,305.6,7,2139.2000000000003,64791060.64999984
2025-08-01 10:42:23 AM,305.75,0,0.0,64791060.64999984
2025-08-01 10:42:23 AM,305.85,0,0.0,64791060.64999984
2025-08-01 10:42:23 AM,305.85,6,1835.1000000000001,64792895.74999984
2025-08-01 10:42:27 AM,305.75,0,0.0,64792895.74999984
2025-08-01 10:42:29 AM,305.75,1,305.75,64793201.49999984
2025-08-01 10:42:32 AM,305.75,1,305.75,64793507.24999984
2025-08-01 10:42:37 AM,305.7,0,0.0,64793507.24999984
2025-08-01 10:42:37 AM,305.9,0,0.0,64793507.24999984
2025-08-01 10:42:38 AM,305.9,11584,3543545.5999999996,68337052.84999985
2025-08-01 10:42:39 AM,306.0,0,0.0,68337052.84999985
2025-08-01 10:42:40 AM,306.0,3526,1078956.0,69416008.84999985
2025-08-01 10:42:43 AM,305.75,100,30575.0,69446583.84999985
2025-08-01 10:42:44 AM,306.0,0,0.0,69446583.84999985
2025-08-01 10:42:46 AM,306.0,766,234396.0,69680979.84999985
2025-08-01 10:42:50 AM,305.9,0,0.0,69680979.84999985
2025-08-01 10:42:51 AM,305.9,115,35178.5,69716158.34999985
2025-08-01 10:42:57 AM,305.9,17,5200.299999999999,69721358.64999984
2025-08-01 10:42:58 AM,305.95,0,0.0,69721358.64999984
2025-08-01 10:43:00 AM,306.05,0,0.0,69721358.64999984
2025-08-01 10:43:00 AM,306.05,214,65494.700000000004,69786853.34999985
2025-08-01 10:43:02 AM,305.8,0,0.0,69786853.34999985
2025-08-01 10:43:02 AM,305.8,35,10703.0,69797556.34999985
2025-08-01 10:43:05 AM,306.0,0,0.0,69797556.34999985
2025-08-01 10:43:06 AM,306.0,207,63342.0,69860898.34999985
2025-08-01 10:43:08 AM,305.75,36,11007.0,69871905.34999985
2025-08-01 10:43:13 AM,305.75,5,1528.75,69873434.09999985
2025-08-01 10:43:16 AM,305.8,0,0.0,69873434.09999985
2025-08-01 10:43:16 AM,305.8,2,611.6,69874045.69999984
2025-08-01 10:43:19 AM,305.8,1,305.8,69874351.49999984
2025-08-01 10:43:28 AM,306.05,0,0.0,69874351.49999984
2025-08-01 10:43:29 AM,306.1,37,11325.7,69885677.19999984
2025-08-01 10:43:34 AM,305.85,0,0.0,69885677.19999984
2025-08-01 10:43:35 AM,305.85,6,1835.1000000000001,69887512.29999983
2025-08-01 10:43:40 AM,305.75,600,183450.0,70070962.29999983
2025-08-01 10:43:44 AM,306.05,0,0.0,70070962.29999983
2025-08-01 10:43:45 AM,306.05,248,75900.40000000001,70146862.69999984
2025-08-01 10:43:50 AM,305.85,0,0.0,70146862.69999984
2025-08-01 10:43:51 AM,305.85,38,11622.300000000001,70158484.99999984
2025-08-01 10:43:56 AM,305.85,6,1835.1000000000001,70160320.09999983
2025-08-01 10:44:01 AM,305.85,1,305.85,70160625.94999982
2025-08-01 10:44:03 AM,306.1,95,29079.500000000004,70189705.44999982
2025-08-01 10:44:04 AM,306.0,0,0.0,70189705.44999982
2025-08-01 10:44:06 AM,306.2,0,0.0,70189705.44999982
2025-08-01 10:44:06 AM,306.2,194,59402.799999999996,70249108.24999982
2025-08-01 10:44:10 AM,306.05,0,0.0,70249108.24999982
2025-08-01 10:44:11 AM,306.05,29,8875.45,70257983.69999982
2025-08-01 10:44:16 AM,306.0,0,0.0,70257983.69999982
2025-08-01 10:44:17 AM,306.0,15,4590.0,70262573.69999982
2025-08-01 10:44:20 AM,306.0,3,918.0,70263491.69999982
2025-08-01 10:44:22 AM,305.9,0,0.0,70263491.69999982
2025-08-01 10:44:23 AM,305.9,3,917.6999999999999,70264409.39999983
2025-08-01 10:44:30 AM,306.15,0,0.0,70264409.39999983
2025-08-01 10:44:31 AM,306.15,100,30614.999999999996,70295024.39999983
2025-08-01 10:44:33 AM,306.15,112,34288.799999999996,70329313.19999982
2025-08-01 10:44:37 AM,305.9,0,0.0,70329313.19999982
2025-08-01 10:44:39 AM,305.9,25,7647.499999999999,70336960.69999982
2025-08-01 10:44:44 AM,305.9,4,1223.6,70338184.29999982
2025-08-01 10:44:50 AM,305.9,78,23860.199999999997,70362044.49999982
2025-08-01 10:44:53 AM,305.85,0,0.0,70362044.49999982
2025-08-01 10:44:55 AM,305.85,12,3670.2000000000003,70365714.69999982
2025-08-01 10:44:58 AM,305.9,0,0.0,70365714.69999982
2025-08-01 10:45:00 AM,305.9,2,611.8,70366326.49999982
2025-08-01 10:45:04 AM,306.15,0,0.0,70366326.49999982
2025-08-01 10:45:06 AM,306.15,3,918.4499999999999,70367244.94999982
2025-08-01 10:45:10 AM,305.9,0,0.0,70367244.94999982
2025-08-01 10:45:12 AM,305.9,1,305.9,70367550.84999983
2025-08-01 10:45:20 AM,306.15,139,42554.85,70410105.69999982
2025-08-01 10:45:20 AM,305.9,0,0.0,70410105.69999982
2025-08-01 10:45:23 AM,305.9,21,6423.9,70416529.59999983
2025-08-01 10:45:25 AM,306.1,21,6428.1,70422957.69999982
2025-08-01 10:45:26 AM,305.9,0,0.0,70422957.69999982
2025-08-01 10:45:28 AM,305.9,7,2141.2999999999997,70425098.99999982
2025-08-01 10:45:31 AM,305.75,563,172137.25,70597236.24999982
2025-08-01 10:45:31 AM,305.8,0,0.0,70597236.24999982
2025-08-01 10:45:33 AM,305.8,86,26298.8,70623535.04999982
2025-08-01 10:45:36 AM,305.9,0,0.0,70623535.04999982
2025-08-01 10:45:38 AM,305.75,0,0.0,70623535.04999982
2025-08-01 10:45:39 AM,305.75,12,3669.0,70627204.04999982
2025-08-01 10:45:42 AM,305.8,0,0.0,70627204.04999982
2025-08-01 10:45:44 AM,305.8,2,611.6,70627815.64999981
2025-08-01 10:45:47 AM,305.75,0,0.0,70627815.64999981
2025-08-01 10:45:49 AM,305.75,1,305.75,70628121.39999981
2025-08-01 10:46:00 AM,305.75,5,1528.75,70629650.14999981
2025-08-01 10:46:09 AM,305.75,1,305.75,70629955.89999981
2025-08-01 10:46:34 AM,305.75,61,18650.75,70648606.64999981
2025-08-01 10:46:39 AM,305.75,53,16204.75,70664811.39999981
2025-08-01 10:46:41 AM,305.55,0,0.0,70664811.39999981
2025-08-01 10:46:43 AM,305.55,18,5499.900000000001,70670311.29999982
2025-08-01 10:46:44 AM,305.55,18,5499.900000000001,70675811.19999982
2025-08-01 10:46:46 AM,305.75,0,0.0,70675811.19999982
2025-08-01 10:46:49 AM,305.75,3,917.25,70676728.44999982
2025-08-01 10:46:49 AM,305.55,0,0.0,70676728.44999982
2025-08-01 10:46:50 AM,305.55,3,916.6500000000001,70677645.09999983
2025-08-01 10:46:59 AM,305.5,0,0.0,70677645.09999983
2025-08-01 10:47:00 AM,305.5,97,29633.5,70707278.59999983
2025-08-01 10:47:01 AM,305.5,15,4582.5,70711861.09999983
2025-08-01 10:47:06 AM,305.5,2,611.0,70712472.09999983
2025-08-01 10:47:10 AM,305.85,500,152925.0,70865397.09999983
2025-08-01 10:47:11 AM,305.55,0,0.0,70865397.09999983
2025-08-01 10:47:12 AM,305.55,75,22916.25,70888313.34999983
2025-08-01 10:47:17 AM,305.5,12,3666.0,70891979.34999983
2025-08-01 10:47:23 AM,305.5,1,305.5,70892284.84999983
2025-08-01 10:47:28 AM,305.5,1,305.5,70892590.34999983
2025-08-01 10:47:30 AM,305.7,0,0.0,70892590.34999983
2025-08-01 10:47:32 AM,305.8,0,0.0,70892590.34999983
2025-08-01 10:47:32 AM,305.8,612,187149.6,71079739.94999982
2025-08-01 10:47:33 AM,305.9,0,0.0,71079739.94999982
2025-08-01 10:47:34 AM,305.85,0,0.0,71079739.94999982
2025-08-01 10:47:34 AM,305.85,449,137326.65000000002,71217066.59999983
2025-08-01 10:47:36 AM,305.6,0,0.0,71217066.59999983
2025-08-01 10:47:37 AM,305.85,56,17127.600000000002,71234194.19999982
2025-08-01 10:47:38 AM,305.65,0,0.0,71234194.19999982
2025-08-01 10:47:39 AM,305.5,76,23218.0,71257412.19999982
2025-08-01 10:47:42 AM,305.85,0,0.0,71257412.19999982
2025-08-01 10:47:43 AM,305.85,100,30585.000000000004,71287997.19999982
2025-08-01 10:47:44 AM,305.6,0,0.0,71287997.19999982
2025-08-01 10:47:45 AM,305.6,95,29032.000000000004,71317029.19999982
2025-08-01 10:47:48 AM,305.55,0,0.0,71317029.19999982
2025-08-01 10:47:50 AM,305.85,114,34866.9,71351896.09999983
2025-08-01 10:47:54 AM,305.6,0,0.0,71351896.09999983
2025-08-01 10:47:56 AM,305.6,17,5195.200000000001,71357091.29999983
2025-08-01 10:47:57 AM,305.8,0,0.0,71357091.29999983
2025-08-01 10:47:59 AM,305.8,3,917.4000000000001,71358008.69999984
2025-08-01 10:48:00 AM,305.6,0,0.0,71358008.69999984
2025-08-01 10:48:01 AM,305.6,6,1833.6000000000001,71359842.29999983
2025-08-01 10:48:06 AM,306.0,0,0.0,71359842.29999983
2025-08-01 10:48:06 AM,306.0,585,179010.0,71538852.29999983
2025-08-01 10:48:09 AM,306.0,35,10710.0,71549562.29999983
2025-08-01 10:48:10 AM,305.9,0,0.0,71549562.29999983
2025-08-01 10:48:12 AM,306.15,0,0.0,71549562.29999983
2025-08-01 10:48:12 AM,306.15,95,29084.249999999996,71578646.54999983
2025-08-01 10:48:15 AM,306.25,0,0.0,71578646.54999983
2025-08-01 10:48:17 AM,306.25,142,43487.5,71622134.04999983
2025-08-01 10:48:21 AM,306.05,0,0.0,71622134.04999983
2025-08-01 10:48:22 AM,306.0,0,0.0,71622134.04999983
2025-08-01 10:48:23 AM,306.0,311,95166.0,71717300.04999983
2025-08-01 10:48:26 AM,305.8,0,0.0,71717300.04999983
2025-08-01 10:48:28 AM,305.8,47,14372.6,71731672.64999983
