date,price,qty,trnvr,cum_trnvr
2025-08-01 09:15:05 AM,334.85,1152,385747.2,385747.2
2025-08-01 09:15:07 AM,334.85,10,3348.5,389095.7
2025-08-01 09:15:14 AM,334.4,0,0.0,389095.7
2025-08-01 09:15:17 AM,334.65,1302,435714.3,824810.0
2025-08-01 09:15:23 AM,335.1,0,0.0,824810.0
2025-08-01 09:15:25 AM,335.4,0,0.0,824810.0
2025-08-01 09:15:27 AM,335.5,182,61061.0,885871.0
2025-08-01 09:15:28 AM,335.4,51,17105.399999999998,902976.4
2025-08-01 09:15:30 AM,335.65,0,0.0,902976.4
2025-08-01 09:15:34 AM,335.9,0,0.0,902976.4
2025-08-01 09:15:35 AM,335.9,102,34261.799999999996,937238.2000000001
2025-08-01 09:15:43 AM,335.9,202,67851.79999999999,1005090.0
2025-08-01 09:15:47 AM,335.4,0,0.0,1005090.0
2025-08-01 09:15:50 AM,335.9,0,0.0,1005090.0
2025-08-01 09:15:52 AM,335.9,108,36277.2,1041367.2
2025-08-01 09:15:56 AM,335.85,0,0.0,1041367.2
2025-08-01 09:16:00 AM,335.45,1090,365640.5,1407007.7
2025-08-01 09:16:02 AM,335.0,30,10050.0,1417057.7
2025-08-01 09:16:04 AM,334.85,0,0.0,1417057.7
2025-08-01 09:16:08 AM,335.1,48,16084.800000000001,1433142.5
2025-08-01 09:16:19 AM,334.2,0,0.0,1433142.5
2025-08-01 09:16:25 AM,333.8,92,30709.600000000002,1463852.1
2025-08-01 09:16:30 AM,334.4,0,0.0,1463852.1
2025-08-01 09:16:33 AM,334.45,56,18729.2,1482581.3
2025-08-01 09:16:41 AM,334.4,300,100320.0,1582901.3
2025-08-01 09:16:42 AM,334.65,1,334.65,1583235.95
2025-08-01 09:16:49 AM,334.7,188,62923.6,1646159.55
2025-08-01 09:16:57 AM,334.7,23,7698.099999999999,1653857.6500000001
2025-08-01 09:17:14 AM,335.35,281,94233.35,1748091.0000000002
2025-08-01 09:17:27 AM,335.8,0,0.0,1748091.0000000002
2025-08-01 09:17:30 AM,335.8,410,137678.0,1885769.0000000002
2025-08-01 09:17:42 AM,335.95,0,0.0,1885769.0000000002
2025-08-01 09:17:47 AM,335.6,12,4027.2000000000003,1889796.2000000002
2025-08-01 09:17:51 AM,335.45,0,0.0,1889796.2000000002
2025-08-01 09:17:55 AM,335.45,10,3354.5,1893150.7000000002
2025-08-01 09:17:59 AM,335.9,0,0.0,1893150.7000000002
2025-08-01 09:18:04 AM,335.9,36,12092.4,1905243.1
2025-08-01 09:18:07 AM,336.05,0,0.0,1905243.1
2025-08-01 09:18:09 AM,336.1,0,0.0,1905243.1
2025-08-01 09:18:12 AM,336.1,161,54112.100000000006,1959355.2000000002
2025-08-01 09:18:17 AM,336.4,0,0.0,1959355.2000000002
2025-08-01 09:18:20 AM,336.4,55,18502.0,1977857.2000000002
2025-08-01 09:18:28 AM,336.7,149,50168.299999999996,2028025.5000000002
2025-08-01 09:18:31 AM,337.05,0,0.0,2028025.5000000002
2025-08-01 09:18:37 AM,338.0,4422,1494636.0,3522661.5
2025-08-01 09:18:38 AM,337.45,7,2362.15,3525023.65
2025-08-01 09:18:41 AM,338.0,0,0.0,3525023.65
2025-08-01 09:18:45 AM,338.0,1362,460356.0,3985379.65
2025-08-01 09:18:49 AM,339.1,0,0.0,3985379.65
2025-08-01 09:18:53 AM,339.4,876,297314.39999999997,4282694.05
2025-08-01 09:18:54 AM,338.45,120,40614.0,4323308.05
2025-08-01 09:19:01 AM,338.5,55,18617.5,4341925.55
2025-08-01 09:19:03 AM,339.35,0,0.0,4341925.55
2025-08-01 09:19:09 AM,339.35,3,1018.0500000000001,4342943.6
2025-08-01 09:19:13 AM,338.55,0,0.0,4342943.6
2025-08-01 09:19:17 AM,339.35,4,1357.4,4344301.0
2025-08-01 09:19:18 AM,339.35,300,101805.0,4446106.0
2025-08-01 09:19:25 AM,339.25,116,39353.0,4485459.0
2025-08-01 09:19:28 AM,338.5,0,0.0,4485459.0
2025-08-01 09:19:33 AM,338.5,719,243381.5,4728840.5
2025-08-01 09:19:35 AM,338.5,702,237627.0,4966467.5
2025-08-01 09:19:43 AM,338.8,15,5082.0,4971549.5
2025-08-01 09:19:49 AM,338.55,0,0.0,4971549.5
2025-08-01 09:19:49 AM,338.55,35,11849.25,4983398.75
2025-08-01 09:19:57 AM,338.5,0,0.0,4983398.75
2025-08-01 09:19:57 AM,338.5,413,139800.5,5123199.25
2025-08-01 09:19:59 AM,338.0,298,100724.0,5223923.25
2025-08-01 09:20:05 AM,338.15,13,4395.95,5228319.2
2025-08-01 09:20:13 AM,338.15,50,16907.5,5245226.7
2025-08-01 09:20:31 AM,337.7,2,675.4,5245902.100000001
2025-08-01 09:20:37 AM,337.7,1,337.7,5246239.800000001
2025-08-01 09:20:45 AM,337.65,1475,498033.74999999994,5744273.550000001
2025-08-01 09:20:54 AM,338.0,0,0.0,5744273.550000001
2025-08-01 09:20:57 AM,337.65,0,0.0,5744273.550000001
2025-08-01 09:21:00 AM,337.65,128,43219.2,5787492.750000001
2025-08-01 09:21:20 AM,338.0,0,0.0,5787492.750000001
2025-08-01 09:21:24 AM,337.75,619,209067.25,5996560.000000001
2025-08-01 09:21:32 AM,337.65,20,6753.0,6003313.000000001
2025-08-01 09:21:37 AM,337.6,0,0.0,6003313.000000001
2025-08-01 09:21:39 AM,337.6,597,201547.2,6204860.200000001
2025-08-01 09:21:44 AM,337.75,0,0.0,6204860.200000001
2025-08-01 09:21:47 AM,338.1,27,9128.7,6213988.900000001
2025-08-01 09:21:50 AM,338.4,0,0.0,6213988.900000001
2025-08-01 09:21:53 AM,338.75,0,0.0,6213988.900000001
2025-08-01 09:21:55 AM,338.3,139,47023.700000000004,6261012.6000000015
2025-08-01 09:21:57 AM,338.8,0,0.0,6261012.6000000015
2025-08-01 09:22:01 AM,338.75,0,0.0,6261012.6000000015
2025-08-01 09:22:02 AM,338.75,86,29132.5,6290145.1000000015
2025-08-01 09:22:03 AM,338.8,33,11180.4,6301325.500000002
2025-08-01 09:22:05 AM,338.35,0,0.0,6301325.500000002
2025-08-01 09:22:10 AM,338.9,4084,1384067.5999999999,7685393.1000000015
2025-08-01 09:22:14 AM,339.35,0,0.0,7685393.1000000015
2025-08-01 09:22:17 AM,339.35,100,33935.0,7719328.1000000015
2025-08-01 09:22:18 AM,339.25,0,0.0,7719328.1000000015
2025-08-01 09:22:19 AM,339.25,2,678.5,7720006.6000000015
2025-08-01 09:22:21 AM,339.5,0,0.0,7720006.6000000015
2025-08-01 09:22:25 AM,339.35,225,76353.75,7796360.3500000015
2025-08-01 09:22:27 AM,339.85,800,271880.0,8068240.3500000015
2025-08-01 09:22:29 AM,339.5,0,0.0,8068240.3500000015
2025-08-01 09:22:33 AM,339.5,264,89628.0,8157868.3500000015
2025-08-01 09:22:33 AM,339.0,0,0.0,8157868.3500000015
2025-08-01 09:22:34 AM,339.0,595,201705.0,8359573.3500000015
2025-08-01 09:22:40 AM,338.7,251,85013.7,8444587.05
2025-08-01 09:22:42 AM,339.3,50,16965.0,8461552.05
2025-08-01 09:22:57 AM,338.85,137,46422.450000000004,8507974.5
2025-08-01 09:23:05 AM,339.2,200,67840.0,8575814.5
2025-08-01 09:23:13 AM,338.7,0,0.0,8575814.5
2025-08-01 09:23:18 AM,339.15,121,41037.149999999994,8616851.65
2025-08-01 09:23:21 AM,339.1,0,0.0,8616851.65
2025-08-01 09:23:26 AM,339.1,6,2034.6000000000001,8618886.25
2025-08-01 09:23:27 AM,338.5,0,0.0,8618886.25
2025-08-01 09:23:28 AM,338.5,100,33850.0,8652736.25
2025-08-01 09:23:40 AM,338.4,0,0.0,8652736.25
2025-08-01 09:23:41 AM,338.4,197,66664.79999999999,8719401.05
2025-08-01 09:23:43 AM,338.85,40,13554.0,8732955.05
2025-08-01 09:23:49 AM,338.85,30,10165.5,8743120.55
2025-08-01 09:23:50 AM,338.9,90,30500.999999999996,8773621.55
2025-08-01 09:23:58 AM,338.5,162,54837.0,8828458.55
2025-08-01 09:24:04 AM,338.5,29,9816.5,8838275.05
2025-08-01 09:24:12 AM,338.7,558,188994.6,9027269.65
2025-08-01 09:24:19 AM,338.85,319,108093.15000000001,9135362.8
2025-08-01 09:24:25 AM,338.7,0,0.0,9135362.8
2025-08-01 09:24:27 AM,338.95,506,171508.69999999998,9306871.5
2025-08-01 09:24:29 AM,338.5,33,11170.5,9318042.0
2025-08-01 09:24:36 AM,338.25,137,46340.25,9364382.25
2025-08-01 09:24:38 AM,338.5,0,0.0,9364382.25
2025-08-01 09:24:42 AM,338.0,472,159536.0,9523918.25
2025-08-01 09:24:52 AM,338.65,500,169325.0,9693243.25
2025-08-01 09:24:57 AM,338.35,0,0.0,9693243.25
2025-08-01 09:24:59 AM,338.35,1,338.35,9693581.6
2025-08-01 09:25:19 AM,338.35,26,8797.1,9702378.7
2025-08-01 09:25:40 AM,338.25,0,0.0,9702378.7
2025-08-01 09:25:42 AM,338.25,778,263158.5,9965537.2
2025-08-01 09:25:44 AM,338.25,15,5073.75,9970610.95
2025-08-01 09:25:49 AM,338.25,1,338.25,9970949.2
2025-08-01 09:25:52 AM,338.25,45,15221.25,9986170.45
2025-08-01 09:26:04 AM,338.2,0,0.0,9986170.45
2025-08-01 09:26:05 AM,338.2,12,4058.3999999999996,9990228.85
2025-08-01 09:26:12 AM,338.0,10,3380.0,9993608.85
2025-08-01 09:26:28 AM,338.0,10,3380.0,9996988.85
2025-08-01 09:26:30 AM,338.0,100,33800.0,10030788.85
2025-08-01 09:26:35 AM,338.35,0,0.0,10030788.85
2025-08-01 09:26:36 AM,338.35,2002,677376.7000000001,10708165.549999999
2025-08-01 09:26:37 AM,338.5,150,50775.0,10758940.549999999
2025-08-01 09:26:41 AM,338.9,0,0.0,10758940.549999999
2025-08-01 09:26:43 AM,338.9,300,101670.0,10860610.549999999
2025-08-01 09:26:51 AM,339.0,1131,383409.0,11244019.549999999
2025-08-01 09:27:01 AM,339.2,0,0.0,11244019.549999999
2025-08-01 09:27:06 AM,338.85,290,98266.5,11342286.049999999
2025-08-01 09:27:07 AM,339.15,51,17296.649999999998,11359582.7
2025-08-01 09:27:13 AM,339.15,31,10513.65,11370096.35
2025-08-01 09:27:18 AM,339.2,0,0.0,11370096.35
2025-08-01 09:27:20 AM,339.2,80,27136.0,11397232.35
2025-08-01 09:27:22 AM,339.2,670,227264.0,11624496.35
2025-08-01 09:27:23 AM,339.45,0,0.0,11624496.35
2025-08-01 09:27:28 AM,339.45,45,15275.25,11639771.6
2025-08-01 09:27:29 AM,339.0,265,89835.0,11729606.6
2025-08-01 09:27:33 AM,339.4,0,0.0,11729606.6
2025-08-01 09:27:35 AM,339.0,65,22035.0,11751641.6
2025-08-01 09:27:43 AM,339.0,110,37290.0,11788931.6
2025-08-01 09:27:58 AM,339.0,24,8136.0,11797067.6
2025-08-01 09:28:04 AM,339.2,0,0.0,11797067.6
2025-08-01 09:28:06 AM,339.2,38,12889.6,11809957.2
2025-08-01 09:28:11 AM,339.4,0,0.0,11809957.2
2025-08-01 09:28:11 AM,339.3,0,0.0,11809957.2
2025-08-01 09:28:14 AM,339.3,101,34269.3,11844226.5
2025-08-01 09:28:18 AM,339.5,0,0.0,11844226.5
2025-08-01 09:28:18 AM,340.0,0,0.0,11844226.5
2025-08-01 09:28:21 AM,340.25,3613,1229323.25,13073549.75
2025-08-01 09:28:23 AM,340.45,0,0.0,13073549.75
2025-08-01 09:28:28 AM,340.1,0,0.0,13073549.75
2025-08-01 09:28:29 AM,340.1,37,12583.7,13086133.45
2025-08-01 09:28:33 AM,339.9,0,0.0,13086133.45
2025-08-01 09:28:37 AM,340.2,377,128255.4,13214388.85
2025-08-01 09:28:39 AM,340.1,0,0.0,13214388.85
2025-08-01 09:28:39 AM,340.2,0,0.0,13214388.85
2025-08-01 09:28:44 AM,339.65,0,0.0,13214388.85
2025-08-01 09:28:44 AM,340.15,1000,340150.0,13554538.85
2025-08-01 09:28:49 AM,340.0,0,0.0,13554538.85
2025-08-01 09:28:50 AM,340.15,0,0.0,13554538.85
2025-08-01 09:28:52 AM,340.15,251,85377.65,13639916.5
2025-08-01 09:28:59 AM,340.1,1,340.1,13640256.6
2025-08-01 09:29:07 AM,339.95,0,0.0,13640256.6
2025-08-01 09:29:07 AM,339.95,37,12578.15,13652834.75
2025-08-01 09:29:18 AM,339.55,0,0.0,13652834.75
2025-08-01 09:29:18 AM,339.3,0,0.0,13652834.75
2025-08-01 09:29:22 AM,339.3,311,105522.3,13758357.05
2025-08-01 09:29:23 AM,338.95,0,0.0,13758357.05
2025-08-01 09:29:24 AM,338.95,316,107108.2,13865465.25
2025-08-01 09:29:28 AM,339.0,0,0.0,13865465.25
2025-08-01 09:29:30 AM,339.0,249,84411.0,13949876.25
2025-08-01 09:29:31 AM,338.95,90,30505.5,13980381.75
2025-08-01 09:29:43 AM,339.0,0,0.0,13980381.75
2025-08-01 09:29:45 AM,338.6,255,86343.0,14066724.75
2025-08-01 09:29:52 AM,338.95,3,1016.8499999999999,14067741.6
2025-08-01 09:29:58 AM,338.6,0,0.0,14067741.6
2025-08-01 09:29:59 AM,338.9,0,0.0,14067741.6
2025-08-01 09:30:00 AM,338.9,3,1016.6999999999999,14068758.299999999
2025-08-01 09:30:00 AM,338.45,229,77505.05,14146263.35
2025-08-01 09:30:05 AM,338.15,0,0.0,14146263.35
2025-08-01 09:30:07 AM,338.15,15,5072.25,14151335.6
2025-08-01 09:30:08 AM,338.5,1,338.5,14151674.1
2025-08-01 09:30:15 AM,338.5,1,338.5,14152012.6
2025-08-01 09:30:23 AM,338.5,1,338.5,14152351.1
2025-08-01 09:30:26 AM,338.4,0,0.0,14152351.1
2025-08-01 09:30:30 AM,338.35,2023,684482.05,14836833.15
2025-08-01 09:30:31 AM,338.35,1,338.35,14837171.5
2025-08-01 09:30:37 AM,338.35,1,338.35,14837509.85
2025-08-01 09:30:41 AM,338.4,0,0.0,14837509.85
2025-08-01 09:30:44 AM,338.4,103,34855.2,14872365.049999999
2025-08-01 09:30:59 AM,338.4,5,1692.0,14874057.049999999
2025-08-01 09:31:05 AM,338.0,0,0.0,14874057.049999999
2025-08-01 09:31:07 AM,338.0,15,5070.0,14879127.049999999
2025-08-01 09:31:09 AM,338.25,0,0.0,14879127.049999999
2025-08-01 09:31:11 AM,337.9,0,0.0,14879127.049999999
2025-08-01 09:31:14 AM,337.9,33,11150.699999999999,14890277.749999998
2025-08-01 09:31:28 AM,337.35,0,0.0,14890277.749999998
2025-08-01 09:31:29 AM,337.35,600,202410.0,15092687.749999998
2025-08-01 09:31:36 AM,337.3,151,50932.3,15143620.049999999
2025-08-01 09:31:40 AM,337.55,0,0.0,15143620.049999999
2025-08-01 09:31:43 AM,337.55,15,5063.25,15148683.299999999
2025-08-01 09:31:50 AM,337.75,0,0.0,15148683.299999999
2025-08-01 09:31:50 AM,337.75,200,67550.0,15216233.299999999
2025-08-01 09:31:56 AM,337.45,0,0.0,15216233.299999999
2025-08-01 09:31:57 AM,337.45,10,3374.5,15219607.799999999
2025-08-01 09:32:01 AM,337.75,0,0.0,15219607.799999999
2025-08-01 09:32:04 AM,337.75,209,70589.75,15290197.549999999
2025-08-01 09:32:18 AM,337.85,100,33785.0,15323982.549999999
2025-08-01 09:32:24 AM,338.2,0,0.0,15323982.549999999
2025-08-01 09:32:24 AM,338.3,0,0.0,15323982.549999999
2025-08-01 09:32:25 AM,338.3,3636,1230058.8,16554041.35
2025-08-01 09:32:32 AM,338.4,7,2368.7999999999997,16556410.15
2025-08-01 09:32:46 AM,338.4,25,8460.0,16564870.15
2025-08-01 09:32:53 AM,338.4,65,21996.0,16586866.15
2025-08-01 09:33:00 AM,338.45,0,0.0,16586866.15
2025-08-01 09:33:00 AM,338.45,622,210515.9,16797382.05
2025-08-01 09:33:12 AM,338.9,0,0.0,16797382.05
2025-08-01 09:33:13 AM,338.9,9,3050.1,16800432.150000002
2025-08-01 09:33:27 AM,338.9,31,10505.9,16810938.05
2025-08-01 09:33:34 AM,338.9,105,35584.5,16846522.55
2025-08-01 09:33:48 AM,338.9,25,8472.5,16854995.05
2025-08-01 09:34:07 AM,339.0,0,0.0,16854995.05
2025-08-01 09:34:09 AM,339.0,13,4407.0,16859402.05
2025-08-01 09:34:12 AM,339.1,0,0.0,16859402.05
2025-08-01 09:34:16 AM,339.1,500,169550.0,17028952.05
2025-08-01 09:34:17 AM,338.9,0,0.0,17028952.05
2025-08-01 09:34:23 AM,338.9,20,6778.0,17035730.05
2025-08-01 09:34:30 AM,338.9,2,677.8,17036407.85
2025-08-01 09:34:58 AM,338.9,20,6778.0,17043185.85
2025-08-01 09:35:02 AM,339.35,0,0.0,17043185.85
2025-08-01 09:35:05 AM,339.35,353,119790.55,17162976.400000002
2025-08-01 09:35:05 AM,339.15,15,5087.25,17168063.650000002
2025-08-01 09:35:07 AM,338.9,0,0.0,17168063.650000002
2025-08-01 09:35:12 AM,339.15,0,0.0,17168063.650000002
2025-08-01 09:35:12 AM,339.15,31,10513.65,17178577.3
2025-08-01 09:35:19 AM,339.2,1939,657708.7999999999,17836286.1
2025-08-01 09:35:22 AM,339.4,0,0.0,17836286.1
2025-08-01 09:35:26 AM,339.4,99,33600.6,17869886.700000003
2025-08-01 09:35:33 AM,339.4,40,13576.0,17883462.700000003
2025-08-01 09:35:40 AM,339.45,3,1018.3499999999999,17884481.050000004
2025-08-01 09:35:46 AM,339.45,93,31568.85,17916049.900000006
2025-08-01 09:35:52 AM,339.75,0,0.0,17916049.900000006
2025-08-01 09:35:53 AM,339.85,108,36703.8,17952753.700000007
2025-08-01 09:35:57 AM,340.0,0,0.0,17952753.700000007
2025-08-01 09:36:00 AM,340.0,665,226100.0,18178853.700000007
2025-08-01 09:36:06 AM,340.0,441,149940.0,18328793.700000007
2025-08-01 09:36:09 AM,340.15,0,0.0,18328793.700000007
2025-08-01 09:36:13 AM,340.0,0,0.0,18328793.700000007
2025-08-01 09:36:13 AM,340.0,78,26520.0,18355313.700000007
2025-08-01 09:36:17 AM,340.35,0,0.0,18355313.700000007
2025-08-01 09:36:20 AM,340.05,582,197909.1,18553222.80000001
2025-08-01 09:36:21 AM,340.1,0,0.0,18553222.80000001
2025-08-01 09:36:25 AM,340.15,0,0.0,18553222.80000001
2025-08-01 09:36:26 AM,340.15,83,28232.449999999997,18581455.250000007
2025-08-01 09:36:33 AM,340.25,101,34365.25,18615820.500000007
2025-08-01 09:36:39 AM,340.45,10,3404.5,18619225.000000007
2025-08-01 09:36:41 AM,340.5,0,0.0,18619225.000000007
2025-08-01 09:36:45 AM,340.65,0,0.0,18619225.000000007
2025-08-01 09:36:46 AM,340.65,251,85503.15,18704728.150000006
2025-08-01 09:36:46 AM,340.95,968,330039.6,19034767.750000007
2025-08-01 09:36:52 AM,340.8,221,75316.8,19110084.55000001
2025-08-01 09:36:57 AM,340.95,0,0.0,19110084.55000001
2025-08-01 09:36:59 AM,340.95,12,4091.3999999999996,19114175.950000007
2025-08-01 09:37:06 AM,340.95,200,68190.0,19182365.950000007
2025-08-01 09:37:10 AM,340.8,0,0.0,19182365.950000007
2025-08-01 09:37:11 AM,340.7,0,0.0,19182365.950000007
2025-08-01 09:37:13 AM,340.7,551,187725.69999999998,19370091.650000006
2025-08-01 09:37:15 AM,340.75,0,0.0,19370091.650000006
2025-08-01 09:37:20 AM,341.0,0,0.0,19370091.650000006
2025-08-01 09:37:20 AM,341.0,886,302126.0,19672217.650000006
2025-08-01 09:37:25 AM,341.45,0,0.0,19672217.650000006
2025-08-01 09:37:27 AM,341.45,175,59753.75,19731971.400000006
2025-08-01 09:37:30 AM,341.95,0,0.0,19731971.400000006
2025-08-01 09:37:31 AM,341.1,0,0.0,19731971.400000006
2025-08-01 09:37:34 AM,341.1,1000,341100.0,20073071.400000006
2025-08-01 09:37:35 AM,341.55,0,0.0,20073071.400000006
2025-08-01 09:37:39 AM,341.25,0,0.0,20073071.400000006
2025-08-01 09:37:41 AM,341.45,32,10926.4,20083997.800000004
2025-08-01 09:37:41 AM,341.45,31,10584.949999999999,20094582.750000004
2025-08-01 09:37:43 AM,341.75,0,0.0,20094582.750000004
2025-08-01 09:37:47 AM,341.7,21,7175.7,20101758.450000003
2025-08-01 09:37:54 AM,341.4,291,99347.4,20201105.85
2025-08-01 09:38:02 AM,340.9,0,0.0,20201105.85
2025-08-01 09:38:05 AM,340.75,0,0.0,20201105.85
2025-08-01 09:38:07 AM,340.75,449,152996.75,20354102.6
2025-08-01 09:38:11 AM,340.8,0,0.0,20354102.6
2025-08-01 09:38:14 AM,340.95,9,3068.5499999999997,20357171.150000002
2025-08-01 09:38:27 AM,341.0,0,0.0,20357171.150000002
2025-08-01 09:38:28 AM,341.0,10,3410.0,20360581.150000002
2025-08-01 09:38:34 AM,341.0,75,25575.0,20386156.150000002
2025-08-01 09:38:37 AM,341.1,0,0.0,20386156.150000002
2025-08-01 09:38:41 AM,341.1,4,1364.4,20387520.55
2025-08-01 09:38:45 AM,341.35,0,0.0,20387520.55
2025-08-01 09:38:48 AM,341.35,364,124251.40000000001,20511771.95
2025-08-01 09:38:49 AM,340.85,0,0.0,20511771.95
2025-08-01 09:38:54 AM,340.85,501,170765.85,20682537.8
2025-08-01 09:38:57 AM,340.8,0,0.0,20682537.8
2025-08-01 09:39:01 AM,341.1,194,66173.40000000001,20748711.2
2025-08-01 09:39:07 AM,340.65,0,0.0,20748711.2
2025-08-01 09:39:08 AM,340.65,100,34065.0,20782776.2
2025-08-01 09:39:12 AM,341.05,0,0.0,20782776.2
2025-08-01 09:39:15 AM,341.05,211,71961.55,20854737.75
2025-08-01 09:39:17 AM,340.6,0,0.0,20854737.75
2025-08-01 09:39:21 AM,340.6,100,34060.0,20888797.75
2025-08-01 09:39:21 AM,340.5,100,34050.0,20922847.75
2025-08-01 09:39:22 AM,341.05,0,0.0,20922847.75
2025-08-01 09:39:26 AM,341.45,0,0.0,20922847.75
2025-08-01 09:39:28 AM,341.45,1900,648755.0,21571602.75
2025-08-01 09:39:28 AM,341.45,250,85362.5,21656965.25
2025-08-01 09:39:34 AM,341.25,0,0.0,21656965.25
2025-08-01 09:39:35 AM,341.25,31,10578.75,21667544.0
2025-08-01 09:39:38 AM,341.3,0,0.0,21667544.0
2025-08-01 09:39:41 AM,341.3,5,1706.5,21669250.5
2025-08-01 09:39:50 AM,341.4,0,0.0,21669250.5
2025-08-01 09:39:54 AM,341.4,70,23898.0,21693148.5
2025-08-01 09:39:58 AM,341.35,0,0.0,21693148.5
2025-08-01 09:40:01 AM,341.35,20,6827.0,21699975.5
2025-08-01 09:40:02 AM,340.95,0,0.0,21699975.5
2025-08-01 09:40:07 AM,340.95,62,21138.899999999998,21721114.4
2025-08-01 09:40:11 AM,340.9,0,0.0,21721114.4
2025-08-01 09:40:14 AM,340.9,319,108747.09999999999,21829861.5
2025-08-01 09:40:16 AM,340.65,0,0.0,21829861.5
2025-08-01 09:40:19 AM,340.55,0,0.0,21829861.5
2025-08-01 09:40:20 AM,340.95,54,18411.3,21848272.8
2025-08-01 09:40:24 AM,340.5,0,0.0,21848272.8
2025-08-01 09:40:27 AM,340.5,279,94999.5,21943272.3
2025-08-01 09:40:45 AM,340.4,0,0.0,21943272.3
2025-08-01 09:40:47 AM,340.4,169,57527.6,22000799.900000002
2025-08-01 09:40:50 AM,340.9,0,0.0,22000799.900000002
2025-08-01 09:40:53 AM,340.9,305,103974.5,22104774.400000002
2025-08-01 09:41:00 AM,340.5,20,6810.0,22111584.400000002
2025-08-01 09:41:09 AM,340.85,0,0.0,22111584.400000002
2025-08-01 09:41:13 AM,340.85,218,74305.3,22185889.700000003
2025-08-01 09:41:17 AM,339.7,0,0.0,22185889.700000003
2025-08-01 09:41:20 AM,339.7,11653,3958524.1,26144413.800000004
2025-08-01 09:41:25 AM,339.65,0,0.0,26144413.800000004
2025-08-01 09:41:27 AM,339.15,525,178053.75,26322467.550000004
2025-08-01 09:41:27 AM,339.7,400,135880.0,26458347.550000004
2025-08-01 09:41:33 AM,339.5,40,13580.0,26471927.550000004
2025-08-01 09:41:37 AM,338.65,0,0.0,26471927.550000004
2025-08-01 09:41:40 AM,338.8,460,155848.0,26627775.550000004
2025-08-01 09:41:45 AM,338.3,0,0.0,26627775.550000004
2025-08-01 09:41:46 AM,338.3,89,30108.7,26657884.250000004
2025-08-01 09:41:49 AM,337.45,0,0.0,26657884.250000004
2025-08-01 09:41:53 AM,337.6,5048,1704204.8,28362089.050000004
2025-08-01 09:42:06 AM,336.8,1190,400792.0,28762881.050000004
2025-08-01 09:42:10 AM,337.05,0,0.0,28762881.050000004
2025-08-01 09:42:13 AM,337.05,102,34379.1,28797260.150000006
2025-08-01 09:42:20 AM,337.15,1,337.15,28797597.300000004
2025-08-01 09:42:23 AM,337.2,0,0.0,28797597.300000004
2025-08-01 09:42:26 AM,337.2,1060,357432.0,29155029.300000004
2025-08-01 09:42:28 AM,337.15,0,0.0,29155029.300000004
2025-08-01 09:42:28 AM,337.2,0,0.0,29155029.300000004
2025-08-01 09:42:32 AM,337.05,0,0.0,29155029.300000004
2025-08-01 09:42:32 AM,337.05,151,50894.55,29205923.850000005
2025-08-01 09:42:45 AM,337.4,100,33740.0,29239663.850000005
2025-08-01 09:42:46 AM,337.05,173,58309.65,29297973.500000004
2025-08-01 09:42:48 AM,336.55,0,0.0,29297973.500000004
2025-08-01 09:42:51 AM,337.1,1900,640490.0,29938463.500000004
2025-08-01 09:43:08 AM,337.2,0,0.0,29938463.500000004
2025-08-01 09:43:11 AM,337.2,168,56649.6,29995113.100000005
2025-08-01 09:43:12 AM,337.5,94,31725.0,30026838.100000005
2025-08-01 09:43:20 AM,337.75,0,0.0,30026838.100000005
2025-08-01 09:43:24 AM,337.9,0,0.0,30026838.100000005
2025-08-01 09:43:24 AM,337.85,0,0.0,30026838.100000005
2025-08-01 09:43:25 AM,337.85,1683,568601.55,30595439.650000006
2025-08-01 09:43:28 AM,338.1,0,0.0,30595439.650000006
2025-08-01 09:43:28 AM,338.45,0,0.0,30595439.650000006
2025-08-01 09:43:31 AM,338.55,602,203807.1,30799246.750000007
2025-08-01 09:43:36 AM,338.4,0,0.0,30799246.750000007
2025-08-01 09:43:38 AM,338.4,76,25718.399999999998,30824965.150000006
2025-08-01 09:43:40 AM,338.6,0,0.0,30824965.150000006
2025-08-01 09:43:44 AM,338.6,500,169300.0,30994265.150000006
2025-08-01 09:43:45 AM,338.5,100,33850.0,31028115.150000006
2025-08-01 09:43:48 AM,338.35,0,0.0,31028115.150000006
2025-08-01 09:43:51 AM,338.3,142,48038.6,31076153.750000007
2025-08-01 09:44:00 AM,338.45,0,0.0,31076153.750000007
2025-08-01 09:44:04 AM,338.45,100,33845.0,31109998.750000007
2025-08-01 09:44:09 AM,338.65,0,0.0,31109998.750000007
2025-08-01 09:44:11 AM,338.65,600,203190.0,31313188.750000007
2025-08-01 09:44:12 AM,338.85,229,77596.65000000001,31390785.400000006
2025-08-01 09:44:14 AM,338.65,0,0.0,31390785.400000006
2025-08-01 09:44:18 AM,339.3,0,0.0,31390785.400000006
2025-08-01 09:44:18 AM,339.3,765,259564.5,31650349.900000006
2025-08-01 09:44:22 AM,339.1,0,0.0,31650349.900000006
2025-08-01 09:44:24 AM,339.1,59,20006.9,31670356.800000004
2025-08-01 09:44:28 AM,339.2,0,0.0,31670356.800000004
2025-08-01 09:44:30 AM,339.2,100,33920.0,31704276.800000004
2025-08-01 09:44:42 AM,338.9,0,0.0,31704276.800000004
2025-08-01 09:44:43 AM,338.9,225,76252.5,31780529.300000004
2025-08-01 09:45:02 AM,338.8,0,0.0,31780529.300000004
2025-08-01 09:45:03 AM,338.8,3,1016.4000000000001,31781545.700000003
2025-08-01 09:45:04 AM,338.2,741,250606.19999999998,32032151.900000002
2025-08-01 09:45:16 AM,338.05,1053,355966.65,32388118.55
2025-08-01 09:45:24 AM,338.1,245,82834.5,32470953.05
2025-08-01 09:45:32 AM,338.05,0,0.0,32470953.05
2025-08-01 09:45:35 AM,338.05,350,118317.5,32589270.55
2025-08-01 09:45:48 AM,337.9,0,0.0,32589270.55
2025-08-01 09:45:48 AM,337.9,51,17232.899999999998,32606503.45
2025-08-01 09:46:08 AM,337.95,0,0.0,32606503.45
2025-08-01 09:46:09 AM,337.95,40,13518.0,32620021.45
2025-08-01 09:46:13 AM,337.85,0,0.0,32620021.45
2025-08-01 09:46:14 AM,337.85,5,1689.25,32621710.7
2025-08-01 09:46:27 AM,337.85,80,27028.0,32648738.7
2025-08-01 09:46:34 AM,337.65,1,337.65,32649076.349999998
2025-08-01 09:46:46 AM,337.65,21,7090.65,32656166.999999996
2025-08-01 09:46:46 AM,337.95,0,0.0,32656166.999999996
2025-08-01 09:46:48 AM,337.95,80,27036.0,32683202.999999996
2025-08-01 09:46:52 AM,337.65,16,5402.4,32688605.399999995
2025-08-01 09:46:57 AM,337.5,0,0.0,32688605.399999995
2025-08-01 09:46:59 AM,337.5,150,50625.0,32739230.399999995
2025-08-01 09:47:05 AM,337.9,0,0.0,32739230.399999995
2025-08-01 09:47:05 AM,337.9,300,101370.0,32840600.399999995
2025-08-01 09:47:07 AM,337.9,573,193616.69999999998,33034217.099999994
2025-08-01 09:47:10 AM,338.0,0,0.0,33034217.099999994
2025-08-01 09:47:11 AM,338.1,2270,767487.0,33801704.099999994
2025-08-01 09:47:13 AM,338.45,0,0.0,33801704.099999994
2025-08-01 09:47:13 AM,338.45,1,338.45,33802042.55
2025-08-01 09:47:29 AM,338.5,0,0.0,33802042.55
2025-08-01 09:47:29 AM,338.5,39,13201.5,33815244.05
2025-08-01 09:47:32 AM,338.25,610,206332.5,34021576.55
2025-08-01 09:47:50 AM,338.1,16,5409.6,34026986.15
2025-08-01 09:48:16 AM,338.5,1,338.5,34027324.65
2025-08-01 09:48:24 AM,338.25,0,0.0,34027324.65
2025-08-01 09:48:25 AM,338.25,5,1691.25,34029015.9
2025-08-01 09:48:41 AM,338.6,70,23702.0,34052717.9
2025-08-01 09:48:44 AM,338.6,170,57562.00000000001,34110279.9
2025-08-01 09:49:01 AM,338.6,1,338.6,34110618.5
2025-08-01 09:49:08 AM,338.35,0,0.0,34110618.5
2025-08-01 09:49:09 AM,338.35,12,4060.2000000000003,34114678.7
2025-08-01 09:49:13 AM,338.35,5,1691.75,34116370.45
2025-08-01 09:49:16 AM,338.6,0,0.0,34116370.45
2025-08-01 09:49:19 AM,338.6,39,13205.400000000001,34129575.85
2025-08-01 09:49:25 AM,338.35,0,0.0,34129575.85
2025-08-01 09:49:25 AM,338.35,12,4060.2000000000003,34133636.050000004
2025-08-01 09:49:28 AM,338.6,100,33860.0,34167496.050000004
2025-08-01 09:49:34 AM,338.65,19,6434.349999999999,34173930.400000006
2025-08-01 09:49:37 AM,338.35,0,0.0,34173930.400000006
2025-08-01 09:49:38 AM,338.35,37,12518.95,34186449.35000001
2025-08-01 09:50:06 AM,338.35,1,338.35,34186787.70000001
2025-08-01 09:50:10 AM,338.35,2,676.7,34187464.40000001
2025-08-01 09:50:16 AM,338.35,17,5751.950000000001,34193216.35000002
2025-08-01 09:50:23 AM,338.35,1,338.35,34193554.70000002
2025-08-01 09:50:32 AM,338.35,1,338.35,34193893.05000002
2025-08-01 09:50:41 AM,338.4,0,0.0,34193893.05000002
2025-08-01 09:50:41 AM,338.4,43,14551.199999999999,34208444.25000002
2025-08-01 09:50:56 AM,338.4,10,3384.0,34211828.25000002
2025-08-01 09:50:58 AM,338.25,0,0.0,34211828.25000002
2025-08-01 09:51:00 AM,338.25,2,676.5,34212504.75000002
2025-08-01 09:51:04 AM,338.55,0,0.0,34212504.75000002
2025-08-01 09:51:07 AM,338.55,75,25391.25,34237896.00000002
2025-08-01 09:51:07 AM,338.6,0,0.0,34237896.00000002
2025-08-01 09:51:09 AM,338.6,10,3386.0,34241282.00000002
2025-08-01 09:51:18 AM,338.25,0,0.0,34241282.00000002
2025-08-01 09:51:19 AM,338.25,2,676.5,34241958.50000002
2025-08-01 09:51:47 AM,338.25,15,5073.75,34247032.25000002
2025-08-01 09:51:57 AM,338.15,44,14878.599999999999,34261910.850000024
2025-08-01 09:51:57 AM,338.0,0,0.0,34261910.850000024
2025-08-01 09:51:59 AM,338.0,255,86190.0,34348100.850000024
2025-08-01 09:52:05 AM,337.6,1000,337600.0,34685700.850000024
2025-08-01 09:52:18 AM,338.05,0,0.0,34685700.850000024
2025-08-01 09:52:21 AM,338.05,201,67948.05,34753648.90000002
2025-08-01 09:52:26 AM,338.0,0,0.0,34753648.90000002
2025-08-01 09:52:27 AM,338.0,208,70304.0,34823952.90000002
2025-08-01 09:52:42 AM,338.0,50,16900.0,34840852.90000002
2025-08-01 09:52:45 AM,338.0,263,88894.0,34929746.90000002
2025-08-01 09:52:52 AM,338.35,1,338.35,34930085.25000002
2025-08-01 09:52:53 AM,338.4,0,0.0,34930085.25000002
2025-08-01 09:52:54 AM,338.4,74,25041.6,34955126.850000024
2025-08-01 09:53:05 AM,338.05,0,0.0,34955126.850000024
2025-08-01 09:53:06 AM,338.05,113,38199.65,34993326.50000002
2025-08-01 09:53:08 AM,338.45,0,0.0,34993326.50000002
2025-08-01 09:53:10 AM,338.45,10,3384.5,34996711.00000002
2025-08-01 09:53:11 AM,338.1,0,0.0,34996711.00000002
2025-08-01 09:53:12 AM,338.5,75,25387.5,35022098.50000002
2025-08-01 09:53:16 AM,338.45,1,338.45,35022436.950000025
2025-08-01 09:53:18 AM,337.95,255,86177.25,35108614.200000025
2025-08-01 09:53:47 AM,337.9,10,3379.0,35111993.200000025
2025-08-01 09:53:57 AM,337.85,0,0.0,35111993.200000025
2025-08-01 09:54:00 AM,337.85,1,337.85,35112331.05000003
2025-08-01 09:54:06 AM,337.85,11,3716.3500000000004,35116047.40000003
2025-08-01 09:54:49 AM,337.8,0,0.0,35116047.40000003
2025-08-01 09:54:49 AM,337.8,1,337.8,35116385.200000025
2025-08-01 09:54:55 AM,338.0,75,25350.0,35141735.200000025
2025-08-01 09:55:24 AM,338.0,55,18590.0,35160325.200000025
2025-08-01 09:55:28 AM,337.6,0,0.0,35160325.200000025
2025-08-01 09:55:30 AM,337.6,1674,565142.4,35725467.600000024
2025-08-01 09:55:35 AM,337.7,0,0.0,35725467.600000024
2025-08-01 09:55:36 AM,337.7,20,6754.0,35732221.600000024
2025-08-01 09:55:48 AM,337.7,19,6416.3,35738637.90000002
2025-08-01 09:55:49 AM,337.6,0,0.0,35738637.90000002
2025-08-01 09:55:49 AM,337.6,250,84400.0,35823037.90000002
2025-08-01 09:55:52 AM,337.85,0,0.0,35823037.90000002
2025-08-01 09:55:54 AM,337.65,2,675.3,35823713.20000002
2025-08-01 09:56:04 AM,337.8,0,0.0,35823713.20000002
2025-08-01 09:56:07 AM,337.8,2,675.6,35824388.80000002
2025-08-01 09:56:43 AM,337.5,0,0.0,35824388.80000002
2025-08-01 09:56:43 AM,337.5,1830,617625.0,36442013.80000002
2025-08-01 09:56:50 AM,336.95,0,0.0,36442013.80000002
2025-08-01 09:56:50 AM,336.95,568,191387.6,36633401.40000002
2025-08-01 09:56:56 AM,337.15,50,16857.5,36650258.90000002
2025-08-01 09:56:58 AM,337.2,0,0.0,36650258.90000002
2025-08-01 09:57:00 AM,337.2,5,1686.0,36651944.90000002
2025-08-01 09:57:20 AM,337.2,3,1011.5999999999999,36652956.50000002
2025-08-01 09:57:34 AM,337.35,0,0.0,36652956.50000002
2025-08-01 09:57:35 AM,337.35,35,11807.25,36664763.75000002
2025-08-01 09:57:47 AM,337.45,5,1687.25,36666451.00000002
2025-08-01 09:58:02 AM,337.05,150,50557.5,36717008.50000002
2025-08-01 09:59:09 AM,336.9,0,0.0,36717008.50000002
2025-08-01 09:59:09 AM,336.9,180,60641.99999999999,36777650.50000002
2025-08-01 09:59:15 AM,336.65,41,13802.65,36791453.15000002
2025-08-01 10:00:05 AM,336.65,3,1009.9499999999999,36792463.100000024
2025-08-01 10:00:09 AM,337.15,0,0.0,36792463.100000024
2025-08-01 10:00:09 AM,337.15,869,292983.35,37085446.450000025
2025-08-01 10:00:12 AM,336.7,66,22222.2,37107668.65000003
2025-08-01 10:00:31 AM,337.05,2,674.1,37108342.75000003
2025-08-01 10:00:37 AM,337.05,15,5055.75,37113398.50000003
2025-08-01 10:00:40 AM,337.05,101,34042.05,37147440.55000003
2025-08-01 10:00:59 AM,337.05,1,337.05,37147777.600000024
2025-08-01 10:01:12 AM,337.05,4,1348.2,37149125.80000003
2025-08-01 10:01:15 AM,337.05,3,1011.1500000000001,37150136.950000025
2025-08-01 10:01:22 AM,336.85,301,101391.85,37251528.80000003
2025-08-01 10:01:34 AM,337.05,42,14156.1,37265684.90000003
2025-08-01 10:01:42 AM,337.05,10,3370.5,37269055.40000003
2025-08-01 10:01:53 AM,337.05,21,7078.05,37276133.450000025
2025-08-01 10:01:54 AM,336.9,7,2358.2999999999997,37278491.75000002
2025-08-01 10:01:56 AM,337.05,0,0.0,37278491.75000002
2025-08-01 10:01:59 AM,337.05,15,5055.75,37283547.50000002
2025-08-01 10:02:00 AM,337.05,78,26289.9,37309837.40000002
2025-08-01 10:02:24 AM,337.0,0,0.0,37309837.40000002
2025-08-01 10:02:24 AM,337.0,300,101100.0,37410937.40000002
2025-08-01 10:02:32 AM,336.95,60,20217.0,37431154.40000002
2025-08-01 10:02:43 AM,336.85,25,8421.25,37439575.65000002
2025-08-01 10:02:45 AM,336.85,1,336.85,37439912.50000002
2025-08-01 10:02:50 AM,336.85,1,336.85,37440249.350000024
2025-08-01 10:02:51 AM,336.85,2,673.7,37440923.05000003
2025-08-01 10:02:56 AM,336.8,182,61297.6,37502220.65000003
2025-08-01 10:02:59 AM,336.65,0,0.0,37502220.65000003
2025-08-01 10:03:02 AM,336.65,11,3703.1499999999996,37505923.80000003
2025-08-01 10:03:19 AM,337.35,0,0.0,37505923.80000003
2025-08-01 10:03:21 AM,337.35,2277,768145.9500000001,38274069.75000003
2025-08-01 10:03:27 AM,336.5,0,0.0,38274069.75000003
2025-08-01 10:03:28 AM,336.5,1216,409184.0,38683253.75000003
2025-08-01 10:03:49 AM,336.55,40,13462.0,38696715.75000003
2025-08-01 10:03:55 AM,336.5,0,0.0,38696715.75000003
2025-08-01 10:03:55 AM,336.5,400,134600.0,38831315.75000003
2025-08-01 10:04:19 AM,336.8,0,0.0,38831315.75000003
2025-08-01 10:04:20 AM,336.8,1,336.8,38831652.55000003
2025-08-01 10:04:30 AM,336.85,50,16842.5,38848495.05000003
2025-08-01 10:04:49 AM,336.85,100,33685.0,38882180.05000003
2025-08-01 10:04:55 AM,336.9,25,8422.5,38890602.55000003
2025-08-01 10:05:01 AM,336.85,101,34021.850000000006,38924624.40000003
2025-08-01 10:05:26 AM,336.6,25,8415.0,38933039.40000003
2025-08-01 10:05:55 AM,337.0,0,0.0,38933039.40000003
2025-08-01 10:05:56 AM,337.0,68,22916.0,38955955.40000003
2025-08-01 10:05:58 AM,336.6,0,0.0,38955955.40000003
2025-08-01 10:05:59 AM,336.6,1050,353430.0,39309385.40000003
2025-08-01 10:06:12 AM,337.0,0,0.0,39309385.40000003
2025-08-01 10:06:14 AM,337.0,200,67400.0,39376785.40000003
2025-08-01 10:06:32 AM,337.0,30,10110.0,39386895.40000003
2025-08-01 10:06:38 AM,336.7,0,0.0,39386895.40000003
2025-08-01 10:06:38 AM,336.7,13,4377.099999999999,39391272.50000003
2025-08-01 10:06:43 AM,337.0,0,0.0,39391272.50000003
2025-08-01 10:06:44 AM,336.65,200,67330.0,39458602.50000003
2025-08-01 10:07:04 AM,336.65,10,3366.5,39461969.00000003
2025-08-01 10:07:11 AM,336.65,30,10099.5,39472068.50000003
2025-08-01 10:07:15 AM,336.6,47,15820.2,39487888.70000003
2025-08-01 10:07:21 AM,336.6,50,16830.0,39504718.70000003
2025-08-01 10:07:29 AM,336.9,1,336.9,39505055.60000003
2025-08-01 10:07:34 AM,336.6,13,4375.8,39509431.40000003
2025-08-01 10:07:45 AM,336.65,0,0.0,39509431.40000003
2025-08-01 10:07:46 AM,336.65,24,8079.599999999999,39517511.00000003
2025-08-01 10:07:48 AM,336.6,50,16830.0,39534341.00000003
2025-08-01 10:07:58 AM,336.65,30,10099.5,39544440.50000003
2025-08-01 10:08:05 AM,336.6,0,0.0,39544440.50000003
2025-08-01 10:08:06 AM,336.6,60,20196.0,39564636.50000003
2025-08-01 10:08:09 AM,336.9,0,0.0,39564636.50000003
2025-08-01 10:08:11 AM,336.9,25,8422.5,39573059.00000003
2025-08-01 10:08:22 AM,336.6,0,0.0,39573059.00000003
2025-08-01 10:08:23 AM,336.6,100,33660.0,39606719.00000003
2025-08-01 10:09:00 AM,337.1,0,0.0,39606719.00000003
2025-08-01 10:09:00 AM,337.1,1485,500593.50000000006,40107312.50000003
2025-08-01 10:09:12 AM,337.0,0,0.0,40107312.50000003
2025-08-01 10:09:12 AM,337.0,5,1685.0,40108997.50000003
2025-08-01 10:09:31 AM,337.1,0,0.0,40108997.50000003
2025-08-01 10:09:34 AM,337.1,4,1348.4,40110345.90000003
2025-08-01 10:09:42 AM,337.4,0,0.0,40110345.90000003
2025-08-01 10:09:42 AM,337.4,66,22268.399999999998,40132614.30000003
2025-08-01 10:09:51 AM,337.55,29,9788.95,40142403.25000003
2025-08-01 10:09:59 AM,337.7,8,2701.6,40145104.85000003
2025-08-01 10:10:16 AM,337.85,0,0.0,40145104.85000003
2025-08-01 10:10:16 AM,337.85,700,236495.00000000003,40381599.85000003
2025-08-01 10:10:20 AM,337.8,2,675.6,40382275.45000003
2025-08-01 10:10:28 AM,337.8,25,8445.0,40390720.45000003
2025-08-01 10:10:32 AM,337.8,2,675.6,40391396.050000034
2025-08-01 10:10:36 AM,337.6,0,0.0,40391396.050000034
2025-08-01 10:10:38 AM,337.45,9,3037.0499999999997,40394433.10000003
2025-08-01 10:11:02 AM,337.4,105,35427.0,40429860.10000003
2025-08-01 10:11:09 AM,337.4,77,25979.8,40455839.90000003
2025-08-01 10:11:14 AM,337.4,200,67480.0,40523319.90000003
2025-08-01 10:11:27 AM,337.4,1,337.4,40523657.30000003
2025-08-01 10:11:36 AM,337.15,0,0.0,40523657.30000003
2025-08-01 10:11:37 AM,337.15,30,10114.5,40533771.80000003
2025-08-01 10:11:42 AM,337.35,0,0.0,40533771.80000003
2025-08-01 10:11:43 AM,337.35,1,337.35,40534109.15000003
2025-08-01 10:11:49 AM,337.35,10,3373.5,40537482.65000003
2025-08-01 10:12:27 AM,337.0,0,0.0,40537482.65000003
2025-08-01 10:12:30 AM,337.0,50,16850.0,40554332.65000003
2025-08-01 10:12:53 AM,337.0,82,27634.0,40581966.65000003
2025-08-01 10:12:53 AM,337.3,1,337.3,40582303.950000025
2025-08-01 10:12:57 AM,337.4,0,0.0,40582303.950000025
2025-08-01 10:12:58 AM,337.35,340,114699.00000000001,40697002.950000025
2025-08-01 10:12:59 AM,337.4,59,19906.6,40716909.55000003
2025-08-01 10:13:10 AM,337.4,3,1012.1999999999999,40717921.75000003
2025-08-01 10:13:23 AM,337.4,1,337.4,40718259.15000003
2025-08-01 10:13:30 AM,337.05,0,0.0,40718259.15000003
2025-08-01 10:13:34 AM,337.05,2,674.1,40718933.25000003
2025-08-01 10:13:46 AM,337.05,201,67747.05,40786680.30000003
2025-08-01 10:14:03 AM,337.4,0,0.0,40786680.30000003
2025-08-01 10:14:03 AM,337.4,30,10122.0,40796802.30000003
2025-08-01 10:14:26 AM,337.3,7,2361.1,40799163.40000003
2025-08-01 10:14:58 AM,337.35,0,0.0,40799163.40000003
2025-08-01 10:15:01 AM,337.35,10,3373.5,40802536.90000003
2025-08-01 10:15:12 AM,337.4,100,33740.0,40836276.90000003
2025-08-01 10:15:19 AM,337.4,25,8435.0,40844711.90000003
2025-08-01 10:15:25 AM,337.4,150,50610.0,40895321.90000003
2025-08-01 10:15:31 AM,337.4,42,14170.8,40909492.700000025
2025-08-01 10:15:36 AM,337.45,0,0.0,40909492.700000025
2025-08-01 10:15:37 AM,337.35,790,266506.5,41175999.200000025
2025-08-01 10:15:41 AM,337.8,0,0.0,41175999.200000025
2025-08-01 10:15:43 AM,337.75,201,67887.75,41243886.950000025
2025-08-01 10:16:02 AM,337.7,0,0.0,41243886.950000025
2025-08-01 10:16:06 AM,337.45,0,0.0,41243886.950000025
2025-08-01 10:16:06 AM,337.45,31,10460.949999999999,41254347.90000003
2025-08-01 10:16:08 AM,337.7,0,0.0,41254347.90000003
2025-08-01 10:16:12 AM,337.7,2,675.4,41255023.30000003
2025-08-01 10:16:18 AM,337.75,0,0.0,41255023.30000003
2025-08-01 10:16:18 AM,337.75,228,77007.0,41332030.30000003
2025-08-01 10:16:47 AM,337.3,0,0.0,41332030.30000003
2025-08-01 10:16:47 AM,337.3,800,269840.0,41601870.30000003
2025-08-01 10:17:03 AM,337.65,0,0.0,41601870.30000003
2025-08-01 10:17:03 AM,337.65,1,337.65,41602207.950000025
2025-08-01 10:17:06 AM,337.3,0,0.0,41602207.950000025
2025-08-01 10:17:09 AM,337.3,2,674.6,41602882.55000003
2025-08-01 10:17:15 AM,337.3,1,337.3,41603219.850000024
2025-08-01 10:17:26 AM,337.65,0,0.0,41603219.850000024
2025-08-01 10:17:27 AM,337.65,173,58413.45,41661633.30000003
2025-08-01 10:17:41 AM,337.6,0,0.0,41661633.30000003
2025-08-01 10:17:44 AM,337.65,0,0.0,41661633.30000003
2025-08-01 10:17:44 AM,337.65,6,2025.8999999999999,41663659.200000025
2025-08-01 10:18:23 AM,337.6,0,0.0,41663659.200000025
2025-08-01 10:18:25 AM,337.6,1006,339625.60000000003,42003284.80000003
2025-08-01 10:18:30 AM,337.1,0,0.0,42003284.80000003
2025-08-01 10:18:31 AM,337.1,200,67420.0,42070704.80000003
2025-08-01 10:18:38 AM,337.5,0,0.0,42070704.80000003
2025-08-01 10:18:42 AM,337.5,25,8437.5,42079142.30000003
2025-08-01 10:18:48 AM,337.55,6,2025.3000000000002,42081167.600000024
2025-08-01 10:18:52 AM,337.6,0,0.0,42081167.600000024
2025-08-01 10:18:53 AM,337.6,39,13166.400000000001,42094334.00000002
2025-08-01 10:18:59 AM,337.6,18,6076.8,42100410.80000002
2025-08-01 10:19:05 AM,337.65,30,10129.5,42110540.30000002
2025-08-01 10:19:10 AM,337.65,21,7090.65,42117630.95000002
2025-08-01 10:19:16 AM,337.65,150,50647.5,42168278.45000002
2025-08-01 10:19:19 AM,337.25,0,0.0,42168278.45000002
2025-08-01 10:19:22 AM,337.25,30,10117.5,42178395.95000002
2025-08-01 10:19:25 AM,337.65,0,0.0,42178395.95000002
2025-08-01 10:19:28 AM,337.65,26,8778.9,42187174.85000002
2025-08-01 10:19:46 AM,337.65,1,337.65,42187512.500000015
2025-08-01 10:19:56 AM,337.65,2,675.3,42188187.80000001
2025-08-01 10:20:02 AM,337.65,1,337.65,42188525.45000001
2025-08-01 10:20:19 AM,337.65,7,2363.5499999999997,42190889.00000001
2025-08-01 10:20:20 AM,337.65,30,10129.5,42201018.50000001
2025-08-01 10:20:44 AM,337.65,9,3038.85,42204057.35000001
2025-08-01 10:20:54 AM,337.5,0,0.0,42204057.35000001
2025-08-01 10:20:54 AM,337.5,25,8437.5,42212494.85000001
2025-08-01 10:21:05 AM,337.5,7,2362.5,42214857.35000001
2025-08-01 10:21:28 AM,337.5,2,675.0,42215532.35000001
2025-08-01 10:21:33 AM,337.5,24,8100.0,42223632.35000001
2025-08-01 10:22:09 AM,337.5,6,2025.0,42225657.35000001
2025-08-01 10:22:13 AM,337.5,63,21262.5,42246919.85000001
2025-08-01 10:22:57 AM,337.5,3,1012.5,42247932.35000001
2025-08-01 10:23:06 AM,337.5,1,337.5,42248269.85000001
2025-08-01 10:23:26 AM,337.4,0,0.0,42248269.85000001
2025-08-01 10:23:26 AM,337.4,7,2361.7999999999997,42250631.650000006
2025-08-01 10:23:40 AM,337.5,1,337.5,42250969.150000006
2025-08-01 10:23:43 AM,337.5,1,337.5,42251306.650000006
2025-08-01 10:23:52 AM,337.5,1,337.5,42251644.150000006
2025-08-01 10:24:08 AM,337.6,910,307216.0,42558860.150000006
2025-08-01 10:24:33 AM,337.35,0,0.0,42558860.150000006
2025-08-01 10:24:36 AM,337.35,100,33735.0,42592595.150000006
2025-08-01 10:24:59 AM,337.5,0,0.0,42592595.150000006
2025-08-01 10:25:00 AM,337.5,2,675.0,42593270.150000006
2025-08-01 10:25:54 AM,337.5,2,675.0,42593945.150000006
2025-08-01 10:25:57 AM,337.5,10,3375.0,42597320.150000006
2025-08-01 10:26:05 AM,337.5,13,4387.5,42601707.650000006
2025-08-01 10:26:07 AM,337.5,20,6750.0,42608457.650000006
2025-08-01 10:26:16 AM,337.5,1,337.5,42608795.150000006
2025-08-01 10:26:34 AM,337.5,10,3375.0,42612170.150000006
2025-08-01 10:26:39 AM,337.5,15,5062.5,42617232.650000006
2025-08-01 10:26:45 AM,337.5,115,38812.5,42656045.150000006
2025-08-01 10:26:49 AM,337.25,0,0.0,42656045.150000006
2025-08-01 10:26:51 AM,337.25,25,8431.25,42664476.400000006
2025-08-01 10:27:19 AM,337.5,0,0.0,42664476.400000006
2025-08-01 10:27:19 AM,337.5,140,47250.0,42711726.400000006
2025-08-01 10:27:24 AM,337.5,15,5062.5,42716788.900000006
2025-08-01 10:27:49 AM,337.25,0,0.0,42716788.900000006
2025-08-01 10:27:50 AM,337.25,25,8431.25,42725220.150000006
2025-08-01 10:27:51 AM,337.5,0,0.0,42725220.150000006
2025-08-01 10:27:52 AM,337.5,51,17212.5,42742432.650000006
2025-08-01 10:28:21 AM,337.45,0,0.0,42742432.650000006
2025-08-01 10:28:22 AM,337.45,9,3037.0499999999997,42745469.7
2025-08-01 10:28:41 AM,337.45,4,1349.8,42746819.5
2025-08-01 10:28:46 AM,337.5,0,0.0,42746819.5
2025-08-01 10:28:47 AM,337.5,1,337.5,42747157.0
2025-08-01 10:29:03 AM,337.5,12,4050.0,42751207.0
2025-08-01 10:29:15 AM,337.5,14,4725.0,42755932.0
2025-08-01 10:29:26 AM,337.5,1,337.5,42756269.5
2025-08-01 10:29:33 AM,337.25,0,0.0,42756269.5
2025-08-01 10:29:34 AM,337.25,24,8094.0,42764363.5
2025-08-01 10:29:37 AM,337.2,0,0.0,42764363.5
2025-08-01 10:29:37 AM,337.2,35,11802.0,42776165.5
2025-08-01 10:30:47 AM,337.1,0,0.0,42776165.5
2025-08-01 10:30:48 AM,337.1,70,23597.0,42799762.5
2025-08-01 10:30:55 AM,337.05,25,8426.25,42808188.75
2025-08-01 10:31:16 AM,337.0,0,0.0,42808188.75
2025-08-01 10:31:17 AM,337.0,578,194786.0,43002974.75
2025-08-01 10:31:41 AM,337.25,10,3372.5,43006347.25
2025-08-01 10:32:00 AM,337.2,50,16860.0,43023207.25
2025-08-01 10:32:45 AM,336.95,0,0.0,43023207.25
2025-08-01 10:32:45 AM,336.95,1087,366264.64999999997,43389471.9
2025-08-01 10:32:51 AM,336.9,0,0.0,43389471.9
2025-08-01 10:32:53 AM,336.95,118,39760.1,43429232.0
2025-08-01 10:33:24 AM,336.95,5,1684.75,43430916.75
2025-08-01 10:33:57 AM,336.85,0,0.0,43430916.75
2025-08-01 10:33:58 AM,336.85,1,336.85,43431253.6
2025-08-01 10:34:09 AM,336.95,0,0.0,43431253.6
2025-08-01 10:34:09 AM,336.95,41,13814.949999999999,43445068.550000004
2025-08-01 10:34:19 AM,336.8,0,0.0,43445068.550000004
2025-08-01 10:34:20 AM,336.55,701,235921.55000000002,43680990.1
2025-08-01 10:34:54 AM,336.75,1,336.75,43681326.85
2025-08-01 10:34:57 AM,336.8,36,12124.800000000001,43693451.65
2025-08-01 10:35:36 AM,336.55,0,0.0,43693451.65
2025-08-01 10:35:36 AM,336.55,10,3365.5,43696817.15
2025-08-01 10:35:39 AM,336.8,0,0.0,43696817.15
2025-08-01 10:35:40 AM,336.8,2,673.6,43697490.75
2025-08-01 10:35:51 AM,336.8,150,50520.0,43748010.75
2025-08-01 10:36:16 AM,336.95,1024,345036.8,44093047.55
2025-08-01 10:36:17 AM,337.3,0,0.0,44093047.55
2025-08-01 10:36:19 AM,337.3,15,5059.5,44098107.05
2025-08-01 10:37:19 AM,337.5,0,0.0,44098107.05
2025-08-01 10:37:19 AM,337.5,25,8437.5,44106544.55
2025-08-01 10:37:47 AM,337.5,162,54675.0,44161219.55
2025-08-01 10:37:50 AM,337.5,9,3037.5,44164257.05
2025-08-01 10:38:25 AM,337.5,50,16875.0,44181132.05
2025-08-01 10:38:48 AM,337.2,0,0.0,44181132.05
2025-08-01 10:38:49 AM,337.2,1,337.2,44181469.25
2025-08-01 10:39:08 AM,337.2,10,3372.0,44184841.25
2025-08-01 10:39:17 AM,336.8,667,224645.6,44409486.85
2025-08-01 10:39:22 AM,336.9,0,0.0,44409486.85
2025-08-01 10:39:22 AM,336.9,1,336.9,44409823.75
2025-08-01 10:39:30 AM,336.95,0,0.0,44409823.75
2025-08-01 10:39:31 AM,336.95,10,3369.5,44413193.25
2025-08-01 10:39:48 AM,337.0,0,0.0,44413193.25
2025-08-01 10:39:50 AM,337.0,100,33700.0,44446893.25
2025-08-01 10:39:57 AM,336.9,0,0.0,44446893.25
2025-08-01 10:39:58 AM,336.55,0,0.0,44446893.25
2025-08-01 10:39:59 AM,336.55,300,100965.0,44547858.25
2025-08-01 10:40:07 AM,336.6,3,1009.8000000000001,44548868.05
2025-08-01 10:41:05 AM,336.75,0,0.0,44548868.05
2025-08-01 10:41:05 AM,336.75,16,5388.0,44554256.05
2025-08-01 10:41:11 AM,337.05,0,0.0,44554256.05
2025-08-01 10:41:11 AM,337.05,1,337.05,44554593.099999994
2025-08-01 10:41:18 AM,336.75,0,0.0,44554593.099999994
2025-08-01 10:41:19 AM,336.75,1,336.75,44554929.849999994
2025-08-01 10:41:34 AM,336.75,10,3367.5,44558297.349999994
2025-08-01 10:42:16 AM,337.0,0,0.0,44558297.349999994
2025-08-01 10:42:18 AM,337.0,1,337.0,44558634.349999994
2025-08-01 10:42:31 AM,337.0,2,674.0,44559308.349999994
2025-08-01 10:42:45 AM,336.8,0,0.0,44559308.349999994
2025-08-01 10:42:45 AM,336.8,573,192986.4,44752294.74999999
2025-08-01 10:43:06 AM,336.95,0,0.0,44752294.74999999
2025-08-01 10:43:08 AM,336.95,10,3369.5,44755664.24999999
2025-08-01 10:43:29 AM,336.95,15,5054.25,44760718.49999999
2025-08-01 10:43:40 AM,336.95,24,8086.799999999999,44768805.29999999
2025-08-01 10:43:45 AM,336.95,37,12467.15,44781272.44999999
2025-08-01 10:44:16 AM,337.0,55,18535.0,44799807.44999999
2025-08-01 10:44:19 AM,336.65,0,0.0,44799807.44999999
2025-08-01 10:44:19 AM,336.65,100,33665.0,44833472.44999999
2025-08-01 10:44:44 AM,336.9,14,4716.599999999999,44838189.04999999
2025-08-01 10:45:00 AM,337.0,150,50550.0,44888739.04999999
2025-08-01 10:45:29 AM,336.9,0,0.0,44888739.04999999
2025-08-01 10:45:30 AM,336.9,1,336.9,44889075.94999999
2025-08-01 10:45:40 AM,336.75,0,0.0,44889075.94999999
2025-08-01 10:45:40 AM,336.75,3,1010.25,44890086.19999999
2025-08-01 10:45:51 AM,337.0,0,0.0,44890086.19999999
2025-08-01 10:45:51 AM,337.0,1,337.0,44890423.19999999
2025-08-01 10:46:10 AM,336.8,0,0.0,44890423.19999999
2025-08-01 10:46:11 AM,336.6,2621,882228.6000000001,45772651.79999999
2025-08-01 10:46:13 AM,336.9,296,99722.4,45872374.19999999
2025-08-01 10:46:24 AM,336.85,0,0.0,45872374.19999999
2025-08-01 10:46:25 AM,336.85,1,336.85,45872711.04999999
2025-08-01 10:46:56 AM,336.85,7,2357.9500000000003,45875068.99999999
2025-08-01 10:46:57 AM,336.6,50,16830.0,45891898.99999999
2025-08-01 10:47:29 AM,336.9,0,0.0,45891898.99999999
2025-08-01 10:47:30 AM,336.6,7,2356.2000000000003,45894255.199999996
2025-08-01 10:48:15 AM,336.85,0,0.0,45894255.199999996
2025-08-01 10:48:16 AM,336.85,1,336.85,45894592.05
2025-08-01 10:49:07 AM,336.75,0,0.0,45894592.05
2025-08-01 10:49:08 AM,336.75,7,2357.25,45896949.3
2025-08-01 10:49:19 AM,336.75,32,10776.0,45907725.3
2025-08-01 10:49:38 AM,336.75,14,4714.5,45912439.8
2025-08-01 10:49:49 AM,336.75,2,673.5,45913113.3
2025-08-01 10:50:32 AM,336.85,0,0.0,45913113.3
2025-08-01 10:50:33 AM,336.85,6,2021.1000000000001,45915134.4
2025-08-01 10:50:50 AM,336.95,2,673.9,45915808.3
2025-08-01 10:50:56 AM,336.95,1,336.95,45916145.25
2025-08-01 10:51:31 AM,336.9,0,0.0,45916145.25
2025-08-01 10:51:35 AM,336.9,63,21224.699999999997,45937369.95
2025-08-01 10:51:56 AM,336.9,2,673.8,45938043.75
2025-08-01 10:52:07 AM,336.9,5,1684.5,45939728.25
2025-08-01 10:52:11 AM,336.75,0,0.0,45939728.25
2025-08-01 10:52:12 AM,336.75,10,3367.5,45943095.75
2025-08-01 10:52:29 AM,336.75,16,5388.0,45948483.75
2025-08-01 10:52:41 AM,336.9,0,0.0,45948483.75
2025-08-01 10:52:45 AM,336.9,1177,396531.3,46345015.05
2025-08-01 10:52:49 AM,337.0,0,0.0,46345015.05
2025-08-01 10:52:50 AM,337.0,1,337.0,46345352.05
2025-08-01 10:52:55 AM,337.0,29,9773.0,46355125.05
2025-08-01 10:53:27 AM,336.85,29,9768.650000000001,46364893.699999996
2025-08-01 10:53:33 AM,337.15,0,0.0,46364893.699999996
2025-08-01 10:53:33 AM,337.15,75,25286.25,46390179.949999996
2025-08-01 10:54:29 AM,337.5,0,0.0,46390179.949999996
2025-08-01 10:54:31 AM,337.5,500,168750.0,46558929.949999996
2025-08-01 10:54:41 AM,337.4,0,0.0,46558929.949999996
2025-08-01 10:54:42 AM,337.4,50,16870.0,46575799.949999996
2025-08-01 10:54:58 AM,337.4,325,109654.99999999999,46685454.949999996
2025-08-01 10:55:08 AM,337.4,1,337.4,46685792.349999994
2025-08-01 10:55:24 AM,337.4,6,2024.3999999999999,46687816.74999999
2025-08-01 10:55:36 AM,337.4,5,1687.0,46689503.74999999
2025-08-01 10:55:45 AM,337.35,0,0.0,46689503.74999999
2025-08-01 10:55:47 AM,337.35,10,3373.5,46692877.24999999
2025-08-01 10:56:07 AM,337.4,0,0.0,46692877.24999999
2025-08-01 10:56:07 AM,337.4,70,23618.0,46716495.24999999
2025-08-01 10:56:35 AM,337.45,50,16872.5,46733367.74999999
2025-08-01 10:57:10 AM,336.95,587,197789.65,46931157.39999999
2025-08-01 10:57:13 AM,337.1,0,0.0,46931157.39999999
2025-08-01 10:57:16 AM,337.1,3,1011.3000000000001,46932168.69999999
2025-08-01 10:57:35 AM,337.0,0,0.0,46932168.69999999
2025-08-01 10:57:37 AM,337.0,500,168500.0,47100668.69999999
2025-08-01 10:57:53 AM,337.0,3,1011.0,47101679.69999999
2025-08-01 10:57:58 AM,337.1,3,1011.3000000000001,47102690.999999985
2025-08-01 10:59:13 AM,337.1,1,337.1,47103028.09999999
2025-08-01 10:59:18 AM,337.1,16,5393.6,47108421.69999999
2025-08-01 10:59:50 AM,337.1,5,1685.5,47110107.19999999
2025-08-01 11:00:01 AM,337.1,7,2359.7000000000003,47112466.89999999
2025-08-01 11:00:07 AM,337.1,13,4382.3,47116849.19999999
2025-08-01 11:00:13 AM,337.1,1,337.1,47117186.29999999
2025-08-01 11:00:24 AM,337.1,4,1348.4,47118534.69999999
2025-08-01 11:00:40 AM,337.1,7,2359.7000000000003,47120894.39999999
2025-08-01 11:00:45 AM,337.1,15,5056.5,47125950.89999999
2025-08-01 11:01:01 AM,337.1,3,1011.3000000000001,47126962.19999999
2025-08-01 11:01:33 AM,337.1,7,2359.7000000000003,47129321.89999999
2025-08-01 11:01:54 AM,337.5,1987,670612.5,47799934.39999999
2025-08-01 11:02:13 AM,337.7,0,0.0,47799934.39999999
2025-08-01 11:02:14 AM,337.7,2,675.4,47800609.79999999
2025-08-01 11:02:43 AM,337.7,50,16885.0,47817494.79999999
2025-08-01 11:03:08 AM,337.7,1,337.7,47817832.49999999
2025-08-01 11:03:36 AM,337.95,150,50692.5,47868524.99999999
2025-08-01 11:04:07 AM,337.75,0,0.0,47868524.99999999
2025-08-01 11:04:08 AM,337.75,1,337.75,47868862.74999999
2025-08-01 11:04:16 AM,337.8,0,0.0,47868862.74999999
2025-08-01 11:04:16 AM,337.8,34,11485.2,47880347.949999996
2025-08-01 11:04:21 AM,337.8,55,18579.0,47898926.949999996
2025-08-01 11:04:23 AM,337.8,1,337.8,47899264.74999999
2025-08-01 11:04:24 AM,337.55,0,0.0,47899264.74999999
2025-08-01 11:04:26 AM,337.55,16,5400.8,47904665.54999999
2025-08-01 11:04:30 AM,337.8,0,0.0,47904665.54999999
2025-08-01 11:04:31 AM,337.8,431,145591.80000000002,48050257.34999999
2025-08-01 11:04:32 AM,338.15,0,0.0,48050257.34999999
2025-08-01 11:04:33 AM,338.15,70,23670.5,48073927.84999999
2025-08-01 11:04:43 AM,338.25,0,0.0,48073927.84999999
2025-08-01 11:04:44 AM,338.25,177,59870.25,48133798.09999999
2025-08-01 11:04:47 AM,337.85,15,5067.75,48138865.84999999
2025-08-01 11:05:29 AM,337.95,0,0.0,48138865.84999999
2025-08-01 11:05:30 AM,337.95,20,6759.0,48145624.84999999
2025-08-01 11:05:31 AM,337.95,1,337.95,48145962.79999999
2025-08-01 11:05:37 AM,338.15,30,10144.5,48156107.29999999
2025-08-01 11:06:07 AM,338.15,2,676.3,48156783.59999999
2025-08-01 11:06:19 AM,337.9,208,70283.2,48227066.79999999
2025-08-01 11:06:24 AM,337.9,1,337.9,48227404.69999999
2025-08-01 11:06:45 AM,338.2,0,0.0,48227404.69999999
2025-08-01 11:06:45 AM,338.2,102,34496.4,48261901.09999999
2025-08-01 11:06:53 AM,338.6,0,0.0,48261901.09999999
2025-08-01 11:06:55 AM,338.6,500,169300.0,48431201.09999999
2025-08-01 11:07:05 AM,338.55,38,12864.9,48444065.999999985
2025-08-01 11:07:16 AM,338.55,20,6771.0,48450836.999999985
2025-08-01 11:07:26 AM,338.1,0,0.0,48450836.999999985
2025-08-01 11:07:27 AM,338.1,100,33810.0,48484646.999999985
2025-08-01 11:07:46 AM,338.6,0,0.0,48484646.999999985
2025-08-01 11:07:49 AM,338.6,251,84988.6,48569635.59999999
2025-08-01 11:07:59 AM,338.55,51,17266.05,48586901.64999998
2025-08-01 11:08:17 AM,337.8,1404,474271.2,49061172.84999999
2025-08-01 11:08:30 AM,337.9,0,0.0,49061172.84999999
2025-08-01 11:08:31 AM,337.9,10,3379.0,49064551.84999999
2025-08-01 11:08:36 AM,337.5,0,0.0,49064551.84999999
2025-08-01 11:08:36 AM,337.5,500,168750.0,49233301.84999999
2025-08-01 11:08:48 AM,337.85,0,0.0,49233301.84999999
2025-08-01 11:08:49 AM,337.85,1,337.85,49233639.69999999
2025-08-01 11:08:58 AM,337.25,0,0.0,49233639.69999999
2025-08-01 11:09:00 AM,337.4,418,141033.19999999998,49374672.89999999
2025-08-01 11:09:18 AM,337.35,1,337.35,49375010.24999999
2025-08-01 11:09:19 AM,337.4,0,0.0,49375010.24999999
2025-08-01 11:09:20 AM,337.4,3,1012.1999999999999,49376022.449999996
2025-08-01 11:10:29 AM,337.0,0,0.0,49376022.449999996
2025-08-01 11:10:30 AM,337.0,16,5392.0,49381414.449999996
2025-08-01 11:11:07 AM,337.5,0,0.0,49381414.449999996
2025-08-01 11:11:09 AM,337.5,300,101250.0,49482664.449999996
2025-08-01 11:11:46 AM,337.65,0,0.0,49482664.449999996
2025-08-01 11:11:47 AM,337.65,1691,570966.1499999999,50053630.599999994
2025-08-01 11:11:59 AM,337.7,0,0.0,50053630.599999994
2025-08-01 11:12:02 AM,337.7,7,2363.9,50055994.49999999
2025-08-01 11:12:42 AM,337.65,0,0.0,50055994.49999999
2025-08-01 11:12:45 AM,337.65,1,337.65,50056332.14999999
2025-08-01 11:13:13 AM,338.0,6,2028.0,50058360.14999999
2025-08-01 11:13:24 AM,338.0,1,338.0,50058698.14999999
2025-08-01 11:13:55 AM,338.0,10,3380.0,50062078.14999999
2025-08-01 11:14:12 AM,338.0,1,338.0,50062416.14999999
2025-08-01 11:14:18 AM,338.0,1,338.0,50062754.14999999
2025-08-01 11:14:37 AM,337.95,0,0.0,50062754.14999999
2025-08-01 11:14:38 AM,337.95,2,675.9,50063430.04999999
2025-08-01 11:15:03 AM,338.0,0,0.0,50063430.04999999
2025-08-01 11:15:06 AM,338.0,30,10140.0,50073570.04999999
2025-08-01 11:15:30 AM,337.75,0,0.0,50073570.04999999
2025-08-01 11:15:32 AM,337.75,3,1013.25,50074583.29999999
2025-08-01 11:15:33 AM,338.0,0,0.0,50074583.29999999
2025-08-01 11:15:37 AM,338.0,11,3718.0,50078301.29999999
2025-08-01 11:15:56 AM,337.9,0,0.0,50078301.29999999
2025-08-01 11:15:57 AM,337.9,1,337.9,50078639.19999999
2025-08-01 11:16:40 AM,337.9,10,3379.0,50082018.19999999
2025-08-01 11:17:52 AM,338.0,0,0.0,50082018.19999999
2025-08-01 11:17:54 AM,338.0,15,5070.0,50087088.19999999
2025-08-01 11:18:05 AM,338.0,36,12168.0,50099256.19999999
2025-08-01 11:18:16 AM,337.95,0,0.0,50099256.19999999
2025-08-01 11:18:16 AM,337.95,1,337.95,50099594.14999999
2025-08-01 11:18:24 AM,337.65,0,0.0,50099594.14999999
2025-08-01 11:18:27 AM,337.65,200,67530.0,50167124.14999999
2025-08-01 11:18:38 AM,338.0,0,0.0,50167124.14999999
2025-08-01 11:18:39 AM,338.0,45,15210.0,50182334.14999999
2025-08-01 11:18:56 AM,337.7,0,0.0,50182334.14999999
2025-08-01 11:18:56 AM,337.7,20,6754.0,50189088.14999999
2025-08-01 11:19:16 AM,337.65,0,0.0,50189088.14999999
2025-08-01 11:19:19 AM,337.65,6,2025.8999999999999,50191114.04999999
2025-08-01 11:19:25 AM,337.65,27,9116.55,50200230.59999999
2025-08-01 11:19:46 AM,337.65,10,3376.5,50203607.09999999
2025-08-01 11:20:27 AM,337.9,0,0.0,50203607.09999999
2025-08-01 11:20:28 AM,337.9,1,337.9,50203944.999999985
2025-08-01 11:20:57 AM,337.65,0,0.0,50203944.999999985
2025-08-01 11:20:59 AM,337.65,1,337.65,50204282.64999998
2025-08-01 11:21:09 AM,337.5,0,0.0,50204282.64999998
2025-08-01 11:21:10 AM,337.5,187,63112.5,50267395.14999998
2025-08-01 11:22:02 AM,337.5,1,337.5,50267732.64999998
2025-08-01 11:22:38 AM,337.8,0,0.0,50267732.64999998
2025-08-01 11:22:39 AM,337.8,10,3378.0,50271110.64999998
2025-08-01 11:23:32 AM,337.8,1,337.8,50271448.44999998
2025-08-01 11:24:36 AM,337.75,0,0.0,50271448.44999998
2025-08-01 11:24:39 AM,337.75,3,1013.25,50272461.69999998
2025-08-01 11:25:03 AM,337.5,0,0.0,50272461.69999998
2025-08-01 11:25:05 AM,337.5,90,30375.0,50302836.69999998
2025-08-01 11:25:07 AM,337.75,0,0.0,50302836.69999998
2025-08-01 11:25:11 AM,337.75,9,3039.75,50305876.44999998
2025-08-01 11:25:53 AM,337.95,0,0.0,50305876.44999998
2025-08-01 11:25:57 AM,337.95,119,40216.049999999996,50346092.49999998
2025-08-01 11:27:10 AM,337.9,1,337.9,50346430.399999976
2025-08-01 11:28:10 AM,337.8,0,0.0,50346430.399999976
2025-08-01 11:28:10 AM,337.8,1,337.8,50346768.19999997
2025-08-01 11:28:17 AM,337.8,1,337.8,50347105.99999997
2025-08-01 11:29:53 AM,337.9,0,0.0,50347105.99999997
2025-08-01 11:29:54 AM,337.9,100,33790.0,50380895.99999997
2025-08-01 11:29:59 AM,337.8,1,337.8,50381233.79999997
2025-08-01 11:30:17 AM,337.8,1,337.8,50381571.599999964
2025-08-01 11:30:20 AM,337.8,30,10134.0,50391705.599999964
2025-08-01 11:30:22 AM,337.85,0,0.0,50391705.599999964
2025-08-01 11:30:22 AM,337.85,10,3378.5,50395084.099999964
2025-08-01 11:30:26 AM,337.55,0,0.0,50395084.099999964
2025-08-01 11:30:27 AM,337.55,50,16877.5,50411961.599999964
2025-08-01 11:30:29 AM,337.5,0,0.0,50411961.599999964
2025-08-01 11:30:30 AM,337.1,3113,1049392.3,51461353.89999996
2025-08-01 11:30:32 AM,337.05,0,0.0,51461353.89999996
2025-08-01 11:30:32 AM,337.05,10,3370.5,51464724.39999996
2025-08-01 11:30:35 AM,337.0,55,18535.0,51483259.39999996
2025-08-01 11:30:38 AM,336.8,0,0.0,51483259.39999996
2025-08-01 11:30:40 AM,336.8,1735,584348.0,52067607.39999996
2025-08-01 11:30:42 AM,336.65,0,0.0,52067607.39999996
2025-08-01 11:30:42 AM,336.65,1686,567591.8999999999,52635199.29999996
2025-08-01 11:30:52 AM,337.0,82,27634.0,52662833.29999996
2025-08-01 11:30:54 AM,337.4,81,27329.399999999998,52690162.69999996
2025-08-01 11:30:57 AM,337.55,200,67510.0,52757672.69999996
2025-08-01 11:31:02 AM,337.9,0,0.0,52757672.69999996
2025-08-01 11:31:02 AM,337.9,149,50347.1,52808019.79999996
2025-08-01 11:31:06 AM,338.1,0,0.0,52808019.79999996
2025-08-01 11:31:08 AM,338.1,118,39895.8,52847915.59999996
2025-08-01 11:31:47 AM,337.85,0,0.0,52847915.59999996
2025-08-01 11:31:48 AM,337.85,25,8446.25,52856361.84999996
2025-08-01 11:32:47 AM,338.1,0,0.0,52856361.84999996
2025-08-01 11:32:47 AM,338.1,10,3381.0,52859742.84999996
2025-08-01 11:32:52 AM,338.1,2,676.2,52860419.04999996
2025-08-01 11:32:58 AM,338.2,47,15895.4,52876314.44999996
2025-08-01 11:33:03 AM,337.85,0,0.0,52876314.44999996
2025-08-01 11:33:07 AM,337.85,2,675.7,52876990.14999996
2025-08-01 11:33:23 AM,338.2,5,1691.0,52878681.14999996
2025-08-01 11:34:03 AM,338.2,14,4734.8,52883415.94999996
2025-08-01 11:34:04 AM,337.9,0,0.0,52883415.94999996
2025-08-01 11:34:08 AM,337.9,26,8785.4,52892201.34999996
2025-08-01 11:34:13 AM,338.2,15,5073.0,52897274.34999996
2025-08-01 11:34:18 AM,337.9,0,0.0,52897274.34999996
2025-08-01 11:34:18 AM,337.9,1,337.9,52897612.249999955
2025-08-01 11:35:02 AM,337.85,0,0.0,52897612.249999955
2025-08-01 11:35:05 AM,337.85,10,3378.5,52900990.749999955
2025-08-01 11:35:06 AM,338.15,0,0.0,52900990.749999955
2025-08-01 11:35:10 AM,338.15,15,5072.25,52906062.999999955
2025-08-01 11:35:11 AM,338.25,0,0.0,52906062.999999955
2025-08-01 11:35:16 AM,338.25,14,4735.5,52910798.499999955
2025-08-01 11:35:17 AM,337.85,0,0.0,52910798.499999955
2025-08-01 11:35:21 AM,337.85,1,337.85,52911136.34999996
2025-08-01 11:36:16 AM,338.25,0,0.0,52911136.34999996
2025-08-01 11:36:18 AM,338.25,30,10147.5,52921283.84999996
2025-08-01 11:36:22 AM,337.9,0,0.0,52921283.84999996
2025-08-01 11:36:23 AM,337.9,1,337.9,52921621.749999955
2025-08-01 11:36:39 AM,337.9,38,12840.199999999999,52934461.94999996
2025-08-01 11:36:41 AM,337.85,0,0.0,52934461.94999996
2025-08-01 11:36:44 AM,337.85,1,337.85,52934799.79999996
2025-08-01 11:36:51 AM,337.75,0,0.0,52934799.79999996
2025-08-01 11:36:53 AM,337.5,0,0.0,52934799.79999996
2025-08-01 11:36:55 AM,337.05,2332,786000.6,53720800.39999996
2025-08-01 11:36:56 AM,337.1,0,0.0,53720800.39999996
2025-08-01 11:36:57 AM,337.0,0,0.0,53720800.39999996
2025-08-01 11:37:00 AM,337.0,93,31341.0,53752141.39999996
2025-08-01 11:37:02 AM,337.1,0,0.0,53752141.39999996
2025-08-01 11:37:05 AM,337.1,4,1348.4,53753489.79999996
2025-08-01 11:37:15 AM,337.5,0,0.0,53753489.79999996
2025-08-01 11:37:16 AM,337.5,30,10125.0,53763614.79999996
2025-08-01 11:37:16 AM,337.5,10,3375.0,53766989.79999996
2025-08-01 11:37:21 AM,337.05,0,0.0,53766989.79999996
2025-08-01 11:37:21 AM,337.05,2,674.1,53767663.89999996
2025-08-01 11:38:19 AM,337.0,0,0.0,53767663.89999996
2025-08-01 11:38:22 AM,337.0,887,298919.0,54066582.89999996
2025-08-01 11:38:27 AM,337.0,35,11795.0,54078377.89999996
2025-08-01 11:38:29 AM,337.05,0,0.0,54078377.89999996
2025-08-01 11:38:32 AM,337.05,2,674.1,54079051.99999996
2025-08-01 11:38:34 AM,336.6,750,252450.00000000003,54331501.99999996
2025-08-01 11:38:38 AM,336.85,0,0.0,54331501.99999996
2025-08-01 11:38:39 AM,336.85,6,2021.1000000000001,54333523.099999964
2025-08-01 11:38:39 AM,336.75,0,0.0,54333523.099999964
2025-08-01 11:38:40 AM,336.6,0,0.0,54333523.099999964
2025-08-01 11:38:42 AM,336.5,0,0.0,54333523.099999964
2025-08-01 11:38:42 AM,336.5,777,261460.5,54594983.599999964
2025-08-01 11:38:45 AM,336.6,0,0.0,54594983.599999964
2025-08-01 11:38:47 AM,336.55,0,0.0,54594983.599999964
2025-08-01 11:38:48 AM,336.55,32,10769.6,54605753.199999966
2025-08-01 11:38:50 AM,336.6,0,0.0,54605753.199999966
2025-08-01 11:38:53 AM,336.55,53,17837.15,54623590.349999964
2025-08-01 11:38:54 AM,336.55,129,43414.950000000004,54667005.29999997
2025-08-01 11:39:06 AM,336.5,0,0.0,54667005.29999997
2025-08-01 11:39:08 AM,336.5,311,104651.5,54771656.79999997
2025-08-01 11:39:10 AM,336.15,0,0.0,54771656.79999997
2025-08-01 11:39:11 AM,336.0,0,0.0,54771656.79999997
2025-08-01 11:39:13 AM,336.0,4083,1371888.0,56143544.79999997
2025-08-01 11:39:14 AM,336.0,3,1008.0,56144552.79999997
2025-08-01 11:39:18 AM,336.0,9,3024.0,56147576.79999997
2025-08-01 11:39:34 AM,336.15,0,0.0,56147576.79999997
2025-08-01 11:39:34 AM,336.15,1,336.15,56147912.949999966
2025-08-01 11:39:40 AM,336.0,150,50400.0,56198312.949999966
2025-08-01 11:39:50 AM,336.0,60,20160.0,56218472.949999966
2025-08-01 11:40:01 AM,336.0,30,10080.0,56228552.949999966
2025-08-01 11:40:10 AM,336.0,122,40992.0,56269544.949999966
2025-08-01 11:40:20 AM,335.9,0,0.0,56269544.949999966
2025-08-01 11:40:21 AM,335.9,1,335.9,56269880.849999964
2025-08-01 11:40:22 AM,336.1,0,0.0,56269880.849999964
2025-08-01 11:40:22 AM,336.1,1,336.1,56270216.949999966
2025-08-01 11:40:44 AM,336.15,0,0.0,56270216.949999966
2025-08-01 11:40:46 AM,336.15,1,336.15,56270553.099999964
2025-08-01 11:40:52 AM,336.0,67,22512.0,56293065.099999964
2025-08-01 11:40:53 AM,335.6,0,0.0,56293065.099999964
2025-08-01 11:40:54 AM,335.85,0,0.0,56293065.099999964
2025-08-01 11:40:56 AM,335.85,129,43324.65,56336389.74999996
2025-08-01 11:41:01 AM,335.5,178,59719.0,56396108.74999996
2025-08-01 11:41:06 AM,335.85,0,0.0,56396108.74999996
2025-08-01 11:41:06 AM,335.85,1,335.85,56396444.599999964
2025-08-01 11:41:22 AM,336.0,938,315168.0,56711612.599999964
2025-08-01 11:41:26 AM,336.0,18,6048.0,56717660.599999964
2025-08-01 11:41:38 AM,336.05,0,0.0,56717660.599999964
2025-08-01 11:41:41 AM,336.05,2,672.1,56718332.699999966
2025-08-01 11:41:52 AM,336.05,162,54440.1,56772772.79999997
2025-08-01 11:42:50 AM,336.2,177,59507.4,56832280.199999966
2025-08-01 11:43:16 AM,336.1,30,10083.0,56842363.199999966
2025-08-01 11:43:31 AM,336.4,0,0.0,56842363.199999966
2025-08-01 11:43:31 AM,336.4,1,336.4,56842699.599999964
2025-08-01 11:43:37 AM,336.4,1,336.4,56843035.99999996
2025-08-01 11:44:02 AM,336.4,4,1345.6,56844381.599999964
2025-08-01 11:44:19 AM,336.3,0,0.0,56844381.599999964
2025-08-01 11:44:21 AM,336.3,20,6726.0,56851107.599999964
2025-08-01 11:44:52 AM,336.2,0,0.0,56851107.599999964
2025-08-01 11:44:54 AM,336.05,178,59816.9,56910924.49999996
2025-08-01 11:45:46 AM,336.35,0,0.0,56910924.49999996
2025-08-01 11:45:47 AM,336.35,5,1681.75,56912606.24999996
2025-08-01 11:46:17 AM,336.05,0,0.0,56912606.24999996
2025-08-01 11:46:19 AM,336.05,10,3360.5,56915966.74999996
2025-08-01 11:46:20 AM,336.4,0,0.0,56915966.74999996
2025-08-01 11:46:21 AM,336.5,0,0.0,56915966.74999996
2025-08-01 11:46:24 AM,336.5,126,42399.0,56958365.74999996
2025-08-01 11:46:29 AM,336.05,15,5040.75,56963406.49999996
2025-08-01 11:46:34 AM,336.1,0,0.0,56963406.49999996
2025-08-01 11:46:35 AM,336.1,2,672.2,56964078.699999966
2025-08-01 11:46:50 AM,336.2,0,0.0,56964078.699999966
2025-08-01 11:46:51 AM,336.15,0,0.0,56964078.699999966
2025-08-01 11:46:51 AM,336.15,16,5378.4,56969457.099999964
2025-08-01 11:46:52 AM,336.1,1,336.1,56969793.199999966
2025-08-01 11:46:53 AM,336.05,0,0.0,56969793.199999966
2025-08-01 11:46:57 AM,336.05,161,54104.05,57023897.24999996
2025-08-01 11:47:02 AM,336.05,5,1680.25,57025577.49999996
2025-08-01 11:47:15 AM,336.1,0,0.0,57025577.49999996
2025-08-01 11:47:17 AM,336.1,15,5041.5,57030618.99999996
2025-08-01 11:47:20 AM,336.3,0,0.0,57030618.99999996
2025-08-01 11:47:22 AM,336.3,4,1345.2,57031964.199999966
2025-08-01 11:47:38 AM,336.1,2,672.2,57032636.39999997
2025-08-01 11:47:53 AM,336.1,2,672.2,57033308.59999997
2025-08-01 11:48:38 AM,336.3,5,1681.5,57034990.09999997
2025-08-01 11:48:52 AM,336.1,0,0.0,57034990.09999997
2025-08-01 11:48:53 AM,336.05,0,0.0,57034990.09999997
2025-08-01 11:48:53 AM,336.05,118,39653.9,57074643.99999997
2025-08-01 11:48:53 AM,336.0,50,16800.0,57091443.99999997
2025-08-01 11:48:55 AM,335.85,0,0.0,57091443.99999997
2025-08-01 11:48:58 AM,335.85,9,3022.65,57094466.64999997
2025-08-01 11:49:30 AM,336.05,2,672.1,57095138.74999997
2025-08-01 11:50:17 AM,336.05,100,33605.0,57128743.74999997
2025-08-01 11:50:51 AM,335.8,0,0.0,57128743.74999997
2025-08-01 11:50:52 AM,335.75,178,59763.5,57188507.24999997
2025-08-01 11:51:16 AM,336.0,0,0.0,57188507.24999997
2025-08-01 11:51:16 AM,336.0,1,336.0,57188843.24999997
2025-08-01 11:51:26 AM,336.0,31,10416.0,57199259.24999997
2025-08-01 11:52:41 AM,335.6,0,0.0,57199259.24999997
2025-08-01 11:52:41 AM,335.6,400,134240.0,57333499.24999997
2025-08-01 11:52:51 AM,335.55,0,0.0,57333499.24999997
2025-08-01 11:52:51 AM,335.55,178,59727.9,57393227.14999997
2025-08-01 11:52:52 AM,335.95,0,0.0,57393227.14999997
2025-08-01 11:52:52 AM,335.95,1,335.95,57393563.09999997
2025-08-01 11:52:56 AM,335.9,6,2015.3999999999999,57395578.49999997
2025-08-01 11:53:38 AM,335.9,25,8397.5,57403975.99999997
2025-08-01 11:53:52 AM,336.15,0,0.0,57403975.99999997
2025-08-01 11:53:53 AM,336.15,115,38657.25,57442633.24999997
2025-08-01 11:54:09 AM,336.1,0,0.0,57442633.24999997
2025-08-01 11:54:13 AM,336.1,30,10083.0,57452716.24999997
2025-08-01 11:54:18 AM,336.0,262,88032.0,57540748.24999997
2025-08-01 11:54:44 AM,335.5,304,101992.0,57642740.24999997
2025-08-01 11:54:48 AM,335.9,0,0.0,57642740.24999997
2025-08-01 11:54:49 AM,335.9,1,335.9,57643076.14999997
2025-08-01 11:54:51 AM,335.55,0,0.0,57643076.14999997
2025-08-01 11:54:54 AM,335.55,178,59727.9,57702804.04999997
2025-08-01 11:54:57 AM,335.95,0,0.0,57702804.04999997
2025-08-01 11:54:59 AM,335.95,1,335.95,57703139.99999997
2025-08-01 11:55:17 AM,335.9,0,0.0,57703139.99999997
2025-08-01 11:55:19 AM,335.9,3,1007.6999999999999,57704147.69999997
2025-08-01 11:55:24 AM,335.95,0,0.0,57704147.69999997
2025-08-01 11:55:24 AM,335.95,30,10078.5,57714226.19999997
2025-08-01 11:56:09 AM,335.95,29,9742.55,57723968.74999997
2025-08-01 11:56:14 AM,335.95,6,2015.6999999999998,57725984.44999997
2025-08-01 11:56:21 AM,335.95,1,335.95,57726320.399999976
2025-08-01 11:56:40 AM,335.9,1,335.9,57726656.299999975
2025-08-01 11:56:51 AM,335.55,177,59392.35,57786048.649999976
2025-08-01 11:56:54 AM,335.9,0,0.0,57786048.649999976
2025-08-01 11:56:55 AM,335.9,3,1007.6999999999999,57787056.34999998
2025-08-01 11:57:15 AM,335.95,0,0.0,57787056.34999998
2025-08-01 11:57:16 AM,335.95,10,3359.5,57790415.84999998
2025-08-01 11:57:30 AM,335.95,5,1679.75,57792095.59999998
2025-08-01 11:58:39 AM,336.0,10,3360.0,57795455.59999998
2025-08-01 11:58:53 AM,335.6,0,0.0,57795455.59999998
2025-08-01 11:58:53 AM,335.6,178,59736.8,57855192.399999976
2025-08-01 11:59:00 AM,336.0,21,7056.0,57862248.399999976
2025-08-01 11:59:12 AM,335.9,0,0.0,57862248.399999976
2025-08-01 11:59:14 AM,335.9,1,335.9,57862584.299999975
2025-08-01 11:59:52 AM,335.95,3,1007.8499999999999,57863592.149999976
2025-08-01 12:00:00 PM,335.95,2,671.9,57864264.049999975
2025-08-01 12:00:03 PM,335.95,4,1343.8,57865607.84999997
2025-08-01 12:00:04 PM,336.0,0,0.0,57865607.84999997
2025-08-01 12:00:06 PM,336.0,1,336.0,57865943.84999997
2025-08-01 12:00:34 PM,336.0,1,336.0,57866279.84999997
2025-08-01 12:00:50 PM,335.8,0,0.0,57866279.84999997
2025-08-01 12:00:51 PM,335.65,178,59745.7,57926025.549999975
2025-08-01 12:01:12 PM,336.0,0,0.0,57926025.549999975
2025-08-01 12:01:14 PM,336.0,25,8400.0,57934425.549999975
2025-08-01 12:01:21 PM,336.0,4,1344.0,57935769.549999975
2025-08-01 12:01:49 PM,335.65,24,8055.599999999999,57943825.149999976
2025-08-01 12:02:46 PM,335.55,0,0.0,57943825.149999976
2025-08-01 12:02:48 PM,335.55,55,18455.25,57962280.399999976
2025-08-01 12:02:52 PM,335.5,0,0.0,57962280.399999976
2025-08-01 12:02:53 PM,335.5,177,59383.5,58021663.899999976
2025-08-01 12:03:41 PM,335.55,0,0.0,58021663.899999976
2025-08-01 12:03:43 PM,335.55,5,1677.75,58023341.649999976
2025-08-01 12:03:47 PM,335.8,0,0.0,58023341.649999976
2025-08-01 12:03:48 PM,335.8,8,2686.4,58026028.049999975
2025-08-01 12:04:19 PM,335.8,7,2350.6,58028378.649999976
2025-08-01 12:04:27 PM,335.7,0,0.0,58028378.649999976
2025-08-01 12:04:28 PM,335.7,21,7049.7,58035428.34999998
2025-08-01 12:04:30 PM,335.7,10,3357.0,58038785.34999998
2025-08-01 12:04:40 PM,335.5,469,157349.5,58196134.84999998
2025-08-01 12:04:48 PM,335.5,300,100650.0,58296784.84999998
2025-08-01 12:04:53 PM,335.5,178,59719.0,58356503.84999998
2025-08-01 12:06:09 PM,335.5,7,2348.5,58358852.34999998
2025-08-01 12:06:50 PM,335.55,0,0.0,58358852.34999998
2025-08-01 12:06:52 PM,335.5,0,0.0,58358852.34999998
2025-08-01 12:06:53 PM,335.5,178,59719.0,58418571.34999998
2025-08-01 12:07:18 PM,335.5,3,1006.5,58419577.84999998
2025-08-01 12:07:34 PM,335.5,75,25162.5,58444740.34999998
2025-08-01 12:08:07 PM,335.85,0,0.0,58444740.34999998
2025-08-01 12:08:09 PM,335.85,55,18471.75,58463212.09999998
2025-08-01 12:08:17 PM,335.65,0,0.0,58463212.09999998
2025-08-01 12:08:19 PM,335.65,2,671.3,58463883.399999976
2025-08-01 12:08:47 PM,335.9,0,0.0,58463883.399999976
2025-08-01 12:08:49 PM,335.9,9,3023.1,58466906.49999998
2025-08-01 12:08:53 PM,335.5,0,0.0,58466906.49999998
2025-08-01 12:08:54 PM,335.5,178,59719.0,58526625.49999998
2025-08-01 12:09:26 PM,335.9,0,0.0,58526625.49999998
2025-08-01 12:09:29 PM,335.9,53,17802.699999999997,58544428.19999998
2025-08-01 12:09:43 PM,335.8,0,0.0,58544428.19999998
2025-08-01 12:09:43 PM,335.8,6,2014.8000000000002,58546442.99999998
2025-08-01 12:09:58 PM,335.6,50,16780.0,58563222.99999998
2025-08-01 12:10:53 PM,335.5,0,0.0,58563222.99999998
2025-08-01 12:10:53 PM,335.5,177,59383.5,58622606.49999998
2025-08-01 12:11:01 PM,335.9,0,0.0,58622606.49999998
2025-08-01 12:11:03 PM,335.9,75,25192.5,58647798.99999998
2025-08-01 12:11:45 PM,335.55,0,0.0,58647798.99999998
2025-08-01 12:11:48 PM,335.55,30,10066.5,58657865.49999998
2025-08-01 12:11:59 PM,335.5,0,0.0,58657865.49999998
2025-08-01 12:12:02 PM,335.5,396,132858.0,58790723.49999998
2025-08-01 12:12:25 PM,335.55,0,0.0,58790723.49999998
2025-08-01 12:12:27 PM,335.55,25,8388.75,58799112.24999998
2025-08-01 12:12:32 PM,335.55,8,2684.4,58801796.649999976
2025-08-01 12:12:37 PM,335.55,5,1677.75,58803474.399999976
2025-08-01 12:12:49 PM,335.05,0,0.0,58803474.399999976
2025-08-01 12:12:53 PM,335.05,3472,1163293.6,59966767.99999998
2025-08-01 12:13:22 PM,335.25,0,0.0,59966767.99999998
2025-08-01 12:13:23 PM,335.25,17,5699.25,59972467.24999998
2025-08-01 12:13:33 PM,335.25,4,1341.0,59973808.24999998
2025-08-01 12:13:53 PM,335.05,25,8376.25,59982184.49999998
2025-08-01 12:14:06 PM,335.25,0,0.0,59982184.49999998
2025-08-01 12:14:07 PM,335.25,5,1676.25,59983860.74999998
2025-08-01 12:14:08 PM,335.4,1,335.4,59984196.149999976
2025-08-01 12:14:11 PM,335.0,0,0.0,59984196.149999976
2025-08-01 12:14:12 PM,335.0,1592,533320.0,60517516.149999976
2025-08-01 12:14:53 PM,334.6,0,0.0,60517516.149999976
2025-08-01 12:14:53 PM,334.6,20,6692.0,60524208.149999976
2025-08-01 12:14:54 PM,334.55,2,669.1,60524877.24999998
2025-08-01 12:14:55 PM,334.5,0,0.0,60524877.24999998
2025-08-01 12:14:58 PM,334.5,156,52182.0,60577059.24999998
2025-08-01 12:15:13 PM,334.9,100,33490.0,60610549.24999998
2025-08-01 12:15:15 PM,334.5,0,0.0,60610549.24999998
2025-08-01 12:15:19 PM,334.5,51,17059.5,60627608.74999998
2025-08-01 12:15:21 PM,334.3,0,0.0,60627608.74999998
2025-08-01 12:15:24 PM,334.3,50,16715.0,60644323.74999998
2025-08-01 12:15:31 PM,334.5,0,0.0,60644323.74999998
2025-08-01 12:15:34 PM,334.5,700,234150.0,60878473.74999998
2025-08-01 12:15:57 PM,334.3,0,0.0,60878473.74999998
2025-08-01 12:15:59 PM,334.3,5,1671.5,60880145.24999998
2025-08-01 12:16:04 PM,334.3,110,36773.0,60916918.24999998
2025-08-01 12:16:09 PM,334.3,50,16715.0,60933633.24999998
2025-08-01 12:16:09 PM,334.5,50,16725.0,60950358.24999998
2025-08-01 12:16:48 PM,334.3,0,0.0,60950358.24999998
2025-08-01 12:16:53 PM,334.3,179,59839.700000000004,61010197.94999998
2025-08-01 12:17:27 PM,334.3,199,66525.7,61076723.64999998
2025-08-01 12:17:32 PM,334.35,1,334.35,61077057.999999985
2025-08-01 12:17:59 PM,334.3,0,0.0,61077057.999999985
2025-08-01 12:18:01 PM,334.3,299,99955.7,61177013.69999999
2025-08-01 12:18:16 PM,334.3,2,668.6,61177682.29999999
2025-08-01 12:18:17 PM,334.45,0,0.0,61177682.29999999
2025-08-01 12:18:20 PM,334.45,1,334.45,61178016.74999999
2025-08-01 12:18:35 PM,334.45,5,1672.25,61179688.99999999
2025-08-01 12:18:53 PM,334.3,0,0.0,61179688.99999999
2025-08-01 12:18:55 PM,334.3,178,59505.4,61239194.39999999
2025-08-01 12:19:06 PM,334.3,51,17049.3,61256243.69999999
2025-08-01 12:19:15 PM,334.5,0,0.0,61256243.69999999
2025-08-01 12:19:16 PM,334.5,17,5686.5,61261930.19999999
2025-08-01 12:19:36 PM,334.5,10,3345.0,61265275.19999999
2025-08-01 12:20:37 PM,334.7,0,0.0,61265275.19999999
2025-08-01 12:20:38 PM,334.7,6,2008.1999999999998,61267283.39999999
2025-08-01 12:20:52 PM,334.5,0,0.0,61267283.39999999
2025-08-01 12:20:53 PM,334.5,178,59541.0,61326824.39999999
2025-08-01 12:22:52 PM,334.6,0,0.0,61326824.39999999
2025-08-01 12:22:53 PM,334.55,0,0.0,61326824.39999999
2025-08-01 12:22:53 PM,334.55,41,13716.550000000001,61340540.94999999
2025-08-01 12:22:54 PM,334.5,137,45826.5,61386367.44999999
2025-08-01 12:23:03 PM,334.7,1,334.7,61386702.14999999
2025-08-01 12:23:08 PM,334.7,1,334.7,61387036.849999994
2025-08-01 12:23:56 PM,334.45,0,0.0,61387036.849999994
2025-08-01 12:23:57 PM,334.45,50,16722.5,61403759.349999994
2025-08-01 12:24:07 PM,334.85,0,0.0,61403759.349999994
2025-08-01 12:24:08 PM,334.85,250,83712.5,61487471.849999994
2025-08-01 12:24:41 PM,334.75,0,0.0,61487471.849999994
2025-08-01 12:24:42 PM,334.75,5,1673.75,61489145.599999994
2025-08-01 12:24:51 PM,334.5,0,0.0,61489145.599999994
2025-08-01 12:24:51 PM,334.5,36,12042.0,61501187.599999994
2025-08-01 12:24:52 PM,334.45,50,16722.5,61517910.099999994
2025-08-01 12:24:53 PM,334.35,0,0.0,61517910.099999994
2025-08-01 12:24:56 PM,334.35,91,30425.850000000002,61548335.949999996
2025-08-01 12:25:26 PM,334.5,0,0.0,61548335.949999996
2025-08-01 12:25:27 PM,334.5,35,11707.5,61560043.449999996
2025-08-01 12:25:57 PM,334.5,30,10035.0,61570078.449999996
2025-08-01 12:25:58 PM,334.75,6,2008.5,61572086.949999996
2025-08-01 12:26:52 PM,334.55,178,59549.9,61631636.849999994
2025-08-01 12:26:57 PM,334.75,30,10042.5,61641679.349999994
2025-08-01 12:28:01 PM,334.6,0,0.0,61641679.349999994
2025-08-01 12:28:02 PM,334.6,85,28441.000000000004,61670120.349999994
2025-08-01 12:28:52 PM,334.55,178,59549.9,61729670.24999999
2025-08-01 12:28:53 PM,335.0,0,0.0,61729670.24999999
2025-08-01 12:28:57 PM,335.0,300,100500.0,61830170.24999999
2025-08-01 12:28:58 PM,334.9,1,334.9,61830505.14999999
2025-08-01 12:29:10 PM,334.85,0,0.0,61830505.14999999
2025-08-01 12:29:11 PM,334.85,48,16072.800000000001,61846577.94999999
2025-08-01 12:29:26 PM,335.2,1377,461570.39999999997,62308148.34999999
2025-08-01 12:29:26 PM,335.7,0,0.0,62308148.34999999
2025-08-01 12:29:28 PM,335.85,852,286144.2,62594292.54999999
2025-08-01 12:29:30 PM,335.85,2,671.7,62594964.24999999
2025-08-01 12:29:53 PM,335.5,0,0.0,62594964.24999999
2025-08-01 12:29:54 PM,335.5,7,2348.5,62597312.74999999
2025-08-01 12:29:55 PM,335.75,0,0.0,62597312.74999999
2025-08-01 12:29:56 PM,335.75,1,335.75,62597648.49999999
2025-08-01 12:29:58 PM,335.75,78,26188.5,62623836.99999999
2025-08-01 12:30:13 PM,335.75,2,671.5,62624508.49999999
2025-08-01 12:30:17 PM,335.7,0,0.0,62624508.49999999
2025-08-01 12:30:18 PM,335.75,105,35253.75,62659762.24999999
2025-08-01 12:30:33 PM,335.7,0,0.0,62659762.24999999
2025-08-01 12:30:35 PM,335.7,35,11749.5,62671511.74999999
2025-08-01 12:30:39 PM,335.65,0,0.0,62671511.74999999
2025-08-01 12:30:40 PM,335.65,8,2685.2,62674196.949999996
2025-08-01 12:30:48 PM,335.55,0,0.0,62674196.949999996
2025-08-01 12:30:50 PM,335.55,510,171130.5,62845327.449999996
2025-08-01 12:30:53 PM,335.3,33,11064.9,62856392.349999994
2025-08-01 12:30:54 PM,335.1,0,0.0,62856392.349999994
2025-08-01 12:30:55 PM,335.4,150,50310.0,62906702.349999994
2025-08-01 12:31:24 PM,335.65,21,7048.65,62913750.99999999
2025-08-01 12:31:40 PM,335.45,1,335.45,62914086.449999996
2025-08-01 12:31:50 PM,335.45,17,5702.65,62919789.099999994
2025-08-01 12:32:03 PM,335.4,0,0.0,62919789.099999994
2025-08-01 12:32:07 PM,335.4,6,2012.3999999999999,62921801.49999999
2025-08-01 12:32:17 PM,335.4,3,1006.1999999999999,62922807.699999996
2025-08-01 12:32:33 PM,335.4,29,9726.599999999999,62932534.3
2025-08-01 12:32:34 PM,335.45,0,0.0,62932534.3
2025-08-01 12:32:37 PM,335.9,0,0.0,62932534.3
2025-08-01 12:32:38 PM,335.9,837,281148.3,63213682.599999994
2025-08-01 12:32:40 PM,335.85,0,0.0,63213682.599999994
2025-08-01 12:32:43 PM,335.85,4,1343.4,63215025.99999999
2025-08-01 12:32:52 PM,335.75,185,62113.75,63277139.74999999
2025-08-01 12:34:43 PM,335.7,0,0.0,63277139.74999999
2025-08-01 12:34:44 PM,335.7,2,671.4,63277811.14999999
2025-08-01 12:34:53 PM,335.3,0,0.0,63277811.14999999
2025-08-01 12:34:53 PM,335.3,90,30177.0,63307988.14999999
2025-08-01 12:34:55 PM,335.4,0,0.0,63307988.14999999
2025-08-01 12:34:58 PM,335.4,91,30521.399999999998,63338509.54999999
2025-08-01 12:35:19 PM,335.4,1,335.4,63338844.94999999
2025-08-01 12:35:24 PM,335.4,15,5031.0,63343875.94999999
2025-08-01 12:35:29 PM,335.5,0,0.0,63343875.94999999
2025-08-01 12:35:34 PM,335.5,30,10065.0,63353940.94999999
2025-08-01 12:36:01 PM,335.5,1,335.5,63354276.44999999
2025-08-01 12:36:51 PM,335.2,0,0.0,63354276.44999999
2025-08-01 12:36:52 PM,335.6,0,0.0,63354276.44999999
2025-08-01 12:36:52 PM,335.6,181,60743.600000000006,63415020.04999999
2025-08-01 12:37:00 PM,335.7,0,0.0,63415020.04999999
2025-08-01 12:37:03 PM,335.7,79,26520.3,63441540.34999999
2025-08-01 12:37:16 PM,335.55,0,0.0,63441540.34999999
2025-08-01 12:37:17 PM,335.55,416,139588.80000000002,63581129.14999998
2025-08-01 12:37:19 PM,335.6,0,0.0,63581129.14999998
2025-08-01 12:37:23 PM,335.6,26,8725.6,63589854.749999985
2025-08-01 12:38:51 PM,335.1,0,0.0,63589854.749999985
2025-08-01 12:38:51 PM,335.1,56,18765.600000000002,63608620.34999999
2025-08-01 12:38:52 PM,335.4,0,0.0,63608620.34999999
2025-08-01 12:38:53 PM,335.4,127,42595.799999999996,63651216.14999998
2025-08-01 12:39:12 PM,335.4,1,335.4,63651551.54999998
2025-08-01 12:39:21 PM,335.4,3,1006.1999999999999,63652557.749999985
2025-08-01 12:39:50 PM,335.1,2,670.2,63653227.94999999
2025-08-01 12:40:05 PM,335.3,0,0.0,63653227.94999999
2025-08-01 12:40:06 PM,335.3,21,7041.3,63660269.249999985
2025-08-01 12:40:53 PM,335.25,185,62021.25,63722290.499999985
2025-08-01 12:42:06 PM,335.25,1,335.25,63722625.749999985
2025-08-01 12:42:12 PM,335.3,10,3353.0,63725978.749999985
2025-08-01 12:42:22 PM,335.25,136,45594.0,63771572.749999985
2025-08-01 12:42:25 PM,335.35,0,0.0,63771572.749999985
2025-08-01 12:42:26 PM,335.35,52,17438.2,63789010.94999999
2025-08-01 12:42:41 PM,335.25,0,0.0,63789010.94999999
2025-08-01 12:42:41 PM,335.25,2,670.5,63789681.44999999
2025-08-01 12:42:51 PM,335.0,0,0.0,63789681.44999999
2025-08-01 12:42:51 PM,335.0,117,39195.0,63828876.44999999
2025-08-01 12:42:52 PM,334.9,1,334.9,63829211.34999999
2025-08-01 12:42:53 PM,334.7,0,0.0,63829211.34999999
2025-08-01 12:42:54 PM,334.65,0,0.0,63829211.34999999
2025-08-01 12:42:57 PM,335.1,182,60988.200000000004,63890199.54999999
2025-08-01 12:43:03 PM,334.7,100,33470.0,63923669.54999999
2025-08-01 12:43:05 PM,335.05,0,0.0,63923669.54999999
2025-08-01 12:43:08 PM,335.05,4,1340.2,63925009.74999999
2025-08-01 12:43:09 PM,334.9,216,72338.4,63997348.14999999
2025-08-01 12:43:19 PM,334.9,10,3349.0,64000697.14999999
2025-08-01 12:43:30 PM,335.4,473,158644.19999999998,64159341.349999994
2025-08-01 12:43:31 PM,336.3,3357,1128959.1,65288300.449999996
2025-08-01 12:43:31 PM,336.25,0,0.0,65288300.449999996
2025-08-01 12:43:36 PM,336.25,6,2017.5,65290317.949999996
2025-08-01 12:44:25 PM,336.15,104,34959.6,65325277.55
2025-08-01 12:44:31 PM,336.25,0,0.0,65325277.55
2025-08-01 12:44:35 PM,336.25,1657,557166.25,65882443.8
2025-08-01 12:44:38 PM,336.3,0,0.0,65882443.8
2025-08-01 12:44:41 PM,336.3,5,1681.5,65884125.3
2025-08-01 12:44:53 PM,335.6,0,0.0,65884125.3
2025-08-01 12:44:55 PM,336.0,0,0.0,65884125.3
2025-08-01 12:44:56 PM,336.0,184,61824.0,65945949.3
2025-08-01 12:45:09 PM,336.1,0,0.0,65945949.3
2025-08-01 12:45:11 PM,336.1,1,336.1,65946285.4
2025-08-01 12:45:58 PM,336.25,14,4707.5,65950992.9
2025-08-01 12:46:53 PM,335.9,37,12428.3,65963421.199999996
2025-08-01 12:46:54 PM,335.75,0,0.0,65963421.199999996
2025-08-01 12:46:57 PM,336.2,0,0.0,65963421.199999996
2025-08-01 12:46:58 PM,336.15,208,69919.2,66033340.4
2025-08-01 12:47:03 PM,336.15,1,336.15,66033676.55
2025-08-01 12:48:24 PM,336.1,0,0.0,66033676.55
2025-08-01 12:48:25 PM,336.1,51,17141.100000000002,66050817.65
2025-08-01 12:48:53 PM,335.95,0,0.0,66050817.65
2025-08-01 12:48:54 PM,336.05,186,62505.3,66113322.949999996
2025-08-01 12:49:04 PM,336.05,1,336.05,66113658.99999999
2025-08-01 12:49:13 PM,335.75,0,0.0,66113658.99999999
2025-08-01 12:49:14 PM,335.75,3,1007.25,66114666.24999999
2025-08-01 12:49:24 PM,335.75,1,335.75,66115001.99999999
2025-08-01 12:49:31 PM,336.05,0,0.0,66115001.99999999
2025-08-01 12:49:33 PM,336.05,1,336.05,66115338.04999999
2025-08-01 12:49:34 PM,335.75,1,335.75,66115673.79999999
2025-08-01 12:50:01 PM,336.15,0,0.0,66115673.79999999
2025-08-01 12:50:02 PM,336.35,0,0.0,66115673.79999999
2025-08-01 12:50:03 PM,336.35,105,35316.75,66150990.54999999
2025-08-01 12:50:04 PM,335.95,0,0.0,66150990.54999999
2025-08-01 12:50:05 PM,335.95,2,671.9,66151662.44999999
2025-08-01 12:50:35 PM,336.1,0,0.0,66151662.44999999
2025-08-01 12:50:36 PM,336.1,52,17477.2,66169139.64999999
2025-08-01 12:50:51 PM,335.75,0,0.0,66169139.64999999
2025-08-01 12:50:52 PM,335.75,75,25181.25,66194320.89999999
2025-08-01 12:50:53 PM,335.55,0,0.0,66194320.89999999
2025-08-01 12:50:55 PM,335.75,0,0.0,66194320.89999999
2025-08-01 12:50:56 PM,335.75,105,35253.75,66229574.64999999
2025-08-01 12:50:57 PM,336.05,0,0.0,66229574.64999999
2025-08-01 12:50:59 PM,336.0,0,0.0,66229574.64999999
2025-08-01 12:51:01 PM,336.0,105,35280.0,66264854.64999999
2025-08-01 12:52:31 PM,336.0,3,1008.0,66265862.64999999
2025-08-01 12:52:51 PM,335.95,0,0.0,66265862.64999999
2025-08-01 12:52:52 PM,335.95,184,61814.799999999996,66327677.44999999
2025-08-01 12:53:04 PM,336.0,0,0.0,66327677.44999999
2025-08-01 12:53:06 PM,336.0,40,13440.0,66341117.44999999
2025-08-01 12:54:53 PM,335.9,0,0.0,66341117.44999999
2025-08-01 12:54:57 PM,335.9,186,62477.399999999994,66403594.84999999
2025-08-01 12:55:24 PM,335.9,21,7053.9,66410648.749999985
2025-08-01 12:55:44 PM,335.9,1,335.9,66410984.64999998
2025-08-01 12:55:47 PM,335.6,0,0.0,66410984.64999998
2025-08-01 12:55:48 PM,335.6,2,671.2,66411655.84999999
2025-08-01 12:56:08 PM,335.85,234,78588.90000000001,66490244.749999985
2025-08-01 12:56:09 PM,335.8,0,0.0,66490244.749999985
2025-08-01 12:56:09 PM,335.8,1,335.8,66490580.54999998
2025-08-01 12:56:11 PM,335.95,0,0.0,66490580.54999998
2025-08-01 12:56:13 PM,335.9,0,0.0,66490580.54999998
2025-08-01 12:56:14 PM,335.9,939,315410.1,66805990.64999998
2025-08-01 12:56:52 PM,335.65,0,0.0,66805990.64999998
2025-08-01 12:56:54 PM,335.8,186,62458.8,66868449.44999998
2025-08-01 12:57:45 PM,335.85,0,0.0,66868449.44999998
2025-08-01 12:57:49 PM,335.85,104,34928.4,66903377.84999998
2025-08-01 12:58:13 PM,335.85,2,671.7,66904049.54999998
2025-08-01 12:58:28 PM,336.0,0,0.0,66904049.54999998
2025-08-01 12:58:29 PM,335.9,0,0.0,66904049.54999998
2025-08-01 12:58:29 PM,335.9,116,38964.399999999994,66943013.94999998
2025-08-01 12:58:51 PM,335.6,0,0.0,66943013.94999998
2025-08-01 12:58:53 PM,335.95,0,0.0,66943013.94999998
2025-08-01 12:58:54 PM,335.95,185,62150.75,67005164.69999998
2025-08-01 12:59:21 PM,336.0,0,0.0,67005164.69999998
2025-08-01 12:59:25 PM,336.0,1,336.0,67005500.69999998
2025-08-01 12:59:43 PM,336.2,0,0.0,67005500.69999998
2025-08-01 12:59:45 PM,336.2,148,49757.6,67055258.29999998
2025-08-01 01:00:07 PM,336.3,52,17487.600000000002,67072745.89999998
2025-08-01 01:00:13 PM,336.25,0,0.0,67072745.89999998
2025-08-01 01:00:17 PM,336.25,52,17485.0,67090230.89999998
2025-08-01 01:00:24 PM,336.0,0,0.0,67090230.89999998
2025-08-01 01:00:27 PM,336.0,8,2688.0,67092918.89999998
2025-08-01 01:00:53 PM,336.0,156,52416.0,67145334.89999998
2025-08-01 01:00:53 PM,335.75,0,0.0,67145334.89999998
2025-08-01 01:00:54 PM,336.1,23,7730.3,67153065.19999997
2025-08-01 01:00:56 PM,336.15,0,0.0,67153065.19999997
2025-08-01 01:00:56 PM,336.25,0,0.0,67153065.19999997
2025-08-01 01:00:58 PM,336.25,33,11096.25,67164161.44999997
2025-08-01 01:01:06 PM,336.3,0,0.0,67164161.44999997
2025-08-01 01:01:09 PM,336.3,104,34975.200000000004,67199136.64999998
2025-08-01 01:01:16 PM,336.3,52,17487.600000000002,67216624.24999997
2025-08-01 01:01:36 PM,336.3,1,336.3,67216960.54999997
2025-08-01 01:01:51 PM,336.1,52,17477.2,67234437.74999997
2025-08-01 01:02:09 PM,336.5,106,35669.0,67270106.74999997
2025-08-01 01:02:52 PM,335.95,0,0.0,67270106.74999997
2025-08-01 01:02:54 PM,336.3,0,0.0,67270106.74999997
2025-08-01 01:02:54 PM,336.35,0,0.0,67270106.74999997
2025-08-01 01:02:55 PM,336.35,183,61552.05,67331658.79999997
2025-08-01 01:03:25 PM,336.3,45,15133.5,67346792.29999997
2025-08-01 01:03:54 PM,336.45,722,242916.9,67589709.19999997
2025-08-01 01:04:19 PM,336.35,52,17490.2,67607199.39999998
2025-08-01 01:04:42 PM,336.35,3,1009.0500000000001,67608208.44999997
2025-08-01 01:04:52 PM,336.3,0,0.0,67608208.44999997
2025-08-01 01:04:52 PM,336.3,185,62215.5,67670423.94999997
2025-08-01 01:05:27 PM,336.3,52,17487.600000000002,67687911.54999997
2025-08-01 01:05:58 PM,336.25,0,0.0,67687911.54999997
2025-08-01 01:05:58 PM,336.25,5,1681.25,67689592.79999997
2025-08-01 01:06:09 PM,336.25,34,11432.5,67701025.29999997
2025-08-01 01:06:35 PM,336.25,2,672.5,67701697.79999997
2025-08-01 01:06:50 PM,336.3,0,0.0,67701697.79999997
2025-08-01 01:06:50 PM,336.3,708,238100.4,67939798.19999997
2025-08-01 01:06:51 PM,336.3,1424,478891.2,68418689.39999998
2025-08-01 01:06:53 PM,336.45,0,0.0,68418689.39999998
2025-08-01 01:06:55 PM,336.45,59,19850.55,68438539.94999997
2025-08-01 01:07:10 PM,336.35,4,1345.4,68439885.34999998
2025-08-01 01:07:37 PM,336.5,8,2692.0,68442577.34999998
2025-08-01 01:07:38 PM,336.5,1,336.5,68442913.84999998
2025-08-01 01:08:42 PM,336.5,104,34996.0,68477909.84999998
2025-08-01 01:08:52 PM,336.35,0,0.0,68477909.84999998
2025-08-01 01:08:53 PM,336.25,16,5380.0,68483289.84999998
2025-08-01 01:08:55 PM,336.5,0,0.0,68483289.84999998
2025-08-01 01:08:56 PM,336.5,168,56532.0,68539821.84999998
2025-08-01 01:09:04 PM,336.35,0,0.0,68539821.84999998
2025-08-01 01:09:06 PM,336.35,238,80051.3,68619873.14999998
2025-08-01 01:09:31 PM,336.3,0,0.0,68619873.14999998
2025-08-01 01:09:32 PM,336.3,15,5044.5,68624917.64999998
2025-08-01 01:09:44 PM,336.3,29,9752.7,68634670.34999998
2025-08-01 01:10:08 PM,336.25,0,0.0,68634670.34999998
2025-08-01 01:10:09 PM,336.25,104,34970.0,68669640.34999998
2025-08-01 01:10:48 PM,336.2,0,0.0,68669640.34999998
2025-08-01 01:10:48 PM,336.2,14,4706.8,68674347.14999998
2025-08-01 01:10:50 PM,335.95,178,59799.1,68734146.24999997
2025-08-01 01:10:51 PM,336.25,0,0.0,68734146.24999997
2025-08-01 01:10:52 PM,336.2,0,0.0,68734146.24999997
2025-08-01 01:10:53 PM,336.2,8,2689.6,68736835.84999996
2025-08-01 01:10:55 PM,336.25,124,41695.0,68778530.84999996
2025-08-01 01:11:18 PM,336.25,10,3362.5,68781893.34999996
2025-08-01 01:11:19 PM,336.1,0,0.0,68781893.34999996
2025-08-01 01:11:20 PM,336.1,168,56464.8,68838358.14999996
2025-08-01 01:11:31 PM,336.2,0,0.0,68838358.14999996
2025-08-01 01:11:32 PM,336.2,35,11767.0,68850125.14999996
2025-08-01 01:11:58 PM,335.7,0,0.0,68850125.14999996
2025-08-01 01:11:59 PM,336.0,0,0.0,68850125.14999996
2025-08-01 01:11:59 PM,336.0,30,10080.0,68860205.14999996
2025-08-01 01:12:01 PM,335.85,0,0.0,68860205.14999996
2025-08-01 01:12:02 PM,335.85,2,671.7,68860876.84999996
2025-08-01 01:12:41 PM,336.35,0,0.0,68860876.84999996
2025-08-01 01:12:43 PM,336.35,873,293633.55000000005,69154510.39999996
2025-08-01 01:12:53 PM,335.75,0,0.0,69154510.39999996
2025-08-01 01:12:53 PM,335.75,177,59427.75,69213938.14999996
2025-08-01 01:13:03 PM,335.8,2,671.6,69214609.74999996
2025-08-01 01:13:07 PM,336.15,0,0.0,69214609.74999996
2025-08-01 01:13:08 PM,336.15,19,6386.849999999999,69220996.59999995
2025-08-01 01:13:11 PM,336.15,6,2016.8999999999999,69223013.49999996
2025-08-01 01:14:07 PM,336.2,1,336.2,69223349.69999996
2025-08-01 01:14:52 PM,335.8,0,0.0,69223349.69999996
2025-08-01 01:14:53 PM,335.55,178,59727.9,69283077.59999996
2025-08-01 01:16:53 PM,335.6,0,0.0,69283077.59999996
2025-08-01 01:16:54 PM,335.6,178,59736.8,69342814.39999996
2025-08-01 01:17:58 PM,335.5,0,0.0,69342814.39999996
2025-08-01 01:18:01 PM,335.5,304,101992.0,69444806.39999996
2025-08-01 01:18:06 PM,335.5,3,1006.5,69445812.89999996
2025-08-01 01:18:26 PM,335.5,5,1677.5,69447490.39999996
2025-08-01 01:18:53 PM,335.3,0,0.0,69447490.39999996
2025-08-01 01:18:53 PM,335.0,0,0.0,69447490.39999996
2025-08-01 01:18:56 PM,335.0,178,59630.0,69507120.39999996
2025-08-01 01:19:01 PM,335.35,0,0.0,69507120.39999996
2025-08-01 01:19:01 PM,335.35,1,335.35,69507455.74999996
2025-08-01 01:19:35 PM,335.05,0,0.0,69507455.74999996
2025-08-01 01:19:35 PM,335.05,76,25463.8,69532919.54999995
2025-08-01 01:19:45 PM,335.0,0,0.0,69532919.54999995
2025-08-01 01:19:46 PM,335.0,2,670.0,69533589.54999995
2025-08-01 01:20:05 PM,335.3,3,1005.9000000000001,69534595.44999996
2025-08-01 01:20:46 PM,335.3,1,335.3,69534930.74999996
2025-08-01 01:20:53 PM,335.0,0,0.0,69534930.74999996
2025-08-01 01:20:54 PM,334.9,0,0.0,69534930.74999996
2025-08-01 01:20:55 PM,334.9,177,59277.299999999996,69594208.04999995
2025-08-01 01:21:47 PM,335.25,0,0.0,69594208.04999995
2025-08-01 01:21:50 PM,335.25,1,335.25,69594543.29999995
2025-08-01 01:22:04 PM,335.25,4,1341.0,69595884.29999995
2025-08-01 01:22:52 PM,334.95,0,0.0,69595884.29999995
2025-08-01 01:22:54 PM,334.95,178,59621.1,69655505.39999995
2025-08-01 01:22:59 PM,335.3,0,0.0,69655505.39999995
2025-08-01 01:22:59 PM,335.3,25,8382.5,69663887.89999995
2025-08-01 01:23:32 PM,335.3,15,5029.5,69668917.39999995
2025-08-01 01:24:25 PM,335.3,30,10059.0,69678976.39999995
2025-08-01 01:24:30 PM,335.3,10,3353.0,69682329.39999995
2025-08-01 01:24:32 PM,335.0,0,0.0,69682329.39999995
2025-08-01 01:24:34 PM,335.0,2,670.0,69682999.39999995
2025-08-01 01:24:53 PM,334.8,0,0.0,69682999.39999995
2025-08-01 01:24:54 PM,335.25,0,0.0,69682999.39999995
2025-08-01 01:24:54 PM,335.25,248,83142.0,69766141.39999995
2025-08-01 01:26:18 PM,335.25,32,10728.0,69776869.39999995
2025-08-01 01:26:52 PM,335.0,0,0.0,69776869.39999995
2025-08-01 01:26:52 PM,335.0,177,59295.0,69836164.39999995
2025-08-01 01:27:46 PM,335.4,0,0.0,69836164.39999995
2025-08-01 01:27:46 PM,335.05,322,107886.1,69944050.49999994
2025-08-01 01:28:11 PM,335.0,300,100500.0,70044550.49999994
2025-08-01 01:28:50 PM,335.05,0,0.0,70044550.49999994
2025-08-01 01:28:53 PM,335.05,178,59638.9,70104189.39999995
2025-08-01 01:29:19 PM,335.1,0,0.0,70104189.39999995
2025-08-01 01:29:22 PM,335.1,10,3351.0,70107540.39999995
2025-08-01 01:29:48 PM,335.9,0,0.0,70107540.39999995
2025-08-01 01:29:50 PM,335.9,2000,671800.0,70779340.39999995
2025-08-01 01:29:59 PM,335.65,0,0.0,70779340.39999995
2025-08-01 01:30:00 PM,335.65,50,16782.5,70796122.89999995
2025-08-01 01:30:50 PM,335.3,0,0.0,70796122.89999995
2025-08-01 01:30:54 PM,335.3,178,59683.4,70855806.29999995
2025-08-01 01:31:05 PM,335.65,3,1006.9499999999999,70856813.24999996
2025-08-01 01:31:25 PM,335.85,1,335.85,70857149.09999995
2025-08-01 01:31:35 PM,335.85,1,335.85,70857484.94999994
2025-08-01 01:31:54 PM,335.85,7,2350.9500000000003,70859835.89999995
2025-08-01 01:31:59 PM,335.6,737,247337.2,71107173.09999995
2025-08-01 01:32:37 PM,335.3,0,0.0,71107173.09999995
2025-08-01 01:32:38 PM,335.3,1,335.3,71107508.39999995
2025-08-01 01:32:50 PM,335.25,0,0.0,71107508.39999995
2025-08-01 01:32:53 PM,335.25,178,59674.5,71167182.89999995
2025-08-01 01:33:32 PM,335.25,100,33525.0,71200707.89999995
2025-08-01 01:34:34 PM,335.5,0,0.0,71200707.89999995
2025-08-01 01:34:35 PM,335.5,10,3355.0,71204062.89999995
2025-08-01 01:34:53 PM,335.1,177,59312.700000000004,71263375.59999995
2025-08-01 01:35:56 PM,335.1,25,8377.5,71271753.09999995
2025-08-01 01:36:35 PM,335.45,0,0.0,71271753.09999995
2025-08-01 01:36:40 PM,335.45,29,9728.05,71281481.14999995
2025-08-01 01:36:52 PM,335.1,0,0.0,71281481.14999995
2025-08-01 01:36:53 PM,335.05,0,0.0,71281481.14999995
2025-08-01 01:36:54 PM,335.05,178,59638.9,71341120.04999995
2025-08-01 01:37:56 PM,335.5,0,0.0,71341120.04999995
2025-08-01 01:37:58 PM,335.5,10,3355.0,71344475.04999995
2025-08-01 01:38:03 PM,335.65,0,0.0,71344475.04999995
2025-08-01 01:38:03 PM,335.65,8,2685.2,71347160.24999996
2025-08-01 01:38:51 PM,335.15,0,0.0,71347160.24999996
2025-08-01 01:38:52 PM,335.05,178,59638.9,71406799.14999996
2025-08-01 01:39:09 PM,335.05,59,19767.95,71426567.09999996
2025-08-01 01:39:14 PM,335.05,20,6701.0,71433268.09999996
2025-08-01 01:39:20 PM,335.05,1,335.05,71433603.14999996
2025-08-01 01:39:35 PM,334.85,0,0.0,71433603.14999996
2025-08-01 01:39:35 PM,334.85,34,11384.900000000001,71444988.04999997
2025-08-01 01:40:16 PM,335.3,151,50630.3,71495618.34999996
2025-08-01 01:40:53 PM,334.8,0,0.0,71495618.34999996
2025-08-01 01:40:55 PM,334.8,177,59259.6,71554877.94999996
2025-08-01 01:41:18 PM,335.2,0,0.0,71554877.94999996
2025-08-01 01:41:20 PM,335.2,2,670.4,71555548.34999996
2025-08-01 01:42:18 PM,335.3,0,0.0,71555548.34999996
2025-08-01 01:42:19 PM,335.3,30,10059.0,71565607.34999996
2025-08-01 01:42:23 PM,335.0,0,0.0,71565607.34999996
2025-08-01 01:42:24 PM,335.0,55,18425.0,71584032.34999996
2025-08-01 01:42:53 PM,334.85,0,0.0,71584032.34999996
2025-08-01 01:42:53 PM,334.85,178,59603.3,71643635.64999996
2025-08-01 01:43:07 PM,335.0,0,0.0,71643635.64999996
2025-08-01 01:43:08 PM,335.0,20,6700.0,71650335.64999996
2025-08-01 01:43:34 PM,335.0,43,14405.0,71664740.64999996
2025-08-01 01:44:51 PM,335.05,0,0.0,71664740.64999996
2025-08-01 01:44:53 PM,335.05,178,59638.9,71724379.54999997
2025-08-01 01:45:01 PM,335.25,0,0.0,71724379.54999997
2025-08-01 01:45:03 PM,335.25,1,335.25,71724714.79999997
2025-08-01 01:45:13 PM,335.25,10,3352.5,71728067.29999997
2025-08-01 01:45:59 PM,335.7,0,0.0,71728067.29999997
2025-08-01 01:46:02 PM,335.7,300,100710.0,71828777.29999997
2025-08-01 01:46:05 PM,335.65,0,0.0,71828777.29999997
2025-08-01 01:46:07 PM,335.7,31,10406.699999999999,71839183.99999997
2025-08-01 01:46:51 PM,335.35,0,0.0,71839183.99999997
2025-08-01 01:46:52 PM,335.2,178,59665.6,71898849.59999996
2025-08-01 01:47:49 PM,335.25,0,0.0,71898849.59999996
2025-08-01 01:47:52 PM,335.25,48,16092.0,71914941.59999996
2025-08-01 01:48:11 PM,335.5,0,0.0,71914941.59999996
2025-08-01 01:48:12 PM,335.5,3,1006.5,71915948.09999996
2025-08-01 01:48:50 PM,335.05,0,0.0,71915948.09999996
2025-08-01 01:48:52 PM,335.1,224,75062.40000000001,71991010.49999997
2025-08-01 01:49:13 PM,335.5,0,0.0,71991010.49999997
2025-08-01 01:49:16 PM,335.5,31,10400.5,72001410.99999997
2025-08-01 01:49:20 PM,335.6,0,0.0,72001410.99999997
2025-08-01 01:49:20 PM,335.6,51,17115.600000000002,72018526.59999996
2025-08-01 01:49:53 PM,335.55,0,0.0,72018526.59999996
2025-08-01 01:49:54 PM,335.55,1,335.55,72018862.14999996
2025-08-01 01:50:04 PM,335.6,4,1342.4,72020204.54999997
2025-08-01 01:50:09 PM,335.6,2,671.2,72020875.74999997
2025-08-01 01:50:13 PM,335.25,0,0.0,72020875.74999997
2025-08-01 01:50:14 PM,335.25,25,8381.25,72029256.99999997
2025-08-01 01:50:47 PM,335.65,0,0.0,72029256.99999997
2025-08-01 01:50:48 PM,335.65,6,2013.8999999999999,72031270.89999998
2025-08-01 01:50:51 PM,335.25,0,0.0,72031270.89999998
2025-08-01 01:50:53 PM,335.25,178,59674.5,72090945.39999998
2025-08-01 01:51:45 PM,335.65,0,0.0,72090945.39999998
2025-08-01 01:51:46 PM,335.65,20,6713.0,72097658.39999998
2025-08-01 01:52:01 PM,335.65,2,671.3,72098329.69999997
2025-08-01 01:52:13 PM,335.3,0,0.0,72098329.69999997
2025-08-01 01:52:16 PM,335.3,48,16094.400000000001,72114424.09999998
2025-08-01 01:52:17 PM,335.6,0,0.0,72114424.09999998
2025-08-01 01:52:17 PM,335.6,25,8390.0,72122814.09999998
2025-08-01 01:52:45 PM,335.6,4,1342.4,72124156.49999999
2025-08-01 01:52:52 PM,335.25,0,0.0,72124156.49999999
2025-08-01 01:52:55 PM,335.25,188,63027.0,72187183.49999999
2025-08-01 01:53:23 PM,335.3,0,0.0,72187183.49999999
2025-08-01 01:53:24 PM,335.3,25,8382.5,72195565.99999999
2025-08-01 01:53:28 PM,335.3,27,9053.1,72204619.09999998
2025-08-01 01:53:29 PM,335.3,1,335.3,72204954.39999998
2025-08-01 01:54:11 PM,335.2,42,14078.4,72219032.79999998
2025-08-01 01:54:25 PM,335.15,28,9384.199999999999,72228416.99999999
2025-08-01 01:54:51 PM,335.1,0,0.0,72228416.99999999
2025-08-01 01:54:53 PM,335.1,177,59312.700000000004,72287729.69999999
2025-08-01 01:54:58 PM,335.1,46,15414.6,72303144.29999998
2025-08-01 01:55:24 PM,335.1,2,670.2,72303814.49999999
2025-08-01 01:55:51 PM,335.35,0,0.0,72303814.49999999
2025-08-01 01:55:54 PM,335.35,20,6707.0,72310521.49999999
2025-08-01 01:56:10 PM,335.1,0,0.0,72310521.49999999
2025-08-01 01:56:13 PM,335.1,45,15079.500000000002,72325600.99999999
2025-08-01 01:56:21 PM,335.05,0,0.0,72325600.99999999
2025-08-01 01:56:23 PM,335.05,40,13402.0,72339002.99999999
2025-08-01 01:56:53 PM,335.0,0,0.0,72339002.99999999
2025-08-01 01:56:53 PM,335.0,3069,1028115.0,73367117.99999999
2025-08-01 01:56:54 PM,334.8,217,72651.6,73439769.59999998
2025-08-01 01:57:03 PM,334.7,1154,386243.8,73826013.39999998
2025-08-01 01:57:07 PM,334.4,0,0.0,73826013.39999998
2025-08-01 01:57:08 PM,334.4,21,7022.4,73833035.79999998
2025-08-01 01:57:13 PM,334.6,0,0.0,73833035.79999998
2025-08-01 01:57:13 PM,334.6,5,1673.0,73834708.79999998
2025-08-01 01:57:21 PM,334.5,0,0.0,73834708.79999998
2025-08-01 01:57:23 PM,334.5,10,3345.0,73838053.79999998
2025-08-01 01:57:37 PM,334.5,3,1003.5,73839057.29999998
2025-08-01 01:57:48 PM,334.5,2,669.0,73839726.29999998
2025-08-01 01:57:57 PM,334.5,2,669.0,73840395.29999998
2025-08-01 01:58:07 PM,334.5,1,334.5,73840729.79999998
2025-08-01 01:58:12 PM,334.5,10,3345.0,73844074.79999998
2025-08-01 01:58:23 PM,334.25,0,0.0,73844074.79999998
2025-08-01 01:58:26 PM,334.25,62,20723.5,73864798.29999998
2025-08-01 01:58:31 PM,334.5,0,0.0,73864798.29999998
2025-08-01 01:58:31 PM,334.5,220,73590.0,73938388.29999998
2025-08-01 01:58:31 PM,334.7,0,0.0,73938388.29999998
2025-08-01 01:58:32 PM,334.7,482,161325.4,74099713.69999999
2025-08-01 01:58:37 PM,334.7,2,669.4,74100383.1
2025-08-01 01:58:41 PM,334.7,3,1004.0999999999999,74101387.19999999
2025-08-01 01:58:52 PM,334.2,178,59487.6,74160874.79999998
2025-08-01 02:00:03 PM,334.85,0,0.0,74160874.79999998
2025-08-01 02:00:08 PM,334.85,147,49222.950000000004,74210097.74999999
2025-08-01 02:00:09 PM,334.3,0,0.0,74210097.74999999
2025-08-01 02:00:11 PM,334.7,0,0.0,74210097.74999999
2025-08-01 02:00:13 PM,334.7,201,67274.7,74277372.44999999
2025-08-01 02:00:28 PM,334.7,6,2008.1999999999998,74279380.64999999
2025-08-01 02:00:45 PM,334.3,0,0.0,74279380.64999999
2025-08-01 02:00:46 PM,334.3,10,3343.0,74282723.64999999
2025-08-01 02:00:51 PM,334.6,30,10038.0,74292761.64999999
2025-08-01 02:00:51 PM,334.65,0,0.0,74292761.64999999
2025-08-01 02:00:52 PM,335.3,0,0.0,74292761.64999999
2025-08-01 02:00:56 PM,335.3,870,291711.0,74584472.64999999
2025-08-01 02:01:12 PM,335.4,0,0.0,74584472.64999999
2025-08-01 02:01:16 PM,335.4,9,3018.6,74587491.24999999
2025-08-01 02:01:16 PM,335.45,30,10063.5,74597554.74999999
2025-08-01 02:01:21 PM,335.45,12,4025.3999999999996,74601580.14999999
2025-08-01 02:01:31 PM,335.85,0,0.0,74601580.14999999
2025-08-01 02:01:33 PM,335.8,0,0.0,74601580.14999999
2025-08-01 02:01:35 PM,335.8,104,34923.200000000004,74636503.35
