date,price,qty,trnvr,cum_trnvr
2025-08-01 09:15:00 AM,1017.6,145,147552.0,147552.0
2025-08-01 09:15:01 AM,1022.9,0,0.0,147552.0
2025-08-01 09:15:09 AM,1017.7,0,0.0,147552.0
2025-08-01 09:15:10 AM,1017.7,23,23407.100000000002,170959.1
2025-08-01 09:15:23 AM,1018.5,412,419622.0,590581.1
2025-08-01 09:15:29 AM,1018.0,0,0.0,590581.1
2025-08-01 09:15:30 AM,1018.0,279,284022.0,874603.1
2025-08-01 09:15:32 AM,1016.5,191,194151.5,1068754.6
2025-08-01 09:15:38 AM,1015.5,0,0.0,1068754.6
2025-08-01 09:15:46 AM,1017.5,0,0.0,1068754.6
2025-08-01 09:15:47 AM,1017.5,101,102767.5,1171522.1
2025-08-01 09:16:00 AM,1016.4,0,0.0,1171522.1
2025-08-01 09:16:02 AM,1014.5,0,0.0,1171522.1
2025-08-01 09:16:03 AM,1015.5,1198,1216569.0,2388091.1
2025-08-01 09:16:08 AM,1014.7,0,0.0,2388091.1
2025-08-01 09:16:13 AM,1015.0,203,206045.0,2594136.1
2025-08-01 09:16:19 AM,1015.0,50,50750.0,2644886.1
2025-08-01 09:16:21 AM,1015.6,364,369678.4,3014564.5
2025-08-01 09:16:24 AM,1015.9,0,0.0,3014564.5
2025-08-01 09:16:26 AM,1015.0,0,0.0,3014564.5
2025-08-01 09:16:28 AM,1015.0,56,56840.0,3071404.5
2025-08-01 09:16:36 AM,1015.0,12,12180.0,3083584.5
2025-08-01 09:16:52 AM,1014.0,8,8112.0,3091696.5
2025-08-01 09:16:54 AM,1014.0,799,810186.0,3901882.5
2025-08-01 09:17:01 AM,1014.5,3,3043.5,3904926.0
2025-08-01 09:17:02 AM,1013.3,7,7093.099999999999,3912019.1
2025-08-01 09:17:05 AM,1014.3,0,0.0,3912019.1
2025-08-01 09:17:09 AM,1014.5,80,81160.0,3993179.1
2025-08-01 09:17:10 AM,1014.7,62,62911.4,4056090.5
2025-08-01 09:17:14 AM,1015.1,0,0.0,4056090.5
2025-08-01 09:17:17 AM,1014.8,19,19281.2,4075371.7
2025-08-01 09:17:25 AM,1016.2,16,16259.2,4091630.9000000004
2025-08-01 09:17:26 AM,1016.8,177,179973.6,4271604.5
2025-08-01 09:17:29 AM,1015.9,0,0.0,4271604.5
2025-08-01 09:17:34 AM,1015.9,8,8127.2,4279731.7
2025-08-01 09:17:42 AM,1015.9,75,76192.5,4355924.2
2025-08-01 09:17:57 AM,1016.7,0,0.0,4355924.2
2025-08-01 09:17:58 AM,1016.7,3,3050.1000000000004,4358974.3
2025-08-01 09:18:03 AM,1016.9,0,0.0,4358974.3
2025-08-01 09:18:05 AM,1018.0,0,0.0,4358974.3
2025-08-01 09:18:08 AM,1018.0,29,29522.0,4388496.3
2025-08-01 09:18:21 AM,1019.2,0,0.0,4388496.3
2025-08-01 09:18:23 AM,1019.2,102,103958.40000000001,4492454.7
2025-08-01 09:18:34 AM,1019.1,0,0.0,4492454.7
2025-08-01 09:18:40 AM,1019.0,30,30570.0,4523024.7
2025-08-01 09:19:01 AM,1016.5,0,0.0,4523024.7
2025-08-01 09:19:04 AM,1016.5,530,538745.0,5061769.7
2025-08-01 09:19:07 AM,1018.3,0,0.0,5061769.7
2025-08-01 09:19:08 AM,1017.4,0,0.0,5061769.7
2025-08-01 09:19:12 AM,1017.4,67,68165.8,5129935.5
2025-08-01 09:19:16 AM,1018.9,0,0.0,5129935.5
2025-08-01 09:19:20 AM,1018.9,37,37699.299999999996,5167634.8
2025-08-01 09:19:32 AM,1020.3,0,0.0,5167634.8
2025-08-01 09:19:36 AM,1020.5,0,0.0,5167634.8
2025-08-01 09:19:36 AM,1020.5,411,419425.5,5587060.3
2025-08-01 09:19:53 AM,1019.3,2,2038.6,5589098.899999999
2025-08-01 09:19:53 AM,1019.2,0,0.0,5589098.899999999
2025-08-01 09:19:54 AM,1020.3,58,59177.399999999994,5648276.3
2025-08-01 09:20:00 AM,1019.2,0,0.0,5648276.3
2025-08-01 09:20:00 AM,1019.2,1,1019.2,5649295.5
2025-08-01 09:20:07 AM,1019.5,0,0.0,5649295.5
2025-08-01 09:20:08 AM,1019.5,1,1019.5,5650315.0
2025-08-01 09:21:00 AM,1020.2,0,0.0,5650315.0
2025-08-01 09:21:03 AM,1020.2,25,25505.0,5675820.0
2025-08-01 09:21:07 AM,1020.4,0,0.0,5675820.0
2025-08-01 09:21:11 AM,1020.4,5,5102.0,5680922.0
2025-08-01 09:21:19 AM,1020.6,27,27556.2,5708478.2
2025-08-01 09:21:27 AM,1020.4,51,52040.4,5760518.600000001
2025-08-01 09:21:34 AM,1020.7,0,0.0,5760518.600000001
2025-08-01 09:21:35 AM,1020.7,2,2041.4,5762560.000000001
2025-08-01 09:21:37 AM,1021.0,0,0.0,5762560.000000001
2025-08-01 09:21:40 AM,1021.8,0,0.0,5762560.000000001
2025-08-01 09:21:42 AM,1021.8,124,126703.2,5889263.200000001
2025-08-01 09:21:46 AM,1022.0,0,0.0,5889263.200000001
2025-08-01 09:21:50 AM,1022.0,17,17374.0,5906637.200000001
2025-08-01 09:21:53 AM,1022.5,0,0.0,5906637.200000001
2025-08-01 09:21:57 AM,1022.5,140,143150.0,6049787.200000001
2025-08-01 09:22:03 AM,1023.9,0,0.0,6049787.200000001
2025-08-01 09:22:05 AM,1023.9,106,108533.4,6158320.6000000015
2025-08-01 09:22:14 AM,1023.5,2,2047.0,6160367.6000000015
2025-08-01 09:22:28 AM,1023.4,88,90059.2,6250426.800000002
2025-08-01 09:22:29 AM,1022.3,33,33735.9,6284162.700000002
2025-08-01 09:22:43 AM,1021.4,0,0.0,6284162.700000002
2025-08-01 09:22:45 AM,1021.4,8,8171.2,6292333.900000002
2025-08-01 09:22:58 AM,1021.5,13,13279.5,6305613.400000002
2025-08-01 09:23:06 AM,1021.5,13,13279.5,6318892.900000002
2025-08-01 09:23:11 AM,1021.6,0,0.0,6318892.900000002
2025-08-01 09:23:14 AM,1021.6,59,60274.4,6379167.300000003
2025-08-01 09:23:29 AM,1022.3,1,1022.3,6380189.600000002
2025-08-01 09:23:52 AM,1022.3,50,51115.0,6431304.600000002
2025-08-01 09:23:59 AM,1022.8,89,91029.2,6522333.800000003
2025-08-01 09:24:28 AM,1023.0,0,0.0,6522333.800000003
2025-08-01 09:24:30 AM,1023.0,890,910470.0,7432803.800000003
2025-08-01 09:24:32 AM,1022.6,70,71582.0,7504385.800000003
2025-08-01 09:24:34 AM,1023.4,0,0.0,7504385.800000003
2025-08-01 09:24:38 AM,1023.4,200,204680.0,7709065.800000003
2025-08-01 09:25:00 AM,1023.0,28,28644.0,7737709.800000003
2025-08-01 09:25:06 AM,1022.7,0,0.0,7737709.800000003
2025-08-01 09:25:07 AM,1022.7,21,21476.7,7759186.500000003
2025-08-01 09:25:19 AM,1022.8,0,0.0,7759186.500000003
2025-08-01 09:25:22 AM,1022.8,50,51140.0,7810326.500000003
2025-08-01 09:25:43 AM,1022.7,0,0.0,7810326.500000003
2025-08-01 09:25:45 AM,1022.7,50,51135.0,7861461.500000003
2025-08-01 09:25:54 AM,1023.2,0,0.0,7861461.500000003
2025-08-01 09:25:55 AM,1023.2,101,103343.20000000001,7964804.700000003
2025-08-01 09:26:25 AM,1022.2,7,7155.400000000001,7971960.100000003
2025-08-01 09:26:38 AM,1023.5,25,25587.5,7997547.600000003
2025-08-01 09:26:50 AM,1022.6,0,0.0,7997547.600000003
2025-08-01 09:26:54 AM,1022.6,8,8180.8,8005728.400000003
2025-08-01 09:27:20 AM,1023.8,0,0.0,8005728.400000003
2025-08-01 09:27:23 AM,1023.8,70,71666.0,8077394.400000003
2025-08-01 09:27:30 AM,1024.2,0,0.0,8077394.400000003
2025-08-01 09:27:31 AM,1024.2,49,50185.8,8127580.200000003
2025-08-01 09:28:01 AM,1023.2,0,0.0,8127580.200000003
2025-08-01 09:28:01 AM,1023.2,2,2046.4,8129626.600000003
2025-08-01 09:28:07 AM,1024.1,0,0.0,8129626.600000003
2025-08-01 09:28:09 AM,1024.1,50,51204.99999999999,8180831.600000003
2025-08-01 09:28:36 AM,1022.8,0,0.0,8180831.600000003
2025-08-01 09:28:39 AM,1022.8,30,30684.0,8211515.600000003
2025-08-01 09:28:55 AM,1022.8,2,2045.6,8213561.200000003
2025-08-01 09:28:58 AM,1023.6,0,0.0,8213561.200000003
2025-08-01 09:29:02 AM,1023.6,20,20472.0,8234033.200000003
2025-08-01 09:29:18 AM,1023.1,10,10231.0,8244264.200000003
2025-08-01 09:29:30 AM,1022.8,0,0.0,8244264.200000003
2025-08-01 09:29:33 AM,1022.8,2,2045.6,8246309.800000003
2025-08-01 09:29:49 AM,1022.8,8,8182.4,8254492.200000003
2025-08-01 09:29:55 AM,1023.5,10,10235.0,8264727.200000003
2025-08-01 09:30:15 AM,1022.6,0,0.0,8264727.200000003
2025-08-01 09:30:18 AM,1022.6,1,1022.6,8265749.800000003
2025-08-01 09:30:25 AM,1022.2,3,3066.6000000000004,8268816.400000002
2025-08-01 09:30:29 AM,1023.0,0,0.0,8268816.400000002
2025-08-01 09:30:33 AM,1023.0,2,2046.0,8270862.400000002
2025-08-01 09:30:33 AM,1022.2,2,2044.4,8272906.800000003
2025-08-01 09:30:36 AM,1023.0,0,0.0,8272906.800000003
2025-08-01 09:30:40 AM,1023.0,1,1023.0,8273929.800000003
2025-08-01 09:30:45 AM,1022.2,0,0.0,8273929.800000003
2025-08-01 09:30:47 AM,1022.2,1,1022.2,8274952.000000003
2025-08-01 09:30:55 AM,1022.2,4,4088.8,8279040.800000003
2025-08-01 09:31:02 AM,1022.2,1,1022.2,8280063.000000003
2025-08-01 09:31:39 AM,1022.3,2,2044.6,8282107.600000002
2025-08-01 09:32:06 AM,1022.3,3,3066.8999999999996,8285174.500000003
2025-08-01 09:32:14 AM,1022.5,34,34765.0,8319939.500000003
2025-08-01 09:32:21 AM,1022.5,2,2045.0,8321984.500000003
2025-08-01 09:32:34 AM,1022.5,3,3067.5,8325052.000000003
2025-08-01 09:32:39 AM,1022.2,0,0.0,8325052.000000003
2025-08-01 09:32:41 AM,1022.2,100,102220.0,8427272.000000004
2025-08-01 09:32:51 AM,1022.6,0,0.0,8427272.000000004
2025-08-01 09:32:51 AM,1021.5,0,0.0,8427272.000000004
2025-08-01 09:32:55 AM,1020.5,1853,1890986.5,10318258.500000004
2025-08-01 09:32:56 AM,1020.1,1,1020.1,10319278.600000003
2025-08-01 09:32:57 AM,1019.3,0,0.0,10319278.600000003
2025-08-01 09:33:02 AM,1019.6,243,247762.80000000002,10567041.400000004
2025-08-01 09:33:03 AM,1018.2,0,0.0,10567041.400000004
2025-08-01 09:33:03 AM,1018.1,0,0.0,10567041.400000004
2025-08-01 09:33:09 AM,1018.1,1048,1066968.8,11634010.200000005
2025-08-01 09:33:14 AM,1019.5,0,0.0,11634010.200000005
2025-08-01 09:33:16 AM,1019.5,249,253855.5,11887865.700000005
2025-08-01 09:33:19 AM,1019.0,0,0.0,11887865.700000005
2025-08-01 09:33:23 AM,1019.0,5,5095.0,11892960.700000005
2025-08-01 09:33:29 AM,1019.7,0,0.0,11892960.700000005
2025-08-01 09:33:30 AM,1019.7,19,19374.3,11912335.000000006
2025-08-01 09:33:37 AM,1021.1,151,154186.1,12066521.100000005
2025-08-01 09:33:49 AM,1020.4,0,0.0,12066521.100000005
2025-08-01 09:33:51 AM,1020.4,7,7142.8,12073663.900000006
2025-08-01 09:34:09 AM,1020.3,0,0.0,12073663.900000006
2025-08-01 09:34:12 AM,1020.3,6,6121.799999999999,12079785.700000007
2025-08-01 09:34:14 AM,1021.3,0,0.0,12079785.700000007
2025-08-01 09:34:19 AM,1021.3,15,15319.5,12095105.200000007
2025-08-01 09:34:26 AM,1021.2,6,6127.200000000001,12101232.400000006
2025-08-01 09:34:47 AM,1021.2,7,7148.400000000001,12108380.800000006
2025-08-01 09:35:07 AM,1021.2,6,6127.200000000001,12114508.000000006
2025-08-01 09:35:08 AM,1021.3,1,1021.3,12115529.300000006
2025-08-01 09:35:19 AM,1021.2,0,0.0,12115529.300000006
2025-08-01 09:35:22 AM,1021.2,169,172582.80000000002,12288112.100000007
2025-08-01 09:35:24 AM,1020.4,0,0.0,12288112.100000007
2025-08-01 09:35:29 AM,1020.4,6,6122.4,12294234.500000007
2025-08-01 09:35:42 AM,1020.4,7,7142.8,12301377.300000008
2025-08-01 09:35:49 AM,1020.4,7,7142.8,12308520.100000009
2025-08-01 09:35:59 AM,1020.1,0,0.0,12308520.100000009
2025-08-01 09:36:02 AM,1020.1,100,102010.0,12410530.100000009
2025-08-01 09:36:03 AM,1020.0,0,0.0,12410530.100000009
2025-08-01 09:36:09 AM,1020.0,6,6120.0,12416650.100000009
2025-08-01 09:36:22 AM,1020.0,4,4080.0,12420730.100000009
2025-08-01 09:36:27 AM,1019.5,0,0.0,12420730.100000009
2025-08-01 09:36:29 AM,1020.0,24,24480.0,12445210.100000009
2025-08-01 09:36:41 AM,1020.0,6,6120.0,12451330.100000009
2025-08-01 09:37:01 AM,1020.0,6,6120.0,12457450.100000009
2025-08-01 09:37:09 AM,1020.0,4,4080.0,12461530.100000009
2025-08-01 09:37:16 AM,1020.0,1,1020.0,12462550.100000009
2025-08-01 09:37:22 AM,1020.2,0,0.0,12462550.100000009
2025-08-01 09:37:23 AM,1020.2,27,27545.4,12490095.50000001
2025-08-01 09:37:36 AM,1019.3,6,6115.799999999999,12496211.30000001
2025-08-01 09:37:37 AM,1019.2,0,0.0,12496211.30000001
2025-08-01 09:37:37 AM,1019.2,8,8153.6,12504364.90000001
2025-08-01 09:37:41 AM,1019.8,0,0.0,12504364.90000001
2025-08-01 09:37:43 AM,1019.8,1,1019.8,12505384.70000001
2025-08-01 09:37:56 AM,1019.2,6,6115.200000000001,12511499.90000001
2025-08-01 09:38:08 AM,1019.7,0,0.0,12511499.90000001
2025-08-01 09:38:10 AM,1019.7,20,20394.0,12531893.90000001
2025-08-01 09:38:14 AM,1019.2,0,0.0,12531893.90000001
2025-08-01 09:38:17 AM,1019.2,51,51979.200000000004,12583873.100000009
2025-08-01 09:38:19 AM,1019.0,0,0.0,12583873.100000009
2025-08-01 09:38:24 AM,1018.3,13,13237.9,12597111.00000001
2025-08-01 09:38:29 AM,1018.1,0,0.0,12597111.00000001
2025-08-01 09:38:30 AM,1018.1,2,2036.2,12599147.200000009
2025-08-01 09:38:37 AM,1018.1,6,6108.6,12605255.800000008
2025-08-01 09:38:39 AM,1018.8,0,0.0,12605255.800000008
2025-08-01 09:38:44 AM,1018.8,5,5094.0,12610349.800000008
2025-08-01 09:38:50 AM,1018.0,50,50900.0,12661249.800000008
2025-08-01 09:38:55 AM,1017.7,0,0.0,12661249.800000008
2025-08-01 09:38:57 AM,1017.7,7,7123.900000000001,12668373.700000009
2025-08-01 09:39:03 AM,1017.9,8,8143.2,12676516.900000008
2025-08-01 09:39:09 AM,1018.7,0,0.0,12676516.900000008
2025-08-01 09:39:10 AM,1018.7,10,10187.0,12686703.900000008
2025-08-01 09:39:14 AM,1018.5,0,0.0,12686703.900000008
2025-08-01 09:39:17 AM,1018.5,108,109998.0,12796701.900000008
2025-08-01 09:39:24 AM,1017.9,8,8143.2,12804845.100000007
2025-08-01 09:39:31 AM,1017.4,4,4069.6,12808914.700000007
2025-08-01 09:39:36 AM,1017.2,0,0.0,12808914.700000007
2025-08-01 09:39:37 AM,1017.2,3,3051.6000000000004,12811966.300000006
2025-08-01 09:39:40 AM,1016.7,0,0.0,12811966.300000006
2025-08-01 09:39:43 AM,1016.7,200,203340.0,13015306.300000006
2025-08-01 09:39:48 AM,1017.0,0,0.0,13015306.300000006
2025-08-01 09:39:50 AM,1017.0,15,15255.0,13030561.300000006
2025-08-01 09:40:08 AM,1016.9,0,0.0,13030561.300000006
2025-08-01 09:40:10 AM,1016.9,6,6101.4,13036662.700000007
2025-08-01 09:40:28 AM,1017.0,0,0.0,13036662.700000007
2025-08-01 09:40:30 AM,1017.0,6,6102.0,13042764.700000007
2025-08-01 09:40:35 AM,1017.6,0,0.0,13042764.700000007
2025-08-01 09:40:36 AM,1017.6,8,8140.8,13050905.500000007
2025-08-01 09:40:47 AM,1018.0,0,0.0,13050905.500000007
2025-08-01 09:40:49 AM,1018.0,35,35630.0,13086535.500000007
2025-08-01 09:41:07 AM,1020.1,0,0.0,13086535.500000007
2025-08-01 09:41:09 AM,1020.1,232,236663.2,13323198.700000007
2025-08-01 09:41:16 AM,1019.9,47,47935.299999999996,13371134.000000007
2025-08-01 09:41:27 AM,1019.4,0,0.0,13371134.000000007
2025-08-01 09:41:29 AM,1019.4,9,9174.6,13380308.600000007
2025-08-01 09:41:39 AM,1020.8,0,0.0,13380308.600000007
2025-08-01 09:41:42 AM,1020.8,25,25520.0,13405828.600000007
2025-08-01 09:41:43 AM,1019.8,6,6118.799999999999,13411947.400000008
2025-08-01 09:41:59 AM,1019.6,0,0.0,13411947.400000008
2025-08-01 09:42:01 AM,1019.6,55,56078.0,13468025.400000008
2025-08-01 09:42:03 AM,1019.2,0,0.0,13468025.400000008
2025-08-01 09:42:08 AM,1019.2,6,6115.200000000001,13474140.600000007
2025-08-01 09:42:21 AM,1019.3,7,7135.099999999999,13481275.700000007
2025-08-01 09:42:34 AM,1020.0,0,0.0,13481275.700000007
2025-08-01 09:42:35 AM,1020.0,50,51000.0,13532275.700000007
2025-08-01 09:42:41 AM,1019.3,5,5096.5,13537372.200000007
2025-08-01 09:42:42 AM,1019.2,1,1019.2,13538391.400000006
2025-08-01 09:43:00 AM,1019.2,6,6115.200000000001,13544506.600000005
2025-08-01 09:43:21 AM,1019.2,3,3057.6000000000004,13547564.200000005
2025-08-01 09:43:26 AM,1018.9,0,0.0,13547564.200000005
2025-08-01 09:43:27 AM,1018.9,4,4075.6,13551639.800000004
2025-08-01 09:43:38 AM,1018.4,0,0.0,13551639.800000004
2025-08-01 09:43:40 AM,1018.4,6,6110.4,13557750.200000005
2025-08-01 09:43:53 AM,1018.4,8,8147.2,13565897.400000004
2025-08-01 09:43:58 AM,1018.1,0,0.0,13565897.400000004
2025-08-01 09:44:00 AM,1018.1,7,7126.7,13573024.100000003
2025-08-01 09:44:14 AM,1018.0,5,5090.0,13578114.100000003
2025-08-01 09:44:20 AM,1018.0,6,6108.0,13584222.100000003
2025-08-01 09:44:34 AM,1018.0,6,6108.0,13590330.100000003
2025-08-01 09:44:53 AM,1018.0,7,7126.0,13597456.100000003
2025-08-01 09:45:05 AM,1018.0,5,5090.0,13602546.100000003
2025-08-01 09:45:12 AM,1018.0,6,6108.0,13608654.100000003
2025-08-01 09:45:31 AM,1018.1,1,1018.1,13609672.200000003
2025-08-01 09:45:33 AM,1018.0,6,6108.0,13615780.200000003
2025-08-01 09:45:51 AM,1018.0,6,6108.0,13621888.200000003
2025-08-01 09:46:04 AM,1018.0,5,5090.0,13626978.200000003
2025-08-01 09:46:10 AM,1018.0,548,557864.0,14184842.200000003
2025-08-01 09:46:14 AM,1017.2,0,0.0,14184842.200000003
2025-08-01 09:46:17 AM,1017.2,6,6103.200000000001,14190945.400000002
2025-08-01 09:46:18 AM,1017.2,4,4068.8,14195014.200000003
2025-08-01 09:46:28 AM,1016.9,0,0.0,14195014.200000003
2025-08-01 09:46:30 AM,1016.9,2,2033.8,14197048.000000004
2025-08-01 09:46:35 AM,1016.2,0,0.0,14197048.000000004
2025-08-01 09:46:36 AM,1016.2,5,5081.0,14202129.000000004
2025-08-01 09:46:48 AM,1016.2,6,6097.200000000001,14208226.200000003
2025-08-01 09:47:07 AM,1016.2,6,6097.200000000001,14214323.400000002
2025-08-01 09:47:26 AM,1016.3,2,2032.6,14216356.000000002
2025-08-01 09:47:27 AM,1016.9,0,0.0,14216356.000000002
2025-08-01 09:47:28 AM,1016.9,50,50845.0,14267201.000000002
2025-08-01 09:47:38 AM,1017.0,0,0.0,14267201.000000002
2025-08-01 09:47:39 AM,1017.0,27,27459.0,14294660.000000002
2025-08-01 09:47:46 AM,1017.0,6,6102.0,14300762.000000002
2025-08-01 09:47:57 AM,1017.6,0,0.0,14300762.000000002
2025-08-01 09:47:59 AM,1017.6,15,15264.0,14316026.000000002
2025-08-01 09:48:05 AM,1017.6,13,13228.800000000001,14329254.800000003
2025-08-01 09:48:22 AM,1017.2,0,0.0,14329254.800000003
2025-08-01 09:48:24 AM,1017.2,5,5086.0,14334340.800000003
2025-08-01 09:48:30 AM,1017.0,0,0.0,14334340.800000003
2025-08-01 09:48:31 AM,1017.0,1,1017.0,14335357.800000003
2025-08-01 09:48:44 AM,1017.0,6,6102.0,14341459.800000003
2025-08-01 09:49:03 AM,1017.0,7,7119.0,14348578.800000003
2025-08-01 09:49:21 AM,1017.1,0,0.0,14348578.800000003
2025-08-01 09:49:22 AM,1017.1,7,7119.7,14355698.500000002
2025-08-01 09:49:30 AM,1017.3,0,0.0,14355698.500000002
2025-08-01 09:49:30 AM,1017.3,4,4069.2,14359767.700000001
2025-08-01 09:49:39 AM,1017.2,0,0.0,14359767.700000001
2025-08-01 09:49:40 AM,1017.2,6,6103.200000000001,14365870.9
2025-08-01 09:49:58 AM,1017.1,0,0.0,14365870.9
2025-08-01 09:50:00 AM,1017.1,7,7119.7,14372990.6
2025-08-01 09:50:06 AM,1017.1,450,457695.0,14830685.6
2025-08-01 09:50:11 AM,1017.0,0,0.0,14830685.6
2025-08-01 09:50:12 AM,1017.0,26,26442.0,14857127.6
2025-08-01 09:50:17 AM,1016.5,0,0.0,14857127.6
2025-08-01 09:50:19 AM,1016.5,156,158574.0,15015701.6
2025-08-01 09:50:23 AM,1017.0,0,0.0,15015701.6
2025-08-01 09:50:25 AM,1017.0,1,1017.0,15016718.6
2025-08-01 09:50:35 AM,1016.5,0,0.0,15016718.6
2025-08-01 09:50:37 AM,1016.5,7,7115.5,15023834.1
2025-08-01 09:50:52 AM,1017.3,0,0.0,15023834.1
2025-08-01 09:50:52 AM,1017.3,117,119024.09999999999,15142858.2
2025-08-01 09:50:55 AM,1016.6,0,0.0,15142858.2
2025-08-01 09:50:56 AM,1016.6,6,6099.6,15148957.799999999
2025-08-01 09:50:59 AM,1016.6,2,2033.2,15150990.999999998
2025-08-01 09:51:08 AM,1016.7,0,0.0,15150990.999999998
2025-08-01 09:51:09 AM,1016.7,100,101670.0,15252660.999999998
2025-08-01 09:51:13 AM,1017.1,0,0.0,15252660.999999998
2025-08-01 09:51:15 AM,1017.1,6,6102.6,15258763.599999998
2025-08-01 09:51:33 AM,1017.3,0,0.0,15258763.599999998
2025-08-01 09:51:34 AM,1017.3,7,7121.099999999999,15265884.699999997
2025-08-01 09:51:35 AM,1017.1,0,0.0,15265884.699999997
2025-08-01 09:51:36 AM,1017.1,2,2034.2,15267918.899999997
2025-08-01 09:51:47 AM,1017.9,16,16286.4,15284205.299999997
2025-08-01 09:51:51 AM,1017.2,0,0.0,15284205.299999997
2025-08-01 09:51:53 AM,1017.2,6,6103.200000000001,15290308.499999996
2025-08-01 09:52:10 AM,1017.8,0,0.0,15290308.499999996
2025-08-01 09:52:11 AM,1017.8,6,6106.799999999999,15296415.299999997
2025-08-01 09:52:30 AM,1017.8,7,7124.599999999999,15303539.899999997
2025-08-01 09:52:42 AM,1017.8,51,51907.799999999996,15355447.699999997
2025-08-01 09:52:48 AM,1017.4,6,6104.4,15361552.099999998
2025-08-01 09:53:08 AM,1017.4,7,7121.8,15368673.899999999
2025-08-01 09:53:27 AM,1017.4,6,6104.4,15374778.299999999
2025-08-01 09:53:33 AM,1017.4,5,5087.0,15379865.299999999
2025-08-01 09:53:45 AM,1017.4,6,6104.4,15385969.7
2025-08-01 09:54:08 AM,1017.4,3,3052.2,15389021.899999999
2025-08-01 09:54:14 AM,1017.2,0,0.0,15389021.899999999
2025-08-01 09:54:14 AM,1017.2,9,9154.800000000001,15398176.7
2025-08-01 09:54:23 AM,1017.1,0,0.0,15398176.7
2025-08-01 09:54:27 AM,1017.1,338,343779.8,15741956.5
2025-08-01 09:54:42 AM,1016.5,0,0.0,15741956.5
2025-08-01 09:54:45 AM,1016.5,6,6099.0,15748055.5
2025-08-01 09:54:54 AM,1017.0,0,0.0,15748055.5
2025-08-01 09:54:57 AM,1017.0,38,38646.0,15786701.5
2025-08-01 09:55:02 AM,1016.7,7,7116.900000000001,15793818.4
2025-08-01 09:55:06 AM,1017.0,0,0.0,15793818.4
2025-08-01 09:55:08 AM,1017.0,5,5085.0,15798903.4
2025-08-01 09:55:20 AM,1017.0,10,10170.0,15809073.4
2025-08-01 09:55:32 AM,1017.1,2,2034.2,15811107.6
2025-08-01 09:55:38 AM,1017.1,1,1017.1,15812124.7
2025-08-01 09:55:39 AM,1016.5,7,7115.5,15819240.2
2025-08-01 09:55:53 AM,1017.0,0,0.0,15819240.2
2025-08-01 09:55:57 AM,1017.0,90,91530.0,15910770.2
2025-08-01 09:56:02 AM,1016.5,0,0.0,15910770.2
2025-08-01 09:56:03 AM,1016.5,6,6099.0,15916869.2
2025-08-01 09:56:21 AM,1016.5,6,6099.0,15922968.2
2025-08-01 09:56:27 AM,1016.5,11,11181.5,15934149.7
2025-08-01 09:56:38 AM,1016.0,396,402336.0,16336485.7
2025-08-01 09:56:41 AM,1016.5,0,0.0,16336485.7
2025-08-01 09:56:45 AM,1015.9,51,51810.9,16388296.6
2025-08-01 09:56:51 AM,1015.9,6,6095.4,16394392.0
2025-08-01 09:56:57 AM,1015.9,6,6095.4,16400487.4
2025-08-01 09:57:02 AM,1016.3,5,5081.5,16405568.9
2025-08-01 09:57:14 AM,1015.9,7,7111.3,16412680.200000001
2025-08-01 09:57:20 AM,1016.3,0,0.0,16412680.200000001
2025-08-01 09:57:20 AM,1016.3,10,10163.0,16422843.200000001
2025-08-01 09:57:31 AM,1017.0,90,91530.0,16514373.200000001
2025-08-01 09:57:37 AM,1015.9,6,6095.4,16520468.600000001
2025-08-01 09:57:52 AM,1015.9,6,6095.4,16526564.000000002
2025-08-01 09:58:02 AM,1015.9,2,2031.8,16528595.800000003
2025-08-01 09:58:11 AM,1015.9,7,7111.3,16535707.100000003
2025-08-01 09:58:32 AM,1015.9,6,6095.4,16541802.500000004
2025-08-01 09:58:35 AM,1015.9,73,74160.7,16615963.200000003
2025-08-01 09:58:49 AM,1015.0,0,0.0,16615963.200000003
2025-08-01 09:58:50 AM,1015.0,155,157325.0,16773288.200000003
2025-08-01 09:58:56 AM,1015.0,1,1015.0,16774303.200000003
2025-08-01 09:59:02 AM,1015.6,1,1015.6,16775318.800000003
2025-08-01 09:59:09 AM,1015.1,217,220276.7,16995595.500000004
2025-08-01 09:59:21 AM,1015.1,13,13196.300000000001,17008791.800000004
2025-08-01 09:59:28 AM,1015.1,6,6090.6,17014882.400000006
2025-08-01 09:59:40 AM,1015.0,0,0.0,17014882.400000006
2025-08-01 09:59:40 AM,1015.0,2,2030.0,17016912.400000006
2025-08-01 09:59:47 AM,1014.8,0,0.0,17016912.400000006
2025-08-01 09:59:47 AM,1014.8,7,7103.599999999999,17024016.000000007
2025-08-01 09:59:53 AM,1015.7,12,12188.400000000001,17036204.400000006
2025-08-01 09:59:58 AM,1015.3,0,0.0,17036204.400000006
2025-08-01 09:59:59 AM,1015.3,20,20306.0,17056510.400000006
2025-08-01 10:00:05 AM,1015.0,956,970340.0,18026850.400000006
2025-08-01 10:00:07 AM,1014.8,0,0.0,18026850.400000006
2025-08-01 10:00:08 AM,1014.8,1,1014.8,18027865.200000007
2025-08-01 10:00:11 AM,1015.0,2,2030.0,18029895.200000007
2025-08-01 10:00:24 AM,1014.1,6,6084.6,18035979.80000001
2025-08-01 10:00:43 AM,1014.1,7,7098.7,18043078.500000007
2025-08-01 10:00:59 AM,1015.1,68,69026.8,18112105.30000001
2025-08-01 10:01:02 AM,1014.2,8,8113.6,18120218.90000001
2025-08-01 10:01:21 AM,1014.3,5,5071.5,18125290.40000001
2025-08-01 10:01:22 AM,1014.2,0,0.0,18125290.40000001
2025-08-01 10:01:24 AM,1014.2,10,10142.0,18135432.40000001
2025-08-01 10:01:43 AM,1014.2,7,7099.400000000001,18142531.80000001
2025-08-01 10:02:01 AM,1014.2,16,16227.2,18158759.000000007
2025-08-01 10:02:03 AM,1015.1,5,5075.5,18163834.500000007
2025-08-01 10:02:17 AM,1015.3,0,0.0,18163834.500000007
2025-08-01 10:02:18 AM,1014.2,0,0.0,18163834.500000007
2025-08-01 10:02:20 AM,1014.2,47,47667.4,18211501.900000006
2025-08-01 10:02:39 AM,1014.3,0,0.0,18211501.900000006
2025-08-01 10:02:39 AM,1014.3,6,6085.799999999999,18217587.700000007
2025-08-01 10:02:44 AM,1015.1,0,0.0,18217587.700000007
2025-08-01 10:02:45 AM,1015.1,15,15226.5,18232814.200000007
2025-08-01 10:02:57 AM,1015.8,0,0.0,18232814.200000007
2025-08-01 10:02:58 AM,1015.8,7,7110.599999999999,18239924.80000001
2025-08-01 10:03:00 AM,1015.2,1,1015.2,18240940.000000007
2025-08-01 10:03:17 AM,1015.2,7,7106.400000000001,18248046.400000006
2025-08-01 10:03:37 AM,1015.2,6,6091.200000000001,18254137.600000005
2025-08-01 10:03:49 AM,1015.4,0,0.0,18254137.600000005
2025-08-01 10:03:49 AM,1015.4,6,6092.4,18260230.000000004
2025-08-01 10:03:53 AM,1015.2,0,0.0,18260230.000000004
2025-08-01 10:03:55 AM,1015.2,6,6091.200000000001,18266321.200000003
2025-08-01 10:04:04 AM,1015.9,2,2031.8,18268353.000000004
2025-08-01 10:04:13 AM,1015.2,0,0.0,18268353.000000004
2025-08-01 10:04:14 AM,1015.2,7,7106.400000000001,18275459.400000002
2025-08-01 10:04:33 AM,1015.2,6,6091.200000000001,18281550.6
2025-08-01 10:04:52 AM,1015.2,7,7106.400000000001,18288657.0
2025-08-01 10:05:10 AM,1015.2,6,6091.200000000001,18294748.2
2025-08-01 10:05:16 AM,1015.2,50,50760.0,18345508.2
2025-08-01 10:05:29 AM,1015.2,12,12182.400000000001,18357690.599999998
2025-08-01 10:05:41 AM,1015.2,8,8121.6,18365812.2
2025-08-01 10:05:47 AM,1015.2,7,7106.400000000001,18372918.599999998
2025-08-01 10:05:57 AM,1015.0,0,0.0,18372918.599999998
2025-08-01 10:05:59 AM,1015.0,353,358295.0,18731213.599999998
2025-08-01 10:06:05 AM,1015.1,52,52785.200000000004,18783998.799999997
2025-08-01 10:06:07 AM,1014.4,0,0.0,18783998.799999997
2025-08-01 10:06:07 AM,1014.4,6,6086.4,18790085.199999996
2025-08-01 10:06:25 AM,1014.4,6,6086.4,18796171.599999994
2025-08-01 10:06:34 AM,1015.3,5,5076.5,18801248.099999994
2025-08-01 10:06:36 AM,1015.0,0,0.0,18801248.099999994
2025-08-01 10:06:36 AM,1015.0,50,50750.0,18851998.099999994
2025-08-01 10:06:40 AM,1015.0,4,4060.0,18856058.099999994
2025-08-01 10:06:45 AM,1014.4,0,0.0,18856058.099999994
2025-08-01 10:06:46 AM,1014.4,7,7100.8,18863158.899999995
2025-08-01 10:06:54 AM,1014.3,52,52743.6,18915902.499999996
2025-08-01 10:07:05 AM,1014.3,11,11157.3,18927059.799999997
2025-08-01 10:07:11 AM,1014.3,24,24343.199999999997,18951402.999999996
2025-08-01 10:07:17 AM,1015.0,18,18270.0,18969672.999999996
2025-08-01 10:07:24 AM,1015.0,7,7105.0,18976777.999999996
2025-08-01 10:07:30 AM,1015.0,8,8120.0,18984897.999999996
2025-08-01 10:07:42 AM,1015.3,0,0.0,18984897.999999996
2025-08-01 10:07:42 AM,1015.3,8,8122.4,18993020.399999995
2025-08-01 10:07:44 AM,1014.2,188,190669.6,19183689.999999996
2025-08-01 10:07:47 AM,1015.3,0,0.0,19183689.999999996
2025-08-01 10:07:48 AM,1015.3,45,45688.5,19229378.499999996
2025-08-01 10:07:56 AM,1015.7,120,121884.0,19351262.499999996
2025-08-01 10:08:01 AM,1014.5,6,6087.0,19357349.499999996
2025-08-01 10:08:07 AM,1015.3,0,0.0,19357349.499999996
2025-08-01 10:08:07 AM,1015.3,20,20306.0,19377655.499999996
2025-08-01 10:08:08 AM,1015.1,8,8120.8,19385776.299999997
2025-08-01 10:08:19 AM,1014.5,7,7101.5,19392877.799999997
2025-08-01 10:08:38 AM,1015.1,0,0.0,19392877.799999997
2025-08-01 10:08:39 AM,1015.1,6,6090.6,19398968.4
2025-08-01 10:08:45 AM,1015.8,0,0.0,19398968.4
2025-08-01 10:08:45 AM,1015.8,1,1015.8,19399984.2
2025-08-01 10:08:57 AM,1015.1,6,6090.6,19406074.8
2025-08-01 10:09:19 AM,1015.1,7,7105.7,19413180.5
2025-08-01 10:09:36 AM,1015.1,6,6090.6,19419271.1
2025-08-01 10:09:44 AM,1015.1,10,10151.0,19429422.1
2025-08-01 10:09:55 AM,1015.1,14,14211.4,19443633.5
2025-08-01 10:09:59 AM,1015.7,0,0.0,19443633.5
2025-08-01 10:09:59 AM,1015.7,3,3047.1000000000004,19446680.6
2025-08-01 10:10:13 AM,1015.0,6,6090.0,19452770.6
2025-08-01 10:10:17 AM,1015.0,3,3045.0,19455815.6
2025-08-01 10:10:34 AM,1015.0,6,6090.0,19461905.6
2025-08-01 10:10:53 AM,1015.0,12,12180.0,19474085.6
2025-08-01 10:10:54 AM,1015.0,8,8120.0,19482205.6
2025-08-01 10:11:10 AM,1015.0,6,6090.0,19488295.6
2025-08-01 10:11:16 AM,1015.4,13,13200.199999999999,19501495.8
2025-08-01 10:11:29 AM,1015.0,0,0.0,19501495.8
2025-08-01 10:11:29 AM,1015.0,7,7105.0,19508600.8
2025-08-01 10:11:50 AM,1014.5,0,0.0,19508600.8
2025-08-01 10:11:51 AM,1014.5,5,5072.5,19513673.3
2025-08-01 10:11:56 AM,1014.4,0,0.0,19513673.3
2025-08-01 10:11:57 AM,1014.4,2,2028.8,19515702.1
2025-08-01 10:12:05 AM,1015.1,0,0.0,19515702.1
2025-08-01 10:12:08 AM,1014.5,0,0.0,19515702.1
2025-08-01 10:12:10 AM,1014.5,17,17246.5,19532948.6
2025-08-01 10:12:26 AM,1015.1,0,0.0,19532948.6
2025-08-01 10:12:26 AM,1014.5,0,0.0,19532948.6
2025-08-01 10:12:26 AM,1014.5,15,15217.5,19548166.1
2025-08-01 10:12:49 AM,1014.5,6,6087.0,19554253.1
2025-08-01 10:12:55 AM,1014.5,50,50725.0,19604978.1
2025-08-01 10:12:59 AM,1015.3,0,0.0,19604978.1
2025-08-01 10:13:01 AM,1015.3,40,40612.0,19645590.1
2025-08-01 10:13:06 AM,1015.3,6,6091.799999999999,19651681.900000002
2025-08-01 10:13:24 AM,1015.3,7,7107.099999999999,19658789.000000004
2025-08-01 10:13:42 AM,1015.3,6,6091.799999999999,19664880.800000004
2025-08-01 10:14:05 AM,1015.3,7,7107.099999999999,19671987.900000006
2025-08-01 10:14:17 AM,1015.3,50,50765.0,19722752.900000006
2025-08-01 10:14:23 AM,1015.2,0,0.0,19722752.900000006
2025-08-01 10:14:23 AM,1015.2,455,461916.0,20184668.900000006
2025-08-01 10:14:40 AM,1014.4,7,7100.8,20191769.700000007
2025-08-01 10:14:57 AM,1015.1,0,0.0,20191769.700000007
2025-08-01 10:14:57 AM,1015.1,25,25377.5,20217147.200000007
2025-08-01 10:14:58 AM,1015.1,7,7105.7,20224252.900000006
2025-08-01 10:15:03 AM,1016.0,0,0.0,20224252.900000006
2025-08-01 10:15:03 AM,1016.0,168,170688.0,20394940.900000006
2025-08-01 10:15:11 AM,1016.4,0,0.0,20394940.900000006
2025-08-01 10:15:15 AM,1016.4,10,10164.0,20405104.900000006
2025-08-01 10:15:17 AM,1015.7,0,0.0,20405104.900000006
2025-08-01 10:15:19 AM,1015.6,0,0.0,20405104.900000006
2025-08-01 10:15:20 AM,1016.8,0,0.0,20405104.900000006
2025-08-01 10:15:21 AM,1016.8,106,107780.79999999999,20512885.700000007
2025-08-01 10:15:37 AM,1015.7,0,0.0,20512885.700000007
2025-08-01 10:15:39 AM,1015.7,6,6094.200000000001,20518979.900000006
2025-08-01 10:15:56 AM,1015.6,0,0.0,20518979.900000006
2025-08-01 10:15:57 AM,1015.6,7,7109.2,20526089.100000005
2025-08-01 10:16:16 AM,1015.0,0,0.0,20526089.100000005
2025-08-01 10:16:20 AM,1015.0,6,6090.0,20532179.100000005
2025-08-01 10:16:28 AM,1016.7,0,0.0,20532179.100000005
2025-08-01 10:16:32 AM,1016.7,33,33551.1,20565730.200000007
2025-08-01 10:16:34 AM,1015.5,0,0.0,20565730.200000007
2025-08-01 10:16:38 AM,1015.5,7,7108.5,20572838.700000007
2025-08-01 10:16:53 AM,1015.4,0,0.0,20572838.700000007
2025-08-01 10:16:54 AM,1015.4,6,6092.4,20578931.100000005
2025-08-01 10:17:11 AM,1015.4,6,6092.4,20585023.500000004
2025-08-01 10:17:20 AM,1016.4,0,0.0,20585023.500000004
2025-08-01 10:17:23 AM,1016.4,13,13213.199999999999,20598236.700000003
2025-08-01 10:17:31 AM,1015.3,0,0.0,20598236.700000003
2025-08-01 10:17:34 AM,1015.3,7,7107.099999999999,20605343.800000004
2025-08-01 10:17:40 AM,1016.4,0,0.0,20605343.800000004
2025-08-01 10:17:40 AM,1016.4,33,33541.2,20638885.000000004
2025-08-01 10:17:46 AM,1016.4,15,15246.0,20654131.000000004
2025-08-01 10:17:50 AM,1015.5,0,0.0,20654131.000000004
2025-08-01 10:17:52 AM,1015.5,7,7108.5,20661239.500000004
2025-08-01 10:18:10 AM,1015.5,6,6093.0,20667332.500000004
2025-08-01 10:18:27 AM,1015.5,3,3046.5,20670379.000000004
2025-08-01 10:18:31 AM,1015.0,0,0.0,20670379.000000004
2025-08-01 10:18:33 AM,1015.0,4,4060.0,20674439.000000004
2025-08-01 10:18:48 AM,1015.1,0,0.0,20674439.000000004
2025-08-01 10:18:50 AM,1015.1,6,6090.6,20680529.600000005
2025-08-01 10:19:07 AM,1015.1,7,7105.7,20687635.300000004
2025-08-01 10:19:13 AM,1015.1,40,40604.0,20728239.300000004
2025-08-01 10:19:24 AM,1015.1,6,6090.6,20734329.900000006
2025-08-01 10:19:36 AM,1015.1,9,9135.9,20743465.800000004
2025-08-01 10:19:45 AM,1015.0,0,0.0,20743465.800000004
2025-08-01 10:19:47 AM,1015.0,6,6090.0,20749555.800000004
2025-08-01 10:20:03 AM,1015.0,7,7105.0,20756660.800000004
2025-08-01 10:20:06 AM,1016.3,0,0.0,20756660.800000004
2025-08-01 10:20:09 AM,1016.3,100,101630.0,20858290.800000004
2025-08-01 10:20:15 AM,1015.1,76,77147.6,20935438.400000006
2025-08-01 10:20:21 AM,1015.1,6,6090.6,20941529.000000007
2025-08-01 10:20:41 AM,1015.2,6,6091.200000000001,20947620.200000007
2025-08-01 10:21:02 AM,1015.2,7,7106.400000000001,20954726.600000005
2025-08-01 10:21:19 AM,1015.2,6,6091.200000000001,20960817.800000004
2025-08-01 10:21:37 AM,1015.3,7,7107.099999999999,20967924.900000006
2025-08-01 10:21:58 AM,1015.3,6,6091.799999999999,20974016.700000007
2025-08-01 10:22:15 AM,1015.3,6,6091.799999999999,20980108.500000007
2025-08-01 10:22:29 AM,1015.3,5,5076.5,20985185.000000007
2025-08-01 10:22:35 AM,1016.2,26,26421.2,21011606.200000007
2025-08-01 10:22:53 AM,1016.3,0,0.0,21011606.200000007
2025-08-01 10:22:54 AM,1016.3,6,6097.799999999999,21017704.000000007
2025-08-01 10:23:13 AM,1016.2,0,0.0,21017704.000000007
2025-08-01 10:23:14 AM,1016.2,7,7113.400000000001,21024817.400000006
2025-08-01 10:23:31 AM,1016.0,0,0.0,21024817.400000006
2025-08-01 10:23:31 AM,1016.0,6,6096.0,21030913.400000006
2025-08-01 10:23:50 AM,1015.9,8,8127.2,21039040.600000005
2025-08-01 10:24:10 AM,1016.5,0,0.0,21039040.600000005
2025-08-01 10:24:11 AM,1016.5,7,7115.5,21046156.100000005
2025-08-01 10:24:29 AM,1016.6,0,0.0,21046156.100000005
2025-08-01 10:24:29 AM,1016.6,8,8132.8,21054288.900000006
2025-08-01 10:24:48 AM,1016.5,0,0.0,21054288.900000006
2025-08-01 10:24:49 AM,1016.5,6,6099.0,21060387.900000006
2025-08-01 10:25:06 AM,1016.6,0,0.0,21060387.900000006
2025-08-01 10:25:08 AM,1016.6,7,7116.2,21067504.100000005
2025-08-01 10:25:26 AM,1016.6,6,6099.6,21073603.700000007
2025-08-01 10:25:44 AM,1017.5,0,0.0,21073603.700000007
2025-08-01 10:25:45 AM,1016.6,0,0.0,21073603.700000007
2025-08-01 10:25:45 AM,1016.6,57,57946.200000000004,21131549.900000006
2025-08-01 10:26:03 AM,1016.7,0,0.0,21131549.900000006
2025-08-01 10:26:04 AM,1016.7,6,6100.200000000001,21137650.100000005
2025-08-01 10:26:23 AM,1016.8,0,0.0,21137650.100000005
2025-08-01 10:26:24 AM,1016.8,6,6100.799999999999,21143750.900000006
2025-08-01 10:26:41 AM,1017.6,0,0.0,21143750.900000006
2025-08-01 10:26:42 AM,1016.8,14,14235.199999999999,21157986.100000005
2025-08-01 10:27:00 AM,1016.9,0,0.0,21157986.100000005
2025-08-01 10:27:01 AM,1016.9,6,6101.4,21164087.500000004
2025-08-01 10:27:05 AM,1017.8,10,10178.0,21174265.500000004
2025-08-01 10:27:19 AM,1017.0,6,6102.0,21180367.500000004
2025-08-01 10:27:39 AM,1017.1,0,0.0,21180367.500000004
2025-08-01 10:27:41 AM,1017.1,7,7119.7,21187487.200000003
2025-08-01 10:27:52 AM,1017.8,50,50890.0,21238377.200000003
2025-08-01 10:27:57 AM,1017.2,6,6103.200000000001,21244480.400000002
2025-08-01 10:28:18 AM,1017.2,7,7120.400000000001,21251600.8
2025-08-01 10:28:26 AM,1017.9,0,0.0,21251600.8
2025-08-01 10:28:27 AM,1017.9,4,4071.6,21255672.400000002
2025-08-01 10:28:33 AM,1017.3,0,0.0,21255672.400000002
2025-08-01 10:28:35 AM,1017.3,10,10173.0,21265845.400000002
2025-08-01 10:28:45 AM,1017.1,0,0.0,21265845.400000002
2025-08-01 10:28:46 AM,1017.1,155,157650.5,21423495.900000002
2025-08-01 10:28:55 AM,1017.1,6,6102.6,21429598.500000004
2025-08-01 10:29:14 AM,1017.1,7,7119.7,21436718.200000003
2025-08-01 10:29:17 AM,1017.1,27,27461.7,21464179.900000002
2025-08-01 10:29:28 AM,1017.9,0,0.0,21464179.900000002
2025-08-01 10:29:28 AM,1017.9,50,50895.0,21515074.900000002
2025-08-01 10:29:32 AM,1017.3,0,0.0,21515074.900000002
2025-08-01 10:29:33 AM,1017.3,6,6103.799999999999,21521178.700000003
2025-08-01 10:29:53 AM,1017.3,6,6103.799999999999,21527282.500000004
2025-08-01 10:30:10 AM,1017.1,0,0.0,21527282.500000004
2025-08-01 10:30:10 AM,1017.1,7,7119.7,21534402.200000003
2025-08-01 10:30:27 AM,1018.0,9,9162.0,21543564.200000003
2025-08-01 10:30:30 AM,1018.0,6,6108.0,21549672.200000003
2025-08-01 10:30:50 AM,1018.0,7,7126.0,21556798.200000003
2025-08-01 10:30:52 AM,1018.0,7,7126.0,21563924.200000003
2025-08-01 10:30:55 AM,1018.0,1,1018.0,21564942.200000003
2025-08-01 10:31:07 AM,1017.3,6,6103.799999999999,21571046.000000004
2025-08-01 10:31:27 AM,1017.5,0,0.0,21571046.000000004
2025-08-01 10:31:27 AM,1017.5,6,6105.0,21577151.000000004
2025-08-01 10:31:30 AM,1018.0,1,1018.0,21578169.000000004
2025-08-01 10:31:45 AM,1017.6,0,0.0,21578169.000000004
2025-08-01 10:31:46 AM,1017.5,7,7122.5,21585291.500000004
2025-08-01 10:32:05 AM,1017.5,6,6105.0,21591396.500000004
2025-08-01 10:32:25 AM,1017.5,14,14245.0,21605641.500000004
2025-08-01 10:32:41 AM,1017.5,3,3052.5,21608694.000000004
2025-08-01 10:32:44 AM,1017.5,7,7122.5,21615816.500000004
2025-08-01 10:33:01 AM,1017.5,6,6105.0,21621921.500000004
2025-08-01 10:33:12 AM,1017.5,6,6105.0,21628026.500000004
2025-08-01 10:33:21 AM,1017.5,7,7122.5,21635149.000000004
2025-08-01 10:33:37 AM,1017.8,10,10178.0,21645327.000000004
2025-08-01 10:33:39 AM,1017.5,6,6105.0,21651432.000000004
2025-08-01 10:34:00 AM,1017.5,6,6105.0,21657537.000000004
2025-08-01 10:34:17 AM,1017.5,7,7122.5,21664659.500000004
2025-08-01 10:34:27 AM,1018.2,0,0.0,21664659.500000004
2025-08-01 10:34:28 AM,1018.2,19,19345.8,21684005.300000004
2025-08-01 10:34:36 AM,1018.0,0,0.0,21684005.300000004
2025-08-01 10:34:39 AM,1018.0,6,6108.0,21690113.300000004
2025-08-01 10:34:47 AM,1018.0,8,8144.0,21698257.300000004
2025-08-01 10:34:53 AM,1017.2,100,101720.0,21799977.300000004
2025-08-01 10:34:56 AM,1017.5,0,0.0,21799977.300000004
2025-08-01 10:34:56 AM,1017.5,2,2035.0,21802012.300000004
2025-08-01 10:34:58 AM,1017.3,0,0.0,21802012.300000004
2025-08-01 10:34:59 AM,1017.3,6,6103.799999999999,21808116.100000005
2025-08-01 10:35:14 AM,1018.0,0,0.0,21808116.100000005
2025-08-01 10:35:14 AM,1018.0,7,7126.0,21815242.100000005
2025-08-01 10:35:30 AM,1018.3,2,2036.6,21817278.700000007
2025-08-01 10:35:33 AM,1017.7,6,6106.200000000001,21823384.900000006
2025-08-01 10:35:53 AM,1017.5,0,0.0,21823384.900000006
2025-08-01 10:35:53 AM,1017.5,9,9157.5,21832542.400000006
2025-08-01 10:35:58 AM,1018.4,2,2036.8,21834579.200000007
2025-08-01 10:36:11 AM,1017.5,0,0.0,21834579.200000007
2025-08-01 10:36:12 AM,1017.5,6,6105.0,21840684.200000007
2025-08-01 10:36:29 AM,1017.5,1,1017.5,21841701.700000007
2025-08-01 10:36:32 AM,1017.5,6,6105.0,21847806.700000007
2025-08-01 10:36:38 AM,1017.3,0,0.0,21847806.700000007
2025-08-01 10:36:40 AM,1017.3,7,7121.099999999999,21854927.80000001
2025-08-01 10:36:46 AM,1018.3,0,0.0,21854927.80000001
2025-08-01 10:36:48 AM,1018.3,100,101830.0,21956757.80000001
2025-08-01 10:36:49 AM,1017.4,0,0.0,21956757.80000001
2025-08-01 10:36:50 AM,1017.4,7,7121.8,21963879.60000001
2025-08-01 10:37:09 AM,1017.5,0,0.0,21963879.60000001
2025-08-01 10:37:10 AM,1017.5,6,6105.0,21969984.60000001
2025-08-01 10:37:21 AM,1017.5,250,254375.0,22224359.60000001
2025-08-01 10:37:27 AM,1017.6,7,7123.2,22231482.80000001
2025-08-01 10:37:46 AM,1018.0,0,0.0,22231482.80000001
2025-08-01 10:37:46 AM,1018.0,3,3054.0,22234536.80000001
2025-08-01 10:37:52 AM,1017.4,3,3052.2,22237589.000000007
2025-08-01 10:37:57 AM,1018.3,0,0.0,22237589.000000007
2025-08-01 10:37:57 AM,1018.3,1,1018.3,22238607.30000001
2025-08-01 10:38:06 AM,1017.6,0,0.0,22238607.30000001
2025-08-01 10:38:06 AM,1017.6,6,6105.6,22244712.90000001
2025-08-01 10:38:24 AM,1017.5,0,0.0,22244712.90000001
2025-08-01 10:38:25 AM,1017.5,7,7122.5,22251835.40000001
2025-08-01 10:38:39 AM,1018.3,0,0.0,22251835.40000001
2025-08-01 10:38:40 AM,1018.3,2,2036.6,22253872.00000001
2025-08-01 10:38:43 AM,1017.6,6,6105.6,22259977.600000013
2025-08-01 10:38:54 AM,1018.3,3,3054.8999999999996,22263032.50000001
2025-08-01 10:39:02 AM,1017.6,0,0.0,22263032.50000001
2025-08-01 10:39:02 AM,1017.6,6,6105.6,22269138.100000013
2025-08-01 10:39:08 AM,1017.7,0,0.0,22269138.100000013
2025-08-01 10:39:10 AM,1017.7,2,2035.4,22271173.50000001
2025-08-01 10:39:21 AM,1017.5,0,0.0,22271173.50000001
2025-08-01 10:39:22 AM,1017.5,7,7122.5,22278296.00000001
2025-08-01 10:39:41 AM,1017.5,6,6105.0,22284401.00000001
2025-08-01 10:40:01 AM,1017.5,7,7122.5,22291523.50000001
2025-08-01 10:40:19 AM,1017.6,0,0.0,22291523.50000001
2025-08-01 10:40:20 AM,1017.6,6,6105.6,22297629.100000013
2025-08-01 10:40:39 AM,1017.6,5,5088.0,22302717.100000013
2025-08-01 10:41:14 AM,1018.2,0,0.0,22302717.100000013
2025-08-01 10:41:15 AM,1018.2,2,2036.4,22304753.50000001
2025-08-01 10:41:26 AM,1018.3,0,0.0,22304753.50000001
2025-08-01 10:41:26 AM,1018.3,2,2036.6,22306790.100000013
2025-08-01 10:41:33 AM,1018.5,0,0.0,22306790.100000013
2025-08-01 10:41:34 AM,1018.2,0,0.0,22306790.100000013
2025-08-01 10:41:36 AM,1018.2,3,3054.6000000000004,22309844.700000014
2025-08-01 10:42:09 AM,1018.2,71,72292.2,22382136.900000013
2025-08-01 10:42:13 AM,1018.0,0,0.0,22382136.900000013
2025-08-01 10:42:14 AM,1018.0,7,7126.0,22389262.900000013
2025-08-01 10:42:27 AM,1018.0,8,8144.0,22397406.900000013
2025-08-01 10:42:31 AM,1018.0,1,1018.0,22398424.900000013
2025-08-01 10:42:33 AM,1018.9,0,0.0,22398424.900000013
2025-08-01 10:42:33 AM,1018.9,25,25472.5,22423897.400000013
2025-08-01 10:42:50 AM,1018.0,0,0.0,22423897.400000013
2025-08-01 10:42:50 AM,1018.0,3,3054.0,22426951.400000013
2025-08-01 10:43:26 AM,1018.7,1,1018.7,22427970.100000013
2025-08-01 10:43:28 AM,1018.0,0,0.0,22427970.100000013
2025-08-01 10:43:28 AM,1018.0,2,2036.0,22430006.100000013
2025-08-01 10:44:13 AM,1019.2,120,122304.0,22552310.100000013
2025-08-01 10:44:26 AM,1018.2,0,0.0,22552310.100000013
2025-08-01 10:44:27 AM,1018.2,12,12218.400000000001,22564528.50000001
2025-08-01 10:44:34 AM,1019.1,0,0.0,22564528.50000001
2025-08-01 10:44:35 AM,1019.1,2002,2040238.2,24604766.70000001
2025-08-01 10:44:44 AM,1019.0,0,0.0,24604766.70000001
2025-08-01 10:44:46 AM,1019.0,6,6114.0,24610880.70000001
2025-08-01 10:44:48 AM,1018.7,1,1018.7,24611899.40000001
2025-08-01 10:45:04 AM,1018.7,6,6112.200000000001,24618011.60000001
2025-08-01 10:45:24 AM,1018.7,7,7130.900000000001,24625142.500000007
2025-08-01 10:45:43 AM,1018.7,6,6112.200000000001,24631254.700000007
2025-08-01 10:46:02 AM,1018.7,7,7130.900000000001,24638385.600000005
2025-08-01 10:46:14 AM,1018.7,3,3056.1000000000004,24641441.700000007
2025-08-01 10:46:19 AM,1018.1,0,0.0,24641441.700000007
2025-08-01 10:46:19 AM,1018.1,6,6108.6,24647550.30000001
2025-08-01 10:46:35 AM,1019.0,0,0.0,24647550.30000001
2025-08-01 10:46:36 AM,1019.0,150,152850.0,24800400.30000001
2025-08-01 10:46:38 AM,1018.1,0,0.0,24800400.30000001
2025-08-01 10:46:40 AM,1018.0,0,0.0,24800400.30000001
2025-08-01 10:46:42 AM,1018.0,6,6108.0,24806508.30000001
2025-08-01 10:46:58 AM,1018.0,38,38684.0,24845192.30000001
2025-08-01 10:47:16 AM,1018.0,6,6108.0,24851300.30000001
2025-08-01 10:47:36 AM,1018.0,6,6108.0,24857408.30000001
2025-08-01 10:47:54 AM,1018.0,7,7126.0,24864534.30000001
2025-08-01 10:48:13 AM,1018.0,6,6108.0,24870642.30000001
2025-08-01 10:48:32 AM,1018.0,7,7126.0,24877768.30000001
2025-08-01 10:48:46 AM,1018.0,17,17306.0,24895074.30000001
2025-08-01 10:48:48 AM,1018.0,1,1018.0,24896092.30000001
2025-08-01 10:48:51 AM,1017.6,0,0.0,24896092.30000001
2025-08-01 10:48:52 AM,1017.6,6,6105.6,24902197.90000001
2025-08-01 10:49:10 AM,1017.6,6,6105.6,24908303.50000001
2025-08-01 10:49:15 AM,1017.6,12,12211.2,24920514.70000001
2025-08-01 10:49:29 AM,1017.6,7,7123.2,24927637.90000001
2025-08-01 10:49:31 AM,1017.6,1,1017.6,24928655.50000001
2025-08-01 10:49:35 AM,1017.5,0,0.0,24928655.50000001
2025-08-01 10:49:35 AM,1017.5,7,7122.5,24935778.00000001
2025-08-01 10:49:51 AM,1017.5,6,6105.0,24941883.00000001
2025-08-01 10:50:03 AM,1017.6,10,10176.0,24952059.00000001
2025-08-01 10:50:07 AM,1017.6,7,7123.2,24959182.20000001
2025-08-01 10:50:13 AM,1017.6,3,3052.8,24962235.00000001
2025-08-01 10:50:30 AM,1017.6,6,6105.6,24968340.600000013
2025-08-01 10:50:47 AM,1017.6,6,6105.6,24974446.200000014
2025-08-01 10:51:02 AM,1017.1,0,0.0,24974446.200000014
2025-08-01 10:51:04 AM,1017.1,195,198334.5,25172780.700000014
2025-08-01 10:51:08 AM,1017.0,0,0.0,25172780.700000014
2025-08-01 10:51:10 AM,1017.0,7,7119.0,25179899.700000014
2025-08-01 10:51:26 AM,1017.0,6,6102.0,25186001.700000014
2025-08-01 10:51:34 AM,1017.6,0,0.0,25186001.700000014
2025-08-01 10:51:37 AM,1017.6,2,2035.2,25188036.900000013
2025-08-01 10:51:42 AM,1017.0,0,0.0,25188036.900000013
2025-08-01 10:51:43 AM,1017.0,6,6102.0,25194138.900000013
2025-08-01 10:51:58 AM,1017.0,1,1017.0,25195155.900000013
2025-08-01 10:52:04 AM,1017.0,7,7119.0,25202274.900000013
2025-08-01 10:52:10 AM,1017.5,0,0.0,25202274.900000013
2025-08-01 10:52:15 AM,1017.5,5,5087.5,25207362.400000013
2025-08-01 10:52:20 AM,1017.0,0,0.0,25207362.400000013
2025-08-01 10:52:20 AM,1017.0,6,6102.0,25213464.400000013
2025-08-01 10:52:41 AM,1017.0,7,7119.0,25220583.400000013
2025-08-01 10:52:42 AM,1017.0,6,6102.0,25226685.400000013
2025-08-01 10:52:56 AM,1017.5,0,0.0,25226685.400000013
2025-08-01 10:52:57 AM,1017.5,5,5087.5,25231772.900000013
2025-08-01 10:52:58 AM,1017.0,0,0.0,25231772.900000013
2025-08-01 10:52:58 AM,1017.0,6,6102.0,25237874.900000013
2025-08-01 10:53:18 AM,1017.5,0,0.0,25237874.900000013
2025-08-01 10:53:18 AM,1017.5,12,12210.0,25250084.900000013
2025-08-01 10:53:36 AM,1016.8,0,0.0,25250084.900000013
2025-08-01 10:53:40 AM,1016.8,7,7117.599999999999,25257202.500000015
2025-08-01 10:53:51 AM,1017.6,9,9158.4,25266360.900000013
2025-08-01 10:53:56 AM,1016.8,0,0.0,25266360.900000013
2025-08-01 10:53:56 AM,1016.8,6,6100.799999999999,25272461.700000014
2025-08-01 10:54:10 AM,1016.7,0,0.0,25272461.700000014
2025-08-01 10:54:12 AM,1016.7,1,1016.7,25273478.400000013
2025-08-01 10:54:14 AM,1016.6,0,0.0,25273478.400000013
2025-08-01 10:54:17 AM,1016.6,6,6099.6,25279578.000000015
2025-08-01 10:54:18 AM,1017.5,1,1017.5,25280595.500000015
2025-08-01 10:54:33 AM,1016.7,7,7116.900000000001,25287712.400000013
2025-08-01 10:54:48 AM,1017.5,0,0.0,25287712.400000013
2025-08-01 10:54:49 AM,1017.5,1,1017.5,25288729.900000013
2025-08-01 10:54:52 AM,1016.7,0,0.0,25288729.900000013
2025-08-01 10:54:55 AM,1016.7,4,4066.8,25292796.700000014
2025-08-01 10:54:58 AM,1016.5,0,0.0,25292796.700000014
2025-08-01 10:55:00 AM,1016.5,2,2033.0,25294829.700000014
2025-08-01 10:55:11 AM,1016.5,7,7115.5,25301945.200000014
2025-08-01 10:55:32 AM,1017.5,0,0.0,25301945.200000014
2025-08-01 10:55:32 AM,1017.5,56,56980.0,25358925.200000014
2025-08-01 10:55:49 AM,1016.7,2,2033.4,25360958.600000013
2025-08-01 10:55:52 AM,1016.5,0,0.0,25360958.600000013
2025-08-01 10:55:54 AM,1016.5,4,4066.0,25365024.600000013
2025-08-01 10:56:08 AM,1016.7,0,0.0,25365024.600000013
2025-08-01 10:56:09 AM,1016.7,7,7116.900000000001,25372141.50000001
2025-08-01 10:56:30 AM,1016.7,12,12200.400000000001,25384341.90000001
2025-08-01 10:56:46 AM,1016.5,0,0.0,25384341.90000001
2025-08-01 10:56:46 AM,1016.5,6,6099.0,25390440.90000001
2025-08-01 10:56:53 AM,1016.5,50,50825.0,25441265.90000001
2025-08-01 10:57:00 AM,1016.7,0,0.0,25441265.90000001
2025-08-01 10:57:02 AM,1016.7,150,152505.0,25593770.90000001
2025-08-01 10:57:06 AM,1016.5,0,0.0,25593770.90000001
2025-08-01 10:57:07 AM,1016.5,7,7115.5,25600886.40000001
2025-08-01 10:57:24 AM,1016.5,6,6099.0,25606985.40000001
2025-08-01 10:57:36 AM,1016.7,0,0.0,25606985.40000001
2025-08-01 10:57:39 AM,1016.7,45,45751.5,25652736.90000001
2025-08-01 10:57:44 AM,1016.5,0,0.0,25652736.90000001
2025-08-01 10:57:44 AM,1016.5,7,7115.5,25659852.40000001
2025-08-01 10:57:54 AM,1016.7,0,0.0,25659852.40000001
2025-08-01 10:57:55 AM,1016.7,7,7116.900000000001,25666969.30000001
2025-08-01 10:58:06 AM,1016.7,6,6100.200000000001,25673069.500000007
2025-08-01 10:58:21 AM,1016.7,6,6100.200000000001,25679169.700000007
2025-08-01 10:58:36 AM,1017.1,0,0.0,25679169.700000007
2025-08-01 10:58:38 AM,1017.1,1,1017.1,25680186.80000001
2025-08-01 10:58:40 AM,1016.7,0,0.0,25680186.80000001
2025-08-01 10:58:44 AM,1016.7,7,7116.900000000001,25687303.700000007
2025-08-01 10:59:00 AM,1016.7,6,6100.200000000001,25693403.900000006
2025-08-01 10:59:10 AM,1017.1,0,0.0,25693403.900000006
2025-08-01 10:59:10 AM,1017.1,1,1017.1,25694421.000000007
2025-08-01 10:59:12 AM,1016.7,0,0.0,25694421.000000007
2025-08-01 10:59:15 AM,1016.7,1,1016.7,25695437.700000007
2025-08-01 10:59:20 AM,1016.7,6,6100.200000000001,25701537.900000006
2025-08-01 10:59:30 AM,1017.1,0,0.0,25701537.900000006
2025-08-01 10:59:30 AM,1017.1,4,4068.4,25705606.300000004
2025-08-01 10:59:41 AM,1017.1,7,7119.7,25712726.000000004
2025-08-01 10:59:48 AM,1017.8,0,0.0,25712726.000000004
2025-08-01 10:59:52 AM,1017.8,89,90584.2,25803310.200000003
2025-08-01 10:59:56 AM,1016.9,0,0.0,25803310.200000003
2025-08-01 10:59:57 AM,1016.9,2,2033.8,25805344.000000004
2025-08-01 11:00:02 AM,1016.7,0,0.0,25805344.000000004
2025-08-01 11:00:03 AM,1016.7,4,4066.8,25809410.800000004
2025-08-01 11:00:15 AM,1016.8,9,9151.199999999999,25818562.000000004
2025-08-01 11:00:37 AM,1017.6,6,6105.6,25824667.600000005
2025-08-01 11:00:47 AM,1017.6,5,5088.0,25829755.600000005
2025-08-01 11:00:53 AM,1016.8,0,0.0,25829755.600000005
2025-08-01 11:00:53 AM,1016.8,2,2033.6,25831789.200000007
2025-08-01 11:01:51 AM,1018.4,0,0.0,25831789.200000007
2025-08-01 11:01:51 AM,1018.4,242,246452.8,26078242.000000007
2025-08-01 11:01:55 AM,1017.8,0,0.0,26078242.000000007
2025-08-01 11:01:55 AM,1017.8,2,2035.6,26080277.60000001
2025-08-01 11:02:09 AM,1017.2,0,0.0,26080277.60000001
2025-08-01 11:02:11 AM,1017.1,0,0.0,26080277.60000001
2025-08-01 11:02:11 AM,1017.1,97,98658.7,26178936.30000001
2025-08-01 11:02:29 AM,1017.0,6,6102.0,26185038.30000001
2025-08-01 11:02:50 AM,1017.0,4,4068.0,26189106.30000001
2025-08-01 11:02:53 AM,1018.4,0,0.0,26189106.30000001
2025-08-01 11:02:55 AM,1018.4,100,101840.0,26290946.30000001
2025-08-01 11:03:07 AM,1018.4,12,12220.8,26303167.10000001
2025-08-01 11:03:25 AM,1018.4,1,1018.4,26304185.500000007
2025-08-01 11:03:30 AM,1018.0,2,2036.0,26306221.500000007
2025-08-01 11:03:31 AM,1019.0,0,0.0,26306221.500000007
2025-08-01 11:03:32 AM,1019.0,25,25475.0,26331696.500000007
2025-08-01 11:03:45 AM,1018.1,0,0.0,26331696.500000007
2025-08-01 11:03:47 AM,1018.1,3,3054.3,26334750.80000001
2025-08-01 11:05:05 AM,1018.9,0,0.0,26334750.80000001
2025-08-01 11:05:05 AM,1018.9,1,1018.9,26335769.700000007
2025-08-01 11:05:09 AM,1019.0,0,0.0,26335769.700000007
2025-08-01 11:05:11 AM,1019.0,19,19361.0,26355130.700000007
2025-08-01 11:05:19 AM,1018.3,0,0.0,26355130.700000007
2025-08-01 11:05:21 AM,1018.3,2,2036.6,26357167.30000001
2025-08-01 11:08:01 AM,1018.5,8,8148.0,26365315.30000001
2025-08-01 11:08:11 AM,1017.7,0,0.0,26365315.30000001
2025-08-01 11:08:12 AM,1017.7,1,1017.7,26366333.000000007
2025-08-01 11:08:48 AM,1017.7,5,5088.5,26371421.500000007
2025-08-01 11:09:04 AM,1017.9,0,0.0,26371421.500000007
2025-08-01 11:09:05 AM,1017.9,10,10179.0,26381600.500000007
2025-08-01 11:09:07 AM,1017.2,0,0.0,26381600.500000007
2025-08-01 11:09:08 AM,1017.2,1,1017.2,26382617.700000007
2025-08-01 11:09:11 AM,1017.7,5,5088.5,26387706.200000007
2025-08-01 11:09:26 AM,1017.3,0,0.0,26387706.200000007
2025-08-01 11:09:28 AM,1017.3,1,1017.3,26388723.500000007
2025-08-01 11:10:05 AM,1017.3,4,4069.2,26392792.700000007
2025-08-01 11:10:11 AM,1016.7,100,101670.0,26494462.700000007
2025-08-01 11:10:24 AM,1016.9,0,0.0,26494462.700000007
2025-08-01 11:10:27 AM,1016.9,4,4067.6,26498530.30000001
2025-08-01 11:10:32 AM,1016.7,0,0.0,26498530.30000001
2025-08-01 11:10:32 AM,1016.7,7,7116.900000000001,26505647.200000007
2025-08-01 11:10:43 AM,1016.7,1,1016.7,26506663.900000006
2025-08-01 11:11:00 AM,1016.7,2,2033.4,26508697.300000004
2025-08-01 11:11:01 AM,1016.7,3,3050.1000000000004,26511747.400000006
2025-08-01 11:11:02 AM,1016.5,0,0.0,26511747.400000006
2025-08-01 11:11:06 AM,1016.5,1,1016.5,26512763.900000006
2025-08-01 11:11:38 AM,1016.5,7,7115.5,26519879.400000006
2025-08-01 11:12:54 AM,1017.1,0,0.0,26519879.400000006
2025-08-01 11:12:57 AM,1017.1,28,28478.8,26548358.200000007
2025-08-01 11:13:12 AM,1016.8,0,0.0,26548358.200000007
2025-08-01 11:13:14 AM,1016.8,55,55924.0,26604282.200000007
2025-08-01 11:13:35 AM,1016.8,6,6100.799999999999,26610383.000000007
2025-08-01 11:14:13 AM,1016.1,0,0.0,26610383.000000007
2025-08-01 11:14:14 AM,1016.1,40,40644.0,26651027.000000007
2025-08-01 11:14:31 AM,1016.2,0,0.0,26651027.000000007
2025-08-01 11:14:31 AM,1016.2,4,4064.8,26655091.80000001
2025-08-01 11:14:51 AM,1016.2,1,1016.2,26656108.000000007
2025-08-01 11:15:19 AM,1016.1,0,0.0,26656108.000000007
2025-08-01 11:15:19 AM,1016.1,7,7112.7,26663220.700000007
2025-08-01 11:16:22 AM,1016.7,6,6100.200000000001,26669320.900000006
2025-08-01 11:16:25 AM,1016.2,0,0.0,26669320.900000006
2025-08-01 11:16:27 AM,1016.2,1,1016.2,26670337.100000005
2025-08-01 11:16:31 AM,1016.7,0,0.0,26670337.100000005
2025-08-01 11:16:32 AM,1016.7,2,2033.4,26672370.500000004
2025-08-01 11:16:52 AM,1016.7,31,31517.7,26703888.200000003
2025-08-01 11:17:03 AM,1016.4,0,0.0,26703888.200000003
2025-08-01 11:17:03 AM,1016.4,3,3049.2,26706937.400000002
2025-08-01 11:17:21 AM,1016.4,1,1016.4,26707953.8
2025-08-01 11:18:37 AM,1016.6,0,0.0,26707953.8
2025-08-01 11:18:41 AM,1016.6,3,3049.8,26711003.6
2025-08-01 11:18:47 AM,1016.6,6,6099.6,26717103.200000003
2025-08-01 11:18:58 AM,1016.6,1,1016.6,26718119.800000004
2025-08-01 11:19:01 AM,1017.0,0,0.0,26718119.800000004
2025-08-01 11:19:04 AM,1017.0,90,91530.0,26809649.800000004
2025-08-01 11:19:15 AM,1016.4,0,0.0,26809649.800000004
2025-08-01 11:19:16 AM,1015.9,1234,1253620.5999999999,28063270.400000006
2025-08-01 11:19:19 AM,1015.1,0,0.0,28063270.400000006
2025-08-01 11:19:21 AM,1015.0,0,0.0,28063270.400000006
2025-08-01 11:19:21 AM,1015.0,726,736890.0,28800160.400000006
2025-08-01 11:19:34 AM,1014.5,0,0.0,28800160.400000006
2025-08-01 11:19:37 AM,1014.5,6,6087.0,28806247.400000006
2025-08-01 11:19:47 AM,1015.0,0,0.0,28806247.400000006
2025-08-01 11:19:48 AM,1015.0,1,1015.0,28807262.400000006
2025-08-01 11:19:53 AM,1014.5,0,0.0,28807262.400000006
2025-08-01 11:19:53 AM,1014.5,7,7101.5,28814363.900000006
2025-08-01 11:20:12 AM,1014.4,0,0.0,28814363.900000006
2025-08-01 11:20:14 AM,1014.5,0,0.0,28814363.900000006
2025-08-01 11:20:14 AM,1014.5,15,15217.5,28829581.400000006
2025-08-01 11:20:31 AM,1014.4,0,0.0,28829581.400000006
2025-08-01 11:20:36 AM,1014.4,6,6086.4,28835667.800000004
2025-08-01 11:20:40 AM,1015.0,0,0.0,28835667.800000004
2025-08-01 11:20:41 AM,1015.0,2,2030.0,28837697.800000004
2025-08-01 11:20:50 AM,1014.4,0,0.0,28837697.800000004
2025-08-01 11:20:51 AM,1014.4,7,7100.8,28844798.600000005
2025-08-01 11:20:58 AM,1015.0,0,0.0,28844798.600000005
2025-08-01 11:21:01 AM,1015.0,20,20300.0,28865098.600000005
2025-08-01 11:21:06 AM,1015.0,1,1015.0,28866113.600000005
2025-08-01 11:21:09 AM,1014.4,0,0.0,28866113.600000005
2025-08-01 11:21:12 AM,1014.4,6,6086.4,28872200.000000004
2025-08-01 11:21:16 AM,1015.0,0,0.0,28872200.000000004
2025-08-01 11:21:17 AM,1015.0,3,3045.0,28875245.000000004
2025-08-01 11:21:28 AM,1015.0,6,6090.0,28881335.000000004
2025-08-01 11:21:48 AM,1015.0,10,10150.0,28891485.000000004
2025-08-01 11:22:09 AM,1015.0,6,6090.0,28897575.000000004
2025-08-01 11:22:20 AM,1015.0,25,25375.0,28922950.000000004
2025-08-01 11:22:25 AM,1015.0,7,7105.0,28930055.000000004
2025-08-01 11:22:43 AM,1016.3,0,0.0,28930055.000000004
2025-08-01 11:22:44 AM,1015.3,0,0.0,28930055.000000004
2025-08-01 11:22:47 AM,1015.3,106,107621.79999999999,29037676.800000004
2025-08-01 11:23:06 AM,1015.0,0,0.0,29037676.800000004
2025-08-01 11:23:07 AM,1015.0,26,26390.0,29064066.800000004
2025-08-01 11:23:20 AM,1015.3,0,0.0,29064066.800000004
2025-08-01 11:23:24 AM,1015.3,47,47719.1,29111785.900000006
2025-08-01 11:23:31 AM,1016.4,0,0.0,29111785.900000006
2025-08-01 11:23:34 AM,1016.4,143,145345.19999999998,29257131.100000005
2025-08-01 11:23:41 AM,1015.5,0,0.0,29257131.100000005
2025-08-01 11:23:44 AM,1015.5,64,64992.0,29322123.100000005
2025-08-01 11:24:04 AM,1015.5,6,6093.0,29328216.100000005
2025-08-01 11:24:19 AM,1015.5,5,5077.5,29333293.600000005
2025-08-01 11:24:20 AM,1015.8,3,3047.3999999999996,29336341.000000004
2025-08-01 11:24:37 AM,1016.0,0,0.0,29336341.000000004
2025-08-01 11:24:38 AM,1015.2,0,0.0,29336341.000000004
2025-08-01 11:24:41 AM,1015.2,14,14212.800000000001,29350553.800000004
2025-08-01 11:24:43 AM,1015.0,0,0.0,29350553.800000004
2025-08-01 11:24:46 AM,1015.0,2,2030.0,29352583.800000004
2025-08-01 11:24:57 AM,1015.0,7,7105.0,29359688.800000004
2025-08-01 11:25:18 AM,1015.0,6,6090.0,29365778.800000004
2025-08-01 11:25:38 AM,1015.0,6,6090.0,29371868.800000004
2025-08-01 11:25:46 AM,1015.8,0,0.0,29371868.800000004
2025-08-01 11:25:49 AM,1015.8,2,2031.6,29373900.400000006
2025-08-01 11:25:54 AM,1015.0,0,0.0,29373900.400000006
2025-08-01 11:25:54 AM,1015.0,7,7105.0,29381005.400000006
2025-08-01 11:26:04 AM,1015.8,0,0.0,29381005.400000006
2025-08-01 11:26:05 AM,1015.8,1,1015.8,29382021.200000007
2025-08-01 11:26:07 AM,1015.0,0,0.0,29382021.200000007
2025-08-01 11:26:09 AM,1015.0,3,3045.0,29385066.200000007
2025-08-01 11:26:15 AM,1015.0,6,6090.0,29391156.200000007
2025-08-01 11:26:30 AM,1015.9,10,10159.0,29401315.200000007
2025-08-01 11:26:32 AM,1015.1,0,0.0,29401315.200000007
2025-08-01 11:26:35 AM,1015.1,6,6090.6,29407405.80000001
2025-08-01 11:26:43 AM,1015.8,0,0.0,29407405.80000001
2025-08-01 11:26:45 AM,1015.8,4,4063.2,29411469.000000007
2025-08-01 11:26:51 AM,1015.1,0,0.0,29411469.000000007
2025-08-01 11:26:52 AM,1015.0,7,7105.0,29418574.000000007
2025-08-01 11:27:06 AM,1015.3,0,0.0,29418574.000000007
2025-08-01 11:27:07 AM,1015.3,2,2030.6,29420604.60000001
2025-08-01 11:27:10 AM,1015.0,6,6090.0,29426694.60000001
2025-08-01 11:27:31 AM,1015.0,3,3045.0,29429739.60000001
2025-08-01 11:27:34 AM,1014.5,0,0.0,29429739.60000001
2025-08-01 11:27:36 AM,1014.5,4,4058.0,29433797.60000001
2025-08-01 11:27:41 AM,1014.5,9,9130.5,29442928.10000001
2025-08-01 11:27:42 AM,1015.1,0,0.0,29442928.10000001
2025-08-01 11:27:43 AM,1015.1,3,3045.3,29445973.40000001
2025-08-01 11:27:48 AM,1014.5,6,6087.0,29452060.40000001
2025-08-01 11:28:07 AM,1014.5,6,6087.0,29458147.40000001
2025-08-01 11:28:08 AM,1015.9,0,0.0,29458147.40000001
2025-08-01 11:28:09 AM,1015.9,321,326103.89999999997,29784251.30000001
2025-08-01 11:28:26 AM,1015.1,0,0.0,29784251.30000001
2025-08-01 11:28:28 AM,1014.5,4,4058.0,29788309.30000001
2025-08-01 11:28:33 AM,1014.5,4,4058.0,29792367.30000001
2025-08-01 11:28:34 AM,1015.4,0,0.0,29792367.30000001
2025-08-01 11:28:35 AM,1015.4,10,10154.0,29802521.30000001
2025-08-01 11:28:45 AM,1014.5,0,0.0,29802521.30000001
2025-08-01 11:28:45 AM,1014.5,6,6087.0,29808608.30000001
2025-08-01 11:28:52 AM,1015.6,0,0.0,29808608.30000001
2025-08-01 11:28:53 AM,1015.6,20,20312.0,29828920.30000001
2025-08-01 11:29:04 AM,1014.7,0,0.0,29828920.30000001
2025-08-01 11:29:05 AM,1014.7,7,7102.900000000001,29836023.200000007
2025-08-01 11:29:14 AM,1014.7,10,10147.0,29846170.200000007
2025-08-01 11:29:23 AM,1014.8,0,0.0,29846170.200000007
2025-08-01 11:29:25 AM,1014.8,8,8118.4,29854288.600000005
2025-08-01 11:29:42 AM,1014.9,0,0.0,29854288.600000005
2025-08-01 11:29:43 AM,1014.9,6,6089.4,29860378.000000004
2025-08-01 11:29:59 AM,1015.8,0,0.0,29860378.000000004
2025-08-01 11:30:01 AM,1015.1,17,17256.7,29877634.700000003
2025-08-01 11:30:08 AM,1015.8,3,3047.3999999999996,29880682.1
2025-08-01 11:30:21 AM,1015.0,0,0.0,29880682.1
2025-08-01 11:30:22 AM,1015.8,7,7110.599999999999,29887792.700000003
2025-08-01 11:30:39 AM,1015.0,0,0.0,29887792.700000003
2025-08-01 11:30:39 AM,1015.0,3,3045.0,29890837.700000003
2025-08-01 11:30:41 AM,1014.8,0,0.0,29890837.700000003
2025-08-01 11:30:42 AM,1014.8,3,3044.3999999999996,29893882.1
2025-08-01 11:30:59 AM,1014.8,7,7103.599999999999,29900985.700000003
2025-08-01 11:31:17 AM,1014.7,0,0.0,29900985.700000003
2025-08-01 11:31:20 AM,1014.7,6,6088.200000000001,29907073.900000002
2025-08-01 11:31:27 AM,1015.5,1,1015.5,29908089.400000002
2025-08-01 11:31:36 AM,1014.7,0,0.0,29908089.400000002
2025-08-01 11:31:37 AM,1014.7,7,7102.900000000001,29915192.3
2025-08-01 11:31:55 AM,1014.7,6,6088.200000000001,29921280.5
2025-08-01 11:32:17 AM,1014.7,6,6088.200000000001,29927368.7
2025-08-01 11:32:34 AM,1014.7,7,7102.900000000001,29934471.599999998
2025-08-01 11:32:53 AM,1014.7,6,6088.200000000001,29940559.799999997
2025-08-01 11:33:14 AM,1014.7,6,6088.200000000001,29946647.999999996
2025-08-01 11:33:15 AM,1015.5,2,2031.0,29948678.999999996
2025-08-01 11:33:30 AM,1014.8,0,0.0,29948678.999999996
2025-08-01 11:33:34 AM,1014.8,11,11162.8,29959841.799999997
2025-08-01 11:33:49 AM,1014.7,0,0.0,29959841.799999997
2025-08-01 11:33:50 AM,1014.7,6,6088.200000000001,29965929.999999996
2025-08-01 11:34:08 AM,1014.6,0,0.0,29965929.999999996
2025-08-01 11:34:10 AM,1014.6,7,7102.2,29973032.199999996
2025-08-01 11:34:30 AM,1014.6,6,6087.6,29979119.799999997
2025-08-01 11:34:46 AM,1014.6,6,6087.6,29985207.4
2025-08-01 11:35:07 AM,1014.6,1,1014.6,29986222.0
2025-08-01 11:35:10 AM,1015.2,0,0.0,29986222.0
2025-08-01 11:35:12 AM,1015.2,2,2030.4,29988252.4
2025-08-01 11:35:34 AM,1015.2,5,5076.0,29993328.4
2025-08-01 11:36:07 AM,1016.1,0,0.0,29993328.4
2025-08-01 11:36:10 AM,1016.1,142,144286.2,30137614.599999998
2025-08-01 11:36:21 AM,1016.3,0,0.0,30137614.599999998
2025-08-01 11:36:25 AM,1016.3,15,15244.5,30152859.099999998
2025-08-01 11:36:41 AM,1016.3,1,1016.3,30153875.4
2025-08-01 11:38:05 AM,1016.3,18,18293.399999999998,30172168.799999997
2025-08-01 11:38:15 AM,1016.3,2,2032.6,30174201.4
2025-08-01 11:39:00 AM,1016.3,89,90450.7,30264652.099999998
2025-08-01 11:39:12 AM,1015.5,0,0.0,30264652.099999998
2025-08-01 11:39:14 AM,1015.5,9,9139.5,30273791.599999998
2025-08-01 11:39:22 AM,1016.2,0,0.0,30273791.599999998
2025-08-01 11:39:25 AM,1016.2,8,8129.6,30281921.2
2025-08-01 11:39:31 AM,1015.4,2,2030.8,30283952.0
2025-08-01 11:39:32 AM,1016.0,0,0.0,30283952.0
2025-08-01 11:39:35 AM,1016.0,200,203200.0,30487152.0
2025-08-01 11:39:51 AM,1014.9,0,0.0,30487152.0
2025-08-01 11:39:52 AM,1014.9,11,11163.9,30498315.9
2025-08-01 11:39:57 AM,1014.7,0,0.0,30498315.9
2025-08-01 11:39:57 AM,1014.7,2,2029.4,30500345.299999997
2025-08-01 11:40:01 AM,1015.5,0,0.0,30500345.299999997
2025-08-01 11:40:02 AM,1015.5,5,5077.5,30505422.799999997
2025-08-01 11:40:09 AM,1014.7,0,0.0,30505422.799999997
2025-08-01 11:40:12 AM,1016.5,456,463524.0,30968946.799999997
2025-08-01 11:40:28 AM,1015.6,2,2031.2,30970977.999999996
2025-08-01 11:40:29 AM,1015.6,2,2031.2,30973009.199999996
2025-08-01 11:40:31 AM,1015.5,0,0.0,30973009.199999996
2025-08-01 11:40:33 AM,1015.5,5,5077.5,30978086.699999996
2025-08-01 11:40:43 AM,1015.2,0,0.0,30978086.699999996
2025-08-01 11:40:44 AM,1015.2,60,60912.0,31038998.699999996
2025-08-01 11:40:49 AM,1015.0,6,6090.0,31045088.699999996
2025-08-01 11:40:54 AM,1016.0,1,1016.0,31046104.699999996
2025-08-01 11:41:03 AM,1016.2,0,0.0,31046104.699999996
2025-08-01 11:41:03 AM,1016.2,4,4064.8,31050169.499999996
2025-08-01 11:41:07 AM,1015.3,0,0.0,31050169.499999996
2025-08-01 11:41:09 AM,1015.3,6,6091.799999999999,31056261.299999997
2025-08-01 11:41:28 AM,1015.3,7,7107.099999999999,31063368.4
2025-08-01 11:41:45 AM,1015.2,0,0.0,31063368.4
2025-08-01 11:41:48 AM,1015.2,6,6091.200000000001,31069459.599999998
2025-08-01 11:42:04 AM,1015.2,6,6091.200000000001,31075550.799999997
2025-08-01 11:42:24 AM,1015.2,7,7106.400000000001,31082657.199999996
2025-08-01 11:42:29 AM,1016.3,0,0.0,31082657.199999996
2025-08-01 11:42:29 AM,1016.3,100,101630.0,31184287.199999996
2025-08-01 11:42:43 AM,1015.3,0,0.0,31184287.199999996
2025-08-01 11:42:46 AM,1015.3,6,6091.799999999999,31190378.999999996
2025-08-01 11:43:01 AM,1015.2,102,103550.40000000001,31293929.399999995
2025-08-01 11:43:03 AM,1015.0,0,0.0,31293929.399999995
2025-08-01 11:43:06 AM,1015.0,542,550130.0,31844059.399999995
2025-08-01 11:43:19 AM,1014.5,0,0.0,31844059.399999995
2025-08-01 11:43:23 AM,1014.5,6,6087.0,31850146.399999995
2025-08-01 11:43:38 AM,1014.5,6,6087.0,31856233.399999995
2025-08-01 11:43:59 AM,1014.5,22,22319.0,31878552.399999995
2025-08-01 11:44:07 AM,1014.0,0,0.0,31878552.399999995
2025-08-01 11:44:11 AM,1013.8,949,962096.2,32840648.599999994
2025-08-01 11:44:17 AM,1013.5,6,6081.0,32846729.599999994
2025-08-01 11:44:21 AM,1013.8,0,0.0,32846729.599999994
2025-08-01 11:44:23 AM,1013.8,20,20276.0,32867005.599999994
2025-08-01 11:44:27 AM,1013.9,0,0.0,32867005.599999994
2025-08-01 11:44:29 AM,1013.9,148,150057.19999999998,33017062.799999993
2025-08-01 11:44:36 AM,1013.1,0,0.0,33017062.799999993
2025-08-01 11:44:40 AM,1013.1,6,6078.6,33023141.399999995
2025-08-01 11:44:54 AM,1013.2,0,0.0,33023141.399999995
2025-08-01 11:44:56 AM,1013.2,7,7092.400000000001,33030233.799999993
2025-08-01 11:45:17 AM,1013.2,6,6079.200000000001,33036312.999999993
2025-08-01 11:45:28 AM,1013.2,16,16211.2,33052524.19999999
2025-08-01 11:45:33 AM,1013.2,7,7092.400000000001,33059616.59999999
2025-08-01 11:45:55 AM,1013.2,31,31409.2,33091025.79999999
2025-08-01 11:46:11 AM,1013.2,6,6079.200000000001,33097104.99999999
2025-08-01 11:46:29 AM,1013.5,0,0.0,33097104.99999999
2025-08-01 11:46:31 AM,1013.5,7,7094.5,33104199.49999999
2025-08-01 11:46:37 AM,1013.5,10,10135.0,33114334.49999999
2025-08-01 11:46:48 AM,1013.5,6,6081.0,33120415.49999999
2025-08-01 11:47:04 AM,1013.5,11,11148.5,33131563.99999999
2025-08-01 11:47:09 AM,1013.5,6,6081.0,33137644.99999999
2025-08-01 11:47:29 AM,1013.5,12,12162.0,33149806.99999999
2025-08-01 11:47:49 AM,1013.5,21,21283.5,33171090.49999999
2025-08-01 11:48:05 AM,1013.5,7,7094.5,33178184.99999999
2025-08-01 11:48:25 AM,1013.5,6,6081.0,33184265.99999999
2025-08-01 11:48:42 AM,1013.6,0,0.0,33184265.99999999
2025-08-01 11:48:45 AM,1013.6,6,6081.6,33190347.59999999
2025-08-01 11:48:46 AM,1013.2,0,0.0,33190347.59999999
2025-08-01 11:48:50 AM,1013.2,72,72950.40000000001,33263297.99999999
2025-08-01 11:48:52 AM,1013.9,0,0.0,33263297.99999999
2025-08-01 11:48:55 AM,1013.9,2,2027.8,33265325.79999999
2025-08-01 11:49:01 AM,1013.2,0,0.0,33265325.79999999
2025-08-01 11:49:05 AM,1013.2,7,7092.400000000001,33272418.199999988
2025-08-01 11:49:05 AM,1013.1,30,30393.0,33302811.199999988
2025-08-01 11:49:21 AM,1013.1,6,6078.6,33308889.79999999
2025-08-01 11:49:27 AM,1013.1,100,101310.0,33410199.79999999
2025-08-01 11:49:39 AM,1013.2,0,0.0,33410199.79999999
2025-08-01 11:49:42 AM,1013.2,6,6079.200000000001,33416278.99999999
2025-08-01 11:49:53 AM,1013.2,14,14184.800000000001,33430463.79999999
2025-08-01 11:49:58 AM,1013.2,7,7092.400000000001,33437556.199999988
2025-08-01 11:50:19 AM,1013.2,6,6079.200000000001,33443635.399999987
2025-08-01 11:50:39 AM,1013.2,7,7092.400000000001,33450727.799999986
2025-08-01 11:50:58 AM,1013.2,6,6079.200000000001,33456806.999999985
2025-08-01 11:51:02 AM,1013.1,0,0.0,33456806.999999985
2025-08-01 11:51:03 AM,1013.1,12,12157.2,33468964.199999984
2025-08-01 11:51:14 AM,1013.2,0,0.0,33468964.199999984
2025-08-01 11:51:18 AM,1013.2,6,6079.200000000001,33475043.399999984
2025-08-01 11:51:23 AM,1013.5,15,15202.5,33490245.899999984
2025-08-01 11:51:33 AM,1013.1,7,7091.7,33497337.599999983
2025-08-01 11:51:53 AM,1013.1,6,6078.6,33503416.199999984
2025-08-01 11:52:10 AM,1013.6,0,0.0,33503416.199999984
2025-08-01 11:52:11 AM,1013.2,0,0.0,33503416.199999984
2025-08-01 11:52:13 AM,1013.2,11,11145.2,33514561.399999984
2025-08-01 11:52:15 AM,1013.1,0,0.0,33514561.399999984
2025-08-01 11:52:18 AM,1013.1,20,20262.0,33534823.399999984
2025-08-01 11:52:28 AM,1013.2,2,2026.4,33536849.799999982
2025-08-01 11:52:30 AM,1013.1,0,0.0,33536849.799999982
2025-08-01 11:52:33 AM,1013.1,7,7091.7,33543941.49999998
2025-08-01 11:52:43 AM,1013.1,1,1013.1,33544954.599999983
2025-08-01 11:52:45 AM,1013.1,1,1013.1,33545967.699999984
2025-08-01 11:52:50 AM,1013.1,6,6078.6,33552046.299999986
2025-08-01 11:53:01 AM,1014.0,0,0.0,33552046.299999986
2025-08-01 11:53:02 AM,1014.1,0,0.0,33552046.299999986
2025-08-01 11:53:03 AM,1014.1,59,59831.9,33611878.19999999
2025-08-01 11:53:08 AM,1014.3,0,0.0,33611878.19999999
2025-08-01 11:53:09 AM,1014.3,7,7100.099999999999,33618978.29999999
2025-08-01 11:53:27 AM,1014.4,0,0.0,33618978.29999999
2025-08-01 11:53:29 AM,1014.4,6,6086.4,33625064.69999999
2025-08-01 11:53:46 AM,1014.3,0,0.0,33625064.69999999
2025-08-01 11:53:49 AM,1014.3,6,6085.799999999999,33631150.499999985
2025-08-01 11:53:53 AM,1015.3,0,0.0,33631150.499999985
2025-08-01 11:53:54 AM,1015.3,5,5076.5,33636226.999999985
2025-08-01 11:54:05 AM,1015.0,7,7105.0,33643331.999999985
2025-08-01 11:54:25 AM,1015.0,6,6090.0,33649421.999999985
2025-08-01 11:54:27 AM,1015.5,0,0.0,33649421.999999985
2025-08-01 11:54:30 AM,1015.5,684,694602.0,34344023.999999985
2025-08-01 11:54:42 AM,1015.4,0,0.0,34344023.999999985
2025-08-01 11:54:45 AM,1015.4,9,9138.6,34353162.59999999
2025-08-01 11:55:02 AM,1015.2,0,0.0,34353162.59999999
2025-08-01 11:55:04 AM,1015.4,0,0.0,34353162.59999999
2025-08-01 11:55:05 AM,1015.4,16,16246.4,34369408.999999985
2025-08-01 11:55:21 AM,1015.4,15,15231.0,34384639.999999985
2025-08-01 11:55:21 AM,1015.2,0,0.0,34384639.999999985
2025-08-01 11:55:22 AM,1015.2,6,6091.200000000001,34390731.19999999
2025-08-01 11:55:41 AM,1015.2,7,7106.400000000001,34397837.59999999
2025-08-01 11:56:00 AM,1015.2,6,6091.200000000001,34403928.79999999
2025-08-01 11:56:21 AM,1015.2,6,6091.200000000001,34410019.99999999
2025-08-01 11:56:38 AM,1015.2,7,7106.400000000001,34417126.39999999
2025-08-01 11:56:57 AM,1015.2,6,6091.200000000001,34423217.599999994
2025-08-01 11:57:01 AM,1015.2,22,22334.4,34445551.99999999
2025-08-01 11:57:16 AM,1015.2,7,7106.400000000001,34452658.39999999
2025-08-01 11:57:23 AM,1015.2,10,10152.0,34462810.39999999
2025-08-01 11:57:28 AM,1015.2,8,8121.6,34470931.99999999
2025-08-01 11:57:37 AM,1015.2,5,5076.0,34476007.99999999
2025-08-01 11:57:40 AM,1015.0,0,0.0,34476007.99999999
2025-08-01 11:57:42 AM,1015.0,1,1015.0,34477022.99999999
2025-08-01 11:57:53 AM,1015.0,6,6090.0,34483112.99999999
2025-08-01 11:57:56 AM,1014.2,0,0.0,34483112.99999999
2025-08-01 11:57:57 AM,1014.2,84,85192.8,34568305.79999999
2025-08-01 11:58:13 AM,1014.2,7,7099.400000000001,34575405.19999999
2025-08-01 11:58:31 AM,1014.3,0,0.0,34575405.19999999
2025-08-01 11:58:34 AM,1014.3,6,6085.799999999999,34581490.999999985
2025-08-01 11:58:50 AM,1014.3,6,6085.799999999999,34587576.79999998
2025-08-01 11:58:54 AM,1014.0,0,0.0,34587576.79999998
2025-08-01 11:58:55 AM,1014.0,22,22308.0,34609884.79999998
2025-08-01 11:59:02 AM,1013.7,5,5068.5,34614953.29999998
2025-08-01 11:59:11 AM,1013.7,7,7095.900000000001,34622049.19999998
2025-08-01 11:59:31 AM,1013.7,6,6082.200000000001,34628131.39999998
2025-08-01 11:59:47 AM,1014.0,7,7098.0,34635229.39999998
2025-08-01 11:59:54 AM,1014.0,17,17238.0,34652467.39999998
2025-08-01 12:00:08 PM,1014.0,6,6084.0,34658551.39999998
2025-08-01 12:00:11 PM,1014.6,0,0.0,34658551.39999998
2025-08-01 12:00:13 PM,1014.6,2,2029.2,34660580.59999999
2025-08-01 12:00:25 PM,1014.0,0,0.0,34660580.59999999
2025-08-01 12:00:26 PM,1014.0,6,6084.0,34666664.59999999
2025-08-01 12:00:46 PM,1014.0,7,7098.0,34673762.59999999
2025-08-01 12:00:51 PM,1014.0,21,21294.0,34695056.59999999
2025-08-01 12:01:03 PM,1014.0,3,3042.0,34698098.59999999
2025-08-01 12:01:18 PM,1014.0,100,101400.0,34799498.59999999
2025-08-01 12:01:23 PM,1014.0,9,9126.0,34808624.59999999
2025-08-01 12:01:41 PM,1014.0,2,2028.0,34810652.59999999
2025-08-01 12:01:53 PM,1013.5,215,217902.5,35028555.09999999
2025-08-01 12:02:00 PM,1013.7,11,11150.7,35039705.79999999
2025-08-01 12:02:13 PM,1014.6,0,0.0,35039705.79999999
2025-08-01 12:02:15 PM,1014.6,5,5073.0,35044778.79999999
2025-08-01 12:02:19 PM,1013.7,0,0.0,35044778.79999999
2025-08-01 12:02:20 PM,1013.7,7,7095.900000000001,35051874.69999999
2025-08-01 12:02:40 PM,1013.7,6,6082.200000000001,35057956.89999999
2025-08-01 12:02:47 PM,1014.5,28,28406.0,35086362.89999999
2025-08-01 12:02:57 PM,1013.8,3,3041.3999999999996,35089404.29999999
2025-08-01 12:03:05 PM,1014.5,0,0.0,35089404.29999999
2025-08-01 12:03:06 PM,1014.5,2,2029.0,35091433.29999999
2025-08-01 12:03:16 PM,1013.8,0,0.0,35091433.29999999
2025-08-01 12:03:17 PM,1013.8,1,1013.8,35092447.09999999
2025-08-01 12:03:58 PM,1014.0,0,0.0,35092447.09999999
2025-08-01 12:04:00 PM,1014.0,8,8112.0,35100559.09999999
2025-08-01 12:04:13 PM,1013.9,0,0.0,35100559.09999999
2025-08-01 12:04:14 PM,1013.9,1,1013.9,35101572.999999985
2025-08-01 12:04:44 PM,1013.8,0,0.0,35101572.999999985
2025-08-01 12:04:45 PM,1013.8,88,89214.4,35190787.39999998
2025-08-01 12:04:50 PM,1014.3,10,10143.0,35200930.39999998
2025-08-01 12:04:52 PM,1013.8,10,10138.0,35211068.39999998
2025-08-01 12:05:07 PM,1014.4,32,32460.8,35243529.19999998
2025-08-01 12:05:10 PM,1013.8,0,0.0,35243529.19999998
2025-08-01 12:05:11 PM,1013.8,1,1013.8,35244542.99999998
2025-08-01 12:05:17 PM,1014.5,1,1014.5,35245557.49999998
2025-08-01 12:05:20 PM,1013.8,0,0.0,35245557.49999998
2025-08-01 12:05:21 PM,1013.8,1,1013.8,35246571.299999975
2025-08-01 12:05:31 PM,1013.8,3,3041.3999999999996,35249612.69999997
2025-08-01 12:07:05 PM,1013.8,9,9124.199999999999,35258736.899999976
2025-08-01 12:07:25 PM,1013.8,1,1013.8,35259750.69999997
2025-08-01 12:07:54 PM,1014.8,0,0.0,35259750.69999997
2025-08-01 12:07:56 PM,1014.8,51,51754.799999999996,35311505.49999997
2025-08-01 12:08:02 PM,1014.6,0,0.0,35311505.49999997
2025-08-01 12:08:06 PM,1014.6,5,5073.0,35316578.49999997
2025-08-01 12:08:10 PM,1015.4,0,0.0,35316578.49999997
2025-08-01 12:08:11 PM,1015.4,113,114740.2,35431318.69999997
2025-08-01 12:08:20 PM,1015.5,0,0.0,35431318.69999997
2025-08-01 12:08:21 PM,1015.5,12,12186.0,35443504.69999997
2025-08-01 12:08:31 PM,1015.5,11,11170.5,35454675.19999997
2025-08-01 12:08:40 PM,1015.6,0,0.0,35454675.19999997
2025-08-01 12:08:41 PM,1015.6,3,3046.8,35457721.99999997
2025-08-01 12:09:58 PM,1016.0,0,0.0,35457721.99999997
2025-08-01 12:10:00 PM,1016.0,80,81280.0,35539001.99999997
2025-08-01 12:10:16 PM,1016.0,36,36576.0,35575577.99999997
2025-08-01 12:10:20 PM,1016.9,0,0.0,35575577.99999997
2025-08-01 12:10:21 PM,1016.9,100,101690.0,35677267.99999997
2025-08-01 12:10:34 PM,1016.0,0,0.0,35677267.99999997
2025-08-01 12:10:36 PM,1016.0,6,6096.0,35683363.99999997
2025-08-01 12:10:55 PM,1016.0,7,7112.0,35690475.99999997
2025-08-01 12:11:16 PM,1016.0,2,2032.0,35692507.99999997
2025-08-01 12:14:22 PM,1015.8,0,0.0,35692507.99999997
2025-08-01 12:14:24 PM,1015.8,1169,1187470.2,36879978.19999997
2025-08-01 12:14:40 PM,1015.0,0,0.0,36879978.19999997
2025-08-01 12:14:40 PM,1015.0,50,50750.0,36930728.19999997
2025-08-01 12:14:44 PM,1014.7,0,0.0,36930728.19999997
2025-08-01 12:14:45 PM,1014.7,4,4058.8,36934786.99999997
2025-08-01 12:14:46 PM,1014.4,0,0.0,36934786.99999997
2025-08-01 12:14:50 PM,1014.4,13,13187.199999999999,36947974.19999997
2025-08-01 12:14:52 PM,1013.8,0,0.0,36947974.19999997
2025-08-01 12:14:55 PM,1013.8,7,7096.599999999999,36955070.799999975
2025-08-01 12:15:00 PM,1013.8,6,6082.799999999999,36961153.59999997
2025-08-01 12:15:18 PM,1014.4,0,0.0,36961153.59999997
2025-08-01 12:15:20 PM,1014.4,16,16230.4,36977383.99999997
2025-08-01 12:15:41 PM,1014.4,47,47676.799999999996,37025060.79999997
2025-08-01 12:15:56 PM,1014.3,0,0.0,37025060.79999997
2025-08-01 12:15:56 PM,1014.3,7,7100.099999999999,37032160.89999997
2025-08-01 12:16:16 PM,1014.3,6,6085.799999999999,37038246.699999966
2025-08-01 12:16:35 PM,1014.3,6,6085.799999999999,37044332.49999996
2025-08-01 12:16:54 PM,1014.1,0,0.0,37044332.49999996
2025-08-01 12:16:55 PM,1014.1,7,7098.7,37051431.199999966
2025-08-01 12:17:12 PM,1014.0,0,0.0,37051431.199999966
2025-08-01 12:17:15 PM,1014.0,6,6084.0,37057515.199999966
2025-08-01 12:17:22 PM,1015.0,0,0.0,37057515.199999966
2025-08-01 12:17:24 PM,1015.0,100,101500.0,37159015.199999966
2025-08-01 12:17:32 PM,1014.1,0,0.0,37159015.199999966
2025-08-01 12:17:34 PM,1014.1,3,3042.3,37162057.49999996
2025-08-01 12:17:38 PM,1013.8,0,0.0,37162057.49999996
2025-08-01 12:17:38 PM,1013.8,3,3041.3999999999996,37165098.89999996
2025-08-01 12:17:50 PM,1013.7,0,0.0,37165098.89999996
2025-08-01 12:17:53 PM,1013.7,7,7095.900000000001,37172194.79999996
2025-08-01 12:18:13 PM,1013.7,6,6082.200000000001,37178276.99999996
2025-08-01 12:18:32 PM,1013.7,2,2027.4,37180304.39999996
2025-08-01 12:19:33 PM,1013.7,11,11150.7,37191455.099999964
2025-08-01 12:19:48 PM,1013.7,2,2027.4,37193482.49999996
2025-08-01 12:20:03 PM,1013.7,84,85150.8,37278633.29999996
2025-08-01 12:20:21 PM,1013.5,0,0.0,37278633.29999996
2025-08-01 12:20:24 PM,1013.5,9,9121.5,37287754.79999996
2025-08-01 12:20:45 PM,1013.5,1,1013.5,37288768.29999996
2025-08-01 12:20:56 PM,1013.6,14,14190.4,37302958.69999996
2025-08-01 12:21:00 PM,1013.6,2,2027.2,37304985.89999996
2025-08-01 12:21:22 PM,1013.9,0,0.0,37304985.89999996
2025-08-01 12:21:25 PM,1013.9,3,3041.7,37308027.599999964
2025-08-01 12:21:29 PM,1013.6,0,0.0,37308027.599999964
2025-08-01 12:21:29 PM,1013.6,33,33448.8,37341476.39999996
2025-08-01 12:21:38 PM,1013.6,3,3040.8,37344517.19999996
2025-08-01 12:21:58 PM,1013.6,1,1013.6,37345530.79999996
2025-08-01 12:22:29 PM,1013.9,0,0.0,37345530.79999996
2025-08-01 12:22:30 PM,1013.9,1,1013.9,37346544.69999996
2025-08-01 12:23:39 PM,1013.9,1,1013.9,37347558.59999996
2025-08-01 12:24:25 PM,1014.1,28,28394.8,37375953.399999954
2025-08-01 12:24:26 PM,1014.2,0,0.0,37375953.399999954
2025-08-01 12:24:29 PM,1014.2,4,4056.8,37380010.19999995
2025-08-01 12:25:29 PM,1014.2,9,9127.800000000001,37389137.99999995
2025-08-01 12:25:39 PM,1014.2,1,1014.2,37390152.19999995
2025-08-01 12:25:45 PM,1014.0,0,0.0,37390152.19999995
2025-08-01 12:25:49 PM,1014.0,1,1014.0,37391166.19999995
2025-08-01 12:26:36 PM,1013.8,0,0.0,37391166.19999995
2025-08-01 12:26:39 PM,1013.8,30,30414.0,37421580.19999995
2025-08-01 12:26:42 PM,1013.6,0,0.0,37421580.19999995
2025-08-01 12:26:44 PM,1013.6,3,3040.8,37424620.99999995
2025-08-01 12:27:05 PM,1013.6,1,1013.6,37425634.59999995
2025-08-01 12:27:47 PM,1015.1,0,0.0,37425634.59999995
2025-08-01 12:27:49 PM,1015.1,252,255805.2,37681439.79999995
2025-08-01 12:27:58 PM,1015.0,0,0.0,37681439.79999995
2025-08-01 12:27:59 PM,1015.0,25,25375.0,37706814.79999995
2025-08-01 12:28:15 PM,1014.9,0,0.0,37706814.79999995
2025-08-01 12:28:19 PM,1014.9,255,258799.5,37965614.29999995
2025-08-01 12:28:22 PM,1013.7,0,0.0,37965614.29999995
2025-08-01 12:28:24 PM,1013.7,2,2027.4,37967641.69999995
2025-08-01 12:28:39 PM,1013.7,11,11150.7,37978792.399999954
2025-08-01 12:28:55 PM,1013.7,6,6082.200000000001,37984874.59999996
2025-08-01 12:29:15 PM,1013.7,6,6082.200000000001,37990956.79999996
2025-08-01 12:29:34 PM,1013.7,5,5068.5,37996025.29999996
2025-08-01 12:29:40 PM,1013.6,0,0.0,37996025.29999996
2025-08-01 12:29:41 PM,1013.6,16,16217.6,38012242.89999996
2025-08-01 12:29:53 PM,1013.6,2,2027.2,38014270.099999964
2025-08-01 12:30:13 PM,1013.6,1,1013.6,38015283.699999966
2025-08-01 12:30:34 PM,1013.6,13,13176.800000000001,38028460.49999996
2025-08-01 12:30:50 PM,1013.6,1,1013.6,38029474.099999964
2025-08-01 12:30:55 PM,1013.6,10,10136.0,38039610.099999964
2025-08-01 12:31:02 PM,1013.6,8,8108.8,38047718.89999996
2025-08-01 12:31:10 PM,1013.6,2,2027.2,38049746.099999964
2025-08-01 12:31:14 PM,1012.5,0,0.0,38049746.099999964
2025-08-01 12:31:15 PM,1012.5,1747,1768837.5,39818583.599999964
2025-08-01 12:31:20 PM,1012.8,0,0.0,39818583.599999964
2025-08-01 12:31:21 PM,1012.8,2,2025.6,39820609.199999966
2025-08-01 12:31:27 PM,1012.3,11,11135.3,39831744.49999996
2025-08-01 12:31:28 PM,1012.2,0,0.0,39831744.49999996
2025-08-01 12:31:31 PM,1012.2,21,21256.2,39853000.699999966
2025-08-01 12:31:34 PM,1012.1,0,0.0,39853000.699999966
2025-08-01 12:31:37 PM,1012.1,2,2024.2,39855024.89999997
2025-08-01 12:31:47 PM,1012.1,6,6072.6,39861097.49999997
2025-08-01 12:32:09 PM,1012.1,7,7084.7,39868182.19999997
2025-08-01 12:32:25 PM,1012.1,6,6072.6,39874254.799999975
2025-08-01 12:32:45 PM,1012.1,6,6072.6,39880327.399999976
2025-08-01 12:33:04 PM,1012.1,7,7084.7,39887412.09999998
2025-08-01 12:33:24 PM,1012.1,6,6072.6,39893484.69999998
2025-08-01 12:33:40 PM,1012.1,7,7084.7,39900569.39999998
2025-08-01 12:33:55 PM,1012.1,1,1012.1,39901581.499999985
2025-08-01 12:34:00 PM,1012.1,6,6072.6,39907654.09999999
2025-08-01 12:34:12 PM,1012.5,0,0.0,39907654.09999999
2025-08-01 12:34:15 PM,1012.5,9,9112.5,39916766.59999999
2025-08-01 12:34:18 PM,1012.1,0,0.0,39916766.59999999
2025-08-01 12:34:20 PM,1012.1,6,6072.6,39922839.19999999
2025-08-01 12:34:34 PM,1012.5,0,0.0,39922839.19999999
2025-08-01 12:34:35 PM,1012.5,1,1012.5,39923851.69999999
2025-08-01 12:34:38 PM,1012.1,0,0.0,39923851.69999999
2025-08-01 12:34:40 PM,1012.1,8,8096.8,39931948.499999985
2025-08-01 12:34:48 PM,1012.5,0,0.0,39931948.499999985
2025-08-01 12:34:51 PM,1012.5,5,5062.5,39937010.999999985
2025-08-01 12:34:55 PM,1012.5,5,5062.5,39942073.499999985
2025-08-01 12:34:56 PM,1012.1,0,0.0,39942073.499999985
2025-08-01 12:35:00 PM,1012.1,6,6072.6,39948146.09999999
2025-08-01 12:35:04 PM,1012.5,0,0.0,39948146.09999999
2025-08-01 12:35:05 PM,1012.5,20,20250.0,39968396.09999999
2025-08-01 12:35:16 PM,1012.1,6,6072.6,39974468.69999999
2025-08-01 12:35:36 PM,1012.1,7,7084.7,39981553.39999999
2025-08-01 12:35:43 PM,1012.5,0,0.0,39981553.39999999
2025-08-01 12:35:47 PM,1012.5,1,1012.5,39982565.89999999
2025-08-01 12:35:52 PM,1011.9,0,0.0,39982565.89999999
2025-08-01 12:35:52 PM,1011.9,551,557556.9,40540122.79999999
2025-08-01 12:35:56 PM,1011.6,0,0.0,40540122.79999999
2025-08-01 12:35:58 PM,1011.6,185,187146.0,40727268.79999999
2025-08-01 12:36:12 PM,1011.7,0,0.0,40727268.79999999
2025-08-01 12:36:13 PM,1011.0,34,34374.0,40761642.79999999
2025-08-01 12:36:16 PM,1011.6,0,0.0,40761642.79999999
2025-08-01 12:36:19 PM,1011.6,5,5058.0,40766700.79999999
2025-08-01 12:36:28 PM,1011.7,0,0.0,40766700.79999999
2025-08-01 12:36:29 PM,1011.7,78,78912.6,40845613.39999999
2025-08-01 12:36:34 PM,1011.7,6,6070.200000000001,40851683.599999994
2025-08-01 12:36:41 PM,1012.1,0,0.0,40851683.599999994
2025-08-01 12:36:44 PM,1012.1,1,1012.1,40852695.699999996
2025-08-01 12:36:50 PM,1011.7,0,0.0,40852695.699999996
2025-08-01 12:36:55 PM,1011.7,6,6070.200000000001,40858765.9
2025-08-01 12:37:09 PM,1011.7,7,7081.900000000001,40865847.8
2025-08-01 12:37:29 PM,1011.7,3,3035.1000000000004,40868882.9
2025-08-01 12:37:31 PM,1011.6,0,0.0,40868882.9
2025-08-01 12:37:33 PM,1011.8,0,0.0,40868882.9
2025-08-01 12:37:34 PM,1011.8,4,4047.2,40872930.1
2025-08-01 12:37:49 PM,1011.6,0,0.0,40872930.1
2025-08-01 12:37:49 PM,1011.6,18,18208.8,40891138.9
2025-08-01 12:38:10 PM,1011.6,6,6069.6,40897208.5
2025-08-01 12:38:15 PM,1011.6,12,12139.2,40909347.7
2025-08-01 12:38:26 PM,1011.6,6,6069.6,40915417.300000004
2025-08-01 12:38:29 PM,1011.6,4,4046.4,40919463.7
2025-08-01 12:38:40 PM,1011.6,6,6069.6,40925533.300000004
2025-08-01 12:38:45 PM,1011.6,7,7081.2,40932614.50000001
2025-08-01 12:38:51 PM,1011.7,0,0.0,40932614.50000001
2025-08-01 12:38:53 PM,1011.7,14,14163.800000000001,40946778.300000004
2025-08-01 12:39:03 PM,1011.7,5,5058.5,40951836.800000004
2025-08-01 12:39:04 PM,1011.6,0,0.0,40951836.800000004
2025-08-01 12:39:04 PM,1011.6,1,1011.6,40952848.400000006
2025-08-01 12:39:23 PM,1011.6,6,6069.6,40958918.00000001
2025-08-01 12:39:42 PM,1011.6,148,149716.80000000002,41108634.800000004
2025-08-01 12:39:45 PM,1011.1,0,0.0,41108634.800000004
2025-08-01 12:39:47 PM,1011.1,1,1011.1,41109645.900000006
2025-08-01 12:40:02 PM,1011.0,0,0.0,41109645.900000006
2025-08-01 12:40:03 PM,1011.0,6,6066.0,41115711.900000006
2025-08-01 12:40:19 PM,1011.0,7,7077.0,41122788.900000006
2025-08-01 12:40:39 PM,1011.0,6,6066.0,41128854.900000006
2025-08-01 12:40:55 PM,1011.0,7,7077.0,41135931.900000006
2025-08-01 12:41:00 PM,1011.0,6,6066.0,41141997.900000006
2025-08-01 12:41:16 PM,1011.0,7,7077.0,41149074.900000006
2025-08-01 12:41:28 PM,1012.0,0,0.0,41149074.900000006
2025-08-01 12:41:31 PM,1012.0,50,50600.0,41199674.900000006
2025-08-01 12:41:36 PM,1011.5,0,0.0,41199674.900000006
2025-08-01 12:41:36 PM,1011.5,8,8092.0,41207766.900000006
2025-08-01 12:41:57 PM,1011.5,6,6069.0,41213835.900000006
2025-08-01 12:42:13 PM,1011.5,1,1011.5,41214847.400000006
2025-08-01 12:42:16 PM,1011.0,0,0.0,41214847.400000006
2025-08-01 12:42:18 PM,1011.0,6,6066.0,41220913.400000006
2025-08-01 12:42:33 PM,1011.0,8,8088.0,41229001.400000006
2025-08-01 12:42:53 PM,1011.0,7,7077.0,41236078.400000006
2025-08-01 12:42:58 PM,1012.0,0,0.0,41236078.400000006
2025-08-01 12:42:59 PM,1012.0,13,13156.0,41249234.400000006
2025-08-01 12:43:10 PM,1011.0,6,6066.0,41255300.400000006
2025-08-01 12:43:11 PM,1011.0,164,165804.0,41421104.400000006
2025-08-01 12:43:16 PM,1011.0,3,3033.0,41424137.400000006
2025-08-01 12:43:30 PM,1010.8,0,0.0,41424137.400000006
2025-08-01 12:43:32 PM,1010.8,6,6064.799999999999,41430202.2
2025-08-01 12:43:49 PM,1010.8,4,4043.2,41434245.400000006
2025-08-01 12:43:52 PM,1009.8,0,0.0,41434245.400000006
2025-08-01 12:43:54 PM,1009.8,1449,1463200.2,42897445.60000001
2025-08-01 12:44:08 PM,1009.5,0,0.0,42897445.60000001
2025-08-01 12:44:11 PM,1009.5,16,16152.0,42913597.60000001
2025-08-01 12:44:20 PM,1010.0,0,0.0,42913597.60000001
2025-08-01 12:44:21 PM,1010.0,110,111100.0,43024697.60000001
2025-08-01 12:44:27 PM,1010.0,6,6060.0,43030757.60000001
2025-08-01 12:44:36 PM,1010.4,0,0.0,43030757.60000001
2025-08-01 12:44:37 PM,1010.4,10,10104.0,43040861.60000001
2025-08-01 12:44:46 PM,1010.7,0,0.0,43040861.60000001
2025-08-01 12:44:47 PM,1010.7,26,26278.2,43067139.80000001
2025-08-01 12:44:50 PM,1010.9,0,0.0,43067139.80000001
2025-08-01 12:44:52 PM,1010.9,1,1010.9,43068150.70000001
2025-08-01 12:45:04 PM,1010.4,0,0.0,43068150.70000001
2025-08-01 12:45:08 PM,1010.4,6,6062.4,43074213.10000001
2025-08-01 12:45:24 PM,1010.4,7,7072.8,43081285.900000006
2025-08-01 12:45:44 PM,1010.4,6,6062.4,43087348.300000004
2025-08-01 12:46:04 PM,1010.4,6,6062.4,43093410.7
2025-08-01 12:46:20 PM,1010.4,7,7072.8,43100483.5
2025-08-01 12:46:40 PM,1010.4,6,6062.4,43106545.9
2025-08-01 12:46:45 PM,1010.4,1,1010.4,43107556.3
2025-08-01 12:47:00 PM,1010.4,1,1010.4,43108566.699999996
2025-08-01 12:47:02 PM,1010.1,0,0.0,43108566.699999996
2025-08-01 12:47:05 PM,1010.1,5,5050.5,43113617.199999996
2025-08-01 12:47:08 PM,1010.4,0,0.0,43113617.199999996
2025-08-01 12:47:10 PM,1010.4,15,15156.0,43128773.199999996
2025-08-01 12:47:18 PM,1010.0,0,0.0,43128773.199999996
2025-08-01 12:47:20 PM,1010.0,7,7070.0,43135843.199999996
2025-08-01 12:47:24 PM,1010.4,0,0.0,43135843.199999996
2025-08-01 12:47:25 PM,1010.4,2,2020.8,43137863.99999999
2025-08-01 12:47:36 PM,1010.0,0,0.0,43137863.99999999
2025-08-01 12:47:36 PM,1010.0,6,6060.0,43143923.99999999
2025-08-01 12:47:55 PM,1010.0,7,7070.0,43150993.99999999
2025-08-01 12:48:14 PM,1009.8,0,0.0,43150993.99999999
2025-08-01 12:48:16 PM,1009.8,204,205999.19999999998,43356993.199999996
2025-08-01 12:48:20 PM,1009.3,0,0.0,43356993.199999996
2025-08-01 12:48:21 PM,1009.3,6,6055.799999999999,43363048.99999999
2025-08-01 12:48:31 PM,1009.3,9,9083.699999999999,43372132.699999996
2025-08-01 12:48:32 PM,1009.8,15,15147.0,43387279.699999996
2025-08-01 12:48:34 PM,1009.1,0,0.0,43387279.699999996
2025-08-01 12:48:36 PM,1009.1,6,6054.6,43393334.3
2025-08-01 12:48:52 PM,1009.1,7,7063.7,43400398.0
2025-08-01 12:49:06 PM,1009.1,11,11100.1,43411498.1
2025-08-01 12:49:11 PM,1009.1,6,6054.6,43417552.7
2025-08-01 12:49:16 PM,1010.0,0,0.0,43417552.7
2025-08-01 12:49:20 PM,1010.0,200,202000.0,43619552.7
2025-08-01 12:49:24 PM,1010.4,0,0.0,43619552.7
2025-08-01 12:49:25 PM,1010.4,239,241485.6,43861038.300000004
2025-08-01 12:49:30 PM,1010.2,7,7071.400000000001,43868109.7
2025-08-01 12:49:49 PM,1010.1,6,6060.6,43874170.300000004
2025-08-01 12:49:50 PM,1010.5,0,0.0,43874170.300000004
2025-08-01 12:49:51 PM,1010.5,1,1010.5,43875180.800000004
2025-08-01 12:50:01 PM,1010.5,5,5052.5,43880233.300000004
2025-08-01 12:50:08 PM,1010.2,0,0.0,43880233.300000004
2025-08-01 12:50:11 PM,1010.2,6,6061.200000000001,43886294.50000001
2025-08-01 12:50:28 PM,1010.1,7,7070.7,43893365.20000001
2025-08-01 12:50:47 PM,1010.1,6,6060.6,43899425.80000001
2025-08-01 12:50:52 PM,1010.1,1,1010.1,43900435.90000001
2025-08-01 12:51:04 PM,1010.1,42,42424.200000000004,43942860.10000002
2025-08-01 12:51:06 PM,1010.0,0,0.0,43942860.10000002
2025-08-01 12:51:08 PM,1010.0,6,6060.0,43948920.10000002
2025-08-01 12:51:10 PM,1010.5,0,0.0,43948920.10000002
2025-08-01 12:51:13 PM,1010.5,68,68714.0,44017634.10000002
2025-08-01 12:51:24 PM,1010.4,0,0.0,44017634.10000002
2025-08-01 12:51:25 PM,1010.4,7,7072.8,44024706.90000001
2025-08-01 12:51:44 PM,1010.3,6,6061.799999999999,44030768.70000001
2025-08-01 12:52:03 PM,1010.3,7,7072.099999999999,44037840.80000001
2025-08-01 12:52:23 PM,1010.3,6,6061.799999999999,44043902.60000001
2025-08-01 12:52:42 PM,1010.3,56,56576.799999999996,44100479.400000006
2025-08-01 12:52:52 PM,1010.2,0,0.0,44100479.400000006
2025-08-01 12:52:53 PM,1010.2,5,5051.0,44105530.400000006
2025-08-01 12:52:58 PM,1011.0,33,33363.0,44138893.400000006
2025-08-01 12:52:59 PM,1011.0,7,7077.0,44145970.400000006
2025-08-01 12:53:18 PM,1010.5,6,6063.0,44152033.400000006
2025-08-01 12:53:37 PM,1010.5,16,16168.0,44168201.400000006
2025-08-01 12:53:58 PM,1010.5,7,7073.5,44175274.900000006
2025-08-01 12:54:18 PM,1010.5,6,6063.0,44181337.900000006
2025-08-01 12:54:38 PM,1010.5,7,7073.5,44188411.400000006
2025-08-01 12:54:54 PM,1010.5,6,6063.0,44194474.400000006
2025-08-01 12:55:08 PM,1011.5,0,0.0,44194474.400000006
2025-08-01 12:55:10 PM,1011.5,15,15172.5,44209646.900000006
2025-08-01 12:55:12 PM,1010.5,0,0.0,44209646.900000006
2025-08-01 12:55:16 PM,1010.5,6,6063.0,44215709.900000006
2025-08-01 12:55:30 PM,1010.4,0,0.0,44215709.900000006
2025-08-01 12:55:31 PM,1010.5,19,19199.5,44234909.400000006
2025-08-01 12:55:50 PM,1010.4,0,0.0,44234909.400000006
2025-08-01 12:55:50 PM,1010.4,6,6062.4,44240971.800000004
2025-08-01 12:56:10 PM,1010.4,6,6062.4,44247034.2
2025-08-01 12:56:26 PM,1011.5,0,0.0,44247034.2
2025-08-01 12:56:26 PM,1011.5,25,25287.5,44272321.7
2025-08-01 12:56:28 PM,1010.4,0,0.0,44272321.7
2025-08-01 12:56:30 PM,1010.4,7,7072.8,44279394.5
2025-08-01 12:56:50 PM,1011.2,0,0.0,44279394.5
2025-08-01 12:56:51 PM,1011.2,7,7078.400000000001,44286472.9
2025-08-01 12:57:06 PM,1010.4,7,7072.8,44293545.699999996
2025-08-01 12:57:25 PM,1010.4,6,6062.4,44299608.099999994
2025-08-01 12:57:32 PM,1011.2,0,0.0,44299608.099999994
2025-08-01 12:57:35 PM,1011.2,1,1011.2,44300619.3
2025-08-01 12:57:40 PM,1010.6,0,0.0,44300619.3
2025-08-01 12:57:40 PM,1010.6,5,5053.0,44305672.3
2025-08-01 12:57:46 PM,1010.6,6,6063.6,44311735.9
2025-08-01 12:58:05 PM,1010.6,7,7074.2,44318810.1
2025-08-01 12:58:26 PM,1010.6,6,6063.6,44324873.7
2025-08-01 12:58:41 PM,1010.6,6,6063.6,44330937.300000004
2025-08-01 12:59:00 PM,1010.7,0,0.0,44330937.300000004
2025-08-01 12:59:01 PM,1010.7,7,7074.900000000001,44338012.2
2025-08-01 12:59:20 PM,1011.0,0,0.0,44338012.2
2025-08-01 12:59:21 PM,1011.0,6,6066.0,44344078.2
2025-08-01 12:59:42 PM,1011.0,7,7077.0,44351155.2
2025-08-01 12:59:48 PM,1011.2,0,0.0,44351155.2
2025-08-01 12:59:52 PM,1011.0,0,0.0,44351155.2
2025-08-01 12:59:53 PM,1011.0,3,3033.0,44354188.2
2025-08-01 12:59:58 PM,1011.0,6,6066.0,44360254.2
2025-08-01 01:00:19 PM,1011.0,6,6066.0,44366320.2
2025-08-01 01:00:19 PM,1011.2,0,0.0,44366320.2
2025-08-01 01:00:19 PM,1011.2,1,1011.2,44367331.400000006
2025-08-01 01:00:24 PM,1011.2,3,3033.6000000000004,44370365.00000001
2025-08-01 01:00:35 PM,1011.0,7,7077.0,44377442.00000001
2025-08-01 01:00:50 PM,1011.0,8,8088.0,44385530.00000001
2025-08-01 01:00:53 PM,1011.4,0,0.0,44385530.00000001
2025-08-01 01:00:55 PM,1011.0,0,0.0,44385530.00000001
2025-08-01 01:00:55 PM,1011.0,16,16176.0,44401706.00000001
2025-08-01 01:01:06 PM,1011.0,99,100089.0,44501795.00000001
2025-08-01 01:01:13 PM,1010.7,0,0.0,44501795.00000001
2025-08-01 01:01:17 PM,1010.7,6,6064.200000000001,44507859.20000001
2025-08-01 01:01:32 PM,1011.4,7,7079.8,44514939.00000001
2025-08-01 01:01:39 PM,1010.7,0,0.0,44514939.00000001
2025-08-01 01:01:42 PM,1010.7,1,1010.7,44515949.70000001
2025-08-01 01:01:52 PM,1010.7,1,1010.7,44516960.40000001
2025-08-01 01:02:02 PM,1011.4,4,4045.6,44521006.000000015
2025-08-01 01:02:32 PM,1011.4,10,10114.0,44531120.000000015
2025-08-01 01:02:43 PM,1012.4,0,0.0,44531120.000000015
2025-08-01 01:02:43 PM,1012.4,55,55682.0,44586802.000000015
2025-08-01 01:02:48 PM,1012.4,7,7086.8,44593888.80000001
2025-08-01 01:03:09 PM,1012.8,0,0.0,44593888.80000001
2025-08-01 01:03:12 PM,1012.8,253,256238.4,44850127.20000001
2025-08-01 01:03:27 PM,1017.0,0,0.0,44850127.20000001
2025-08-01 01:03:27 PM,1017.0,323,328491.0,45178618.20000001
2025-08-01 01:03:31 PM,1019.2,0,0.0,45178618.20000001
2025-08-01 01:03:32 PM,1019.2,86,87651.2,45266269.40000001
2025-08-01 01:03:33 PM,1019.0,0,0.0,45266269.40000001
2025-08-01 01:03:37 PM,1018.9,0,0.0,45266269.40000001
2025-08-01 01:03:37 PM,1018.9,185,188496.5,45454765.90000001
2025-08-01 01:03:39 PM,1019.5,0,0.0,45454765.90000001
2025-08-01 01:03:41 PM,1019.4,0,0.0,45454765.90000001
2025-08-01 01:03:42 PM,1020.4,138,140815.19999999998,45595581.10000002
2025-08-01 01:03:43 PM,1020.3,0,0.0,45595581.10000002
2025-08-01 01:03:45 PM,1020.2,0,0.0,45595581.10000002
2025-08-01 01:03:45 PM,1020.3,0,0.0,45595581.10000002
2025-08-01 01:03:47 PM,1020.2,0,0.0,45595581.10000002
2025-08-01 01:03:47 PM,1020.2,61,62232.200000000004,45657813.30000002
2025-08-01 01:03:49 PM,1020.1,0,0.0,45657813.30000002
2025-08-01 01:03:51 PM,1020.1,8,8160.8,45665974.10000002
2025-08-01 01:03:52 PM,1019.9,9,9179.1,45675153.20000002
2025-08-01 01:03:53 PM,1019.8,0,0.0,45675153.20000002
2025-08-01 01:03:55 PM,1020.4,0,0.0,45675153.20000002
2025-08-01 01:03:56 PM,1020.4,4,4081.6,45679234.80000002
2025-08-01 01:03:59 PM,1020.2,0,0.0,45679234.80000002
2025-08-01 01:04:01 PM,1020.2,1,1020.2,45680255.00000002
2025-08-01 01:04:04 PM,1019.4,6,6116.4,45686371.40000002
2025-08-01 01:04:07 PM,1020.1,1,1020.1,45687391.50000002
2025-08-01 01:04:16 PM,1019.9,0,0.0,45687391.50000002
2025-08-01 01:04:16 PM,1019.9,1,1019.9,45688411.40000002
2025-08-01 01:04:19 PM,1020.2,0,0.0,45688411.40000002
2025-08-01 01:04:19 PM,1020.2,242,246888.40000000002,45935299.80000002
2025-08-01 01:04:23 PM,1020.6,0,0.0,45935299.80000002
2025-08-01 01:04:23 PM,1020.6,6,6123.6,45941423.40000002
2025-08-01 01:04:23 PM,1020.6,6,6123.6,45947547.00000002
2025-08-01 01:04:26 PM,1021.6,0,0.0,45947547.00000002
2025-08-01 01:04:26 PM,1021.6,42,42907.200000000004,45990454.200000025
2025-08-01 01:04:26 PM,1021.5,0,0.0,45990454.200000025
2025-08-01 01:04:27 PM,1021.5,1,1021.5,45991475.700000025
2025-08-01 01:04:29 PM,1021.5,4,4086.0,45995561.700000025
2025-08-01 01:04:30 PM,1021.5,3,3064.5,45998626.200000025
2025-08-01 01:04:31 PM,1020.9,0,0.0,45998626.200000025
2025-08-01 01:04:31 PM,1020.9,2,2041.8,46000668.00000002
2025-08-01 01:04:34 PM,1021.8,1,1021.8,46001689.80000002
2025-08-01 01:04:40 PM,1021.8,1,1021.8,46002711.60000002
2025-08-01 01:04:42 PM,1021.0,0,0.0,46002711.60000002
2025-08-01 01:04:43 PM,1021.0,7,7147.0,46009858.60000002
2025-08-01 01:04:45 PM,1021.8,1,1021.8,46010880.40000001
2025-08-01 01:04:48 PM,1021.8,1,1021.8,46011902.20000001
2025-08-01 01:04:50 PM,1020.9,0,0.0,46011902.20000001
2025-08-01 01:04:51 PM,1020.9,2,2041.8,46013944.00000001
2025-08-01 01:05:04 PM,1021.8,7,7152.599999999999,46021096.60000001
2025-08-01 01:05:06 PM,1020.9,1,1020.9,46022117.50000001
2025-08-01 01:05:09 PM,1020.9,78,79630.2,46101747.70000001
2025-08-01 01:05:13 PM,1021.7,0,0.0,46101747.70000001
2025-08-01 01:05:14 PM,1021.7,2,2043.4,46103791.10000001
2025-08-01 01:05:15 PM,1021.8,0,0.0,46103791.10000001
2025-08-01 01:05:16 PM,1021.9,12,12262.8,46116053.900000006
2025-08-01 01:05:19 PM,1021.9,4,4087.6,46120141.50000001
2025-08-01 01:05:20 PM,1021.8,6,6130.799999999999,46126272.300000004
2025-08-01 01:05:24 PM,1021.8,2,2043.6,46128315.900000006
2025-08-01 01:05:27 PM,1021.9,0,0.0,46128315.900000006
2025-08-01 01:05:29 PM,1021.9,1,1021.9,46129337.800000004
2025-08-01 01:05:39 PM,1021.5,0,0.0,46129337.800000004
2025-08-01 01:05:40 PM,1021.5,6,6129.0,46135466.800000004
2025-08-01 01:05:43 PM,1021.9,0,0.0,46135466.800000004
2025-08-01 01:05:45 PM,1021.9,1,1021.9,46136488.7
2025-08-01 01:05:59 PM,1021.6,0,0.0,46136488.7
2025-08-01 01:06:00 PM,1021.6,222,226795.2,46363283.900000006
2025-08-01 01:06:01 PM,1022.0,0,0.0,46363283.900000006
2025-08-01 01:06:02 PM,1022.0,2,2044.0,46365327.900000006
2025-08-01 01:06:03 PM,1022.1,0,0.0,46365327.900000006
2025-08-01 01:06:05 PM,1022.2,0,0.0,46365327.900000006
2025-08-01 01:06:05 PM,1022.4,0,0.0,46365327.900000006
2025-08-01 01:06:06 PM,1022.4,6,6134.4,46371462.300000004
2025-08-01 01:06:07 PM,1022.2,0,0.0,46371462.300000004
2025-08-01 01:06:07 PM,1022.2,38,38843.6,46410305.900000006
2025-08-01 01:06:11 PM,1021.6,0,0.0,46410305.900000006
2025-08-01 01:06:11 PM,1021.6,10,10216.0,46420521.900000006
2025-08-01 01:06:15 PM,1022.0,0,0.0,46420521.900000006
2025-08-01 01:06:16 PM,1022.0,2,2044.0,46422565.900000006
2025-08-01 01:06:17 PM,1021.6,7,7151.2,46429717.10000001
2025-08-01 01:06:19 PM,1022.4,0,0.0,46429717.10000001
2025-08-01 01:06:21 PM,1022.4,102,104284.8,46534001.900000006
2025-08-01 01:06:22 PM,1022.4,20,20448.0,46554449.900000006
2025-08-01 01:06:26 PM,1022.4,4,4089.6,46558539.50000001
2025-08-01 01:06:32 PM,1022.4,1,1022.4,46559561.900000006
2025-08-01 01:06:37 PM,1021.6,0,0.0,46559561.900000006
2025-08-01 01:06:37 PM,1021.6,6,6129.6,46565691.50000001
2025-08-01 01:06:39 PM,1022.4,0,0.0,46565691.50000001
2025-08-01 01:06:42 PM,1022.4,1,1022.4,46566713.900000006
2025-08-01 01:06:56 PM,1021.6,0,0.0,46566713.900000006
2025-08-01 01:06:57 PM,1021.4,57,58219.799999999996,46624933.7
2025-08-01 01:07:00 PM,1021.9,0,0.0,46624933.7
2025-08-01 01:07:02 PM,1021.9,1,1021.9,46625955.6
2025-08-01 01:07:03 PM,1022.0,9,9198.0,46635153.6
2025-08-01 01:07:04 PM,1023.0,0,0.0,46635153.6
2025-08-01 01:07:06 PM,1022.5,0,0.0,46635153.6
2025-08-01 01:07:06 PM,1022.7,0,0.0,46635153.6
2025-08-01 01:07:07 PM,1022.7,461,471464.7,47106618.300000004
2025-08-01 01:07:08 PM,1022.9,23,23526.7,47130145.00000001
2025-08-01 01:07:12 PM,1023.0,0,0.0,47130145.00000001
2025-08-01 01:07:12 PM,1023.0,15,15345.0,47145490.00000001
2025-08-01 01:07:14 PM,1022.9,0,0.0,47145490.00000001
2025-08-01 01:07:16 PM,1023.0,0,0.0,47145490.00000001
2025-08-01 01:07:17 PM,1023.0,517,528891.0,47674381.00000001
2025-08-01 01:07:18 PM,1022.9,0,0.0,47674381.00000001
2025-08-01 01:07:19 PM,1022.9,102,104335.8,47778716.800000004
2025-08-01 01:07:23 PM,1022.9,21,21480.899999999998,47800197.7
2025-08-01 01:07:28 PM,1022.9,4,4091.6,47804289.300000004
2025-08-01 01:07:28 PM,1022.8,0,0.0,47804289.300000004
2025-08-01 01:07:29 PM,1022.8,1,1022.8,47805312.1
2025-08-01 01:07:33 PM,1022.0,6,6132.0,47811444.1
2025-08-01 01:07:38 PM,1022.9,0,0.0,47811444.1
2025-08-01 01:07:39 PM,1022.9,1,1022.9,47812467.0
2025-08-01 01:07:45 PM,1021.9,380,388322.0,48200789.0
2025-08-01 01:07:49 PM,1021.9,76,77664.4,48278453.4
2025-08-01 01:07:52 PM,1022.0,0,0.0,48278453.4
2025-08-01 01:07:52 PM,1021.1,0,0.0,48278453.4
2025-08-01 01:07:54 PM,1021.1,22,22464.2,48300917.6
2025-08-01 01:07:56 PM,1021.9,0,0.0,48300917.6
2025-08-01 01:07:59 PM,1021.9,2,2043.8,48302961.4
2025-08-01 01:08:12 PM,1021.1,0,0.0,48302961.4
2025-08-01 01:08:14 PM,1021.1,3,3063.3,48306024.699999996
2025-08-01 01:08:14 PM,1021.0,0,0.0,48306024.699999996
2025-08-01 01:08:15 PM,1021.0,1,1021.0,48307045.699999996
2025-08-01 01:08:16 PM,1020.5,0,0.0,48307045.699999996
2025-08-01 01:08:19 PM,1020.5,2,2041.0,48309086.699999996
2025-08-01 01:08:30 PM,1020.3,0,0.0,48309086.699999996
2025-08-01 01:08:30 PM,1020.3,6,6121.799999999999,48315208.49999999
2025-08-01 01:08:32 PM,1020.4,0,0.0,48315208.49999999
2025-08-01 01:08:34 PM,1020.4,2,2040.8,48317249.29999999
2025-08-01 01:08:38 PM,1019.6,0,0.0,48317249.29999999
2025-08-01 01:08:39 PM,1019.6,5,5098.0,48322347.29999999
2025-08-01 01:08:40 PM,1020.6,0,0.0,48322347.29999999
2025-08-01 01:08:41 PM,1020.6,1,1020.6,48323367.89999999
2025-08-01 01:08:46 PM,1020.0,1,1020.0,48324387.89999999
2025-08-01 01:08:50 PM,1019.9,0,0.0,48324387.89999999
2025-08-01 01:08:51 PM,1019.9,7,7139.3,48331527.19999999
2025-08-01 01:08:52 PM,1020.8,0,0.0,48331527.19999999
2025-08-01 01:08:53 PM,1020.8,2,2041.6,48333568.79999999
2025-08-01 01:09:08 PM,1020.2,1,1020.2,48334588.99999999
2025-08-01 01:09:10 PM,1020.1,0,0.0,48334588.99999999
2025-08-01 01:09:11 PM,1020.1,5,5100.5,48339689.49999999
2025-08-01 01:09:14 PM,1021.0,1,1021.0,48340710.49999999
2025-08-01 01:09:16 PM,1021.0,1,1021.0,48341731.49999999
2025-08-01 01:09:23 PM,1020.8,1,1020.8,48342752.29999999
2025-08-01 01:09:28 PM,1020.3,0,0.0,48342752.29999999
2025-08-01 01:09:28 PM,1020.3,2,2040.6,48344792.89999999
2025-08-01 01:09:34 PM,1019.6,5,5098.0,48349890.89999999
2025-08-01 01:09:38 PM,1020.4,0,0.0,48349890.89999999
2025-08-01 01:09:39 PM,1020.4,1,1020.4,48350911.29999999
2025-08-01 01:09:40 PM,1020.6,0,0.0,48350911.29999999
2025-08-01 01:09:42 PM,1020.6,1,1020.6,48351931.89999999
2025-08-01 01:09:46 PM,1020.3,0,0.0,48351931.89999999
2025-08-01 01:09:46 PM,1020.3,5,5101.5,48357033.39999999
2025-08-01 01:09:48 PM,1019.3,0,0.0,48357033.39999999
2025-08-01 01:09:49 PM,1019.6,51,51999.6,48409032.99999999
2025-08-01 01:09:51 PM,1020.3,0,0.0,48409032.99999999
2025-08-01 01:09:52 PM,1020.3,10,10203.0,48419235.99999999
2025-08-01 01:09:57 PM,1020.3,2,2040.6,48421276.599999994
2025-08-01 01:10:02 PM,1020.3,8,8162.4,48429438.99999999
2025-08-01 01:10:04 PM,1020.3,2,2040.6,48431479.599999994
2025-08-01 01:10:06 PM,1020.0,0,0.0,48431479.599999994
2025-08-01 01:10:06 PM,1020.0,106,108120.0,48539599.599999994
