date,price,qty,trnvr,cum_trnvr
2025-08-01 09:15:05 AM,1200.4,3963,4757185.2,4757185.2
2025-08-01 09:15:07 AM,1201.1,1281,1538609.0999999999,6295794.3
2025-08-01 09:15:14 AM,1206.7,0,0.0,6295794.3
2025-08-01 09:15:15 AM,1206.3,0,0.0,6295794.3
2025-08-01 09:15:17 AM,1206.8,2454,2961487.1999999997,9257281.5
2025-08-01 09:15:19 AM,1207.4,462,557818.8,9815100.3
2025-08-01 09:15:23 AM,1209.7,0,0.0,9815100.3
2025-08-01 09:15:24 AM,1207.5,0,0.0,9815100.3
2025-08-01 09:15:27 AM,1207.5,2245,2710837.5,12525937.8
2025-08-01 09:15:28 AM,1210.4,792,958636.8,13484574.600000001
2025-08-01 09:15:30 AM,1209.7,0,0.0,13484574.600000001
2025-08-01 09:15:34 AM,1208.3,0,0.0,13484574.600000001
2025-08-01 09:15:35 AM,1211.5,1175,1423512.5,14908087.100000001
2025-08-01 09:15:37 AM,1213.9,1752,2126752.8000000003,17034839.900000002
2025-08-01 09:15:38 AM,1215.0,0,0.0,17034839.900000002
2025-08-01 09:15:42 AM,1212.3,0,0.0,17034839.900000002
2025-08-01 09:15:43 AM,1214.6,2968,3604932.8,20639772.700000003
2025-08-01 09:15:45 AM,1212.8,206,249836.8,20889609.500000004
2025-08-01 09:15:47 AM,1216.8,0,0.0,20889609.500000004
2025-08-01 09:15:50 AM,1215.0,0,0.0,20889609.500000004
2025-08-01 09:15:52 AM,1215.0,1725,2095875.0,22985484.500000004
2025-08-01 09:15:53 AM,1211.9,2104,2549837.6,25535322.100000005
2025-08-01 09:15:56 AM,1212.4,0,0.0,25535322.100000005
2025-08-01 09:15:58 AM,1211.2,0,0.0,25535322.100000005
2025-08-01 09:16:00 AM,1212.4,1202,1457304.8,26992626.900000006
2025-08-01 09:16:02 AM,1211.8,2045,2478131.0,29470757.900000006
2025-08-01 09:16:04 AM,1212.4,0,0.0,29470757.900000006
2025-08-01 09:16:08 AM,1213.3,1294,1570010.2,31040768.100000005
2025-08-01 09:16:10 AM,1213.0,55,66715.0,31107483.100000005
2025-08-01 09:16:12 AM,1216.5,0,0.0,31107483.100000005
2025-08-01 09:16:16 AM,1217.7,1221,1486811.7,32594294.800000004
2025-08-01 09:16:18 AM,1215.1,142,172544.19999999998,32766839.000000004
2025-08-01 09:16:19 AM,1215.5,0,0.0,32766839.000000004
2025-08-01 09:16:22 AM,1214.4,0,0.0,32766839.000000004
2025-08-01 09:16:24 AM,1214.2,2271,2757448.2,35524287.2
2025-08-01 09:16:26 AM,1214.8,133,161568.4,35685855.6
2025-08-01 09:16:29 AM,1215.0,0,0.0,35685855.6
2025-08-01 09:16:33 AM,1214.0,2599,3155186.0,38841041.6
2025-08-01 09:16:34 AM,1214.1,5,6070.5,38847112.1
2025-08-01 09:16:39 AM,1211.8,0,0.0,38847112.1
2025-08-01 09:16:41 AM,1204.5,17239,20764375.5,59611487.6
2025-08-01 09:16:42 AM,1207.4,2899,3500252.6,63111740.2
2025-08-01 09:16:49 AM,1210.0,2107,2549470.0,65661210.2
2025-08-01 09:16:49 AM,1207.9,0,0.0,65661210.2
2025-08-01 09:16:51 AM,1207.5,1038,1253385.0,66914595.2
2025-08-01 09:16:51 AM,1206.3,0,0.0,66914595.2
2025-08-01 09:16:57 AM,1208.8,2755,3330244.0,70244839.2
2025-08-01 09:16:59 AM,1209.2,9,10882.800000000001,70255722.0
2025-08-01 09:17:01 AM,1210.0,0,0.0,70255722.0
2025-08-01 09:17:06 AM,1210.0,1891,2288110.0,72543832.0
2025-08-01 09:17:07 AM,1210.0,17,20570.0,72564402.0
2025-08-01 09:17:14 AM,1210.0,2843,3440030.0,76004432.0
2025-08-01 09:17:15 AM,1210.0,529,640090.0,76644522.0
2025-08-01 09:17:19 AM,1211.1,0,0.0,76644522.0
2025-08-01 09:17:22 AM,1208.3,17336,20947088.8,97591610.8
2025-08-01 09:17:23 AM,1208.2,12,14498.400000000001,97606109.2
2025-08-01 09:17:25 AM,1208.7,0,0.0,97606109.2
2025-08-01 09:17:30 AM,1210.5,61,73840.5,97679949.7
2025-08-01 09:17:31 AM,1211.0,1,1211.0,97681160.7
2025-08-01 09:17:33 AM,1209.3,0,0.0,97681160.7
2025-08-01 09:17:35 AM,1207.6,0,0.0,97681160.7
2025-08-01 09:17:39 AM,1206.7,6140,7409138.0,105090298.7
2025-08-01 09:17:40 AM,1207.0,360,434520.0,105524818.7
2025-08-01 09:17:43 AM,1207.7,0,0.0,105524818.7
2025-08-01 09:17:47 AM,1207.0,225,271575.0,105796393.7
2025-08-01 09:17:48 AM,1206.5,656,791464.0,106587857.7
2025-08-01 09:17:51 AM,1207.4,0,0.0,106587857.7
2025-08-01 09:17:53 AM,1206.5,0,0.0,106587857.7
2025-08-01 09:17:55 AM,1206.5,873,1053274.5,107641132.2
2025-08-01 09:18:01 AM,1206.4,0,0.0,107641132.2
2025-08-01 09:18:03 AM,1205.0,2792,3364360.0,111005492.2
2025-08-01 09:18:05 AM,1208.3,1792,2165273.6,113170765.8
2025-08-01 09:18:07 AM,1206.7,0,0.0,113170765.8
2025-08-01 09:18:09 AM,1205.0,0,0.0,113170765.8
2025-08-01 09:18:12 AM,1204.9,5084,6125711.600000001,119296477.39999999
2025-08-01 09:18:13 AM,1205.0,200,241000.0,119537477.39999999
2025-08-01 09:18:15 AM,1199.7,0,0.0,119537477.39999999
2025-08-01 09:18:17 AM,1201.2,0,0.0,119537477.39999999
2025-08-01 09:18:20 AM,1201.0,1959,2352759.0,121890236.39999999
2025-08-01 09:18:33 AM,1201.1,0,0.0,121890236.39999999
2025-08-01 09:18:36 AM,1201.0,1643,1973243.0,123863479.39999999
2025-08-01 09:18:38 AM,1201.5,191,229486.5,124092965.89999999
2025-08-01 09:18:39 AM,1203.1,0,0.0,124092965.89999999
2025-08-01 09:18:45 AM,1203.2,658,791705.6,124884671.49999999
2025-08-01 09:18:53 AM,1203.0,1,1203.0,124885874.49999999
2025-08-01 09:18:54 AM,1198.0,5143,6161314.0,131047188.49999999
2025-08-01 09:18:55 AM,1200.0,0,0.0,131047188.49999999
2025-08-01 09:18:57 AM,1200.8,0,0.0,131047188.49999999
2025-08-01 09:19:01 AM,1200.6,7718,9266230.799999999,140313419.29999998
2025-08-01 09:19:03 AM,1200.0,0,0.0,140313419.29999998
2025-08-01 09:19:09 AM,1200.0,851,1021200.0,141334619.29999998
2025-08-01 09:19:10 AM,1200.0,29,34800.0,141369419.29999998
2025-08-01 09:19:11 AM,1199.4,0,0.0,141369419.29999998
2025-08-01 09:19:17 AM,1199.4,284,340629.60000000003,141710048.89999998
2025-08-01 09:19:18 AM,1200.0,151,181200.0,141891248.89999998
2025-08-01 09:19:19 AM,1200.8,0,0.0,141891248.89999998
2025-08-01 09:19:21 AM,1200.9,0,0.0,141891248.89999998
2025-08-01 09:19:25 AM,1200.2,153,183630.6,142074879.49999997
2025-08-01 09:19:28 AM,1200.8,0,0.0,142074879.49999997
2025-08-01 09:19:33 AM,1200.2,3642,4371128.4,146446007.89999998
2025-08-01 09:19:36 AM,1201.0,0,0.0,146446007.89999998
2025-08-01 09:19:41 AM,1201.0,1,1201.0,146447208.89999998
2025-08-01 09:19:49 AM,1200.0,701,841200.0,147288408.89999998
2025-08-01 09:19:51 AM,1200.0,106,127200.0,147415608.89999998
2025-08-01 09:19:57 AM,1200.2,268,321653.60000000003,147737262.49999997
2025-08-01 09:19:59 AM,1200.2,10,12002.0,147749264.49999997
2025-08-01 09:20:05 AM,1200.0,100,120000.0,147869264.49999997
2025-08-01 09:20:07 AM,1201.0,3982,4782382.0,152651646.49999997
2025-08-01 09:20:12 AM,1201.3,0,0.0,152651646.49999997
2025-08-01 09:20:13 AM,1201.3,2857,3432114.1,156083760.59999996
2025-08-01 09:20:13 AM,1200.5,0,0.0,156083760.59999996
2025-08-01 09:20:15 AM,1200.5,100,120050.0,156203810.59999996
2025-08-01 09:20:26 AM,1198.6,0,0.0,156203810.59999996
2025-08-01 09:20:29 AM,1198.6,9845,11800217.0,168004027.59999996
2025-08-01 09:20:31 AM,1198.9,35,41961.5,168045989.09999996
2025-08-01 09:20:36 AM,1199.3,0,0.0,168045989.09999996
2025-08-01 09:20:37 AM,1199.3,60,71958.0,168117947.09999996
2025-08-01 09:20:38 AM,1199.3,2,2398.6,168120345.69999996
2025-08-01 09:20:43 AM,1199.0,0,0.0,168120345.69999996
2025-08-01 09:20:45 AM,1199.0,28,33572.0,168153917.69999996
2025-08-01 09:20:52 AM,1199.0,494,592306.0,168746223.69999996
2025-08-01 09:20:57 AM,1198.9,0,0.0,168746223.69999996
2025-08-01 09:21:00 AM,1198.6,174,208556.4,168954780.09999996
2025-08-01 09:21:01 AM,1198.5,317,379924.5,169334704.59999996
2025-08-01 09:21:06 AM,1198.1,0,0.0,169334704.59999996
2025-08-01 09:21:08 AM,1198.4,298,357123.2,169691827.79999995
2025-08-01 09:21:09 AM,1198.8,100,119880.0,169811707.79999995
2025-08-01 09:21:11 AM,1199.0,0,0.0,169811707.79999995
2025-08-01 09:21:13 AM,1198.3,0,0.0,169811707.79999995
2025-08-01 09:21:16 AM,1198.4,471,564446.4,170376154.19999996
2025-08-01 09:21:20 AM,1197.9,0,0.0,170376154.19999996
2025-08-01 09:21:24 AM,1197.9,73,87446.70000000001,170463600.89999995
2025-08-01 09:21:27 AM,1198.0,0,0.0,170463600.89999995
2025-08-01 09:21:32 AM,1198.0,60,71880.0,170535480.89999995
2025-08-01 09:21:34 AM,1198.2,0,0.0,170535480.89999995
2025-08-01 09:21:37 AM,1198.0,0,0.0,170535480.89999995
2025-08-01 09:21:39 AM,1197.4,615,736401.0,171271881.89999995
2025-08-01 09:21:40 AM,1197.6,26,31137.6,171303019.49999994
2025-08-01 09:21:44 AM,1197.0,0,0.0,171303019.49999994
2025-08-01 09:21:47 AM,1197.0,112,134064.0,171437083.49999994
2025-08-01 09:21:48 AM,1197.0,172,205884.0,171642967.49999994
2025-08-01 09:21:50 AM,1196.8,0,0.0,171642967.49999994
2025-08-01 09:21:53 AM,1197.2,0,0.0,171642967.49999994
2025-08-01 09:21:54 AM,1196.0,322,385112.0,172028079.49999994
2025-08-01 09:21:56 AM,1197.0,100,119700.0,172147779.49999994
2025-08-01 09:22:01 AM,1196.5,0,0.0,172147779.49999994
2025-08-01 09:22:02 AM,1196.5,505,604232.5,172752011.99999994
2025-08-01 09:22:05 AM,1196.7,0,0.0,172752011.99999994
2025-08-01 09:22:10 AM,1196.7,22,26327.4,172778339.39999995
2025-08-01 09:22:11 AM,1196.7,19,22737.3,172801076.69999996
2025-08-01 09:22:14 AM,1197.0,0,0.0,172801076.69999996
2025-08-01 09:22:17 AM,1197.0,86,102942.0,172904018.69999996
2025-08-01 09:22:21 AM,1196.8,0,0.0,172904018.69999996
2025-08-01 09:22:25 AM,1196.4,11,13160.400000000001,172917179.09999996
2025-08-01 09:22:25 AM,1195.8,0,0.0,172917179.09999996
2025-08-01 09:22:26 AM,1195.8,354,423313.2,173340492.29999995
2025-08-01 09:22:28 AM,1195.6,0,0.0,173340492.29999995
2025-08-01 09:22:33 AM,1195.9,133,159054.7,173499546.99999994
2025-08-01 09:22:49 AM,1195.8,4,4783.2,173504330.19999993
2025-08-01 09:22:53 AM,1194.9,0,0.0,173504330.19999993
2025-08-01 09:22:55 AM,1195.8,565,675627.0,174179957.19999993
2025-08-01 09:22:59 AM,1195.5,0,0.0,174179957.19999993
2025-08-01 09:23:03 AM,1195.5,2,2391.0,174182348.19999993
2025-08-01 09:23:07 AM,1195.2,0,0.0,174182348.19999993
2025-08-01 09:23:08 AM,1195.5,0,0.0,174182348.19999993
2025-08-01 09:23:11 AM,1194.9,266,317843.4,174500191.59999993
2025-08-01 09:23:15 AM,1194.7,0,0.0,174500191.59999993
2025-08-01 09:23:18 AM,1194.8,94,112311.2,174612502.79999992
2025-08-01 09:23:21 AM,1194.1,0,0.0,174612502.79999992
2025-08-01 09:23:26 AM,1193.2,144,171820.80000000002,174784323.59999993
2025-08-01 09:23:27 AM,1193.3,0,0.0,174784323.59999993
2025-08-01 09:23:28 AM,1193.3,5,5966.5,174790290.09999993
2025-08-01 09:23:33 AM,1192.9,0,0.0,174790290.09999993
2025-08-01 09:23:33 AM,1192.9,155,184899.5,174975189.59999993
2025-08-01 09:23:35 AM,1193.2,1375,1640650.0,176615839.59999993
2025-08-01 09:23:35 AM,1194.0,0,0.0,176615839.59999993
2025-08-01 09:23:40 AM,1194.5,0,0.0,176615839.59999993
2025-08-01 09:23:41 AM,1194.5,330,394185.0,177010024.59999993
2025-08-01 09:23:47 AM,1194.3,0,0.0,177010024.59999993
2025-08-01 09:23:49 AM,1194.6,336,401385.6,177411410.19999993
2025-08-01 09:23:53 AM,1195.0,0,0.0,177411410.19999993
2025-08-01 09:23:56 AM,1195.0,51,60945.0,177472355.19999993
2025-08-01 09:23:59 AM,1195.9,0,0.0,177472355.19999993
2025-08-01 09:24:04 AM,1196.0,2402,2872792.0,180345147.19999993
2025-08-01 09:24:06 AM,1195.2,433,517521.60000000003,180862668.79999992
2025-08-01 09:24:12 AM,1195.6,1,1195.6,180863864.39999992
2025-08-01 09:24:13 AM,1195.7,0,0.0,180863864.39999992
2025-08-01 09:24:13 AM,1195.7,50,59785.0,180923649.39999992
2025-08-01 09:24:19 AM,1194.9,718,857938.2000000001,181781587.5999999
2025-08-01 09:24:21 AM,1194.6,190,226973.99999999997,182008561.5999999
2025-08-01 09:24:25 AM,1194.3,0,0.0,182008561.5999999
2025-08-01 09:24:27 AM,1194.3,126,150481.8,182159043.39999992
2025-08-01 09:24:29 AM,1194.4,29,34637.600000000006,182193680.9999999
2025-08-01 09:24:32 AM,1193.6,0,0.0,182193680.9999999
2025-08-01 09:24:35 AM,1193.6,590,704224.0,182897904.9999999
2025-08-01 09:24:42 AM,1193.5,3,3580.5,182901485.4999999
2025-08-01 09:24:56 AM,1194.0,0,0.0,182901485.4999999
2025-08-01 09:24:57 AM,1194.0,200,238800.0,183140285.4999999
2025-08-01 09:25:03 AM,1192.8,0,0.0,183140285.4999999
2025-08-01 09:25:04 AM,1192.8,16,19084.8,183159370.29999992
2025-08-01 09:25:11 AM,1192.7,0,0.0,183159370.29999992
2025-08-01 09:25:12 AM,1192.7,50,59635.0,183219005.29999992
2025-08-01 09:25:22 AM,1192.8,15,17892.0,183236897.29999992
2025-08-01 09:25:27 AM,1194.0,36,42984.0,183279881.29999992
2025-08-01 09:25:34 AM,1193.5,0,0.0,183279881.29999992
2025-08-01 09:25:36 AM,1193.7,0,0.0,183279881.29999992
2025-08-01 09:25:36 AM,1193.7,648,773517.6,184053398.89999992
2025-08-01 09:25:40 AM,1192.8,0,0.0,184053398.89999992
2025-08-01 09:25:42 AM,1192.8,36,42940.799999999996,184096339.69999993
2025-08-01 09:25:49 AM,1192.8,3,3578.3999999999996,184099918.09999993
2025-08-01 09:25:51 AM,1192.0,0,0.0,184099918.09999993
2025-08-01 09:25:52 AM,1192.0,150,178800.0,184278718.09999993
2025-08-01 09:25:57 AM,1193.1,69,82323.9,184361041.99999994
2025-08-01 09:25:59 AM,1193.3,14,16706.2,184377748.19999993
2025-08-01 09:26:07 AM,1192.7,1,1192.7,184378940.89999992
2025-08-01 09:26:11 AM,1192.8,0,0.0,184378940.89999992
2025-08-01 09:26:12 AM,1192.8,71,84688.8,184463629.69999993
2025-08-01 09:26:14 AM,1193.3,9,10739.699999999999,184474369.39999992
2025-08-01 09:26:17 AM,1192.2,0,0.0,184474369.39999992
2025-08-01 09:26:20 AM,1192.4,2353,2805717.2,187280086.5999999
2025-08-01 09:26:23 AM,1192.2,0,0.0,187280086.5999999
2025-08-01 09:26:28 AM,1189.0,606,720534.0,188000620.5999999
2025-08-01 09:26:29 AM,1189.9,22,26177.800000000003,188026798.39999992
2025-08-01 09:26:29 AM,1190.0,0,0.0,188026798.39999992
2025-08-01 09:26:35 AM,1190.0,221,262990.0,188289788.39999992
2025-08-01 09:26:38 AM,1190.2,0,0.0,188289788.39999992
2025-08-01 09:26:41 AM,1190.1,0,0.0,188289788.39999992
2025-08-01 09:26:43 AM,1190.2,25,29755.0,188319543.39999992
2025-08-01 09:26:47 AM,1191.0,0,0.0,188319543.39999992
2025-08-01 09:26:51 AM,1191.0,392,466872.0,188786415.39999992
2025-08-01 09:26:52 AM,1192.2,1399,1667887.8,190454303.19999993
2025-08-01 09:26:54 AM,1193.4,0,0.0,190454303.19999993
2025-08-01 09:26:57 AM,1194.0,0,0.0,190454303.19999993
2025-08-01 09:26:58 AM,1194.0,527,629238.0,191083541.19999993
2025-08-01 09:27:00 AM,1194.3,12,14331.599999999999,191097872.79999992
2025-08-01 09:27:01 AM,1194.5,0,0.0,191097872.79999992
2025-08-01 09:27:03 AM,1194.4,0,0.0,191097872.79999992
2025-08-01 09:27:05 AM,1193.7,2373,2832650.1,193930522.89999992
2025-08-01 09:27:07 AM,1192.0,500,596000.0,194526522.89999992
2025-08-01 09:27:13 AM,1193.6,1,1193.6,194527716.4999999
2025-08-01 09:27:23 AM,1194.3,0,0.0,194527716.4999999
2025-08-01 09:27:28 AM,1193.9,771,920496.9,195448213.39999992
2025-08-01 09:27:35 AM,1193.7,10,11937.0,195460150.39999992
2025-08-01 09:27:38 AM,1192.6,0,0.0,195460150.39999992
2025-08-01 09:27:43 AM,1192.6,851,1014902.6,196475052.9999999
2025-08-01 09:27:58 AM,1192.6,23,27429.8,196502482.79999992
2025-08-01 09:28:03 AM,1191.1,0,0.0,196502482.79999992
2025-08-01 09:28:06 AM,1191.1,752,895707.2,197398189.9999999
2025-08-01 09:28:11 AM,1190.0,0,0.0,197398189.9999999
2025-08-01 09:28:14 AM,1190.0,131,155890.0,197554079.9999999
2025-08-01 09:28:21 AM,1190.0,121,143990.0,197698069.9999999
2025-08-01 09:28:22 AM,1190.8,1,1190.8,197699260.79999992
2025-08-01 09:28:23 AM,1190.1,0,0.0,197699260.79999992
2025-08-01 09:28:29 AM,1190.1,25,29752.499999999996,197729013.29999992
2025-08-01 09:28:38 AM,1190.3,8,9522.4,197738535.69999993
2025-08-01 09:28:39 AM,1190.1,0,0.0,197738535.69999993
2025-08-01 09:28:39 AM,1191.0,0,0.0,197738535.69999993
2025-08-01 09:28:44 AM,1191.0,275,327525.0,198066060.69999993
2025-08-01 09:28:50 AM,1190.3,0,0.0,198066060.69999993
2025-08-01 09:28:52 AM,1190.3,1,1190.3,198067250.99999994
2025-08-01 09:29:06 AM,1191.3,0,0.0,198067250.99999994
2025-08-01 09:29:07 AM,1191.3,1,1191.3,198068442.29999995
2025-08-01 09:29:18 AM,1191.5,0,0.0,198068442.29999995
2025-08-01 09:29:22 AM,1191.0,480,571680.0,198640122.29999995
2025-08-01 09:29:23 AM,1191.4,0,0.0,198640122.29999995
2025-08-01 09:29:24 AM,1191.4,295,351463.0,198991585.29999995
2025-08-01 09:29:30 AM,1191.5,78,92937.0,199084522.29999995
2025-08-01 09:29:38 AM,1191.5,15,17872.5,199102394.79999995
2025-08-01 09:29:45 AM,1191.5,86,102469.0,199204863.79999995
2025-08-01 09:29:46 AM,1191.5,8,9532.0,199214395.79999995
2025-08-01 09:30:00 AM,1191.5,99,117958.5,199332354.29999995
2025-08-01 09:30:00 AM,1191.0,38,45258.0,199377612.29999995
2025-08-01 09:30:05 AM,1191.5,0,0.0,199377612.29999995
2025-08-01 09:30:07 AM,1191.5,2,2383.0,199379995.29999995
2025-08-01 09:30:08 AM,1191.5,4,4766.0,199384761.29999995
2025-08-01 09:30:15 AM,1191.5,18,21447.0,199406208.29999995
2025-08-01 09:30:16 AM,1192.2,250,298050.0,199704258.29999995
2025-08-01 09:30:19 AM,1191.5,0,0.0,199704258.29999995
2025-08-01 09:30:22 AM,1191.5,35,41702.5,199745960.79999995
2025-08-01 09:30:30 AM,1191.5,198,235917.0,199981877.79999995
2025-08-01 09:30:37 AM,1191.5,17,20255.5,200002133.29999995
2025-08-01 09:30:44 AM,1191.5,97,115575.5,200117708.79999995
2025-08-01 09:30:45 AM,1191.5,50,59575.0,200177283.79999995
2025-08-01 09:30:52 AM,1191.5,569,677963.5,200855247.29999995
2025-08-01 09:30:59 AM,1191.5,4,4766.0,200860013.29999995
2025-08-01 09:31:06 AM,1191.5,4,4766.0,200864779.29999995
2025-08-01 09:31:14 AM,1191.5,260,309790.0,201174569.29999995
2025-08-01 09:31:21 AM,1191.5,164,195406.0,201369975.29999995
2025-08-01 09:31:29 AM,1191.5,1,1191.5,201371166.79999995
2025-08-01 09:31:36 AM,1191.5,31,36936.5,201408103.29999995
2025-08-01 09:31:43 AM,1191.5,136,162044.0,201570147.29999995
2025-08-01 09:31:50 AM,1191.5,1,1191.5,201571338.79999995
2025-08-01 09:31:51 AM,1191.2,0,0.0,201571338.79999995
2025-08-01 09:31:56 AM,1191.5,0,0.0,201571338.79999995
2025-08-01 09:31:57 AM,1191.5,50,59575.0,201630913.79999995
2025-08-01 09:32:03 AM,1191.5,2591,3087176.5,204718090.29999995
2025-08-01 09:32:04 AM,1191.8,52,61973.6,204780063.89999995
2025-08-01 09:32:06 AM,1191.5,0,0.0,204780063.89999995
2025-08-01 09:32:11 AM,1191.5,354,421791.0,205201854.89999995
2025-08-01 09:32:25 AM,1191.5,294,350301.0,205552155.89999995
2025-08-01 09:32:31 AM,1191.5,69,82213.5,205634369.39999995
2025-08-01 09:32:38 AM,1191.5,52,61958.0,205696327.39999995
2025-08-01 09:32:46 AM,1191.5,200,238300.0,205934627.39999995
2025-08-01 09:32:53 AM,1191.5,51,60766.5,205995393.89999995
2025-08-01 09:32:59 AM,1191.5,174,207321.0,206202714.89999995
2025-08-01 09:33:06 AM,1191.5,108,128682.0,206331396.89999995
2025-08-01 09:33:12 AM,1191.3,0,0.0,206331396.89999995
2025-08-01 09:33:13 AM,1191.3,892,1062639.5999999999,207394036.49999994
2025-08-01 09:33:17 AM,1191.5,0,0.0,207394036.49999994
2025-08-01 09:33:20 AM,1191.5,6924,8249946.0,215643982.49999994
2025-08-01 09:33:20 AM,1191.5,515,613622.5,216257604.99999994
2025-08-01 09:33:22 AM,1191.3,0,0.0,216257604.99999994
2025-08-01 09:33:27 AM,1191.5,0,0.0,216257604.99999994
2025-08-01 09:33:27 AM,1191.5,11835,14101402.5,230359007.49999994
2025-08-01 09:33:34 AM,1191.5,3969,4729063.5,235088070.99999994
2025-08-01 09:33:41 AM,1191.5,415,494472.5,235582543.49999994
2025-08-01 09:33:48 AM,1191.5,31,36936.5,235619479.99999994
2025-08-01 09:33:50 AM,1191.4,0,0.0,235619479.99999994
2025-08-01 09:33:52 AM,1191.5,0,0.0,235619479.99999994
2025-08-01 09:33:55 AM,1191.5,166,197789.0,235817268.99999994
2025-08-01 09:34:00 AM,1191.5,132,157278.0,235974546.99999994
2025-08-01 09:34:01 AM,1191.5,28,33362.0,236007908.99999994
2025-08-01 09:34:02 AM,1191.5,70,83405.0,236091313.99999994
2025-08-01 09:34:03 AM,1191.5,194,231151.0,236322464.99999994
2025-08-01 09:34:03 AM,1192.3,0,0.0,236322464.99999994
2025-08-01 09:34:04 AM,1192.3,125,149037.5,236471502.49999994
2025-08-01 09:34:04 AM,1191.5,43,51234.5,236522736.99999994
2025-08-01 09:34:06 AM,1191.5,1,1191.5,236523928.49999994
2025-08-01 09:34:11 AM,1191.5,106,126299.0,236650227.49999994
2025-08-01 09:34:18 AM,1191.5,19,22638.5,236672865.99999994
2025-08-01 09:34:19 AM,1191.5,78,92937.0,236765802.99999994
2025-08-01 09:34:20 AM,1191.5,108,128682.0,236894484.99999994
2025-08-01 09:34:21 AM,1191.5,4,4766.0,236899250.99999994
2025-08-01 09:34:22 AM,1191.5,50,59575.0,236958825.99999994
2025-08-01 09:34:24 AM,1191.5,2,2383.0,236961208.99999994
2025-08-01 09:34:28 AM,1191.5,212,252598.0,237213806.99999994
2025-08-01 09:34:36 AM,1191.5,143,170384.5,237384191.49999994
2025-08-01 09:34:37 AM,1191.4,0,0.0,237384191.49999994
2025-08-01 09:34:37 AM,1191.4,10,11914.0,237396105.49999994
2025-08-01 09:34:37 AM,1191.5,0,0.0,237396105.49999994
2025-08-01 09:34:38 AM,1191.5,113,134639.5,237530744.99999994
2025-08-01 09:34:41 AM,1191.5,28,33362.0,237564106.99999994
2025-08-01 09:34:43 AM,1191.5,91,108426.5,237672533.49999994
2025-08-01 09:34:44 AM,1191.5,126,150129.0,237822662.49999994
2025-08-01 09:34:45 AM,1191.5,16,19064.0,237841726.49999994
2025-08-01 09:34:45 AM,1191.5,20,23830.0,237865556.49999994
2025-08-01 09:34:46 AM,1191.5,13,15489.5,237881045.99999994
2025-08-01 09:34:51 AM,1191.5,98,116767.0,237997812.99999994
2025-08-01 09:34:58 AM,1191.5,100,119150.0,238116962.99999994
2025-08-01 09:34:58 AM,1191.5,25,29787.5,238146750.49999994
2025-08-01 09:35:04 AM,1191.5,81,96511.5,238243261.99999994
2025-08-01 09:35:12 AM,1191.5,112,133448.0,238376709.99999994
2025-08-01 09:35:19 AM,1191.5,28,33362.0,238410071.99999994
2025-08-01 09:35:26 AM,1191.5,123,146554.5,238556626.49999994
2025-08-01 09:35:33 AM,1191.5,100,119150.0,238675776.49999994
2025-08-01 09:35:40 AM,1191.5,151,179916.5,238855692.99999994
2025-08-01 09:35:46 AM,1191.5,51,60766.5,238916459.49999994
2025-08-01 09:35:53 AM,1191.5,110,131065.0,239047524.49999994
2025-08-01 09:35:59 AM,1191.5,53,63149.5,239110673.99999994
2025-08-01 09:36:05 AM,1191.4,0,0.0,239110673.99999994
2025-08-01 09:36:06 AM,1191.4,38,45273.200000000004,239155947.19999993
2025-08-01 09:36:09 AM,1191.5,0,0.0,239155947.19999993
2025-08-01 09:36:13 AM,1191.5,85,101277.5,239257224.69999993
2025-08-01 09:36:17 AM,1191.4,0,0.0,239257224.69999993
2025-08-01 09:36:17 AM,1191.5,0,0.0,239257224.69999993
2025-08-01 09:36:20 AM,1191.5,2149,2560533.5,241817758.19999993
2025-08-01 09:36:26 AM,1191.5,29,34553.5,241852311.69999993
2025-08-01 09:36:33 AM,1193.9,0,0.0,241852311.69999993
2025-08-01 09:36:33 AM,1193.9,6394,7633796.600000001,249486108.29999992
2025-08-01 09:36:33 AM,1193.9,145,173115.5,249659223.79999992
2025-08-01 09:36:39 AM,1193.9,140,167146.0,249826369.79999992
2025-08-01 09:36:45 AM,1193.9,40,47756.0,249874125.79999992
2025-08-01 09:36:59 AM,1193.9,3,3581.7000000000003,249877707.4999999
2025-08-01 09:36:59 AM,1194.5,627,748951.5,250626658.9999999
2025-08-01 09:37:01 AM,1192.8,0,0.0,250626658.9999999
2025-08-01 09:37:05 AM,1192.9,0,0.0,250626658.9999999
2025-08-01 09:37:06 AM,1192.9,1323,1578206.7000000002,252204865.6999999
2025-08-01 09:37:16 AM,1193.0,0,0.0,252204865.6999999
2025-08-01 09:37:20 AM,1193.0,23,27439.0,252232304.6999999
2025-08-01 09:37:25 AM,1192.8,0,0.0,252232304.6999999
2025-08-01 09:37:27 AM,1192.8,1,1192.8,252233497.4999999
2025-08-01 09:37:30 AM,1193.0,0,0.0,252233497.4999999
2025-08-01 09:37:34 AM,1193.0,31,36983.0,252270480.4999999
2025-08-01 09:37:47 AM,1193.0,14,16702.0,252287182.4999999
2025-08-01 09:38:21 AM,1193.4,1,1193.4,252288375.89999992
2025-08-01 09:38:27 AM,1193.5,0,0.0,252288375.89999992
2025-08-01 09:38:28 AM,1193.5,25,29837.5,252318213.39999992
2025-08-01 09:38:32 AM,1193.4,0,0.0,252318213.39999992
2025-08-01 09:38:34 AM,1193.4,37,44155.8,252362369.19999993
2025-08-01 09:38:37 AM,1193.5,0,0.0,252362369.19999993
2025-08-01 09:38:41 AM,1193.5,140,167090.0,252529459.19999993
2025-08-01 09:38:48 AM,1193.5,65,77577.5,252607036.69999993
2025-08-01 09:38:53 AM,1193.4,0,0.0,252607036.69999993
2025-08-01 09:38:54 AM,1193.4,5,5967.0,252613003.69999993
2025-08-01 09:39:07 AM,1194.0,0,0.0,252613003.69999993
2025-08-01 09:39:08 AM,1194.0,62,74028.0,252687031.69999993
2025-08-01 09:39:12 AM,1193.5,0,0.0,252687031.69999993
2025-08-01 09:39:15 AM,1193.5,9,10741.5,252697773.19999993
2025-08-01 09:39:21 AM,1193.5,61,72803.5,252770576.69999993
2025-08-01 09:39:28 AM,1193.5,53,63255.5,252833832.19999993
2025-08-01 09:39:34 AM,1193.4,0,0.0,252833832.19999993
2025-08-01 09:39:35 AM,1193.4,153,182590.2,253016422.39999992
2025-08-01 09:39:42 AM,1193.5,0,0.0,253016422.39999992
2025-08-01 09:39:48 AM,1193.5,48,57288.0,253073710.39999992
2025-08-01 09:39:54 AM,1193.4,714,852087.6000000001,253925797.9999999
2025-08-01 09:39:55 AM,1193.4,1,1193.4,253926991.39999992
2025-08-01 09:39:58 AM,1193.5,0,0.0,253926991.39999992
2025-08-01 09:40:01 AM,1193.5,28,33418.0,253960409.39999992
2025-08-01 09:40:07 AM,1193.5,60,71610.0,254032019.39999992
2025-08-01 09:40:14 AM,1193.5,107,127704.5,254159723.89999992
2025-08-01 09:40:20 AM,1193.5,15,17902.5,254177626.39999992
2025-08-01 09:40:37 AM,1193.4,0,0.0,254177626.39999992
2025-08-01 09:40:40 AM,1193.4,15,17901.0,254195527.39999992
2025-08-01 09:40:45 AM,1193.5,0,0.0,254195527.39999992
2025-08-01 09:40:47 AM,1193.5,7,8354.5,254203881.89999992
2025-08-01 09:40:53 AM,1193.5,115,137252.5,254341134.39999992
2025-08-01 09:41:00 AM,1193.5,8,9548.0,254350682.39999992
2025-08-01 09:41:05 AM,1193.0,0,0.0,254350682.39999992
2025-08-01 09:41:07 AM,1193.0,936,1116648.0,255467330.39999992
2025-08-01 09:41:07 AM,1193.0,12,14316.0,255481646.39999992
2025-08-01 09:41:09 AM,1193.1,0,0.0,255481646.39999992
2025-08-01 09:41:10 AM,1193.0,0,0.0,255481646.39999992
2025-08-01 09:41:13 AM,1193.0,188,224284.0,255705930.39999992
2025-08-01 09:41:17 AM,1193.1,0,0.0,255705930.39999992
2025-08-01 09:41:20 AM,1193.1,87,103799.7,255809730.0999999
2025-08-01 09:41:27 AM,1193.0,219,261267.0,256070997.0999999
2025-08-01 09:41:30 AM,1193.1,0,0.0,256070997.0999999
2025-08-01 09:41:33 AM,1193.1,90,107378.99999999999,256178376.0999999
2025-08-01 09:41:40 AM,1193.1,16,19089.6,256197465.6999999
2025-08-01 09:41:46 AM,1193.1,65,77551.5,256275017.1999999
2025-08-01 09:41:53 AM,1193.1,58,69199.79999999999,256344216.9999999
2025-08-01 09:42:12 AM,1193.1,172,205213.19999999998,256549430.1999999
2025-08-01 09:42:18 AM,1193.0,0,0.0,256549430.1999999
2025-08-01 09:42:19 AM,1193.0,1332,1589076.0,258138506.1999999
2025-08-01 09:42:20 AM,1192.4,314,374413.60000000003,258512919.7999999
2025-08-01 09:42:25 AM,1192.4,44,52465.600000000006,258565385.3999999
2025-08-01 09:42:27 AM,1192.4,3,3577.2000000000003,258568962.59999987
2025-08-01 09:42:32 AM,1192.7,0,0.0,258568962.59999987
2025-08-01 09:42:32 AM,1192.7,2,2385.4,258571347.99999988
2025-08-01 09:42:36 AM,1192.0,0,0.0,258571347.99999988
2025-08-01 09:42:39 AM,1192.0,611,728312.0,259299659.99999988
2025-08-01 09:42:40 AM,1192.0,39,46488.0,259346147.99999988
2025-08-01 09:42:45 AM,1192.0,245,292040.0,259638187.99999988
2025-08-01 09:42:46 AM,1192.0,106,126352.0,259764539.99999988
2025-08-01 09:42:56 AM,1191.1,0,0.0,259764539.99999988
2025-08-01 09:42:56 AM,1191.4,0,0.0,259764539.99999988
2025-08-01 09:42:58 AM,1191.6,5657,6740881.199999999,266505421.19999987
2025-08-01 09:42:59 AM,1191.6,215,256193.99999999997,266761615.19999987
2025-08-01 09:43:04 AM,1192.5,0,0.0,266761615.19999987
2025-08-01 09:43:04 AM,1192.5,579,690457.5,267452072.69999987
2025-08-01 09:43:05 AM,1190.7,849,1010904.3,268462976.9999999
2025-08-01 09:43:08 AM,1191.9,0,0.0,268462976.9999999
2025-08-01 09:43:11 AM,1191.9,2,2383.8,268465360.7999999
2025-08-01 09:43:18 AM,1191.9,11,13110.900000000001,268478471.69999987
2025-08-01 09:43:20 AM,1190.0,0,0.0,268478471.69999987
2025-08-01 09:43:25 AM,1190.0,1089,1295910.0,269774381.69999987
2025-08-01 09:43:31 AM,1190.0,74,88060.0,269862441.69999987
2025-08-01 09:43:38 AM,1190.0,40,47600.0,269910041.69999987
2025-08-01 09:43:39 AM,1189.6,11,13085.599999999999,269923127.2999999
2025-08-01 09:43:44 AM,1189.6,100,118959.99999999999,270042087.2999999
2025-08-01 09:43:44 AM,1190.0,0,0.0,270042087.2999999
2025-08-01 09:43:45 AM,1190.0,6,7140.0,270049227.2999999
2025-08-01 09:43:51 AM,1190.0,69,82110.0,270131337.2999999
2025-08-01 09:43:57 AM,1190.0,28,33320.0,270164657.2999999
2025-08-01 09:44:18 AM,1190.0,40,47600.0,270212257.2999999
2025-08-01 09:44:20 AM,1189.6,0,0.0,270212257.2999999
2025-08-01 09:44:24 AM,1190.0,6,7140.0,270219397.2999999
2025-08-01 09:44:25 AM,1189.6,15,17844.0,270237241.2999999
2025-08-01 09:44:42 AM,1190.0,0,0.0,270237241.2999999
2025-08-01 09:44:43 AM,1189.0,1995,2372055.0,272609296.2999999
2025-08-01 09:44:49 AM,1189.0,82,97498.0,272706794.2999999
2025-08-01 09:44:56 AM,1189.4,175,208145.00000000003,272914939.2999999
2025-08-01 09:44:57 AM,1189.0,195,231855.0,273146794.2999999
2025-08-01 09:45:00 AM,1189.3,0,0.0,273146794.2999999
2025-08-01 09:45:02 AM,1189.0,0,0.0,273146794.2999999
2025-08-01 09:45:02 AM,1189.0,35,41615.0,273188409.2999999
2025-08-01 09:45:07 AM,1189.3,0,0.0,273188409.2999999
2025-08-01 09:45:09 AM,1189.3,4,4757.2,273193166.4999999
2025-08-01 09:45:16 AM,1189.0,1,1189.0,273194355.4999999
2025-08-01 09:45:16 AM,1189.5,0,0.0,273194355.4999999
2025-08-01 09:45:17 AM,1189.5,51,60664.5,273255019.9999999
2025-08-01 09:45:22 AM,1189.5,23,27358.5,273282378.4999999
2025-08-01 09:45:29 AM,1189.5,4,4758.0,273287136.4999999
2025-08-01 09:45:32 AM,1189.0,0,0.0,273287136.4999999
2025-08-01 09:45:35 AM,1189.0,4,4756.0,273291892.4999999
2025-08-01 09:45:42 AM,1189.5,74,88023.0,273379915.4999999
2025-08-01 09:45:48 AM,1189.5,2,2379.0,273382294.4999999
2025-08-01 09:45:52 AM,1189.1,0,0.0,273382294.4999999
2025-08-01 09:45:55 AM,1189.5,20,23790.0,273406084.4999999
2025-08-01 09:46:01 AM,1189.5,28,33306.0,273439390.4999999
2025-08-01 09:46:08 AM,1189.5,11,13084.5,273452474.9999999
2025-08-01 09:46:21 AM,1189.1,0,0.0,273452474.9999999
2025-08-01 09:46:21 AM,1189.1,175,208092.49999999997,273660567.4999999
2025-08-01 09:46:26 AM,1189.2,0,0.0,273660567.4999999
2025-08-01 09:46:27 AM,1189.2,9,10702.800000000001,273671270.2999999
2025-08-01 09:46:42 AM,1189.5,0,0.0,273671270.2999999
2025-08-01 09:46:46 AM,1189.5,28,33306.0,273704576.2999999
2025-08-01 09:46:52 AM,1189.5,1,1189.5,273705765.7999999
2025-08-01 09:46:54 AM,1189.5,1,1189.5,273706955.2999999
2025-08-01 09:46:59 AM,1189.5,29,34495.5,273741450.7999999
2025-08-01 09:47:00 AM,1189.5,3,3568.5,273745019.2999999
2025-08-01 09:47:05 AM,1189.5,10,11895.0,273756914.2999999
2025-08-01 09:47:11 AM,1189.5,48,57096.0,273814010.2999999
2025-08-01 09:47:13 AM,1189.2,0,0.0,273814010.2999999
2025-08-01 09:47:13 AM,1189.2,157,186704.4,274000714.69999987
2025-08-01 09:47:14 AM,1189.5,0,0.0,274000714.69999987
2025-08-01 09:47:17 AM,1189.5,30,35685.0,274036399.69999987
2025-08-01 09:47:21 AM,1189.2,0,0.0,274036399.69999987
2025-08-01 09:47:23 AM,1189.2,25,29730.0,274066129.69999987
2025-08-01 09:47:29 AM,1190.0,9863,11736970.0,285803099.69999987
2025-08-01 09:47:30 AM,1189.9,0,0.0,285803099.69999987
2025-08-01 09:47:32 AM,1189.5,916,1089582.0,286892681.69999987
2025-08-01 09:47:36 AM,1189.5,1127,1340566.5,288233248.19999987
2025-08-01 09:47:38 AM,1189.5,41,48769.5,288282017.69999987
2025-08-01 09:47:41 AM,1189.9,0,0.0,288282017.69999987
2025-08-01 09:47:43 AM,1189.9,50,59495.00000000001,288341512.69999987
2025-08-01 09:47:51 AM,1189.4,0,0.0,288341512.69999987
2025-08-01 09:47:52 AM,1189.4,1,1189.4,288342702.09999985
2025-08-01 09:48:03 AM,1189.4,1,1189.4,288343891.4999998
2025-08-01 09:48:20 AM,1189.5,0,0.0,288343891.4999998
2025-08-01 09:48:22 AM,1189.5,19,22600.5,288366491.9999998
2025-08-01 09:48:25 AM,1189.5,66,78507.0,288444998.9999998
2025-08-01 09:48:28 AM,1189.5,289,343765.5,288788764.4999998
2025-08-01 09:48:31 AM,1189.4,387,460297.80000000005,289249062.29999983
2025-08-01 09:48:32 AM,1189.5,0,0.0,289249062.29999983
2025-08-01 09:48:35 AM,1189.5,9,10705.5,289259767.79999983
2025-08-01 09:48:41 AM,1189.5,819,974200.5,290233968.29999983
2025-08-01 09:49:00 AM,1189.5,20,23790.0,290257758.29999983
2025-08-01 09:49:07 AM,1189.5,9,10705.5,290268463.79999983
2025-08-01 09:49:22 AM,1189.5,19,22600.5,290291064.29999983
2025-08-01 09:49:28 AM,1189.5,100,118950.0,290410014.29999983
2025-08-01 09:49:31 AM,1189.5,8,9516.0,290419530.29999983
2025-08-01 09:49:41 AM,1189.5,20,23790.0,290443320.29999983
2025-08-01 09:49:47 AM,1189.5,8,9516.0,290452836.29999983
2025-08-01 09:49:57 AM,1189.4,4,4757.6,290457593.89999986
2025-08-01 09:50:03 AM,1189.5,11,13084.5,290470678.39999986
2025-08-01 09:50:06 AM,1189.5,25,29737.5,290500415.89999986
2025-08-01 09:50:19 AM,1189.5,40,47580.0,290547995.89999986
2025-08-01 09:50:23 AM,1189.5,7,8326.5,290556322.39999986
2025-08-01 09:50:29 AM,1189.5,10,11895.0,290568217.39999986
2025-08-01 09:50:35 AM,1189.5,45,53527.5,290621744.89999986
2025-08-01 09:50:41 AM,1189.5,50,59475.0,290681219.89999986
2025-08-01 09:50:42 AM,1190.1,0,0.0,290681219.89999986
2025-08-01 09:50:44 AM,1189.5,0,0.0,290681219.89999986
2025-08-01 09:50:44 AM,1189.5,72,85644.0,290766863.89999986
2025-08-01 09:50:50 AM,1189.5,1,1189.5,290768053.39999986
2025-08-01 09:50:54 AM,1189.5,129,153445.5,290921498.89999986
2025-08-01 09:51:00 AM,1189.5,69,82075.5,291003574.39999986
2025-08-01 09:51:07 AM,1189.5,9,10705.5,291014279.89999986
2025-08-01 09:51:11 AM,1189.4,0,0.0,291014279.89999986
2025-08-01 09:51:13 AM,1189.4,484,575669.6000000001,291589949.4999999
2025-08-01 09:51:26 AM,1189.5,19,22600.5,291612549.9999999
2025-08-01 09:51:31 AM,1189.4,107,127265.8,291739815.7999999
2025-08-01 09:51:33 AM,1189.5,0,0.0,291739815.7999999
2025-08-01 09:51:34 AM,1189.5,43,51148.5,291790964.2999999
2025-08-01 09:51:39 AM,1189.4,0,0.0,291790964.2999999
2025-08-01 09:51:40 AM,1189.4,147,174841.80000000002,291965806.0999999
2025-08-01 09:51:41 AM,1189.5,0,0.0,291965806.0999999
2025-08-01 09:51:42 AM,1189.4,0,0.0,291965806.0999999
2025-08-01 09:51:43 AM,1189.3,0,0.0,291965806.0999999
2025-08-01 09:51:44 AM,1189.3,104,123687.2,292089493.2999999
2025-08-01 09:51:47 AM,1189.3,46,54707.799999999996,292144201.0999999
2025-08-01 09:51:53 AM,1189.4,1,1189.4,292145390.4999999
2025-08-01 09:51:55 AM,1189.1,0,0.0,292145390.4999999
2025-08-01 09:51:56 AM,1189.1,246,292518.6,292437909.0999999
2025-08-01 09:52:02 AM,1188.5,567,673879.5,293111788.5999999
2025-08-01 09:52:07 AM,1189.0,0,0.0,293111788.5999999
2025-08-01 09:52:08 AM,1189.1,37,43996.7,293155785.2999999
2025-08-01 09:52:14 AM,1189.4,0,0.0,293155785.2999999
2025-08-01 09:52:15 AM,1189.4,7,8325.800000000001,293164111.0999999
2025-08-01 09:52:21 AM,1189.4,20,23788.0,293187899.0999999
2025-08-01 09:52:30 AM,1189.1,1,1189.1,293189088.1999999
2025-08-01 09:52:32 AM,1189.4,0,0.0,293189088.1999999
2025-08-01 09:52:33 AM,1189.4,55,65417.00000000001,293254505.1999999
2025-08-01 09:52:38 AM,1189.5,0,0.0,293254505.1999999
2025-08-01 09:52:39 AM,1189.5,1,1189.5,293255694.6999999
2025-08-01 09:52:42 AM,1189.5,19,22600.5,293278295.1999999
2025-08-01 09:52:44 AM,1189.1,0,0.0,293278295.1999999
2025-08-01 09:52:45 AM,1189.1,1,1189.1,293279484.29999995
2025-08-01 09:53:00 AM,1189.1,1,1189.1,293280673.4
2025-08-01 09:53:03 AM,1189.5,0,0.0,293280673.4
2025-08-01 09:53:03 AM,1189.5,14,16653.0,293297326.4
2025-08-01 09:53:05 AM,1189.1,0,0.0,293297326.4
2025-08-01 09:53:06 AM,1189.1,50,59454.99999999999,293356781.4
2025-08-01 09:53:24 AM,1189.5,19,22600.5,293379381.9
2025-08-01 09:53:28 AM,1189.5,1,1189.5,293380571.4
2025-08-01 09:53:36 AM,1189.5,1,1189.5,293381760.9
2025-08-01 09:53:41 AM,1189.5,20,23790.0,293405550.9
2025-08-01 09:54:00 AM,1189.5,19,22600.5,293428151.4
2025-08-01 09:54:06 AM,1189.5,11,13084.5,293441235.9
2025-08-01 09:54:12 AM,1189.5,9,10705.5,293451941.4
2025-08-01 09:54:19 AM,1189.5,21,24979.5,293476920.9
2025-08-01 09:54:25 AM,1189.5,16,19032.0,293495952.9
2025-08-01 09:54:28 AM,1189.8,0,0.0,293495952.9
2025-08-01 09:54:31 AM,1189.8,44,52351.2,293548304.09999996
2025-08-01 09:54:34 AM,1189.5,0,0.0,293548304.09999996
2025-08-01 09:54:37 AM,1189.5,9,10705.5,293559009.59999996
2025-08-01 09:54:43 AM,1189.5,66,78507.0,293637516.59999996
2025-08-01 09:54:49 AM,1189.5,9,10705.5,293648222.09999996
2025-08-01 09:54:54 AM,1189.5,44,52338.0,293700560.09999996
2025-08-01 09:55:00 AM,1189.5,20,23790.0,293724350.09999996
2025-08-01 09:55:01 AM,1190.2,0,0.0,293724350.09999996
2025-08-01 09:55:01 AM,1189.5,106,126087.0,293850437.09999996
2025-08-01 09:55:06 AM,1189.5,7,8326.5,293858763.59999996
2025-08-01 09:55:12 AM,1189.5,8,9516.0,293868279.59999996
2025-08-01 09:55:18 AM,1189.5,59,70180.5,293938460.09999996
2025-08-01 09:55:19 AM,1189.5,21,24979.5,293963439.59999996
2025-08-01 09:55:30 AM,1189.3,151,179584.3,294143023.9
2025-08-01 09:55:31 AM,1189.3,14,16650.2,294159674.09999996
2025-08-01 09:55:36 AM,1189.3,100,118930.0,294278604.09999996
2025-08-01 09:55:37 AM,1189.3,1,1189.3,294279793.4
2025-08-01 09:55:40 AM,1189.4,0,0.0,294279793.4
2025-08-01 09:55:42 AM,1189.3,107,127255.09999999999,294407048.5
2025-08-01 09:55:46 AM,1189.4,0,0.0,294407048.5
2025-08-01 09:55:48 AM,1189.4,18,21409.2,294428457.7
2025-08-01 09:55:54 AM,1189.3,107,127255.09999999999,294555712.8
2025-08-01 09:56:00 AM,1189.3,100,118930.0,294674642.8
2025-08-01 09:56:06 AM,1189.4,0,0.0,294674642.8
2025-08-01 09:56:06 AM,1189.4,6,7136.400000000001,294681779.2
2025-08-01 09:56:12 AM,1189.4,7,8325.800000000001,294690105.0
2025-08-01 09:56:15 AM,1189.3,0,0.0,294690105.0
2025-08-01 09:56:18 AM,1189.3,144,171259.19999999998,294861364.2
2025-08-01 09:56:24 AM,1189.3,27,32111.1,294893475.3
2025-08-01 09:56:30 AM,1189.3,9,10703.699999999999,294904179.0
2025-08-01 09:56:36 AM,1189.3,286,340139.8,295244318.8
2025-08-01 09:56:42 AM,1189.3,19,22596.7,295266915.5
2025-08-01 09:56:48 AM,1189.3,5,5946.5,295272862.0
2025-08-01 09:57:00 AM,1189.3,20,23786.0,295296648.0
2025-08-01 09:57:08 AM,1189.3,100,118930.0,295415578.0
2025-08-01 09:57:12 AM,1189.3,1,1189.3,295416767.3
2025-08-01 09:57:20 AM,1189.3,19,22596.7,295439364.0
2025-08-01 09:57:35 AM,1189.3,1,1189.3,295440553.3
2025-08-01 09:57:37 AM,1189.3,20,23786.0,295464339.3
2025-08-01 09:57:41 AM,1189.2,129,153406.80000000002,295617746.1
2025-08-01 09:57:58 AM,1189.3,0,0.0,295617746.1
2025-08-01 09:57:59 AM,1189.3,64,76115.2,295693861.3
2025-08-01 09:58:06 AM,1189.4,112,133212.80000000002,295827074.1
2025-08-01 09:58:11 AM,1189.3,0,0.0,295827074.1
2025-08-01 09:58:12 AM,1189.4,31,36871.4,295863945.5
2025-08-01 09:58:20 AM,1189.4,22,26166.800000000003,295890112.3
2025-08-01 09:58:24 AM,1189.4,53,63038.200000000004,295953150.5
2025-08-01 09:58:26 AM,1189.5,1021,1214479.5,297167630.0
2025-08-01 09:58:30 AM,1189.5,7,8326.5,297175956.5
2025-08-01 09:58:39 AM,1189.4,0,0.0,297175956.5
2025-08-01 09:58:39 AM,1189.4,101,120129.40000000001,297296085.9
2025-08-01 09:58:42 AM,1189.3,179,212884.69999999998,297508970.59999996
2025-08-01 09:58:45 AM,1189.3,134,159366.19999999998,297668336.79999995
2025-08-01 09:58:47 AM,1189.7,0,0.0,297668336.79999995
2025-08-01 09:58:48 AM,1189.7,50,59485.0,297727821.79999995
2025-08-01 09:58:54 AM,1189.5,7,8326.5,297736148.29999995
2025-08-01 09:58:55 AM,1189.3,0,0.0,297736148.29999995
2025-08-01 09:58:57 AM,1189.5,46,54717.0,297790865.29999995
2025-08-01 09:59:00 AM,1189.5,30,35685.0,297826550.29999995
2025-08-01 09:59:03 AM,1189.4,0,0.0,297826550.29999995
2025-08-01 09:59:03 AM,1189.4,2,2378.8,297828929.09999996
2025-08-01 09:59:13 AM,1189.5,0,0.0,297828929.09999996
2025-08-01 09:59:13 AM,1189.5,8,9516.0,297838445.09999996
2025-08-01 09:59:15 AM,1189.5,91,108244.5,297946689.59999996
2025-08-01 09:59:19 AM,1189.3,185,220020.5,298166710.09999996
2025-08-01 09:59:22 AM,1189.5,20,23790.0,298190500.09999996
2025-08-01 09:59:25 AM,1189.5,187,222436.5,298412936.59999996
2025-08-01 09:59:31 AM,1189.5,4,4758.0,298417694.59999996
2025-08-01 09:59:33 AM,1189.3,0,0.0,298417694.59999996
2025-08-01 09:59:34 AM,1189.3,10,11893.0,298429587.59999996
2025-08-01 09:59:38 AM,1189.3,7,8325.1,298437912.7
2025-08-01 09:59:41 AM,1189.3,20,23786.0,298461698.7
2025-08-01 09:59:44 AM,1189.3,40,47572.0,298509270.7
2025-08-01 09:59:46 AM,1189.2,0,0.0,298509270.7
2025-08-01 09:59:47 AM,1189.2,48,57081.600000000006,298566352.3
2025-08-01 09:59:54 AM,1189.3,0,0.0,298566352.3
2025-08-01 09:59:56 AM,1189.3,10,11893.0,298578245.3
2025-08-01 10:00:02 AM,1188.9,473,562349.7000000001,299140595.0
2025-08-01 10:00:09 AM,1189.0,0,0.0,299140595.0
2025-08-01 10:00:09 AM,1189.0,1,1189.0,299141784.0
2025-08-01 10:00:15 AM,1188.6,1,1188.6,299142972.6
2025-08-01 10:00:18 AM,1189.0,0,0.0,299142972.6
2025-08-01 10:00:18 AM,1189.0,8,9512.0,299152484.6
2025-08-01 10:00:22 AM,1189.0,23,27347.0,299179831.6
2025-08-01 10:00:28 AM,1188.6,30,35658.0,299215489.6
2025-08-01 10:00:47 AM,1189.0,0,0.0,299215489.6
2025-08-01 10:00:47 AM,1189.0,19,22591.0,299238080.6
2025-08-01 10:00:56 AM,1188.6,1,1188.6,299239269.20000005
2025-08-01 10:00:58 AM,1189.0,0,0.0,299239269.20000005
2025-08-01 10:00:59 AM,1189.0,31,36859.0,299276128.20000005
2025-08-01 10:01:06 AM,1189.0,1,1189.0,299277317.20000005
2025-08-01 10:01:12 AM,1189.0,1,1189.0,299278506.20000005
2025-08-01 10:01:22 AM,1189.0,19,22591.0,299301097.20000005
2025-08-01 10:01:30 AM,1188.6,15,17829.0,299318926.20000005
2025-08-01 10:01:42 AM,1188.5,566,672691.0,299991617.20000005
2025-08-01 10:01:48 AM,1188.9,15,17833.5,300009450.70000005
2025-08-01 10:01:56 AM,1188.5,0,0.0,300009450.70000005
2025-08-01 10:01:59 AM,1188.5,165,196102.5,300205553.20000005
2025-08-01 10:02:04 AM,1188.9,0,0.0,300205553.20000005
2025-08-01 10:02:05 AM,1189.0,0,0.0,300205553.20000005
2025-08-01 10:02:05 AM,1189.0,46,54694.0,300260247.20000005
2025-08-01 10:02:06 AM,1189.0,1,1189.0,300261436.20000005
2025-08-01 10:02:11 AM,1189.0,21,24969.0,300286405.20000005
2025-08-01 10:02:24 AM,1189.0,20,23780.0,300310185.20000005
2025-08-01 10:02:26 AM,1189.0,13,15457.0,300325642.20000005
2025-08-01 10:02:29 AM,1188.9,0,0.0,300325642.20000005
2025-08-01 10:02:30 AM,1188.9,3,3566.7000000000003,300329208.90000004
2025-08-01 10:02:32 AM,1189.0,7,8323.0,300337531.90000004
2025-08-01 10:02:36 AM,1189.0,47,55883.0,300393414.90000004
2025-08-01 10:02:43 AM,1189.2,35,41622.0,300435036.90000004
2025-08-01 10:02:47 AM,1189.0,0,0.0,300435036.90000004
2025-08-01 10:02:49 AM,1189.0,7,8323.0,300443359.90000004
2025-08-01 10:03:02 AM,1189.0,20,23780.0,300467139.90000004
2025-08-01 10:03:04 AM,1189.0,1,1189.0,300468328.90000004
2025-08-01 10:03:08 AM,1189.0,1,1189.0,300469517.90000004
2025-08-01 10:03:15 AM,1189.0,6,7134.0,300476651.90000004
2025-08-01 10:03:21 AM,1189.0,24,28536.0,300505187.90000004
2025-08-01 10:03:30 AM,1189.0,1,1189.0,300506376.90000004
2025-08-01 10:03:34 AM,1188.9,1,1188.9,300507565.8
2025-08-01 10:03:41 AM,1189.0,2,2378.0,300509943.8
2025-08-01 10:03:47 AM,1189.0,37,43993.0,300553936.8
2025-08-01 10:03:49 AM,1189.0,36,42804.0,300596740.8
2025-08-01 10:03:51 AM,1189.2,0,0.0,300596740.8
2025-08-01 10:03:53 AM,1189.2,21,24973.2,300621714.0
2025-08-01 10:04:01 AM,1189.0,19,22591.0,300644305.0
2025-08-01 10:04:05 AM,1189.0,1,1189.0,300645494.0
2025-08-01 10:04:07 AM,1189.0,48,57072.0,300702566.0
2025-08-01 10:04:14 AM,1189.0,7,8323.0,300710889.0
2025-08-01 10:04:20 AM,1189.0,26,30914.0,300741803.0
2025-08-01 10:04:43 AM,1189.0,138,164082.0,300905885.0
2025-08-01 10:04:57 AM,1189.0,200,237800.0,301143685.0
2025-08-01 10:05:01 AM,1189.0,90,107010.0,301250695.0
2025-08-01 10:05:03 AM,1189.0,1,1189.0,301251884.0
2025-08-01 10:05:08 AM,1189.0,18,21402.0,301273286.0
2025-08-01 10:05:10 AM,1189.0,47,55883.0,301329169.0
2025-08-01 10:05:14 AM,1189.0,1,1189.0,301330358.0
2025-08-01 10:05:20 AM,1189.0,26,30914.0,301361272.0
2025-08-01 10:05:22 AM,1188.9,166,197357.40000000002,301558629.4
2025-08-01 10:05:32 AM,1189.0,4,4756.0,301563385.4
2025-08-01 10:05:38 AM,1189.0,8,9512.0,301572897.4
2025-08-01 10:05:40 AM,1189.0,20,23780.0,301596677.4
2025-08-01 10:05:56 AM,1189.0,1,1189.0,301597866.4
2025-08-01 10:06:02 AM,1189.0,19,22591.0,301620457.4
2025-08-01 10:06:11 AM,1188.9,79,93923.1,301714380.5
2025-08-01 10:06:19 AM,1189.2,0,0.0,301714380.5
2025-08-01 10:06:20 AM,1189.0,38,45182.0,301759562.5
2025-08-01 10:06:26 AM,1189.0,32,38048.0,301797610.5
2025-08-01 10:06:28 AM,1188.9,0,0.0,301797610.5
2025-08-01 10:06:28 AM,1188.9,60,71334.0,301868944.5
2025-08-01 10:06:34 AM,1188.9,3,3566.7000000000003,301872511.2
2025-08-01 10:06:40 AM,1189.0,18,21402.0,301893913.2
2025-08-01 10:06:46 AM,1189.0,19,22591.0,301916504.2
2025-08-01 10:06:56 AM,1189.2,59,70162.8,301986667.0
2025-08-01 10:07:02 AM,1189.0,0,0.0,301986667.0
2025-08-01 10:07:02 AM,1189.0,20,23780.0,302010447.0
2025-08-01 10:07:21 AM,1188.9,256,304358.4,302314805.4
2025-08-01 10:07:34 AM,1189.0,1,1189.0,302315994.4
2025-08-01 10:07:39 AM,1189.0,21,24969.0,302340963.4
2025-08-01 10:07:45 AM,1189.0,33,39237.0,302380200.4
2025-08-01 10:07:52 AM,1189.0,1,1189.0,302381389.4
2025-08-01 10:07:54 AM,1188.9,3,3566.7000000000003,302384956.09999996
2025-08-01 10:07:55 AM,1189.0,0,0.0,302384956.09999996
2025-08-01 10:07:58 AM,1189.0,22,26158.0,302411114.09999996
2025-08-01 10:08:00 AM,1189.0,20,23780.0,302434894.09999996
2025-08-01 10:08:04 AM,1189.0,16,19024.0,302453918.09999996
2025-08-01 10:08:23 AM,1189.0,20,23780.0,302477698.09999996
2025-08-01 10:08:29 AM,1189.0,3,3567.0,302481265.09999996
2025-08-01 10:08:31 AM,1189.0,48,57072.0,302538337.09999996
2025-08-01 10:08:35 AM,1189.0,1,1189.0,302539526.09999996
2025-08-01 10:08:41 AM,1189.0,71,84419.0,302623945.09999996
2025-08-01 10:08:47 AM,1188.9,6,7133.400000000001,302631078.49999994
2025-08-01 10:08:49 AM,1188.9,1,1188.9,302632267.3999999
2025-08-01 10:08:58 AM,1189.2,0,0.0,302632267.3999999
2025-08-01 10:08:59 AM,1189.2,18,21405.600000000002,302653672.99999994
2025-08-01 10:09:00 AM,1189.0,0,0.0,302653672.99999994
2025-08-01 10:09:00 AM,1189.0,20,23780.0,302677452.99999994
2025-08-01 10:09:05 AM,1189.0,55,65395.0,302742847.99999994
2025-08-01 10:09:23 AM,1189.0,19,22591.0,302765438.99999994
2025-08-01 10:09:24 AM,1189.0,45,53505.0,302818943.99999994
2025-08-01 10:09:28 AM,1189.0,41,48749.0,302867692.99999994
2025-08-01 10:09:34 AM,1189.0,1,1189.0,302868881.99999994
2025-08-01 10:09:40 AM,1189.0,105,124845.0,302993726.99999994
2025-08-01 10:09:46 AM,1189.0,85,101065.0,303094791.99999994
2025-08-01 10:09:51 AM,1189.0,7,8323.0,303103114.99999994
2025-08-01 10:09:57 AM,1189.0,1,1189.0,303104303.99999994
2025-08-01 10:10:02 AM,1189.0,35,41615.0,303145918.99999994
2025-08-01 10:10:08 AM,1189.0,47,55883.0,303201801.99999994
2025-08-01 10:10:14 AM,1188.9,6,7133.400000000001,303208935.3999999
2025-08-01 10:10:24 AM,1189.0,0,0.0,303208935.3999999
2025-08-01 10:10:26 AM,1189.0,65,77285.0,303286220.3999999
2025-08-01 10:10:34 AM,1189.0,103,122467.0,303408687.3999999
2025-08-01 10:10:38 AM,1188.9,1,1188.9,303409876.2999999
2025-08-01 10:10:44 AM,1188.9,1,1188.9,303411065.19999987
2025-08-01 10:10:45 AM,1189.0,0,0.0,303411065.19999987
2025-08-01 10:10:46 AM,1189.0,64,76096.0,303487161.19999987
2025-08-01 10:10:50 AM,1189.0,7,8323.0,303495484.19999987
2025-08-01 10:11:02 AM,1189.0,21,24969.0,303520453.19999987
2025-08-01 10:11:08 AM,1189.0,8,9512.0,303529965.19999987
2025-08-01 10:11:14 AM,1189.0,94,111766.0,303641731.19999987
2025-08-01 10:11:15 AM,1189.0,9,10701.0,303652432.19999987
2025-08-01 10:11:20 AM,1189.0,19,22591.0,303675023.19999987
2025-08-01 10:11:32 AM,1189.0,1,1189.0,303676212.19999987
2025-08-01 10:11:37 AM,1189.0,108,128412.0,303804624.19999987
2025-08-01 10:11:38 AM,1189.0,42,49938.0,303854562.19999987
2025-08-01 10:11:43 AM,1189.0,20,23780.0,303878342.19999987
2025-08-01 10:11:54 AM,1189.2,10,11892.0,303890234.19999987
2025-08-01 10:11:57 AM,1189.0,0,0.0,303890234.19999987
2025-08-01 10:12:00 AM,1189.0,127,151003.0,304041237.19999987
2025-08-01 10:12:06 AM,1189.0,35,41615.0,304082852.19999987
2025-08-01 10:12:24 AM,1189.0,20,23780.0,304106632.19999987
2025-08-01 10:12:30 AM,1189.0,5,5945.0,304112577.19999987
2025-08-01 10:12:35 AM,1189.0,104,123656.0,304236233.19999987
2025-08-01 10:12:41 AM,1189.0,20,23780.0,304260013.19999987
2025-08-01 10:12:47 AM,1189.0,8,9512.0,304269525.19999987
2025-08-01 10:12:53 AM,1189.0,1,1189.0,304270714.19999987
2025-08-01 10:13:04 AM,1189.0,71,84419.0,304355133.19999987
2025-08-01 10:13:10 AM,1189.0,2,2378.0,304357511.19999987
2025-08-01 10:13:16 AM,1189.0,8,9512.0,304367023.19999987
2025-08-01 10:13:17 AM,1188.8,685,814328.0,305181351.19999987
2025-08-01 10:13:18 AM,1188.9,0,0.0,305181351.19999987
2025-08-01 10:13:22 AM,1188.9,63,74900.70000000001,305256251.89999986
2025-08-01 10:13:24 AM,1188.6,0,0.0,305256251.89999986
2025-08-01 10:13:24 AM,1188.9,0,0.0,305256251.89999986
2025-08-01 10:13:28 AM,1188.9,512,608716.8,305864968.69999987
2025-08-01 10:13:34 AM,1188.9,1,1188.9,305866157.59999985
2025-08-01 10:13:40 AM,1188.9,20,23778.0,305889935.59999985
2025-08-01 10:13:40 AM,1188.9,9,10700.1,305900635.69999987
2025-08-01 10:13:46 AM,1188.9,9,10700.1,305911335.7999999
2025-08-01 10:13:54 AM,1189.0,0,0.0,305911335.7999999
2025-08-01 10:13:58 AM,1189.0,456,542184.0,306453519.7999999
2025-08-01 10:14:00 AM,1188.9,0,0.0,306453519.7999999
2025-08-01 10:14:03 AM,1188.9,21,24966.9,306478486.69999987
2025-08-01 10:14:21 AM,1188.9,23,27344.7,306505831.39999986
2025-08-01 10:14:26 AM,1189.2,56,66595.2,306572426.59999985
2025-08-01 10:14:36 AM,1188.9,0,0.0,306572426.59999985
2025-08-01 10:14:38 AM,1188.9,9,10700.1,306583126.69999987
2025-08-01 10:14:44 AM,1188.9,19,22589.100000000002,306605715.7999999
2025-08-01 10:14:49 AM,1188.9,11,13077.900000000001,306618793.69999987
2025-08-01 10:15:01 AM,1188.9,20,23778.0,306642571.69999987
2025-08-01 10:15:07 AM,1188.8,2,2377.6,306644949.2999999
2025-08-01 10:15:14 AM,1188.9,0,0.0,306644949.2999999
2025-08-01 10:15:19 AM,1188.9,8,9511.2,306654460.4999999
2025-08-01 10:15:19 AM,1188.9,19,22589.100000000002,306677049.5999999
2025-08-01 10:15:25 AM,1188.9,10,11889.0,306688938.5999999
2025-08-01 10:15:37 AM,1188.9,15,17833.5,306706772.0999999
2025-08-01 10:15:43 AM,1188.9,29,34478.100000000006,306741250.1999999
2025-08-01 10:15:53 AM,1188.8,0,0.0,306741250.1999999
2025-08-01 10:15:54 AM,1188.9,0,0.0,306741250.1999999
2025-08-01 10:15:55 AM,1188.9,70,83223.0,306824473.1999999
2025-08-01 10:16:01 AM,1188.9,141,167634.90000000002,306992108.0999999
2025-08-01 10:16:06 AM,1188.9,1,1188.9,306993296.9999999
2025-08-01 10:16:12 AM,1188.9,6,7133.400000000001,307000430.39999986
2025-08-01 10:16:18 AM,1188.9,10,11889.0,307012319.39999986
2025-08-01 10:16:24 AM,1188.9,22,26155.800000000003,307038475.19999987
2025-08-01 10:16:30 AM,1188.9,50,59445.00000000001,307097920.19999987
2025-08-01 10:16:36 AM,1188.9,47,55878.3,307153798.4999999
2025-08-01 10:16:41 AM,1188.9,27,32100.300000000003,307185898.7999999
2025-08-01 10:16:42 AM,1188.9,8,9511.2,307195409.9999999
2025-08-01 10:16:47 AM,1188.9,76,90356.40000000001,307285766.39999986
2025-08-01 10:16:52 AM,1188.9,3,3566.7000000000003,307289333.09999985
2025-08-01 10:16:58 AM,1188.9,46,54689.4,307344022.4999998
2025-08-01 10:17:03 AM,1188.9,29,34478.100000000006,307378500.59999985
2025-08-01 10:17:09 AM,1188.9,148,175957.2,307554457.79999983
2025-08-01 10:17:21 AM,1188.9,43,51122.700000000004,307605580.4999998
2025-08-01 10:17:27 AM,1188.9,51,60633.9,307666214.3999998
2025-08-01 10:17:32 AM,1188.9,6,7133.400000000001,307673347.7999998
2025-08-01 10:17:38 AM,1188.9,93,110567.70000000001,307783915.49999976
2025-08-01 10:17:44 AM,1188.9,33,39233.700000000004,307823149.19999975
2025-08-01 10:17:48 AM,1189.2,0,0.0,307823149.19999975
2025-08-01 10:17:50 AM,1189.2,51,60649.200000000004,307883798.39999974
2025-08-01 10:18:00 AM,1188.9,0,0.0,307883798.39999974
2025-08-01 10:18:01 AM,1188.9,63,74900.70000000001,307958699.0999997
2025-08-01 10:18:07 AM,1188.9,1,1188.9,307959887.9999997
2025-08-01 10:18:11 AM,1189.2,0,0.0,307959887.9999997
2025-08-01 10:18:13 AM,1188.9,43,51122.700000000004,308011010.6999997
2025-08-01 10:18:19 AM,1188.9,8,9511.2,308020521.8999997
2025-08-01 10:18:25 AM,1188.9,62,73711.8,308094233.6999997
2025-08-01 10:18:32 AM,1189.2,0,0.0,308094233.6999997
2025-08-01 10:18:36 AM,1189.2,42,49946.4,308144180.09999967
2025-08-01 10:18:41 AM,1188.9,0,0.0,308144180.09999967
2025-08-01 10:18:42 AM,1188.9,27,32100.300000000003,308176280.3999997
2025-08-01 10:18:48 AM,1188.9,48,57067.200000000004,308233347.59999967
2025-08-01 10:18:53 AM,1188.9,7,8322.300000000001,308241669.8999997
2025-08-01 10:18:59 AM,1188.9,86,102245.40000000001,308343915.29999965
2025-08-01 10:19:04 AM,1188.9,28,33289.200000000004,308377204.49999964
2025-08-01 10:19:10 AM,1188.9,102,121267.8,308498472.29999965
2025-08-01 10:19:16 AM,1188.8,0,0.0,308498472.29999965
2025-08-01 10:19:16 AM,1188.8,1,1188.8,308499661.09999967
2025-08-01 10:19:22 AM,1188.9,0,0.0,308499661.09999967
2025-08-01 10:19:22 AM,1188.9,8,9511.2,308509172.29999965
2025-08-01 10:19:23 AM,1188.9,70,83223.0,308592395.29999965
2025-08-01 10:19:28 AM,1188.9,66,78467.40000000001,308670862.69999963
2025-08-01 10:19:39 AM,1188.9,91,108189.90000000001,308779052.5999996
2025-08-01 10:19:40 AM,1188.9,36,42800.4,308821852.9999996
2025-08-01 10:19:45 AM,1188.9,44,52311.600000000006,308874164.5999996
2025-08-01 10:19:46 AM,1188.9,120,142668.0,309016832.5999996
2025-08-01 10:19:51 AM,1188.9,157,186657.30000000002,309203489.8999996
2025-08-01 10:19:52 AM,1188.9,8,9511.2,309213001.0999996
2025-08-01 10:19:56 AM,1188.9,40,47556.0,309260557.0999996
2025-08-01 10:20:01 AM,1188.9,20,23778.0,309284335.0999996
2025-08-01 10:20:03 AM,1188.9,59,70145.1,309354480.19999963
2025-08-01 10:20:14 AM,1188.9,8,9511.2,309363991.3999996
2025-08-01 10:20:18 AM,1188.9,96,114134.40000000001,309478125.7999996
2025-08-01 10:20:20 AM,1188.9,20,23778.0,309501903.7999996
2025-08-01 10:20:36 AM,1188.9,61,72522.90000000001,309574426.6999996
2025-08-01 10:20:42 AM,1188.9,19,22589.100000000002,309597015.7999996
2025-08-01 10:20:49 AM,1188.9,174,206868.6,309803884.3999996
2025-08-01 10:20:54 AM,1188.9,7,8322.300000000001,309812206.69999963
2025-08-01 10:21:00 AM,1188.9,360,428004.00000000006,310240210.69999963
2025-08-01 10:21:02 AM,1188.9,146,173579.40000000002,310413790.0999996
2025-08-01 10:21:05 AM,1188.9,4,4755.6,310418545.69999963
2025-08-01 10:21:11 AM,1188.9,150,178335.0,310596880.69999963
2025-08-01 10:21:16 AM,1188.9,1,1188.9,310598069.5999996
2025-08-01 10:21:22 AM,1188.9,284,337647.60000000003,310935717.19999963
2025-08-01 10:21:30 AM,1188.9,112,133156.80000000002,311068873.99999964
2025-08-01 10:21:33 AM,1188.9,10,11889.0,311080762.99999964
2025-08-01 10:21:38 AM,1188.9,5,5944.5,311086707.49999964
2025-08-01 10:21:40 AM,1188.9,106,126023.40000000001,311212730.8999996
2025-08-01 10:21:44 AM,1188.9,11,13077.900000000001,311225808.7999996
2025-08-01 10:21:50 AM,1188.9,22,26155.800000000003,311251964.5999996
2025-08-01 10:21:56 AM,1188.9,220,261558.00000000003,311513522.5999996
2025-08-01 10:22:01 AM,1188.9,23,27344.7,311540867.2999996
2025-08-01 10:22:03 AM,1188.9,187,222324.30000000002,311763191.5999996
2025-08-01 10:22:07 AM,1188.9,1,1188.9,311764380.4999996
2025-08-01 10:22:09 AM,1188.9,13,15455.7,311779836.1999996
2025-08-01 10:22:12 AM,1188.9,201,238968.90000000002,312018805.09999955
2025-08-01 10:22:18 AM,1188.9,24,28533.600000000002,312047338.6999996
2025-08-01 10:22:20 AM,1188.9,40,47556.0,312094894.6999996
2025-08-01 10:22:24 AM,1189.6,0,0.0,312094894.6999996
2025-08-01 10:22:25 AM,1189.6,306,364017.6,312458912.2999996
2025-08-01 10:22:27 AM,1188.9,0,0.0,312458912.2999996
2025-08-01 10:22:27 AM,1188.9,10,11889.0,312470801.2999996
2025-08-01 10:22:30 AM,1188.9,347,412548.30000000005,312883349.5999996
2025-08-01 10:22:32 AM,1188.9,31,36855.9,312920205.4999996
2025-08-01 10:22:36 AM,1188.9,25,29722.500000000004,312949927.9999996
2025-08-01 10:22:38 AM,1188.9,149,177146.1,313127074.0999996
2025-08-01 10:22:41 AM,1188.9,32,38044.8,313165118.8999996
2025-08-01 10:22:47 AM,1188.9,66,78467.40000000001,313243586.2999996
2025-08-01 10:22:52 AM,1188.9,8,9511.2,313253097.4999996
2025-08-01 10:22:54 AM,1188.9,49,58256.100000000006,313311353.5999996
2025-08-01 10:23:00 AM,1188.9,21,24966.9,313336320.4999996
2025-08-01 10:23:03 AM,1188.9,117,139101.30000000002,313475421.7999996
2025-08-01 10:23:06 AM,1188.9,15,17833.5,313493255.2999996
2025-08-01 10:23:12 AM,1188.9,113,134345.7,313627600.9999996
2025-08-01 10:23:14 AM,1188.9,214,254424.6,313882025.5999996
2025-08-01 10:23:19 AM,1188.8,0,0.0,313882025.5999996
2025-08-01 10:23:20 AM,1188.8,31,36852.799999999996,313918878.3999996
2025-08-01 10:23:23 AM,1188.9,0,0.0,313918878.3999996
2025-08-01 10:23:23 AM,1188.9,10,11889.0,313930767.3999996
2025-08-01 10:23:26 AM,1188.9,32,38044.8,313968812.19999963
2025-08-01 10:23:32 AM,1189.0,46,54694.0,314023506.19999963
2025-08-01 10:23:33 AM,1188.9,0,0.0,314023506.19999963
2025-08-01 10:23:35 AM,1188.9,1,1188.9,314024695.0999996
2025-08-01 10:23:40 AM,1188.9,74,87978.6,314112673.69999963
2025-08-01 10:23:52 AM,1188.9,60,71334.0,314184007.69999963
2025-08-01 10:23:54 AM,1188.9,8,9511.2,314193518.8999996
2025-08-01 10:23:59 AM,1188.9,64,76089.6,314269608.49999964
2025-08-01 10:24:03 AM,1188.9,63,74900.70000000001,314344509.19999963
2025-08-01 10:24:04 AM,1188.9,13,15455.7,314359964.8999996
2025-08-01 10:24:08 AM,1188.9,182,216379.80000000002,314576344.69999963
2025-08-01 10:24:14 AM,1188.9,9,10700.1,314587044.79999965
2025-08-01 10:24:19 AM,1188.9,123,146234.7,314733279.49999964
2025-08-01 10:24:21 AM,1188.9,21,24966.9,314758246.3999996
2025-08-01 10:24:25 AM,1188.9,8,9511.2,314767757.5999996
2025-08-01 10:24:30 AM,1188.9,240,285336.0,315053093.5999996
2025-08-01 10:24:36 AM,1188.9,8,9511.2,315062604.7999996
2025-08-01 10:24:38 AM,1188.9,142,168823.80000000002,315231428.5999996
2025-08-01 10:24:41 AM,1188.9,19,22589.100000000002,315254017.69999963
2025-08-01 10:24:47 AM,1188.9,7,8322.300000000001,315262339.99999964
2025-08-01 10:24:49 AM,1188.9,168,199735.2,315462075.19999963
2025-08-01 10:24:52 AM,1188.9,24,28533.600000000002,315490608.79999965
2025-08-01 10:24:54 AM,1188.9,4,4755.6,315495364.3999997
2025-08-01 10:24:55 AM,1189.0,0,0.0,315495364.3999997
2025-08-01 10:24:57 AM,1188.9,0,0.0,315495364.3999997
2025-08-01 10:24:57 AM,1188.9,2661,3163662.9000000004,318659027.29999965
2025-08-01 10:25:00 AM,1188.9,290,344781.0,319003808.29999965
2025-08-01 10:25:03 AM,1188.9,49,58256.100000000006,319062064.3999997
2025-08-01 10:25:09 AM,1188.9,109,129590.1,319191654.4999997
2025-08-01 10:25:12 AM,1188.9,114,135534.6,319327189.0999997
2025-08-01 10:25:18 AM,1188.9,85,101056.50000000001,319428245.5999997
2025-08-01 10:25:21 AM,1188.9,19,22589.100000000002,319450834.69999975
2025-08-01 10:25:23 AM,1188.9,55,65389.50000000001,319516224.19999975
2025-08-01 10:25:34 AM,1188.9,1,1188.9,319517413.0999997
2025-08-01 10:25:38 AM,1188.9,137,162879.30000000002,319680292.39999974
2025-08-01 10:25:40 AM,1188.9,27,32100.300000000003,319712392.69999975
2025-08-01 10:25:46 AM,1188.9,102,121267.8,319833660.49999976
2025-08-01 10:25:49 AM,1188.8,51,60628.799999999996,319894289.2999998
2025-08-01 10:25:51 AM,1188.9,7,8322.300000000001,319902611.5999998
2025-08-01 10:25:54 AM,1188.9,132,156934.80000000002,320059546.3999998
2025-08-01 10:25:56 AM,1188.9,7,8322.300000000001,320067868.6999998
2025-08-01 10:26:00 AM,1188.9,19,22589.100000000002,320090457.79999983
2025-08-01 10:26:05 AM,1188.9,102,121267.8,320211725.59999985
2025-08-01 10:26:13 AM,1188.9,103,122456.70000000001,320334182.29999983
2025-08-01 10:26:22 AM,1189.2,136,161731.2,320495913.4999998
2025-08-01 10:26:31 AM,1188.9,0,0.0,320495913.4999998
2025-08-01 10:26:34 AM,1188.9,158,187846.2,320683759.6999998
2025-08-01 10:26:39 AM,1188.9,78,92734.20000000001,320776493.8999998
2025-08-01 10:26:42 AM,1188.9,440,523116.00000000006,321299609.8999998
2025-08-01 10:26:51 AM,1188.9,84,99867.6,321399477.4999998
2025-08-01 10:26:57 AM,1188.8,3,3566.3999999999996,321403043.8999998
2025-08-01 10:26:59 AM,1188.9,300,356670.0,321759713.8999998
2025-08-01 10:27:02 AM,1188.9,20,23778.0,321783491.8999998
2025-08-01 10:27:05 AM,1188.9,8,9511.2,321793003.0999998
2025-08-01 10:27:07 AM,1188.8,0,0.0,321793003.0999998
2025-08-01 10:27:08 AM,1188.9,97,115323.3,321908326.3999998
2025-08-01 10:27:11 AM,1188.9,18,21400.2,321929726.5999998
2025-08-01 10:27:16 AM,1188.9,44,52311.600000000006,321982038.1999998
2025-08-01 10:27:22 AM,1188.9,28,33289.200000000004,322015327.3999998
2025-08-01 10:27:27 AM,1188.9,231,274635.9,322289963.2999998
2025-08-01 10:27:33 AM,1188.9,177,210435.30000000002,322500398.5999998
2025-08-01 10:27:35 AM,1188.9,24,28533.600000000002,322528932.1999998
2025-08-01 10:27:41 AM,1188.9,29,34478.100000000006,322563410.29999983
2025-08-01 10:27:43 AM,1188.8,0,0.0,322563410.29999983
2025-08-01 10:27:44 AM,1188.8,51,60628.799999999996,322624039.09999985
2025-08-01 10:27:54 AM,1188.9,0,0.0,322624039.09999985
2025-08-01 10:27:55 AM,1188.9,178,211624.2,322835663.29999983
2025-08-01 10:28:00 AM,1188.9,57,67767.3,322903430.59999985
2025-08-01 10:28:05 AM,1188.9,67,79656.3,322983086.89999986
2025-08-01 10:28:11 AM,1188.9,138,164068.2,323147155.09999985
2025-08-01 10:28:16 AM,1188.9,15,17833.5,323164988.59999985
2025-08-01 10:28:19 AM,1188.9,44,52311.600000000006,323217300.19999987
2025-08-01 10:28:22 AM,1188.9,20,23778.0,323241078.19999987
2025-08-01 10:28:27 AM,1188.9,7,8322.300000000001,323249400.4999999
2025-08-01 10:28:30 AM,1188.9,132,156934.80000000002,323406335.2999999
2025-08-01 10:28:33 AM,1188.9,1,1188.9,323407524.19999987
2025-08-01 10:28:38 AM,1188.9,93,110567.70000000001,323518091.89999986
2025-08-01 10:28:41 AM,1188.9,34,40422.600000000006,323558514.4999999
2025-08-01 10:28:49 AM,1188.9,108,128401.20000000001,323686915.69999987
2025-08-01 10:28:55 AM,1188.9,7,8322.300000000001,323695237.9999999
2025-08-01 10:28:58 AM,1188.9,93,110567.70000000001,323805805.69999987
2025-08-01 10:29:00 AM,1188.9,33,39233.700000000004,323845039.39999986
2025-08-01 10:29:03 AM,1188.9,1,1188.9,323846228.29999983
2025-08-01 10:29:06 AM,1188.9,8,9511.2,323855739.4999998
2025-08-01 10:29:09 AM,1188.9,95,112945.50000000001,323968684.9999998
2025-08-01 10:29:12 AM,1188.9,4,4755.6,323973440.59999985
2025-08-01 10:29:17 AM,1188.9,63,74900.70000000001,324048341.29999983
2025-08-01 10:29:20 AM,1188.9,19,22589.100000000002,324070930.39999986
2025-08-01 10:29:26 AM,1188.9,126,149801.40000000002,324220731.79999983
2025-08-01 10:29:33 AM,1189.4,0,0.0,324220731.79999983
2025-08-01 10:29:34 AM,1189.4,44,52333.600000000006,324273065.39999986
2025-08-01 10:29:37 AM,1188.9,0,0.0,324273065.39999986
2025-08-01 10:29:37 AM,1188.9,15,17833.5,324290898.89999986
2025-08-01 10:29:39 AM,1188.9,23,27344.7,324318243.59999985
2025-08-01 10:29:42 AM,1188.9,70,83223.0,324401466.59999985
2025-08-01 10:29:45 AM,1188.8,0,0.0,324401466.59999985
2025-08-01 10:29:45 AM,1188.8,5,5944.0,324407410.59999985
2025-08-01 10:29:50 AM,1188.9,99,117701.1,324525111.69999987
2025-08-01 10:29:59 AM,1188.9,86,102245.40000000001,324627357.09999985
2025-08-01 10:30:02 AM,1188.9,40,47556.0,324674913.09999985
2025-08-01 10:30:04 AM,1188.9,60,71334.0,324746247.09999985
2025-08-01 10:30:11 AM,1188.9,110,130779.00000000001,324877026.09999985
2025-08-01 10:30:13 AM,1188.9,22,26155.800000000003,324903181.89999986
2025-08-01 10:30:19 AM,1188.9,7,8322.300000000001,324911504.19999987
2025-08-01 10:30:22 AM,1188.9,188,223513.2,325135017.39999986
2025-08-01 10:30:30 AM,1188.9,62,73711.8,325208729.19999987
2025-08-01 10:30:36 AM,1188.9,100,118890.00000000001,325327619.19999987
2025-08-01 10:30:42 AM,1188.9,24,28533.600000000002,325356152.7999999
2025-08-01 10:30:44 AM,1188.9,103,122456.70000000001,325478609.4999999
2025-08-01 10:30:50 AM,1188.9,3,3566.7000000000003,325482176.19999987
2025-08-01 10:30:53 AM,1188.9,62,73711.8,325555887.9999999
2025-08-01 10:30:59 AM,1188.9,9,10700.1,325566588.0999999
2025-08-01 10:31:01 AM,1188.9,74,87978.6,325654566.6999999
2025-08-01 10:31:07 AM,1188.9,105,124834.50000000001,325779401.1999999
2025-08-01 10:31:11 AM,1188.9,14,16644.600000000002,325796045.79999995
2025-08-01 10:31:13 AM,1188.9,69,82034.1,325878079.9
2025-08-01 10:31:17 AM,1188.9,18,21400.2,325899480.09999996
2025-08-01 10:31:19 AM,1188.9,42,49933.8,325949413.9
2025-08-01 10:31:22 AM,1188.9,32,38044.8,325987458.7
2025-08-01 10:31:28 AM,1188.9,256,304358.4,326291817.09999996
2025-08-01 10:31:33 AM,1188.9,8,9511.2,326301328.29999995
2025-08-01 10:31:41 AM,1188.9,86,102245.40000000001,326403573.6999999
2025-08-01 10:31:44 AM,1188.9,8,9511.2,326413084.8999999
2025-08-01 10:31:47 AM,1188.8,4,4755.2,326417840.0999999
2025-08-01 10:31:50 AM,1188.9,108,128401.20000000001,326546241.2999999
2025-08-01 10:31:53 AM,1188.9,2,2377.8,326548619.0999999
2025-08-01 10:31:56 AM,1188.9,5,5944.5,326554563.5999999
2025-08-01 10:32:00 AM,1188.9,253,300791.7,326855355.2999999
2025-08-01 10:32:03 AM,1188.9,12,14266.800000000001,326869622.0999999
2025-08-01 10:32:06 AM,1188.9,235,279391.5,327149013.5999999
2025-08-01 10:32:09 AM,1188.9,11,13077.900000000001,327162091.4999999
2025-08-01 10:32:13 AM,1188.9,157,186657.30000000002,327348748.7999999
2025-08-01 10:32:16 AM,1188.9,191,227079.90000000002,327575828.69999987
2025-08-01 10:32:19 AM,1188.9,253,300791.7,327876620.39999986
2025-08-01 10:32:23 AM,1188.9,500,594450.0,328471070.39999986
2025-08-01 10:32:26 AM,1188.9,92,109378.8,328580449.19999987
2025-08-01 10:32:29 AM,1188.9,315,374503.5,328954952.69999987
2025-08-01 10:32:32 AM,1188.9,242,287713.80000000005,329242666.4999999
2025-08-01 10:32:35 AM,1188.9,170,202113.00000000003,329444779.4999999
2025-08-01 10:32:39 AM,1188.9,209,248480.1,329693259.5999999
2025-08-01 10:32:42 AM,1188.9,50,59445.00000000001,329752704.5999999
2025-08-01 10:32:45 AM,1188.9,84,99867.6,329852572.1999999
2025-08-01 10:32:47 AM,1188.9,26,30911.4,329883483.5999999
2025-08-01 10:32:50 AM,1188.9,14,16644.600000000002,329900128.1999999
2025-08-01 10:32:53 AM,1188.9,110,130779.00000000001,330030907.1999999
2025-08-01 10:32:56 AM,1188.9,53,63011.700000000004,330093918.8999999
2025-08-01 10:33:02 AM,1188.9,99,117701.1,330211619.99999994
2025-08-01 10:33:04 AM,1188.9,1,1188.9,330212808.8999999
2025-08-01 10:33:10 AM,1188.9,104,123645.6,330336454.49999994
2025-08-01 10:33:15 AM,1188.9,127,150990.30000000002,330487444.79999995
2025-08-01 10:33:18 AM,1188.9,8,9511.2,330496955.99999994
2025-08-01 10:33:21 AM,1188.9,58,68956.20000000001,330565912.1999999
2025-08-01 10:33:24 AM,1189.1,0,0.0,330565912.1999999
2025-08-01 10:33:24 AM,1188.9,89,105812.1,330671724.29999995
2025-08-01 10:33:29 AM,1188.9,23,27344.7,330699068.99999994
2025-08-01 10:33:32 AM,1188.9,131,155745.90000000002,330854814.8999999
2025-08-01 10:33:40 AM,1188.9,553,657461.7000000001,331512276.5999999
2025-08-01 10:33:43 AM,1188.9,318,378070.2,331890346.7999999
2025-08-01 10:33:46 AM,1188.9,24,28533.600000000002,331918880.3999999
2025-08-01 10:33:48 AM,1188.9,178,211624.2,332130504.5999999
2025-08-01 10:33:58 AM,1188.9,194,230646.6,332361151.1999999
2025-08-01 10:34:00 AM,1188.9,19,22589.100000000002,332383740.29999995
2025-08-01 10:34:03 AM,1188.9,59,70145.1,332453885.4
2025-08-01 10:34:05 AM,1188.9,94,111756.6,332565642.0
2025-08-01 10:34:09 AM,1188.9,7,8322.300000000001,332573964.3
2025-08-01 10:34:11 AM,1188.9,81,96300.90000000001,332670265.2
2025-08-01 10:34:20 AM,1188.9,252,299602.80000000005,332969868.0
2025-08-01 10:34:22 AM,1188.9,6,7133.400000000001,332977001.4
2025-08-01 10:34:27 AM,1188.9,150,178335.0,333155336.4
2025-08-01 10:34:31 AM,1188.9,135,160501.5,333315837.9
2025-08-01 10:34:33 AM,1188.9,34,40422.600000000006,333356260.5
2025-08-01 10:34:43 AM,1188.9,185,219946.50000000003,333576207.0
2025-08-01 10:34:45 AM,1188.9,273,324569.7,333900776.7
2025-08-01 10:34:48 AM,1189.0,160,190240.0,334091016.7
2025-08-01 10:34:49 AM,1188.9,0,0.0,334091016.7
2025-08-01 10:34:51 AM,1188.9,42,49933.8,334140950.5
2025-08-01 10:34:57 AM,1188.9,64,76089.6,334217040.1
2025-08-01 10:35:00 AM,1188.9,20,23778.0,334240818.1
2025-08-01 10:35:06 AM,1188.9,65,77278.5,334318096.6
2025-08-01 10:35:08 AM,1188.9,15,17833.5,334335930.1
2025-08-01 10:35:14 AM,1188.9,141,167634.90000000002,334503565.0
2025-08-01 10:35:17 AM,1189.6,0,0.0,334503565.0
2025-08-01 10:35:17 AM,1189.6,33,39256.799999999996,334542821.8
2025-08-01 10:35:21 AM,1188.9,0,0.0,334542821.8
2025-08-01 10:35:22 AM,1188.9,19,22589.100000000002,334565410.90000004
2025-08-01 10:35:28 AM,1188.9,92,109378.8,334674789.70000005
2025-08-01 10:35:36 AM,1188.9,131,155745.90000000002,334830535.6
2025-08-01 10:35:40 AM,1188.9,20,23778.0,334854313.6
2025-08-01 10:35:42 AM,1188.9,172,204490.80000000002,335058804.40000004
2025-08-01 10:35:45 AM,1188.9,115,136723.5,335195527.90000004
2025-08-01 10:35:51 AM,1188.9,1,1188.9,335196716.8
2025-08-01 10:35:53 AM,1188.9,94,111756.6,335308473.40000004
2025-08-01 10:35:56 AM,1188.9,12,14266.800000000001,335322740.20000005
2025-08-01 10:35:58 AM,1188.9,52,61822.8,335384563.00000006
2025-08-01 10:36:02 AM,1188.9,175,208057.50000000003,335592620.50000006
2025-08-01 10:36:19 AM,1188.9,70,83223.0,335675843.50000006
2025-08-01 10:36:21 AM,1188.9,30,35667.0,335711510.50000006
2025-08-01 10:36:27 AM,1188.9,7,8322.300000000001,335719832.8000001
2025-08-01 10:36:35 AM,1188.9,1,1188.9,335721021.70000005
2025-08-01 10:36:41 AM,1188.9,181,215190.90000000002,335936212.6
2025-08-01 10:36:48 AM,1188.9,61,72522.90000000001,336008735.5
2025-08-01 10:36:52 AM,1188.9,17,20211.300000000003,336028946.8
2025-08-01 10:36:57 AM,1188.9,7,8322.300000000001,336037269.1
2025-08-01 10:37:03 AM,1188.9,21,24966.9,336062236.0
2025-08-01 10:37:05 AM,1188.8,0,0.0,336062236.0
2025-08-01 10:37:07 AM,1188.9,0,0.0,336062236.0
2025-08-01 10:37:08 AM,1188.9,88,104623.20000000001,336166859.2
2025-08-01 10:37:10 AM,1189.6,53,63048.799999999996,336229908.0
2025-08-01 10:37:17 AM,1188.9,0,0.0,336229908.0
2025-08-01 10:37:19 AM,1188.9,7,8322.300000000001,336238230.3
2025-08-01 10:37:21 AM,1188.9,19,22589.100000000002,336260819.40000004
2025-08-01 10:37:27 AM,1188.9,7,8322.300000000001,336269141.70000005
2025-08-01 10:37:30 AM,1188.9,67,79656.3,336348798.00000006
2025-08-01 10:37:41 AM,1188.9,55,65389.50000000001,336414187.50000006
2025-08-01 10:37:49 AM,1188.9,149,177146.1,336591333.6000001
2025-08-01 10:37:58 AM,1188.9,13,15455.7,336606789.3000001
2025-08-01 10:38:00 AM,1188.9,19,22589.100000000002,336629378.4000001
2025-08-01 10:38:04 AM,1188.8,8,9510.4,336638888.8000001
2025-08-01 10:38:13 AM,1188.9,72,85600.8,336724489.6000001
2025-08-01 10:38:19 AM,1188.9,9,10700.1,336735189.7000001
2025-08-01 10:38:23 AM,1188.9,117,139101.30000000002,336874291.0000001
2025-08-01 10:38:29 AM,1188.9,85,101056.50000000001,336975347.5000001
2025-08-01 10:38:40 AM,1188.9,19,22589.100000000002,336997936.60000014
2025-08-01 10:38:46 AM,1188.9,83,98678.70000000001,337096615.30000013
2025-08-01 10:39:00 AM,1188.9,20,23778.0,337120393.30000013
2025-08-01 10:39:08 AM,1188.9,25,29722.500000000004,337150115.80000013
2025-08-01 10:39:11 AM,1188.9,44,52311.600000000006,337202427.40000015
2025-08-01 10:39:17 AM,1188.9,532,632494.8,337834922.20000017
2025-08-01 10:39:19 AM,1188.9,19,22589.100000000002,337857511.3000002
2025-08-01 10:39:22 AM,1188.9,7,8322.300000000001,337865833.6000002
2025-08-01 10:39:28 AM,1188.9,3,3566.7000000000003,337869400.3000002
2025-08-01 10:39:33 AM,1188.9,10,11889.0,337881289.3000002
2025-08-01 10:39:42 AM,1188.9,20,23778.0,337905067.3000002
2025-08-01 10:39:54 AM,1188.8,0,0.0,337905067.3000002
2025-08-01 10:39:56 AM,1188.9,310,368559.0,338273626.3000002
2025-08-01 10:40:01 AM,1189.0,0,0.0,338273626.3000002
2025-08-01 10:40:01 AM,1189.0,242,287738.0,338561364.3000002
2025-08-01 10:40:09 AM,1188.8,735,873768.0,339435132.3000002
2025-08-01 10:40:12 AM,1188.8,3,3566.3999999999996,339438698.70000017
2025-08-01 10:40:25 AM,1188.9,0,0.0,339438698.70000017
2025-08-01 10:40:26 AM,1188.9,21,24966.9,339463665.60000014
2025-08-01 10:40:40 AM,1188.9,20,23778.0,339487443.60000014
2025-08-01 10:40:46 AM,1188.9,2,2377.8,339489821.40000015
2025-08-01 10:40:49 AM,1188.9,1,1188.9,339491010.30000013
2025-08-01 10:40:52 AM,1189.0,0,0.0,339491010.30000013
2025-08-01 10:40:54 AM,1189.0,110,130790.0,339621800.30000013
2025-08-01 10:40:56 AM,1188.9,9,10700.1,339632500.40000015
2025-08-01 10:40:59 AM,1188.9,21,24966.9,339657467.30000013
2025-08-01 10:41:03 AM,1188.8,0,0.0,339657467.30000013
2025-08-01 10:41:05 AM,1188.8,15,17832.0,339675299.30000013
2025-08-01 10:41:18 AM,1188.9,50,59445.00000000001,339734744.30000013
2025-08-01 10:41:22 AM,1188.9,19,22589.100000000002,339757333.40000015
2025-08-01 10:41:28 AM,1188.9,7,8322.300000000001,339765655.70000017
2025-08-01 10:41:34 AM,1188.9,9,10700.1,339776355.8000002
2025-08-01 10:41:35 AM,1188.9,25,29722.500000000004,339806078.3000002
2025-08-01 10:41:40 AM,1188.8,0,0.0,339806078.3000002
2025-08-01 10:41:41 AM,1188.8,659,783419.2,340589497.5000002
2025-08-01 10:41:45 AM,1188.8,66,78460.8,340667958.3000002
2025-08-01 10:41:46 AM,1188.8,33,39230.4,340707188.70000017
2025-08-01 10:41:50 AM,1188.8,249,296011.2,341003199.90000015
2025-08-01 10:42:00 AM,1188.9,0,0.0,341003199.90000015
2025-08-01 10:42:01 AM,1188.9,9,10700.1,341013900.0000002
2025-08-01 10:42:06 AM,1188.9,26,30911.4,341044811.40000015
2025-08-01 10:42:19 AM,1188.9,22,26155.800000000003,341070967.20000017
2025-08-01 10:42:22 AM,1188.8,0,0.0,341070967.20000017
2025-08-01 10:42:23 AM,1188.8,200,237760.0,341308727.20000017
2025-08-01 10:42:29 AM,1188.8,129,153355.19999999998,341462082.40000015
2025-08-01 10:42:40 AM,1188.8,19,22587.2,341484669.60000014
2025-08-01 10:42:42 AM,1188.8,14,16643.2,341501312.80000013
2025-08-01 10:42:48 AM,1188.7,0,0.0,341501312.80000013
2025-08-01 10:42:51 AM,1188.7,1,1188.7,341502501.5000001
2025-08-01 10:42:56 AM,1188.8,38,45174.4,341547675.9000001
2025-08-01 10:43:06 AM,1188.9,0,0.0,341547675.9000001
2025-08-01 10:43:08 AM,1188.9,20,23778.0,341571453.9000001
2025-08-01 10:43:13 AM,1188.9,8,9511.2,341580965.1000001
2025-08-01 10:43:18 AM,1188.9,3,3566.7000000000003,341584531.8000001
2025-08-01 10:43:20 AM,1188.9,25,29722.500000000004,341614254.3000001
2025-08-01 10:43:40 AM,1188.9,20,23778.0,341638032.3000001
2025-08-01 10:43:42 AM,1188.9,3,3566.7000000000003,341641599.00000006
2025-08-01 10:43:45 AM,1188.8,0,0.0,341641599.00000006
2025-08-01 10:43:45 AM,1188.8,4,4755.2,341646354.20000005
2025-08-01 10:44:00 AM,1189.1,42,49942.2,341696296.40000004
2025-08-01 10:44:02 AM,1188.9,6,7133.400000000001,341703429.8
2025-08-01 10:44:05 AM,1188.9,19,22589.100000000002,341726018.90000004
2025-08-01 10:44:16 AM,1188.9,42,49933.8,341775952.70000005
2025-08-01 10:44:22 AM,1188.9,21,24966.9,341800919.6
2025-08-01 10:44:33 AM,1188.9,7,8322.300000000001,341809241.90000004
2025-08-01 10:44:35 AM,1188.9,49,58256.100000000006,341867498.00000006
2025-08-01 10:44:41 AM,1188.9,19,22589.100000000002,341890087.1000001
2025-08-01 10:44:46 AM,1188.9,10,11889.0,341901976.1000001
2025-08-01 10:44:52 AM,1189.1,0,0.0,341901976.1000001
2025-08-01 10:44:54 AM,1189.1,42,49942.2,341951918.3000001
2025-08-01 10:44:55 AM,1188.9,0,0.0,341951918.3000001
2025-08-01 10:44:57 AM,1188.9,25,29722.500000000004,341981640.8000001
2025-08-01 10:44:59 AM,1188.9,28,33289.200000000004,342014930.00000006
2025-08-01 10:45:02 AM,1188.9,45,53500.50000000001,342068430.50000006
2025-08-01 10:45:05 AM,1189.1,0,0.0,342068430.50000006
2025-08-01 10:45:05 AM,1189.1,57,67778.7,342136209.20000005
2025-08-01 10:45:19 AM,1189.1,12,14269.199999999999,342150478.40000004
2025-08-01 10:45:20 AM,1189.6,0,0.0,342150478.40000004
2025-08-01 10:45:22 AM,1189.6,597,710191.2,342860669.6
2025-08-01 10:45:24 AM,1189.6,7,8327.199999999999,342868996.8
2025-08-01 10:45:25 AM,1189.5,0,0.0,342868996.8
2025-08-01 10:45:27 AM,1189.7,0,0.0,342868996.8
2025-08-01 10:45:27 AM,1189.7,99,117780.3,342986777.1
2025-08-01 10:45:30 AM,1189.7,65,77330.5,343064107.6
2025-08-01 10:45:32 AM,1189.7,1,1189.7,343065297.3
2025-08-01 10:45:38 AM,1189.7,3,3569.1000000000004,343068866.40000004
2025-08-01 10:45:40 AM,1189.7,121,143953.7,343212820.1
2025-08-01 10:45:42 AM,1189.5,0,0.0,343212820.1
2025-08-01 10:45:43 AM,1189.5,81,96349.5,343309169.6
2025-08-01 10:45:46 AM,1189.5,114,135603.0,343444772.6
2025-08-01 10:45:49 AM,1189.5,2,2379.0,343447151.6
2025-08-01 10:45:51 AM,1189.7,0,0.0,343447151.6
2025-08-01 10:45:51 AM,1189.7,83,98745.1,343545896.70000005
2025-08-01 10:45:53 AM,1189.0,0,0.0,343545896.70000005
2025-08-01 10:45:54 AM,1189.0,289,343621.0,343889517.70000005
2025-08-01 10:45:56 AM,1189.0,35,41615.0,343931132.70000005
2025-08-01 10:45:59 AM,1189.0,69,82041.0,344013173.70000005
2025-08-01 10:46:01 AM,1189.0,107,127223.0,344140396.70000005
2025-08-01 10:46:03 AM,1189.8,0,0.0,344140396.70000005
2025-08-01 10:46:05 AM,1189.8,43,51161.4,344191558.1
2025-08-01 10:46:17 AM,1189.8,43,51161.4,344242719.5
2025-08-01 10:46:20 AM,1189.5,0,0.0,344242719.5
2025-08-01 10:46:23 AM,1189.5,34,40443.0,344283162.5
2025-08-01 10:46:26 AM,1189.4,0,0.0,344283162.5
2025-08-01 10:46:28 AM,1189.4,100,118940.00000000001,344402102.5
2025-08-01 10:46:38 AM,1189.0,0,0.0,344402102.5
2025-08-01 10:46:40 AM,1189.0,111,131979.0,344534081.5
2025-08-01 10:46:44 AM,1189.5,0,0.0,344534081.5
2025-08-01 10:46:45 AM,1189.5,181,215299.5,344749381.0
2025-08-01 10:46:57 AM,1188.9,0,0.0,344749381.0
2025-08-01 10:46:57 AM,1188.9,78,92734.20000000001,344842115.2
2025-08-01 10:47:06 AM,1189.0,0,0.0,344842115.2
2025-08-01 10:47:07 AM,1189.5,76,90402.0,344932517.2
2025-08-01 10:47:12 AM,1189.5,48,57096.0,344989613.2
2025-08-01 10:47:21 AM,1189.0,0,0.0,344989613.2
2025-08-01 10:47:23 AM,1189.0,19,22591.0,345012204.2
2025-08-01 10:47:28 AM,1189.5,0,0.0,345012204.2
2025-08-01 10:47:28 AM,1189.5,50,59475.0,345071679.2
2025-08-01 10:47:40 AM,1189.0,0,0.0,345071679.2
2025-08-01 10:47:41 AM,1189.0,21,24969.0,345096648.2
2025-08-01 10:47:43 AM,1189.6,0,0.0,345096648.2
2025-08-01 10:47:44 AM,1189.6,50,59479.99999999999,345156128.2
2025-08-01 10:47:57 AM,1189.0,84,99876.0,345256004.2
2025-08-01 10:48:00 AM,1189.0,19,22591.0,345278595.2
2025-08-01 10:48:03 AM,1188.9,0,0.0,345278595.2
2025-08-01 10:48:03 AM,1188.9,1,1188.9,345279784.09999996
2025-08-01 10:48:11 AM,1189.6,0,0.0,345279784.09999996
2025-08-01 10:48:11 AM,1189.6,43,51152.799999999996,345330936.9
2025-08-01 10:48:18 AM,1189.0,0,0.0,345330936.9
2025-08-01 10:48:19 AM,1189.0,1,1189.0,345332125.9
2025-08-01 10:48:22 AM,1189.0,20,23780.0,345355905.9
2025-08-01 10:48:24 AM,1189.5,0,0.0,345355905.9
2025-08-01 10:48:24 AM,1189.5,43,51148.5,345407054.4
2025-08-01 10:48:37 AM,1188.9,0,0.0,345407054.4
2025-08-01 10:48:38 AM,1188.9,93,110567.70000000001,345517622.09999996
2025-08-01 10:48:41 AM,1188.9,200,237780.00000000003,345755402.09999996
2025-08-01 10:48:45 AM,1189.0,0,0.0,345755402.09999996
2025-08-01 10:48:46 AM,1189.0,19,22591.0,345777993.09999996
2025-08-01 10:48:57 AM,1189.0,11,13079.0,345791072.09999996
2025-08-01 10:49:01 AM,1189.0,20,23780.0,345814852.09999996
2025-08-01 10:49:22 AM,1189.0,74,87986.0,345902838.09999996
2025-08-01 10:49:33 AM,1189.0,1,1189.0,345904027.09999996
2025-08-01 10:49:38 AM,1189.0,69,82041.0,345986068.09999996
2025-08-01 10:49:40 AM,1189.0,20,23780.0,346009848.09999996
2025-08-01 10:49:49 AM,1189.0,47,55883.0,346065731.09999996
2025-08-01 10:49:50 AM,1189.0,4,4756.0,346070487.09999996
2025-08-01 10:49:59 AM,1189.0,29,34481.0,346104968.09999996
2025-08-01 10:50:05 AM,1189.0,80,95120.0,346200088.09999996
2025-08-01 10:50:16 AM,1189.6,0,0.0,346200088.09999996
2025-08-01 10:50:16 AM,1189.6,47,55911.2,346255999.29999995
2025-08-01 10:50:17 AM,1189.0,1,1189.0,346257188.29999995
2025-08-01 10:50:22 AM,1189.0,20,23780.0,346280968.29999995
2025-08-01 10:50:27 AM,1189.0,1,1189.0,346282157.29999995
2025-08-01 10:50:39 AM,1188.9,1,1188.9,346283346.1999999
2025-08-01 10:50:45 AM,1189.0,0,0.0,346283346.1999999
2025-08-01 10:50:45 AM,1189.0,19,22591.0,346305937.1999999
2025-08-01 10:50:50 AM,1189.0,1,1189.0,346307126.1999999
2025-08-01 10:50:52 AM,1189.4,0,0.0,346307126.1999999
2025-08-01 10:50:56 AM,1189.4,45,53523.00000000001,346360649.1999999
2025-08-01 10:51:01 AM,1189.0,0,0.0,346360649.1999999
2025-08-01 10:51:02 AM,1189.0,21,24969.0,346385618.1999999
2025-08-01 10:51:03 AM,1189.4,0,0.0,346385618.1999999
2025-08-01 10:51:07 AM,1189.4,97,115371.8,346500989.99999994
2025-08-01 10:51:19 AM,1189.4,52,61848.8,346562838.79999995
2025-08-01 10:51:21 AM,1189.0,0,0.0,346562838.79999995
2025-08-01 10:51:23 AM,1189.3,0,0.0,346562838.79999995
2025-08-01 10:51:24 AM,1189.3,71,84440.3,346647279.09999996
2025-08-01 10:51:29 AM,1189.0,0,0.0,346647279.09999996
2025-08-01 10:51:29 AM,1189.0,4,4756.0,346652035.09999996
2025-08-01 10:51:35 AM,1189.0,52,61828.0,346713863.09999996
2025-08-01 10:51:40 AM,1189.0,126,149814.0,346863677.09999996
2025-08-01 10:51:46 AM,1189.0,62,73718.0,346937395.09999996
2025-08-01 10:51:56 AM,1189.0,101,120089.0,347057484.09999996
2025-08-01 10:52:02 AM,1189.0,231,274659.0,347332143.09999996
2025-08-01 10:52:07 AM,1189.0,2,2378.0,347334521.09999996
2025-08-01 10:52:12 AM,1189.0,131,155759.0,347490280.09999996
2025-08-01 10:52:18 AM,1189.8,52,61869.6,347552149.7
2025-08-01 10:52:21 AM,1189.0,0,0.0,347552149.7
2025-08-01 10:52:24 AM,1189.0,20,23780.0,347575929.7
2025-08-01 10:52:27 AM,1189.7,0,0.0,347575929.7
2025-08-01 10:52:29 AM,1189.7,52,61864.4,347637794.09999996
2025-08-01 10:52:34 AM,1189.7,52,61864.4,347699658.49999994
2025-08-01 10:52:37 AM,1189.0,0,0.0,347699658.49999994
2025-08-01 10:52:39 AM,1189.0,93,110577.0,347810235.49999994
2025-08-01 10:52:40 AM,1189.0,19,22591.0,347832826.49999994
2025-08-01 10:52:43 AM,1189.6,0,0.0,347832826.49999994
2025-08-01 10:52:45 AM,1189.6,42,49963.2,347882789.6999999
2025-08-01 10:52:48 AM,1189.0,0,0.0,347882789.6999999
2025-08-01 10:52:50 AM,1189.0,47,55883.0,347938672.6999999
2025-08-01 10:52:55 AM,1189.0,42,49938.0,347988610.6999999
2025-08-01 10:53:00 AM,1189.6,64,76134.4,348064745.0999999
2025-08-01 10:53:07 AM,1189.0,0,0.0,348064745.0999999
2025-08-01 10:53:07 AM,1189.0,42,49938.0,348114683.0999999
2025-08-01 10:53:11 AM,1189.0,1,1189.0,348115872.0999999
2025-08-01 10:53:12 AM,1189.7,42,49967.4,348165839.4999999
2025-08-01 10:53:15 AM,1189.0,0,0.0,348165839.4999999
2025-08-01 10:53:16 AM,1189.0,42,49938.0,348215777.4999999
2025-08-01 10:53:22 AM,1189.0,148,175972.0,348391749.4999999
2025-08-01 10:53:27 AM,1189.0,53,63017.0,348454766.4999999
2025-08-01 10:53:33 AM,1189.0,534,634926.0,349089692.4999999
2025-08-01 10:53:33 AM,1188.9,773,919019.7000000001,350008712.19999987
2025-08-01 10:53:35 AM,1189.0,0,0.0,350008712.19999987
2025-08-01 10:53:38 AM,1189.0,26,30914.0,350039626.19999987
2025-08-01 10:53:43 AM,1189.0,20,23780.0,350063406.19999987
2025-08-01 10:53:51 AM,1189.3,0,0.0,350063406.19999987
2025-08-01 10:53:53 AM,1189.0,0,0.0,350063406.19999987
2025-08-01 10:53:54 AM,1189.0,57,67773.0,350131179.19999987
2025-08-01 10:53:59 AM,1189.4,57,67795.8,350198974.9999999
2025-08-01 10:53:59 AM,1189.0,19,22591.0,350221565.9999999
2025-08-01 10:54:10 AM,1189.0,101,120089.0,350341654.9999999
2025-08-01 10:54:16 AM,1189.7,42,49967.4,350391622.39999986
2025-08-01 10:54:18 AM,1189.0,0,0.0,350391622.39999986
2025-08-01 10:54:21 AM,1189.0,24,28536.0,350420158.39999986
2025-08-01 10:54:26 AM,1189.0,52,61828.0,350481986.39999986
2025-08-01 10:54:31 AM,1189.0,49,58261.0,350540247.39999986
2025-08-01 10:54:37 AM,1189.0,42,49938.0,350590185.39999986
2025-08-01 10:54:42 AM,1189.0,66,78474.0,350668659.39999986
2025-08-01 10:54:47 AM,1189.0,3,3567.0,350672226.39999986
2025-08-01 10:54:48 AM,1189.0,79,93931.0,350766157.39999986
2025-08-01 10:55:03 AM,1189.0,291,345999.0,351112156.39999986
2025-08-01 10:55:08 AM,1189.0,274,325786.0,351437942.39999986
2025-08-01 10:55:13 AM,1189.0,45,53505.0,351491447.39999986
2025-08-01 10:55:14 AM,1189.6,48,57100.799999999996,351548548.19999987
2025-08-01 10:55:18 AM,1189.0,52,61828.0,351610376.19999987
2025-08-01 10:55:24 AM,1189.0,88,104632.0,351715008.19999987
2025-08-01 10:55:29 AM,1189.6,0,0.0,351715008.19999987
2025-08-01 10:55:30 AM,1189.6,48,57100.799999999996,351772108.9999999
2025-08-01 10:55:35 AM,1189.0,0,0.0,351772108.9999999
2025-08-01 10:55:35 AM,1189.6,0,0.0,351772108.9999999
2025-08-01 10:55:36 AM,1188.1,2275,2702927.5,354475036.4999999
2025-08-01 10:55:36 AM,1188.5,2,2377.0,354477413.4999999
2025-08-01 10:55:37 AM,1188.8,0,0.0,354477413.4999999
2025-08-01 10:55:38 AM,1189.0,0,0.0,354477413.4999999
2025-08-01 10:55:41 AM,1189.0,195,231855.0,354709268.4999999
2025-08-01 10:55:52 AM,1189.0,1,1189.0,354710457.4999999
2025-08-01 10:55:53 AM,1188.8,0,0.0,354710457.4999999
2025-08-01 10:55:57 AM,1188.8,1,1188.8,354711646.2999999
2025-08-01 10:56:02 AM,1189.0,0,0.0,354711646.2999999
2025-08-01 10:56:02 AM,1189.0,15,17835.0,354729481.2999999
2025-08-01 10:56:07 AM,1189.0,19,22591.0,354752072.2999999
2025-08-01 10:56:19 AM,1189.0,5,5945.0,354758017.2999999
2025-08-01 10:56:23 AM,1189.0,20,23780.0,354781797.2999999
2025-08-01 10:56:40 AM,1188.7,505,600293.5,355382090.7999999
2025-08-01 10:56:41 AM,1188.8,0,0.0,355382090.7999999
2025-08-01 10:56:44 AM,1188.8,24,28531.199999999997,355410621.9999999
2025-08-01 10:56:50 AM,1189.0,0,0.0,355410621.9999999
2025-08-01 10:56:51 AM,1189.0,4,4756.0,355415377.9999999
2025-08-01 10:57:00 AM,1189.0,20,23780.0,355439157.9999999
2025-08-01 10:57:21 AM,1189.0,19,22591.0,355461748.9999999
2025-08-01 10:57:42 AM,1189.0,21,24969.0,355486717.9999999
2025-08-01 10:57:48 AM,1189.0,100,118900.0,355605617.9999999
2025-08-01 10:58:03 AM,1189.0,22,26158.0,355631775.9999999
2025-08-01 10:58:19 AM,1189.0,1,1189.0,355632964.9999999
2025-08-01 10:58:20 AM,1189.0,20,23780.0,355656744.9999999
2025-08-01 10:58:31 AM,1188.8,0,0.0,355656744.9999999
2025-08-01 10:58:31 AM,1188.8,214,254403.19999999998,355911148.19999987
2025-08-01 10:58:47 AM,1189.0,0,0.0,355911148.19999987
2025-08-01 10:58:47 AM,1189.0,19,22591.0,355933739.19999987
2025-08-01 10:58:52 AM,1189.0,3,3567.0,355937306.19999987
2025-08-01 10:58:57 AM,1188.8,0,0.0,355937306.19999987
2025-08-01 10:58:58 AM,1188.8,40,47552.0,355984858.19999987
2025-08-01 10:59:03 AM,1189.0,0,0.0,355984858.19999987
2025-08-01 10:59:03 AM,1189.0,46,54694.0,356039552.19999987
2025-08-01 10:59:05 AM,1188.8,0,0.0,356039552.19999987
2025-08-01 10:59:08 AM,1188.8,269,319787.2,356359339.39999986
2025-08-01 10:59:17 AM,1189.0,0,0.0,356359339.39999986
2025-08-01 10:59:18 AM,1189.0,2,2378.0,356361717.39999986
2025-08-01 10:59:23 AM,1189.0,78,92742.0,356454459.39999986
2025-08-01 10:59:44 AM,1189.0,20,23780.0,356478239.39999986
2025-08-01 10:59:50 AM,1189.0,148,175972.0,356654211.39999986
2025-08-01 11:00:01 AM,1189.0,19,22591.0,356676802.39999986
2025-08-01 11:00:04 AM,1188.8,0,0.0,356676802.39999986
2025-08-01 11:00:07 AM,1188.8,1,1188.8,356677991.19999987
2025-08-01 11:00:11 AM,1189.0,0,0.0,356677991.19999987
2025-08-01 11:00:13 AM,1189.0,39,46371.0,356724362.19999987
2025-08-01 11:00:24 AM,1189.0,20,23780.0,356748142.19999987
2025-08-01 11:00:29 AM,1189.0,60,71340.0,356819482.19999987
2025-08-01 11:00:40 AM,1189.0,19,22591.0,356842073.19999987
2025-08-01 11:00:50 AM,1189.0,1,1189.0,356843262.19999987
2025-08-01 11:01:01 AM,1189.0,21,24969.0,356868231.19999987
2025-08-01 11:01:02 AM,1188.8,0,0.0,356868231.19999987
2025-08-01 11:01:06 AM,1188.8,483,574190.4,357442421.59999985
2025-08-01 11:01:12 AM,1189.0,3,3567.0,357445988.59999985
2025-08-01 11:01:22 AM,1189.0,19,22591.0,357468579.59999985
2025-08-01 11:01:30 AM,1188.8,0,0.0,357468579.59999985
2025-08-01 11:01:33 AM,1188.8,50,59440.0,357528019.59999985
2025-08-01 11:01:48 AM,1188.8,83,98670.4,357626689.9999998
2025-08-01 11:01:49 AM,1189.0,8,9512.0,357636201.9999998
2025-08-01 11:01:52 AM,1188.8,0,0.0,357636201.9999998
2025-08-01 11:01:53 AM,1188.7,0,0.0,357636201.9999998
2025-08-01 11:01:53 AM,1188.7,292,347100.4,357983302.3999998
2025-08-01 11:02:05 AM,1189.0,19,22591.0,358005893.3999998
2025-08-01 11:02:13 AM,1188.8,0,0.0,358005893.3999998
2025-08-01 11:02:14 AM,1188.8,209,248459.19999999998,358254352.5999998
2025-08-01 11:02:15 AM,1188.8,6,7132.799999999999,358261485.3999998
2025-08-01 11:02:20 AM,1188.8,20,23776.0,358285261.3999998
2025-08-01 11:02:25 AM,1188.8,23,27342.399999999998,358312603.7999998
2025-08-01 11:02:30 AM,1188.5,0,0.0,358312603.7999998
2025-08-01 11:02:31 AM,1188.5,544,646544.0,358959147.7999998
2025-08-01 11:02:32 AM,1188.5,22,26147.0,358985294.7999998
2025-08-01 11:02:37 AM,1188.5,21,24958.5,359010253.2999998
2025-08-01 11:02:42 AM,1188.5,28,33278.0,359043531.2999998
2025-08-01 11:02:52 AM,1188.7,0,0.0,359043531.2999998
2025-08-01 11:02:53 AM,1188.7,24,28528.800000000003,359072060.0999998
2025-08-01 11:02:54 AM,1188.7,2,2377.4,359074437.49999976
2025-08-01 11:02:55 AM,1188.8,0,0.0,359074437.49999976
2025-08-01 11:02:58 AM,1188.8,12,14265.599999999999,359088703.0999998
2025-08-01 11:02:59 AM,1188.8,20,23776.0,359112479.0999998
2025-08-01 11:03:03 AM,1188.8,33,39230.4,359151709.49999976
2025-08-01 11:03:08 AM,1188.2,0,0.0,359151709.49999976
2025-08-01 11:03:08 AM,1188.2,10,11882.0,359163591.49999976
2025-08-01 11:03:12 AM,1188.8,0,0.0,359163591.49999976
2025-08-01 11:03:13 AM,1188.8,10,11888.0,359175479.49999976
2025-08-01 11:03:18 AM,1188.8,6,7132.799999999999,359182612.2999998
2025-08-01 11:03:20 AM,1188.3,0,0.0,359182612.2999998
2025-08-01 11:03:20 AM,1188.3,20,23766.0,359206378.2999998
2025-08-01 11:03:23 AM,1188.8,0,0.0,359206378.2999998
2025-08-01 11:03:23 AM,1188.8,13,15454.4,359221832.69999975
2025-08-01 11:03:41 AM,1188.8,20,23776.0,359245608.69999975
2025-08-01 11:03:44 AM,1188.8,28,33286.4,359278895.0999997
2025-08-01 11:03:50 AM,1188.8,23,27342.399999999998,359306237.4999997
2025-08-01 11:03:52 AM,1188.8,27,32097.6,359338335.0999997
2025-08-01 11:03:58 AM,1188.8,35,41608.0,359379943.0999997
2025-08-01 11:04:00 AM,1189.0,5,5945.0,359385888.0999997
2025-08-01 11:04:03 AM,1188.8,38,45174.4,359431062.4999997
2025-08-01 11:04:05 AM,1189.0,4,4756.0,359435818.4999997
2025-08-01 11:04:21 AM,1189.0,21,24969.0,359460787.4999997
2025-08-01 11:04:23 AM,1189.0,8,9512.0,359470299.4999997
2025-08-01 11:04:26 AM,1189.0,5,5945.0,359476244.4999997
2025-08-01 11:04:38 AM,1189.0,1,1189.0,359477433.4999997
2025-08-01 11:04:41 AM,1189.0,68,80852.0,359558285.4999997
2025-08-01 11:04:47 AM,1189.0,5,5945.0,359564230.4999997
2025-08-01 11:04:52 AM,1189.0,47,55883.0,359620113.4999997
2025-08-01 11:04:58 AM,1189.0,208,247312.0,359867425.4999997
2025-08-01 11:05:03 AM,1189.0,25,29725.0,359897150.4999997
2025-08-01 11:05:05 AM,1189.0,52,61828.0,359958978.4999997
2025-08-01 11:05:09 AM,1189.0,4,4756.0,359963734.4999997
2025-08-01 11:05:14 AM,1189.1,0,0.0,359963734.4999997
2025-08-01 11:05:15 AM,1189.1,47,55887.7,360019622.1999997
2025-08-01 11:05:20 AM,1189.0,0,0.0,360019622.1999997
2025-08-01 11:05:21 AM,1189.0,22,26158.0,360045780.1999997
2025-08-01 11:05:26 AM,1189.1,0,0.0,360045780.1999997
2025-08-01 11:05:26 AM,1189.1,47,55887.7,360101667.8999997
2025-08-01 11:05:40 AM,1188.9,0,0.0,360101667.8999997
2025-08-01 11:05:41 AM,1188.9,520,618228.0,360719895.8999997
2025-08-01 11:05:46 AM,1189.0,0,0.0,360719895.8999997
2025-08-01 11:05:46 AM,1189.0,2,2378.0,360722273.8999997
2025-08-01 11:05:47 AM,1189.0,1,1189.0,360723462.8999997
2025-08-01 11:05:52 AM,1189.0,1,1189.0,360724651.8999997
2025-08-01 11:06:02 AM,1189.0,19,22591.0,360747242.8999997
2025-08-01 11:06:03 AM,1188.4,454,539533.6000000001,361286776.4999997
2025-08-01 11:06:06 AM,1188.7,0,0.0,361286776.4999997
2025-08-01 11:06:07 AM,1188.7,39,46359.3,361333135.7999997
2025-08-01 11:06:12 AM,1188.7,15,17830.5,361350966.2999997
2025-08-01 11:06:24 AM,1188.7,8,9509.6,361360475.89999974
2025-08-01 11:06:26 AM,1188.8,12,14265.599999999999,361374741.49999976
2025-08-01 11:06:31 AM,1188.8,11,13076.8,361387818.2999998
2025-08-01 11:06:37 AM,1188.7,1,1188.7,361389006.99999976
2025-08-01 11:06:45 AM,1188.8,0,0.0,361389006.99999976
2025-08-01 11:06:45 AM,1188.8,5,5944.0,361394950.99999976
2025-08-01 11:06:49 AM,1188.9,3,3566.7000000000003,361398517.69999975
2025-08-01 11:06:55 AM,1189.0,15,17835.0,361416352.69999975
2025-08-01 11:07:00 AM,1189.0,20,23780.0,361440132.69999975
2025-08-01 11:07:16 AM,1188.9,0,0.0,361440132.69999975
2025-08-01 11:07:16 AM,1188.9,10,11889.0,361452021.69999975
2025-08-01 11:07:25 AM,1189.0,0,0.0,361452021.69999975
2025-08-01 11:07:27 AM,1189.0,19,22591.0,361474612.69999975
2025-08-01 11:07:34 AM,1188.9,0,0.0,361474612.69999975
2025-08-01 11:07:38 AM,1188.8,0,0.0,361474612.69999975
2025-08-01 11:07:38 AM,1188.8,219,260347.19999999998,361734959.89999974
2025-08-01 11:07:43 AM,1188.8,144,171187.19999999998,361906147.0999997
2025-08-01 11:07:45 AM,1189.0,12,14268.0,361920415.0999997
2025-08-01 11:07:48 AM,1188.8,0,0.0,361920415.0999997
2025-08-01 11:07:49 AM,1188.8,86,102236.8,362022651.89999974
2025-08-01 11:07:50 AM,1188.8,12,14265.599999999999,362036917.49999976
2025-08-01 11:07:59 AM,1188.8,27,32097.6,362069015.0999998
2025-08-01 11:08:01 AM,1189.0,95,112955.0,362181970.0999998
2025-08-01 11:08:04 AM,1188.8,0,0.0,362181970.0999998
2025-08-01 11:08:05 AM,1188.8,18,21398.399999999998,362203368.49999976
2025-08-01 11:08:20 AM,1188.8,21,24964.8,362228333.2999998
2025-08-01 11:08:31 AM,1188.8,2,2377.6,362230710.8999998
2025-08-01 11:08:34 AM,1188.9,0,0.0,362230710.8999998
2025-08-01 11:08:36 AM,1188.9,352,418492.80000000005,362649203.6999998
2025-08-01 11:08:41 AM,1188.9,43,51122.700000000004,362700326.3999998
2025-08-01 11:08:46 AM,1188.9,1,1188.9,362701515.2999998
2025-08-01 11:08:48 AM,1189.0,0,0.0,362701515.2999998
2025-08-01 11:08:49 AM,1189.0,1000,1189000.0,363890515.2999998
2025-08-01 11:08:51 AM,1189.0,70,83230.0,363973745.2999998
2025-08-01 11:09:00 AM,1189.0,21,24969.0,363998714.2999998
2025-08-01 11:09:06 AM,1189.0,1,1189.0,363999903.2999998
2025-08-01 11:09:12 AM,1188.8,15,17832.0,364017735.2999998
2025-08-01 11:09:15 AM,1188.8,248,294822.39999999997,364312557.69999975
2025-08-01 11:09:17 AM,1188.6,0,0.0,364312557.69999975
2025-08-01 11:09:18 AM,1188.6,1674,1989716.4,366302274.0999997
2025-08-01 11:09:19 AM,1188.7,0,0.0,366302274.0999997
2025-08-01 11:09:20 AM,1188.7,8,9509.6,366311783.69999975
2025-08-01 11:09:26 AM,1189.0,73,86797.0,366398580.69999975
2025-08-01 11:09:31 AM,1189.0,67,79663.0,366478243.69999975
2025-08-01 11:09:42 AM,1189.0,21,24969.0,366503212.69999975
2025-08-01 11:09:53 AM,1188.7,11,13075.7,366516288.39999974
2025-08-01 11:10:05 AM,1189.0,19,22591.0,366538879.39999974
2025-08-01 11:10:19 AM,1189.0,20,23780.0,366562659.39999974
2025-08-01 11:10:41 AM,1189.0,68,80852.0,366643511.39999974
2025-08-01 11:10:47 AM,1189.0,5,5945.0,366649456.39999974
2025-08-01 11:10:48 AM,1189.0,1,1189.0,366650645.39999974
2025-08-01 11:10:58 AM,1189.0,54,64206.0,366714851.39999974
2025-08-01 11:11:14 AM,1189.0,101,120089.0,366834940.39999974
2025-08-01 11:11:20 AM,1189.0,3,3567.0,366838507.39999974
2025-08-01 11:11:25 AM,1189.0,29,34481.0,366872988.39999974
2025-08-01 11:11:36 AM,1189.0,83,98687.0,366971675.39999974
2025-08-01 11:11:42 AM,1189.0,15,17835.0,366989510.39999974
2025-08-01 11:11:47 AM,1189.0,47,55883.0,367045393.39999974
2025-08-01 11:11:57 AM,1189.0,3,3567.0,367048960.39999974
2025-08-01 11:12:08 AM,1189.0,76,90364.0,367139324.39999974
2025-08-01 11:12:13 AM,1189.0,1114,1324546.0,368463870.39999974
2025-08-01 11:12:14 AM,1189.0,1000,1189000.0,369652870.39999974
2025-08-01 11:12:19 AM,1189.0,705,838245.0,370491115.39999974
2025-08-01 11:12:25 AM,1189.0,25,29725.0,370520840.39999974
2025-08-01 11:12:29 AM,1189.0,107,127223.0,370648063.39999974
2025-08-01 11:12:30 AM,1189.0,4,4756.0,370652819.39999974
2025-08-01 11:12:35 AM,1189.0,29,34481.0,370687300.39999974
2025-08-01 11:12:44 AM,1188.6,0,0.0,370687300.39999974
2025-08-01 11:12:45 AM,1188.6,837,994858.2,371682158.5999997
2025-08-01 11:12:47 AM,1189.0,0,0.0,371682158.5999997
2025-08-01 11:12:50 AM,1189.0,5750,6836750.0,378518908.5999997
2025-08-01 11:12:55 AM,1188.9,0,0.0,378518908.5999997
2025-08-01 11:12:55 AM,1188.9,1,1188.9,378520097.4999997
2025-08-01 11:13:03 AM,1188.6,0,0.0,378520097.4999997
2025-08-01 11:13:04 AM,1188.9,0,0.0,378520097.4999997
2025-08-01 11:13:06 AM,1188.9,1335,1587181.5000000002,380107278.9999997
2025-08-01 11:13:11 AM,1188.9,2,2377.8,380109656.7999997
2025-08-01 11:13:18 AM,1189.0,0,0.0,380109656.7999997
2025-08-01 11:13:19 AM,1189.0,1,1189.0,380110845.7999997
2025-08-01 11:13:33 AM,1189.0,30,35670.0,380146515.7999997
2025-08-01 11:14:02 AM,1188.9,0,0.0,380146515.7999997
2025-08-01 11:14:04 AM,1189.0,0,0.0,380146515.7999997
2025-08-01 11:14:06 AM,1189.0,305,362645.0,380509160.7999997
2025-08-01 11:14:12 AM,1188.9,0,0.0,380509160.7999997
2025-08-01 11:14:13 AM,1188.9,1,1188.9,380510349.6999997
2025-08-01 11:14:34 AM,1189.0,0,0.0,380510349.6999997
2025-08-01 11:14:34 AM,1189.0,29,34481.0,380544830.6999997
2025-08-01 11:14:43 AM,1189.0,50,59450.0,380604280.6999997
2025-08-01 11:15:03 AM,1188.9,0,0.0,380604280.6999997
2025-08-01 11:15:06 AM,1188.9,476,565916.4,381170197.09999967
2025-08-01 11:15:14 AM,1189.0,0,0.0,381170197.09999967
2025-08-01 11:15:16 AM,1189.0,84,99876.0,381270073.09999967
2025-08-01 11:15:29 AM,1188.9,0,0.0,381270073.09999967
2025-08-01 11:15:32 AM,1188.9,63,74900.70000000001,381344973.79999965
2025-08-01 11:15:36 AM,1189.0,0,0.0,381344973.79999965
2025-08-01 11:15:37 AM,1189.0,107,127223.0,381472196.79999965
2025-08-01 11:15:48 AM,1189.0,8,9512.0,381481708.79999965
2025-08-01 11:15:53 AM,1189.0,105,124845.0,381606553.79999965
2025-08-01 11:16:04 AM,1189.0,131,155759.0,381762312.79999965
2025-08-01 11:16:15 AM,1188.8,272,323353.6,382085666.3999997
2025-08-01 11:16:18 AM,1189.0,0,0.0,382085666.3999997
2025-08-01 11:16:19 AM,1189.0,58,68962.0,382154628.3999997
2025-08-01 11:16:20 AM,1188.8,40,47552.0,382202180.3999997
2025-08-01 11:16:26 AM,1188.8,1,1188.8,382203369.1999997
2025-08-01 11:16:35 AM,1189.0,125,148625.0,382351994.1999997
2025-08-01 11:16:40 AM,1189.0,119,141491.0,382493485.1999997
2025-08-01 11:16:45 AM,1189.0,33,39237.0,382532722.1999997
2025-08-01 11:16:49 AM,1188.9,0,0.0,382532722.1999997
2025-08-01 11:16:50 AM,1188.9,1,1188.9,382533911.09999967
2025-08-01 11:16:58 AM,1189.0,0,0.0,382533911.09999967
2025-08-01 11:17:01 AM,1189.0,177,210453.0,382744364.09999967
2025-08-01 11:17:07 AM,1189.0,29,34481.0,382778845.09999967
2025-08-01 11:17:11 AM,1188.9,0,0.0,382778845.09999967
2025-08-01 11:17:12 AM,1188.9,111,131967.90000000002,382910812.99999964
2025-08-01 11:17:18 AM,1188.7,0,0.0,382910812.99999964
2025-08-01 11:17:18 AM,1188.6,0,0.0,382910812.99999964
2025-08-01 11:17:19 AM,1188.6,374,444536.39999999997,383355349.3999996
2025-08-01 11:17:22 AM,1188.6,15,17829.0,383373178.3999996
2025-08-01 11:17:33 AM,1188.9,29,34478.100000000006,383407656.49999964
2025-08-01 11:17:35 AM,1188.0,408,484704.0,383892360.49999964
2025-08-01 11:17:36 AM,1187.7,0,0.0,383892360.49999964
2025-08-01 11:17:38 AM,1187.7,20,23754.0,383916114.49999964
2025-08-01 11:18:05 AM,1187.7,100,118770.0,384034884.49999964
2025-08-01 11:18:10 AM,1188.7,0,0.0,384034884.49999964
2025-08-01 11:18:11 AM,1188.7,17,20207.9,384055092.3999996
2025-08-01 11:18:14 AM,1188.0,0,0.0,384055092.3999996
2025-08-01 11:18:16 AM,1188.0,11,13068.0,384068160.3999996
2025-08-01 11:18:18 AM,1188.7,1,1188.7,384069349.0999996
2025-08-01 11:18:34 AM,1188.8,0,0.0,384069349.0999996
2025-08-01 11:18:34 AM,1188.8,5,5944.0,384075293.0999996
2025-08-01 11:18:44 AM,1188.9,0,0.0,384075293.0999996
2025-08-01 11:18:44 AM,1188.9,63,74900.70000000001,384150193.7999996
2025-08-01 11:19:02 AM,1189.0,5,5945.0,384156138.7999996
2025-08-01 11:19:08 AM,1189.0,29,34481.0,384190619.7999996
2025-08-01 11:19:27 AM,1188.8,0,0.0,384190619.7999996
2025-08-01 11:19:29 AM,1189.0,111,131979.0,384322598.7999996
2025-08-01 11:19:33 AM,1188.8,0,0.0,384322598.7999996
2025-08-01 11:19:34 AM,1189.0,0,0.0,384322598.7999996
2025-08-01 11:19:35 AM,1189.0,33,39237.0,384361835.7999996
2025-08-01 11:19:39 AM,1188.6,0,0.0,384361835.7999996
2025-08-01 11:19:40 AM,1188.8,0,0.0,384361835.7999996
2025-08-01 11:19:40 AM,1188.8,525,624120.0,384985955.7999996
2025-08-01 11:19:46 AM,1188.8,1,1188.8,384987144.5999996
2025-08-01 11:20:05 AM,1189.0,0,0.0,384987144.5999996
2025-08-01 11:20:07 AM,1189.0,29,34481.0,385021625.5999996
2025-08-01 11:20:33 AM,1188.8,0,0.0,385021625.5999996
2025-08-01 11:20:34 AM,1188.8,185,219928.0,385241553.5999996
2025-08-01 11:20:34 AM,1188.8,6,7132.799999999999,385248686.3999996
2025-08-01 11:20:35 AM,1188.7,0,0.0,385248686.3999996
2025-08-01 11:20:37 AM,1188.8,0,0.0,385248686.3999996
2025-08-01 11:20:39 AM,1188.8,42,49929.6,385298615.99999964
2025-08-01 11:20:44 AM,1188.8,22,26153.6,385324769.59999967
2025-08-01 11:20:48 AM,1188.7,0,0.0,385324769.59999967
2025-08-01 11:20:49 AM,1188.8,64,76083.2,385400852.79999965
2025-08-01 11:21:04 AM,1188.8,42,49929.6,385450782.3999997
2025-08-01 11:21:06 AM,1188.7,0,0.0,385450782.3999997
2025-08-01 11:21:10 AM,1188.7,68,80831.6,385531613.9999997
2025-08-01 11:21:26 AM,1188.7,19,22585.3,385554199.2999997
2025-08-01 11:21:35 AM,1188.8,0,0.0,385554199.2999997
2025-08-01 11:21:36 AM,1188.8,29,34475.2,385588674.4999997
2025-08-01 11:21:39 AM,1188.7,0,0.0,385588674.4999997
2025-08-01 11:21:42 AM,1188.7,113,134323.1,385722997.5999997
2025-08-01 11:21:59 AM,1188.8,0,0.0,385722997.5999997
