date,price,qty,trnvr,cum_trnvr
2025-08-01 09:15:05 AM,179.79,4888,878813.52,878813.52
2025-08-01 09:15:07 AM,179.77,601,108041.77,986855.29
2025-08-01 09:15:14 AM,179.34,0,0.0,986855.29
2025-08-01 09:15:17 AM,179.34,447,80164.98,1067020.27
2025-08-01 09:15:24 AM,179.36,0,0.0,1067020.27
2025-08-01 09:15:26 AM,179.36,111,19908.960000000003,1086929.23
2025-08-01 09:15:34 AM,178.9,0,0.0,1086929.23
2025-08-01 09:15:35 AM,178.9,3930,703077.0,1790006.23
2025-08-01 09:15:59 AM,178.9,50,8945.0,1798951.23
2025-08-01 09:16:01 AM,178.53,236,42133.08,1841084.31
2025-08-01 09:16:04 AM,178.78,0,0.0,1841084.31
2025-08-01 09:16:08 AM,178.0,1920,341760.0,2182844.31
2025-08-01 09:16:08 AM,178.49,0,0.0,2182844.31
2025-08-01 09:16:09 AM,178.49,600,107094.0,2289938.31
2025-08-01 09:16:12 AM,177.5,0,0.0,2289938.31
2025-08-01 09:16:16 AM,177.95,2699,480287.05,2770225.36
2025-08-01 09:16:17 AM,177.44,846,150114.24,2920339.5999999996
2025-08-01 09:16:29 AM,177.7,0,0.0,2920339.5999999996
2025-08-01 09:16:32 AM,177.7,1,177.7,2920517.3
2025-08-01 09:16:34 AM,177.51,408,72424.08,2992941.38
2025-08-01 09:16:39 AM,177.69,0,0.0,2992941.38
2025-08-01 09:16:41 AM,177.69,100,17769.0,3010710.38
2025-08-01 09:16:42 AM,177.7,319,56686.299999999996,3067396.6799999997
2025-08-01 09:16:57 AM,177.55,78,13848.900000000001,3081245.5799999996
2025-08-01 09:17:05 AM,178.0,736,131008.0,3212253.5799999996
2025-08-01 09:17:07 AM,177.86,98,17430.280000000002,3229683.8599999994
2025-08-01 09:17:14 AM,177.73,160,28436.8,3258120.659999999
2025-08-01 09:17:23 AM,177.98,10,1779.8,3259900.459999999
2025-08-01 09:17:25 AM,177.8,0,0.0,3259900.459999999
2025-08-01 09:17:30 AM,177.8,15,2667.0,3262567.459999999
2025-08-01 09:17:35 AM,178.02,0,0.0,3262567.459999999
2025-08-01 09:17:38 AM,177.8,635,112903.0,3375470.459999999
2025-08-01 09:17:41 AM,177.73,0,0.0,3375470.459999999
2025-08-01 09:17:43 AM,177.78,0,0.0,3375470.459999999
2025-08-01 09:17:47 AM,177.78,672,119468.16,3494938.619999999
2025-08-01 09:17:59 AM,177.76,0,0.0,3494938.619999999
2025-08-01 09:18:03 AM,178.01,2872,511244.72,4006183.339999999
2025-08-01 09:18:04 AM,177.99,142,25274.58,4031457.919999999
2025-08-01 09:18:07 AM,177.85,0,0.0,4031457.919999999
2025-08-01 09:18:12 AM,177.85,576,102441.59999999999,4133899.519999999
2025-08-01 09:18:20 AM,177.98,19,3381.62,4137281.139999999
2025-08-01 09:18:21 AM,177.97,280,49831.6,4187112.7399999993
2025-08-01 09:18:23 AM,177.98,0,0.0,4187112.7399999993
2025-08-01 09:18:28 AM,178.01,523,93099.23,4280211.97
2025-08-01 09:18:39 AM,178.07,0,0.0,4280211.97
2025-08-01 09:18:44 AM,177.92,492,87536.64,4367748.609999999
2025-08-01 09:19:03 AM,178.0,0,0.0,4367748.609999999
2025-08-01 09:19:09 AM,178.2,1737,309533.39999999997,4677282.01
2025-08-01 09:19:10 AM,178.6,1488,265756.8,4943038.81
2025-08-01 09:19:17 AM,178.6,52,9287.199999999999,4952326.01
2025-08-01 09:19:26 AM,178.36,23,4102.280000000001,4956428.29
2025-08-01 09:19:35 AM,178.55,10,1785.5,4958213.79
2025-08-01 09:19:40 AM,178.37,0,0.0,4958213.79
2025-08-01 09:19:41 AM,178.37,11,1962.0700000000002,4960175.86
2025-08-01 09:20:21 AM,178.5,554,98889.0,5059064.86
2025-08-01 09:20:36 AM,178.56,0,0.0,5059064.86
2025-08-01 09:20:37 AM,178.56,8,1428.48,5060493.340000001
2025-08-01 09:20:45 AM,178.56,1,178.56,5060671.9
2025-08-01 09:21:00 AM,178.56,76,13570.56,5074242.46
2025-08-01 09:21:00 AM,178.82,0,0.0,5074242.46
2025-08-01 09:21:01 AM,178.82,1300,232466.0,5306708.46
2025-08-01 09:21:04 AM,178.73,0,0.0,5306708.46
2025-08-01 09:21:08 AM,178.79,327,58464.329999999994,5365172.79
2025-08-01 09:21:13 AM,178.74,0,0.0,5365172.79
2025-08-01 09:21:16 AM,178.74,5,893.7,5366066.49
2025-08-01 09:21:25 AM,178.82,300,53646.0,5419712.49
2025-08-01 09:21:31 AM,178.85,497,88888.45,5508600.94
2025-08-01 09:21:34 AM,178.8,0,0.0,5508600.94
2025-08-01 09:21:37 AM,179.28,0,0.0,5508600.94
2025-08-01 09:21:39 AM,179.34,261,46807.74,5555408.680000001
2025-08-01 09:21:53 AM,179.5,0,0.0,5555408.680000001
2025-08-01 09:21:54 AM,179.5,1463,262608.5,5818017.180000001
2025-08-01 09:21:55 AM,179.44,30,5383.2,5823400.380000001
2025-08-01 09:22:02 AM,179.52,11,1974.72,5825375.100000001
2025-08-01 09:22:07 AM,179.72,0,0.0,5825375.100000001
2025-08-01 09:22:09 AM,179.72,510,91657.2,5917032.300000001
2025-08-01 09:22:11 AM,179.63,1,179.63,5917211.930000001
2025-08-01 09:22:14 AM,179.86,0,0.0,5917211.930000001
2025-08-01 09:22:17 AM,179.86,10,1798.6000000000001,5919010.53
2025-08-01 09:22:25 AM,179.86,15,2697.9,5921708.430000001
2025-08-01 09:22:32 AM,179.85,5293,951946.0499999999,6873654.48
2025-08-01 09:22:32 AM,179.5,0,0.0,6873654.48
2025-08-01 09:22:34 AM,179.5,349,62645.5,6936299.98
2025-08-01 09:22:40 AM,179.74,380,68301.2,7004601.180000001
2025-08-01 09:22:52 AM,179.57,0,0.0,7004601.180000001
2025-08-01 09:22:55 AM,179.5,1796,322382.0,7326983.180000001
2025-08-01 09:22:57 AM,179.43,52,9330.36,7336313.540000001
2025-08-01 09:22:59 AM,179.28,0,0.0,7336313.540000001
2025-08-01 09:23:03 AM,179.28,330,59162.4,7395475.940000001
2025-08-01 09:23:12 AM,179.27,1000,179270.0,7574745.940000001
2025-08-01 09:23:15 AM,179.41,0,0.0,7574745.940000001
2025-08-01 09:23:18 AM,179.41,1117,200400.97,7775146.910000001
2025-08-01 09:23:27 AM,179.12,1,179.12,7775326.030000001
2025-08-01 09:23:33 AM,178.85,1089,194767.65,7970093.680000002
2025-08-01 09:23:34 AM,178.7,0,0.0,7970093.680000002
2025-08-01 09:23:35 AM,178.7,304,54324.799999999996,8024418.480000001
2025-08-01 09:23:40 AM,179.0,0,0.0,8024418.480000001
2025-08-01 09:23:41 AM,179.0,960,171840.0,8196258.480000001
2025-08-01 09:23:56 AM,179.0,6,1074.0,8197332.480000001
2025-08-01 09:24:37 AM,179.36,0,0.0,8197332.480000001
2025-08-01 09:24:42 AM,179.36,2000,358720.0,8556052.48
2025-08-01 09:24:43 AM,179.32,0,0.0,8556052.48
2025-08-01 09:24:44 AM,179.32,25,4483.0,8560535.48
2025-08-01 09:25:06 AM,179.03,500,89515.0,8650050.48
2025-08-01 09:25:10 AM,179.3,0,0.0,8650050.48
2025-08-01 09:25:12 AM,179.3,500,89650.0,8739700.48
2025-08-01 09:25:17 AM,179.29,0,0.0,8739700.48
2025-08-01 09:25:19 AM,179.29,10,1792.8999999999999,8741493.38
2025-08-01 09:25:34 AM,179.31,175,31379.25,8772872.63
2025-08-01 09:25:42 AM,179.35,100,17935.0,8790807.63
2025-08-01 09:25:44 AM,179.55,1300,233415.00000000003,9024222.63
2025-08-01 09:25:57 AM,179.25,800,143400.0,9167622.63
2025-08-01 09:26:04 AM,179.45,252,45221.399999999994,9212844.030000001
2025-08-01 09:26:11 AM,179.41,0,0.0,9212844.030000001
2025-08-01 09:26:12 AM,179.41,100,17941.0,9230785.030000001
2025-08-01 09:26:17 AM,179.61,0,0.0,9230785.030000001
2025-08-01 09:26:20 AM,179.45,130,23328.5,9254113.530000001
2025-08-01 09:26:27 AM,179.88,1686,303277.68,9557391.21
2025-08-01 09:26:35 AM,180.0,2265,407700.0,9965091.21
2025-08-01 09:26:41 AM,180.58,0,0.0,9965091.21
2025-08-01 09:26:43 AM,180.52,180,32493.600000000002,9997584.81
2025-08-01 09:26:47 AM,180.5,0,0.0,9997584.81
2025-08-01 09:26:50 AM,180.69,81,14635.89,10012220.700000001
2025-08-01 09:26:52 AM,180.48,1500,270720.0,10282940.700000001
2025-08-01 09:26:54 AM,180.52,0,0.0,10282940.700000001
2025-08-01 09:26:57 AM,180.67,0,0.0,10282940.700000001
2025-08-01 09:26:58 AM,180.67,370,66847.9,10349788.600000001
2025-08-01 09:26:59 AM,180.69,277,50051.13,10399839.730000002
2025-08-01 09:27:07 AM,180.72,299,54035.28,10453875.010000002
2025-08-01 09:27:08 AM,180.69,0,0.0,10453875.010000002
2025-08-01 09:27:13 AM,180.8,1280,231424.0,10685299.010000002
2025-08-01 09:27:18 AM,180.57,0,0.0,10685299.010000002
2025-08-01 09:27:20 AM,180.57,100,18057.0,10703356.010000002
2025-08-01 09:27:27 AM,180.54,40,7221.599999999999,10710577.610000001
2025-08-01 09:27:29 AM,180.52,544,98202.88,10808780.490000002
2025-08-01 09:27:35 AM,180.52,300,54156.0,10862936.490000002
2025-08-01 09:27:38 AM,180.54,0,0.0,10862936.490000002
2025-08-01 09:27:39 AM,180.52,0,0.0,10862936.490000002
2025-08-01 09:27:42 AM,180.52,911,164453.72,11027390.210000003
2025-08-01 09:27:44 AM,180.32,0,0.0,11027390.210000003
2025-08-01 09:27:50 AM,180.32,26,4688.32,11032078.530000003
2025-08-01 09:27:52 AM,180.02,1168,210263.36000000002,11242341.890000002
2025-08-01 09:27:58 AM,180.01,0,0.0,11242341.890000002
2025-08-01 09:27:59 AM,180.01,62,11160.619999999999,11253502.510000002
2025-08-01 09:28:03 AM,179.93,0,0.0,11253502.510000002
2025-08-01 09:28:06 AM,179.93,1049,188746.57,11442249.080000002
2025-08-01 09:28:07 AM,179.82,45,8091.9,11450340.980000002
2025-08-01 09:28:15 AM,179.68,11,1976.48,11452317.460000003
2025-08-01 09:28:17 AM,179.45,0,0.0,11452317.460000003
2025-08-01 09:28:21 AM,179.45,1699,304885.55,11757203.010000004
2025-08-01 09:28:22 AM,179.52,87,15618.240000000002,11772821.250000004
2025-08-01 09:28:28 AM,178.28,0,0.0,11772821.250000004
2025-08-01 09:28:29 AM,178.28,28617,5101838.76,16874660.010000005
2025-08-01 09:28:30 AM,178.0,5488,976864.0,17851524.010000005
2025-08-01 09:28:33 AM,177.92,0,0.0,17851524.010000005
2025-08-01 09:28:36 AM,177.92,10,1779.1999999999998,17853303.210000005
2025-08-01 09:28:37 AM,177.96,1974,351293.04000000004,18204596.250000004
2025-08-01 09:28:43 AM,178.0,0,0.0,18204596.250000004
2025-08-01 09:28:44 AM,178.0,388,69064.0,18273660.250000004
2025-08-01 09:28:45 AM,178.0,6,1068.0,18274728.250000004
2025-08-01 09:28:55 AM,178.12,0,0.0,18274728.250000004
2025-08-01 09:28:59 AM,178.12,640,113996.8,18388725.050000004
2025-08-01 09:29:06 AM,178.0,0,0.0,18388725.050000004
2025-08-01 09:29:07 AM,178.0,88,15664.0,18404389.050000004
2025-08-01 09:29:08 AM,178.05,25,4451.25,18408840.300000004
2025-08-01 09:29:18 AM,178.08,0,0.0,18408840.300000004
2025-08-01 09:29:22 AM,178.08,347,61793.76,18470634.060000006
2025-08-01 09:29:27 AM,178.27,0,0.0,18470634.060000006
2025-08-01 09:29:31 AM,178.27,25,4456.75,18475090.810000006
2025-08-01 09:29:37 AM,178.0,1075,191350.0,18666440.810000006
2025-08-01 09:29:37 AM,177.99,0,0.0,18666440.810000006
2025-08-01 09:29:38 AM,177.99,163,29012.370000000003,18695453.180000007
2025-08-01 09:29:42 AM,178.02,0,0.0,18695453.180000007
2025-08-01 09:29:44 AM,178.02,15,2670.3,18698123.480000008
2025-08-01 09:29:53 AM,178.02,90,16021.800000000001,18714145.28000001
2025-08-01 09:29:58 AM,177.9,0,0.0,18714145.28000001
2025-08-01 09:29:59 AM,177.9,917,163134.30000000002,18877279.58000001
2025-08-01 09:30:00 AM,177.8,20,3556.0,18880835.58000001
2025-08-01 09:30:05 AM,177.86,0,0.0,18880835.58000001
2025-08-01 09:30:07 AM,177.86,14,2490.04,18883325.62000001
2025-08-01 09:30:15 AM,177.83,15,2667.4500000000003,18885993.070000008
2025-08-01 09:30:16 AM,177.55,3224,572421.2000000001,19458414.270000007
2025-08-01 09:30:19 AM,177.24,0,0.0,19458414.270000007
2025-08-01 09:30:22 AM,177.24,1826,323640.24,19782054.510000005
2025-08-01 09:30:26 AM,177.14,0,0.0,19782054.510000005
2025-08-01 09:30:30 AM,177.14,89,15765.46,19797819.970000006
2025-08-01 09:30:33 AM,177.26,0,0.0,19797819.970000006
2025-08-01 09:30:37 AM,177.31,530,93974.3,19891794.270000007
2025-08-01 09:30:51 AM,177.31,1250,221637.5,20113431.770000007
2025-08-01 09:31:06 AM,177.31,401,71101.31,20184533.080000006
2025-08-01 09:31:28 AM,177.3,28,4964.400000000001,20189497.480000004
2025-08-01 09:31:46 AM,177.13,0,0.0,20189497.480000004
2025-08-01 09:31:49 AM,177.13,34,6022.42,20195519.900000006
2025-08-01 09:32:17 AM,177.29,34,6027.86,20201547.760000005
2025-08-01 09:32:24 AM,177.16,0,0.0,20201547.760000005
2025-08-01 09:32:25 AM,177.16,300,53148.0,20254695.760000005
2025-08-01 09:32:31 AM,177.3,10,1773.0,20256468.760000005
2025-08-01 09:32:38 AM,177.3,116,20566.800000000003,20277035.560000006
2025-08-01 09:32:45 AM,177.3,52,9219.6,20286255.160000008
2025-08-01 09:32:52 AM,177.34,25,4433.5,20290688.660000008
2025-08-01 09:32:59 AM,177.3,52,9219.6,20299908.26000001
2025-08-01 09:33:06 AM,177.34,0,0.0,20299908.26000001
2025-08-01 09:33:06 AM,177.34,25,4433.5,20304341.76000001
2025-08-01 09:33:12 AM,177.3,0,0.0,20304341.76000001
2025-08-01 09:33:13 AM,177.3,64,11347.2,20315688.96000001
2025-08-01 09:33:20 AM,177.33,25,4433.25,20320122.21000001
2025-08-01 09:33:22 AM,177.3,0,0.0,20320122.21000001
2025-08-01 09:33:27 AM,177.3,25,4432.5,20324554.71000001
2025-08-01 09:33:34 AM,177.3,140,24822.0,20349376.71000001
2025-08-01 09:33:41 AM,177.3,10,1773.0,20351149.71000001
2025-08-01 09:34:01 AM,177.33,59,10462.470000000001,20361612.180000007
2025-08-01 09:34:07 AM,177.52,0,0.0,20361612.180000007
2025-08-01 09:34:09 AM,177.52,1857,329654.64,20691266.820000008
2025-08-01 09:34:20 AM,177.36,0,0.0,20691266.820000008
2025-08-01 09:34:23 AM,177.36,10,1773.6000000000001,20693040.42000001
2025-08-01 09:34:27 AM,177.66,0,0.0,20693040.42000001
2025-08-01 09:34:30 AM,177.5,0,0.0,20693040.42000001
2025-08-01 09:34:30 AM,177.63,1883,334477.29,21027517.71000001
2025-08-01 09:34:37 AM,177.64,50,8882.0,21036399.71000001
2025-08-01 09:34:43 AM,177.65,26,4618.900000000001,21041018.610000007
2025-08-01 09:34:52 AM,177.7,0,0.0,21041018.610000007
2025-08-01 09:34:56 AM,177.46,0,0.0,21041018.610000007
2025-08-01 09:34:57 AM,177.46,809,143565.14,21184583.750000007
2025-08-01 09:35:02 AM,177.63,0,0.0,21184583.750000007
2025-08-01 09:35:04 AM,177.63,37,6572.3099999999995,21191156.060000006
2025-08-01 09:35:11 AM,177.63,15,2664.45,21193820.510000005
2025-08-01 09:35:16 AM,177.62,0,0.0,21193820.510000005
2025-08-01 09:35:18 AM,177.62,25,4440.5,21198261.010000005
2025-08-01 09:35:22 AM,177.61,0,0.0,21198261.010000005
2025-08-01 09:35:25 AM,177.61,1,177.61,21198438.620000005
2025-08-01 09:35:46 AM,177.61,75,13320.750000000002,21211759.370000005
2025-08-01 09:35:53 AM,177.61,214,38008.54,21249767.910000004
2025-08-01 09:35:56 AM,177.6,0,0.0,21249767.910000004
2025-08-01 09:35:59 AM,177.63,103,18295.89,21268063.800000004
2025-08-01 09:36:06 AM,177.63,50,8881.5,21276945.300000004
2025-08-01 09:36:09 AM,177.6,0,0.0,21276945.300000004
2025-08-01 09:36:13 AM,177.6,3,532.8,21277478.100000005
2025-08-01 09:36:25 AM,177.58,0,0.0,21277478.100000005
2025-08-01 09:36:26 AM,177.58,168,29833.440000000002,21307311.540000007
2025-08-01 09:36:57 AM,177.63,0,0.0,21307311.540000007
2025-08-01 09:36:59 AM,177.63,11,1953.9299999999998,21309265.470000006
2025-08-01 09:37:06 AM,177.63,1,177.63,21309443.100000005
2025-08-01 09:37:13 AM,177.63,1,177.63,21309620.730000004
2025-08-01 09:37:20 AM,177.63,7,1243.4099999999999,21310864.140000004
2025-08-01 09:37:27 AM,177.63,2,355.26,21311219.400000006
2025-08-01 09:37:47 AM,177.52,501,88937.52,21400156.920000006
2025-08-01 09:38:11 AM,177.21,0,0.0,21400156.920000006
2025-08-01 09:38:14 AM,177.21,1000,177210.0,21577366.920000006
2025-08-01 09:38:21 AM,177.41,15,2661.15,21580028.070000004
2025-08-01 09:38:34 AM,177.41,12,2128.92,21582156.990000006
2025-08-01 09:38:54 AM,177.41,50,8870.5,21591027.490000006
2025-08-01 09:39:07 AM,177.27,0,0.0,21591027.490000006
2025-08-01 09:39:07 AM,177.27,100,17727.0,21608754.490000006
2025-08-01 09:39:12 AM,177.26,0,0.0,21608754.490000006
2025-08-01 09:39:14 AM,177.26,13,2304.38,21611058.870000005
2025-08-01 09:39:26 AM,177.2,0,0.0,21611058.870000005
2025-08-01 09:39:28 AM,177.2,180,31895.999999999996,21642954.870000005
2025-08-01 09:39:41 AM,177.28,3,531.84,21643486.710000005
2025-08-01 09:39:54 AM,177.28,45,7977.6,21651464.310000006
2025-08-01 09:40:00 AM,177.28,5,886.4,21652350.710000005
2025-08-01 09:40:02 AM,177.04,0,0.0,21652350.710000005
2025-08-01 09:40:06 AM,176.69,0,0.0,21652350.710000005
2025-08-01 09:40:07 AM,176.69,10257,1812309.33,23464660.040000007
2025-08-01 09:40:10 AM,176.5,0,0.0,23464660.040000007
2025-08-01 09:40:14 AM,176.5,874,154261.0,23618921.040000007
2025-08-01 09:40:14 AM,176.25,0,0.0,23618921.040000007
2025-08-01 09:40:20 AM,176.25,33,5816.25,23624737.290000007
2025-08-01 09:40:21 AM,176.44,500,88220.0,23712957.290000007
2025-08-01 09:40:23 AM,175.95,0,0.0,23712957.290000007
2025-08-01 09:40:25 AM,176.22,0,0.0,23712957.290000007
2025-08-01 09:40:27 AM,176.23,1631,287431.13,24000388.420000006
2025-08-01 09:40:28 AM,176.13,0,0.0,24000388.420000006
2025-08-01 09:40:33 AM,176.13,167,29413.71,24029802.130000006
2025-08-01 09:40:46 AM,176.32,527,92920.64,24122722.770000007
2025-08-01 09:40:47 AM,176.33,6,1057.98,24123780.750000007
2025-08-01 09:41:06 AM,176.47,664,117176.08,24240956.830000006
2025-08-01 09:41:07 AM,176.48,46,8118.08,24249074.910000004
2025-08-01 09:41:09 AM,176.42,0,0.0,24249074.910000004
2025-08-01 09:41:13 AM,176.42,500,88210.0,24337284.910000004
2025-08-01 09:41:26 AM,176.61,550,97135.50000000001,24434420.410000004
2025-08-01 09:41:53 AM,176.54,10,1765.3999999999999,24436185.810000002
2025-08-01 09:42:01 AM,176.5,0,0.0,24436185.810000002
2025-08-01 09:42:05 AM,176.5,50,8825.0,24445010.810000002
2025-08-01 09:42:12 AM,176.5,1,176.5,24445187.310000002
2025-08-01 09:42:19 AM,176.5,1000,176500.0,24621687.310000002
2025-08-01 09:42:20 AM,176.59,2015,355828.85000000003,24977516.160000004
2025-08-01 09:42:22 AM,176.48,0,0.0,24977516.160000004
2025-08-01 09:42:25 AM,176.48,2,352.96,24977869.120000005
2025-08-01 09:42:38 AM,176.59,129,22780.11,25000649.230000004
2025-08-01 09:42:44 AM,176.51,0,0.0,25000649.230000004
2025-08-01 09:42:45 AM,176.51,169,29830.19,25030479.420000006
2025-08-01 09:43:05 AM,176.66,1386,244850.76,25275330.180000007
2025-08-01 09:44:08 AM,176.64,0,0.0,25275330.180000007
2025-08-01 09:44:11 AM,176.74,1377,243370.98,25518701.160000008
2025-08-01 09:44:20 AM,176.83,0,0.0,25518701.160000008
2025-08-01 09:44:24 AM,176.83,500,88415.0,25607116.160000008
2025-08-01 09:44:30 AM,176.67,200,35334.0,25642450.160000008
2025-08-01 09:44:40 AM,177.0,0,0.0,25642450.160000008
2025-08-01 09:44:43 AM,177.0,4058,718266.0,26360716.160000008
2025-08-01 09:44:56 AM,177.0,250,44250.0,26404966.160000008
2025-08-01 09:45:16 AM,177.0,505,89385.0,26494351.160000008
2025-08-01 09:45:20 AM,176.98,0,0.0,26494351.160000008
2025-08-01 09:45:22 AM,176.98,50,8849.0,26503200.160000008
2025-08-01 09:45:41 AM,176.84,20,3536.8,26506736.96000001
2025-08-01 09:45:43 AM,176.77,358,63283.66,26570020.62000001
2025-08-01 09:45:48 AM,176.76,25,4419.0,26574439.62000001
2025-08-01 09:45:54 AM,176.55,0,0.0,26574439.62000001
2025-08-01 09:45:55 AM,176.55,200,35310.0,26609749.62000001
2025-08-01 09:46:02 AM,176.69,0,0.0,26609749.62000001
2025-08-01 09:46:07 AM,176.73,150,26509.5,26636259.12000001
2025-08-01 09:46:33 AM,176.56,0,0.0,26636259.12000001
2025-08-01 09:46:33 AM,176.56,200,35312.0,26671571.12000001
2025-08-01 09:47:02 AM,176.55,0,0.0,26671571.12000001
2025-08-01 09:47:04 AM,176.55,19,3354.4500000000003,26674925.570000008
2025-08-01 09:47:34 AM,176.66,0,0.0,26674925.570000008
2025-08-01 09:47:36 AM,176.66,10,1766.6,26676692.17000001
2025-08-01 09:48:02 AM,176.67,4,706.68,26677398.85000001
2025-08-01 09:48:12 AM,176.5,0,0.0,26677398.85000001
2025-08-01 09:48:12 AM,176.56,0,0.0,26677398.85000001
2025-08-01 09:48:15 AM,176.55,2109,372343.95,27049742.80000001
2025-08-01 09:48:20 AM,176.41,0,0.0,27049742.80000001
2025-08-01 09:48:24 AM,176.4,0,0.0,27049742.80000001
2025-08-01 09:48:24 AM,176.4,86,15170.4,27064913.200000007
2025-08-01 09:50:06 AM,176.5,46,8119.0,27073032.200000007
2025-08-01 09:50:07 AM,176.33,0,0.0,27073032.200000007
2025-08-01 09:50:10 AM,176.33,2586,455989.38,27529021.580000006
2025-08-01 09:50:15 AM,176.3,0,0.0,27529021.580000006
2025-08-01 09:50:16 AM,176.3,313,55181.9,27584203.480000004
2025-08-01 09:50:25 AM,176.19,5,880.95,27585084.430000003
2025-08-01 09:51:02 AM,176.28,0,0.0,27585084.430000003
2025-08-01 09:51:02 AM,176.28,40,7051.2,27592135.630000003
2025-08-01 09:51:08 AM,176.28,5,881.4,27593017.03
2025-08-01 09:51:27 AM,176.21,365,64316.65,27657333.68
2025-08-01 09:51:47 AM,176.28,0,0.0,27657333.68
2025-08-01 09:51:50 AM,176.28,140,24679.2,27682012.88
2025-08-01 09:52:24 AM,176.28,22,3878.16,27685891.04
2025-08-01 09:52:30 AM,176.28,50,8814.0,27694705.04
2025-08-01 09:52:32 AM,176.11,0,0.0,27694705.04
2025-08-01 09:52:33 AM,176.11,1686,296921.46,27991626.5
2025-08-01 09:52:54 AM,176.08,1000,176080.0,28167706.5
2025-08-01 09:52:56 AM,176.07,0,0.0,28167706.5
2025-08-01 09:52:57 AM,176.07,84,14789.88,28182496.38
2025-08-01 09:53:05 AM,176.02,0,0.0,28182496.38
2025-08-01 09:53:08 AM,176.1,0,0.0,28182496.38
2025-08-01 09:53:09 AM,176.1,17,2993.7,28185490.08
2025-08-01 09:53:24 AM,176.13,0,0.0,28185490.08
2025-08-01 09:53:24 AM,176.13,352,61997.759999999995,28247487.84
2025-08-01 09:53:57 AM,176.01,0,0.0,28247487.84
2025-08-01 09:53:59 AM,176.01,31,5456.3099999999995,28252944.15
2025-08-01 09:54:03 AM,176.1,0,0.0,28252944.15
2025-08-01 09:54:05 AM,176.1,66,11622.6,28264566.75
2025-08-01 09:54:12 AM,176.01,0,0.0,28264566.75
2025-08-01 09:54:13 AM,176.01,32,5632.32,28270199.07
2025-08-01 09:54:15 AM,176.14,0,0.0,28270199.07
2025-08-01 09:54:18 AM,176.14,194,34171.159999999996,28304370.23
2025-08-01 09:54:43 AM,176.14,30,5284.2,28309654.43
2025-08-01 09:54:49 AM,176.14,50,8807.0,28318461.43
2025-08-01 09:54:58 AM,176.1,0,0.0,28318461.43
2025-08-01 09:55:00 AM,176.1,34,5987.4,28324448.83
2025-08-01 09:55:06 AM,176.14,20,3522.7999999999997,28327971.63
2025-08-01 09:55:23 AM,176.0,0,0.0,28327971.63
2025-08-01 09:55:24 AM,176.0,500,88000.0,28415971.63
2025-08-01 09:55:37 AM,175.98,249,43819.02,28459790.65
2025-08-01 09:55:42 AM,175.95,100,17595.0,28477385.65
2025-08-01 09:55:46 AM,175.75,0,0.0,28477385.65
2025-08-01 09:55:49 AM,175.75,192,33744.0,28511129.65
2025-08-01 09:55:54 AM,175.61,0,0.0,28511129.65
2025-08-01 09:55:54 AM,175.61,15,2634.15,28513763.799999997
2025-08-01 09:55:57 AM,175.77,0,0.0,28513763.799999997
2025-08-01 09:56:00 AM,175.77,26,4570.02,28518333.819999997
2025-08-01 09:56:13 AM,175.55,0,0.0,28518333.819999997
2025-08-01 09:56:13 AM,175.55,2009,352679.95,28871013.769999996
2025-08-01 09:56:15 AM,175.45,0,0.0,28871013.769999996
2025-08-01 09:56:17 AM,175.31,0,0.0,28871013.769999996
2025-08-01 09:56:18 AM,175.31,2139,374988.09,29246001.859999996
2025-08-01 09:56:21 AM,175.67,0,0.0,29246001.859999996
2025-08-01 09:56:24 AM,175.73,6091,1070371.43,30316373.289999995
2025-08-01 09:56:25 AM,175.52,0,0.0,30316373.289999995
2025-08-01 09:56:25 AM,175.52,38,6669.76,30323043.049999997
2025-08-01 09:56:27 AM,175.63,0,0.0,30323043.049999997
2025-08-01 09:56:30 AM,175.36,0,0.0,30323043.049999997
2025-08-01 09:56:30 AM,175.36,795,139411.2,30462454.249999996
2025-08-01 09:56:33 AM,175.77,0,0.0,30462454.249999996
2025-08-01 09:56:35 AM,175.76,1064,187008.63999999998,30649462.889999997
2025-08-01 09:56:36 AM,175.57,182,31953.739999999998,30681416.629999995
2025-08-01 09:57:08 AM,175.66,38,6675.08,30688091.709999993
2025-08-01 09:57:44 AM,175.66,29,5094.14,30693185.849999994
2025-08-01 09:57:59 AM,175.66,26,4567.16,30697753.009999994
2025-08-01 09:58:02 AM,175.66,50,8783.0,30706536.009999994
2025-08-01 09:58:24 AM,175.66,34,5972.44,30712508.449999996
2025-08-01 09:58:32 AM,175.63,5,878.15,30713386.599999994
2025-08-01 09:58:51 AM,175.63,8,1405.04,30714791.639999993
2025-08-01 09:58:55 AM,175.64,0,0.0,30714791.639999993
2025-08-01 09:58:57 AM,175.6,190,33364.0,30748155.639999993
2025-08-01 09:59:00 AM,175.64,36,6323.039999999999,30754478.679999992
2025-08-01 09:59:25 AM,175.64,26,4566.639999999999,30759045.319999993
2025-08-01 09:59:52 AM,175.6,0,0.0,30759045.319999993
2025-08-01 09:59:53 AM,175.6,210,36876.0,30795921.319999993
2025-08-01 09:59:56 AM,175.6,5,878.0,30796799.319999993
2025-08-01 10:00:02 AM,175.55,0,0.0,30796799.319999993
2025-08-01 10:00:02 AM,175.55,2,351.1,30797150.419999994
2025-08-01 10:00:08 AM,175.5,27,4738.5,30801888.919999994
2025-08-01 10:00:09 AM,175.44,0,0.0,30801888.919999994
2025-08-01 10:00:11 AM,175.44,1,175.44,30802064.359999996
2025-08-01 10:00:15 AM,175.49,5,877.45,30802941.809999995
2025-08-01 10:00:28 AM,175.43,0,0.0,30802941.809999995
2025-08-01 10:00:28 AM,175.43,651,114204.93000000001,30917146.739999995
2025-08-01 10:00:43 AM,175.18,85,14890.300000000001,30932037.039999995
2025-08-01 10:00:52 AM,175.14,0,0.0,30932037.039999995
2025-08-01 10:00:53 AM,175.14,1,175.14,30932212.179999996
2025-08-01 10:00:59 AM,175.14,5,875.6999999999999,30933087.879999995
2025-08-01 10:01:04 AM,175.28,0,0.0,30933087.879999995
2025-08-01 10:01:05 AM,175.28,75,13146.0,30946233.879999995
2025-08-01 10:01:09 AM,175.24,0,0.0,30946233.879999995
2025-08-01 10:01:09 AM,175.24,14,2453.36,30948687.239999995
2025-08-01 10:01:15 AM,175.38,0,0.0,30948687.239999995
2025-08-01 10:01:15 AM,175.38,352,61733.759999999995,31010420.999999996
2025-08-01 10:01:35 AM,175.59,0,0.0,31010420.999999996
2025-08-01 10:01:36 AM,175.59,935,164176.65,31174597.649999995
2025-08-01 10:01:44 AM,175.6,0,0.0,31174597.649999995
2025-08-01 10:01:46 AM,175.6,20,3512.0,31178109.649999995
2025-08-01 10:02:25 AM,175.61,640,112390.40000000001,31290500.049999993
2025-08-01 10:02:28 AM,175.6,0,0.0,31290500.049999993
2025-08-01 10:02:30 AM,175.6,64,11238.4,31301738.44999999
2025-08-01 10:02:36 AM,175.61,2,351.22,31302089.66999999
2025-08-01 10:02:47 AM,175.76,0,0.0,31302089.66999999
2025-08-01 10:02:51 AM,175.76,50,8788.0,31310877.66999999
2025-08-01 10:02:55 AM,175.75,0,0.0,31310877.66999999
2025-08-01 10:02:55 AM,175.75,32,5624.0,31316501.66999999
2025-08-01 10:03:08 AM,175.75,26,4569.5,31321071.16999999
2025-08-01 10:03:14 AM,175.75,1,175.75,31321246.91999999
2025-08-01 10:03:21 AM,175.75,500,87875.0,31409121.91999999
2025-08-01 10:03:23 AM,175.74,0,0.0,31409121.91999999
2025-08-01 10:03:23 AM,175.74,10,1757.4,31410879.31999999
2025-08-01 10:03:31 AM,175.53,0,0.0,31410879.31999999
2025-08-01 10:03:31 AM,175.54,0,0.0,31410879.31999999
2025-08-01 10:03:34 AM,175.54,125,21942.5,31432821.81999999
2025-08-01 10:03:40 AM,175.54,100,17554.0,31450375.81999999
2025-08-01 10:03:59 AM,175.34,0,0.0,31450375.81999999
2025-08-01 10:03:59 AM,175.34,208,36470.72,31486846.539999988
2025-08-01 10:04:01 AM,175.58,171,30024.180000000004,31516870.719999988
2025-08-01 10:04:11 AM,175.39,0,0.0,31516870.719999988
2025-08-01 10:04:11 AM,175.39,12,2104.68,31518975.399999987
2025-08-01 10:04:57 AM,175.31,0,0.0,31518975.399999987
2025-08-01 10:04:57 AM,175.31,53,9291.43,31528266.829999987
2025-08-01 10:05:28 AM,175.5,0,0.0,31528266.829999987
2025-08-01 10:05:28 AM,175.5,1102,193401.0,31721667.829999987
2025-08-01 10:06:08 AM,175.5,1000,175500.0,31897167.829999987
2025-08-01 10:06:12 AM,175.41,0,0.0,31897167.829999987
2025-08-01 10:06:14 AM,175.41,80,14032.8,31911200.629999988
2025-08-01 10:06:25 AM,175.34,1,175.34,31911375.969999988
2025-08-01 10:06:27 AM,175.25,0,0.0,31911375.969999988
2025-08-01 10:06:28 AM,175.25,1,175.25,31911551.219999988
2025-08-01 10:06:44 AM,175.2,1,175.2,31911726.419999987
2025-08-01 10:06:46 AM,175.1,260,45526.0,31957252.419999987
2025-08-01 10:07:18 AM,175.11,0,0.0,31957252.419999987
2025-08-01 10:07:21 AM,175.11,2,350.22,31957602.639999986
2025-08-01 10:07:35 AM,175.3,0,0.0,31957602.639999986
2025-08-01 10:07:35 AM,175.3,500,87650.0,32045252.639999986
2025-08-01 10:07:39 AM,175.1,0,0.0,32045252.639999986
2025-08-01 10:07:39 AM,175.1,76,13307.6,32058560.239999987
2025-08-01 10:07:45 AM,175.29,0,0.0,32058560.239999987
2025-08-01 10:07:45 AM,175.29,1442,252768.18,32311328.419999987
2025-08-01 10:07:49 AM,175.27,0,0.0,32311328.419999987
2025-08-01 10:07:52 AM,175.27,180,31548.600000000002,32342877.01999999
2025-08-01 10:08:12 AM,175.27,20,3505.4,32346382.419999987
2025-08-01 10:08:18 AM,175.12,0,0.0,32346382.419999987
2025-08-01 10:08:18 AM,175.12,1900,332728.0,32679110.419999987
2025-08-01 10:08:34 AM,175.2,0,0.0,32679110.419999987
2025-08-01 10:08:37 AM,175.2,100,17520.0,32696630.419999987
2025-08-01 10:09:00 AM,175.31,0,0.0,32696630.419999987
2025-08-01 10:09:00 AM,175.31,1,175.31,32696805.729999986
2025-08-01 10:09:04 AM,175.31,50,8765.5,32705571.229999986
2025-08-01 10:09:22 AM,175.31,1,175.31,32705746.539999984
2025-08-01 10:09:40 AM,175.31,5,876.55,32706623.089999985
2025-08-01 10:09:41 AM,175.23,75,13142.25,32719765.339999985
2025-08-01 10:10:50 AM,175.23,95,16646.85,32736412.189999986
2025-08-01 10:10:56 AM,175.31,1203,210897.93,32947310.119999986
2025-08-01 10:11:06 AM,175.42,0,0.0,32947310.119999986
2025-08-01 10:11:08 AM,175.42,91,15963.22,32963273.339999985
2025-08-01 10:11:15 AM,175.42,100,17542.0,32980815.339999985
2025-08-01 10:11:30 AM,175.48,0,0.0,32980815.339999985
2025-08-01 10:11:31 AM,175.61,461,80956.21,33061771.549999986
2025-08-01 10:11:36 AM,175.88,0,0.0,33061771.549999986
2025-08-01 10:11:37 AM,175.88,10759,1892292.92,34954064.469999984
2025-08-01 10:11:42 AM,175.91,0,0.0,34954064.469999984
2025-08-01 10:11:42 AM,175.91,3,527.73,34954592.19999998
2025-08-01 10:11:50 AM,176.26,2142,377548.92,35332141.11999998
2025-08-01 10:11:51 AM,176.29,0,0.0,35332141.11999998
2025-08-01 10:11:54 AM,176.29,20,3525.7999999999997,35335666.91999998
2025-08-01 10:11:55 AM,176.24,319,56220.560000000005,35391887.47999998
2025-08-01 10:13:00 AM,176.45,0,0.0,35391887.47999998
2025-08-01 10:13:04 AM,176.42,0,0.0,35391887.47999998
2025-08-01 10:13:04 AM,176.42,1216,214526.71999999997,35606414.19999998
2025-08-01 10:13:05 AM,176.4,115,20286.0,35626700.19999998
2025-08-01 10:13:10 AM,176.4,11,1940.4,35628640.59999998
2025-08-01 10:13:11 AM,176.4,104,18345.600000000002,35646986.19999998
2025-08-01 10:13:33 AM,176.39,0,0.0,35646986.19999998
2025-08-01 10:13:33 AM,176.39,1,176.39,35647162.58999998
2025-08-01 10:13:40 AM,176.39,1,176.39,35647338.97999998
2025-08-01 10:13:45 AM,176.38,0,0.0,35647338.97999998
2025-08-01 10:13:46 AM,176.38,1,176.38,35647515.359999985
2025-08-01 10:13:52 AM,176.38,1,176.38,35647691.73999999
2025-08-01 10:13:58 AM,176.38,1,176.38,35647868.11999999
2025-08-01 10:14:18 AM,176.18,0,0.0,35647868.11999999
2025-08-01 10:14:20 AM,176.18,250,44045.0,35691913.11999999
2025-08-01 10:14:21 AM,176.25,54,9517.5,35701430.61999999
2025-08-01 10:14:27 AM,176.14,0,0.0,35701430.61999999
2025-08-01 10:14:27 AM,176.14,5,880.6999999999999,35702311.31999999
2025-08-01 10:14:33 AM,176.15,0,0.0,35702311.31999999
2025-08-01 10:14:33 AM,176.15,2,352.3,35702663.61999999
2025-08-01 10:14:45 AM,176.15,8,1409.2,35704072.81999999
2025-08-01 10:14:50 AM,176.14,0,0.0,35704072.81999999
2025-08-01 10:14:50 AM,176.14,3,528.42,35704601.239999995
2025-08-01 10:15:00 AM,176.22,0,0.0,35704601.239999995
2025-08-01 10:15:01 AM,176.22,100,17622.0,35722223.239999995
2025-08-01 10:15:12 AM,176.22,29,5110.38,35727333.62
2025-08-01 10:15:27 AM,176.14,0,0.0,35727333.62
2025-08-01 10:15:30 AM,176.14,2121,373592.93999999994,36100926.559999995
2025-08-01 10:15:31 AM,175.81,189,33228.090000000004,36134154.65
2025-08-01 10:15:33 AM,175.98,0,0.0,36134154.65
2025-08-01 10:15:37 AM,175.98,165,29036.699999999997,36163191.35
2025-08-01 10:15:37 AM,175.88,21,3693.48,36166884.83
2025-08-01 10:15:51 AM,175.75,0,0.0,36166884.83
2025-08-01 10:15:55 AM,175.75,500,87875.0,36254759.83
2025-08-01 10:15:55 AM,175.72,60,10543.2,36265303.03
2025-08-01 10:16:08 AM,175.86,0,0.0,36265303.03
2025-08-01 10:16:12 AM,175.86,6,1055.16,36266358.19
2025-08-01 10:16:35 AM,175.86,16,2813.76,36269171.949999996
2025-08-01 10:16:59 AM,175.7,0,0.0,36269171.949999996
2025-08-01 10:17:03 AM,175.7,86,15110.199999999999,36284282.15
2025-08-01 10:17:44 AM,175.72,0,0.0,36284282.15
2025-08-01 10:17:44 AM,175.72,10,1757.2,36286039.35
2025-08-01 10:17:50 AM,175.72,25,4393.0,36290432.35
2025-08-01 10:18:09 AM,175.71,0,0.0,36290432.35
2025-08-01 10:18:13 AM,175.71,8,1405.68,36291838.03
2025-08-01 10:18:42 AM,175.71,44,7731.240000000001,36299569.27
2025-08-01 10:18:48 AM,175.71,68,11948.28,36311517.550000004
2025-08-01 10:18:51 AM,175.7,0,0.0,36311517.550000004
2025-08-01 10:18:53 AM,175.7,1723,302731.1,36614248.650000006
2025-08-01 10:20:48 AM,175.5,0,0.0,36614248.650000006
2025-08-01 10:20:48 AM,175.5,60,10530.0,36624778.650000006
2025-08-01 10:22:08 AM,175.7,851,149520.69999999998,36774299.35000001
2025-08-01 10:22:09 AM,175.65,0,0.0,36774299.35000001
2025-08-01 10:22:12 AM,175.65,26,4566.900000000001,36778866.25000001
2025-08-01 10:22:27 AM,176.46,10479,1849124.34,38627990.59000001
2025-08-01 10:22:27 AM,176.53,0,0.0,38627990.59000001
2025-08-01 10:22:30 AM,176.5,0,0.0,38627990.59000001
2025-08-01 10:22:30 AM,176.5,635,112077.5,38740068.09000001
2025-08-01 10:22:33 AM,176.34,0,0.0,38740068.09000001
2025-08-01 10:22:36 AM,176.34,509,89757.06,38829825.15000001
2025-08-01 10:22:57 AM,176.33,0,0.0,38829825.15000001
2025-08-01 10:22:57 AM,176.33,75,13224.750000000002,38843049.90000001
2025-08-01 10:23:02 AM,176.2,0,0.0,38843049.90000001
2025-08-01 10:23:02 AM,176.2,39,6871.799999999999,38849921.70000001
2025-08-01 10:23:11 AM,176.48,0,0.0,38849921.70000001
2025-08-01 10:23:11 AM,176.48,500,88240.0,38938161.70000001
2025-08-01 10:23:12 AM,176.2,0,0.0,38938161.70000001
2025-08-01 10:23:14 AM,176.2,41,7224.2,38945385.90000001
2025-08-01 10:23:20 AM,176.4,0,0.0,38945385.90000001
2025-08-01 10:23:20 AM,176.4,86,15170.4,38960556.30000001
2025-08-01 10:23:35 AM,176.42,0,0.0,38960556.30000001
2025-08-01 10:23:37 AM,176.42,80,14113.599999999999,38974669.90000001
2025-08-01 10:24:02 AM,176.46,254,44820.840000000004,39019490.74000002
2025-08-01 10:24:23 AM,176.42,0,0.0,39019490.74000002
2025-08-01 10:24:25 AM,176.42,12,2117.04,39021607.780000016
2025-08-01 10:25:29 AM,176.57,6,1059.42,39022667.20000002
2025-08-01 10:26:01 AM,176.57,1865,329303.05,39351970.250000015
2025-08-01 10:26:19 AM,176.55,0,0.0,39351970.250000015
2025-08-01 10:26:22 AM,176.55,1262,222806.1,39574776.35000002
2025-08-01 10:26:24 AM,176.46,0,0.0,39574776.35000002
2025-08-01 10:26:24 AM,176.46,166,29292.36,39604068.710000016
2025-08-01 10:26:46 AM,176.7,0,0.0,39604068.710000016
2025-08-01 10:26:47 AM,176.7,7340,1296978.0,40901046.710000016
2025-08-01 10:26:51 AM,176.45,0,0.0,40901046.710000016
2025-08-01 10:26:53 AM,176.45,1050,185272.5,41086319.210000016
2025-08-01 10:26:57 AM,176.42,0,0.0,41086319.210000016
2025-08-01 10:26:58 AM,176.57,0,0.0,41086319.210000016
2025-08-01 10:26:59 AM,176.57,250,44142.5,41130461.710000016
2025-08-01 10:27:05 AM,176.23,2284,402509.31999999995,41532971.030000016
2025-08-01 10:27:09 AM,176.32,0,0.0,41532971.030000016
2025-08-01 10:27:11 AM,176.32,375,66120.0,41599091.030000016
2025-08-01 10:27:15 AM,176.15,0,0.0,41599091.030000016
2025-08-01 10:27:16 AM,176.15,45,7926.75,41607017.780000016
2025-08-01 10:28:49 AM,176.43,2000,352860.0,41959877.780000016
2025-08-01 10:28:55 AM,176.15,0,0.0,41959877.780000016
2025-08-01 10:28:55 AM,176.15,166,29240.9,41989118.680000015
2025-08-01 10:29:27 AM,176.16,0,0.0,41989118.680000015
2025-08-01 10:29:28 AM,176.16,3,528.48,41989647.16000001
2025-08-01 10:29:31 AM,176.15,0,0.0,41989647.16000001
2025-08-01 10:29:31 AM,176.15,5,880.75,41990527.91000001
2025-08-01 10:29:53 AM,176.15,67,11802.050000000001,42002329.96000001
2025-08-01 10:29:59 AM,176.15,4,704.6,42003034.56000001
2025-08-01 10:30:04 AM,176.24,0,0.0,42003034.56000001
2025-08-01 10:30:04 AM,176.24,27,4758.4800000000005,42007793.04000001
2025-08-01 10:30:24 AM,176.24,15,2643.6000000000004,42010436.64000001
2025-08-01 10:30:35 AM,176.26,0,0.0,42010436.64000001
2025-08-01 10:30:36 AM,176.27,159,28026.93,42038463.57000001
2025-08-01 10:31:36 AM,176.29,100,17629.0,42056092.57000001
2025-08-01 10:32:13 AM,176.29,2000,352580.0,42408672.57000001
2025-08-01 10:32:16 AM,176.28,157,27675.96,42436348.53000001
2025-08-01 10:32:21 AM,176.31,0,0.0,42436348.53000001
2025-08-01 10:32:22 AM,176.31,9,1586.79,42437935.32000001
2025-08-01 10:32:35 AM,176.43,306,53987.58,42491922.900000006
2025-08-01 10:32:50 AM,176.31,100,17631.0,42509553.900000006
2025-08-01 10:33:07 AM,176.31,200,35262.0,42544815.900000006
2025-08-01 10:34:52 AM,176.36,0,0.0,42544815.900000006
2025-08-01 10:34:54 AM,176.36,9,1587.2400000000002,42546403.14000001
2025-08-01 10:35:01 AM,176.47,0,0.0,42546403.14000001
2025-08-01 10:35:02 AM,176.47,200,35294.0,42581697.14000001
2025-08-01 10:35:22 AM,176.37,0,0.0,42581697.14000001
2025-08-01 10:35:22 AM,176.37,4,705.48,42582402.620000005
2025-08-01 10:35:33 AM,176.46,0,0.0,42582402.620000005
2025-08-01 10:35:34 AM,176.46,14,2470.44,42584873.06
2025-08-01 10:35:37 AM,176.54,0,0.0,42584873.06
2025-08-01 10:35:39 AM,176.54,30,5296.2,42590169.260000005
2025-08-01 10:35:54 AM,176.48,0,0.0,42590169.260000005
2025-08-01 10:35:55 AM,176.14,0,0.0,42590169.260000005
2025-08-01 10:35:56 AM,176.14,1187,209078.18,42799247.440000005
2025-08-01 10:35:57 AM,176.0,0,0.0,42799247.440000005
2025-08-01 10:35:58 AM,176.13,0,0.0,42799247.440000005
2025-08-01 10:35:58 AM,176.13,107,18845.91,42818093.35
2025-08-01 10:36:03 AM,176.06,0,0.0,42818093.35
2025-08-01 10:36:04 AM,176.06,14,2464.84,42820558.190000005
2025-08-01 10:36:15 AM,176.17,0,0.0,42820558.190000005
2025-08-01 10:36:15 AM,176.17,30,5285.099999999999,42825843.29000001
2025-08-01 10:37:27 AM,176.06,65,11443.9,42837287.190000005
2025-08-01 10:37:44 AM,176.0,0,0.0,42837287.190000005
2025-08-01 10:37:44 AM,176.0,100,17600.0,42854887.190000005
2025-08-01 10:38:23 AM,176.01,0,0.0,42854887.190000005
2025-08-01 10:38:25 AM,176.01,14,2464.14,42857351.330000006
2025-08-01 10:39:39 AM,176.0,0,0.0,42857351.330000006
2025-08-01 10:39:42 AM,176.0,145,25520.0,42882871.330000006
2025-08-01 10:40:37 AM,176.0,526,92576.0,42975447.330000006
2025-08-01 10:40:38 AM,175.73,0,0.0,42975447.330000006
2025-08-01 10:40:40 AM,175.73,49,8610.769999999999,42984058.10000001
2025-08-01 10:40:44 AM,175.69,0,0.0,42984058.10000001
2025-08-01 10:40:48 AM,175.69,36,6324.84,42990382.94000001
2025-08-01 10:40:50 AM,175.79,0,0.0,42990382.94000001
2025-08-01 10:40:51 AM,175.79,235,41310.65,43031693.59000001
2025-08-01 10:40:54 AM,176.01,0,0.0,43031693.59000001
2025-08-01 10:40:54 AM,176.01,364,64067.64,43095761.23000001
2025-08-01 10:41:15 AM,176.0,0,0.0,43095761.23000001
2025-08-01 10:41:16 AM,176.0,100,17600.0,43113361.23000001
2025-08-01 10:41:39 AM,176.01,0,0.0,43113361.23000001
2025-08-01 10:41:39 AM,176.01,9,1584.09,43114945.320000015
2025-08-01 10:42:28 AM,176.09,570,100371.3,43215316.62000001
2025-08-01 10:42:30 AM,176.0,40,7040.0,43222356.62000001
2025-08-01 10:42:39 AM,176.0,50,8800.0,43231156.62000001
2025-08-01 10:43:07 AM,176.0,30,5280.0,43236436.62000001
2025-08-01 10:43:15 AM,176.0,100,17600.0,43254036.62000001
2025-08-01 10:43:18 AM,176.0,100,17600.0,43271636.62000001
2025-08-01 10:43:29 AM,176.0,100,17600.0,43289236.62000001
2025-08-01 10:44:05 AM,175.89,0,0.0,43289236.62000001
2025-08-01 10:44:05 AM,175.89,80,14071.199999999999,43303307.820000015
2025-08-01 10:44:07 AM,176.0,0,0.0,43303307.820000015
2025-08-01 10:44:08 AM,176.0,5,880.0,43304187.820000015
2025-08-01 10:44:30 AM,175.94,10,1759.4,43305947.22000001
2025-08-01 10:44:31 AM,176.0,0,0.0,43305947.22000001
2025-08-01 10:44:32 AM,176.0,50,8800.0,43314747.22000001
2025-08-01 10:45:08 AM,176.0,8,1408.0,43316155.22000001
2025-08-01 10:45:19 AM,176.0,15,2640.0,43318795.22000001
2025-08-01 10:45:43 AM,175.94,20,3518.8,43322314.02000001
2025-08-01 10:45:48 AM,175.86,0,0.0,43322314.02000001
2025-08-01 10:45:48 AM,175.86,24,4220.64,43326534.66000001
2025-08-01 10:45:51 AM,175.86,41,7210.26,43333744.92000001
2025-08-01 10:45:59 AM,175.93,0,0.0,43333744.92000001
2025-08-01 10:45:59 AM,175.93,30,5277.900000000001,43339022.82000001
2025-08-01 10:46:45 AM,175.84,0,0.0,43339022.82000001
2025-08-01 10:46:45 AM,175.84,60,10550.4,43349573.220000006
2025-08-01 10:47:09 AM,175.85,0,0.0,43349573.220000006
2025-08-01 10:47:12 AM,175.85,500,87925.0,43437498.220000006
2025-08-01 10:47:13 AM,175.7,23,4041.1,43441539.32000001
2025-08-01 10:48:22 AM,175.72,0,0.0,43441539.32000001
2025-08-01 10:48:24 AM,175.72,1,175.72,43441715.04000001
2025-08-01 10:49:59 AM,175.72,14,2460.08,43444175.120000005
2025-08-01 10:50:27 AM,175.72,7,1230.04,43445405.160000004
2025-08-01 10:50:30 AM,175.79,0,0.0,43445405.160000004
2025-08-01 10:50:33 AM,175.79,29,5097.91,43450503.07
2025-08-01 10:50:44 AM,175.79,100,17579.0,43468082.07
2025-08-01 10:50:50 AM,175.79,2,351.58,43468433.65
2025-08-01 10:51:02 AM,175.7,91,15988.699999999999,43484422.35
2025-08-01 10:52:52 AM,175.58,0,0.0,43484422.35
2025-08-01 10:52:55 AM,175.58,6,1053.48,43485475.83
2025-08-01 10:53:35 AM,175.59,0,0.0,43485475.83
2025-08-01 10:53:38 AM,175.59,3,526.77,43486002.6
2025-08-01 10:53:53 AM,175.6,0,0.0,43486002.6
2025-08-01 10:53:54 AM,175.6,10,1756.0,43487758.6
2025-08-01 10:54:16 AM,175.56,250,43890.0,43531648.6
2025-08-01 10:54:58 AM,175.56,47,8251.32,43539899.92
2025-08-01 10:55:03 AM,175.72,0,0.0,43539899.92
2025-08-01 10:55:03 AM,175.72,200,35144.0,43575043.92
2025-08-01 10:56:34 AM,175.66,0,0.0,43575043.92
2025-08-01 10:56:35 AM,175.66,5,878.3,43575922.22
2025-08-01 10:57:26 AM,175.66,1,175.66,43576097.879999995
2025-08-01 10:57:43 AM,175.5,1548,271674.0,43847771.879999995
2025-08-01 10:57:45 AM,175.51,0,0.0,43847771.879999995
2025-08-01 10:57:48 AM,175.51,50,8775.5,43856547.379999995
2025-08-01 10:58:43 AM,175.65,0,0.0,43856547.379999995
2025-08-01 10:58:47 AM,175.65,200,35130.0,43891677.379999995
2025-08-01 10:58:55 AM,175.64,0,0.0,43891677.379999995
2025-08-01 10:58:58 AM,175.64,100,17564.0,43909241.379999995
2025-08-01 10:59:03 AM,175.64,15,2634.6,43911875.98
2025-08-01 10:59:13 AM,175.51,60,10530.599999999999,43922406.58
2025-08-01 11:01:32 AM,175.65,0,0.0,43922406.58
2025-08-01 11:01:32 AM,175.65,3,526.95,43922933.53
2025-08-01 11:02:36 AM,175.66,0,0.0,43922933.53
2025-08-01 11:02:37 AM,175.66,8,1405.28,43924338.81
2025-08-01 11:02:40 AM,175.76,0,0.0,43924338.81
2025-08-01 11:02:42 AM,175.76,67,11775.92,43936114.730000004
2025-08-01 11:03:04 AM,175.65,0,0.0,43936114.730000004
2025-08-01 11:03:04 AM,175.65,309,54275.85,43990390.580000006
2025-08-01 11:03:05 AM,176.0,0,0.0,43990390.580000006
2025-08-01 11:03:08 AM,176.0,779,137104.0,44127494.580000006
2025-08-01 11:03:25 AM,176.28,50,8814.0,44136308.580000006
2025-08-01 11:03:36 AM,176.11,232,40857.520000000004,44177166.10000001
2025-08-01 11:03:41 AM,176.48,420,74121.59999999999,44251287.70000001
2025-08-01 11:04:17 AM,176.31,0,0.0,44251287.70000001
2025-08-01 11:04:18 AM,176.31,869,153213.39,44404501.09000001
2025-08-01 11:04:20 AM,176.43,0,0.0,44404501.09000001
2025-08-01 11:04:21 AM,176.43,134,23641.620000000003,44428142.71000001
2025-08-01 11:04:24 AM,176.39,0,0.0,44428142.71000001
2025-08-01 11:04:26 AM,176.39,5,881.9499999999999,44429024.66000001
2025-08-01 11:04:31 AM,176.39,2,352.78,44429377.44000001
2025-08-01 11:04:58 AM,176.45,0,0.0,44429377.44000001
2025-08-01 11:04:59 AM,176.45,1,176.45,44429553.890000015
2025-08-01 11:05:19 AM,176.45,200,35290.0,44464843.890000015
2025-08-01 11:05:40 AM,176.45,5,882.25,44465726.140000015
2025-08-01 11:05:58 AM,176.45,9,1588.05,44467314.19000001
2025-08-01 11:06:12 AM,176.45,1,176.45,44467490.640000015
2025-08-01 11:06:20 AM,176.81,0,0.0,44467490.640000015
2025-08-01 11:06:23 AM,176.81,1196,211464.76,44678955.40000001
2025-08-01 11:06:32 AM,176.85,0,0.0,44678955.40000001
2025-08-01 11:06:32 AM,176.85,100,17685.0,44696640.40000001
2025-08-01 11:06:47 AM,176.9,0,0.0,44696640.40000001
2025-08-01 11:06:49 AM,176.9,494,87388.6,44784029.000000015
2025-08-01 11:07:01 AM,176.9,24,4245.6,44788274.60000002
2025-08-01 11:07:40 AM,176.87,0,0.0,44788274.60000002
2025-08-01 11:07:43 AM,176.87,3,530.61,44788805.210000016
2025-08-01 11:08:02 AM,176.9,0,0.0,44788805.210000016
2025-08-01 11:08:05 AM,176.9,174,30780.600000000002,44819585.81000002
2025-08-01 11:08:08 AM,176.87,0,0.0,44819585.81000002
2025-08-01 11:08:10 AM,176.87,54,9550.98,44829136.790000014
2025-08-01 11:08:48 AM,176.67,0,0.0,44829136.790000014
2025-08-01 11:08:48 AM,176.67,176,31093.92,44860230.710000016
2025-08-01 11:09:12 AM,176.67,20,3533.3999999999996,44863764.110000014
2025-08-01 11:11:59 AM,176.48,0,0.0,44863764.110000014
2025-08-01 11:12:02 AM,176.48,5,882.4,44864646.51000001
2025-08-01 11:12:24 AM,176.48,616,108711.68,44973358.19000001
2025-08-01 11:12:46 AM,176.49,0,0.0,44973358.19000001
2025-08-01 11:12:46 AM,176.49,5,882.45,44974240.640000015
2025-08-01 11:13:44 AM,176.31,10,1763.1,44976003.74000002
2025-08-01 11:15:42 AM,176.31,25,4407.75,44980411.49000002
2025-08-01 11:16:01 AM,176.45,0,0.0,44980411.49000002
2025-08-01 11:16:03 AM,176.45,5,882.25,44981293.74000002
2025-08-01 11:17:35 AM,176.44,0,0.0,44981293.74000002
2025-08-01 11:17:35 AM,176.44,65,11468.6,44992762.34000002
2025-08-01 11:18:16 AM,176.43,0,0.0,44992762.34000002
2025-08-01 11:18:16 AM,176.43,12,2117.16,44994879.500000015
2025-08-01 11:18:18 AM,176.43,4,705.72,44995585.22000001
2025-08-01 11:18:28 AM,176.33,20,3526.6000000000004,44999111.820000015
2025-08-01 11:18:50 AM,176.33,108,19043.640000000003,45018155.460000016
2025-08-01 11:19:14 AM,176.33,1359,239632.47000000003,45257787.930000015
2025-08-01 11:19:58 AM,176.31,0,0.0,45257787.930000015
2025-08-01 11:20:01 AM,176.31,4,705.24,45258493.17000002
2025-08-01 11:20:14 AM,176.3,0,0.0,45258493.17000002
2025-08-01 11:20:18 AM,176.3,5,881.5,45259374.67000002
2025-08-01 11:21:11 AM,176.16,0,0.0,45259374.67000002
2025-08-01 11:21:15 AM,176.16,200,35232.0,45294606.67000002
2025-08-01 11:21:15 AM,176.17,0,0.0,45294606.67000002
2025-08-01 11:21:20 AM,176.17,18,3171.06,45297777.73000002
2025-08-01 11:22:19 AM,176.67,0,0.0,45297777.73000002
2025-08-01 11:22:23 AM,176.67,2258,398920.86,45696698.59000002
2025-08-01 11:23:00 AM,176.88,50,8844.0,45705542.59000002
2025-08-01 11:23:00 AM,176.73,42,7422.66,45712965.250000015
2025-08-01 11:23:42 AM,176.7,18,3180.6,45716145.85000002
2025-08-01 11:23:51 AM,176.82,0,0.0,45716145.85000002
2025-08-01 11:23:52 AM,176.82,240,42436.799999999996,45758582.65000001
2025-08-01 11:25:13 AM,176.8,0,0.0,45758582.65000001
2025-08-01 11:25:16 AM,176.8,340,60112.00000000001,45818694.65000001
2025-08-01 11:26:54 AM,176.59,1202,212261.18,46030955.83000001
2025-08-01 11:27:21 AM,176.21,0,0.0,46030955.83000001
2025-08-01 11:27:23 AM,176.21,16167,2848787.0700000003,48879742.90000001
2025-08-01 11:27:26 AM,175.94,0,0.0,48879742.90000001
2025-08-01 11:27:29 AM,175.94,2277,400615.38,49280358.280000016
2025-08-01 11:27:31 AM,175.71,0,0.0,49280358.280000016
2025-08-01 11:27:34 AM,175.71,82,14408.220000000001,49294766.500000015
2025-08-01 11:28:01 AM,175.84,0,0.0,49294766.500000015
2025-08-01 11:28:02 AM,175.83,286,50287.380000000005,49345053.88000002
2025-08-01 11:28:29 AM,175.9,0,0.0,49345053.88000002
2025-08-01 11:28:31 AM,175.9,2,351.8,49345405.680000015
2025-08-01 11:30:34 AM,175.84,0,0.0,49345405.680000015
2025-08-01 11:30:35 AM,175.84,110,19342.4,49364748.08000001
2025-08-01 11:31:23 AM,175.75,30,5272.5,49370020.58000001
2025-08-01 11:32:24 AM,175.74,0,0.0,49370020.58000001
2025-08-01 11:32:25 AM,175.74,25,4393.5,49374414.08000001
2025-08-01 11:32:26 AM,175.75,0,0.0,49374414.08000001
2025-08-01 11:32:27 AM,175.75,15,2636.25,49377050.33000001
2025-08-01 11:32:51 AM,175.6,0,0.0,49377050.33000001
2025-08-01 11:32:52 AM,175.6,577,101321.2,49478371.530000016
2025-08-01 11:33:16 AM,175.59,0,0.0,49478371.530000016
2025-08-01 11:33:17 AM,175.59,142,24933.78,49503305.31000002
2025-08-01 11:33:32 AM,175.59,5,877.95,49504183.26000002
2025-08-01 11:33:47 AM,175.52,0,0.0,49504183.26000002
2025-08-01 11:33:47 AM,175.52,50,8776.0,49512959.26000002
2025-08-01 11:33:59 AM,175.59,0,0.0,49512959.26000002
2025-08-01 11:34:02 AM,175.59,2002,351531.18,49864490.44000002
2025-08-01 11:34:38 AM,175.59,20,3511.8,49868002.24000002
2025-08-01 11:34:49 AM,175.68,165,28987.2,49896989.44000002
2025-08-01 11:35:21 AM,175.65,30,5269.5,49902258.94000002
2025-08-01 11:35:32 AM,175.65,8,1405.2,49903664.14000002
2025-08-01 11:35:34 AM,175.73,0,0.0,49903664.14000002
2025-08-01 11:35:37 AM,175.73,400,70292.0,49973956.14000002
2025-08-01 11:35:40 AM,175.56,0,0.0,49973956.14000002
2025-08-01 11:35:41 AM,175.66,0,0.0,49973956.14000002
2025-08-01 11:35:42 AM,175.66,125,21957.5,49995913.64000002
2025-08-01 11:35:52 AM,175.67,0,0.0,49995913.64000002
2025-08-01 11:35:52 AM,175.67,57,10013.189999999999,50005926.83000002
2025-08-01 11:36:00 AM,175.68,0,0.0,50005926.83000002
2025-08-01 11:36:02 AM,175.68,1984,348549.12,50354475.95000002
2025-08-01 11:36:41 AM,175.62,0,0.0,50354475.95000002
2025-08-01 11:36:44 AM,175.62,53,9307.86,50363783.81000002
2025-08-01 11:37:06 AM,175.55,0,0.0,50363783.81000002
2025-08-01 11:37:10 AM,175.55,19,3335.4500000000003,50367119.26000002
2025-08-01 11:37:12 AM,175.65,0,0.0,50367119.26000002
2025-08-01 11:37:16 AM,175.65,209,36710.85,50403830.11000002
2025-08-01 11:38:53 AM,175.65,301,52870.65,50456700.76000002
2025-08-01 11:39:27 AM,175.63,30,5268.9,50461969.66000002
2025-08-01 11:39:32 AM,175.55,0,0.0,50461969.66000002
2025-08-01 11:39:32 AM,175.55,1462,256654.1,50718623.76000002
2025-08-01 11:39:55 AM,175.55,7,1228.8500000000001,50719852.61000002
2025-08-01 11:42:27 AM,175.42,18207,3193871.94,53913724.55000002
2025-08-01 11:42:33 AM,175.42,2976,522049.92,54435774.47000002
2025-08-01 11:42:35 AM,175.13,0,0.0,54435774.47000002
2025-08-01 11:42:38 AM,175.13,100,17513.0,54453287.47000002
2025-08-01 11:42:49 AM,175.13,34,5954.42,54459241.89000002
2025-08-01 11:43:08 AM,175.12,0,0.0,54459241.89000002
2025-08-01 11:43:09 AM,175.12,24,4202.88,54463444.770000026
2025-08-01 11:43:47 AM,175.12,176,30821.120000000003,54494265.89000002
2025-08-01 11:43:55 AM,175.1,0,0.0,54494265.89000002
2025-08-01 11:43:57 AM,175.1,500,87550.0,54581815.89000002
2025-08-01 11:43:57 AM,175.1,98,17159.8,54598975.69000002
2025-08-01 11:44:08 AM,175.0,2878,503650.0,55102625.69000002
2025-08-01 11:44:10 AM,174.81,0,0.0,55102625.69000002
2025-08-01 11:44:14 AM,174.78,285,49812.3,55152437.99000002
2025-08-01 11:44:19 AM,174.75,0,0.0,55152437.99000002
2025-08-01 11:44:20 AM,174.75,39,6815.25,55159253.24000002
2025-08-01 11:44:31 AM,174.76,0,0.0,55159253.24000002
2025-08-01 11:44:32 AM,174.76,100,17476.0,55176729.24000002
2025-08-01 11:44:34 AM,174.66,0,0.0,55176729.24000002
2025-08-01 11:44:37 AM,174.72,0,0.0,55176729.24000002
2025-08-01 11:44:37 AM,174.72,20,3494.4,55180223.640000015
2025-08-01 11:44:43 AM,174.65,0,0.0,55180223.640000015
2025-08-01 11:44:43 AM,174.65,74,12924.1,55193147.74000002
2025-08-01 11:45:16 AM,174.5,0,0.0,55193147.74000002
2025-08-01 11:45:20 AM,174.5,1350,235575.0,55428722.74000002
2025-08-01 11:46:03 AM,174.5,323,56363.5,55485086.24000002
2025-08-01 11:46:45 AM,174.53,50,8726.5,55493812.74000002
2025-08-01 11:47:05 AM,174.64,0,0.0,55493812.74000002
2025-08-01 11:47:06 AM,174.64,32,5588.48,55499401.22000001
2025-08-01 11:47:32 AM,174.85,782,136732.69999999998,55636133.92000002
2025-08-01 11:47:33 AM,174.86,1,174.86,55636308.780000016
2025-08-01 11:47:39 AM,174.99,0,0.0,55636308.780000016
2025-08-01 11:47:42 AM,174.99,200,34998.0,55671306.780000016
2025-08-01 11:48:17 AM,174.94,0,0.0,55671306.780000016
2025-08-01 11:48:18 AM,174.94,27,4723.38,55676030.16000002
2025-08-01 11:50:36 AM,174.8,0,0.0,55676030.16000002
2025-08-01 11:50:37 AM,174.8,50,8740.0,55684770.16000002
2025-08-01 11:53:18 AM,174.8,350,61180.00000000001,55745950.16000002
2025-08-01 11:53:32 AM,174.8,132,23073.600000000002,55769023.76000002
2025-08-01 11:55:41 AM,174.93,0,0.0,55769023.76000002
2025-08-01 11:55:44 AM,174.93,150,26239.5,55795263.26000002
2025-08-01 11:55:48 AM,174.8,0,0.0,55795263.26000002
2025-08-01 11:55:48 AM,175.05,1141,199732.05000000002,55994995.31000002
2025-08-01 11:55:50 AM,175.08,2,350.16,55995345.47000001
2025-08-01 11:55:53 AM,175.08,45,7878.6,56003224.070000015
2025-08-01 11:55:57 AM,175.0,0,0.0,56003224.070000015
2025-08-01 11:55:58 AM,175.0,300,52500.0,56055724.070000015
2025-08-01 11:56:00 AM,174.98,0,0.0,56055724.070000015
2025-08-01 11:56:03 AM,175.0,2075,363125.0,56418849.070000015
2025-08-01 11:56:09 AM,175.0,302,52850.0,56471699.070000015
2025-08-01 11:56:15 AM,175.0,500,87500.0,56559199.070000015
2025-08-01 11:56:19 AM,175.0,223,39025.0,56598224.070000015
2025-08-01 11:56:26 AM,175.0,500,87500.0,56685724.070000015
2025-08-01 11:56:29 AM,175.0,450,78750.0,56764474.070000015
2025-08-01 11:56:34 AM,175.0,621,108675.0,56873149.070000015
2025-08-01 11:56:36 AM,174.8,0,0.0,56873149.070000015
2025-08-01 11:56:39 AM,174.8,729,127429.20000000001,57000578.27000002
2025-08-01 11:57:02 AM,174.65,0,0.0,57000578.27000002
2025-08-01 11:57:04 AM,174.75,0,0.0,57000578.27000002
2025-08-01 11:57:04 AM,174.75,41,7164.75,57007743.02000002
2025-08-01 11:57:08 AM,174.65,0,0.0,57007743.02000002
2025-08-01 11:57:09 AM,174.65,50,8732.5,57016475.52000002
2025-08-01 11:57:54 AM,174.7,0,0.0,57016475.52000002
2025-08-01 11:57:54 AM,174.7,5,873.5,57017349.02000002
2025-08-01 11:58:06 AM,174.75,0,0.0,57017349.02000002
2025-08-01 11:58:06 AM,174.75,1,174.75,57017523.77000002
2025-08-01 11:58:50 AM,174.76,0,0.0,57017523.77000002
2025-08-01 11:58:53 AM,174.76,22,3844.72,57021368.49000002
2025-08-01 11:58:54 AM,174.77,0,0.0,57021368.49000002
2025-08-01 11:58:55 AM,174.77,43,7515.110000000001,57028883.60000002
2025-08-01 11:59:40 AM,174.77,20,3495.4,57032379.000000015
2025-08-01 12:00:06 PM,174.7,3,524.0999999999999,57032903.10000002
2025-08-01 12:00:27 PM,174.78,5,873.9,57033777.000000015
2025-08-01 12:00:57 PM,174.7,0,0.0,57033777.000000015
2025-08-01 12:00:59 PM,174.7,20,3494.0,57037271.000000015
2025-08-01 12:01:48 PM,174.94,0,0.0,57037271.000000015
2025-08-01 12:01:49 PM,174.94,1331,232845.13999999998,57270116.140000015
2025-08-01 12:01:49 PM,174.89,0,0.0,57270116.140000015
2025-08-01 12:01:51 PM,174.89,4,699.56,57270815.70000002
2025-08-01 12:01:52 PM,174.85,0,0.0,57270815.70000002
2025-08-01 12:01:53 PM,174.85,6,1049.1,57271864.80000002
2025-08-01 12:01:56 PM,174.8,0,0.0,57271864.80000002
2025-08-01 12:01:58 PM,174.8,204,35659.200000000004,57307524.00000002
2025-08-01 12:01:59 PM,174.87,0,0.0,57307524.00000002
2025-08-01 12:02:00 PM,174.87,25,4371.75,57311895.75000002
2025-08-01 12:02:05 PM,174.87,4,699.48,57312595.23000002
2025-08-01 12:02:54 PM,174.79,0,0.0,57312595.23000002
2025-08-01 12:02:55 PM,174.79,30,5243.7,57317838.93000002
2025-08-01 12:03:23 PM,174.79,1000,174790.0,57492628.93000002
2025-08-01 12:03:28 PM,174.79,169,29539.51,57522168.44000002
2025-08-01 12:04:23 PM,174.88,100,17488.0,57539656.44000002
2025-08-01 12:04:43 PM,174.93,50,8746.5,57548402.94000002
2025-08-01 12:05:04 PM,174.96,0,0.0,57548402.94000002
2025-08-01 12:05:05 PM,174.96,500,87480.0,57635882.94000002
2025-08-01 12:05:09 PM,174.92,12,2099.04,57637981.98000002
2025-08-01 12:05:31 PM,174.81,0,0.0,57637981.98000002
2025-08-01 12:05:34 PM,174.81,2,349.62,57638331.60000002
2025-08-01 12:06:58 PM,174.83,10,1748.3000000000002,57640079.90000001
2025-08-01 12:08:10 PM,174.84,0,0.0,57640079.90000001
2025-08-01 12:08:14 PM,174.84,100,17484.0,57657563.90000001
2025-08-01 12:08:44 PM,174.92,2,349.84,57657913.74000002
2025-08-01 12:08:47 PM,174.81,0,0.0,57657913.74000002
2025-08-01 12:08:49 PM,174.81,11,1922.91,57659836.65000001
2025-08-01 12:09:03 PM,174.84,0,0.0,57659836.65000001
2025-08-01 12:09:04 PM,174.84,80,13987.2,57673823.85000002
2025-08-01 12:09:24 PM,175.0,648,113400.0,57787223.85000002
2025-08-01 12:09:37 PM,175.02,0,0.0,57787223.85000002
2025-08-01 12:09:38 PM,175.02,5,875.1,57788098.95000002
2025-08-01 12:10:13 PM,175.06,0,0.0,57788098.95000002
2025-08-01 12:10:14 PM,175.06,448,78426.88,57866525.83000002
2025-08-01 12:10:23 PM,175.07,0,0.0,57866525.83000002
2025-08-01 12:10:24 PM,175.07,8,1400.56,57867926.39000002
2025-08-01 12:10:44 PM,175.0,460,80500.0,57948426.39000002
2025-08-01 12:10:44 PM,174.98,0,0.0,57948426.39000002
2025-08-01 12:10:48 PM,174.98,60,10498.8,57958925.19000002
2025-08-01 12:12:12 PM,174.98,10,1749.8,57960674.99000002
2025-08-01 12:13:08 PM,174.98,20,3499.6,57964174.59000002
2025-08-01 12:14:12 PM,174.98,1,174.98,57964349.570000015
2025-08-01 12:14:40 PM,175.06,0,0.0,57964349.570000015
2025-08-01 12:14:42 PM,175.06,3,525.1800000000001,57964874.750000015
2025-08-01 12:16:14 PM,175.14,223,39056.219999999994,58003930.97000001
2025-08-01 12:17:02 PM,175.14,196,34327.439999999995,58038258.41000001
2025-08-01 12:18:14 PM,175.0,0,0.0,58038258.41000001
2025-08-01 12:18:15 PM,175.0,3797,664475.0,58702733.41000001
2025-08-01 12:18:17 PM,174.77,0,0.0,58702733.41000001
2025-08-01 12:18:20 PM,174.77,583,101890.91,58804624.32000001
2025-08-01 12:18:39 PM,174.77,285,49809.450000000004,58854433.77000001
2025-08-01 12:18:45 PM,174.65,45,7859.25,58862293.02000001
2025-08-01 12:19:37 PM,174.54,0,0.0,58862293.02000001
2025-08-01 12:19:39 PM,174.33,0,0.0,58862293.02000001
2025-08-01 12:19:40 PM,174.33,3799,662279.67,59524572.69000001
2025-08-01 12:19:44 PM,174.25,0,0.0,59524572.69000001
2025-08-01 12:19:45 PM,174.25,6,1045.5,59525618.19000001
2025-08-01 12:19:51 PM,174.13,0,0.0,59525618.19000001
2025-08-01 12:19:52 PM,174.25,0,0.0,59525618.19000001
2025-08-01 12:19:55 PM,174.25,368,64124.0,59589742.19000001
2025-08-01 12:21:03 PM,174.35,1,174.35,59589916.540000014
2025-08-01 12:21:29 PM,174.44,0,0.0,59589916.540000014
2025-08-01 12:21:32 PM,174.44,1,174.44,59590090.98000001
2025-08-01 12:21:39 PM,174.35,0,0.0,59590090.98000001
2025-08-01 12:21:41 PM,174.35,11,1917.85,59592008.83000001
2025-08-01 12:21:58 PM,174.33,0,0.0,59592008.83000001
2025-08-01 12:22:01 PM,174.33,140,24406.2,59616415.030000016
2025-08-01 12:22:15 PM,174.5,0,0.0,59616415.030000016
2025-08-01 12:22:17 PM,174.5,884,154258.0,59770673.030000016
2025-08-01 12:23:30 PM,174.54,0,0.0,59770673.030000016
2025-08-01 12:23:32 PM,174.54,25,4363.5,59775036.530000016
2025-08-01 12:23:51 PM,174.7,0,0.0,59775036.530000016
2025-08-01 12:23:52 PM,174.7,60,10482.0,59785518.530000016
2025-08-01 12:24:27 PM,174.7,824,143952.8,59929471.33000001
2025-08-01 12:24:29 PM,174.74,0,0.0,59929471.33000001
2025-08-01 12:24:32 PM,174.74,350,61159.0,59990630.33000001
2025-08-01 12:24:57 PM,174.93,0,0.0,59990630.33000001
2025-08-01 12:25:01 PM,174.93,50,8746.5,59999376.83000001
2025-08-01 12:25:22 PM,174.93,94,16443.420000000002,60015820.250000015
2025-08-01 12:26:00 PM,175.07,0,0.0,60015820.250000015
2025-08-01 12:26:01 PM,175.05,0,0.0,60015820.250000015
2025-08-01 12:26:02 PM,175.05,1819,318415.95,60334236.20000002
2025-08-01 12:26:07 PM,174.86,830,145133.80000000002,60479370.000000015
2025-08-01 12:26:10 PM,174.84,0,0.0,60479370.000000015
2025-08-01 12:26:12 PM,174.84,27,4720.68,60484090.680000015
2025-08-01 12:26:53 PM,174.9,0,0.0,60484090.680000015
2025-08-01 12:26:57 PM,174.9,10,1749.0,60485839.680000015
2025-08-01 12:27:19 PM,174.72,0,0.0,60485839.680000015
2025-08-01 12:27:21 PM,174.82,0,0.0,60485839.680000015
2025-08-01 12:27:23 PM,174.82,87,15209.34,60501049.02000002
2025-08-01 12:28:10 PM,174.79,0,0.0,60501049.02000002
2025-08-01 12:28:12 PM,174.79,5,873.9499999999999,60501922.97000002
2025-08-01 12:28:31 PM,174.79,3,524.37,60502447.34000002
2025-08-01 12:28:43 PM,174.79,200,34958.0,60537405.34000002
2025-08-01 12:29:08 PM,174.72,38,6639.36,60544044.70000002
2025-08-01 12:29:27 PM,174.5,0,0.0,60544044.70000002
2025-08-01 12:29:27 PM,174.5,10,1745.0,60545789.70000002
2025-08-01 12:29:51 PM,174.64,0,0.0,60545789.70000002
2025-08-01 12:29:53 PM,174.64,1,174.64,60545964.34000002
2025-08-01 12:30:27 PM,174.49,0,0.0,60545964.34000002
2025-08-01 12:30:29 PM,174.49,663,115686.87000000001,60661651.210000016
2025-08-01 12:31:14 PM,174.5,1663,290193.5,60951844.710000016
2025-08-01 12:31:20 PM,174.54,453,79066.62,61030911.33000001
2025-08-01 12:32:05 PM,174.62,0,0.0,61030911.33000001
2025-08-01 12:32:06 PM,174.62,100,17462.0,61048373.33000001
2025-08-01 12:33:22 PM,174.65,50,8732.5,61057105.83000001
2025-08-01 12:34:11 PM,174.44,0,0.0,61057105.83000001
2025-08-01 12:34:13 PM,174.44,189,32969.159999999996,61090074.99000001
2025-08-01 12:35:13 PM,174.3,0,0.0,61090074.99000001
2025-08-01 12:35:14 PM,174.3,202,35208.600000000006,61125283.59000001
2025-08-01 12:35:29 PM,174.47,5,872.35,61126155.94000001
2025-08-01 12:36:36 PM,174.6,0,0.0,61126155.94000001
2025-08-01 12:36:37 PM,174.6,287,50110.2,61176266.140000015
2025-08-01 12:36:47 PM,174.5,0,0.0,61176266.140000015
2025-08-01 12:36:47 PM,174.5,40,6980.0,61183246.140000015
2025-08-01 12:37:37 PM,174.5,5,872.5,61184118.640000015
2025-08-01 12:38:23 PM,174.5,89,15530.5,61199649.140000015
2025-08-01 12:39:46 PM,174.29,0,0.0,61199649.140000015
2025-08-01 12:39:50 PM,174.25,1803,314172.75,61513821.890000015
2025-08-01 12:40:37 PM,174.38,500,87190.0,61601011.890000015
2025-08-01 12:41:20 PM,174.33,0,0.0,61601011.890000015
2025-08-01 12:41:22 PM,174.31,0,0.0,61601011.890000015
2025-08-01 12:41:24 PM,174.31,92,16036.52,61617048.41000002
2025-08-01 12:41:25 PM,174.53,0,0.0,61617048.41000002
2025-08-01 12:41:29 PM,174.31,800,139448.0,61756496.41000002
2025-08-01 12:41:35 PM,174.46,37,6455.02,61762951.43000002
2025-08-01 12:42:27 PM,174.17,1101,191761.16999999998,61954712.600000024
2025-08-01 12:42:28 PM,174.39,0,0.0,61954712.600000024
2025-08-01 12:42:31 PM,174.39,163,28425.569999999996,61983138.170000024
2025-08-01 12:43:00 PM,174.5,0,0.0,61983138.170000024
2025-08-01 12:43:02 PM,174.5,100,17450.0,62000588.170000024
2025-08-01 12:43:42 PM,174.4,1,174.4,62000762.57000002
2025-08-01 12:43:46 PM,174.47,0,0.0,62000762.57000002
2025-08-01 12:43:46 PM,174.47,10,1744.7,62002507.270000026
2025-08-01 12:44:17 PM,174.48,0,0.0,62002507.270000026
2025-08-01 12:44:19 PM,174.48,30,5234.4,62007741.670000024
2025-08-01 12:44:33 PM,174.32,0,0.0,62007741.670000024
2025-08-01 12:44:35 PM,174.32,1002,174668.63999999998,62182410.310000025
2025-08-01 12:44:45 PM,174.53,0,0.0,62182410.310000025
2025-08-01 12:44:45 PM,174.53,33,5759.49,62188169.80000003
2025-08-01 12:46:39 PM,174.65,0,0.0,62188169.80000003
2025-08-01 12:46:43 PM,174.65,1,174.65,62188344.450000025
2025-08-01 12:47:13 PM,174.53,0,0.0,62188344.450000025
2025-08-01 12:47:13 PM,174.53,35,6108.55,62194453.00000002
2025-08-01 12:47:27 PM,174.65,0,0.0,62194453.00000002
2025-08-01 12:47:28 PM,174.65,4,698.6,62195151.600000024
2025-08-01 12:48:21 PM,174.64,0,0.0,62195151.600000024
2025-08-01 12:48:24 PM,174.64,25,4366.0,62199517.600000024
2025-08-01 12:48:39 PM,174.64,40,6985.599999999999,62206503.200000025
2025-08-01 12:48:41 PM,174.54,0,0.0,62206503.200000025
2025-08-01 12:48:44 PM,174.54,53,9250.619999999999,62215753.82000002
2025-08-01 12:50:47 PM,174.53,0,0.0,62215753.82000002
2025-08-01 12:50:50 PM,174.53,7,1221.71,62216975.53000002
2025-08-01 12:51:23 PM,174.53,82,14311.460000000001,62231286.990000024
2025-08-01 12:52:23 PM,174.65,0,0.0,62231286.990000024
2025-08-01 12:52:26 PM,174.65,42,7335.3,62238622.29000002
2025-08-01 12:53:20 PM,174.5,420,73290.0,62311912.29000002
2025-08-01 12:54:05 PM,174.27,0,0.0,62311912.29000002
2025-08-01 12:54:06 PM,174.27,500,87135.0,62399047.29000002
2025-08-01 12:54:34 PM,174.46,0,0.0,62399047.29000002
2025-08-01 12:54:36 PM,174.46,500,87230.0,62486277.29000002
2025-08-01 12:54:37 PM,174.28,0,0.0,62486277.29000002
2025-08-01 12:54:41 PM,174.28,4588,799596.64,63285873.93000002
2025-08-01 12:55:18 PM,174.19,0,0.0,63285873.93000002
2025-08-01 12:55:19 PM,174.19,1,174.19,63286048.12000002
2025-08-01 12:56:09 PM,174.24,59,10280.16,63296328.280000016
2025-08-01 12:56:42 PM,174.32,0,0.0,63296328.280000016
2025-08-01 12:56:43 PM,174.32,1189,207266.47999999998,63503594.76000001
2025-08-01 12:56:45 PM,174.4,0,0.0,63503594.76000001
2025-08-01 12:56:49 PM,174.4,10,1744.0,63505338.76000001
2025-08-01 12:57:12 PM,174.45,0,0.0,63505338.76000001
2025-08-01 12:57:13 PM,174.45,100,17445.0,63522783.76000001
2025-08-01 12:57:25 PM,174.42,0,0.0,63522783.76000001
2025-08-01 12:57:28 PM,174.42,50,8721.0,63531504.76000001
2025-08-01 12:58:23 PM,174.31,0,0.0,63531504.76000001
2025-08-01 12:58:24 PM,174.31,80,13944.8,63545449.56000001
2025-08-01 12:59:44 PM,174.28,0,0.0,63545449.56000001
2025-08-01 12:59:45 PM,174.28,9,1568.52,63547018.08000001
2025-08-01 01:00:09 PM,174.03,0,0.0,63547018.08000001
2025-08-01 01:00:11 PM,174.03,500,87015.0,63634033.08000001
2025-08-01 01:00:20 PM,174.19,0,0.0,63634033.08000001
2025-08-01 01:00:22 PM,174.19,10,1741.9,63635774.98000001
2025-08-01 01:01:12 PM,174.18,0,0.0,63635774.98000001
2025-08-01 01:01:15 PM,174.18,1,174.18,63635949.16000001
2025-08-01 01:01:25 PM,173.79,6702,1164740.5799999998,64800689.74000001
2025-08-01 01:01:30 PM,173.8,0,0.0,64800689.74000001
2025-08-01 01:01:30 PM,173.8,117,20334.600000000002,64821024.34000001
2025-08-01 01:01:32 PM,173.84,0,0.0,64821024.34000001
2025-08-01 01:01:35 PM,173.84,60,10430.4,64831454.74000001
2025-08-01 01:01:45 PM,173.7,2631,457004.69999999995,65288459.44000001
2025-08-01 01:01:51 PM,173.76,1,173.76,65288633.20000001
2025-08-01 01:01:58 PM,173.86,0,0.0,65288633.20000001
2025-08-01 01:01:58 PM,173.55,0,0.0,65288633.20000001
2025-08-01 01:01:59 PM,173.73,2241,389328.93,65677962.13000001
2025-08-01 01:04:10 PM,173.91,100,17391.0,65695353.13000001
2025-08-01 01:04:26 PM,173.92,0,0.0,65695353.13000001
2025-08-01 01:04:28 PM,173.92,100,17392.0,65712745.13000001
2025-08-01 01:04:51 PM,173.77,0,0.0,65712745.13000001
2025-08-01 01:04:52 PM,173.77,2,347.54,65713092.67000001
2025-08-01 01:05:39 PM,173.78,0,0.0,65713092.67000001
2025-08-01 01:05:39 PM,173.78,1,173.78,65713266.45000001
2025-08-01 01:06:16 PM,174.82,0,0.0,65713266.45000001
2025-08-01 01:06:16 PM,174.86,0,0.0,65713266.45000001
2025-08-01 01:06:18 PM,174.87,0,0.0,65713266.45000001
2025-08-01 01:06:18 PM,174.85,0,0.0,65713266.45000001
2025-08-01 01:06:19 PM,174.85,7621,1332531.8499999999,67045798.30000001
2025-08-01 01:06:25 PM,174.67,50,8733.5,67054531.80000001
2025-08-01 01:06:49 PM,174.91,0,0.0,67054531.80000001
2025-08-01 01:06:50 PM,174.91,500,87455.0,67141986.80000001
2025-08-01 01:07:53 PM,174.79,0,0.0,67141986.80000001
2025-08-01 01:07:53 PM,174.79,5,873.9499999999999,67142860.75000001
2025-08-01 01:08:09 PM,174.67,0,0.0,67142860.75000001
2025-08-01 01:08:12 PM,174.67,15,2620.0499999999997,67145480.80000001
2025-08-01 01:08:42 PM,174.67,2,349.34,67145830.14000002
2025-08-01 01:08:52 PM,174.59,0,0.0,67145830.14000002
2025-08-01 01:08:53 PM,174.59,4019,701677.21,67847507.35000001
2025-08-01 01:09:11 PM,174.75,873,152556.75,68000064.10000001
2025-08-01 01:09:19 PM,174.75,5,873.75,68000937.85000001
2025-08-01 01:09:31 PM,174.8,0,0.0,68000937.85000001
2025-08-01 01:09:32 PM,174.8,50,8740.0,68009677.85000001
2025-08-01 01:10:04 PM,174.75,634,110791.5,68120469.35000001
2025-08-01 01:11:22 PM,174.37,0,0.0,68120469.35000001
2025-08-01 01:11:22 PM,174.37,7948,1385892.76,69506362.11000001
2025-08-01 01:11:47 PM,174.57,10,1745.6999999999998,69508107.81000002
2025-08-01 01:11:54 PM,174.33,68,11854.44,69519962.25000001
2025-08-01 01:12:43 PM,174.41,345,60171.45,69580133.70000002
2025-08-01 01:13:05 PM,174.15,5,870.75,69581004.45000002
2025-08-01 01:13:08 PM,174.14,10,1741.3999999999999,69582745.85000002
2025-08-01 01:14:06 PM,174.14,25,4353.5,69587099.35000002
2025-08-01 01:14:07 PM,174.1,0,0.0,69587099.35000002
2025-08-01 01:14:09 PM,174.1,2000,348200.0,69935299.35000002
2025-08-01 01:14:13 PM,174.2,0,0.0,69935299.35000002
2025-08-01 01:14:14 PM,174.2,1,174.2,69935473.55000003
2025-08-01 01:14:23 PM,174.49,0,0.0,69935473.55000003
2025-08-01 01:14:24 PM,174.49,401,69970.49,70005444.04000002
2025-08-01 01:14:47 PM,174.58,0,0.0,70005444.04000002
2025-08-01 01:14:48 PM,174.58,1,174.58,70005618.62000002
2025-08-01 01:16:15 PM,174.65,0,0.0,70005618.62000002
2025-08-01 01:16:16 PM,174.65,1,174.65,70005793.27000003
2025-08-01 01:17:06 PM,174.65,75,13098.75,70018892.02000003
2025-08-01 01:18:36 PM,174.65,100,17465.0,70036357.02000003
2025-08-01 01:18:38 PM,174.73,0,0.0,70036357.02000003
2025-08-01 01:18:41 PM,174.73,250,43682.5,70080039.52000003
2025-08-01 01:19:16 PM,174.73,87,15201.509999999998,70095241.03000003
2025-08-01 01:21:15 PM,174.49,0,0.0,70095241.03000003
2025-08-01 01:21:15 PM,174.49,16,2791.84,70098032.87000003
2025-08-01 01:21:24 PM,174.11,0,0.0,70098032.87000003
2025-08-01 01:21:25 PM,174.11,996,173413.56000000003,70271446.43000004
2025-08-01 01:21:57 PM,174.19,0,0.0,70271446.43000004
2025-08-01 01:21:59 PM,174.19,10,1741.9,70273188.33000004
2025-08-01 01:22:18 PM,174.37,1,174.37,70273362.70000005
2025-08-01 01:22:19 PM,174.22,0,0.0,70273362.70000005
2025-08-01 01:22:22 PM,174.22,1,174.22,70273536.92000005
2025-08-01 01:23:41 PM,174.51,0,0.0,70273536.92000005
2025-08-01 01:23:42 PM,174.51,559,97551.09,70371088.01000005
2025-08-01 01:24:51 PM,174.72,0,0.0,70371088.01000005
2025-08-01 01:24:53 PM,174.72,15,2620.8,70373708.81000005
2025-08-01 01:25:19 PM,174.72,300,52416.0,70426124.81000005
2025-08-01 01:25:26 PM,174.71,0,0.0,70426124.81000005
2025-08-01 01:25:28 PM,174.71,65,11356.15,70437480.96000005
2025-08-01 01:26:08 PM,174.71,150,26206.5,70463687.46000005
2025-08-01 01:26:13 PM,174.71,245,42803.950000000004,70506491.41000006
2025-08-01 01:26:23 PM,174.7,0,0.0,70506491.41000006
2025-08-01 01:26:23 PM,174.7,10,1747.0,70508238.41000006
2025-08-01 01:26:37 PM,174.7,2,349.4,70508587.81000006
2025-08-01 01:27:16 PM,174.73,0,0.0,70508587.81000006
2025-08-01 01:27:17 PM,174.73,4231,739282.63,71247870.44000006
2025-08-01 01:27:52 PM,174.9,0,0.0,71247870.44000006
2025-08-01 01:27:55 PM,174.9,44,7695.6,71255566.04000005
2025-08-01 01:28:22 PM,174.76,0,0.0,71255566.04000005
2025-08-01 01:28:25 PM,174.76,25,4369.0,71259935.04000005
2025-08-01 01:28:52 PM,174.73,0,0.0,71259935.04000005
2025-08-01 01:28:53 PM,174.73,30,5241.9,71265176.94000006
2025-08-01 01:29:07 PM,174.68,5,873.4000000000001,71266050.34000006
2025-08-01 01:29:22 PM,174.68,7,1222.76,71267273.10000007
2025-08-01 01:31:23 PM,174.69,0,0.0,71267273.10000007
2025-08-01 01:31:25 PM,174.69,53,9258.57,71276531.67000006
2025-08-01 01:32:04 PM,174.68,75,13101.0,71289632.67000006
2025-08-01 01:33:08 PM,174.8,0,0.0,71289632.67000006
2025-08-01 01:33:12 PM,174.8,31,5418.8,71295051.47000006
2025-08-01 01:33:37 PM,174.8,4,699.2,71295750.67000006
2025-08-01 01:34:28 PM,174.68,0,0.0,71295750.67000006
2025-08-01 01:34:29 PM,174.68,277,48386.36,71344137.03000006
2025-08-01 01:36:35 PM,174.53,38,6632.14,71350769.17000006
2025-08-01 01:38:01 PM,174.5,0,0.0,71350769.17000006
2025-08-01 01:38:03 PM,174.5,9,1570.5,71352339.67000006
2025-08-01 01:38:10 PM,174.4,228,39763.200000000004,71392102.87000006
2025-08-01 01:38:41 PM,174.4,50,8720.0,71400822.87000006
2025-08-01 01:38:42 PM,174.34,25,4358.5,71405181.37000006
2025-08-01 01:38:43 PM,174.25,0,0.0,71405181.37000006
2025-08-01 01:38:43 PM,174.23,0,0.0,71405181.37000006
2025-08-01 01:38:45 PM,174.3,0,0.0,71405181.37000006
2025-08-01 01:38:47 PM,174.3,896,156172.80000000002,71561354.17000006
2025-08-01 01:38:57 PM,174.35,0,0.0,71561354.17000006
2025-08-01 01:38:58 PM,174.35,1,174.35,71561528.52000006
2025-08-01 01:40:25 PM,174.44,0,0.0,71561528.52000006
2025-08-01 01:40:25 PM,174.44,60,10466.4,71571994.92000006
2025-08-01 01:42:02 PM,174.67,0,0.0,71571994.92000006
2025-08-01 01:42:04 PM,174.67,79,13798.929999999998,71585793.85000007
2025-08-01 01:42:08 PM,174.65,0,0.0,71585793.85000007
2025-08-01 01:42:09 PM,174.65,25,4366.25,71590160.10000007
2025-08-01 01:43:41 PM,174.49,0,0.0,71590160.10000007
2025-08-01 01:43:43 PM,174.49,50,8724.5,71598884.60000007
2025-08-01 01:44:01 PM,174.63,0,0.0,71598884.60000007
2025-08-01 01:44:02 PM,174.63,1,174.63,71599059.23000006
2025-08-01 01:45:15 PM,174.62,0,0.0,71599059.23000006
2025-08-01 01:45:17 PM,174.62,74,12921.880000000001,71611981.11000006
2025-08-01 01:45:54 PM,174.52,0,0.0,71611981.11000006
2025-08-01 01:45:57 PM,174.52,850,148342.0,71760323.11000006
2025-08-01 01:46:31 PM,174.52,50,8726.0,71769049.11000006
2025-08-01 01:50:30 PM,174.48,0,0.0,71769049.11000006
2025-08-01 01:50:33 PM,174.48,4139,722172.72,72491221.83000006
2025-08-01 01:50:40 PM,174.5,0,0.0,72491221.83000006
2025-08-01 01:50:43 PM,174.5,3,523.5,72491745.33000006
2025-08-01 01:52:52 PM,174.6,0,0.0,72491745.33000006
2025-08-01 01:52:55 PM,174.6,22,3841.2,72495586.53000006
2025-08-01 01:52:59 PM,174.5,238,41531.0,72537117.53000006
2025-08-01 01:53:15 PM,174.41,0,0.0,72537117.53000006
2025-08-01 01:53:16 PM,174.56,0,0.0,72537117.53000006
2025-08-01 01:53:18 PM,174.56,18,3142.08,72540259.61000006
2025-08-01 01:53:29 PM,174.56,8,1396.48,72541656.09000006
2025-08-01 01:55:38 PM,174.43,0,0.0,72541656.09000006
2025-08-01 01:55:39 PM,174.43,150,26164.5,72567820.59000006
2025-08-01 01:55:55 PM,174.56,0,0.0,72567820.59000006
2025-08-01 01:55:58 PM,174.56,687,119922.72,72687743.31000006
2025-08-01 01:56:02 PM,174.65,0,0.0,72687743.31000006
2025-08-01 01:56:03 PM,174.66,28,4890.48,72692633.79000007
2025-08-01 01:56:27 PM,174.68,0,0.0,72692633.79000007
2025-08-01 01:56:28 PM,174.68,10,1746.8000000000002,72694380.59000006
2025-08-01 01:56:56 PM,174.42,0,0.0,72694380.59000006
2025-08-01 01:56:58 PM,174.42,375,65407.49999999999,72759788.09000006
2025-08-01 02:00:15 PM,174.51,0,0.0,72759788.09000006
2025-08-01 02:00:18 PM,174.51,60,10470.599999999999,72770258.69000006
2025-08-01 02:00:27 PM,174.42,0,0.0,72770258.69000006
2025-08-01 02:00:28 PM,174.42,115,20058.3,72790316.99000005
2025-08-01 02:00:39 PM,174.37,0,0.0,72790316.99000005
2025-08-01 02:00:41 PM,174.37,87,15170.19,72805487.18000005
2025-08-01 02:01:23 PM,174.44,0,0.0,72805487.18000005
2025-08-01 02:01:25 PM,174.44,5,872.2,72806359.38000005
2025-08-01 02:02:06 PM,174.55,0,0.0,72806359.38000005
2025-08-01 02:02:09 PM,174.55,30,5236.5,72811595.88000005
2025-08-01 02:03:11 PM,174.56,0,0.0,72811595.88000005
2025-08-01 02:03:14 PM,174.56,50,8728.0,72820323.88000005
2025-08-01 02:03:40 PM,174.36,0,0.0,72820323.88000005
2025-08-01 02:03:43 PM,174.41,0,0.0,72820323.88000005
2025-08-01 02:03:44 PM,174.41,431,75170.70999999999,72895494.59000005
2025-08-01 02:04:07 PM,174.26,0,0.0,72895494.59000005
2025-08-01 02:04:09 PM,174.26,1,174.26,72895668.85000005
2025-08-01 02:05:25 PM,174.26,200,34852.0,72930520.85000005
2025-08-01 02:05:31 PM,174.26,502,87478.51999999999,73017999.37000005
2025-08-01 02:05:35 PM,174.26,100,17426.0,73035425.37000005
2025-08-01 02:05:40 PM,174.26,502,87478.51999999999,73122903.89000005
2025-08-01 02:05:45 PM,174.26,200,34852.0,73157755.89000005
2025-08-01 02:06:09 PM,174.26,500,87130.0,73244885.89000005
2025-08-01 02:06:25 PM,174.26,5,871.3,73245757.19000004
2025-08-01 02:06:48 PM,174.41,0,0.0,73245757.19000004
2025-08-01 02:06:51 PM,174.41,5,872.05,73246629.24000004
2025-08-01 02:08:13 PM,174.15,0,0.0,73246629.24000004
2025-08-01 02:08:13 PM,174.15,500,87075.0,73333704.24000004
2025-08-01 02:09:16 PM,174.17,0,0.0,73333704.24000004
2025-08-01 02:09:20 PM,174.17,14,2438.3799999999997,73336142.62000003
2025-08-01 02:10:24 PM,174.17,2966,516588.22,73852730.84000003
2025-08-01 02:10:58 PM,174.11,0,0.0,73852730.84000003
2025-08-01 02:11:00 PM,174.11,7,1218.77,73853949.61000003
2025-08-01 02:13:07 PM,174.16,0,0.0,73853949.61000003
2025-08-01 02:13:09 PM,174.16,3,522.48,73854472.09000003
2025-08-01 02:13:16 PM,174.16,7,1219.12,73855691.21000004
2025-08-01 02:13:21 PM,174.34,0,0.0,73855691.21000004
2025-08-01 02:13:21 PM,174.34,3,523.02,73856214.23000003
2025-08-01 02:14:57 PM,174.3,0,0.0,73856214.23000003
2025-08-01 02:14:58 PM,174.3,25,4357.5,73860571.73000003
2025-08-01 02:15:23 PM,174.27,0,0.0,73860571.73000003
2025-08-01 02:15:24 PM,173.92,1620,281750.39999999997,74142322.13000004
2025-08-01 02:15:47 PM,173.87,0,0.0,74142322.13000004
2025-08-01 02:15:48 PM,173.97,0,0.0,74142322.13000004
2025-08-01 02:15:48 PM,173.97,303,52712.909999999996,74195035.04000004
2025-08-01 02:16:15 PM,173.65,0,0.0,74195035.04000004
2025-08-01 02:16:15 PM,173.65,500,86825.0,74281860.04000004
2025-08-01 02:16:37 PM,173.71,0,0.0,74281860.04000004
2025-08-01 02:16:39 PM,173.71,6,1042.26,74282902.30000004
2025-08-01 02:16:44 PM,173.91,0,0.0,74282902.30000004
2025-08-01 02:16:44 PM,173.91,112,19477.92,74302380.22000004
2025-08-01 02:16:50 PM,174.05,10,1740.5,74304120.72000004
2025-08-01 02:17:21 PM,173.86,0,0.0,74304120.72000004
2025-08-01 02:17:24 PM,173.86,1,173.86,74304294.58000004
2025-08-01 02:17:50 PM,173.86,5,869.3000000000001,74305163.88000004
2025-08-01 02:18:00 PM,173.86,60,10431.6,74315595.48000003
2025-08-01 02:18:05 PM,173.86,2000,347720.0,74663315.48000003
2025-08-01 02:18:55 PM,172.4,0,0.0,74663315.48000003
2025-08-01 02:18:56 PM,172.4,28023,4831165.2,79494480.68000004
2025-08-01 02:19:01 PM,172.31,0,0.0,79494480.68000004
2025-08-01 02:19:06 PM,172.31,200,34462.0,79528942.68000004
2025-08-01 02:19:06 PM,172.35,256,44121.6,79573064.28000003
2025-08-01 02:19:11 PM,172.35,24,4136.4,79577200.68000004
2025-08-01 02:19:15 PM,172.25,0,0.0,79577200.68000004
2025-08-01 02:19:16 PM,172.33,124,21368.920000000002,79598569.60000004
2025-08-01 02:19:25 PM,172.2,0,0.0,79598569.60000004
2025-08-01 02:19:27 PM,172.2,1602,275864.39999999997,79874434.00000004
2025-08-01 02:19:33 PM,172.2,96,16531.199999999997,79890965.20000005
2025-08-01 02:19:47 PM,172.25,0,0.0,79890965.20000005
2025-08-01 02:19:48 PM,172.25,6,1033.5,79891998.70000005
2025-08-01 02:19:53 PM,172.01,0,0.0,79891998.70000005
2025-08-01 02:19:54 PM,172.18,2624,451800.32,80343799.02000004
2025-08-01 02:20:04 PM,172.24,5,861.2,80344660.22000004
2025-08-01 02:20:07 PM,172.16,0,0.0,80344660.22000004
2025-08-01 02:20:09 PM,172.16,100,17216.0,80361876.22000004
2025-08-01 02:20:20 PM,172.16,200,34432.0,80396308.22000004
2025-08-01 02:20:29 PM,172.16,88,15150.08,80411458.30000004
2025-08-01 02:20:37 PM,172.3,0,0.0,80411458.30000004
2025-08-01 02:20:39 PM,172.3,131,22571.300000000003,80434029.60000004
2025-08-01 02:20:49 PM,172.3,80,13784.0,80447813.60000004
2025-08-01 02:21:09 PM,172.34,0,0.0,80447813.60000004
2025-08-01 02:21:10 PM,172.34,5,861.7,80448675.30000004
2025-08-01 02:21:26 PM,172.36,100,17236.0,80465911.30000004
2025-08-01 02:21:54 PM,172.4,0,0.0,80465911.30000004
2025-08-01 02:21:57 PM,172.4,474,81717.6,80547628.90000004
2025-08-01 02:22:03 PM,172.4,10,1724.0,80549352.90000004
2025-08-01 02:22:12 PM,172.41,0,0.0,80549352.90000004
2025-08-01 02:22:13 PM,172.41,2,344.82,80549697.72000003
2025-08-01 02:22:19 PM,172.41,32,5517.12,80555214.84000003
2025-08-01 02:22:25 PM,172.4,23,3965.2000000000003,80559180.04000004
2025-08-01 02:22:26 PM,172.41,0,0.0,80559180.04000004
2025-08-01 02:22:30 PM,172.41,79,13620.39,80572800.43000004
2025-08-01 02:22:35 PM,172.41,2,344.82,80573145.25000003
2025-08-01 02:22:56 PM,172.35,390,67216.5,80640361.75000003
2025-08-01 02:23:18 PM,172.3,0,0.0,80640361.75000003
2025-08-01 02:23:18 PM,172.3,1,172.3,80640534.05000003
2025-08-01 02:23:23 PM,172.4,500,86200.0,80726734.05000003
2025-08-01 02:23:39 PM,172.42,0,0.0,80726734.05000003
2025-08-01 02:23:39 PM,172.42,19,3275.9799999999996,80730010.03000003
2025-08-01 02:23:46 PM,172.47,0,0.0,80730010.03000003
2025-08-01 02:23:50 PM,172.47,150,25870.5,80755880.53000003
2025-08-01 02:24:06 PM,172.44,100,17244.0,80773124.53000003
2025-08-01 02:24:11 PM,172.47,298,51396.06,80824520.59000003
2025-08-01 02:24:27 PM,172.61,6,1035.66,80825556.25000003
2025-08-01 02:24:32 PM,172.61,150,25891.500000000004,80851447.75000003
2025-08-01 02:25:04 PM,172.52,0,0.0,80851447.75000003
2025-08-01 02:25:04 PM,172.52,1520,262230.4,81113678.15000004
2025-08-01 02:25:30 PM,172.72,0,0.0,81113678.15000004
2025-08-01 02:25:31 PM,172.72,233,40243.76,81153921.91000004
2025-08-01 02:25:33 PM,172.93,0,0.0,81153921.91000004
2025-08-01 02:25:36 PM,172.93,15,2593.9500000000003,81156515.86000004
2025-08-01 02:25:47 PM,172.93,37,6398.41,81162914.27000004
2025-08-01 02:25:51 PM,172.85,0,0.0,81162914.27000004
2025-08-01 02:25:52 PM,172.85,825,142601.25,81305515.52000004
2025-08-01 02:25:55 PM,172.98,0,0.0,81305515.52000004
2025-08-01 02:25:57 PM,172.98,1500,259469.99999999997,81564985.52000004
2025-08-01 02:26:22 PM,172.75,0,0.0,81564985.52000004
2025-08-01 02:26:24 PM,172.75,250,43187.5,81608173.02000004
2025-08-01 02:27:23 PM,172.75,10,1727.5,81609900.52000004
2025-08-01 02:27:43 PM,172.4,0,0.0,81609900.52000004
2025-08-01 02:27:44 PM,172.55,5101,880177.55,82490078.07000004
2025-08-01 02:27:52 PM,172.54,0,0.0,82490078.07000004
2025-08-01 02:27:55 PM,172.54,2,345.08,82490423.15000004
2025-08-01 02:28:06 PM,172.64,936,161591.03999999998,82652014.19000004
2025-08-01 02:28:08 PM,172.48,0,0.0,82652014.19000004
2025-08-01 02:28:08 PM,172.55,0,0.0,82652014.19000004
2025-08-01 02:28:11 PM,172.55,946,163232.30000000002,82815246.49000004
2025-08-01 02:28:39 PM,172.49,67,11556.83,82826803.32000004
2025-08-01 02:28:40 PM,172.56,0,0.0,82826803.32000004
2025-08-01 02:28:45 PM,172.56,45,7765.2,82834568.52000004
2025-08-01 02:28:49 PM,172.49,0,0.0,82834568.52000004
2025-08-01 02:28:49 PM,172.49,133,22941.170000000002,82857509.69000004
2025-08-01 02:29:03 PM,172.42,0,0.0,82857509.69000004
2025-08-01 02:29:07 PM,172.42,2218,382427.56,83239937.25000004
2025-08-01 02:29:18 PM,172.41,0,0.0,83239937.25000004
2025-08-01 02:29:18 PM,172.41,219,37757.79,83277695.04000005
2025-08-01 02:29:35 PM,172.41,1,172.41,83277867.45000005
2025-08-01 02:30:25 PM,172.25,1500,258375.0,83536242.45000005
2025-08-01 02:30:26 PM,172.41,0,0.0,83536242.45000005
2025-08-01 02:30:29 PM,172.41,30,5172.3,83541414.75000004
2025-08-01 02:30:45 PM,172.46,92,15866.320000000002,83557281.07000004
2025-08-01 02:30:57 PM,172.44,100,17244.0,83574525.07000004
2025-08-01 02:31:29 PM,172.61,0,0.0,83574525.07000004
2025-08-01 02:31:30 PM,172.61,15,2589.15,83577114.22000004
2025-08-01 02:31:51 PM,172.61,28,4833.08,83581947.30000004
2025-08-01 02:32:06 PM,172.61,78,13463.580000000002,83595410.88000004
2025-08-01 02:32:32 PM,172.76,0,0.0,83595410.88000004
2025-08-01 02:32:33 PM,172.77,105,18140.850000000002,83613551.73000003
2025-08-01 02:32:55 PM,172.8,100,17280.0,83630831.73000003
2025-08-01 02:33:09 PM,172.8,200,34560.0,83665391.73000003
2025-08-01 02:33:26 PM,172.66,0,0.0,83665391.73000003
2025-08-01 02:33:26 PM,172.66,100,17266.0,83682657.73000003
2025-08-01 02:34:10 PM,172.84,143,24716.12,83707373.85000004
2025-08-01 02:34:37 PM,172.72,276,47670.72,83755044.57000004
2025-08-01 02:34:38 PM,172.85,0,0.0,83755044.57000004
2025-08-01 02:34:40 PM,172.85,6,1037.1,83756081.67000003
2025-08-01 02:35:12 PM,172.99,0,0.0,83756081.67000003
2025-08-01 02:35:13 PM,172.99,1600,276784.0,84032865.67000003
2025-08-01 02:35:23 PM,173.23,0,0.0,84032865.67000003
2025-08-01 02:35:23 PM,173.23,41120,7123217.6,91156083.27000003
2025-08-01 02:35:25 PM,173.21,0,0.0,91156083.27000003
2025-08-01 02:35:26 PM,173.21,1686,292032.06,91448115.33000003
2025-08-01 02:35:45 PM,173.15,50,8657.5,91456772.83000003
2025-08-01 02:35:54 PM,173.07,0,0.0,91456772.83000003
2025-08-01 02:35:56 PM,173.07,694,120110.58,91576883.41000003
2025-08-01 02:37:09 PM,173.2,6,1039.1999999999998,91577922.61000003
2025-08-01 02:37:37 PM,173.32,0,0.0,91577922.61000003
2025-08-01 02:37:38 PM,173.32,1000,173320.0,91751242.61000003
2025-08-01 02:38:12 PM,172.99,0,0.0,91751242.61000003
2025-08-01 02:38:13 PM,172.99,2284,395109.16000000003,92146351.77000003
2025-08-01 02:38:34 PM,172.65,1,172.65,92146524.42000003
2025-08-01 02:38:40 PM,172.56,70,12079.2,92158603.62000003
2025-08-01 02:39:09 PM,172.89,0,0.0,92158603.62000003
2025-08-01 02:39:09 PM,172.89,2880,497923.19999999995,92656526.82000004
2025-08-01 02:40:11 PM,172.89,314,54287.46,92710814.28000003
2025-08-01 02:40:25 PM,173.0,0,0.0,92710814.28000003
2025-08-01 02:40:26 PM,172.89,0,0.0,92710814.28000003
2025-08-01 02:40:27 PM,172.89,52,8990.279999999999,92719804.56000003
2025-08-01 02:41:06 PM,172.89,25,4322.25,92724126.81000003
2025-08-01 02:41:23 PM,172.89,76,13139.64,92737266.45000003
2025-08-01 02:41:28 PM,172.89,43,7434.2699999999995,92744700.72000003
2025-08-01 02:42:01 PM,172.98,0,0.0,92744700.72000003
2025-08-01 02:42:05 PM,172.98,40,6919.2,92751619.92000003
2025-08-01 02:42:18 PM,173.0,0,0.0,92751619.92000003
2025-08-01 02:42:21 PM,173.0,100,17300.0,92768919.92000003
2025-08-01 02:42:39 PM,172.89,0,0.0,92768919.92000003
2025-08-01 02:42:42 PM,172.89,173,29909.969999999998,92798829.89000003
2025-08-01 02:43:30 PM,172.77,0,0.0,92798829.89000003
2025-08-01 02:43:30 PM,172.77,25,4319.25,92803149.14000003
2025-08-01 02:43:41 PM,172.77,3,518.3100000000001,92803667.45000003
2025-08-01 02:43:49 PM,172.78,0,0.0,92803667.45000003
2025-08-01 02:43:52 PM,172.77,82,14167.140000000001,92817834.59000003
2025-08-01 02:44:26 PM,172.53,0,0.0,92817834.59000003
2025-08-01 02:44:26 PM,172.53,1000,172530.0,92990364.59000003
2025-08-01 02:44:37 PM,172.68,50,8634.0,92998998.59000003
2025-08-01 02:45:02 PM,172.75,0,0.0,92998998.59000003
2025-08-01 02:45:05 PM,172.68,4,690.72,92999689.31000003
2025-08-01 02:45:14 PM,172.75,0,0.0,92999689.31000003
2025-08-01 02:45:17 PM,172.75,2,345.5,93000034.81000003
2025-08-01 02:45:39 PM,172.75,11,1900.25,93001935.06000003
2025-08-01 02:45:47 PM,172.8,0,0.0,93001935.06000003
2025-08-01 02:45:50 PM,172.8,100,17280.0,93019215.06000003
2025-08-01 02:46:12 PM,172.82,99,17109.18,93036324.24000004
2025-08-01 02:46:17 PM,172.81,0,0.0,93036324.24000004
2025-08-01 02:46:18 PM,172.81,5,864.05,93037188.29000004
2025-08-01 02:46:41 PM,172.81,1,172.81,93037361.10000004
2025-08-01 02:46:46 PM,172.69,0,0.0,93037361.10000004
2025-08-01 02:46:47 PM,172.69,60,10361.4,93047722.50000004
2025-08-01 02:47:08 PM,172.69,150,25903.5,93073626.00000004
2025-08-01 02:47:21 PM,172.82,0,0.0,93073626.00000004
2025-08-01 02:47:25 PM,172.82,8100,1399842.0,94473468.00000004
2025-08-01 02:47:26 PM,172.92,511,88362.12,94561830.12000005
2025-08-01 02:47:36 PM,172.99,324,56048.76,94617878.88000005
2025-08-01 02:47:37 PM,172.92,0,0.0,94617878.88000005
2025-08-01 02:47:39 PM,172.8,0,0.0,94617878.88000005
2025-08-01 02:47:42 PM,172.8,749,129427.20000000001,94747306.08000006
2025-08-01 02:47:53 PM,172.92,0,0.0,94747306.08000006
2025-08-01 02:47:53 PM,172.92,50,8646.0,94755952.08000006
2025-08-01 02:48:11 PM,172.92,373,64499.159999999996,94820451.24000005
2025-08-01 02:48:24 PM,172.75,0,0.0,94820451.24000005
2025-08-01 02:48:28 PM,172.75,250,43187.5,94863638.74000005
2025-08-01 02:48:42 PM,172.98,0,0.0,94863638.74000005
2025-08-01 02:48:44 PM,172.98,1000,172980.0,95036618.74000005
2025-08-01 02:49:32 PM,173.19,0,0.0,95036618.74000005
2025-08-01 02:49:34 PM,173.19,1010,174921.9,95211540.64000006
2025-08-01 02:49:41 PM,173.18,0,0.0,95211540.64000006
2025-08-01 02:49:45 PM,173.18,914,158286.52000000002,95369827.16000006
2025-08-01 02:50:07 PM,173.09,0,0.0,95369827.16000006
2025-08-01 02:50:08 PM,173.09,111,19212.99,95389040.15000005
2025-08-01 02:51:13 PM,173.09,139,24059.510000000002,95413099.66000006
2025-08-01 02:51:21 PM,172.72,0,0.0,95413099.66000006
2025-08-01 02:51:23 PM,172.72,300,51816.0,95464915.66000006
2025-08-01 02:51:40 PM,172.97,6,1037.82,95465953.48000005
2025-08-01 02:52:05 PM,172.95,0,0.0,95465953.48000005
2025-08-01 02:52:06 PM,172.95,5,864.75,95466818.23000005
2025-08-01 02:52:17 PM,172.95,113,19543.35,95486361.58000004
2025-08-01 02:53:00 PM,172.5,2000,345000.0,95831361.58000004
2025-08-01 02:53:43 PM,172.53,100,17253.0,95848614.58000004
2025-08-01 02:53:46 PM,172.77,0,0.0,95848614.58000004
2025-08-01 02:53:48 PM,172.77,30,5183.1,95853797.68000004
2025-08-01 02:54:19 PM,172.54,0,0.0,95853797.68000004
2025-08-01 02:54:20 PM,172.54,14,2415.56,95856213.24000004
2025-08-01 02:55:11 PM,172.68,0,0.0,95856213.24000004
2025-08-01 02:55:12 PM,172.67,161,27799.87,95884013.11000004
2025-08-01 02:55:31 PM,172.68,0,0.0,95884013.11000004
2025-08-01 02:55:32 PM,172.68,28,4835.04,95888848.15000005
2025-08-01 02:55:33 PM,172.67,1838,317367.45999999996,96206215.61000004
2025-08-01 02:55:48 PM,172.9,35,6051.5,96212267.11000004
2025-08-01 02:56:08 PM,172.88,0,0.0,96212267.11000004
2025-08-01 02:56:10 PM,172.88,30,5186.4,96217453.51000005
2025-08-01 02:56:27 PM,172.88,5,864.4,96218317.91000006
2025-08-01 02:56:38 PM,172.7,0,0.0,96218317.91000006
2025-08-01 02:56:38 PM,172.7,249,43002.299999999996,96261320.21000005
2025-08-01 02:57:04 PM,172.81,0,0.0,96261320.21000005
2025-08-01 02:57:06 PM,172.81,89,15380.09,96276700.30000006
2025-08-01 02:57:16 PM,172.6,0,0.0,96276700.30000006
2025-08-01 02:57:17 PM,172.6,878,151542.8,96428243.10000005
2025-08-01 02:57:20 PM,172.55,0,0.0,96428243.10000005
2025-08-01 02:57:22 PM,172.55,40,6902.0,96435145.10000005
2025-08-01 02:57:28 PM,172.62,100,17262.0,96452407.10000005
2025-08-01 02:57:36 PM,172.7,0,0.0,96452407.10000005
2025-08-01 02:57:38 PM,172.7,50,8635.0,96461042.10000005
2025-08-01 02:57:44 PM,172.7,3,518.0999999999999,96461560.20000005
2025-08-01 02:57:55 PM,172.7,1,172.7,96461732.90000005
2025-08-01 02:58:32 PM,172.69,0,0.0,96461732.90000005
2025-08-01 02:58:35 PM,172.69,5,863.45,96462596.35000005
2025-08-01 02:58:51 PM,172.55,0,0.0,96462596.35000005
2025-08-01 02:58:52 PM,172.55,59,10180.45,96472776.80000006
2025-08-01 02:58:59 PM,172.55,4,690.2,96473467.00000006
2025-08-01 02:59:05 PM,172.55,170,29333.500000000004,96502800.50000006
2025-08-01 02:59:53 PM,172.5,0,0.0,96502800.50000006
2025-08-01 02:59:54 PM,172.5,1702,293595.0,96796395.50000006
2025-08-01 03:00:07 PM,172.47,40,6898.8,96803294.30000006
2025-08-01 03:00:11 PM,172.31,0,0.0,96803294.30000006
2025-08-01 03:00:12 PM,172.31,2367,407857.77,97211152.07000005
2025-08-01 03:00:15 PM,172.42,0,0.0,97211152.07000005
2025-08-01 03:00:18 PM,172.42,50,8621.0,97219773.07000005
2025-08-01 03:00:41 PM,172.42,5,862.0999999999999,97220635.17000005
2025-08-01 03:00:43 PM,172.42,100,17242.0,97237877.17000005
2025-08-01 03:00:53 PM,172.41,20,3448.2,97241325.37000005
2025-08-01 03:01:17 PM,172.13,0,0.0,97241325.37000005
2025-08-01 03:01:17 PM,172.13,500,86065.0,97327390.37000005
2025-08-01 03:01:20 PM,172.41,423,72929.43,97400319.80000006
2025-08-01 03:01:33 PM,172.44,5,862.2,97401182.00000006
2025-08-01 03:02:18 PM,172.44,132,22762.079999999998,97423944.08000006
2025-08-01 03:03:08 PM,172.59,0,0.0,97423944.08000006
2025-08-01 03:03:10 PM,172.59,17,2934.03,97426878.11000006
2025-08-01 03:03:16 PM,172.41,600,103446.0,97530324.11000006
2025-08-01 03:03:58 PM,172.44,60,10346.4,97540670.51000006
2025-08-01 03:04:08 PM,172.41,0,0.0,97540670.51000006
2025-08-01 03:04:08 PM,172.41,1065,183616.65,97724287.16000007
2025-08-01 03:04:14 PM,172.55,10,1725.5,97726012.66000007
2025-08-01 03:04:42 PM,172.55,30,5176.5,97731189.16000007
2025-08-01 03:05:06 PM,172.55,71,12251.050000000001,97743440.21000007
2025-08-01 03:05:09 PM,172.69,224,38682.56,97782122.77000007
2025-08-01 03:05:13 PM,172.5,651,112297.5,97894420.27000007
2025-08-01 03:05:14 PM,172.57,0,0.0,97894420.27000007
2025-08-01 03:05:16 PM,172.56,678,116995.68000000001,98011415.95000008
2025-08-01 03:05:18 PM,172.38,0,0.0,98011415.95000008
2025-08-01 03:05:20 PM,172.38,1666,287185.08,98298601.03000008
2025-08-01 03:05:21 PM,172.49,0,0.0,98298601.03000008
2025-08-01 03:05:23 PM,172.49,255,43984.950000000004,98342585.98000008
2025-08-01 03:05:25 PM,172.4,0,0.0,98342585.98000008
2025-08-01 03:05:26 PM,172.4,1,172.4,98342758.38000008
2025-08-01 03:05:41 PM,172.4,253,43617.200000000004,98386375.58000009
2025-08-01 03:05:47 PM,172.55,2,345.1,98386720.68000008
2025-08-01 03:06:22 PM,172.4,407,70166.8,98456887.48000008
2025-08-01 03:06:37 PM,172.31,100,17231.0,98474118.48000008
2025-08-01 03:06:43 PM,172.19,3586,617473.34,99091591.82000008
2025-08-01 03:06:46 PM,172.13,0,0.0,99091591.82000008
2025-08-01 03:06:46 PM,172.09,154,26501.86,99118093.68000008
2025-08-01 03:06:56 PM,172.08,5,860.4000000000001,99118954.08000009
2025-08-01 03:06:58 PM,172.13,0,0.0,99118954.08000009
2025-08-01 03:06:59 PM,172.13,5,860.65,99119814.7300001
2025-08-01 03:07:02 PM,172.01,323,55559.229999999996,99175373.9600001
2025-08-01 03:07:42 PM,172.01,220,37842.2,99213216.1600001
2025-08-01 03:07:48 PM,172.01,195,33541.95,99246758.1100001
2025-08-01 03:08:23 PM,172.14,0,0.0,99246758.1100001
2025-08-01 03:08:26 PM,172.14,75,12910.499999999998,99259668.6100001
2025-08-01 03:08:49 PM,172.15,0,0.0,99259668.6100001
2025-08-01 03:08:51 PM,172.15,1000,172150.0,99431818.6100001
2025-08-01 03:08:53 PM,172.14,338,58183.31999999999,99490001.9300001
2025-08-01 03:09:38 PM,172.14,200,34428.0,99524429.9300001
2025-08-01 03:09:42 PM,172.29,26,4479.54,99528909.4700001
2025-08-01 03:09:46 PM,172.14,0,0.0,99528909.4700001
2025-08-01 03:09:49 PM,172.22,519,89382.18,99618291.65000011
2025-08-01 03:09:51 PM,172.63,7199,1242763.3699999999,100861055.02000012
2025-08-01 03:09:54 PM,172.4,0,0.0,100861055.02000012
2025-08-01 03:09:58 PM,172.4,537,92578.8,100953633.82000011
2025-08-01 03:10:02 PM,172.24,0,0.0,100953633.82000011
2025-08-01 03:10:03 PM,172.24,124,21357.760000000002,100974991.58000012
2025-08-01 03:10:06 PM,172.52,1133,195465.16,101170456.74000011
2025-08-01 03:10:12 PM,172.53,0,0.0,101170456.74000011
2025-08-01 03:10:13 PM,172.53,79,13629.87,101184086.61000012
2025-08-01 03:10:18 PM,172.3,424,73055.20000000001,101257141.81000012
2025-08-01 03:10:18 PM,172.33,0,0.0,101257141.81000012
2025-08-01 03:10:20 PM,172.33,40,6893.200000000001,101264035.01000012
2025-08-01 03:10:22 PM,172.25,0,0.0,101264035.01000012
2025-08-01 03:10:24 PM,172.25,195,33588.75,101297623.76000012
2025-08-01 03:10:27 PM,172.3,36,6202.8,101303826.56000012
2025-08-01 03:10:44 PM,172.3,17,2929.1000000000004,101306755.66000012
2025-08-01 03:10:46 PM,172.35,10,1723.5,101308479.16000012
2025-08-01 03:11:10 PM,172.35,10,1723.5,101310202.66000012
2025-08-01 03:11:26 PM,172.05,0,0.0,101310202.66000012
2025-08-01 03:11:29 PM,172.05,591,101681.55,101411884.21000011
2025-08-01 03:11:31 PM,172.28,10,1722.8,101413607.01000011
2025-08-01 03:11:34 PM,172.0,0,0.0,101413607.01000011
2025-08-01 03:11:35 PM,172.0,1000,172000.0,101585607.01000011
2025-08-01 03:11:48 PM,172.04,200,34408.0,101620015.01000011
2025-08-01 03:11:57 PM,172.04,700,120428.0,101740443.01000011
2025-08-01 03:12:21 PM,172.19,7,1205.33,101741648.34000011
2025-08-01 03:12:46 PM,172.21,251,43224.71,101784873.0500001
2025-08-01 03:13:19 PM,172.25,75,12918.75,101797791.8000001
2025-08-01 03:13:21 PM,171.92,0,0.0,101797791.8000001
2025-08-01 03:13:22 PM,171.92,4658,800803.36,102598595.1600001
2025-08-01 03:13:25 PM,171.71,1001,171881.71000000002,102770476.8700001
2025-08-01 03:13:28 PM,171.88,5,859.4,102771336.2700001
2025-08-01 03:13:34 PM,171.83,1,171.83,102771508.1000001
2025-08-01 03:13:39 PM,171.76,0,0.0,102771508.1000001
2025-08-01 03:13:40 PM,171.76,1721,295598.95999999996,103067107.06000009
2025-08-01 03:13:49 PM,171.76,10,1717.6,103068824.66000009
2025-08-01 03:13:55 PM,171.55,152,26075.600000000002,103094900.26000008
2025-08-01 03:14:01 PM,171.83,537,92272.71,103187172.97000007
2025-08-01 03:14:14 PM,171.83,5,859.1500000000001,103188032.12000008
2025-08-01 03:14:17 PM,171.83,1,171.83,103188203.95000008
2025-08-01 03:14:20 PM,171.37,2685,460128.45,103648332.40000008
2025-08-01 03:14:23 PM,171.49,20,3429.8,103651762.20000008
2025-08-01 03:14:28 PM,171.35,0,0.0,103651762.20000008
2025-08-01 03:14:29 PM,171.35,25,4283.75,103656045.95000008
2025-08-01 03:14:34 PM,171.37,0,0.0,103656045.95000008
2025-08-01 03:14:35 PM,171.37,30,5141.1,103661187.05000007
2025-08-01 03:14:38 PM,171.37,192,32903.04,103694090.09000008
2025-08-01 03:14:50 PM,171.48,50,8574.0,103702664.09000008
2025-08-01 03:14:56 PM,171.49,35,6002.150000000001,103708666.24000008
2025-08-01 03:15:01 PM,171.65,0,0.0,103708666.24000008
2025-08-01 03:15:02 PM,171.65,3364,577430.6,104286096.84000008
2025-08-01 03:15:06 PM,171.88,79,13578.52,104299675.36000007
2025-08-01 03:15:09 PM,172.0,1,172.0,104299847.36000007
2025-08-01 03:15:17 PM,171.6,1020,175032.0,104474879.36000007
2025-08-01 03:15:31 PM,171.61,33,5663.13,104480542.49000007
2025-08-01 03:15:38 PM,171.6,0,0.0,104480542.49000007
2025-08-01 03:15:39 PM,171.6,271,46503.6,104527046.09000006
2025-08-01 03:15:43 PM,171.93,0,0.0,104527046.09000006
2025-08-01 03:15:43 PM,171.93,329,56564.97,104583611.06000006
2025-08-01 03:15:48 PM,171.95,0,0.0,104583611.06000006
2025-08-01 03:15:51 PM,171.95,2417,415603.14999999997,104999214.21000007
2025-08-01 03:15:52 PM,171.66,0,0.0,104999214.21000007
2025-08-01 03:15:53 PM,171.68,3120,535641.6,105534855.81000006
2025-08-01 03:15:57 PM,171.67,0,0.0,105534855.81000006
2025-08-01 03:15:58 PM,171.67,2386,409604.62,105944460.43000007
2025-08-01 03:16:02 PM,171.85,0,0.0,105944460.43000007
2025-08-01 03:16:05 PM,171.85,50,8592.5,105953052.93000007
2025-08-01 03:16:12 PM,171.85,50,8592.5,105961645.43000007
2025-08-01 03:16:14 PM,171.85,65,11170.25,105972815.68000007
2025-08-01 03:16:18 PM,171.98,0,0.0,105972815.68000007
2025-08-01 03:16:19 PM,171.85,2237,384428.45,106357244.13000007
2025-08-01 03:16:27 PM,171.55,10301,1767136.55,108124380.68000007
2025-08-01 03:16:33 PM,171.5,574,98441.0,108222821.68000007
2025-08-01 03:16:38 PM,171.64,0,0.0,108222821.68000007
2025-08-01 03:16:40 PM,171.64,347,59559.079999999994,108282380.76000006
2025-08-01 03:16:46 PM,171.55,757,129863.35,108412244.11000006
2025-08-01 03:16:53 PM,171.47,1,171.47,108412415.58000006
2025-08-01 03:16:59 PM,171.47,125,21433.75,108433849.33000006
2025-08-01 03:17:01 PM,171.26,275,47096.5,108480945.83000006
2025-08-01 03:17:15 PM,171.26,10,1712.6,108482658.43000005
2025-08-01 03:17:20 PM,171.61,632,108457.52,108591115.95000005
2025-08-01 03:17:22 PM,171.71,0,0.0,108591115.95000005
2025-08-01 03:17:26 PM,171.71,75,12878.25,108603994.20000005
2025-08-01 03:17:36 PM,171.5,0,0.0,108603994.20000005
2025-08-01 03:17:39 PM,171.5,62,10633.0,108614627.20000005
2025-08-01 03:17:46 PM,171.49,0,0.0,108614627.20000005
2025-08-01 03:17:46 PM,171.49,830,142336.7,108756963.90000005
2025-08-01 03:17:59 PM,171.54,13,2230.02,108759193.92000005
2025-08-01 03:18:05 PM,171.52,0,0.0,108759193.92000005
2025-08-01 03:18:05 PM,171.36,1965,336722.4,109095916.32000005
2025-08-01 03:18:07 PM,171.6,4775,819390.0,109915306.32000005
2025-08-01 03:18:11 PM,171.62,0,0.0,109915306.32000005
2025-08-01 03:18:12 PM,171.62,540,92674.8,110007981.12000005
2025-08-01 03:18:23 PM,171.68,0,0.0,110007981.12000005
2025-08-01 03:18:26 PM,171.67,161,27638.87,110035619.99000005
2025-08-01 03:18:32 PM,171.67,100,17167.0,110052786.99000005
2025-08-01 03:18:38 PM,171.73,557,95653.61,110148440.60000005
2025-08-01 03:18:45 PM,171.73,120,20607.6,110169048.20000005
2025-08-01 03:18:48 PM,171.66,0,0.0,110169048.20000005
2025-08-01 03:18:51 PM,171.66,661,113467.26,110282515.46000005
2025-08-01 03:18:57 PM,171.73,0,0.0,110282515.46000005
2025-08-01 03:18:58 PM,171.73,25,4293.25,110286808.71000005
2025-08-01 03:19:05 PM,171.62,1,171.62,110286980.33000006
2025-08-01 03:19:13 PM,171.42,200,34284.0,110321264.33000006
2025-08-01 03:19:20 PM,171.41,90,15426.9,110336691.23000006
2025-08-01 03:19:31 PM,171.43,0,0.0,110336691.23000006
2025-08-01 03:19:31 PM,171.43,100,17143.0,110353834.23000006
2025-08-01 03:19:35 PM,171.41,0,0.0,110353834.23000006
2025-08-01 03:19:38 PM,171.58,62,10637.960000000001,110364472.19000006
2025-08-01 03:19:39 PM,171.7,400,68680.0,110433152.19000006
2025-08-01 03:19:44 PM,171.44,31,5314.64,110438466.83000006
2025-08-01 03:19:50 PM,171.46,2720,466371.2,110904838.03000006
2025-08-01 03:20:01 PM,171.51,0,0.0,110904838.03000006
2025-08-01 03:20:04 PM,171.51,339,58141.89,110962979.92000006
2025-08-01 03:20:05 PM,171.5,0,0.0,110962979.92000006
2025-08-01 03:20:06 PM,171.5,63,10804.5,110973784.42000006
2025-08-01 03:20:12 PM,171.5,166,28469.0,111002253.42000006
2025-08-01 03:20:22 PM,171.5,27,4630.5,111006883.92000006
2025-08-01 03:20:23 PM,171.44,0,0.0,111006883.92000006
2025-08-01 03:20:26 PM,171.03,0,0.0,111006883.92000006
2025-08-01 03:20:26 PM,171.03,704,120405.12,111127289.04000007
2025-08-01 03:20:29 PM,171.34,1567,268489.78,111395778.82000007
2025-08-01 03:20:33 PM,171.33,0,0.0,111395778.82000007
2025-08-01 03:20:33 PM,171.33,411,70416.63,111466195.45000006
2025-08-01 03:20:40 PM,171.47,1443,247431.21,111713626.66000006
2025-08-01 03:21:00 PM,171.28,900,154152.0,111867778.66000006
2025-08-01 03:21:02 PM,171.29,10,1712.8999999999999,111869491.56000006
2025-08-01 03:21:07 PM,171.49,118,20235.82,111889727.38000005
2025-08-01 03:21:24 PM,171.37,585,100251.45,111989978.83000006
2025-08-01 03:21:33 PM,171.46,0,0.0,111989978.83000006
2025-08-01 03:21:35 PM,171.46,15,2571.9,111992550.73000006
2025-08-01 03:21:36 PM,171.52,0,0.0,111992550.73000006
2025-08-01 03:21:37 PM,171.52,453,77698.56,112070249.29000007
2025-08-01 03:21:46 PM,171.49,0,0.0,112070249.29000007
2025-08-01 03:21:49 PM,171.49,8754,1501223.4600000002,113571472.75000006
2025-08-01 03:21:54 PM,170.51,0,0.0,113571472.75000006
2025-08-01 03:21:55 PM,171.1,5064,866450.4,114437923.15000007
2025-08-01 03:21:57 PM,171.25,31,5308.75,114443231.90000007
2025-08-01 03:22:01 PM,171.52,0,0.0,114443231.90000007
2025-08-01 03:22:02 PM,171.52,285,48883.200000000004,114492115.10000007
2025-08-01 03:22:08 PM,171.52,5,857.6,114492972.70000006
2025-08-01 03:22:15 PM,171.52,24,4116.4800000000005,114497089.18000007
2025-08-01 03:22:17 PM,171.75,122,20953.5,114518042.68000007
2025-08-01 03:22:22 PM,171.75,488,83814.0,114601856.68000007
2025-08-01 03:22:29 PM,171.79,123,21130.17,114622986.85000007
2025-08-01 03:22:49 PM,171.87,108,18561.96,114641548.81000006
2025-08-01 03:22:50 PM,171.75,0,0.0,114641548.81000006
