date,price,qty,trnvr,cum_trnvr
2025-08-01 09:15:00 AM,594.0,6662,3957228.0,3957228.0
2025-08-01 09:15:08 AM,593.45,0,0.0,3957228.0
2025-08-01 09:15:09 AM,593.5,10658,6325523.0,10282751.0
2025-08-01 09:15:11 AM,592.5,1917,1135822.5,11418573.5
2025-08-01 09:15:17 AM,593.75,0,0.0,11418573.5
2025-08-01 09:15:18 AM,593.65,0,0.0,11418573.5
2025-08-01 09:15:20 AM,592.75,16426,9736511.5,21155085.0
2025-08-01 09:15:22 AM,593.2,108,64065.600000000006,21219150.6
2025-08-01 09:15:28 AM,592.85,0,0.0,21219150.6
2025-08-01 09:15:29 AM,592.7,3255,1929238.5000000002,23148389.1
2025-08-01 09:15:31 AM,592.4,1072,635052.7999999999,23783441.900000002
2025-08-01 09:15:32 AM,592.65,0,0.0,23783441.900000002
2025-08-01 09:15:37 AM,592.7,0,0.0,23783441.900000002
2025-08-01 09:15:38 AM,592.7,4008,2375541.6,26158983.500000004
2025-08-01 09:15:39 AM,592.3,550,325765.0,26484748.500000004
2025-08-01 09:15:41 AM,592.0,0,0.0,26484748.500000004
2025-08-01 09:15:46 AM,592.0,4189,2479888.0,28964636.500000004
2025-08-01 09:15:48 AM,592.0,2,1184.0,28965820.500000004
2025-08-01 09:15:53 AM,592.35,0,0.0,28965820.500000004
2025-08-01 09:15:54 AM,592.0,6904,4087168.0,33052988.500000004
2025-08-01 09:15:56 AM,592.4,410,242884.0,33295872.500000004
2025-08-01 09:15:59 AM,591.65,0,0.0,33295872.500000004
2025-08-01 09:16:01 AM,591.9,0,0.0,33295872.500000004
2025-08-01 09:16:02 AM,591.9,1172,693706.7999999999,33989579.300000004
2025-08-01 09:16:04 AM,591.9,200,118380.0,34107959.300000004
2025-08-01 09:16:07 AM,591.6,0,0.0,34107959.300000004
2025-08-01 09:16:10 AM,591.85,1026,607238.1,34715197.400000006
2025-08-01 09:16:12 AM,591.55,213,126000.15,34841197.550000004
2025-08-01 09:16:12 AM,591.65,0,0.0,34841197.550000004
2025-08-01 09:16:15 AM,591.6,0,0.0,34841197.550000004
2025-08-01 09:16:18 AM,591.9,3767,2229687.3,37070884.85
2025-08-01 09:16:20 AM,591.6,38,22480.8,37093365.65
2025-08-01 09:16:23 AM,591.75,0,0.0,37093365.65
2025-08-01 09:16:25 AM,591.55,0,0.0,37093365.65
2025-08-01 09:16:27 AM,592.05,4141,2451679.05,39545044.699999996
2025-08-01 09:16:28 AM,591.85,20,11837.0,39556881.699999996
2025-08-01 09:16:35 AM,591.9,1644,973083.6,40529965.3
2025-08-01 09:16:36 AM,591.6,933,551962.8,41081928.099999994
2025-08-01 09:16:43 AM,591.95,805,476519.75000000006,41558447.849999994
2025-08-01 09:16:52 AM,592.85,1715,1016737.75,42575185.599999994
2025-08-01 09:16:53 AM,592.65,1429,846896.85,43422082.449999996
2025-08-01 09:16:53 AM,592.45,0,0.0,43422082.449999996
2025-08-01 09:16:55 AM,592.3,0,0.0,43422082.449999996
2025-08-01 09:17:00 AM,592.5,1211,717517.5,44139599.949999996
2025-08-01 09:17:02 AM,592.4,31,18364.399999999998,44157964.349999994
2025-08-01 09:17:04 AM,592.45,181,107233.45000000001,44265197.8
2025-08-01 09:17:05 AM,592.35,0,0.0,44265197.8
2025-08-01 09:17:05 AM,592.35,1,592.35,44265790.15
2025-08-01 09:17:06 AM,592.35,31,18362.850000000002,44284153.0
2025-08-01 09:17:07 AM,592.5,4557,2700022.5,46984175.5
2025-08-01 09:17:08 AM,592.85,1301,771297.85,47755473.35
2025-08-01 09:17:08 AM,592.5,400,237000.0,47992473.35
2025-08-01 09:17:08 AM,592.75,0,0.0,47992473.35
2025-08-01 09:17:09 AM,592.75,20,11855.0,48004328.35
2025-08-01 09:17:10 AM,592.5,374,221595.0,48225923.35
2025-08-01 09:17:11 AM,592.5,919,544507.5,48770430.85
2025-08-01 09:17:11 AM,592.6,85,50371.0,48820801.85
2025-08-01 09:17:14 AM,592.85,113,66992.05,48887793.9
2025-08-01 09:17:14 AM,592.55,0,0.0,48887793.9
2025-08-01 09:17:14 AM,592.55,109,64587.95,48952381.85
2025-08-01 09:17:16 AM,592.65,1,592.65,48952974.5
2025-08-01 09:17:18 AM,593.0,950,563350.0,49516324.5
2025-08-01 09:17:20 AM,592.85,0,0.0,49516324.5
2025-08-01 09:17:21 AM,592.85,1,592.85,49516917.35
2025-08-01 09:17:21 AM,592.6,0,0.0,49516917.35
2025-08-01 09:17:22 AM,592.85,562,333181.7,49850099.050000004
2025-08-01 09:17:23 AM,592.85,48,28456.800000000003,49878555.85
2025-08-01 09:17:23 AM,593.0,0,0.0,49878555.85
2025-08-01 09:17:24 AM,593.0,130,77090.0,49955645.85
2025-08-01 09:17:24 AM,593.25,200,118650.0,50074295.85
2025-08-01 09:17:30 AM,593.25,340,201705.0,50276000.85
2025-08-01 09:17:30 AM,593.25,20,11865.0,50287865.85
2025-08-01 09:17:32 AM,593.25,40,23730.0,50311595.85
2025-08-01 09:17:34 AM,593.2,1,593.2,50312189.050000004
2025-08-01 09:17:35 AM,593.2,529,313802.80000000005,50625991.85
2025-08-01 09:17:35 AM,593.2,1,593.2,50626585.050000004
2025-08-01 09:17:36 AM,593.2,100,59320.00000000001,50685905.050000004
2025-08-01 09:17:37 AM,593.15,5,2965.75,50688870.800000004
2025-08-01 09:17:38 AM,593.0,150,88950.0,50777820.800000004
2025-08-01 09:17:39 AM,593.0,190,112670.0,50890490.800000004
2025-08-01 09:17:41 AM,592.85,488,289310.8,51179801.6
2025-08-01 09:17:41 AM,592.8,0,0.0,51179801.6
2025-08-01 09:17:42 AM,592.85,280,165998.0,51345799.6
2025-08-01 09:17:43 AM,593.0,2500,1482500.0,52828299.6
2025-08-01 09:17:45 AM,592.85,0,0.0,52828299.6
2025-08-01 09:17:45 AM,592.6,0,0.0,52828299.6
2025-08-01 09:17:46 AM,592.6,354,209780.4,53038080.0
2025-08-01 09:17:46 AM,593.0,0,0.0,53038080.0
2025-08-01 09:17:47 AM,593.0,1103,654079.0,53692159.0
2025-08-01 09:17:49 AM,592.95,0,0.0,53692159.0
2025-08-01 09:17:50 AM,592.85,110,65213.5,53757372.5
2025-08-01 09:17:52 AM,592.85,91,53949.35,53811321.85
2025-08-01 09:17:52 AM,592.95,7,4150.650000000001,53815472.5
2025-08-01 09:17:53 AM,592.85,576,341481.60000000003,54156954.1
2025-08-01 09:17:53 AM,592.95,50,29647.500000000004,54186601.6
2025-08-01 09:17:53 AM,592.75,0,0.0,54186601.6
2025-08-01 09:17:54 AM,592.75,72,42678.0,54229279.6
2025-08-01 09:17:54 AM,592.95,100,59295.00000000001,54288574.6
2025-08-01 09:17:55 AM,592.85,500,296425.0,54584999.6
2025-08-01 09:17:55 AM,592.85,45,26678.25,54611677.85
2025-08-01 09:17:56 AM,592.9,10,5929.0,54617606.85
2025-08-01 09:17:57 AM,592.9,2,1185.8,54618792.65
2025-08-01 09:17:58 AM,592.9,50,29645.0,54648437.65
2025-08-01 09:17:59 AM,592.8,2,1185.6,54649623.25
2025-08-01 09:18:00 AM,592.95,0,0.0,54649623.25
2025-08-01 09:18:00 AM,592.95,201,119182.95000000001,54768806.2
2025-08-01 09:18:01 AM,592.95,11,6522.450000000001,54775328.650000006
2025-08-01 09:18:04 AM,592.95,4,2371.8,54777700.45
2025-08-01 09:18:05 AM,593.1,2877,1706348.7,56484049.150000006
2025-08-01 09:18:06 AM,593.2,271,160757.2,56644806.35000001
2025-08-01 09:18:08 AM,593.25,521,309083.25,56953889.60000001
2025-08-01 09:18:09 AM,593.15,1,593.15,56954482.75000001
2025-08-01 09:18:11 AM,593.25,187,110937.75,57065420.50000001
2025-08-01 09:18:12 AM,593.5,2166,1285521.0,58350941.50000001
2025-08-01 09:18:12 AM,593.85,0,0.0,58350941.50000001
2025-08-01 09:18:13 AM,593.85,8,4750.8,58355692.300000004
2025-08-01 09:18:14 AM,593.85,30,17815.5,58373507.800000004
2025-08-01 09:18:15 AM,593.85,10,5938.5,58379446.300000004
2025-08-01 09:18:15 AM,593.55,0,0.0,58379446.300000004
2025-08-01 09:18:16 AM,593.55,20,11871.0,58391317.300000004
2025-08-01 09:18:16 AM,593.45,0,0.0,58391317.300000004
2025-08-01 09:18:17 AM,593.45,58,34420.100000000006,58425737.400000006
2025-08-01 09:18:19 AM,593.4,25,14835.0,58440572.400000006
2025-08-01 09:18:20 AM,593.75,12,7125.0,58447697.400000006
2025-08-01 09:18:20 AM,593.75,27,16031.25,58463728.650000006
2025-08-01 09:18:21 AM,593.75,112,66500.0,58530228.650000006
2025-08-01 09:18:22 AM,593.8,678,402596.39999999997,58932825.050000004
2025-08-01 09:18:24 AM,593.4,20,11868.0,58944693.050000004
2025-08-01 09:18:24 AM,593.8,0,0.0,58944693.050000004
2025-08-01 09:18:25 AM,593.85,141,83732.85,59028425.900000006
2025-08-01 09:18:25 AM,593.75,0,0.0,59028425.900000006
2025-08-01 09:18:26 AM,593.75,10,5937.5,59034363.400000006
2025-08-01 09:18:27 AM,593.75,2,1187.5,59035550.900000006
2025-08-01 09:18:29 AM,593.85,0,0.0,59035550.900000006
2025-08-01 09:18:30 AM,593.85,25,14846.25,59050397.150000006
2025-08-01 09:18:31 AM,593.75,0,0.0,59050397.150000006
2025-08-01 09:18:31 AM,593.25,0,0.0,59050397.150000006
2025-08-01 09:18:32 AM,593.25,1398,829363.5,59879760.650000006
2025-08-01 09:18:32 AM,593.6,0,0.0,59879760.650000006
2025-08-01 09:18:33 AM,593.6,100,59360.0,59939120.650000006
2025-08-01 09:18:33 AM,593.6,1,593.6,59939714.25000001
2025-08-01 09:18:34 AM,593.3,365,216554.49999999997,60156268.75000001
2025-08-01 09:18:34 AM,593.25,0,0.0,60156268.75000001
2025-08-01 09:18:35 AM,593.25,80,47460.0,60203728.75000001
2025-08-01 09:18:35 AM,593.85,3000,1781550.0,61985278.75000001
2025-08-01 09:18:36 AM,593.55,1,593.55,61985872.300000004
2025-08-01 09:18:37 AM,593.55,2,1187.1,61987059.400000006
2025-08-01 09:18:37 AM,593.55,2,1187.1,61988246.50000001
2025-08-01 09:18:38 AM,593.8,250,148450.0,62136696.50000001
2025-08-01 09:18:38 AM,594.0,0,0.0,62136696.50000001
2025-08-01 09:18:39 AM,594.0,635,377190.0,62513886.50000001
2025-08-01 09:18:40 AM,593.5,0,0.0,62513886.50000001
2025-08-01 09:18:41 AM,593.5,100,59350.0,62573236.50000001
2025-08-01 09:18:42 AM,593.4,57,33823.799999999996,62607060.300000004
2025-08-01 09:18:47 AM,593.5,6,3561.0,62610621.300000004
2025-08-01 09:18:48 AM,593.75,0,0.0,62610621.300000004
2025-08-01 09:18:49 AM,593.75,50,29687.5,62640308.800000004
2025-08-01 09:18:55 AM,593.75,20,11875.0,62652183.800000004
2025-08-01 09:18:56 AM,593.5,10,5935.0,62658118.800000004
2025-08-01 09:18:56 AM,593.75,0,0.0,62658118.800000004
2025-08-01 09:18:57 AM,593.75,100,59375.0,62717493.800000004
2025-08-01 09:18:58 AM,593.55,10,5935.5,62723429.300000004
2025-08-01 09:18:59 AM,593.75,0,0.0,62723429.300000004
2025-08-01 09:19:00 AM,593.75,1000,593750.0,63317179.300000004
2025-08-01 09:19:01 AM,593.4,2380,1412292.0,64729471.300000004
2025-08-01 09:19:01 AM,593.5,0,0.0,64729471.300000004
2025-08-01 09:19:02 AM,593.15,542,321487.3,65050958.6
2025-08-01 09:19:03 AM,593.15,38,22539.7,65073498.300000004
2025-08-01 09:19:06 AM,593.15,100,59315.0,65132813.300000004
2025-08-01 09:19:06 AM,593.05,0,0.0,65132813.300000004
2025-08-01 09:19:07 AM,593.05,16,9488.8,65142302.1
2025-08-01 09:19:09 AM,593.1,86,51006.6,65193308.7
2025-08-01 09:19:10 AM,593.1,5,2965.5,65196274.2
2025-08-01 09:19:10 AM,593.0,0,0.0,65196274.2
2025-08-01 09:19:11 AM,593.0,69,40917.0,65237191.2
2025-08-01 09:19:11 AM,593.1,0,0.0,65237191.2
2025-08-01 09:19:12 AM,593.1,34,20165.4,65257356.6
2025-08-01 09:19:13 AM,592.9,4416,2618246.4,67875603.0
2025-08-01 09:19:13 AM,592.95,0,0.0,67875603.0
2025-08-01 09:19:14 AM,592.95,1,592.95,67876195.95
2025-08-01 09:19:14 AM,593.1,0,0.0,67876195.95
2025-08-01 09:19:15 AM,593.1,107,63461.700000000004,67939657.65
2025-08-01 09:19:15 AM,592.8,0,0.0,67939657.65
2025-08-01 09:19:16 AM,592.8,50,29639.999999999996,67969297.65
2025-08-01 09:19:17 AM,592.8,1134,672235.2,68641532.85000001
2025-08-01 09:19:17 AM,593.0,0,0.0,68641532.85000001
2025-08-01 09:19:18 AM,593.1,420,249102.0,68890634.85000001
2025-08-01 09:19:19 AM,593.1,2,1186.2,68891821.05000001
2025-08-01 09:19:21 AM,593.1,100,59310.0,68951131.05000001
2025-08-01 09:19:23 AM,593.1,1,593.1,68951724.15
2025-08-01 09:19:24 AM,592.9,2,1185.8,68952909.95
2025-08-01 09:19:24 AM,593.1,0,0.0,68952909.95
2025-08-01 09:19:25 AM,593.1,109,64647.9,69017557.85000001
2025-08-01 09:19:25 AM,593.0,0,0.0,69017557.85000001
2025-08-01 09:19:26 AM,593.0,41,24313.0,69041870.85000001
2025-08-01 09:19:27 AM,593.0,59,34987.0,69076857.85000001
2025-08-01 09:19:31 AM,592.9,10,5929.0,69082786.85000001
2025-08-01 09:19:31 AM,592.6,0,0.0,69082786.85000001
2025-08-01 09:19:31 AM,592.6,281,166520.6,69249307.45
2025-08-01 09:19:34 AM,592.4,2264,1341193.5999999999,70590501.05
2025-08-01 09:19:35 AM,592.3,0,0.0,70590501.05
2025-08-01 09:19:36 AM,592.05,110,65125.49999999999,70655626.55
2025-08-01 09:19:37 AM,592.0,0,0.0,70655626.55
2025-08-01 09:19:38 AM,592.0,426,252192.0,70907818.55
2025-08-01 09:19:39 AM,592.05,84,49732.2,70957550.75
2025-08-01 09:19:40 AM,592.05,70,41443.5,70998994.25
2025-08-01 09:19:40 AM,592.05,31,18353.55,71017347.8
2025-08-01 09:19:41 AM,592.05,121,71638.04999999999,71088985.85
2025-08-01 09:19:43 AM,592.45,0,0.0,71088985.85
2025-08-01 09:19:43 AM,592.45,500,296225.0,71385210.85
2025-08-01 09:19:46 AM,592.25,0,0.0,71385210.85
2025-08-01 09:19:47 AM,592.25,85,50341.25,71435552.1
2025-08-01 09:19:47 AM,592.65,300,177795.0,71613347.1
2025-08-01 09:19:48 AM,592.7,0,0.0,71613347.1
2025-08-01 09:19:49 AM,592.7,91,53935.700000000004,71667282.8
2025-08-01 09:19:50 AM,592.7,42,24893.4,71692176.2
2025-08-01 09:19:51 AM,592.75,40,23710.0,71715886.2
2025-08-01 09:19:52 AM,592.7,1,592.7,71716478.9
2025-08-01 09:19:53 AM,592.75,250,148187.5,71864666.4
2025-08-01 09:19:55 AM,592.6,0,0.0,71864666.4
2025-08-01 09:19:55 AM,592.6,60,35556.0,71900222.4
2025-08-01 09:19:58 AM,592.6,17,10074.2,71910296.60000001
2025-08-01 09:19:58 AM,592.5,0,0.0,71910296.60000001
2025-08-01 09:19:59 AM,592.5,100,59250.0,71969546.60000001
2025-08-01 09:19:59 AM,592.6,0,0.0,71969546.60000001
2025-08-01 09:20:00 AM,592.6,10,5926.0,71975472.60000001
2025-08-01 09:20:02 AM,592.6,8,4740.8,71980213.4
2025-08-01 09:20:03 AM,592.5,219,129757.5,72109970.9
2025-08-01 09:20:06 AM,592.45,27,15996.150000000001,72125967.05000001
2025-08-01 09:20:07 AM,592.3,1501,889042.2999999999,73015009.35000001
2025-08-01 09:20:08 AM,592.25,0,0.0,73015009.35000001
2025-08-01 09:20:08 AM,592.1,0,0.0,73015009.35000001
2025-08-01 09:20:09 AM,592.1,110,65131.0,73080140.35000001
2025-08-01 09:20:12 AM,592.35,75,44426.25,73124566.60000001
2025-08-01 09:20:14 AM,592.3,40,23692.0,73148258.60000001
2025-08-01 09:20:15 AM,592.0,1812,1072704.0,74220962.60000001
2025-08-01 09:20:16 AM,591.85,4098,2425401.3000000003,76646363.9
2025-08-01 09:20:16 AM,592.0,0,0.0,76646363.9
2025-08-01 09:20:17 AM,592.0,250,148000.0,76794363.9
2025-08-01 09:20:19 AM,591.8,150,88770.0,76883133.9
2025-08-01 09:20:19 AM,592.0,0,0.0,76883133.9
2025-08-01 09:20:19 AM,592.0,10,5920.0,76889053.9
2025-08-01 09:20:21 AM,592.25,1804,1068419.0,77957472.9
2025-08-01 09:20:21 AM,592.15,17,10066.55,77967539.45
2025-08-01 09:20:21 AM,592.0,0,0.0,77967539.45
2025-08-01 09:20:22 AM,592.1,250,148025.0,78115564.45
2025-08-01 09:20:23 AM,591.8,0,0.0,78115564.45
2025-08-01 09:20:23 AM,591.8,250,147950.0,78263514.45
2025-08-01 09:20:24 AM,591.8,216,127828.79999999999,78391343.25
2025-08-01 09:20:24 AM,592.05,0,0.0,78391343.25
2025-08-01 09:20:25 AM,592.05,55,32562.749999999996,78423906.0
2025-08-01 09:20:25 AM,591.95,667,394830.65,78818736.65
2025-08-01 09:20:26 AM,592.05,0,0.0,78818736.65
2025-08-01 09:20:27 AM,592.05,330,195376.49999999997,79014113.15
2025-08-01 09:20:33 AM,592.0,42,24864.0,79038977.15
2025-08-01 09:20:33 AM,591.75,0,0.0,79038977.15
2025-08-01 09:20:34 AM,591.75,280,165690.0,79204667.15
2025-08-01 09:20:35 AM,592.05,220,130250.99999999999,79334918.15
2025-08-01 09:20:37 AM,592.05,2,1184.1,79336102.25
2025-08-01 09:20:39 AM,592.05,99,58612.95,79394715.2
2025-08-01 09:20:41 AM,591.8,8,4734.4,79399449.60000001
2025-08-01 09:20:42 AM,592.0,71,42032.0,79441481.60000001
2025-08-01 09:20:44 AM,591.95,2,1183.9,79442665.50000001
2025-08-01 09:20:44 AM,591.95,6,3551.7000000000003,79446217.20000002
2025-08-01 09:20:45 AM,592.0,50,29600.0,79475817.20000002
2025-08-01 09:20:47 AM,591.55,1371,811015.0499999999,80286832.25000001
2025-08-01 09:20:49 AM,591.7,0,0.0,80286832.25000001
2025-08-01 09:20:49 AM,591.7,110,65087.00000000001,80351919.25000001
2025-08-01 09:20:50 AM,591.7,2,1183.4,80353102.65000002
2025-08-01 09:20:51 AM,591.55,0,0.0,80353102.65000002
2025-08-01 09:20:52 AM,591.55,51,30169.05,80383271.70000002
2025-08-01 09:20:52 AM,591.35,0,0.0,80383271.70000002
2025-08-01 09:20:53 AM,591.6,702,415303.2,80798574.90000002
2025-08-01 09:20:53 AM,591.55,0,0.0,80798574.90000002
2025-08-01 09:20:54 AM,591.6,484,286334.4,81084909.30000003
2025-08-01 09:20:54 AM,592.0,0,0.0,81084909.30000003
2025-08-01 09:20:55 AM,592.0,2844,1683648.0,82768557.30000003
2025-08-01 09:20:57 AM,591.8,30,17754.0,82786311.30000003
2025-08-01 09:20:59 AM,591.95,0,0.0,82786311.30000003
2025-08-01 09:21:00 AM,591.95,19,11247.050000000001,82797558.35000002
2025-08-01 09:21:02 AM,591.95,300,177585.0,82975143.35000002
2025-08-01 09:21:07 AM,591.95,100,59195.00000000001,83034338.35000002
2025-08-01 09:21:07 AM,591.95,21,12430.95,83046769.30000003
2025-08-01 09:21:08 AM,591.95,116,68666.20000000001,83115435.50000003
2025-08-01 09:21:08 AM,591.8,0,0.0,83115435.50000003
2025-08-01 09:21:09 AM,591.8,374,221333.19999999998,83336768.70000003
2025-08-01 09:21:09 AM,591.8,15,8877.0,83345645.70000003
2025-08-01 09:21:11 AM,591.95,50,29597.500000000004,83375243.20000003
2025-08-01 09:21:11 AM,591.95,249,147395.55000000002,83522638.75000003
2025-08-01 09:21:15 AM,591.85,23,13612.550000000001,83536251.30000003
2025-08-01 09:21:20 AM,591.85,21,12428.85,83548680.15000002
2025-08-01 09:21:21 AM,591.85,17,10061.45,83558741.60000002
2025-08-01 09:21:22 AM,591.85,80,47348.0,83606089.60000002
2025-08-01 09:21:22 AM,591.95,0,0.0,83606089.60000002
2025-08-01 09:21:23 AM,591.95,50,29597.500000000004,83635687.10000002
2025-08-01 09:21:24 AM,591.95,1,591.95,83636279.05000003
2025-08-01 09:21:26 AM,592.5,0,0.0,83636279.05000003
2025-08-01 09:21:26 AM,592.5,2528,1497840.0,85134119.05000003
2025-08-01 09:21:30 AM,592.6,0,0.0,85134119.05000003
2025-08-01 09:21:31 AM,592.6,1,592.6,85134711.65000002
2025-08-01 09:21:32 AM,592.6,2,1185.2,85135896.85000002
2025-08-01 09:21:32 AM,592.6,8,4740.8,85140637.65000002
2025-08-01 09:21:33 AM,592.45,1,592.45,85141230.10000002
2025-08-01 09:21:37 AM,592.6,0,0.0,85141230.10000002
2025-08-01 09:21:37 AM,592.6,188,111408.8,85252638.90000002
2025-08-01 09:21:38 AM,592.6,378,224002.80000000002,85476641.70000002
2025-08-01 09:21:39 AM,592.6,2,1185.2,85477826.90000002
2025-08-01 09:21:39 AM,592.7,0,0.0,85477826.90000002
2025-08-01 09:21:40 AM,592.7,25,14817.500000000002,85492644.40000002
2025-08-01 09:21:42 AM,592.7,3,1778.1000000000001,85494422.50000001
2025-08-01 09:21:44 AM,592.7,6,3556.2000000000003,85497978.70000002
2025-08-01 09:21:46 AM,592.7,20,11854.0,85509832.70000002
2025-08-01 09:21:46 AM,592.6,0,0.0,85509832.70000002
2025-08-01 09:21:47 AM,592.6,304,180150.4,85689983.10000002
2025-08-01 09:21:47 AM,592.7,100,59270.00000000001,85749253.10000002
2025-08-01 09:21:53 AM,592.6,34,20148.4,85769401.50000003
2025-08-01 09:21:53 AM,592.7,0,0.0,85769401.50000003
2025-08-01 09:21:54 AM,592.7,25,14817.500000000002,85784219.00000003
2025-08-01 09:21:54 AM,592.65,249,147569.85,85931788.85000002
2025-08-01 09:21:54 AM,592.7,0,0.0,85931788.85000002
2025-08-01 09:21:55 AM,592.7,20,11854.0,85943642.85000002
2025-08-01 09:21:55 AM,592.7,46,27264.2,85970907.05000003
2025-08-01 09:21:57 AM,592.9,1000,592900.0,86563807.05000003
2025-08-01 09:21:58 AM,592.55,0,0.0,86563807.05000003
2025-08-01 09:21:58 AM,592.55,477,282646.35,86846453.40000002
2025-08-01 09:21:59 AM,592.65,0,0.0,86846453.40000002
2025-08-01 09:21:59 AM,592.65,50,29632.5,86876085.90000002
2025-08-01 09:22:00 AM,592.7,0,0.0,86876085.90000002
2025-08-01 09:22:04 AM,592.7,213,126245.1,87002331.00000001
2025-08-01 09:22:05 AM,592.5,2,1185.0,87003516.00000001
2025-08-01 09:22:07 AM,592.75,0,0.0,87003516.00000001
2025-08-01 09:22:10 AM,593.0,0,0.0,87003516.00000001
2025-08-01 09:22:12 AM,593.0,284,168412.0,87171928.00000001
2025-08-01 09:22:13 AM,593.1,330,195723.0,87367651.00000001
2025-08-01 09:22:21 AM,592.95,100,59295.00000000001,87426946.00000001
2025-08-01 09:22:24 AM,592.7,0,0.0,87426946.00000001
2025-08-01 09:22:27 AM,592.5,464,274920.0,87701866.00000001
2025-08-01 09:22:29 AM,592.5,38,22515.0,87724381.00000001
2025-08-01 09:22:35 AM,592.0,3111,1841712.0,89566093.00000001
2025-08-01 09:22:36 AM,592.3,0,0.0,89566093.00000001
2025-08-01 09:22:42 AM,592.45,2075,1229333.75,90795426.75000001
2025-08-01 09:22:43 AM,592.7,0,0.0,90795426.75000001
2025-08-01 09:22:44 AM,592.7,51,30227.7,90825654.45000002
2025-08-01 09:22:50 AM,592.7,107,63418.9,90889073.35000002
2025-08-01 09:22:52 AM,592.75,52,30823.0,90919896.35000002
2025-08-01 09:22:57 AM,592.5,0,0.0,90919896.35000002
2025-08-01 09:22:58 AM,592.5,896,530880.0,91450776.35000002
2025-08-01 09:23:02 AM,592.55,0,0.0,91450776.35000002
2025-08-01 09:23:05 AM,592.55,2955,1750985.2499999998,93201761.60000002
2025-08-01 09:23:07 AM,592.3,992,587561.6,93789323.20000002
2025-08-01 09:23:09 AM,592.5,0,0.0,93789323.20000002
2025-08-01 09:23:13 AM,592.5,901,533842.5,94323165.70000002
2025-08-01 09:23:16 AM,592.3,0,0.0,94323165.70000002
2025-08-01 09:23:21 AM,592.3,755,447186.49999999994,94770352.20000002
2025-08-01 09:23:22 AM,592.5,288,170640.0,94940992.20000002
2025-08-01 09:23:23 AM,592.45,0,0.0,94940992.20000002
2025-08-01 09:23:23 AM,592.5,0,0.0,94940992.20000002
2025-08-01 09:23:28 AM,592.55,226,133916.3,95074908.50000001
2025-08-01 09:23:30 AM,592.55,2,1185.1,95076093.60000001
2025-08-01 09:23:36 AM,592.45,302,178919.90000000002,95255013.50000001
2025-08-01 09:23:43 AM,592.0,1989,1177488.0,96432501.50000001
2025-08-01 09:23:45 AM,592.05,1000,592050.0,97024551.50000001
2025-08-01 09:23:49 AM,592.0,0,0.0,97024551.50000001
2025-08-01 09:23:51 AM,592.05,6,3552.2999999999997,97028103.80000001
2025-08-01 09:23:53 AM,592.45,643,380945.35000000003,97409049.15
2025-08-01 09:23:55 AM,592.25,0,0.0,97409049.15
2025-08-01 09:23:59 AM,592.25,54,31981.5,97441030.65
2025-08-01 09:24:01 AM,592.5,0,0.0,97441030.65
2025-08-01 09:24:02 AM,592.5,435,257737.5,97698768.15
2025-08-01 09:24:03 AM,592.65,0,0.0,97698768.15
2025-08-01 09:24:04 AM,592.65,1000,592650.0,98291418.15
2025-08-01 09:24:07 AM,592.55,1,592.55,98292010.7
2025-08-01 09:24:09 AM,592.55,100,59254.99999999999,98351265.7
2025-08-01 09:24:09 AM,592.3,30,17769.0,98369034.7
2025-08-01 09:24:13 AM,592.3,24,14215.199999999999,98383249.9
2025-08-01 09:24:16 AM,592.3,1235,731490.5,99114740.4
2025-08-01 09:24:19 AM,592.6,0,0.0,99114740.4
2025-08-01 09:24:20 AM,592.35,719,425899.65,99540640.05000001
2025-08-01 09:24:24 AM,592.55,715,423673.24999999994,99964313.30000001
2025-08-01 09:24:25 AM,592.3,0,0.0,99964313.30000001
2025-08-01 09:24:25 AM,592.3,80,47384.0,100011697.30000001
2025-08-01 09:24:27 AM,592.3,1185,701875.5,100713572.80000001
2025-08-01 09:24:28 AM,592.45,81,47988.450000000004,100761561.25000001
2025-08-01 09:24:32 AM,592.3,207,122606.09999999999,100884167.35000001
2025-08-01 09:24:33 AM,592.3,2485,1471865.5,102356032.85000001
2025-08-01 09:24:35 AM,592.3,35,20730.5,102376763.35000001
2025-08-01 09:24:40 AM,592.3,147,87068.09999999999,102463831.45
2025-08-01 09:24:40 AM,592.35,0,0.0,102463831.45
2025-08-01 09:24:41 AM,592.35,740,438339.0,102902170.45
2025-08-01 09:24:42 AM,592.3,0,0.0,102902170.45
2025-08-01 09:24:43 AM,592.3,374,221520.19999999998,103123690.65
2025-08-01 09:24:44 AM,592.3,1205,713721.5,103837412.15
2025-08-01 09:24:45 AM,592.3,1199,710167.7,104547579.85000001
2025-08-01 09:24:48 AM,592.05,0,0.0,104547579.85000001
2025-08-01 09:24:48 AM,592.05,12,7104.599999999999,104554684.45
2025-08-01 09:24:49 AM,592.05,83,49140.149999999994,104603824.60000001
2025-08-01 09:24:50 AM,592.3,60,35538.0,104639362.60000001
2025-08-01 09:24:52 AM,592.0,94,55648.0,104695010.60000001
2025-08-01 09:24:54 AM,592.15,1,592.15,104695602.75000001
2025-08-01 09:24:59 AM,592.3,0,0.0,104695602.75000001
2025-08-01 09:25:00 AM,592.25,2560,1516160.0,106211762.75000001
2025-08-01 09:25:06 AM,592.0,541,320272.0,106532034.75000001
2025-08-01 09:25:09 AM,592.0,100,59200.0,106591234.75000001
2025-08-01 09:25:14 AM,592.0,399,236208.0,106827442.75000001
2025-08-01 09:25:19 AM,592.15,0,0.0,106827442.75000001
2025-08-01 09:25:22 AM,592.3,1407,833366.1,107660808.85000001
2025-08-01 09:25:25 AM,592.35,0,0.0,107660808.85000001
2025-08-01 09:25:29 AM,592.35,142,84113.7,107744922.55000001
2025-08-01 09:25:31 AM,592.35,234,138609.9,107883532.45000002
2025-08-01 09:25:31 AM,592.15,0,0.0,107883532.45000002
2025-08-01 09:25:37 AM,592.3,604,357749.19999999995,108241281.65000002
2025-08-01 09:25:37 AM,592.2,0,0.0,108241281.65000002
2025-08-01 09:25:39 AM,592.2,51,30202.2,108271483.85000002
2025-08-01 09:25:44 AM,592.35,136,80559.6,108352043.45000002
2025-08-01 09:25:46 AM,592.2,410,242802.00000000003,108594845.45000002
2025-08-01 09:25:52 AM,592.35,400,236940.0,108831785.45000002
2025-08-01 09:25:54 AM,592.2,100,59220.00000000001,108891005.45000002
2025-08-01 09:25:59 AM,592.2,106,62773.200000000004,108953778.65000002
2025-08-01 09:26:00 AM,592.35,0,0.0,108953778.65000002
2025-08-01 09:26:01 AM,592.35,5,2961.75,108956740.40000002
2025-08-01 09:26:01 AM,592.2,0,0.0,108956740.40000002
2025-08-01 09:26:01 AM,592.2,9,5329.8,108962070.20000002
2025-08-01 09:26:02 AM,592.2,123,72840.6,109034910.80000001
2025-08-01 09:26:11 AM,592.35,0,0.0,109034910.80000001
2025-08-01 09:26:12 AM,592.35,60,35541.0,109070451.80000001
2025-08-01 09:26:13 AM,592.2,1,592.2,109071044.00000001
2025-08-01 09:26:14 AM,592.2,1,592.2,109071636.20000002
2025-08-01 09:26:17 AM,592.2,401,237472.2,109309108.40000002
2025-08-01 09:26:19 AM,592.2,460,272412.0,109581520.40000002
2025-08-01 09:26:20 AM,591.95,8885,5259475.75,114840996.15000002
2025-08-01 09:26:21 AM,592.0,0,0.0,114840996.15000002
2025-08-01 09:26:21 AM,592.0,100,59200.0,114900196.15000002
2025-08-01 09:26:23 AM,591.85,0,0.0,114900196.15000002
2025-08-01 09:26:23 AM,591.85,30,17755.5,114917951.65000002
2025-08-01 09:26:25 AM,591.85,30,17755.5,114935707.15000002
2025-08-01 09:26:27 AM,591.7,1519,898792.3,115834499.45000002
2025-08-01 09:26:29 AM,591.6,0,0.0,115834499.45000002
2025-08-01 09:26:29 AM,591.8,123,72791.4,115907290.85000002
2025-08-01 09:26:36 AM,591.6,25,14790.0,115922080.85000002
2025-08-01 09:26:36 AM,591.75,3,1775.25,115923856.10000002
2025-08-01 09:26:37 AM,591.75,15,8876.25,115932732.35000002
2025-08-01 09:26:39 AM,591.6,0,0.0,115932732.35000002
2025-08-01 09:26:39 AM,592.0,0,0.0,115932732.35000002
2025-08-01 09:26:40 AM,592.0,2021,1196432.0,117129164.35000002
2025-08-01 09:26:43 AM,592.0,245,145040.0,117274204.35000002
2025-08-01 09:26:45 AM,592.0,19,11248.0,117285452.35000002
2025-08-01 09:26:46 AM,592.2,1001,592792.2000000001,117878244.55000003
2025-08-01 09:26:47 AM,592.15,30,17764.5,117896009.05000003
2025-08-01 09:26:48 AM,592.15,50,29607.5,117925616.55000003
2025-08-01 09:26:48 AM,592.15,115,68097.25,117993713.80000003
2025-08-01 09:26:50 AM,592.15,21,12435.15,118006148.95000003
2025-08-01 09:26:50 AM,592.2,266,157525.2,118163674.15000004
2025-08-01 09:26:51 AM,592.3,100,59229.99999999999,118222904.15000004
2025-08-01 09:26:51 AM,592.35,25,14808.75,118237712.90000004
2025-08-01 09:26:51 AM,592.5,0,0.0,118237712.90000004
2025-08-01 09:26:52 AM,592.5,1461,865642.5,119103355.40000004
2025-08-01 09:26:52 AM,592.4,24,14217.599999999999,119117573.00000003
2025-08-01 09:26:53 AM,592.4,22,13032.8,119130605.80000003
2025-08-01 09:26:54 AM,592.55,6157,3648330.3499999996,122778936.15000002
2025-08-01 09:26:54 AM,592.45,12,7109.400000000001,122786045.55000003
2025-08-01 09:26:56 AM,592.5,100,59250.0,122845295.55000003
2025-08-01 09:26:59 AM,592.45,0,0.0,122845295.55000003
2025-08-01 09:27:00 AM,592.45,8,4739.6,122850035.15000002
2025-08-01 09:27:01 AM,592.5,0,0.0,122850035.15000002
2025-08-01 09:27:02 AM,592.5,2,1185.0,122851220.15000002
2025-08-01 09:27:02 AM,592.45,0,0.0,122851220.15000002
2025-08-01 09:27:02 AM,592.45,5,2962.25,122854182.40000002
2025-08-01 09:27:03 AM,592.55,0,0.0,122854182.40000002
2025-08-01 09:27:03 AM,592.55,1560,924377.9999999999,123778560.40000002
2025-08-01 09:27:04 AM,592.55,1,592.55,123779152.95000002
2025-08-01 09:27:05 AM,592.7,0,0.0,123779152.95000002
2025-08-01 09:27:05 AM,592.7,2788,1652447.6,125431600.55000001
2025-08-01 09:27:06 AM,592.7,21,12446.7,125444047.25000001
2025-08-01 09:27:06 AM,592.7,378,224040.6,125668087.85000001
2025-08-01 09:27:07 AM,592.7,20,11854.0,125679941.85000001
2025-08-01 09:27:10 AM,592.6,107,63408.200000000004,125743350.05000001
2025-08-01 09:27:13 AM,592.6,1,592.6,125743942.65
2025-08-01 09:27:16 AM,592.7,10,5927.0,125749869.65
2025-08-01 09:27:17 AM,592.6,1,592.6,125750462.25
2025-08-01 09:27:20 AM,592.6,3,1777.8000000000002,125752240.05
2025-08-01 09:27:22 AM,592.6,281,166520.6,125918760.64999999
2025-08-01 09:27:23 AM,592.7,200,118540.00000000001,126037300.64999999
2025-08-01 09:27:28 AM,592.55,55,32590.249999999996,126069890.89999999
2025-08-01 09:27:32 AM,592.55,105,62217.74999999999,126132108.64999999
2025-08-01 09:27:35 AM,592.5,58,34365.0,126166473.64999999
2025-08-01 09:27:38 AM,592.5,431,255367.5,126421841.14999999
2025-08-01 09:27:41 AM,592.5,2615,1549387.5,127971228.64999999
2025-08-01 09:27:42 AM,592.35,100,59235.0,128030463.64999999
2025-08-01 09:27:44 AM,592.4,8,4739.2,128035202.85
2025-08-01 09:27:46 AM,592.15,41,24278.149999999998,128059481.0
2025-08-01 09:27:48 AM,592.3,6,3553.7999999999997,128063034.8
2025-08-01 09:27:51 AM,592.0,0,0.0,128063034.8
2025-08-01 09:27:52 AM,592.0,132,78144.0,128141178.8
2025-08-01 09:27:54 AM,592.0,8,4736.0,128145914.8
2025-08-01 09:27:55 AM,592.0,9,5328.0,128151242.8
2025-08-01 09:27:59 AM,592.05,50,29602.499999999996,128180845.3
2025-08-01 09:28:00 AM,591.85,0,0.0,128180845.3
2025-08-01 09:28:01 AM,591.85,1439,851672.15,129032517.45
2025-08-01 09:28:03 AM,591.8,0,0.0,129032517.45
2025-08-01 09:28:04 AM,591.6,758,448432.8,129480950.25
2025-08-01 09:28:04 AM,591.7,0,0.0,129480950.25
2025-08-01 09:28:05 AM,591.7,2,1183.4,129482133.65
2025-08-01 09:28:05 AM,591.6,0,0.0,129482133.65
2025-08-01 09:28:06 AM,591.6,383,226582.80000000002,129708716.45
2025-08-01 09:28:07 AM,591.6,154,91106.40000000001,129799822.85000001
2025-08-01 09:28:08 AM,591.7,0,0.0,129799822.85000001
2025-08-01 09:28:08 AM,591.7,3,1775.1000000000001,129801597.95
2025-08-01 09:28:09 AM,591.7,1,591.7,129802189.65
2025-08-01 09:28:11 AM,591.7,1,591.7,129802781.35000001
2025-08-01 09:28:12 AM,591.7,1,591.7,129803373.05000001
2025-08-01 09:28:13 AM,591.7,10,5917.0,129809290.05000001
2025-08-01 09:28:14 AM,591.7,30,17751.0,129827041.05000001
2025-08-01 09:28:16 AM,591.7,81,47927.700000000004,129874968.75000001
2025-08-01 09:28:17 AM,591.4,0,0.0,129874968.75000001
2025-08-01 09:28:18 AM,591.4,3450,2040330.0,131915298.75000001
2025-08-01 09:28:19 AM,591.15,177,104633.55,132019932.30000001
2025-08-01 09:28:21 AM,591.35,0,0.0,132019932.30000001
2025-08-01 09:28:21 AM,591.35,2,1182.7,132021115.00000001
2025-08-01 09:28:27 AM,591.35,405,239496.75,132260611.75000001
2025-08-01 09:28:28 AM,591.35,500,295675.0,132556286.75000001
2025-08-01 09:28:29 AM,591.35,30,17740.5,132574027.25000001
2025-08-01 09:28:30 AM,591.35,20,11827.0,132585854.25000001
2025-08-01 09:28:30 AM,591.0,1059,625869.0,133211723.25000001
2025-08-01 09:28:31 AM,591.0,68,40188.0,133251911.25000001
2025-08-01 09:28:32 AM,591.0,30,17730.0,133269641.25000001
2025-08-01 09:28:33 AM,591.0,2719,1606929.0,134876570.25
2025-08-01 09:28:34 AM,591.1,0,0.0,134876570.25
2025-08-01 09:28:34 AM,591.1,10,5911.0,134882481.25
2025-08-01 09:28:36 AM,591.1,10,5911.0,134888392.25
2025-08-01 09:28:38 AM,591.0,0,0.0,134888392.25
2025-08-01 09:28:38 AM,591.0,37,21867.0,134910259.25
2025-08-01 09:28:42 AM,591.0,20,11820.0,134922079.25
2025-08-01 09:28:44 AM,591.0,7209,4260519.0,139182598.25
2025-08-01 09:28:44 AM,591.0,673,397743.0,139580341.25
2025-08-01 09:28:45 AM,591.0,1719,1015929.0,140596270.25
2025-08-01 09:28:47 AM,591.0,5,2955.0,140599225.25
2025-08-01 09:28:48 AM,591.0,30,17730.0,140616955.25
2025-08-01 09:28:49 AM,590.95,1,590.95,140617546.2
2025-08-01 09:28:50 AM,590.9,50,29545.0,140647091.2
2025-08-01 09:28:51 AM,590.9,52,30726.8,140677818.0
2025-08-01 09:28:52 AM,590.9,60,35454.0,140713272.0
2025-08-01 09:28:53 AM,590.8,15,8862.0,140722134.0
2025-08-01 09:28:53 AM,590.85,0,0.0,140722134.0
2025-08-01 09:28:54 AM,590.85,15,8862.75,140730996.75
2025-08-01 09:28:54 AM,590.7,978,577704.6000000001,141308701.35
2025-08-01 09:28:55 AM,590.8,0,0.0,141308701.35
2025-08-01 09:28:56 AM,590.8,100,59079.99999999999,141367781.35
2025-08-01 09:28:56 AM,590.8,151,89210.79999999999,141456992.15
2025-08-01 09:28:57 AM,590.85,75,44313.75,141501305.9
2025-08-01 09:28:57 AM,590.95,100,59095.00000000001,141560400.9
2025-08-01 09:28:57 AM,590.9,0,0.0,141560400.9
2025-08-01 09:28:58 AM,590.9,162,95725.8,141656126.70000002
2025-08-01 09:28:59 AM,590.95,42,24819.9,141680946.60000002
2025-08-01 09:29:02 AM,590.95,80,47276.0,141728222.60000002
2025-08-01 09:29:03 AM,590.8,0,0.0,141728222.60000002
2025-08-01 09:29:03 AM,590.8,18,10634.4,141738857.00000003
2025-08-01 09:29:09 AM,590.75,0,0.0,141738857.00000003
2025-08-01 09:29:09 AM,590.75,196,115787.0,141854644.00000003
2025-08-01 09:29:10 AM,590.8,0,0.0,141854644.00000003
2025-08-01 09:29:11 AM,590.8,100,59079.99999999999,141913724.00000003
2025-08-01 09:29:15 AM,590.7,0,0.0,141913724.00000003
2025-08-01 09:29:17 AM,590.8,236,139428.8,142053152.80000004
2025-08-01 09:29:18 AM,590.7,288,170121.6,142223274.40000004
2025-08-01 09:29:25 AM,590.7,770,454839.00000000006,142678113.40000004
2025-08-01 09:29:25 AM,590.8,0,0.0,142678113.40000004
2025-08-01 09:29:26 AM,590.8,10,5908.0,142684021.40000004
2025-08-01 09:29:30 AM,590.7,0,0.0,142684021.40000004
2025-08-01 09:29:32 AM,591.25,4102,2425307.5,145109328.90000004
2025-08-01 09:29:35 AM,591.1,0,0.0,145109328.90000004
2025-08-01 09:29:39 AM,591.1,60,35466.0,145144794.90000004
2025-08-01 09:29:45 AM,591.45,0,0.0,145144794.90000004
2025-08-01 09:29:47 AM,591.45,500,295725.0,145440519.90000004
2025-08-01 09:29:48 AM,591.5,2,1183.0,145441702.90000004
2025-08-01 09:29:50 AM,591.15,0,0.0,145441702.90000004
2025-08-01 09:29:54 AM,591.55,2394,1416170.7,146857873.60000002
2025-08-01 09:29:55 AM,591.65,0,0.0,146857873.60000002
2025-08-01 09:30:01 AM,591.55,0,0.0,146857873.60000002
2025-08-01 09:30:02 AM,591.55,214,126591.7,146984465.3
2025-08-01 09:30:03 AM,591.4,10,5914.0,146990379.3
2025-08-01 09:30:08 AM,591.6,0,0.0,146990379.3
2025-08-01 09:30:10 AM,591.6,46,27213.600000000002,147017592.9
2025-08-01 09:30:10 AM,591.6,11,6507.6,147024100.5
2025-08-01 09:30:15 AM,591.8,0,0.0,147024100.5
2025-08-01 09:30:17 AM,591.9,896,530342.4,147554442.9
2025-08-01 09:30:25 AM,591.9,621,367569.89999999997,147922012.8
2025-08-01 09:30:29 AM,591.85,0,0.0,147922012.8
2025-08-01 09:30:32 AM,591.85,72,42613.200000000004,147964626.0
2025-08-01 09:30:39 AM,591.85,1273,753425.05,148718051.05
2025-08-01 09:30:40 AM,591.9,665,393613.5,149111664.55
2025-08-01 09:30:43 AM,592.0,0,0.0,149111664.55
2025-08-01 09:30:46 AM,592.0,4,2368.0,149114032.55
2025-08-01 09:30:54 AM,592.0,119,70448.0,149184480.55
2025-08-01 09:30:56 AM,591.85,0,0.0,149184480.55
2025-08-01 09:31:01 AM,591.55,1524,901522.2,150086002.75
2025-08-01 09:31:02 AM,591.65,157,92889.05,150178891.8
2025-08-01 09:31:05 AM,591.75,0,0.0,150178891.8
2025-08-01 09:31:07 AM,591.65,0,0.0,150178891.8
2025-08-01 09:31:09 AM,592.3,8009,4743730.699999999,154922622.5
2025-08-01 09:31:09 AM,592.4,13,7701.2,154930323.7
2025-08-01 09:31:13 AM,592.5,0,0.0,154930323.7
2025-08-01 09:31:16 AM,592.5,741,439042.5,155369366.2
2025-08-01 09:31:19 AM,593.05,0,0.0,155369366.2
2025-08-01 09:31:23 AM,593.1,0,0.0,155369366.2
2025-08-01 09:31:24 AM,593.1,7168,4251340.8,159620707.0
2025-08-01 09:31:25 AM,593.25,0,0.0,159620707.0
2025-08-01 09:31:29 AM,593.1,0,0.0,159620707.0
2025-08-01 09:31:31 AM,593.05,176,104376.79999999999,159725083.8
2025-08-01 09:31:31 AM,593.1,115,68206.5,159793290.3
2025-08-01 09:31:35 AM,593.0,0,0.0,159793290.3
2025-08-01 09:31:38 AM,593.0,43,25499.0,159818789.3
2025-08-01 09:31:41 AM,592.75,0,0.0,159818789.3
2025-08-01 09:31:43 AM,592.7,0,0.0,159818789.3
2025-08-01 09:31:45 AM,592.75,416,246584.0,160065373.3
2025-08-01 09:31:52 AM,592.75,1360,806140.0,160871513.3
2025-08-01 09:31:53 AM,592.55,0,0.0,160871513.3
2025-08-01 09:31:59 AM,592.55,2652,1571442.5999999999,162442955.9
2025-08-01 09:32:03 AM,592.5,0,0.0,162442955.9
2025-08-01 09:32:06 AM,592.5,406,240555.0,162683510.9
2025-08-01 09:32:13 AM,592.25,73,43234.25,162726745.15
2025-08-01 09:32:15 AM,592.3,0,0.0,162726745.15
2025-08-01 09:32:20 AM,592.3,16,9476.8,162736221.95000002
2025-08-01 09:32:21 AM,592.75,0,0.0,162736221.95000002
2025-08-01 09:32:27 AM,592.85,0,0.0,162736221.95000002
2025-08-01 09:32:27 AM,592.85,3112,1844949.2000000002,164581171.15
2025-08-01 09:32:33 AM,593.25,0,0.0,164581171.15
2025-08-01 09:32:33 AM,593.25,2976,1765512.0,166346683.15
2025-08-01 09:32:41 AM,592.85,1136,673477.6,167020160.75
2025-08-01 09:32:45 AM,592.75,0,0.0,167020160.75
2025-08-01 09:32:48 AM,592.75,514,304673.5,167324834.25
2025-08-01 09:32:48 AM,592.75,50,29637.5,167354471.75
2025-08-01 09:32:55 AM,592.5,19,11257.5,167365729.25
2025-08-01 09:32:57 AM,592.75,0,0.0,167365729.25
2025-08-01 09:33:01 AM,592.75,758,449304.5,167815033.75
2025-08-01 09:33:03 AM,592.7,0,0.0,167815033.75
2025-08-01 09:33:09 AM,592.5,0,0.0,167815033.75
2025-08-01 09:33:09 AM,592.5,115,68137.5,167883171.25
2025-08-01 09:33:14 AM,592.85,0,0.0,167883171.25
2025-08-01 09:33:15 AM,593.0,1362,807666.0,168690837.25
2025-08-01 09:33:19 AM,593.2,0,0.0,168690837.25
2025-08-01 09:33:22 AM,593.2,83,49235.600000000006,168740072.85
2025-08-01 09:33:29 AM,593.75,0,0.0,168740072.85
2025-08-01 09:33:29 AM,593.75,3619,2148781.25,170888854.1
2025-08-01 09:33:36 AM,593.75,300,178125.0,171066979.1
2025-08-01 09:33:43 AM,593.6,792,470131.2,171537110.29999998
2025-08-01 09:33:44 AM,593.7,0,0.0,171537110.29999998
2025-08-01 09:33:47 AM,593.55,0,0.0,171537110.29999998
2025-08-01 09:33:50 AM,593.65,749,444643.85,171981754.14999998
2025-08-01 09:33:57 AM,594.35,14918,8866513.3,180848267.45
2025-08-01 09:33:59 AM,594.15,0,0.0,180848267.45
2025-08-01 09:34:04 AM,594.1,1814,1077697.4000000001,181925964.85
2025-08-01 09:34:04 AM,594.1,12,7129.200000000001,181933094.04999998
2025-08-01 09:34:09 AM,593.55,0,0.0,181933094.04999998
2025-08-01 09:34:11 AM,593.85,0,0.0,181933094.04999998
2025-08-01 09:34:11 AM,593.85,120,71262.0,182004356.04999998
2025-08-01 09:34:14 AM,593.6,0,0.0,182004356.04999998
2025-08-01 09:34:17 AM,593.7,0,0.0,182004356.04999998
2025-08-01 09:34:18 AM,593.7,222,131801.40000000002,182136157.45
2025-08-01 09:34:22 AM,593.05,0,0.0,182136157.45
2025-08-01 09:34:25 AM,593.0,940,557420.0,182693577.45
2025-08-01 09:34:25 AM,593.25,1,593.25,182694170.7
2025-08-01 09:34:29 AM,592.95,0,0.0,182694170.7
2025-08-01 09:34:32 AM,592.7,0,0.0,182694170.7
2025-08-01 09:34:32 AM,592.9,2121,1257540.9,183951711.6
2025-08-01 09:34:37 AM,592.55,0,0.0,183951711.6
2025-08-01 09:34:39 AM,592.8,129,76471.2,184028182.79999998
2025-08-01 09:34:46 AM,592.85,775,459458.75,184487641.54999998
2025-08-01 09:34:46 AM,592.55,10,5925.5,184493567.04999998
2025-08-01 09:34:49 AM,592.8,0,0.0,184493567.04999998
2025-08-01 09:34:53 AM,592.8,2541,1506304.7999999998,185999871.85
2025-08-01 09:34:53 AM,592.7,16,9483.2,186009355.04999998
2025-08-01 09:34:59 AM,592.5,0,0.0,186009355.04999998
2025-08-01 09:35:00 AM,592.5,1524,902970.0,186912325.04999998
2025-08-01 09:35:01 AM,592.6,22,13037.2,186925362.24999997
2025-08-01 09:35:03 AM,592.35,83,49165.05,186974527.29999998
2025-08-01 09:35:05 AM,592.4,0,0.0,186974527.29999998
2025-08-01 09:35:05 AM,592.4,40,23696.0,186998223.29999998
2025-08-01 09:35:05 AM,592.6,0,0.0,186998223.29999998
2025-08-01 09:35:06 AM,592.6,150,88890.0,187087113.29999998
2025-08-01 09:35:07 AM,592.6,12,7111.200000000001,187094224.49999997
2025-08-01 09:35:09 AM,592.6,1,592.6,187094817.09999996
2025-08-01 09:35:11 AM,592.6,200,118520.0,187213337.09999996
2025-08-01 09:35:13 AM,592.6,500,296300.0,187509637.09999996
2025-08-01 09:35:15 AM,592.55,0,0.0,187509637.09999996
2025-08-01 09:35:16 AM,592.55,100,59254.99999999999,187568892.09999996
2025-08-01 09:35:16 AM,592.55,99,58662.45,187627554.54999995
2025-08-01 09:35:17 AM,592.4,1036,613726.4,188241280.94999996
2025-08-01 09:35:19 AM,592.4,30,17772.0,188259052.94999996
2025-08-01 09:35:20 AM,592.4,14,8293.6,188267346.54999995
2025-08-01 09:35:22 AM,592.5,0,0.0,188267346.54999995
2025-08-01 09:35:23 AM,592.5,102,60435.0,188327781.54999995
2025-08-01 09:35:24 AM,592.5,24,14220.0,188342001.54999995
2025-08-01 09:35:24 AM,592.45,746,441967.7,188783969.24999994
2025-08-01 09:35:25 AM,592.4,0,0.0,188783969.24999994
2025-08-01 09:35:25 AM,592.4,321,190160.4,188974129.64999995
2025-08-01 09:35:25 AM,592.45,0,0.0,188974129.64999995
2025-08-01 09:35:26 AM,592.45,1,592.45,188974722.09999993
2025-08-01 09:35:26 AM,592.45,11,6516.950000000001,188981239.04999992
2025-08-01 09:35:27 AM,592.45,205,121452.25000000001,189102691.29999992
2025-08-01 09:35:31 AM,592.45,2,1184.9,189103876.19999993
2025-08-01 09:35:33 AM,592.45,5,2962.25,189106838.44999993
2025-08-01 09:35:36 AM,592.45,11,6516.950000000001,189113355.39999992
2025-08-01 09:35:44 AM,592.2,0,0.0,189113355.39999992
2025-08-01 09:35:45 AM,592.2,20,11844.0,189125199.39999992
2025-08-01 09:35:45 AM,592.4,0,0.0,189125199.39999992
2025-08-01 09:35:46 AM,592.4,7,4146.8,189129346.19999993
2025-08-01 09:35:46 AM,592.2,0,0.0,189129346.19999993
2025-08-01 09:35:47 AM,592.2,8,4737.6,189134083.79999992
2025-08-01 09:35:47 AM,592.35,18,10662.300000000001,189144746.09999993
2025-08-01 09:35:48 AM,592.05,618,365886.89999999997,189510632.99999994
2025-08-01 09:35:48 AM,592.0,0,0.0,189510632.99999994
2025-08-01 09:35:48 AM,592.0,419,248048.0,189758680.99999994
2025-08-01 09:35:49 AM,592.0,1395,825840.0,190584520.99999994
2025-08-01 09:35:52 AM,591.6,4,2366.4,190586887.39999995
2025-08-01 09:35:52 AM,591.85,0,0.0,190586887.39999995
2025-08-01 09:35:53 AM,591.85,1,591.85,190587479.24999994
2025-08-01 09:35:55 AM,591.85,10,5918.5,190593397.74999994
2025-08-01 09:35:56 AM,591.85,100,59185.0,190652582.74999994
2025-08-01 09:35:59 AM,592.3,909,538400.7,191190983.44999993
2025-08-01 09:35:59 AM,592.0,53,31376.0,191222359.44999993
2025-08-01 09:36:00 AM,592.3,250,148075.0,191370434.44999993
2025-08-01 09:36:08 AM,592.3,113,66929.9,191437364.34999993
2025-08-01 09:36:11 AM,592.15,0,0.0,191437364.34999993
2025-08-01 09:36:15 AM,592.3,0,0.0,191437364.34999993
2025-08-01 09:36:15 AM,592.3,76,45014.799999999996,191482379.14999995
2025-08-01 09:36:19 AM,592.35,0,0.0,191482379.14999995
2025-08-01 09:36:22 AM,592.35,636,376734.60000000003,191859113.74999994
2025-08-01 09:36:22 AM,592.35,50,29617.5,191888731.24999994
2025-08-01 09:36:23 AM,592.05,0,0.0,191888731.24999994
2025-08-01 09:36:27 AM,592.35,0,0.0,191888731.24999994
2025-08-01 09:36:28 AM,592.35,765,453147.75,192341878.99999994
2025-08-01 09:36:34 AM,592.15,262,155143.3,192497022.29999995
2025-08-01 09:36:39 AM,592.35,0,0.0,192497022.29999995
2025-08-01 09:36:39 AM,592.15,0,0.0,192497022.29999995
2025-08-01 09:36:41 AM,592.2,92,54482.4,192551504.69999996
2025-08-01 09:36:43 AM,592.45,0,0.0,192551504.69999996
2025-08-01 09:36:47 AM,592.4,0,0.0,192551504.69999996
2025-08-01 09:36:47 AM,592.4,1563,925921.2,193477425.89999995
2025-08-01 09:36:51 AM,592.55,0,0.0,193477425.89999995
2025-08-01 09:36:54 AM,592.55,31,18369.05,193495794.94999996
2025-08-01 09:37:01 AM,592.55,2,1185.1,193496980.04999995
2025-08-01 09:37:07 AM,592.5,0,0.0,193496980.04999995
2025-08-01 09:37:08 AM,592.5,426,252405.0,193749385.04999995
2025-08-01 09:37:12 AM,592.55,0,0.0,193749385.04999995
2025-08-01 09:37:15 AM,592.55,200,118509.99999999999,193867895.04999995
2025-08-01 09:37:18 AM,592.5,0,0.0,193867895.04999995
2025-08-01 09:37:22 AM,592.2,0,0.0,193867895.04999995
2025-08-01 09:37:22 AM,592.2,1611,954034.2000000001,194821929.24999994
2025-08-01 09:37:22 AM,592.4,380,225112.0,195047041.24999994
2025-08-01 09:37:27 AM,592.2,0,0.0,195047041.24999994
2025-08-01 09:37:28 AM,592.15,0,0.0,195047041.24999994
2025-08-01 09:37:29 AM,592.15,340,201331.0,195248372.24999994
2025-08-01 09:37:33 AM,592.05,0,0.0,195248372.24999994
2025-08-01 09:37:36 AM,592.05,110,65125.49999999999,195313497.74999994
2025-08-01 09:37:36 AM,592.05,100,59204.99999999999,195372702.74999994
2025-08-01 09:37:42 AM,592.05,90,53284.49999999999,195425987.24999994
2025-08-01 09:37:53 AM,592.15,0,0.0,195425987.24999994
2025-08-01 09:37:55 AM,592.05,0,0.0,195425987.24999994
2025-08-01 09:37:56 AM,592.05,83,49140.149999999994,195475127.39999995
2025-08-01 09:38:02 AM,592.15,125,74018.75,195549146.14999995
2025-08-01 09:38:09 AM,592.05,347,205441.34999999998,195754587.49999994
2025-08-01 09:38:14 AM,592.0,0,0.0,195754587.49999994
2025-08-01 09:38:16 AM,592.0,729,431568.0,196186155.49999994
2025-08-01 09:38:19 AM,592.1,0,0.0,196186155.49999994
2025-08-01 09:38:23 AM,592.1,29,17170.9,196203326.39999995
2025-08-01 09:38:30 AM,592.1,22,13026.2,196216352.59999993
2025-08-01 09:38:36 AM,592.05,148,87623.4,196303975.99999994
2025-08-01 09:38:43 AM,592.1,189,111906.90000000001,196415882.89999995
2025-08-01 09:38:51 AM,592.05,0,0.0,196415882.89999995
2025-08-01 09:38:55 AM,592.0,0,0.0,196415882.89999995
2025-08-01 09:38:56 AM,592.0,642,380064.0,196795946.89999995
2025-08-01 09:38:59 AM,592.05,0,0.0,196795946.89999995
2025-08-01 09:39:03 AM,591.95,2451,1450869.4500000002,198246816.34999993
2025-08-01 09:39:17 AM,591.95,73,43212.350000000006,198290028.69999993
2025-08-01 09:39:23 AM,591.85,2,1183.7,198291212.39999992
2025-08-01 09:39:28 AM,591.3,0,0.0,198291212.39999992
2025-08-01 09:39:30 AM,591.3,3287,1943603.0999999999,200234815.4999999
2025-08-01 09:39:36 AM,591.25,374,221127.5,200455942.9999999
2025-08-01 09:39:40 AM,591.5,0,0.0,200455942.9999999
2025-08-01 09:39:43 AM,591.5,255,150832.5,200606775.4999999
2025-08-01 09:39:48 AM,591.4,0,0.0,200606775.4999999
2025-08-01 09:39:50 AM,591.4,3,1774.1999999999998,200608549.6999999
2025-08-01 09:39:53 AM,591.5,0,0.0,200608549.6999999
2025-08-01 09:39:56 AM,591.4,60,35484.0,200644033.6999999
2025-08-01 09:40:03 AM,591.4,424,250753.59999999998,200894787.2999999
2025-08-01 09:40:08 AM,591.45,0,0.0,200894787.2999999
2025-08-01 09:40:09 AM,591.45,4,2365.8,200897153.0999999
2025-08-01 09:40:12 AM,591.4,0,0.0,200897153.0999999
2025-08-01 09:40:16 AM,591.45,80,47316.0,200944469.0999999
2025-08-01 09:40:18 AM,591.4,0,0.0,200944469.0999999
2025-08-01 09:40:21 AM,591.9,0,0.0,200944469.0999999
2025-08-01 09:40:22 AM,591.9,1378,815638.2,201760107.2999999
2025-08-01 09:40:23 AM,591.55,20,11831.0,201771938.2999999
2025-08-01 09:40:26 AM,591.95,0,0.0,201771938.2999999
2025-08-01 09:40:28 AM,591.85,0,0.0,201771938.2999999
2025-08-01 09:40:29 AM,591.85,1376,814385.6,202586323.8999999
2025-08-01 09:40:30 AM,591.6,100,59160.0,202645483.8999999
2025-08-01 09:40:36 AM,591.65,0,0.0,202645483.8999999
2025-08-01 09:40:36 AM,591.65,15,8874.75,202654358.6499999
2025-08-01 09:40:36 AM,591.85,778,460459.30000000005,203114817.9499999
2025-08-01 09:40:42 AM,591.85,35,20714.75,203135532.6999999
2025-08-01 09:40:47 AM,592.45,0,0.0,203135532.6999999
2025-08-01 09:40:49 AM,592.75,2963,1756318.25,204891850.9499999
2025-08-01 09:40:52 AM,592.7,0,0.0,204891850.9499999
2025-08-01 09:40:55 AM,592.7,126,74680.20000000001,204966531.1499999
2025-08-01 09:41:01 AM,592.65,0,0.0,204966531.1499999
2025-08-01 09:41:01 AM,592.65,13,7704.45,204974235.59999987
2025-08-01 09:41:07 AM,592.9,0,0.0,204974235.59999987
2025-08-01 09:41:08 AM,592.9,100,59290.0,205033525.59999987
2025-08-01 09:41:12 AM,592.5,1201,711592.5,205745118.09999987
2025-08-01 09:41:12 AM,592.85,0,0.0,205745118.09999987
2025-08-01 09:41:13 AM,592.85,1,592.85,205745710.94999987
2025-08-01 09:41:15 AM,592.5,14,8295.0,205754005.94999987
2025-08-01 09:41:16 AM,592.45,10,5924.5,205759930.44999987
2025-08-01 09:41:17 AM,592.55,0,0.0,205759930.44999987
2025-08-01 09:41:18 AM,592.55,51,30220.05,205790150.49999988
2025-08-01 09:41:19 AM,592.55,41,24294.55,205814445.0499999
2025-08-01 09:41:19 AM,592.5,0,0.0,205814445.0499999
2025-08-01 09:41:20 AM,592.5,1030,610275.0,206424720.0499999
2025-08-01 09:41:21 AM,592.65,0,0.0,206424720.0499999
2025-08-01 09:41:22 AM,592.65,13,7704.45,206432424.49999988
2025-08-01 09:41:25 AM,592.65,1,592.65,206433017.1499999
2025-08-01 09:41:31 AM,592.85,1043,618342.55,207051359.6999999
2025-08-01 09:41:32 AM,592.75,0,0.0,207051359.6999999
2025-08-01 09:41:32 AM,592.75,86,50976.5,207102336.1999999
2025-08-01 09:41:34 AM,592.75,7,4149.25,207106485.4499999
2025-08-01 09:41:37 AM,592.65,505,299288.25,207405773.6999999
2025-08-01 09:41:42 AM,592.9,1,592.9,207406366.5999999
2025-08-01 09:41:49 AM,592.75,0,0.0,207406366.5999999
2025-08-01 09:41:49 AM,592.75,201,119142.75,207525509.3499999
2025-08-01 09:41:50 AM,592.9,0,0.0,207525509.3499999
2025-08-01 09:41:50 AM,592.9,1,592.9,207526102.2499999
2025-08-01 09:41:51 AM,592.9,5,2964.5,207529066.7499999
2025-08-01 09:41:56 AM,592.9,10,5929.0,207534995.7499999
2025-08-01 09:41:57 AM,592.6,970,574822.0,208109817.7499999
2025-08-01 09:41:58 AM,592.55,100,59254.99999999999,208169072.7499999
2025-08-01 09:42:08 AM,592.65,0,0.0,208169072.7499999
2025-08-01 09:42:09 AM,592.65,20,11853.0,208180925.7499999
2025-08-01 09:42:12 AM,592.5,0,0.0,208180925.7499999
2025-08-01 09:42:14 AM,592.5,50,29625.0,208210550.7499999
2025-08-01 09:42:16 AM,592.65,0,0.0,208210550.7499999
2025-08-01 09:42:22 AM,592.65,430,254839.5,208465390.2499999
2025-08-01 09:42:28 AM,592.8,620,367536.0,208832926.2499999
2025-08-01 09:42:29 AM,592.85,375,222318.75,209055244.9999999
2025-08-01 09:42:34 AM,592.8,0,0.0,209055244.9999999
2025-08-01 09:42:34 AM,592.8,1,592.8,209055837.79999992
2025-08-01 09:42:40 AM,592.8,82,48609.6,209104447.39999992
2025-08-01 09:42:48 AM,592.8,26,15412.8,209119860.19999993
2025-08-01 09:42:53 AM,592.8,2,1185.6,209121045.79999992
2025-08-01 09:42:58 AM,592.65,0,0.0,209121045.79999992
2025-08-01 09:43:00 AM,592.65,3,1777.9499999999998,209122823.7499999
2025-08-01 09:43:01 AM,592.8,0,0.0,209122823.7499999
2025-08-01 09:43:02 AM,592.8,1912,1133433.5999999999,210256257.3499999
2025-08-01 09:43:04 AM,592.7,35,20744.5,210277001.8499999
2025-08-01 09:43:05 AM,592.8,1,592.8,210277594.64999992
2025-08-01 09:43:06 AM,592.8,1,592.8,210278187.44999993
2025-08-01 09:43:07 AM,592.8,5,2964.0,210281151.44999993
2025-08-01 09:43:08 AM,592.7,0,0.0,210281151.44999993
2025-08-01 09:43:08 AM,592.7,41,24300.7,210305452.14999992
2025-08-01 09:43:10 AM,592.8,1,592.8,210306044.94999993
2025-08-01 09:43:11 AM,592.8,1,592.8,210306637.74999994
2025-08-01 09:43:11 AM,592.85,100,59285.0,210365922.74999994
2025-08-01 09:43:14 AM,592.8,0,0.0,210365922.74999994
2025-08-01 09:43:14 AM,592.8,308,182582.4,210548505.14999995
2025-08-01 09:43:15 AM,592.8,125,74100.0,210622605.14999995
2025-08-01 09:43:16 AM,592.85,4,2371.4,210624976.54999995
2025-08-01 09:43:17 AM,592.8,6,3556.7999999999997,210628533.34999996
2025-08-01 09:43:18 AM,592.8,2,1185.6,210629718.94999996
2025-08-01 09:43:21 AM,592.85,31,18378.350000000002,210648097.29999995
2025-08-01 09:43:23 AM,592.8,2,1185.6,210649282.89999995
2025-08-01 09:43:25 AM,592.8,157,93069.59999999999,210742352.49999994
2025-08-01 09:43:32 AM,592.75,26,15411.5,210757763.99999994
2025-08-01 09:43:36 AM,592.75,1,592.75,210758356.74999994
2025-08-01 09:43:37 AM,592.75,250,148187.5,210906544.24999994
2025-08-01 09:43:37 AM,592.65,0,0.0,210906544.24999994
2025-08-01 09:43:38 AM,592.65,20,11853.0,210918397.24999994
2025-08-01 09:43:41 AM,592.75,1,592.75,210918989.99999994
2025-08-01 09:43:44 AM,592.65,32,18964.8,210937954.79999995
2025-08-01 09:43:45 AM,592.65,35,20742.75,210958697.54999995
2025-08-01 09:43:45 AM,592.6,21,12444.6,210971142.14999995
2025-08-01 09:43:48 AM,592.75,115,68166.25,211039308.39999995
2025-08-01 09:43:49 AM,592.5,0,0.0,211039308.39999995
2025-08-01 09:43:50 AM,592.5,250,148125.0,211187433.39999995
2025-08-01 09:43:51 AM,592.75,15,8891.25,211196324.64999995
2025-08-01 09:43:52 AM,592.5,0,0.0,211196324.64999995
2025-08-01 09:43:52 AM,592.5,500,296250.0,211492574.64999995
2025-08-01 09:43:53 AM,592.75,10,5927.5,211498502.14999995
2025-08-01 09:43:57 AM,592.75,5,2963.75,211501465.89999995
2025-08-01 09:44:06 AM,592.65,0,0.0,211501465.89999995
2025-08-01 09:44:06 AM,592.65,1,592.65,211502058.54999995
2025-08-01 09:44:10 AM,592.4,0,0.0,211502058.54999995
2025-08-01 09:44:11 AM,592.25,0,0.0,211502058.54999995
2025-08-01 09:44:13 AM,592.35,1476,874308.6,212376367.14999995
2025-08-01 09:44:14 AM,592.2,0,0.0,212376367.14999995
2025-08-01 09:44:16 AM,592.35,0,0.0,212376367.14999995
2025-08-01 09:44:18 AM,592.3,0,0.0,212376367.14999995
2025-08-01 09:44:20 AM,592.3,54,31984.199999999997,212408351.34999993
2025-08-01 09:44:26 AM,592.05,106,62757.299999999996,212471108.64999995
2025-08-01 09:44:28 AM,592.1,0,0.0,212471108.64999995
2025-08-01 09:44:32 AM,592.0,0,0.0,212471108.64999995
2025-08-01 09:44:32 AM,592.0,410,242720.0,212713828.64999995
2025-08-01 09:44:39 AM,592.0,13,7696.0,212721524.64999995
2025-08-01 09:44:40 AM,592.2,0,0.0,212721524.64999995
2025-08-01 09:44:40 AM,592.1,1075,636507.5,213358032.14999995
2025-08-01 09:44:42 AM,592.15,0,0.0,213358032.14999995
2025-08-01 09:44:45 AM,592.15,13,7697.95,213365730.09999993
2025-08-01 09:44:52 AM,592.15,156,92375.4,213458105.49999994
2025-08-01 09:44:58 AM,592.15,51,30199.649999999998,213488305.14999995
2025-08-01 09:45:02 AM,592.0,0,0.0,213488305.14999995
2025-08-01 09:45:05 AM,592.0,420,248640.0,213736945.14999995
2025-08-01 09:45:06 AM,591.65,33,19524.45,213756469.59999993
2025-08-01 09:45:07 AM,591.6,0,0.0,213756469.59999993
2025-08-01 09:45:09 AM,591.95,0,0.0,213756469.59999993
2025-08-01 09:45:11 AM,591.85,812,480582.2,214237051.79999992
2025-08-01 09:45:13 AM,591.55,432,255549.59999999998,214492601.39999992
2025-08-01 09:45:18 AM,591.75,135,79886.25,214572487.64999992
2025-08-01 09:45:18 AM,591.55,0,0.0,214572487.64999992
2025-08-01 09:45:19 AM,591.55,2,1183.1,214573670.7499999
2025-08-01 09:45:22 AM,591.4,0,0.0,214573670.7499999
2025-08-01 09:45:24 AM,591.4,8717,5155233.8,219728904.54999992
2025-08-01 09:45:26 AM,591.3,0,0.0,219728904.54999992
2025-08-01 09:45:27 AM,591.4,0,0.0,219728904.54999992
2025-08-01 09:45:30 AM,591.25,0,0.0,219728904.54999992
2025-08-01 09:45:31 AM,591.25,1112,657470.0,220386374.54999992
2025-08-01 09:45:34 AM,591.15,0,0.0,220386374.54999992
2025-08-01 09:45:37 AM,591.15,392,231730.8,220618105.34999993
2025-08-01 09:45:38 AM,591.1,0,0.0,220618105.34999993
2025-08-01 09:45:42 AM,591.0,0,0.0,220618105.34999993
2025-08-01 09:45:44 AM,591.0,1507,890637.0,221508742.34999993
2025-08-01 09:45:45 AM,591.0,2,1182.0,221509924.34999993
2025-08-01 09:45:50 AM,591.4,1551,917261.3999999999,222427185.74999994
2025-08-01 09:45:53 AM,591.45,0,0.0,222427185.74999994
2025-08-01 09:45:56 AM,590.55,0,0.0,222427185.74999994
2025-08-01 09:45:58 AM,591.0,11643,6881013.0,229308198.74999994
2025-08-01 09:46:01 AM,590.7,0,0.0,229308198.74999994
2025-08-01 09:46:02 AM,590.7,198,116958.6,229425157.34999993
2025-08-01 09:46:02 AM,590.6,0,0.0,229425157.34999993
2025-08-01 09:46:02 AM,590.6,890,525634.0,229950791.34999993
2025-08-01 09:46:04 AM,590.3,0,0.0,229950791.34999993
2025-08-01 09:46:05 AM,590.3,149,87954.7,230038746.04999992
2025-08-01 09:46:05 AM,590.4,0,0.0,230038746.04999992
2025-08-01 09:46:06 AM,590.4,536,316454.39999999997,230355200.44999993
2025-08-01 09:46:07 AM,590.3,50,29514.999999999996,230384715.44999993
2025-08-01 09:46:08 AM,590.15,201,118620.15,230503335.59999993
2025-08-01 09:46:09 AM,589.65,13043,7690804.949999999,238194140.54999992
2025-08-01 09:46:10 AM,589.5,0,0.0,238194140.54999992
2025-08-01 09:46:10 AM,589.8,622,366855.6,238560996.14999992
2025-08-01 09:46:11 AM,589.8,374,220585.19999999998,238781581.3499999
2025-08-01 09:46:13 AM,589.7,139,81968.3,238863549.64999992
2025-08-01 09:46:14 AM,589.65,80,47172.0,238910721.64999992
2025-08-01 09:46:15 AM,589.65,50,29482.5,238940204.14999992
2025-08-01 09:46:15 AM,589.65,950,560167.5,239500371.64999992
2025-08-01 09:46:16 AM,589.65,1,589.65,239500961.29999992
2025-08-01 09:46:17 AM,589.65,1,589.65,239501550.94999993
2025-08-01 09:46:17 AM,589.65,106,62502.899999999994,239564053.84999993
2025-08-01 09:46:18 AM,589.65,1,589.65,239564643.49999994
2025-08-01 09:46:19 AM,589.65,750,442237.5,240006880.99999994
2025-08-01 09:46:19 AM,589.65,41,24175.649999999998,240031056.64999995
2025-08-01 09:46:20 AM,589.65,100,58965.0,240090021.64999995
2025-08-01 09:46:21 AM,589.65,3000,1768950.0,241858971.64999995
2025-08-01 09:46:21 AM,589.65,10,5896.5,241864868.14999995
2025-08-01 09:46:22 AM,589.65,5,2948.25,241867816.39999995
2025-08-01 09:46:25 AM,589.65,101,59554.649999999994,241927371.04999995
2025-08-01 09:46:26 AM,589.8,371,218815.8,242146186.84999996
2025-08-01 09:46:26 AM,589.9,0,0.0,242146186.84999996
2025-08-01 09:46:27 AM,590.1,0,0.0,242146186.84999996
2025-08-01 09:46:27 AM,590.1,664,391826.4,242538013.24999997
2025-08-01 09:46:31 AM,589.35,0,0.0,242538013.24999997
2025-08-01 09:46:31 AM,589.25,1252,737741.0,243275754.24999997
2025-08-01 09:46:34 AM,589.65,50,29482.5,243305236.74999997
2025-08-01 09:46:35 AM,589.65,210,123826.5,243429063.24999997
2025-08-01 09:46:36 AM,589.5,0,0.0,243429063.24999997
2025-08-01 09:46:36 AM,589.5,200,117900.0,243546963.24999997
2025-08-01 09:46:36 AM,589.65,250,147412.5,243694375.74999997
2025-08-01 09:46:38 AM,589.75,0,0.0,243694375.74999997
2025-08-01 09:46:39 AM,589.75,744,438774.0,244133149.74999997
2025-08-01 09:46:39 AM,589.75,3,1769.25,244134918.99999997
2025-08-01 09:46:43 AM,589.55,1933,1139600.15,245274519.14999998
2025-08-01 09:46:44 AM,589.55,100,58954.99999999999,245333474.14999998
2025-08-01 09:46:45 AM,589.5,0,0.0,245333474.14999998
2025-08-01 09:46:46 AM,589.5,100,58950.0,245392424.14999998
2025-08-01 09:46:48 AM,589.55,0,0.0,245392424.14999998
2025-08-01 09:46:49 AM,589.55,50,29477.499999999996,245421901.64999998
2025-08-01 09:46:49 AM,589.55,334,196909.69999999998,245618811.34999996
2025-08-01 09:46:51 AM,589.55,2,1179.1,245619990.44999996
2025-08-01 09:46:52 AM,589.55,85,50111.74999999999,245670102.19999996
2025-08-01 09:46:52 AM,589.55,65,38320.75,245708422.94999996
2025-08-01 09:46:53 AM,589.5,396,233442.0,245941864.94999996
2025-08-01 09:47:00 AM,589.5,800,471600.0,246413464.94999996
2025-08-01 09:47:01 AM,589.7,50,29485.000000000004,246442949.94999996
2025-08-01 09:47:03 AM,589.5,16,9432.0,246452381.94999996
2025-08-01 09:47:06 AM,589.5,8,4716.0,246457097.94999996
2025-08-01 09:47:06 AM,590.1,1469,866856.9,247323954.84999996
2025-08-01 09:47:08 AM,590.05,0,0.0,247323954.84999996
2025-08-01 09:47:09 AM,590.05,21,12391.05,247336345.89999998
2025-08-01 09:47:10 AM,590.05,8,4720.4,247341066.29999998
2025-08-01 09:47:11 AM,590.0,50,29500.0,247370566.29999998
2025-08-01 09:47:16 AM,590.0,7,4130.0,247374696.29999998
2025-08-01 09:47:18 AM,589.7,263,155091.1,247529787.39999998
2025-08-01 09:47:18 AM,589.7,111,65456.700000000004,247595244.09999996
2025-08-01 09:47:18 AM,589.65,0,0.0,247595244.09999996
2025-08-01 09:47:19 AM,589.65,84,49530.6,247644774.69999996
2025-08-01 09:47:19 AM,589.95,10,5899.5,247650674.19999996
2025-08-01 09:47:20 AM,589.95,100,58995.00000000001,247709669.19999996
2025-08-01 09:47:22 AM,589.9,539,317956.1,248027625.29999995
2025-08-01 09:47:23 AM,589.9,67,39523.299999999996,248067148.59999996
2025-08-01 09:47:24 AM,589.9,590,348041.0,248415189.59999996
2025-08-01 09:47:25 AM,589.65,0,0.0,248415189.59999996
2025-08-01 09:47:25 AM,589.65,25,14741.25,248429930.84999996
2025-08-01 09:47:26 AM,589.8,100,58979.99999999999,248488910.84999996
2025-08-01 09:47:27 AM,589.8,150,88470.0,248577380.84999996
2025-08-01 09:47:28 AM,589.65,0,0.0,248577380.84999996
2025-08-01 09:47:29 AM,589.65,2,1179.3,248578560.14999998
2025-08-01 09:47:31 AM,589.65,251,148002.15,248726562.29999998
2025-08-01 09:47:32 AM,589.55,0,0.0,248726562.29999998
2025-08-01 09:47:32 AM,589.25,9334,5500059.5,254226621.79999998
2025-08-01 09:47:34 AM,589.25,394,232164.5,254458786.29999998
2025-08-01 09:47:36 AM,589.3,250,147325.0,254606111.29999998
2025-08-01 09:47:37 AM,589.3,26,15321.8,254621433.1
2025-08-01 09:47:38 AM,589.3,10,5893.0,254627326.1
2025-08-01 09:47:39 AM,589.3,20,11786.0,254639112.1
2025-08-01 09:47:40 AM,589.2,0,0.0,254639112.1
2025-08-01 09:47:41 AM,589.2,210,123732.00000000001,254762844.1
2025-08-01 09:47:41 AM,589.25,0,0.0,254762844.1
2025-08-01 09:47:42 AM,589.25,10,5892.5,254768736.6
2025-08-01 09:47:43 AM,589.25,20,11785.0,254780521.6
2025-08-01 09:47:44 AM,589.25,10,5892.5,254786414.1
2025-08-01 09:47:45 AM,589.25,7,4124.75,254790538.85
2025-08-01 09:47:46 AM,589.25,2,1178.5,254791717.35
2025-08-01 09:47:47 AM,589.25,2,1178.5,254792895.85
2025-08-01 09:47:48 AM,589.2,0,0.0,254792895.85
2025-08-01 09:47:48 AM,589.2,374,220360.80000000002,255013256.65
2025-08-01 09:47:49 AM,589.25,1,589.25,255013845.9
2025-08-01 09:47:50 AM,589.25,8,4714.0,255018559.9
2025-08-01 09:47:51 AM,589.25,5,2946.25,255021506.15
2025-08-01 09:47:53 AM,589.25,625,368281.25,255389787.4
2025-08-01 09:47:56 AM,589.25,1,589.25,255390376.65
2025-08-01 09:47:57 AM,589.25,10,5892.5,255396269.15
2025-08-01 09:47:58 AM,589.2,120,70704.0,255466973.15
2025-08-01 09:48:00 AM,589.25,1,589.25,255467562.4
2025-08-01 09:48:04 AM,589.25,901,530914.25,255998476.65
2025-08-01 09:48:04 AM,589.25,5,2946.25,256001422.9
2025-08-01 09:48:05 AM,589.2,0,0.0,256001422.9
2025-08-01 09:48:05 AM,589.2,140,82488.0,256083910.9
2025-08-01 09:48:05 AM,589.25,0,0.0,256083910.9
2025-08-01 09:48:06 AM,589.25,93,54800.25,256138711.15
2025-08-01 09:48:08 AM,589.2,50,29460.000000000004,256168171.15
2025-08-01 09:48:09 AM,589.2,1081,636925.2000000001,256805096.35
2025-08-01 09:48:10 AM,589.2,100,58920.00000000001,256864016.35
2025-08-01 09:48:11 AM,589.2,27,15908.400000000001,256879924.75
2025-08-01 09:48:12 AM,589.2,142,83666.40000000001,256963591.15
2025-08-01 09:48:14 AM,589.2,251,147889.2,257111480.35
2025-08-01 09:48:15 AM,589.2,584,344092.80000000005,257455573.15
2025-08-01 09:48:15 AM,589.25,0,0.0,257455573.15
2025-08-01 09:48:15 AM,589.25,342,201523.5,257657096.65
2025-08-01 09:48:16 AM,589.5,0,0.0,257657096.65
2025-08-01 09:48:17 AM,589.5,3265,1924717.5,259581814.15
2025-08-01 09:48:18 AM,589.3,0,0.0,259581814.15
2025-08-01 09:48:19 AM,589.3,11,6482.299999999999,259588296.45000002
2025-08-01 09:48:21 AM,589.3,853,502672.89999999997,260090969.35000002
2025-08-01 09:48:22 AM,589.45,0,0.0,260090969.35000002
2025-08-01 09:48:23 AM,589.45,27,15915.150000000001,260106884.50000003
2025-08-01 09:48:23 AM,589.45,6,3536.7000000000003,260110421.20000002
2025-08-01 09:48:24 AM,589.5,185,109057.5,260219478.70000002
2025-08-01 09:48:25 AM,589.5,10,5895.0,260225373.70000002
2025-08-01 09:48:31 AM,589.3,40,23572.0,260248945.70000002
2025-08-01 09:48:32 AM,589.3,45,26518.499999999996,260275464.20000002
2025-08-01 09:48:32 AM,589.4,100,58940.0,260334404.20000002
2025-08-01 09:48:34 AM,589.4,1,589.4,260334993.60000002
2025-08-01 09:48:36 AM,589.4,2,1178.8,260336172.40000004
2025-08-01 09:48:37 AM,589.4,2,1178.8,260337351.20000005
2025-08-01 09:48:42 AM,589.3,0,0.0,260337351.20000005
2025-08-01 09:48:43 AM,589.4,135,79569.0,260416920.20000005
2025-08-01 09:48:44 AM,589.4,20,11788.0,260428708.20000005
2025-08-01 09:48:46 AM,589.25,30,17677.5,260446385.70000005
2025-08-01 09:48:46 AM,589.35,0,0.0,260446385.70000005
2025-08-01 09:48:47 AM,589.4,0,0.0,260446385.70000005
2025-08-01 09:48:47 AM,589.4,25,14735.0,260461120.70000005
2025-08-01 09:48:49 AM,589.35,4,2357.4,260463478.10000005
2025-08-01 09:48:50 AM,589.35,49,28878.15,260492356.25000006
2025-08-01 09:48:51 AM,589.4,20,11788.0,260504144.25000006
2025-08-01 09:48:53 AM,589.35,68,40075.8,260544220.05000007
2025-08-01 09:48:54 AM,589.35,25,14733.75,260558953.80000007
2025-08-01 09:48:55 AM,589.45,0,0.0,260558953.80000007
2025-08-01 09:48:56 AM,589.45,514,302977.30000000005,260861931.10000008
2025-08-01 09:48:56 AM,589.35,1,589.35,260862520.45000008
2025-08-01 09:48:57 AM,589.45,0,0.0,260862520.45000008
2025-08-01 09:48:58 AM,589.45,30,17683.5,260880203.95000008
2025-08-01 09:48:58 AM,589.4,15,8841.0,260889044.95000008
2025-08-01 09:48:59 AM,589.45,5,2947.25,260891992.20000008
2025-08-01 09:49:02 AM,589.4,0,0.0,260891992.20000008
2025-08-01 09:49:05 AM,589.45,675,397878.75000000006,261289870.95000008
2025-08-01 09:49:10 AM,589.4,0,0.0,261289870.95000008
2025-08-01 09:49:10 AM,589.45,0,0.0,261289870.95000008
2025-08-01 09:49:11 AM,589.45,22,12967.900000000001,261302838.85000008
2025-08-01 09:49:14 AM,589.4,0,0.0,261302838.85000008
2025-08-01 09:49:15 AM,589.4,50,29470.0,261332308.85000008
2025-08-01 09:49:18 AM,589.5,0,0.0,261332308.85000008
2025-08-01 09:49:21 AM,589.4,395,232813.0,261565121.85000008
2025-08-01 09:49:23 AM,589.6,2190,1291224.0,262856345.85000008
2025-08-01 09:49:27 AM,589.9,0,0.0,262856345.85000008
2025-08-01 09:49:30 AM,589.9,1,589.9,262856935.7500001
2025-08-01 09:49:30 AM,589.85,0,0.0,262856935.7500001
2025-08-01 09:49:33 AM,589.6,0,0.0,262856935.7500001
2025-08-01 09:49:33 AM,589.6,610,359656.0,263216591.7500001
2025-08-01 09:49:36 AM,589.85,0,0.0,263216591.7500001
2025-08-01 09:49:36 AM,589.85,2,1179.7,263217771.45000008
2025-08-01 09:49:39 AM,589.65,0,0.0,263217771.45000008
2025-08-01 09:49:42 AM,589.65,8,4717.2,263222488.65000007
2025-08-01 09:49:45 AM,589.85,0,0.0,263222488.65000007
2025-08-01 09:49:48 AM,589.65,0,0.0,263222488.65000007
2025-08-01 09:49:49 AM,589.65,81,47761.65,263270250.30000007
2025-08-01 09:49:52 AM,589.65,489,288338.85,263558589.15000007
2025-08-01 09:49:54 AM,589.55,0,0.0,263558589.15000007
2025-08-01 09:49:55 AM,589.6,504,297158.4,263855747.55000007
2025-08-01 09:49:58 AM,589.55,0,0.0,263855747.55000007
2025-08-01 09:49:59 AM,589.55,126,74283.29999999999,263930030.85000008
2025-08-01 09:50:02 AM,589.4,328,193323.19999999998,264123354.05000007
2025-08-01 09:50:02 AM,589.6,0,0.0,264123354.05000007
2025-08-01 09:50:05 AM,589.55,466,274730.3,264398084.35000008
2025-08-01 09:50:08 AM,589.55,6,3537.2999999999997,264401621.6500001
2025-08-01 09:50:12 AM,589.55,148,87253.4,264488875.0500001
2025-08-01 09:50:14 AM,589.75,0,0.0,264488875.0500001
2025-08-01 09:50:14 AM,589.8,0,0.0,264488875.0500001
2025-08-01 09:50:15 AM,589.8,22,12975.599999999999,264501850.6500001
2025-08-01 09:50:17 AM,589.55,0,0.0,264501850.6500001
2025-08-01 09:50:18 AM,589.55,1043,614900.6499999999,265116751.3000001
2025-08-01 09:50:21 AM,589.55,2069,1219778.95,266336530.2500001
2025-08-01 09:50:23 AM,589.7,0,0.0,266336530.2500001
2025-08-01 09:50:25 AM,589.7,36,21229.2,266357759.45000008
2025-08-01 09:50:27 AM,589.7,10,5897.0,266363656.45000008
2025-08-01 09:50:29 AM,589.55,0,0.0,266363656.45000008
2025-08-01 09:50:31 AM,589.55,575,338991.25,266702647.70000008
2025-08-01 09:50:32 AM,589.35,0,0.0,266702647.70000008
2025-08-01 09:50:33 AM,589.35,250,147337.5,266849985.20000008
2025-08-01 09:50:37 AM,589.55,2,1179.1,266851164.30000007
2025-08-01 09:50:38 AM,589.7,0,0.0,266851164.30000007
2025-08-01 09:50:40 AM,589.7,1773,1045538.1000000001,267896702.40000007
2025-08-01 09:50:46 AM,589.7,230,135631.0,268032333.40000007
2025-08-01 09:50:47 AM,589.65,0,0.0,268032333.40000007
2025-08-01 09:50:50 AM,589.7,0,0.0,268032333.40000007
2025-08-01 09:50:52 AM,589.7,230,135631.0,268167964.40000007
2025-08-01 09:50:55 AM,589.55,0,0.0,268167964.40000007
2025-08-01 09:50:56 AM,589.65,34,20048.1,268188012.50000006
2025-08-01 09:50:58 AM,589.55,0,0.0,268188012.50000006
2025-08-01 09:50:58 AM,589.55,57,33604.35,268221616.85000005
2025-08-01 09:50:59 AM,589.3,0,0.0,268221616.85000005
2025-08-01 09:51:00 AM,589.5,287,169186.5,268390803.35000005
2025-08-01 09:51:02 AM,589.35,500,294675.0,268685478.35
2025-08-01 09:51:04 AM,589.55,304,179223.19999999998,268864701.55
2025-08-01 09:51:04 AM,589.65,0,0.0,268864701.55
2025-08-01 09:51:05 AM,589.65,19,11203.35,268875904.90000004
2025-08-01 09:51:06 AM,589.75,0,0.0,268875904.90000004
2025-08-01 09:51:07 AM,589.7,275,162167.5,269038072.40000004
2025-08-01 09:51:07 AM,589.75,113,66641.75,269104714.15000004
2025-08-01 09:51:07 AM,589.7,0,0.0,269104714.15000004
2025-08-01 09:51:08 AM,589.75,0,0.0,269104714.15000004
2025-08-01 09:51:08 AM,589.75,539,317875.25,269422589.40000004
2025-08-01 09:51:13 AM,589.9,10,5899.0,269428488.40000004
2025-08-01 09:51:14 AM,589.75,0,0.0,269428488.40000004
2025-08-01 09:51:15 AM,589.75,700,412825.0,269841313.40000004
2025-08-01 09:51:22 AM,589.75,442,260669.5,270101982.90000004
2025-08-01 09:51:22 AM,589.7,0,0.0,270101982.90000004
2025-08-01 09:51:23 AM,589.7,115,67815.5,270169798.40000004
2025-08-01 09:51:24 AM,589.7,9,5307.3,270175105.70000005
2025-08-01 09:51:26 AM,589.75,100,58975.0,270234080.70000005
2025-08-01 09:51:27 AM,589.65,12,7075.799999999999,270241156.50000006
2025-08-01 09:51:28 AM,589.6,21,12381.6,270253538.1000001
2025-08-01 09:51:29 AM,589.65,71,41865.15,270295403.25000006
2025-08-01 09:51:30 AM,589.65,80,47172.0,270342575.25000006
2025-08-01 09:51:30 AM,589.65,2,1179.3,270343754.5500001
2025-08-01 09:51:30 AM,589.6,0,0.0,270343754.5500001
2025-08-01 09:51:31 AM,589.6,15,8844.0,270352598.5500001
2025-08-01 09:51:32 AM,589.55,0,0.0,270352598.5500001
2025-08-01 09:51:33 AM,589.55,481,283573.55,270636172.1000001
2025-08-01 09:51:34 AM,589.5,1,589.5,270636761.6000001
2025-08-01 09:51:35 AM,589.3,196,115502.79999999999,270752264.4000001
2025-08-01 09:51:36 AM,589.4,50,29470.0,270781734.4000001
2025-08-01 09:51:38 AM,589.5,84,49518.0,270831252.4000001
2025-08-01 09:51:45 AM,589.5,25,14737.5,270845989.9000001
2025-08-01 09:51:46 AM,589.3,100,58929.99999999999,270904919.9000001
2025-08-01 09:51:48 AM,589.5,118,69561.0,270974480.9000001
2025-08-01 09:51:49 AM,589.3,119,70126.7,271044607.6000001
2025-08-01 09:51:51 AM,589.15,7423,4373260.45,275417868.0500001
2025-08-01 09:51:51 AM,589.15,10,5891.5,275423759.5500001
2025-08-01 09:51:54 AM,589.1,230,135493.0,275559252.5500001
2025-08-01 09:51:54 AM,589.15,0,0.0,275559252.5500001
2025-08-01 09:51:55 AM,589.15,5,2945.75,275562198.3000001
2025-08-01 09:51:57 AM,589.1,100,58910.0,275621108.3000001
2025-08-01 09:51:57 AM,589.15,0,0.0,275621108.3000001
2025-08-01 09:51:58 AM,589.15,1,589.15,275621697.45000005
2025-08-01 09:51:58 AM,589.1,1717,1011484.7000000001,276633182.15000004
2025-08-01 09:51:59 AM,589.1,4,2356.4,276635538.55
2025-08-01 09:51:59 AM,589.0,0,0.0,276635538.55
2025-08-01 09:52:01 AM,589.1,1955,1151690.5,277787229.05
2025-08-01 09:52:03 AM,589.0,0,0.0,277787229.05
2025-08-01 09:52:04 AM,589.15,650,382947.5,278170176.55
2025-08-01 09:52:07 AM,589.0,477,280953.0,278451129.55
2025-08-01 09:52:10 AM,589.05,101,59494.049999999996,278510623.6
2025-08-01 09:52:16 AM,589.0,16929,9971181.0,288481804.6
2025-08-01 09:52:19 AM,589.0,291,171399.0,288653203.6
2025-08-01 09:52:22 AM,588.8,0,0.0,288653203.6
2025-08-01 09:52:23 AM,588.8,1291,760140.7999999999,289413344.40000004
2025-08-01 09:52:28 AM,588.95,0,0.0,289413344.40000004
2025-08-01 09:52:29 AM,588.95,525,309198.75,289722543.15000004
2025-08-01 09:52:31 AM,588.8,0,0.0,289722543.15000004
2025-08-01 09:52:31 AM,588.95,0,0.0,289722543.15000004
2025-08-01 09:52:32 AM,588.95,66,38870.700000000004,289761413.85
2025-08-01 09:52:34 AM,588.8,0,0.0,289761413.85
2025-08-01 09:52:35 AM,588.8,63,37094.399999999994,289798508.25
2025-08-01 09:52:38 AM,588.8,228,134246.4,289932754.65
2025-08-01 09:52:40 AM,588.9,0,0.0,289932754.65
2025-08-01 09:52:41 AM,588.8,37,21785.6,289954540.25
2025-08-01 09:52:44 AM,588.8,620,365056.0,290319596.25
2025-08-01 09:52:47 AM,588.8,905,532864.0,290852460.25
2025-08-01 09:52:50 AM,588.8,500,294400.0,291146860.25
2025-08-01 09:52:52 AM,588.9,0,0.0,291146860.25
2025-08-01 09:52:53 AM,588.9,91,53589.9,291200450.15
2025-08-01 09:52:55 AM,588.8,0,0.0,291200450.15
2025-08-01 09:52:56 AM,588.8,165,97151.99999999999,291297602.15
2025-08-01 09:52:59 AM,588.8,204,120115.2,291417717.34999996
2025-08-01 09:53:01 AM,588.45,0,0.0,291417717.34999996
2025-08-01 09:53:01 AM,588.05,5451,3205460.55,294623177.9
2025-08-01 09:53:04 AM,588.1,0,0.0,294623177.9
2025-08-01 09:53:04 AM,588.35,0,0.0,294623177.9
2025-08-01 09:53:07 AM,588.1,0,0.0,294623177.9
2025-08-01 09:53:07 AM,588.35,594,349479.9,294972657.79999995
2025-08-01 09:53:10 AM,588.05,0,0.0,294972657.79999995
2025-08-01 09:53:12 AM,588.3,376,221200.8,295193858.59999996
2025-08-01 09:53:13 AM,588.0,0,0.0,295193858.59999996
2025-08-01 09:53:14 AM,588.0,1411,829668.0,296023526.59999996
2025-08-01 09:53:16 AM,587.95,0,0.0,296023526.59999996
2025-08-01 09:53:16 AM,587.85,0,0.0,296023526.59999996
2025-08-01 09:53:18 AM,587.85,5829,3426577.65,299450104.24999994
2025-08-01 09:53:20 AM,587.8,0,0.0,299450104.24999994
2025-08-01 09:53:20 AM,587.8,909,534310.2,299984414.4499999
2025-08-01 09:53:26 AM,587.5,0,0.0,299984414.4499999
2025-08-01 09:53:26 AM,587.8,843,495515.39999999997,300479929.8499999
2025-08-01 09:53:29 AM,587.45,0,0.0,300479929.8499999
2025-08-01 09:53:30 AM,587.65,4201,2468717.65,302948647.4999999
2025-08-01 09:53:32 AM,587.65,674,396076.1,303344723.5999999
2025-08-01 09:53:32 AM,587.8,0,0.0,303344723.5999999
2025-08-01 09:53:35 AM,588.0,0,0.0,303344723.5999999
2025-08-01 09:53:35 AM,587.95,0,0.0,303344723.5999999
2025-08-01 09:53:36 AM,587.75,1179,692957.25,304037680.8499999
2025-08-01 09:53:38 AM,587.55,0,0.0,304037680.8499999
2025-08-01 09:53:41 AM,587.6,0,0.0,304037680.8499999
2025-08-01 09:53:43 AM,587.6,533,313190.8,304350871.6499999
2025-08-01 09:53:44 AM,587.7,0,0.0,304350871.6499999
2025-08-01 09:53:45 AM,587.7,53,31148.100000000002,304382019.74999994
2025-08-01 09:53:46 AM,587.4,0,0.0,304382019.74999994
2025-08-01 09:53:49 AM,587.5,138,81075.0,304463094.74999994
2025-08-01 09:53:51 AM,587.5,15,8812.5,304471907.24999994
2025-08-01 09:53:55 AM,587.45,71,41708.950000000004,304513616.1999999
2025-08-01 09:53:57 AM,587.45,375,220293.75000000003,304733909.9499999
2025-08-01 09:54:01 AM,587.45,363,213244.35,304947154.29999995
2025-08-01 09:54:03 AM,587.45,32,18798.4,304965952.6999999
2025-08-01 09:54:07 AM,587.45,206,121014.70000000001,305086967.3999999
2025-08-01 09:54:09 AM,587.45,360,211482.00000000003,305298449.3999999
2025-08-01 09:54:11 AM,587.85,0,0.0,305298449.3999999
2025-08-01 09:54:15 AM,587.85,7209,4237810.65,309536260.0499999
2025-08-01 09:54:20 AM,587.8,0,0.0,309536260.0499999
2025-08-01 09:54:20 AM,587.75,19,11167.25,309547427.2999999
2025-08-01 09:54:21 AM,587.5,169,99287.5,309646714.7999999
2025-08-01 09:54:23 AM,587.7,0,0.0,309646714.7999999
2025-08-01 09:54:26 AM,587.7,124,72874.8,309719589.5999999
2025-08-01 09:54:30 AM,587.5,0,0.0,309719589.5999999
2025-08-01 09:54:30 AM,587.4,0,0.0,309719589.5999999
2025-08-01 09:54:32 AM,587.25,1649,968375.25,310687964.8499999
2025-08-01 09:54:36 AM,587.05,0,0.0,310687964.8499999
2025-08-01 09:54:36 AM,587.25,0,0.0,310687964.8499999
2025-08-01 09:54:39 AM,587.0,0,0.0,310687964.8499999
2025-08-01 09:54:39 AM,587.0,2272,1333664.0,312021628.8499999
2025-08-01 09:54:45 AM,587.2,612,359366.4,312380995.2499999
2025-08-01 09:54:48 AM,587.15,0,0.0,312380995.2499999
2025-08-01 09:54:50 AM,587.15,400,234860.0,312615855.2499999
2025-08-01 09:54:51 AM,587.0,0,0.0,312615855.2499999
2025-08-01 09:54:51 AM,587.0,500,293500.0,312909355.2499999
2025-08-01 09:54:54 AM,587.15,0,0.0,312909355.2499999
2025-08-01 09:54:56 AM,587.2,1889,1109220.8,314018576.0499999
2025-08-01 09:54:57 AM,587.25,0,0.0,314018576.0499999
2025-08-01 09:54:57 AM,587.25,68,39933.0,314058509.0499999
2025-08-01 09:55:00 AM,587.1,0,0.0,314058509.0499999
2025-08-01 09:55:01 AM,587.1,210,123291.0,314181800.0499999
2025-08-01 09:55:02 AM,587.0,0,0.0,314181800.0499999
2025-08-01 09:55:03 AM,587.0,30,17610.0,314199410.0499999
2025-08-01 09:55:03 AM,587.1,33,19374.3,314218784.3499999
2025-08-01 09:55:04 AM,587.1,4,2348.4,314221132.7499999
2025-08-01 09:55:04 AM,587.0,27,15849.0,314236981.7499999
2025-08-01 09:55:05 AM,587.1,5,2935.5,314239917.2499999
2025-08-01 09:55:07 AM,587.1,181,106265.1,314346182.3499999
2025-08-01 09:55:09 AM,587.1,95,55774.5,314401956.8499999
2025-08-01 09:55:10 AM,587.25,25,14681.25,314416638.0999999
2025-08-01 09:55:10 AM,587.1,0,0.0,314416638.0999999
2025-08-01 09:55:11 AM,587.1,224,131510.4,314548148.4999999
2025-08-01 09:55:12 AM,587.1,223,130923.3,314679071.7999999
2025-08-01 09:55:13 AM,587.1,239,140316.9,314819388.69999987
2025-08-01 09:55:14 AM,587.1,10,5871.0,314825259.69999987
2025-08-01 09:55:15 AM,587.0,155,90985.0,314916244.69999987
2025-08-01 09:55:16 AM,587.1,24,14090.400000000001,314930335.09999985
2025-08-01 09:55:17 AM,587.1,2,1174.2,314931509.29999983
2025-08-01 09:55:18 AM,587.0,30,17610.0,314949119.29999983
2025-08-01 09:55:18 AM,587.1,0,0.0,314949119.29999983
2025-08-01 09:55:19 AM,587.1,1,587.1,314949706.39999986
2025-08-01 09:55:20 AM,587.1,10,5871.0,314955577.39999986
2025-08-01 09:55:21 AM,587.1,70,41097.0,314996674.39999986
2025-08-01 09:55:21 AM,587.0,100,58700.0,315055374.39999986
2025-08-01 09:55:22 AM,587.2,0,0.0,315055374.39999986
2025-08-01 09:55:22 AM,587.2,151,88667.20000000001,315144041.59999985
2025-08-01 09:55:23 AM,587.0,530,311110.0,315455151.59999985
2025-08-01 09:55:24 AM,587.0,87,51069.0,315506220.59999985
2025-08-01 09:55:25 AM,587.0,170,99790.0,315606010.59999985
2025-08-01 09:55:25 AM,587.0,132,77484.0,315683494.59999985
2025-08-01 09:55:26 AM,586.6,3495,2050167.0,317733661.59999985
2025-08-01 09:55:27 AM,586.75,0,0.0,317733661.59999985
2025-08-01 09:55:28 AM,586.75,1,586.75,317734248.34999985
2025-08-01 09:55:29 AM,586.6,10,5866.0,317740114.34999985
2025-08-01 09:55:30 AM,586.6,1,586.6,317740700.94999987
2025-08-01 09:55:31 AM,586.75,1,586.75,317741287.69999987
2025-08-01 09:55:31 AM,586.6,0,0.0,317741287.69999987
2025-08-01 09:55:31 AM,586.75,11,6454.25,317747741.94999987
2025-08-01 09:55:33 AM,586.6,0,0.0,317747741.94999987
2025-08-01 09:55:33 AM,586.6,42,24637.2,317772379.14999986
2025-08-01 09:55:34 AM,586.75,0,0.0,317772379.14999986
2025-08-01 09:55:34 AM,586.6,0,0.0,317772379.14999986
2025-08-01 09:55:34 AM,586.6,427,250478.2,318022857.34999985
2025-08-01 09:55:35 AM,586.6,30,17598.0,318040455.34999985
2025-08-01 09:55:37 AM,586.75,0,0.0,318040455.34999985
2025-08-01 09:55:37 AM,586.75,192,112656.0,318153111.34999985
2025-08-01 09:55:38 AM,586.75,50,29337.5,318182448.84999985
2025-08-01 09:55:38 AM,586.6,120,70392.0,318252840.84999985
2025-08-01 09:55:39 AM,586.75,0,0.0,318252840.84999985
2025-08-01 09:55:39 AM,586.75,50,29337.5,318282178.34999985
2025-08-01 09:55:40 AM,586.75,9,5280.75,318287459.09999985
2025-08-01 09:55:40 AM,586.8,699,410173.19999999995,318697632.29999983
2025-08-01 09:55:42 AM,586.75,0,0.0,318697632.29999983
2025-08-01 09:55:42 AM,586.75,25,14668.75,318712301.04999983
2025-08-01 09:55:42 AM,586.85,407,238847.95,318951148.9999998
2025-08-01 09:55:43 AM,586.95,1,586.95,318951735.9499998
2025-08-01 09:55:44 AM,586.8,2,1173.6,318952909.54999983
2025-08-01 09:55:46 AM,586.7,0,0.0,318952909.54999983
2025-08-01 09:55:46 AM,586.7,180,105606.00000000001,319058515.54999983
2025-08-01 09:55:46 AM,586.95,1,586.95,319059102.4999998
2025-08-01 09:55:47 AM,586.95,60,35217.0,319094319.4999998
2025-08-01 09:55:49 AM,587.5,0,0.0,319094319.4999998
2025-08-01 09:55:49 AM,587.5,4450,2614375.0,321708694.4999998
2025-08-01 09:55:55 AM,586.95,118,69260.1,321777954.59999985
2025-08-01 09:55:56 AM,587.15,110,64586.5,321842541.09999985
2025-08-01 09:55:57 AM,587.15,16,9394.4,321851935.4999998
2025-08-01 09:56:01 AM,587.1,0,0.0,321851935.4999998
2025-08-01 09:56:01 AM,587.1,12,7045.200000000001,321858980.6999998
2025-08-01 09:56:01 AM,586.95,276,161998.2,322020978.8999998
2025-08-01 09:56:02 AM,587.1,0,0.0,322020978.8999998
2025-08-01 09:56:02 AM,587.1,8,4696.8,322025675.6999998
2025-08-01 09:56:04 AM,586.95,0,0.0,322025675.6999998
2025-08-01 09:56:04 AM,586.95,131,76890.45000000001,322102566.1499998
2025-08-01 09:56:05 AM,586.95,92,53999.4,322156565.5499998
2025-08-01 09:56:09 AM,586.75,108,63369.0,322219934.5499998
2025-08-01 09:56:12 AM,586.95,0,0.0,322219934.5499998
2025-08-01 09:56:12 AM,586.95,125,73368.75,322293303.2999998
2025-08-01 09:56:15 AM,586.65,0,0.0,322293303.2999998
2025-08-01 09:56:15 AM,586.75,197,115589.75,322408893.0499998
2025-08-01 09:56:16 AM,586.75,740,434195.0,322843088.0499998
2025-08-01 09:56:17 AM,587.0,0,0.0,322843088.0499998
2025-08-01 09:56:17 AM,586.8,0,0.0,322843088.0499998
2025-08-01 09:56:17 AM,586.8,120,70416.0,322913504.0499998
2025-08-01 09:56:19 AM,587.0,0,0.0,322913504.0499998
2025-08-01 09:56:19 AM,586.8,6,3520.7999999999997,322917024.8499998
2025-08-01 09:56:20 AM,587.1,0,0.0,322917024.8499998
2025-08-01 09:56:20 AM,587.15,159,93356.84999999999,323010381.6999998
2025-08-01 09:56:22 AM,587.2,600,352320.0,323362701.6999998
2025-08-01 09:56:24 AM,587.2,100,58720.00000000001,323421421.6999998
2025-08-01 09:56:27 AM,587.15,0,0.0,323421421.6999998
2025-08-01 09:56:27 AM,587.15,10,5871.5,323427293.1999998
2025-08-01 09:56:30 AM,586.9,15,8803.5,323436096.6999998
2025-08-01 09:56:32 AM,587.15,0,0.0,323436096.6999998
2025-08-01 09:56:32 AM,587.15,2,1174.3,323437270.9999998
2025-08-01 09:56:34 AM,587.25,0,0.0,323437270.9999998
2025-08-01 09:56:34 AM,587.25,2152,1263762.0,324701032.9999998
2025-08-01 09:56:35 AM,587.4,0,0.0,324701032.9999998
2025-08-01 09:56:35 AM,587.4,1,587.4,324701620.3999998
2025-08-01 09:56:35 AM,587.35,37,21731.95,324723352.3499998
2025-08-01 09:56:36 AM,587.35,5,2936.75,324726289.0999998
2025-08-01 09:56:37 AM,587.3,4,2349.2,324728638.2999998
2025-08-01 09:56:38 AM,587.05,0,0.0,324728638.2999998
2025-08-01 09:56:38 AM,587.05,18,10566.9,324739205.19999975
2025-08-01 09:56:40 AM,587.25,401,235487.25,324974692.44999975
2025-08-01 09:56:41 AM,587.25,161,94547.25,325069239.69999975
2025-08-01 09:56:45 AM,587.0,2437,1430519.0,326499758.69999975
2025-08-01 09:56:46 AM,587.0,950,557650.0,327057408.69999975
2025-08-01 09:56:46 AM,587.0,10,5870.0,327063278.69999975
2025-08-01 09:56:50 AM,587.0,50,29350.0,327092628.69999975
2025-08-01 09:56:52 AM,586.9,0,0.0,327092628.69999975
2025-08-01 09:56:52 AM,586.9,20,11738.0,327104366.69999975
2025-08-01 09:56:53 AM,586.95,0,0.0,327104366.69999975
2025-08-01 09:56:53 AM,586.95,173,101542.35,327205909.0499998
2025-08-01 09:56:56 AM,586.9,13,7629.7,327213538.74999976
2025-08-01 09:56:57 AM,586.95,25,14673.750000000002,327228212.49999976
2025-08-01 09:56:58 AM,586.7,0,0.0,327228212.49999976
2025-08-01 09:56:58 AM,586.7,12,7040.400000000001,327235252.89999974
2025-08-01 09:56:59 AM,586.65,46,26985.899999999998,327262238.7999997
2025-08-01 09:57:03 AM,586.65,300,175995.0,327438233.7999997
2025-08-01 09:57:04 AM,586.9,0,0.0,327438233.7999997
2025-08-01 09:57:04 AM,586.9,109,63972.1,327502205.89999974
2025-08-01 09:57:04 AM,586.9,10,5869.0,327508074.89999974
2025-08-01 09:57:15 AM,586.7,56,32855.200000000004,327540930.0999997
2025-08-01 09:57:19 AM,586.9,0,0.0,327540930.0999997
2025-08-01 09:57:19 AM,586.9,2,1173.8,327542103.89999974
2025-08-01 09:57:20 AM,586.7,0,0.0,327542103.89999974
2025-08-01 09:57:20 AM,586.7,102,59843.4,327601947.2999997
2025-08-01 09:57:21 AM,586.9,0,0.0,327601947.2999997
2025-08-01 09:57:21 AM,586.9,850,498865.0,328100812.2999997
2025-08-01 09:57:22 AM,586.9,117,68667.3,328169479.5999997
2025-08-01 09:57:24 AM,586.95,0,0.0,328169479.5999997
2025-08-01 09:57:24 AM,586.95,668,392082.60000000003,328561562.19999975
2025-08-01 09:57:25 AM,587.0,11,6457.0,328568019.19999975
2025-08-01 09:57:26 AM,586.75,0,0.0,328568019.19999975
2025-08-01 09:57:26 AM,587.0,13,7631.0,328575650.19999975
2025-08-01 09:57:29 AM,587.0,2,1174.0,328576824.19999975
2025-08-01 09:57:30 AM,587.0,261,153207.0,328730031.19999975
2025-08-01 09:57:33 AM,586.7,0,0.0,328730031.19999975
2025-08-01 09:57:33 AM,586.7,300,176010.0,328906041.19999975
2025-08-01 09:57:34 AM,586.95,1,586.95,328906628.14999974
2025-08-01 09:57:35 AM,586.95,100,58695.00000000001,328965323.14999974
2025-08-01 09:57:38 AM,586.7,0,0.0,328965323.14999974
2025-08-01 09:57:38 AM,586.7,70,41069.0,329006392.14999974
2025-08-01 09:57:41 AM,586.9,0,0.0,329006392.14999974
2025-08-01 09:57:41 AM,586.9,21,12324.9,329018717.0499997
2025-08-01 09:57:43 AM,586.9,50,29345.0,329048062.0499997
2025-08-01 09:57:43 AM,586.75,1,586.75,329048648.7999997
2025-08-01 09:57:44 AM,586.9,0,0.0,329048648.7999997
2025-08-01 09:57:44 AM,586.7,110,64537.00000000001,329113185.7999997
2025-08-01 09:57:45 AM,586.9,0,0.0,329113185.7999997
2025-08-01 09:57:45 AM,586.9,100,58690.0,329171875.7999997
2025-08-01 09:57:46 AM,586.7,615,360820.5,329532696.2999997
2025-08-01 09:57:48 AM,586.7,70,41069.0,329573765.2999997
2025-08-01 09:57:49 AM,586.7,3,1760.1000000000001,329575525.39999974
2025-08-01 09:57:51 AM,586.85,35,20539.75,329596065.14999974
2025-08-01 09:57:52 AM,586.7,120,70404.0,329666469.14999974
2025-08-01 09:57:53 AM,586.8,0,0.0,329666469.14999974
2025-08-01 09:57:53 AM,586.7,264,154888.80000000002,329821357.94999975
2025-08-01 09:57:55 AM,586.8,0,0.0,329821357.94999975
2025-08-01 09:57:55 AM,586.8,1,586.8,329821944.74999976
2025-08-01 09:57:58 AM,586.7,0,0.0,329821944.74999976
2025-08-01 09:57:58 AM,586.7,276,161929.2,329983873.94999975
2025-08-01 09:58:01 AM,586.8,50,29339.999999999996,330013213.94999975
2025-08-01 09:58:03 AM,586.0,8698,5097028.0,335110241.94999975
2025-08-01 09:58:04 AM,586.2,50,29310.000000000004,335139551.94999975
2025-08-01 09:58:05 AM,585.9,0,0.0,335139551.94999975
2025-08-01 09:58:05 AM,585.9,15,8788.5,335148340.44999975
2025-08-01 09:58:05 AM,585.55,2245,1314559.75,336462900.19999975
2025-08-01 09:58:06 AM,585.35,0,0.0,336462900.19999975
2025-08-01 09:58:06 AM,585.35,300,175605.0,336638505.19999975
2025-08-01 09:58:07 AM,585.3,0,0.0,336638505.19999975
2025-08-01 09:58:07 AM,585.8,117,68538.59999999999,336707043.7999998
2025-08-01 09:58:08 AM,586.0,0,0.0,336707043.7999998
2025-08-01 09:58:08 AM,585.4,1168,683747.2,337390790.99999976
2025-08-01 09:58:09 AM,585.4,101,59125.399999999994,337449916.39999974
2025-08-01 09:58:14 AM,585.65,0,0.0,337449916.39999974
2025-08-01 09:58:14 AM,585.65,1050,614932.5,338064848.89999974
2025-08-01 09:58:14 AM,585.35,10,5853.5,338070702.39999974
2025-08-01 09:58:16 AM,585.3,56,32776.799999999996,338103479.19999975
2025-08-01 09:58:16 AM,585.3,2,1170.6,338104649.7999998
2025-08-01 09:58:18 AM,585.25,0,0.0,338104649.7999998
2025-08-01 09:58:18 AM,585.25,20,11705.0,338116354.7999998
2025-08-01 09:58:18 AM,585.25,25,14631.25,338130986.0499998
2025-08-01 09:58:19 AM,585.25,8,4682.0,338135668.0499998
2025-08-01 09:58:21 AM,585.6,0,0.0,338135668.0499998
2025-08-01 09:58:21 AM,585.6,3196,1871577.6,340007245.6499998
2025-08-01 09:58:21 AM,585.35,4,2341.4,340009587.0499998
2025-08-01 09:58:22 AM,585.6,0,0.0,340009587.0499998
2025-08-01 09:58:22 AM,585.6,250,146400.0,340155987.0499998
2025-08-01 09:58:23 AM,585.4,0,0.0,340155987.0499998
2025-08-01 09:58:23 AM,585.4,120,70248.0,340226235.0499998
2025-08-01 09:58:24 AM,585.6,1,585.6,340226820.6499998
2025-08-01 09:58:24 AM,585.6,20,11712.0,340238532.6499998
2025-08-01 09:58:26 AM,585.4,0,0.0,340238532.6499998
2025-08-01 09:58:26 AM,585.4,25,14635.0,340253167.6499998
2025-08-01 09:58:27 AM,585.55,5,2927.75,340256095.3999998
2025-08-01 09:58:29 AM,585.05,2289,1339179.45,341595274.8499998
2025-08-01 09:58:30 AM,585.0,1742,1019070.0,342614344.8499998
2025-08-01 09:58:31 AM,585.05,66,38613.299999999996,342652958.1499998
2025-08-01 09:58:31 AM,585.0,160,93600.0,342746558.1499998
2025-08-01 09:58:32 AM,585.0,955,558675.0,343305233.1499998
2025-08-01 09:58:32 AM,585.0,245,143325.0,343448558.1499998
2025-08-01 09:58:34 AM,585.3,0,0.0,343448558.1499998
2025-08-01 09:58:34 AM,585.3,200,117059.99999999999,343565618.1499998
2025-08-01 09:58:35 AM,585.05,120,70206.0,343635824.1499998
2025-08-01 09:58:37 AM,585.3,0,0.0,343635824.1499998
2025-08-01 09:58:37 AM,585.05,284,166154.19999999998,343801978.3499998
2025-08-01 09:58:38 AM,585.0,0,0.0,343801978.3499998
2025-08-01 09:58:38 AM,585.0,20,11700.0,343813678.3499998
2025-08-01 09:58:40 AM,585.25,0,0.0,343813678.3499998
2025-08-01 09:58:40 AM,585.25,220,128755.0,343942433.3499998
2025-08-01 09:58:42 AM,585.1,2,1170.2,343943603.5499998
2025-08-01 09:58:43 AM,585.25,0,0.0,343943603.5499998
2025-08-01 09:58:43 AM,585.1,66,38616.6,343982220.1499998
2025-08-01 09:58:44 AM,585.1,1381,808023.1,344790243.2499998
2025-08-01 09:58:46 AM,585.25,0,0.0,344790243.2499998
2025-08-01 09:58:46 AM,585.25,10,5852.5,344796095.7499998
2025-08-01 09:58:46 AM,585.25,13,7608.25,344803703.9999998
2025-08-01 09:58:49 AM,585.25,1,585.25,344804289.2499998
2025-08-01 09:58:49 AM,585.1,1,585.1,344804874.34999985
2025-08-01 09:58:50 AM,585.25,55,32188.75,344837063.09999985
2025-08-01 09:58:51 AM,585.15,149,87187.34999999999,344924250.44999987
2025-08-01 09:58:53 AM,585.1,372,217657.2,345141907.64999986
2025-08-01 09:58:53 AM,585.25,1,585.25,345142492.89999986
2025-08-01 09:58:54 AM,585.1,0,0.0,345142492.89999986
2025-08-01 09:58:54 AM,585.1,200,117020.0,345259512.89999986
2025-08-01 09:58:55 AM,585.05,0,0.0,345259512.89999986
2025-08-01 09:58:55 AM,585.05,3,1755.1499999999999,345261268.04999983
2025-08-01 09:58:58 AM,585.1,0,0.0,345261268.04999983
2025-08-01 09:58:58 AM,585.1,430,251593.0,345512861.04999983
2025-08-01 09:58:59 AM,585.0,2810,1643850.0,347156711.04999983
2025-08-01 09:59:00 AM,585.0,40,23400.0,347180111.04999983
2025-08-01 09:59:01 AM,585.1,0,0.0,347180111.04999983
2025-08-01 09:59:01 AM,585.1,100,58510.0,347238621.04999983
2025-08-01 09:59:03 AM,585.0,10,5850.0,347244471.04999983
2025-08-01 09:59:04 AM,585.1,0,0.0,347244471.04999983
2025-08-01 09:59:04 AM,585.0,25,14625.0,347259096.04999983
2025-08-01 09:59:04 AM,585.05,1,585.05,347259681.09999985
2025-08-01 09:59:07 AM,585.05,230,134561.5,347394242.59999985
2025-08-01 09:59:07 AM,585.0,127,74295.0,347468537.59999985
2025-08-01 09:59:09 AM,585.0,200,117000.0,347585537.59999985
2025-08-01 09:59:11 AM,585.05,9,5265.45,347590803.04999983
2025-08-01 09:59:12 AM,585.1,970,567547.0,348158350.04999983
2025-08-01 09:59:13 AM,585.2,23,13459.6,348171809.64999986
2025-08-01 09:59:16 AM,585.2,1,585.2,348172394.84999985
2025-08-01 09:59:17 AM,585.35,1054,616958.9,348789353.7499998
2025-08-01 09:59:18 AM,585.35,2,1170.7,348790524.4499998
2025-08-01 09:59:20 AM,585.35,10,5853.5,348796377.9499998
2025-08-01 09:59:21 AM,585.4,0,0.0,348796377.9499998
2025-08-01 09:59:21 AM,585.4,152,88980.8,348885358.7499998
2025-08-01 09:59:22 AM,585.5,0,0.0,348885358.7499998
2025-08-01 09:59:22 AM,585.6,0,0.0,348885358.7499998
2025-08-01 09:59:22 AM,585.6,406,237753.6,349123112.34999985
2025-08-01 09:59:23 AM,585.6,74,43334.4,349166446.7499998
2025-08-01 09:59:23 AM,585.75,161,94305.75,349260752.4999998
2025-08-01 09:59:24 AM,585.7,24,14056.800000000001,349274809.29999983
2025-08-01 09:59:25 AM,586.3,2300,1348490.0,350623299.29999983
2025-08-01 09:59:29 AM,585.85,0,0.0,350623299.29999983
2025-08-01 09:59:29 AM,585.85,201,117755.85,350741055.14999986
2025-08-01 09:59:31 AM,585.85,180,105453.0,350846508.14999986
2025-08-01 09:59:33 AM,585.85,50,29292.5,350875800.64999986
2025-08-01 09:59:33 AM,585.85,50,29292.5,350905093.14999986
2025-08-01 09:59:34 AM,585.85,3,1757.5500000000002,350906850.69999987
2025-08-01 09:59:35 AM,585.85,3,1757.5500000000002,350908608.2499999
2025-08-01 09:59:35 AM,585.9,0,0.0,350908608.2499999
2025-08-01 09:59:35 AM,586.3,733,429757.89999999997,351338366.14999986
2025-08-01 09:59:39 AM,586.25,0,0.0,351338366.14999986
2025-08-01 09:59:39 AM,586.25,44,25795.0,351364161.14999986
2025-08-01 09:59:41 AM,586.3,9,5276.7,351369437.84999985
2025-08-01 09:59:41 AM,586.3,5,2931.5,351372369.34999985
2025-08-01 09:59:42 AM,586.3,10,5863.0,351378232.34999985
2025-08-01 09:59:43 AM,585.85,0,0.0,351378232.34999985
2025-08-01 09:59:43 AM,585.85,100,58585.0,351436817.34999985
2025-08-01 09:59:44 AM,586.15,255,149468.25,351586285.59999985
2025-08-01 09:59:45 AM,586.15,320,187568.0,351773853.59999985
2025-08-01 09:59:46 AM,586.15,4,2344.6,351776198.19999987
2025-08-01 09:59:47 AM,586.1,5,2930.5,351779128.69999987
2025-08-01 09:59:49 AM,585.85,0,0.0,351779128.69999987
2025-08-01 09:59:49 AM,585.85,144,84362.40000000001,351863491.09999985
2025-08-01 09:59:50 AM,586.1,2,1172.2,351864663.29999983
2025-08-01 09:59:52 AM,585.85,0,0.0,351864663.29999983
2025-08-01 09:59:52 AM,585.85,24,14060.400000000001,351878723.6999998
2025-08-01 09:59:52 AM,585.85,4,2343.4,351881067.0999998
2025-08-01 09:59:55 AM,586.0,0,0.0,351881067.0999998
2025-08-01 09:59:56 AM,586.0,1,586.0,351881653.0999998
2025-08-01 09:59:57 AM,586.0,10,5860.0,351887513.0999998
2025-08-01 09:59:57 AM,586.0,2,1172.0,351888685.0999998
2025-08-01 09:59:58 AM,585.85,0,0.0,351888685.0999998
2025-08-01 09:59:58 AM,585.85,76,44524.6,351933209.6999998
2025-08-01 10:00:00 AM,585.65,0,0.0,351933209.6999998
2025-08-01 10:00:00 AM,585.65,27,15812.55,351949022.2499998
2025-08-01 10:00:01 AM,585.7,0,0.0,351949022.2499998
2025-08-01 10:00:01 AM,585.7,13,7614.1,351956636.34999985
2025-08-01 10:00:02 AM,585.65,100,58565.0,352015201.34999985
2025-08-01 10:00:03 AM,585.65,16,9370.4,352024571.7499998
2025-08-01 10:00:03 AM,585.65,10,5856.5,352030428.2499998
2025-08-01 10:00:05 AM,585.65,21,12298.65,352042726.8999998
2025-08-01 10:00:06 AM,585.7,0,0.0,352042726.8999998
2025-08-01 10:00:06 AM,585.8,268,156994.4,352199721.2999998
2025-08-01 10:00:07 AM,585.8,1,585.8,352200307.0999998
2025-08-01 10:00:08 AM,585.7,0,0.0,352200307.0999998
2025-08-01 10:00:08 AM,585.75,277,162252.75,352362559.8499998
2025-08-01 10:00:09 AM,585.7,2,1171.4,352363731.24999976
2025-08-01 10:00:12 AM,585.65,0,0.0,352363731.24999976
2025-08-01 10:00:12 AM,585.65,50,29282.5,352393013.74999976
2025-08-01 10:00:13 AM,585.7,0,0.0,352393013.74999976
2025-08-01 10:00:13 AM,585.7,1,585.7,352393599.44999975
2025-08-01 10:00:17 AM,585.7,10,5857.0,352399456.44999975
2025-08-01 10:00:20 AM,585.65,53,31039.449999999997,352430495.89999974
2025-08-01 10:00:20 AM,585.65,131,76720.15,352507216.0499997
2025-08-01 10:00:21 AM,585.7,416,243651.2,352750867.2499997
2025-08-01 10:00:22 AM,585.65,0,0.0,352750867.2499997
2025-08-01 10:00:22 AM,585.65,15,8784.75,352759651.9999997
2025-08-01 10:00:22 AM,585.65,203,118886.95,352878538.9499997
2025-08-01 10:00:24 AM,585.7,0,0.0,352878538.9499997
2025-08-01 10:00:24 AM,585.7,600,351420.0,353229958.9499997
2025-08-01 10:00:26 AM,585.65,0,0.0,353229958.9499997
2025-08-01 10:00:26 AM,585.65,20,11713.0,353241671.9499997
2025-08-01 10:00:27 AM,585.65,46,26939.899999999998,353268611.84999967
2025-08-01 10:00:28 AM,585.65,10,5856.5,353274468.34999967
2025-08-01 10:00:29 AM,585.55,56,32790.799999999996,353307259.1499997
2025-08-01 10:00:30 AM,585.65,0,0.0,353307259.1499997
2025-08-01 10:00:30 AM,585.65,16,9370.4,353316629.54999965
2025-08-01 10:00:31 AM,585.75,1,585.75,353317215.29999965
2025-08-01 10:00:33 AM,585.75,77,45102.75,353362318.04999965
2025-08-01 10:00:34 AM,585.75,1,585.75,353362903.79999965
2025-08-01 10:00:34 AM,585.7,1,585.7,353363489.49999964
2025-08-01 10:00:38 AM,585.7,8,4685.6,353368175.09999967
2025-08-01 10:00:39 AM,585.75,0,0.0,353368175.09999967
2025-08-01 10:00:39 AM,585.75,1,585.75,353368760.84999967
2025-08-01 10:00:40 AM,585.75,10,5857.5,353374618.34999967
2025-08-01 10:00:41 AM,585.75,5,2928.75,353377547.09999967
2025-08-01 10:00:42 AM,585.75,778,455713.5,353833260.59999967
2025-08-01 10:00:46 AM,585.65,0,0.0,353833260.59999967
2025-08-01 10:00:46 AM,585.65,294,172181.1,354005441.6999997
2025-08-01 10:00:46 AM,585.7,2,1171.4,354006613.09999967
2025-08-01 10:00:48 AM,585.7,5,2928.5,354009541.59999967
2025-08-01 10:00:48 AM,585.7,20,11714.0,354021255.59999967
2025-08-01 10:00:53 AM,585.5,0,0.0,354021255.59999967
2025-08-01 10:00:53 AM,585.5,10,5855.0,354027110.59999967
2025-08-01 10:01:00 AM,585.7,0,0.0,354027110.59999967
2025-08-01 10:01:00 AM,585.7,50,29285.000000000004,354056395.59999967
2025-08-01 10:01:00 AM,585.65,60,35139.0,354091534.59999967
2025-08-01 10:01:01 AM,585.7,179,104840.3,354196374.8999997
2025-08-01 10:01:04 AM,585.65,144,84333.59999999999,354280708.4999997
2025-08-01 10:01:07 AM,585.75,51,29873.25,354310581.7499997
2025-08-01 10:01:12 AM,585.6,0,0.0,354310581.7499997
2025-08-01 10:01:13 AM,585.65,0,0.0,354310581.7499997
2025-08-01 10:01:17 AM,586.0,0,0.0,354310581.7499997
2025-08-01 10:01:17 AM,586.0,1594,934084.0,355244665.7499997
2025-08-01 10:01:20 AM,586.0,60,35160.0,355279825.7499997
2025-08-01 10:01:23 AM,585.85,82,48039.700000000004,355327865.4499997
2025-08-01 10:01:26 AM,586.0,0,0.0,355327865.4499997
2025-08-01 10:01:26 AM,586.0,115,67390.0,355395255.4499997
2025-08-01 10:01:29 AM,586.0,5,2930.0,355398185.4499997
2025-08-01 10:01:32 AM,586.0,7,4102.0,355402287.4499997
2025-08-01 10:01:33 AM,585.95,0,0.0,355402287.4499997
2025-08-01 10:01:35 AM,586.15,771,451921.64999999997,355854209.09999967
2025-08-01 10:01:42 AM,586.3,0,0.0,355854209.09999967
2025-08-01 10:01:42 AM,586.3,26,15243.8,355869452.8999997
2025-08-01 10:01:46 AM,586.5,0,0.0,355869452.8999997
2025-08-01 10:01:47 AM,586.1,0,0.0,355869452.8999997
2025-08-01 10:01:48 AM,586.05,1636,958777.7999999999,356828230.6999997
2025-08-01 10:01:50 AM,585.95,0,0.0,356828230.6999997
2025-08-01 10:01:50 AM,585.95,1175,688491.25,357516721.9499997
2025-08-01 10:01:51 AM,586.05,0,0.0,357516721.9499997
2025-08-01 10:01:54 AM,586.25,0,0.0,357516721.9499997
2025-08-01 10:01:54 AM,586.25,124,72695.0,357589416.9499997
2025-08-01 10:01:56 AM,586.25,10,5862.5,357595279.4499997
2025-08-01 10:01:59 AM,586.3,0,0.0,357595279.4499997
2025-08-01 10:02:00 AM,586.3,945,554053.5,358149332.9499997
2025-08-01 10:02:01 AM,586.4,18,10555.199999999999,358159888.1499997
2025-08-01 10:02:02 AM,586.4,14,8209.6,358168097.7499997
2025-08-01 10:02:03 AM,586.4,4,2345.6,358170443.3499997
2025-08-01 10:02:04 AM,586.4,52,30492.8,358200936.14999974
2025-08-01 10:02:05 AM,586.45,11,6450.950000000001,358207387.0999997
2025-08-01 10:02:06 AM,586.15,0,0.0,358207387.0999997
2025-08-01 10:02:06 AM,586.15,1125,659418.75,358866805.8499997
2025-08-01 10:02:08 AM,586.3,0,0.0,358866805.8499997
2025-08-01 10:02:08 AM,586.3,78,45731.399999999994,358912537.2499997
2025-08-01 10:02:09 AM,586.45,10,5864.5,358918401.7499997
2025-08-01 10:02:11 AM,586.6,300,175980.0,359094381.7499997
2025-08-01 10:02:14 AM,586.65,0,0.0,359094381.7499997
2025-08-01 10:02:14 AM,586.65,50,29332.5,359123714.2499997
2025-08-01 10:02:15 AM,586.25,0,0.0,359123714.2499997
2025-08-01 10:02:15 AM,586.45,298,174762.1,359298476.3499997
2025-08-01 10:02:16 AM,586.5,0,0.0,359298476.3499997
2025-08-01 10:02:16 AM,586.5,202,118473.0,359416949.3499997
2025-08-01 10:02:17 AM,586.25,3,1758.75,359418708.0999997
2025-08-01 10:02:19 AM,586.5,2,1173.0,359419881.0999997
2025-08-01 10:02:19 AM,586.5,1,586.5,359420467.5999997
2025-08-01 10:02:21 AM,586.5,9,5278.5,359425746.0999997
2025-08-01 10:02:23 AM,586.5,315,184747.5,359610493.5999997
2025-08-01 10:02:24 AM,586.45,0,0.0,359610493.5999997
2025-08-01 10:02:24 AM,586.45,1,586.45,359611080.0499997
2025-08-01 10:02:25 AM,586.5,0,0.0,359611080.0499997
2025-08-01 10:02:25 AM,586.5,100,58650.0,359669730.0499997
2025-08-01 10:02:26 AM,586.5,177,103810.5,359773540.5499997
2025-08-01 10:02:27 AM,586.5,105,61582.5,359835123.0499997
2025-08-01 10:02:28 AM,586.5,20,11730.0,359846853.0499997
2025-08-01 10:02:29 AM,586.7,100,58670.00000000001,359905523.0499997
2025-08-01 10:02:31 AM,586.6,100,58660.0,359964183.0499997
2025-08-01 10:02:34 AM,586.8,0,0.0,359964183.0499997
2025-08-01 10:02:34 AM,586.8,42,24645.6,359988828.64999974
2025-08-01 10:02:34 AM,586.65,0,0.0,359988828.64999974
2025-08-01 10:02:34 AM,586.8,30,17604.0,360006432.64999974
2025-08-01 10:02:35 AM,586.8,1,586.8,360007019.44999975
2025-08-01 10:02:36 AM,586.65,0,0.0,360007019.44999975
2025-08-01 10:02:36 AM,586.65,6,3519.8999999999996,360010539.3499997
2025-08-01 10:02:38 AM,586.9,0,0.0,360010539.3499997
2025-08-01 10:02:38 AM,586.8,0,0.0,360010539.3499997
2025-08-01 10:02:38 AM,586.8,454,266407.19999999995,360276946.5499997
2025-08-01 10:02:40 AM,586.8,10,5868.0,360282814.5499997
2025-08-01 10:02:41 AM,586.9,0,0.0,360282814.5499997
2025-08-01 10:02:41 AM,586.9,190,111511.0,360394325.5499997
2025-08-01 10:02:43 AM,587.0,500,293500.0,360687825.5499997
2025-08-01 10:02:46 AM,586.9,21,12324.9,360700150.4499997
2025-08-01 10:02:47 AM,587.0,412,241844.0,360941994.4499997
2025-08-01 10:02:49 AM,586.9,0,0.0,360941994.4499997
2025-08-01 10:02:49 AM,586.9,68,39909.2,360981903.6499997
2025-08-01 10:02:50 AM,587.0,16,9392.0,360991295.6499997
2025-08-01 10:02:50 AM,587.0,4,2348.0,360993643.6499997
2025-08-01 10:02:52 AM,587.1,525,308227.5,361301871.1499997
2025-08-01 10:02:53 AM,587.0,0,0.0,361301871.1499997
2025-08-01 10:02:53 AM,587.0,1,587.0,361302458.1499997
2025-08-01 10:02:55 AM,586.9,200,117380.0,361419838.1499997
2025-08-01 10:02:58 AM,587.0,30,17610.0,361437448.1499997
2025-08-01 10:03:04 AM,587.0,13,7631.0,361445079.1499997
2025-08-01 10:03:06 AM,587.0,3,1761.0,361446840.1499997
2025-08-01 10:03:09 AM,586.9,0,0.0,361446840.1499997
2025-08-01 10:03:10 AM,586.9,1827,1072266.3,362519106.4499997
2025-08-01 10:03:12 AM,587.0,560,328720.0,362847826.4499997
2025-08-01 10:03:17 AM,587.15,0,0.0,362847826.4499997
2025-08-01 10:03:17 AM,587.15,1,587.15,362848413.59999967
2025-08-01 10:03:19 AM,587.05,1,587.05,362849000.6499997
