date,price,qty,trnvr,cum_trnvr
2025-08-01 09:15:01 AM,861.2,1104,950764.8,950764.8
2025-08-01 09:15:02 AM,860.2,0,0.0,950764.8
2025-08-01 09:15:11 AM,862.3,0,0.0,950764.8
2025-08-01 09:15:12 AM,862.3,605,521691.5,1472456.3
2025-08-01 09:15:14 AM,860.6,1001,861460.6,2333916.9
2025-08-01 09:15:20 AM,861.85,0,0.0,2333916.9
2025-08-01 09:15:21 AM,861.25,0,0.0,2333916.9
2025-08-01 09:15:23 AM,861.1,204,175664.4,2509581.3
2025-08-01 09:15:25 AM,860.6,18,15490.800000000001,2525072.0999999996
2025-08-01 09:15:27 AM,860.2,0,0.0,2525072.0999999996
2025-08-01 09:15:30 AM,861.2,0,0.0,2525072.0999999996
2025-08-01 09:15:32 AM,861.2,394,339312.80000000005,2864384.8999999994
2025-08-01 09:15:39 AM,860.05,0,0.0,2864384.8999999994
2025-08-01 09:15:40 AM,860.0,2226,1914360.0,4778744.899999999
2025-08-01 09:15:42 AM,858.1,18,15445.800000000001,4794190.699999999
2025-08-01 09:15:43 AM,858.55,0,0.0,4794190.699999999
2025-08-01 09:15:47 AM,857.35,0,0.0,4794190.699999999
2025-08-01 09:15:48 AM,858.35,2931,2515823.85,7310014.549999999
2025-08-01 09:15:50 AM,858.75,399,342641.25,7652655.799999999
2025-08-01 09:15:52 AM,857.25,0,0.0,7652655.799999999
2025-08-01 09:15:55 AM,859.05,0,0.0,7652655.799999999
2025-08-01 09:15:56 AM,859.05,386,331593.3,7984249.099999999
2025-08-01 09:15:58 AM,860.05,677,582253.85,8566502.95
2025-08-01 09:16:01 AM,861.35,0,0.0,8566502.95
2025-08-01 09:16:04 AM,856.4,0,0.0,8566502.95
2025-08-01 09:16:05 AM,856.4,1768,1514115.2,10080618.149999999
2025-08-01 09:16:06 AM,857.45,250,214362.5,10294980.649999999
2025-08-01 09:16:09 AM,858.0,0,0.0,10294980.649999999
2025-08-01 09:16:13 AM,858.0,164,140712.0,10435692.649999999
2025-08-01 09:16:14 AM,856.7,366,313552.2,10749244.849999998
2025-08-01 09:16:15 AM,857.05,0,0.0,10749244.849999998
2025-08-01 09:16:18 AM,856.95,0,0.0,10749244.849999998
2025-08-01 09:16:21 AM,857.35,1724,1478071.4000000001,12227316.249999998
2025-08-01 09:16:23 AM,856.15,98,83902.7,12311218.949999997
2025-08-01 09:16:26 AM,855.2,0,0.0,12311218.949999997
2025-08-01 09:16:28 AM,854.0,0,0.0,12311218.949999997
2025-08-01 09:16:29 AM,854.9,2842,2429625.8,14740844.749999996
2025-08-01 09:16:31 AM,854.45,301,257189.45,14998034.199999996
2025-08-01 09:16:36 AM,854.5,0,0.0,14998034.199999996
2025-08-01 09:16:37 AM,854.8,87,74367.59999999999,15072401.799999995
2025-08-01 09:16:45 AM,855.2,0,0.0,15072401.799999995
2025-08-01 09:16:46 AM,855.2,339,289912.8,15362314.599999996
2025-08-01 09:16:48 AM,855.15,0,0.0,15362314.599999996
2025-08-01 09:16:54 AM,855.25,191,163352.75,15525667.349999996
2025-08-01 09:16:55 AM,854.6,1559,1332321.4000000001,16857988.749999996
2025-08-01 09:16:57 AM,855.0,0,0.0,16857988.749999996
2025-08-01 09:17:02 AM,855.0,220,188100.0,17046088.749999996
2025-08-01 09:17:04 AM,855.15,0,0.0,17046088.749999996
2025-08-01 09:17:06 AM,855.35,0,0.0,17046088.749999996
2025-08-01 09:17:10 AM,855.65,412,352527.8,17398616.549999997
2025-08-01 09:17:19 AM,856.65,40,34266.0,17432882.549999997
2025-08-01 09:17:22 AM,857.0,0,0.0,17432882.549999997
2025-08-01 09:17:27 AM,857.05,1103,945326.1499999999,18378208.699999996
2025-08-01 09:17:28 AM,857.15,162,138858.3,18517066.999999996
2025-08-01 09:17:35 AM,857.0,27,23139.0,18540205.999999996
2025-08-01 09:17:36 AM,857.15,25,21428.75,18561634.749999996
2025-08-01 09:17:38 AM,857.4,0,0.0,18561634.749999996
2025-08-01 09:17:44 AM,856.45,214,183280.30000000002,18744915.049999997
2025-08-01 09:17:44 AM,856.2,38,32535.600000000002,18777450.65
2025-08-01 09:17:47 AM,856.8,0,0.0,18777450.65
2025-08-01 09:17:52 AM,856.85,134,114817.90000000001,18892268.549999997
2025-08-01 09:17:56 AM,857.6,0,0.0,18892268.549999997
2025-08-01 09:18:00 AM,857.6,51,43737.6,18936006.15
2025-08-01 09:18:04 AM,857.75,0,0.0,18936006.15
2025-08-01 09:18:06 AM,858.0,0,0.0,18936006.15
2025-08-01 09:18:08 AM,858.0,351,301158.0,19237164.15
2025-08-01 09:18:12 AM,858.6,0,0.0,19237164.15
2025-08-01 09:18:17 AM,859.35,91,78200.85,19315365.0
2025-08-01 09:18:20 AM,859.7,0,0.0,19315365.0
2025-08-01 09:18:25 AM,860.85,156,134292.6,19449657.6
2025-08-01 09:18:26 AM,861.15,200,172230.0,19621887.6
2025-08-01 09:18:30 AM,861.4,0,0.0,19621887.6
2025-08-01 09:18:33 AM,860.0,808,694880.0,20316767.6
2025-08-01 09:18:36 AM,859.5,0,0.0,20316767.6
2025-08-01 09:18:41 AM,860.4,201,172940.4,20489708.0
2025-08-01 09:18:46 AM,860.75,0,0.0,20489708.0
2025-08-01 09:18:51 AM,860.0,210,180600.0,20670308.0
2025-08-01 09:18:52 AM,859.95,0,0.0,20670308.0
2025-08-01 09:18:54 AM,860.3,0,0.0,20670308.0
2025-08-01 09:18:58 AM,859.7,670,575999.0,21246307.0
2025-08-01 09:19:00 AM,858.5,0,0.0,21246307.0
2025-08-01 09:19:02 AM,858.65,0,0.0,21246307.0
2025-08-01 09:19:06 AM,859.45,637,547469.65,21793776.65
2025-08-01 09:19:07 AM,859.6,2,1719.2,21795495.849999998
2025-08-01 09:19:08 AM,859.3,0,0.0,21795495.849999998
2025-08-01 09:19:14 AM,859.95,85,73095.75,21868591.599999998
2025-08-01 09:19:16 AM,860.0,0,0.0,21868591.599999998
2025-08-01 09:19:18 AM,859.65,0,0.0,21868591.599999998
2025-08-01 09:19:22 AM,859.6,277,238109.2,22106700.799999997
2025-08-01 09:19:23 AM,859.6,1,859.6,22107560.4
2025-08-01 09:19:30 AM,859.4,103,88518.2,22196078.599999998
2025-08-01 09:19:30 AM,858.95,0,0.0,22196078.599999998
2025-08-01 09:19:31 AM,858.6,34,29192.4,22225270.999999996
2025-08-01 09:19:33 AM,858.5,0,0.0,22225270.999999996
2025-08-01 09:19:38 AM,858.5,169,145086.5,22370357.499999996
2025-08-01 09:19:40 AM,858.85,13,11165.050000000001,22381522.549999997
2025-08-01 09:19:41 AM,858.75,0,0.0,22381522.549999997
2025-08-01 09:19:46 AM,858.5,219,188011.5,22569534.049999997
2025-08-01 09:19:48 AM,858.95,34,29204.300000000003,22598738.349999998
2025-08-01 09:19:48 AM,858.5,0,0.0,22598738.349999998
2025-08-01 09:19:54 AM,858.05,66,56631.299999999996,22655369.65
2025-08-01 09:19:55 AM,858.0,0,0.0,22655369.65
2025-08-01 09:19:56 AM,858.0,18,15444.0,22670813.65
2025-08-01 09:20:02 AM,858.2,307,263467.4,22934281.049999997
2025-08-01 09:20:09 AM,859.2,0,0.0,22934281.049999997
2025-08-01 09:20:10 AM,858.65,141,121069.65,23055350.699999996
2025-08-01 09:20:16 AM,858.3,0,0.0,23055350.699999996
2025-08-01 09:20:18 AM,858.3,1000,858300.0,23913650.699999996
2025-08-01 09:20:23 AM,859.2,0,0.0,23913650.699999996
2025-08-01 09:20:26 AM,859.2,293,251745.6,24165396.299999997
2025-08-01 09:20:30 AM,859.1,0,0.0,24165396.299999997
2025-08-01 09:20:34 AM,859.1,10,8591.0,24173987.299999997
2025-08-01 09:20:34 AM,858.7,0,0.0,24173987.299999997
2025-08-01 09:20:35 AM,859.2,512,439910.4,24613897.699999996
2025-08-01 09:20:40 AM,859.3,0,0.0,24613897.699999996
2025-08-01 09:20:42 AM,859.3,2,1718.6,24615616.299999997
2025-08-01 09:20:47 AM,859.1,0,0.0,24615616.299999997
2025-08-01 09:20:49 AM,859.1,1,859.1,24616475.4
2025-08-01 09:20:51 AM,858.75,43,36926.25,24653401.65
2025-08-01 09:20:55 AM,859.1,0,0.0,24653401.65
2025-08-01 09:20:57 AM,858.75,32,27480.0,24680881.65
2025-08-01 09:20:58 AM,858.75,34,29197.5,24710079.15
2025-08-01 09:21:09 AM,859.0,0,0.0,24710079.15
2025-08-01 09:21:13 AM,859.0,2,1718.0,24711797.15
2025-08-01 09:21:17 AM,858.8,0,0.0,24711797.15
2025-08-01 09:21:20 AM,858.15,1066,914787.9,25626585.049999997
2025-08-01 09:21:25 AM,859.0,0,0.0,25626585.049999997
2025-08-01 09:21:28 AM,859.0,471,404589.0,26031174.049999997
2025-08-01 09:21:29 AM,859.0,9,7731.0,26038905.049999997
2025-08-01 09:21:35 AM,859.35,0,0.0,26038905.049999997
2025-08-01 09:21:36 AM,859.0,2230,1915570.0,27954475.049999997
2025-08-01 09:21:44 AM,859.0,415,356485.0,28310960.049999997
2025-08-01 09:21:47 AM,859.2,0,0.0,28310960.049999997
2025-08-01 09:21:51 AM,859.2,1,859.2,28311819.249999996
2025-08-01 09:21:58 AM,859.1,0,0.0,28311819.249999996
2025-08-01 09:21:59 AM,859.1,2,1718.2,28313537.449999996
2025-08-01 09:22:02 AM,859.2,0,0.0,28313537.449999996
2025-08-01 09:22:05 AM,859.9,0,0.0,28313537.449999996
2025-08-01 09:22:06 AM,859.45,413,354952.85000000003,28668490.299999997
2025-08-01 09:22:08 AM,859.0,427,366793.0,29035283.299999997
2025-08-01 09:22:11 AM,858.35,0,0.0,29035283.299999997
2025-08-01 09:22:14 AM,858.7,63,54098.100000000006,29089381.4
2025-08-01 09:22:19 AM,858.15,0,0.0,29089381.4
2025-08-01 09:22:22 AM,858.7,4,3434.8,29092816.2
2025-08-01 09:22:26 AM,858.35,0,0.0,29092816.2
2025-08-01 09:22:29 AM,858.35,4049,3475459.15,32568275.349999998
2025-08-01 09:22:30 AM,858.0,0,0.0,32568275.349999998
2025-08-01 09:22:31 AM,858.0,58,49764.0,32618039.349999998
2025-08-01 09:22:33 AM,858.2,0,0.0,32618039.349999998
2025-08-01 09:22:37 AM,858.2,22,18880.4,32636919.749999996
2025-08-01 09:22:44 AM,858.1,0,0.0,32636919.749999996
2025-08-01 09:22:45 AM,858.1,5,4290.5,32641210.249999996
2025-08-01 09:22:46 AM,858.1,17,14587.7,32655797.949999996
2025-08-01 09:22:50 AM,858.0,0,0.0,32655797.949999996
2025-08-01 09:22:52 AM,858.0,2,1716.0,32657513.949999996
2025-08-01 09:23:00 AM,858.0,23,19734.0,32677247.949999996
2025-08-01 09:23:01 AM,858.0,45,38610.0,32715857.949999996
2025-08-01 09:23:06 AM,857.25,0,0.0,32715857.949999996
2025-08-01 09:23:07 AM,857.25,2768,2372868.0,35088725.949999996
2025-08-01 09:23:09 AM,857.2,421,360881.2,35449607.15
2025-08-01 09:23:10 AM,857.35,0,0.0,35449607.15
2025-08-01 09:23:12 AM,857.15,0,0.0,35449607.15
2025-08-01 09:23:15 AM,857.15,202,173144.3,35622751.449999996
2025-08-01 09:23:17 AM,856.9,15,12853.5,35635604.949999996
2025-08-01 09:23:23 AM,857.25,1,857.25,35636462.199999996
2025-08-01 09:23:30 AM,856.8,63,53978.399999999994,35690440.599999994
2025-08-01 09:23:31 AM,857.25,0,0.0,35690440.599999994
2025-08-01 09:23:32 AM,857.25,50,42862.5,35733303.099999994
2025-08-01 09:23:38 AM,857.1,1,857.1,35734160.199999996
2025-08-01 09:23:50 AM,856.0,0,0.0,35734160.199999996
2025-08-01 09:23:55 AM,855.8,496,424476.8,36158636.99999999
2025-08-01 09:24:01 AM,855.8,155,132649.0,36291285.99999999
2025-08-01 09:24:09 AM,856.0,85,72760.0,36364045.99999999
2025-08-01 09:24:10 AM,855.05,18,15390.9,36379436.89999999
2025-08-01 09:24:11 AM,856.05,0,0.0,36379436.89999999
2025-08-01 09:24:16 AM,855.85,184,157476.4,36536913.29999999
2025-08-01 09:24:17 AM,855.7,0,0.0,36536913.29999999
2025-08-01 09:24:18 AM,855.7,38,32516.600000000002,36569429.89999999
2025-08-01 09:24:23 AM,855.75,0,0.0,36569429.89999999
2025-08-01 09:24:24 AM,855.75,516,441567.0,37010996.89999999
2025-08-01 09:24:29 AM,856.05,0,0.0,37010996.89999999
2025-08-01 09:24:31 AM,856.7,452,387228.4,37398225.29999999
2025-08-01 09:24:33 AM,856.75,10,8567.5,37406792.79999999
2025-08-01 09:24:41 AM,856.85,88,75402.8,37482195.59999999
2025-08-01 09:24:46 AM,856.85,30,25705.5,37507901.09999999
2025-08-01 09:24:53 AM,856.8,0,0.0,37507901.09999999
2025-08-01 09:24:54 AM,856.8,1,856.8,37508757.89999998
2025-08-01 09:24:56 AM,856.85,56,47983.6,37556741.499999985
2025-08-01 09:25:01 AM,856.75,127,108807.25,37665548.749999985
2025-08-01 09:25:14 AM,857.25,0,0.0,37665548.749999985
2025-08-01 09:25:15 AM,857.4,0,0.0,37665548.749999985
2025-08-01 09:25:16 AM,857.4,190,162906.0,37828454.749999985
2025-08-01 09:25:18 AM,857.25,1,857.25,37829311.999999985
2025-08-01 09:25:44 AM,857.55,0,0.0,37829311.999999985
2025-08-01 09:25:46 AM,857.6,28,24012.8,37853324.79999998
2025-08-01 09:25:49 AM,858.55,0,0.0,37853324.79999998
2025-08-01 09:25:54 AM,858.55,477,409528.35,38262853.14999998
2025-08-01 09:25:56 AM,858.35,50,42917.5,38305770.64999998
2025-08-01 09:26:08 AM,857.6,0,0.0,38305770.64999998
2025-08-01 09:26:09 AM,857.6,260,222976.0,38528746.64999998
2025-08-01 09:26:17 AM,857.6,50,42880.0,38571626.64999998
2025-08-01 09:26:19 AM,857.0,12,10284.0,38581910.64999998
2025-08-01 09:26:21 AM,856.6,0,0.0,38581910.64999998
2025-08-01 09:26:25 AM,856.55,83,71093.65,38653004.29999998
2025-08-01 09:26:26 AM,856.3,19,16269.699999999999,38669273.999999985
2025-08-01 09:26:27 AM,856.25,0,0.0,38669273.999999985
2025-08-01 09:26:31 AM,856.05,0,0.0,38669273.999999985
2025-08-01 09:26:32 AM,856.05,51,43658.549999999996,38712932.54999998
2025-08-01 09:26:34 AM,856.05,8,6848.4,38719780.94999998
2025-08-01 09:26:39 AM,856.75,0,0.0,38719780.94999998
2025-08-01 09:26:40 AM,856.75,381,326421.75,39046202.69999998
2025-08-01 09:26:42 AM,856.75,24,20562.0,39066764.69999998
2025-08-01 09:26:47 AM,856.7,42,35981.4,39102746.09999998
2025-08-01 09:26:49 AM,856.7,308,263863.60000000003,39366609.69999998
2025-08-01 09:26:54 AM,857.45,0,0.0,39366609.69999998
2025-08-01 09:26:55 AM,857.45,448,384137.60000000003,39750747.29999998
2025-08-01 09:26:56 AM,857.5,20,17150.0,39767897.29999998
2025-08-01 09:26:58 AM,858.5,0,0.0,39767897.29999998
2025-08-01 09:27:02 AM,857.85,113,96937.05,39864834.34999998
2025-08-01 09:27:10 AM,858.9,1020,876078.0,40740912.34999998
2025-08-01 09:27:16 AM,859.0,0,0.0,40740912.34999998
2025-08-01 09:27:17 AM,858.9,121,103926.9,40844839.24999998
2025-08-01 09:27:22 AM,858.6,0,0.0,40844839.24999998
2025-08-01 09:27:25 AM,858.6,13,11161.800000000001,40856001.049999975
2025-08-01 09:27:26 AM,858.85,8,6870.8,40862871.84999997
2025-08-01 09:27:27 AM,857.95,0,0.0,40862871.84999997
2025-08-01 09:27:31 AM,858.3,0,0.0,40862871.84999997
2025-08-01 09:27:33 AM,858.3,262,224874.59999999998,41087746.44999997
2025-08-01 09:27:36 AM,857.85,0,0.0,41087746.44999997
2025-08-01 09:27:39 AM,857.85,406,348287.10000000003,41436033.549999975
2025-08-01 09:27:41 AM,857.9,0,0.0,41436033.549999975
2025-08-01 09:27:47 AM,857.9,55,47184.5,41483218.049999975
2025-08-01 09:27:49 AM,857.75,100,85775.0,41568993.049999975
2025-08-01 09:27:55 AM,857.85,139,119241.15000000001,41688234.19999997
2025-08-01 09:28:02 AM,857.45,0,0.0,41688234.19999997
2025-08-01 09:28:03 AM,857.45,71,60878.950000000004,41749113.149999976
2025-08-01 09:28:18 AM,857.75,50,42887.5,41792000.649999976
2025-08-01 09:28:26 AM,857.75,46,39456.5,41831457.149999976
2025-08-01 09:28:27 AM,857.75,25,21443.75,41852900.899999976
2025-08-01 09:28:33 AM,857.75,50,42887.5,41895788.399999976
2025-08-01 09:28:35 AM,857.9,62,53189.799999999996,41948978.19999997
2025-08-01 09:28:41 AM,859.1,507,435563.7,42384541.899999976
2025-08-01 09:28:47 AM,858.4,0,0.0,42384541.899999976
2025-08-01 09:28:49 AM,858.4,4,3433.6,42387975.49999998
2025-08-01 09:28:56 AM,858.2,21,18022.2,42405997.69999998
2025-08-01 09:28:57 AM,858.4,14,12017.6,42418015.29999998
2025-08-01 09:28:59 AM,857.95,0,0.0,42418015.29999998
2025-08-01 09:29:04 AM,858.25,0,0.0,42418015.29999998
2025-08-01 09:29:04 AM,858.25,56,48062.0,42466077.29999998
2025-08-01 09:29:05 AM,858.25,12,10299.0,42476376.29999998
2025-08-01 09:29:12 AM,858.25,33,28322.25,42504698.54999998
2025-08-01 09:29:13 AM,858.25,9,7724.25,42512422.79999998
2025-08-01 09:29:16 AM,857.95,0,0.0,42512422.79999998
2025-08-01 09:29:16 AM,858.25,0,0.0,42512422.79999998
2025-08-01 09:29:19 AM,858.6,204,175154.4,42687577.19999998
2025-08-01 09:29:21 AM,858.0,3,2574.0,42690151.19999998
2025-08-01 09:29:26 AM,857.95,0,0.0,42690151.19999998
2025-08-01 09:29:27 AM,857.9,47,40321.299999999996,42730472.49999998
2025-08-01 09:29:31 AM,857.75,0,0.0,42730472.49999998
2025-08-01 09:29:34 AM,857.75,39,33452.25,42763924.74999998
2025-08-01 09:29:42 AM,857.75,121,103787.75,42867712.49999998
2025-08-01 09:29:43 AM,857.75,6,5146.5,42872858.99999998
2025-08-01 09:29:49 AM,857.35,177,151750.95,43024609.94999998
2025-08-01 09:29:50 AM,857.15,15,12857.25,43037467.19999998
2025-08-01 09:29:56 AM,857.0,0,0.0,43037467.19999998
2025-08-01 09:29:56 AM,857.0,48,41136.0,43078603.19999998
2025-08-01 09:29:57 AM,857.0,6,5142.0,43083745.19999998
2025-08-01 09:30:04 AM,857.45,41,35155.450000000004,43118900.64999998
2025-08-01 09:30:05 AM,857.0,6,5142.0,43124042.64999998
2025-08-01 09:30:12 AM,857.0,43,36851.0,43160893.64999998
2025-08-01 09:30:17 AM,856.05,0,0.0,43160893.64999998
2025-08-01 09:30:19 AM,856.05,814,696824.7,43857718.34999999
2025-08-01 09:30:24 AM,857.25,0,0.0,43857718.34999999
2025-08-01 09:30:27 AM,856.7,210,179907.0,44037625.34999999
2025-08-01 09:30:31 AM,856.4,0,0.0,44037625.34999999
2025-08-01 09:30:34 AM,856.15,67,57362.049999999996,44094987.39999998
2025-08-01 09:30:38 AM,856.2,0,0.0,44094987.39999998
2025-08-01 09:30:41 AM,856.2,31,26542.2,44121529.59999999
2025-08-01 09:30:45 AM,856.0,0,0.0,44121529.59999999
2025-08-01 09:30:47 AM,856.5,0,0.0,44121529.59999999
2025-08-01 09:30:49 AM,856.0,63,53928.0,44175457.59999999
2025-08-01 09:30:56 AM,856.0,74,63344.0,44238801.59999999
2025-08-01 09:31:03 AM,856.45,33,28262.850000000002,44267064.44999999
2025-08-01 09:31:08 AM,856.0,0,0.0,44267064.44999999
2025-08-01 09:31:11 AM,856.0,78,66768.0,44333832.44999999
2025-08-01 09:31:18 AM,856.0,33,28248.0,44362080.44999999
2025-08-01 09:31:26 AM,856.5,191,163591.5,44525671.94999999
2025-08-01 09:31:26 AM,856.0,33,28248.0,44553919.94999999
2025-08-01 09:31:33 AM,856.0,33,28248.0,44582167.94999999
2025-08-01 09:31:40 AM,856.0,33,28248.0,44610415.94999999
2025-08-01 09:31:47 AM,856.0,134,114704.0,44725119.94999999
2025-08-01 09:31:49 AM,855.55,0,0.0,44725119.94999999
2025-08-01 09:31:54 AM,855.65,0,0.0,44725119.94999999
2025-08-01 09:31:54 AM,855.65,285,243860.25,44968980.19999999
2025-08-01 09:31:59 AM,856.2,0,0.0,44968980.19999999
2025-08-01 09:32:01 AM,855.5,45,38497.5,45007477.69999999
2025-08-01 09:32:04 AM,856.2,0,0.0,45007477.69999999
2025-08-01 09:32:04 AM,856.25,0,0.0,45007477.69999999
2025-08-01 09:32:08 AM,855.6,144,123206.40000000001,45130684.09999999
2025-08-01 09:32:08 AM,856.7,200,171340.0,45302024.09999999
2025-08-01 09:32:15 AM,856.05,340,291057.0,45593081.09999999
2025-08-01 09:32:22 AM,856.2,0,0.0,45593081.09999999
2025-08-01 09:32:22 AM,856.2,70,59934.0,45653015.09999999
2025-08-01 09:32:22 AM,857.0,0,0.0,45653015.09999999
2025-08-01 09:32:29 AM,857.0,17,14569.0,45667584.09999999
2025-08-01 09:32:34 AM,858.25,0,0.0,45667584.09999999
2025-08-01 09:32:34 AM,857.85,0,0.0,45667584.09999999
2025-08-01 09:32:35 AM,857.85,111,95221.35,45762805.44999999
2025-08-01 09:32:43 AM,857.85,5,4289.25,45767094.69999999
2025-08-01 09:32:50 AM,857.85,1,857.85,45767952.54999999
2025-08-01 09:32:52 AM,857.45,0,0.0,45767952.54999999
2025-08-01 09:32:57 AM,857.45,121,103751.45000000001,45871703.99999999
2025-08-01 09:33:03 AM,856.85,5368,4599570.8,50471274.79999999
2025-08-01 09:33:10 AM,856.15,0,0.0,50471274.79999999
2025-08-01 09:33:11 AM,856.0,623,533288.0,51004562.79999999
2025-08-01 09:33:15 AM,856.35,0,0.0,51004562.79999999
2025-08-01 09:33:17 AM,856.35,624,534362.4,51538925.19999999
2025-08-01 09:33:20 AM,856.9,0,0.0,51538925.19999999
2025-08-01 09:33:24 AM,856.25,456,390450.0,51929375.19999999
2025-08-01 09:33:42 AM,857.2,0,0.0,51929375.19999999
2025-08-01 09:33:45 AM,857.2,5,4286.0,51933661.19999999
2025-08-01 09:33:50 AM,857.55,0,0.0,51933661.19999999
2025-08-01 09:33:52 AM,857.2,79,67718.8,52001379.999999985
2025-08-01 09:33:59 AM,857.6,250,214400.0,52215779.999999985
2025-08-01 09:34:05 AM,857.95,0,0.0,52215779.999999985
2025-08-01 09:34:06 AM,857.95,114,97806.3,52313586.29999998
2025-08-01 09:34:15 AM,858.5,0,0.0,52313586.29999998
2025-08-01 09:34:18 AM,858.6,0,0.0,52313586.29999998
2025-08-01 09:34:20 AM,859.1,272,233675.2,52547261.499999985
2025-08-01 09:34:23 AM,858.3,0,0.0,52547261.499999985
2025-08-01 09:34:25 AM,858.0,0,0.0,52547261.499999985
2025-08-01 09:34:27 AM,858.0,379,325182.0,52872443.499999985
2025-08-01 09:34:30 AM,857.95,0,0.0,52872443.499999985
2025-08-01 09:34:34 AM,858.4,63,54079.2,52926522.69999999
2025-08-01 09:34:34 AM,858.8,5,4294.0,52930816.69999999
2025-08-01 09:34:38 AM,858.15,0,0.0,52930816.69999999
2025-08-01 09:34:40 AM,858.9,0,0.0,52930816.69999999
2025-08-01 09:34:41 AM,858.9,231,198405.9,53129222.59999999
2025-08-01 09:34:43 AM,858.7,0,0.0,53129222.59999999
2025-08-01 09:34:48 AM,858.7,10,8587.0,53137809.59999999
2025-08-01 09:34:55 AM,858.1,40,34324.0,53172133.59999999
2025-08-01 09:35:00 AM,858.0,0,0.0,53172133.59999999
2025-08-01 09:35:02 AM,858.0,332,284856.0,53456989.59999999
2025-08-01 09:35:09 AM,858.0,64,54912.0,53511901.59999999
2025-08-01 09:35:09 AM,858.9,300,257670.0,53769571.59999999
2025-08-01 09:35:15 AM,858.05,0,0.0,53769571.59999999
2025-08-01 09:35:16 AM,858.05,37,31747.85,53801319.44999999
2025-08-01 09:35:16 AM,858.05,32,27457.6,53828777.04999999
2025-08-01 09:35:20 AM,858.5,0,0.0,53828777.04999999
2025-08-01 09:35:23 AM,858.05,47,40328.35,53869105.39999999
2025-08-01 09:35:30 AM,858.0,0,0.0,53869105.39999999
2025-08-01 09:35:30 AM,858.0,451,386958.0,54256063.39999999
2025-08-01 09:35:50 AM,858.0,100,85800.0,54341863.39999999
2025-08-01 09:35:57 AM,858.0,25,21450.0,54363313.39999999
2025-08-01 09:36:08 AM,857.75,0,0.0,54363313.39999999
2025-08-01 09:36:10 AM,857.75,2,1715.5,54365028.89999999
2025-08-01 09:36:23 AM,857.95,35,30028.25,54395057.14999999
2025-08-01 09:36:30 AM,857.75,32,27448.0,54422505.14999999
2025-08-01 09:36:36 AM,857.75,32,27448.0,54449953.14999999
2025-08-01 09:36:43 AM,858.05,50,42902.5,54492855.64999999
2025-08-01 09:36:49 AM,858.05,100,85805.0,54578660.64999999
2025-08-01 09:36:56 AM,858.05,17,14586.849999999999,54593247.49999999
2025-08-01 09:37:03 AM,858.05,30,25741.5,54618988.99999999
2025-08-01 09:37:10 AM,857.75,32,27448.0,54646436.99999999
2025-08-01 09:37:13 AM,858.0,0,0.0,54646436.99999999
2025-08-01 09:37:17 AM,857.6,318,272716.8,54919153.79999999
2025-08-01 09:37:24 AM,857.6,32,27443.2,54946596.99999999
2025-08-01 09:37:28 AM,856.85,0,0.0,54946596.99999999
2025-08-01 09:37:31 AM,856.85,166,142237.1,55088834.099999994
2025-08-01 09:37:34 AM,856.65,0,0.0,55088834.099999994
2025-08-01 09:37:38 AM,856.65,32,27412.8,55116246.89999999
2025-08-01 09:37:42 AM,857.05,0,0.0,55116246.89999999
2025-08-01 09:37:44 AM,857.05,44,37710.2,55153957.099999994
2025-08-01 09:37:46 AM,856.25,0,0.0,55153957.099999994
2025-08-01 09:37:51 AM,856.25,33,28256.25,55182213.349999994
2025-08-01 09:37:57 AM,856.15,65,55649.75,55237863.099999994
2025-08-01 09:37:58 AM,856.1,155,132695.5,55370558.599999994
2025-08-01 09:38:04 AM,856.1,33,28251.3,55398809.89999999
2025-08-01 09:38:11 AM,856.1,33,28251.3,55427061.19999999
2025-08-01 09:38:15 AM,856.55,0,0.0,55427061.19999999
2025-08-01 09:38:18 AM,856.1,34,29107.4,55456168.59999999
2025-08-01 09:38:25 AM,856.1,33,28251.3,55484419.89999998
2025-08-01 09:38:30 AM,856.4,0,0.0,55484419.89999998
2025-08-01 09:38:32 AM,856.4,25,21410.0,55505829.89999998
2025-08-01 09:38:35 AM,856.05,0,0.0,55505829.89999998
2025-08-01 09:38:38 AM,856.05,36,30817.8,55536647.69999998
2025-08-01 09:38:44 AM,856.0,0,0.0,55536647.69999998
2025-08-01 09:38:45 AM,856.0,309,264504.0,55801151.69999998
2025-08-01 09:38:48 AM,856.4,0,0.0,55801151.69999998
2025-08-01 09:38:51 AM,856.4,36,30830.399999999998,55831982.09999998
2025-08-01 09:38:58 AM,856.0,34,29104.0,55861086.09999998
2025-08-01 09:39:05 AM,856.0,1751,1498856.0,57359942.09999998
2025-08-01 09:39:10 AM,856.05,0,0.0,57359942.09999998
2025-08-01 09:39:12 AM,856.05,57,48794.85,57408736.94999998
2025-08-01 09:39:15 AM,855.5,0,0.0,57408736.94999998
2025-08-01 09:39:18 AM,855.5,106,90683.0,57499419.94999998
2025-08-01 09:39:25 AM,855.15,37,31640.55,57531060.49999998
2025-08-01 09:39:29 AM,855.7,0,0.0,57531060.49999998
2025-08-01 09:39:32 AM,855.15,131,112024.65,57643085.149999976
2025-08-01 09:39:38 AM,855.15,40,34206.0,57677291.149999976
2025-08-01 09:39:41 AM,855.0,0,0.0,57677291.149999976
2025-08-01 09:39:45 AM,855.25,163,139405.75,57816696.899999976
2025-08-01 09:39:51 AM,855.25,36,30789.0,57847485.899999976
2025-08-01 09:39:58 AM,855.6,40,34224.0,57881709.899999976
2025-08-01 09:40:04 AM,855.6,4,3422.4,57885132.299999975
2025-08-01 09:40:05 AM,855.6,2,1711.2,57886843.49999998
2025-08-01 09:40:09 AM,855.1,0,0.0,57886843.49999998
2025-08-01 09:40:11 AM,855.1,36,30783.600000000002,57917627.09999998
2025-08-01 09:40:13 AM,855.55,0,0.0,57917627.09999998
2025-08-01 09:40:17 AM,855.5,0,0.0,57917627.09999998
2025-08-01 09:40:18 AM,855.5,32,27376.0,57945003.09999998
2025-08-01 09:40:31 AM,855.5,12,10266.0,57955269.09999998
2025-08-01 09:40:32 AM,855.5,50,42775.0,57998044.09999998
2025-08-01 09:40:36 AM,855.7,0,0.0,57998044.09999998
2025-08-01 09:40:37 AM,855.7,490,419293.0,58417337.09999998
2025-08-01 09:40:40 AM,855.5,0,0.0,58417337.09999998
2025-08-01 09:40:41 AM,855.7,0,0.0,58417337.09999998
2025-08-01 09:40:44 AM,855.7,11,9412.7,58426749.79999998
2025-08-01 09:40:51 AM,855.8,330,282414.0,58709163.79999998
2025-08-01 09:40:51 AM,855.95,44,37661.8,58746825.59999998
2025-08-01 09:41:03 AM,856.55,0,0.0,58746825.59999998
2025-08-01 09:41:04 AM,856.55,454,388873.69999999995,59135699.29999998
2025-08-01 09:41:13 AM,856.45,0,0.0,59135699.29999998
2025-08-01 09:41:17 AM,856.45,100,85645.0,59221344.29999998
2025-08-01 09:41:24 AM,857.45,200,171490.0,59392834.29999998
2025-08-01 09:41:30 AM,857.55,5,4287.75,59397122.04999998
2025-08-01 09:41:36 AM,856.75,0,0.0,59397122.04999998
2025-08-01 09:41:37 AM,856.75,261,223611.75,59620733.79999998
2025-08-01 09:41:44 AM,856.05,14,11984.699999999999,59632718.499999985
2025-08-01 09:42:09 AM,856.0,0,0.0,59632718.499999985
2025-08-01 09:42:10 AM,856.0,31,26536.0,59659254.499999985
2025-08-01 09:42:11 AM,856.05,20,17121.0,59676375.499999985
2025-08-01 09:42:36 AM,856.05,63,53931.149999999994,59730306.64999998
2025-08-01 09:42:49 AM,856.05,10,8560.5,59738867.14999998
2025-08-01 09:42:56 AM,856.05,10,8560.5,59747427.64999998
2025-08-01 09:43:03 AM,856.05,15,12840.75,59760268.39999998
2025-08-01 09:43:08 AM,856.05,179,153232.94999999998,59913501.34999999
2025-08-01 09:43:11 AM,857.45,0,0.0,59913501.34999999
2025-08-01 09:43:15 AM,857.45,30,25723.5,59939224.84999999
2025-08-01 09:43:19 AM,856.35,0,0.0,59939224.84999999
2025-08-01 09:43:22 AM,856.35,50,42817.5,59982042.34999999
2025-08-01 09:43:23 AM,856.6,0,0.0,59982042.34999999
2025-08-01 09:43:23 AM,856.6,100,85660.0,60067702.34999999
2025-08-01 09:43:26 AM,856.7,0,0.0,60067702.34999999
2025-08-01 09:43:28 AM,856.7,14,11993.800000000001,60079696.14999998
2025-08-01 09:43:39 AM,856.9,0,0.0,60079696.14999998
2025-08-01 09:43:41 AM,856.9,2,1713.8,60081409.94999998
2025-08-01 09:43:51 AM,856.25,0,0.0,60081409.94999998
2025-08-01 09:43:54 AM,856.25,13,11131.25,60092541.19999998
2025-08-01 09:44:07 AM,856.1,0,0.0,60092541.19999998
2025-08-01 09:44:08 AM,856.1,55,47085.5,60139626.69999998
2025-08-01 09:44:11 AM,856.0,0,0.0,60139626.69999998
2025-08-01 09:44:15 AM,855.85,211,180584.35,60320211.04999998
2025-08-01 09:44:19 AM,855.5,0,0.0,60320211.04999998
2025-08-01 09:44:21 AM,855.3,0,0.0,60320211.04999998
2025-08-01 09:44:21 AM,855.3,8205,7017736.5,67337947.54999998
2025-08-01 09:44:23 AM,854.8,0,0.0,67337947.54999998
2025-08-01 09:44:25 AM,854.95,0,0.0,67337947.54999998
2025-08-01 09:44:28 AM,854.95,203,173554.85,67511502.39999998
2025-08-01 09:44:31 AM,854.8,0,0.0,67511502.39999998
2025-08-01 09:44:34 AM,854.8,5,4274.0,67515776.39999998
2025-08-01 09:44:39 AM,854.7,0,0.0,67515776.39999998
2025-08-01 09:44:40 AM,854.7,217,185469.90000000002,67701246.29999998
2025-08-01 09:44:43 AM,854.45,0,0.0,67701246.29999998
2025-08-01 09:44:47 AM,854.45,5,4272.25,67705518.54999998
2025-08-01 09:44:55 AM,854.3,0,0.0,67705518.54999998
2025-08-01 09:45:00 AM,854.3,20,17086.0,67722604.54999998
2025-08-01 09:45:07 AM,854.3,28,23920.399999999998,67746524.94999999
2025-08-01 09:45:13 AM,854.3,28,23920.399999999998,67770445.35
2025-08-01 09:45:15 AM,854.15,2,1708.3,67772153.64999999
2025-08-01 09:45:19 AM,854.3,0,0.0,67772153.64999999
2025-08-01 09:45:20 AM,854.3,158,134979.4,67907133.05
2025-08-01 09:45:26 AM,854.2,33,28188.600000000002,67935321.64999999
2025-08-01 09:45:27 AM,854.15,0,0.0,67935321.64999999
2025-08-01 09:45:27 AM,854.15,1,854.15,67936175.8
2025-08-01 09:45:32 AM,854.15,157,134101.55,68070277.35
2025-08-01 09:45:34 AM,854.15,33,28186.95,68098464.3
2025-08-01 09:45:39 AM,854.15,29,24770.35,68123234.64999999
2025-08-01 09:45:46 AM,854.0,1027,877058.0,69000292.64999999
2025-08-01 09:45:50 AM,853.8,0,0.0,69000292.64999999
2025-08-01 09:45:52 AM,853.8,260,221988.0,69222280.64999999
2025-08-01 09:45:56 AM,853.3,0,0.0,69222280.64999999
2025-08-01 09:45:58 AM,853.1,58,49479.8,69271760.44999999
2025-08-01 09:46:01 AM,853.0,0,0.0,69271760.44999999
2025-08-01 09:46:05 AM,852.5,0,0.0,69271760.44999999
2025-08-01 09:46:05 AM,852.9,1976,1685330.4,70957090.85
2025-08-01 09:46:10 AM,852.5,0,0.0,70957090.85
2025-08-01 09:46:11 AM,852.85,38,32408.3,70989499.14999999
2025-08-01 09:46:15 AM,852.9,0,0.0,70989499.14999999
2025-08-01 09:46:16 AM,852.85,0,0.0,70989499.14999999
2025-08-01 09:46:18 AM,852.85,273,232828.05000000002,71222327.19999999
2025-08-01 09:46:20 AM,852.85,2,1705.7,71224032.89999999
2025-08-01 09:46:24 AM,852.85,20,17057.0,71241089.89999999
2025-08-01 09:46:31 AM,852.85,1,852.85,71241942.74999999
2025-08-01 09:46:37 AM,852.85,20,17057.0,71258999.74999999
2025-08-01 09:46:43 AM,852.85,786,670340.1,71929339.84999998
2025-08-01 09:46:49 AM,852.85,5148,4390471.8,76319811.64999998
2025-08-01 09:46:51 AM,852.85,99,84432.15000000001,76404243.79999998
2025-08-01 09:46:56 AM,853.0,0,0.0,76404243.79999998
2025-08-01 09:46:56 AM,853.0,501,427353.0,76831596.79999998
2025-08-01 09:47:05 AM,853.1,0,0.0,76831596.79999998
2025-08-01 09:47:08 AM,853.1,1,853.1,76832449.89999998
2025-08-01 09:47:14 AM,853.1,2,1706.2,76834156.09999998
2025-08-01 09:47:16 AM,853.0,0,0.0,76834156.09999998
2025-08-01 09:47:16 AM,853.05,4,3412.2,76837568.29999998
2025-08-01 09:47:23 AM,853.1,10,8531.0,76846099.29999998
2025-08-01 09:47:25 AM,853.05,0,0.0,76846099.29999998
2025-08-01 09:47:27 AM,853.05,1,853.05,76846952.34999998
2025-08-01 09:47:32 AM,852.5,0,0.0,76846952.34999998
2025-08-01 09:47:33 AM,852.7,584,497976.80000000005,77344929.14999998
2025-08-01 09:47:36 AM,852.95,150,127942.5,77472871.64999998
2025-08-01 09:47:43 AM,852.85,40,34114.0,77506985.64999998
2025-08-01 09:47:54 AM,853.05,0,0.0,77506985.64999998
2025-08-01 09:47:57 AM,853.1,0,0.0,77506985.64999998
2025-08-01 09:48:00 AM,853.0,36,30708.0,77537693.64999998
2025-08-01 09:48:03 AM,853.0,19,16207.0,77553900.64999998
2025-08-01 09:48:07 AM,853.25,2005,1710766.25,79264666.89999998
2025-08-01 09:48:09 AM,853.05,5,4265.25,79268932.14999998
2025-08-01 09:48:13 AM,853.05,59,50329.95,79319262.09999998
2025-08-01 09:48:15 AM,852.5,0,0.0,79319262.09999998
2025-08-01 09:48:15 AM,852.5,3,2557.5,79321819.59999998
2025-08-01 09:48:22 AM,852.95,0,0.0,79321819.59999998
2025-08-01 09:48:22 AM,852.95,25,21323.75,79343143.34999998
2025-08-01 09:48:23 AM,852.45,0,0.0,79343143.34999998
2025-08-01 09:48:26 AM,852.45,17,14491.650000000001,79357634.99999999
2025-08-01 09:48:39 AM,853.35,175,149336.25,79506971.24999999
2025-08-01 09:48:41 AM,853.3,21,17919.3,79524890.54999998
2025-08-01 09:48:43 AM,853.6,0,0.0,79524890.54999998
2025-08-01 09:48:45 AM,853.7,300,256110.0,79781000.54999998
2025-08-01 09:48:47 AM,853.2,0,0.0,79781000.54999998
2025-08-01 09:48:48 AM,853.2,89,75934.8,79856935.34999998
2025-08-01 09:48:54 AM,853.6,100,85360.0,79942295.34999998
2025-08-01 09:48:58 AM,853.6,15,12804.0,79955099.34999998
2025-08-01 09:49:10 AM,852.9,60,51174.0,80006273.34999998
2025-08-01 09:49:15 AM,853.5,0,0.0,80006273.34999998
2025-08-01 09:49:15 AM,853.0,0,0.0,80006273.34999998
2025-08-01 09:49:17 AM,853.5,4,3414.0,80009687.34999998
2025-08-01 09:49:48 AM,853.5,30,25605.0,80035292.34999998
2025-08-01 09:49:57 AM,853.5,1,853.5,80036145.84999998
2025-08-01 09:50:01 AM,853.5,105,89617.5,80125763.34999998
2025-08-01 09:50:04 AM,853.5,5,4267.5,80130030.84999998
2025-08-01 09:50:07 AM,853.05,0,0.0,80130030.84999998
2025-08-01 09:50:07 AM,853.05,40,34122.0,80164152.84999998
2025-08-01 09:50:10 AM,853.5,25,21337.5,80185490.34999998
2025-08-01 09:50:14 AM,853.55,72,61455.6,80246945.94999997
2025-08-01 09:50:14 AM,853.5,0,0.0,80246945.94999997
2025-08-01 09:50:17 AM,853.1,154,131377.4,80378323.34999998
2025-08-01 09:50:25 AM,853.5,0,0.0,80378323.34999998
2025-08-01 09:50:26 AM,853.5,3,2560.5,80380883.84999998
2025-08-01 09:50:35 AM,853.1,287,244839.7,80625723.54999998
2025-08-01 09:50:37 AM,853.0,0,0.0,80625723.54999998
2025-08-01 09:50:39 AM,853.0,394,336082.0,80961805.54999998
2025-08-01 09:50:44 AM,853.1,0,0.0,80961805.54999998
2025-08-01 09:50:45 AM,853.1,1,853.1,80962658.64999998
2025-08-01 09:50:54 AM,853.1,501,427403.10000000003,81390061.74999997
2025-08-01 09:51:00 AM,853.1,979,835184.9,82225246.64999998
2025-08-01 09:51:17 AM,853.5,0,0.0,82225246.64999998
2025-08-01 09:51:17 AM,853.5,4,3414.0,82228660.64999998
2025-08-01 09:51:18 AM,853.0,0,0.0,82228660.64999998
2025-08-01 09:51:19 AM,853.0,141,120273.0,82348933.64999998
2025-08-01 09:51:25 AM,853.0,50,42650.0,82391583.64999998
2025-08-01 09:51:27 AM,853.5,0,0.0,82391583.64999998
2025-08-01 09:51:29 AM,853.5,286,244101.0,82635684.64999998
2025-08-01 09:51:38 AM,853.55,2,1707.1,82637391.74999997
2025-08-01 09:51:45 AM,853.5,0,0.0,82637391.74999997
2025-08-01 09:51:48 AM,853.5,164,139974.0,82777365.74999997
2025-08-01 09:51:50 AM,853.55,0,0.0,82777365.74999997
2025-08-01 09:51:50 AM,853.6,235,200596.0,82977961.74999997
2025-08-01 09:51:56 AM,853.5,0,0.0,82977961.74999997
2025-08-01 09:51:57 AM,853.5,30,25605.0,83003566.74999997
2025-08-01 09:52:02 AM,852.5,0,0.0,83003566.74999997
2025-08-01 09:52:03 AM,852.5,340,289850.0,83293416.74999997
2025-08-01 09:52:10 AM,852.9,0,0.0,83293416.74999997
2025-08-01 09:52:12 AM,852.9,60,51174.0,83344590.74999997
2025-08-01 09:52:15 AM,852.5,3,2557.5,83347148.24999997
2025-08-01 09:52:25 AM,852.3,0,0.0,83347148.24999997
2025-08-01 09:52:27 AM,852.3,50,42615.0,83389763.24999997
2025-08-01 09:52:28 AM,852.5,0,0.0,83389763.24999997
2025-08-01 09:52:31 AM,852.85,0,0.0,83389763.24999997
2025-08-01 09:52:31 AM,852.85,6,5117.1,83394880.34999996
2025-08-01 09:52:40 AM,852.5,0,0.0,83394880.34999996
2025-08-01 09:52:43 AM,852.5,26,22165.0,83417045.34999996
2025-08-01 09:52:49 AM,852.5,2,1705.0,83418750.34999996
2025-08-01 09:52:52 AM,852.5,50,42625.0,83461375.34999996
2025-08-01 09:52:55 AM,852.5,2,1705.0,83463080.34999996
2025-08-01 09:53:07 AM,852.5,1,852.5,83463932.84999996
2025-08-01 09:53:13 AM,852.4,0,0.0,83463932.84999996
2025-08-01 09:53:13 AM,852.4,658,560879.2,84024812.04999997
2025-08-01 09:53:15 AM,852.0,3,2556.0,84027368.04999997
2025-08-01 09:53:20 AM,852.35,10,8523.5,84035891.54999997
2025-08-01 09:53:23 AM,852.0,0,0.0,84035891.54999997
2025-08-01 09:53:23 AM,852.35,0,0.0,84035891.54999997
2025-08-01 09:53:26 AM,852.35,37,31536.95,84067428.49999997
2025-08-01 09:53:35 AM,852.0,0,0.0,84067428.49999997
2025-08-01 09:53:38 AM,852.0,219,186588.0,84254016.49999997
2025-08-01 09:53:40 AM,851.55,1906,1623054.2999999998,85877070.79999997
2025-08-01 09:53:45 AM,851.7,5,4258.5,85881329.29999997
2025-08-01 09:53:46 AM,850.9,870,740283.0,86621612.29999997
2025-08-01 09:53:50 AM,851.1,0,0.0,86621612.29999997
2025-08-01 09:53:51 AM,851.1,281,239159.1,86860771.39999996
2025-08-01 09:53:52 AM,851.25,1,851.25,86861622.64999996
2025-08-01 09:54:03 AM,851.3,148,125992.4,86987615.04999997
2025-08-01 09:54:08 AM,851.2,0,0.0,86987615.04999997
2025-08-01 09:54:09 AM,851.2,22,18726.4,87006341.44999997
2025-08-01 09:54:10 AM,850.95,83,70628.85,87076970.29999997
2025-08-01 09:54:14 AM,851.35,0,0.0,87076970.29999997
2025-08-01 09:54:16 AM,851.35,15,12770.25,87089740.54999997
2025-08-01 09:54:23 AM,850.9,0,0.0,87089740.54999997
2025-08-01 09:54:23 AM,850.9,1,850.9,87090591.44999997
2025-08-01 09:54:23 AM,851.3,0,0.0,87090591.44999997
2025-08-01 09:54:28 AM,851.0,15,12765.0,87103356.44999997
2025-08-01 09:54:30 AM,851.3,0,0.0,87103356.44999997
2025-08-01 09:54:34 AM,851.3,21,17877.3,87121233.74999997
2025-08-01 09:54:39 AM,851.35,0,0.0,87121233.74999997
2025-08-01 09:54:40 AM,851.35,1,851.35,87122085.09999996
2025-08-01 09:54:41 AM,851.35,2,1702.7,87123787.79999997
2025-08-01 09:54:46 AM,851.35,101,85986.35,87209774.14999996
2025-08-01 09:54:58 AM,851.35,74,62999.9,87272774.04999997
2025-08-01 09:55:06 AM,851.25,0,0.0,87272774.04999997
2025-08-01 09:55:06 AM,851.35,0,0.0,87272774.04999997
2025-08-01 09:55:09 AM,851.35,21,17878.350000000002,87290652.39999996
2025-08-01 09:55:09 AM,851.1,0,0.0,87290652.39999996
2025-08-01 09:55:11 AM,851.1,17,14468.7,87305121.09999996
2025-08-01 09:55:13 AM,851.35,0,0.0,87305121.09999996
2025-08-01 09:55:16 AM,851.35,5,4256.75,87309377.84999996
2025-08-01 09:55:21 AM,851.35,30,25540.5,87334918.34999996
2025-08-01 09:55:23 AM,851.35,1,851.35,87335769.69999996
2025-08-01 09:55:27 AM,851.35,10,8513.5,87344283.19999996
2025-08-01 09:55:38 AM,851.3,0,0.0,87344283.19999996
2025-08-01 09:55:39 AM,851.6,525,447090.0,87791373.19999996
2025-08-01 09:55:46 AM,851.6,5,4258.0,87795631.19999996
2025-08-01 09:55:49 AM,851.8,0,0.0,87795631.19999996
2025-08-01 09:55:51 AM,852.0,0,0.0,87795631.19999996
2025-08-01 09:55:53 AM,852.0,200,170400.0,87966031.19999996
2025-08-01 09:55:54 AM,851.85,0,0.0,87966031.19999996
2025-08-01 09:55:56 AM,851.5,0,0.0,87966031.19999996
2025-08-01 09:55:58 AM,851.8,11,9369.8,87975400.99999996
2025-08-01 09:55:59 AM,851.9,0,0.0,87975400.99999996
2025-08-01 09:55:59 AM,851.9,10,8519.0,87983919.99999996
2025-08-01 09:56:02 AM,851.95,0,0.0,87983919.99999996
2025-08-01 09:56:04 AM,851.95,132,112457.40000000001,88096377.39999996
2025-08-01 09:56:09 AM,852.0,0,0.0,88096377.39999996
2025-08-01 09:56:10 AM,852.0,15,12780.0,88109157.39999996
2025-08-01 09:56:14 AM,851.85,0,0.0,88109157.39999996
2025-08-01 09:56:15 AM,852.0,0,0.0,88109157.39999996
2025-08-01 09:56:16 AM,852.0,301,256452.0,88365609.39999996
2025-08-01 09:56:22 AM,852.0,10,8520.0,88374129.39999996
2025-08-01 09:56:24 AM,851.85,0,0.0,88374129.39999996
2025-08-01 09:56:26 AM,852.0,0,0.0,88374129.39999996
2025-08-01 09:56:28 AM,852.0,101,86052.0,88460181.39999996
2025-08-01 09:56:33 AM,852.0,1,852.0,88461033.39999996
2025-08-01 09:56:39 AM,852.0,51,43452.0,88504485.39999996
2025-08-01 09:56:44 AM,851.55,0,0.0,88504485.39999996
2025-08-01 09:56:46 AM,851.55,2,1703.1,88506188.49999996
2025-08-01 09:56:52 AM,852.0,1,852.0,88507040.49999996
2025-08-01 09:56:57 AM,851.75,0,0.0,88507040.49999996
2025-08-01 09:56:57 AM,851.85,0,0.0,88507040.49999996
2025-08-01 09:56:58 AM,851.85,2,1703.7,88508744.19999996
2025-08-01 09:57:04 AM,851.95,10,8519.5,88517263.69999996
2025-08-01 09:57:05 AM,851.85,3,2555.55,88519819.24999996
2025-08-01 09:57:10 AM,851.85,3,2555.55,88522374.79999995
2025-08-01 09:57:21 AM,851.85,5,4259.25,88526634.04999995
2025-08-01 09:57:35 AM,851.85,1,851.85,88527485.89999995
2025-08-01 09:57:48 AM,851.95,60,51117.0,88578602.89999995
2025-08-01 09:57:56 AM,851.85,0,0.0,88578602.89999995
2025-08-01 09:57:57 AM,851.85,370,315184.5,88893787.39999995
2025-08-01 09:58:00 AM,851.9,6,5111.4,88898898.79999995
2025-08-01 09:58:03 AM,851.7,5,4258.5,88903157.29999995
2025-08-01 09:58:09 AM,851.85,5,4259.25,88907416.54999995
2025-08-01 09:58:12 AM,851.5,434,369551.0,89276967.54999995
2025-08-01 09:58:14 AM,851.55,0,0.0,89276967.54999995
2025-08-01 09:58:15 AM,851.55,5,4257.75,89281225.29999995
2025-08-01 09:58:18 AM,851.55,12,10218.599999999999,89291443.89999995
2025-08-01 09:58:21 AM,851.55,6,5109.299999999999,89296553.19999994
2025-08-01 09:58:27 AM,851.7,5,4258.5,89300811.69999994
2025-08-01 09:58:30 AM,851.5,0,0.0,89300811.69999994
2025-08-01 09:58:30 AM,851.5,18,15327.0,89316138.69999994
2025-08-01 09:58:34 AM,851.7,0,0.0,89316138.69999994
2025-08-01 09:58:36 AM,851.7,1,851.7,89316990.39999995
2025-08-01 09:58:38 AM,851.85,0,0.0,89316990.39999995
2025-08-01 09:58:39 AM,851.85,10,8518.5,89325508.89999995
2025-08-01 09:58:46 AM,851.5,0,0.0,89325508.89999995
2025-08-01 09:58:46 AM,851.5,2,1703.0,89327211.89999995
2025-08-01 09:58:50 AM,851.8,0,0.0,89327211.89999995
2025-08-01 09:58:52 AM,851.8,2,1703.6,89328915.49999994
2025-08-01 09:58:58 AM,851.65,0,0.0,89328915.49999994
2025-08-01 09:58:58 AM,851.65,2018,1718629.7,91047545.19999994
2025-08-01 09:59:00 AM,851.3,46,39159.799999999996,91086704.99999994
2025-08-01 09:59:11 AM,851.9,0,0.0,91086704.99999994
2025-08-01 09:59:13 AM,851.9,504,429357.6,91516062.59999993
2025-08-01 09:59:16 AM,851.9,18,15334.199999999999,91531396.79999994
2025-08-01 09:59:29 AM,851.3,1,851.3,91532248.09999993
2025-08-01 09:59:35 AM,851.3,18,15323.4,91547571.49999994
2025-08-01 09:59:48 AM,851.8,1,851.8,91548423.29999994
2025-08-01 09:59:56 AM,851.8,2,1703.6,91550126.89999993
2025-08-01 10:00:02 AM,851.8,41,34923.799999999996,91585050.69999993
2025-08-01 10:00:06 AM,851.8,1,851.8,91585902.49999993
2025-08-01 10:00:09 AM,851.2,0,0.0,91585902.49999993
2025-08-01 10:00:09 AM,851.2,34,28940.800000000003,91614843.29999992
2025-08-01 10:00:13 AM,851.75,1,851.75,91615695.04999992
2025-08-01 10:00:15 AM,851.65,0,0.0,91615695.04999992
2025-08-01 10:00:16 AM,851.65,10,8516.5,91624211.54999992
2025-08-01 10:00:19 AM,851.2,77,65542.40000000001,91689753.94999993
2025-08-01 10:00:21 AM,851.7,0,0.0,91689753.94999993
2025-08-01 10:00:22 AM,851.65,114,97088.09999999999,91786842.04999992
2025-08-01 10:00:28 AM,851.7,55,46843.5,91833685.54999992
2025-08-01 10:00:41 AM,851.3,1,851.3,91834536.84999992
2025-08-01 10:00:50 AM,851.5,0,0.0,91834536.84999992
2025-08-01 10:00:50 AM,851.5,200,170300.0,92004836.84999992
2025-08-01 10:01:03 AM,851.2,159,135340.80000000002,92140177.64999992
2025-08-01 10:01:06 AM,851.5,27,22990.5,92163168.14999992
2025-08-01 10:01:08 AM,851.3,0,0.0,92163168.14999992
2025-08-01 10:01:13 AM,851.3,12,10215.599999999999,92173383.74999991
2025-08-01 10:01:18 AM,851.5,0,0.0,92173383.74999991
2025-08-01 10:01:19 AM,851.5,240,204360.0,92377743.74999991
2025-08-01 10:01:30 AM,851.7,0,0.0,92377743.74999991
2025-08-01 10:01:31 AM,851.7,100,85170.0,92462913.74999991
2025-08-01 10:01:46 AM,851.75,150,127762.5,92590676.24999991
2025-08-01 10:01:52 AM,851.75,50,42587.5,92633263.74999991
2025-08-01 10:01:56 AM,851.75,1,851.75,92634115.49999991
2025-08-01 10:01:58 AM,852.15,261,222411.15,92856526.64999992
2025-08-01 10:02:14 AM,853.0,0,0.0,92856526.64999992
2025-08-01 10:02:15 AM,853.0,10,8530.0,92865056.64999992
2025-08-01 10:02:17 AM,852.45,134,114228.3,92979284.94999991
2025-08-01 10:02:21 AM,852.95,25,21323.75,93000608.69999991
2025-08-01 10:02:28 AM,852.95,45,38382.75,93038991.44999991
2025-08-01 10:02:32 AM,852.45,0,0.0,93038991.44999991
2025-08-01 10:02:34 AM,852.45,63,53704.350000000006,93092695.79999991
2025-08-01 10:02:40 AM,852.95,0,0.0,93092695.79999991
2025-08-01 10:02:40 AM,852.95,61,52029.950000000004,93144725.74999991
2025-08-01 10:02:42 AM,852.95,43,36676.85,93181402.5999999
2025-08-01 10:02:48 AM,853.25,100,85325.0,93266727.5999999
2025-08-01 10:02:59 AM,852.7,155,132168.5,93398896.0999999
2025-08-01 10:03:07 AM,852.45,24,20458.800000000003,93419354.8999999
2025-08-01 10:03:10 AM,852.6,0,0.0,93419354.8999999
2025-08-01 10:03:12 AM,852.6,5,4263.0,93423617.8999999
2025-08-01 10:03:14 AM,852.9,1,852.9,93424470.79999991
2025-08-01 10:03:21 AM,852.9,1,852.9,93425323.69999991
2025-08-01 10:03:31 AM,852.95,38,32412.100000000002,93457735.79999991
2025-08-01 10:03:38 AM,852.95,6,5117.700000000001,93462853.49999991
2025-08-01 10:03:40 AM,852.95,1,852.95,93463706.44999991
2025-08-01 10:03:44 AM,853.0,138,117714.0,93581420.44999991
2025-08-01 10:03:56 AM,853.05,1,853.05,93582273.49999991
2025-08-01 10:03:59 AM,853.05,2,1706.1,93583979.5999999
2025-08-01 10:04:09 AM,853.15,74,63133.1,93647112.6999999
2025-08-01 10:04:17 AM,853.0,247,210691.0,93857803.6999999
2025-08-01 10:04:22 AM,853.4,0,0.0,93857803.6999999
2025-08-01 10:04:24 AM,853.4,60,51204.0,93909007.6999999
2025-08-01 10:04:28 AM,853.5,100,85350.0,93994357.6999999
2025-08-01 10:04:46 AM,853.5,119,101566.5,94095924.1999999
2025-08-01 10:04:55 AM,853.05,4,3412.2,94099336.3999999
2025-08-01 10:04:56 AM,852.9,0,0.0,94099336.3999999
2025-08-01 10:04:59 AM,852.9,100,85290.0,94184626.3999999
2025-08-01 10:05:05 AM,853.5,0,0.0,94184626.3999999
2025-08-01 10:05:05 AM,853.5,142,121197.0,94305823.3999999
2025-08-01 10:05:13 AM,853.15,50,42657.5,94348480.8999999
2025-08-01 10:05:18 AM,852.9,50,42645.0,94391125.8999999
2025-08-01 10:05:48 AM,853.4,0,0.0,94391125.8999999
2025-08-01 10:05:48 AM,853.4,1,853.4,94391979.29999991
2025-08-01 10:06:02 AM,853.35,5,4266.75,94396246.04999991
2025-08-01 10:06:11 AM,853.3,1,853.3,94397099.3499999
2025-08-01 10:06:14 AM,852.8,609,519355.19999999995,94916454.54999991
2025-08-01 10:06:23 AM,852.8,26,22172.8,94938627.3499999
2025-08-01 10:06:29 AM,852.8,102,86985.59999999999,95025612.9499999
2025-08-01 10:06:41 AM,852.6,0,0.0,95025612.9499999
2025-08-01 10:06:44 AM,852.6,5,4263.0,95029875.9499999
2025-08-01 10:06:49 AM,852.5,12,10230.0,95040105.9499999
2025-08-01 10:06:54 AM,852.5,2,1705.0,95041810.9499999
2025-08-01 10:07:00 AM,853.1,1,853.1,95042664.0499999
2025-08-01 10:07:02 AM,853.05,3,2559.1499999999996,95045223.1999999
2025-08-01 10:07:06 AM,852.45,0,0.0,95045223.1999999
2025-08-01 10:07:06 AM,852.45,510,434749.5,95479972.6999999
2025-08-01 10:07:08 AM,852.05,50,42602.5,95522575.1999999
2025-08-01 10:07:11 AM,852.5,0,0.0,95522575.1999999
2025-08-01 10:07:12 AM,852.5,15,12787.5,95535362.6999999
2025-08-01 10:07:14 AM,852.0,35,29820.0,95565182.6999999
2025-08-01 10:07:21 AM,852.0,57,48564.0,95613746.6999999
2025-08-01 10:07:25 AM,852.6,90,76734.0,95690480.6999999
2025-08-01 10:07:30 AM,852.0,0,0.0,95690480.6999999
2025-08-01 10:07:31 AM,852.65,60,51159.0,95741639.6999999
2025-08-01 10:07:37 AM,852.0,35,29820.0,95771459.6999999
2025-08-01 10:07:43 AM,852.0,35,29820.0,95801279.6999999
2025-08-01 10:07:49 AM,852.05,45,38342.25,95839621.9499999
2025-08-01 10:07:51 AM,852.55,20,17051.0,95856672.9499999
2025-08-01 10:07:56 AM,852.05,13,11076.65,95867749.5999999
2025-08-01 10:08:02 AM,852.05,25,21301.25,95889050.8499999
2025-08-01 10:08:03 AM,852.55,0,0.0,95889050.8499999
2025-08-01 10:08:03 AM,852.55,50,42627.5,95931678.3499999
2025-08-01 10:08:07 AM,852.0,0,0.0,95931678.3499999
2025-08-01 10:08:08 AM,852.0,35,29820.0,95961498.3499999
2025-08-01 10:08:16 AM,852.75,400,341100.0,96302598.3499999
2025-08-01 10:08:26 AM,853.7,0,0.0,96302598.3499999
2025-08-01 10:08:26 AM,853.7,78,66588.6,96369186.9499999
2025-08-01 10:08:48 AM,853.9,0,0.0,96369186.9499999
2025-08-01 10:08:50 AM,853.9,171,146016.9,96515203.8499999
2025-08-01 10:08:59 AM,853.8,0,0.0,96515203.8499999
2025-08-01 10:09:02 AM,853.8,15,12807.0,96528010.8499999
2025-08-01 10:09:18 AM,853.1,0,0.0,96528010.8499999
2025-08-01 10:09:20 AM,853.1,35,29858.5,96557869.3499999
2025-08-01 10:09:22 AM,853.8,1,853.8,96558723.1499999
2025-08-01 10:09:26 AM,853.8,200,170760.0,96729483.1499999
2025-08-01 10:09:28 AM,853.8,2,1707.6,96731190.7499999
2025-08-01 10:09:32 AM,853.2,0,0.0,96731190.7499999
2025-08-01 10:09:32 AM,853.2,5,4266.0,96735456.7499999
2025-08-01 10:09:45 AM,853.7,5,4268.5,96739725.2499999
2025-08-01 10:09:49 AM,853.7,5,4268.5,96743993.7499999
2025-08-01 10:10:23 AM,853.6,0,0.0,96743993.7499999
2025-08-01 10:10:24 AM,853.6,30,25608.0,96769601.7499999
2025-08-01 10:10:43 AM,853.65,100,85365.0,96854966.7499999
2025-08-01 10:10:48 AM,853.65,2,1707.3,96856674.0499999
2025-08-01 10:10:54 AM,853.65,1,853.65,96857527.6999999
2025-08-01 10:11:34 AM,853.6,50,42680.0,96900207.6999999
2025-08-01 10:11:38 AM,853.65,0,0.0,96900207.6999999
2025-08-01 10:11:40 AM,853.65,29,24755.85,96924963.5499999
2025-08-01 10:11:46 AM,853.8,5,4269.0,96929232.5499999
2025-08-01 10:11:58 AM,853.8,5,4269.0,96933501.5499999
2025-08-01 10:12:08 AM,853.45,0,0.0,96933501.5499999
2025-08-01 10:12:10 AM,853.45,118,100707.1,97034208.64999989
2025-08-01 10:12:26 AM,853.05,0,0.0,97034208.64999989
2025-08-01 10:12:27 AM,853.05,390,332689.5,97366898.14999989
2025-08-01 10:12:56 AM,853.05,37,31562.85,97398460.99999988
2025-08-01 10:12:56 AM,853.05,2,1706.1,97400167.09999987
2025-08-01 10:13:07 AM,853.0,36,30708.0,97430875.09999987
2025-08-01 10:13:19 AM,853.0,48,40944.0,97471819.09999987
2025-08-01 10:13:31 AM,853.55,63,53773.649999999994,97525592.74999988
2025-08-01 10:13:35 AM,852.85,0,0.0,97525592.74999988
2025-08-01 10:13:37 AM,852.85,39,33261.15,97558853.89999989
2025-08-01 10:13:41 AM,853.5,0,0.0,97558853.89999989
2025-08-01 10:13:41 AM,853.4,0,0.0,97558853.89999989
2025-08-01 10:13:43 AM,853.45,22,18775.9,97577629.7999999
2025-08-01 10:13:53 AM,852.85,0,0.0,97577629.7999999
2025-08-01 10:13:55 AM,852.85,34,28996.9,97606626.6999999
2025-08-01 10:14:05 AM,853.05,0,0.0,97606626.6999999
2025-08-01 10:14:07 AM,853.05,34,29003.699999999997,97635630.3999999
2025-08-01 10:14:17 AM,852.8,0,0.0,97635630.3999999
2025-08-01 10:14:18 AM,852.8,34,28995.199999999997,97664625.5999999
2025-08-01 10:14:23 AM,853.65,0,0.0,97664625.5999999
2025-08-01 10:14:24 AM,853.65,100,85365.0,97749990.5999999
2025-08-01 10:14:35 AM,853.55,1,853.55,97750844.1499999
2025-08-01 10:14:38 AM,852.85,0,0.0,97750844.1499999
2025-08-01 10:14:41 AM,852.85,34,28996.9,97779841.04999991
2025-08-01 10:14:47 AM,853.5,0,0.0,97779841.04999991
2025-08-01 10:14:47 AM,853.5,2,1707.0,97781548.04999991
2025-08-01 10:14:53 AM,853.0,0,0.0,97781548.04999991
2025-08-01 10:14:53 AM,853.0,34,29002.0,97810550.04999991
2025-08-01 10:14:57 AM,853.45,0,0.0,97810550.04999991
2025-08-01 10:14:59 AM,853.45,5,4267.25,97814817.29999991
2025-08-01 10:15:01 AM,852.8,0,0.0,97814817.29999991
2025-08-01 10:15:04 AM,852.8,32,27289.6,97842106.8999999
2025-08-01 10:15:17 AM,853.0,500,426500.0,98268606.8999999
2025-08-01 10:15:19 AM,852.8,0,0.0,98268606.8999999
2025-08-01 10:15:22 AM,852.8,32,27289.6,98295896.4999999
2025-08-01 10:15:28 AM,852.8,31,26436.8,98322333.2999999
2025-08-01 10:15:34 AM,853.3,0,0.0,98322333.2999999
2025-08-01 10:15:34 AM,853.3,2,1706.6,98324039.89999989
2025-08-01 10:15:41 AM,853.35,0,0.0,98324039.89999989
2025-08-01 10:15:43 AM,852.95,0,0.0,98324039.89999989
2025-08-01 10:15:46 AM,852.95,38,32412.100000000002,98356451.99999988
2025-08-01 10:15:52 AM,853.45,0,0.0,98356451.99999988
2025-08-01 10:15:52 AM,853.45,5,4267.25,98360719.24999988
2025-08-01 10:15:56 AM,852.85,0,0.0,98360719.24999988
2025-08-01 10:15:58 AM,852.85,119,101489.15000000001,98462208.39999989
2025-08-01 10:16:01 AM,853.45,0,0.0,98462208.39999989
2025-08-01 10:16:04 AM,853.45,5,4267.25,98466475.64999989
2025-08-01 10:16:15 AM,853.45,23,19629.350000000002,98486104.99999988
2025-08-01 10:16:21 AM,853.45,118,100707.1,98586812.09999987
2025-08-01 10:16:27 AM,853.5,61,52063.5,98638875.59999987
2025-08-01 10:16:34 AM,853.1,42,35830.200000000004,98674705.79999988
2025-08-01 10:16:37 AM,853.45,0,0.0,98674705.79999988
2025-08-01 10:16:39 AM,853.45,4,3413.8,98678119.59999987
2025-08-01 10:16:50 AM,853.45,1,853.45,98678973.04999988
2025-08-01 10:17:07 AM,853.45,50,42672.5,98721645.54999988
2025-08-01 10:17:12 AM,853.45,26,22189.7,98743835.24999988
2025-08-01 10:17:13 AM,853.45,38,32431.100000000002,98776266.34999987
2025-08-01 10:17:35 AM,853.5,0,0.0,98776266.34999987
2025-08-01 10:17:36 AM,853.5,50,42675.0,98818941.34999987
2025-08-01 10:17:42 AM,853.5,70,59745.0,98878686.34999987
2025-08-01 10:17:47 AM,853.5,30,25605.0,98904291.34999987
2025-08-01 10:17:59 AM,853.5,42,35847.0,98940138.34999987
2025-08-01 10:18:04 AM,853.15,0,0.0,98940138.34999987
2025-08-01 10:18:05 AM,853.15,32,27300.8,98967439.14999987
2025-08-01 10:18:34 AM,853.15,10,8531.5,98975970.64999987
2025-08-01 10:19:20 AM,853.15,32,27300.8,99003271.44999987
2025-08-01 10:19:33 AM,853.35,0,0.0,99003271.44999987
2025-08-01 10:19:37 AM,853.35,3,2560.05,99005831.49999987
2025-08-01 10:19:48 AM,853.2,0,0.0,99005831.49999987
2025-08-01 10:19:48 AM,853.2,5,4266.0,99010097.49999987
2025-08-01 10:19:51 AM,853.35,0,0.0,99010097.49999987
2025-08-01 10:19:54 AM,853.35,2,1706.7,99011804.19999987
2025-08-01 10:19:59 AM,853.35,10,8533.5,99020337.69999987
2025-08-01 10:20:10 AM,853.35,100,85335.0,99105672.69999987
2025-08-01 10:20:26 AM,853.15,0,0.0,99105672.69999987
2025-08-01 10:20:28 AM,853.15,115,98112.25,99203784.94999987
2025-08-01 10:20:38 AM,853.05,0,0.0,99203784.94999987
2025-08-01 10:20:40 AM,853.05,32,27297.6,99231082.54999986
2025-08-01 10:20:42 AM,853.0,100,85300.0,99316382.54999986
2025-08-01 10:20:52 AM,853.0,30,25590.0,99341972.54999986
2025-08-01 10:21:00 AM,853.0,30,25590.0,99367562.54999986
2025-08-01 10:21:14 AM,853.0,30,25590.0,99393152.54999986
2025-08-01 10:21:21 AM,853.3,0,0.0,99393152.54999986
2025-08-01 10:21:22 AM,853.3,264,225271.19999999998,99618423.74999987
2025-08-01 10:21:47 AM,853.3,100,85330.0,99703753.74999987
2025-08-01 10:21:53 AM,853.3,10,8533.0,99712286.74999987
2025-08-01 10:22:04 AM,853.4,395,337093.0,100049379.74999987
2025-08-01 10:22:24 AM,853.5,4,3414.0,100052793.74999987
2025-08-01 10:22:44 AM,853.8,0,0.0,100052793.74999987
2025-08-01 10:22:44 AM,853.8,4,3415.2,100056208.94999987
2025-08-01 10:22:50 AM,853.8,137,116970.59999999999,100173179.54999986
2025-08-01 10:23:06 AM,853.8,7,5976.599999999999,100179156.14999986
2025-08-01 10:23:10 AM,853.85,0,0.0,100179156.14999986
2025-08-01 10:23:15 AM,853.85,127,108438.95,100287595.09999986
2025-08-01 10:23:18 AM,853.85,42,35861.700000000004,100323456.79999986
2025-08-01 10:23:27 AM,853.9,1,853.9,100324310.69999987
2025-08-01 10:23:34 AM,853.8,0,0.0,100324310.69999987
2025-08-01 10:23:38 AM,853.8,40,34152.0,100358462.69999987
2025-08-01 10:23:43 AM,853.9,0,0.0,100358462.69999987
2025-08-01 10:23:44 AM,853.9,10,8539.0,100367001.69999987
2025-08-01 10:23:51 AM,853.5,18,15363.0,100382364.69999987
2025-08-01 10:24:44 AM,853.6,0,0.0,100382364.69999987
2025-08-01 10:24:46 AM,853.6,5,4268.0,100386632.69999987
2025-08-01 10:24:52 AM,853.6,100,85360.0,100471992.69999987
2025-08-01 10:24:58 AM,853.6,10,8536.0,100480528.69999987
2025-08-01 10:25:19 AM,853.6,2,1707.2,100482235.89999987
2025-08-01 10:25:29 AM,853.5,0,0.0,100482235.89999987
2025-08-01 10:25:30 AM,853.5,30,25605.0,100507840.89999987
2025-08-01 10:25:38 AM,853.6,0,0.0,100507840.89999987
2025-08-01 10:25:38 AM,853.6,15,12804.0,100520644.89999987
2025-08-01 10:25:41 AM,853.6,100,85360.0,100606004.89999987
2025-08-01 10:25:57 AM,853.6,15,12804.0,100618808.89999987
2025-08-01 10:26:05 AM,854.15,0,0.0,100618808.89999987
2025-08-01 10:26:05 AM,854.15,267,228058.05,100846866.94999987
2025-08-01 10:26:21 AM,854.25,0,0.0,100846866.94999987
2025-08-01 10:26:22 AM,854.25,9,7688.25,100854555.19999987
2025-08-01 10:26:57 AM,854.65,0,0.0,100854555.19999987
2025-08-01 10:26:57 AM,854.65,100,85465.0,100940020.19999987
2025-08-01 10:27:02 AM,854.7,0,0.0,100940020.19999987
2025-08-01 10:27:03 AM,854.7,16,13675.2,100953695.39999987
2025-08-01 10:27:05 AM,854.95,0,0.0,100953695.39999987
2025-08-01 10:27:06 AM,855.0,121,103455.0,101057150.39999987
2025-08-01 10:27:12 AM,855.5,0,0.0,101057150.39999987
2025-08-01 10:27:14 AM,854.95,0,0.0,101057150.39999987
2025-08-01 10:27:14 AM,854.95,20,17099.0,101074249.39999987
2025-08-01 10:27:18 AM,855.0,0,0.0,101074249.39999987
2025-08-01 10:27:20 AM,855.0,50,42750.0,101116999.39999987
2025-08-01 10:27:28 AM,854.1,1039,887409.9,102004409.29999988
2025-08-01 10:27:32 AM,854.85,0,0.0,102004409.29999988
2025-08-01 10:27:33 AM,854.85,5,4274.25,102008683.54999988
2025-08-01 10:27:58 AM,854.7,0,0.0,102008683.54999988
2025-08-01 10:27:58 AM,854.7,1,854.7,102009538.24999988
2025-08-01 10:28:01 AM,854.7,5,4273.5,102013811.74999988
2025-08-01 10:28:16 AM,854.0,0,0.0,102013811.74999988
2025-08-01 10:28:16 AM,854.0,33,28182.0,102041993.74999988
2025-08-01 10:28:21 AM,854.6,0,0.0,102041993.74999988
2025-08-01 10:28:22 AM,854.6,12,10255.2,102052248.94999988
2025-08-01 10:28:39 AM,853.9,0,0.0,102052248.94999988
2025-08-01 10:28:39 AM,853.9,1190,1016141.0,103068389.94999988
2025-08-01 10:28:47 AM,854.0,40,34160.0,103102549.94999988
2025-08-01 10:28:50 AM,854.0,69,58926.0,103161475.94999988
2025-08-01 10:28:53 AM,854.0,3,2562.0,103164037.94999988
2025-08-01 10:28:54 AM,854.4,0,0.0,103164037.94999988
2025-08-01 10:28:56 AM,854.4,15,12816.0,103176853.94999988
2025-08-01 10:28:58 AM,853.9,30,25617.0,103202470.94999988
2025-08-01 10:29:03 AM,854.0,150,128100.0,103330570.94999988
2025-08-01 10:29:07 AM,853.7,30,25611.0,103356181.94999988
2025-08-01 10:29:12 AM,853.75,0,0.0,103356181.94999988
2025-08-01 10:29:13 AM,853.75,74,63177.5,103419359.44999988
2025-08-01 10:29:24 AM,853.7,31,26464.7,103445824.14999989
2025-08-01 10:29:26 AM,853.7,100,85370.0,103531194.14999989
2025-08-01 10:29:31 AM,853.75,31,26466.25,103557660.39999989
2025-08-01 10:29:34 AM,853.7,10,8537.0,103566197.39999989
2025-08-01 10:29:37 AM,853.7,31,26464.7,103592662.09999989
2025-08-01 10:29:45 AM,853.7,31,26464.7,103619126.7999999
2025-08-01 10:29:54 AM,853.7,31,26464.7,103645591.4999999
2025-08-01 10:29:57 AM,853.95,50,42697.5,103688288.9999999
2025-08-01 10:30:10 AM,853.75,0,0.0,103688288.9999999
2025-08-01 10:30:11 AM,853.75,3,2561.25,103690850.2499999
2025-08-01 10:30:40 AM,853.7,0,0.0,103690850.2499999
2025-08-01 10:30:40 AM,853.7,235,200619.5,103891469.7499999
2025-08-01 10:30:45 AM,853.7,32,27318.4,103918788.1499999
2025-08-01 10:30:48 AM,853.6,0,0.0,103918788.1499999
2025-08-01 10:30:48 AM,853.6,35,29876.0,103948664.1499999
2025-08-01 10:31:02 AM,853.95,10,8539.5,103957203.6499999
2025-08-01 10:31:05 AM,853.6,0,0.0,103957203.6499999
2025-08-01 10:31:05 AM,853.6,33,28168.8,103985372.4499999
2025-08-01 10:31:13 AM,853.95,0,0.0,103985372.4499999
2025-08-01 10:31:14 AM,853.95,12,10247.400000000001,103995619.8499999
2025-08-01 10:31:17 AM,853.95,3,2561.8500000000004,103998181.6999999
2025-08-01 10:31:28 AM,853.95,1,853.95,103999035.6499999
2025-08-01 10:31:31 AM,853.8,0,0.0,103999035.6499999
2025-08-01 10:31:31 AM,853.8,13,11099.4,104010135.04999991
2025-08-01 10:31:36 AM,853.75,2,1707.5,104011842.54999991
2025-08-01 10:31:44 AM,853.75,50,42687.5,104054530.04999991
2025-08-01 10:31:48 AM,854.0,0,0.0,104054530.04999991
2025-08-01 10:31:50 AM,854.0,270,230580.0,104285110.04999991
2025-08-01 10:32:00 AM,854.5,0,0.0,104285110.04999991
2025-08-01 10:32:00 AM,854.5,25,21362.5,104306472.54999991
2025-08-01 10:32:09 AM,854.6,0,0.0,104306472.54999991
2025-08-01 10:32:10 AM,854.6,29,24783.4,104331255.94999991
2025-08-01 10:32:17 AM,854.6,1,854.6,104332110.54999991
2025-08-01 10:32:30 AM,854.6,5,4273.0,104336383.54999991
2025-08-01 10:32:48 AM,854.15,33,28186.95,104364570.49999991
2025-08-01 10:32:56 AM,854.0,0,0.0,104364570.49999991
2025-08-01 10:32:56 AM,854.0,31,26474.0,104391044.49999991
2025-08-01 10:33:07 AM,854.55,11,9400.05,104400444.54999991
2025-08-01 10:33:13 AM,854.85,59,50436.15,104450880.69999991
2025-08-01 10:33:20 AM,854.55,0,0.0,104450880.69999991
2025-08-01 10:33:22 AM,854.55,33,28200.149999999998,104479080.84999992
2025-08-01 10:33:29 AM,854.9,0,0.0,104479080.84999992
2025-08-01 10:33:29 AM,854.9,1,854.9,104479935.74999993
2025-08-01 10:33:33 AM,854.9,20,17098.0,104497033.74999993
2025-08-01 10:33:44 AM,854.9,16,13678.4,104510712.14999993
2025-08-01 10:33:46 AM,854.9,20,17098.0,104527810.14999993
2025-08-01 10:33:55 AM,854.9,5,4274.5,104532084.64999993
2025-08-01 10:33:57 AM,854.95,35,29923.25,104562007.89999993
2025-08-01 10:34:07 AM,854.9,133,113701.7,104675709.59999993
2025-08-01 10:34:12 AM,855.0,0,0.0,104675709.59999993
2025-08-01 10:34:13 AM,855.0,114,97470.0,104773179.59999993
2025-08-01 10:34:36 AM,855.0,1,855.0,104774034.59999993
2025-08-01 10:34:46 AM,855.0,46,39330.0,104813364.59999993
2025-08-01 10:34:56 AM,855.05,0,0.0,104813364.59999993
2025-08-01 10:34:58 AM,855.05,254,217182.69999999998,105030547.29999994
2025-08-01 10:35:00 AM,855.05,12,10260.599999999999,105040807.89999993
2025-08-01 10:35:18 AM,855.1,0,0.0,105040807.89999993
2025-08-01 10:35:20 AM,855.0,0,0.0,105040807.89999993
2025-08-01 10:35:20 AM,855.0,116,99180.0,105139987.89999993
2025-08-01 10:35:22 AM,855.0,10,8550.0,105148537.89999993
2025-08-01 10:35:26 AM,855.0,20,17100.0,105165637.89999993
2025-08-01 10:35:28 AM,855.0,10,8550.0,105174187.89999993
2025-08-01 10:35:31 AM,855.0,1,855.0,105175042.89999993
2025-08-01 10:35:37 AM,855.0,20,17100.0,105192142.89999993
2025-08-01 10:36:00 AM,854.95,1,854.95,105192997.84999993
2025-08-01 10:36:01 AM,855.0,0,0.0,105192997.84999993
2025-08-01 10:36:02 AM,855.0,10,8550.0,105201547.84999993
2025-08-01 10:36:13 AM,855.0,187,159885.0,105361432.84999993
2025-08-01 10:36:16 AM,855.0,313,267615.0,105629047.84999993
2025-08-01 10:36:35 AM,855.0,1,855.0,105629902.84999993
2025-08-01 10:36:44 AM,855.0,4,3420.0,105633322.84999993
2025-08-01 10:36:55 AM,855.0,25,21375.0,105654697.84999993
2025-08-01 10:37:06 AM,855.0,3,2565.0,105657262.84999993
2025-08-01 10:37:09 AM,854.75,0,0.0,105657262.84999993
2025-08-01 10:37:11 AM,854.75,115,98296.25,105755559.09999993
2025-08-01 10:37:28 AM,855.0,462,395010.0,106150569.09999993
2025-08-01 10:37:47 AM,855.0,2,1710.0,106152279.09999993
2025-08-01 10:38:01 AM,854.75,0,0.0,106152279.09999993
2025-08-01 10:38:01 AM,854.75,70,59832.5,106212111.59999993
2025-08-01 10:38:16 AM,855.0,0,0.0,106212111.59999993
2025-08-01 10:38:18 AM,854.75,0,0.0,106212111.59999993
2025-08-01 10:38:20 AM,854.75,35,29916.25,106242027.84999993
2025-08-01 10:38:21 AM,855.0,0,0.0,106242027.84999993
2025-08-01 10:38:23 AM,855.0,5,4275.0,106246302.84999993
2025-08-01 10:38:26 AM,854.75,0,0.0,106246302.84999993
2025-08-01 10:38:26 AM,854.75,29,24787.75,106271090.59999993
2025-08-01 10:38:32 AM,855.0,0,0.0,106271090.59999993
2025-08-01 10:38:32 AM,855.0,30,25650.0,106296740.59999993
2025-08-01 10:38:39 AM,854.75,0,0.0,106296740.59999993
2025-08-01 10:38:41 AM,854.75,29,24787.75,106321528.34999993
2025-08-01 10:38:47 AM,854.75,29,24787.75,106346316.09999993
2025-08-01 10:38:52 AM,854.75,29,24787.75,106371103.84999993
2025-08-01 10:38:59 AM,854.7,0,0.0,106371103.84999993
2025-08-01 10:39:00 AM,854.7,217,185469.90000000002,106556573.74999994
2025-08-01 10:39:08 AM,854.95,0,0.0,106556573.74999994
2025-08-01 10:39:09 AM,854.95,4,3419.8,106559993.54999994
2025-08-01 10:39:10 AM,854.7,0,0.0,106559993.54999994
2025-08-01 10:39:11 AM,854.7,35,29914.5,106589908.04999994
2025-08-01 10:39:23 AM,854.7,265,226495.5,106816403.54999994
2025-08-01 10:39:26 AM,855.0,89,76095.0,106892498.54999994
2025-08-01 10:39:31 AM,855.0,4,3420.0,106895918.54999994
2025-08-01 10:39:37 AM,855.0,8,6840.0,106902758.54999994
2025-08-01 10:39:40 AM,855.0,3,2565.0,106905323.54999994
2025-08-01 10:39:45 AM,855.0,36,30780.0,106936103.54999994
2025-08-01 10:40:10 AM,855.0,72,61560.0,106997663.54999994
2025-08-01 10:40:12 AM,855.35,0,0.0,106997663.54999994
2025-08-01 10:40:13 AM,855.35,200,171070.0,107168733.54999994
2025-08-01 10:40:35 AM,855.35,3,2566.05,107171299.59999993
2025-08-01 10:40:40 AM,855.35,1,855.35,107172154.94999993
2025-08-01 10:40:50 AM,856.15,0,0.0,107172154.94999993
2025-08-01 10:40:52 AM,856.15,413,353589.95,107525744.89999993
2025-08-01 10:41:03 AM,856.15,5,4280.75,107530025.64999993
2025-08-01 10:41:07 AM,855.65,0,0.0,107530025.64999993
2025-08-01 10:41:09 AM,855.65,2,1711.3,107531736.94999993
2025-08-01 10:41:21 AM,856.15,0,0.0,107531736.94999993
2025-08-01 10:41:22 AM,856.15,49,41951.35,107573688.29999992
2025-08-01 10:41:44 AM,856.05,36,30817.8,107604506.09999992
2025-08-01 10:41:51 AM,856.15,0,0.0,107604506.09999992
2025-08-01 10:41:53 AM,856.15,1,856.15,107605362.24999993
2025-08-01 10:42:07 AM,856.25,0,0.0,107605362.24999993
2025-08-01 10:42:10 AM,856.25,25,21406.25,107626768.49999993
2025-08-01 10:42:15 AM,856.1,0,0.0,107626768.49999993
2025-08-01 10:42:15 AM,856.1,1041,891200.1,108517968.59999992
2025-08-01 10:42:27 AM,856.25,0,0.0,108517968.59999992
2025-08-01 10:42:28 AM,856.25,5,4281.25,108522249.84999992
2025-08-01 10:42:43 AM,857.0,1059,907563.0,109429812.84999992
2025-08-01 10:42:51 AM,857.0,1,857.0,109430669.84999992
2025-08-01 10:43:00 AM,857.0,2,1714.0,109432383.84999992
2025-08-01 10:43:02 AM,857.4,1,857.4,109433241.24999993
2025-08-01 10:43:10 AM,857.0,0,0.0,109433241.24999993
2025-08-01 10:43:11 AM,857.0,1038,889566.0,110322807.24999993
2025-08-01 10:43:12 AM,856.1,0,0.0,110322807.24999993
2025-08-01 10:43:13 AM,856.95,21,17995.95,110340803.19999993
2025-08-01 10:43:14 AM,857.1,0,0.0,110340803.19999993
2025-08-01 10:43:16 AM,857.1,99,84852.90000000001,110425656.09999993
2025-08-01 10:43:23 AM,857.05,8,6856.4,110432512.49999994
2025-08-01 10:43:28 AM,856.25,0,0.0,110432512.49999994
2025-08-01 10:43:29 AM,856.25,1,856.25,110433368.74999994
2025-08-01 10:43:58 AM,857.25,0,0.0,110433368.74999994
2025-08-01 10:43:58 AM,857.25,217,186023.25,110619391.99999994
2025-08-01 10:44:12 AM,857.5,0,0.0,110619391.99999994
2025-08-01 10:44:14 AM,857.5,200,171500.0,110790891.99999994
2025-08-01 10:44:16 AM,856.95,0,0.0,110790891.99999994
2025-08-01 10:44:16 AM,856.95,1,856.95,110791748.94999994
2025-08-01 10:44:18 AM,856.6,0,0.0,110791748.94999994
2025-08-01 10:44:20 AM,856.6,1,856.6,110792605.54999994
2025-08-01 10:44:26 AM,857.15,0,0.0,110792605.54999994
2025-08-01 10:44:28 AM,857.15,1,857.15,110793462.69999994
2025-08-01 10:44:36 AM,857.7,150,128655.0,110922117.69999994
2025-08-01 10:44:53 AM,857.55,0,0.0,110922117.69999994
2025-08-01 10:44:54 AM,857.55,1,857.55,110922975.24999994
2025-08-01 10:45:14 AM,857.55,130,111481.5,111034456.74999994
2025-08-01 10:45:17 AM,857.5,0,0.0,111034456.74999994
2025-08-01 10:45:17 AM,857.5,2,1715.0,111036171.74999994
2025-08-01 10:45:19 AM,856.85,59,50554.15,111086725.89999995
2025-08-01 10:45:20 AM,857.5,0,0.0,111086725.89999995
2025-08-01 10:45:22 AM,857.5,25,21437.5,111108163.39999995
2025-08-01 10:45:32 AM,856.7,0,0.0,111108163.39999995
2025-08-01 10:45:33 AM,856.7,27,23130.9,111131294.29999995
2025-08-01 10:45:38 AM,857.5,0,0.0,111131294.29999995
2025-08-01 10:45:38 AM,857.5,1,857.5,111132151.79999995
2025-08-01 10:45:42 AM,856.7,0,0.0,111132151.79999995
2025-08-01 10:45:44 AM,856.7,50,42835.0,111174986.79999995
2025-08-01 10:45:50 AM,857.6,0,0.0,111174986.79999995
2025-08-01 10:45:51 AM,856.85,0,0.0,111174986.79999995
2025-08-01 10:45:52 AM,856.85,1044,894551.4,112069538.19999996
2025-08-01 10:45:59 AM,857.6,104,89190.40000000001,112158728.59999996
2025-08-01 10:46:08 AM,857.6,146,125209.6,112283938.19999996
2025-08-01 10:46:22 AM,856.95,0,0.0,112283938.19999996
2025-08-01 10:46:22 AM,856.95,6,5141.700000000001,112289079.89999996
2025-08-01 10:46:28 AM,857.55,4,3430.2,112292510.09999996
2025-08-01 10:46:33 AM,857.55,7,6002.849999999999,112298512.94999996
2025-08-01 10:46:43 AM,857.55,4,3430.2,112301943.14999996
2025-08-01 10:46:56 AM,856.9,0,0.0,112301943.14999996
2025-08-01 10:46:59 AM,856.9,47,40274.299999999996,112342217.44999996
2025-08-01 10:47:07 AM,857.5,0,0.0,112342217.44999996
2025-08-01 10:47:10 AM,857.5,6,5145.0,112347362.44999996
2025-08-01 10:47:13 AM,857.55,0,0.0,112347362.44999996
2025-08-01 10:47:15 AM,857.55,300,257265.0,112604627.44999996
2025-08-01 10:47:20 AM,857.6,0,0.0,112604627.44999996
2025-08-01 10:47:21 AM,857.6,1,857.6,112605485.04999995
2025-08-01 10:47:26 AM,857.6,100,85760.0,112691245.04999995
2025-08-01 10:47:31 AM,857.7,21,18011.7,112709256.74999996
2025-08-01 10:47:44 AM,857.1,10,8571.0,112717827.74999996
2025-08-01 10:48:03 AM,857.0,0,0.0,112717827.74999996
2025-08-01 10:48:04 AM,857.0,25,21425.0,112739252.74999996
2025-08-01 10:48:21 AM,857.55,0,0.0,112739252.74999996
2025-08-01 10:48:22 AM,857.55,100,85755.0,112825007.74999996
2025-08-01 10:48:23 AM,857.0,0,0.0,112825007.74999996
2025-08-01 10:48:25 AM,857.0,152,130264.0,112955271.74999996
2025-08-01 10:48:59 AM,856.95,0,0.0,112955271.74999996
2025-08-01 10:49:00 AM,856.95,15,12854.25,112968125.99999996
2025-08-01 10:49:09 AM,856.95,4,3427.8,112971553.79999995
2025-08-01 10:49:11 AM,856.95,10,8569.5,112980123.29999995
2025-08-01 10:49:13 AM,856.9,0,0.0,112980123.29999995
2025-08-01 10:49:15 AM,856.9,20,17138.0,112997261.29999995
2025-08-01 10:49:19 AM,856.75,0,0.0,112997261.29999995
2025-08-01 10:49:22 AM,856.75,449,384680.75,113381942.04999995
2025-08-01 10:49:32 AM,856.9,0,0.0,113381942.04999995
2025-08-01 10:49:32 AM,856.9,50,42845.0,113424787.04999995
2025-08-01 10:50:09 AM,856.9,252,215938.8,113640725.84999995
2025-08-01 10:50:11 AM,856.5,0,0.0,113640725.84999995
2025-08-01 10:50:14 AM,856.5,35,29977.5,113670703.34999995
2025-08-01 10:50:21 AM,856.5,15,12847.5,113683550.84999995
2025-08-01 10:50:22 AM,856.4,0,0.0,113683550.84999995
2025-08-01 10:50:25 AM,856.4,17,14558.8,113698109.64999995
2025-08-01 10:50:31 AM,856.4,35,29974.0,113728083.64999995
2025-08-01 10:50:32 AM,856.9,80,68552.0,113796635.64999995
2025-08-01 10:50:56 AM,856.4,0,0.0,113796635.64999995
2025-08-01 10:50:59 AM,856.4,12,10276.8,113806912.44999994
2025-08-01 10:51:05 AM,856.4,111,95060.4,113901972.84999995
2025-08-01 10:51:20 AM,855.75,0,0.0,113901972.84999995
2025-08-01 10:51:22 AM,855.75,32,27384.0,113929356.84999995
2025-08-01 10:51:26 AM,856.4,0,0.0,113929356.84999995
2025-08-01 10:51:27 AM,856.4,3,2569.2,113931926.04999995
2025-08-01 10:51:30 AM,855.75,0,0.0,113931926.04999995
2025-08-01 10:51:32 AM,855.75,29,24816.75,113956742.79999995
2025-08-01 10:51:38 AM,855.45,0,0.0,113956742.79999995
2025-08-01 10:51:38 AM,855.45,29,24808.050000000003,113981550.84999995
2025-08-01 10:51:44 AM,855.45,50,42772.5,114024323.34999995
2025-08-01 10:51:48 AM,855.55,0,0.0,114024323.34999995
2025-08-01 10:51:49 AM,855.55,53,45344.149999999994,114069667.49999996
2025-08-01 10:51:59 AM,855.4,29,24806.6,114094474.09999995
2025-08-01 10:52:08 AM,855.35,0,0.0,114094474.09999995
2025-08-01 10:52:10 AM,855.35,29,24805.15,114119279.24999996
2025-08-01 10:52:27 AM,855.8,34,29097.199999999997,114148376.44999996
2025-08-01 10:52:32 AM,855.8,4,3423.2,114151799.64999996
2025-08-01 10:52:36 AM,855.35,0,0.0,114151799.64999996
2025-08-01 10:52:37 AM,855.35,31,26515.850000000002,114178315.49999996
2025-08-01 10:52:46 AM,855.15,0,0.0,114178315.49999996
2025-08-01 10:52:48 AM,855.15,31,26509.649999999998,114204825.14999996
2025-08-01 10:52:58 AM,855.15,31,26509.649999999998,114231334.79999997
2025-08-01 10:53:03 AM,855.8,5,4279.0,114235613.79999997
2025-08-01 10:53:05 AM,855.15,32,27364.8,114262978.59999996
2025-08-01 10:53:08 AM,855.6,0,0.0,114262978.59999996
2025-08-01 10:53:09 AM,855.6,10,8556.0,114271534.59999996
2025-08-01 10:53:12 AM,855.7,0,0.0,114271534.59999996
2025-08-01 10:53:14 AM,855.15,0,0.0,114271534.59999996
2025-08-01 10:53:14 AM,855.15,37,31640.55,114303175.14999996
2025-08-01 10:53:18 AM,855.65,0,0.0,114303175.14999996
2025-08-01 10:53:19 AM,855.65,26,22246.899999999998,114325422.04999997
2025-08-01 10:53:24 AM,855.15,0,0.0,114325422.04999997
2025-08-01 10:53:25 AM,855.15,32,27364.8,114352786.84999996
2025-08-01 10:53:30 AM,855.15,42,35916.299999999996,114388703.14999996
2025-08-01 10:53:40 AM,855.1,0,0.0,114388703.14999996
2025-08-01 10:53:41 AM,855.1,32,27363.2,114416066.34999996
2025-08-01 10:53:41 AM,855.0,1479,1264545.0,115680611.34999996
2025-08-01 10:53:52 AM,855.0,36,30780.0,115711391.34999996
2025-08-01 10:54:08 AM,854.55,1042,890441.1,116601832.44999996
2025-08-01 10:54:24 AM,854.3,0,0.0,116601832.44999996
2025-08-01 10:54:24 AM,854.3,100,85430.0,116687262.44999996
2025-08-01 10:54:28 AM,854.25,0,0.0,116687262.44999996
2025-08-01 10:54:29 AM,854.25,43,36732.75,116723995.19999996
2025-08-01 10:54:42 AM,854.15,0,0.0,116723995.19999996
2025-08-01 10:54:44 AM,854.05,0,0.0,116723995.19999996
2025-08-01 10:54:45 AM,854.05,108,92237.4,116816232.59999996
2025-08-01 10:54:48 AM,854.65,0,0.0,116816232.59999996
2025-08-01 10:54:50 AM,854.65,53,45296.45,116861529.04999997
2025-08-01 10:55:06 AM,854.25,0,0.0,116861529.04999997
2025-08-01 10:55:06 AM,854.25,36,30753.0,116892282.04999997
2025-08-01 10:55:16 AM,854.75,0,0.0,116892282.04999997
2025-08-01 10:55:16 AM,854.75,10,8547.5,116900829.54999997
2025-08-01 10:55:28 AM,854.65,2,1709.3,116902538.84999996
2025-08-01 10:55:36 AM,854.1,0,0.0,116902538.84999996
2025-08-01 10:55:39 AM,854.1,35,29893.5,116932432.34999996
2025-08-01 10:55:42 AM,854.3,0,0.0,116932432.34999996
2025-08-01 10:55:44 AM,854.3,35,29900.5,116962332.84999996
2025-08-01 10:55:55 AM,854.3,35,29900.5,116992233.34999996
2025-08-01 10:56:05 AM,854.3,35,29900.5,117022133.84999996
2025-08-01 10:56:15 AM,854.3,36,30754.8,117052888.64999996
2025-08-01 10:56:17 AM,854.15,250,213537.5,117266426.14999996
2025-08-01 10:56:27 AM,854.15,36,30749.399999999998,117297175.54999997
2025-08-01 10:56:30 AM,854.7,0,0.0,117297175.54999997
2025-08-01 10:56:31 AM,854.15,80,68332.0,117365507.54999997
2025-08-01 10:56:42 AM,854.15,36,30749.399999999998,117396256.94999997
2025-08-01 10:56:47 AM,854.55,72,61527.6,117457784.54999997
2025-08-01 10:56:52 AM,854.1,0,0.0,117457784.54999997
2025-08-01 10:56:52 AM,854.1,32,27331.2,117485115.74999997
2025-08-01 10:57:08 AM,854.05,0,0.0,117485115.74999997
2025-08-01 10:57:08 AM,854.05,10,8540.5,117493656.24999997
2025-08-01 10:57:12 AM,854.0,0,0.0,117493656.24999997
2025-08-01 10:57:13 AM,854.55,301,257219.55,117750875.79999997
2025-08-01 10:57:16 AM,854.0,0,0.0,117750875.79999997
2025-08-01 10:57:18 AM,854.0,106,90524.0,117841399.79999997
2025-08-01 10:57:35 AM,854.05,55,46972.75,117888372.54999997
2025-08-01 10:57:42 AM,854.0,0,0.0,117888372.54999997
2025-08-01 10:57:46 AM,854.0,34,29036.0,117917408.54999997
2025-08-01 10:57:46 AM,854.0,34,29036.0,117946444.54999997
2025-08-01 10:57:51 AM,854.0,34,29036.0,117975480.54999997
2025-08-01 10:57:56 AM,854.0,34,29036.0,118004516.54999997
2025-08-01 10:57:58 AM,854.5,0,0.0,118004516.54999997
2025-08-01 10:58:01 AM,854.0,39,33306.0,118037822.54999997
2025-08-01 10:58:07 AM,854.0,34,29036.0,118066858.54999997
2025-08-01 10:58:12 AM,854.1,0,0.0,118066858.54999997
2025-08-01 10:58:12 AM,854.1,34,29039.4,118095897.94999997
2025-08-01 10:58:17 AM,854.1,34,29039.4,118124937.34999998
2025-08-01 10:58:20 AM,854.0,0,0.0,118124937.34999998
2025-08-01 10:58:22 AM,854.0,34,29036.0,118153973.34999998
2025-08-01 10:58:28 AM,854.0,134,114436.0,118268409.34999998
2025-08-01 10:58:34 AM,854.0,70,59780.0,118328189.34999998
2025-08-01 10:58:42 AM,854.3,0,0.0,118328189.34999998
2025-08-01 10:58:45 AM,854.3,40,34172.0,118362361.34999998
2025-08-01 10:58:46 AM,854.0,0,0.0,118362361.34999998
2025-08-01 10:58:50 AM,854.0,70,59780.0,118422141.34999998
2025-08-01 10:58:56 AM,854.0,6,5124.0,118427265.34999998
2025-08-01 10:59:04 AM,853.7,0,0.0,118427265.34999998
2025-08-01 10:59:06 AM,853.7,35,29879.5,118457144.84999998
2025-08-01 10:59:10 AM,854.15,0,0.0,118457144.84999998
2025-08-01 10:59:11 AM,854.15,1,854.15,118457998.99999999
2025-08-01 10:59:16 AM,854.15,10,8541.5,118466540.49999999
2025-08-01 10:59:24 AM,853.65,0,0.0,118466540.49999999
2025-08-01 10:59:26 AM,853.65,35,29877.75,118496418.24999999
2025-08-01 10:59:30 AM,854.1,0,0.0,118496418.24999999
2025-08-01 10:59:31 AM,854.1,1,854.1,118497272.34999998
2025-08-01 10:59:42 AM,853.65,0,0.0,118497272.34999998
2025-08-01 10:59:42 AM,853.65,35,29877.75,118527150.09999998
2025-08-01 10:59:50 AM,855.1,0,0.0,118527150.09999998
2025-08-01 10:59:53 AM,855.1,2914,2491761.4,121018911.49999999
2025-08-01 11:00:07 AM,854.6,0,0.0,121018911.49999999
2025-08-01 11:00:10 AM,855.2,0,0.0,121018911.49999999
2025-08-01 11:00:10 AM,855.2,14,11972.800000000001,121030884.29999998
2025-08-01 11:00:21 AM,855.2,14,11972.800000000001,121042857.09999998
2025-08-01 11:00:27 AM,855.15,0,0.0,121042857.09999998
2025-08-01 11:00:27 AM,855.15,1,855.15,121043712.24999999
2025-08-01 11:00:33 AM,854.6,1,854.6,121044566.84999998
2025-08-01 11:00:38 AM,854.6,68,58112.8,121102679.64999998
2025-08-01 11:00:53 AM,854.6,12,10255.2,121112934.84999998
2025-08-01 11:01:26 AM,855.0,2,1710.0,121114644.84999998
2025-08-01 11:01:35 AM,855.0,2,1710.0,121116354.84999998
2025-08-01 11:01:49 AM,854.6,0,0.0,121116354.84999998
2025-08-01 11:01:51 AM,854.6,20,17092.0,121133446.84999998
2025-08-01 11:01:56 AM,855.0,2,1710.0,121135156.84999998
2025-08-01 11:01:57 AM,854.95,3,2564.8500000000004,121137721.69999997
2025-08-01 11:02:15 AM,854.45,0,0.0,121137721.69999997
2025-08-01 11:02:17 AM,854.45,30,25633.5,121163355.19999997
2025-08-01 11:02:21 AM,854.2,0,0.0,121163355.19999997
2025-08-01 11:02:23 AM,854.2,30,25626.0,121188981.19999997
2025-08-01 11:02:29 AM,854.05,30,25621.5,121214602.69999997
2025-08-01 11:02:31 AM,854.95,0,0.0,121214602.69999997
2025-08-01 11:02:35 AM,854.95,100,85495.0,121300097.69999997
2025-08-01 11:02:36 AM,854.25,30,25627.5,121325725.19999997
2025-08-01 11:02:45 AM,854.15,0,0.0,121325725.19999997
2025-08-01 11:02:45 AM,854.15,30,25624.5,121351349.69999997
2025-08-01 11:02:49 AM,854.9,0,0.0,121351349.69999997
2025-08-01 11:02:51 AM,854.9,1,854.9,121352204.59999998
2025-08-01 11:02:52 AM,854.05,30,25621.5,121377826.09999998
2025-08-01 11:02:57 AM,854.05,31,26475.55,121404301.64999998
2025-08-01 11:03:01 AM,854.75,1,854.75,121405156.39999998
2025-08-01 11:03:15 AM,854.05,0,0.0,121405156.39999998
2025-08-01 11:03:16 AM,854.05,31,26475.55,121431631.94999997
2025-08-01 11:03:39 AM,854.1,0,0.0,121431631.94999997
2025-08-01 11:03:39 AM,854.1,31,26477.100000000002,121458109.04999997
2025-08-01 11:04:05 AM,854.2,0,0.0,121458109.04999997
2025-08-01 11:04:06 AM,854.2,4,3416.8,121461525.84999996
2025-08-01 11:04:08 AM,854.8,35,29918.0,121491443.84999996
2025-08-01 11:04:09 AM,854.15,0,0.0,121491443.84999996
2025-08-01 11:04:11 AM,854.15,54,46124.1,121537567.94999996
2025-08-01 11:04:16 AM,854.8,25,21370.0,121558937.94999996
2025-08-01 11:04:19 AM,854.15,0,0.0,121558937.94999996
2025-08-01 11:04:19 AM,854.15,34,29041.1,121587979.04999995
2025-08-01 11:04:25 AM,854.7,0,0.0,121587979.04999995
2025-08-01 11:04:26 AM,854.7,89,76068.3,121664047.34999995
2025-08-01 11:04:29 AM,855.55,0,0.0,121664047.34999995
2025-08-01 11:04:29 AM,855.55,501,428630.55,122092677.89999995
2025-08-01 11:04:47 AM,855.5,21,17965.5,122110643.39999995
2025-08-01 11:04:57 AM,855.5,100,85550.0,122196193.39999995
2025-08-01 11:05:02 AM,855.5,3,2566.5,122198759.89999995
2025-08-01 11:05:13 AM,855.45,1,855.45,122199615.34999995
2025-08-01 11:05:24 AM,854.95,30,25648.5,122225263.84999995
2025-08-01 11:05:33 AM,854.8,94,80351.2,122305615.04999995
2025-08-01 11:05:37 AM,854.65,0,0.0,122305615.04999995
2025-08-01 11:05:38 AM,854.65,30,25639.5,122331254.54999995
2025-08-01 11:05:42 AM,854.45,0,0.0,122331254.54999995
2025-08-01 11:05:44 AM,854.45,78,66647.1,122397901.64999995
2025-08-01 11:05:51 AM,854.3,30,25629.0,122423530.64999995
2025-08-01 11:05:58 AM,854.1,0,0.0,122423530.64999995
2025-08-01 11:06:00 AM,854.1,30,25623.0,122449153.64999995
2025-08-01 11:06:05 AM,854.1,30,25623.0,122474776.64999995
2025-08-01 11:06:10 AM,854.1,30,25623.0,122500399.64999995
2025-08-01 11:06:14 AM,854.7,0,0.0,122500399.64999995
2025-08-01 11:06:15 AM,854.7,10,8547.0,122508946.64999995
2025-08-01 11:06:17 AM,854.2,30,25626.0,122534572.64999995
2025-08-01 11:06:23 AM,854.05,30,25621.5,122560194.14999995
2025-08-01 11:06:30 AM,854.0,30,25620.0,122585814.14999995
2025-08-01 11:06:34 AM,854.0,30,25620.0,122611434.14999995
2025-08-01 11:06:41 AM,854.0,80,68320.0,122679754.14999995
2025-08-01 11:06:49 AM,854.0,32,27328.0,122707082.14999995
2025-08-01 11:06:58 AM,854.0,32,27328.0,122734410.14999995
2025-08-01 11:07:03 AM,854.0,32,27328.0,122761738.14999995
2025-08-01 11:07:14 AM,854.0,32,27328.0,122789066.14999995
2025-08-01 11:07:19 AM,854.0,32,27328.0,122816394.14999995
2025-08-01 11:07:30 AM,854.0,32,27328.0,122843722.14999995
2025-08-01 11:07:41 AM,854.0,35,29890.0,122873612.14999995
2025-08-01 11:07:52 AM,854.0,35,29890.0,122903502.14999995
2025-08-01 11:07:59 AM,854.0,35,29890.0,122933392.14999995
2025-08-01 11:08:10 AM,854.45,34,29051.300000000003,122962443.44999994
2025-08-01 11:08:13 AM,854.0,0,0.0,122962443.44999994
2025-08-01 11:08:13 AM,854.0,35,29890.0,122992333.44999994
2025-08-01 11:08:18 AM,854.0,31,26474.0,123018807.44999994
2025-08-01 11:08:29 AM,854.0,31,26474.0,123045281.44999994
2025-08-01 11:08:37 AM,854.35,0,0.0,123045281.44999994
2025-08-01 11:08:39 AM,854.35,100,85435.0,123130716.44999994
2025-08-01 11:08:59 AM,854.0,0,0.0,123130716.44999994
2025-08-01 11:09:00 AM,854.3,186,158899.8,123289616.24999994
2025-08-01 11:09:06 AM,854.05,1,854.05,123290470.29999994
2025-08-01 11:09:12 AM,854.5,0,0.0,123290470.29999994
2025-08-01 11:09:12 AM,854.5,1000,854500.0,124144970.29999994
2025-08-01 11:09:22 AM,854.45,0,0.0,124144970.29999994
2025-08-01 11:09:23 AM,854.45,7,5981.150000000001,124150951.44999994
2025-08-01 11:09:34 AM,853.8,0,0.0,124150951.44999994
2025-08-01 11:09:34 AM,854.35,37,31610.95,124182562.39999995
2025-08-01 11:09:56 AM,853.7,0,0.0,124182562.39999995
2025-08-01 11:09:56 AM,853.7,32,27318.4,124209880.79999995
2025-08-01 11:10:10 AM,854.25,0,0.0,124209880.79999995
2025-08-01 11:10:12 AM,854.25,1,854.25,124210735.04999995
2025-08-01 11:10:17 AM,853.6,32,27315.2,124238050.24999996
2025-08-01 11:10:33 AM,853.4,30,25602.0,124263652.24999996
2025-08-01 11:10:51 AM,853.2,30,25596.0,124289248.24999996
2025-08-01 11:10:55 AM,853.9,150,128085.0,124417333.24999996
2025-08-01 11:11:04 AM,853.8,0,0.0,124417333.24999996
2025-08-01 11:11:07 AM,853.8,21,17929.8,124435263.04999995
2025-08-01 11:11:18 AM,853.8,11,9391.8,124444654.84999995
2025-08-01 11:11:55 AM,853.8,3,2561.3999999999996,124447216.24999996
2025-08-01 11:12:01 AM,853.3,29,24745.699999999997,124471961.94999996
2025-08-01 11:12:11 AM,853.3,100,85330.0,124557291.94999996
2025-08-01 11:12:22 AM,853.3,36,30718.8,124588010.74999996
2025-08-01 11:12:32 AM,853.7,0,0.0,124588010.74999996
2025-08-01 11:12:33 AM,853.7,45,38416.5,124626427.24999996
2025-08-01 11:12:52 AM,853.2,0,0.0,124626427.24999996
2025-08-01 11:12:53 AM,853.2,32,27302.4,124653729.64999996
2025-08-01 11:13:09 AM,853.2,59,50338.8,124704068.44999996
2025-08-01 11:13:22 AM,853.2,64,54604.8,124758673.24999996
2025-08-01 11:13:42 AM,853.2,60,51192.0,124809865.24999996
2025-08-01 11:13:51 AM,853.55,0,0.0,124809865.24999996
2025-08-01 11:13:53 AM,853.55,1,853.55,124810718.79999995
2025-08-01 11:14:00 AM,853.55,2,1707.1,124812425.89999995
2025-08-01 11:14:15 AM,853.55,1,853.55,124813279.44999994
2025-08-01 11:14:16 AM,853.2,60,51192.0,124864471.44999994
2025-08-01 11:14:25 AM,853.2,342,291794.4,125156265.84999995
2025-08-01 11:14:31 AM,853.4,28,23895.2,125180161.04999995
2025-08-01 11:14:39 AM,853.55,0,0.0,125180161.04999995
2025-08-01 11:14:41 AM,853.55,749,639308.95,125819469.99999996
2025-08-01 11:14:51 AM,853.85,0,0.0,125819469.99999996
2025-08-01 11:14:52 AM,853.85,10,8538.5,125828008.49999996
2025-08-01 11:15:45 AM,854.0,0,0.0,125828008.49999996
2025-08-01 11:15:46 AM,854.0,15,12810.0,125840818.49999996
2025-08-01 11:16:13 AM,853.9,0,0.0,125840818.49999996
2025-08-01 11:16:17 AM,853.9,130,111007.0,125951825.49999996
2025-08-01 11:16:50 AM,853.9,5,4269.5,125956094.99999996
2025-08-01 11:16:51 AM,854.3,0,0.0,125956094.99999996
2025-08-01 11:16:51 AM,853.9,0,0.0,125956094.99999996
2025-08-01 11:16:53 AM,853.9,32,27324.8,125983419.79999995
2025-08-01 11:17:09 AM,853.55,0,0.0,125983419.79999995
2025-08-01 11:17:10 AM,853.55,31,26460.05,126009879.84999995
2025-08-01 11:17:27 AM,853.5,0,0.0,126009879.84999995
2025-08-01 11:17:28 AM,853.5,31,26458.5,126036338.34999995
2025-08-01 11:17:31 AM,853.5,10,8535.0,126044873.34999995
2025-08-01 11:17:42 AM,853.9,59,50380.1,126095253.44999994
2025-08-01 11:17:57 AM,853.5,0,0.0,126095253.44999994
2025-08-01 11:17:57 AM,853.5,29,24751.5,126120004.94999994
2025-08-01 11:18:09 AM,853.45,0,0.0,126120004.94999994
2025-08-01 11:18:10 AM,853.45,29,24750.050000000003,126144754.99999994
2025-08-01 11:18:32 AM,853.45,33,28163.850000000002,126172918.84999993
2025-08-01 11:18:42 AM,853.4,400,341360.0,126514278.84999993
2025-08-01 11:18:45 AM,853.0,0,0.0,126514278.84999993
2025-08-01 11:18:48 AM,853.0,695,592835.0,127107113.84999993
2025-08-01 11:18:53 AM,853.75,0,0.0,127107113.84999993
2025-08-01 11:18:54 AM,853.75,1,853.75,127107967.59999993
2025-08-01 11:19:00 AM,853.05,31,26444.55,127134412.14999993
2025-08-01 11:19:04 AM,852.55,0,0.0,127134412.14999993
2025-08-01 11:19:05 AM,852.55,531,452704.05,127587116.19999993
2025-08-01 11:19:07 AM,853.3,0,0.0,127587116.19999993
2025-08-01 11:19:11 AM,853.3,33,28158.899999999998,127615275.09999993
2025-08-01 11:19:11 AM,853.3,1,853.3,127616128.39999993
2025-08-01 11:19:12 AM,852.85,0,0.0,127616128.39999993
2025-08-01 11:19:17 AM,852.85,10,8528.5,127624656.89999993
2025-08-01 11:19:20 AM,853.3,0,0.0,127624656.89999993
2025-08-01 11:19:22 AM,853.3,37,31572.1,127656228.99999993
2025-08-01 11:19:49 AM,853.3,1,853.3,127657082.29999992
2025-08-01 11:19:54 AM,852.8,0,0.0,127657082.29999992
2025-08-01 11:19:54 AM,852.8,116,98924.79999999999,127756007.09999992
2025-08-01 11:20:03 AM,853.05,0,0.0,127756007.09999992
2025-08-01 11:20:05 AM,853.05,44,37534.2,127793541.29999992
2025-08-01 11:20:14 AM,852.45,0,0.0,127793541.29999992
2025-08-01 11:20:16 AM,852.45,29,24721.050000000003,127818262.34999992
2025-08-01 11:20:24 AM,852.4,0,0.0,127818262.34999992
2025-08-01 11:20:26 AM,852.4,29,24719.6,127842981.94999991
2025-08-01 11:20:31 AM,852.8,0,0.0,127842981.94999991
2025-08-01 11:20:31 AM,852.8,1,852.8,127843834.74999991
2025-08-01 11:20:34 AM,852.3,0,0.0,127843834.74999991
2025-08-01 11:20:37 AM,852.3,29,24716.699999999997,127868551.44999991
2025-08-01 11:20:38 AM,852.8,0,0.0,127868551.44999991
2025-08-01 11:20:40 AM,852.4,0,0.0,127868551.44999991
2025-08-01 11:20:42 AM,852.4,43,36653.2,127905204.64999992
2025-08-01 11:20:46 AM,853.2,0,0.0,127905204.64999992
2025-08-01 11:20:47 AM,853.2,316,269611.2,128174815.84999992
2025-08-01 11:21:08 AM,853.0,3,2559.0,128177374.84999992
2025-08-01 11:21:10 AM,853.2,0,0.0,128177374.84999992
2025-08-01 11:21:13 AM,853.2,30,25596.0,128202970.84999992
2025-08-01 11:21:24 AM,853.2,25,21330.0,128224300.84999992
2025-08-01 11:21:29 AM,852.4,400,340960.0,128565260.84999992
2025-08-01 11:22:20 AM,853.0,0,0.0,128565260.84999992
2025-08-01 11:22:21 AM,853.0,31,26443.0,128591703.84999992
2025-08-01 11:22:26 AM,852.65,0,0.0,128591703.84999992
2025-08-01 11:22:26 AM,852.65,62,52864.299999999996,128644568.14999992
2025-08-01 11:22:36 AM,852.6,0,0.0,128644568.14999992
2025-08-01 11:22:37 AM,852.6,10,8526.0,128653094.14999992
2025-08-01 11:22:48 AM,852.6,30,25578.0,128678672.14999992
2025-08-01 11:23:03 AM,852.6,35,29841.0,128708513.14999992
2025-08-01 11:23:14 AM,852.6,15,12789.0,128721302.14999992
2025-08-01 11:23:19 AM,852.65,35,29842.75,128751144.89999992
2025-08-01 11:23:34 AM,852.6,0,0.0,128751144.89999992
2025-08-01 11:23:35 AM,852.6,30,25578.0,128776722.89999992
2025-08-01 11:23:49 AM,853.05,0,0.0,128776722.89999992
2025-08-01 11:23:50 AM,853.05,1,853.05,128777575.94999991
2025-08-01 11:23:53 AM,852.6,0,0.0,128777575.94999991
2025-08-01 11:23:55 AM,852.6,30,25578.0,128803153.94999991
2025-08-01 11:23:58 AM,853.05,0,0.0,128803153.94999991
2025-08-01 11:24:00 AM,853.05,15,12795.75,128815949.69999991
2025-08-01 11:24:09 AM,852.6,0,0.0,128815949.69999991
2025-08-01 11:24:10 AM,852.6,63,53713.8,128869663.49999991
2025-08-01 11:24:11 AM,853.5,0,0.0,128869663.49999991
2025-08-01 11:24:14 AM,852.7,0,0.0,128869663.49999991
2025-08-01 11:24:15 AM,852.7,502,428055.4,129297718.89999992
2025-08-01 11:25:08 AM,852.7,33,28139.100000000002,129325857.99999991
2025-08-01 11:25:13 AM,853.0,0,0.0,129325857.99999991
2025-08-01 11:25:14 AM,853.0,27,23031.0,129348888.99999991
2025-08-01 11:25:29 AM,853.0,12,10236.0,129359124.99999991
2025-08-01 11:25:32 AM,852.7,0,0.0,129359124.99999991
2025-08-01 11:25:34 AM,853.0,0,0.0,129359124.99999991
2025-08-01 11:25:34 AM,853.0,11,9383.0,129368507.99999991
2025-08-01 11:25:45 AM,853.0,2,1706.0,129370213.99999991
2025-08-01 11:25:50 AM,852.7,0,0.0,129370213.99999991
2025-08-01 11:25:50 AM,852.7,32,27286.4,129397500.39999992
2025-08-01 11:25:51 AM,853.0,10,8530.0,129406030.39999992
2025-08-01 11:25:55 AM,852.7,0,0.0,129406030.39999992
2025-08-01 11:25:55 AM,852.7,32,27286.4,129433316.79999992
2025-08-01 11:26:00 AM,852.7,50,42635.0,129475951.79999992
2025-08-01 11:26:05 AM,852.7,60,51162.0,129527113.79999992
2025-08-01 11:26:14 AM,853.0,0,0.0,129527113.79999992
2025-08-01 11:26:16 AM,853.0,15,12795.0,129539908.79999992
2025-08-01 11:26:21 AM,853.0,254,216662.0,129756570.79999992
2025-08-01 11:26:31 AM,853.05,0,0.0,129756570.79999992
2025-08-01 11:26:32 AM,853.05,9,7677.45,129764248.24999993
2025-08-01 11:26:42 AM,853.05,15,12795.75,129777043.99999993
2025-08-01 11:27:18 AM,852.65,0,0.0,129777043.99999993
2025-08-01 11:27:18 AM,852.65,31,26432.149999999998,129803476.14999993
2025-08-01 11:27:26 AM,852.6,0,0.0,129803476.14999993
2025-08-01 11:27:27 AM,852.6,30,25578.0,129829054.14999993
2025-08-01 11:27:31 AM,852.5,0,0.0,129829054.14999993
2025-08-01 11:27:32 AM,852.5,2,1705.0,129830759.14999993
2025-08-01 11:27:37 AM,852.5,30,25575.0,129856334.14999993
2025-08-01 11:27:49 AM,852.9,0,0.0,129856334.14999993
2025-08-01 11:27:49 AM,852.9,20,17058.0,129873392.14999993
2025-08-01 11:28:05 AM,852.5,29,24722.5,129898114.64999993
2025-08-01 11:28:14 AM,852.9,0,0.0,129898114.64999993
2025-08-01 11:28:15 AM,852.9,35,29851.5,129927966.14999993
2025-08-01 11:28:24 AM,852.9,1,852.9,129928819.04999994
2025-08-01 11:28:29 AM,852.9,1,852.9,129929671.94999994
2025-08-01 11:28:36 AM,852.9,20,17058.0,129946729.94999994
2025-08-01 11:28:55 AM,853.0,0,0.0,129946729.94999994
2025-08-01 11:28:56 AM,853.0,49,41797.0,129988526.94999994
2025-08-01 11:28:58 AM,853.3,0,0.0,129988526.94999994
2025-08-01 11:28:59 AM,853.3,30,25599.0,130014125.94999994
2025-08-01 11:29:02 AM,852.9,0,0.0,130014125.94999994
2025-08-01 11:29:04 AM,852.9,1,852.9,130014978.84999995
2025-08-01 11:29:17 AM,853.0,0,0.0,130014978.84999995
2025-08-01 11:29:17 AM,853.0,30,25590.0,130040568.84999995
2025-08-01 11:29:33 AM,852.9,30,25587.0,130066155.84999995
2025-08-01 11:29:34 AM,853.4,0,0.0,130066155.84999995
2025-08-01 11:29:36 AM,853.4,12,10240.8,130076396.64999995
2025-08-01 11:29:37 AM,852.9,0,0.0,130076396.64999995
2025-08-01 11:29:38 AM,852.7,0,0.0,130076396.64999995
2025-08-01 11:29:38 AM,852.7,203,173098.1,130249494.74999994
2025-08-01 11:29:46 AM,853.35,0,0.0,130249494.74999994
2025-08-01 11:29:46 AM,853.35,1,853.35,130250348.09999993
2025-08-01 11:30:11 AM,852.5,0,0.0,130250348.09999993
2025-08-01 11:30:13 AM,853.15,68,58014.2,130308362.29999994
2025-08-01 11:30:25 AM,852.5,34,28985.0,130337347.29999994
2025-08-01 11:30:38 AM,852.5,34,28985.0,130366332.29999994
2025-08-01 11:30:43 AM,853.0,0,0.0,130366332.29999994
2025-08-01 11:30:45 AM,853.0,102,87006.0,130453338.29999994
2025-08-01 11:30:47 AM,852.5,0,0.0,130453338.29999994
2025-08-01 11:30:47 AM,852.5,34,28985.0,130482323.29999994
2025-08-01 11:31:00 AM,852.5,34,28985.0,130511308.29999994
2025-08-01 11:31:05 AM,852.5,3,2557.5,130513865.79999994
2025-08-01 11:31:07 AM,852.8,0,0.0,130513865.79999994
2025-08-01 11:31:07 AM,852.8,1,852.8,130514718.59999993
2025-08-01 11:31:11 AM,852.5,184,156860.0,130671578.59999993
2025-08-01 11:31:18 AM,852.5,34,28985.0,130700563.59999993
2025-08-01 11:31:26 AM,852.8,11,9380.8,130709944.39999993
2025-08-01 11:31:27 AM,852.5,0,0.0,130709944.39999993
2025-08-01 11:31:28 AM,852.5,34,28985.0,130738929.39999993
2025-08-01 11:31:31 AM,852.5,1,852.5,130739781.89999993
2025-08-01 11:31:41 AM,852.5,34,28985.0,130768766.89999993
2025-08-01 11:31:45 AM,853.0,0,0.0,130768766.89999993
2025-08-01 11:31:46 AM,853.0,96,81888.0,130850654.89999993
2025-08-01 11:31:53 AM,853.1,53,45214.3,130895869.19999993
2025-08-01 11:31:53 AM,852.65,0,0.0,130895869.19999993
2025-08-01 11:31:56 AM,852.65,1,852.65,130896721.84999993
2025-08-01 11:31:57 AM,853.45,0,0.0,130896721.84999993
2025-08-01 11:31:58 AM,853.45,12,10241.400000000001,130906963.24999994
2025-08-01 11:31:58 AM,853.5,0,0.0,130906963.24999994
2025-08-01 11:32:01 AM,853.5,5,4267.5,130911230.74999994
2025-08-01 11:32:12 AM,852.7,0,0.0,130911230.74999994
2025-08-01 11:32:12 AM,852.7,31,26433.7,130937664.44999994
2025-08-01 11:32:19 AM,852.5,0,0.0,130937664.44999994
2025-08-01 11:32:20 AM,852.5,2,1705.0,130939369.44999994
2025-08-01 11:32:22 AM,853.2,0,0.0,130939369.44999994
2025-08-01 11:32:23 AM,853.2,24,20476.800000000003,130959846.24999994
2025-08-01 11:32:25 AM,852.5,31,26427.5,130986273.74999994
2025-08-01 11:32:40 AM,853.05,0,0.0,130986273.74999994
2025-08-01 11:32:40 AM,853.05,39,33268.95,131019542.69999994
2025-08-01 11:33:00 AM,852.6,34,28988.4,131048531.09999995
2025-08-01 11:33:02 AM,853.75,0,0.0,131048531.09999995
2025-08-01 11:33:05 AM,853.75,400,341500.0,131390031.09999995
2025-08-01 11:33:24 AM,852.7,0,0.0,131390031.09999995
2025-08-01 11:33:25 AM,852.7,34,28991.800000000003,131419022.89999995
2025-08-01 11:33:41 AM,852.5,34,28985.0,131448007.89999995
2025-08-01 11:33:43 AM,853.15,0,0.0,131448007.89999995
2025-08-01 11:33:45 AM,853.15,12,10237.8,131458245.69999994
2025-08-01 11:33:55 AM,852.55,0,0.0,131458245.69999994
2025-08-01 11:33:56 AM,852.55,34,28986.699999999997,131487232.39999995
2025-08-01 11:34:09 AM,852.5,0,0.0,131487232.39999995
2025-08-01 11:34:11 AM,852.5,34,28985.0,131516217.39999995
2025-08-01 11:34:21 AM,852.5,20,17050.0,131533267.39999995
2025-08-01 11:34:26 AM,852.5,29,24722.5,131557989.89999995
2025-08-01 11:34:36 AM,852.5,29,24722.5,131582712.39999995
2025-08-01 11:34:42 AM,853.05,30,25591.5,131608303.89999995
2025-08-01 11:34:46 AM,852.5,0,0.0,131608303.89999995
2025-08-01 11:34:47 AM,852.5,29,24722.5,131633026.39999995
2025-08-01 11:34:53 AM,852.5,29,24722.5,131657748.89999995
2025-08-01 11:34:55 AM,853.05,0,0.0,131657748.89999995
2025-08-01 11:34:58 AM,853.05,10,8530.5,131666279.39999995
2025-08-01 11:34:59 AM,852.95,0,0.0,131666279.39999995
2025-08-01 11:35:03 AM,852.95,2,1705.9,131667985.29999995
2025-08-01 11:35:04 AM,852.45,0,0.0,131667985.29999995
2025-08-01 11:35:08 AM,852.45,35,29835.75,131697821.04999995
2025-08-01 11:35:13 AM,852.45,35,29835.75,131727656.79999995
2025-08-01 11:35:24 AM,852.45,45,38360.25,131766017.04999995
2025-08-01 11:35:30 AM,852.45,35,29835.75,131795852.79999995
2025-08-01 11:35:45 AM,852.45,35,29835.75,131825688.54999995
2025-08-01 11:35:50 AM,852.4,0,0.0,131825688.54999995
2025-08-01 11:35:50 AM,852.4,45,38358.0,131864046.54999995
2025-08-01 11:36:00 AM,852.2,0,0.0,131864046.54999995
2025-08-01 11:36:00 AM,852.2,35,29827.0,131893873.54999995
2025-08-01 11:36:16 AM,852.9,0,0.0,131893873.54999995
2025-08-01 11:36:16 AM,852.9,200,170580.0,132064453.54999995
2025-08-01 11:36:24 AM,853.15,0,0.0,132064453.54999995
2025-08-01 11:36:26 AM,853.15,200,170630.0,132235083.54999995
2025-08-01 11:36:32 AM,853.25,0,0.0,132235083.54999995
2025-08-01 11:36:36 AM,853.25,200,170650.0,132405733.54999995
2025-08-01 11:37:19 AM,852.95,10,8529.5,132414263.04999995
2025-08-01 11:37:39 AM,852.9,0,0.0,132414263.04999995
2025-08-01 11:37:40 AM,852.9,50,42645.0,132456908.04999995
2025-08-01 11:38:23 AM,852.5,0,0.0,132456908.04999995
2025-08-01 11:38:25 AM,852.5,35,29837.5,132486745.54999995
2025-08-01 11:38:35 AM,852.5,181,154302.5,132641048.04999995
2025-08-01 11:38:41 AM,853.4,0,0.0,132641048.04999995
2025-08-01 11:38:41 AM,853.4,200,170680.0,132811728.04999995
2025-08-01 11:38:42 AM,852.5,0,0.0,132811728.04999995
2025-08-01 11:38:45 AM,852.5,35,29837.5,132841565.54999995
2025-08-01 11:39:05 AM,852.5,29,24722.5,132866288.04999995
2025-08-01 11:39:12 AM,852.5,97,82692.5,132948980.54999995
2025-08-01 11:39:24 AM,852.55,0,0.0,132948980.54999995
2025-08-01 11:39:26 AM,852.55,29,24723.949999999997,132973704.49999996
2025-08-01 11:39:37 AM,852.7,0,0.0,132973704.49999996
2025-08-01 11:39:38 AM,852.7,200,170540.0,133144244.49999996
2025-08-01 11:39:49 AM,852.6,0,0.0,133144244.49999996
2025-08-01 11:39:49 AM,852.6,35,29841.0,133174085.49999996
2025-08-01 11:40:11 AM,852.95,0,0.0,133174085.49999996
2025-08-01 11:40:11 AM,852.6,0,0.0,133174085.49999996
2025-08-01 11:40:13 AM,852.6,36,30693.600000000002,133204779.09999995
2025-08-01 11:40:28 AM,852.6,31,26430.600000000002,133231209.69999994
2025-08-01 11:40:39 AM,852.6,17,14494.2,133245703.89999995
2025-08-01 11:40:46 AM,852.55,0,0.0,133245703.89999995
2025-08-01 11:40:49 AM,852.5,407,346967.5,133592671.39999995
2025-08-01 11:40:53 AM,852.1,0,0.0,133592671.39999995
2025-08-01 11:40:54 AM,852.75,32,27288.0,133619959.39999995
2025-08-01 11:41:03 AM,852.15,0,0.0,133619959.39999995
2025-08-01 11:41:04 AM,852.15,29,24712.35,133644671.74999994
2025-08-01 11:41:17 AM,852.1,0,0.0,133644671.74999994
2025-08-01 11:41:20 AM,852.1,18,15337.800000000001,133660009.54999994
2025-08-01 11:41:29 AM,852.1,29,24710.9,133684720.44999994
2025-08-01 11:41:39 AM,852.1,29,24710.9,133709431.34999995
2025-08-01 11:41:50 AM,852.1,18,15337.800000000001,133724769.14999995
2025-08-01 11:42:00 AM,852.1,36,30675.600000000002,133755444.74999994
2025-08-01 11:42:10 AM,852.1,36,30675.600000000002,133786120.34999993
2025-08-01 11:42:15 AM,852.1,13,11077.300000000001,133797197.64999993
2025-08-01 11:42:19 AM,852.05,0,0.0,133797197.64999993
2025-08-01 11:42:20 AM,852.05,17,14484.849999999999,133811682.49999993
2025-08-01 11:42:23 AM,852.0,0,0.0,133811682.49999993
2025-08-01 11:42:25 AM,852.0,1463,1246476.0,135058158.49999994
2025-08-01 11:42:36 AM,851.6,5690,4845604.0,139903762.49999994
2025-08-01 11:42:40 AM,851.25,0,0.0,139903762.49999994
2025-08-01 11:42:41 AM,851.25,188,160035.0,140063797.49999994
2025-08-01 11:42:47 AM,851.25,51,43413.75,140107211.24999994
2025-08-01 11:42:57 AM,851.25,33,28091.25,140135302.49999994
2025-08-01 11:42:59 AM,851.2,0,0.0,140135302.49999994
2025-08-01 11:43:02 AM,851.2,31,26387.2,140161689.69999993
2025-08-01 11:43:03 AM,851.1,0,0.0,140161689.69999993
2025-08-01 11:43:03 AM,851.1,33,28086.3,140189775.99999994
2025-08-01 11:43:07 AM,851.1,283,240861.30000000002,140430637.29999995
2025-08-01 11:43:15 AM,851.0,0,0.0,140430637.29999995
2025-08-01 11:43:19 AM,851.0,560,476560.0,140907197.29999995
2025-08-01 11:43:20 AM,851.0,18,15318.0,140922515.29999995
2025-08-01 11:43:24 AM,851.0,790,672290.0,141594805.29999995
2025-08-01 11:43:27 AM,850.9,0,0.0,141594805.29999995
2025-08-01 11:43:29 AM,851.0,36,30636.0,141625441.29999995
2025-08-01 11:43:37 AM,850.95,0,0.0,141625441.29999995
2025-08-01 11:43:39 AM,850.9,0,0.0,141625441.29999995
2025-08-01 11:43:39 AM,850.9,54,45948.6,141671389.89999995
2025-08-01 11:43:50 AM,850.9,18,15316.199999999999,141686706.09999993
2025-08-01 11:43:50 AM,850.9,35,29781.5,141716487.59999993
2025-08-01 11:43:53 AM,851.0,0,0.0,141716487.59999993
2025-08-01 11:43:55 AM,850.9,70,59563.0,141776050.59999993
2025-08-01 11:44:00 AM,850.9,36,30632.399999999998,141806682.99999994
2025-08-01 11:44:08 AM,850.75,0,0.0,141806682.99999994
2025-08-01 11:44:12 AM,850.75,904,769078.0,142575760.99999994
2025-08-01 11:44:18 AM,850.5,0,0.0,142575760.99999994
2025-08-01 11:44:18 AM,850.5,19,16159.5,142591920.49999994
2025-08-01 11:44:24 AM,850.5,36,30618.0,142622538.49999994
2025-08-01 11:44:33 AM,850.8,0,0.0,142622538.49999994
2025-08-01 11:44:35 AM,850.8,10,8508.0,142631046.49999994
2025-08-01 11:44:39 AM,850.55,0,0.0,142631046.49999994
2025-08-01 11:44:41 AM,850.55,7,5953.849999999999,142637000.34999993
2025-08-01 11:44:42 AM,850.5,0,0.0,142637000.34999993
2025-08-01 11:44:46 AM,850.5,58,49329.0,142686329.34999993
2025-08-01 11:44:51 AM,850.45,0,0.0,142686329.34999993
2025-08-01 11:44:52 AM,850.45,100,85045.0,142771374.34999993
2025-08-01 11:45:00 AM,850.7,0,0.0,142771374.34999993
2025-08-01 11:45:02 AM,850.7,1,850.7,142772225.04999992
2025-08-01 11:45:07 AM,850.45,50,42522.5,142814747.54999992
2025-08-01 11:45:11 AM,850.75,0,0.0,142814747.54999992
2025-08-01 11:45:13 AM,850.75,4,3403.0,142818150.54999992
2025-08-01 11:45:16 AM,850.45,0,0.0,142818150.54999992
2025-08-01 11:45:17 AM,850.75,0,0.0,142818150.54999992
2025-08-01 11:45:18 AM,850.75,33,28074.75,142846225.29999992
2025-08-01 11:45:24 AM,850.75,19,16164.25,142862389.54999992
2025-08-01 11:45:33 AM,850.8,0,0.0,142862389.54999992
2025-08-01 11:45:34 AM,850.8,44,37435.2,142899824.7499999
2025-08-01 11:45:40 AM,850.8,244,207595.19999999998,143107419.9499999
2025-08-01 11:45:43 AM,851.85,0,0.0,143107419.9499999
2025-08-01 11:45:45 AM,851.85,1,851.85,143108271.7999999
2025-08-01 11:45:46 AM,851.2,0,0.0,143108271.7999999
2025-08-01 11:45:47 AM,851.75,0,0.0,143108271.7999999
2025-08-01 11:45:50 AM,851.75,33,28107.75,143136379.5499999
2025-08-01 11:45:53 AM,851.85,0,0.0,143136379.5499999
2025-08-01 11:45:56 AM,851.85,20,17037.0,143153416.5499999
2025-08-01 11:46:01 AM,851.8,5,4259.0,143157675.5499999
2025-08-01 11:46:12 AM,851.7,5,4258.5,143161934.0499999
2025-08-01 11:46:13 AM,851.65,0,0.0,143161934.0499999
2025-08-01 11:46:16 AM,851.05,0,0.0,143161934.0499999
2025-08-01 11:46:17 AM,851.05,20,17021.0,143178955.0499999
2025-08-01 11:46:27 AM,851.0,0,0.0,143178955.0499999
2025-08-01 11:46:27 AM,851.0,32,27232.0,143206187.0499999
2025-08-01 11:46:33 AM,851.5,0,0.0,143206187.0499999
2025-08-01 11:46:38 AM,851.5,62,52793.0,143258980.0499999
2025-08-01 11:46:40 AM,850.8,0,0.0,143258980.0499999
2025-08-01 11:46:43 AM,850.8,32,27225.6,143286205.6499999
2025-08-01 11:46:44 AM,851.35,0,0.0,143286205.6499999
