date,price,qty,trnvr,cum_trnvr
2025-08-01 09:15:05 AM,3824.0,886,3388064.0,3388064.0
2025-08-01 09:15:08 AM,3855.5,109,420249.5,3808313.5
2025-08-01 09:15:14 AM,3841.4,0,0.0,3808313.5
2025-08-01 09:15:15 AM,3841.6,0,0.0,3808313.5
2025-08-01 09:15:17 AM,3841.6,232,891251.2,4699564.7
2025-08-01 09:15:19 AM,3843.6,1,3843.6,4703408.3
2025-08-01 09:15:25 AM,3843.9,0,0.0,4703408.3
2025-08-01 09:15:27 AM,3843.9,137,526614.3,5230022.6
2025-08-01 09:15:28 AM,3851.1,73,281130.3,5511152.899999999
2025-08-01 09:15:34 AM,3849.7,0,0.0,5511152.899999999
2025-08-01 09:15:35 AM,3849.7,1,3849.7,5515002.6
2025-08-01 09:15:37 AM,3850.6,8,30804.8,5545807.399999999
2025-08-01 09:15:38 AM,3851.0,0,0.0,5545807.399999999
2025-08-01 09:15:43 AM,3851.9,0,0.0,5545807.399999999
2025-08-01 09:15:44 AM,3851.9,14,53926.6,5599733.999999999
2025-08-01 09:15:45 AM,3852.4,6,23114.4,5622848.399999999
2025-08-01 09:15:47 AM,3856.1,0,0.0,5622848.399999999
2025-08-01 09:15:52 AM,3856.1,41,158100.1,5780948.499999999
2025-08-01 09:15:54 AM,3856.7,19,73277.3,5854225.799999999
2025-08-01 09:15:56 AM,3852.2,0,0.0,5854225.799999999
2025-08-01 09:15:58 AM,3851.8,0,0.0,5854225.799999999
2025-08-01 09:16:00 AM,3851.8,78,300440.4,6154666.199999999
2025-08-01 09:16:00 AM,3854.3,0,0.0,6154666.199999999
2025-08-01 09:16:00 AM,3854.3,6,23125.800000000003,6177791.999999999
2025-08-01 09:16:01 AM,3856.0,0,0.0,6177791.999999999
2025-08-01 09:16:01 AM,3856.0,30,115680.0,6293471.999999999
2025-08-01 09:16:02 AM,3855.9,34,131100.6,6424572.599999999
2025-08-01 09:16:02 AM,3847.7,319,1227416.3,7651988.8999999985
2025-08-01 09:16:02 AM,3852.1,0,0.0,7651988.8999999985
2025-08-01 09:16:03 AM,3852.1,75,288907.5,7940896.3999999985
2025-08-01 09:16:03 AM,3851.1,0,0.0,7940896.3999999985
2025-08-01 09:16:04 AM,3851.1,13,50064.299999999996,7990960.699999998
2025-08-01 09:16:04 AM,3851.3,2,7702.6,7998663.299999998
2025-08-01 09:16:04 AM,3852.8,0,0.0,7998663.299999998
2025-08-01 09:16:05 AM,3852.8,22,84761.6,8083424.899999998
2025-08-01 09:16:05 AM,3855.5,0,0.0,8083424.899999998
2025-08-01 09:16:06 AM,3855.5,7,26988.5,8110413.399999998
2025-08-01 09:16:07 AM,3855.1,0,0.0,8110413.399999998
2025-08-01 09:16:08 AM,3855.1,6,23130.6,8133543.999999997
2025-08-01 09:16:08 AM,3855.0,0,0.0,8133543.999999997
2025-08-01 09:16:09 AM,3855.0,5,19275.0,8152818.999999997
2025-08-01 09:16:11 AM,3855.0,6,23130.0,8175948.999999997
2025-08-01 09:16:28 AM,3854.6,5,19273.0,8195221.999999997
2025-08-01 09:16:29 AM,3854.6,5,19273.0,8214494.999999997
2025-08-01 09:16:33 AM,3854.8,10,38548.0,8253042.999999997
2025-08-01 09:16:34 AM,3855.5,0,0.0,8253042.999999997
2025-08-01 09:16:34 AM,3857.5,0,0.0,8253042.999999997
2025-08-01 09:16:35 AM,3857.5,59,227592.5,8480635.499999996
2025-08-01 09:16:35 AM,3857.6,10,38576.0,8519211.499999996
2025-08-01 09:16:36 AM,3857.8,20,77156.0,8596367.499999996
2025-08-01 09:16:36 AM,3859.0,0,0.0,8596367.499999996
2025-08-01 09:16:37 AM,3859.0,69,266271.0,8862638.499999996
2025-08-01 09:16:37 AM,3860.0,0,0.0,8862638.499999996
2025-08-01 09:16:37 AM,3860.0,23,88780.0,8951418.499999996
2025-08-01 09:16:38 AM,3859.4,1,3859.4,8955277.899999997
2025-08-01 09:16:39 AM,3863.8,0,0.0,8955277.899999997
2025-08-01 09:16:40 AM,3863.8,6,23182.800000000003,8978460.699999997
2025-08-01 09:16:41 AM,3865.0,0,0.0,8978460.699999997
2025-08-01 09:16:42 AM,3865.0,18,69570.0,9048030.699999997
2025-08-01 09:16:43 AM,3868.6,25,96715.0,9144745.699999997
2025-08-01 09:16:46 AM,3867.6,0,0.0,9144745.699999997
2025-08-01 09:16:47 AM,3867.6,3,11602.8,9156348.499999998
2025-08-01 09:16:53 AM,3869.9,62,239933.80000000002,9396282.299999999
2025-08-01 09:16:53 AM,3866.8,10,38668.0,9434950.299999999
2025-08-01 09:16:54 AM,3868.9,80,309512.0,9744462.299999999
2025-08-01 09:16:57 AM,3868.1,0,0.0,9744462.299999999
2025-08-01 09:16:58 AM,3868.1,1,3868.1,9748330.399999999
2025-08-01 09:17:01 AM,3869.9,48,185755.2,9934085.599999998
2025-08-01 09:17:07 AM,3870.1,25,96752.5,10030838.099999998
2025-08-01 09:17:07 AM,3870.0,0,0.0,10030838.099999998
2025-08-01 09:17:07 AM,3870.0,97,375390.0,10406228.099999998
2025-08-01 09:17:12 AM,3873.1,3,11619.3,10417847.399999999
2025-08-01 09:17:17 AM,3870.1,10,38701.0,10456548.399999999
2025-08-01 09:17:19 AM,3871.0,0,0.0,10456548.399999999
2025-08-01 09:17:19 AM,3871.0,8,30968.0,10487516.399999999
2025-08-01 09:17:20 AM,3870.0,0,0.0,10487516.399999999
2025-08-01 09:17:21 AM,3870.0,1,3870.0,10491386.399999999
2025-08-01 09:17:26 AM,3868.9,337,1303819.3,11795205.7
2025-08-01 09:17:30 AM,3867.6,0,0.0,11795205.7
2025-08-01 09:17:30 AM,3867.6,11,42543.6,11837749.299999999
2025-08-01 09:17:39 AM,3862.3,0,0.0,11837749.299999999
2025-08-01 09:17:40 AM,3862.3,79,305121.7,12142870.999999998
2025-08-01 09:17:43 AM,3862.4,0,0.0,12142870.999999998
2025-08-01 09:17:44 AM,3862.4,6,23174.4,12166045.399999999
2025-08-01 09:17:45 AM,3862.2,0,0.0,12166045.399999999
2025-08-01 09:17:46 AM,3862.2,9,34759.799999999996,12200805.2
2025-08-01 09:17:48 AM,3860.5,0,0.0,12200805.2
2025-08-01 09:17:49 AM,3860.5,2,7721.0,12208526.2
2025-08-01 09:17:49 AM,3860.0,28,108080.0,12316606.2
2025-08-01 09:17:50 AM,3860.8,0,0.0,12316606.2
2025-08-01 09:17:51 AM,3860.8,10,38608.0,12355214.2
2025-08-01 09:17:57 AM,3857.1,35,134998.5,12490212.7
2025-08-01 09:17:58 AM,3859.5,0,0.0,12490212.7
2025-08-01 09:17:59 AM,3859.5,6,23157.0,12513369.7
2025-08-01 09:18:00 AM,3858.2,0,0.0,12513369.7
2025-08-01 09:18:02 AM,3859.7,0,0.0,12513369.7
2025-08-01 09:18:04 AM,3859.7,5,19298.5,12532668.2
2025-08-01 09:18:13 AM,3858.2,15,57873.0,12590541.2
2025-08-01 09:18:15 AM,3861.3,0,0.0,12590541.2
2025-08-01 09:18:20 AM,3861.3,122,471078.60000000003,13061619.799999999
2025-08-01 09:18:22 AM,3865.0,9,34785.0,13096404.799999999
2025-08-01 09:18:25 AM,3863.8,0,0.0,13096404.799999999
2025-08-01 09:18:29 AM,3863.9,11,42502.9,13138907.7
2025-08-01 09:18:30 AM,3866.8,1,3866.8,13142774.5
2025-08-01 09:18:31 AM,3862.9,0,0.0,13142774.5
2025-08-01 09:18:37 AM,3862.9,184,710773.6,13853548.1
2025-08-01 09:18:38 AM,3863.0,3,11589.0,13865137.1
2025-08-01 09:18:39 AM,3863.4,0,0.0,13865137.1
2025-08-01 09:18:45 AM,3862.9,4,15451.6,13880588.7
2025-08-01 09:18:49 AM,3866.6,0,0.0,13880588.7
2025-08-01 09:18:53 AM,3867.5,150,580125.0,14460713.7
2025-08-01 09:19:01 AM,3865.0,6,23190.0,14483903.7
2025-08-01 09:19:04 AM,3862.0,0,0.0,14483903.7
2025-08-01 09:19:04 AM,3862.0,150,579300.0,15063203.7
2025-08-01 09:19:04 AM,3865.0,0,0.0,15063203.7
2025-08-01 09:19:04 AM,3865.0,6,23190.0,15086393.7
2025-08-01 09:19:05 AM,3862.6,0,0.0,15086393.7
2025-08-01 09:19:05 AM,3862.6,1,3862.6,15090256.299999999
2025-08-01 09:19:24 AM,3866.4,40,154656.0,15244912.299999999
2025-08-01 09:19:26 AM,3866.4,78,301579.2,15546491.499999998
2025-08-01 09:19:28 AM,3866.4,22,85060.8,15631552.299999999
2025-08-01 09:19:28 AM,3864.7,0,0.0,15631552.299999999
2025-08-01 09:19:29 AM,3864.0,36,139104.0,15770656.299999999
2025-08-01 09:19:30 AM,3863.9,15,57958.5,15828614.799999999
2025-08-01 09:19:31 AM,3861.0,500,1930500.0,17759114.799999997
2025-08-01 09:19:31 AM,3864.9,81,313056.9,18072171.699999996
2025-08-01 09:19:32 AM,3864.1,15,57961.5,18130133.199999996
2025-08-01 09:19:32 AM,3865.0,5,19325.0,18149458.199999996
2025-08-01 09:19:33 AM,3863.9,55,212514.5,18361972.699999996
2025-08-01 09:19:36 AM,3865.0,6,23190.0,18385162.699999996
2025-08-01 09:19:38 AM,3863.8,30,115914.0,18501076.699999996
2025-08-01 09:19:38 AM,3865.0,0,0.0,18501076.699999996
2025-08-01 09:19:39 AM,3866.7,29,112134.29999999999,18613210.999999996
2025-08-01 09:19:45 AM,3870.0,0,0.0,18613210.999999996
2025-08-01 09:19:46 AM,3870.0,117,452790.0,19066000.999999996
2025-08-01 09:19:47 AM,3870.3,14,54184.200000000004,19120185.199999996
2025-08-01 09:19:55 AM,3869.4,0,0.0,19120185.199999996
2025-08-01 09:19:56 AM,3869.4,1,3869.4,19124054.599999994
2025-08-01 09:19:57 AM,3870.0,0,0.0,19124054.599999994
2025-08-01 09:19:58 AM,3870.0,1,3870.0,19127924.599999994
2025-08-01 09:19:58 AM,3870.8,0,0.0,19127924.599999994
2025-08-01 09:19:59 AM,3870.8,20,77416.0,19205340.599999994
2025-08-01 09:20:04 AM,3871.2,5,19356.0,19224696.599999994
2025-08-01 09:20:06 AM,3870.1,1,3870.1,19228566.699999996
2025-08-01 09:20:09 AM,3867.0,101,390567.0,19619133.699999996
2025-08-01 09:20:10 AM,3868.0,100,386800.0,20005933.699999996
2025-08-01 09:20:14 AM,3866.3,0,0.0,20005933.699999996
2025-08-01 09:20:14 AM,3866.3,9,34796.700000000004,20040730.399999995
2025-08-01 09:20:15 AM,3867.8,0,0.0,20040730.399999995
2025-08-01 09:20:15 AM,3867.8,10,38678.0,20079408.399999995
2025-08-01 09:20:22 AM,3865.0,5,19325.0,20098733.399999995
2025-08-01 09:20:23 AM,3867.6,0,0.0,20098733.399999995
2025-08-01 09:20:24 AM,3867.6,17,65749.2,20164482.599999994
2025-08-01 09:20:37 AM,3867.1,0,0.0,20164482.599999994
2025-08-01 09:20:38 AM,3867.1,4,15468.4,20179950.999999993
2025-08-01 09:20:47 AM,3867.0,100,386700.0,20566650.999999993
2025-08-01 09:21:02 AM,3866.9,1,3866.9,20570517.89999999
2025-08-01 09:21:04 AM,3867.1,111,429248.1,20999765.999999993
2025-08-01 09:21:18 AM,3869.0,1,3869.0,21003634.999999993
2025-08-01 09:21:27 AM,3871.7,0,0.0,21003634.999999993
2025-08-01 09:21:28 AM,3871.7,50,193585.0,21197219.999999993
2025-08-01 09:21:29 AM,3869.9,14,54178.6,21251398.599999994
2025-08-01 09:21:37 AM,3869.6,10,38696.0,21290094.599999994
2025-08-01 09:21:39 AM,3872.9,100,387290.0,21677384.599999994
2025-08-01 09:21:44 AM,3869.6,13,50304.799999999996,21727689.399999995
2025-08-01 09:21:48 AM,3869.0,43,166367.0,21894056.399999995
2025-08-01 09:21:49 AM,3869.4,0,0.0,21894056.399999995
2025-08-01 09:21:50 AM,3869.4,70,270858.0,22164914.399999995
2025-08-01 09:21:53 AM,3869.6,3,11608.8,22176523.199999996
2025-08-01 09:21:57 AM,3869.6,1,3869.6,22180392.799999997
2025-08-01 09:21:58 AM,3870.0,50,193500.0,22373892.799999997
2025-08-01 09:22:00 AM,3869.6,1,3869.6,22377762.4
2025-08-01 09:22:05 AM,3869.6,1,3869.6,22381632.0
2025-08-01 09:22:08 AM,3867.9,0,0.0,22381632.0
2025-08-01 09:22:09 AM,3867.9,10,38679.0,22420311.0
2025-08-01 09:22:15 AM,3866.4,56,216518.4,22636829.4
2025-08-01 09:22:20 AM,3865.0,0,0.0,22636829.4
2025-08-01 09:22:21 AM,3865.0,5,19325.0,22656154.4
2025-08-01 09:22:22 AM,3864.7,0,0.0,22656154.4
2025-08-01 09:22:23 AM,3864.7,20,77294.0,22733448.4
2025-08-01 09:22:27 AM,3861.7,0,0.0,22733448.4
2025-08-01 09:22:28 AM,3861.7,50,193085.0,22926533.4
2025-08-01 09:22:31 AM,3864.4,115,444406.0,23370939.4
2025-08-01 09:22:33 AM,3861.3,25,96532.5,23467471.9
2025-08-01 09:22:34 AM,3864.3,1,3864.3,23471336.2
2025-08-01 09:22:35 AM,3864.8,5,19324.0,23490660.2
2025-08-01 09:22:48 AM,3865.6,16,61849.6,23552509.8
2025-08-01 09:23:06 AM,3867.2,5,19336.0,23571845.8
2025-08-01 09:23:08 AM,3869.6,1,3869.6,23575715.400000002
2025-08-01 09:23:09 AM,3872.0,5,19360.0,23595075.400000002
2025-08-01 09:23:10 AM,3871.8,0,0.0,23595075.400000002
2025-08-01 09:23:11 AM,3871.8,1,3871.8,23598947.200000003
2025-08-01 09:23:12 AM,3873.9,20,77478.0,23676425.200000003
2025-08-01 09:23:14 AM,3874.0,8,30992.0,23707417.200000003
2025-08-01 09:23:16 AM,3873.8,0,0.0,23707417.200000003
2025-08-01 09:23:17 AM,3873.8,20,77476.0,23784893.200000003
2025-08-01 09:23:18 AM,3871.3,0,0.0,23784893.200000003
2025-08-01 09:23:19 AM,3871.3,16,61940.8,23846834.000000004
2025-08-01 09:23:24 AM,3869.8,0,0.0,23846834.000000004
2025-08-01 09:23:25 AM,3869.8,2,7739.6,23854573.600000005
2025-08-01 09:23:25 AM,3870.1,0,0.0,23854573.600000005
2025-08-01 09:23:26 AM,3870.1,5,19350.5,23873924.100000005
2025-08-01 09:23:36 AM,3869.4,0,0.0,23873924.100000005
2025-08-01 09:23:37 AM,3869.4,1,3869.4,23877793.500000004
2025-08-01 09:23:42 AM,3869.4,13,50302.200000000004,23928095.700000003
2025-08-01 09:24:01 AM,3869.4,1,3869.4,23931965.1
2025-08-01 09:24:02 AM,3869.4,2,7738.8,23939703.900000002
2025-08-01 09:24:05 AM,3866.9,52,201078.80000000002,24140782.700000003
2025-08-01 09:24:10 AM,3866.7,30,116001.0,24256783.700000003
2025-08-01 09:24:33 AM,3867.0,0,0.0,24256783.700000003
2025-08-01 09:24:33 AM,3867.0,12,46404.0,24303187.700000003
2025-08-01 09:24:39 AM,3867.0,2,7734.0,24310921.700000003
2025-08-01 09:24:43 AM,3868.8,10,38688.0,24349609.700000003
2025-08-01 09:24:49 AM,3867.9,1,3867.9,24353477.6
2025-08-01 09:24:54 AM,3868.4,5,19342.0,24372819.6
2025-08-01 09:24:57 AM,3866.2,0,0.0,24372819.6
2025-08-01 09:24:57 AM,3866.2,20,77324.0,24450143.6
2025-08-01 09:25:00 AM,3867.4,0,0.0,24450143.6
2025-08-01 09:25:01 AM,3867.4,3,11602.2,24461745.8
2025-08-01 09:25:05 AM,3867.6,1,3867.6,24465613.400000002
2025-08-01 09:25:06 AM,3867.5,0,0.0,24465613.400000002
2025-08-01 09:25:07 AM,3867.5,1,3867.5,24469480.900000002
2025-08-01 09:25:14 AM,3865.1,62,239636.19999999998,24709117.1
2025-08-01 09:25:39 AM,3866.6,0,0.0,24709117.1
2025-08-01 09:25:40 AM,3866.6,25,96665.0,24805782.1
2025-08-01 09:25:51 AM,3867.0,1,3867.0,24809649.1
2025-08-01 09:26:01 AM,3867.7,0,0.0,24809649.1
2025-08-01 09:26:02 AM,3867.7,25,96692.5,24906341.6
2025-08-01 09:26:07 AM,3866.7,119,460137.3,25366478.900000002
2025-08-01 09:26:16 AM,3865.0,17,65705.0,25432183.900000002
2025-08-01 09:26:17 AM,3864.8,0,0.0,25432183.900000002
2025-08-01 09:26:18 AM,3864.8,15,57972.0,25490155.900000002
2025-08-01 09:26:19 AM,3865.1,0,0.0,25490155.900000002
2025-08-01 09:26:20 AM,3865.1,150,579765.0,26069920.900000002
2025-08-01 09:26:22 AM,3865.0,0,0.0,26069920.900000002
2025-08-01 09:26:23 AM,3865.3,518,2002225.4000000001,28072146.3
2025-08-01 09:26:32 AM,3868.2,0,0.0,28072146.3
2025-08-01 09:26:33 AM,3868.2,79,305587.8,28377734.1
2025-08-01 09:26:35 AM,3865.3,140,541142.0,28918876.1
2025-08-01 09:26:40 AM,3867.7,16,61883.2,28980759.3
2025-08-01 09:26:55 AM,3868.8,0,0.0,28980759.3
2025-08-01 09:26:56 AM,3868.8,1,3868.8,28984628.1
2025-08-01 09:27:02 AM,3870.0,142,549540.0,29534168.1
2025-08-01 09:27:22 AM,3868.3,0,0.0,29534168.1
2025-08-01 09:27:23 AM,3868.3,30,116049.0,29650217.1
2025-08-01 09:27:39 AM,3868.5,0,0.0,29650217.1
2025-08-01 09:27:40 AM,3868.5,2,7737.0,29657954.1
2025-08-01 09:27:41 AM,3868.5,1,3868.5,29661822.6
2025-08-01 09:27:43 AM,3869.7,0,0.0,29661822.6
2025-08-01 09:27:44 AM,3869.7,3,11609.099999999999,29673431.700000003
2025-08-01 09:27:46 AM,3868.5,0,0.0,29673431.700000003
2025-08-01 09:27:47 AM,3868.5,1,3868.5,29677300.200000003
2025-08-01 09:27:47 AM,3867.7,25,96692.5,29773992.700000003
2025-08-01 09:27:58 AM,3863.9,0,0.0,29773992.700000003
2025-08-01 09:27:59 AM,3863.9,9,34775.1,29808767.800000004
2025-08-01 09:28:06 AM,3862.3,1,3862.3,29812630.100000005
2025-08-01 09:28:08 AM,3864.0,0,0.0,29812630.100000005
2025-08-01 09:28:09 AM,3864.0,2,7728.0,29820358.100000005
2025-08-01 09:28:30 AM,3866.2,250,966550.0,30786908.100000005
2025-08-01 09:28:30 AM,3865.3,0,0.0,30786908.100000005
2025-08-01 09:28:31 AM,3865.3,40,154612.0,30941520.100000005
2025-08-01 09:28:31 AM,3865.1,0,0.0,30941520.100000005
2025-08-01 09:28:32 AM,3865.1,27,104357.7,31045877.800000004
2025-08-01 09:28:53 AM,3863.0,0,0.0,31045877.800000004
2025-08-01 09:28:54 AM,3863.0,6,23178.0,31069055.800000004
2025-08-01 09:28:55 AM,3863.1,2,7726.2,31076782.000000004
2025-08-01 09:28:56 AM,3864.5,0,0.0,31076782.000000004
2025-08-01 09:28:56 AM,3864.5,8,30916.0,31107698.000000004
2025-08-01 09:28:57 AM,3864.6,62,239605.19999999998,31347303.200000003
2025-08-01 09:28:58 AM,3869.2,0,0.0,31347303.200000003
2025-08-01 09:28:58 AM,3869.2,24,92860.79999999999,31440164.000000004
2025-08-01 09:28:59 AM,3869.0,0,0.0,31440164.000000004
2025-08-01 09:28:59 AM,3869.0,5,19345.0,31459509.000000004
2025-08-01 09:29:16 AM,3868.8,6,23212.800000000003,31482721.800000004
2025-08-01 09:29:22 AM,3868.6,44,170218.4,31652940.200000003
2025-08-01 09:29:23 AM,3868.4,0,0.0,31652940.200000003
2025-08-01 09:29:24 AM,3868.4,14,54157.6,31707097.800000004
2025-08-01 09:29:33 AM,3868.7,0,0.0,31707097.800000004
2025-08-01 09:29:37 AM,3868.7,1,3868.7,31710966.500000004
2025-08-01 09:29:38 AM,3867.5,0,0.0,31710966.500000004
2025-08-01 09:29:39 AM,3867.5,10,38675.0,31749641.500000004
2025-08-01 09:29:58 AM,3868.7,0,0.0,31749641.500000004
2025-08-01 09:30:00 AM,3868.7,1,3868.7,31753510.200000003
2025-08-01 09:30:03 AM,3867.8,0,0.0,31753510.200000003
2025-08-01 09:30:04 AM,3867.8,20,77356.0,31830866.200000003
2025-08-01 09:30:20 AM,3866.0,29,112114.0,31942980.200000003
2025-08-01 09:30:20 AM,3867.6,0,0.0,31942980.200000003
2025-08-01 09:30:21 AM,3867.5,2,7735.0,31950715.200000003
2025-08-01 09:30:36 AM,3866.7,0,0.0,31950715.200000003
2025-08-01 09:30:36 AM,3866.7,7,27066.899999999998,31977782.1
2025-08-01 09:30:36 AM,3864.7,10,38647.0,32016429.1
2025-08-01 09:30:37 AM,3864.8,0,0.0,32016429.1
2025-08-01 09:30:38 AM,3864.8,1,3864.8,32020293.900000002
2025-08-01 09:30:40 AM,3866.7,0,0.0,32020293.900000002
2025-08-01 09:30:40 AM,3866.7,5,19333.5,32039627.400000002
2025-08-01 09:30:42 AM,3870.0,1,3870.0,32043497.400000002
2025-08-01 09:30:48 AM,3869.9,0,0.0,32043497.400000002
2025-08-01 09:30:48 AM,3869.9,1,3869.9,32047367.3
2025-08-01 09:30:58 AM,3869.2,10,38692.0,32086059.3
2025-08-01 09:31:02 AM,3867.0,0,0.0,32086059.3
2025-08-01 09:31:05 AM,3866.9,0,0.0,32086059.3
2025-08-01 09:31:07 AM,3867.3,25,96682.5,32182741.8
2025-08-01 09:31:14 AM,3868.6,0,0.0,32182741.8
2025-08-01 09:31:14 AM,3868.6,10,38686.0,32221427.8
2025-08-01 09:31:22 AM,3869.2,10,38692.0,32260119.8
2025-08-01 09:31:27 AM,3869.7,0,0.0,32260119.8
2025-08-01 09:31:28 AM,3870.0,0,0.0,32260119.8
2025-08-01 09:31:29 AM,3870.0,123,476010.0,32736129.8
2025-08-01 09:31:40 AM,3871.0,0,0.0,32736129.8
2025-08-01 09:31:43 AM,3871.0,17,65807.0,32801936.8
2025-08-01 09:31:46 AM,3874.0,0,0.0,32801936.8
2025-08-01 09:31:50 AM,3874.0,6,23244.0,32825180.8
2025-08-01 09:31:57 AM,3874.0,6,23244.0,32848424.8
2025-08-01 09:32:01 AM,3875.9,0,0.0,32848424.8
2025-08-01 09:32:01 AM,3875.9,44,170539.6,33018964.400000002
2025-08-01 09:32:02 AM,3876.4,56,217078.4,33236042.8
2025-08-01 09:32:05 AM,3877.8,1,3877.8,33239920.6
2025-08-01 09:32:07 AM,3879.9,0,0.0,33239920.6
2025-08-01 09:32:07 AM,3879.9,400,1551960.0,34791880.6
2025-08-01 09:32:09 AM,3876.8,12,46521.600000000006,34838402.2
2025-08-01 09:32:11 AM,3877.8,0,0.0,34838402.2
2025-08-01 09:32:11 AM,3877.8,1,3877.8,34842280.0
2025-08-01 09:32:17 AM,3878.4,0,0.0,34842280.0
2025-08-01 09:32:17 AM,3878.4,25,96960.0,34939240.0
2025-08-01 09:32:18 AM,3876.6,0,0.0,34939240.0
2025-08-01 09:32:18 AM,3876.6,2,7753.2,34946993.2
2025-08-01 09:32:24 AM,3878.5,0,0.0,34946993.2
2025-08-01 09:32:24 AM,3878.5,92,356822.0,35303815.2
2025-08-01 09:32:27 AM,3880.0,0,0.0,35303815.2
2025-08-01 09:32:27 AM,3880.0,1,3880.0,35307695.2
2025-08-01 09:32:33 AM,3879.0,0,0.0,35307695.2
2025-08-01 09:32:33 AM,3879.0,1,3879.0,35311574.2
2025-08-01 09:32:35 AM,3880.0,41,159080.0,35470654.2
2025-08-01 09:32:42 AM,3879.0,25,96975.0,35567629.2
2025-08-01 09:32:43 AM,3876.6,52,201583.19999999998,35769212.400000006
2025-08-01 09:32:46 AM,3878.2,25,96955.0,35866167.400000006
2025-08-01 09:32:50 AM,3878.9,0,0.0,35866167.400000006
2025-08-01 09:32:51 AM,3878.9,20,77578.0,35943745.400000006
2025-08-01 09:33:00 AM,3878.7,10,38787.0,35982532.400000006
2025-08-01 09:33:03 AM,3877.9,10,38779.0,36021311.400000006
2025-08-01 09:33:04 AM,3877.5,3,11632.5,36032943.900000006
2025-08-01 09:33:07 AM,3878.4,5,19392.0,36052335.900000006
2025-08-01 09:33:07 AM,3879.7,0,0.0,36052335.900000006
2025-08-01 09:33:08 AM,3879.7,13,50436.1,36102772.00000001
2025-08-01 09:33:12 AM,3877.0,18,69786.0,36172558.00000001
2025-08-01 09:33:26 AM,3877.0,50,193850.0,36366408.00000001
2025-08-01 09:33:27 AM,3877.6,2,7755.2,36374163.20000001
2025-08-01 09:33:28 AM,3879.6,3,11638.8,36385802.00000001
2025-08-01 09:33:35 AM,3880.0,15,58200.0,36444002.00000001
2025-08-01 09:33:37 AM,3880.0,63,244440.0,36688442.00000001
2025-08-01 09:33:38 AM,3884.1,87,337916.7,37026358.70000001
2025-08-01 09:33:46 AM,3885.0,0,0.0,37026358.70000001
2025-08-01 09:33:47 AM,3885.0,5,19425.0,37045783.70000001
2025-08-01 09:33:51 AM,3885.4,16,62166.4,37107950.10000001
2025-08-01 09:33:56 AM,3886.9,0,0.0,37107950.10000001
2025-08-01 09:33:57 AM,3886.9,6,23321.4,37131271.50000001
2025-08-01 09:33:57 AM,3888.0,55,213840.0,37345111.50000001
2025-08-01 09:34:00 AM,3887.7,3,11663.099999999999,37356774.60000001
2025-08-01 09:34:05 AM,3887.7,100,388770.0,37745544.60000001
2025-08-01 09:34:06 AM,3886.0,0,0.0,37745544.60000001
2025-08-01 09:34:07 AM,3886.0,1,3886.0,37749430.60000001
2025-08-01 09:34:07 AM,3887.7,0,0.0,37749430.60000001
2025-08-01 09:34:08 AM,3887.7,1,3887.7,37753318.30000001
2025-08-01 09:34:15 AM,3887.0,0,0.0,37753318.30000001
2025-08-01 09:34:15 AM,3887.0,10,38870.0,37792188.30000001
2025-08-01 09:34:17 AM,3888.7,0,0.0,37792188.30000001
2025-08-01 09:34:18 AM,3888.7,65,252765.5,38044953.80000001
2025-08-01 09:34:20 AM,3889.9,0,0.0,38044953.80000001
2025-08-01 09:34:20 AM,3889.9,16,62238.4,38107192.20000001
2025-08-01 09:34:24 AM,3887.7,3,11663.099999999999,38118855.30000001
2025-08-01 09:34:28 AM,3889.0,6,23334.0,38142189.30000001
2025-08-01 09:34:32 AM,3887.7,0,0.0,38142189.30000001
2025-08-01 09:34:32 AM,3887.7,7,27213.899999999998,38169403.20000001
2025-08-01 09:34:37 AM,3889.3,10,38893.0,38208296.20000001
2025-08-01 09:34:40 AM,3888.0,4,15552.0,38223848.20000001
2025-08-01 09:34:42 AM,3886.0,69,268134.0,38491982.20000001
2025-08-01 09:34:42 AM,3885.0,0,0.0,38491982.20000001
2025-08-01 09:34:43 AM,3885.0,91,353535.0,38845517.20000001
2025-08-01 09:34:56 AM,3887.0,1,3887.0,38849404.20000001
2025-08-01 09:34:58 AM,3885.1,5,19425.5,38868829.70000001
2025-08-01 09:34:58 AM,3887.9,0,0.0,38868829.70000001
2025-08-01 09:34:59 AM,3887.9,30,116637.0,38985466.70000001
2025-08-01 09:35:00 AM,3885.2,0,0.0,38985466.70000001
2025-08-01 09:35:00 AM,3885.2,11,42737.2,39028203.90000001
2025-08-01 09:35:02 AM,3887.0,1,3887.0,39032090.90000001
2025-08-01 09:35:02 AM,3885.1,0,0.0,39032090.90000001
2025-08-01 09:35:03 AM,3885.1,1,3885.1,39035976.000000015
2025-08-01 09:35:07 AM,3885.0,0,0.0,39035976.000000015
2025-08-01 09:35:07 AM,3885.0,62,240870.0,39276846.000000015
2025-08-01 09:35:11 AM,3885.0,601,2334885.0,41611731.000000015
2025-08-01 09:35:15 AM,3883.8,1,3883.8,41615614.80000001
2025-08-01 09:35:16 AM,3883.6,7,27185.2,41642800.000000015
2025-08-01 09:35:17 AM,3883.6,8,31068.8,41673868.80000001
2025-08-01 09:35:19 AM,3883.6,10,38836.0,41712704.80000001
2025-08-01 09:35:21 AM,3881.0,10,38810.0,41751514.80000001
2025-08-01 09:35:27 AM,3879.6,0,0.0,41751514.80000001
2025-08-01 09:35:27 AM,3879.4,6,23276.4,41774791.20000001
2025-08-01 09:35:28 AM,3875.2,400,1550080.0,43324871.20000001
2025-08-01 09:35:28 AM,3878.0,0,0.0,43324871.20000001
2025-08-01 09:35:29 AM,3878.0,1,3878.0,43328749.20000001
2025-08-01 09:35:32 AM,3878.0,55,213290.0,43542039.20000001
2025-08-01 09:35:34 AM,3879.9,0,0.0,43542039.20000001
2025-08-01 09:35:35 AM,3879.9,4,15519.6,43557558.80000001
2025-08-01 09:35:39 AM,3882.3,0,0.0,43557558.80000001
2025-08-01 09:35:39 AM,3882.3,400,1552920.0,45110478.80000001
2025-08-01 09:35:44 AM,3880.4,1,3880.4,45114359.20000001
2025-08-01 09:35:52 AM,3875.9,25,96897.5,45211256.70000001
2025-08-01 09:35:53 AM,3878.7,20,77574.0,45288830.70000001
2025-08-01 09:36:00 AM,3878.9,5,19394.5,45308225.20000001
2025-08-01 09:36:14 AM,3878.0,0,0.0,45308225.20000001
2025-08-01 09:36:14 AM,3878.0,10,38780.0,45347005.20000001
2025-08-01 09:36:18 AM,3878.8,1,3878.8,45350884.00000001
2025-08-01 09:36:27 AM,3877.6,4,15510.4,45366394.400000006
2025-08-01 09:36:30 AM,3878.8,35,135758.0,45502152.400000006
2025-08-01 09:36:42 AM,3878.9,1,3878.9,45506031.300000004
2025-08-01 09:36:47 AM,3876.3,0,0.0,45506031.300000004
2025-08-01 09:36:47 AM,3876.3,52,201567.6,45707598.900000006
2025-08-01 09:37:02 AM,3877.6,2,7755.2,45715354.10000001
2025-08-01 09:37:02 AM,3876.3,1,3876.3,45719230.400000006
2025-08-01 09:37:07 AM,3877.4,4,15509.6,45734740.00000001
2025-08-01 09:37:08 AM,3878.0,0,0.0,45734740.00000001
2025-08-01 09:37:08 AM,3878.0,50,193900.0,45928640.00000001
2025-08-01 09:37:09 AM,3878.9,86,333585.4,46262225.400000006
2025-08-01 09:37:10 AM,3878.9,13,50425.700000000004,46312651.10000001
2025-08-01 09:37:16 AM,3880.8,0,0.0,46312651.10000001
2025-08-01 09:37:16 AM,3880.8,10,38808.0,46351459.10000001
2025-08-01 09:37:19 AM,3879.5,0,0.0,46351459.10000001
2025-08-01 09:37:19 AM,3879.5,1,3879.5,46355338.60000001
2025-08-01 09:37:23 AM,3880.8,0,0.0,46355338.60000001
2025-08-01 09:37:23 AM,3880.0,19,73720.0,46429058.60000001
2025-08-01 09:37:24 AM,3880.0,1,3880.0,46432938.60000001
2025-08-01 09:37:26 AM,3879.1,0,0.0,46432938.60000001
2025-08-01 09:37:27 AM,3879.1,8,31032.8,46463971.400000006
2025-08-01 09:37:33 AM,3879.1,13,50428.299999999996,46514399.7
2025-08-01 09:37:39 AM,3879.1,20,77582.0,46591981.7
2025-08-01 09:37:42 AM,3880.0,5,19400.0,46611381.7
2025-08-01 09:37:48 AM,3881.1,0,0.0,46611381.7
2025-08-01 09:37:48 AM,3881.1,13,50454.299999999996,46661836.0
2025-08-01 09:38:00 AM,3877.9,51,197772.9,46859608.9
2025-08-01 09:38:01 AM,3876.3,0,0.0,46859608.9
2025-08-01 09:38:02 AM,3876.3,4,15505.2,46875114.1
2025-08-01 09:38:08 AM,3876.3,2,7752.6,46882866.7
2025-08-01 09:38:11 AM,3875.0,136,527000.0,47409866.7
2025-08-01 09:38:11 AM,3874.7,0,0.0,47409866.7
2025-08-01 09:38:12 AM,3874.7,1,3874.7,47413741.400000006
2025-08-01 09:38:26 AM,3870.3,50,193515.0,47607256.400000006
2025-08-01 09:38:53 AM,3874.7,10,38747.0,47646003.400000006
2025-08-01 09:38:54 AM,3874.9,0,0.0,47646003.400000006
2025-08-01 09:38:54 AM,3874.9,5,19374.5,47665377.900000006
2025-08-01 09:39:07 AM,3872.4,0,0.0,47665377.900000006
2025-08-01 09:39:08 AM,3872.4,10,38724.0,47704101.900000006
2025-08-01 09:39:17 AM,3869.0,88,340472.0,48044573.900000006
2025-08-01 09:39:23 AM,3868.5,3,11605.5,48056179.400000006
2025-08-01 09:39:30 AM,3865.6,130,502528.0,48558707.400000006
2025-08-01 09:39:30 AM,3868.9,0,0.0,48558707.400000006
2025-08-01 09:39:31 AM,3868.9,26,100591.40000000001,48659298.800000004
2025-08-01 09:39:35 AM,3865.8,25,96645.0,48755943.800000004
2025-08-01 09:39:38 AM,3867.7,0,0.0,48755943.800000004
2025-08-01 09:39:39 AM,3867.7,1,3867.7,48759811.50000001
2025-08-01 09:39:43 AM,3865.8,3,11597.400000000001,48771408.900000006
2025-08-01 09:39:48 AM,3867.7,0,0.0,48771408.900000006
2025-08-01 09:39:49 AM,3867.7,9,34809.299999999996,48806218.2
2025-08-01 09:39:54 AM,3867.7,20,77354.0,48883572.2
2025-08-01 09:40:01 AM,3867.8,10,38678.0,48922250.2
2025-08-01 09:40:04 AM,3867.8,1,3867.8,48926118.0
2025-08-01 09:40:09 AM,3865.5,281,1086205.5,50012323.5
2025-08-01 09:40:11 AM,3867.9,1,3867.9,50016191.4
2025-08-01 09:40:15 AM,3867.9,68,263017.2,50279208.6
2025-08-01 09:40:17 AM,3868.9,0,0.0,50279208.6
2025-08-01 09:40:17 AM,3868.9,6,23213.4,50302422.0
2025-08-01 09:40:18 AM,3870.0,8,30960.0,50333382.0
2025-08-01 09:40:18 AM,3868.5,0,0.0,50333382.0
2025-08-01 09:40:19 AM,3868.5,10,38685.0,50372067.0
2025-08-01 09:40:19 AM,3870.0,26,100620.0,50472687.0
2025-08-01 09:40:21 AM,3871.3,0,0.0,50472687.0
2025-08-01 09:40:21 AM,3871.3,1,3871.3,50476558.3
2025-08-01 09:40:26 AM,3871.8,100,387180.0,50863738.3
2025-08-01 09:40:26 AM,3871.6,0,0.0,50863738.3
2025-08-01 09:40:27 AM,3871.6,2,7743.2,50871481.5
2025-08-01 09:40:27 AM,3872.1,5,19360.5,50890842.0
2025-08-01 09:40:31 AM,3872.0,100,387200.0,51278042.0
2025-08-01 09:40:41 AM,3872.0,10,38720.0,51316762.0
2025-08-01 09:40:42 AM,3872.0,55,212960.0,51529722.0
2025-08-01 09:40:43 AM,3872.0,11,42592.0,51572314.0
2025-08-01 09:40:44 AM,3872.0,49,189728.0,51762042.0
2025-08-01 09:40:45 AM,3872.0,1,3872.0,51765914.0
2025-08-01 09:40:50 AM,3872.5,0,0.0,51765914.0
2025-08-01 09:40:51 AM,3872.5,85,329162.5,52095076.5
2025-08-01 09:40:51 AM,3872.5,11,42597.5,52137674.0
2025-08-01 09:40:52 AM,3872.5,12,46470.0,52184144.0
2025-08-01 09:40:54 AM,3873.0,20,77460.0,52261604.0
2025-08-01 09:41:10 AM,3874.3,0,0.0,52261604.0
2025-08-01 09:41:11 AM,3874.3,4,15497.2,52277101.2
2025-08-01 09:41:15 AM,3876.2,1,3876.2,52280977.400000006
2025-08-01 09:41:29 AM,3877.2,0,0.0,52280977.400000006
2025-08-01 09:41:30 AM,3877.2,20,77544.0,52358521.400000006
2025-08-01 09:41:34 AM,3878.5,0,0.0,52358521.400000006
2025-08-01 09:41:35 AM,3878.5,1,3878.5,52362399.900000006
2025-08-01 09:41:44 AM,3878.5,10,38785.0,52401184.900000006
2025-08-01 09:41:57 AM,3876.0,7,27132.0,52428316.900000006
2025-08-01 09:42:03 AM,3875.9,13,50386.700000000004,52478703.60000001
2025-08-01 09:42:04 AM,3874.7,0,0.0,52478703.60000001
2025-08-01 09:42:04 AM,3874.7,24,92992.79999999999,52571696.400000006
2025-08-01 09:42:15 AM,3879.0,2,7758.0,52579454.400000006
2025-08-01 09:42:16 AM,3879.0,2,7758.0,52587212.400000006
2025-08-01 09:42:20 AM,3877.6,0,0.0,52587212.400000006
2025-08-01 09:42:20 AM,3877.6,1,3877.6,52591090.00000001
2025-08-01 09:42:21 AM,3878.6,15,58179.0,52649269.00000001
2025-08-01 09:42:54 AM,3877.3,0,0.0,52649269.00000001
2025-08-01 09:42:55 AM,3877.3,1,3877.3,52653146.300000004
2025-08-01 09:42:56 AM,3878.6,0,0.0,52653146.300000004
2025-08-01 09:42:57 AM,3878.6,3,11635.8,52664782.1
2025-08-01 09:43:00 AM,3877.3,2,7754.6,52672536.7
2025-08-01 09:43:01 AM,3877.3,23,89177.90000000001,52761714.6
2025-08-01 09:43:03 AM,3879.0,0,0.0,52761714.6
2025-08-01 09:43:03 AM,3879.0,32,124128.0,52885842.6
2025-08-01 09:43:03 AM,3878.6,0,0.0,52885842.6
2025-08-01 09:43:03 AM,3878.6,5,19393.0,52905235.6
2025-08-01 09:43:08 AM,3880.0,130,504400.0,53409635.6
2025-08-01 09:43:13 AM,3880.6,1,3880.6,53413516.2
2025-08-01 09:43:23 AM,3880.0,1,3880.0,53417396.2
2025-08-01 09:43:24 AM,3880.0,50,194000.0,53611396.2
2025-08-01 09:43:25 AM,3878.0,0,0.0,53611396.2
2025-08-01 09:43:26 AM,3878.0,16,62048.0,53673444.2
2025-08-01 09:43:46 AM,3879.5,0,0.0,53673444.2
2025-08-01 09:43:46 AM,3879.5,2,7759.0,53681203.2
2025-08-01 09:43:51 AM,3879.3,10,38793.0,53719996.2
2025-08-01 09:43:56 AM,3881.1,0,0.0,53719996.2
2025-08-01 09:43:57 AM,3881.1,12,46573.2,53766569.400000006
2025-08-01 09:44:06 AM,3879.6,0,0.0,53766569.400000006
2025-08-01 09:44:07 AM,3879.6,10,38796.0,53805365.400000006
2025-08-01 09:44:10 AM,3878.0,0,0.0,53805365.400000006
2025-08-01 09:44:11 AM,3878.0,1,3878.0,53809243.400000006
2025-08-01 09:44:31 AM,3877.6,1,3877.6,53813121.00000001
2025-08-01 09:44:38 AM,3875.3,37,143386.1,53956507.10000001
2025-08-01 09:44:54 AM,3877.0,4,15508.0,53972015.10000001
2025-08-01 09:45:05 AM,3874.0,79,306046.0,54278061.10000001
2025-08-01 09:45:27 AM,3873.2,1,3873.2,54281934.30000001
2025-08-01 09:45:28 AM,3871.0,10,38710.0,54320644.30000001
2025-08-01 09:45:28 AM,3871.3,0,0.0,54320644.30000001
2025-08-01 09:45:28 AM,3871.3,1,3871.3,54324515.60000001
2025-08-01 09:45:31 AM,3873.4,0,0.0,54324515.60000001
2025-08-01 09:45:32 AM,3873.4,5,19367.0,54343882.60000001
2025-08-01 09:45:35 AM,3873.0,2,7746.0,54351628.60000001
2025-08-01 09:45:39 AM,3874.3,0,0.0,54351628.60000001
2025-08-01 09:45:39 AM,3874.3,25,96857.5,54448486.10000001
2025-08-01 09:45:40 AM,3870.9,0,0.0,54448486.10000001
2025-08-01 09:45:41 AM,3870.9,112,433540.8,54882026.900000006
2025-08-01 09:45:48 AM,3874.7,0,0.0,54882026.900000006
2025-08-01 09:45:48 AM,3874.7,50,193735.0,55075761.900000006
2025-08-01 09:46:02 AM,3872.8,4,15491.2,55091253.10000001
2025-08-01 09:46:08 AM,3871.7,5,19358.5,55110611.60000001
2025-08-01 09:46:09 AM,3870.0,0,0.0,55110611.60000001
2025-08-01 09:46:10 AM,3870.0,5,19350.0,55129961.60000001
2025-08-01 09:46:19 AM,3870.0,21,81270.0,55211231.60000001
2025-08-01 09:46:21 AM,3869.9,0,0.0,55211231.60000001
2025-08-01 09:46:22 AM,3869.9,5,19349.5,55230581.10000001
2025-08-01 09:46:24 AM,3870.0,0,0.0,55230581.10000001
2025-08-01 09:46:25 AM,3870.0,10,38700.0,55269281.10000001
2025-08-01 09:46:58 AM,3867.7,40,154708.0,55423989.10000001
2025-08-01 09:46:59 AM,3867.9,0,0.0,55423989.10000001
2025-08-01 09:47:00 AM,3867.9,8,30943.2,55454932.30000001
2025-08-01 09:47:32 AM,3864.5,0,0.0,55454932.30000001
2025-08-01 09:47:32 AM,3864.5,17,65696.5,55520628.80000001
2025-08-01 09:47:34 AM,3862.0,50,193100.0,55713728.80000001
2025-08-01 09:47:35 AM,3865.7,0,0.0,55713728.80000001
2025-08-01 09:47:36 AM,3865.7,22,85045.4,55798774.20000001
2025-08-01 09:47:37 AM,3866.4,1,3866.4,55802640.60000001
2025-08-01 09:47:43 AM,3865.2,20,77304.0,55879944.60000001
2025-08-01 09:47:46 AM,3865.9,0,0.0,55879944.60000001
2025-08-01 09:47:47 AM,3865.9,3,11597.7,55891542.30000001
2025-08-01 09:47:51 AM,3865.9,69,266747.10000000003,56158289.40000001
2025-08-01 09:47:53 AM,3866.1,1,3866.1,56162155.500000015
2025-08-01 09:47:53 AM,3867.8,0,0.0,56162155.500000015
2025-08-01 09:47:54 AM,3867.8,10,38678.0,56200833.500000015
2025-08-01 09:48:01 AM,3866.1,0,0.0,56200833.500000015
2025-08-01 09:48:02 AM,3866.1,1,3866.1,56204699.60000002
2025-08-01 09:48:03 AM,3867.0,9,34803.0,56239502.60000002
2025-08-01 09:48:12 AM,3867.8,1,3867.8,56243370.40000001
2025-08-01 09:48:13 AM,3868.8,5,19344.0,56262714.40000001
2025-08-01 09:48:16 AM,3870.3,100,387030.0,56649744.40000001
2025-08-01 09:48:20 AM,3867.8,5,19339.0,56669083.40000001
2025-08-01 09:48:23 AM,3868.8,3,11606.400000000001,56680689.80000001
2025-08-01 09:48:25 AM,3868.8,17,65769.6,56746459.40000001
2025-08-01 09:48:34 AM,3869.0,20,77380.0,56823839.40000001
2025-08-01 09:48:42 AM,3869.0,5,19345.0,56843184.40000001
2025-08-01 09:48:48 AM,3867.7,15,58015.5,56901199.90000001
2025-08-01 09:48:49 AM,3869.0,0,0.0,56901199.90000001
2025-08-01 09:48:49 AM,3869.0,10,38690.0,56939889.90000001
2025-08-01 09:48:53 AM,3868.9,12,46426.8,56986316.70000001
2025-08-01 09:48:57 AM,3868.5,2,7737.0,56994053.70000001
2025-08-01 09:49:07 AM,3868.5,3,11605.5,57005659.20000001
2025-08-01 09:49:12 AM,3869.7,0,0.0,57005659.20000001
2025-08-01 09:49:13 AM,3869.7,75,290227.5,57295886.70000001
2025-08-01 09:49:19 AM,3869.7,2,7739.4,57303626.10000001
2025-08-01 09:49:22 AM,3868.5,0,0.0,57303626.10000001
2025-08-01 09:49:26 AM,3868.5,1,3868.5,57307494.60000001
2025-08-01 09:49:28 AM,3872.3,12,46467.600000000006,57353962.20000001
2025-08-01 09:49:41 AM,3873.4,23,89088.2,57443050.40000001
2025-08-01 09:49:56 AM,3871.9,0,0.0,57443050.40000001
2025-08-01 09:49:57 AM,3871.9,31,120028.90000000001,57563079.30000001
2025-08-01 09:50:04 AM,3871.8,2,7743.6,57570822.90000001
2025-08-01 09:50:10 AM,3872.8,4,15491.2,57586314.10000002
2025-08-01 09:50:11 AM,3870.8,1,3870.8,57590184.90000001
2025-08-01 09:50:18 AM,3872.5,5,19362.5,57609547.40000001
2025-08-01 09:50:26 AM,3872.0,0,0.0,57609547.40000001
2025-08-01 09:50:27 AM,3872.0,1,3872.0,57613419.40000001
2025-08-01 09:50:36 AM,3872.0,9,34848.0,57648267.40000001
2025-08-01 09:50:48 AM,3873.2,0,0.0,57648267.40000001
2025-08-01 09:50:48 AM,3873.2,15,58098.0,57706365.40000001
2025-08-01 09:51:10 AM,3875.0,5,19375.0,57725740.40000001
2025-08-01 09:51:26 AM,3875.0,1,3875.0,57729615.40000001
2025-08-01 09:51:28 AM,3876.0,1,3876.0,57733491.40000001
2025-08-01 09:51:32 AM,3876.0,6,23256.0,57756747.40000001
2025-08-01 09:51:52 AM,3874.8,0,0.0,57756747.40000001
2025-08-01 09:51:52 AM,3874.8,231,895078.8,58651826.20000001
2025-08-01 09:51:55 AM,3875.4,50,193770.0,58845596.20000001
2025-08-01 09:52:01 AM,3874.9,13,50373.700000000004,58895969.90000001
2025-08-01 09:52:05 AM,3874.6,1,3874.6,58899844.500000015
2025-08-01 09:52:19 AM,3874.5,5,19372.5,58919217.000000015
2025-08-01 09:52:39 AM,3874.1,3,11622.3,58930839.30000001
2025-08-01 09:52:47 AM,3872.8,0,0.0,58930839.30000001
2025-08-01 09:52:47 AM,3872.8,3,11618.400000000001,58942457.70000001
2025-08-01 09:53:05 AM,3872.8,1,3872.8,58946330.50000001
2025-08-01 09:53:13 AM,3874.1,0,0.0,58946330.50000001
2025-08-01 09:53:13 AM,3874.1,2,7748.2,58954078.70000001
2025-08-01 09:53:14 AM,3875.4,3,11626.2,58965704.90000001
2025-08-01 09:53:21 AM,3875.1,0,0.0,58965704.90000001
2025-08-01 09:53:22 AM,3875.1,3,11625.3,58977330.20000001
2025-08-01 09:53:28 AM,3873.0,0,0.0,58977330.20000001
2025-08-01 09:53:29 AM,3873.0,25,96825.0,59074155.20000001
2025-08-01 09:53:29 AM,3875.1,14,54251.4,59128406.60000001
2025-08-01 09:53:35 AM,3874.5,1,3874.5,59132281.10000001
2025-08-01 09:53:45 AM,3871.7,0,0.0,59132281.10000001
2025-08-01 09:53:46 AM,3871.7,3,11615.099999999999,59143896.20000001
2025-08-01 09:53:47 AM,3872.0,0,0.0,59143896.20000001
2025-08-01 09:53:48 AM,3872.0,3,11616.0,59155512.20000001
2025-08-01 09:53:56 AM,3870.0,0,0.0,59155512.20000001
2025-08-01 09:53:57 AM,3870.0,1,3870.0,59159382.20000001
2025-08-01 09:54:14 AM,3871.7,1,3871.7,59163253.90000001
2025-08-01 09:54:17 AM,3870.9,0,0.0,59163253.90000001
2025-08-01 09:54:18 AM,3870.9,16,61934.4,59225188.30000001
2025-08-01 09:54:19 AM,3873.0,0,0.0,59225188.30000001
2025-08-01 09:54:20 AM,3873.0,25,96825.0,59322013.30000001
2025-08-01 09:54:36 AM,3869.1,148,572626.7999999999,59894640.10000001
2025-08-01 09:54:38 AM,3870.0,2,7740.0,59902380.10000001
2025-08-01 09:54:38 AM,3870.0,17,65790.0,59968170.10000001
2025-08-01 09:54:39 AM,3870.0,48,185760.0,60153930.10000001
2025-08-01 09:54:40 AM,3870.0,122,472140.0,60626070.10000001
2025-08-01 09:54:41 AM,3870.0,145,561150.0,61187220.10000001
2025-08-01 09:54:42 AM,3864.8,0,0.0,61187220.10000001
2025-08-01 09:54:43 AM,3864.8,1460,5642608.0,66829828.10000001
2025-08-01 09:54:43 AM,3864.3,0,0.0,66829828.10000001
2025-08-01 09:54:44 AM,3864.3,76,293686.8,67123514.9
2025-08-01 09:54:45 AM,3865.0,0,0.0,67123514.9
2025-08-01 09:54:46 AM,3865.0,33,127545.0,67251059.9
2025-08-01 09:55:00 AM,3866.9,23,88938.7,67339998.60000001
2025-08-01 09:55:01 AM,3866.9,10,38669.0,67378667.60000001
2025-08-01 09:55:03 AM,3866.9,7,27068.3,67405735.9
2025-08-01 09:55:04 AM,3866.9,10,38669.0,67444404.9
2025-08-01 09:55:06 AM,3866.9,6,23201.4,67467606.30000001
2025-08-01 09:55:15 AM,3865.7,30,115971.0,67583577.30000001
2025-08-01 09:55:16 AM,3863.5,0,0.0,67583577.30000001
2025-08-01 09:55:17 AM,3863.5,12,46362.0,67629939.30000001
2025-08-01 09:55:18 AM,3865.0,0,0.0,67629939.30000001
2025-08-01 09:55:19 AM,3865.0,5,19325.0,67649264.30000001
2025-08-01 09:55:20 AM,3865.3,10,38653.0,67687917.30000001
2025-08-01 09:55:22 AM,3863.8,14,54093.200000000004,67742010.50000001
2025-08-01 09:55:26 AM,3862.9,14,54080.6,67796091.10000001
2025-08-01 09:55:31 AM,3863.3,13,50222.9,67846314.00000001
2025-08-01 09:55:35 AM,3864.4,0,0.0,67846314.00000001
2025-08-01 09:55:35 AM,3864.4,2,7728.8,67854042.80000001
2025-08-01 09:55:37 AM,3864.8,3,11594.400000000001,67865637.20000002
2025-08-01 09:55:41 AM,3863.6,10,38636.0,67904273.20000002
2025-08-01 09:55:48 AM,3864.9,0,0.0,67904273.20000002
2025-08-01 09:55:48 AM,3864.9,6,23189.4,67927462.60000002
2025-08-01 09:55:49 AM,3864.9,5,19324.5,67946787.10000002
2025-08-01 09:55:50 AM,3864.9,5,19324.5,67966111.60000002
2025-08-01 09:55:51 AM,3864.9,7,27054.3,67993165.90000002
2025-08-01 09:55:52 AM,3864.9,5,19324.5,68012490.40000002
2025-08-01 09:55:55 AM,3864.9,50,193245.0,68205735.40000002
2025-08-01 09:55:57 AM,3864.5,6,23187.0,68228922.40000002
2025-08-01 09:55:58 AM,3864.3,10,38643.0,68267565.40000002
2025-08-01 09:55:58 AM,3864.5,1,3864.5,68271429.90000002
2025-08-01 09:56:04 AM,3864.5,425,1642412.5,69913842.40000002
2025-08-01 09:56:13 AM,3864.8,6,23188.800000000003,69937031.20000002
2025-08-01 09:56:16 AM,3863.1,12,46357.2,69983388.40000002
2025-08-01 09:56:20 AM,3862.8,20,77256.0,70060644.40000002
2025-08-01 09:56:27 AM,3861.0,0,0.0,70060644.40000002
2025-08-01 09:56:27 AM,3861.0,230,888030.0,70948674.40000002
2025-08-01 09:56:29 AM,3864.0,3,11592.0,70960266.40000002
2025-08-01 09:56:35 AM,3862.9,0,0.0,70960266.40000002
2025-08-01 09:56:35 AM,3862.9,3,11588.7,70971855.10000002
2025-08-01 09:56:41 AM,3862.9,3,11588.7,70983443.80000003
2025-08-01 09:56:42 AM,3863.7,0,0.0,70983443.80000003
2025-08-01 09:56:42 AM,3863.7,3,11591.099999999999,70995034.90000002
2025-08-01 09:56:56 AM,3861.8,0,0.0,70995034.90000002
2025-08-01 09:56:56 AM,3861.8,29,111992.20000000001,71107027.10000002
2025-08-01 09:57:00 AM,3861.9,0,0.0,71107027.10000002
2025-08-01 09:57:00 AM,3861.9,10,38619.0,71145646.10000002
2025-08-01 09:57:02 AM,3861.9,1,3861.9,71149508.00000003
2025-08-01 09:57:22 AM,3862.0,0,0.0,71149508.00000003
2025-08-01 09:57:22 AM,3862.0,10,38620.0,71188128.00000003
2025-08-01 09:57:24 AM,3861.9,0,0.0,71188128.00000003
2025-08-01 09:57:24 AM,3861.9,18,69514.2,71257642.20000003
2025-08-01 09:57:53 AM,3862.0,16,61792.0,71319434.20000003
2025-08-01 09:58:02 AM,3861.7,1,3861.7,71323295.90000004
2025-08-01 09:58:04 AM,3860.8,19,73355.2,71396651.10000004
2025-08-01 09:58:08 AM,3860.0,43,165980.0,71562631.10000004
2025-08-01 09:58:17 AM,3859.3,5,19296.5,71581927.60000004
2025-08-01 09:58:18 AM,3858.0,15,57870.0,71639797.60000004
2025-08-01 09:58:20 AM,3858.0,1,3858.0,71643655.60000004
2025-08-01 09:58:30 AM,3858.1,1,3858.1,71647513.70000003
2025-08-01 09:58:31 AM,3858.1,2,7716.2,71655229.90000004
2025-08-01 09:58:35 AM,3857.3,0,0.0,71655229.90000004
2025-08-01 09:58:35 AM,3857.3,20,77146.0,71732375.90000004
2025-08-01 09:58:35 AM,3858.7,3,11576.099999999999,71743952.00000003
2025-08-01 09:58:39 AM,3858.9,39,150497.1,71894449.10000002
2025-08-01 09:58:53 AM,3858.9,20,77178.0,71971627.10000002
2025-08-01 09:58:54 AM,3858.9,3,11576.7,71983203.80000003
2025-08-01 09:58:58 AM,3858.9,1,3858.9,71987062.70000003
2025-08-01 09:58:59 AM,3858.8,0,0.0,71987062.70000003
2025-08-01 09:58:59 AM,3858.8,5,19294.0,72006356.70000003
2025-08-01 09:59:02 AM,3856.2,0,0.0,72006356.70000003
2025-08-01 09:59:02 AM,3856.2,82,316208.39999999997,72322565.10000004
2025-08-01 09:59:06 AM,3856.6,4,15426.4,72337991.50000004
2025-08-01 09:59:06 AM,3858.4,1,3858.4,72341849.90000005
2025-08-01 09:59:11 AM,3856.4,8,30851.2,72372701.10000005
2025-08-01 09:59:13 AM,3857.5,1,3857.5,72376558.60000005
2025-08-01 09:59:16 AM,3857.6,0,0.0,72376558.60000005
2025-08-01 09:59:16 AM,3857.6,6,23145.6,72399704.20000005
2025-08-01 09:59:17 AM,3857.6,1,3857.6,72403561.80000004
2025-08-01 09:59:22 AM,3857.7,0,0.0,72403561.80000004
2025-08-01 09:59:22 AM,3859.0,237,914583.0,73318144.80000004
2025-08-01 09:59:29 AM,3860.7,4,15442.8,73333587.60000004
2025-08-01 09:59:32 AM,3860.3,0,0.0,73333587.60000004
2025-08-01 09:59:32 AM,3860.3,1,3860.3,73337447.90000004
2025-08-01 09:59:39 AM,3862.0,0,0.0,73337447.90000004
2025-08-01 09:59:39 AM,3862.0,70,270340.0,73607787.90000004
2025-08-01 09:59:42 AM,3862.3,0,0.0,73607787.90000004
2025-08-01 09:59:42 AM,3862.3,33,127455.90000000001,73735243.80000004
2025-08-01 09:59:45 AM,3862.6,20,77252.0,73812495.80000004
2025-08-01 09:59:46 AM,3862.6,6,23175.6,73835671.40000004
2025-08-01 09:59:47 AM,3862.4,0,0.0,73835671.40000004
2025-08-01 09:59:47 AM,3862.4,8,30899.2,73866570.60000004
2025-08-01 09:59:50 AM,3855.3,1579,6087518.7,79954089.30000004
2025-08-01 09:59:50 AM,3859.1,301,1161589.0999999999,81115678.40000004
2025-08-01 09:59:52 AM,3859.0,60,231540.0,81347218.40000004
2025-08-01 09:59:53 AM,3858.7,12,46304.399999999994,81393522.80000004
2025-08-01 09:59:56 AM,3858.6,0,0.0,81393522.80000004
2025-08-01 09:59:56 AM,3858.6,14,54020.4,81447543.20000005
2025-08-01 09:59:57 AM,3858.6,5,19293.0,81466836.20000005
2025-08-01 09:59:59 AM,3858.6,16,61737.6,81528573.80000004
2025-08-01 09:59:59 AM,3858.6,5,19293.0,81547866.80000004
2025-08-01 10:00:02 AM,3858.6,1,3858.6,81551725.40000004
2025-08-01 10:00:03 AM,3858.6,1,3858.6,81555584.00000003
2025-08-01 10:00:04 AM,3858.6,50,192930.0,81748514.00000003
2025-08-01 10:00:08 AM,3857.2,0,0.0,81748514.00000003
2025-08-01 10:00:08 AM,3857.2,20,77144.0,81825658.00000003
2025-08-01 10:00:08 AM,3856.4,105,404922.0,82230580.00000003
2025-08-01 10:00:09 AM,3857.7,0,0.0,82230580.00000003
2025-08-01 10:00:09 AM,3857.7,12,46292.399999999994,82276872.40000004
2025-08-01 10:00:11 AM,3856.8,0,0.0,82276872.40000004
2025-08-01 10:00:11 AM,3856.8,38,146558.4,82423430.80000004
2025-08-01 10:00:15 AM,3855.8,20,77116.0,82500546.80000004
2025-08-01 10:00:16 AM,3857.7,100,385770.0,82886316.80000004
2025-08-01 10:00:18 AM,3857.2,2,7714.4,82894031.20000005
2025-08-01 10:00:19 AM,3857.7,0,0.0,82894031.20000005
2025-08-01 10:00:19 AM,3857.7,1,3857.7,82897888.90000005
2025-08-01 10:00:23 AM,3857.7,1,3857.7,82901746.60000005
2025-08-01 10:00:23 AM,3856.3,1,3856.3,82905602.90000005
2025-08-01 10:00:25 AM,3857.7,0,0.0,82905602.90000005
2025-08-01 10:00:25 AM,3857.7,1,3857.7,82909460.60000005
2025-08-01 10:00:35 AM,3856.5,0,0.0,82909460.60000005
2025-08-01 10:00:35 AM,3856.5,5,19282.5,82928743.10000005
2025-08-01 10:00:40 AM,3855.1,74,285277.39999999997,83214020.50000006
2025-08-01 10:00:44 AM,3853.4,0,0.0,83214020.50000006
2025-08-01 10:00:44 AM,3853.4,19,73214.6,83287235.10000005
2025-08-01 10:00:45 AM,3853.6,0,0.0,83287235.10000005
2025-08-01 10:00:45 AM,3853.6,32,123315.2,83410550.30000006
2025-08-01 10:00:47 AM,3853.8,0,0.0,83410550.30000006
2025-08-01 10:00:47 AM,3853.8,21,80929.8,83491480.10000005
2025-08-01 10:00:50 AM,3855.7,6,23134.199999999997,83514614.30000006
2025-08-01 10:01:01 AM,3851.0,0,0.0,83514614.30000006
2025-08-01 10:01:01 AM,3851.0,401,1544251.0,85058865.30000006
2025-08-01 10:01:01 AM,3853.8,8,30830.4,85089695.70000006
2025-08-01 10:01:02 AM,3856.0,0,0.0,85089695.70000006
2025-08-01 10:01:02 AM,3856.0,17,65552.0,85155247.70000006
2025-08-01 10:01:07 AM,3856.5,73,281524.5,85436772.20000006
2025-08-01 10:01:08 AM,3857.5,18,69435.0,85506207.20000006
2025-08-01 10:01:17 AM,3857.5,2,7715.0,85513922.20000006
2025-08-01 10:01:19 AM,3857.7,0,0.0,85513922.20000006
2025-08-01 10:01:19 AM,3857.7,5,19288.5,85533210.70000006
2025-08-01 10:01:23 AM,3857.7,2,7715.4,85540926.10000007
2025-08-01 10:01:25 AM,3858.9,0,0.0,85540926.10000007
2025-08-01 10:01:25 AM,3858.9,8,30871.2,85571797.30000007
2025-08-01 10:01:32 AM,3858.1,0,0.0,85571797.30000007
2025-08-01 10:01:32 AM,3858.1,1,3858.1,85575655.40000007
2025-08-01 10:01:36 AM,3859.0,10,38590.0,85614245.40000007
2025-08-01 10:01:44 AM,3859.3,3,11577.900000000001,85625823.30000007
2025-08-01 10:01:45 AM,3859.4,0,0.0,85625823.30000007
2025-08-01 10:01:45 AM,3859.4,5,19297.0,85645120.30000007
2025-08-01 10:01:46 AM,3859.4,1,3859.4,85648979.70000008
2025-08-01 10:01:55 AM,3860.8,0,0.0,85648979.70000008
2025-08-01 10:01:55 AM,3860.8,19,73355.2,85722334.90000008
2025-08-01 10:01:58 AM,3860.8,2,7721.6,85730056.50000007
2025-08-01 10:01:59 AM,3862.7,0,0.0,85730056.50000007
2025-08-01 10:01:59 AM,3862.7,44,169958.8,85900015.30000007
2025-08-01 10:02:01 AM,3861.5,0,0.0,85900015.30000007
2025-08-01 10:02:01 AM,3861.5,8,30892.0,85930907.30000007
2025-08-01 10:02:03 AM,3863.2,25,96580.0,86027487.30000007
2025-08-01 10:02:04 AM,3862.7,0,0.0,86027487.30000007
2025-08-01 10:02:04 AM,3861.5,0,0.0,86027487.30000007
2025-08-01 10:02:04 AM,3861.5,11,42476.5,86069963.80000007
2025-08-01 10:02:04 AM,3861.0,5,19305.0,86089268.80000007
2025-08-01 10:02:12 AM,3862.7,1,3862.7,86093131.50000007
2025-08-01 10:02:18 AM,3860.9,0,0.0,86093131.50000007
2025-08-01 10:02:18 AM,3860.9,7,27026.3,86120157.80000007
2025-08-01 10:02:28 AM,3863.9,50,193195.0,86313352.80000007
2025-08-01 10:02:37 AM,3862.4,14,54073.6,86367426.40000007
2025-08-01 10:02:56 AM,3860.6,0,0.0,86367426.40000007
2025-08-01 10:02:56 AM,3860.6,51,196890.6,86564317.00000006
2025-08-01 10:03:06 AM,3863.2,100,386320.0,86950637.00000006
2025-08-01 10:03:09 AM,3862.2,2,7724.4,86958361.40000007
2025-08-01 10:03:14 AM,3862.7,0,0.0,86958361.40000007
2025-08-01 10:03:14 AM,3862.7,2,7725.4,86966086.80000007
2025-08-01 10:03:17 AM,3863.0,0,0.0,86966086.80000007
2025-08-01 10:03:17 AM,3863.0,10,38630.0,87004716.80000007
2025-08-01 10:03:27 AM,3863.4,0,0.0,87004716.80000007
2025-08-01 10:03:27 AM,3863.4,10,38634.0,87043350.80000007
2025-08-01 10:03:39 AM,3864.5,0,0.0,87043350.80000007
2025-08-01 10:03:39 AM,3864.5,10,38645.0,87081995.80000007
2025-08-01 10:03:40 AM,3864.5,3,11593.5,87093589.30000007
2025-08-01 10:03:45 AM,3864.5,7,27051.5,87120640.80000007
2025-08-01 10:03:50 AM,3864.6,25,96615.0,87217255.80000007
2025-08-01 10:03:50 AM,3864.8,15,57972.0,87275227.80000007
2025-08-01 10:03:52 AM,3864.9,0,0.0,87275227.80000007
2025-08-01 10:03:52 AM,3864.9,11,42513.9,87317741.70000008
2025-08-01 10:03:53 AM,3866.3,100,386630.0,87704371.70000008
2025-08-01 10:04:00 AM,3865.5,0,0.0,87704371.70000008
2025-08-01 10:04:00 AM,3865.5,10,38655.0,87743026.70000008
2025-08-01 10:04:02 AM,3865.5,38,146889.0,87889915.70000008
2025-08-01 10:04:05 AM,3865.5,1,3865.5,87893781.20000008
2025-08-01 10:04:08 AM,3865.5,6,23193.0,87916974.20000008
2025-08-01 10:04:32 AM,3866.5,20,77330.0,87994304.20000008
2025-08-01 10:04:37 AM,3866.5,13,50264.5,88044568.70000008
2025-08-01 10:04:40 AM,3866.5,1,3866.5,88048435.20000008
2025-08-01 10:04:40 AM,3866.5,6,23199.0,88071634.20000008
2025-08-01 10:04:42 AM,3866.5,20,77330.0,88148964.20000008
2025-08-01 10:04:48 AM,3866.5,4,15466.0,88164430.20000008
2025-08-01 10:04:52 AM,3867.8,0,0.0,88164430.20000008
2025-08-01 10:04:52 AM,3867.8,20,77356.0,88241786.20000008
2025-08-01 10:04:54 AM,3867.6,1,3867.6,88245653.80000007
2025-08-01 10:04:57 AM,3866.5,2,7733.0,88253386.80000007
2025-08-01 10:05:04 AM,3868.1,0,0.0,88253386.80000007
2025-08-01 10:05:04 AM,3868.1,2,7736.2,88261123.00000007
2025-08-01 10:05:05 AM,3865.9,0,0.0,88261123.00000007
2025-08-01 10:05:05 AM,3865.9,89,344065.10000000003,88605188.10000007
2025-08-01 10:05:07 AM,3866.5,0,0.0,88605188.10000007
2025-08-01 10:05:07 AM,3866.5,80,309320.0,88914508.10000007
2025-08-01 10:05:09 AM,3864.6,0,0.0,88914508.10000007
2025-08-01 10:05:09 AM,3864.6,659,2546771.4,91461279.50000007
2025-08-01 10:05:12 AM,3865.7,0,0.0,91461279.50000007
2025-08-01 10:05:12 AM,3865.7,46,177822.19999999998,91639101.70000008
2025-08-01 10:05:15 AM,3865.6,11,42521.6,91681623.30000007
2025-08-01 10:05:19 AM,3865.6,9,34790.4,91716413.70000008
2025-08-01 10:05:20 AM,3865.6,20,77312.0,91793725.70000008
2025-08-01 10:05:23 AM,3865.5,0,0.0,91793725.70000008
2025-08-01 10:05:23 AM,3865.5,1,3865.5,91797591.20000008
2025-08-01 10:05:24 AM,3865.6,0,0.0,91797591.20000008
2025-08-01 10:05:24 AM,3865.6,15,57984.0,91855575.20000008
2025-08-01 10:05:27 AM,3865.7,0,0.0,91855575.20000008
2025-08-01 10:05:27 AM,3865.7,22,85045.4,91940620.60000008
2025-08-01 10:05:28 AM,3865.7,21,81179.7,92021800.30000009
2025-08-01 10:05:29 AM,3866.5,0,0.0,92021800.30000009
2025-08-01 10:05:29 AM,3866.5,243,939559.5,92961359.80000009
2025-08-01 10:05:30 AM,3866.5,60,231990.0,93193349.80000009
2025-08-01 10:05:31 AM,3866.5,151,583841.5,93777191.30000009
2025-08-01 10:06:01 AM,3866.5,10,38665.0,93815856.30000009
2025-08-01 10:06:04 AM,3867.8,0,0.0,93815856.30000009
2025-08-01 10:06:04 AM,3867.8,1,3867.8,93819724.10000008
2025-08-01 10:06:10 AM,3865.1,0,0.0,93819724.10000008
2025-08-01 10:06:10 AM,3865.1,305,1178855.5,94998579.60000008
2025-08-01 10:06:10 AM,3865.2,133,514071.6,95512651.20000008
2025-08-01 10:06:11 AM,3863.2,0,0.0,95512651.20000008
2025-08-01 10:06:11 AM,3863.2,42,162254.4,95674905.60000008
2025-08-01 10:06:11 AM,3865.7,41,158493.69999999998,95833399.30000009
2025-08-01 10:06:15 AM,3864.8,1,3864.8,95837264.10000008
2025-08-01 10:06:23 AM,3862.0,14,54068.0,95891332.10000008
2025-08-01 10:06:27 AM,3862.7,5,19313.5,95910645.60000008
2025-08-01 10:06:31 AM,3862.7,7,27038.899999999998,95937684.50000009
2025-08-01 10:06:45 AM,3862.0,0,0.0,95937684.50000009
2025-08-01 10:06:45 AM,3862.0,27,104274.0,96041958.50000009
2025-08-01 10:07:02 AM,3861.4,1,3861.4,96045819.9000001
2025-08-01 10:07:12 AM,3861.3,0,0.0,96045819.9000001
2025-08-01 10:07:12 AM,3861.3,5,19306.5,96065126.4000001
2025-08-01 10:07:13 AM,3860.5,12,46326.0,96111452.4000001
2025-08-01 10:07:22 AM,3861.8,0,0.0,96111452.4000001
2025-08-01 10:07:22 AM,3861.8,18,69512.40000000001,96180964.8000001
2025-08-01 10:07:26 AM,3862.7,0,0.0,96180964.8000001
2025-08-01 10:07:26 AM,3862.7,74,285839.8,96466804.6000001
2025-08-01 10:07:35 AM,3862.7,12,46352.399999999994,96513157.0000001
2025-08-01 10:07:37 AM,3863.5,1,3863.5,96517020.5000001
2025-08-01 10:07:38 AM,3864.0,0,0.0,96517020.5000001
2025-08-01 10:07:38 AM,3864.0,3,11592.0,96528612.5000001
2025-08-01 10:07:41 AM,3864.4,0,0.0,96528612.5000001
2025-08-01 10:07:41 AM,3864.4,5,19322.0,96547934.5000001
2025-08-01 10:07:44 AM,3864.6,0,0.0,96547934.5000001
2025-08-01 10:07:44 AM,3864.6,5,19323.0,96567257.5000001
2025-08-01 10:07:54 AM,3865.6,0,0.0,96567257.5000001
2025-08-01 10:07:54 AM,3865.6,2,7731.2,96574988.7000001
2025-08-01 10:07:54 AM,3865.6,6,23193.6,96598182.3000001
2025-08-01 10:07:56 AM,3865.5,0,0.0,96598182.3000001
2025-08-01 10:07:56 AM,3865.5,2,7731.0,96605913.3000001
2025-08-01 10:07:59 AM,3865.3,0,0.0,96605913.3000001
2025-08-01 10:07:59 AM,3865.3,6,23191.800000000003,96629105.1000001
2025-08-01 10:08:00 AM,3864.3,0,0.0,96629105.1000001
2025-08-01 10:08:00 AM,3864.3,19,73421.7,96702526.8000001
2025-08-01 10:08:26 AM,3865.9,4,15463.6,96717990.4000001
2025-08-01 10:08:26 AM,3865.9,4,15463.6,96733454.00000009
2025-08-01 10:08:27 AM,3865.9,16,61854.4,96795308.4000001
2025-08-01 10:08:48 AM,3867.7,651,2517872.6999999997,99313181.1000001
2025-08-01 10:08:56 AM,3868.3,0,0.0,99313181.1000001
2025-08-01 10:08:56 AM,3868.3,4,15473.2,99328654.3000001
2025-08-01 10:09:08 AM,3867.4,0,0.0,99328654.3000001
2025-08-01 10:09:08 AM,3867.4,6,23204.4,99351858.7000001
2025-08-01 10:09:16 AM,3868.0,1,3868.0,99355726.7000001
2025-08-01 10:09:22 AM,3868.0,5,19340.0,99375066.7000001
2025-08-01 10:09:46 AM,3868.0,10,38680.0,99413746.7000001
2025-08-01 10:09:48 AM,3868.1,0,0.0,99413746.7000001
2025-08-01 10:09:48 AM,3868.1,9,34812.9,99448559.60000011
2025-08-01 10:10:01 AM,3867.1,0,0.0,99448559.60000011
2025-08-01 10:10:01 AM,3867.1,13,50272.299999999996,99498831.90000011
2025-08-01 10:10:04 AM,3868.0,0,0.0,99498831.90000011
2025-08-01 10:10:04 AM,3868.0,1,3868.0,99502699.90000011
2025-08-01 10:10:13 AM,3866.5,0,0.0,99502699.90000011
2025-08-01 10:10:13 AM,3866.5,57,220390.5,99723090.40000011
2025-08-01 10:10:14 AM,3866.5,11,42531.5,99765621.90000011
2025-08-01 10:10:31 AM,3866.5,5,19332.5,99784954.40000011
2025-08-01 10:10:32 AM,3866.5,5,19332.5,99804286.90000011
2025-08-01 10:10:37 AM,3866.0,0,0.0,99804286.90000011
2025-08-01 10:10:37 AM,3866.0,7,27062.0,99831348.90000011
2025-08-01 10:11:04 AM,3866.6,64,247462.4,100078811.30000012
2025-08-01 10:11:08 AM,3868.2,11,42550.2,100121361.50000012
2025-08-01 10:11:16 AM,3870.0,203,785610.0,100906971.50000012
2025-08-01 10:11:17 AM,3869.5,0,0.0,100906971.50000012
2025-08-01 10:11:17 AM,3869.5,36,139302.0,101046273.50000012
2025-08-01 10:11:18 AM,3869.4,0,0.0,101046273.50000012
2025-08-01 10:11:18 AM,3869.4,2,7738.8,101054012.30000012
2025-08-01 10:11:31 AM,3869.4,84,325029.60000000003,101379041.90000011
2025-08-01 10:11:32 AM,3869.4,6,23216.4,101402258.30000012
2025-08-01 10:11:35 AM,3869.4,6,23216.4,101425474.70000012
2025-08-01 10:11:37 AM,3870.0,2,7740.0,101433214.70000012
2025-08-01 10:11:44 AM,3870.0,1,3870.0,101437084.70000012
2025-08-01 10:11:45 AM,3870.0,17,65790.0,101502874.70000012
2025-08-01 10:11:46 AM,3870.0,12,46440.0,101549314.70000012
2025-08-01 10:11:48 AM,3870.0,288,1114560.0,102663874.70000012
2025-08-01 10:11:49 AM,3870.0,13,50310.0,102714184.70000012
2025-08-01 10:11:50 AM,3870.0,4,15480.0,102729664.70000012
2025-08-01 10:11:51 AM,3870.0,23,89010.0,102818674.70000012
2025-08-01 10:11:52 AM,3870.0,26,100620.0,102919294.70000012
2025-08-01 10:11:54 AM,3870.0,21,81270.0,103000564.70000012
2025-08-01 10:11:55 AM,3870.0,4,15480.0,103016044.70000012
2025-08-01 10:11:57 AM,3869.9,3,11609.7,103027654.40000013
2025-08-01 10:12:22 AM,3869.6,0,0.0,103027654.40000013
2025-08-01 10:12:22 AM,3869.6,41,158653.6,103186308.00000012
2025-08-01 10:12:27 AM,3869.8,20,77396.0,103263704.00000012
2025-08-01 10:12:30 AM,3870.0,0,0.0,103263704.00000012
2025-08-01 10:12:30 AM,3870.0,103,398610.0,103662314.00000012
2025-08-01 10:12:32 AM,3870.0,2,7740.0,103670054.00000012
2025-08-01 10:12:33 AM,3870.0,1,3870.0,103673924.00000012
2025-08-01 10:12:52 AM,3870.0,3,11610.0,103685534.00000012
2025-08-01 10:12:58 AM,3869.9,5,19349.5,103704883.50000012
2025-08-01 10:13:00 AM,3870.0,4,15480.0,103720363.50000012
2025-08-01 10:13:07 AM,3869.5,10,38695.0,103759058.50000012
2025-08-01 10:13:08 AM,3869.1,0,0.0,103759058.50000012
2025-08-01 10:13:08 AM,3869.1,16,61905.6,103820964.10000011
2025-08-01 10:13:35 AM,3870.0,0,0.0,103820964.10000011
2025-08-01 10:13:35 AM,3870.0,1,3870.0,103824834.10000011
2025-08-01 10:14:25 AM,3870.0,1,3870.0,103828704.10000011
2025-08-01 10:14:27 AM,3870.0,89,344430.0,104173134.10000011
2025-08-01 10:14:29 AM,3870.0,1,3870.0,104177004.10000011
2025-08-01 10:14:34 AM,3870.0,20,77400.0,104254404.10000011
2025-08-01 10:15:05 AM,3870.0,112,433440.0,104687844.10000011
2025-08-01 10:15:06 AM,3870.0,153,592110.0,105279954.10000011
2025-08-01 10:15:07 AM,3870.0,28,108360.0,105388314.10000011
2025-08-01 10:15:08 AM,3870.0,4,15480.0,105403794.10000011
2025-08-01 10:15:09 AM,3870.0,5,19350.0,105423144.10000011
2025-08-01 10:15:16 AM,3869.7,83,321185.1,105744329.2000001
2025-08-01 10:15:20 AM,3869.6,0,0.0,105744329.2000001
2025-08-01 10:15:20 AM,3869.6,8,30956.8,105775286.0000001
2025-08-01 10:15:31 AM,3870.0,0,0.0,105775286.0000001
2025-08-01 10:15:32 AM,3870.0,46,178020.0,105953306.0000001
2025-08-01 10:15:39 AM,3870.0,8,30960.0,105984266.0000001
2025-08-01 10:15:57 AM,3870.0,10,38700.0,106022966.0000001
2025-08-01 10:16:00 AM,3870.0,6,23220.0,106046186.0000001
2025-08-01 10:16:01 AM,3870.0,15,58050.0,106104236.0000001
2025-08-01 10:16:02 AM,3870.0,17,65790.0,106170026.0000001
2025-08-01 10:16:04 AM,3869.7,1,3869.7,106173895.7000001
2025-08-01 10:16:04 AM,3870.0,0,0.0,106173895.7000001
2025-08-01 10:16:04 AM,3870.0,30,116100.0,106289995.7000001
2025-08-01 10:16:05 AM,3870.0,1,3870.0,106293865.7000001
2025-08-01 10:16:05 AM,3870.0,17,65790.0,106359655.7000001
2025-08-01 10:16:06 AM,3870.0,16,61920.0,106421575.7000001
2025-08-01 10:16:07 AM,3869.6,0,0.0,106421575.7000001
2025-08-01 10:16:07 AM,3869.6,27,104479.2,106526054.90000011
2025-08-01 10:16:13 AM,3869.9,0,0.0,106526054.90000011
2025-08-01 10:16:13 AM,3869.9,130,503087.0,107029141.90000011
2025-08-01 10:16:17 AM,3869.4,10,38694.0,107067835.90000011
2025-08-01 10:16:18 AM,3869.9,0,0.0,107067835.90000011
2025-08-01 10:16:18 AM,3869.9,1,3869.9,107071705.80000012
2025-08-01 10:16:18 AM,3869.9,4,15479.6,107087185.40000011
2025-08-01 10:16:19 AM,3869.9,39,150926.1,107238111.5000001
2025-08-01 10:16:22 AM,3870.0,0,0.0,107238111.5000001
2025-08-01 10:16:22 AM,3870.0,1,3870.0,107241981.5000001
2025-08-01 10:16:27 AM,3870.0,50,193500.0,107435481.5000001
2025-08-01 10:16:40 AM,3869.5,0,0.0,107435481.5000001
2025-08-01 10:16:40 AM,3869.5,15,58042.5,107493524.0000001
2025-08-01 10:16:43 AM,3870.0,0,0.0,107493524.0000001
2025-08-01 10:16:43 AM,3870.0,1,3870.0,107497394.0000001
2025-08-01 10:16:44 AM,3869.4,10,38694.0,107536088.0000001
2025-08-01 10:16:48 AM,3870.0,13,50310.0,107586398.0000001
2025-08-01 10:16:58 AM,3870.0,10,38700.0,107625098.0000001
2025-08-01 10:17:47 AM,3869.1,0,0.0,107625098.0000001
2025-08-01 10:17:47 AM,3869.1,22,85120.2,107710218.2000001
2025-08-01 10:17:49 AM,3869.8,0,0.0,107710218.2000001
2025-08-01 10:17:49 AM,3869.1,20,77382.0,107787600.2000001
2025-08-01 10:17:50 AM,3869.0,1,3869.0,107791469.2000001
2025-08-01 10:17:55 AM,3868.9,0,0.0,107791469.2000001
2025-08-01 10:17:55 AM,3868.9,5,19344.5,107810813.7000001
2025-08-01 10:18:19 AM,3868.9,3,11606.7,107822420.40000011
2025-08-01 10:18:35 AM,3868.5,0,0.0,107822420.40000011
2025-08-01 10:18:36 AM,3868.5,6,23211.0,107845631.40000011
2025-08-01 10:18:39 AM,3868.0,0,0.0,107845631.40000011
2025-08-01 10:18:42 AM,3868.0,9,34812.0,107880443.40000011
2025-08-01 10:18:59 AM,3868.0,7,27076.0,107907519.40000011
2025-08-01 10:19:02 AM,3869.0,2,7738.0,107915257.40000011
2025-08-01 10:19:16 AM,3868.1,0,0.0,107915257.40000011
2025-08-01 10:19:16 AM,3868.1,5,19340.5,107934597.90000011
2025-08-01 10:19:21 AM,3869.0,9,34821.0,107969418.90000011
2025-08-01 10:19:51 AM,3869.0,1,3869.0,107973287.90000011
2025-08-01 10:20:16 AM,3869.0,10,38690.0,108011977.90000011
2025-08-01 10:20:20 AM,3869.0,1,3869.0,108015846.90000011
2025-08-01 10:20:52 AM,3868.2,6,23209.199999999997,108039056.10000011
2025-08-01 10:21:17 AM,3868.2,36,139255.19999999998,108178311.30000012
2025-08-01 10:21:30 AM,3868.3,0,0.0,108178311.30000012
2025-08-01 10:21:30 AM,3868.3,36,139258.80000000002,108317570.10000011
2025-08-01 10:21:33 AM,3869.0,0,0.0,108317570.10000011
2025-08-01 10:21:33 AM,3869.0,2,7738.0,108325308.10000011
2025-08-01 10:21:38 AM,3869.0,5,19345.0,108344653.10000011
2025-08-01 10:21:40 AM,3869.0,2,7738.0,108352391.10000011
2025-08-01 10:21:42 AM,3869.9,0,0.0,108352391.10000011
2025-08-01 10:21:44 AM,3869.9,12,46438.8,108398829.90000011
2025-08-01 10:21:50 AM,3869.9,13,50308.700000000004,108449138.60000011
2025-08-01 10:21:52 AM,3869.0,1,3869.0,108453007.60000011
2025-08-01 10:21:54 AM,3870.0,0,0.0,108453007.60000011
2025-08-01 10:21:56 AM,3870.0,150,580500.0,109033507.60000011
2025-08-01 10:22:00 AM,3870.0,51,197370.0,109230877.60000011
2025-08-01 10:22:01 AM,3870.0,54,208980.0,109439857.60000011
2025-08-01 10:22:02 AM,3870.0,114,441180.0,109881037.60000011
2025-08-01 10:22:02 AM,3870.0,538,2082060.0,111963097.60000011
2025-08-01 10:22:03 AM,3870.0,30,116100.0,112079197.60000011
2025-08-01 10:22:03 AM,3870.0,259,1002330.0,113081527.60000011
2025-08-01 10:22:04 AM,3870.0,57,220590.0,113302117.60000011
2025-08-01 10:22:04 AM,3870.0,141,545670.0,113847787.60000011
2025-08-01 10:22:07 AM,3870.0,6,23220.0,113871007.60000011
2025-08-01 10:22:13 AM,3870.0,39,150930.0,114021937.60000011
2025-08-01 10:22:20 AM,3869.5,172,665554.0,114687491.60000011
2025-08-01 10:22:22 AM,3869.9,0,0.0,114687491.60000011
2025-08-01 10:22:22 AM,3869.9,2,7739.8,114695231.40000011
2025-08-01 10:22:23 AM,3870.0,0,0.0,114695231.40000011
2025-08-01 10:22:23 AM,3870.0,7,27090.0,114722321.40000011
2025-08-01 10:22:33 AM,3869.5,0,0.0,114722321.40000011
2025-08-01 10:22:33 AM,3869.5,68,263126.0,114985447.40000011
2025-08-01 10:22:37 AM,3870.0,18,69660.0,115055107.40000011
2025-08-01 10:22:39 AM,3869.5,5,19347.5,115074454.90000011
2025-08-01 10:23:02 AM,3870.0,0,0.0,115074454.90000011
2025-08-01 10:23:02 AM,3870.0,23,89010.0,115163464.90000011
2025-08-01 10:23:03 AM,3870.0,28,108360.0,115271824.90000011
2025-08-01 10:23:05 AM,3870.0,26,100620.0,115372444.90000011
2025-08-01 10:23:12 AM,3870.0,10,38700.0,115411144.90000011
2025-08-01 10:23:15 AM,3870.0,21,81270.0,115492414.90000011
2025-08-01 10:23:20 AM,3869.5,0,0.0,115492414.90000011
2025-08-01 10:23:20 AM,3869.5,81,313429.5,115805844.40000011
2025-08-01 10:23:20 AM,3870.0,0,0.0,115805844.40000011
2025-08-01 10:23:20 AM,3870.0,67,259290.0,116065134.40000011
2025-08-01 10:23:22 AM,3870.0,1,3870.0,116069004.40000011
2025-08-01 10:23:34 AM,3869.5,4,15478.0,116084482.40000011
2025-08-01 10:23:35 AM,3869.5,26,100607.0,116185089.40000011
2025-08-01 10:23:36 AM,3870.0,0,0.0,116185089.40000011
2025-08-01 10:23:36 AM,3870.0,32,123840.0,116308929.40000011
2025-08-01 10:23:37 AM,3870.0,32,123840.0,116432769.40000011
2025-08-01 10:23:40 AM,3870.0,1,3870.0,116436639.40000011
2025-08-01 10:23:42 AM,3869.5,10,38695.0,116475334.40000011
2025-08-01 10:23:44 AM,3869.5,20,77390.0,116552724.40000011
2025-08-01 10:23:44 AM,3870.0,0,0.0,116552724.40000011
2025-08-01 10:23:44 AM,3870.0,35,135450.0,116688174.40000011
2025-08-01 10:23:49 AM,3870.0,1,3870.0,116692044.40000011
2025-08-01 10:24:49 AM,3870.0,1,3870.0,116695914.40000011
2025-08-01 10:25:29 AM,3870.0,1,3870.0,116699784.40000011
2025-08-01 10:25:33 AM,3870.0,1,3870.0,116703654.40000011
2025-08-01 10:25:37 AM,3870.0,30,116100.0,116819754.40000011
2025-08-01 10:25:38 AM,3870.0,42,162540.0,116982294.40000011
2025-08-01 10:25:41 AM,3870.0,1,3870.0,116986164.40000011
2025-08-01 10:26:03 AM,3870.0,10,38700.0,117024864.40000011
2025-08-01 10:26:19 AM,3870.0,2,7740.0,117032604.40000011
2025-08-01 10:26:52 AM,3869.8,13,50307.4,117082911.80000012
2025-08-01 10:27:13 AM,3869.7,0,0.0,117082911.80000012
2025-08-01 10:27:13 AM,3869.7,33,127700.09999999999,117210611.90000011
2025-08-01 10:27:29 AM,3869.7,15,58045.5,117268657.40000011
2025-08-01 10:27:32 AM,3870.0,0,0.0,117268657.40000011
2025-08-01 10:27:32 AM,3870.0,2,7740.0,117276397.40000011
2025-08-01 10:27:34 AM,3870.0,3,11610.0,117288007.40000011
2025-08-01 10:27:36 AM,3869.7,0,0.0,117288007.40000011
2025-08-01 10:27:36 AM,3869.7,10,38697.0,117326704.40000011
2025-08-01 10:27:38 AM,3869.7,4,15478.8,117342183.2000001
2025-08-01 10:27:48 AM,3869.7,2,7739.4,117349922.60000011
2025-08-01 10:27:54 AM,3870.0,0,0.0,117349922.60000011
2025-08-01 10:27:54 AM,3870.0,14,54180.0,117404102.60000011
2025-08-01 10:28:30 AM,3869.8,4,15479.2,117419581.80000012
2025-08-01 10:28:55 AM,3870.0,0,0.0,117419581.80000012
2025-08-01 10:28:55 AM,3870.0,15,58050.0,117477631.80000012
2025-08-01 10:29:09 AM,3870.0,36,139320.0,117616951.80000012
2025-08-01 10:29:12 AM,3870.0,30,116100.0,117733051.80000012
2025-08-01 10:29:21 AM,3870.0,50,193500.0,117926551.80000012
2025-08-01 10:29:23 AM,3870.0,1,3870.0,117930421.80000012
2025-08-01 10:29:42 AM,3870.0,1,3870.0,117934291.80000012
2025-08-01 10:29:50 AM,3870.0,44,170280.0,118104571.80000012
2025-08-01 10:29:56 AM,3870.0,10,38700.0,118143271.80000012
2025-08-01 10:30:02 AM,3870.0,5,19350.0,118162621.80000012
2025-08-01 10:30:11 AM,3870.1,0,0.0,118162621.80000012
2025-08-01 10:30:11 AM,3870.0,3675,14222250.0,132384871.80000012
2025-08-01 10:30:13 AM,3870.0,369,1428030.0,133812901.80000012
2025-08-01 10:30:17 AM,3869.7,149,576585.2999999999,134389487.1000001
2025-08-01 10:30:17 AM,3870.0,0,0.0,134389487.1000001
2025-08-01 10:30:19 AM,3870.0,984,3808080.0,138197567.1000001
2025-08-01 10:30:25 AM,3870.0,79,305730.0,138503297.1000001
2025-08-01 10:30:31 AM,3870.0,17,65790.0,138569087.1000001
2025-08-01 10:31:02 AM,3869.6,0,0.0,138569087.1000001
2025-08-01 10:31:02 AM,3869.6,7,27087.2,138596174.3000001
2025-08-01 10:31:03 AM,3869.6,12,46435.2,138642609.5000001
2025-08-01 10:31:29 AM,3868.6,1,3868.6,138646478.10000008
2025-08-01 10:31:40 AM,3868.4,25,96710.0,138743188.10000008
2025-08-01 10:31:43 AM,3869.6,7,27087.2,138770275.30000007
2025-08-01 10:32:01 AM,3868.6,0,0.0,138770275.30000007
2025-08-01 10:32:03 AM,3868.6,1,3868.6,138774143.90000007
2025-08-01 10:32:04 AM,3869.6,0,0.0,138774143.90000007
2025-08-01 10:32:06 AM,3869.6,25,96740.0,138870883.90000007
2025-08-01 10:32:10 AM,3869.6,8,30956.8,138901840.70000008
2025-08-01 10:32:14 AM,3870.0,0,0.0,138901840.70000008
2025-08-01 10:32:16 AM,3870.0,175,677250.0,139579090.70000008
2025-08-01 10:32:23 AM,3870.0,454,1756980.0,141336070.70000008
2025-08-01 10:32:29 AM,3870.0,120,464400.0,141800470.70000008
2025-08-01 10:32:33 AM,3870.0,1,3870.0,141804340.70000008
2025-08-01 10:32:36 AM,3870.0,32,123840.0,141928180.70000008
2025-08-01 10:32:45 AM,3868.8,100,386880.0,142315060.70000008
2025-08-01 10:32:46 AM,3870.0,0,0.0,142315060.70000008
2025-08-01 10:32:47 AM,3870.0,40,154800.0,142469860.70000008
2025-08-01 10:32:59 AM,3870.0,3,11610.0,142481470.70000008
2025-08-01 10:33:47 AM,3869.5,0,0.0,142481470.70000008
2025-08-01 10:33:49 AM,3869.5,20,77390.0,142558860.70000008
2025-08-01 10:33:53 AM,3869.4,0,0.0,142558860.70000008
2025-08-01 10:33:54 AM,3869.4,20,77388.0,142636248.70000008
2025-08-01 10:34:37 AM,3868.6,0,0.0,142636248.70000008
2025-08-01 10:34:37 AM,3868.6,225,870435.0,143506683.70000008
2025-08-01 10:34:39 AM,3870.0,35,135450.0,143642133.70000008
2025-08-01 10:34:43 AM,3870.0,3,11610.0,143653743.70000008
2025-08-01 10:34:48 AM,3870.0,1,3870.0,143657613.70000008
2025-08-01 10:35:10 AM,3869.2,0,0.0,143657613.70000008
2025-08-01 10:35:12 AM,3869.2,3,11607.599999999999,143669221.30000007
2025-08-01 10:36:07 AM,3870.0,3,11610.0,143680831.30000007
2025-08-01 10:37:25 AM,3870.0,1250,4837500.0,148518331.30000007
2025-08-01 10:37:27 AM,3870.0,572,2213640.0,150731971.30000007
2025-08-01 10:37:28 AM,3869.8,0,0.0,150731971.30000007
2025-08-01 10:37:30 AM,3870.0,115,445050.0,151177021.30000007
2025-08-01 10:37:33 AM,3870.0,120,464400.0,151641421.30000007
2025-08-01 10:37:39 AM,3870.0,48,185760.0,151827181.30000007
2025-08-01 10:37:41 AM,3870.0,11,42570.0,151869751.30000007
2025-08-01 10:37:44 AM,3870.0,21,81270.0,151951021.30000007
2025-08-01 10:37:47 AM,3870.0,4,15480.0,151966501.30000007
2025-08-01 10:38:01 AM,3869.9,3,11609.7,151978111.00000006
2025-08-01 10:38:05 AM,3869.9,1,3869.9,151981980.90000007
2025-08-01 10:38:17 AM,3869.9,1,3869.9,151985850.80000007
2025-08-01 10:38:23 AM,3869.9,7,27089.3,152012940.10000008
2025-08-01 10:38:23 AM,3868.8,100,386880.0,152399820.10000008
2025-08-01 10:38:24 AM,3868.4,0,0.0,152399820.10000008
2025-08-01 10:38:24 AM,3868.4,97,375234.8,152775054.9000001
2025-08-01 10:38:26 AM,3867.9,0,0.0,152775054.9000001
2025-08-01 10:38:26 AM,3867.9,1,3867.9,152778922.8000001
2025-08-01 10:38:58 AM,3867.3,0,0.0,152778922.8000001
2025-08-01 10:38:59 AM,3867.3,5,19336.5,152798259.3000001
2025-08-01 10:39:12 AM,3867.2,0,0.0,152798259.3000001
2025-08-01 10:39:12 AM,3867.2,18,69609.59999999999,152867868.9000001
2025-08-01 10:39:17 AM,3867.3,0,0.0,152867868.9000001
2025-08-01 10:39:17 AM,3867.3,2,7734.6,152875603.5000001
2025-08-01 10:39:18 AM,3866.5,35,135327.5,153010931.0000001
2025-08-01 10:39:18 AM,3866.0,0,0.0,153010931.0000001
2025-08-01 10:39:18 AM,3866.0,51,197166.0,153208097.0000001
2025-08-01 10:39:20 AM,3865.6,32,123699.2,153331796.20000008
2025-08-01 10:39:33 AM,3864.5,0,0.0,153331796.20000008
2025-08-01 10:39:33 AM,3864.5,88,340076.0,153671872.20000008
2025-08-01 10:39:34 AM,3865.4,22,85038.8,153756911.0000001
2025-08-01 10:39:37 AM,3863.6,8,30908.8,153787819.8000001
2025-08-01 10:39:41 AM,3865.4,0,0.0,153787819.8000001
2025-08-01 10:39:42 AM,3865.4,1,3865.4,153791685.2000001
2025-08-01 10:39:46 AM,3864.5,0,0.0,153791685.2000001
2025-08-01 10:39:46 AM,3864.5,57,220276.5,154011961.7000001
2025-08-01 10:39:48 AM,3864.7,0,0.0,154011961.7000001
2025-08-01 10:39:49 AM,3864.7,71,274393.7,154286355.4000001
2025-08-01 10:39:50 AM,3865.2,0,0.0,154286355.4000001
2025-08-01 10:39:50 AM,3865.2,35,135282.0,154421637.4000001
2025-08-01 10:39:51 AM,3865.4,0,0.0,154421637.4000001
2025-08-01 10:39:51 AM,3865.4,301,1163485.4000000001,155585122.8000001
2025-08-01 10:39:52 AM,3865.5,0,0.0,155585122.8000001
2025-08-01 10:39:52 AM,3865.5,119,459994.5,156045117.3000001
2025-08-01 10:39:53 AM,3866.6,0,0.0,156045117.3000001
2025-08-01 10:39:53 AM,3866.6,240,927984.0,156973101.3000001
2025-08-01 10:39:54 AM,3867.5,0,0.0,156973101.3000001
2025-08-01 10:39:54 AM,3867.5,120,464100.0,157437201.3000001
2025-08-01 10:39:55 AM,3866.9,0,0.0,157437201.3000001
2025-08-01 10:39:55 AM,3866.9,22,85071.8,157522273.1000001
2025-08-01 10:39:56 AM,3866.7,0,0.0,157522273.1000001
2025-08-01 10:39:56 AM,3866.7,26,100534.2,157622807.3000001
2025-08-01 10:40:03 AM,3867.1,12,46405.2,157669212.5000001
2025-08-01 10:40:04 AM,3867.5,5,19337.5,157688550.0000001
2025-08-01 10:40:05 AM,3867.5,16,61880.0,157750430.0000001
2025-08-01 10:40:14 AM,3867.7,0,0.0,157750430.0000001
2025-08-01 10:40:15 AM,3867.7,16,61883.2,157812313.20000008
2025-08-01 10:40:17 AM,3867.9,0,0.0,157812313.20000008
2025-08-01 10:40:17 AM,3867.5,0,0.0,157812313.20000008
2025-08-01 10:40:17 AM,3867.5,18,69615.0,157881928.20000008
2025-08-01 10:40:21 AM,3867.9,0,0.0,157881928.20000008
2025-08-01 10:40:21 AM,3867.9,16,61886.4,157943814.60000008
2025-08-01 10:40:22 AM,3867.9,22,85093.8,158028908.4000001
2025-08-01 10:40:23 AM,3867.5,0,0.0,158028908.4000001
2025-08-01 10:40:23 AM,3867.5,16,61880.0,158090788.4000001
2025-08-01 10:40:24 AM,3868.1,27,104438.7,158195227.10000008
2025-08-01 10:40:25 AM,3868.1,14,54153.4,158249380.5000001
2025-08-01 10:40:28 AM,3868.1,5,19340.5,158268721.0000001
2025-08-01 10:40:29 AM,3867.9,0,0.0,158268721.0000001
2025-08-01 10:40:29 AM,3867.9,101,390657.9,158659378.9000001
2025-08-01 10:40:30 AM,3868.1,0,0.0,158659378.9000001
2025-08-01 10:40:30 AM,3868.1,2,7736.2,158667115.10000008
2025-08-01 10:40:32 AM,3868.3,0,0.0,158667115.10000008
2025-08-01 10:40:32 AM,3868.3,24,92839.20000000001,158759954.30000007
2025-08-01 10:40:34 AM,3868.3,2,7736.6,158767690.90000007
2025-08-01 10:40:35 AM,3868.1,19,73493.9,158841184.80000007
2025-08-01 10:40:37 AM,3868.3,0,0.0,158841184.80000007
2025-08-01 10:40:37 AM,3868.8,0,0.0,158841184.80000007
2025-08-01 10:40:37 AM,3868.8,106,410092.80000000005,159251277.60000008
2025-08-01 10:40:38 AM,3868.8,15,58032.0,159309309.60000008
2025-08-01 10:40:44 AM,3869.0,7,27083.0,159336392.60000008
2025-08-01 10:40:50 AM,3867.7,3,11603.099999999999,159347995.70000008
2025-08-01 10:40:52 AM,3869.0,5,19345.0,159367340.70000008
2025-08-01 10:41:12 AM,3868.1,8,30944.8,159398285.5000001
2025-08-01 10:41:14 AM,3869.2,0,0.0,159398285.5000001
2025-08-01 10:41:14 AM,3869.2,2,7738.4,159406023.9000001
2025-08-01 10:41:39 AM,3870.0,0,0.0,159406023.9000001
2025-08-01 10:41:39 AM,3870.0,512,1981440.0,161387463.9000001
2025-08-01 10:41:40 AM,3870.0,78,301860.0,161689323.9000001
2025-08-01 10:41:46 AM,3870.0,10,38700.0,161728023.9000001
2025-08-01 10:41:48 AM,3869.3,0,0.0,161728023.9000001
2025-08-01 10:41:48 AM,3869.3,9,34823.700000000004,161762847.60000008
2025-08-01 10:41:54 AM,3870.0,0,0.0,161762847.60000008
2025-08-01 10:41:54 AM,3870.0,8,30960.0,161793807.60000008
2025-08-01 10:41:55 AM,3870.0,18,69660.0,161863467.60000008
2025-08-01 10:41:56 AM,3870.0,34,131580.0,161995047.60000008
2025-08-01 10:41:57 AM,3869.3,5,19346.5,162014394.10000008
2025-08-01 10:41:57 AM,3870.0,0,0.0,162014394.10000008
2025-08-01 10:41:57 AM,3870.0,42,162540.0,162176934.10000008
2025-08-01 10:41:58 AM,3870.0,52,201240.0,162378174.10000008
2025-08-01 10:42:01 AM,3870.0,2,7740.0,162385914.10000008
2025-08-01 10:42:10 AM,3869.8,164,634647.2000000001,163020561.30000007
2025-08-01 10:42:11 AM,3870.0,0,0.0,163020561.30000007
2025-08-01 10:42:11 AM,3870.0,104,402480.0,163423041.30000007
2025-08-01 10:42:12 AM,3870.0,40,154800.0,163577841.30000007
2025-08-01 10:42:12 AM,3870.0,23,89010.0,163666851.30000007
2025-08-01 10:42:13 AM,3870.0,49,189630.0,163856481.30000007
2025-08-01 10:42:15 AM,3870.0,26,100620.0,163957101.30000007
2025-08-01 10:42:16 AM,3870.0,6,23220.0,163980321.30000007
2025-08-01 10:42:17 AM,3870.0,20,77400.0,164057721.30000007
2025-08-01 10:42:18 AM,3870.0,1,3870.0,164061591.30000007
2025-08-01 10:42:21 AM,3870.0,20,77400.0,164138991.30000007
2025-08-01 10:42:22 AM,3870.0,47,181890.0,164320881.30000007
2025-08-01 10:42:25 AM,3869.9,3,11609.7,164332491.00000006
2025-08-01 10:42:27 AM,3869.8,160,619168.0,164951659.00000006
2025-08-01 10:42:27 AM,3869.5,0,0.0,164951659.00000006
2025-08-01 10:42:27 AM,3869.5,17,65781.5,165017440.50000006
2025-08-01 10:42:47 AM,3869.9,0,0.0,165017440.50000006
2025-08-01 10:42:47 AM,3869.9,35,135446.5,165152887.00000006
2025-08-01 10:42:49 AM,3870.0,0,0.0,165152887.00000006
2025-08-01 10:42:49 AM,3869.9,48,185755.2,165338642.20000005
2025-08-01 10:42:51 AM,3870.0,0,0.0,165338642.20000005
2025-08-01 10:42:51 AM,3870.0,17,65790.0,165404432.20000005
2025-08-01 10:42:52 AM,3870.0,48,185760.0,165590192.20000005
2025-08-01 10:42:53 AM,3869.9,0,0.0,165590192.20000005
2025-08-01 10:42:53 AM,3869.9,1,3869.9,165594062.10000005
2025-08-01 10:42:55 AM,3870.0,4,15480.0,165609542.10000005
2025-08-01 10:42:59 AM,3869.9,0,0.0,165609542.10000005
2025-08-01 10:42:59 AM,3869.9,1,3869.9,165613412.00000006
2025-08-01 10:43:14 AM,3869.4,20,77388.0,165690800.00000006
2025-08-01 10:43:17 AM,3870.0,0,0.0,165690800.00000006
2025-08-01 10:43:17 AM,3870.0,1,3870.0,165694670.00000006
2025-08-01 10:43:25 AM,3869.4,10,38694.0,165733364.00000006
2025-08-01 10:43:33 AM,3870.0,1,3870.0,165737234.00000006
2025-08-01 10:43:49 AM,3869.4,3,11608.2,165748842.20000005
2025-08-01 10:44:02 AM,3869.4,5,19347.0,165768189.20000005
2025-08-01 10:44:04 AM,3870.0,0,0.0,165768189.20000005
2025-08-01 10:44:04 AM,3870.0,30,116100.0,165884289.20000005
2025-08-01 10:44:06 AM,3870.0,9,34830.0,165919119.20000005
2025-08-01 10:44:07 AM,3870.0,13,50310.0,165969429.20000005
2025-08-01 10:44:09 AM,3870.0,1,3870.0,165973299.20000005
2025-08-01 10:44:23 AM,3870.0,5,19350.0,165992649.20000005
2025-08-01 10:44:57 AM,3870.0,40,154800.0,166147449.20000005
2025-08-01 10:45:00 AM,3870.0,24,92880.0,166240329.20000005
2025-08-01 10:45:01 AM,3870.0,10,38700.0,166279029.20000005
2025-08-01 10:45:05 AM,3870.0,15,58050.0,166337079.20000005
2025-08-01 10:45:06 AM,3870.0,1,3870.0,166340949.20000005
2025-08-01 10:45:15 AM,3870.0,10,38700.0,166379649.20000005
2025-08-01 10:45:47 AM,3869.8,0,0.0,166379649.20000005
2025-08-01 10:45:47 AM,3869.8,3,11609.400000000001,166391258.60000005
2025-08-01 10:46:12 AM,3869.8,65,251537.0,166642795.60000005
2025-08-01 10:46:15 AM,3870.0,306,1184220.0,167827015.60000005
2025-08-01 10:46:16 AM,3870.0,66,255420.0,168082435.60000005
2025-08-01 10:46:17 AM,3869.8,140,541772.0,168624207.60000005
2025-08-01 10:46:18 AM,3869.8,34,131573.2,168755780.80000004
2025-08-01 10:46:34 AM,3867.4,0,0.0,168755780.80000004
2025-08-01 10:46:34 AM,3867.4,250,966850.0,169722630.80000004
2025-08-01 10:46:37 AM,3869.8,0,0.0,169722630.80000004
2025-08-01 10:46:37 AM,3869.8,2,7739.6,169730370.40000004
2025-08-01 10:46:42 AM,3868.5,0,0.0,169730370.40000004
2025-08-01 10:46:42 AM,3868.5,1,3868.5,169734238.90000004
2025-08-01 10:46:48 AM,3868.4,1,3868.4,169738107.30000004
2025-08-01 10:46:55 AM,3868.3,22,85102.6,169823209.90000004
2025-08-01 10:46:57 AM,3869.8,20,77396.0,169900605.90000004
2025-08-01 10:46:57 AM,3869.8,1,3869.8,169904475.70000005
2025-08-01 10:47:02 AM,3869.8,1,3869.8,169908345.50000006
2025-08-01 10:47:06 AM,3869.8,8,30958.4,169939303.90000007
2025-08-01 10:47:19 AM,3868.4,0,0.0,169939303.90000007
2025-08-01 10:47:19 AM,3868.4,7,27078.8,169966382.70000008
2025-08-01 10:47:25 AM,3869.7,5,19348.5,169985731.20000008
2025-08-01 10:47:29 AM,3868.5,0,0.0,169985731.20000008
2025-08-01 10:47:29 AM,3868.5,8,30948.0,170016679.20000008
2025-08-01 10:47:34 AM,3868.5,2,7737.0,170024416.20000008
2025-08-01 10:47:38 AM,3868.5,17,65764.5,170090180.70000008
2025-08-01 10:47:55 AM,3868.6,0,0.0,170090180.70000008
2025-08-01 10:47:55 AM,3868.6,2,7737.2,170097917.90000007
2025-08-01 10:48:00 AM,3868.5,0,0.0,170097917.90000007
2025-08-01 10:48:00 AM,3868.5,40,154740.0,170252657.90000007
2025-08-01 10:48:08 AM,3869.4,4,15477.6,170268135.50000006
2025-08-01 10:48:28 AM,3869.4,5,19347.0,170287482.50000006
2025-08-01 10:49:13 AM,3869.5,5,19347.5,170306830.00000006
2025-08-01 10:49:31 AM,3868.4,0,0.0,170306830.00000006
2025-08-01 10:49:33 AM,3868.4,30,116052.0,170422882.00000006
2025-08-01 10:50:23 AM,3868.4,2,7736.8,170430618.80000007
2025-08-01 10:50:44 AM,3868.5,0,0.0,170430618.80000007
2025-08-01 10:50:44 AM,3868.5,4,15474.0,170446092.80000007
2025-08-01 10:50:57 AM,3868.3,84,324937.2,170771030.00000006
2025-08-01 10:50:58 AM,3865.0,0,0.0,170771030.00000006
2025-08-01 10:51:00 AM,3865.0,85,328525.0,171099555.00000006
2025-08-01 10:51:01 AM,3866.8,117,452415.60000000003,171551970.60000005
2025-08-01 10:51:06 AM,3867.8,91,351969.8,171903940.40000007
2025-08-01 10:51:09 AM,3867.7,25,96692.5,172000632.90000007
2025-08-01 10:51:16 AM,3867.2,0,0.0,172000632.90000007
2025-08-01 10:51:16 AM,3867.2,5,19336.0,172019968.90000007
2025-08-01 10:51:19 AM,3867.5,0,0.0,172019968.90000007
2025-08-01 10:51:19 AM,3867.5,15,58012.5,172077981.40000007
2025-08-01 10:51:36 AM,3867.5,5,19337.5,172097318.90000007
2025-08-01 10:52:07 AM,3867.5,5,19337.5,172116656.40000007
2025-08-01 10:52:10 AM,3865.6,0,0.0,172116656.40000007
2025-08-01 10:52:10 AM,3865.6,24,92774.4,172209430.80000007
2025-08-01 10:52:13 AM,3867.5,9,34807.5,172244238.30000007
2025-08-01 10:52:26 AM,3867.5,1,3867.5,172248105.80000007
2025-08-01 10:52:35 AM,3869.1,0,0.0,172248105.80000007
2025-08-01 10:52:35 AM,3869.1,20,77382.0,172325487.80000007
2025-08-01 10:52:39 AM,3869.0,1,3869.0,172329356.80000007
2025-08-01 10:52:43 AM,3869.1,0,0.0,172329356.80000007
2025-08-01 10:52:43 AM,3869.1,3,11607.3,172340964.10000008
2025-08-01 10:52:44 AM,3869.1,17,65774.7,172406738.80000007
2025-08-01 10:53:03 AM,3867.2,0,0.0,172406738.80000007
2025-08-01 10:53:06 AM,3867.2,75,290040.0,172696778.80000007
2025-08-01 10:53:23 AM,3868.8,0,0.0,172696778.80000007
2025-08-01 10:53:23 AM,3868.8,3,11606.400000000001,172708385.20000008
2025-08-01 10:53:24 AM,3869.1,0,0.0,172708385.20000008
2025-08-01 10:53:28 AM,3869.1,50,193455.0,172901840.20000008
2025-08-01 10:53:33 AM,3869.1,17,65774.7,172967614.90000007
2025-08-01 10:53:49 AM,3869.1,2,7738.2,172975353.10000005
2025-08-01 10:54:01 AM,3867.7,0,0.0,172975353.10000005
2025-08-01 10:54:04 AM,3869.0,38,147022.0,173122375.10000005
2025-08-01 10:54:15 AM,3869.1,0,0.0,173122375.10000005
2025-08-01 10:54:16 AM,3869.1,1,3869.1,173126244.20000005
2025-08-01 10:54:21 AM,3869.1,12,46429.2,173172673.40000004
2025-08-01 10:54:31 AM,3867.6,0,0.0,173172673.40000004
2025-08-01 10:54:31 AM,3867.6,20,77352.0,173250025.40000004
2025-08-01 10:54:33 AM,3868.4,0,0.0,173250025.40000004
2025-08-01 10:54:37 AM,3867.5,75,290062.5,173540087.90000004
2025-08-01 10:54:55 AM,3866.4,0,0.0,173540087.90000004
2025-08-01 10:54:58 AM,3866.4,1,3866.4,173543954.30000004
2025-08-01 10:55:13 AM,3864.5,22,85019.0,173628973.30000004
2025-08-01 10:55:13 AM,3866.0,1,3866.0,173632839.30000004
2025-08-01 10:55:26 AM,3865.1,1,3865.1,173636704.40000004
2025-08-01 10:55:33 AM,3865.1,3,11595.3,173648299.70000005
2025-08-01 10:55:41 AM,3866.0,10,38660.0,173686959.70000005
2025-08-01 10:55:43 AM,3865.1,58,224175.8,173911135.50000006
2025-08-01 10:55:45 AM,3866.1,26,100518.59999999999,174011654.10000005
2025-08-01 10:56:26 AM,3865.9,0,0.0,174011654.10000005
2025-08-01 10:56:26 AM,3865.9,3,11597.7,174023251.80000004
2025-08-01 10:56:30 AM,3865.8,3,11597.400000000001,174034849.20000005
2025-08-01 10:56:47 AM,3865.8,1,3865.8,174038715.00000006
2025-08-01 10:57:11 AM,3864.8,0,0.0,174038715.00000006
2025-08-01 10:57:11 AM,3864.8,10,38648.0,174077363.00000006
2025-08-01 10:57:16 AM,3864.3,0,0.0,174077363.00000006
2025-08-01 10:57:16 AM,3864.3,22,85014.6,174162377.60000005
2025-08-01 10:57:20 AM,3863.7,10,38637.0,174201014.60000005
2025-08-01 10:57:25 AM,3863.3,7,27043.100000000002,174228057.70000005
2025-08-01 10:57:41 AM,3864.9,2,7729.8,174235787.50000006
2025-08-01 10:57:56 AM,3864.9,1,3864.9,174239652.40000007
2025-08-01 10:57:57 AM,3863.4,0,0.0,174239652.40000007
2025-08-01 10:57:57 AM,3863.4,10,38634.0,174278286.40000007
2025-08-01 10:57:58 AM,3865.5,0,0.0,174278286.40000007
2025-08-01 10:57:58 AM,3865.5,17,65713.5,174343999.90000007
2025-08-01 10:58:32 AM,3865.3,0,0.0,174343999.90000007
2025-08-01 10:58:32 AM,3865.3,5,19326.5,174363326.40000007
2025-08-01 10:58:38 AM,3866.2,0,0.0,174363326.40000007
2025-08-01 10:58:38 AM,3866.2,10,38662.0,174401988.40000007
2025-08-01 10:59:03 AM,3866.5,1,3866.5,174405854.90000007
2025-08-01 10:59:04 AM,3865.1,0,0.0,174405854.90000007
2025-08-01 10:59:04 AM,3865.1,2,7730.2,174413585.10000005
2025-08-01 10:59:27 AM,3865.1,3,11595.3,174425180.40000007
2025-08-01 10:59:34 AM,3866.2,5,19331.0,174444511.40000007
2025-08-01 10:59:38 AM,3866.6,88,340260.8,174784772.20000008
2025-08-01 10:59:39 AM,3867.5,0,0.0,174784772.20000008
2025-08-01 10:59:39 AM,3867.5,30,116025.0,174900797.20000008
2025-08-01 10:59:40 AM,3867.5,1,3867.5,174904664.70000008
2025-08-01 10:59:43 AM,3867.5,29,112157.5,175016822.20000008
2025-08-01 10:59:46 AM,3866.9,0,0.0,175016822.20000008
2025-08-01 10:59:46 AM,3866.9,8,30935.2,175047757.40000007
2025-08-01 11:00:24 AM,3867.3,1,3867.3,175051624.70000008
2025-08-01 11:00:44 AM,3867.3,2,7734.6,175059359.30000007
2025-08-01 11:00:56 AM,3866.0,0,0.0,175059359.30000007
2025-08-01 11:00:56 AM,3866.0,15,57990.0,175117349.30000007
2025-08-01 11:01:03 AM,3867.3,0,0.0,175117349.30000007
2025-08-01 11:01:04 AM,3867.3,2,7734.6,175125083.90000007
2025-08-01 11:01:29 AM,3867.3,1,3867.3,175128951.20000008
2025-08-01 11:01:32 AM,3867.3,8,30938.4,175159889.60000008
2025-08-01 11:01:32 AM,3867.9,0,0.0,175159889.60000008
2025-08-01 11:01:32 AM,3867.9,28,108301.2,175268190.80000007
2025-08-01 11:01:34 AM,3868.8,0,0.0,175268190.80000007
2025-08-01 11:01:34 AM,3868.8,5,19344.0,175287534.80000007
2025-08-01 11:01:35 AM,3868.7,0,0.0,175287534.80000007
2025-08-01 11:01:35 AM,3868.7,1,3868.7,175291403.50000006
2025-08-01 11:02:20 AM,3866.5,0,0.0,175291403.50000006
2025-08-01 11:02:20 AM,3866.5,30,115995.0,175407398.50000006
2025-08-01 11:02:35 AM,3868.2,0,0.0,175407398.50000006
2025-08-01 11:02:35 AM,3868.2,1,3868.2,175411266.70000005
2025-08-01 11:02:49 AM,3868.4,4,15473.6,175426740.30000004
2025-08-01 11:03:02 AM,3868.9,0,0.0,175426740.30000004
2025-08-01 11:03:03 AM,3868.9,2,7737.8,175434478.10000005
2025-08-01 11:03:14 AM,3869.1,0,0.0,175434478.10000005
2025-08-01 11:03:15 AM,3869.1,39,150894.9,175585373.00000006
2025-08-01 11:03:32 AM,3867.7,0,0.0,175585373.00000006
2025-08-01 11:03:34 AM,3867.7,1,3867.7,175589240.70000005
2025-08-01 11:03:45 AM,3867.7,2,7735.4,175596976.10000005
2025-08-01 11:04:03 AM,3868.9,0,0.0,175596976.10000005
2025-08-01 11:04:03 AM,3868.9,1,3868.9,175600845.00000006
2025-08-01 11:04:15 AM,3868.9,1,3868.9,175604713.90000007
2025-08-01 11:04:35 AM,3869.6,1,3869.6,175608583.50000006
2025-08-01 11:04:38 AM,3868.1,2,7736.2,175616319.70000005
2025-08-01 11:04:42 AM,3869.7,12,46436.399999999994,175662756.10000005
2025-08-01 11:04:54 AM,3868.2,0,0.0,175662756.10000005
2025-08-01 11:04:54 AM,3868.2,1,3868.2,175666624.30000004
2025-08-01 11:05:03 AM,3868.2,2,7736.4,175674360.70000005
2025-08-01 11:05:30 AM,3868.2,12,46418.399999999994,175720779.10000005
2025-08-01 11:05:34 AM,3867.9,0,0.0,175720779.10000005
2025-08-01 11:05:35 AM,3867.9,2,7735.8,175728514.90000007
2025-08-01 11:05:59 AM,3867.7,0,0.0,175728514.90000007
2025-08-01 11:06:01 AM,3867.7,50,193385.0,175921899.90000007
2025-08-01 11:06:02 AM,3867.0,46,177882.0,176099781.90000007
2025-08-01 11:06:05 AM,3867.0,2,7734.0,176107515.90000007
2025-08-01 11:06:14 AM,3866.8,0,0.0,176107515.90000007
2025-08-01 11:06:14 AM,3866.8,5,19334.0,176126849.90000007
2025-08-01 11:06:16 AM,3866.8,21,81202.8,176208052.70000008
2025-08-01 11:06:25 AM,3866.0,0,0.0,176208052.70000008
2025-08-01 11:06:25 AM,3866.0,7,27062.0,176235114.70000008
2025-08-01 11:06:34 AM,3866.0,1,3866.0,176238980.70000008
2025-08-01 11:06:49 AM,3866.0,10,38660.0,176277640.70000008
2025-08-01 11:06:59 AM,3866.0,20,77320.0,176354960.70000008
2025-08-01 11:07:00 AM,3866.0,16,61856.0,176416816.70000008
2025-08-01 11:07:03 AM,3864.5,70,270515.0,176687331.70000008
2025-08-01 11:07:05 AM,3866.0,489,1890474.0,178577805.70000008
2025-08-01 11:07:06 AM,3867.2,270,1044144.0,179621949.70000008
2025-08-01 11:07:07 AM,3866.3,56,216512.80000000002,179838462.5000001
2025-08-01 11:07:23 AM,3868.2,0,0.0,179838462.5000001
2025-08-01 11:07:23 AM,3868.2,10,38682.0,179877144.5000001
2025-08-01 11:07:39 AM,3866.5,0,0.0,179877144.5000001
2025-08-01 11:07:40 AM,3866.5,1,3866.5,179881011.0000001
2025-08-01 11:07:49 AM,3866.6,3,11599.8,179892610.8000001
2025-08-01 11:07:58 AM,3867.7,86,332622.2,180225233.0000001
2025-08-01 11:08:00 AM,3867.4,0,0.0,180225233.0000001
2025-08-01 11:08:01 AM,3867.4,18,69613.2,180294846.20000008
2025-08-01 11:08:02 AM,3866.7,92,355736.39999999997,180650582.60000008
2025-08-01 11:08:03 AM,3867.2,29,112148.79999999999,180762731.4000001
2025-08-01 11:08:11 AM,3866.6,2,7733.2,180770464.60000008
2025-08-01 11:08:14 AM,3867.3,0,0.0,180770464.60000008
2025-08-01 11:08:15 AM,3867.3,9,34805.700000000004,180805270.30000007
2025-08-01 11:08:19 AM,3867.4,0,0.0,180805270.30000007
2025-08-01 11:08:20 AM,3867.4,28,108287.2,180913557.50000006
2025-08-01 11:08:42 AM,3866.6,5,19333.0,180932890.50000006
2025-08-01 11:08:58 AM,3865.6,0,0.0,180932890.50000006
2025-08-01 11:08:58 AM,3865.6,25,96640.0,181029530.50000006
2025-08-01 11:08:59 AM,3866.0,0,0.0,181029530.50000006
2025-08-01 11:08:59 AM,3866.0,23,88918.0,181118448.50000006
2025-08-01 11:09:16 AM,3865.4,40,154616.0,181273064.50000006
2025-08-01 11:09:23 AM,3864.1,7,27048.7,181300113.20000005
2025-08-01 11:09:27 AM,3864.1,5,19320.5,181319433.70000005
2025-08-01 11:09:35 AM,3863.8,6,23182.800000000003,181342616.50000006
2025-08-01 11:09:36 AM,3864.1,1,3864.1,181346480.60000005
2025-08-01 11:09:41 AM,3864.2,0,0.0,181346480.60000005
2025-08-01 11:09:41 AM,3864.2,50,193210.0,181539690.60000005
2025-08-01 11:09:42 AM,3864.6,0,0.0,181539690.60000005
2025-08-01 11:09:42 AM,3864.6,28,108208.8,181647899.40000007
2025-08-01 11:10:14 AM,3861.9,100,386190.0,182034089.40000007
2025-08-01 11:10:17 AM,3863.7,0,0.0,182034089.40000007
2025-08-01 11:10:19 AM,3863.7,25,96592.5,182130681.90000007
2025-08-01 11:10:25 AM,3862.0,17,65654.0,182196335.90000007
2025-08-01 11:10:33 AM,3862.5,0,0.0,182196335.90000007
2025-08-01 11:10:36 AM,3862.5,1,3862.5,182200198.40000007
2025-08-01 11:10:52 AM,3862.5,13,50212.5,182250410.90000007
2025-08-01 11:10:54 AM,3860.0,0,0.0,182250410.90000007
2025-08-01 11:10:58 AM,3860.0,197,760420.0,183010830.90000007
2025-08-01 11:10:59 AM,3860.0,5,19300.0,183030130.90000007
2025-08-01 11:10:59 AM,3859.7,0,0.0,183030130.90000007
2025-08-01 11:11:03 AM,3859.7,62,239301.4,183269432.30000007
2025-08-01 11:11:05 AM,3860.0,0,0.0,183269432.30000007
2025-08-01 11:11:09 AM,3860.0,5,19300.0,183288732.30000007
2025-08-01 11:11:11 AM,3860.1,0,0.0,183288732.30000007
2025-08-01 11:11:13 AM,3860.0,0,0.0,183288732.30000007
2025-08-01 11:11:14 AM,3860.0,60,231600.0,183520332.30000007
2025-08-01 11:11:17 AM,3860.8,0,0.0,183520332.30000007
2025-08-01 11:11:19 AM,3860.1,0,0.0,183520332.30000007
2025-08-01 11:11:20 AM,3860.1,22,84922.2,183605254.50000006
2025-08-01 11:11:25 AM,3860.8,0,0.0,183605254.50000006
2025-08-01 11:11:25 AM,3860.8,19,73355.2,183678609.70000005
2025-08-01 11:11:31 AM,3861.3,0,0.0,183678609.70000005
2025-08-01 11:11:31 AM,3861.3,10,38613.0,183717222.70000005
2025-08-01 11:11:32 AM,3862.4,0,0.0,183717222.70000005
2025-08-01 11:11:36 AM,3862.4,2,7724.8,183724947.50000006
2025-08-01 11:11:39 AM,3860.7,0,0.0,183724947.50000006
2025-08-01 11:11:42 AM,3860.7,100,386070.0,184111017.50000006
2025-08-01 11:11:43 AM,3862.5,0,0.0,184111017.50000006
2025-08-01 11:11:47 AM,3862.5,108,417150.0,184528167.50000006
2025-08-01 11:11:49 AM,3863.6,0,0.0,184528167.50000006
2025-08-01 11:11:52 AM,3863.6,19,73408.4,184601575.90000007
2025-08-01 11:11:53 AM,3864.1,0,0.0,184601575.90000007
2025-08-01 11:11:57 AM,3864.1,5,19320.5,184620896.40000007
2025-08-01 11:11:59 AM,3864.8,0,0.0,184620896.40000007
2025-08-01 11:12:00 AM,3864.8,14,54107.200000000004,184675003.60000005
2025-08-01 11:12:02 AM,3864.8,5,19324.0,184694327.60000005
2025-08-01 11:12:03 AM,3862.8,0,0.0,184694327.60000005
2025-08-01 11:12:03 AM,3862.8,1,3862.8,184698190.40000007
2025-08-01 11:12:08 AM,3865.1,1,3865.1,184702055.50000006
2025-08-01 11:12:13 AM,3865.1,20,77302.0,184779357.50000006
2025-08-01 11:12:21 AM,3865.1,1,3865.1,184783222.60000005
2025-08-01 11:12:23 AM,3865.1,13,50246.299999999996,184833468.90000007
2025-08-01 11:12:24 AM,3865.4,1,3865.4,184837334.30000007
2025-08-01 11:12:28 AM,3865.9,0,0.0,184837334.30000007
2025-08-01 11:12:29 AM,3865.9,12,46390.8,184883725.10000008
2025-08-01 11:12:51 AM,3864.5,0,0.0,184883725.10000008
2025-08-01 11:12:51 AM,3864.5,14,54103.0,184937828.10000008
2025-08-01 11:13:11 AM,3864.3,17,65693.1,185003521.20000008
2025-08-01 11:13:22 AM,3864.3,3,11592.900000000001,185015114.10000008
2025-08-01 11:13:30 AM,3864.3,14,54100.200000000004,185069214.30000007
2025-08-01 11:13:31 AM,3864.6,22,85021.2,185154235.50000006
2025-08-01 11:13:36 AM,3863.7,10,38637.0,185192872.50000006
2025-08-01 11:13:37 AM,3863.0,1,3863.0,185196735.50000006
2025-08-01 11:14:47 AM,3863.0,1,3863.0,185200598.50000006
2025-08-01 11:14:59 AM,3861.2,0,0.0,185200598.50000006
2025-08-01 11:14:59 AM,3861.2,10,38612.0,185239210.50000006
2025-08-01 11:15:35 AM,3861.5,0,0.0,185239210.50000006
2025-08-01 11:15:35 AM,3861.5,1,3861.5,185243072.00000006
2025-08-01 11:15:35 AM,3863.1,14,54083.4,185297155.40000007
2025-08-01 11:16:21 AM,3863.1,13,50220.299999999996,185347375.70000008
2025-08-01 11:16:52 AM,3862.0,89,343718.0,185691093.70000008
2025-08-01 11:17:07 AM,3863.1,0,0.0,185691093.70000008
2025-08-01 11:17:07 AM,3863.1,16,61809.6,185752903.30000007
2025-08-01 11:17:08 AM,3864.2,0,0.0,185752903.30000007
2025-08-01 11:17:08 AM,3864.2,15,57963.0,185810866.30000007
2025-08-01 11:17:09 AM,3862.1,0,0.0,185810866.30000007
2025-08-01 11:17:09 AM,3862.1,9,34758.9,185845625.20000008
2025-08-01 11:17:21 AM,3864.3,0,0.0,185845625.20000008
2025-08-01 11:17:21 AM,3864.3,1,3864.3,185849489.5000001
2025-08-01 11:17:30 AM,3864.3,1,3864.3,185853353.8000001
2025-08-01 11:18:02 AM,3863.2,1,3863.2,185857217.0000001
2025-08-01 11:18:10 AM,3863.8,5,19319.0,185876536.0000001
2025-08-01 11:18:11 AM,3862.7,16,61803.2,185938339.20000008
2025-08-01 11:18:12 AM,3861.5,0,0.0,185938339.20000008
2025-08-01 11:18:12 AM,3861.5,11,42476.5,185980815.70000008
2025-08-01 11:18:13 AM,3862.8,25,96570.0,186077385.70000008
2025-08-01 11:18:21 AM,3860.0,0,0.0,186077385.70000008
2025-08-01 11:18:21 AM,3860.0,32,123520.0,186200905.70000008
2025-08-01 11:18:22 AM,3860.1,2,7720.2,186208625.90000007
2025-08-01 11:18:46 AM,3858.3,0,0.0,186208625.90000007
2025-08-01 11:18:46 AM,3858.3,75,289372.5,186497998.40000007
2025-08-01 11:18:47 AM,3861.2,0,0.0,186497998.40000007
2025-08-01 11:18:47 AM,3861.2,27,104252.4,186602250.80000007
2025-08-01 11:18:50 AM,3859.3,0,0.0,186602250.80000007
2025-08-01 11:18:50 AM,3859.3,6,23155.800000000003,186625406.60000008
2025-08-01 11:19:25 AM,3860.1,63,243186.3,186868592.9000001
2025-08-01 11:19:25 AM,3860.1,18,69481.8,186938074.7000001
2025-08-01 11:19:31 AM,3860.1,4,15440.4,186953515.1000001
2025-08-01 11:19:31 AM,3861.4,9,34752.6,186988267.7000001
2025-08-01 11:19:36 AM,3859.0,97,374323.0,187362590.7000001
2025-08-01 11:19:36 AM,3860.1,0,0.0,187362590.7000001
2025-08-01 11:19:36 AM,3860.1,27,104222.7,187466813.4000001
2025-08-01 11:19:37 AM,3860.4,0,0.0,187466813.4000001
2025-08-01 11:19:37 AM,3860.4,44,169857.6,187636671.0000001
2025-08-01 11:19:50 AM,3857.2,0,0.0,187636671.0000001
2025-08-01 11:19:50 AM,3857.2,50,192860.0,187829531.0000001
2025-08-01 11:19:51 AM,3859.2,24,92620.79999999999,187922151.8000001
2025-08-01 11:19:58 AM,3859.3,4,15437.2,187937589.0000001
2025-08-01 11:20:15 AM,3857.0,0,0.0,187937589.0000001
2025-08-01 11:20:15 AM,3857.0,71,273847.0,188211436.0000001
2025-08-01 11:20:16 AM,3856.9,18,69424.2,188280860.20000008
2025-08-01 11:20:17 AM,3857.0,0,0.0,188280860.20000008
2025-08-01 11:20:17 AM,3857.0,1,3857.0,188284717.20000008
2025-08-01 11:20:42 AM,3857.0,13,50141.0,188334858.20000008
2025-08-01 11:20:45 AM,3855.3,120,462636.0,188797494.20000008
2025-08-01 11:20:45 AM,3856.2,0,0.0,188797494.20000008
2025-08-01 11:20:46 AM,3856.2,34,131110.8,188928605.0000001
2025-08-01 11:21:07 AM,3854.8,13,50112.4,188978717.4000001
2025-08-01 11:21:08 AM,3856.8,0,0.0,188978717.4000001
2025-08-01 11:21:09 AM,3856.8,10,38568.0,189017285.4000001
2025-08-01 11:21:17 AM,3856.6,5,19283.0,189036568.4000001
2025-08-01 11:21:18 AM,3856.5,23,88699.5,189125267.9000001
2025-08-01 11:21:19 AM,3856.4,13,50133.200000000004,189175401.10000008
2025-08-01 11:21:30 AM,3854.8,0,0.0,189175401.10000008
2025-08-01 11:21:30 AM,3854.8,7,26983.600000000002,189202384.70000008
2025-08-01 11:21:30 AM,3854.7,6,23128.199999999997,189225512.90000007
2025-08-01 11:21:31 AM,3854.6,0,0.0,189225512.90000007
2025-08-01 11:21:31 AM,3854.6,6,23127.6,189248640.50000006
2025-08-01 11:22:01 AM,3856.6,0,0.0,189248640.50000006
2025-08-01 11:22:01 AM,3856.6,35,134981.0,189383621.50000006
2025-08-01 11:22:02 AM,3854.6,0,0.0,189383621.50000006
2025-08-01 11:22:02 AM,3854.6,46,177311.6,189560933.10000005
2025-08-01 11:22:03 AM,3854.6,22,84801.2,189645734.30000004
2025-08-01 11:22:03 AM,3855.9,0,0.0,189645734.30000004
2025-08-01 11:22:04 AM,3855.9,25,96397.5,189742131.80000004
2025-08-01 11:22:06 AM,3854.7,39,150333.3,189892465.10000005
2025-08-01 11:22:07 AM,3856.6,1,3856.6,189896321.70000005
2025-08-01 11:22:08 AM,3856.6,15,57849.0,189954170.70000005
2025-08-01 11:22:22 AM,3855.0,91,350805.0,190304975.70000005
2025-08-01 11:22:23 AM,3859.1,210,810411.0,191115386.70000005
2025-08-01 11:22:24 AM,3860.8,47,181457.6,191296844.30000004
2025-08-01 11:22:25 AM,3860.4,0,0.0,191296844.30000004
2025-08-01 11:22:26 AM,3860.4,1,3860.4,191300704.70000005
2025-08-01 11:22:26 AM,3860.9,0,0.0,191300704.70000005
2025-08-01 11:22:27 AM,3860.9,3,11582.7,191312287.40000004
2025-08-01 11:22:28 AM,3860.9,2,7721.8,191320009.20000005
2025-08-01 11:22:54 AM,3860.4,2,7720.8,191327730.00000006
2025-08-01 11:23:02 AM,3860.4,8,30883.2,191358613.20000005
2025-08-01 11:23:07 AM,3858.9,18,69460.2,191428073.40000004
2025-08-01 11:23:24 AM,3860.5,0,0.0,191428073.40000004
2025-08-01 11:23:24 AM,3860.5,75,289537.5,191717610.90000004
2025-08-01 11:23:25 AM,3860.5,24,92652.0,191810262.90000004
2025-08-01 11:23:26 AM,3858.9,7,27012.3,191837275.20000005
2025-08-01 11:23:27 AM,3860.8,19,73355.2,191910630.40000004
2025-08-01 11:23:27 AM,3860.9,0,0.0,191910630.40000004
2025-08-01 11:23:27 AM,3858.9,0,0.0,191910630.40000004
2025-08-01 11:23:27 AM,3858.9,6,23153.4,191933783.80000004
2025-08-01 11:23:31 AM,3860.6,17,65630.2,191999414.00000003
2025-08-01 11:23:36 AM,3858.7,0,0.0,191999414.00000003
2025-08-01 11:23:36 AM,3858.7,16,61739.2,192061153.20000002
2025-08-01 11:23:46 AM,3858.5,20,77170.0,192138323.20000002
2025-08-01 11:24:03 AM,3858.6,201,775578.6,192913901.8
2025-08-01 11:24:03 AM,3858.6,54,208364.4,193122266.20000002
2025-08-01 11:24:04 AM,3859.1,0,0.0,193122266.20000002
2025-08-01 11:24:04 AM,3859.1,73,281714.3,193403980.50000003
2025-08-01 11:24:06 AM,3859.6,0,0.0,193403980.50000003
2025-08-01 11:24:07 AM,3859.6,8,30876.8,193434857.30000004
2025-08-01 11:24:07 AM,3857.8,109,420500.2,193855357.50000003
2025-08-01 11:24:08 AM,3857.8,1,3857.8,193859215.30000004
2025-08-01 11:24:12 AM,3856.1,0,0.0,193859215.30000004
2025-08-01 11:24:12 AM,3856.1,76,293063.6,194152278.90000004
2025-08-01 11:24:13 AM,3857.9,35,135026.5,194287305.40000004
2025-08-01 11:24:14 AM,3859.9,15,57898.5,194345203.90000004
2025-08-01 11:24:27 AM,3858.3,6,23149.800000000003,194368353.70000005
2025-08-01 11:24:32 AM,3858.2,0,0.0,194368353.70000005
2025-08-01 11:24:32 AM,3858.2,2,7716.4,194376070.10000005
2025-08-01 11:25:06 AM,3858.2,6,23149.199999999997,194399219.30000004
2025-08-01 11:25:07 AM,3859.5,6,23157.0,194422376.30000004
2025-08-01 11:25:19 AM,3857.7,0,0.0,194422376.30000004
2025-08-01 11:25:19 AM,3857.7,5,19288.5,194441664.80000004
2025-08-01 11:25:26 AM,3857.5,0,0.0,194441664.80000004
2025-08-01 11:25:26 AM,3857.5,2,7715.0,194449379.80000004
2025-08-01 11:25:29 AM,3857.0,0,0.0,194449379.80000004
2025-08-01 11:25:29 AM,3857.0,15,57855.0,194507234.80000004
2025-08-01 11:25:30 AM,3856.2,0,0.0,194507234.80000004
2025-08-01 11:25:30 AM,3855.9,14,53982.6,194561217.40000004
2025-08-01 11:25:41 AM,3854.9,0,0.0,194561217.40000004
2025-08-01 11:25:41 AM,3854.9,2,7709.8,194568927.20000005
2025-08-01 11:26:01 AM,3853.5,0,0.0,194568927.20000005
2025-08-01 11:26:02 AM,3852.1,194,747307.4,195316234.60000005
2025-08-01 11:26:07 AM,3851.5,0,0.0,195316234.60000005
2025-08-01 11:26:08 AM,3851.5,19,73178.5,195389413.10000005
2025-08-01 11:26:08 AM,3851.4,0,0.0,195389413.10000005
2025-08-01 11:26:08 AM,3851.4,1,3851.4,195393264.50000006
2025-08-01 11:26:09 AM,3851.9,0,0.0,195393264.50000006
2025-08-01 11:26:12 AM,3852.0,0,0.0,195393264.50000006
2025-08-01 11:26:13 AM,3850.3,329,1266748.7,196660013.20000005
2025-08-01 11:26:14 AM,3846.1,1319,5073005.899999999,201733019.10000005
2025-08-01 11:26:15 AM,3845.0,0,0.0,201733019.10000005
2025-08-01 11:26:18 AM,3845.0,175,672875.0,202405894.10000005
2025-08-01 11:26:19 AM,3846.2,0,0.0,202405894.10000005
2025-08-01 11:26:23 AM,3846.2,15,57693.0,202463587.10000005
2025-08-01 11:26:24 AM,3846.3,0,0.0,202463587.10000005
2025-08-01 11:26:28 AM,3846.3,27,103850.1,202567437.20000005
2025-08-01 11:26:32 AM,3846.1,0,0.0,202567437.20000005
2025-08-01 11:26:33 AM,3845.0,181,695945.0,203263382.20000005
2025-08-01 11:26:42 AM,3844.8,0,0.0,203263382.20000005
2025-08-01 11:26:43 AM,3843.0,33,126819.0,203390201.20000005
2025-08-01 11:26:48 AM,3843.4,0,0.0,203390201.20000005
2025-08-01 11:26:48 AM,3843.4,1,3843.4,203394044.60000005
2025-08-01 11:26:58 AM,3843.1,19,73018.9,203467063.50000006
2025-08-01 11:27:14 AM,3843.1,39,149880.9,203616944.40000007
2025-08-01 11:27:21 AM,3843.4,100,384340.0,204001284.40000007
2025-08-01 11:27:22 AM,3842.7,37,142179.9,204143464.30000007
2025-08-01 11:27:37 AM,3842.0,25,96050.0,204239514.30000007
2025-08-01 11:27:39 AM,3841.2,10,38412.0,204277926.30000007
2025-08-01 11:27:41 AM,3842.0,2,7684.0,204285610.30000007
2025-08-01 11:27:56 AM,3842.0,100,384200.0,204669810.30000007
2025-08-01 11:27:56 AM,3842.9,0,0.0,204669810.30000007
