date,price,qty,trnvr,cum_trnvr
2025-08-01 09:15:04 AM,1089.7,5860,6385642.0,6385642.0
2025-08-01 09:15:04 AM,1090.1,0,0.0,6385642.0
2025-08-01 09:15:06 AM,1091.1,1188,1296226.7999999998,7681868.8
2025-08-01 09:15:13 AM,1089.0,0,0.0,7681868.8
2025-08-01 09:15:16 AM,1089.3,1268,1381232.4,9063101.2
2025-08-01 09:15:18 AM,1090.1,632,688943.2,9752044.399999999
2025-08-01 09:15:22 AM,1090.0,0,0.0,9752044.399999999
2025-08-01 09:15:26 AM,1090.8,1772,1932897.5999999999,11684941.999999998
2025-08-01 09:15:27 AM,1092.8,625,683000.0,12367941.999999998
2025-08-01 09:15:29 AM,1091.4,0,0.0,12367941.999999998
2025-08-01 09:15:33 AM,1092.0,0,0.0,12367941.999999998
2025-08-01 09:15:34 AM,1092.0,3447,3764124.0,16132065.999999998
2025-08-01 09:15:36 AM,1092.9,847,925686.3,17057752.299999997
2025-08-01 09:15:37 AM,1092.3,0,0.0,17057752.299999997
2025-08-01 09:15:42 AM,1092.0,1038,1133496.0,18191248.299999997
2025-08-01 09:15:42 AM,1092.6,0,0.0,18191248.299999997
2025-08-01 09:15:44 AM,1092.1,1188,1297414.7999999998,19488663.099999998
2025-08-01 09:15:46 AM,1092.4,0,0.0,19488663.099999998
2025-08-01 09:15:49 AM,1092.7,0,0.0,19488663.099999998
2025-08-01 09:15:51 AM,1092.1,1266,1382598.5999999999,20871261.7
2025-08-01 09:15:52 AM,1092.5,275,300437.5,21171699.2
2025-08-01 09:15:55 AM,1093.0,0,0.0,21171699.2
2025-08-01 09:15:57 AM,1093.5,0,0.0,21171699.2
2025-08-01 09:15:59 AM,1093.5,1145,1252057.5,22423756.7
2025-08-01 09:16:01 AM,1093.5,278,303993.0,22727749.7
2025-08-01 09:16:03 AM,1093.0,0,0.0,22727749.7
2025-08-01 09:16:07 AM,1092.9,1451,1585797.9000000001,24313547.599999998
2025-08-01 09:16:07 AM,1092.1,0,0.0,24313547.599999998
2025-08-01 09:16:11 AM,1092.0,0,0.0,24313547.599999998
2025-08-01 09:16:15 AM,1090.8,343,374144.39999999997,24687691.999999996
2025-08-01 09:16:17 AM,1091.7,164,179038.80000000002,24866730.799999997
2025-08-01 09:16:18 AM,1092.0,0,0.0,24866730.799999997
2025-08-01 09:16:20 AM,1092.3,0,0.0,24866730.799999997
2025-08-01 09:16:23 AM,1092.0,6139,6703788.0,31570518.799999997
2025-08-01 09:16:25 AM,1093.4,1551,1695863.4000000001,33266382.199999996
2025-08-01 09:16:28 AM,1094.6,0,0.0,33266382.199999996
2025-08-01 09:16:30 AM,1095.4,0,0.0,33266382.199999996
2025-08-01 09:16:32 AM,1096.3,728,798106.4,34064488.599999994
2025-08-01 09:16:33 AM,1097.3,81,88881.3,34153369.89999999
2025-08-01 09:16:38 AM,1096.3,0,0.0,34153369.89999999
2025-08-01 09:16:40 AM,1096.3,524,574461.2,34727831.099999994
2025-08-01 09:16:40 AM,1097.4,0,0.0,34727831.099999994
2025-08-01 09:16:41 AM,1096.7,75,82252.5,34810083.599999994
2025-08-01 09:16:48 AM,1096.0,3071,3365816.0,38175899.599999994
2025-08-01 09:16:50 AM,1095.4,610,668194.0,38844093.599999994
2025-08-01 09:16:50 AM,1094.7,0,0.0,38844093.599999994
2025-08-01 09:16:56 AM,1095.3,823,901431.8999999999,39745525.49999999
2025-08-01 09:16:58 AM,1094.5,301,329444.5,40074969.99999999
2025-08-01 09:17:00 AM,1096.3,1455,1595116.5,41670086.49999999
2025-08-01 09:17:01 AM,1097.0,135,148095.0,41818181.49999999
2025-08-01 09:17:02 AM,1096.4,243,266425.2,42084606.699999996
2025-08-01 09:17:02 AM,1096.3,0,0.0,42084606.699999996
2025-08-01 09:17:02 AM,1096.3,45,49333.5,42133940.199999996
2025-08-01 09:17:03 AM,1097.0,1,1097.0,42135037.199999996
2025-08-01 09:17:03 AM,1097.3,0,0.0,42135037.199999996
2025-08-01 09:17:04 AM,1097.3,18,19751.399999999998,42154788.599999994
2025-08-01 09:17:04 AM,1097.3,1744,1913691.2,44068479.8
2025-08-01 09:17:05 AM,1096.4,0,0.0,44068479.8
2025-08-01 09:17:05 AM,1096.4,118,129375.20000000001,44197855.0
2025-08-01 09:17:06 AM,1096.0,86,94256.0,44292111.0
2025-08-01 09:17:06 AM,1095.8,0,0.0,44292111.0
2025-08-01 09:17:06 AM,1095.8,24,26299.199999999997,44318410.2
2025-08-01 09:17:08 AM,1097.0,2,2194.0,44320604.2
2025-08-01 09:17:08 AM,1096.4,0,0.0,44320604.2
2025-08-01 09:17:09 AM,1097.0,275,301675.0,44622279.2
2025-08-01 09:17:09 AM,1097.0,1,1097.0,44623376.2
2025-08-01 09:17:09 AM,1097.3,0,0.0,44623376.2
2025-08-01 09:17:10 AM,1097.4,142,155830.80000000002,44779207.0
2025-08-01 09:17:10 AM,1096.8,0,0.0,44779207.0
2025-08-01 09:17:10 AM,1097.5,0,0.0,44779207.0
2025-08-01 09:17:11 AM,1098.0,586,643428.0,45422635.0
2025-08-01 09:17:11 AM,1097.0,24,26328.0,45448963.0
2025-08-01 09:17:11 AM,1097.6,0,0.0,45448963.0
2025-08-01 09:17:12 AM,1097.5,101,110847.5,45559810.5
2025-08-01 09:17:12 AM,1097.6,1,1097.6,45560908.1
2025-08-01 09:17:13 AM,1097.6,26,28537.6,45589445.7
2025-08-01 09:17:13 AM,1098.9,112,123076.80000000002,45712522.5
2025-08-01 09:17:14 AM,1099.0,403,442897.0,46155419.5
2025-08-01 09:17:14 AM,1099.8,230,252954.0,46408373.5
2025-08-01 09:17:15 AM,1099.3,95,104433.5,46512807.0
2025-08-01 09:17:15 AM,1099.3,17,18688.1,46531495.1
2025-08-01 09:17:16 AM,1099.5,114,125343.0,46656838.1
2025-08-01 09:17:17 AM,1098.8,0,0.0,46656838.1
2025-08-01 09:17:17 AM,1098.8,232,254921.59999999998,46911759.7
2025-08-01 09:17:18 AM,1098.8,119,130757.2,47042516.900000006
2025-08-01 09:17:18 AM,1098.4,0,0.0,47042516.900000006
2025-08-01 09:17:18 AM,1099.0,122,134078.0,47176594.900000006
2025-08-01 09:17:19 AM,1098.4,27,29656.800000000003,47206251.7
2025-08-01 09:17:19 AM,1099.0,0,0.0,47206251.7
2025-08-01 09:17:20 AM,1099.2,618,679305.6,47885557.300000004
2025-08-01 09:17:20 AM,1099.4,85,93449.00000000001,47979006.300000004
2025-08-01 09:17:20 AM,1099.8,0,0.0,47979006.300000004
2025-08-01 09:17:21 AM,1099.9,163,179283.7,48158290.00000001
2025-08-01 09:17:21 AM,1099.0,626,687974.0,48846264.00000001
2025-08-01 09:17:21 AM,1098.3,0,0.0,48846264.00000001
2025-08-01 09:17:22 AM,1098.3,77,84569.09999999999,48930833.10000001
2025-08-01 09:17:22 AM,1099.8,0,0.0,48930833.10000001
2025-08-01 09:17:23 AM,1099.1,253,278072.3,49208905.400000006
2025-08-01 09:17:23 AM,1099.1,5,5495.5,49214400.900000006
2025-08-01 09:17:23 AM,1099.0,0,0.0,49214400.900000006
2025-08-01 09:17:24 AM,1098.9,374,410988.60000000003,49625389.50000001
2025-08-01 09:17:24 AM,1099.0,0,0.0,49625389.50000001
2025-08-01 09:17:25 AM,1098.7,169,185680.30000000002,49811069.800000004
2025-08-01 09:17:25 AM,1098.7,76,83501.2,49894571.00000001
2025-08-01 09:17:25 AM,1098.1,0,0.0,49894571.00000001
2025-08-01 09:17:25 AM,1098.9,0,0.0,49894571.00000001
2025-08-01 09:17:26 AM,1099.0,232,254968.0,50149539.00000001
2025-08-01 09:17:26 AM,1099.0,1,1099.0,50150638.00000001
2025-08-01 09:17:27 AM,1099.0,66,72534.0,50223172.00000001
2025-08-01 09:17:27 AM,1098.1,0,0.0,50223172.00000001
2025-08-01 09:17:28 AM,1097.9,59,64776.100000000006,50287948.10000001
2025-08-01 09:17:28 AM,1099.0,77,84623.0,50372571.10000001
2025-08-01 09:17:29 AM,1099.3,60,65958.0,50438529.10000001
2025-08-01 09:17:29 AM,1099.1,0,0.0,50438529.10000001
2025-08-01 09:17:29 AM,1099.1,1,1099.1,50439628.20000001
2025-08-01 09:17:30 AM,1099.1,174,191243.4,50630871.60000001
2025-08-01 09:17:30 AM,1099.6,0,0.0,50630871.60000001
2025-08-01 09:17:30 AM,1099.6,16,17593.6,50648465.20000001
2025-08-01 09:17:32 AM,1099.6,20,21992.0,50670457.20000001
2025-08-01 09:17:32 AM,1099.1,0,0.0,50670457.20000001
2025-08-01 09:17:32 AM,1099.1,29,31873.899999999998,50702331.10000001
2025-08-01 09:17:33 AM,1098.7,0,0.0,50702331.10000001
2025-08-01 09:17:34 AM,1098.3,1951,2142783.3,52845114.400000006
2025-08-01 09:17:34 AM,1098.1,13,14275.3,52859389.7
2025-08-01 09:17:35 AM,1097.3,11,12070.3,52871460.0
2025-08-01 09:17:35 AM,1096.4,109,119507.6,52990967.6
2025-08-01 09:17:35 AM,1096.1,0,0.0,52990967.6
2025-08-01 09:17:35 AM,1096.9,0,0.0,52990967.6
2025-08-01 09:17:36 AM,1095.9,198,216988.2,53207955.800000004
2025-08-01 09:17:36 AM,1095.7,139,152302.30000000002,53360258.1
2025-08-01 09:17:36 AM,1095.6,0,0.0,53360258.1
2025-08-01 09:17:37 AM,1095.0,797,872715.0,54232973.1
2025-08-01 09:17:37 AM,1095.6,0,0.0,54232973.1
2025-08-01 09:17:37 AM,1095.6,75,82170.0,54315143.1
2025-08-01 09:17:38 AM,1095.0,153,167535.0,54482678.1
2025-08-01 09:17:38 AM,1095.8,0,0.0,54482678.1
2025-08-01 09:17:39 AM,1095.8,50,54790.0,54537468.1
2025-08-01 09:17:39 AM,1095.7,41,44923.700000000004,54582391.800000004
2025-08-01 09:17:39 AM,1095.0,0,0.0,54582391.800000004
2025-08-01 09:17:40 AM,1095.0,264,289080.0,54871471.800000004
2025-08-01 09:17:40 AM,1095.7,1,1095.7,54872567.50000001
2025-08-01 09:17:42 AM,1095.0,104,113880.0,54986447.50000001
2025-08-01 09:17:42 AM,1094.5,0,0.0,54986447.50000001
2025-08-01 09:17:43 AM,1094.7,85,93049.5,55079497.00000001
2025-08-01 09:17:43 AM,1094.9,175,191607.50000000003,55271104.50000001
2025-08-01 09:17:43 AM,1094.8,0,0.0,55271104.50000001
2025-08-01 09:17:44 AM,1094.8,100,109480.0,55380584.50000001
2025-08-01 09:17:44 AM,1094.2,0,0.0,55380584.50000001
2025-08-01 09:17:44 AM,1094.2,111,121456.20000000001,55502040.70000001
2025-08-01 09:17:45 AM,1094.0,35,38290.0,55540330.70000001
2025-08-01 09:17:45 AM,1093.4,0,0.0,55540330.70000001
2025-08-01 09:17:46 AM,1093.1,85,92913.49999999999,55633244.20000001
2025-08-01 09:17:46 AM,1093.8,50,54690.0,55687934.20000001
2025-08-01 09:17:47 AM,1093.8,1,1093.8,55689028.00000001
2025-08-01 09:17:48 AM,1093.1,18,19675.8,55708703.800000004
2025-08-01 09:17:48 AM,1092.9,48,52459.200000000004,55761163.00000001
2025-08-01 09:17:48 AM,1093.0,0,0.0,55761163.00000001
2025-08-01 09:17:49 AM,1093.0,151,165043.0,55926206.00000001
2025-08-01 09:17:50 AM,1092.4,21,22940.4,55949146.400000006
2025-08-01 09:17:50 AM,1093.5,661,722803.5,56671949.900000006
2025-08-01 09:17:52 AM,1092.9,22,24043.800000000003,56695993.7
2025-08-01 09:17:52 AM,1093.8,186,203446.8,56899440.5
2025-08-01 09:17:53 AM,1093.8,77,84222.59999999999,56983663.1
2025-08-01 09:17:53 AM,1093.8,58,63440.399999999994,57047103.5
2025-08-01 09:17:54 AM,1093.1,33,36072.299999999996,57083175.8
2025-08-01 09:17:54 AM,1094.0,0,0.0,57083175.8
2025-08-01 09:17:55 AM,1094.0,103,112682.0,57195857.8
2025-08-01 09:17:58 AM,1093.5,10,10935.0,57206792.8
2025-08-01 09:17:58 AM,1093.9,0,0.0,57206792.8
2025-08-01 09:17:59 AM,1093.9,14,15314.600000000002,57222107.4
2025-08-01 09:17:59 AM,1094.0,13,14222.0,57236329.4
2025-08-01 09:18:00 AM,1094.0,3,3282.0,57239611.4
2025-08-01 09:18:01 AM,1094.0,18,19692.0,57259303.4
2025-08-01 09:18:02 AM,1094.2,0,0.0,57259303.4
2025-08-01 09:18:02 AM,1094.2,70,76594.0,57335897.4
2025-08-01 09:18:05 AM,1094.5,0,0.0,57335897.4
2025-08-01 09:18:05 AM,1094.5,1,1094.5,57336991.9
2025-08-01 09:18:06 AM,1094.5,44,48158.0,57385149.9
2025-08-01 09:18:06 AM,1094.5,3,3283.5,57388433.4
2025-08-01 09:18:07 AM,1096.0,1,1096.0,57389529.4
2025-08-01 09:18:09 AM,1096.4,76,83326.40000000001,57472855.8
2025-08-01 09:18:10 AM,1096.0,76,83296.0,57556151.8
2025-08-01 09:18:10 AM,1096.4,1,1096.4,57557248.199999996
2025-08-01 09:18:11 AM,1096.0,1011,1108056.0,58665304.199999996
2025-08-01 09:18:11 AM,1096.2,0,0.0,58665304.199999996
2025-08-01 09:18:12 AM,1096.2,10,10962.0,58676266.199999996
2025-08-01 09:18:12 AM,1096.3,46,50429.799999999996,58726695.99999999
2025-08-01 09:18:13 AM,1096.2,81,88792.2,58815488.199999996
2025-08-01 09:18:13 AM,1097.0,288,315936.0,59131424.199999996
2025-08-01 09:18:15 AM,1097.5,18,19755.0,59151179.199999996
2025-08-01 09:18:16 AM,1097.6,139,152566.4,59303745.599999994
2025-08-01 09:18:18 AM,1097.8,10,10978.0,59314723.599999994
2025-08-01 09:18:19 AM,1097.3,37,40600.1,59355323.699999996
2025-08-01 09:18:20 AM,1097.7,10,10977.0,59366300.699999996
2025-08-01 09:18:20 AM,1097.7,251,275522.7,59641823.4
2025-08-01 09:18:21 AM,1097.8,250,274450.0,59916273.4
2025-08-01 09:18:21 AM,1097.9,0,0.0,59916273.4
2025-08-01 09:18:21 AM,1097.9,311,341446.9,60257720.3
2025-08-01 09:18:22 AM,1098.0,119,130662.0,60388382.3
2025-08-01 09:18:22 AM,1098.2,0,0.0,60388382.3
2025-08-01 09:18:22 AM,1098.2,49,53811.8,60442194.099999994
2025-08-01 09:18:23 AM,1098.4,187,205400.80000000002,60647594.89999999
2025-08-01 09:18:23 AM,1098.5,0,0.0,60647594.89999999
2025-08-01 09:18:23 AM,1098.5,33,36250.5,60683845.39999999
2025-08-01 09:18:24 AM,1097.9,174,191034.6,60874879.99999999
2025-08-01 09:18:25 AM,1098.4,13,14279.2,60889159.199999996
2025-08-01 09:18:25 AM,1097.8,0,0.0,60889159.199999996
2025-08-01 09:18:25 AM,1097.8,103,113073.4,61002232.599999994
2025-08-01 09:18:26 AM,1097.9,25,27447.500000000004,61029680.099999994
2025-08-01 09:18:27 AM,1097.9,17,18664.300000000003,61048344.39999999
2025-08-01 09:18:27 AM,1098.5,0,0.0,61048344.39999999
2025-08-01 09:18:28 AM,1098.5,15,16477.5,61064821.89999999
2025-08-01 09:18:29 AM,1097.7,201,220637.7,61285459.599999994
2025-08-01 09:18:30 AM,1097.2,2593,2845039.6,64130499.199999996
2025-08-01 09:18:30 AM,1096.1,0,0.0,64130499.199999996
2025-08-01 09:18:31 AM,1095.3,218,238775.4,64369274.599999994
2025-08-01 09:18:31 AM,1095.1,0,0.0,64369274.599999994
2025-08-01 09:18:31 AM,1095.1,5,5475.5,64374750.099999994
2025-08-01 09:18:32 AM,1095.2,388,424937.60000000003,64799687.699999996
2025-08-01 09:18:32 AM,1095.3,0,0.0,64799687.699999996
2025-08-01 09:18:32 AM,1095.3,48,52574.399999999994,64852262.099999994
2025-08-01 09:18:32 AM,1095.1,0,0.0,64852262.099999994
2025-08-01 09:18:33 AM,1095.6,1436,1573281.5999999999,66425543.699999996
2025-08-01 09:18:33 AM,1096.9,0,0.0,66425543.699999996
2025-08-01 09:18:33 AM,1096.9,20,21938.0,66447481.699999996
2025-08-01 09:18:34 AM,1097.0,70,76790.0,66524271.699999996
2025-08-01 09:18:35 AM,1096.0,67,73432.0,66597703.699999996
2025-08-01 09:18:35 AM,1095.7,0,0.0,66597703.699999996
2025-08-01 09:18:35 AM,1095.8,166,181902.8,66779606.49999999
2025-08-01 09:18:36 AM,1095.9,450,493155.00000000006,67272761.5
2025-08-01 09:18:38 AM,1096.1,0,0.0,67272761.5
2025-08-01 09:18:38 AM,1096.1,36,39459.6,67312221.1
2025-08-01 09:18:39 AM,1095.9,35,38356.5,67350577.6
2025-08-01 09:18:40 AM,1095.8,126,138070.8,67488648.39999999
2025-08-01 09:18:40 AM,1096.0,0,0.0,67488648.39999999
2025-08-01 09:18:40 AM,1096.7,0,0.0,67488648.39999999
2025-08-01 09:18:41 AM,1096.7,31,33997.700000000004,67522646.1
2025-08-01 09:18:42 AM,1096.3,361,395764.3,67918410.39999999
2025-08-01 09:18:42 AM,1096.2,70,76734.0,67995144.39999999
2025-08-01 09:18:43 AM,1096.3,2,2192.6,67997336.99999999
2025-08-01 09:18:43 AM,1095.6,0,0.0,67997336.99999999
2025-08-01 09:18:44 AM,1095.7,726,795478.2000000001,68792815.19999999
2025-08-01 09:18:44 AM,1095.6,51,55875.6,68848690.79999998
2025-08-01 09:18:45 AM,1095.7,19,20818.3,68869509.09999998
2025-08-01 09:18:45 AM,1095.6,6,6573.599999999999,68876082.69999997
2025-08-01 09:18:45 AM,1095.1,0,0.0,68876082.69999997
2025-08-01 09:18:46 AM,1095.0,103,112785.0,68988867.69999997
2025-08-01 09:18:47 AM,1095.0,29,31755.0,69020622.69999997
2025-08-01 09:18:48 AM,1095.0,11,12045.0,69032667.69999997
2025-08-01 09:18:48 AM,1094.9,34,37226.600000000006,69069894.29999997
2025-08-01 09:18:49 AM,1095.0,425,465375.0,69535269.29999997
2025-08-01 09:18:50 AM,1095.0,4,4380.0,69539649.29999997
2025-08-01 09:18:50 AM,1096.0,188,206048.0,69745697.29999997
2025-08-01 09:18:50 AM,1097.0,0,0.0,69745697.29999997
2025-08-01 09:18:51 AM,1097.0,250,274250.0,70019947.29999997
2025-08-01 09:18:51 AM,1097.4,0,0.0,70019947.29999997
2025-08-01 09:18:52 AM,1096.2,134,146890.80000000002,70166838.09999996
2025-08-01 09:18:52 AM,1095.8,83,90951.4,70257789.49999997
2025-08-01 09:18:53 AM,1095.8,17,18628.6,70276418.09999996
2025-08-01 09:18:54 AM,1095.5,20,21910.0,70298328.09999996
2025-08-01 09:18:55 AM,1096.4,1,1096.4,70299424.49999997
2025-08-01 09:18:55 AM,1096.0,19,20824.0,70320248.49999997
2025-08-01 09:18:56 AM,1096.3,0,0.0,70320248.49999997
2025-08-01 09:18:57 AM,1096.3,255,279556.5,70599804.99999997
2025-08-01 09:18:58 AM,1096.2,0,0.0,70599804.99999997
2025-08-01 09:18:59 AM,1096.0,30,32880.0,70632684.99999997
2025-08-01 09:19:00 AM,1096.7,0,0.0,70632684.99999997
2025-08-01 09:19:00 AM,1096.7,66,72382.2,70705067.19999997
2025-08-01 09:19:01 AM,1096.7,20,21934.0,70727001.19999997
2025-08-01 09:19:01 AM,1096.2,0,0.0,70727001.19999997
2025-08-01 09:19:02 AM,1096.7,21,23030.7,70750031.89999998
2025-08-01 09:19:02 AM,1096.0,0,0.0,70750031.89999998
2025-08-01 09:19:03 AM,1096.7,625,685437.5,71435469.39999998
2025-08-01 09:19:05 AM,1096.6,0,0.0,71435469.39999998
2025-08-01 09:19:06 AM,1096.6,114,125012.4,71560481.79999998
2025-08-01 09:19:07 AM,1096.2,38,41655.6,71602137.39999998
2025-08-01 09:19:08 AM,1096.6,49,53733.399999999994,71655870.79999998
2025-08-01 09:19:09 AM,1096.8,505,553884.0,72209754.79999998
2025-08-01 09:19:09 AM,1096.7,0,0.0,72209754.79999998
2025-08-01 09:19:10 AM,1098.0,892,979416.0,73189170.79999998
2025-08-01 09:19:11 AM,1098.1,0,0.0,73189170.79999998
2025-08-01 09:19:12 AM,1096.8,255,279684.0,73468854.79999998
2025-08-01 09:19:13 AM,1098.5,832,913952.0,74382806.79999998
2025-08-01 09:19:13 AM,1098.2,0,0.0,74382806.79999998
2025-08-01 09:19:14 AM,1098.2,675,741285.0,75124091.79999998
2025-08-01 09:19:15 AM,1098.3,0,0.0,75124091.79999998
2025-08-01 09:19:15 AM,1098.3,90,98847.0,75222938.79999998
2025-08-01 09:19:16 AM,1098.3,136,149368.8,75372307.59999998
2025-08-01 09:19:17 AM,1098.1,0,0.0,75372307.59999998
2025-08-01 09:19:18 AM,1098.1,603,662154.2999999999,76034461.89999998
2025-08-01 09:19:19 AM,1097.1,0,0.0,76034461.89999998
2025-08-01 09:19:20 AM,1097.5,100,109750.0,76144211.89999998
2025-08-01 09:19:21 AM,1098.0,0,0.0,76144211.89999998
2025-08-01 09:19:22 AM,1098.0,54,59292.0,76203503.89999998
2025-08-01 09:19:23 AM,1098.0,249,273402.0,76476905.89999998
2025-08-01 09:19:23 AM,1097.5,0,0.0,76476905.89999998
2025-08-01 09:19:24 AM,1098.0,47,51606.0,76528511.89999998
2025-08-01 09:19:25 AM,1098.0,128,140544.0,76669055.89999998
2025-08-01 09:19:26 AM,1097.7,0,0.0,76669055.89999998
2025-08-01 09:19:26 AM,1097.7,25,27442.5,76696498.39999998
2025-08-01 09:19:27 AM,1097.9,0,0.0,76696498.39999998
2025-08-01 09:19:27 AM,1097.9,32,35132.8,76731631.19999997
2025-08-01 09:19:29 AM,1097.9,60,65874.0,76797505.19999997
2025-08-01 09:19:30 AM,1097.9,48,52699.200000000004,76850204.39999998
2025-08-01 09:19:30 AM,1098.1,0,0.0,76850204.39999998
2025-08-01 09:19:31 AM,1098.1,36,39531.6,76889735.99999997
2025-08-01 09:19:31 AM,1098.0,0,0.0,76889735.99999997
2025-08-01 09:19:32 AM,1098.1,111,121889.09999999999,77011625.09999996
2025-08-01 09:19:32 AM,1097.9,0,0.0,77011625.09999996
2025-08-01 09:19:33 AM,1097.9,549,602747.1000000001,77614372.19999996
2025-08-01 09:19:33 AM,1098.0,0,0.0,77614372.19999996
2025-08-01 09:19:34 AM,1098.0,111,121878.0,77736250.19999996
2025-08-01 09:19:35 AM,1097.9,183,200915.7,77937165.89999996
2025-08-01 09:19:36 AM,1098.1,1305,1433020.4999999998,79370186.39999996
2025-08-01 09:19:37 AM,1098.0,256,281088.0,79651274.39999996
2025-08-01 09:19:37 AM,1097.1,0,0.0,79651274.39999996
2025-08-01 09:19:38 AM,1097.6,0,0.0,79651274.39999996
2025-08-01 09:19:38 AM,1097.6,704,772710.3999999999,80423984.79999997
2025-08-01 09:19:39 AM,1096.3,0,0.0,80423984.79999997
2025-08-01 09:19:39 AM,1096.3,323,354104.89999999997,80778089.69999997
2025-08-01 09:19:40 AM,1097.1,0,0.0,80778089.69999997
2025-08-01 09:19:41 AM,1096.1,213,233469.3,81011558.99999997
2025-08-01 09:19:41 AM,1096.0,0,0.0,81011558.99999997
2025-08-01 09:19:42 AM,1097.1,1181,1295675.0999999999,82307234.09999996
2025-08-01 09:19:42 AM,1097.2,0,0.0,82307234.09999996
2025-08-01 09:19:43 AM,1097.8,162,177843.6,82485077.69999996
2025-08-01 09:19:43 AM,1098.0,0,0.0,82485077.69999996
2025-08-01 09:19:44 AM,1098.0,10,10980.0,82496057.69999996
2025-08-01 09:19:44 AM,1097.0,0,0.0,82496057.69999996
2025-08-01 09:19:45 AM,1097.0,107,117379.0,82613436.69999996
2025-08-01 09:19:45 AM,1098.0,0,0.0,82613436.69999996
2025-08-01 09:19:46 AM,1098.0,228,250344.0,82863780.69999996
2025-08-01 09:19:46 AM,1097.4,0,0.0,82863780.69999996
2025-08-01 09:19:46 AM,1097.9,0,0.0,82863780.69999996
2025-08-01 09:19:47 AM,1097.9,211,231656.90000000002,83095437.59999996
2025-08-01 09:19:47 AM,1098.0,0,0.0,83095437.59999996
2025-08-01 09:19:48 AM,1097.2,36,39499.200000000004,83134936.79999997
2025-08-01 09:19:48 AM,1098.0,0,0.0,83134936.79999997
2025-08-01 09:19:49 AM,1098.0,148,162504.0,83297440.79999997
2025-08-01 09:19:50 AM,1097.3,0,0.0,83297440.79999997
2025-08-01 09:19:50 AM,1097.3,100,109730.0,83407170.79999997
2025-08-01 09:19:51 AM,1098.0,0,0.0,83407170.79999997
2025-08-01 09:19:51 AM,1098.0,11,12078.0,83419248.79999997
2025-08-01 09:19:52 AM,1097.7,0,0.0,83419248.79999997
2025-08-01 09:19:53 AM,1097.7,32,35126.4,83454375.19999997
2025-08-01 09:19:53 AM,1098.0,0,0.0,83454375.19999997
2025-08-01 09:19:54 AM,1098.0,1,1098.0,83455473.19999997
2025-08-01 09:19:54 AM,1097.9,0,0.0,83455473.19999997
2025-08-01 09:19:55 AM,1098.0,234,256932.0,83712405.19999997
2025-08-01 09:19:56 AM,1097.7,0,0.0,83712405.19999997
2025-08-01 09:19:56 AM,1098.0,0,0.0,83712405.19999997
2025-08-01 09:19:57 AM,1098.0,326,357948.0,84070353.19999997
2025-08-01 09:19:57 AM,1097.7,0,0.0,84070353.19999997
2025-08-01 09:19:58 AM,1097.6,187,205251.19999999998,84275604.39999998
2025-08-01 09:19:58 AM,1097.7,0,0.0,84275604.39999998
2025-08-01 09:19:59 AM,1098.0,343,376614.0,84652218.39999998
2025-08-01 09:19:59 AM,1098.0,18,19764.0,84671982.39999998
2025-08-01 09:19:59 AM,1097.4,0,0.0,84671982.39999998
2025-08-01 09:20:00 AM,1097.6,203,222812.8,84894795.19999997
2025-08-01 09:20:00 AM,1098.0,16,17568.0,84912363.19999997
2025-08-01 09:20:01 AM,1098.0,304,333792.0,85246155.19999997
2025-08-01 09:20:02 AM,1097.7,145,159166.5,85405321.69999997
2025-08-01 09:20:02 AM,1098.0,5,5490.0,85410811.69999997
2025-08-01 09:20:03 AM,1098.3,769,844592.7,86255404.39999998
2025-08-01 09:20:04 AM,1098.1,36,39531.6,86294935.99999997
2025-08-01 09:20:05 AM,1098.1,17,18667.699999999997,86313603.69999997
2025-08-01 09:20:07 AM,1098.1,79,86749.9,86400353.59999998
2025-08-01 09:20:08 AM,1098.1,42,46120.2,86446473.79999998
2025-08-01 09:20:08 AM,1098.3,3,3294.8999999999996,86449768.69999999
2025-08-01 09:20:09 AM,1098.2,93,102132.6,86551901.29999998
2025-08-01 09:20:09 AM,1098.2,3,3294.6000000000004,86555195.89999998
2025-08-01 09:20:09 AM,1098.1,0,0.0,86555195.89999998
2025-08-01 09:20:10 AM,1098.1,25,27452.499999999996,86582648.39999998
2025-08-01 09:20:11 AM,1097.6,0,0.0,86582648.39999998
2025-08-01 09:20:11 AM,1098.0,0,0.0,86582648.39999998
2025-08-01 09:20:12 AM,1098.0,2613,2869074.0,89451722.39999998
2025-08-01 09:20:13 AM,1096.2,286,313513.2,89765235.59999998
2025-08-01 09:20:13 AM,1096.2,37,40559.4,89805794.99999999
2025-08-01 09:20:14 AM,1096.0,31,33976.0,89839770.99999999
2025-08-01 09:20:15 AM,1096.9,17,18647.300000000003,89858418.29999998
2025-08-01 09:20:16 AM,1096.1,21,23018.1,89881436.39999998
2025-08-01 09:20:16 AM,1096.9,20,21938.0,89903374.39999998
2025-08-01 09:20:17 AM,1096.9,10,10969.0,89914343.39999998
2025-08-01 09:20:17 AM,1096.0,0,0.0,89914343.39999998
2025-08-01 09:20:18 AM,1096.9,125,137112.5,90051455.89999998
2025-08-01 09:20:18 AM,1097.2,600,658320.0,90709775.89999998
2025-08-01 09:20:18 AM,1096.2,0,0.0,90709775.89999998
2025-08-01 09:20:19 AM,1096.9,261,286290.9,90996066.79999998
2025-08-01 09:20:19 AM,1096.1,34,37267.399999999994,91033334.19999999
2025-08-01 09:20:19 AM,1096.7,0,0.0,91033334.19999999
2025-08-01 09:20:20 AM,1096.7,5,5483.5,91038817.69999999
2025-08-01 09:20:21 AM,1096.1,16,17537.6,91056355.29999998
2025-08-01 09:20:21 AM,1096.0,20,21920.0,91078275.29999998
2025-08-01 09:20:22 AM,1096.0,83,90968.0,91169243.29999998
2025-08-01 09:20:22 AM,1096.1,73,80015.29999999999,91249258.59999998
2025-08-01 09:20:22 AM,1096.0,0,0.0,91249258.59999998
2025-08-01 09:20:23 AM,1096.1,79,86591.9,91335850.49999999
2025-08-01 09:20:24 AM,1096.0,8,8768.0,91344618.49999999
2025-08-01 09:20:24 AM,1096.1,27,29594.699999999997,91374213.19999999
2025-08-01 09:20:24 AM,1096.0,0,0.0,91374213.19999999
2025-08-01 09:20:24 AM,1096.1,0,0.0,91374213.19999999
2025-08-01 09:20:25 AM,1096.5,795,871717.5,92245930.69999999
2025-08-01 09:20:26 AM,1096.3,70,76741.0,92322671.69999999
2025-08-01 09:20:27 AM,1096.1,22,24114.199999999997,92346785.89999999
2025-08-01 09:20:27 AM,1096.2,0,0.0,92346785.89999999
2025-08-01 09:20:28 AM,1096.2,13,14250.6,92361036.49999999
2025-08-01 09:20:29 AM,1096.2,50,54810.0,92415846.49999999
2025-08-01 09:20:29 AM,1097.0,0,0.0,92415846.49999999
2025-08-01 09:20:30 AM,1096.2,24,26308.800000000003,92442155.29999998
2025-08-01 09:20:30 AM,1097.0,17,18649.0,92460804.29999998
2025-08-01 09:20:31 AM,1096.2,114,124966.8,92585771.09999998
2025-08-01 09:20:31 AM,1096.4,14,15349.600000000002,92601120.69999997
2025-08-01 09:20:32 AM,1097.0,3,3291.0,92604411.69999997
2025-08-01 09:20:34 AM,1097.0,1,1097.0,92605508.69999997
2025-08-01 09:20:35 AM,1097.0,10,10970.0,92616478.69999997
2025-08-01 09:20:36 AM,1097.2,25,27430.0,92643908.69999997
2025-08-01 09:20:38 AM,1097.7,11,12074.7,92655983.39999998
2025-08-01 09:20:38 AM,1097.8,0,0.0,92655983.39999998
2025-08-01 09:20:39 AM,1097.4,7,7681.800000000001,92663665.19999997
2025-08-01 09:20:40 AM,1097.8,2,2195.6,92665860.79999997
2025-08-01 09:20:41 AM,1097.9,32,35132.8,92700993.59999996
2025-08-01 09:20:41 AM,1098.0,0,0.0,92700993.59999996
2025-08-01 09:20:42 AM,1098.0,20,21960.0,92722953.59999996
2025-08-01 09:20:43 AM,1098.0,113,124074.0,92847027.59999996
2025-08-01 09:20:44 AM,1098.0,1341,1472418.0,94319445.59999996
2025-08-01 09:20:45 AM,1098.0,66,72468.0,94391913.59999996
2025-08-01 09:20:45 AM,1098.1,0,0.0,94391913.59999996
2025-08-01 09:20:46 AM,1097.7,352,386390.4,94778303.99999997
2025-08-01 09:20:46 AM,1096.7,714,783043.8,95561347.79999997
2025-08-01 09:20:47 AM,1096.2,20,21924.0,95583271.79999997
2025-08-01 09:20:47 AM,1095.8,0,0.0,95583271.79999997
2025-08-01 09:20:48 AM,1095.8,235,257513.0,95840784.79999997
2025-08-01 09:20:49 AM,1096.4,119,130471.6,95971256.39999996
2025-08-01 09:20:49 AM,1096.5,0,0.0,95971256.39999996
2025-08-01 09:20:50 AM,1096.5,108,118422.0,96089678.39999996
2025-08-01 09:20:50 AM,1097.1,0,0.0,96089678.39999996
2025-08-01 09:20:51 AM,1097.1,361,396053.1,96485731.49999996
2025-08-01 09:20:51 AM,1097.5,0,0.0,96485731.49999996
2025-08-01 09:20:52 AM,1097.8,94,103193.2,96588924.69999996
2025-08-01 09:20:52 AM,1097.3,0,0.0,96588924.69999996
2025-08-01 09:20:53 AM,1097.3,19,20848.7,96609773.39999996
2025-08-01 09:20:53 AM,1097.8,50,54890.0,96664663.39999996
2025-08-01 09:20:53 AM,1097.9,0,0.0,96664663.39999996
2025-08-01 09:20:54 AM,1097.8,93,102095.4,96766758.79999997
2025-08-01 09:20:55 AM,1097.8,78,85628.4,96852387.19999997
2025-08-01 09:20:55 AM,1097.3,28,30724.399999999998,96883111.59999998
2025-08-01 09:20:56 AM,1097.8,5,5489.0,96888600.59999998
2025-08-01 09:20:56 AM,1097.4,0,0.0,96888600.59999998
2025-08-01 09:20:57 AM,1097.8,94,103193.2,96991793.79999998
2025-08-01 09:20:58 AM,1097.8,5,5489.0,96997282.79999998
2025-08-01 09:20:59 AM,1097.8,19,20858.2,97018140.99999999
2025-08-01 09:20:59 AM,1097.5,25,27437.5,97045578.49999999
2025-08-01 09:21:00 AM,1097.8,54,59281.2,97104859.69999999
2025-08-01 09:21:01 AM,1098.2,1183,1299170.6,98404030.29999998
2025-08-01 09:21:01 AM,1098.1,0,0.0,98404030.29999998
2025-08-01 09:21:02 AM,1098.1,80,87848.0,98491878.29999998
2025-08-01 09:21:03 AM,1098.0,22,24156.0,98516034.29999998
2025-08-01 09:21:03 AM,1098.6,14,15380.399999999998,98531414.69999999
2025-08-01 09:21:04 AM,1098.9,6,6593.400000000001,98538008.1
2025-08-01 09:21:06 AM,1098.9,20,21978.0,98559986.1
2025-08-01 09:21:06 AM,1098.8,33,36260.4,98596246.5
2025-08-01 09:21:07 AM,1098.9,27,29670.300000000003,98625916.8
2025-08-01 09:21:07 AM,1098.9,10,10989.0,98636905.8
2025-08-01 09:21:08 AM,1098.9,73,80219.70000000001,98717125.5
2025-08-01 09:21:09 AM,1099.0,0,0.0,98717125.5
2025-08-01 09:21:09 AM,1099.0,689,757211.0,99474336.5
2025-08-01 09:21:10 AM,1098.7,100,109870.0,99584206.5
2025-08-01 09:21:10 AM,1101.0,0,0.0,99584206.5
2025-08-01 09:21:10 AM,1100.7,0,0.0,99584206.5
2025-08-01 09:21:11 AM,1100.7,1180,1298826.0,100883032.5
2025-08-01 09:21:11 AM,1100.8,0,0.0,100883032.5
2025-08-01 09:21:12 AM,1101.0,103,113403.0,100996435.5
2025-08-01 09:21:12 AM,1100.8,41,45132.799999999996,101041568.3
2025-08-01 09:21:12 AM,1101.5,0,0.0,101041568.3
2025-08-01 09:21:13 AM,1101.5,116,127774.0,101169342.3
2025-08-01 09:21:13 AM,1100.9,0,0.0,101169342.3
2025-08-01 09:21:14 AM,1100.9,19,20917.100000000002,101190259.39999999
2025-08-01 09:21:14 AM,1101.7,0,0.0,101190259.39999999
2025-08-01 09:21:14 AM,1102.4,0,0.0,101190259.39999999
2025-08-01 09:21:15 AM,1102.2,610,672342.0,101862601.39999999
2025-08-01 09:21:15 AM,1101.9,0,0.0,101862601.39999999
2025-08-01 09:21:15 AM,1101.8,0,0.0,101862601.39999999
2025-08-01 09:21:16 AM,1101.8,102,112383.59999999999,101974984.99999999
2025-08-01 09:21:16 AM,1101.1,0,0.0,101974984.99999999
2025-08-01 09:21:17 AM,1101.9,110,121209.00000000001,102096193.99999999
2025-08-01 09:21:17 AM,1102.0,0,0.0,102096193.99999999
2025-08-01 09:21:18 AM,1102.0,33,36366.0,102132559.99999999
2025-08-01 09:21:18 AM,1102.0,155,170810.0,102303369.99999999
2025-08-01 09:21:19 AM,1102.0,38,41876.0,102345245.99999999
2025-08-01 09:21:19 AM,1102.0,2,2204.0,102347449.99999999
2025-08-01 09:21:20 AM,1102.0,51,56202.0,102403651.99999999
2025-08-01 09:21:20 AM,1102.0,123,135546.0,102539197.99999999
2025-08-01 09:21:20 AM,1101.5,0,0.0,102539197.99999999
2025-08-01 09:21:21 AM,1101.2,13,14315.6,102553513.59999998
2025-08-01 09:21:23 AM,1100.8,650,715520.0,103269033.59999998
2025-08-01 09:21:23 AM,1101.2,179,197114.80000000002,103466148.39999998
2025-08-01 09:21:24 AM,1101.2,1,1101.2,103467249.59999998
2025-08-01 09:21:24 AM,1101.3,0,0.0,103467249.59999998
2025-08-01 09:21:24 AM,1101.3,300,330390.0,103797639.59999998
2025-08-01 09:21:25 AM,1100.1,192,211219.19999999998,104008858.79999998
2025-08-01 09:21:25 AM,1100.8,0,0.0,104008858.79999998
2025-08-01 09:21:25 AM,1100.8,32,35225.6,104044084.39999998
2025-08-01 09:21:26 AM,1100.8,110,121088.0,104165172.39999998
2025-08-01 09:21:26 AM,1100.8,26,28620.8,104193793.19999997
2025-08-01 09:21:27 AM,1100.9,36,39632.4,104233425.59999998
2025-08-01 09:21:28 AM,1100.9,100,110090.00000000001,104343515.59999998
2025-08-01 09:21:30 AM,1101.0,0,0.0,104343515.59999998
2025-08-01 09:21:31 AM,1101.0,16,17616.0,104361131.59999998
2025-08-01 09:21:31 AM,1101.1,0,0.0,104361131.59999998
2025-08-01 09:21:31 AM,1101.1,1,1101.1,104362232.69999997
2025-08-01 09:21:32 AM,1101.1,14,15415.399999999998,104377648.09999998
2025-08-01 09:21:32 AM,1100.8,0,0.0,104377648.09999998
2025-08-01 09:21:33 AM,1100.8,8,8806.4,104386454.49999999
2025-08-01 09:21:34 AM,1100.5,0,0.0,104386454.49999999
2025-08-01 09:21:35 AM,1100.5,158,173879.0,104560333.49999999
2025-08-01 09:21:36 AM,1100.4,22,24208.800000000003,104584542.29999998
2025-08-01 09:21:36 AM,1100.9,20,22018.0,104606560.29999998
2025-08-01 09:21:37 AM,1100.8,2,2201.6,104608761.89999998
2025-08-01 09:21:37 AM,1100.7,0,0.0,104608761.89999998
2025-08-01 09:21:38 AM,1100.7,208,228945.6,104837707.49999997
2025-08-01 09:21:39 AM,1100.9,11,12109.900000000001,104849817.39999998
2025-08-01 09:21:39 AM,1100.8,0,0.0,104849817.39999998
2025-08-01 09:21:40 AM,1100.8,33,36326.4,104886143.79999998
2025-08-01 09:21:40 AM,1100.7,52,57236.4,104943380.19999999
2025-08-01 09:21:41 AM,1100.7,59,64941.3,105008321.49999999
2025-08-01 09:21:41 AM,1100.7,20,22014.0,105030335.49999999
2025-08-01 09:21:42 AM,1100.7,6,6604.200000000001,105036939.69999999
2025-08-01 09:21:42 AM,1100.6,17,18710.199999999997,105055649.89999999
2025-08-01 09:21:43 AM,1101.1,1,1101.1,105056750.99999999
2025-08-01 09:21:43 AM,1101.1,10,11011.0,105067761.99999999
2025-08-01 09:21:44 AM,1101.1,3,3303.2999999999997,105071065.29999998
2025-08-01 09:21:45 AM,1101.1,1,1101.1,105072166.39999998
2025-08-01 09:21:45 AM,1100.9,0,0.0,105072166.39999998
2025-08-01 09:21:45 AM,1100.9,40,44036.0,105116202.39999998
2025-08-01 09:21:46 AM,1101.2,50,55060.0,105171262.39999998
2025-08-01 09:21:46 AM,1102.1,0,0.0,105171262.39999998
2025-08-01 09:21:47 AM,1102.1,2338,2576709.8,107747972.19999997
2025-08-01 09:21:47 AM,1101.6,0,0.0,107747972.19999997
2025-08-01 09:21:48 AM,1100.9,1046,1151541.4000000001,108899513.59999998
2025-08-01 09:21:48 AM,1100.9,181,199262.90000000002,109098776.49999999
2025-08-01 09:21:49 AM,1100.1,10,11001.0,109109777.49999999
2025-08-01 09:21:49 AM,1100.1,353,388335.3,109498112.79999998
2025-08-01 09:21:50 AM,1100.1,47,51704.7,109549817.49999999
2025-08-01 09:21:51 AM,1100.1,34,37403.399999999994,109587220.89999999
2025-08-01 09:21:52 AM,1100.0,0,0.0,109587220.89999999
2025-08-01 09:21:53 AM,1100.0,110,121000.0,109708220.89999999
2025-08-01 09:21:54 AM,1100.0,16,17600.0,109725820.89999999
2025-08-01 09:21:54 AM,1100.9,8,8807.2,109734628.1
2025-08-01 09:21:55 AM,1100.9,200,220180.00000000003,109954808.1
2025-08-01 09:21:55 AM,1100.3,0,0.0,109954808.1
2025-08-01 09:21:56 AM,1101.0,241,265341.0,110220149.1
2025-08-01 09:21:56 AM,1100.2,0,0.0,110220149.1
2025-08-01 09:21:57 AM,1100.9,37,40733.3,110260882.39999999
2025-08-01 09:21:58 AM,1101.3,449,494483.69999999995,110755366.1
2025-08-01 09:21:59 AM,1102.2,50,55110.0,110810476.1
2025-08-01 09:21:59 AM,1102.2,276,304207.2,111114683.3
2025-08-01 09:22:00 AM,1102.2,53,58416.600000000006,111173099.89999999
2025-08-01 09:22:00 AM,1101.7,32,35254.4,111208354.3
2025-08-01 09:22:00 AM,1102.2,0,0.0,111208354.3
2025-08-01 09:22:01 AM,1102.2,30,33066.0,111241420.3
2025-08-01 09:22:02 AM,1102.3,40,44092.0,111285512.3
2025-08-01 09:22:02 AM,1102.5,20,22050.0,111307562.3
2025-08-01 09:22:02 AM,1102.3,0,0.0,111307562.3
2025-08-01 09:22:03 AM,1102.1,29,31960.899999999998,111339523.2
2025-08-01 09:22:03 AM,1102.7,245,270161.5,111609684.7
2025-08-01 09:22:04 AM,1102.7,100,110270.0,111719954.7
2025-08-01 09:22:04 AM,1102.8,15,16542.0,111736496.7
2025-08-01 09:22:05 AM,1103.9,1199,1323576.1,113060072.8
2025-08-01 09:22:05 AM,1103.9,18,19870.2,113079943.0
2025-08-01 09:22:06 AM,1103.9,50,55195.00000000001,113135138.0
2025-08-01 09:22:06 AM,1103.3,0,0.0,113135138.0
2025-08-01 09:22:07 AM,1102.8,1253,1381808.4,114516946.4
2025-08-01 09:22:07 AM,1104.0,0,0.0,114516946.4
2025-08-01 09:22:08 AM,1102.6,97,106952.2,114623898.60000001
2025-08-01 09:22:08 AM,1102.5,5,5512.5,114629411.10000001
2025-08-01 09:22:09 AM,1102.2,85,93687.0,114723098.10000001
2025-08-01 09:22:11 AM,1102.1,34,37471.399999999994,114760569.50000001
2025-08-01 09:22:11 AM,1103.1,0,0.0,114760569.50000001
2025-08-01 09:22:11 AM,1103.1,200,220619.99999999997,114981189.50000001
2025-08-01 09:22:12 AM,1102.6,188,207288.8,115188478.30000001
2025-08-01 09:22:13 AM,1102.6,29,31975.399999999998,115220453.70000002
2025-08-01 09:22:14 AM,1102.8,0,0.0,115220453.70000002
2025-08-01 09:22:15 AM,1102.8,3,3308.3999999999996,115223762.10000002
2025-08-01 09:22:15 AM,1103.0,0,0.0,115223762.10000002
2025-08-01 09:22:16 AM,1103.0,15,16545.0,115240307.10000002
2025-08-01 09:22:17 AM,1103.0,20,22060.0,115262367.10000002
2025-08-01 09:22:18 AM,1103.3,0,0.0,115262367.10000002
2025-08-01 09:22:19 AM,1102.6,158,174210.8,115436577.90000002
2025-08-01 09:22:20 AM,1102.9,12,13234.800000000001,115449812.70000002
2025-08-01 09:22:21 AM,1102.6,5,5513.0,115455325.70000002
2025-08-01 09:22:21 AM,1102.9,0,0.0,115455325.70000002
2025-08-01 09:22:22 AM,1102.9,298,328664.2,115783989.90000002
2025-08-01 09:22:22 AM,1103.0,0,0.0,115783989.90000002
2025-08-01 09:22:22 AM,1103.0,21,23163.0,115807152.90000002
2025-08-01 09:22:22 AM,1102.6,0,0.0,115807152.90000002
2025-08-01 09:22:23 AM,1102.4,121,133390.40000000002,115940543.30000003
2025-08-01 09:22:23 AM,1102.8,0,0.0,115940543.30000003
2025-08-01 09:22:23 AM,1102.8,28,30878.399999999998,115971421.70000003
2025-08-01 09:22:24 AM,1103.0,59,65077.0,116036498.70000003
2025-08-01 09:22:24 AM,1102.9,0,0.0,116036498.70000003
2025-08-01 09:22:24 AM,1102.4,0,0.0,116036498.70000003
2025-08-01 09:22:25 AM,1102.9,51,56247.9,116092746.60000004
2025-08-01 09:22:25 AM,1102.9,48,52939.200000000004,116145685.80000004
2025-08-01 09:22:25 AM,1102.4,0,0.0,116145685.80000004
2025-08-01 09:22:25 AM,1102.3,0,0.0,116145685.80000004
2025-08-01 09:22:26 AM,1102.3,356,392418.8,116538104.60000004
2025-08-01 09:22:26 AM,1101.3,67,73787.09999999999,116611891.70000003
2025-08-01 09:22:26 AM,1101.9,0,0.0,116611891.70000003
2025-08-01 09:22:26 AM,1102.0,0,0.0,116611891.70000003
2025-08-01 09:22:27 AM,1102.1,460,506965.99999999994,117118857.70000003
2025-08-01 09:22:27 AM,1101.0,78,85878.0,117204735.70000003
2025-08-01 09:22:29 AM,1101.0,84,92484.0,117297219.70000003
2025-08-01 09:22:29 AM,1101.8,0,0.0,117297219.70000003
2025-08-01 09:22:30 AM,1101.9,301,331671.9,117628891.60000004
2025-08-01 09:22:31 AM,1101.1,26,28628.6,117657520.20000003
2025-08-01 09:22:31 AM,1101.9,35,38566.5,117696086.70000003
2025-08-01 09:22:32 AM,1101.0,131,144231.0,117840317.70000003
2025-08-01 09:22:33 AM,1101.0,20,22020.0,117862337.70000003
2025-08-01 09:22:34 AM,1101.9,700,771330.0000000001,118633667.70000003
2025-08-01 09:22:34 AM,1101.9,10,11019.0,118644686.70000003
2025-08-01 09:22:35 AM,1102.0,1000,1102000.0,119746686.70000003
2025-08-01 09:22:35 AM,1102.0,27,29754.0,119776440.70000003
2025-08-01 09:22:36 AM,1101.2,114,125536.8,119901977.50000003
2025-08-01 09:22:37 AM,1102.1,100,110209.99999999999,120012187.50000003
2025-08-01 09:22:37 AM,1101.2,0,0.0,120012187.50000003
2025-08-01 09:22:38 AM,1101.9,74,81540.6,120093728.10000002
2025-08-01 09:22:38 AM,1101.2,28,30833.600000000002,120124561.70000002
2025-08-01 09:22:38 AM,1102.0,0,0.0,120124561.70000002
2025-08-01 09:22:39 AM,1102.0,184,202768.0,120327329.70000002
2025-08-01 09:22:40 AM,1102.0,250,275500.0,120602829.70000002
2025-08-01 09:22:40 AM,1102.1,60,66126.0,120668955.70000002
2025-08-01 09:22:40 AM,1102.0,0,0.0,120668955.70000002
2025-08-01 09:22:41 AM,1102.2,324,357112.8,121026068.50000001
2025-08-01 09:22:42 AM,1102.2,82,90380.40000000001,121116448.90000002
2025-08-01 09:22:42 AM,1102.2,2,2204.4,121118653.30000003
2025-08-01 09:22:42 AM,1102.0,0,0.0,121118653.30000003
2025-08-01 09:22:43 AM,1102.3,65,71649.5,121190302.80000003
2025-08-01 09:22:44 AM,1102.3,1,1102.3,121191405.10000002
2025-08-01 09:22:44 AM,1102.0,0,0.0,121191405.10000002
2025-08-01 09:22:45 AM,1102.0,25,27550.0,121218955.10000002
2025-08-01 09:22:45 AM,1102.3,79,87081.7,121306036.80000003
2025-08-01 09:22:46 AM,1102.4,10,11024.0,121317060.80000003
2025-08-01 09:22:47 AM,1102.1,1,1102.1,121318162.90000002
2025-08-01 09:22:48 AM,1102.4,1,1102.4,121319265.30000003
2025-08-01 09:22:48 AM,1102.4,424,467417.60000000003,121786682.90000002
2025-08-01 09:22:49 AM,1102.4,4,4409.6,121791092.50000001
2025-08-01 09:22:50 AM,1102.4,1,1102.4,121792194.90000002
2025-08-01 09:22:51 AM,1102.2,30,33066.0,121825260.90000002
2025-08-01 09:22:51 AM,1102.4,0,0.0,121825260.90000002
2025-08-01 09:22:51 AM,1102.9,0,0.0,121825260.90000002
2025-08-01 09:22:52 AM,1102.9,15,16543.5,121841804.40000002
2025-08-01 09:22:53 AM,1102.0,0,0.0,121841804.40000002
2025-08-01 09:22:54 AM,1102.3,249,274472.7,122116277.10000002
2025-08-01 09:22:54 AM,1102.5,8,8820.0,122125097.10000002
2025-08-01 09:22:54 AM,1102.4,0,0.0,122125097.10000002
2025-08-01 09:22:55 AM,1102.4,50,55120.00000000001,122180217.10000002
2025-08-01 09:22:55 AM,1102.4,121,133390.40000000002,122313607.50000003
2025-08-01 09:22:55 AM,1102.0,0,0.0,122313607.50000003
2025-08-01 09:22:55 AM,1102.3,0,0.0,122313607.50000003
2025-08-01 09:22:56 AM,1102.3,1372,1512355.5999999999,123825963.10000002
2025-08-01 09:22:56 AM,1102.1,0,0.0,123825963.10000002
2025-08-01 09:22:57 AM,1102.1,4,4408.4,123830371.50000003
2025-08-01 09:22:58 AM,1102.0,49,53998.0,123884369.50000003
2025-08-01 09:22:58 AM,1101.9,0,0.0,123884369.50000003
2025-08-01 09:22:58 AM,1101.9,155,170794.5,124055164.00000003
2025-08-01 09:22:59 AM,1102.4,0,0.0,124055164.00000003
2025-08-01 09:22:59 AM,1102.4,50,55120.00000000001,124110284.00000003
2025-08-01 09:23:00 AM,1101.8,38,41868.4,124152152.40000004
2025-08-01 09:23:00 AM,1102.1,0,0.0,124152152.40000004
2025-08-01 09:23:01 AM,1102.1,72,79351.2,124231503.60000004
2025-08-01 09:23:01 AM,1102.4,0,0.0,124231503.60000004
2025-08-01 09:23:01 AM,1102.5,0,0.0,124231503.60000004
2025-08-01 09:23:02 AM,1102.6,72,79387.2,124310890.80000004
2025-08-01 09:23:02 AM,1102.3,0,0.0,124310890.80000004
2025-08-01 09:23:02 AM,1102.8,0,0.0,124310890.80000004
2025-08-01 09:23:03 AM,1102.8,36,39700.799999999996,124350591.60000004
2025-08-01 09:23:04 AM,1103.0,459,506277.0,124856868.60000004
2025-08-01 09:23:04 AM,1102.3,0,0.0,124856868.60000004
2025-08-01 09:23:05 AM,1102.3,28,30864.399999999998,124887733.00000004
2025-08-01 09:23:06 AM,1102.3,20,22046.0,124909779.00000004
2025-08-01 09:23:07 AM,1103.0,0,0.0,124909779.00000004
2025-08-01 09:23:08 AM,1103.0,1,1103.0,124910882.00000004
2025-08-01 09:23:09 AM,1103.0,1,1103.0,124911985.00000004
2025-08-01 09:23:11 AM,1103.0,504,555912.0,125467897.00000004
2025-08-01 09:23:11 AM,1102.8,0,0.0,125467897.00000004
2025-08-01 09:23:11 AM,1102.4,0,0.0,125467897.00000004
2025-08-01 09:23:12 AM,1102.4,184,202841.6,125670738.60000004
2025-08-01 09:23:12 AM,1102.8,0,0.0,125670738.60000004
2025-08-01 09:23:13 AM,1102.8,10,11028.0,125681766.60000004
2025-08-01 09:23:13 AM,1102.5,0,0.0,125681766.60000004
2025-08-01 09:23:14 AM,1102.4,236,260166.40000000002,125941933.00000004
2025-08-01 09:23:14 AM,1102.4,50,55120.00000000001,125997053.00000004
2025-08-01 09:23:14 AM,1102.9,0,0.0,125997053.00000004
2025-08-01 09:23:14 AM,1103.0,0,0.0,125997053.00000004
2025-08-01 09:23:15 AM,1103.0,96,105888.0,126102941.00000004
2025-08-01 09:23:16 AM,1102.5,0,0.0,126102941.00000004
2025-08-01 09:23:17 AM,1102.5,21,23152.5,126126093.50000004
2025-08-01 09:23:17 AM,1103.0,0,0.0,126126093.50000004
2025-08-01 09:23:18 AM,1103.0,100,110300.0,126236393.50000004
2025-08-01 09:23:19 AM,1103.0,15,16545.0,126252938.50000004
2025-08-01 09:23:20 AM,1103.0,30,33090.0,126286028.50000004
2025-08-01 09:23:20 AM,1102.4,0,0.0,126286028.50000004
2025-08-01 09:23:21 AM,1102.2,2167,2388467.4,128674495.90000005
2025-08-01 09:23:21 AM,1102.7,0,0.0,128674495.90000005
2025-08-01 09:23:22 AM,1102.0,1251,1378602.0,130053097.90000005
2025-08-01 09:23:22 AM,1102.4,0,0.0,130053097.90000005
2025-08-01 09:23:23 AM,1102.4,483,532459.2000000001,130585557.10000005
2025-08-01 09:23:23 AM,1102.0,0,0.0,130585557.10000005
2025-08-01 09:23:24 AM,1102.4,95,104728.00000000001,130690285.10000005
2025-08-01 09:23:25 AM,1102.4,5,5512.0,130695797.10000005
2025-08-01 09:23:25 AM,1102.0,0,0.0,130695797.10000005
2025-08-01 09:23:26 AM,1102.0,26,28652.0,130724449.10000005
2025-08-01 09:23:26 AM,1101.1,0,0.0,130724449.10000005
2025-08-01 09:23:27 AM,1101.3,823,906369.8999999999,131630819.00000006
2025-08-01 09:23:28 AM,1101.1,82,90290.2,131721109.20000006
2025-08-01 09:23:28 AM,1101.8,0,0.0,131721109.20000006
2025-08-01 09:23:29 AM,1101.8,17,18730.6,131739839.80000006
2025-08-01 09:23:29 AM,1101.1,0,0.0,131739839.80000006
2025-08-01 09:23:30 AM,1101.1,24,26426.399999999998,131766266.20000006
2025-08-01 09:23:30 AM,1101.9,0,0.0,131766266.20000006
2025-08-01 09:23:31 AM,1101.9,2231,2458338.9000000004,134224605.10000005
2025-08-01 09:23:31 AM,1101.1,0,0.0,134224605.10000005
2025-08-01 09:23:32 AM,1101.0,251,276351.0,134500956.10000005
2025-08-01 09:23:33 AM,1101.1,29,31931.899999999998,134532888.00000006
2025-08-01 09:23:33 AM,1101.8,0,0.0,134532888.00000006
2025-08-01 09:23:34 AM,1101.8,3,3305.3999999999996,134536193.40000007
2025-08-01 09:23:34 AM,1101.1,0,0.0,134536193.40000007
2025-08-01 09:23:35 AM,1101.1,46,50650.6,134586844.00000006
2025-08-01 09:23:35 AM,1101.8,0,0.0,134586844.00000006
2025-08-01 09:23:36 AM,1101.8,67,73820.59999999999,134660664.60000005
2025-08-01 09:23:36 AM,1100.7,0,0.0,134660664.60000005
2025-08-01 09:23:36 AM,1101.5,0,0.0,134660664.60000005
2025-08-01 09:23:37 AM,1101.5,849,935173.5,135595838.10000005
2025-08-01 09:23:37 AM,1100.3,0,0.0,135595838.10000005
2025-08-01 09:23:37 AM,1100.3,113,124333.9,135720172.00000006
2025-08-01 09:23:38 AM,1101.3,0,0.0,135720172.00000006
2025-08-01 09:23:38 AM,1101.3,1,1101.3,135721273.30000007
2025-08-01 09:23:39 AM,1100.5,0,0.0,135721273.30000007
2025-08-01 09:23:39 AM,1100.5,73,80336.5,135801609.80000007
2025-08-01 09:23:40 AM,1101.0,10,11010.0,135812619.80000007
2025-08-01 09:23:40 AM,1101.3,0,0.0,135812619.80000007
2025-08-01 09:23:40 AM,1101.3,8,8810.4,135821430.20000008
2025-08-01 09:23:41 AM,1101.4,17,18723.800000000003,135840154.0000001
2025-08-01 09:23:41 AM,1100.4,0,0.0,135840154.0000001
2025-08-01 09:23:41 AM,1100.4,150,165060.0,136005214.0000001
2025-08-01 09:23:42 AM,1101.4,10,11014.0,136016228.0000001
2025-08-01 09:23:42 AM,1100.6,0,0.0,136016228.0000001
2025-08-01 09:23:42 AM,1101.4,119,131066.6,136147294.60000008
2025-08-01 09:23:44 AM,1100.4,0,0.0,136147294.60000008
2025-08-01 09:23:44 AM,1100.4,35,38514.0,136185808.60000008
2025-08-01 09:23:45 AM,1101.4,3,3304.2000000000003,136189112.80000007
2025-08-01 09:23:45 AM,1100.5,26,28613.0,136217725.80000007
2025-08-01 09:23:47 AM,1100.5,5,5502.5,136223228.30000007
2025-08-01 09:23:47 AM,1100.5,5,5502.5,136228730.80000007
2025-08-01 09:23:48 AM,1101.0,25,27525.0,136256255.80000007
2025-08-01 09:23:49 AM,1101.5,0,0.0,136256255.80000007
2025-08-01 09:23:50 AM,1101.5,85,93627.5,136349883.30000007
2025-08-01 09:23:52 AM,1101.1,103,113413.29999999999,136463296.60000008
2025-08-01 09:23:53 AM,1100.8,123,135398.4,136598695.0000001
2025-08-01 09:23:54 AM,1101.7,473,521104.10000000003,137119799.10000008
2025-08-01 09:23:55 AM,1100.9,39,42935.100000000006,137162734.20000008
2025-08-01 09:23:56 AM,1101.0,24,26424.0,137189158.20000008
2025-08-01 09:23:56 AM,1100.8,167,183833.6,137372991.80000007
2025-08-01 09:23:56 AM,1101.0,0,0.0,137372991.80000007
2025-08-01 09:23:57 AM,1101.0,23,25323.0,137398314.80000007
2025-08-01 09:23:57 AM,1101.0,18,19818.0,137418132.80000007
2025-08-01 09:23:58 AM,1101.6,1,1101.6,137419234.40000007
2025-08-01 09:23:59 AM,1101.3,51,56166.299999999996,137475400.70000008
2025-08-01 09:24:01 AM,1101.5,27,29740.5,137505141.20000008
2025-08-01 09:24:02 AM,1101.6,10,11016.0,137516157.20000008
2025-08-01 09:24:03 AM,1101.3,26,28633.8,137544791.0000001
2025-08-01 09:24:03 AM,1101.0,22,24222.0,137569013.0000001
2025-08-01 09:24:05 AM,1101.2,0,0.0,137569013.0000001
2025-08-01 09:24:06 AM,1101.2,5,5506.0,137574519.0000001
2025-08-01 09:24:06 AM,1101.5,71,78206.5,137652725.5000001
2025-08-01 09:24:06 AM,1101.0,0,0.0,137652725.5000001
2025-08-01 09:24:07 AM,1101.0,100,110100.0,137762825.5000001
2025-08-01 09:24:07 AM,1101.0,36,39636.0,137802461.5000001
2025-08-01 09:24:08 AM,1101.0,96,105696.0,137908157.5000001
2025-08-01 09:24:08 AM,1100.3,0,0.0,137908157.5000001
2025-08-01 09:24:08 AM,1101.0,628,691428.0,138599585.5000001
2025-08-01 09:24:09 AM,1100.2,0,0.0,138599585.5000001
2025-08-01 09:24:09 AM,1098.9,0,0.0,138599585.5000001
2025-08-01 09:24:10 AM,1100.0,8441,9285100.0,147884685.5000001
2025-08-01 09:24:10 AM,1100.0,994,1093400.0,148978085.5000001
2025-08-01 09:24:10 AM,1099.1,0,0.0,148978085.5000001
2025-08-01 09:24:11 AM,1099.1,145,159369.5,149137455.0000001
2025-08-01 09:24:11 AM,1099.0,0,0.0,149137455.0000001
2025-08-01 09:24:11 AM,1098.8,0,0.0,149137455.0000001
2025-08-01 09:24:12 AM,1099.6,639,702644.3999999999,149840099.4000001
2025-08-01 09:24:12 AM,1098.4,0,0.0,149840099.4000001
2025-08-01 09:24:13 AM,1098.3,628,689732.4,150529831.8000001
2025-08-01 09:24:13 AM,1098.4,0,0.0,150529831.8000001
2025-08-01 09:24:14 AM,1098.4,396,434966.4,150964798.2000001
2025-08-01 09:24:14 AM,1098.2,65,71383.0,151036181.2000001
2025-08-01 09:24:14 AM,1098.1,0,0.0,151036181.2000001
2025-08-01 09:24:15 AM,1098.1,173,189971.3,151226152.50000012
2025-08-01 09:24:15 AM,1098.1,56,61493.59999999999,151287646.1000001
2025-08-01 09:24:15 AM,1098.0,0,0.0,151287646.1000001
2025-08-01 09:24:15 AM,1098.4,0,0.0,151287646.1000001
2025-08-01 09:24:16 AM,1098.1,142,155930.19999999998,151443576.3000001
2025-08-01 09:24:16 AM,1098.7,132,145028.4,151588604.7000001
2025-08-01 09:24:16 AM,1098.4,0,0.0,151588604.7000001
2025-08-01 09:24:17 AM,1098.4,1,1098.4,151589703.1000001
2025-08-01 09:24:17 AM,1099.0,35,38465.0,151628168.1000001
2025-08-01 09:24:17 AM,1098.1,0,0.0,151628168.1000001
2025-08-01 09:24:18 AM,1098.1,10,10981.0,151639149.1000001
2025-08-01 09:24:18 AM,1098.0,392,430416.0,152069565.1000001
2025-08-01 09:24:18 AM,1097.8,0,0.0,152069565.1000001
2025-08-01 09:24:18 AM,1097.7,0,0.0,152069565.1000001
2025-08-01 09:24:19 AM,1097.7,115,126235.5,152195800.6000001
2025-08-01 09:24:19 AM,1098.9,121,132966.90000000002,152328767.50000012
2025-08-01 09:24:20 AM,1097.7,192,210758.40000000002,152539525.90000013
2025-08-01 09:24:21 AM,1097.6,23,25244.8,152564770.70000014
2025-08-01 09:24:22 AM,1097.4,0,0.0,152564770.70000014
2025-08-01 09:24:22 AM,1097.4,24,26337.600000000002,152591108.30000013
2025-08-01 09:24:24 AM,1098.0,0,0.0,152591108.30000013
2025-08-01 09:24:24 AM,1098.0,97,106506.0,152697614.30000013
2025-08-01 09:24:25 AM,1097.9,100,109790.00000000001,152807404.30000013
2025-08-01 09:24:25 AM,1097.7,0,0.0,152807404.30000013
2025-08-01 09:24:25 AM,1097.7,113,124040.1,152931444.40000013
2025-08-01 09:24:27 AM,1098.6,0,0.0,152931444.40000013
2025-08-01 09:24:27 AM,1098.6,17,18676.199999999997,152950120.6000001
2025-08-01 09:24:31 AM,1098.0,242,265716.0,153215836.6000001
2025-08-01 09:24:31 AM,1098.4,0,0.0,153215836.6000001
2025-08-01 09:24:32 AM,1098.6,45,49436.99999999999,153265273.6000001
2025-08-01 09:24:32 AM,1098.0,0,0.0,153265273.6000001
2025-08-01 09:24:33 AM,1098.9,669,735164.1000000001,154000437.7000001
2025-08-01 09:24:34 AM,1098.1,48,52708.799999999996,154053146.50000012
2025-08-01 09:24:34 AM,1098.8,0,0.0,154053146.50000012
2025-08-01 09:24:35 AM,1098.8,20,21976.0,154075122.50000012
2025-08-01 09:24:36 AM,1098.1,29,31844.899999999998,154106967.40000013
2025-08-01 09:24:36 AM,1098.6,105,115352.99999999999,154222320.40000013
2025-08-01 09:24:37 AM,1098.7,18,19776.600000000002,154242097.00000012
2025-08-01 09:24:37 AM,1100.8,403,443622.39999999997,154685719.40000013
2025-08-01 09:24:38 AM,1100.1,10,11001.0,154696720.40000013
2025-08-01 09:24:39 AM,1100.1,5,5500.5,154702220.90000013
2025-08-01 09:24:39 AM,1100.9,0,0.0,154702220.90000013
2025-08-01 09:24:40 AM,1102.1,2510,2766271.0,157468491.90000013
2025-08-01 09:24:40 AM,1102.0,0,0.0,157468491.90000013
2025-08-01 09:24:41 AM,1104.2,604,666936.8,158135428.70000014
2025-08-01 09:24:41 AM,1103.2,0,0.0,158135428.70000014
2025-08-01 09:24:42 AM,1102.8,1059,1167865.2,159303293.90000013
2025-08-01 09:24:43 AM,1102.6,146,160979.59999999998,159464273.50000012
2025-08-01 09:24:43 AM,1102.5,78,85995.0,159550268.50000012
2025-08-01 09:24:44 AM,1102.0,26,28652.0,159578920.50000012
2025-08-01 09:24:45 AM,1101.8,0,0.0,159578920.50000012
2025-08-01 09:24:45 AM,1102.4,65,71656.0,159650576.50000012
2025-08-01 09:24:47 AM,1101.7,5,5508.5,159656085.00000012
2025-08-01 09:24:49 AM,1102.7,4,4410.8,159660495.80000013
2025-08-01 09:24:50 AM,1102.7,10,11027.0,159671522.80000013
2025-08-01 09:24:52 AM,1102.7,6,6616.200000000001,159678139.00000012
2025-08-01 09:24:53 AM,1102.6,60,66156.0,159744295.00000012
2025-08-01 09:24:53 AM,1103.3,0,0.0,159744295.00000012
2025-08-01 09:24:53 AM,1102.0,0,0.0,159744295.00000012
2025-08-01 09:24:54 AM,1102.0,502,553204.0,160297499.00000012
2025-08-01 09:24:54 AM,1102.4,0,0.0,160297499.00000012
2025-08-01 09:24:55 AM,1102.7,392,432258.4,160729757.40000013
2025-08-01 09:24:55 AM,1101.9,0,0.0,160729757.40000013
2025-08-01 09:24:56 AM,1101.9,30,33057.0,160762814.40000013
2025-08-01 09:24:56 AM,1102.5,350,385875.0,161148689.40000013
2025-08-01 09:24:56 AM,1101.7,0,0.0,161148689.40000013
2025-08-01 09:24:57 AM,1101.7,44,48474.8,161197164.20000014
2025-08-01 09:24:57 AM,1102.4,0,0.0,161197164.20000014
2025-08-01 09:24:58 AM,1102.3,100,110230.0,161307394.20000014
2025-08-01 09:24:58 AM,1101.7,22,24237.4,161331631.60000014
2025-08-01 09:24:59 AM,1102.3,0,0.0,161331631.60000014
2025-08-01 09:24:59 AM,1102.3,5,5511.5,161337143.10000014
2025-08-01 09:25:01 AM,1103.1,0,0.0,161337143.10000014
2025-08-01 09:25:02 AM,1103.1,238,262537.8,161599680.90000015
2025-08-01 09:25:03 AM,1103.7,359,396228.3,161995909.20000017
2025-08-01 09:25:04 AM,1103.8,90,99342.0,162095251.20000017
2025-08-01 09:25:05 AM,1103.8,4,4415.2,162099666.40000015
2025-08-01 09:25:05 AM,1104.6,0,0.0,162099666.40000015
2025-08-01 09:25:05 AM,1104.6,8,8836.8,162108503.20000017
2025-08-01 09:25:06 AM,1103.8,0,0.0,162108503.20000017
2025-08-01 09:25:06 AM,1103.8,10,11038.0,162119541.20000017
2025-08-01 09:25:08 AM,1103.8,1,1103.8,162120645.00000018
2025-08-01 09:25:09 AM,1104.2,0,0.0,162120645.00000018
2025-08-01 09:25:10 AM,1105.0,3183,3517215.0,165637860.00000018
2025-08-01 09:25:11 AM,1104.9,66,72923.40000000001,165710783.40000018
2025-08-01 09:25:11 AM,1104.6,107,118192.2,165828975.60000017
2025-08-01 09:25:11 AM,1105.5,0,0.0,165828975.60000017
2025-08-01 09:25:12 AM,1105.5,154,170247.0,165999222.60000017
2025-08-01 09:25:12 AM,1104.6,50,55229.99999999999,166054452.60000017
2025-08-01 09:25:12 AM,1105.6,0,0.0,166054452.60000017
2025-08-01 09:25:13 AM,1105.6,110,121615.99999999999,166176068.60000017
2025-08-01 09:25:13 AM,1105.0,24,26520.0,166202588.60000017
2025-08-01 09:25:14 AM,1105.0,27,29835.0,166232423.60000017
2025-08-01 09:25:14 AM,1105.6,30,33168.0,166265591.60000017
2025-08-01 09:25:14 AM,1105.7,0,0.0,166265591.60000017
2025-08-01 09:25:15 AM,1105.7,103,113887.1,166379478.70000017
2025-08-01 09:25:15 AM,1105.6,14,15478.399999999998,166394957.10000017
2025-08-01 09:25:16 AM,1105.7,0,0.0,166394957.10000017
2025-08-01 09:25:16 AM,1105.1,0,0.0,166394957.10000017
2025-08-01 09:25:17 AM,1105.0,52,57460.0,166452417.10000017
2025-08-01 09:25:17 AM,1105.5,2,2211.0,166454628.10000017
2025-08-01 09:25:17 AM,1104.9,0,0.0,166454628.10000017
2025-08-01 09:25:18 AM,1105.3,174,192322.19999999998,166646950.30000016
2025-08-01 09:25:19 AM,1105.5,50,55275.0,166702225.30000016
2025-08-01 09:25:19 AM,1104.8,0,0.0,166702225.30000016
2025-08-01 09:25:19 AM,1104.8,120,132576.0,166834801.30000016
2025-08-01 09:25:20 AM,1105.7,0,0.0,166834801.30000016
2025-08-01 09:25:20 AM,1105.0,0,0.0,166834801.30000016
2025-08-01 09:25:21 AM,1105.0,69,76245.0,166911046.30000016
2025-08-01 09:25:21 AM,1105.7,100,110570.0,167021616.30000016
2025-08-01 09:25:21 AM,1105.7,30,33171.0,167054787.30000016
2025-08-01 09:25:22 AM,1105.6,19,21006.399999999998,167075793.70000017
2025-08-01 09:25:22 AM,1105.0,0,0.0,167075793.70000017
2025-08-01 09:25:23 AM,1105.0,19,20995.0,167096788.70000017
2025-08-01 09:25:23 AM,1105.7,50,55285.0,167152073.70000017
2025-08-01 09:25:23 AM,1104.9,0,0.0,167152073.70000017
2025-08-01 09:25:24 AM,1104.9,250,276225.0,167428298.70000017
2025-08-01 09:25:25 AM,1104.9,78,86182.20000000001,167514480.90000015
2025-08-01 09:25:25 AM,1105.4,0,0.0,167514480.90000015
2025-08-01 09:25:26 AM,1105.4,36,39794.4,167554275.30000016
2025-08-01 09:25:26 AM,1105.0,0,0.0,167554275.30000016
2025-08-01 09:25:27 AM,1105.0,10,11050.0,167565325.30000016
2025-08-01 09:25:27 AM,1105.6,0,0.0,167565325.30000016
2025-08-01 09:25:28 AM,1105.6,57,63019.2,167628344.50000015
2025-08-01 09:25:28 AM,1105.8,0,0.0,167628344.50000015
2025-08-01 09:25:29 AM,1105.8,201,222265.8,167850610.30000016
2025-08-01 09:25:29 AM,1105.0,2,2210.0,167852820.30000016
2025-08-01 09:25:30 AM,1105.0,40,44200.0,167897020.30000016
2025-08-01 09:25:30 AM,1105.8,0,0.0,167897020.30000016
2025-08-01 09:25:30 AM,1106.0,0,0.0,167897020.30000016
2025-08-01 09:25:31 AM,1105.8,85,93993.0,167991013.30000016
2025-08-01 09:25:31 AM,1105.0,122,134810.0,168125823.30000016
2025-08-01 09:25:32 AM,1105.0,2,2210.0,168128033.30000016
2025-08-01 09:25:32 AM,1105.0,21,23205.0,168151238.30000016
2025-08-01 09:25:33 AM,1105.5,0,0.0,168151238.30000016
2025-08-01 09:25:33 AM,1105.5,31,34270.5,168185508.80000016
2025-08-01 09:25:34 AM,1104.8,237,261837.59999999998,168447346.40000015
2025-08-01 09:25:35 AM,1104.8,285,314868.0,168762214.40000015
2025-08-01 09:25:36 AM,1105.0,140,154700.0,168916914.40000015
2025-08-01 09:25:36 AM,1104.2,66,72877.2,168989791.60000014
2025-08-01 09:25:36 AM,1105.0,0,0.0,168989791.60000014
2025-08-01 09:25:37 AM,1105.0,11,12155.0,169001946.60000014
2025-08-01 09:25:37 AM,1104.2,0,0.0,169001946.60000014
2025-08-01 09:25:38 AM,1105.0,122,134810.0,169136756.60000014
2025-08-01 09:25:39 AM,1104.1,0,0.0,169136756.60000014
2025-08-01 09:25:40 AM,1105.0,616,680680.0,169817436.60000014
2025-08-01 09:25:40 AM,1104.9,1,1104.9,169818541.50000015
2025-08-01 09:25:40 AM,1105.0,0,0.0,169818541.50000015
2025-08-01 09:25:41 AM,1105.0,203,224315.0,170042856.50000015
2025-08-01 09:25:41 AM,1105.1,2,2210.2,170045066.70000014
2025-08-01 09:25:42 AM,1105.0,196,216580.0,170261646.70000014
2025-08-01 09:25:43 AM,1105.0,5,5525.0,170267171.70000014
2025-08-01 09:25:43 AM,1105.5,0,0.0,170267171.70000014
2025-08-01 09:25:43 AM,1105.5,90,99495.0,170366666.70000014
2025-08-01 09:25:44 AM,1105.0,0,0.0,170366666.70000014
2025-08-01 09:25:44 AM,1105.0,22,24310.0,170390976.70000014
2025-08-01 09:25:46 AM,1105.0,24,26520.0,170417496.70000014
2025-08-01 09:25:47 AM,1105.6,0,0.0,170417496.70000014
2025-08-01 09:25:48 AM,1105.6,24,26534.399999999998,170444031.10000014
2025-08-01 09:25:50 AM,1105.6,102,112771.2,170556802.30000013
2025-08-01 09:25:51 AM,1105.6,50,55279.99999999999,170612082.30000013
2025-08-01 09:25:52 AM,1105.6,1,1105.6,170613187.90000013
2025-08-01 09:25:53 AM,1105.6,71,78497.59999999999,170691685.50000012
2025-08-01 09:25:53 AM,1105.0,0,0.0,170691685.50000012
2025-08-01 09:25:53 AM,1105.6,0,0.0,170691685.50000012
2025-08-01 09:25:54 AM,1105.6,116,128249.59999999999,170819935.1000001
2025-08-01 09:25:55 AM,1105.8,4,4423.2,170824358.3000001
2025-08-01 09:25:55 AM,1105.0,0,0.0,170824358.3000001
2025-08-01 09:25:56 AM,1105.7,80,88456.0,170912814.3000001
2025-08-01 09:25:57 AM,1105.7,1,1105.7,170913920.0000001
2025-08-01 09:25:57 AM,1105.8,0,0.0,170913920.0000001
2025-08-01 09:25:57 AM,1105.8,51,56395.799999999996,170970315.8000001
2025-08-01 09:25:58 AM,1105.6,506,559433.6,171529749.4000001
2025-08-01 09:25:58 AM,1105.7,0,0.0,171529749.4000001
2025-08-01 09:25:59 AM,1105.7,1,1105.7,171530855.10000008
2025-08-01 09:25:59 AM,1105.0,0,0.0,171530855.10000008
2025-08-01 09:26:00 AM,1105.0,54,59670.0,171590525.10000008
2025-08-01 09:26:01 AM,1105.0,29,32045.0,171622570.10000008
2025-08-01 09:26:02 AM,1105.7,25,27642.5,171650212.60000008
2025-08-01 09:26:03 AM,1105.4,0,0.0,171650212.60000008
2025-08-01 09:26:04 AM,1105.4,2,2210.8,171652423.4000001
2025-08-01 09:26:04 AM,1105.4,33,36478.200000000004,171688901.60000008
2025-08-01 09:26:05 AM,1105.7,50,55285.0,171744186.60000008
2025-08-01 09:26:05 AM,1105.8,0,0.0,171744186.60000008
2025-08-01 09:26:06 AM,1105.8,100,110580.0,171854766.60000008
2025-08-01 09:26:06 AM,1105.8,6,6634.799999999999,171861401.4000001
2025-08-01 09:26:06 AM,1105.7,0,0.0,171861401.4000001
2025-08-01 09:26:07 AM,1105.7,50,55285.0,171916686.4000001
2025-08-01 09:26:07 AM,1105.8,130,143754.0,172060440.4000001
2025-08-01 09:26:07 AM,1105.4,0,0.0,172060440.4000001
2025-08-01 09:26:08 AM,1105.4,41,45321.4,172105761.8000001
2025-08-01 09:26:08 AM,1105.7,3,3317.1000000000004,172109078.9000001
2025-08-01 09:26:09 AM,1105.4,0,0.0,172109078.9000001
2025-08-01 09:26:10 AM,1105.4,29,32056.600000000002,172141135.5000001
2025-08-01 09:26:10 AM,1105.7,19,21008.3,172162143.8000001
2025-08-01 09:26:12 AM,1105.7,1,1105.7,172163249.5000001
2025-08-01 09:26:12 AM,1105.5,0,0.0,172163249.5000001
2025-08-01 09:26:13 AM,1105.5,11,12160.5,172175410.0000001
2025-08-01 09:26:13 AM,1105.2,3,3315.6000000000004,172178725.60000008
2025-08-01 09:26:14 AM,1105.3,7,7737.099999999999,172186462.70000008
2025-08-01 09:26:15 AM,1105.3,14,15474.199999999999,172201936.90000007
2025-08-01 09:26:15 AM,1105.4,36,39794.4,172241731.30000007
2025-08-01 09:26:16 AM,1105.4,44,48637.600000000006,172290368.90000007
2025-08-01 09:26:16 AM,1105.5,0,0.0,172290368.90000007
2025-08-01 09:26:17 AM,1105.8,300,331740.0,172622108.90000007
2025-08-01 09:26:18 AM,1104.8,0,0.0,172622108.90000007
2025-08-01 09:26:18 AM,1104.7,558,616422.6,173238531.50000006
2025-08-01 09:26:19 AM,1104.1,156,172239.59999999998,173410771.10000005
2025-08-01 09:26:19 AM,1104.1,31,34227.1,173444998.20000005
2025-08-01 09:26:20 AM,1103.5,77,84969.5,173529967.70000005
2025-08-01 09:26:20 AM,1103.6,0,0.0,173529967.70000005
2025-08-01 09:26:21 AM,1103.6,169,186508.4,173716476.10000005
2025-08-01 09:26:21 AM,1103.6,32,35315.2,173751791.30000004
2025-08-01 09:26:22 AM,1104.3,55,60736.5,173812527.80000004
2025-08-01 09:26:23 AM,1103.6,19,20968.399999999998,173833496.20000005
2025-08-01 09:26:24 AM,1104.6,0,0.0,173833496.20000005
2025-08-01 09:26:24 AM,1104.6,272,300451.19999999995,174133947.40000004
2025-08-01 09:26:25 AM,1103.4,18,19861.2,174153808.60000002
2025-08-01 09:26:25 AM,1104.4,0,0.0,174153808.60000002
2025-08-01 09:26:26 AM,1104.4,3,3313.2000000000003,174157121.8
2025-08-01 09:26:26 AM,1104.3,0,0.0,174157121.8
2025-08-01 09:26:26 AM,1103.8,577,636892.6,174794014.4
2025-08-01 09:26:27 AM,1104.9,50,55245.00000000001,174849259.4
2025-08-01 09:26:28 AM,1103.9,34,37532.600000000006,174886792.0
2025-08-01 09:26:28 AM,1103.5,0,0.0,174886792.0
2025-08-01 09:26:28 AM,1103.5,10,11035.0,174897827.0
2025-08-01 09:26:29 AM,1104.5,1,1104.5,174898931.5
2025-08-01 09:26:31 AM,1103.5,200,220700.0,175119631.5
2025-08-01 09:26:31 AM,1103.4,0,0.0,175119631.5
2025-08-01 09:26:31 AM,1103.4,24,26481.600000000002,175146113.1
2025-08-01 09:26:33 AM,1103.2,11,12135.2,175158248.29999998
2025-08-01 09:26:34 AM,1104.1,106,117034.59999999999,175275282.89999998
2025-08-01 09:26:34 AM,1104.5,552,609684.0,175884966.89999998
2025-08-01 09:26:35 AM,1103.5,229,252701.5,176137668.39999998
2025-08-01 09:26:36 AM,1103.4,24,26481.600000000002,176164149.99999997
2025-08-01 09:26:36 AM,1103.6,76,83873.59999999999,176248023.59999996
2025-08-01 09:26:38 AM,1103.6,29,32004.399999999998,176280027.99999997
2025-08-01 09:26:39 AM,1104.5,10,11045.0,176291072.99999997
2025-08-01 09:26:41 AM,1104.5,61,67374.5,176358447.49999997
2025-08-01 09:26:42 AM,1104.5,20,22090.0,176380537.49999997
2025-08-01 09:26:46 AM,1105.8,645,713241.0,177093778.49999997
2025-08-01 09:26:47 AM,1105.9,19,21012.100000000002,177114790.59999996
2025-08-01 09:26:48 AM,1105.5,24,26532.0,177141322.59999996
2025-08-01 09:26:48 AM,1105.6,0,0.0,177141322.59999996
2025-08-01 09:26:49 AM,1105.6,4,4422.4,177145744.99999997
2025-08-01 09:26:50 AM,1107.0,1772,1961604.0,179107348.99999997
2025-08-01 09:26:51 AM,1107.0,215,238005.0,179345353.99999997
2025-08-01 09:26:52 AM,1107.0,338,374166.0,179719519.99999997
2025-08-01 09:26:52 AM,1107.6,0,0.0,179719519.99999997
2025-08-01 09:26:52 AM,1107.6,92,101899.2,179821419.19999996
2025-08-01 09:26:53 AM,1107.2,78,86361.6,179907780.79999995
2025-08-01 09:26:53 AM,1107.0,22,24354.0,179932134.79999995
2025-08-01 09:26:54 AM,1107.0,10247,11343429.0,191275563.79999995
2025-08-01 09:26:54 AM,1106.3,0,0.0,191275563.79999995
2025-08-01 09:26:54 AM,1106.5,194,214661.0,191490224.79999995
2025-08-01 09:26:55 AM,1105.6,561,620241.6,192110466.39999995
2025-08-01 09:26:56 AM,1104.9,0,0.0,192110466.39999995
2025-08-01 09:26:56 AM,1104.9,578,638632.2000000001,192749098.59999993
2025-08-01 09:26:57 AM,1105.2,48,53049.600000000006,192802148.19999993
2025-08-01 09:26:57 AM,1105.0,0,0.0,192802148.19999993
2025-08-01 09:26:58 AM,1104.8,325,359060.0,193161208.19999993
2025-08-01 09:26:59 AM,1105.9,1,1105.9,193162314.09999993
2025-08-01 09:26:59 AM,1105.9,10,11059.0,193173373.09999993
2025-08-01 09:26:59 AM,1105.1,0,0.0,193173373.09999993
2025-08-01 09:27:00 AM,1105.9,33,36494.700000000004,193209867.79999992
2025-08-01 09:27:00 AM,1105.4,0,0.0,193209867.79999992
2025-08-01 09:27:01 AM,1105.4,5,5527.0,193215394.79999992
2025-08-01 09:27:02 AM,1106.2,206,227877.2,193443271.9999999
2025-08-01 09:27:02 AM,1106.0,0,0.0,193443271.9999999
2025-08-01 09:27:03 AM,1106.0,50,55300.0,193498571.9999999
2025-08-01 09:27:03 AM,1106.5,10,11065.0,193509636.9999999
2025-08-01 09:27:03 AM,1105.7,0,0.0,193509636.9999999
2025-08-01 09:27:04 AM,1106.4,26,28766.4,193538403.39999992
2025-08-01 09:27:04 AM,1106.5,100,110650.0,193649053.39999992
2025-08-01 09:27:06 AM,1105.5,17,18793.5,193667846.89999992
2025-08-01 09:27:06 AM,1106.3,50,55315.0,193723161.89999992
2025-08-01 09:27:08 AM,1106.4,1,1106.4,193724268.29999992
2025-08-01 09:27:09 AM,1106.4,2,2212.8,193726481.09999993
2025-08-01 09:27:10 AM,1106.4,6,6638.400000000001,193733119.49999994
2025-08-01 09:27:10 AM,1106.4,5,5532.0,193738651.49999994
2025-08-01 09:27:11 AM,1106.4,6,6638.400000000001,193745289.89999995
2025-08-01 09:27:12 AM,1106.4,60,66384.0,193811673.89999995
2025-08-01 09:27:12 AM,1106.8,50,55340.0,193867013.89999995
2025-08-01 09:27:12 AM,1106.4,0,0.0,193867013.89999995
2025-08-01 09:27:13 AM,1106.5,22,24343.0,193891356.89999995
2025-08-01 09:27:14 AM,1106.4,394,435921.60000000003,194327278.49999994
2025-08-01 09:27:14 AM,1106.2,11,12168.2,194339446.69999993
2025-08-01 09:27:15 AM,1106.8,546,604312.7999999999,194943759.49999994
2025-08-01 09:27:16 AM,1106.8,25,27670.0,194971429.49999994
2025-08-01 09:27:18 AM,1106.8,10,11068.0,194982497.49999994
2025-08-01 09:27:18 AM,1106.5,0,0.0,194982497.49999994
2025-08-01 09:27:19 AM,1106.8,76,84116.8,195066614.29999995
2025-08-01 09:27:20 AM,1106.9,60,66414.0,195133028.29999995
2025-08-01 09:27:21 AM,1106.9,86,95193.40000000001,195228221.69999996
2025-08-01 09:27:22 AM,1106.9,1,1106.9,195229328.59999996
2025-08-01 09:27:22 AM,1106.9,1,1106.9,195230435.49999997
2025-08-01 09:27:23 AM,1106.9,12,13282.800000000001,195243718.29999998
2025-08-01 09:27:23 AM,1106.7,0,0.0,195243718.29999998
2025-08-01 09:27:24 AM,1106.7,5,5533.5,195249251.79999998
2025-08-01 09:27:24 AM,1107.0,200,221400.0,195470651.79999998
2025-08-01 09:27:25 AM,1106.8,104,115107.2,195585758.99999997
2025-08-01 09:27:25 AM,1106.7,0,0.0,195585758.99999997
2025-08-01 09:27:25 AM,1107.0,0,0.0,195585758.99999997
2025-08-01 09:27:26 AM,1107.0,5,5535.0,195591293.99999997
2025-08-01 09:27:26 AM,1106.9,0,0.0,195591293.99999997
2025-08-01 09:27:27 AM,1106.9,74,81910.6,195673204.59999996
2025-08-01 09:27:27 AM,1107.0,0,0.0,195673204.59999996
2025-08-01 09:27:28 AM,1106.8,74,81903.2,195755107.79999995
2025-08-01 09:27:28 AM,1106.9,22,24351.800000000003,195779459.59999996
2025-08-01 09:27:29 AM,1107.0,115,127305.0,195906764.59999996
2025-08-01 09:27:29 AM,1106.9,0,0.0,195906764.59999996
2025-08-01 09:27:30 AM,1106.5,1691,1871091.5,197777856.09999996
2025-08-01 09:27:30 AM,1106.8,172,190369.6,197968225.69999996
2025-08-01 09:27:30 AM,1105.7,0,0.0,197968225.69999996
2025-08-01 09:27:30 AM,1105.5,0,0.0,197968225.69999996
2025-08-01 09:27:31 AM,1105.3,148,163584.4,198131810.09999996
2025-08-01 09:27:31 AM,1105.5,204,225522.0,198357332.09999996
2025-08-01 09:27:31 AM,1105.3,0,0.0,198357332.09999996
2025-08-01 09:27:32 AM,1105.7,383,423483.10000000003,198780815.19999996
2025-08-01 09:27:32 AM,1105.6,71,78497.59999999999,198859312.79999995
2025-08-01 09:27:32 AM,1106.5,0,0.0,198859312.79999995
2025-08-01 09:27:33 AM,1106.5,20,22130.0,198881442.79999995
2025-08-01 09:27:35 AM,1106.4,5,5532.0,198886974.79999995
2025-08-01 09:27:36 AM,1106.3,90,99567.0,198986541.79999995
2025-08-01 09:27:36 AM,1105.6,17,18795.199999999997,199005336.99999994
2025-08-01 09:27:36 AM,1106.3,0,0.0,199005336.99999994
2025-08-01 09:27:37 AM,1106.3,1,1106.3,199006443.29999995
2025-08-01 09:27:37 AM,1105.9,0,0.0,199006443.29999995
2025-08-01 09:27:38 AM,1105.9,46,50871.4,199057314.69999996
2025-08-01 09:27:39 AM,1106.5,10,11065.0,199068379.69999996
2025-08-01 09:27:39 AM,1106.8,1,1106.8,199069486.49999997
2025-08-01 09:27:40 AM,1106.8,35,38738.0,199108224.49999997
2025-08-01 09:27:40 AM,1106.5,24,26556.0,199134780.49999997
2025-08-01 09:27:40 AM,1106.4,0,0.0,199134780.49999997
2025-08-01 09:27:41 AM,1106.4,4,4425.6,199139206.09999996
2025-08-01 09:27:42 AM,1106.4,58,64171.200000000004,199203377.29999995
2025-08-01 09:27:43 AM,1106.1,5,5530.5,199208907.79999995
2025-08-01 09:27:44 AM,1106.4,1000,1106400.0,200315307.79999995
2025-08-01 09:27:45 AM,1106.1,10,11061.0,200326368.79999995
2025-08-01 09:27:45 AM,1106.0,0,0.0,200326368.79999995
2025-08-01 09:27:46 AM,1106.0,182,201292.0,200527660.79999995
2025-08-01 09:27:46 AM,1105.5,0,0.0,200527660.79999995
2025-08-01 09:27:47 AM,1105.8,156,172504.8,200700165.59999996
2025-08-01 09:27:47 AM,1105.3,24,26527.199999999997,200726692.79999995
2025-08-01 09:27:48 AM,1105.2,786,868687.2000000001,201595379.99999994
2025-08-01 09:27:48 AM,1104.6,0,0.0,201595379.99999994
2025-08-01 09:27:49 AM,1104.5,87,96091.5,201691471.49999994
2025-08-01 09:27:49 AM,1105.1,0,0.0,201691471.49999994
2025-08-01 09:27:50 AM,1105.1,203,224335.3,201915806.79999995
2025-08-01 09:27:50 AM,1105.0,5,5525.0,201921331.79999995
2025-08-01 09:27:50 AM,1104.3,0,0.0,201921331.79999995
2025-08-01 09:27:50 AM,1105.0,0,0.0,201921331.79999995
2025-08-01 09:27:51 AM,1105.0,54,59670.0,201981001.79999995
2025-08-01 09:27:52 AM,1104.2,0,0.0,201981001.79999995
2025-08-01 09:27:53 AM,1104.2,20,22084.0,202003085.79999995
2025-08-01 09:27:53 AM,1104.7,0,0.0,202003085.79999995
2025-08-01 09:27:54 AM,1104.7,5,5523.5,202008609.29999995
2025-08-01 09:27:54 AM,1104.1,0,0.0,202008609.29999995
2025-08-01 09:27:54 AM,1104.5,0,0.0,202008609.29999995
2025-08-01 09:27:55 AM,1104.5,19,20985.5,202029594.79999995
2025-08-01 09:27:55 AM,1103.1,0,0.0,202029594.79999995
2025-08-01 09:27:56 AM,1103.1,1623,1790331.2999999998,203819926.09999996
2025-08-01 09:27:56 AM,1103.8,0,0.0,203819926.09999996
2025-08-01 09:27:57 AM,1103.8,7,7726.599999999999,203827652.69999996
2025-08-01 09:27:57 AM,1103.4,0,0.0,203827652.69999996
2025-08-01 09:27:58 AM,1103.4,242,267022.80000000005,204094675.49999997
2025-08-01 09:27:59 AM,1102.7,78,86010.6,204180686.09999996
2025-08-01 09:27:59 AM,1102.6,0,0.0,204180686.09999996
2025-08-01 09:27:59 AM,1103.2,0,0.0,204180686.09999996
2025-08-01 09:28:00 AM,1103.2,27,29786.4,204210472.49999997
2025-08-01 09:28:02 AM,1102.9,38,41910.200000000004,204252382.69999996
2025-08-01 09:28:03 AM,1102.9,5,5514.5,204257897.19999996
2025-08-01 09:28:04 AM,1102.5,15,16537.5,204274434.69999996
2025-08-01 09:28:04 AM,1102.5,4,4410.0,204278844.69999996
2025-08-01 09:28:04 AM,1102.9,0,0.0,204278844.69999996
2025-08-01 09:28:05 AM,1102.9,7,7720.300000000001,204286564.99999997
2025-08-01 09:28:05 AM,1102.2,0,0.0,204286564.99999997
2025-08-01 09:28:06 AM,1102.2,314,346090.8,204632655.79999998
2025-08-01 09:28:06 AM,1102.9,86,94849.40000000001,204727505.2
2025-08-01 09:28:07 AM,1102.9,50,55145.00000000001,204782650.2
2025-08-01 09:28:07 AM,1102.9,2,2205.8,204784856.0
2025-08-01 09:28:07 AM,1102.4,0,0.0,204784856.0
2025-08-01 09:28:08 AM,1102.4,18,19843.2,204804699.2
2025-08-01 09:28:09 AM,1103.0,0,0.0,204804699.2
2025-08-01 09:28:10 AM,1103.0,15,16545.0,204821244.2
2025-08-01 09:28:10 AM,1102.4,0,0.0,204821244.2
2025-08-01 09:28:11 AM,1102.9,101,111392.90000000001,204932637.1
2025-08-01 09:28:12 AM,1102.9,70,77203.0,205009840.1
2025-08-01 09:28:12 AM,1102.4,0,0.0,205009840.1
2025-08-01 09:28:12 AM,1102.9,0,0.0,205009840.1
2025-08-01 09:28:13 AM,1102.9,28,30881.200000000004,205040721.29999998
2025-08-01 09:28:15 AM,1102.8,0,0.0,205040721.29999998
2025-08-01 09:28:16 AM,1102.0,1411,1554922.0,206595643.29999998
2025-08-01 09:28:16 AM,1102.2,0,0.0,206595643.29999998
2025-08-01 09:28:17 AM,1102.2,11,12124.2,206607767.49999997
2025-08-01 09:28:17 AM,1102.3,0,0.0,206607767.49999997
2025-08-01 09:28:18 AM,1102.3,5,5511.5,206613278.99999997
2025-08-01 09:28:18 AM,1102.0,0,0.0,206613278.99999997
2025-08-01 09:28:18 AM,1101.5,80,88120.0,206701398.99999997
2025-08-01 09:28:19 AM,1101.7,90,99153.0,206800551.99999997
2025-08-01 09:28:19 AM,1102.5,0,0.0,206800551.99999997
2025-08-01 09:28:20 AM,1102.5,120,132300.0,206932851.99999997
2025-08-01 09:28:20 AM,1102.6,11,12128.599999999999,206944980.59999996
2025-08-01 09:28:20 AM,1101.0,0,0.0,206944980.59999996
2025-08-01 09:28:21 AM,1101.0,1358,1495158.0,208440138.59999996
2025-08-01 09:28:21 AM,1100.1,0,0.0,208440138.59999996
2025-08-01 09:28:22 AM,1100.1,4606,5067060.6,213507199.19999996
2025-08-01 09:28:22 AM,1100.2,0,0.0,213507199.19999996
2025-08-01 09:28:23 AM,1100.0,552,607200.0,214114399.19999996
2025-08-01 09:28:24 AM,1100.0,1000,1100000.0,215214399.19999996
2025-08-01 09:28:24 AM,1100.1,2,2200.2,215216599.39999995
2025-08-01 09:28:24 AM,1100.6,0,0.0,215216599.39999995
2025-08-01 09:28:25 AM,1100.6,798,878278.7999999999,216094878.19999996
2025-08-01 09:28:25 AM,1100.0,102,112200.0,216207078.19999996
2025-08-01 09:28:26 AM,1101.0,769,846669.0,217053747.19999996
2025-08-01 09:28:26 AM,1101.0,304,334704.0,217388451.19999996
2025-08-01 09:28:27 AM,1099.3,0,0.0,217388451.19999996
2025-08-01 09:28:28 AM,1099.9,0,0.0,217388451.19999996
2025-08-01 09:28:28 AM,1099.9,5427,5969157.300000001,223357608.49999997
2025-08-01 09:28:28 AM,1099.9,146,160585.40000000002,223518193.89999998
2025-08-01 09:28:28 AM,1101.2,0,0.0,223518193.89999998
2025-08-01 09:28:29 AM,1099.4,1277,1403933.8,224922127.7
2025-08-01 09:28:29 AM,1099.6,27,29689.199999999997,224951816.89999998
2025-08-01 09:28:30 AM,1099.3,0,0.0,224951816.89999998
2025-08-01 09:28:30 AM,1099.6,227,249609.19999999998,225201426.09999996
2025-08-01 09:28:31 AM,1099.6,74,81370.4,225282796.49999997
2025-08-01 09:28:31 AM,1099.6,27,29689.199999999997,225312485.69999996
2025-08-01 09:28:32 AM,1100.7,11,12107.7,225324593.39999995
2025-08-01 09:28:32 AM,1100.1,0,0.0,225324593.39999995
2025-08-01 09:28:32 AM,1100.1,25,27502.499999999996,225352095.89999995
2025-08-01 09:28:34 AM,1100.8,2,2201.6,225354297.49999994
2025-08-01 09:28:34 AM,1100.3,0,0.0,225354297.49999994
2025-08-01 09:28:35 AM,1100.3,13,14303.9,225368601.39999995
2025-08-01 09:28:35 AM,1101.0,6,6606.0,225375207.39999995
2025-08-01 09:28:36 AM,1101.0,10,11010.0,225386217.39999995
2025-08-01 09:28:36 AM,1100.1,0,0.0,225386217.39999995
2025-08-01 09:28:37 AM,1100.1,300,330030.0,225716247.39999995
2025-08-01 09:28:37 AM,1100.0,0,0.0,225716247.39999995
2025-08-01 09:28:38 AM,1100.0,23,25300.0,225741547.39999995
2025-08-01 09:28:39 AM,1101.0,691,760791.0,226502338.39999995
2025-08-01 09:28:39 AM,1101.2,0,0.0,226502338.39999995
2025-08-01 09:28:40 AM,1101.2,42,46250.4,226548588.79999995
2025-08-01 09:28:41 AM,1101.2,25,27530.0,226576118.79999995
2025-08-01 09:28:42 AM,1101.1,70,77077.0,226653195.79999995
2025-08-01 09:28:42 AM,1102.0,1,1102.0,226654297.79999995
2025-08-01 09:28:43 AM,1101.2,0,0.0,226654297.79999995
2025-08-01 09:28:43 AM,1101.2,264,290716.8,226945014.59999996
2025-08-01 09:28:44 AM,1101.0,68,74868.0,227019882.59999996
2025-08-01 09:28:44 AM,1100.9,450,495405.00000000006,227515287.59999996
2025-08-01 09:28:45 AM,1100.9,66,72659.40000000001,227587946.99999997
2025-08-01 09:28:46 AM,1100.9,23,25320.7,227613267.69999996
2025-08-01 09:28:48 AM,1101.7,0,0.0,227613267.69999996
2025-08-01 09:28:49 AM,1101.7,5,5508.5,227618776.19999996
2025-08-01 09:28:50 AM,1101.7,39,42966.3,227661742.49999997
2025-08-01 09:28:51 AM,1101.0,0,0.0,227661742.49999997
2025-08-01 09:28:52 AM,1101.0,90,99090.0,227760832.49999997
2025-08-01 09:28:53 AM,1101.1,0,0.0,227760832.49999997
2025-08-01 09:28:53 AM,1101.0,95,104595.0,227865427.49999997
2025-08-01 09:28:54 AM,1101.0,6,6606.0,227872033.49999997
2025-08-01 09:28:54 AM,1101.1,0,0.0,227872033.49999997
2025-08-01 09:28:55 AM,1101.1,6,6606.599999999999,227878640.09999996
2025-08-01 09:28:56 AM,1101.9,1377,1517316.3,229395956.39999998
2025-08-01 09:28:56 AM,1103.7,0,0.0,229395956.39999998
2025-08-01 09:28:57 AM,1103.7,168,185421.6,229581377.99999997
2025-08-01 09:28:57 AM,1104.4,4,4417.6,229585795.59999996
2025-08-01 09:28:57 AM,1103.7,0,0.0,229585795.59999996
2025-08-01 09:28:58 AM,1103.7,34,37525.8,229623321.39999998
2025-08-01 09:28:58 AM,1104.5,1,1104.5,229624425.89999998
2025-08-01 09:28:59 AM,1103.8,0,0.0,229624425.89999998
2025-08-01 09:28:59 AM,1103.8,24,26491.199999999997,229650917.09999996
2025-08-01 09:29:00 AM,1103.5,0,0.0,229650917.09999996
2025-08-01 09:29:01 AM,1103.5,592,653272.0,230304189.09999996
2025-08-01 09:29:01 AM,1104.5,0,0.0,230304189.09999996
2025-08-01 09:29:02 AM,1104.5,22,24299.0,230328488.09999996
2025-08-01 09:29:03 AM,1103.3,0,0.0,230328488.09999996
2025-08-01 09:29:04 AM,1103.3,111,122466.29999999999,230450954.39999998
2025-08-01 09:29:05 AM,1103.3,22,24272.6,230475226.99999997
2025-08-01 09:29:07 AM,1104.2,0,0.0,230475226.99999997
2025-08-01 09:29:07 AM,1103.3,151,166598.3,230641825.29999998
2025-08-01 09:29:07 AM,1103.9,90,99351.00000000001,230741176.29999998
2025-08-01 09:29:08 AM,1104.0,54,59616.0,230800792.29999998
2025-08-01 09:29:08 AM,1104.0,21,23184.0,230823976.29999998
2025-08-01 09:29:09 AM,1104.1,159,175551.9,230999528.2
2025-08-01 09:29:11 AM,1104.1,2,2208.2,231001736.39999998
2025-08-01 09:29:12 AM,1104.2,0,0.0,231001736.39999998
2025-08-01 09:29:13 AM,1104.2,10,11042.0,231012778.39999998
2025-08-01 09:29:13 AM,1104.0,0,0.0,231012778.39999998
2025-08-01 09:29:14 AM,1104.5,0,0.0,231012778.39999998
2025-08-01 09:29:14 AM,1104.0,112,123648.0,231136426.39999998
2025-08-01 09:29:14 AM,1103.8,0,0.0,231136426.39999998
2025-08-01 09:29:15 AM,1104.4,0,0.0,231136426.39999998
2025-08-01 09:29:15 AM,1103.8,46,50774.799999999996,231187201.2
2025-08-01 09:29:15 AM,1103.3,3,3309.8999999999996,231190511.1
2025-08-01 09:29:16 AM,1104.1,15,16561.5,231207072.6
2025-08-01 09:29:17 AM,1104.2,2,2208.4,231209281.0
2025-08-01 09:29:18 AM,1103.7,50,55185.0,231264466.0
2025-08-01 09:29:18 AM,1104.2,72,79502.40000000001,231343968.4
2025-08-01 09:29:18 AM,1104.3,0,0.0,231343968.4
2025-08-01 09:29:19 AM,1104.3,100,110430.0,231454398.4
2025-08-01 09:29:20 AM,1104.2,0,0.0,231454398.4
2025-08-01 09:29:20 AM,1104.2,25,27605.0,231482003.4
2025-08-01 09:29:20 AM,1104.4,0,0.0,231482003.4
2025-08-01 09:29:20 AM,1104.4,3,3313.2000000000003,231485316.6
2025-08-01 09:29:21 AM,1101.7,0,0.0,231485316.6
2025-08-01 09:29:22 AM,1101.7,1054,1161191.8,232646508.4
2025-08-01 09:29:22 AM,1102.3,0,0.0,232646508.4
2025-08-01 09:29:22 AM,1102.3,188,207232.4,232853740.8
2025-08-01 09:29:23 AM,1101.7,0,0.0,232853740.8
2025-08-01 09:29:24 AM,1101.7,128,141017.6,232994758.4
2025-08-01 09:29:24 AM,1102.3,0,0.0,232994758.4
2025-08-01 09:29:24 AM,1102.3,152,167549.6,233162308.0
2025-08-01 09:29:25 AM,1101.7,43,47373.1,233209681.1
2025-08-01 09:29:25 AM,1102.2,0,0.0,233209681.1
2025-08-01 09:29:26 AM,1102.2,1,1102.2,233210783.29999998
2025-08-01 09:29:27 AM,1102.3,454,500444.19999999995,233711227.49999997
2025-08-01 09:29:28 AM,1102.3,5,5511.5,233716738.99999997
2025-08-01 09:29:28 AM,1101.7,36,39661.200000000004,233756400.19999996
2025-08-01 09:29:29 AM,1101.3,535,589195.5,234345595.69999996
2025-08-01 09:29:30 AM,1101.3,10,11013.0,234356608.69999996
2025-08-01 09:29:31 AM,1100.3,112,123233.59999999999,234479842.29999995
2025-08-01 09:29:33 AM,1100.3,21,23106.3,234502948.59999996
2025-08-01 09:29:34 AM,1100.9,0,0.0,234502948.59999996
2025-08-01 09:29:34 AM,1100.9,10,11009.0,234513957.59999996
2025-08-01 09:29:36 AM,1100.9,9,9908.1,234523865.69999996
2025-08-01 09:29:36 AM,1100.2,15,16503.0,234540368.69999996
2025-08-01 09:29:37 AM,1100.2,1,1100.2,234541468.89999995
2025-08-01 09:29:38 AM,1100.2,10,11002.0,234552470.89999995
2025-08-01 09:29:38 AM,1100.5,0,0.0,234552470.89999995
2025-08-01 09:29:39 AM,1100.5,1,1100.5,234553571.39999995
2025-08-01 09:29:39 AM,1100.5,10,11005.0,234564576.39999995
2025-08-01 09:29:39 AM,1100.1,0,0.0,234564576.39999995
2025-08-01 09:29:40 AM,1100.5,2742,3017571.0,237582147.39999995
2025-08-01 09:29:40 AM,1100.7,51,56135.700000000004,237638283.09999993
2025-08-01 09:29:41 AM,1100.9,15,16513.5,237654796.59999993
2025-08-01 09:29:41 AM,1100.5,66,72633.0,237727429.59999993
2025-08-01 09:29:42 AM,1100.0,108,118800.0,237846229.59999993
2025-08-01 09:29:43 AM,1100.7,83,91358.1,237937587.69999993
2025-08-01 09:29:44 AM,1101.6,990,1090584.0,239028171.69999993
2025-08-01 09:29:45 AM,1101.1,0,0.0,239028171.69999993
2025-08-01 09:29:45 AM,1101.6,456,502329.6,239530501.29999992
2025-08-01 09:29:46 AM,1102.3,0,0.0,239530501.29999992
2025-08-01 09:29:47 AM,1102.3,6,6613.799999999999,239537115.09999993
2025-08-01 09:29:47 AM,1103.4,0,0.0,239537115.09999993
2025-08-01 09:29:48 AM,1103.4,20,22068.0,239559183.09999993
2025-08-01 09:29:49 AM,1100.6,0,0.0,239559183.09999993
2025-08-01 09:29:50 AM,1100.6,748,823248.7999999999,240382431.89999995
2025-08-01 09:29:50 AM,1100.9,0,0.0,240382431.89999995
2025-08-01 09:29:51 AM,1100.9,17,18715.300000000003,240401147.19999996
2025-08-01 09:29:51 AM,1101.3,46,50659.799999999996,240451806.99999997
2025-08-01 09:29:51 AM,1101.2,0,0.0,240451806.99999997
2025-08-01 09:29:52 AM,1101.2,28,30833.600000000002,240482640.59999996
2025-08-01 09:29:53 AM,1101.9,304,334977.60000000003,240817618.19999996
2025-08-01 09:29:54 AM,1101.3,0,0.0,240817618.19999996
2025-08-01 09:29:55 AM,1101.9,0,0.0,240817618.19999996
2025-08-01 09:29:55 AM,1101.2,67,73780.40000000001,240891398.59999996
2025-08-01 09:29:56 AM,1101.9,0,0.0,240891398.59999996
2025-08-01 09:29:56 AM,1101.3,35,38545.5,240929944.09999996
2025-08-01 09:29:56 AM,1101.3,19,20924.7,240950868.79999995
2025-08-01 09:29:57 AM,1100.7,204,224542.80000000002,241175411.59999996
2025-08-01 09:29:58 AM,1100.9,0,0.0,241175411.59999996
2025-08-01 09:29:58 AM,1100.3,0,0.0,241175411.59999996
2025-08-01 09:29:58 AM,1100.3,486,534745.7999999999,241710157.39999998
2025-08-01 09:29:59 AM,1101.1,0,0.0,241710157.39999998
2025-08-01 09:30:00 AM,1100.4,72,79228.8,241789386.2
2025-08-01 09:30:00 AM,1101.2,0,0.0,241789386.2
2025-08-01 09:30:01 AM,1100.4,27,29710.800000000003,241819097.0
2025-08-01 09:30:01 AM,1100.3,0,0.0,241819097.0
2025-08-01 09:30:02 AM,1100.3,34,37410.2,241856507.2
2025-08-01 09:30:02 AM,1101.0,0,0.0,241856507.2
2025-08-01 09:30:03 AM,1101.0,50,55050.0,241911557.2
2025-08-01 09:30:04 AM,1101.0,38,41838.0,241953395.2
2025-08-01 09:30:04 AM,1100.3,20,22006.0,241975401.2
2025-08-01 09:30:05 AM,1100.2,250,275050.0,242250451.2
2025-08-01 09:30:05 AM,1101.3,3,3303.8999999999996,242253755.1
2025-08-01 09:30:07 AM,1100.5,0,0.0,242253755.1
2025-08-01 09:30:07 AM,1100.5,26,28613.0,242282368.1
2025-08-01 09:30:08 AM,1100.5,22,24211.0,242306579.1
2025-08-01 09:30:09 AM,1100.9,11,12109.900000000001,242318689.0
2025-08-01 09:30:10 AM,1100.9,1,1100.9,242319789.9
2025-08-01 09:30:12 AM,1100.5,0,0.0,242319789.9
2025-08-01 09:30:12 AM,1100.5,2,2201.0,242321990.9
2025-08-01 09:30:12 AM,1100.9,0,0.0,242321990.9
2025-08-01 09:30:13 AM,1100.9,12,13210.800000000001,242335201.70000002
2025-08-01 09:30:13 AM,1101.0,0,0.0,242335201.70000002
2025-08-01 09:30:14 AM,1101.0,8,8808.0,242344009.70000002
2025-08-01 09:30:14 AM,1100.8,0,0.0,242344009.70000002
2025-08-01 09:30:15 AM,1100.8,19,20915.2,242364924.9
2025-08-01 09:30:17 AM,1101.0,0,0.0,242364924.9
2025-08-01 09:30:18 AM,1101.0,15,16515.0,242381439.9
2025-08-01 09:30:18 AM,1101.0,50,55050.0,242436489.9
2025-08-01 09:30:19 AM,1101.0,7,7707.0,242444196.9
2025-08-01 09:30:20 AM,1101.3,71,78192.3,242522389.20000002
2025-08-01 09:30:21 AM,1102.0,0,0.0,242522389.20000002
2025-08-01 09:30:21 AM,1102.0,11,12122.0,242534511.20000002
2025-08-01 09:30:22 AM,1101.9,0,0.0,242534511.20000002
2025-08-01 09:30:23 AM,1101.9,70,77133.0,242611644.20000002
2025-08-01 09:30:24 AM,1102.1,35,38573.5,242650217.70000002
2025-08-01 09:30:25 AM,1102.1,10,11021.0,242661238.70000002
2025-08-01 09:30:25 AM,1102.2,0,0.0,242661238.70000002
2025-08-01 09:30:26 AM,1102.2,36,39679.200000000004,242700917.9
2025-08-01 09:30:27 AM,1102.2,385,424347.0,243125264.9
2025-08-01 09:30:27 AM,1102.0,0,0.0,243125264.9
2025-08-01 09:30:28 AM,1102.0,61,67222.0,243192486.9
2025-08-01 09:30:28 AM,1102.2,0,0.0,243192486.9
2025-08-01 09:30:29 AM,1102.2,2,2204.4,243194691.3
2025-08-01 09:30:29 AM,1102.0,0,0.0,243194691.3
2025-08-01 09:30:30 AM,1102.0,56,61712.0,243256403.3
2025-08-01 09:30:31 AM,1102.8,0,0.0,243256403.3
2025-08-01 09:30:31 AM,1102.8,14,15439.199999999999,243271842.5
2025-08-01 09:30:32 AM,1102.9,0,0.0,243271842.5
2025-08-01 09:30:32 AM,1102.9,34,37498.600000000006,243309341.1
2025-08-01 09:30:33 AM,1103.0,0,0.0,243309341.1
2025-08-01 09:30:34 AM,1103.0,11,12133.0,243321474.1
2025-08-01 09:30:36 AM,1103.0,10,11030.0,243332504.1
2025-08-01 09:30:37 AM,1102.9,0,0.0,243332504.1
2025-08-01 09:30:38 AM,1103.0,0,0.0,243332504.1
2025-08-01 09:30:38 AM,1102.8,59,65065.2,243397569.29999998
2025-08-01 09:30:38 AM,1103.0,0,0.0,243397569.29999998
2025-08-01 09:30:39 AM,1103.0,447,493041.0,243890610.29999998
2025-08-01 09:30:40 AM,1103.6,0,0.0,243890610.29999998
2025-08-01 09:30:40 AM,1103.7,81,89399.7,243980009.99999997
2025-08-01 09:30:40 AM,1104.0,0,0.0,243980009.99999997
2025-08-01 09:30:41 AM,1103.3,0,0.0,243980009.99999997
2025-08-01 09:30:41 AM,1103.6,96,105945.59999999999,244085955.59999996
2025-08-01 09:30:42 AM,1103.2,14,15444.800000000001,244101400.39999998
2025-08-01 09:30:43 AM,1103.8,0,0.0,244101400.39999998
2025-08-01 09:30:43 AM,1103.8,10,11038.0,244112438.39999998
2025-08-01 09:30:44 AM,1104.0,0,0.0,244112438.39999998
2025-08-01 09:30:44 AM,1103.5,31,34208.5,244146646.89999998
2025-08-01 09:30:45 AM,1103.7,0,0.0,244146646.89999998
2025-08-01 09:30:45 AM,1103.7,40,44148.0,244190794.89999998
2025-08-01 09:30:46 AM,1104.0,0,0.0,244190794.89999998
2025-08-01 09:30:46 AM,1104.0,25,27600.0,244218394.89999998
2025-08-01 09:30:47 AM,1103.7,0,0.0,244218394.89999998
2025-08-01 09:30:48 AM,1103.7,112,123614.40000000001,244342009.29999998
2025-08-01 09:30:49 AM,1103.7,23,25385.100000000002,244367394.39999998
2025-08-01 09:30:49 AM,1103.5,196,216286.0,244583680.39999998
2025-08-01 09:30:49 AM,1103.3,0,0.0,244583680.39999998
2025-08-01 09:30:50 AM,1103.3,18,19859.399999999998,244603539.79999998
2025-08-01 09:30:50 AM,1103.5,0,0.0,244603539.79999998
2025-08-01 09:30:51 AM,1103.5,70,77245.0,244680784.79999998
2025-08-01 09:30:52 AM,1103.0,2783,3069649.0,247750433.79999998
2025-08-01 09:30:53 AM,1103.2,543,599037.6,248349471.39999998
2025-08-01 09:30:53 AM,1103.3,0,0.0,248349471.39999998
2025-08-01 09:30:54 AM,1103.0,62,68386.0,248417857.39999998
2025-08-01 09:30:55 AM,1103.7,110,121407.0,248539264.39999998
2025-08-01 09:30:56 AM,1103.9,100,110390.00000000001,248649654.39999998
2025-08-01 09:30:57 AM,1103.3,0,0.0,248649654.39999998
2025-08-01 09:30:57 AM,1103.7,11,12140.7,248661795.09999996
2025-08-01 09:30:59 AM,1103.3,0,0.0,248661795.09999996
2025-08-01 09:31:00 AM,1103.3,5,5516.5,248667311.59999996
2025-08-01 09:31:00 AM,1103.7,5,5518.5,248672830.09999996
2025-08-01 09:31:01 AM,1103.8,0,0.0,248672830.09999996
2025-08-01 09:31:01 AM,1103.8,3,3311.3999999999996,248676141.49999997
2025-08-01 09:31:02 AM,1103.7,0,0.0,248676141.49999997
2025-08-01 09:31:03 AM,1103.3,20,22066.0,248698207.49999997
2025-08-01 09:31:04 AM,1103.8,7,7726.599999999999,248705934.09999996
2025-08-01 09:31:05 AM,1103.8,5,5519.0,248711453.09999996
2025-08-01 09:31:06 AM,1103.6,2,2207.2,248713660.29999995
2025-08-01 09:31:08 AM,1103.8,1,1103.8,248714764.09999996
2025-08-01 09:31:09 AM,1103.8,17,18764.6,248733528.69999996
2025-08-01 09:31:10 AM,1103.8,10,11038.0,248744566.69999996
2025-08-01 09:31:10 AM,1104.0,0,0.0,248744566.69999996
2025-08-01 09:31:11 AM,1104.0,35,38640.0,248783206.69999996
2025-08-01 09:31:11 AM,1104.0,24,26496.0,248809702.69999996
2025-08-01 09:31:12 AM,1103.8,9,9934.199999999999,248819636.89999995
2025-08-01 09:31:12 AM,1104.0,0,0.0,248819636.89999995
2025-08-01 09:31:13 AM,1104.1,45,49684.49999999999,248869321.39999995
2025-08-01 09:31:13 AM,1104.1,10,11041.0,248880362.39999995
2025-08-01 09:31:14 AM,1104.1,1,1104.1,248881466.49999994
2025-08-01 09:31:15 AM,1104.2,0,0.0,248881466.49999994
2025-08-01 09:31:16 AM,1104.4,25,27610.000000000004,248909076.49999994
2025-08-01 09:31:17 AM,1104.1,0,0.0,248909076.49999994
2025-08-01 09:31:17 AM,1104.1,9,9936.9,248919013.39999995
2025-08-01 09:31:17 AM,1104.4,13,14357.2,248933370.59999993
2025-08-01 09:31:19 AM,1104.2,83,91648.6,249025019.19999993
2025-08-01 09:31:20 AM,1104.9,0,0.0,249025019.19999993
2025-08-01 09:31:21 AM,1104.9,9,9944.1,249034963.29999992
2025-08-01 09:31:21 AM,1104.9,20,22098.0,249057061.29999992
2025-08-01 09:31:23 AM,1105.0,0,0.0,249057061.29999992
2025-08-01 09:31:24 AM,1105.0,281,310505.0,249367566.29999992
2025-08-01 09:31:24 AM,1104.6,0,0.0,249367566.29999992
2025-08-01 09:31:25 AM,1104.6,43,47497.799999999996,249415064.09999993
2025-08-01 09:31:25 AM,1104.9,28,30937.200000000004,249446001.29999992
2025-08-01 09:31:26 AM,1104.9,20,22098.0,249468099.29999992
2025-08-01 09:31:26 AM,1104.6,0,0.0,249468099.29999992
2025-08-01 09:31:27 AM,1104.8,342,377841.6,249845940.89999992
2025-08-01 09:31:27 AM,1104.8,20,22096.0,249868036.89999992
2025-08-01 09:31:27 AM,1105.0,0,0.0,249868036.89999992
2025-08-01 09:31:28 AM,1105.0,112,123760.0,249991796.89999992
2025-08-01 09:31:28 AM,1104.3,44,48589.2,250040386.0999999
2025-08-01 09:31:29 AM,1104.8,25,27620.0,250068006.0999999
2025-08-01 09:31:29 AM,1104.8,2,2209.6,250070215.6999999
2025-08-01 09:31:30 AM,1103.9,0,0.0,250070215.6999999
2025-08-01 09:31:30 AM,1103.9,1916,2115072.4000000004,252185288.0999999
2025-08-01 09:31:31 AM,1104.0,0,0.0,252185288.0999999
2025-08-01 09:31:31 AM,1104.9,33,36461.700000000004,252221749.7999999
2025-08-01 09:31:31 AM,1104.9,100,110490.00000000001,252332239.7999999
2025-08-01 09:31:31 AM,1104.2,0,0.0,252332239.7999999
2025-08-01 09:31:32 AM,1103.9,184,203117.6,252535357.3999999
2025-08-01 09:31:32 AM,1104.4,0,0.0,252535357.3999999
2025-08-01 09:31:32 AM,1104.4,41,45280.4,252580637.7999999
2025-08-01 09:31:33 AM,1103.8,60,66228.0,252646865.7999999
2025-08-01 09:31:33 AM,1104.2,0,0.0,252646865.7999999
2025-08-01 09:31:34 AM,1104.2,37,40855.4,252687721.1999999
2025-08-01 09:31:34 AM,1104.3,0,0.0,252687721.1999999
2025-08-01 09:31:35 AM,1103.7,183,201977.1,252889698.2999999
2025-08-01 09:31:35 AM,1104.4,0,0.0,252889698.2999999
2025-08-01 09:31:36 AM,1103.7,30,33111.0,252922809.2999999
2025-08-01 09:31:36 AM,1104.4,0,0.0,252922809.2999999
2025-08-01 09:31:37 AM,1104.4,12,13252.800000000001,252936062.0999999
2025-08-01 09:31:38 AM,1104.4,105,115962.00000000001,253052024.0999999
2025-08-01 09:31:39 AM,1104.5,0,0.0,253052024.0999999
2025-08-01 09:31:40 AM,1104.5,111,122599.5,253174623.5999999
2025-08-01 09:31:43 AM,1104.7,67,74014.90000000001,253248638.4999999
2025-08-01 09:31:44 AM,1104.8,0,0.0,253248638.4999999
2025-08-01 09:31:45 AM,1104.8,1,1104.8,253249743.29999992
2025-08-01 09:31:45 AM,1104.8,25,27620.0,253277363.29999992
2025-08-01 09:31:47 AM,1104.8,10,11048.0,253288411.29999992
2025-08-01 09:31:47 AM,1104.4,0,0.0,253288411.29999992
2025-08-01 09:31:48 AM,1104.8,72,79545.59999999999,253367956.89999992
2025-08-01 09:31:50 AM,1104.4,0,0.0,253367956.89999992
2025-08-01 09:31:51 AM,1104.4,4,4417.6,253372374.4999999
2025-08-01 09:31:52 AM,1104.7,0,0.0,253372374.4999999
2025-08-01 09:31:53 AM,1104.7,50,55235.0,253427609.4999999
2025-08-01 09:31:53 AM,1104.7,10,11047.0,253438656.4999999
2025-08-01 09:31:54 AM,1104.7,14,15465.800000000001,253454122.29999992
2025-08-01 09:31:55 AM,1104.8,269,297191.2,253751313.4999999
2025-08-01 09:31:55 AM,1104.6,80,88368.0,253839681.4999999
2025-08-01 09:31:55 AM,1104.2,0,0.0,253839681.4999999
2025-08-01 09:31:56 AM,1104.2,213,235194.6,254074876.0999999
2025-08-01 09:31:56 AM,1104.4,2,2208.8,254077084.89999992
2025-08-01 09:31:57 AM,1104.2,0,0.0,254077084.89999992
2025-08-01 09:31:57 AM,1104.2,59,65147.8,254142232.69999993
2025-08-01 09:31:58 AM,1104.5,0,0.0,254142232.69999993
2025-08-01 09:31:59 AM,1104.2,0,0.0,254142232.69999993
2025-08-01 09:31:59 AM,1104.2,29,32021.800000000003,254174254.49999994
2025-08-01 09:31:59 AM,1104.5,14,15463.0,254189717.49999994
2025-08-01 09:32:00 AM,1103.5,0,0.0,254189717.49999994
2025-08-01 09:32:01 AM,1103.5,223,246080.5,254435797.99999994
2025-08-01 09:32:01 AM,1103.5,70,77245.0,254513042.99999994
2025-08-01 09:32:02 AM,1103.0,22,24266.0,254537308.99999994
2025-08-01 09:32:03 AM,1103.2,1373,1514693.6,256052002.59999993
2025-08-01 09:32:04 AM,1103.9,138,152338.2,256204340.79999992
2025-08-01 09:32:05 AM,1103.2,58,63985.600000000006,256268326.39999992
2025-08-01 09:32:05 AM,1103.5,0,0.0,256268326.39999992
2025-08-01 09:32:05 AM,1103.5,2,2207.0,256270533.39999992
2025-08-01 09:32:06 AM,1103.5,60,66210.0,256336743.39999992
2025-08-01 09:32:07 AM,1103.0,0,0.0,256336743.39999992
2025-08-01 09:32:07 AM,1103.0,450,496350.0,256833093.39999992
2025-08-01 09:32:08 AM,1103.5,5,5517.5,256838610.89999992
2025-08-01 09:32:08 AM,1103.2,0,0.0,256838610.89999992
2025-08-01 09:32:08 AM,1103.2,1,1103.2,256839714.0999999
2025-08-01 09:32:09 AM,1103.4,58,63997.200000000004,256903711.2999999
2025-08-01 09:32:09 AM,1103.5,0,0.0,256903711.2999999
2025-08-01 09:32:09 AM,1103.5,1,1103.5,256904814.7999999
2025-08-01 09:32:10 AM,1103.0,0,0.0,256904814.7999999
2025-08-01 09:32:10 AM,1102.5,2198,2423295.0,259328109.7999999
2025-08-01 09:32:11 AM,1103.0,50,55150.0,259383259.7999999
2025-08-01 09:32:11 AM,1102.5,241,265702.5,259648962.2999999
2025-08-01 09:32:12 AM,1102.9,0,0.0,259648962.2999999
2025-08-01 09:32:12 AM,1102.2,105,115731.0,259764693.2999999
2025-08-01 09:32:13 AM,1102.3,4,4409.2,259769102.49999988
2025-08-01 09:32:14 AM,1102.4,27,29764.800000000003,259798867.2999999
2025-08-01 09:32:15 AM,1102.5,10,11025.0,259809892.2999999
2025-08-01 09:32:16 AM,1103.0,517,570251.0,260380143.2999999
2025-08-01 09:32:17 AM,1103.0,150,165450.0,260545593.2999999
2025-08-01 09:32:19 AM,1103.4,22,24274.800000000003,260569868.0999999
2025-08-01 09:32:20 AM,1103.1,72,79423.2,260649291.2999999
2025-08-01 09:32:22 AM,1103.9,0,0.0,260649291.2999999
2025-08-01 09:32:22 AM,1103.9,83,91623.70000000001,260740914.99999988
2025-08-01 09:32:23 AM,1104.0,6,6624.0,260747538.99999988
2025-08-01 09:32:25 AM,1105.0,3957,4372485.0,265120023.99999988
2025-08-01 09:32:26 AM,1104.7,33,36455.1,265156479.09999987
2025-08-01 09:32:27 AM,1104.4,466,514650.4,265671129.49999988
2025-08-01 09:32:28 AM,1104.8,57,62973.6,265734103.09999987
2025-08-01 09:32:29 AM,1104.4,19,20983.600000000002,265755086.69999987
2025-08-01 09:32:31 AM,1105.0,125,138125.0,265893211.69999987
2025-08-01 09:32:31 AM,1104.7,18,19884.600000000002,265913096.29999986
2025-08-01 09:32:32 AM,1105.0,0,0.0,265913096.29999986
2025-08-01 09:32:32 AM,1104.7,86,95004.2,266008100.49999985
2025-08-01 09:32:33 AM,1105.0,42,46410.0,266054510.49999985
2025-08-01 09:32:35 AM,1105.0,10,11050.0,266065560.49999985
2025-08-01 09:32:36 AM,1105.0,50,55250.0,266120810.49999985
2025-08-01 09:32:36 AM,1105.0,25,27625.0,266148435.49999985
2025-08-01 09:32:37 AM,1105.0,68,75140.0,266223575.49999985
2025-08-01 09:32:38 AM,1104.3,556,613990.7999999999,266837566.29999986
2025-08-01 09:32:38 AM,1103.5,54,59589.0,266897155.29999986
2025-08-01 09:32:39 AM,1103.4,0,0.0,266897155.29999986
2025-08-01 09:32:39 AM,1103.7,97,107058.90000000001,267004214.19999987
2025-08-01 09:32:40 AM,1103.8,20,22076.0,267026290.19999987
2025-08-01 09:32:40 AM,1103.1,10,11031.0,267037321.19999987
2025-08-01 09:32:41 AM,1103.2,486,536155.2000000001,267573476.39999986
2025-08-01 09:32:41 AM,1104.4,0,0.0,267573476.39999986
2025-08-01 09:32:42 AM,1104.4,200,220880.00000000003,267794356.39999986
2025-08-01 09:32:42 AM,1104.6,0,0.0,267794356.39999986
2025-08-01 09:32:43 AM,1104.6,246,271731.6,268066087.99999985
2025-08-01 09:32:45 AM,1104.4,30,33132.0,268099219.99999985
2025-08-01 09:32:45 AM,1104.1,25,27602.499999999996,268126822.49999985
2025-08-01 09:32:46 AM,1103.5,31,34208.5,268161030.99999985
2025-08-01 09:32:46 AM,1104.1,0,0.0,268161030.99999985
2025-08-01 09:32:47 AM,1104.3,3,3312.8999999999996,268164343.89999986
2025-08-01 09:32:48 AM,1103.8,0,0.0,268164343.89999986
2025-08-01 09:32:48 AM,1104.1,28,30914.799999999996,268195258.69999987
2025-08-01 09:32:48 AM,1104.0,50,55200.0,268250458.69999987
2025-08-01 09:32:49 AM,1104.5,0,0.0,268250458.69999987
2025-08-01 09:32:49 AM,1104.5,20,22090.0,268272548.69999987
2025-08-01 09:32:50 AM,1104.5,55,60747.5,268333296.19999987
2025-08-01 09:32:50 AM,1104.6,0,0.0,268333296.19999987
2025-08-01 09:32:51 AM,1104.3,10,11043.0,268344339.19999987
2025-08-01 09:32:52 AM,1104.6,0,0.0,268344339.19999987
2025-08-01 09:32:53 AM,1104.3,94,103804.2,268448143.39999986
2025-08-01 09:32:55 AM,1104.7,0,0.0,268448143.39999986
2025-08-01 09:32:55 AM,1104.7,10,11047.0,268459190.39999986
2025-08-01 09:32:55 AM,1105.0,0,0.0,268459190.39999986
2025-08-01 09:32:56 AM,1105.0,129,142545.0,268601735.39999986
2025-08-01 09:32:57 AM,1105.0,2,2210.0,268603945.39999986
2025-08-01 09:33:00 AM,1104.9,0,0.0,268603945.39999986
2025-08-01 09:33:00 AM,1104.9,1,1104.9,268605050.29999983
2025-08-01 09:33:00 AM,1104.5,25,27612.5,268632662.79999983
2025-08-01 09:33:02 AM,1105.0,0,0.0,268632662.79999983
2025-08-01 09:33:03 AM,1105.0,10,11050.0,268643712.79999983
2025-08-01 09:33:04 AM,1104.9,9,9944.1,268653656.89999986
2025-08-01 09:33:04 AM,1104.7,0,0.0,268653656.89999986
2025-08-01 09:33:04 AM,1104.7,272,300478.4,268954135.29999983
2025-08-01 09:33:06 AM,1104.7,40,44188.0,268998323.29999983
2025-08-01 09:33:07 AM,1104.3,4,4417.2,269002740.4999998
2025-08-01 09:33:08 AM,1104.6,128,141388.8,269144129.29999983
2025-08-01 09:33:09 AM,1104.7,0,0.0,269144129.29999983
2025-08-01 09:33:10 AM,1104.7,30,33141.0,269177270.29999983
2025-08-01 09:33:10 AM,1104.1,18,19873.8,269197144.09999985
2025-08-01 09:33:11 AM,1104.7,50,55235.0,269252379.09999985
2025-08-01 09:33:12 AM,1104.7,194,214311.80000000002,269466690.89999986
2025-08-01 09:33:12 AM,1104.8,0,0.0,269466690.89999986
2025-08-01 09:33:13 AM,1104.8,43,47506.4,269514197.29999983
2025-08-01 09:33:14 AM,1104.3,0,0.0,269514197.29999983
2025-08-01 09:33:15 AM,1104.3,2,2208.6,269516405.89999986
2025-08-01 09:33:17 AM,1104.7,48,53025.600000000006,269569431.4999999
2025-08-01 09:33:19 AM,1104.7,72,79538.40000000001,269648969.89999986
2025-08-01 09:33:20 AM,1104.8,0,0.0,269648969.89999986
2025-08-01 09:33:20 AM,1104.8,25,27620.0,269676589.89999986
2025-08-01 09:33:21 AM,1105.4,0,0.0,269676589.89999986
2025-08-01 09:33:22 AM,1105.4,1323,1462444.2000000002,271139034.09999985
2025-08-01 09:33:23 AM,1105.4,31,34267.4,271173301.4999998
2025-08-01 09:33:23 AM,1105.8,0,0.0,271173301.4999998
2025-08-01 09:33:24 AM,1105.8,393,434579.39999999997,271607880.8999998
2025-08-01 09:33:24 AM,1105.8,8,8846.4,271616727.2999998
2025-08-01 09:33:24 AM,1105.9,0,0.0,271616727.2999998
2025-08-01 09:33:25 AM,1105.9,260,287534.0,271904261.2999998
2025-08-01 09:33:25 AM,1106.0,0,0.0,271904261.2999998
2025-08-01 09:33:26 AM,1106.0,721,797426.0,272701687.2999998
2025-08-01 09:33:27 AM,1105.7,24,26536.800000000003,272728224.0999998
2025-08-01 09:33:27 AM,1106.4,16,17702.4,272745926.49999976
2025-08-01 09:33:28 AM,1106.3,1,1106.3,272747032.7999998
2025-08-01 09:33:29 AM,1105.9,4,4423.6,272751456.3999998
2025-08-01 09:33:29 AM,1106.0,0,0.0,272751456.3999998
2025-08-01 09:33:30 AM,1106.6,0,0.0,272751456.3999998
2025-08-01 09:33:30 AM,1105.9,439,485490.10000000003,273236946.4999998
2025-08-01 09:33:31 AM,1106.0,171,189126.0,273426072.4999998
2025-08-01 09:33:31 AM,1106.0,1,1106.0,273427178.4999998
2025-08-01 09:33:33 AM,1105.9,12,13270.800000000001,273440449.29999983
2025-08-01 09:33:34 AM,1105.6,0,0.0,273440449.29999983
2025-08-01 09:33:34 AM,1105.6,200,221119.99999999997,273661569.29999983
2025-08-01 09:33:35 AM,1105.8,2,2211.6,273663780.89999986
2025-08-01 09:33:36 AM,1105.6,28,30956.799999999996,273694737.69999987
2025-08-01 09:33:38 AM,1105.8,10,11058.0,273705795.69999987
2025-08-01 09:33:39 AM,1105.8,3,3317.3999999999996,273709113.09999985
2025-08-01 09:33:40 AM,1105.8,10,11058.0,273720171.09999985
2025-08-01 09:33:40 AM,1105.8,1,1105.8,273721276.89999986
2025-08-01 09:33:41 AM,1105.6,106,117193.59999999999,273838470.4999999
2025-08-01 09:33:42 AM,1105.6,27,29851.199999999997,273868321.69999987
2025-08-01 09:33:44 AM,1105.9,0,0.0,273868321.69999987
2025-08-01 09:33:45 AM,1105.9,5,5529.5,273873851.19999987
2025-08-01 09:33:46 AM,1106.1,110,121670.99999999999,273995522.19999987
2025-08-01 09:33:47 AM,1106.1,50,55304.99999999999,274050827.19999987
2025-08-01 09:33:48 AM,1105.6,3,3316.7999999999997,274054143.9999999
2025-08-01 09:33:48 AM,1106.2,0,0.0,274054143.9999999
2025-08-01 09:33:49 AM,1106.2,10,11062.0,274065205.9999999
2025-08-01 09:33:50 AM,1105.9,10,11059.0,274076264.9999999
2025-08-01 09:33:51 AM,1105.9,1,1105.9,274077370.89999986
2025-08-01 09:33:52 AM,1106.6,65,71929.0,274149299.89999986
2025-08-01 09:33:53 AM,1106.8,100,110680.0,274259979.89999986
2025-08-01 09:33:54 AM,1106.8,21,23242.8,274283222.69999987
2025-08-01 09:33:55 AM,1106.2,0,0.0,274283222.69999987
2025-08-01 09:33:55 AM,1106.2,7,7743.400000000001,274290966.09999985
2025-08-01 09:33:57 AM,1106.7,1,1106.7,274292072.79999983
