date,price,qty,trnvr,cum_trnvr
2025-08-01 09:15:00 AM,215.7,2332,503012.39999999997,503012.39999999997
2025-08-01 09:15:01 AM,214.99,0,0.0,503012.39999999997
2025-08-01 09:15:02 AM,214.99,2343,503721.57,1006733.97
2025-08-01 09:15:10 AM,213.89,0,0.0,1006733.97
2025-08-01 09:15:12 AM,213.5,9738,2079063.0,3085796.9699999997
2025-08-01 09:15:20 AM,212.61,0,0.0,3085796.9699999997
2025-08-01 09:15:23 AM,212.79,7495,1594861.05,4680658.02
2025-08-01 09:15:24 AM,212.53,40,8501.2,4689159.22
2025-08-01 09:15:26 AM,212.8,0,0.0,4689159.22
2025-08-01 09:15:30 AM,213.08,0,0.0,4689159.22
2025-08-01 09:15:31 AM,213.08,361,76921.88,4766081.1
2025-08-01 09:15:39 AM,212.92,0,0.0,4766081.1
2025-08-01 09:15:40 AM,212.92,12272,2612954.2399999998,7379035.34
2025-08-01 09:15:41 AM,212.75,734,156158.5,7535193.84
2025-08-01 09:15:43 AM,213.28,0,0.0,7535193.84
2025-08-01 09:15:47 AM,213.1,0,0.0,7535193.84
2025-08-01 09:15:48 AM,213.1,2397,510800.7,8045994.54
2025-08-01 09:15:52 AM,213.46,0,0.0,8045994.54
2025-08-01 09:15:56 AM,213.46,101,21559.46,8067554.0
2025-08-01 09:15:58 AM,213.2,15,3198.0,8070752.0
2025-08-01 09:16:01 AM,213.31,0,0.0,8070752.0
2025-08-01 09:16:03 AM,212.69,0,0.0,8070752.0
2025-08-01 09:16:04 AM,212.69,6240,1327185.6,9397937.6
2025-08-01 09:16:06 AM,212.5,1348,286450.0,9684387.6
2025-08-01 09:16:12 AM,212.51,4015,853227.6499999999,10537615.25
2025-08-01 09:16:17 AM,212.3,0,0.0,10537615.25
2025-08-01 09:16:21 AM,212.87,1243,264597.41000000003,10802212.66
2025-08-01 09:16:25 AM,212.51,0,0.0,10802212.66
2025-08-01 09:16:29 AM,212.51,174,36976.74,10839189.4
2025-08-01 09:16:30 AM,213.34,4698,1002271.3200000001,11841460.72
2025-08-01 09:16:35 AM,212.71,0,0.0,11841460.72
2025-08-01 09:16:37 AM,212.71,741,157618.11000000002,11999078.83
2025-08-01 09:16:38 AM,212.93,128,27255.04,12026333.87
2025-08-01 09:16:45 AM,212.77,38,8085.26,12034419.129999999
2025-08-01 09:16:54 AM,212.79,254,54048.659999999996,12088467.79
2025-08-01 09:16:55 AM,213.02,0,0.0,12088467.79
2025-08-01 09:16:57 AM,212.78,0,0.0,12088467.79
2025-08-01 09:17:02 AM,212.81,264,56181.840000000004,12144649.629999999
2025-08-01 09:17:06 AM,212.93,0,0.0,12144649.629999999
2025-08-01 09:17:10 AM,212.99,138,29392.620000000003,12174042.249999998
2025-08-01 09:17:13 AM,213.02,0,0.0,12174042.249999998
2025-08-01 09:17:18 AM,213.08,63,13424.04,12187466.289999997
2025-08-01 09:17:19 AM,213.05,5,1065.25,12188531.539999997
2025-08-01 09:17:22 AM,213.04,0,0.0,12188531.539999997
2025-08-01 09:17:24 AM,213.09,0,0.0,12188531.539999997
2025-08-01 09:17:27 AM,213.38,166,35421.08,12223952.619999997
2025-08-01 09:17:30 AM,213.13,0,0.0,12223952.619999997
2025-08-01 09:17:32 AM,213.34,0,0.0,12223952.619999997
2025-08-01 09:17:35 AM,213.03,927,197478.81,12421431.429999998
2025-08-01 09:17:36 AM,213.04,2,426.08,12421857.509999998
2025-08-01 09:17:38 AM,213.02,0,0.0,12421857.509999998
2025-08-01 09:17:43 AM,213.01,735,156562.35,12578419.859999998
2025-08-01 09:17:51 AM,213.01,90,19170.899999999998,12597590.759999998
2025-08-01 09:17:52 AM,213.01,2,426.02,12598016.779999997
2025-08-01 09:18:00 AM,213.01,12,2556.12,12600572.899999997
2025-08-01 09:18:01 AM,213.01,1,213.01,12600785.909999996
2025-08-01 09:18:04 AM,213.08,0,0.0,12600785.909999996
2025-08-01 09:18:08 AM,213.08,1,213.08,12600998.989999996
2025-08-01 09:18:09 AM,213.42,200,42684.0,12643682.989999996
2025-08-01 09:18:12 AM,213.29,0,0.0,12643682.989999996
2025-08-01 09:18:14 AM,213.46,0,0.0,12643682.989999996
2025-08-01 09:18:17 AM,213.46,51,10886.460000000001,12654569.449999997
2025-08-01 09:18:18 AM,213.47,33,7044.51,12661613.959999997
2025-08-01 09:18:20 AM,213.71,0,0.0,12661613.959999997
2025-08-01 09:18:25 AM,213.71,305,65181.55,12726795.509999998
2025-08-01 09:18:26 AM,213.44,46,9818.24,12736613.749999998
2025-08-01 09:18:29 AM,213.52,0,0.0,12736613.749999998
2025-08-01 09:18:33 AM,213.5,9,1921.5,12738535.249999998
2025-08-01 09:18:36 AM,213.73,0,0.0,12738535.249999998
2025-08-01 09:18:38 AM,213.49,0,0.0,12738535.249999998
2025-08-01 09:18:41 AM,213.65,902,192712.30000000002,12931247.549999999
2025-08-01 09:18:42 AM,213.44,30,6403.2,12937650.749999998
2025-08-01 09:18:44 AM,213.64,0,0.0,12937650.749999998
2025-08-01 09:18:49 AM,213.46,162,34580.520000000004,12972231.269999998
2025-08-01 09:18:52 AM,213.6,0,0.0,12972231.269999998
2025-08-01 09:18:54 AM,213.72,0,0.0,12972231.269999998
2025-08-01 09:18:57 AM,213.72,337,72023.64,13044254.909999998
2025-08-01 09:18:59 AM,213.6,43,9184.8,13053439.709999999
2025-08-01 09:19:02 AM,213.72,0,0.0,13053439.709999999
2025-08-01 09:19:05 AM,213.57,4158,888024.0599999999,13941463.77
2025-08-01 09:19:08 AM,213.87,0,0.0,13941463.77
2025-08-01 09:19:10 AM,213.64,0,0.0,13941463.77
2025-08-01 09:19:14 AM,213.53,164,35018.92,13976482.69
2025-08-01 09:19:17 AM,213.87,0,0.0,13976482.69
2025-08-01 09:19:22 AM,213.87,30,6416.1,13982898.79
2025-08-01 09:19:22 AM,213.65,0,0.0,13982898.79
2025-08-01 09:19:23 AM,213.65,4,854.6,13983753.389999999
2025-08-01 09:19:29 AM,213.76,0,0.0,13983753.389999999
2025-08-01 09:19:30 AM,213.76,1,213.76,13983967.149999999
2025-08-01 09:19:31 AM,213.7,6,1282.1999999999998,13985249.349999998
2025-08-01 09:19:38 AM,213.62,1,213.62,13985462.969999997
2025-08-01 09:19:45 AM,213.9,0,0.0,13985462.969999997
2025-08-01 09:19:46 AM,213.9,242,51763.8,14037226.769999998
2025-08-01 09:19:54 AM,213.86,451,96450.86,14133677.629999997
2025-08-01 09:19:54 AM,213.87,0,0.0,14133677.629999997
2025-08-01 09:19:56 AM,213.87,6,1283.22,14134960.849999998
2025-08-01 09:20:02 AM,213.86,63,13473.18,14148434.029999997
2025-08-01 09:20:03 AM,213.86,9,1924.7400000000002,14150358.769999998
2025-08-01 09:20:08 AM,214.0,0,0.0,14150358.769999998
2025-08-01 09:20:10 AM,214.0,901,192814.0,14343172.769999998
2025-08-01 09:20:15 AM,213.91,0,0.0,14343172.769999998
2025-08-01 09:20:18 AM,213.91,195,41712.45,14384885.219999997
2025-08-01 09:20:18 AM,214.0,0,0.0,14384885.219999997
2025-08-01 09:20:19 AM,214.0,11,2354.0,14387239.219999997
2025-08-01 09:20:26 AM,213.9,100,21390.0,14408629.219999997
2025-08-01 09:20:29 AM,213.93,0,0.0,14408629.219999997
2025-08-01 09:20:33 AM,213.89,197,42136.329999999994,14450765.549999997
2025-08-01 09:20:36 AM,213.91,0,0.0,14450765.549999997
2025-08-01 09:20:40 AM,213.92,0,0.0,14450765.549999997
2025-08-01 09:20:41 AM,213.92,23,4920.16,14455685.709999997
2025-08-01 09:20:47 AM,213.91,0,0.0,14455685.709999997
2025-08-01 09:20:49 AM,213.91,89,19037.989999999998,14474723.699999997
2025-08-01 09:20:50 AM,213.9,13,2780.7000000000003,14477504.399999997
2025-08-01 09:20:57 AM,213.9,8,1711.2,14479215.599999996
2025-08-01 09:21:04 AM,213.9,30,6417.0,14485632.599999996
2025-08-01 09:21:06 AM,213.9,10,2139.0,14487771.599999996
2025-08-01 09:21:12 AM,213.9,221,47271.9,14535043.499999996
2025-08-01 09:21:14 AM,213.9,30,6417.0,14541460.499999996
2025-08-01 09:21:15 AM,213.86,0,0.0,14541460.499999996
2025-08-01 09:21:17 AM,213.87,0,0.0,14541460.499999996
2025-08-01 09:21:20 AM,213.99,177,37876.23,14579336.729999997
2025-08-01 09:21:22 AM,213.87,0,0.0,14579336.729999997
2025-08-01 09:21:28 AM,213.9,26,5561.400000000001,14584898.129999997
2025-08-01 09:21:29 AM,213.99,3,641.97,14585540.099999998
2025-08-01 09:21:35 AM,213.87,0,0.0,14585540.099999998
2025-08-01 09:21:36 AM,213.87,1,213.87,14585753.969999997
2025-08-01 09:21:41 AM,214.0,0,0.0,14585753.969999997
2025-08-01 09:21:43 AM,214.0,65,13910.0,14599663.969999997
2025-08-01 09:21:47 AM,213.91,0,0.0,14599663.969999997
2025-08-01 09:21:51 AM,213.91,11,2353.0099999999998,14602016.979999997
2025-08-01 09:21:54 AM,214.0,0,0.0,14602016.979999997
2025-08-01 09:21:59 AM,214.0,616,131824.0,14733840.979999997
2025-08-01 09:22:01 AM,213.91,0,0.0,14733840.979999997
2025-08-01 09:22:05 AM,213.9,0,0.0,14733840.979999997
2025-08-01 09:22:06 AM,213.9,112,23956.8,14757797.779999997
2025-08-01 09:22:07 AM,213.9,14,2994.6,14760792.379999997
2025-08-01 09:22:08 AM,214.0,0,0.0,14760792.379999997
2025-08-01 09:22:11 AM,213.91,0,0.0,14760792.379999997
2025-08-01 09:22:14 AM,213.91,1003,214551.73,14975344.109999998
2025-08-01 09:22:15 AM,213.9,149,31871.100000000002,15007215.209999997
2025-08-01 09:22:18 AM,214.0,0,0.0,15007215.209999997
2025-08-01 09:22:22 AM,213.86,115,24593.9,15031809.109999998
2025-08-01 09:22:25 AM,214.0,0,0.0,15031809.109999998
2025-08-01 09:22:29 AM,213.95,1081,231279.94999999998,15263089.059999997
2025-08-01 09:22:30 AM,213.9,0,0.0,15263089.059999997
2025-08-01 09:22:31 AM,213.9,153,32726.7,15295815.759999996
2025-08-01 09:22:33 AM,213.85,0,0.0,15295815.759999996
2025-08-01 09:22:37 AM,213.95,37,7916.15,15303731.909999996
2025-08-01 09:22:38 AM,213.86,4,855.44,15304587.349999996
2025-08-01 09:22:44 AM,213.91,5,1069.55,15305656.899999997
2025-08-01 09:22:45 AM,213.95,0,0.0,15305656.899999997
2025-08-01 09:22:46 AM,213.95,50,10697.5,15316354.399999997
2025-08-01 09:22:52 AM,213.95,8,1711.6,15318065.999999996
2025-08-01 09:22:54 AM,213.91,1,213.91,15318279.909999996
2025-08-01 09:22:58 AM,213.9,0,0.0,15318279.909999996
2025-08-01 09:22:59 AM,213.9,88,18823.2,15337103.109999996
2025-08-01 09:23:04 AM,213.91,0,0.0,15337103.109999996
2025-08-01 09:23:07 AM,213.91,209,44707.19,15381810.299999995
2025-08-01 09:23:09 AM,213.9,30,6417.0,15388227.299999995
2025-08-01 09:23:15 AM,213.9,5,1069.5,15389296.799999995
2025-08-01 09:23:17 AM,213.83,1233,263652.39,15652949.189999996
2025-08-01 09:23:23 AM,213.8,193,41263.4,15694212.589999996
2025-08-01 09:23:24 AM,213.64,27,5768.28,15699980.869999995
2025-08-01 09:23:30 AM,213.59,10,2135.9,15702116.769999996
2025-08-01 09:23:37 AM,213.58,0,0.0,15702116.769999996
2025-08-01 09:23:38 AM,213.58,2,427.16,15702543.929999996
2025-08-01 09:23:39 AM,213.61,10,2136.1000000000004,15704680.029999996
2025-08-01 09:23:44 AM,213.6,0,0.0,15704680.029999996
2025-08-01 09:23:45 AM,213.6,1,213.6,15704893.629999995
2025-08-01 09:24:01 AM,213.74,44,9404.560000000001,15714298.189999996
2025-08-01 09:24:08 AM,213.74,7,1496.18,15715794.369999995
2025-08-01 09:24:16 AM,213.74,201,42961.740000000005,15758756.109999996
2025-08-01 09:24:17 AM,213.9,0,0.0,15758756.109999996
2025-08-01 09:24:17 AM,213.9,1,213.9,15758970.009999996
2025-08-01 09:24:23 AM,213.76,0,0.0,15758970.009999996
2025-08-01 09:24:24 AM,213.76,35,7481.599999999999,15766451.609999996
2025-08-01 09:24:25 AM,213.98,10,2139.7999999999997,15768591.409999996
2025-08-01 09:24:29 AM,213.99,0,0.0,15768591.409999996
2025-08-01 09:24:31 AM,213.97,33,7061.01,15775652.419999996
2025-08-01 09:24:35 AM,213.78,0,0.0,15775652.419999996
2025-08-01 09:24:39 AM,213.73,167,35692.909999999996,15811345.329999996
2025-08-01 09:24:46 AM,213.98,178,38088.439999999995,15849433.769999996
2025-08-01 09:24:47 AM,213.74,0,0.0,15849433.769999996
2025-08-01 09:24:48 AM,213.74,8,1709.92,15851143.689999996
2025-08-01 09:24:54 AM,213.74,23,4916.02,15856059.709999995
2025-08-01 09:25:00 AM,213.75,0,0.0,15856059.709999995
2025-08-01 09:25:01 AM,213.75,308,65835.0,15921894.709999995
2025-08-01 09:25:01 AM,213.73,0,0.0,15921894.709999995
2025-08-01 09:25:03 AM,213.73,41,8762.93,15930657.639999995
2025-08-01 09:25:08 AM,213.76,0,0.0,15930657.639999995
2025-08-01 09:25:08 AM,213.76,8,1710.08,15932367.719999995
2025-08-01 09:25:18 AM,213.96,141,30168.36,15962536.079999994
2025-08-01 09:25:24 AM,213.75,21,4488.75,15967024.829999994
2025-08-01 09:25:26 AM,213.9,82,17539.8,15984564.629999995
2025-08-01 09:25:31 AM,214.0,516,110424.0,16094988.629999995
2025-08-01 09:25:33 AM,214.0,500,107000.0,16201988.629999995
2025-08-01 09:25:38 AM,214.03,5785,1238163.55,17440152.179999996
2025-08-01 09:25:39 AM,214.09,0,0.0,17440152.179999996
2025-08-01 09:25:41 AM,214.09,30,6422.7,17446574.879999995
2025-08-01 09:25:44 AM,214.23,0,0.0,17446574.879999995
2025-08-01 09:25:46 AM,214.1,437,93561.7,17540136.579999994
2025-08-01 09:25:48 AM,214.49,2039,437345.11000000004,17977481.689999994
2025-08-01 09:25:49 AM,214.21,0,0.0,17977481.689999994
2025-08-01 09:25:54 AM,214.0,543,116202.0,18093683.689999994
2025-08-01 09:25:55 AM,214.1,0,0.0,18093683.689999994
2025-08-01 09:25:56 AM,214.1,52,11133.199999999999,18104816.889999993
2025-08-01 09:26:01 AM,214.06,8,1712.48,18106529.369999994
2025-08-01 09:26:08 AM,214.02,0,0.0,18106529.369999994
2025-08-01 09:26:09 AM,214.02,310,66346.2,18172875.569999993
2025-08-01 09:26:11 AM,214.03,37,7919.11,18180794.679999992
2025-08-01 09:26:15 AM,214.01,0,0.0,18180794.679999992
2025-08-01 09:26:16 AM,214.03,658,140831.74,18321626.41999999
2025-08-01 09:26:21 AM,214.01,0,0.0,18321626.41999999
2025-08-01 09:26:24 AM,214.04,113,24186.52,18345812.93999999
2025-08-01 09:26:26 AM,214.04,2,428.08,18346241.01999999
2025-08-01 09:26:26 AM,214.05,0,0.0,18346241.01999999
2025-08-01 09:26:27 AM,214.04,0,0.0,18346241.01999999
2025-08-01 09:26:31 AM,214.05,0,0.0,18346241.01999999
2025-08-01 09:26:32 AM,214.05,83,17766.15,18364007.169999987
2025-08-01 09:26:33 AM,214.47,0,0.0,18364007.169999987
2025-08-01 09:26:34 AM,214.47,775,166214.25,18530221.419999987
2025-08-01 09:26:36 AM,214.08,0,0.0,18530221.419999987
2025-08-01 09:26:40 AM,214.08,116,24833.280000000002,18555054.699999988
2025-08-01 09:26:41 AM,214.07,18,3853.2599999999998,18558907.95999999
2025-08-01 09:26:47 AM,214.07,2,428.14,18559336.09999999
2025-08-01 09:26:48 AM,214.08,0,0.0,18559336.09999999
2025-08-01 09:26:49 AM,214.08,1,214.08,18559550.17999999
2025-08-01 09:26:54 AM,214.15,0,0.0,18559550.17999999
2025-08-01 09:26:55 AM,214.15,201,43044.15,18602594.329999987
2025-08-01 09:26:56 AM,214.13,1529,327404.77,18929999.099999987
2025-08-01 09:26:58 AM,214.08,0,0.0,18929999.099999987
2025-08-01 09:27:00 AM,214.06,0,0.0,18929999.099999987
2025-08-01 09:27:02 AM,214.06,264,56511.840000000004,18986510.939999986
2025-08-01 09:27:05 AM,214.11,0,0.0,18986510.939999986
2025-08-01 09:27:10 AM,214.03,140,29964.2,19016475.139999986
2025-08-01 09:27:11 AM,214.22,50,10711.0,19027186.139999986
2025-08-01 09:27:16 AM,214.12,0,0.0,19027186.139999986
2025-08-01 09:27:17 AM,214.12,7,1498.8400000000001,19028684.979999986
2025-08-01 09:27:24 AM,214.12,3,642.36,19029327.339999985
2025-08-01 09:27:39 AM,214.12,3,642.36,19029969.699999984
2025-08-01 09:27:46 AM,214.15,0,0.0,19029969.699999984
2025-08-01 09:27:47 AM,214.15,50,10707.5,19040677.199999984
2025-08-01 09:27:47 AM,214.12,0,0.0,19040677.199999984
2025-08-01 09:27:48 AM,214.12,8,1712.96,19042390.159999985
2025-08-01 09:27:55 AM,214.12,1,214.12,19042604.279999986
2025-08-01 09:28:01 AM,214.2,0,0.0,19042604.279999986
2025-08-01 09:28:02 AM,214.2,570,122094.0,19164698.279999986
2025-08-01 09:28:09 AM,214.12,0,0.0,19164698.279999986
2025-08-01 09:28:10 AM,214.12,326,69803.12,19234501.399999987
2025-08-01 09:28:15 AM,214.18,0,0.0,19234501.399999987
2025-08-01 09:28:18 AM,214.18,30,6425.400000000001,19240926.799999986
2025-08-01 09:28:20 AM,214.12,0,0.0,19240926.799999986
2025-08-01 09:28:25 AM,214.26,0,0.0,19240926.799999986
2025-08-01 09:28:26 AM,214.26,91,19497.66,19260424.459999986
2025-08-01 09:28:31 AM,214.0,0,0.0,19260424.459999986
2025-08-01 09:28:33 AM,214.29,1205,258219.44999999998,19518643.909999985
2025-08-01 09:28:34 AM,214.01,150,32101.5,19550745.409999985
2025-08-01 09:28:37 AM,214.24,0,0.0,19550745.409999985
2025-08-01 09:28:41 AM,214.24,588,125973.12000000001,19676718.529999986
2025-08-01 09:28:48 AM,214.24,16,3427.84,19680146.369999986
2025-08-01 09:28:56 AM,214.24,58,12425.92,19692572.289999988
2025-08-01 09:29:03 AM,214.24,2,428.48,19693000.76999999
2025-08-01 09:29:05 AM,214.24,73,15639.52,19708640.289999988
2025-08-01 09:29:10 AM,214.05,0,0.0,19708640.289999988
2025-08-01 09:29:11 AM,214.05,1278,273555.9,19982196.189999986
2025-08-01 09:29:11 AM,214.04,0,0.0,19982196.189999986
2025-08-01 09:29:13 AM,214.01,191,40875.909999999996,20023072.099999987
2025-08-01 09:29:16 AM,214.05,0,0.0,20023072.099999987
2025-08-01 09:29:16 AM,214.09,0,0.0,20023072.099999987
2025-08-01 09:29:19 AM,214.12,229,49033.48,20072105.579999987
2025-08-01 09:29:21 AM,214.08,0,0.0,20072105.579999987
2025-08-01 09:29:26 AM,214.13,0,0.0,20072105.579999987
2025-08-01 09:29:26 AM,214.13,39,8351.07,20080456.649999987
2025-08-01 09:29:28 AM,214.27,3,642.8100000000001,20081099.459999986
2025-08-01 09:29:31 AM,214.14,0,0.0,20081099.459999986
2025-08-01 09:29:34 AM,214.14,1,214.14,20081313.599999987
2025-08-01 09:29:46 AM,214.27,0,0.0,20081313.599999987
2025-08-01 09:29:49 AM,214.27,22,4713.9400000000005,20086027.539999988
2025-08-01 09:29:50 AM,214.15,10,2141.5,20088169.039999988
2025-08-01 09:29:56 AM,214.15,62,13277.300000000001,20101446.33999999
2025-08-01 09:30:04 AM,214.15,2,428.3,20101874.63999999
2025-08-01 09:30:12 AM,214.12,1130,241955.6,20343830.23999999
2025-08-01 09:30:16 AM,214.0,0,0.0,20343830.23999999
2025-08-01 09:30:19 AM,214.0,170,36380.0,20380210.23999999
2025-08-01 09:30:26 AM,214.0,29,6206.0,20386416.23999999
2025-08-01 09:30:30 AM,214.11,0,0.0,20386416.23999999
2025-08-01 09:30:34 AM,214.04,24,5136.96,20391553.19999999
2025-08-01 09:30:48 AM,214.0,114,24396.0,20415949.19999999
2025-08-01 09:30:51 AM,214.04,0,0.0,20415949.19999999
2025-08-01 09:30:54 AM,214.0,0,0.0,20415949.19999999
2025-08-01 09:30:56 AM,214.0,21,4494.0,20420443.19999999
2025-08-01 09:31:03 AM,214.0,2,428.0,20420871.19999999
2025-08-01 09:31:08 AM,213.95,0,0.0,20420871.19999999
2025-08-01 09:31:11 AM,213.72,3850,822822.0,21243693.19999999
2025-08-01 09:31:14 AM,213.71,0,0.0,21243693.19999999
2025-08-01 09:31:18 AM,213.75,0,0.0,21243693.19999999
2025-08-01 09:31:18 AM,213.75,621,132738.75,21376431.94999999
2025-08-01 09:31:20 AM,213.77,0,0.0,21376431.94999999
2025-08-01 09:31:25 AM,213.8,14,2993.2000000000003,21379425.14999999
2025-08-01 09:31:30 AM,213.82,0,0.0,21379425.14999999
2025-08-01 09:31:33 AM,213.82,1,213.82,21379638.96999999
2025-08-01 09:31:44 AM,213.84,0,0.0,21379638.96999999
2025-08-01 09:31:46 AM,213.83,139,29722.370000000003,21409361.339999992
2025-08-01 09:31:49 AM,213.79,0,0.0,21409361.339999992
2025-08-01 09:31:54 AM,213.71,0,0.0,21409361.339999992
2025-08-01 09:31:54 AM,213.71,19,4060.4900000000002,21413421.82999999
2025-08-01 09:31:54 AM,213.72,0,0.0,21413421.82999999
2025-08-01 09:31:59 AM,213.74,0,0.0,21413421.82999999
2025-08-01 09:31:59 AM,213.71,0,0.0,21413421.82999999
2025-08-01 09:32:00 AM,213.71,3,641.13,21414062.95999999
2025-08-01 09:32:04 AM,213.72,0,0.0,21414062.95999999
2025-08-01 09:32:07 AM,213.73,30,6411.9,21420474.85999999
2025-08-01 09:32:15 AM,213.71,1,213.71,21420688.56999999
2025-08-01 09:32:28 AM,213.87,0,0.0,21420688.56999999
2025-08-01 09:32:29 AM,213.87,59,12618.33,21433306.899999987
2025-08-01 09:32:34 AM,213.9,0,0.0,21433306.899999987
2025-08-01 09:32:34 AM,213.84,0,0.0,21433306.899999987
2025-08-01 09:32:35 AM,214.0,68,14552.0,21447858.899999987
2025-08-01 09:32:40 AM,213.81,0,0.0,21447858.899999987
2025-08-01 09:32:42 AM,213.81,9,1924.29,21449783.189999986
2025-08-01 09:32:46 AM,213.74,0,0.0,21449783.189999986
2025-08-01 09:32:50 AM,213.78,67,14323.26,21464106.449999988
2025-08-01 09:32:52 AM,213.81,0,0.0,21464106.449999988
2025-08-01 09:32:56 AM,213.97,110,23536.7,21487643.149999987
2025-08-01 09:33:03 AM,213.72,15,3205.8,21490848.949999988
2025-08-01 09:33:04 AM,213.8,0,0.0,21490848.949999988
2025-08-01 09:33:04 AM,213.72,0,0.0,21490848.949999988
2025-08-01 09:33:10 AM,213.74,0,0.0,21490848.949999988
2025-08-01 09:33:10 AM,213.74,8,1709.92,21492558.86999999
2025-08-01 09:33:10 AM,213.77,0,0.0,21492558.86999999
2025-08-01 09:33:17 AM,213.77,1,213.77,21492772.63999999
2025-08-01 09:33:24 AM,213.79,57,12186.029999999999,21504958.66999999
2025-08-01 09:33:25 AM,213.8,0,0.0,21504958.66999999
2025-08-01 09:33:30 AM,213.86,0,0.0,21504958.66999999
2025-08-01 09:33:31 AM,213.86,47,10051.42,21515010.089999992
2025-08-01 09:33:35 AM,213.94,0,0.0,21515010.089999992
2025-08-01 09:33:38 AM,213.94,1,213.94,21515224.029999994
2025-08-01 09:33:45 AM,213.91,35,7486.849999999999,21522710.879999995
2025-08-01 09:33:48 AM,213.9,0,0.0,21522710.879999995
2025-08-01 09:33:52 AM,213.94,16,3423.04,21526133.919999994
2025-08-01 09:33:55 AM,213.92,0,0.0,21526133.919999994
2025-08-01 09:33:59 AM,213.96,17,3637.32,21529771.239999995
2025-08-01 09:34:00 AM,214.0,0,0.0,21529771.239999995
2025-08-01 09:34:06 AM,214.0,568,121552.0,21651323.239999995
2025-08-01 09:34:10 AM,213.91,0,0.0,21651323.239999995
2025-08-01 09:34:12 AM,213.9,0,0.0,21651323.239999995
2025-08-01 09:34:13 AM,213.9,17,3636.3,21654959.539999995
2025-08-01 09:34:25 AM,214.0,0,0.0,21654959.539999995
2025-08-01 09:34:27 AM,214.0,168,35952.0,21690911.539999995
2025-08-01 09:34:30 AM,213.9,0,0.0,21690911.539999995
2025-08-01 09:34:33 AM,214.0,0,0.0,21690911.539999995
2025-08-01 09:34:34 AM,214.0,49,10486.0,21701397.539999995
2025-08-01 09:34:35 AM,213.9,0,0.0,21701397.539999995
2025-08-01 09:34:41 AM,213.9,3,641.7,21702039.239999995
2025-08-01 09:35:01 AM,213.9,40,8556.0,21710595.239999995
2025-08-01 09:35:02 AM,213.9,6,1283.4,21711878.639999993
2025-08-01 09:35:08 AM,213.9,1,213.9,21712092.53999999
2025-08-01 09:35:15 AM,213.9,2,427.8,21712520.339999992
2025-08-01 09:35:23 AM,213.9,2,427.8,21712948.139999993
2025-08-01 09:35:35 AM,213.95,0,0.0,21712948.139999993
2025-08-01 09:35:36 AM,213.9,115,24598.5,21737546.639999993
2025-08-01 09:35:40 AM,213.8,0,0.0,21737546.639999993
2025-08-01 09:35:43 AM,213.8,2245,479981.0,22217527.639999993
2025-08-01 09:35:45 AM,213.71,0,0.0,22217527.639999993
2025-08-01 09:35:50 AM,213.82,0,0.0,22217527.639999993
2025-08-01 09:35:50 AM,213.82,386,82534.52,22300062.159999993
2025-08-01 09:35:55 AM,213.71,0,0.0,22300062.159999993
2025-08-01 09:35:57 AM,213.88,19,4063.72,22304125.87999999
2025-08-01 09:36:10 AM,213.88,2,427.76,22304553.639999993
2025-08-01 09:36:23 AM,213.72,100,21372.0,22325925.639999993
2025-08-01 09:36:27 AM,213.65,0,0.0,22325925.639999993
2025-08-01 09:36:30 AM,213.65,15,3204.75,22329130.389999993
2025-08-01 09:36:31 AM,213.72,0,0.0,22329130.389999993
2025-08-01 09:36:36 AM,213.72,3,641.16,22329771.549999993
2025-08-01 09:36:56 AM,213.91,0,0.0,22329771.549999993
2025-08-01 09:36:56 AM,213.91,325,69520.75,22399292.299999993
2025-08-01 09:37:00 AM,213.81,0,0.0,22399292.299999993
2025-08-01 09:37:03 AM,213.78,56,11971.68,22411263.979999993
2025-08-01 09:37:04 AM,213.71,0,0.0,22411263.979999993
2025-08-01 09:37:08 AM,213.92,0,0.0,22411263.979999993
2025-08-01 09:37:09 AM,213.74,0,0.0,22411263.979999993
2025-08-01 09:37:10 AM,213.74,299,63908.26,22475172.239999995
2025-08-01 09:37:13 AM,213.76,0,0.0,22475172.239999995
2025-08-01 09:37:17 AM,213.76,6,1282.56,22476454.799999993
2025-08-01 09:37:18 AM,213.75,0,0.0,22476454.799999993
2025-08-01 09:37:24 AM,213.75,1,213.75,22476668.549999993
2025-08-01 09:37:29 AM,213.86,0,0.0,22476668.549999993
2025-08-01 09:37:30 AM,213.86,38,8126.68,22484795.229999993
2025-08-01 09:37:33 AM,213.72,0,0.0,22484795.229999993
2025-08-01 09:37:37 AM,213.73,236,50440.28,22535235.509999994
2025-08-01 09:37:41 AM,213.77,0,0.0,22535235.509999994
2025-08-01 09:37:43 AM,213.78,0,0.0,22535235.509999994
2025-08-01 09:37:44 AM,213.74,40,8549.6,22543785.109999996
2025-08-01 09:37:48 AM,213.79,0,0.0,22543785.109999996
2025-08-01 09:37:51 AM,213.79,1,213.79,22543998.899999995
2025-08-01 09:37:57 AM,213.82,46,9835.72,22553834.619999994
2025-08-01 09:38:03 AM,213.79,0,0.0,22553834.619999994
2025-08-01 09:38:04 AM,213.79,228,48744.119999999995,22602578.739999995
2025-08-01 09:38:09 AM,213.61,0,0.0,22602578.739999995
2025-08-01 09:38:11 AM,213.63,0,0.0,22602578.739999995
2025-08-01 09:38:11 AM,213.63,39,8331.57,22610910.309999995
2025-08-01 09:38:15 AM,213.64,0,0.0,22610910.309999995
2025-08-01 09:38:18 AM,213.6,4184,893702.4,23504612.709999993
2025-08-01 09:38:25 AM,213.55,1439,307298.45,23811911.159999993
2025-08-01 09:38:26 AM,213.5,0,0.0,23811911.159999993
2025-08-01 09:38:30 AM,213.45,0,0.0,23811911.159999993
2025-08-01 09:38:31 AM,213.45,363,77482.34999999999,23889393.509999994
2025-08-01 09:38:38 AM,213.45,44,9391.8,23898785.309999995
2025-08-01 09:38:43 AM,213.46,0,0.0,23898785.309999995
2025-08-01 09:38:45 AM,213.46,10,2134.6,23900919.909999996
2025-08-01 09:38:48 AM,213.45,0,0.0,23900919.909999996
2025-08-01 09:38:51 AM,213.61,16,3417.76,23904337.669999998
2025-08-01 09:38:56 AM,213.45,0,0.0,23904337.669999998
2025-08-01 09:38:58 AM,213.45,203,43330.35,23947668.02
2025-08-01 09:39:04 AM,213.45,35,7470.75,23955138.77
2025-08-01 09:39:36 AM,213.46,0,0.0,23955138.77
2025-08-01 09:39:38 AM,213.46,50,10673.0,23965811.77
2025-08-01 09:39:45 AM,213.47,9,1921.23,23967733.0
2025-08-01 09:40:27 AM,213.61,0,0.0,23967733.0
2025-08-01 09:40:31 AM,213.76,65,13894.4,23981627.4
2025-08-01 09:40:36 AM,213.7,0,0.0,23981627.4
2025-08-01 09:40:37 AM,213.7,4,854.8,23982482.2
2025-08-01 09:40:40 AM,213.71,0,0.0,23982482.2
2025-08-01 09:40:44 AM,213.77,3,641.3100000000001,23983123.509999998
2025-08-01 09:40:48 AM,213.88,0,0.0,23983123.509999998
2025-08-01 09:40:50 AM,213.77,64,13681.28,23996804.79
2025-08-01 09:40:54 AM,213.78,0,0.0,23996804.79
2025-08-01 09:40:57 AM,213.78,1,213.78,23997018.57
2025-08-01 09:40:58 AM,213.78,1,213.78,23997232.35
2025-08-01 09:41:08 AM,213.91,0,0.0,23997232.35
2025-08-01 09:41:09 AM,213.79,0,0.0,23997232.35
2025-08-01 09:41:10 AM,213.78,30,6413.4,24003645.75
2025-08-01 09:41:16 AM,213.92,0,0.0,24003645.75
2025-08-01 09:41:17 AM,213.75,4,855.0,24004500.75
2025-08-01 09:41:18 AM,213.92,400,85568.0,24090068.75
2025-08-01 09:41:21 AM,213.78,0,0.0,24090068.75
2025-08-01 09:41:23 AM,213.79,0,0.0,24090068.75
2025-08-01 09:41:24 AM,213.79,63,13468.769999999999,24103537.52
2025-08-01 09:41:27 AM,213.77,0,0.0,24103537.52
2025-08-01 09:41:30 AM,213.78,11,2351.58,24105889.099999998
2025-08-01 09:41:50 AM,214.0,1500,321000.0,24426889.099999998
2025-08-01 09:41:55 AM,213.8,0,0.0,24426889.099999998
2025-08-01 09:41:56 AM,213.78,0,0.0,24426889.099999998
2025-08-01 09:41:56 AM,213.78,98,20950.44,24447839.54
2025-08-01 09:41:57 AM,213.75,127,27146.25,24474985.79
2025-08-01 09:42:02 AM,213.75,35,7481.25,24482467.04
2025-08-01 09:42:09 AM,213.75,4,855.0,24483322.04
2025-08-01 09:42:10 AM,213.75,3,641.25,24483963.29
2025-08-01 09:42:12 AM,213.73,0,0.0,24483963.29
2025-08-01 09:42:16 AM,213.75,100,21375.0,24505338.29
2025-08-01 09:42:17 AM,213.62,14,2990.6800000000003,24508328.97
2025-08-01 09:42:17 AM,213.63,0,0.0,24508328.97
2025-08-01 09:42:22 AM,213.62,0,0.0,24508328.97
2025-08-01 09:42:22 AM,213.62,202,43151.24,24551480.209999997
2025-08-01 09:42:24 AM,213.65,18,3845.7000000000003,24555325.909999996
2025-08-01 09:42:26 AM,213.6,0,0.0,24555325.909999996
2025-08-01 09:42:27 AM,213.61,0,0.0,24555325.909999996
2025-08-01 09:42:29 AM,213.61,4,854.44,24556180.349999998
2025-08-01 09:42:34 AM,213.6,0,0.0,24556180.349999998
2025-08-01 09:42:36 AM,213.6,1,213.6,24556393.95
2025-08-01 09:42:39 AM,213.77,0,0.0,24556393.95
2025-08-01 09:42:42 AM,213.62,0,0.0,24556393.95
2025-08-01 09:42:42 AM,213.62,23,4913.26,24561307.21
2025-08-01 09:42:47 AM,213.85,0,0.0,24561307.21
2025-08-01 09:42:48 AM,213.85,225,48116.25,24609423.46
2025-08-01 09:42:50 AM,213.63,0,0.0,24609423.46
2025-08-01 09:42:50 AM,213.63,34,7263.42,24616686.880000003
2025-08-01 09:42:54 AM,213.65,0,0.0,24616686.880000003
2025-08-01 09:42:55 AM,213.65,5,1068.25,24617755.130000003
2025-08-01 09:42:58 AM,213.62,0,0.0,24617755.130000003
2025-08-01 09:43:01 AM,213.62,1,213.62,24617968.750000004
2025-08-01 09:43:15 AM,213.8,1,213.8,24618182.550000004
2025-08-01 09:43:39 AM,213.65,0,0.0,24618182.550000004
2025-08-01 09:43:41 AM,213.8,111,23731.800000000003,24641914.350000005
2025-08-01 09:43:46 AM,213.6,0,0.0,24641914.350000005
2025-08-01 09:43:46 AM,213.79,0,0.0,24641914.350000005
2025-08-01 09:43:48 AM,213.79,627,134046.33,24775960.680000003
2025-08-01 09:43:49 AM,213.69,10,2136.9,24778097.580000002
2025-08-01 09:43:51 AM,213.61,0,0.0,24778097.580000002
2025-08-01 09:43:54 AM,213.56,93,19861.08,24797958.66
2025-08-01 09:43:59 AM,213.53,0,0.0,24797958.66
2025-08-01 09:44:01 AM,213.53,7,1494.71,24799453.37
2025-08-01 09:44:02 AM,213.53,6,1281.18,24800734.55
2025-08-01 09:44:55 AM,213.47,0,0.0,24800734.55
2025-08-01 09:44:57 AM,213.64,0,0.0,24800734.55
2025-08-01 09:44:59 AM,213.48,0,0.0,24800734.55
2025-08-01 09:45:00 AM,213.48,509,108661.31999999999,24909395.87
2025-08-01 09:45:01 AM,213.46,68,14515.28,24923911.150000002
2025-08-01 09:45:05 AM,213.45,0,0.0,24923911.150000002
2025-08-01 09:45:06 AM,213.45,11,2347.95,24926259.1
2025-08-01 09:45:08 AM,213.45,2,426.9,24926686.0
2025-08-01 09:45:13 AM,213.46,4,853.84,24927539.84
2025-08-01 09:45:14 AM,213.45,0,0.0,24927539.84
2025-08-01 09:45:15 AM,213.45,1,213.45,24927753.29
2025-08-01 09:45:27 AM,213.46,10,2134.6,24929887.89
2025-08-01 09:45:31 AM,213.45,0,0.0,24929887.89
2025-08-01 09:45:32 AM,213.45,174,37140.299999999996,24967028.19
2025-08-01 09:45:34 AM,213.45,3,640.3499999999999,24967668.540000003
2025-08-01 09:45:39 AM,213.45,32,6830.4,24974498.94
2025-08-01 09:45:45 AM,213.45,1,213.45,24974712.39
2025-08-01 09:45:52 AM,213.45,287,61260.149999999994,25035972.54
2025-08-01 09:45:54 AM,213.46,0,0.0,25035972.54
2025-08-01 09:45:58 AM,213.47,20,4269.4,25040241.939999998
2025-08-01 09:46:01 AM,213.46,0,0.0,25040241.939999998
2025-08-01 09:46:05 AM,213.46,103,21986.38,25062228.319999997
2025-08-01 09:46:06 AM,213.46,15,3201.9,25065430.219999995
2025-08-01 09:46:11 AM,213.46,3,640.38,25066070.599999994
2025-08-01 09:46:18 AM,213.45,225,48026.25,25114096.849999994
2025-08-01 09:46:24 AM,213.45,34,7257.299999999999,25121354.149999995
2025-08-01 09:46:26 AM,213.45,5,1067.25,25122421.399999995
2025-08-01 09:46:31 AM,213.45,1,213.45,25122634.849999994
2025-08-01 09:46:43 AM,213.45,110,23479.5,25146114.349999994
2025-08-01 09:46:48 AM,213.5,0,0.0,25146114.349999994
2025-08-01 09:46:49 AM,213.5,21,4483.5,25150597.849999994
2025-08-01 09:46:51 AM,213.45,0,0.0,25150597.849999994
2025-08-01 09:46:51 AM,213.45,3,640.3499999999999,25151238.199999996
2025-08-01 09:46:56 AM,213.45,1,213.45,25151451.649999995
2025-08-01 09:47:14 AM,213.34,771,164485.14,25315936.789999995
2025-08-01 09:47:19 AM,213.3,0,0.0,25315936.789999995
2025-08-01 09:47:20 AM,213.25,171,36465.75,25352402.539999995
2025-08-01 09:47:22 AM,213.25,6,1279.5,25353682.039999995
2025-08-01 09:47:24 AM,213.33,0,0.0,25353682.039999995
2025-08-01 09:47:27 AM,213.33,7,1493.3100000000002,25355175.349999994
2025-08-01 09:47:29 AM,213.25,1,213.25,25355388.599999994
2025-08-01 09:47:33 AM,213.25,10,2132.5,25357521.099999994
2025-08-01 09:47:40 AM,213.25,102,21751.5,25379272.599999994
2025-08-01 09:47:46 AM,213.2,0,0.0,25379272.599999994
2025-08-01 09:47:47 AM,213.1,15,3196.5,25382469.099999994
2025-08-01 09:47:49 AM,213.11,1,213.11,25382682.209999993
2025-08-01 09:47:53 AM,213.14,0,0.0,25382682.209999993
2025-08-01 09:47:53 AM,213.14,2,426.28,25383108.489999995
2025-08-01 09:47:56 AM,213.14,69,14706.66,25397815.149999995
2025-08-01 09:48:00 AM,213.14,10,2131.3999999999996,25399946.549999993
2025-08-01 09:48:06 AM,213.15,66,14067.9,25414014.44999999
2025-08-01 09:48:09 AM,213.16,10,2131.6,25416146.049999993
2025-08-01 09:48:13 AM,213.13,229,48806.77,25464952.819999993
2025-08-01 09:48:15 AM,213.13,44,9377.72,25474330.53999999
2025-08-01 09:48:18 AM,213.14,0,0.0,25474330.53999999
2025-08-01 09:48:19 AM,213.16,7,1492.12,25475822.659999993
2025-08-01 09:48:22 AM,213.17,0,0.0,25475822.659999993
2025-08-01 09:48:22 AM,213.17,1,213.17,25476035.829999994
2025-08-01 09:48:26 AM,213.21,1,213.21,25476249.039999995
2025-08-01 09:48:28 AM,213.16,30,6394.8,25482643.839999996
2025-08-01 09:48:32 AM,213.15,4,852.6,25483496.439999998
2025-08-01 09:48:38 AM,213.18,0,0.0,25483496.439999998
2025-08-01 09:48:39 AM,213.18,1,213.18,25483709.619999997
2025-08-01 09:48:45 AM,213.15,100,21315.0,25505024.619999997
2025-08-01 09:48:47 AM,213.12,5,1065.6,25506090.22
2025-08-01 09:48:51 AM,213.12,14,2983.6800000000003,25509073.9
2025-08-01 09:48:54 AM,213.12,3,639.36,25509713.259999998
2025-08-01 09:48:58 AM,213.1,0,0.0,25509713.259999998
2025-08-01 09:48:58 AM,213.1,25,5327.5,25515040.759999998
2025-08-01 09:48:58 AM,213.05,0,0.0,25515040.759999998
2025-08-01 09:49:00 AM,213.02,204,43456.08,25558496.839999996
2025-08-01 09:49:02 AM,213.17,0,0.0,25558496.839999996
2025-08-01 09:49:04 AM,213.17,32,6821.44,25565318.279999997
2025-08-01 09:49:06 AM,213.02,0,0.0,25565318.279999997
2025-08-01 09:49:06 AM,213.02,5,1065.1000000000001,25566383.38
2025-08-01 09:49:10 AM,213.02,21,4473.42,25570856.8
2025-08-01 09:49:13 AM,213.02,3,639.0600000000001,25571495.86
2025-08-01 09:49:31 AM,213.02,368,78391.36,25649887.22
2025-08-01 09:49:33 AM,213.03,0,0.0,25649887.22
2025-08-01 09:49:35 AM,213.03,55,11716.65,25661603.869999997
2025-08-01 09:49:38 AM,213.07,9,1917.6299999999999,25663521.499999996
2025-08-01 09:49:41 AM,213.08,1,213.08,25663734.579999994
2025-08-01 09:50:13 AM,213.1,200,42620.0,25706354.579999994
2025-08-01 09:50:20 AM,213.1,30,6393.0,25712747.579999994
2025-08-01 09:50:23 AM,213.1,5,1065.5,25713813.079999994
2025-08-01 09:50:26 AM,213.1,1,213.1,25714026.179999996
2025-08-01 09:50:32 AM,213.1,140,29834.0,25743860.179999996
2025-08-01 09:50:38 AM,213.1,21,4475.099999999999,25748335.279999997
2025-08-01 09:50:41 AM,213.1,3,639.3,25748974.58
2025-08-01 09:50:44 AM,213.2,0,0.0,25748974.58
2025-08-01 09:50:45 AM,213.2,200,42640.0,25791614.58
2025-08-01 09:50:47 AM,213.15,3,639.45,25792254.029999997
2025-08-01 09:50:49 AM,213.1,0,0.0,25792254.029999997
2025-08-01 09:50:51 AM,213.1,27,5753.7,25798007.729999997
2025-08-01 09:50:53 AM,213.2,15,3198.0,25801205.729999997
2025-08-01 09:50:56 AM,213.12,0,0.0,25801205.729999997
2025-08-01 09:50:57 AM,213.12,1,213.12,25801418.849999998
2025-08-01 09:51:00 AM,213.12,1,213.12,25801631.97
2025-08-01 09:51:02 AM,213.2,0,0.0,25801631.97
2025-08-01 09:51:04 AM,213.12,68,14492.16,25816124.13
2025-08-01 09:51:05 AM,213.11,0,0.0,25816124.13
2025-08-01 09:51:06 AM,213.11,7,1491.77,25817615.9
2025-08-01 09:51:10 AM,213.11,2,426.22,25818042.119999997
2025-08-01 09:51:57 AM,213.1,20,4262.0,25822304.119999997
2025-08-01 09:52:00 AM,213.1,3,639.3,25822943.419999998
2025-08-01 09:52:21 AM,213.11,0,0.0,25822943.419999998
2025-08-01 09:52:21 AM,213.11,22,4688.42,25827631.84
2025-08-01 09:52:24 AM,213.1,55,11720.5,25839352.34
2025-08-01 09:52:31 AM,213.1,8,1704.8,25841057.14
2025-08-01 09:52:33 AM,213.1,1,213.1,25841270.240000002
2025-08-01 09:52:39 AM,213.1,287,61159.7,25902429.94
2025-08-01 09:52:42 AM,213.2,44,9380.8,25911810.740000002
2025-08-01 09:52:46 AM,213.1,0,0.0,25911810.740000002
2025-08-01 09:52:49 AM,213.32,0,0.0,25911810.740000002
2025-08-01 09:52:49 AM,213.32,507,108153.23999999999,26019963.98
2025-08-01 09:52:52 AM,213.1,0,0.0,26019963.98
2025-08-01 09:52:55 AM,213.1,75,15982.5,26035946.48
2025-08-01 09:52:57 AM,213.1,12,2557.2,26038503.68
2025-08-01 09:53:01 AM,213.1,1,213.1,26038716.78
2025-08-01 09:53:07 AM,213.1,1,213.1,26038929.880000003
2025-08-01 09:53:20 AM,213.26,0,0.0,26038929.880000003
2025-08-01 09:53:20 AM,213.26,1,213.26,26039143.140000004
2025-08-01 09:53:20 AM,213.1,0,0.0,26039143.140000004
2025-08-01 09:53:22 AM,213.1,75,15982.5,26055125.640000004
2025-08-01 09:53:23 AM,213.11,0,0.0,26055125.640000004
2025-08-01 09:53:26 AM,213.1,0,0.0,26055125.640000004
2025-08-01 09:53:26 AM,213.1,11,2344.1,26057469.740000006
2025-08-01 09:53:28 AM,213.1,2,426.2,26057895.940000005
2025-08-01 09:54:02 AM,213.21,0,0.0,26057895.940000005
2025-08-01 09:54:03 AM,213.21,1,213.21,26058109.150000006
2025-08-01 09:54:22 AM,213.21,1,213.21,26058322.360000007
2025-08-01 09:54:28 AM,213.18,6,1279.08,26059601.440000005
2025-08-01 09:54:36 AM,213.17,0,0.0,26059601.440000005
2025-08-01 09:54:40 AM,213.17,1,213.17,26059814.610000007
2025-08-01 09:54:42 AM,213.11,0,0.0,26059814.610000007
2025-08-01 09:54:46 AM,213.11,1,213.11,26060027.720000006
2025-08-01 09:55:16 AM,213.25,50,10662.5,26070690.220000006
2025-08-01 09:55:21 AM,213.15,0,0.0,26070690.220000006
2025-08-01 09:55:21 AM,213.15,7,1492.05,26072182.270000007
2025-08-01 09:55:27 AM,213.15,1,213.15,26072395.420000006
2025-08-01 09:55:45 AM,213.25,0,0.0,26072395.420000006
2025-08-01 09:55:45 AM,213.25,1,213.25,26072608.670000006
2025-08-01 09:55:49 AM,213.15,0,0.0,26072608.670000006
2025-08-01 09:55:52 AM,213.15,1,213.15,26072821.820000004
2025-08-01 09:55:58 AM,213.15,15,3197.25,26076019.070000004
2025-08-01 09:56:04 AM,213.15,2,426.3,26076445.370000005
2025-08-01 09:56:14 AM,213.1,0,0.0,26076445.370000005
2025-08-01 09:56:15 AM,213.15,0,0.0,26076445.370000005
2025-08-01 09:56:16 AM,213.15,115,24512.25,26100957.620000005
2025-08-01 09:56:22 AM,213.15,3,639.45,26101597.070000004
2025-08-01 09:56:22 AM,213.2,145,30914.0,26132511.070000004
2025-08-01 09:56:27 AM,213.22,0,0.0,26132511.070000004
2025-08-01 09:56:28 AM,213.22,22,4690.84,26137201.910000004
2025-08-01 09:56:33 AM,213.22,33,7036.26,26144238.170000006
2025-08-01 09:56:34 AM,213.22,1,213.22,26144451.390000004
2025-08-01 09:56:39 AM,213.22,303,64605.659999999996,26209057.050000004
2025-08-01 09:56:46 AM,213.22,46,9808.12,26218865.170000006
2025-08-01 09:56:47 AM,213.22,7,1492.54,26220357.710000005
2025-08-01 09:56:52 AM,213.22,1,213.22,26220570.930000003
2025-08-01 09:57:11 AM,213.28,1,213.28,26220784.210000005
2025-08-01 09:57:21 AM,213.29,0,0.0,26220784.210000005
2025-08-01 09:57:21 AM,213.29,1,213.29,26220997.500000004
2025-08-01 09:57:32 AM,213.25,206,43929.5,26264927.000000004
2025-08-01 09:57:35 AM,213.25,15,3198.75,26268125.750000004
2025-08-01 09:57:38 AM,213.25,3,639.75,26268765.500000004
2025-08-01 09:57:44 AM,213.28,0,0.0,26268765.500000004
2025-08-01 09:57:45 AM,213.28,100,21328.0,26290093.500000004
2025-08-01 09:57:47 AM,213.25,15,3198.75,26293292.250000004
2025-08-01 09:57:53 AM,213.25,2,426.5,26293718.750000004
2025-08-01 09:57:57 AM,213.25,1,213.25,26293932.000000004
2025-08-01 09:58:09 AM,213.03,4814,1025526.42,27319458.420000006
2025-08-01 09:58:12 AM,213.02,18,3834.36,27323292.780000005
2025-08-01 09:58:14 AM,212.89,0,0.0,27323292.780000005
2025-08-01 09:58:15 AM,212.82,1272,270707.04,27593999.820000004
2025-08-01 09:58:18 AM,212.84,0,0.0,27593999.820000004
2025-08-01 09:58:18 AM,212.84,10,2128.4,27596128.220000003
2025-08-01 09:58:21 AM,212.9,0,0.0,27596128.220000003
2025-08-01 09:58:21 AM,212.88,137,29164.559999999998,27625292.78
2025-08-01 09:58:27 AM,212.86,4,851.44,27626144.220000003
2025-08-01 09:58:33 AM,213.03,0,0.0,27626144.220000003
2025-08-01 09:58:33 AM,213.03,600,127818.0,27753962.220000003
2025-08-01 09:58:45 AM,213.29,1830,390320.7,28144282.92
2025-08-01 09:58:48 AM,212.92,847,180343.24,28324626.16
2025-08-01 09:58:51 AM,212.76,258,54892.079999999994,28379518.24
2025-08-01 09:58:54 AM,212.75,165,35103.75,28414621.99
2025-08-01 09:58:57 AM,212.75,19,4042.25,28418664.24
2025-08-01 09:59:00 AM,212.7,285,60619.5,28479283.74
2025-08-01 09:59:02 AM,212.75,0,0.0,28479283.74
2025-08-01 09:59:03 AM,212.75,43,9148.25,28488431.99
2025-08-01 09:59:15 AM,212.7,0,0.0,28488431.99
2025-08-01 09:59:16 AM,212.76,203,43190.28,28531622.27
2025-08-01 09:59:19 AM,212.71,27,5743.17,28537365.44
2025-08-01 09:59:22 AM,212.71,5,1063.55,28538428.990000002
2025-08-01 09:59:25 AM,212.71,12,2552.52,28540981.51
2025-08-01 09:59:27 AM,212.7,0,0.0,28540981.51
2025-08-01 09:59:29 AM,212.7,200,42540.0,28583521.51
2025-08-01 09:59:31 AM,212.72,0,0.0,28583521.51
2025-08-01 09:59:31 AM,212.72,32,6807.04,28590328.55
2025-08-01 09:59:35 AM,212.75,0,0.0,28590328.55
2025-08-01 09:59:35 AM,212.75,5,1063.75,28591392.3
2025-08-01 09:59:38 AM,212.73,1,212.73,28591605.03
2025-08-01 09:59:40 AM,212.75,0,0.0,28591605.03
2025-08-01 09:59:41 AM,212.75,120,25530.0,28617135.03
2025-08-01 09:59:44 AM,212.76,0,0.0,28617135.03
2025-08-01 09:59:44 AM,212.76,18,3829.68,28620964.71
2025-08-01 09:59:48 AM,212.93,3,638.79,28621603.5
2025-08-01 09:59:52 AM,212.76,0,0.0,28621603.5
2025-08-01 09:59:54 AM,212.76,1,212.76,28621816.26
2025-08-01 10:00:03 AM,212.95,0,0.0,28621816.26
2025-08-01 10:00:06 AM,212.95,10,2129.5,28623945.76
2025-08-01 10:00:09 AM,212.8,2,425.6,28624371.360000003
2025-08-01 10:00:12 AM,213.09,1500,319635.0,28944006.360000003
2025-08-01 10:00:15 AM,212.81,225,47882.25,28991888.610000003
2025-08-01 10:00:20 AM,212.86,0,0.0,28991888.610000003
2025-08-01 10:00:21 AM,212.85,0,0.0,28991888.610000003
2025-08-01 10:00:22 AM,212.85,34,7236.9,28999125.51
2025-08-01 10:00:25 AM,212.98,4,851.92,28999977.430000003
2025-08-01 10:00:28 AM,212.85,2,425.7,29000403.130000003
2025-08-01 10:00:33 AM,212.98,0,0.0,29000403.130000003
2025-08-01 10:00:34 AM,212.98,2,425.96,29000829.090000004
2025-08-01 10:00:44 AM,212.97,0,0.0,29000829.090000004
2025-08-01 10:00:44 AM,212.97,3,638.91,29001468.000000004
2025-08-01 10:00:47 AM,212.81,454,96615.74,29098083.740000002
2025-08-01 10:00:50 AM,212.8,0,0.0,29098083.740000002
2025-08-01 10:00:50 AM,212.77,97,20638.690000000002,29118722.430000003
2025-08-01 10:00:53 AM,212.57,502,106710.14,29225432.570000004
2025-08-01 10:00:56 AM,212.6,0,0.0,29225432.570000004
2025-08-01 10:00:56 AM,212.6,11,2338.6,29227771.170000006
2025-08-01 10:01:00 AM,212.6,80,17008.0,29244779.170000006
2025-08-01 10:01:02 AM,212.64,0,0.0,29244779.170000006
2025-08-01 10:01:03 AM,212.64,12,2551.68,29247330.850000005
2025-08-01 10:01:06 AM,212.87,3,638.61,29247969.460000005
2025-08-01 10:01:09 AM,212.71,2,425.42,29248394.880000006
2025-08-01 10:01:12 AM,212.73,1,212.73,29248607.610000007
2025-08-01 10:01:19 AM,212.73,1,212.73,29248820.340000007
2025-08-01 10:01:31 AM,212.73,25,5318.25,29254138.590000007
2025-08-01 10:01:37 AM,212.73,4,850.92,29254989.51000001
2025-08-01 10:02:10 AM,212.93,241,51316.130000000005,29306305.640000008
2025-08-01 10:02:14 AM,212.74,0,0.0,29306305.640000008
2025-08-01 10:02:15 AM,212.73,37,7871.009999999999,29314176.65000001
2025-08-01 10:02:16 AM,212.8,7,1489.6000000000001,29315666.25000001
2025-08-01 10:02:21 AM,212.8,1,212.8,29315879.050000012
2025-08-01 10:02:40 AM,212.78,0,0.0,29315879.050000012
2025-08-01 10:02:40 AM,212.78,2154,458328.12,29774207.170000013
2025-08-01 10:02:45 AM,212.73,0,0.0,29774207.170000013
2025-08-01 10:02:46 AM,212.6,327,69520.2,29843727.370000012
2025-08-01 10:02:48 AM,212.59,6,1275.54,29845002.91000001
2025-08-01 10:02:50 AM,212.61,0,0.0,29845002.91000001
2025-08-01 10:02:53 AM,212.76,90,19148.399999999998,29864151.31000001
2025-08-01 10:02:57 AM,212.58,0,0.0,29864151.31000001
2025-08-01 10:02:59 AM,212.61,9,1913.4900000000002,29866064.80000001
2025-08-01 10:03:14 AM,212.79,0,0.0,29866064.80000001
2025-08-01 10:03:14 AM,212.79,10,2127.9,29868192.700000007
2025-08-01 10:03:18 AM,212.69,0,0.0,29868192.700000007
2025-08-01 10:03:18 AM,212.69,2,425.38,29868618.080000006
2025-08-01 10:03:25 AM,212.94,100,21294.0,29889912.080000006
2025-08-01 10:03:29 AM,212.8,0,0.0,29889912.080000006
2025-08-01 10:03:31 AM,212.8,15,3192.0,29893104.080000006
2025-08-01 10:03:33 AM,212.89,3,638.67,29893742.750000007
2025-08-01 10:03:34 AM,212.9,0,0.0,29893742.750000007
2025-08-01 10:03:38 AM,212.9,3,638.7,29894381.450000007
2025-08-01 10:03:44 AM,212.81,105,22345.05,29916726.500000007
2025-08-01 10:03:50 AM,212.81,16,3404.96,29920131.46000001
2025-08-01 10:03:52 AM,212.81,2,425.62,29920557.08000001
2025-08-01 10:03:56 AM,212.81,1,212.81,29920769.890000008
2025-08-01 10:04:05 AM,212.71,500,106355.0,30027124.890000008
2025-08-01 10:04:09 AM,212.73,175,37227.75,30064352.640000008
2025-08-01 10:04:14 AM,212.8,0,0.0,30064352.640000008
2025-08-01 10:04:15 AM,212.79,14,2979.06,30067331.700000007
2025-08-01 10:04:17 AM,212.73,14,2978.22,30070309.920000006
2025-08-01 10:04:21 AM,212.88,0,0.0,30070309.920000006
2025-08-01 10:04:21 AM,212.88,99,21075.12,30091385.040000007
2025-08-01 10:04:26 AM,212.7,0,0.0,30091385.040000007
2025-08-01 10:04:27 AM,212.7,15,3190.5,30094575.540000007
2025-08-01 10:04:30 AM,212.7,1,212.7,30094788.240000006
2025-08-01 10:04:34 AM,212.71,0,0.0,30094788.240000006
2025-08-01 10:04:34 AM,212.71,2,425.42,30095213.660000008
2025-08-01 10:04:48 AM,212.88,0,0.0,30095213.660000008
2025-08-01 10:04:48 AM,212.88,1,212.88,30095426.540000007
2025-08-01 10:04:59 AM,212.73,45,9572.85,30104999.390000008
2025-08-01 10:05:01 AM,212.87,10,2128.7,30107128.090000007
2025-08-01 10:05:05 AM,212.72,0,0.0,30107128.090000007
2025-08-01 10:05:05 AM,212.72,1,212.72,30107340.810000006
2025-08-01 10:05:07 AM,212.93,2,425.86,30107766.670000006
2025-08-01 10:05:11 AM,212.92,0,0.0,30107766.670000006
2025-08-01 10:05:11 AM,212.92,10,2129.2,30109895.870000005
2025-08-01 10:05:13 AM,212.72,1,212.72,30110108.590000004
2025-08-01 10:05:25 AM,212.74,35,7445.900000000001,30117554.490000002
2025-08-01 10:05:30 AM,212.71,6,1276.26,30118830.750000004
2025-08-01 10:05:36 AM,212.71,1,212.71,30119043.460000005
2025-08-01 10:05:54 AM,212.9,0,0.0,30119043.460000005
2025-08-01 10:05:54 AM,212.9,4,851.6,30119895.060000006
2025-08-01 10:05:56 AM,212.89,4,851.56,30120746.620000005
2025-08-01 10:06:02 AM,212.7,1,212.7,30120959.320000004
2025-08-01 10:06:26 AM,212.55,0,0.0,30120959.320000004
2025-08-01 10:06:26 AM,212.55,621,131993.55000000002,30252952.870000005
2025-08-01 10:06:31 AM,212.55,93,19767.15,30272720.020000003
2025-08-01 10:06:35 AM,212.53,14,2975.42,30275695.440000005
2025-08-01 10:06:37 AM,212.6,84,17858.399999999998,30293553.840000004
2025-08-01 10:06:41 AM,212.45,1947,413640.14999999997,30707193.990000002
2025-08-01 10:06:43 AM,212.35,166,35250.1,30742444.090000004
2025-08-01 10:06:46 AM,212.36,0,0.0,30742444.090000004
2025-08-01 10:06:47 AM,212.43,320,67977.6,30810421.690000005
2025-08-01 10:06:51 AM,212.35,0,0.0,30810421.690000005
2025-08-01 10:06:53 AM,212.36,212,45020.32,30855442.010000005
2025-08-01 10:07:00 AM,212.35,0,0.0,30855442.010000005
2025-08-01 10:07:00 AM,212.35,31,6582.849999999999,30862024.860000007
2025-08-01 10:07:02 AM,212.35,3,637.05,30862661.910000008
2025-08-01 10:07:06 AM,212.35,2,424.7,30863086.610000007
2025-08-01 10:07:14 AM,212.45,40,8498.0,30871584.610000007
2025-08-01 10:07:18 AM,212.36,6,1274.16,30872858.770000007
2025-08-01 10:07:25 AM,212.36,1,212.36,30873071.130000006
2025-08-01 10:07:30 AM,212.35,0,0.0,30873071.130000006
2025-08-01 10:07:31 AM,212.35,211,44805.85,30917876.980000008
2025-08-01 10:07:33 AM,212.35,30,6370.5,30924247.480000008
2025-08-01 10:07:37 AM,212.35,109,23146.149999999998,30947393.630000006
2025-08-01 10:07:39 AM,212.35,118,25057.3,30972450.930000007
2025-08-01 10:07:43 AM,212.36,0,0.0,30972450.930000007
2025-08-01 10:07:43 AM,212.36,8,1698.88,30974149.810000006
2025-08-01 10:07:45 AM,212.35,17,3609.95,30977759.760000005
2025-08-01 10:07:49 AM,212.35,4,849.4,30978609.160000004
2025-08-01 10:07:51 AM,212.35,1,212.35,30978821.510000005
2025-08-01 10:07:55 AM,212.35,1,212.35,30979033.860000007
2025-08-01 10:08:01 AM,212.36,1646,349544.56,31328578.420000006
2025-08-01 10:08:03 AM,212.36,84,17838.24,31346416.660000004
2025-08-01 10:08:07 AM,212.35,0,0.0,31346416.660000004
2025-08-01 10:08:08 AM,212.35,148,31427.8,31377844.460000005
2025-08-01 10:08:09 AM,212.35,23,4884.05,31382728.510000005
2025-08-01 10:08:12 AM,212.37,0,0.0,31382728.510000005
2025-08-01 10:08:14 AM,212.37,54,11467.98,31394196.490000006
2025-08-01 10:08:18 AM,212.38,0,0.0,31394196.490000006
2025-08-01 10:08:20 AM,212.48,2,424.96,31394621.450000007
2025-08-01 10:08:38 AM,212.6,0,0.0,31394621.450000007
2025-08-01 10:08:38 AM,212.6,1,212.6,31394834.05000001
2025-08-01 10:08:40 AM,212.6,23,4889.8,31399723.85000001
2025-08-01 10:08:42 AM,212.41,0,0.0,31399723.85000001
2025-08-01 10:08:44 AM,212.42,0,0.0,31399723.85000001
2025-08-01 10:08:44 AM,212.42,4,849.68,31400573.53000001
2025-08-01 10:08:46 AM,212.58,1,212.58,31400786.110000007
2025-08-01 10:09:37 AM,212.58,50,10629.0,31411415.110000007
2025-08-01 10:09:41 AM,212.51,0,0.0,31411415.110000007
2025-08-01 10:09:43 AM,212.51,7,1487.57,31412902.680000007
2025-08-01 10:09:45 AM,212.51,1,212.51,31413115.19000001
2025-08-01 10:09:47 AM,212.58,0,0.0,31413115.19000001
2025-08-01 10:09:49 AM,212.58,1,212.58,31413327.770000007
2025-08-01 10:09:51 AM,212.51,0,0.0,31413327.770000007
2025-08-01 10:09:51 AM,212.51,1,212.51,31413540.28000001
2025-08-01 10:09:53 AM,212.58,0,0.0,31413540.28000001
2025-08-01 10:09:54 AM,212.58,50,10629.0,31424169.28000001
2025-08-01 10:09:56 AM,212.51,7,1487.57,31425656.85000001
2025-08-01 10:10:02 AM,212.51,1,212.51,31425869.36000001
2025-08-01 10:10:06 AM,212.51,1,212.51,31426081.870000012
2025-08-01 10:10:14 AM,212.5,707,150237.5,31576319.370000012
2025-08-01 10:10:18 AM,212.5,203,43137.5,31619456.870000012
2025-08-01 10:10:23 AM,212.51,0,0.0,31619456.870000012
2025-08-01 10:10:23 AM,212.51,4,850.04,31620306.91000001
2025-08-01 10:10:29 AM,212.51,1,212.51,31620519.420000013
2025-08-01 10:10:35 AM,212.58,0,0.0,31620519.420000013
2025-08-01 10:10:35 AM,212.58,100,21258.0,31641777.420000013
2025-08-01 10:10:37 AM,212.52,2,425.04,31642202.460000012
2025-08-01 10:10:41 AM,212.51,0,0.0,31642202.460000012
2025-08-01 10:10:41 AM,212.51,13,2762.63,31644965.09000001
2025-08-01 10:10:43 AM,212.51,2,425.02,31645390.11000001
2025-08-01 10:10:47 AM,212.59,0,0.0,31645390.11000001
2025-08-01 10:10:48 AM,212.59,500,106295.0,31751685.11000001
2025-08-01 10:10:49 AM,212.58,75,15943.500000000002,31767628.61000001
2025-08-01 10:10:54 AM,212.58,14,2976.1200000000003,31770604.73000001
2025-08-01 10:11:11 AM,212.58,36,7652.88,31778257.61000001
2025-08-01 10:11:13 AM,212.58,4,850.32,31779107.93000001
2025-08-01 10:11:17 AM,212.58,1,212.58,31779320.51000001
2025-08-01 10:11:19 AM,212.41,2500,531025.0,32310345.51000001
2025-08-01 10:11:23 AM,212.4,0,0.0,32310345.51000001
2025-08-01 10:11:23 AM,212.4,400,84960.0,32395305.51000001
2025-08-01 10:11:29 AM,212.4,60,12744.0,32408049.51000001
2025-08-01 10:11:34 AM,212.41,10,2124.1,32410173.61000001
2025-08-01 10:11:41 AM,212.54,0,0.0,32410173.61000001
2025-08-01 10:11:41 AM,212.54,50,10627.0,32420800.61000001
2025-08-01 10:11:44 AM,212.41,0,0.0,32420800.61000001
2025-08-01 10:11:46 AM,212.41,258,54801.78,32475602.39000001
2025-08-01 10:11:47 AM,212.41,39,8283.99,32483886.38000001
2025-08-01 10:11:52 AM,212.44,1,212.44,32484098.82000001
2025-08-01 10:11:53 AM,212.4,0,0.0,32484098.82000001
2025-08-01 10:11:53 AM,212.4,5,1062.0,32485160.82000001
2025-08-01 10:12:04 AM,212.4,8,1699.2,32486860.02000001
2025-08-01 10:12:09 AM,212.4,40,8496.0,32495356.02000001
2025-08-01 10:12:15 AM,212.4,6,1274.4,32496630.42000001
2025-08-01 10:12:16 AM,212.4,1,212.4,32496842.820000008
2025-08-01 10:12:32 AM,212.56,0,0.0,32496842.820000008
2025-08-01 10:12:33 AM,212.56,8,1700.48,32498543.30000001
2025-08-01 10:12:33 AM,212.46,1,212.46,32498755.76000001
2025-08-01 10:12:38 AM,212.46,1,212.46,32498968.22000001
2025-08-01 10:12:59 AM,212.59,0,0.0,32498968.22000001
2025-08-01 10:13:01 AM,212.6,119,25299.399999999998,32524267.62000001
2025-08-01 10:13:07 AM,212.59,16,3401.44,32527669.06000001
2025-08-01 10:13:13 AM,212.59,2,425.18,32528094.24000001
2025-08-01 10:13:14 AM,212.66,0,0.0,32528094.24000001
2025-08-01 10:13:14 AM,212.66,100,21266.0,32549360.24000001
2025-08-01 10:13:19 AM,212.59,15,3188.85,32552549.09000001
2025-08-01 10:13:25 AM,212.59,2,425.18,32552974.27000001
2025-08-01 10:13:31 AM,212.68,488,103787.84,32656762.11000001
2025-08-01 10:13:35 AM,212.48,0,0.0,32656762.11000001
2025-08-01 10:13:37 AM,212.48,74,15723.519999999999,32672485.63000001
2025-08-01 10:13:41 AM,212.52,0,0.0,32672485.63000001
2025-08-01 10:13:43 AM,212.53,13,2762.89,32675248.52000001
2025-08-01 10:13:53 AM,212.6,0,0.0,32675248.52000001
2025-08-01 10:13:55 AM,212.6,10,2126.0,32677374.52000001
2025-08-01 10:14:01 AM,212.72,191,40629.52,32718004.04000001
2025-08-01 10:14:05 AM,212.62,0,0.0,32718004.04000001
2025-08-01 10:14:06 AM,212.62,12,2551.44,32720555.48000001
2025-08-01 10:14:12 AM,212.62,2,425.24,32720980.72000001
2025-08-01 10:14:49 AM,212.63,0,0.0,32720980.72000001
2025-08-01 10:14:53 AM,212.74,0,0.0,32720980.72000001
2025-08-01 10:14:53 AM,212.74,250,53185.0,32774165.72000001
2025-08-01 10:14:57 AM,212.62,0,0.0,32774165.72000001
2025-08-01 10:14:58 AM,212.6,23,4889.8,32779055.52000001
2025-08-01 10:14:59 AM,212.62,1,212.62,32779268.14000001
2025-08-01 10:15:04 AM,212.62,2,425.24,32779693.38000001
2025-08-01 10:15:10 AM,212.62,1,212.62,32779906.00000001
2025-08-01 10:15:22 AM,212.84,500,106420.0,32886326.00000001
2025-08-01 10:15:26 AM,212.67,0,0.0,32886326.00000001
2025-08-01 10:15:28 AM,212.62,0,0.0,32886326.00000001
2025-08-01 10:15:28 AM,212.62,75,15946.5,32902272.50000001
2025-08-01 10:15:32 AM,212.63,0,0.0,32902272.50000001
2025-08-01 10:15:34 AM,212.64,0,0.0,32902272.50000001
2025-08-01 10:15:34 AM,212.64,17,3614.8799999999997,32905887.38000001
2025-08-01 10:15:37 AM,212.63,0,0.0,32905887.38000001
2025-08-01 10:15:40 AM,212.63,2,425.26,32906312.64000001
2025-08-01 10:15:50 AM,212.64,0,0.0,32906312.64000001
2025-08-01 10:15:52 AM,212.64,50,10632.0,32916944.64000001
2025-08-01 10:15:55 AM,212.63,0,0.0,32916944.64000001
2025-08-01 10:15:58 AM,212.64,0,0.0,32916944.64000001
2025-08-01 10:15:58 AM,212.66,9,1913.94,32918858.580000013
2025-08-01 10:16:02 AM,212.65,0,0.0,32918858.580000013
2025-08-01 10:16:04 AM,212.65,1,212.65,32919071.23000001
2025-08-01 10:16:21 AM,212.67,7,1488.6899999999998,32920559.920000013
2025-08-01 10:16:25 AM,212.66,0,0.0,32920559.920000013
2025-08-01 10:16:27 AM,212.66,1,212.66,32920772.580000013
2025-08-01 10:16:33 AM,212.68,200,42536.0,32963308.580000013
2025-08-01 10:16:37 AM,212.7,0,0.0,32963308.580000013
2025-08-01 10:16:39 AM,212.7,30,6381.0,32969689.580000013
2025-08-01 10:16:40 AM,212.71,0,0.0,32969689.580000013
2025-08-01 10:16:41 AM,212.66,0,0.0,32969689.580000013
2025-08-01 10:16:44 AM,212.67,0,0.0,32969689.580000013
2025-08-01 10:16:44 AM,212.67,5,1063.35,32970752.930000015
2025-08-01 10:16:52 AM,212.7,0,0.0,32970752.930000015
2025-08-01 10:16:55 AM,212.65,0,0.0,32970752.930000015
2025-08-01 10:16:55 AM,212.65,5,1063.25,32971816.180000015
2025-08-01 10:17:14 AM,212.83,0,0.0,32971816.180000015
2025-08-01 10:17:18 AM,212.84,2,425.68,32972241.860000014
2025-08-01 10:17:24 AM,212.84,2,425.68,32972667.540000014
2025-08-01 10:17:26 AM,212.68,0,0.0,32972667.540000014
2025-08-01 10:17:30 AM,212.68,1,212.68,32972880.220000014
2025-08-01 10:17:38 AM,212.71,0,0.0,32972880.220000014
2025-08-01 10:17:41 AM,212.69,178,37858.82,33010739.040000014
2025-08-01 10:17:47 AM,212.68,0,0.0,33010739.040000014
2025-08-01 10:17:47 AM,212.68,203,43174.04,33053913.080000013
2025-08-01 10:17:50 AM,212.69,0,0.0,33053913.080000013
2025-08-01 10:17:52 AM,212.68,0,0.0,33053913.080000013
2025-08-01 10:17:53 AM,212.68,31,6593.08,33060506.16000001
2025-08-01 10:17:59 AM,212.68,5,1063.4,33061569.56000001
2025-08-01 10:18:25 AM,212.8,0,0.0,33061569.56000001
2025-08-01 10:18:28 AM,212.8,1,212.8,33061782.36000001
2025-08-01 10:18:48 AM,212.85,0,0.0,33061782.36000001
2025-08-01 10:18:50 AM,212.7,0,0.0,33061782.36000001
2025-08-01 10:18:51 AM,212.69,0,0.0,33061782.36000001
2025-08-01 10:18:51 AM,212.69,230,48918.7,33110701.06000001
2025-08-01 10:18:56 AM,212.69,5,1063.45,33111764.51000001
2025-08-01 10:19:00 AM,212.87,0,0.0,33111764.51000001
2025-08-01 10:19:02 AM,212.87,192,40871.04,33152635.55000001
2025-08-01 10:19:03 AM,212.69,0,0.0,33152635.55000001
2025-08-01 10:19:08 AM,212.7,33,7019.099999999999,33159654.65000001
2025-08-01 10:20:06 AM,212.85,0,0.0,33159654.65000001
2025-08-01 10:20:06 AM,212.85,10,2128.5,33161783.15000001
2025-08-01 10:20:09 AM,212.75,0,0.0,33161783.15000001
2025-08-01 10:20:10 AM,212.75,2,425.5,33162208.65000001
2025-08-01 10:20:59 AM,212.85,0,0.0,33162208.65000001
2025-08-01 10:20:59 AM,212.85,15,3192.75,33165401.40000001
2025-08-01 10:21:03 AM,212.8,0,0.0,33165401.40000001
2025-08-01 10:21:03 AM,212.8,2,425.6,33165827.00000001
2025-08-01 10:21:05 AM,212.84,0,0.0,33165827.00000001
2025-08-01 10:21:05 AM,212.84,1,212.84,33166039.84000001
2025-08-01 10:21:10 AM,212.85,331,70453.34999999999,33236493.190000013
2025-08-01 10:21:14 AM,212.85,99,21072.149999999998,33257565.34000001
2025-08-01 10:21:15 AM,212.8,0,0.0,33257565.34000001
2025-08-01 10:21:16 AM,212.9,498,106024.2,33363589.54000001
2025-08-01 10:21:20 AM,212.76,7,1489.32,33365078.86000001
2025-08-01 10:21:21 AM,212.75,0,0.0,33365078.86000001
2025-08-01 10:21:22 AM,212.75,60,12765.0,33377843.86000001
2025-08-01 10:21:25 AM,212.75,10,2127.5,33379971.36000001
2025-08-01 10:21:27 AM,212.88,0,0.0,33379971.36000001
2025-08-01 10:21:27 AM,212.88,50,10644.0,33390615.36000001
2025-08-01 10:21:30 AM,212.75,7,1489.25,33392104.61000001
2025-08-01 10:21:36 AM,212.75,1,212.75,33392317.36000001
2025-08-01 10:21:47 AM,212.75,52,11063.0,33403380.36000001
2025-08-01 10:21:53 AM,212.75,8,1702.0,33405082.36000001
2025-08-01 10:21:59 AM,212.75,1,212.75,33405295.11000001
2025-08-01 10:22:30 AM,212.91,2,425.82,33405720.93000001
2025-08-01 10:22:33 AM,212.77,21,4468.17,33410189.100000013
2025-08-01 10:22:39 AM,212.77,3,638.3100000000001,33410827.41000001
2025-08-01 10:23:08 AM,212.89,0,0.0,33410827.41000001
2025-08-01 10:23:09 AM,212.89,1,212.89,33411040.300000012
2025-08-01 10:23:13 AM,212.79,0,0.0,33411040.300000012
2025-08-01 10:23:14 AM,212.89,0,0.0,33411040.300000012
2025-08-01 10:23:15 AM,212.89,15,3193.35,33414233.650000013
2025-08-01 10:23:21 AM,212.89,2,425.78,33414659.430000015
2025-08-01 10:23:34 AM,212.96,0,0.0,33414659.430000015
2025-08-01 10:23:34 AM,212.98,51,10861.98,33425521.410000015
2025-08-01 10:23:40 AM,213.0,0,0.0,33425521.410000015
2025-08-01 10:23:40 AM,213.0,224,47712.0,33473233.410000015
2025-08-01 10:23:43 AM,212.9,0,0.0,33473233.410000015
2025-08-01 10:23:44 AM,212.9,1,212.9,33473446.310000014
2025-08-01 10:23:46 AM,212.99,82,17465.18,33490911.490000013
2025-08-01 10:23:49 AM,212.93,0,0.0,33490911.490000013
2025-08-01 10:23:49 AM,212.93,6,1277.58,33492189.07000001
2025-08-01 10:23:51 AM,212.89,7,1490.23,33493679.300000012
2025-08-01 10:23:55 AM,212.89,2,425.78,33494105.080000013
2025-08-01 10:24:23 AM,212.84,0,0.0,33494105.080000013
2025-08-01 10:24:24 AM,212.84,100,21284.0,33515389.080000013
2025-08-01 10:24:29 AM,212.79,0,0.0,33515389.080000013
2025-08-01 10:24:30 AM,212.79,15,3191.85,33518580.930000015
2025-08-01 10:24:33 AM,212.79,3,638.37,33519219.300000016
2025-08-01 10:24:38 AM,212.8,0,0.0,33519219.300000016
2025-08-01 10:24:39 AM,212.8,163,34686.4,33553905.700000014
2025-08-01 10:24:44 AM,212.79,0,0.0,33553905.700000014
2025-08-01 10:24:44 AM,212.79,24,5106.96,33559012.66000001
2025-08-01 10:24:49 AM,212.79,4,851.16,33559863.82000001
2025-08-01 10:24:52 AM,212.8,22,4681.6,33564545.42000001
2025-08-01 10:24:55 AM,212.79,4,851.16,33565396.580000006
2025-08-01 10:24:57 AM,212.79,57,12129.029999999999,33577525.61000001
2025-08-01 10:25:00 AM,212.76,0,0.0,33577525.61000001
2025-08-01 10:25:00 AM,212.76,9,1914.84,33579440.45000001
2025-08-01 10:25:02 AM,212.78,0,0.0,33579440.45000001
2025-08-01 10:25:03 AM,212.75,235,49996.25,33629436.70000001
2025-08-01 10:25:04 AM,212.76,0,0.0,33629436.70000001
2025-08-01 10:25:06 AM,212.77,0,0.0,33629436.70000001
2025-08-01 10:25:06 AM,212.77,36,7659.72,33637096.42000001
2025-08-01 10:25:08 AM,212.79,0,0.0,33637096.42000001
2025-08-01 10:25:09 AM,212.79,1,212.79,33637309.21000001
2025-08-01 10:25:11 AM,212.8,0,0.0,33637309.21000001
2025-08-01 10:25:12 AM,212.8,5,1064.0,33638373.21000001
2025-08-01 10:25:15 AM,212.8,1,212.8,33638586.010000005
2025-08-01 10:25:24 AM,212.8,47,10001.6,33648587.61000001
2025-08-01 10:25:29 AM,212.75,0,0.0,33648587.61000001
2025-08-01 10:25:30 AM,212.75,7,1489.25,33650076.86000001
2025-08-01 10:25:35 AM,212.75,1,212.75,33650289.61000001
2025-08-01 10:25:49 AM,212.75,253,53825.75,33704115.36000001
2025-08-01 10:25:50 AM,212.8,0,0.0,33704115.36000001
2025-08-01 10:25:52 AM,212.76,21,4467.96,33708583.32000001
2025-08-01 10:25:53 AM,212.75,0,0.0,33708583.32000001
2025-08-01 10:25:54 AM,212.75,27,5744.25,33714327.57000001
2025-08-01 10:25:57 AM,212.75,7,1489.25,33715816.82000001
2025-08-01 10:26:02 AM,212.75,1,212.75,33716029.57000001
2025-08-01 10:26:25 AM,212.75,14,2978.5,33719008.07000001
2025-08-01 10:26:31 AM,212.75,3,638.25,33719646.32000001
2025-08-01 10:26:37 AM,212.75,5,1063.75,33720710.07000001
2025-08-01 10:26:43 AM,212.75,1,212.75,33720922.82000001
2025-08-01 10:26:47 AM,212.78,0,0.0,33720922.82000001
2025-08-01 10:26:48 AM,212.78,2,425.56,33721348.38000001
2025-08-01 10:26:50 AM,212.85,0,0.0,33721348.38000001
2025-08-01 10:26:51 AM,212.89,153,32572.17,33753920.55000001
2025-08-01 10:26:56 AM,212.75,0,0.0,33753920.55000001
2025-08-01 10:26:57 AM,212.75,23,4893.25,33758813.80000001
2025-08-01 10:27:00 AM,212.75,4,851.0,33759664.80000001
2025-08-01 10:27:11 AM,212.75,143,30423.25,33790088.05000001
2025-08-01 10:27:12 AM,212.74,0,0.0,33790088.05000001
2025-08-01 10:27:14 AM,212.74,3,638.22,33790726.27000001
2025-08-01 10:27:15 AM,212.7,0,0.0,33790726.27000001
2025-08-01 10:27:17 AM,212.68,24,5104.32,33795830.59000001
2025-08-01 10:27:20 AM,212.68,2,425.36,33796255.95000001
2025-08-01 10:27:22 AM,212.68,2,425.36,33796681.31000001
2025-08-01 10:27:31 AM,212.68,20,4253.6,33800934.91000001
2025-08-01 10:27:36 AM,212.68,3,638.04,33801572.95000001
2025-08-01 10:27:38 AM,212.68,1,212.68,33801785.63000001
2025-08-01 10:27:57 AM,212.71,0,0.0,33801785.63000001
2025-08-01 10:27:58 AM,212.81,5,1064.05,33802849.68000001
2025-08-01 10:28:03 AM,212.68,0,0.0,33802849.68000001
2025-08-01 10:28:03 AM,212.69,2,425.38,33803275.06000001
2025-08-01 10:28:17 AM,212.65,0,0.0,33803275.06000001
2025-08-01 10:28:19 AM,212.65,618,131417.7,33934692.76000001
2025-08-01 10:28:24 AM,212.56,0,0.0,33934692.76000001
2025-08-01 10:28:25 AM,212.56,225,47826.0,33982518.76000001
2025-08-01 10:28:26 AM,212.57,0,0.0,33982518.76000001
2025-08-01 10:28:27 AM,212.56,0,0.0,33982518.76000001
2025-08-01 10:28:27 AM,212.56,26,5526.56,33988045.320000015
2025-08-01 10:28:30 AM,212.56,89,18917.84,34006963.16000002
2025-08-01 10:28:33 AM,212.56,1,212.56,34007175.72000002
2025-08-01 10:28:36 AM,212.56,13,2763.28,34009939.00000002
2025-08-01 10:28:39 AM,212.56,2,425.12,34010364.12000002
2025-08-01 10:28:48 AM,212.7,0,0.0,34010364.12000002
2025-08-01 10:28:50 AM,212.7,140,29778.0,34040142.12000002
2025-08-01 10:28:53 AM,212.56,21,4463.76,34044605.88000002
2025-08-01 10:28:56 AM,212.58,3,637.74,34045243.62000002
2025-08-01 10:29:01 AM,212.67,1,212.67,34045456.29000002
2025-08-01 10:29:18 AM,212.84,0,0.0,34045456.29000002
2025-08-01 10:29:18 AM,212.84,50,10642.0,34056098.29000002
2025-08-01 10:29:23 AM,212.67,7,1488.6899999999998,34057586.98000002
2025-08-01 10:29:29 AM,212.67,1,212.67,34057799.65000002
2025-08-01 10:29:34 AM,212.67,1,212.67,34058012.32000002
2025-08-01 10:29:40 AM,212.82,0,0.0,34058012.32000002
2025-08-01 10:29:40 AM,212.82,100,21282.0,34079294.32000002
2025-08-01 10:29:44 AM,212.8,0,0.0,34079294.32000002
2025-08-01 10:29:45 AM,212.8,56,11916.800000000001,34091211.12000002
2025-08-01 10:29:48 AM,212.7,0,0.0,34091211.12000002
2025-08-01 10:29:48 AM,212.7,3,638.0999999999999,34091849.22000002
2025-08-01 10:29:50 AM,212.69,0,0.0,34091849.22000002
2025-08-01 10:29:51 AM,212.69,5,1063.45,34092912.670000024
2025-08-01 10:29:52 AM,212.84,0,0.0,34092912.670000024
2025-08-01 10:29:53 AM,212.68,230,48916.4,34141829.07000002
2025-08-01 10:29:56 AM,212.67,35,7443.45,34149272.520000026
2025-08-01 10:30:02 AM,212.67,5,1063.35,34150335.87000003
2025-08-01 10:30:05 AM,212.67,1,212.67,34150548.54000003
2025-08-01 10:30:14 AM,212.67,1000,212670.0,34363218.54000003
2025-08-01 10:30:19 AM,212.67,150,31900.499999999996,34395119.04000003
2025-08-01 10:30:25 AM,212.67,22,4678.74,34399797.78000003
2025-08-01 10:30:28 AM,212.67,4,850.68,34400648.46000003
2025-08-01 10:30:42 AM,212.7,0,0.0,34400648.46000003
2025-08-01 10:30:42 AM,212.7,5,1063.5,34401711.96000003
2025-08-01 10:30:46 AM,212.68,0,0.0,34401711.96000003
2025-08-01 10:30:48 AM,212.68,1,212.68,34401924.64000003
2025-08-01 10:31:41 AM,212.88,0,0.0,34401924.64000003
2025-08-01 10:31:42 AM,212.72,102,21697.44,34423622.08000003
2025-08-01 10:31:43 AM,212.68,0,0.0,34423622.08000003
2025-08-01 10:31:44 AM,212.68,13,2764.84,34426386.92000003
2025-08-01 10:31:47 AM,212.72,2,425.44,34426812.36000003
2025-08-01 10:31:50 AM,212.72,1,212.72,34427025.08000003
2025-08-01 10:31:57 AM,212.9,0,0.0,34427025.08000003
2025-08-01 10:31:57 AM,212.9,9,1916.1000000000001,34428941.18000003
2025-08-01 10:32:00 AM,212.76,0,0.0,34428941.18000003
2025-08-01 10:32:00 AM,212.76,1,212.76,34429153.94000003
2025-08-01 10:32:06 AM,212.76,50,10638.0,34439791.94000003
2025-08-01 10:32:09 AM,212.77,0,0.0,34439791.94000003
2025-08-01 10:32:10 AM,212.77,8,1702.16,34441494.100000024
2025-08-01 10:32:12 AM,212.79,0,0.0,34441494.100000024
2025-08-01 10:32:13 AM,212.9,6,1277.4,34442771.50000002
2025-08-01 10:32:16 AM,212.79,1,212.79,34442984.29000002
2025-08-01 10:32:23 AM,212.9,20,4258.0,34447242.29000002
2025-08-01 10:32:26 AM,212.9,78,16606.2,34463848.490000024
2025-08-01 10:32:29 AM,212.89,0,0.0,34463848.490000024
2025-08-01 10:32:29 AM,212.89,3,638.67,34464487.160000026
2025-08-01 10:32:32 AM,212.89,12,2554.68,34467041.840000026
2025-08-01 10:32:36 AM,212.89,2,425.78,34467467.62000003
2025-08-01 10:32:39 AM,212.89,50,10644.5,34478112.12000003
2025-08-01 10:32:42 AM,212.92,1,212.92,34478325.04000003
2025-08-01 10:32:44 AM,212.89,0,0.0,34478325.04000003
2025-08-01 10:32:45 AM,212.89,7,1490.23,34479815.270000026
2025-08-01 10:32:48 AM,212.89,1,212.89,34480028.160000026
2025-08-01 10:32:50 AM,212.99,150,31948.5,34511976.660000026
2025-08-01 10:32:56 AM,212.89,0,0.0,34511976.660000026
2025-08-01 10:32:56 AM,212.89,23,4896.469999999999,34516873.130000025
2025-08-01 10:32:59 AM,212.89,3,638.67,34517511.80000003
2025-08-01 10:33:05 AM,212.89,1,212.89,34517724.69000003
2025-08-01 10:33:13 AM,212.99,1,212.99,34517937.68000003
2025-08-01 10:33:29 AM,212.99,4,851.96,34518789.64000003
2025-08-01 10:33:32 AM,212.89,1,212.89,34519002.53000003
2025-08-01 10:33:42 AM,212.99,0,0.0,34519002.53000003
2025-08-01 10:33:43 AM,212.99,2,425.98,34519428.51000003
2025-08-01 10:34:01 AM,212.99,5,1064.95,34520493.46000003
2025-08-01 10:34:03 AM,212.99,25,5324.75,34525818.21000003
2025-08-01 10:34:06 AM,212.89,4,851.56,34526669.77000003
2025-08-01 10:34:08 AM,212.99,20,4259.8,34530929.57000003
2025-08-01 10:34:10 AM,213.0,0,0.0,34530929.57000003
2025-08-01 10:34:12 AM,213.0,5916,1260108.0,35791037.57000003
2025-08-01 10:34:14 AM,213.2,45,9594.0,35800631.57000003
2025-08-01 10:34:15 AM,213.09,0,0.0,35800631.57000003
2025-08-01 10:34:18 AM,213.15,0,0.0,35800631.57000003
2025-08-01 10:34:18 AM,213.15,883,188211.45,35988843.02000003
2025-08-01 10:34:20 AM,213.11,5,1065.5500000000002,35989908.57000003
2025-08-01 10:34:23 AM,213.03,133,28332.99,36018241.56000003
2025-08-01 10:34:25 AM,213.01,2,426.02,36018667.580000035
2025-08-01 10:34:29 AM,213.15,333,70978.95,36089646.53000004
2025-08-01 10:34:30 AM,213.15,3,639.45,36090285.98000004
2025-08-01 10:34:34 AM,213.15,48,10231.2,36100517.180000044
2025-08-01 10:34:39 AM,213.23,0,0.0,36100517.180000044
2025-08-01 10:34:40 AM,213.23,17,3624.91,36104142.09000004
2025-08-01 10:34:42 AM,213.15,0,0.0,36104142.09000004
2025-08-01 10:34:42 AM,213.15,1,213.15,36104355.24000004
2025-08-01 10:34:46 AM,213.15,2,426.3,36104781.54000004
2025-08-01 10:34:48 AM,213.43,0,0.0,36104781.54000004
2025-08-01 10:34:48 AM,213.43,1131,241389.33000000002,36346170.870000035
2025-08-01 10:34:51 AM,213.16,19,4050.04,36350220.91000003
2025-08-01 10:34:54 AM,213.04,0,0.0,36350220.91000003
2025-08-01 10:34:54 AM,213.04,162,34512.479999999996,36384733.39000003
2025-08-01 10:34:56 AM,213.1,0,0.0,36384733.39000003
2025-08-01 10:34:57 AM,213.07,0,0.0,36384733.39000003
2025-08-01 10:34:57 AM,213.07,5,1065.35,36385798.74000003
2025-08-01 10:35:00 AM,213.22,80,17057.6,36402856.34000003
2025-08-01 10:35:02 AM,213.09,0,0.0,36402856.34000003
2025-08-01 10:35:03 AM,213.06,0,0.0,36402856.34000003
2025-08-01 10:35:03 AM,213.06,12,2556.7200000000003,36405413.06000003
2025-08-01 10:35:08 AM,213.05,0,0.0,36405413.06000003
2025-08-01 10:35:09 AM,213.05,2,426.1,36405839.16000003
2025-08-01 10:35:15 AM,213.25,0,0.0,36405839.16000003
2025-08-01 10:35:17 AM,213.25,1,213.25,36406052.41000003
2025-08-01 10:35:20 AM,213.05,0,0.0,36406052.41000003
2025-08-01 10:35:20 AM,213.05,1,213.05,36406265.46000003
2025-08-01 10:35:25 AM,213.07,20,4261.4,36410526.86000003
2025-08-01 10:35:28 AM,213.02,3,639.0600000000001,36411165.92000003
2025-08-01 10:35:29 AM,213.03,0,0.0,36411165.92000003
2025-08-01 10:35:31 AM,213.03,20,4260.6,36415426.52000003
2025-08-01 10:35:33 AM,213.0,0,0.0,36415426.52000003
2025-08-01 10:35:34 AM,213.0,3,639.0,36416065.52000003
2025-08-01 10:35:37 AM,213.0,26,5538.0,36421603.52000003
2025-08-01 10:35:43 AM,213.0,4,852.0,36422455.52000003
2025-08-01 10:35:50 AM,213.11,0,0.0,36422455.52000003
2025-08-01 10:35:50 AM,213.11,1,213.11,36422668.63000003
2025-08-01 10:35:59 AM,213.11,8,1704.88,36424373.510000035
2025-08-01 10:36:01 AM,213.0,0,0.0,36424373.510000035
2025-08-01 10:36:01 AM,213.0,2,426.0,36424799.510000035
2025-08-01 10:36:05 AM,213.21,0,0.0,36424799.510000035
2025-08-01 10:36:05 AM,213.21,100,21321.0,36446120.510000035
2025-08-01 10:36:07 AM,213.09,0,0.0,36446120.510000035
2025-08-01 10:36:07 AM,213.09,41,8736.69,36454857.20000003
2025-08-01 10:36:10 AM,213.0,0,0.0,36454857.20000003
2025-08-01 10:36:10 AM,213.0,15,3195.0,36458052.20000003
2025-08-01 10:36:11 AM,213.01,0,0.0,36458052.20000003
2025-08-01 10:36:13 AM,213.01,8,1704.08,36459756.28000003
2025-08-01 10:36:16 AM,213.01,1,213.01,36459969.29000003
2025-08-01 10:36:19 AM,213.0,1,213.0,36460182.29000003
2025-08-01 10:36:22 AM,213.02,1,213.02,36460395.31000003
2025-08-01 10:36:23 AM,213.0,0,0.0,36460395.31000003
2025-08-01 10:36:24 AM,213.0,4,852.0,36461247.31000003
2025-08-01 10:36:29 AM,213.2,0,0.0,36461247.31000003
2025-08-01 10:36:30 AM,213.2,23,4903.599999999999,36466150.91000003
2025-08-01 10:36:32 AM,213.04,0,0.0,36466150.91000003
2025-08-01 10:36:33 AM,213.0,4,852.0,36467002.91000003
2025-08-01 10:36:49 AM,213.05,0,0.0,36467002.91000003
2025-08-01 10:36:49 AM,213.05,15,3195.75,36470198.66000003
2025-08-01 10:36:52 AM,213.04,0,0.0,36470198.66000003
2025-08-01 10:36:55 AM,213.04,3,639.12,36470837.78000003
2025-08-01 10:37:00 AM,213.1,0,0.0,36470837.78000003
2025-08-01 10:37:00 AM,213.1,10,2131.0,36472968.78000003
2025-08-01 10:37:06 AM,213.01,2,426.02,36473394.800000034
2025-08-01 10:37:24 AM,213.04,0,0.0,36473394.800000034
2025-08-01 10:37:24 AM,213.04,27,5752.08,36479146.88000003
2025-08-01 10:37:27 AM,213.04,4,852.16,36479999.04000003
2025-08-01 10:37:31 AM,213.1,0,0.0,36479999.04000003
2025-08-01 10:37:33 AM,213.1,504,107402.4,36587401.44000003
2025-08-01 10:37:36 AM,213.23,77,16418.71,36603820.15000003
2025-08-01 10:37:39 AM,213.12,12,2557.44,36606377.590000026
2025-08-01 10:37:43 AM,213.1,0,0.0,36606377.590000026
2025-08-01 10:37:44 AM,213.1,1,213.1,36606590.69000003
2025-08-01 10:37:47 AM,213.1,1,213.1,36606803.79000003
2025-08-01 10:38:04 AM,213.12,0,0.0,36606803.79000003
2025-08-01 10:38:04 AM,213.12,50,10656.0,36617459.79000003
2025-08-01 10:38:07 AM,213.1,0,0.0,36617459.79000003
2025-08-01 10:38:07 AM,213.1,7,1491.7,36618951.49000003
2025-08-01 10:38:10 AM,213.12,0,0.0,36618951.49000003
2025-08-01 10:38:10 AM,213.12,1,213.12,36619164.61000003
2025-08-01 10:38:45 AM,213.31,0,0.0,36619164.61000003
2025-08-01 10:38:46 AM,213.31,2,426.62,36619591.23000003
2025-08-01 10:38:49 AM,213.15,1,213.15,36619804.380000025
2025-08-01 10:38:55 AM,213.15,400,85260.0,36705064.380000025
2025-08-01 10:39:00 AM,213.15,80,17052.0,36722116.380000025
2025-08-01 10:39:06 AM,213.15,12,2557.8,36724674.18000002
2025-08-01 10:39:08 AM,213.15,2,426.3,36725100.48000002
2025-08-01 10:39:11 AM,213.15,3,639.45,36725739.93000002
2025-08-01 10:39:17 AM,213.15,1,213.15,36725953.08000002
2025-08-01 10:39:18 AM,213.01,0,0.0,36725953.08000002
2025-08-01 10:39:20 AM,213.01,632,134622.32,36860575.40000002
2025-08-01 10:39:22 AM,213.01,95,20235.95,36880811.350000024
2025-08-01 10:39:25 AM,213.01,13,2769.13,36883580.48000003
2025-08-01 10:39:27 AM,212.95,0,0.0,36883580.48000003
2025-08-01 10:39:28 AM,212.95,2197,467851.14999999997,37351431.630000025
2025-08-01 10:39:29 AM,212.89,0,0.0,37351431.630000025
2025-08-01 10:39:31 AM,212.89,332,70679.48,37422111.11000002
2025-08-01 10:39:34 AM,212.89,49,10431.609999999999,37432542.72000002
2025-08-01 10:39:35 AM,212.86,0,0.0,37432542.72000002
2025-08-01 10:39:36 AM,212.86,2057,437853.02,37870395.740000024
2025-08-01 10:39:39 AM,212.72,0,0.0,37870395.740000024
2025-08-01 10:39:39 AM,212.72,308,65517.76,37935913.50000002
2025-08-01 10:39:42 AM,212.73,0,0.0,37935913.50000002
2025-08-01 10:39:42 AM,212.73,46,9785.58,37945699.08000002
2025-08-01 10:39:45 AM,212.77,481,102342.37000000001,38048041.45000002
2025-08-01 10:39:47 AM,212.69,0,0.0,38048041.45000002
2025-08-01 10:39:48 AM,212.69,256,54448.64,38102490.09000002
2025-08-01 10:39:50 AM,212.77,0,0.0,38102490.09000002
2025-08-01 10:39:51 AM,212.77,114,24255.780000000002,38126745.87000002
2025-08-01 10:39:56 AM,212.79,0,0.0,38126745.87000002
2025-08-01 10:39:56 AM,212.79,22,4681.38,38131427.25000002
2025-08-01 10:39:59 AM,212.69,2,425.38,38131852.630000025
2025-08-01 10:40:01 AM,212.69,1,212.69,38132065.32000002
2025-08-01 10:40:04 AM,212.69,1,212.69,38132278.01000002
2025-08-01 10:40:17 AM,212.71,0,0.0,38132278.01000002
2025-08-01 10:40:18 AM,212.71,301,64025.71,38196303.72000002
2025-08-01 10:40:21 AM,212.7,0,0.0,38196303.72000002
2025-08-01 10:40:21 AM,212.7,45,9571.5,38205875.22000002
2025-08-01 10:40:26 AM,212.7,7,1488.8999999999999,38207364.12000002
2025-08-01 10:40:29 AM,212.7,1,212.7,38207576.82000002
2025-08-01 10:41:35 AM,212.82,0,0.0,38207576.82000002
2025-08-01 10:41:37 AM,212.82,50,10641.0,38218217.82000002
2025-08-01 10:41:39 AM,212.71,0,0.0,38218217.82000002
2025-08-01 10:41:42 AM,212.75,9,1914.75,38220132.57000002
2025-08-01 10:42:03 AM,212.79,0,0.0,38220132.57000002
2025-08-01 10:42:04 AM,212.79,3,638.37,38220770.94000002
2025-08-01 10:42:07 AM,212.8,0,0.0,38220770.94000002
2025-08-01 10:42:09 AM,212.71,0,0.0,38220770.94000002
2025-08-01 10:42:09 AM,212.71,1051,223558.21000000002,38444329.15000002
2025-08-01 10:42:13 AM,212.7,0,0.0,38444329.15000002
2025-08-01 10:42:15 AM,212.7,157,33393.9,38477723.05000002
2025-08-01 10:42:17 AM,212.72,0,0.0,38477723.05000002
2025-08-01 10:42:17 AM,212.72,24,5105.28,38482828.33000002
2025-08-01 10:42:21 AM,212.7,0,0.0,38482828.33000002
2025-08-01 10:42:21 AM,212.7,3,638.0999999999999,38483466.43000002
2025-08-01 10:42:25 AM,212.72,0,0.0,38483466.43000002
2025-08-01 10:42:26 AM,212.72,1,212.72,38483679.15000002
2025-08-01 10:42:31 AM,212.85,0,0.0,38483679.15000002
2025-08-01 10:42:32 AM,212.85,8,1702.8,38485381.95000002
2025-08-01 10:42:33 AM,212.7,0,0.0,38485381.95000002
2025-08-01 10:42:34 AM,212.7,1,212.7,38485594.65000002
2025-08-01 10:43:05 AM,212.71,0,0.0,38485594.65000002
2025-08-01 10:43:05 AM,212.71,170,36160.700000000004,38521755.350000024
2025-08-01 10:43:07 AM,212.7,26,5530.2,38527285.55000003
2025-08-01 10:43:10 AM,212.7,4,850.8,38528136.350000024
2025-08-01 10:43:12 AM,212.79,1,212.79,38528349.14000002
2025-08-01 10:43:16 AM,212.85,0,0.0,38528349.14000002
2025-08-01 10:43:16 AM,212.85,300,63855.0,38592204.14000002
2025-08-01 10:43:18 AM,212.72,0,0.0,38592204.14000002
2025-08-01 10:43:18 AM,212.72,45,9572.4,38601776.54000002
2025-08-01 10:43:23 AM,212.7,6,1276.1999999999998,38603052.740000024
2025-08-01 10:43:29 AM,212.7,1,212.7,38603265.44000003
2025-08-01 10:43:50 AM,212.7,486,103372.2,38706637.64000003
2025-08-01 10:43:53 AM,212.7,73,15527.099999999999,38722164.74000003
2025-08-01 10:43:58 AM,212.7,11,2339.7,38724504.440000035
2025-08-01 10:44:03 AM,212.7,2,425.4,38724929.84000003
2025-08-01 10:44:37 AM,212.97,0,0.0,38724929.84000003
2025-08-01 10:44:38 AM,212.97,10,2129.7,38727059.54000004
2025-08-01 10:44:41 AM,212.77,0,0.0,38727059.54000004
2025-08-01 10:44:41 AM,212.77,2,425.54,38727485.080000035
2025-08-01 10:44:50 AM,212.96,0,0.0,38727485.080000035
2025-08-01 10:44:52 AM,212.96,47,10009.12,38737494.20000003
2025-08-01 10:44:56 AM,212.77,0,0.0,38737494.20000003
2025-08-01 10:44:57 AM,212.77,7,1489.39,38738983.59000003
2025-08-01 10:44:58 AM,212.78,0,0.0,38738983.59000003
2025-08-01 10:45:00 AM,212.78,1,212.78,38739196.370000035
2025-08-01 10:45:07 AM,213.12,0,0.0,38739196.370000035
2025-08-01 10:45:08 AM,213.12,1000,213120.0,38952316.370000035
2025-08-01 10:45:10 AM,212.9,0,0.0,38952316.370000035
2025-08-01 10:45:11 AM,212.84,0,0.0,38952316.370000035
2025-08-01 10:45:11 AM,212.84,150,31926.0,38984242.370000035
2025-08-01 10:45:17 AM,212.84,23,4895.32,38989137.690000035
2025-08-01 10:45:18 AM,212.85,0,0.0,38989137.690000035
2025-08-01 10:45:19 AM,212.81,0,0.0,38989137.690000035
2025-08-01 10:45:19 AM,212.81,3,638.4300000000001,38989776.120000035
2025-08-01 10:45:22 AM,212.82,0,0.0,38989776.120000035
2025-08-01 10:45:22 AM,212.82,1,212.82,38989988.940000035
2025-08-01 10:45:57 AM,212.83,0,0.0,38989988.940000035
2025-08-01 10:45:57 AM,212.83,60,12769.800000000001,39002758.74000003
2025-08-01 10:46:00 AM,212.76,0,0.0,39002758.74000003
2025-08-01 10:46:02 AM,212.76,9,1914.84,39004673.580000035
2025-08-01 10:46:05 AM,212.7,1,212.7,39004886.28000004
2025-08-01 10:46:34 AM,212.71,0,0.0,39004886.28000004
2025-08-01 10:46:37 AM,212.71,121,25737.91,39030624.190000035
2025-08-01 10:46:40 AM,212.7,0,0.0,39030624.190000035
2025-08-01 10:46:43 AM,212.7,21,4466.7,39035090.89000004
2025-08-01 10:46:47 AM,212.77,0,0.0,39035090.89000004
2025-08-01 10:46:48 AM,212.77,5,1063.8500000000001,39036154.74000004
2025-08-01 10:46:53 AM,212.72,0,0.0,39036154.74000004
2025-08-01 10:46:54 AM,212.71,117,24887.07,39061041.81000004
2025-08-01 10:46:55 AM,212.7,10,2127.0,39063168.81000004
2025-08-01 10:46:59 AM,212.71,0,0.0,39063168.81000004
2025-08-01 10:46:59 AM,212.71,9,1914.39,39065083.20000004
2025-08-01 10:47:00 AM,212.72,60,12763.2,39077846.40000004
2025-08-01 10:47:02 AM,212.71,0,0.0,39077846.40000004
2025-08-01 10:47:03 AM,212.7,0,0.0,39077846.40000004
2025-08-01 10:47:04 AM,212.7,2,425.4,39078271.80000004
2025-08-01 10:47:06 AM,212.7,9,1914.3,39080186.10000004
2025-08-01 10:47:08 AM,212.71,0,0.0,39080186.10000004
2025-08-01 10:47:10 AM,212.71,1,212.71,39080398.81000004
2025-08-01 10:47:13 AM,212.7,0,0.0,39080398.81000004
2025-08-01 10:47:15 AM,212.7,1,212.7,39080611.51000004
2025-08-01 10:47:52 AM,212.75,0,0.0,39080611.51000004
2025-08-01 10:47:53 AM,212.75,1,212.75,39080824.26000004
2025-08-01 10:48:13 AM,212.77,0,0.0,39080824.26000004
2025-08-01 10:48:14 AM,212.77,1,212.77,39081037.030000046
2025-08-01 10:48:27 AM,212.81,0,0.0,39081037.030000046
2025-08-01 10:48:27 AM,212.81,44,9363.64,39090400.67000005
2025-08-01 10:48:30 AM,212.77,0,0.0,39090400.67000005
2025-08-01 10:48:30 AM,212.77,70,14893.900000000001,39105294.570000045
2025-08-01 10:48:31 AM,212.75,0,0.0,39105294.570000045
2025-08-01 10:48:33 AM,212.75,7,1489.25,39106783.820000045
2025-08-01 10:48:36 AM,212.75,11,2340.25,39109124.070000045
2025-08-01 10:48:38 AM,212.76,3,638.28,39109762.350000046
2025-08-01 10:48:39 AM,212.75,0,0.0,39109762.350000046
2025-08-01 10:48:42 AM,212.75,2,425.5,39110187.850000046
2025-08-01 10:50:01 AM,212.76,0,0.0,39110187.850000046
2025-08-01 10:50:03 AM,212.76,1,212.76,39110400.610000044
2025-08-01 10:50:42 AM,212.76,5,1063.8,39111464.41000004
2025-08-01 10:50:57 AM,212.77,0,0.0,39111464.41000004
2025-08-01 10:50:59 AM,212.77,30,6383.1,39117847.51000004
2025-08-01 10:51:00 AM,212.79,0,0.0,39117847.51000004
2025-08-01 10:51:02 AM,212.78,0,0.0,39117847.51000004
2025-08-01 10:51:05 AM,212.77,0,0.0,39117847.51000004
2025-08-01 10:51:05 AM,212.77,5,1063.8500000000001,39118911.360000044
2025-08-01 10:51:21 AM,213.0,2422,515886.0,39634797.360000044
2025-08-01 10:51:26 AM,212.77,0,0.0,39634797.360000044
2025-08-01 10:51:26 AM,212.77,90,19149.3,39653946.66000004
2025-08-01 10:51:27 AM,212.77,192,40851.840000000004,39694798.500000045
2025-08-01 10:51:28 AM,212.78,0,0.0,39694798.500000045
2025-08-01 10:51:32 AM,212.78,237,50428.86,39745227.360000044
2025-08-01 10:51:36 AM,212.79,0,0.0,39745227.360000044
2025-08-01 10:51:38 AM,212.8,0,0.0,39745227.360000044
2025-08-01 10:51:38 AM,212.8,19,4043.2000000000003,39749270.56000005
2025-08-01 10:51:43 AM,212.8,1,212.8,39749483.360000044
2025-08-01 10:51:44 AM,212.8,1,212.8,39749696.16000004
2025-08-01 10:51:48 AM,212.83,0,0.0,39749696.16000004
2025-08-01 10:51:49 AM,212.83,17,3618.11,39753314.27000004
2025-08-01 10:51:50 AM,212.85,0,0.0,39753314.27000004
2025-08-01 10:51:52 AM,212.81,0,0.0,39753314.27000004
2025-08-01 10:51:54 AM,212.81,2,425.62,39753739.89000004
2025-08-01 10:51:55 AM,212.8,1,212.8,39753952.690000035
2025-08-01 10:52:10 AM,213.0,433,92229.0,39846181.690000035
2025-08-01 10:52:14 AM,212.81,0,0.0,39846181.690000035
2025-08-01 10:52:16 AM,212.81,65,13832.65,39860014.34000003
2025-08-01 10:52:18 AM,212.92,0,0.0,39860014.34000003
2025-08-01 10:52:20 AM,212.83,0,0.0,39860014.34000003
2025-08-01 10:52:21 AM,212.83,9,1915.47,39861929.81000003
2025-08-01 10:52:27 AM,212.83,2,425.66,39862355.47000003
2025-08-01 10:52:47 AM,212.83,51,10854.33,39873209.80000003
2025-08-01 10:52:53 AM,212.83,249,52994.670000000006,39926204.47000003
2025-08-01 10:52:58 AM,212.83,42,8938.86,39935143.33000003
2025-08-01 10:52:59 AM,212.83,1,212.83,39935356.160000026
2025-08-01 10:53:03 AM,212.83,1,212.83,39935568.990000024
2025-08-01 10:53:18 AM,212.94,0,0.0,39935568.990000024
2025-08-01 10:53:19 AM,212.94,96,20442.239999999998,39956011.23000003
2025-08-01 10:53:22 AM,212.83,0,0.0,39956011.23000003
2025-08-01 10:53:25 AM,212.83,216,45971.280000000006,40001982.51000003
2025-08-01 10:53:28 AM,212.8,0,0.0,40001982.51000003
2025-08-01 10:53:30 AM,212.78,0,0.0,40001982.51000003
2025-08-01 10:53:30 AM,212.78,32,6808.96,40008791.47000003
2025-08-01 10:53:32 AM,212.77,0,0.0,40008791.47000003
2025-08-01 10:53:36 AM,212.77,304,64682.08,40073473.55000003
2025-08-01 10:53:36 AM,212.78,0,0.0,40073473.55000003
2025-08-01 10:53:36 AM,212.78,45,9575.1,40083048.65000003
2025-08-01 10:53:40 AM,212.77,0,0.0,40083048.65000003
2025-08-01 10:53:41 AM,212.77,7,1489.39,40084538.04000003
2025-08-01 10:53:46 AM,212.77,1,212.77,40084750.81000003
2025-08-01 10:53:47 AM,212.77,1,212.77,40084963.580000035
2025-08-01 10:53:56 AM,212.93,0,0.0,40084963.580000035
2025-08-01 10:53:57 AM,212.93,5,1064.65,40086028.230000034
2025-08-01 10:54:07 AM,212.93,1,212.93,40086241.16000003
2025-08-01 10:54:12 AM,212.77,0,0.0,40086241.16000003
2025-08-01 10:54:13 AM,212.77,1,212.77,40086453.93000004
2025-08-01 10:54:18 AM,212.93,0,0.0,40086453.93000004
2025-08-01 10:54:18 AM,212.93,90,19163.7,40105617.63000004
2025-08-01 10:54:22 AM,212.78,0,0.0,40105617.63000004
2025-08-01 10:54:24 AM,212.78,13,2766.14,40108383.77000004
2025-08-01 10:54:28 AM,212.96,0,0.0,40108383.77000004
2025-08-01 10:54:29 AM,212.96,52,11073.92,40119457.69000004
2025-08-01 10:54:32 AM,212.79,0,0.0,40119457.69000004
2025-08-01 10:54:34 AM,212.79,9,1915.11,40121372.80000004
2025-08-01 10:54:52 AM,212.77,0,0.0,40121372.80000004
2025-08-01 10:54:55 AM,212.77,8,1702.16,40123074.96000004
2025-08-01 10:55:01 AM,212.77,2,425.54,40123500.50000004
2025-08-01 10:55:22 AM,212.77,12,2553.2400000000002,40126053.74000004
2025-08-01 10:55:30 AM,212.78,0,0.0,40126053.74000004
2025-08-01 10:55:33 AM,212.78,3,638.34,40126692.08000004
2025-08-01 10:55:48 AM,212.79,0,0.0,40126692.08000004
2025-08-01 10:55:49 AM,212.79,5,1063.95,40127756.030000046
2025-08-01 10:55:52 AM,212.77,0,0.0,40127756.030000046
2025-08-01 10:55:54 AM,212.78,0,0.0,40127756.030000046
2025-08-01 10:55:54 AM,212.78,3,638.34,40128394.37000005
2025-08-01 10:55:55 AM,212.77,1,212.77,40128607.14000005
2025-08-01 10:56:20 AM,212.79,0,0.0,40128607.14000005
2025-08-01 10:56:21 AM,212.79,60,12767.4,40141374.54000005
2025-08-01 10:56:24 AM,212.77,0,0.0,40141374.54000005
2025-08-01 10:56:26 AM,212.77,54,11489.58,40152864.12000005
2025-08-01 10:56:27 AM,212.77,8,1702.16,40154566.280000046
2025-08-01 10:56:31 AM,212.77,1,212.77,40154779.05000005
2025-08-01 10:56:38 AM,212.77,113,24043.010000000002,40178822.06000005
2025-08-01 10:56:43 AM,212.77,17,3617.09,40182439.15000005
2025-08-01 10:56:52 AM,212.77,3,638.3100000000001,40183077.46000005
2025-08-01 10:57:08 AM,212.79,0,0.0,40183077.46000005
2025-08-01 10:57:08 AM,212.79,10,2127.9,40185205.36000005
2025-08-01 10:57:13 AM,212.77,2,425.54,40185630.90000005
2025-08-01 10:57:28 AM,212.79,0,0.0,40185630.90000005
2025-08-01 10:57:29 AM,212.79,75,15959.25,40201590.15000005
2025-08-01 10:57:34 AM,212.8,0,0.0,40201590.15000005
2025-08-01 10:57:35 AM,212.8,13,2766.4,40204356.55000005
2025-08-01 10:58:16 AM,212.97,0,0.0,40204356.55000005
2025-08-01 10:58:17 AM,212.97,2,425.94,40204782.49000005
2025-08-01 10:58:20 AM,212.8,0,0.0,40204782.49000005
2025-08-01 10:58:22 AM,212.8,1,212.8,40204995.290000044
2025-08-01 10:58:38 AM,213.0,0,0.0,40204995.290000044
2025-08-01 10:58:39 AM,213.0,1340,285420.0,40490415.290000044
2025-08-01 10:58:45 AM,213.0,201,42813.0,40533228.290000044
2025-08-01 10:58:50 AM,213.0,30,6390.0,40539618.290000044
2025-08-01 10:58:55 AM,213.0,55,11715.0,40551333.290000044
2025-08-01 10:59:01 AM,213.0,58,12354.0,40563687.290000044
2025-08-01 10:59:06 AM,213.0,1,213.0,40563900.290000044
2025-08-01 10:59:10 AM,213.19,0,0.0,40563900.290000044
2025-08-01 10:59:11 AM,213.19,2569,547685.11,41111585.40000004
2025-08-01 10:59:14 AM,212.86,0,0.0,41111585.40000004
2025-08-01 10:59:16 AM,212.91,0,0.0,41111585.40000004
2025-08-01 10:59:16 AM,212.91,387,82396.17,41193981.570000045
2025-08-01 10:59:21 AM,212.91,57,12135.869999999999,41206117.44000004
2025-08-01 10:59:22 AM,212.98,0,0.0,41206117.44000004
2025-08-01 10:59:24 AM,212.92,0,0.0,41206117.44000004
2025-08-01 10:59:26 AM,212.92,8,1703.36,41207820.80000004
2025-08-01 10:59:31 AM,212.92,78,16607.76,41224428.56000004
2025-08-01 10:59:32 AM,212.9,0,0.0,41224428.56000004
2025-08-01 10:59:36 AM,212.92,0,0.0,41224428.56000004
2025-08-01 10:59:36 AM,212.92,13,2767.96,41227196.52000004
2025-08-01 10:59:46 AM,213.3,0,0.0,41227196.52000004
2025-08-01 10:59:47 AM,213.3,2350,501255.0,41728451.52000004
2025-08-01 10:59:48 AM,212.98,0,0.0,41728451.52000004
2025-08-01 10:59:52 AM,213.01,0,0.0,41728451.52000004
2025-08-01 10:59:53 AM,213.01,406,86482.06,41814933.58000004
2025-08-01 10:59:56 AM,213.03,0,0.0,41814933.58000004
2025-08-01 10:59:58 AM,213.01,0,0.0,41814933.58000004
2025-08-01 10:59:58 AM,213.01,8,1704.08,41816637.66000004
2025-08-01 11:00:01 AM,213.01,1,213.01,41816850.67000004
2025-08-01 11:00:03 AM,213.24,0,0.0,41816850.67000004
2025-08-01 11:00:03 AM,213.24,6,1279.44,41818130.11000004
2025-08-01 11:00:04 AM,213.21,2,426.42,41818556.53000004
2025-08-01 11:00:06 AM,213.04,0,0.0,41818556.53000004
2025-08-01 11:00:06 AM,213.04,1,213.04,41818769.57000004
2025-08-01 11:00:29 AM,213.26,100,21326.0,41840095.57000004
2025-08-01 11:00:33 AM,213.1,0,0.0,41840095.57000004
2025-08-01 11:00:33 AM,213.1,1,213.1,41840308.67000004
2025-08-01 11:00:34 AM,213.02,0,0.0,41840308.67000004
2025-08-01 11:00:34 AM,213.02,14,2982.28,41843290.95000004
2025-08-01 11:00:37 AM,213.0,0,0.0,41843290.95000004
2025-08-01 11:00:37 AM,213.0,2,426.0,41843716.95000004
2025-08-01 11:00:38 AM,213.03,2,426.06,41844143.01000004
2025-08-01 11:00:40 AM,213.05,0,0.0,41844143.01000004
2025-08-01 11:00:40 AM,213.05,3,639.1500000000001,41844782.16000004
2025-08-01 11:00:45 AM,213.03,0,0.0,41844782.16000004
2025-08-01 11:00:45 AM,213.03,1,213.03,41844995.19000004
2025-08-01 11:01:03 AM,213.01,0,0.0,41844995.19000004
2025-08-01 11:01:03 AM,213.01,561,119498.61,41964493.80000004
2025-08-01 11:01:07 AM,213.0,0,0.0,41964493.80000004
2025-08-01 11:01:09 AM,213.01,0,0.0,41964493.80000004
2025-08-01 11:01:09 AM,213.01,86,18318.86,41982812.66000004
2025-08-01 11:01:11 AM,213.0,0,0.0,41982812.66000004
2025-08-01 11:01:15 AM,213.01,14,2982.14,41985794.80000004
2025-08-01 11:01:17 AM,213.04,0,0.0,41985794.80000004
2025-08-01 11:01:19 AM,213.03,0,0.0,41985794.80000004
2025-08-01 11:01:20 AM,213.03,2,426.06,41986220.860000044
2025-08-01 11:01:25 AM,213.04,0,0.0,41986220.860000044
2025-08-01 11:01:25 AM,213.04,100,21304.0,42007524.860000044
2025-08-01 11:01:29 AM,213.03,0,0.0,42007524.860000044
2025-08-01 11:01:30 AM,213.03,15,3195.45,42010720.31000005
2025-08-01 11:01:35 AM,213.21,0,0.0,42010720.31000005
2025-08-01 11:01:35 AM,213.21,12,2558.52,42013278.83000005
2025-08-01 11:01:39 AM,213.05,0,0.0,42013278.83000005
2025-08-01 11:01:41 AM,213.05,2,426.1,42013704.93000005
2025-08-01 11:01:46 AM,213.29,10,2132.9,42015837.83000005
2025-08-01 11:01:51 AM,213.07,0,0.0,42015837.83000005
2025-08-01 11:01:51 AM,213.07,2,426.14,42016263.97000005
2025-08-01 11:02:13 AM,213.38,0,0.0,42016263.97000005
2025-08-01 11:02:17 AM,213.23,0,0.0,42016263.97000005
2025-08-01 11:02:17 AM,213.23,746,159069.58,42175333.55000005
2025-08-01 11:02:18 AM,213.1,59,12572.9,42187906.45000005
2025-08-01 11:02:21 AM,213.09,0,0.0,42187906.45000005
2025-08-01 11:02:23 AM,213.09,7,1491.63,42189398.08000005
2025-08-01 11:02:23 AM,213.05,0,0.0,42189398.08000005
2025-08-01 11:02:24 AM,213.05,9,1917.45,42191315.53000005
2025-08-01 11:02:27 AM,213.07,0,0.0,42191315.53000005
2025-08-01 11:02:28 AM,213.07,2,426.14,42191741.670000054
2025-08-01 11:02:31 AM,213.08,0,0.0,42191741.670000054
2025-08-01 11:02:35 AM,213.08,1,213.08,42191954.75000005
2025-08-01 11:03:16 AM,213.32,3,639.96,42192594.71000005
2025-08-01 11:04:25 AM,213.34,0,0.0,42192594.71000005
2025-08-01 11:04:26 AM,213.34,2,426.68,42193021.39000005
2025-08-01 11:04:57 AM,213.28,25,5332.0,42198353.39000005
2025-08-01 11:05:00 AM,213.26,0,0.0,42198353.39000005
2025-08-01 11:05:00 AM,213.26,4,853.04,42199206.43000005
2025-08-01 11:05:06 AM,213.26,1,213.26,42199419.69000005
2025-08-01 11:05:31 AM,213.43,0,0.0,42199419.69000005
2025-08-01 11:05:33 AM,213.43,30,6402.900000000001,42205822.59000005
2025-08-01 11:05:34 AM,213.2,0,0.0,42205822.59000005
2025-08-01 11:05:34 AM,213.2,4,852.8,42206675.390000045
2025-08-01 11:05:38 AM,213.42,5,1067.1,42207742.49000005
2025-08-01 11:05:40 AM,213.46,0,0.0,42207742.49000005
2025-08-01 11:05:44 AM,213.46,90,19211.4,42226953.890000045
2025-08-01 11:05:45 AM,213.27,0,0.0,42226953.890000045
2025-08-01 11:05:45 AM,213.27,286,60995.22,42287949.110000044
2025-08-01 11:05:47 AM,213.15,0,0.0,42287949.110000044
2025-08-01 11:05:48 AM,213.14,0,0.0,42287949.110000044
2025-08-01 11:05:49 AM,213.12,0,0.0,42287949.110000044
2025-08-01 11:05:49 AM,213.12,50,10656.0,42298605.110000044
2025-08-01 11:05:51 AM,213.1,0,0.0,42298605.110000044
2025-08-01 11:05:54 AM,213.1,8,1704.8,42300309.91000004
2025-08-01 11:05:59 AM,213.06,0,0.0,42300309.91000004
2025-08-01 11:06:00 AM,213.06,231,49216.86,42349526.77000004
2025-08-01 11:06:01 AM,213.03,0,0.0,42349526.77000004
2025-08-01 11:06:01 AM,213.03,30,6390.9,42355917.67000004
2025-08-01 11:06:05 AM,213.03,5,1065.15,42356982.82000004
2025-08-01 11:06:10 AM,213.03,1,213.03,42357195.85000004
2025-08-01 11:06:12 AM,213.03,3,639.09,42357834.94000004
2025-08-01 11:06:19 AM,213.0,0,0.0,42357834.94000004
2025-08-01 11:06:20 AM,213.0,76,16188.0,42374022.94000004
2025-08-01 11:06:23 AM,212.9,0,0.0,42374022.94000004
2025-08-01 11:06:27 AM,212.9,14,2980.6,42377003.540000044
2025-08-01 11:06:38 AM,213.02,0,0.0,42377003.540000044
2025-08-01 11:06:41 AM,213.02,2,426.04,42377429.58000004
2025-08-01 11:06:41 AM,212.9,0,0.0,42377429.58000004
2025-08-01 11:06:42 AM,212.9,1,212.9,42377642.48000004
2025-08-01 11:06:58 AM,212.9,5,1064.5,42378706.98000004
2025-08-01 11:07:03 AM,212.9,1,212.9,42378919.88000004
2025-08-01 11:07:35 AM,213.06,0,0.0,42378919.88000004
2025-08-01 11:07:35 AM,213.06,500,106530.0,42485449.88000004
2025-08-01 11:07:37 AM,212.91,16,3406.56,42488856.44000004
2025-08-01 11:07:37 AM,212.9,0,0.0,42488856.44000004
2025-08-01 11:07:41 AM,212.9,59,12561.1,42501417.540000044
2025-08-01 11:07:42 AM,212.9,12,2554.8,42503972.34000004
2025-08-01 11:07:46 AM,213.0,3,639.0,42504611.34000004
2025-08-01 11:07:49 AM,212.91,0,0.0,42504611.34000004
2025-08-01 11:07:51 AM,212.91,1,212.91,42504824.25000004
2025-08-01 11:08:05 AM,212.9,0,0.0,42504824.25000004
2025-08-01 11:08:08 AM,212.9,5,1064.5,42505888.75000004
2025-08-01 11:08:09 AM,212.91,0,0.0,42505888.75000004
2025-08-01 11:08:09 AM,212.91,1,212.91,42506101.66000003
2025-08-01 11:08:59 AM,212.79,0,0.0,42506101.66000003
2025-08-01 11:09:00 AM,212.78,1077,229164.06,42735265.720000036
2025-08-01 11:09:03 AM,212.77,153,32553.81,42767819.53000004
2025-08-01 11:09:06 AM,212.77,11,2340.4700000000003,42770160.00000004
2025-08-01 11:09:09 AM,212.77,15,3191.55,42773351.550000034
2025-08-01 11:09:12 AM,212.77,2,425.54,42773777.09000003
2025-08-01 11:10:04 AM,212.83,0,0.0,42773777.09000003
2025-08-01 11:10:06 AM,212.83,4,851.32,42774628.41000003
2025-08-01 11:10:08 AM,212.77,1,212.77,42774841.18000004
2025-08-01 11:10:18 AM,212.83,0,0.0,42774841.18000004
2025-08-01 11:10:18 AM,212.83,3,638.49,42775479.67000004
2025-08-01 11:10:23 AM,212.77,1,212.77,42775692.44000004
2025-08-01 11:10:46 AM,212.83,0,0.0,42775692.44000004
2025-08-01 11:10:48 AM,213.0,0,0.0,42775692.44000004
2025-08-01 11:10:50 AM,213.0,370,78810.0,42854502.44000004
2025-08-01 11:10:52 AM,212.77,0,0.0,42854502.44000004
2025-08-01 11:10:55 AM,212.88,93,19797.84,42874300.280000046
2025-08-01 11:11:00 AM,212.77,0,0.0,42874300.280000046
2025-08-01 11:11:01 AM,212.77,6,1276.6200000000001,42875576.90000004
2025-08-01 11:11:06 AM,212.77,1,212.77,42875789.67000005
2025-08-01 11:11:17 AM,212.77,10,2127.7000000000003,42877917.37000005
2025-08-01 11:11:18 AM,212.78,0,0.0,42877917.37000005
2025-08-01 11:11:18 AM,212.78,2,425.56,42878342.93000005
2025-08-01 11:11:44 AM,213.08,0,0.0,42878342.93000005
2025-08-01 11:11:45 AM,213.08,500,106540.0,42984882.93000005
2025-08-01 11:11:46 AM,212.82,0,0.0,42984882.93000005
2025-08-01 11:11:48 AM,212.79,0,0.0,42984882.93000005
2025-08-01 11:11:50 AM,212.79,75,15959.25,43000842.18000005
2025-08-01 11:11:50 AM,212.82,0,0.0,43000842.18000005
2025-08-01 11:11:50 AM,212.82,6,1276.92,43002119.10000005
2025-08-01 11:11:52 AM,212.78,0,0.0,43002119.10000005
2025-08-01 11:11:55 AM,212.77,507,107874.39,43109993.490000054
2025-08-01 11:12:00 AM,212.77,75,15957.75,43125951.240000054
2025-08-01 11:12:05 AM,212.77,13,2766.01,43128717.25000005
2025-08-01 11:12:22 AM,212.77,179,38085.83,43166803.08000005
2025-08-01 11:12:27 AM,212.77,31,6595.87,43173398.95000005
2025-08-01 11:12:32 AM,212.77,1,212.77,43173611.72000005
2025-08-01 11:12:40 AM,212.93,0,0.0,43173611.72000005
2025-08-01 11:12:43 AM,212.77,58,12340.66,43185952.38000005
2025-08-01 11:12:48 AM,212.77,1,212.77,43186165.15000005
2025-08-01 11:12:52 AM,212.94,0,0.0,43186165.15000005
2025-08-01 11:12:53 AM,212.94,10,2129.4,43188294.55000005
2025-08-01 11:12:58 AM,212.77,0,0.0,43188294.55000005
2025-08-01 11:12:58 AM,212.77,1,212.77,43188507.32000005
2025-08-01 11:13:04 AM,212.77,1,212.77,43188720.090000056
2025-08-01 11:13:09 AM,212.77,6,1276.6200000000001,43189996.71000005
2025-08-01 11:13:14 AM,212.78,0,0.0,43189996.71000005
2025-08-01 11:13:15 AM,212.78,1,212.78,43190209.490000054
2025-08-01 11:13:20 AM,212.89,0,0.0,43190209.490000054
2025-08-01 11:13:20 AM,212.89,61,12986.289999999999,43203195.78000005
2025-08-01 11:13:26 AM,212.77,2,425.54,43203621.32000005
2025-08-01 11:13:34 AM,212.75,0,0.0,43203621.32000005
2025-08-01 11:13:36 AM,212.76,1008,214462.08,43418083.40000005
2025-08-01 11:13:37 AM,212.75,0,0.0,43418083.40000005
2025-08-01 11:13:38 AM,212.75,77,16381.75,43434465.15000005
2025-08-01 11:13:39 AM,212.71,0,0.0,43434465.15000005
2025-08-01 11:13:41 AM,212.73,0,0.0,43434465.15000005
2025-08-01 11:13:41 AM,212.71,0,0.0,43434465.15000005
2025-08-01 11:13:42 AM,212.71,97,20632.87,43455098.02000005
2025-08-01 11:13:44 AM,212.71,14,2977.94,43458075.960000046
2025-08-01 11:13:47 AM,212.71,4,850.84,43458926.80000005
2025-08-01 11:14:07 AM,212.9,0,0.0,43458926.80000005
2025-08-01 11:14:09 AM,212.9,10,2129.0,43461055.80000005
2025-08-01 11:14:11 AM,212.71,0,0.0,43461055.80000005
2025-08-01 11:14:15 AM,212.71,2,425.42,43461481.22000005
2025-08-01 11:14:31 AM,212.75,100,21275.0,43482756.22000005
2025-08-01 11:14:36 AM,212.75,15,3191.25,43485947.47000005
2025-08-01 11:14:41 AM,212.75,2,425.5,43486372.97000005
2025-08-01 11:14:46 AM,212.75,1,212.75,43486585.72000005
2025-08-01 11:14:58 AM,212.72,190,40416.8,43527002.52000005
2025-08-01 11:15:01 AM,212.71,0,0.0,43527002.52000005
2025-08-01 11:15:03 AM,212.71,43,9146.53,43536149.05000005
2025-08-01 11:15:09 AM,212.71,7,1488.97,43537638.02000005
2025-08-01 11:15:09 AM,212.71,1,212.71,43537850.73000005
2025-08-01 11:15:35 AM,212.89,0,0.0,43537850.73000005
2025-08-01 11:15:35 AM,212.89,10,2128.8999999999996,43539979.63000005
2025-08-01 11:15:37 AM,212.81,0,0.0,43539979.63000005
2025-08-01 11:15:40 AM,212.81,3,638.4300000000001,43540618.06000005
2025-08-01 11:16:01 AM,212.75,0,0.0,43540618.06000005
2025-08-01 11:16:01 AM,212.75,11,2340.25,43542958.31000005
2025-08-01 11:16:05 AM,212.71,0,0.0,43542958.31000005
2025-08-01 11:16:06 AM,212.71,2,425.42,43543383.73000005
2025-08-01 11:16:22 AM,212.71,30,6381.3,43549765.030000046
2025-08-01 11:16:25 AM,212.73,0,0.0,43549765.030000046
2025-08-01 11:16:25 AM,212.71,0,0.0,43549765.030000046
2025-08-01 11:16:27 AM,212.71,4,850.84,43550615.87000005
2025-08-01 11:16:29 AM,212.73,1,212.73,43550828.600000046
2025-08-01 11:16:57 AM,212.93,0,0.0,43550828.600000046
2025-08-01 11:16:59 AM,212.78,6,1276.68,43552105.280000046
2025-08-01 11:17:22 AM,212.8,10,2128.0,43554233.280000046
2025-08-01 11:17:25 AM,212.8,2,425.6,43554658.88000005
2025-08-01 11:17:28 AM,212.79,100,21279.0,43575937.88000005
2025-08-01 11:17:31 AM,212.75,10,2127.5,43578065.38000005
2025-08-01 11:17:31 AM,212.73,0,0.0,43578065.38000005
2025-08-01 11:17:33 AM,212.73,5,1063.6499999999999,43579129.030000046
2025-08-01 11:17:36 AM,212.73,2,425.46,43579554.49000005
2025-08-01 11:17:43 AM,212.95,2,425.9,43579980.390000045
2025-08-01 11:17:47 AM,212.81,0,0.0,43579980.390000045
2025-08-01 11:17:49 AM,212.81,1,212.81,43580193.20000005
2025-08-01 11:18:36 AM,212.82,21,4469.22,43584662.42000005
2025-08-01 11:18:42 AM,212.82,63,13407.66,43598070.08000004
2025-08-01 11:18:48 AM,212.82,10,2128.2,43600198.280000046
2025-08-01 11:18:53 AM,212.82,1,212.82,43600411.100000046
2025-08-01 11:19:02 AM,212.81,0,0.0,43600411.100000046
2025-08-01 11:19:05 AM,212.81,24,5107.4400000000005,43605518.540000044
2025-08-01 11:19:05 AM,212.75,1,212.75,43605731.290000044
2025-08-01 11:19:11 AM,212.75,6,1276.5,43607007.790000044
2025-08-01 11:19:11 AM,212.75,1,212.75,43607220.540000044
2025-08-01 11:19:15 AM,212.72,0,0.0,43607220.540000044
2025-08-01 11:19:16 AM,212.72,55,11699.6,43618920.140000045
2025-08-01 11:19:19 AM,212.71,0,0.0,43618920.140000045
2025-08-01 11:19:22 AM,212.71,9,1914.39,43620834.530000046
2025-08-01 11:19:27 AM,212.71,2,425.42,43621259.95000005
2025-08-01 11:19:45 AM,212.82,0,0.0,43621259.95000005
2025-08-01 11:19:49 AM,212.82,4,851.28,43622111.23000005
2025-08-01 11:19:59 AM,212.82,2,425.64,43622536.87000005
2025-08-01 11:20:02 AM,212.72,0,0.0,43622536.87000005
2025-08-01 11:20:05 AM,212.72,1,212.72,43622749.59000005
2025-08-01 11:20:15 AM,212.82,0,0.0,43622749.59000005
2025-08-01 11:20:15 AM,212.82,1,212.82,43622962.41000005
2025-08-01 11:20:27 AM,212.81,0,0.0,43622962.41000005
2025-08-01 11:20:31 AM,212.81,4,851.24,43623813.65000005
2025-08-01 11:20:42 AM,212.75,0,0.0,43623813.65000005
2025-08-01 11:20:46 AM,212.73,0,0.0,43623813.65000005
2025-08-01 11:20:47 AM,212.73,11,2340.0299999999997,43626153.68000005
2025-08-01 11:20:48 AM,212.72,0,0.0,43626153.68000005
2025-08-01 11:20:51 AM,212.82,0,0.0,43626153.68000005
2025-08-01 11:20:52 AM,212.82,2,425.64,43626579.32000005
2025-08-01 11:20:56 AM,212.73,0,0.0,43626579.32000005
2025-08-01 11:20:57 AM,212.73,25,5318.25,43631897.57000005
2025-08-01 11:21:00 AM,212.72,0,0.0,43631897.57000005
2025-08-01 11:21:02 AM,212.71,4,850.84,43632748.410000056
2025-08-01 11:21:04 AM,212.76,0,0.0,43632748.410000056
2025-08-01 11:21:07 AM,212.76,1,212.76,43632961.170000054
2025-08-01 11:21:54 AM,212.72,20,4254.4,43637215.57000005
2025-08-01 11:21:58 AM,212.71,0,0.0,43637215.57000005
2025-08-01 11:21:59 AM,212.71,3,638.13,43637853.700000055
2025-08-01 11:22:26 AM,212.77,0,0.0,43637853.700000055
2025-08-01 11:22:26 AM,212.77,1,212.77,43638066.47000006
2025-08-01 11:23:06 AM,212.71,0,0.0,43638066.47000006
2025-08-01 11:23:08 AM,212.71,120,25525.2,43663591.67000006
2025-08-01 11:23:12 AM,212.7,0,0.0,43663591.67000006
2025-08-01 11:23:14 AM,212.7,18,3828.6,43667420.27000006
2025-08-01 11:23:19 AM,212.7,4,850.8,43668271.07000006
