date,price,qty,trnvr,cum_trnvr
2025-08-01 09:15:02 AM,1982.1,13186,26135970.599999998,26135970.599999998
2025-08-01 09:15:02 AM,1979.0,0,0.0,26135970.599999998
2025-08-01 09:15:03 AM,1975.5,0,0.0,26135970.599999998
2025-08-01 09:15:04 AM,1976.8,3261,6446344.8,32582315.4
2025-08-01 09:15:11 AM,1973.6,0,0.0,32582315.4
2025-08-01 09:15:12 AM,1972.9,0,0.0,32582315.4
2025-08-01 09:15:14 AM,1973.2,3105,6126786.0,38709101.4
2025-08-01 09:15:16 AM,1973.3,1718,3390129.4,42099230.8
2025-08-01 09:15:21 AM,1973.5,0,0.0,42099230.8
2025-08-01 09:15:22 AM,1976.5,0,0.0,42099230.8
2025-08-01 09:15:24 AM,1976.6,5705,11276503.0,53375733.8
2025-08-01 09:15:26 AM,1975.7,1851,3657020.7,57032754.5
2025-08-01 09:15:28 AM,1976.5,0,0.0,57032754.5
2025-08-01 09:15:32 AM,1977.3,0,0.0,57032754.5
2025-08-01 09:15:33 AM,1977.6,800,1582080.0,58614834.5
2025-08-01 09:15:34 AM,1977.9,447,884121.3,59498955.8
2025-08-01 09:15:36 AM,1978.7,0,0.0,59498955.8
2025-08-01 09:15:40 AM,1977.6,0,0.0,59498955.8
2025-08-01 09:15:41 AM,1977.5,2886,5707065.0,65206020.8
2025-08-01 09:15:43 AM,1978.0,597,1180866.0,66386886.8
2025-08-01 09:15:45 AM,1978.9,0,0.0,66386886.8
2025-08-01 09:15:48 AM,1980.0,0,0.0,66386886.8
2025-08-01 09:15:49 AM,1980.8,1449,2870179.1999999997,69257066.0
2025-08-01 09:15:51 AM,1980.5,423,837751.5,70094817.5
2025-08-01 09:15:54 AM,1979.3,0,0.0,70094817.5
2025-08-01 09:15:56 AM,1980.2,0,0.0,70094817.5
2025-08-01 09:15:58 AM,1980.2,491,972278.2000000001,71067095.7
2025-08-01 09:15:59 AM,1980.1,212,419781.19999999995,71486876.9
2025-08-01 09:16:00 AM,1980.6,0,0.0,71486876.9
2025-08-01 09:16:01 AM,1980.6,29,57437.399999999994,71544314.30000001
2025-08-01 09:16:01 AM,1980.9,0,0.0,71544314.30000001
2025-08-01 09:16:02 AM,1980.9,268,530881.2000000001,72075195.50000001
2025-08-01 09:16:02 AM,1980.3,0,0.0,72075195.50000001
2025-08-01 09:16:03 AM,1980.8,481,952764.7999999999,73027960.30000001
2025-08-01 09:16:03 AM,1980.8,1064,2107571.1999999997,75135531.50000001
2025-08-01 09:16:04 AM,1981.8,1326,2627866.8,77763398.30000001
2025-08-01 09:16:04 AM,1981.8,32,63417.6,77826815.9
2025-08-01 09:16:04 AM,1982.1,0,0.0,77826815.9
2025-08-01 09:16:05 AM,1982.1,177,350831.7,78177647.60000001
2025-08-01 09:16:05 AM,1982.3,97,192283.1,78369930.7
2025-08-01 09:16:05 AM,1981.6,0,0.0,78369930.7
2025-08-01 09:16:06 AM,1982.5,497,985302.5,79355233.2
2025-08-01 09:16:07 AM,1982.9,3,5948.700000000001,79361181.9
2025-08-01 09:16:07 AM,1982.9,74,146734.6,79507916.5
2025-08-01 09:16:08 AM,1982.9,31,61469.9,79569386.4
2025-08-01 09:16:08 AM,1982.6,0,0.0,79569386.4
2025-08-01 09:16:08 AM,1982.6,427,846570.2,80415956.60000001
2025-08-01 09:16:09 AM,1982.3,0,0.0,80415956.60000001
2025-08-01 09:16:10 AM,1982.3,390,773097.0,81189053.60000001
2025-08-01 09:16:10 AM,1983.0,194,384702.0,81573755.60000001
2025-08-01 09:16:11 AM,1983.0,25,49575.0,81623330.60000001
2025-08-01 09:16:11 AM,1983.0,1321,2619543.0,84242873.60000001
2025-08-01 09:16:12 AM,1983.0,409,811047.0,85053920.60000001
2025-08-01 09:16:12 AM,1982.5,0,0.0,85053920.60000001
2025-08-01 09:16:13 AM,1981.9,1152,2283148.8000000003,87337069.4
2025-08-01 09:16:14 AM,1981.8,127,251688.6,87588758.0
2025-08-01 09:16:14 AM,1981.9,127,251701.30000000002,87840459.3
2025-08-01 09:16:15 AM,1981.9,18,35674.200000000004,87876133.5
2025-08-01 09:16:16 AM,1981.9,20,39638.0,87915771.5
2025-08-01 09:16:16 AM,1982.4,126,249782.40000000002,88165553.9
2025-08-01 09:16:17 AM,1982.7,0,0.0,88165553.9
2025-08-01 09:16:18 AM,1982.7,38,75342.6,88240896.5
2025-08-01 09:16:18 AM,1982.7,190,376713.0,88617609.5
2025-08-01 09:16:19 AM,1982.5,182,360815.0,88978424.5
2025-08-01 09:16:19 AM,1982.7,0,0.0,88978424.5
2025-08-01 09:16:19 AM,1983.0,1082,2145606.0,91124030.5
2025-08-01 09:16:20 AM,1982.3,0,0.0,91124030.5
2025-08-01 09:16:20 AM,1982.3,42,83256.59999999999,91207287.1
2025-08-01 09:16:21 AM,1982.3,213,422229.89999999997,91629517.0
2025-08-01 09:16:21 AM,1982.9,0,0.0,91629517.0
2025-08-01 09:16:21 AM,1982.9,263,521502.7,92151019.7
2025-08-01 09:16:22 AM,1981.6,247,489455.19999999995,92640474.9
2025-08-01 09:16:22 AM,1981.0,0,0.0,92640474.9
2025-08-01 09:16:22 AM,1981.6,0,0.0,92640474.9
2025-08-01 09:16:23 AM,1981.6,45,89172.0,92729646.9
2025-08-01 09:16:23 AM,1981.6,487,965039.2,93694686.10000001
2025-08-01 09:16:24 AM,1981.2,0,0.0,93694686.10000001
2025-08-01 09:16:25 AM,1981.2,19,37642.8,93732328.9
2025-08-01 09:16:25 AM,1981.6,0,0.0,93732328.9
2025-08-01 09:16:25 AM,1981.2,0,0.0,93732328.9
2025-08-01 09:16:26 AM,1981.6,69,136730.4,93869059.30000001
2025-08-01 09:16:26 AM,1981.6,5,9908.0,93878967.30000001
2025-08-01 09:16:26 AM,1980.9,0,0.0,93878967.30000001
2025-08-01 09:16:27 AM,1980.2,502,994060.4,94873027.70000002
2025-08-01 09:16:27 AM,1980.1,6,11880.599999999999,94884908.30000001
2025-08-01 09:16:27 AM,1981.0,0,0.0,94884908.30000001
2025-08-01 09:16:28 AM,1980.1,222,439582.19999999995,95324490.50000001
2025-08-01 09:16:28 AM,1980.1,51,100985.09999999999,95425475.60000001
2025-08-01 09:16:28 AM,1981.0,0,0.0,95425475.60000001
2025-08-01 09:16:29 AM,1981.0,1,1981.0,95427456.60000001
2025-08-01 09:16:29 AM,1980.1,85,168308.5,95595765.10000001
2025-08-01 09:16:30 AM,1980.6,227,449596.19999999995,96045361.30000001
2025-08-01 09:16:30 AM,1980.0,135,267300.0,96312661.30000001
2025-08-01 09:16:31 AM,1980.0,23,45540.0,96358201.30000001
2025-08-01 09:16:31 AM,1981.1,1005,1991005.5,98349206.80000001
2025-08-01 09:16:31 AM,1980.5,0,0.0,98349206.80000001
2025-08-01 09:16:32 AM,1979.7,12,23756.4,98372963.20000002
2025-08-01 09:16:32 AM,1980.5,155,306977.5,98679940.70000002
2025-08-01 09:16:33 AM,1980.4,0,0.0,98679940.70000002
2025-08-01 09:16:33 AM,1980.4,70,138628.0,98818568.70000002
2025-08-01 09:16:34 AM,1980.5,36,71298.0,98889866.70000002
2025-08-01 09:16:34 AM,1980.5,80,158440.0,99048306.70000002
2025-08-01 09:16:35 AM,1980.5,3,5941.5,99054248.20000002
2025-08-01 09:16:36 AM,1980.5,32,63376.0,99117624.20000002
2025-08-01 09:16:36 AM,1980.8,0,0.0,99117624.20000002
2025-08-01 09:16:37 AM,1980.8,67,132713.6,99250337.80000001
2025-08-01 09:16:37 AM,1980.5,34,67337.0,99317674.80000001
2025-08-01 09:16:37 AM,1979.9,0,0.0,99317674.80000001
2025-08-01 09:16:38 AM,1979.9,570,1128543.0,100446217.80000001
2025-08-01 09:16:38 AM,1980.8,0,0.0,100446217.80000001
2025-08-01 09:16:39 AM,1980.8,3,5942.4,100452160.20000002
2025-08-01 09:16:39 AM,1980.8,31,61404.799999999996,100513565.00000001
2025-08-01 09:16:40 AM,1980.8,46,91116.8,100604681.80000001
2025-08-01 09:16:40 AM,1980.8,34,67347.2,100672029.00000001
2025-08-01 09:16:40 AM,1980.7,0,0.0,100672029.00000001
2025-08-01 09:16:41 AM,1980.7,649,1285474.3,101957503.30000001
2025-08-01 09:16:41 AM,1980.4,0,0.0,101957503.30000001
2025-08-01 09:16:42 AM,1980.4,118,233687.2,102191190.50000001
2025-08-01 09:16:42 AM,1980.4,5,9902.0,102201092.50000001
2025-08-01 09:16:42 AM,1979.5,0,0.0,102201092.50000001
2025-08-01 09:16:43 AM,1979.5,8,15836.0,102216928.50000001
2025-08-01 09:16:43 AM,1980.8,101,200060.8,102416989.30000001
2025-08-01 09:16:43 AM,1979.8,0,0.0,102416989.30000001
2025-08-01 09:16:43 AM,1979.8,33,65333.4,102482322.70000002
2025-08-01 09:16:44 AM,1980.3,40,79212.0,102561534.70000002
2025-08-01 09:16:44 AM,1979.2,0,0.0,102561534.70000002
2025-08-01 09:16:44 AM,1979.2,5,9896.0,102571430.70000002
2025-08-01 09:16:45 AM,1978.5,38,75183.0,102646613.70000002
2025-08-01 09:16:45 AM,1978.5,20,39570.0,102686183.70000002
2025-08-01 09:16:46 AM,1979.1,0,0.0,102686183.70000002
2025-08-01 09:16:46 AM,1979.1,198,391861.8,103078045.50000001
2025-08-01 09:16:46 AM,1978.9,4,7915.6,103085961.10000001
2025-08-01 09:16:47 AM,1979.0,0,0.0,103085961.10000001
2025-08-01 09:16:47 AM,1979.0,89,176131.0,103262092.10000001
2025-08-01 09:16:48 AM,1978.9,0,0.0,103262092.10000001
2025-08-01 09:16:48 AM,1979.2,71,140523.2,103402615.30000001
2025-08-01 09:16:49 AM,1978.4,0,0.0,103402615.30000001
2025-08-01 09:16:49 AM,1978.4,14,27697.600000000002,103430312.9
2025-08-01 09:16:50 AM,1979.2,4,7916.8,103438229.7
2025-08-01 09:16:50 AM,1978.6,0,0.0,103438229.7
2025-08-01 09:16:50 AM,1978.8,413,817244.4,104255474.10000001
2025-08-01 09:16:51 AM,1978.9,285,563986.5,104819460.60000001
2025-08-01 09:16:51 AM,1978.2,0,0.0,104819460.60000001
2025-08-01 09:16:51 AM,1978.2,227,449051.4,105268512.00000001
2025-08-01 09:16:52 AM,1978.6,104,205774.4,105474286.40000002
2025-08-01 09:16:52 AM,1978.5,0,0.0,105474286.40000002
2025-08-01 09:16:52 AM,1978.7,0,0.0,105474286.40000002
2025-08-01 09:16:52 AM,1978.7,106,209742.2,105684028.60000002
2025-08-01 09:16:53 AM,1978.8,106,209752.8,105893781.40000002
2025-08-01 09:16:53 AM,1978.3,0,0.0,105893781.40000002
2025-08-01 09:16:53 AM,1978.3,6,11869.8,105905651.20000002
2025-08-01 09:16:54 AM,1978.3,3,5934.9,105911586.10000002
2025-08-01 09:16:54 AM,1978.1,0,0.0,105911586.10000002
2025-08-01 09:16:54 AM,1979.1,0,0.0,105911586.10000002
2025-08-01 09:16:54 AM,1979.1,97,191972.69999999998,106103558.80000003
2025-08-01 09:16:55 AM,1979.2,2,3958.4,106107517.20000003
2025-08-01 09:16:55 AM,1979.2,1,1979.2,106109496.40000004
2025-08-01 09:16:56 AM,1979.2,1,1979.2,106111475.60000004
2025-08-01 09:16:57 AM,1979.1,52,102913.2,106214388.80000004
2025-08-01 09:16:57 AM,1979.2,0,0.0,106214388.80000004
2025-08-01 09:16:57 AM,1979.2,7,13854.4,106228243.20000005
2025-08-01 09:16:58 AM,1979.2,3,5937.6,106234180.80000004
2025-08-01 09:16:58 AM,1978.6,150,296790.0,106530970.80000004
2025-08-01 09:16:59 AM,1979.0,0,0.0,106530970.80000004
2025-08-01 09:16:59 AM,1979.0,29,57391.0,106588361.80000004
2025-08-01 09:17:00 AM,1979.1,4,7916.4,106596278.20000005
2025-08-01 09:17:00 AM,1978.8,10,19788.0,106616066.20000005
2025-08-01 09:17:01 AM,1978.9,135,267151.5,106883217.70000005
2025-08-01 09:17:02 AM,1979.1,161,318635.1,107201852.80000004
2025-08-01 09:17:03 AM,1979.1,48,94996.79999999999,107296849.60000004
2025-08-01 09:17:04 AM,1979.1,11,21770.1,107318619.70000003
2025-08-01 09:17:04 AM,1978.5,33,65290.5,107383910.20000003
2025-08-01 09:17:05 AM,1979.1,12,23749.199999999997,107407659.40000004
2025-08-01 09:17:06 AM,1979.2,17,33646.4,107441305.80000004
2025-08-01 09:17:06 AM,1979.2,72,142502.4,107583808.20000005
2025-08-01 09:17:07 AM,1979.6,60,118776.0,107702584.20000005
2025-08-01 09:17:07 AM,1978.7,0,0.0,107702584.20000005
2025-08-01 09:17:08 AM,1978.7,15,29680.5,107732264.70000005
2025-08-01 09:17:08 AM,1979.6,6,11877.599999999999,107744142.30000004
2025-08-01 09:17:08 AM,1978.9,0,0.0,107744142.30000004
2025-08-01 09:17:09 AM,1978.9,42,83113.8,107827256.10000004
2025-08-01 09:17:09 AM,1979.0,68,134572.0,107961828.10000004
2025-08-01 09:17:10 AM,1978.7,348,688587.6,108650415.70000003
2025-08-01 09:17:10 AM,1978.9,400,791560.0,109441975.70000003
2025-08-01 09:17:11 AM,1978.7,0,0.0,109441975.70000003
2025-08-01 09:17:11 AM,1978.7,349,690566.3,110132542.00000003
2025-08-01 09:17:12 AM,1979.0,10,19790.0,110152332.00000003
2025-08-01 09:17:12 AM,1979.0,81,160299.0,110312631.00000003
2025-08-01 09:17:14 AM,1979.0,27,53433.0,110366064.00000003
2025-08-01 09:17:14 AM,1978.7,25,49467.5,110415531.50000003
2025-08-01 09:17:15 AM,1979.0,1,1979.0,110417510.50000003
2025-08-01 09:17:15 AM,1978.7,0,0.0,110417510.50000003
2025-08-01 09:17:16 AM,1979.0,49,96971.0,110514481.50000003
2025-08-01 09:17:16 AM,1978.7,5,9893.5,110524375.00000003
2025-08-01 09:17:16 AM,1979.0,0,0.0,110524375.00000003
2025-08-01 09:17:17 AM,1979.0,28,55412.0,110579787.00000003
2025-08-01 09:17:17 AM,1978.9,3,5936.700000000001,110585723.70000003
2025-08-01 09:17:17 AM,1979.0,0,0.0,110585723.70000003
2025-08-01 09:17:18 AM,1979.0,25,49475.0,110635198.70000003
2025-08-01 09:17:18 AM,1979.7,251,496904.7,111132103.40000004
2025-08-01 09:17:18 AM,1979.9,0,0.0,111132103.40000004
2025-08-01 09:17:19 AM,1979.0,155,306745.0,111438848.40000004
2025-08-01 09:17:20 AM,1979.6,219,433532.39999999997,111872380.80000004
2025-08-01 09:17:20 AM,1979.9,0,0.0,111872380.80000004
2025-08-01 09:17:21 AM,1979.9,134,265306.60000000003,112137687.40000004
2025-08-01 09:17:21 AM,1979.0,259,512561.0,112650248.40000004
2025-08-01 09:17:21 AM,1978.7,0,0.0,112650248.40000004
2025-08-01 09:17:22 AM,1979.6,726,1437189.5999999999,114087438.00000003
2025-08-01 09:17:22 AM,1978.8,0,0.0,114087438.00000003
2025-08-01 09:17:22 AM,1978.8,41,81130.8,114168568.80000003
2025-08-01 09:17:26 AM,1979.6,0,0.0,114168568.80000003
2025-08-01 09:17:27 AM,1979.6,50,98980.0,114267548.80000003
2025-08-01 09:17:28 AM,1979.2,0,0.0,114267548.80000003
2025-08-01 09:17:29 AM,1979.6,442,874983.2,115142532.00000003
2025-08-01 09:17:30 AM,1979.6,43,85122.8,115227654.80000003
2025-08-01 09:17:30 AM,1979.5,135,267232.5,115494887.30000003
2025-08-01 09:17:31 AM,1979.5,4,7918.0,115502805.30000003
2025-08-01 09:17:31 AM,1979.3,0,0.0,115502805.30000003
2025-08-01 09:17:31 AM,1980.0,607,1201860.0,116704665.30000003
2025-08-01 09:17:32 AM,1980.1,57,112865.7,116817531.00000003
2025-08-01 09:17:33 AM,1979.5,261,516649.5,117334180.50000003
2025-08-01 09:17:34 AM,1979.5,7,13856.5,117348037.00000003
2025-08-01 09:17:35 AM,1979.5,90,178155.0,117526192.00000003
2025-08-01 09:17:35 AM,1979.5,38,75221.0,117601413.00000003
2025-08-01 09:17:36 AM,1980.2,0,0.0,117601413.00000003
2025-08-01 09:17:37 AM,1980.2,1,1980.2,117603393.20000003
2025-08-01 09:17:37 AM,1979.6,0,0.0,117603393.20000003
2025-08-01 09:17:37 AM,1979.6,17,33653.2,117637046.40000004
2025-08-01 09:17:38 AM,1979.6,50,98980.0,117736026.40000004
2025-08-01 09:17:39 AM,1979.8,10,19798.0,117755824.40000004
2025-08-01 09:17:39 AM,1979.6,0,0.0,117755824.40000004
2025-08-01 09:17:39 AM,1979.5,0,0.0,117755824.40000004
2025-08-01 09:17:40 AM,1979.5,717,1419301.5,119175125.90000004
2025-08-01 09:17:41 AM,1979.4,13,25732.2,119200858.10000004
2025-08-01 09:17:41 AM,1979.1,0,0.0,119200858.10000004
2025-08-01 09:17:42 AM,1979.1,56,110829.59999999999,119311687.70000003
2025-08-01 09:17:42 AM,1978.8,673,1331732.4,120643420.10000004
2025-08-01 09:17:43 AM,1978.9,7,13852.300000000001,120657272.40000004
2025-08-01 09:17:43 AM,1978.4,26,51438.4,120708710.80000004
2025-08-01 09:17:44 AM,1978.9,50,98945.0,120807655.80000004
2025-08-01 09:17:44 AM,1978.7,0,0.0,120807655.80000004
2025-08-01 09:17:44 AM,1978.7,7,13850.9,120821506.70000005
2025-08-01 09:17:45 AM,1978.7,9,17808.3,120839315.00000004
2025-08-01 09:17:46 AM,1978.7,28,55403.6,120894718.60000004
2025-08-01 09:17:46 AM,1979.2,42,83126.40000000001,120977845.00000004
2025-08-01 09:17:46 AM,1978.7,0,0.0,120977845.00000004
2025-08-01 09:17:47 AM,1978.7,34,67275.8,121045120.80000004
2025-08-01 09:17:47 AM,1978.7,59,116743.3,121161864.10000004
2025-08-01 09:17:47 AM,1978.0,0,0.0,121161864.10000004
2025-08-01 09:17:48 AM,1978.0,1106,2187668.0,123349532.10000004
2025-08-01 09:17:48 AM,1978.3,442,874408.6,124223940.70000003
2025-08-01 09:17:49 AM,1978.3,5,9891.5,124233832.20000003
2025-08-01 09:17:49 AM,1978.4,131,259170.40000000002,124493002.60000004
2025-08-01 09:17:50 AM,1978.2,72,142430.4,124635433.00000004
2025-08-01 09:17:51 AM,1978.3,1,1978.3,124637411.30000004
2025-08-01 09:17:52 AM,1978.7,8,15829.6,124653240.90000004
2025-08-01 09:17:52 AM,1978.2,0,0.0,124653240.90000004
2025-08-01 09:17:53 AM,1978.2,18,35607.6,124688848.50000003
2025-08-01 09:17:53 AM,1978.2,16,31651.2,124720499.70000003
2025-08-01 09:17:55 AM,1977.5,0,0.0,124720499.70000003
2025-08-01 09:17:56 AM,1977.5,1315,2600412.5,127320912.20000003
2025-08-01 09:17:56 AM,1978.1,66,130554.59999999999,127451466.80000003
2025-08-01 09:17:57 AM,1978.7,18,35616.6,127487083.40000002
2025-08-01 09:17:57 AM,1978.2,6,11869.2,127498952.60000002
2025-08-01 09:17:58 AM,1978.2,39,77149.8,127576102.40000002
2025-08-01 09:17:58 AM,1978.2,39,77149.8,127653252.20000002
2025-08-01 09:17:59 AM,1978.3,14,27696.2,127680948.40000002
2025-08-01 09:18:00 AM,1978.7,66,130594.2,127811542.60000002
2025-08-01 09:18:01 AM,1978.6,0,0.0,127811542.60000002
2025-08-01 09:18:02 AM,1978.6,6,11871.599999999999,127823414.20000002
2025-08-01 09:18:02 AM,1978.7,0,0.0,127823414.20000002
2025-08-01 09:18:03 AM,1978.7,174,344293.8,128167708.00000001
2025-08-01 09:18:03 AM,1978.7,27,53424.9,128221132.90000002
2025-08-01 09:18:04 AM,1978.7,5,9893.5,128231026.40000002
2025-08-01 09:18:05 AM,1978.7,98,193912.6,128424939.00000001
2025-08-01 09:18:05 AM,1978.7,37,73211.90000000001,128498150.90000002
2025-08-01 09:18:05 AM,1979.2,0,0.0,128498150.90000002
2025-08-01 09:18:06 AM,1979.2,108,213753.6,128711904.50000001
2025-08-01 09:18:06 AM,1978.7,23,45510.1,128757414.60000001
2025-08-01 09:18:06 AM,1979.2,0,0.0,128757414.60000001
2025-08-01 09:18:06 AM,1979.2,44,87084.8,128844499.4
2025-08-01 09:18:07 AM,1978.6,0,0.0,128844499.4
2025-08-01 09:18:07 AM,1978.6,116,229517.59999999998,129074017.0
2025-08-01 09:18:07 AM,1979.2,0,0.0,129074017.0
2025-08-01 09:18:08 AM,1979.2,25,49480.0,129123497.0
2025-08-01 09:18:08 AM,1979.2,26,51459.200000000004,129174956.2
2025-08-01 09:18:09 AM,1978.2,0,0.0,129174956.2
2025-08-01 09:18:09 AM,1978.2,566,1119661.2,130294617.4
2025-08-01 09:18:10 AM,1978.3,80,158264.0,130452881.4
2025-08-01 09:18:10 AM,1978.3,10,19783.0,130472664.4
2025-08-01 09:18:11 AM,1978.3,118,233439.4,130706103.80000001
2025-08-01 09:18:12 AM,1978.3,35,69240.5,130775344.30000001
2025-08-01 09:18:13 AM,1980.3,0,0.0,130775344.30000001
2025-08-01 09:18:13 AM,1980.3,2765,5475529.5,136250873.8
2025-08-01 09:18:14 AM,1979.9,196,388060.4,136638934.20000002
2025-08-01 09:18:15 AM,1979.2,97,191982.4,136830916.60000002
2025-08-01 09:18:15 AM,1979.9,0,0.0,136830916.60000002
2025-08-01 09:18:16 AM,1979.9,25,49497.5,136880414.10000002
2025-08-01 09:18:16 AM,1979.9,14,27718.600000000002,136908132.70000002
2025-08-01 09:18:17 AM,1979.2,57,112814.40000000001,137020947.10000002
2025-08-01 09:18:17 AM,1979.9,3,5939.700000000001,137026886.8
2025-08-01 09:18:18 AM,1979.9,5,9899.5,137036786.3
2025-08-01 09:18:19 AM,1979.2,4,7916.8,137044703.10000002
2025-08-01 09:18:19 AM,1979.2,13,25729.600000000002,137070432.70000002
2025-08-01 09:18:19 AM,1979.7,0,0.0,137070432.70000002
2025-08-01 09:18:20 AM,1979.7,800,1583760.0,138654192.70000002
2025-08-01 09:18:20 AM,1979.7,5,9898.5,138664091.20000002
2025-08-01 09:18:21 AM,1979.3,13,25730.899999999998,138689822.10000002
2025-08-01 09:18:22 AM,1979.7,10,19797.0,138709619.10000002
2025-08-01 09:18:23 AM,1979.7,13,25736.100000000002,138735355.20000002
2025-08-01 09:18:23 AM,1979.4,0,0.0,138735355.20000002
2025-08-01 09:18:24 AM,1979.4,277,548293.8,139283649.00000003
2025-08-01 09:18:24 AM,1979.4,31,61361.4,139345010.40000004
2025-08-01 09:18:24 AM,1979.4,7,13855.800000000001,139358866.20000005
2025-08-01 09:18:25 AM,1979.7,7,13857.9,139372724.10000005
2025-08-01 09:18:26 AM,1979.7,14,27715.8,139400439.90000007
2025-08-01 09:18:27 AM,1979.4,5,9897.0,139410336.90000007
2025-08-01 09:18:28 AM,1979.7,34,67309.8,139477646.70000008
2025-08-01 09:18:29 AM,1979.7,12,23756.4,139501403.10000008
2025-08-01 09:18:30 AM,1979.6,1412,2795195.1999999997,142296598.30000007
2025-08-01 09:18:31 AM,1979.4,40,79176.0,142375774.30000007
2025-08-01 09:18:32 AM,1979.6,4,7918.4,142383692.70000008
2025-08-01 09:18:33 AM,1979.6,4,7918.4,142391611.10000008
2025-08-01 09:18:34 AM,1979.1,10,19791.0,142411402.10000008
2025-08-01 09:18:35 AM,1979.6,5,9898.0,142421300.10000008
2025-08-01 09:18:35 AM,1979.1,15,29686.5,142450986.60000008
2025-08-01 09:18:36 AM,1979.1,91,180098.1,142631084.70000008
2025-08-01 09:18:37 AM,1979.1,8,15832.8,142646917.5000001
2025-08-01 09:18:38 AM,1979.6,1,1979.6,142648897.10000008
2025-08-01 09:18:38 AM,1979.1,0,0.0,142648897.10000008
2025-08-01 09:18:38 AM,1979.1,2,3958.2,142652855.30000007
2025-08-01 09:18:40 AM,1979.7,388,768123.6,143420978.90000007
2025-08-01 09:18:40 AM,1979.8,0,0.0,143420978.90000007
2025-08-01 09:18:40 AM,1979.8,198,392000.39999999997,143812979.30000007
2025-08-01 09:18:41 AM,1979.1,22,43540.2,143856519.50000006
2025-08-01 09:18:43 AM,1979.0,10,19790.0,143876309.50000006
2025-08-01 09:18:44 AM,1979.0,24,47496.0,143923805.50000006
2025-08-01 09:18:45 AM,1978.7,421,833032.7000000001,144756838.20000005
2025-08-01 09:18:45 AM,1978.3,0,0.0,144756838.20000005
2025-08-01 09:18:45 AM,1978.3,28,55392.4,144812230.60000005
2025-08-01 09:18:46 AM,1977.9,154,304596.60000000003,145116827.20000005
2025-08-01 09:18:47 AM,1978.7,2,3957.4,145120784.60000005
2025-08-01 09:18:48 AM,1978.1,21,41540.1,145162324.70000005
2025-08-01 09:18:48 AM,1979.0,0,0.0,145162324.70000005
2025-08-01 09:18:49 AM,1979.2,132,261254.4,145423579.10000005
2025-08-01 09:18:50 AM,1978.5,12,23742.0,145447321.10000005
2025-08-01 09:18:50 AM,1978.6,0,0.0,145447321.10000005
2025-08-01 09:18:51 AM,1979.2,25,49480.0,145496801.10000005
2025-08-01 09:18:51 AM,1978.6,2,3957.2,145500758.30000004
2025-08-01 09:18:52 AM,1978.6,14,27700.399999999998,145528458.70000005
2025-08-01 09:18:52 AM,1978.6,1,1978.6,145530437.30000004
2025-08-01 09:18:53 AM,1978.6,1,1978.6,145532415.90000004
2025-08-01 09:18:54 AM,1979.2,1,1979.2,145534395.10000002
2025-08-01 09:18:54 AM,1978.7,2,3957.4,145538352.50000003
2025-08-01 09:18:56 AM,1978.7,5,9893.5,145548246.00000003
2025-08-01 09:18:57 AM,1978.6,5,9893.0,145558139.00000003
2025-08-01 09:18:58 AM,1978.6,22,43529.2,145601668.20000002
2025-08-01 09:18:59 AM,1978.6,13,25721.8,145627390.00000003
2025-08-01 09:19:00 AM,1978.6,6,11871.599999999999,145639261.60000002
2025-08-01 09:19:00 AM,1979.0,0,0.0,145639261.60000002
2025-08-01 09:19:01 AM,1978.7,0,0.0,145639261.60000002
2025-08-01 09:19:03 AM,1979.0,0,0.0,145639261.60000002
2025-08-01 09:19:07 AM,1979.0,358,708482.0,146347743.60000002
2025-08-01 09:19:08 AM,1978.7,265,524355.5,146872099.10000002
2025-08-01 09:19:09 AM,1978.6,0,0.0,146872099.10000002
2025-08-01 09:19:11 AM,1978.7,0,0.0,146872099.10000002
2025-08-01 09:19:15 AM,1978.5,687,1359229.5,148231328.60000002
2025-08-01 09:19:16 AM,1978.4,166,328414.4,148559743.00000003
2025-08-01 09:19:17 AM,1979.4,0,0.0,148559743.00000003
2025-08-01 09:19:19 AM,1978.6,0,0.0,148559743.00000003
2025-08-01 09:19:23 AM,1979.3,604,1195497.2,149755240.20000002
2025-08-01 09:19:24 AM,1979.3,1053,2084202.9,151839443.10000002
2025-08-01 09:19:26 AM,1981.0,0,0.0,151839443.10000002
2025-08-01 09:19:31 AM,1982.4,2026,4016342.4000000004,155855785.50000003
2025-08-01 09:19:31 AM,1983.7,0,0.0,155855785.50000003
2025-08-01 09:19:33 AM,1982.4,906,1796054.4000000001,157651839.90000004
2025-08-01 09:19:34 AM,1982.9,0,0.0,157651839.90000004
2025-08-01 09:19:39 AM,1983.4,1375,2727175.0,160379014.90000004
2025-08-01 09:19:41 AM,1983.0,676,1340508.0,161719522.90000004
2025-08-01 09:19:42 AM,1982.5,0,0.0,161719522.90000004
2025-08-01 09:19:47 AM,1983.3,877,1739354.0999999999,163458877.00000003
2025-08-01 09:19:47 AM,1983.2,0,0.0,163458877.00000003
2025-08-01 09:19:49 AM,1981.3,394,780632.2,164239509.20000002
2025-08-01 09:19:49 AM,1981.9,0,0.0,164239509.20000002
2025-08-01 09:19:55 AM,1981.9,353,699610.7000000001,164939119.9
2025-08-01 09:19:55 AM,1982.1,0,0.0,164939119.9
2025-08-01 09:19:56 AM,1981.5,0,0.0,164939119.9
2025-08-01 09:19:57 AM,1981.5,1164,2306466.0,167245585.9
2025-08-01 09:20:00 AM,1981.5,346,685599.0,167931184.9
2025-08-01 09:20:01 AM,1981.7,27,53505.9,167984690.8
2025-08-01 09:20:01 AM,1981.9,364,721411.6,168706102.4
2025-08-01 09:20:02 AM,1981.9,18,35674.200000000004,168741776.6
2025-08-01 09:20:03 AM,1981.5,34,67371.0,168809147.6
2025-08-01 09:20:04 AM,1981.9,100,198190.0,169007337.6
2025-08-01 09:20:05 AM,1981.9,141,279447.9,169286785.5
2025-08-01 09:20:05 AM,1981.5,0,0.0,169286785.5
2025-08-01 09:20:06 AM,1981.1,75,148582.5,169435368.0
2025-08-01 09:20:07 AM,1981.9,50,99095.0,169534463.0
2025-08-01 09:20:09 AM,1981.5,65,128797.5,169663260.5
2025-08-01 09:20:10 AM,1981.1,0,0.0,169663260.5
2025-08-01 09:20:11 AM,1981.8,139,275470.2,169938730.7
2025-08-01 09:20:11 AM,1980.8,0,0.0,169938730.7
2025-08-01 09:20:12 AM,1980.8,139,275331.2,170214061.89999998
2025-08-01 09:20:12 AM,1980.9,0,0.0,170214061.89999998
2025-08-01 09:20:13 AM,1980.9,40,79236.0,170293297.89999998
2025-08-01 09:20:13 AM,1981.0,0,0.0,170293297.89999998
2025-08-01 09:20:13 AM,1981.0,65,128765.0,170422062.89999998
2025-08-01 09:20:14 AM,1980.7,97,192127.9,170614190.79999998
2025-08-01 09:20:14 AM,1981.5,0,0.0,170614190.79999998
2025-08-01 09:20:15 AM,1981.5,20,39630.0,170653820.79999998
2025-08-01 09:20:15 AM,1980.7,22,43575.4,170697396.2
2025-08-01 09:20:15 AM,1981.8,0,0.0,170697396.2
2025-08-01 09:20:15 AM,1981.0,0,0.0,170697396.2
2025-08-01 09:20:16 AM,1981.8,225,445905.0,171143301.2
2025-08-01 09:20:16 AM,1981.8,51,101071.8,171244373.0
2025-08-01 09:20:17 AM,1980.8,0,0.0,171244373.0
2025-08-01 09:20:18 AM,1980.8,99,196099.19999999998,171440472.2
2025-08-01 09:20:18 AM,1981.8,3,5945.4,171446417.6
2025-08-01 09:20:19 AM,1982.4,0,0.0,171446417.6
2025-08-01 09:20:20 AM,1982.8,70,138796.0,171585213.6
2025-08-01 09:20:21 AM,1982.8,24,47587.2,171632800.79999998
2025-08-01 09:20:21 AM,1982.9,0,0.0,171632800.79999998
2025-08-01 09:20:22 AM,1982.0,166,329012.0,171961812.79999998
2025-08-01 09:20:22 AM,1982.2,566,1121925.2,173083737.99999997
2025-08-01 09:20:22 AM,1983.3,0,0.0,173083737.99999997
2025-08-01 09:20:23 AM,1983.4,313,620804.2000000001,173704542.19999996
2025-08-01 09:20:24 AM,1983.0,209,414447.0,174118989.19999996
2025-08-01 09:20:25 AM,1983.3,93,184446.9,174303436.09999996
2025-08-01 09:20:25 AM,1983.4,0,0.0,174303436.09999996
2025-08-01 09:20:26 AM,1983.4,128,253875.2,174557311.29999995
2025-08-01 09:20:27 AM,1982.6,83,164555.8,174721867.09999996
2025-08-01 09:20:27 AM,1983.3,0,0.0,174721867.09999996
2025-08-01 09:20:28 AM,1983.3,17,33716.1,174755583.19999996
2025-08-01 09:20:29 AM,1982.8,31,61466.799999999996,174817049.99999997
2025-08-01 09:20:30 AM,1982.8,14,27759.2,174844809.19999996
2025-08-01 09:20:30 AM,1983.1,116,230039.59999999998,175074848.79999995
2025-08-01 09:20:31 AM,1983.3,51,101148.3,175175997.09999996
2025-08-01 09:20:31 AM,1983.4,0,0.0,175175997.09999996
2025-08-01 09:20:31 AM,1983.4,11,21817.4,175197814.49999997
2025-08-01 09:20:32 AM,1983.4,39,77352.6,175275167.09999996
2025-08-01 09:20:33 AM,1983.4,1,1983.4,175277150.49999997
2025-08-01 09:20:33 AM,1983.4,12,23800.800000000003,175300951.29999998
2025-08-01 09:20:33 AM,1983.9,0,0.0,175300951.29999998
2025-08-01 09:20:34 AM,1984.0,183,363072.0,175664023.29999998
2025-08-01 09:20:34 AM,1984.0,4,7936.0,175671959.29999998
2025-08-01 09:20:34 AM,1983.4,0,0.0,175671959.29999998
2025-08-01 09:20:35 AM,1983.2,30,59496.0,175731455.29999998
2025-08-01 09:20:35 AM,1984.0,61,121024.0,175852479.29999998
2025-08-01 09:20:35 AM,1983.2,0,0.0,175852479.29999998
2025-08-01 09:20:35 AM,1983.0,0,0.0,175852479.29999998
2025-08-01 09:20:36 AM,1983.4,645,1279293.0,177131772.29999998
2025-08-01 09:20:36 AM,1983.6,0,0.0,177131772.29999998
2025-08-01 09:20:37 AM,1983.4,279,553368.6,177685140.89999998
2025-08-01 09:20:37 AM,1982.7,122,241889.4,177927030.29999998
2025-08-01 09:20:37 AM,1982.4,0,0.0,177927030.29999998
2025-08-01 09:20:37 AM,1982.9,0,0.0,177927030.29999998
2025-08-01 09:20:38 AM,1983.0,81,160623.0,178087653.29999998
2025-08-01 09:20:38 AM,1983.0,100,198300.0,178285953.29999998
2025-08-01 09:20:39 AM,1983.0,30,59490.0,178345443.29999998
2025-08-01 09:20:39 AM,1982.6,23,45599.799999999996,178391043.1
2025-08-01 09:20:39 AM,1983.0,0,0.0,178391043.1
2025-08-01 09:20:40 AM,1983.3,23,45615.9,178436659.0
2025-08-01 09:20:40 AM,1983.3,2,3966.6,178440625.6
2025-08-01 09:20:41 AM,1983.3,10,19833.0,178460458.6
2025-08-01 09:20:41 AM,1983.5,6,11901.0,178472359.6
2025-08-01 09:20:42 AM,1983.5,4,7934.0,178480293.6
2025-08-01 09:20:42 AM,1982.8,45,89226.0,178569519.6
2025-08-01 09:20:43 AM,1983.0,22,43626.0,178613145.6
2025-08-01 09:20:45 AM,1983.0,22,43626.0,178656771.6
2025-08-01 09:20:46 AM,1983.0,26,51558.0,178708329.6
2025-08-01 09:20:46 AM,1982.5,0,0.0,178708329.6
2025-08-01 09:20:47 AM,1982.4,637,1262788.8,179971118.4
2025-08-01 09:20:47 AM,1982.9,0,0.0,179971118.4
2025-08-01 09:20:48 AM,1983.0,239,473937.0,180445055.4
2025-08-01 09:20:48 AM,1983.2,0,0.0,180445055.4
2025-08-01 09:20:49 AM,1983.2,155,307396.0,180752451.4
2025-08-01 09:20:49 AM,1982.5,0,0.0,180752451.4
2025-08-01 09:20:50 AM,1982.5,73,144722.5,180897173.9
2025-08-01 09:20:51 AM,1983.1,81,160631.1,181057805.0
2025-08-01 09:20:51 AM,1983.2,20,39664.0,181097469.0
2025-08-01 09:20:52 AM,1983.2,3,5949.6,181103418.6
2025-08-01 09:20:52 AM,1982.5,59,116967.5,181220386.1
2025-08-01 09:20:52 AM,1983.2,0,0.0,181220386.1
2025-08-01 09:20:53 AM,1983.7,1895,3759111.5,184979497.6
2025-08-01 09:20:53 AM,1982.9,3634,7205858.600000001,192185356.2
2025-08-01 09:20:53 AM,1983.6,0,0.0,192185356.2
2025-08-01 09:20:53 AM,1984.4,0,0.0,192185356.2
2025-08-01 09:20:54 AM,1984.3,711,1410837.3,193596193.5
2025-08-01 09:20:54 AM,1983.5,787,1561014.5,195157208.0
2025-08-01 09:20:54 AM,1984.0,0,0.0,195157208.0
2025-08-01 09:20:55 AM,1984.0,90,178560.0,195335768.0
2025-08-01 09:20:56 AM,1984.1,758,1503947.8,196839715.8
2025-08-01 09:20:57 AM,1983.9,0,0.0,196839715.8
2025-08-01 09:20:57 AM,1983.9,167,331311.3,197171027.10000002
2025-08-01 09:20:58 AM,1983.1,1176,2332125.6,199503152.70000002
2025-08-01 09:20:59 AM,1982.9,5,9914.5,199513067.20000002
2025-08-01 09:20:59 AM,1983.9,0,0.0,199513067.20000002
2025-08-01 09:21:00 AM,1983.9,88,174583.2,199687650.4
2025-08-01 09:21:00 AM,1983.7,1,1983.7,199689634.1
2025-08-01 09:21:01 AM,1983.7,18,35706.6,199725340.7
2025-08-01 09:21:01 AM,1983.9,60,119034.0,199844374.7
2025-08-01 09:21:02 AM,1983.9,430,853077.0,200697451.7
2025-08-01 09:21:02 AM,1983.4,0,0.0,200697451.7
2025-08-01 09:21:02 AM,1983.4,451,894513.4,201591965.1
2025-08-01 09:21:03 AM,1982.8,142,281557.6,201873522.7
2025-08-01 09:21:03 AM,1983.8,25,49595.0,201923117.7
2025-08-01 09:21:04 AM,1983.0,63,124929.0,202048046.7
2025-08-01 09:21:04 AM,1983.2,0,0.0,202048046.7
2025-08-01 09:21:04 AM,1984.0,149,295616.0,202343662.7
2025-08-01 09:21:05 AM,1984.0,118,234112.0,202577774.7
2025-08-01 09:21:06 AM,1984.0,2,3968.0,202581742.7
2025-08-01 09:21:06 AM,1983.3,0,0.0,202581742.7
2025-08-01 09:21:07 AM,1983.2,26,51563.200000000004,202633305.89999998
2025-08-01 09:21:07 AM,1983.1,0,0.0,202633305.89999998
2025-08-01 09:21:07 AM,1983.1,20,39662.0,202672967.89999998
2025-08-01 09:21:08 AM,1983.3,55,109081.5,202782049.39999998
2025-08-01 09:21:09 AM,1984.0,36,71424.0,202853473.39999998
2025-08-01 09:21:11 AM,1984.0,12,23808.0,202877281.39999998
2025-08-01 09:21:11 AM,1983.1,0,0.0,202877281.39999998
2025-08-01 09:21:12 AM,1984.1,166,329360.6,203206641.99999997
2025-08-01 09:21:12 AM,1984.2,0,0.0,203206641.99999997
2025-08-01 09:21:13 AM,1984.2,39,77383.8,203284025.79999998
2025-08-01 09:21:14 AM,1984.2,2,3968.4,203287994.2
2025-08-01 09:21:14 AM,1984.3,20,39686.0,203327680.2
2025-08-01 09:21:14 AM,1984.4,0,0.0,203327680.2
2025-08-01 09:21:15 AM,1984.4,4,7937.6,203335617.79999998
2025-08-01 09:21:17 AM,1984.6,108,214336.8,203549954.6
2025-08-01 09:21:18 AM,1984.6,54,107168.4,203657123.0
2025-08-01 09:21:18 AM,1984.1,0,0.0,203657123.0
2025-08-01 09:21:19 AM,1984.1,6,11904.599999999999,203669027.6
2025-08-01 09:21:19 AM,1984.7,66,130990.2,203800017.79999998
2025-08-01 09:21:19 AM,1984.1,0,0.0,203800017.79999998
2025-08-01 09:21:20 AM,1984.7,792,1571882.4000000001,205371900.2
2025-08-01 09:21:20 AM,1984.4,0,0.0,205371900.2
2025-08-01 09:21:20 AM,1984.4,4,7937.6,205379837.79999998
2025-08-01 09:21:21 AM,1985.9,2274,4515936.600000001,209895774.39999998
2025-08-01 09:21:21 AM,1984.8,0,0.0,209895774.39999998
2025-08-01 09:21:21 AM,1985.0,0,0.0,209895774.39999998
2025-08-01 09:21:22 AM,1985.0,416,825760.0,210721534.39999998
2025-08-01 09:21:22 AM,1985.8,17,33758.6,210755292.99999997
2025-08-01 09:21:23 AM,1985.8,17,33758.6,210789051.59999996
2025-08-01 09:21:23 AM,1985.8,11,21843.8,210810895.39999998
2025-08-01 09:21:24 AM,1986.0,248,492528.0,211303423.39999998
2025-08-01 09:21:25 AM,1986.0,248,492528.0,211795951.39999998
2025-08-01 09:21:25 AM,1985.6,50,99280.0,211895231.39999998
2025-08-01 09:21:26 AM,1986.9,226,449039.4,212344270.79999998
2025-08-01 09:21:27 AM,1986.8,20,39736.0,212384006.79999998
2025-08-01 09:21:27 AM,1986.2,0,0.0,212384006.79999998
2025-08-01 09:21:27 AM,1986.2,93,184716.6,212568723.39999998
2025-08-01 09:21:28 AM,1986.6,54,107276.4,212675999.79999998
2025-08-01 09:21:28 AM,1986.2,0,0.0,212675999.79999998
2025-08-01 09:21:28 AM,1986.2,80,158896.0,212834895.79999998
2025-08-01 09:21:29 AM,1986.9,30,59607.0,212894502.79999998
2025-08-01 09:21:29 AM,1986.2,0,0.0,212894502.79999998
2025-08-01 09:21:30 AM,1986.2,59,117185.8,213011688.6
2025-08-01 09:21:30 AM,1986.8,33,65564.4,213077253.0
2025-08-01 09:21:31 AM,1986.6,695,1380687.0,214457940.0
2025-08-01 09:21:31 AM,1986.8,0,0.0,214457940.0
2025-08-01 09:21:32 AM,1986.1,56,111221.59999999999,214569161.6
2025-08-01 09:21:32 AM,1986.1,53,105263.29999999999,214674424.9
2025-08-01 09:21:32 AM,1985.5,0,0.0,214674424.9
2025-08-01 09:21:33 AM,1985.5,164,325622.0,215000046.9
2025-08-01 09:21:33 AM,1985.4,1,1985.4,215002032.3
2025-08-01 09:21:34 AM,1985.4,2,3970.8,215006003.10000002
2025-08-01 09:21:35 AM,1985.5,18,35739.0,215041742.10000002
2025-08-01 09:21:36 AM,1986.2,10,19862.0,215061604.10000002
2025-08-01 09:21:36 AM,1985.7,200,397140.0,215458744.10000002
2025-08-01 09:21:37 AM,1986.1,20,39722.0,215498466.10000002
2025-08-01 09:21:37 AM,1985.7,0,0.0,215498466.10000002
2025-08-01 09:21:38 AM,1985.7,37,73470.90000000001,215571937.00000003
2025-08-01 09:21:38 AM,1986.5,42,83433.0,215655370.00000003
2025-08-01 09:21:38 AM,1986.6,0,0.0,215655370.00000003
2025-08-01 09:21:39 AM,1986.6,50,99330.0,215754700.00000003
2025-08-01 09:21:39 AM,1986.0,0,0.0,215754700.00000003
2025-08-01 09:21:39 AM,1986.0,12,23832.0,215778532.00000003
2025-08-01 09:21:40 AM,1985.9,0,0.0,215778532.00000003
2025-08-01 09:21:40 AM,1985.9,425,844007.5,216622539.50000003
2025-08-01 09:21:41 AM,1986.0,46,91356.0,216713895.50000003
2025-08-01 09:21:42 AM,1986.0,5,9930.0,216723825.50000003
2025-08-01 09:21:42 AM,1986.1,0,0.0,216723825.50000003
2025-08-01 09:21:42 AM,1986.7,0,0.0,216723825.50000003
2025-08-01 09:21:43 AM,1986.7,55,109268.5,216833094.00000003
2025-08-01 09:21:43 AM,1986.7,7,13906.9,216847000.90000004
2025-08-01 09:21:43 AM,1987.0,0,0.0,216847000.90000004
2025-08-01 09:21:44 AM,1987.0,40,79480.0,216926480.90000004
2025-08-01 09:21:45 AM,1987.1,140,278194.0,217204674.90000004
2025-08-01 09:21:45 AM,1987.1,1,1987.1,217206662.00000003
2025-08-01 09:21:46 AM,1986.4,56,111238.40000000001,217317900.40000004
2025-08-01 09:21:46 AM,1987.1,0,0.0,217317900.40000004
2025-08-01 09:21:47 AM,1987.2,281,558403.2000000001,217876303.60000002
2025-08-01 09:21:47 AM,1987.1,0,0.0,217876303.60000002
2025-08-01 09:21:47 AM,1987.1,1,1987.1,217878290.70000002
2025-08-01 09:21:48 AM,1986.4,100,198640.0,218076930.70000002
2025-08-01 09:21:48 AM,1987.2,0,0.0,218076930.70000002
2025-08-01 09:21:48 AM,1986.5,279,554233.5,218631164.20000002
2025-08-01 09:21:49 AM,1987.2,10,19872.0,218651036.20000002
2025-08-01 09:21:49 AM,1986.5,0,0.0,218651036.20000002
2025-08-01 09:21:49 AM,1987.2,62,123206.40000000001,218774242.60000002
2025-08-01 09:21:50 AM,1988.5,0,0.0,218774242.60000002
2025-08-01 09:21:51 AM,1988.5,508,1010158.0,219784400.60000002
2025-08-01 09:21:51 AM,1988.3,63,125262.9,219909663.50000003
2025-08-01 09:21:51 AM,1987.6,0,0.0,219909663.50000003
2025-08-01 09:21:51 AM,1986.2,0,0.0,219909663.50000003
2025-08-01 09:21:52 AM,1986.2,317,629625.4,220539288.90000004
2025-08-01 09:21:52 AM,1986.9,63,125174.70000000001,220664463.60000002
2025-08-01 09:21:52 AM,1986.3,0,0.0,220664463.60000002
2025-08-01 09:21:53 AM,1986.3,64,127123.2,220791586.8
2025-08-01 09:21:53 AM,1986.2,163,323750.60000000003,221115337.4
2025-08-01 09:21:54 AM,1987.0,62,123194.0,221238531.4
2025-08-01 09:21:54 AM,1987.2,0,0.0,221238531.4
2025-08-01 09:21:55 AM,1987.2,1,1987.2,221240518.6
2025-08-01 09:21:56 AM,1987.1,33,65574.3,221306092.9
2025-08-01 09:21:57 AM,1987.2,1,1987.2,221308080.1
2025-08-01 09:21:58 AM,1987.4,13,25836.2,221333916.29999998
2025-08-01 09:21:58 AM,1987.4,3,5962.200000000001,221339878.49999997
2025-08-01 09:21:59 AM,1987.4,2,3974.8,221343853.29999998
2025-08-01 09:22:00 AM,1987.3,0,0.0,221343853.29999998
2025-08-01 09:22:00 AM,1987.3,162,321942.6,221665795.89999998
2025-08-01 09:22:01 AM,1986.5,0,0.0,221665795.89999998
2025-08-01 09:22:01 AM,1986.9,0,0.0,221665795.89999998
2025-08-01 09:22:01 AM,1986.9,633,1257707.7,222923503.59999996
2025-08-01 09:22:02 AM,1986.9,72,143056.80000000002,223066560.39999998
2025-08-01 09:22:02 AM,1986.5,0,0.0,223066560.39999998
2025-08-01 09:22:02 AM,1986.9,0,0.0,223066560.39999998
2025-08-01 09:22:02 AM,1986.9,51,101331.90000000001,223167892.29999998
2025-08-01 09:22:03 AM,1986.9,21,41724.9,223209617.2
2025-08-01 09:22:03 AM,1986.5,0,0.0,223209617.2
2025-08-01 09:22:03 AM,1986.5,25,49662.5,223259279.7
2025-08-01 09:22:04 AM,1986.5,5,9932.5,223269212.2
2025-08-01 09:22:05 AM,1986.9,0,0.0,223269212.2
2025-08-01 09:22:05 AM,1986.5,0,0.0,223269212.2
2025-08-01 09:22:06 AM,1986.9,44,87423.6,223356635.79999998
2025-08-01 09:22:06 AM,1986.5,0,0.0,223356635.79999998
2025-08-01 09:22:06 AM,1986.5,31,61581.5,223418217.29999998
2025-08-01 09:22:07 AM,1986.5,120,238380.0,223656597.29999998
2025-08-01 09:22:09 AM,1986.5,196,389354.0,224045951.29999998
2025-08-01 09:22:10 AM,1986.6,0,0.0,224045951.29999998
2025-08-01 09:22:11 AM,1986.6,200,397320.0,224443271.29999998
2025-08-01 09:22:12 AM,1986.5,8,15892.0,224459163.29999998
2025-08-01 09:22:12 AM,1986.6,0,0.0,224459163.29999998
2025-08-01 09:22:12 AM,1986.6,11,21852.6,224481015.89999998
2025-08-01 09:22:15 AM,1987.1,100,198710.0,224679725.89999998
2025-08-01 09:22:15 AM,1986.6,0,0.0,224679725.89999998
2025-08-01 09:22:16 AM,1986.6,93,184753.8,224864479.7
2025-08-01 09:22:16 AM,1987.1,0,0.0,224864479.7
2025-08-01 09:22:17 AM,1987.1,1,1987.1,224866466.79999998
2025-08-01 09:22:18 AM,1986.6,14,27812.399999999998,224894279.2
2025-08-01 09:22:18 AM,1986.6,5,9933.0,224904212.2
2025-08-01 09:22:19 AM,1987.1,1,1987.1,224906199.29999998
2025-08-01 09:22:20 AM,1987.1,47,93393.7,224999592.99999997
2025-08-01 09:22:22 AM,1987.7,5,9938.5,225009531.49999997
2025-08-01 09:22:23 AM,1987.7,3,5963.1,225015494.59999996
2025-08-01 09:22:24 AM,1987.4,3,5962.200000000001,225021456.79999995
2025-08-01 09:22:24 AM,1988.0,4,7952.0,225029408.79999995
2025-08-01 09:22:24 AM,1987.9,0,0.0,225029408.79999995
2025-08-01 09:22:25 AM,1988.2,228,453309.60000000003,225482718.39999995
2025-08-01 09:22:25 AM,1988.2,10,19882.0,225502600.39999995
2025-08-01 09:22:25 AM,1987.4,0,0.0,225502600.39999995
2025-08-01 09:22:26 AM,1988.2,46,91457.2,225594057.59999993
2025-08-01 09:22:27 AM,1988.2,50,99410.0,225693467.59999993
2025-08-01 09:22:27 AM,1988.4,56,111350.40000000001,225804817.99999994
2025-08-01 09:22:28 AM,1987.6,1,1987.6,225806805.59999993
2025-08-01 09:22:28 AM,1987.8,6,11926.8,225818732.39999995
2025-08-01 09:22:28 AM,1988.4,0,0.0,225818732.39999995
2025-08-01 09:22:29 AM,1988.2,13,25846.600000000002,225844578.99999994
2025-08-01 09:22:29 AM,1988.2,19,37775.8,225882354.79999995
2025-08-01 09:22:30 AM,1988.4,135,268434.0,226150788.79999995
2025-08-01 09:22:31 AM,1988.0,734,1459192.0,227609980.79999995
2025-08-01 09:22:31 AM,1987.9,0,0.0,227609980.79999995
2025-08-01 09:22:31 AM,1987.9,300,596370.0,228206350.79999995
2025-08-01 09:22:32 AM,1987.8,366,727534.7999999999,228933885.59999996
2025-08-01 09:22:33 AM,1987.5,256,508800.0,229442685.59999996
2025-08-01 09:22:36 AM,1987.2,9,17884.8,229460570.39999998
2025-08-01 09:22:37 AM,1987.3,7,13911.1,229474481.49999997
2025-08-01 09:22:37 AM,1987.7,10,19877.0,229494358.49999997
2025-08-01 09:22:37 AM,1987.9,0,0.0,229494358.49999997
2025-08-01 09:22:38 AM,1987.9,25,49697.5,229544055.99999997
2025-08-01 09:22:38 AM,1987.7,1,1987.7,229546043.69999996
2025-08-01 09:22:39 AM,1987.7,1,1987.7,229548031.39999995
2025-08-01 09:22:40 AM,1987.7,1,1987.7,229550019.09999993
2025-08-01 09:22:40 AM,1987.7,1,1987.7,229552006.79999992
2025-08-01 09:22:41 AM,1987.7,11,21864.7,229573871.4999999
2025-08-01 09:22:41 AM,1987.7,12,23852.4,229597723.89999992
2025-08-01 09:22:41 AM,1987.3,0,0.0,229597723.89999992
2025-08-01 09:22:42 AM,1987.6,86,170933.6,229768657.4999999
2025-08-01 09:22:42 AM,1987.3,0,0.0,229768657.4999999
2025-08-01 09:22:43 AM,1987.3,151,300082.3,230068739.79999992
2025-08-01 09:22:44 AM,1987.3,5,9936.5,230078676.29999992
2025-08-01 09:22:45 AM,1987.7,54,107335.8,230186012.09999993
2025-08-01 09:22:45 AM,1987.7,1,1987.7,230187999.79999992
2025-08-01 09:22:47 AM,1987.3,210,417333.0,230605332.79999992
2025-08-01 09:22:47 AM,1987.7,0,0.0,230605332.79999992
2025-08-01 09:22:48 AM,1987.7,10,19877.0,230625209.79999992
2025-08-01 09:22:49 AM,1987.7,10,19877.0,230645086.79999992
2025-08-01 09:22:50 AM,1987.7,20,39754.0,230684840.79999992
2025-08-01 09:22:50 AM,1987.3,262,520672.6,231205513.39999992
2025-08-01 09:22:50 AM,1987.6,0,0.0,231205513.39999992
2025-08-01 09:22:51 AM,1987.6,13,25838.8,231231352.19999993
2025-08-01 09:22:51 AM,1987.3,0,0.0,231231352.19999993
2025-08-01 09:22:52 AM,1987.3,20,39746.0,231271098.19999993
2025-08-01 09:22:53 AM,1987.5,103,204712.5,231475810.69999993
2025-08-01 09:22:54 AM,1987.5,5,9937.5,231485748.19999993
2025-08-01 09:22:54 AM,1987.3,308,612088.4,232097836.59999993
2025-08-01 09:22:55 AM,1987.5,19,37762.5,232135599.09999993
2025-08-01 09:22:56 AM,1987.1,928,1844028.7999999998,233979627.89999995
2025-08-01 09:22:56 AM,1987.1,225,447097.5,234426725.39999995
2025-08-01 09:22:57 AM,1986.5,0,0.0,234426725.39999995
2025-08-01 09:22:57 AM,1986.5,245,486692.5,234913417.89999995
2025-08-01 09:22:58 AM,1986.3,9,17876.7,234931294.59999993
2025-08-01 09:22:59 AM,1986.5,14,27811.0,234959105.59999993
2025-08-01 09:22:59 AM,1987.0,0,0.0,234959105.59999993
2025-08-01 09:23:00 AM,1987.0,18,35766.0,234994871.59999993
2025-08-01 09:23:01 AM,1987.2,366,727315.2000000001,235722186.79999992
2025-08-01 09:23:03 AM,1986.5,397,788640.5,236510827.29999992
2025-08-01 09:23:07 AM,1986.2,0,0.0,236510827.29999992
2025-08-01 09:23:09 AM,1986.0,1292,2565912.0,239076739.29999992
2025-08-01 09:23:10 AM,1986.5,268,532382.0,239609121.29999992
2025-08-01 09:23:13 AM,1986.1,0,0.0,239609121.29999992
2025-08-01 09:23:16 AM,1986.1,149,295928.89999999997,239905050.19999993
2025-08-01 09:23:18 AM,1986.3,18,35753.4,239940803.59999993
2025-08-01 09:23:24 AM,1986.3,175,347602.5,240288406.09999993
2025-08-01 09:23:25 AM,1987.5,0,0.0,240288406.09999993
2025-08-01 09:23:26 AM,1987.5,122,242475.0,240530881.09999993
2025-08-01 09:23:32 AM,1987.4,1896,3768110.4000000004,244298991.49999994
2025-08-01 09:23:32 AM,1987.6,0,0.0,244298991.49999994
2025-08-01 09:23:33 AM,1987.6,691,1373431.5999999999,245672423.09999993
2025-08-01 09:23:38 AM,1987.9,0,0.0,245672423.09999993
2025-08-01 09:23:39 AM,1988.1,511,1015919.1,246688342.19999993
2025-08-01 09:23:39 AM,1988.0,0,0.0,246688342.19999993
2025-08-01 09:23:41 AM,1988.0,45,89460.0,246777802.19999993
2025-08-01 09:23:45 AM,1987.7,0,0.0,246777802.19999993
2025-08-01 09:23:46 AM,1988.0,681,1353828.0,248131630.19999993
2025-08-01 09:23:48 AM,1988.0,109,216692.0,248348322.19999993
2025-08-01 09:23:51 AM,1988.5,0,0.0,248348322.19999993
2025-08-01 09:23:54 AM,1988.9,2579,5129373.100000001,253477695.29999992
2025-08-01 09:23:56 AM,1988.4,120,238608.0,253716303.29999992
2025-08-01 09:23:57 AM,1988.5,0,0.0,253716303.29999992
2025-08-01 09:23:57 AM,1988.2,0,0.0,253716303.29999992
2025-08-01 09:24:00 AM,1988.9,712,1416096.8,255132400.09999993
2025-08-01 09:24:01 AM,1988.9,72,143200.80000000002,255275600.89999995
2025-08-01 09:24:01 AM,1989.2,231,459505.2,255735106.09999993
2025-08-01 09:24:02 AM,1988.9,503,1000416.7000000001,256735522.79999992
2025-08-01 09:24:02 AM,1987.6,0,0.0,256735522.79999992
2025-08-01 09:24:03 AM,1989.0,1065,2118285.0,258853807.79999992
2025-08-01 09:24:04 AM,1988.9,41,81544.90000000001,258935352.69999993
2025-08-01 09:24:05 AM,1988.1,65,129226.5,259064579.19999993
2025-08-01 09:24:05 AM,1988.1,8,15904.8,259080483.99999994
2025-08-01 09:24:06 AM,1988.1,39,77535.9,259158019.89999995
2025-08-01 09:24:07 AM,1987.6,15,29814.0,259187833.89999995
2025-08-01 09:24:07 AM,1988.1,0,0.0,259187833.89999995
2025-08-01 09:24:08 AM,1988.1,40,79524.0,259267357.89999995
2025-08-01 09:24:08 AM,1988.1,27,53678.7,259321036.59999993
2025-08-01 09:24:09 AM,1988.1,28,55666.799999999996,259376703.39999995
2025-08-01 09:24:09 AM,1987.6,30,59628.0,259436331.39999995
2025-08-01 09:24:10 AM,1988.1,8,15904.8,259452236.19999996
2025-08-01 09:24:10 AM,1988.1,1,1988.1,259454224.29999995
2025-08-01 09:24:10 AM,1988.4,0,0.0,259454224.29999995
2025-08-01 09:24:11 AM,1987.7,116,230573.2,259684797.49999994
2025-08-01 09:24:11 AM,1988.5,0,0.0,259684797.49999994
2025-08-01 09:24:12 AM,1987.9,55,109334.5,259794131.99999994
2025-08-01 09:24:12 AM,1987.8,0,0.0,259794131.99999994
2025-08-01 09:24:12 AM,1988.0,0,0.0,259794131.99999994
2025-08-01 09:24:13 AM,1987.9,558,1109248.2,260903380.19999993
2025-08-01 09:24:14 AM,1987.9,169,335955.10000000003,261239335.29999992
2025-08-01 09:24:14 AM,1987.6,3,5962.799999999999,261245298.09999993
2025-08-01 09:24:14 AM,1988.0,0,0.0,261245298.09999993
2025-08-01 09:24:15 AM,1988.5,161,320148.5,261565446.59999993
2025-08-01 09:24:16 AM,1988.2,118,234607.6,261800054.19999993
2025-08-01 09:24:16 AM,1988.2,17,33799.4,261833853.59999993
2025-08-01 09:24:17 AM,1988.0,100,198800.0,262032653.59999993
2025-08-01 09:24:18 AM,1988.0,45,89460.0,262122113.59999993
2025-08-01 09:24:18 AM,1988.0,1,1988.0,262124101.59999993
2025-08-01 09:24:19 AM,1988.0,36,71568.0,262195669.59999993
2025-08-01 09:24:19 AM,1986.9,722,1434541.8,263630211.39999995
2025-08-01 09:24:19 AM,1987.1,0,0.0,263630211.39999995
2025-08-01 09:24:20 AM,1987.3,290,576317.0,264206528.39999995
2025-08-01 09:24:20 AM,1986.5,0,0.0,264206528.39999995
2025-08-01 09:24:21 AM,1987.0,16,31792.0,264238320.39999995
2025-08-01 09:24:21 AM,1987.1,237,470942.69999999995,264709263.09999993
2025-08-01 09:24:22 AM,1987.1,240,476904.0,265186167.09999993
2025-08-01 09:24:22 AM,1987.1,3,5961.299999999999,265192128.39999995
2025-08-01 09:24:23 AM,1986.6,142,282097.2,265474225.59999993
2025-08-01 09:24:23 AM,1987.1,100,198710.0,265672935.59999993
2025-08-01 09:24:24 AM,1987.3,200,397460.0,266070395.59999993
2025-08-01 09:24:24 AM,1987.0,0,0.0,266070395.59999993
2025-08-01 09:24:25 AM,1987.1,13,25832.3,266096227.89999995
2025-08-01 09:24:26 AM,1986.7,20,39734.0,266135961.89999995
2025-08-01 09:24:27 AM,1986.7,16,31787.2,266167749.09999993
2025-08-01 09:24:27 AM,1986.7,57,113241.90000000001,266280990.99999994
2025-08-01 09:24:28 AM,1986.7,9,17880.3,266298871.29999995
2025-08-01 09:24:28 AM,1987.2,16,31795.2,266330666.49999994
2025-08-01 09:24:28 AM,1986.7,0,0.0,266330666.49999994
2025-08-01 09:24:29 AM,1986.7,6,11920.2,266342586.69999993
2025-08-01 09:24:29 AM,1987.2,50,99360.0,266441946.69999993
2025-08-01 09:24:30 AM,1986.7,470,933749.0,267375695.69999993
2025-08-01 09:24:30 AM,1987.0,0,0.0,267375695.69999993
2025-08-01 09:24:30 AM,1987.0,147,292089.0,267667784.69999993
2025-08-01 09:24:31 AM,1987.4,13,25836.2,267693620.89999992
2025-08-01 09:24:31 AM,1987.4,15,29811.0,267723431.89999992
2025-08-01 09:24:32 AM,1987.4,49,97382.6,267820814.4999999
2025-08-01 09:24:33 AM,1987.4,7,13911.800000000001,267834726.29999992
2025-08-01 09:24:33 AM,1987.9,0,0.0,267834726.29999992
2025-08-01 09:24:34 AM,1987.9,86,170959.4,268005685.69999993
2025-08-01 09:24:34 AM,1988.0,0,0.0,268005685.69999993
2025-08-01 09:24:34 AM,1987.9,0,0.0,268005685.69999993
2025-08-01 09:24:35 AM,1987.9,434,862748.6000000001,268868434.29999995
2025-08-01 09:24:35 AM,1988.0,0,0.0,268868434.29999995
2025-08-01 09:24:36 AM,1987.4,987,1961563.8,270829998.09999996
2025-08-01 09:24:36 AM,1988.6,0,0.0,270829998.09999996
2025-08-01 09:24:37 AM,1988.3,955,1898826.5,272728824.59999996
2025-08-01 09:24:38 AM,1988.4,800,1590720.0,274319544.59999996
2025-08-01 09:24:38 AM,1987.8,0,0.0,274319544.59999996
2025-08-01 09:24:39 AM,1987.8,72,143121.6,274462666.2
2025-08-01 09:24:39 AM,1987.5,451,896362.5,275359028.7
2025-08-01 09:24:40 AM,1987.7,10,19877.0,275378905.7
2025-08-01 09:24:40 AM,1987.1,0,0.0,275378905.7
2025-08-01 09:24:41 AM,1987.4,576,1144742.4000000001,276523648.09999996
2025-08-01 09:24:41 AM,1987.4,225,447165.0,276970813.09999996
2025-08-01 09:24:42 AM,1987.4,180,357732.0,277328545.09999996
2025-08-01 09:24:44 AM,1987.4,22,43722.8,277372267.9
2025-08-01 09:24:44 AM,1987.5,0,0.0,277372267.9
2025-08-01 09:24:45 AM,1987.5,262,520725.0,277892992.9
2025-08-01 09:24:45 AM,1987.4,0,0.0,277892992.9
2025-08-01 09:24:46 AM,1987.4,137,272273.8,278165266.7
2025-08-01 09:24:46 AM,1987.6,60,119256.0,278284522.7
2025-08-01 09:24:47 AM,1987.2,7,13910.4,278298433.09999996
2025-08-01 09:24:47 AM,1987.1,0,0.0,278298433.09999996
2025-08-01 09:24:47 AM,1987.1,87,172877.69999999998,278471310.79999995
2025-08-01 09:24:48 AM,1987.0,31,61597.0,278532907.79999995
2025-08-01 09:24:49 AM,1987.0,362,719294.0,279252201.79999995
2025-08-01 09:24:49 AM,1987.4,0,0.0,279252201.79999995
2025-08-01 09:24:50 AM,1987.4,116,230538.40000000002,279482740.1999999
2025-08-01 09:24:50 AM,1987.4,3,5962.200000000001,279488702.3999999
2025-08-01 09:24:52 AM,1987.5,154,306075.0,279794777.3999999
2025-08-01 09:24:52 AM,1987.0,0,0.0,279794777.3999999
2025-08-01 09:24:52 AM,1987.0,121,240427.0,280035204.3999999
2025-08-01 09:24:53 AM,1986.3,9468,18806288.4,298841492.7999999
2025-08-01 09:24:53 AM,1986.6,0,0.0,298841492.7999999
2025-08-01 09:24:53 AM,1986.6,4,7946.4,298849439.19999987
2025-08-01 09:24:54 AM,1986.6,110,218526.0,299067965.19999987
2025-08-01 09:24:55 AM,1986.8,849,1686793.2,300754758.39999986
2025-08-01 09:24:55 AM,1987.6,0,0.0,300754758.39999986
2025-08-01 09:24:55 AM,1987.6,63,125218.79999999999,300879977.19999987
2025-08-01 09:24:56 AM,1986.8,76,150996.8,301030973.9999999
2025-08-01 09:24:57 AM,1987.2,22,43718.4,301074692.39999986
2025-08-01 09:24:58 AM,1987.2,12,23846.4,301098538.79999983
2025-08-01 09:24:59 AM,1987.2,4,7948.8,301106487.59999985
2025-08-01 09:24:59 AM,1987.7,0,0.0,301106487.59999985
2025-08-01 09:25:00 AM,1987.7,176,349835.2,301456322.79999983
2025-08-01 09:25:00 AM,1987.6,0,0.0,301456322.79999983
2025-08-01 09:25:01 AM,1987.6,580,1152808.0,302609130.79999983
2025-08-01 09:25:01 AM,1987.7,9,17889.3,302627020.09999985
2025-08-01 09:25:01 AM,1987.4,0,0.0,302627020.09999985
2025-08-01 09:25:01 AM,1987.4,24,47697.600000000006,302674717.69999987
2025-08-01 09:25:02 AM,1987.6,57,113293.2,302788010.89999986
2025-08-01 09:25:02 AM,1987.6,54,107330.4,302895341.29999983
2025-08-01 09:25:03 AM,1987.2,0,0.0,302895341.29999983
2025-08-01 09:25:03 AM,1987.2,44,87436.8,302982778.09999985
2025-08-01 09:25:04 AM,1985.6,0,0.0,302982778.09999985
2025-08-01 09:25:04 AM,1985.6,1165,2313224.0,305296002.09999985
2025-08-01 09:25:05 AM,1986.3,0,0.0,305296002.09999985
2025-08-01 09:25:05 AM,1986.3,110,218493.0,305514495.09999985
2025-08-01 09:25:06 AM,1986.4,67,133088.80000000002,305647583.89999986
2025-08-01 09:25:07 AM,1986.7,0,0.0,305647583.89999986
2025-08-01 09:25:07 AM,1986.7,60,119202.0,305766785.89999986
2025-08-01 09:25:08 AM,1986.4,2,3972.8,305770758.69999987
2025-08-01 09:25:08 AM,1986.4,100,198640.0,305969398.69999987
2025-08-01 09:25:08 AM,1986.7,0,0.0,305969398.69999987
2025-08-01 09:25:09 AM,1986.7,5,9933.5,305979332.19999987
2025-08-01 09:25:09 AM,1985.9,2146,4261741.4,310241073.59999985
2025-08-01 09:25:09 AM,1987.1,0,0.0,310241073.59999985
2025-08-01 09:25:10 AM,1987.1,1055,2096390.5,312337464.09999985
2025-08-01 09:25:11 AM,1987.0,103,204661.0,312542125.09999985
2025-08-01 09:25:11 AM,1986.8,1,1986.8,312544111.89999986
2025-08-01 09:25:12 AM,1987.7,230,457171.0,313001282.89999986
2025-08-01 09:25:12 AM,1987.7,43,85471.1,313086753.9999999
2025-08-01 09:25:13 AM,1987.8,43,85475.4,313172229.39999986
2025-08-01 09:25:13 AM,1988.0,0,0.0,313172229.39999986
2025-08-01 09:25:13 AM,1988.2,0,0.0,313172229.39999986
2025-08-01 09:25:14 AM,1988.5,333,662170.5,313834399.89999986
2025-08-01 09:25:14 AM,1987.8,0,0.0,313834399.89999986
2025-08-01 09:25:15 AM,1987.9,487,968107.3,314802507.19999987
2025-08-01 09:25:15 AM,1987.9,13,25842.7,314828349.89999986
2025-08-01 09:25:16 AM,1988.5,196,389746.0,315218095.89999986
2025-08-01 09:25:17 AM,1988.4,15,29826.0,315247921.89999986
2025-08-01 09:25:18 AM,1988.4,43,85501.2,315333423.09999985
2025-08-01 09:25:19 AM,1988.5,27,53689.5,315387112.59999985
2025-08-01 09:25:21 AM,1987.9,60,119274.0,315506386.59999985
2025-08-01 09:25:21 AM,1988.5,14,27839.0,315534225.59999985
2025-08-01 09:25:22 AM,1988.5,100,198850.0,315733075.59999985
2025-08-01 09:25:23 AM,1988.5,20,39770.0,315772845.59999985
2025-08-01 09:25:24 AM,1988.5,42,83517.0,315856362.59999985
2025-08-01 09:25:24 AM,1987.9,17,33794.3,315890156.89999986
2025-08-01 09:25:24 AM,1988.5,0,0.0,315890156.89999986
2025-08-01 09:25:25 AM,1988.0,120,238560.0,316128716.89999986
2025-08-01 09:25:25 AM,1988.0,129,256452.0,316385168.89999986
2025-08-01 09:25:25 AM,1987.9,0,0.0,316385168.89999986
2025-08-01 09:25:26 AM,1988.0,320,636160.0,317021328.89999986
2025-08-01 09:25:26 AM,1988.3,37,73567.09999999999,317094895.9999999
2025-08-01 09:25:26 AM,1988.4,0,0.0,317094895.9999999
2025-08-01 09:25:27 AM,1988.5,31,61643.5,317156539.4999999
2025-08-01 09:25:28 AM,1988.5,120,238620.0,317395159.4999999
2025-08-01 09:25:29 AM,1987.9,196,389628.4,317784787.89999986
2025-08-01 09:25:30 AM,1988.4,211,419552.4,318204340.29999983
2025-08-01 09:25:31 AM,1988.7,19,37785.3,318242125.59999985
2025-08-01 09:25:32 AM,1988.7,117,232677.9,318474803.4999998
2025-08-01 09:25:32 AM,1988.7,61,121310.7,318596114.1999998
2025-08-01 09:25:32 AM,1988.5,0,0.0,318596114.1999998
2025-08-01 09:25:33 AM,1988.5,1,1988.5,318598102.6999998
2025-08-01 09:25:33 AM,1988.5,85,169022.5,318767125.1999998
2025-08-01 09:25:34 AM,1987.7,194,385613.8,319152738.9999998
2025-08-01 09:25:34 AM,1987.9,2,3975.8,319156714.79999983
2025-08-01 09:25:34 AM,1987.1,0,0.0,319156714.79999983
2025-08-01 09:25:35 AM,1988.0,614,1220632.0,320377346.79999983
2025-08-01 09:25:35 AM,1988.0,2,3976.0,320381322.79999983
2025-08-01 09:25:36 AM,1988.0,3,5964.0,320387286.79999983
2025-08-01 09:25:37 AM,1988.0,175,347900.0,320735186.79999983
2025-08-01 09:25:37 AM,1988.0,13,25844.0,320761030.79999983
2025-08-01 09:25:38 AM,1988.0,2,3976.0,320765006.79999983
2025-08-01 09:25:38 AM,1988.0,2,3976.0,320768982.79999983
2025-08-01 09:25:39 AM,1987.8,24,47707.2,320816689.9999998
2025-08-01 09:25:39 AM,1987.3,0,0.0,320816689.9999998
2025-08-01 09:25:40 AM,1987.8,20,39756.0,320856445.9999998
2025-08-01 09:25:40 AM,1987.3,0,0.0,320856445.9999998
2025-08-01 09:25:41 AM,1987.9,172,341918.8,321198364.79999983
2025-08-01 09:25:42 AM,1987.8,68,135170.4,321333535.1999998
2025-08-01 09:25:42 AM,1987.3,0,0.0,321333535.1999998
2025-08-01 09:25:43 AM,1987.3,5,9936.5,321343471.6999998
2025-08-01 09:25:43 AM,1987.8,1,1987.8,321345459.4999998
2025-08-01 09:25:43 AM,1987.3,0,0.0,321345459.4999998
2025-08-01 09:25:44 AM,1987.3,20,39746.0,321385205.4999998
2025-08-01 09:25:45 AM,1987.3,162,321942.6,321707148.09999985
2025-08-01 09:25:46 AM,1987.3,13,25834.899999999998,321732982.9999998
2025-08-01 09:25:46 AM,1987.8,0,0.0,321732982.9999998
2025-08-01 09:25:47 AM,1987.8,91,180889.8,321913872.79999983
2025-08-01 09:25:47 AM,1987.3,18,35771.4,321949644.1999998
2025-08-01 09:25:48 AM,1987.3,1,1987.3,321951631.4999998
2025-08-01 09:25:48 AM,1987.7,0,0.0,321951631.4999998
2025-08-01 09:25:49 AM,1987.7,7,13913.9,321965545.3999998
2025-08-01 09:25:50 AM,1987.3,10,19873.0,321985418.3999998
2025-08-01 09:25:51 AM,1987.2,123,244425.6,322229843.9999998
2025-08-01 09:25:51 AM,1987.1,0,0.0,322229843.9999998
2025-08-01 09:25:52 AM,1987.3,37,73530.09999999999,322303374.09999985
2025-08-01 09:25:52 AM,1987.6,27,53665.2,322357039.29999983
2025-08-01 09:25:52 AM,1987.1,0,0.0,322357039.29999983
2025-08-01 09:25:53 AM,1987.3,7,13911.1,322370950.39999986
2025-08-01 09:25:54 AM,1987.3,5,9936.5,322380886.89999986
2025-08-01 09:25:55 AM,1987.3,25,49682.5,322430569.39999986
2025-08-01 09:25:55 AM,1987.1,0,0.0,322430569.39999986
2025-08-01 09:25:55 AM,1987.1,17,33780.7,322464350.09999985
2025-08-01 09:25:56 AM,1987.2,1,1987.2,322466337.29999983
2025-08-01 09:25:57 AM,1987.2,9,17884.8,322484222.09999985
2025-08-01 09:25:58 AM,1987.2,4,7948.8,322492170.89999986
2025-08-01 09:25:58 AM,1987.2,235,466992.0,322959162.89999986
2025-08-01 09:25:58 AM,1987.4,0,0.0,322959162.89999986
2025-08-01 09:25:59 AM,1987.4,4,7949.6,322967112.4999999
2025-08-01 09:25:59 AM,1987.0,986,1959182.0,324926294.4999999
2025-08-01 09:26:00 AM,1987.0,24,47688.0,324973982.4999999
2025-08-01 09:26:00 AM,1986.7,0,0.0,324973982.4999999
2025-08-01 09:26:01 AM,1986.7,110,218537.0,325192519.4999999
2025-08-01 09:26:01 AM,1986.7,13,25827.100000000002,325218346.5999999
2025-08-01 09:26:01 AM,1986.3,0,0.0,325218346.5999999
2025-08-01 09:26:02 AM,1986.3,38,75479.4,325293825.9999999
2025-08-01 09:26:02 AM,1986.7,3,5960.1,325299786.0999999
2025-08-01 09:26:02 AM,1986.2,0,0.0,325299786.0999999
2025-08-01 09:26:03 AM,1986.2,3,5958.6,325305744.6999999
2025-08-01 09:26:03 AM,1986.2,16,31779.2,325337523.8999999
2025-08-01 09:26:05 AM,1986.2,39,77461.8,325414985.6999999
2025-08-01 09:26:06 AM,1986.2,15,29793.0,325444778.6999999
2025-08-01 09:26:06 AM,1986.2,50,99310.0,325544088.6999999
2025-08-01 09:26:07 AM,1986.2,5,9931.0,325554019.6999999
2025-08-01 09:26:08 AM,1986.2,1,1986.2,325556005.8999999
2025-08-01 09:26:08 AM,1986.2,124,246288.80000000002,325802294.6999999
2025-08-01 09:26:09 AM,1986.7,2,3973.4,325806268.0999999
2025-08-01 09:26:09 AM,1986.2,0,0.0,325806268.0999999
2025-08-01 09:26:09 AM,1986.2,109,216495.80000000002,326022763.8999999
2025-08-01 09:26:10 AM,1986.2,2,3972.4,326026736.2999999
2025-08-01 09:26:11 AM,1986.1,199,395233.89999999997,326421970.19999987
2025-08-01 09:26:11 AM,1986.2,0,0.0,326421970.19999987
2025-08-01 09:26:11 AM,1986.2,37,73489.40000000001,326495459.59999985
2025-08-01 09:26:12 AM,1986.1,6,11916.599999999999,326507376.19999987
2025-08-01 09:26:12 AM,1986.1,2,3972.2,326511348.39999986
2025-08-01 09:26:13 AM,1986.2,6,11917.2,326523265.59999985
2025-08-01 09:26:13 AM,1986.0,0,0.0,326523265.59999985
2025-08-01 09:26:13 AM,1986.0,2,3972.0,326527237.59999985
2025-08-01 09:26:14 AM,1986.1,0,0.0,326527237.59999985
2025-08-01 09:26:14 AM,1986.1,25,49652.5,326576890.09999985
2025-08-01 09:26:15 AM,1986.0,63,125118.0,326702008.09999985
2025-08-01 09:26:15 AM,1986.0,13,25818.0,326727826.09999985
2025-08-01 09:26:16 AM,1986.1,10,19861.0,326747687.09999985
2025-08-01 09:26:16 AM,1986.1,6,11916.599999999999,326759603.69999987
2025-08-01 09:26:17 AM,1986.0,21,41706.0,326801309.69999987
2025-08-01 09:26:17 AM,1986.2,122,242316.4,327043626.09999985
2025-08-01 09:26:18 AM,1986.0,4,7944.0,327051570.09999985
2025-08-01 09:26:19 AM,1986.0,14,27804.0,327079374.09999985
2025-08-01 09:26:20 AM,1986.0,13,25818.0,327105192.09999985
2025-08-01 09:26:20 AM,1986.2,13,25820.600000000002,327131012.69999987
2025-08-01 09:26:20 AM,1986.0,0,0.0,327131012.69999987
2025-08-01 09:26:21 AM,1986.0,18,35748.0,327166760.69999987
2025-08-01 09:26:21 AM,1986.0,20,39720.0,327206480.69999987
2025-08-01 09:26:22 AM,1986.2,78,154923.6,327361404.2999999
2025-08-01 09:26:23 AM,1986.4,431,856138.4,328217542.69999987
2025-08-01 09:26:24 AM,1986.1,239,474677.89999999997,328692220.59999985
2025-08-01 09:26:24 AM,1987.0,79,156973.0,328849193.59999985
2025-08-01 09:26:25 AM,1987.0,29,57623.0,328906816.59999985
2025-08-01 09:26:26 AM,1987.0,35,69545.0,328976361.59999985
2025-08-01 09:26:26 AM,1987.0,1,1987.0,328978348.59999985
2025-08-01 09:26:27 AM,1987.0,19,37753.0,329016101.59999985
2025-08-01 09:26:28 AM,1987.0,15,29805.0,329045906.59999985
2025-08-01 09:26:28 AM,1986.8,37,73511.59999999999,329119418.19999987
2025-08-01 09:26:29 AM,1986.8,7,13907.6,329133325.7999999
2025-08-01 09:26:30 AM,1986.9,79,156965.1,329290290.8999999
2025-08-01 09:26:31 AM,1986.9,47,93384.3,329383675.1999999
2025-08-01 09:26:31 AM,1986.9,22,43711.8,329427386.99999994
2025-08-01 09:26:32 AM,1986.9,1,1986.9,329429373.8999999
2025-08-01 09:26:32 AM,1987.0,25,49675.0,329479048.8999999
2025-08-01 09:26:33 AM,1987.2,90,178848.0,329657896.8999999
2025-08-01 09:26:34 AM,1987.2,3,5961.6,329663858.49999994
2025-08-01 09:26:35 AM,1987.2,92,182822.4,329846680.8999999
2025-08-01 09:26:37 AM,1987.2,31,61603.200000000004,329908284.0999999
2025-08-01 09:26:37 AM,1987.2,5,9936.0,329918220.0999999
2025-08-01 09:26:38 AM,1987.2,3,5961.6,329924181.6999999
2025-08-01 09:26:40 AM,1987.2,42,83462.40000000001,330007644.0999999
2025-08-01 09:26:41 AM,1987.3,285,566380.5,330574024.5999999
2025-08-01 09:26:42 AM,1987.0,139,276193.0,330850217.5999999
2025-08-01 09:26:43 AM,1987.0,16,31792.0,330882009.5999999
2025-08-01 09:26:45 AM,1987.0,11,21857.0,330903866.5999999
2025-08-01 09:26:46 AM,1987.2,1,1987.2,330905853.7999999
2025-08-01 09:26:48 AM,1987.2,620,1232064.0,332137917.7999999
2025-08-01 09:26:49 AM,1987.2,100,198720.0,332336637.7999999
2025-08-01 09:26:50 AM,1987.4,1,1987.4,332338625.19999987
2025-08-01 09:26:51 AM,1987.5,63,125212.5,332463837.69999987
2025-08-01 09:26:51 AM,1986.9,0,0.0,332463837.69999987
2025-08-01 09:26:51 AM,1986.9,28,55633.200000000004,332519470.89999986
2025-08-01 09:26:52 AM,1987.4,2,3974.8,332523445.69999987
2025-08-01 09:26:53 AM,1987.4,26,51672.4,332575118.09999985
2025-08-01 09:26:54 AM,1987.5,26,51675.0,332626793.09999985
2025-08-01 09:26:55 AM,1987.6,122,242487.19999999998,332869280.29999983
2025-08-01 09:26:56 AM,1987.4,39,77508.6,332946788.89999986
2025-08-01 09:26:57 AM,1987.6,2,3975.2,332950764.09999985
2025-08-01 09:26:58 AM,1987.6,6,11925.599999999999,332962689.69999987
2025-08-01 09:26:59 AM,1987.6,84,166958.4,333129648.09999985
2025-08-01 09:27:00 AM,1987.8,61,121255.8,333250903.89999986
2025-08-01 09:27:03 AM,1988.0,140,278320.0,333529223.89999986
2025-08-01 09:27:05 AM,1988.0,65,129220.0,333658443.89999986
2025-08-01 09:27:07 AM,1987.6,0,0.0,333658443.89999986
2025-08-01 09:27:11 AM,1989.6,3237,6440335.199999999,340098779.09999985
2025-08-01 09:27:12 AM,1989.3,1767,3515093.1,343613872.19999987
2025-08-01 09:27:18 AM,1989.3,766,1523803.8,345137675.9999999
2025-08-01 09:27:20 AM,1989.3,268,533132.4,345670808.39999986
2025-08-01 09:27:26 AM,1988.4,243,483181.2,346153989.59999985
2025-08-01 09:27:27 AM,1989.3,186,370009.8,346523999.39999986
2025-08-01 09:27:27 AM,1989.4,0,0.0,346523999.39999986
2025-08-01 09:27:28 AM,1989.5,0,0.0,346523999.39999986
2025-08-01 09:27:33 AM,1989.5,786,1563747.0,348087746.39999986
2025-08-01 09:27:33 AM,1988.9,0,0.0,348087746.39999986
2025-08-01 09:27:34 AM,1988.5,20,39770.0,348127516.39999986
2025-08-01 09:27:36 AM,1988.4,0,0.0,348127516.39999986
2025-08-01 09:27:38 AM,1989.0,0,0.0,348127516.39999986
2025-08-01 09:27:41 AM,1988.9,230,457447.0,348584963.39999986
2025-08-01 09:27:42 AM,1988.5,16,31816.0,348616779.39999986
2025-08-01 09:27:42 AM,1989.3,0,0.0,348616779.39999986
2025-08-01 09:27:43 AM,1988.9,0,0.0,348616779.39999986
2025-08-01 09:27:47 AM,1989.6,0,0.0,348616779.39999986
2025-08-01 09:27:48 AM,1989.1,1382,2748936.1999999997,351365715.59999985
2025-08-01 09:27:50 AM,1989.8,265,527297.0,351893012.59999985
2025-08-01 09:27:52 AM,1991.0,0,0.0,351893012.59999985
2025-08-01 09:27:56 AM,1991.0,2483,4943653.0,356836665.59999985
2025-08-01 09:27:58 AM,1991.0,449,893959.0,357730624.59999985
2025-08-01 09:28:00 AM,1991.0,497,989527.0,358720151.59999985
2025-08-01 09:28:01 AM,1990.5,5,9952.5,358730104.09999985
2025-08-01 09:28:02 AM,1990.5,52,103506.0,358833610.09999985
2025-08-01 09:28:03 AM,1990.5,187,372223.5,359205833.59999985
2025-08-01 09:28:04 AM,1991.0,188,374308.0,359580141.59999985
2025-08-01 09:28:05 AM,1991.0,1,1991.0,359582132.59999985
2025-08-01 09:28:05 AM,1990.7,0,0.0,359582132.59999985
2025-08-01 09:28:06 AM,1991.0,293,583363.0,360165495.59999985
2025-08-01 09:28:06 AM,1990.5,586,1166433.0,361331928.59999985
2025-08-01 09:28:07 AM,1990.5,247,491653.5,361823582.09999985
2025-08-01 09:28:07 AM,1990.7,0,0.0,361823582.09999985
2025-08-01 09:28:07 AM,1990.7,50,99535.0,361923117.09999985
2025-08-01 09:28:07 AM,1990.5,0,0.0,361923117.09999985
2025-08-01 09:28:08 AM,1990.0,965,1920350.0,363843467.09999985
2025-08-01 09:28:08 AM,1990.2,0,0.0,363843467.09999985
2025-08-01 09:28:09 AM,1990.2,27,53735.4,363897202.4999998
2025-08-01 09:28:10 AM,1989.4,82,163130.80000000002,364060333.29999983
2025-08-01 09:28:10 AM,1990.0,0,0.0,364060333.29999983
2025-08-01 09:28:11 AM,1990.0,12,23880.0,364084213.29999983
2025-08-01 09:28:11 AM,1990.0,132,262680.0,364346893.29999983
2025-08-01 09:28:11 AM,1990.1,0,0.0,364346893.29999983
2025-08-01 09:28:12 AM,1990.2,94,187078.80000000002,364533972.09999985
2025-08-01 09:28:13 AM,1990.2,1,1990.2,364535962.29999983
2025-08-01 09:28:13 AM,1990.2,16,31843.2,364567805.4999998
2025-08-01 09:28:13 AM,1990.0,0,0.0,364567805.4999998
2025-08-01 09:28:14 AM,1990.2,59,117421.8,364685227.29999983
2025-08-01 09:28:14 AM,1989.6,0,0.0,364685227.29999983
2025-08-01 09:28:14 AM,1990.2,0,0.0,364685227.29999983
2025-08-01 09:28:15 AM,1990.2,62,123392.40000000001,364808619.6999998
2025-08-01 09:28:16 AM,1990.2,81,161206.2,364969825.8999998
2025-08-01 09:28:16 AM,1990.4,64,127385.6,365097211.4999998
2025-08-01 09:28:17 AM,1990.4,79,157241.6,365254453.09999985
2025-08-01 09:28:17 AM,1990.0,0,0.0,365254453.09999985
2025-08-01 09:28:18 AM,1990.0,9,17910.0,365272363.09999985
2025-08-01 09:28:18 AM,1990.4,4,7961.6,365280324.69999987
2025-08-01 09:28:18 AM,1990.7,0,0.0,365280324.69999987
2025-08-01 09:28:19 AM,1991.0,154,306614.0,365586938.69999987
2025-08-01 09:28:20 AM,1990.3,98,195049.4,365781988.09999985
2025-08-01 09:28:20 AM,1991.0,0,0.0,365781988.09999985
2025-08-01 09:28:21 AM,1991.0,186,370326.0,366152314.09999985
2025-08-01 09:28:22 AM,1991.0,4,7964.0,366160278.09999985
2025-08-01 09:28:22 AM,1991.0,5,9955.0,366170233.09999985
2025-08-01 09:28:23 AM,1990.4,16,31846.4,366202079.4999998
2025-08-01 09:28:24 AM,1991.0,5,9955.0,366212034.4999998
2025-08-01 09:28:25 AM,1990.4,187,372204.8,366584239.29999983
2025-08-01 09:28:25 AM,1990.8,0,0.0,366584239.29999983
2025-08-01 09:28:26 AM,1990.8,100,199080.0,366783319.29999983
2025-08-01 09:28:26 AM,1990.7,0,0.0,366783319.29999983
2025-08-01 09:28:26 AM,1990.7,176,350363.2,367133682.4999998
2025-08-01 09:28:27 AM,1990.7,68,135367.6,367269050.09999985
2025-08-01 09:28:28 AM,1990.1,58,115425.79999999999,367384475.89999986
2025-08-01 09:28:29 AM,1990.2,0,0.0,367384475.89999986
2025-08-01 09:28:29 AM,1990.2,40,79608.0,367464083.89999986
2025-08-01 09:28:29 AM,1990.6,0,0.0,367464083.89999986
2025-08-01 09:28:30 AM,1990.6,1,1990.6,367466074.4999999
2025-08-01 09:28:31 AM,1990.2,12,23882.4,367489956.89999986
2025-08-01 09:28:32 AM,1990.2,9,17911.8,367507868.69999987
2025-08-01 09:28:32 AM,1990.6,0,0.0,367507868.69999987
2025-08-01 09:28:33 AM,1990.0,537,1068630.0,368576498.69999987
2025-08-01 09:28:33 AM,1990.6,0,0.0,368576498.69999987
2025-08-01 09:28:34 AM,1990.7,76,151293.2,368727791.89999986
2025-08-01 09:28:35 AM,1990.7,9,17916.3,368745708.19999987
2025-08-01 09:28:35 AM,1990.2,23,45774.6,368791482.7999999
2025-08-01 09:28:36 AM,1990.2,20,39804.0,368831286.7999999
2025-08-01 09:28:36 AM,1990.4,16,31846.4,368863133.19999987
2025-08-01 09:28:37 AM,1990.0,0,0.0,368863133.19999987
2025-08-01 09:28:37 AM,1990.7,25,49767.5,368912900.69999987
2025-08-01 09:28:37 AM,1990.7,11,21897.7,368934798.39999986
2025-08-01 09:28:38 AM,1990.2,42,83588.40000000001,369018386.79999983
2025-08-01 09:28:38 AM,1990.7,0,0.0,369018386.79999983
2025-08-01 09:28:39 AM,1990.7,10,19907.0,369038293.79999983
2025-08-01 09:28:39 AM,1990.7,3,5972.1,369044265.89999986
2025-08-01 09:28:39 AM,1990.9,0,0.0,369044265.89999986
2025-08-01 09:28:40 AM,1990.9,3,5972.700000000001,369050238.59999985
2025-08-01 09:28:40 AM,1990.9,197,392207.30000000005,369442445.89999986
2025-08-01 09:28:42 AM,1990.9,6,11945.400000000001,369454391.29999983
2025-08-01 09:28:43 AM,1990.9,3,5972.700000000001,369460363.9999998
2025-08-01 09:28:43 AM,1990.4,0,0.0,369460363.9999998
2025-08-01 09:28:44 AM,1990.9,0,0.0,369460363.9999998
2025-08-01 09:28:44 AM,1990.9,287,571388.3,370031752.29999983
2025-08-01 09:28:46 AM,1990.4,100,199040.0,370230792.29999983
2025-08-01 09:28:46 AM,1990.9,0,0.0,370230792.29999983
2025-08-01 09:28:47 AM,1990.3,304,605051.2,370835843.4999998
2025-08-01 09:28:47 AM,1990.8,0,0.0,370835843.4999998
2025-08-01 09:28:48 AM,1990.3,0,0.0,370835843.4999998
2025-08-01 09:28:48 AM,1990.8,58,115466.4,370951309.8999998
2025-08-01 09:28:49 AM,1990.8,46,91576.8,371042886.6999998
2025-08-01 09:28:49 AM,1990.8,6,11944.8,371054831.4999998
2025-08-01 09:28:50 AM,1990.8,4,7963.2,371062794.6999998
2025-08-01 09:28:50 AM,1990.8,29,57733.2,371120527.8999998
2025-08-01 09:28:50 AM,1990.4,0,0.0,371120527.8999998
2025-08-01 09:28:51 AM,1990.8,17,33843.6,371154371.4999998
2025-08-01 09:28:51 AM,1990.8,17,33843.6,371188215.09999985
2025-08-01 09:28:52 AM,1990.8,9,17917.2,371206132.29999983
2025-08-01 09:28:52 AM,1990.8,1,1990.8,371208123.09999985
2025-08-01 09:28:53 AM,1991.0,410,816310.0,372024433.09999985
2025-08-01 09:28:54 AM,1991.0,16,31856.0,372056289.09999985
2025-08-01 09:28:54 AM,1991.0,144,286704.0,372342993.09999985
2025-08-01 09:28:55 AM,1991.0,1,1991.0,372344984.09999985
2025-08-01 09:28:55 AM,1990.8,0,0.0,372344984.09999985
2025-08-01 09:28:56 AM,1991.0,0,0.0,372344984.09999985
2025-08-01 09:28:56 AM,1991.0,120,238920.0,372583904.09999985
2025-08-01 09:28:56 AM,1990.5,0,0.0,372583904.09999985
2025-08-01 09:28:57 AM,1991.0,51,101541.0,372685445.09999985
2025-08-01 09:28:58 AM,1991.0,2,3982.0,372689427.09999985
2025-08-01 09:28:59 AM,1991.0,4,7964.0,372697391.09999985
2025-08-01 09:29:00 AM,1991.0,470,935770.0,373633161.09999985
2025-08-01 09:29:05 AM,1991.0,294,585354.0,374218515.09999985
2025-08-01 09:29:06 AM,1990.6,111,220956.59999999998,374439471.69999987
2025-08-01 09:29:11 AM,1990.7,0,0.0,374439471.69999987
2025-08-01 09:29:12 AM,1991.0,0,0.0,374439471.69999987
2025-08-01 09:29:13 AM,1991.0,701,1395691.0,375835162.69999987
2025-08-01 09:29:14 AM,1991.3,125,248912.5,376084075.19999987
2025-08-01 09:29:17 AM,1992.6,0,0.0,376084075.19999987
2025-08-01 09:29:20 AM,1991.6,1274,2537298.4,378621373.59999985
2025-08-01 09:29:22 AM,1992.6,510,1016226.0,379637599.59999985
2025-08-01 09:29:27 AM,1991.7,0,0.0,379637599.59999985
2025-08-01 09:29:28 AM,1991.7,234,466057.8,380103657.39999986
2025-08-01 09:29:29 AM,1992.6,201,400512.6,380504169.9999999
2025-08-01 09:29:35 AM,1992.7,246,490204.2,380994374.19999987
2025-08-01 09:29:36 AM,1992.7,147,292926.9,381287301.09999985
2025-08-01 09:29:37 AM,1992.1,0,0.0,381287301.09999985
2025-08-01 09:29:43 AM,1992.7,279,555963.3,381843264.39999986
2025-08-01 09:29:44 AM,1992.2,46,91641.2,381934905.59999985
2025-08-01 09:29:50 AM,1992.4,228,454267.2,382389172.79999983
2025-08-01 09:29:51 AM,1992.7,75,149452.5,382538625.29999983
2025-08-01 09:29:57 AM,1992.4,0,0.0,382538625.29999983
2025-08-01 09:29:58 AM,1992.4,94,187285.6,382725910.89999986
2025-08-01 09:29:59 AM,1992.7,13,25905.100000000002,382751815.9999999
2025-08-01 09:30:03 AM,1992.4,0,0.0,382751815.9999999
2025-08-01 09:30:05 AM,1991.9,830,1653277.0,384405092.9999999
2025-08-01 09:30:06 AM,1991.9,154,306752.60000000003,384711845.5999999
2025-08-01 09:30:11 AM,1991.6,0,0.0,384711845.5999999
2025-08-01 09:30:13 AM,1991.6,388,772740.7999999999,385484586.3999999
2025-08-01 09:30:14 AM,1991.9,188,374477.2,385859063.5999999
2025-08-01 09:30:18 AM,1991.1,0,0.0,385859063.5999999
2025-08-01 09:30:20 AM,1991.9,861,1715025.9000000001,387574089.4999999
2025-08-01 09:30:21 AM,1991.9,58,115530.20000000001,387689619.69999987
2025-08-01 09:30:25 AM,1992.0,0,0.0,387689619.69999987
2025-08-01 09:30:26 AM,1992.2,0,0.0,387689619.69999987
2025-08-01 09:30:28 AM,1991.6,391,778715.6,388468335.2999999
2025-08-01 09:30:28 AM,1992.4,1,1992.4,388470327.69999987
2025-08-01 09:30:32 AM,1992.0,0,0.0,388470327.69999987
2025-08-01 09:30:35 AM,1991.5,293,583509.5,389053837.19999987
2025-08-01 09:30:36 AM,1991.9,27,53781.3,389107618.4999999
2025-08-01 09:30:40 AM,1991.6,0,0.0,389107618.4999999
2025-08-01 09:30:42 AM,1991.5,244,485926.0,389593544.4999999
2025-08-01 09:30:43 AM,1992.2,481,958248.2000000001,390551792.69999987
2025-08-01 09:30:50 AM,1991.5,53,105549.5,390657342.19999987
2025-08-01 09:30:51 AM,1991.5,34,67711.0,390725053.19999987
2025-08-01 09:30:52 AM,1991.2,0,0.0,390725053.19999987
2025-08-01 09:30:55 AM,1991.0,0,0.0,390725053.19999987
2025-08-01 09:30:57 AM,1991.5,650,1294475.0,392019528.19999987
2025-08-01 09:31:01 AM,1991.0,0,0.0,392019528.19999987
2025-08-01 09:31:03 AM,1991.1,0,0.0,392019528.19999987
2025-08-01 09:31:04 AM,1991.0,1479,2944689.0,394964217.19999987
2025-08-01 09:31:05 AM,1990.7,150,298605.0,395262822.19999987
2025-08-01 09:31:09 AM,1991.1,0,0.0,395262822.19999987
2025-08-01 09:31:12 AM,1990.7,761,1514922.7,396777744.89999986
2025-08-01 09:31:13 AM,1990.7,50,99535.0,396877279.89999986
2025-08-01 09:31:19 AM,1991.1,0,0.0,396877279.89999986
2025-08-01 09:31:19 AM,1991.1,267,531623.7,397408903.59999985
2025-08-01 09:31:21 AM,1991.0,0,0.0,397408903.59999985
2025-08-01 09:31:25 AM,1990.9,0,0.0,397408903.59999985
2025-08-01 09:31:27 AM,1990.7,433,861973.1,398270876.69999987
2025-08-01 09:31:33 AM,1991.0,0,0.0,398270876.69999987
2025-08-01 09:31:34 AM,1991.0,256,509696.0,398780572.69999987
2025-08-01 09:31:34 AM,1990.7,263,523554.10000000003,399304126.7999999
2025-08-01 09:31:39 AM,1990.5,0,0.0,399304126.7999999
2025-08-01 09:31:41 AM,1990.7,896,1783667.2,401087793.9999999
2025-08-01 09:31:41 AM,1990.6,52,103511.2,401191305.19999987
2025-08-01 09:31:48 AM,1990.5,210,418005.0,401609310.19999987
2025-08-01 09:31:48 AM,1990.6,10,19906.0,401629216.19999987
2025-08-01 09:31:49 AM,1990.5,0,0.0,401629216.19999987
2025-08-01 09:31:55 AM,1991.0,464,923824.0,402553040.19999987
2025-08-01 09:32:00 AM,1990.2,0,0.0,402553040.19999987
2025-08-01 09:32:00 AM,1990.1,0,0.0,402553040.19999987
2025-08-01 09:32:02 AM,1990.2,1028,2045925.6,404598965.7999999
2025-08-01 09:32:02 AM,1990.1,88,175128.8,404774094.5999999
2025-08-01 09:32:05 AM,1990.2,0,0.0,404774094.5999999
2025-08-01 09:32:05 AM,1990.0,0,0.0,404774094.5999999
2025-08-01 09:32:09 AM,1990.1,1417,2819971.6999999997,407594066.2999999
2025-08-01 09:32:11 AM,1989.8,0,0.0,407594066.2999999
2025-08-01 09:32:16 AM,1991.0,2405,4788355.0,412382421.2999999
2025-08-01 09:32:23 AM,1991.0,591,1176681.0,413559102.2999999
2025-08-01 09:32:30 AM,1991.0,333,663003.0,414222105.2999999
2025-08-01 09:32:35 AM,1990.8,0,0.0,414222105.2999999
2025-08-01 09:32:36 AM,1991.0,645,1284195.0,415506300.2999999
2025-08-01 09:32:41 AM,1990.3,0,0.0,415506300.2999999
2025-08-01 09:32:44 AM,1990.0,638,1269620.0,416775920.2999999
2025-08-01 09:32:44 AM,1990.8,380,756504.0,417532424.2999999
2025-08-01 09:32:47 AM,1990.0,0,0.0,417532424.2999999
2025-08-01 09:32:51 AM,1989.0,1090,2168010.0,419700434.2999999
2025-08-01 09:32:51 AM,1989.3,402,799698.6,420500132.8999999
2025-08-01 09:32:53 AM,1988.4,0,0.0,420500132.8999999
2025-08-01 09:32:58 AM,1988.4,1537,3056170.8000000003,423556303.6999999
2025-08-01 09:32:59 AM,1988.6,0,0.0,423556303.6999999
2025-08-01 09:32:59 AM,1988.4,0,0.0,423556303.6999999
2025-08-01 09:33:04 AM,1989.2,554,1102016.8,424658320.49999994
2025-08-01 09:33:05 AM,1989.7,0,0.0,424658320.49999994
2025-08-01 09:33:11 AM,1990.0,0,0.0,424658320.49999994
2025-08-01 09:33:12 AM,1990.0,695,1383050.0,426041370.49999994
2025-08-01 09:33:12 AM,1990.0,47,93530.0,426134900.49999994
2025-08-01 09:33:16 AM,1990.1,0,0.0,426134900.49999994
2025-08-01 09:33:16 AM,1990.6,0,0.0,426134900.49999994
2025-08-01 09:33:18 AM,1990.6,976,1942825.5999999999,428077726.09999996
2025-08-01 09:33:25 AM,1990.0,257,511430.0,428589156.09999996
2025-08-01 09:33:26 AM,1990.6,0,0.0,428589156.09999996
2025-08-01 09:33:31 AM,1991.0,0,0.0,428589156.09999996
2025-08-01 09:33:32 AM,1990.2,1289,2565367.8000000003,431154523.9
2025-08-01 09:33:36 AM,1990.7,0,0.0,431154523.9
2025-08-01 09:33:39 AM,1990.2,385,766227.0,431920750.9
2025-08-01 09:33:41 AM,1990.1,0,0.0,431920750.9
2025-08-01 09:33:46 AM,1990.9,109,217008.1,432137759.0
2025-08-01 09:33:49 AM,1990.3,0,0.0,432137759.0
2025-08-01 09:33:51 AM,1990.9,0,0.0,432137759.0
2025-08-01 09:33:53 AM,1990.9,669,1331912.1,433469671.1
2025-08-01 09:33:53 AM,1990.2,13,25872.600000000002,433495543.70000005
2025-08-01 09:33:55 AM,1990.9,0,0.0,433495543.70000005
2025-08-01 09:33:56 AM,1991.7,0,0.0,433495543.70000005
2025-08-01 09:34:00 AM,1991.9,3420,6812298.0,440307841.70000005
2025-08-01 09:34:07 AM,1991.9,59,117522.1,440425363.8000001
2025-08-01 09:34:11 AM,1992.0,0,0.0,440425363.8000001
2025-08-01 09:34:14 AM,1991.6,2454,4887386.399999999,445312750.20000005
2025-08-01 09:34:14 AM,1991.6,1,1991.6,445314741.8000001
2025-08-01 09:34:16 AM,1990.9,0,0.0,445314741.8000001
2025-08-01 09:34:19 AM,1991.1,0,0.0,445314741.8000001
2025-08-01 09:34:21 AM,1990.9,27,53754.3,445368496.1000001
2025-08-01 09:34:24 AM,1991.2,0,0.0,445368496.1000001
2025-08-01 09:34:26 AM,1991.0,0,0.0,445368496.1000001
2025-08-01 09:34:28 AM,1991.0,410,816310.0,446184806.1000001
2025-08-01 09:34:35 AM,1991.0,235,467885.0,446652691.1000001
2025-08-01 09:34:35 AM,1991.2,2,3982.4,446656673.50000006
2025-08-01 09:34:36 AM,1991.0,0,0.0,446656673.50000006
2025-08-01 09:34:41 AM,1991.2,0,0.0,446656673.50000006
2025-08-01 09:34:42 AM,1991.2,1402,2791662.4,449448335.90000004
2025-08-01 09:34:44 AM,1990.8,0,0.0,449448335.90000004
2025-08-01 09:34:46 AM,1991.2,0,0.0,449448335.90000004
2025-08-01 09:34:49 AM,1990.8,0,0.0,449448335.90000004
2025-08-01 09:34:49 AM,1990.8,368,732614.4,450180950.3
2025-08-01 09:34:51 AM,1991.0,0,0.0,450180950.3
2025-08-01 09:34:54 AM,1990.6,0,0.0,450180950.3
2025-08-01 09:34:56 AM,1990.2,614,1221982.8,451402933.1
2025-08-01 09:34:56 AM,1991.0,0,0.0,451402933.1
2025-08-01 09:35:01 AM,1991.6,0,0.0,451402933.1
2025-08-01 09:35:01 AM,1991.9,0,0.0,451402933.1
2025-08-01 09:35:03 AM,1992.1,873,1739103.2999999998,453142036.40000004
2025-08-01 09:35:10 AM,1992.3,626,1247179.8,454389216.20000005
2025-08-01 09:35:10 AM,1991.7,44,87634.8,454476851.00000006
2025-08-01 09:35:11 AM,1992.3,0,0.0,454476851.00000006
2025-08-01 09:35:16 AM,1992.0,0,0.0,454476851.00000006
2025-08-01 09:35:16 AM,1991.8,0,0.0,454476851.00000006
2025-08-01 09:35:17 AM,1991.8,200,398360.0,454875211.00000006
2025-08-01 09:35:17 AM,1992.0,1,1992.0,454877203.00000006
2025-08-01 09:35:21 AM,1992.1,0,0.0,454877203.00000006
2025-08-01 09:35:24 AM,1992.0,609,1213128.0,456090331.00000006
2025-08-01 09:35:24 AM,1992.7,61,121554.7,456211885.70000005
2025-08-01 09:35:26 AM,1992.1,0,0.0,456211885.70000005
2025-08-01 09:35:31 AM,1992.7,0,0.0,456211885.70000005
2025-08-01 09:35:31 AM,1992.1,269,535874.9,456747760.6
2025-08-01 09:35:31 AM,1992.0,0,0.0,456747760.6
2025-08-01 09:35:36 AM,1992.8,0,0.0,456747760.6
2025-08-01 09:35:36 AM,1992.7,0,0.0,456747760.6
2025-08-01 09:35:38 AM,1992.7,176,350715.2,457098475.8
2025-08-01 09:35:41 AM,1992.0,0,0.0,457098475.8
2025-08-01 09:35:41 AM,1992.8,0,0.0,457098475.8
2025-08-01 09:35:44 AM,1992.9,588,1171825.2,458270301.0
2025-08-01 09:35:46 AM,1992.1,0,0.0,458270301.0
2025-08-01 09:35:46 AM,1993.0,0,0.0,458270301.0
2025-08-01 09:35:51 AM,1992.9,0,0.0,458270301.0
2025-08-01 09:35:51 AM,1993.0,2413,4809109.0,463079410.0
2025-08-01 09:35:55 AM,1992.6,0,0.0,463079410.0
2025-08-01 09:35:58 AM,1992.7,434,864831.8,463944241.8
2025-08-01 09:36:00 AM,1992.8,0,0.0,463944241.8
2025-08-01 09:36:04 AM,1992.9,0,0.0,463944241.8
2025-08-01 09:36:04 AM,1992.9,595,1185775.5,465130017.3
2025-08-01 09:36:08 AM,1993.0,0,0.0,465130017.3
2025-08-01 09:36:11 AM,1992.5,633,1261252.5,466391269.8
2025-08-01 09:36:12 AM,1992.6,0,0.0,466391269.8
2025-08-01 09:36:16 AM,1992.4,0,0.0,466391269.8
2025-08-01 09:36:18 AM,1992.3,618,1231241.4,467622511.2
2025-08-01 09:36:18 AM,1992.3,218,434321.39999999997,468056832.59999996
2025-08-01 09:36:20 AM,1992.1,0,0.0,468056832.59999996
2025-08-01 09:36:24 AM,1992.8,0,0.0,468056832.59999996
2025-08-01 09:36:24 AM,1992.8,625,1245500.0,469302332.59999996
2025-08-01 09:36:24 AM,1992.2,0,0.0,469302332.59999996
2025-08-01 09:36:25 AM,1992.2,25,49805.0,469352137.59999996
2025-08-01 09:36:31 AM,1992.3,16,31876.8,469384014.4
2025-08-01 09:36:32 AM,1992.2,0,0.0,469384014.4
2025-08-01 09:36:36 AM,1991.1,0,0.0,469384014.4
2025-08-01 09:36:36 AM,1990.7,0,0.0,469384014.4
2025-08-01 09:36:37 AM,1991.3,1744,3472827.1999999997,472856841.59999996
2025-08-01 09:36:37 AM,1991.3,189,376355.7,473233197.29999995
2025-08-01 09:36:40 AM,1991.9,0,0.0,473233197.29999995
2025-08-01 09:36:40 AM,1992.6,0,0.0,473233197.29999995
2025-08-01 09:36:44 AM,1992.2,724,1442352.8,474675550.09999996
2025-08-01 09:36:44 AM,1992.2,174,346642.8,475022192.9
2025-08-01 09:36:48 AM,1992.1,0,0.0,475022192.9
2025-08-01 09:36:48 AM,1992.2,0,0.0,475022192.9
2025-08-01 09:36:50 AM,1992.2,406,808833.2000000001,475831026.09999996
2025-08-01 09:36:51 AM,1991.5,3,5974.5,475837000.59999996
2025-08-01 09:36:57 AM,1991.5,102,203133.0,476040133.59999996
2025-08-01 09:36:57 AM,1991.5,4,7966.0,476048099.59999996
2025-08-01 09:37:00 AM,1991.0,0,0.0,476048099.59999996
2025-08-01 09:37:01 AM,1991.1,0,0.0,476048099.59999996
2025-08-01 09:37:02 AM,1991.1,1211,2411222.1,478459321.7
2025-08-01 09:37:04 AM,1990.4,0,0.0,478459321.7
2025-08-01 09:37:04 AM,1990.4,1,1990.4,478461312.09999996
2025-08-01 09:37:06 AM,1990.4,14,27865.600000000002,478489177.7
2025-08-01 09:37:07 AM,1990.8,170,338436.0,478827613.7
2025-08-01 09:37:07 AM,1990.4,0,0.0,478827613.7
2025-08-01 09:37:08 AM,1990.4,14,27865.600000000002,478855479.3
2025-08-01 09:37:09 AM,1990.4,10,19904.0,478875383.3
2025-08-01 09:37:11 AM,1990.4,51,101510.40000000001,478976893.7
2025-08-01 09:37:12 AM,1990.4,145,288608.0,479265501.7
2025-08-01 09:37:13 AM,1990.8,100,199080.0,479464581.7
2025-08-01 09:37:14 AM,1990.3,0,0.0,479464581.7
2025-08-01 09:37:14 AM,1990.3,1077,2143553.1,481608134.8
2025-08-01 09:37:15 AM,1990.4,0,0.0,481608134.8
2025-08-01 09:37:16 AM,1990.3,223,443836.89999999997,482051971.7
2025-08-01 09:37:16 AM,1990.0,0,0.0,482051971.7
2025-08-01 09:37:17 AM,1990.0,1,1990.0,482053961.7
2025-08-01 09:37:18 AM,1990.0,18,35820.0,482089781.7
2025-08-01 09:37:18 AM,1990.0,70,139300.0,482229081.7
2025-08-01 09:37:20 AM,1990.1,63,125376.29999999999,482354458.0
2025-08-01 09:37:20 AM,1989.5,0,0.0,482354458.0
2025-08-01 09:37:21 AM,1989.5,1831,3642774.5,485997232.5
2025-08-01 09:37:23 AM,1989.2,1,1989.2,485999221.7
2025-08-01 09:37:24 AM,1989.6,0,0.0,485999221.7
2025-08-01 09:37:24 AM,1989.2,81,161125.2,486160346.9
2025-08-01 09:37:26 AM,1989.2,26,51719.200000000004,486212066.09999996
2025-08-01 09:37:27 AM,1989.2,27,53708.4,486265774.49999994
2025-08-01 09:37:28 AM,1988.9,637,1266929.3,487532703.79999995
2025-08-01 09:37:29 AM,1988.9,9,17900.100000000002,487550603.9
2025-08-01 09:37:30 AM,1988.9,623,1239084.7,488789688.59999996
2025-08-01 09:37:31 AM,1988.7,0,0.0,488789688.59999996
2025-08-01 09:37:32 AM,1988.7,65,129265.5,488918954.09999996
2025-08-01 09:37:32 AM,1988.7,1,1988.7,488920942.79999995
2025-08-01 09:37:34 AM,1988.7,1,1988.7,488922931.49999994
2025-08-01 09:37:35 AM,1988.7,73,145175.1,489068106.59999996
2025-08-01 09:37:36 AM,1988.8,1,1988.8,489070095.4
2025-08-01 09:37:37 AM,1988.8,4,7955.2,489078050.59999996
2025-08-01 09:37:38 AM,1988.8,6,11932.8,489089983.4
2025-08-01 09:37:39 AM,1988.8,81,161092.8,489251076.2
2025-08-01 09:37:40 AM,1988.7,105,208813.5,489459889.7
2025-08-01 09:37:41 AM,1988.7,272,540926.4,490000816.09999996
2025-08-01 09:37:42 AM,1988.9,17,33811.3,490034627.4
2025-08-01 09:37:43 AM,1989.9,0,0.0,490034627.4
2025-08-01 09:37:43 AM,1989.8,0,0.0,490034627.4
2025-08-01 09:37:43 AM,1989.8,901,1792809.8,491827437.2
2025-08-01 09:37:44 AM,1989.9,0,0.0,491827437.2
2025-08-01 09:37:45 AM,1989.9,127,252717.30000000002,492080154.5
2025-08-01 09:37:46 AM,1989.9,33,65666.7,492145821.2
2025-08-01 09:37:46 AM,1989.9,15,29848.5,492175669.7
2025-08-01 09:37:47 AM,1989.2,1,1989.2,492177658.9
2025-08-01 09:37:47 AM,1989.1,0,0.0,492177658.9
2025-08-01 09:37:48 AM,1989.1,201,399809.1,492577468.0
2025-08-01 09:37:49 AM,1989.8,12,23877.6,492601345.6
2025-08-01 09:37:51 AM,1989.8,12,23877.6,492625223.20000005
2025-08-01 09:37:52 AM,1989.2,4,7956.8,492633180.00000006
2025-08-01 09:37:53 AM,1989.8,5,9949.0,492643129.00000006
2025-08-01 09:37:54 AM,1989.3,34,67636.2,492710765.20000005
2025-08-01 09:37:54 AM,1989.1,0,0.0,492710765.20000005
2025-08-01 09:37:55 AM,1989.1,11,21880.1,492732645.3000001
2025-08-01 09:37:55 AM,1989.3,0,0.0,492732645.3000001
2025-08-01 09:37:56 AM,1989.1,0,0.0,492732645.3000001
2025-08-01 09:37:56 AM,1989.1,23,45749.299999999996,492778394.6000001
2025-08-01 09:37:57 AM,1989.4,0,0.0,492778394.6000001
2025-08-01 09:37:58 AM,1989.4,17,33819.8,492812214.4000001
2025-08-01 09:37:58 AM,1989.8,0,0.0,492812214.4000001
2025-08-01 09:37:59 AM,1989.1,28,55694.799999999996,492867909.2000001
2025-08-01 09:38:04 AM,1989.6,0,0.0,492867909.2000001
2025-08-01 09:38:05 AM,1989.1,412,819509.2,493687418.4000001
2025-08-01 09:38:12 AM,1989.1,188,373950.8,494061369.2000001
2025-08-01 09:38:16 AM,1989.2,0,0.0,494061369.2000001
2025-08-01 09:38:19 AM,1989.2,83,165103.6,494226472.80000013
2025-08-01 09:38:26 AM,1989.2,52,103438.40000000001,494329911.2000001
2025-08-01 09:38:30 AM,1989.3,0,0.0,494329911.2000001
2025-08-01 09:38:32 AM,1989.0,0,0.0,494329911.2000001
2025-08-01 09:38:32 AM,1989.0,1211,2408679.0,496738590.2000001
2025-08-01 09:38:33 AM,1988.9,1,1988.9,496740579.1000001
2025-08-01 09:38:36 AM,1989.1,0,0.0,496740579.1000001
2025-08-01 09:38:39 AM,1989.4,1089,2166456.6,498907035.7000001
2025-08-01 09:38:44 AM,1989.9,0,0.0,498907035.7000001
2025-08-01 09:38:46 AM,1989.3,24,47743.2,498954778.9000001
2025-08-01 09:38:48 AM,1989.9,0,0.0,498954778.9000001
2025-08-01 09:38:52 AM,1989.5,328,652556.0,499607334.9000001
2025-08-01 09:38:56 AM,1989.4,0,0.0,499607334.9000001
2025-08-01 09:38:59 AM,1990.0,180,358200.0,499965534.9000001
2025-08-01 09:38:59 AM,1990.0,82,163180.0,500128714.9000001
2025-08-01 09:39:00 AM,1989.9,0,0.0,500128714.9000001
2025-08-01 09:39:06 AM,1989.6,478,951028.7999999999,501079743.7000001
2025-08-01 09:39:11 AM,1989.9,0,0.0,501079743.7000001
2025-08-01 09:39:13 AM,1989.9,63,125363.70000000001,501205107.4000001
2025-08-01 09:39:13 AM,1989.9,194,386040.60000000003,501591148.0000001
2025-08-01 09:39:15 AM,1989.6,0,0.0,501591148.0000001
2025-08-01 09:39:19 AM,1989.9,141,280575.9,501871723.9000001
2025-08-01 09:39:21 AM,1989.7,0,0.0,501871723.9000001
2025-08-01 09:39:26 AM,1990.0,204,405960.0,502277683.9000001
2025-08-01 09:39:26 AM,1990.0,100,199000.0,502476683.9000001
2025-08-01 09:39:33 AM,1990.0,312,620880.0,503097563.9000001
2025-08-01 09:39:37 AM,1990.2,0,0.0,503097563.9000001
2025-08-01 09:39:39 AM,1990.5,277,551368.5,503648932.4000001
2025-08-01 09:39:40 AM,1990.5,5,9952.5,503658884.9000001
2025-08-01 09:39:41 AM,1990.6,0,0.0,503658884.9000001
2025-08-01 09:39:45 AM,1990.9,0,0.0,503658884.9000001
2025-08-01 09:39:46 AM,1990.6,0,0.0,503658884.9000001
2025-08-01 09:39:46 AM,1990.6,2336,4650041.6,508308926.5000001
2025-08-01 09:39:46 AM,1990.9,2,3981.8,508312908.30000013
2025-08-01 09:39:52 AM,1991.5,1424,2835896.0,511148804.30000013
2025-08-01 09:39:53 AM,1991.5,111,221056.5,511369860.80000013
2025-08-01 09:39:57 AM,1991.1,0,0.0,511369860.80000013
2025-08-01 09:39:59 AM,1990.9,424,844141.6000000001,512214002.40000015
2025-08-01 09:40:00 AM,1991.5,59,117498.5,512331500.90000015
2025-08-01 09:40:05 AM,1991.4,0,0.0,512331500.90000015
2025-08-01 09:40:05 AM,1991.4,403,802534.2000000001,513134035.10000014
2025-08-01 09:40:06 AM,1991.4,18,35845.200000000004,513169880.30000013
2025-08-01 09:40:12 AM,1991.4,76,151346.4,513321226.7000001
2025-08-01 09:40:13 AM,1991.4,17,33853.8,513355080.5000001
2025-08-01 09:40:15 AM,1991.2,0,0.0,513355080.5000001
2025-08-01 09:40:18 AM,1991.1,145,288709.5,513643790.0000001
2025-08-01 09:40:19 AM,1991.2,76,151331.2,513795121.2000001
2025-08-01 09:40:20 AM,1991.1,0,0.0,513795121.2000001
2025-08-01 09:40:24 AM,1991.2,0,0.0,513795121.2000001
2025-08-01 09:40:25 AM,1991.7,409,814605.3,514609726.5000001
2025-08-01 09:40:27 AM,1991.2,0,0.0,514609726.5000001
2025-08-01 09:40:29 AM,1991.4,0,0.0,514609726.5000001
2025-08-01 09:40:32 AM,1991.7,770,1533609.0,516143335.5000001
2025-08-01 09:40:38 AM,1991.7,209,416265.3,516559600.80000013
2025-08-01 09:40:39 AM,1991.3,30,59739.0,516619339.80000013
2025-08-01 09:40:40 AM,1991.6,0,0.0,516619339.80000013
2025-08-01 09:40:44 AM,1991.7,0,0.0,516619339.80000013
2025-08-01 09:40:45 AM,1991.7,113,225062.1,516844401.90000015
2025-08-01 09:40:46 AM,1991.8,49,97598.2,516942000.10000014
2025-08-01 09:40:52 AM,1991.9,32,63740.8,517005740.90000015
2025-08-01 09:40:52 AM,1991.6,50,99580.0,517105320.90000015
2025-08-01 09:40:53 AM,1991.8,0,0.0,517105320.90000015
2025-08-01 09:40:58 AM,1991.8,49,97598.2,517202919.10000014
2025-08-01 09:41:04 AM,1992.9,0,0.0,517202919.10000014
2025-08-01 09:41:05 AM,1992.3,0,0.0,517202919.10000014
2025-08-01 09:41:05 AM,1992.3,667,1328864.0999999999,518531783.20000017
2025-08-01 09:41:05 AM,1993.0,692,1379156.0,519910939.20000017
2025-08-01 09:41:08 AM,1992.9,0,0.0,519910939.20000017
2025-08-01 09:41:11 AM,1992.9,402,801145.8,520712085.0000002
2025-08-01 09:41:12 AM,1991.7,1189,2368131.3000000003,523080216.3000002
2025-08-01 09:41:12 AM,1992.6,0,0.0,523080216.3000002
2025-08-01 09:41:16 AM,1992.8,0,0.0,523080216.3000002
2025-08-01 09:41:17 AM,1992.6,0,0.0,523080216.3000002
2025-08-01 09:41:18 AM,1992.6,579,1153715.4,524233931.70000017
2025-08-01 09:41:19 AM,1992.7,423,842912.1,525076843.8000002
2025-08-01 09:41:24 AM,1993.4,0,0.0,525076843.8000002
2025-08-01 09:41:25 AM,1992.7,0,0.0,525076843.8000002
2025-08-01 09:41:25 AM,1993.4,3532,7040688.800000001,532117532.6000002
2025-08-01 09:41:26 AM,1992.6,3,5977.799999999999,532123510.4000002
2025-08-01 09:41:28 AM,1992.2,0,0.0,532123510.4000002
2025-08-01 09:41:31 AM,1993.3,1281,2553417.3,534676927.7000002
2025-08-01 09:41:32 AM,1993.3,81,161457.3,534838385.00000024
2025-08-01 09:41:38 AM,1993.3,204,406633.2,535245018.2000002
2025-08-01 09:41:40 AM,1993.2,0,0.0,535245018.2000002
2025-08-01 09:41:44 AM,1993.1,0,0.0,535245018.2000002
2025-08-01 09:41:45 AM,1993.1,2028,4042006.8,539287025.0000002
2025-08-01 09:41:46 AM,1993.3,188,374740.39999999997,539661765.4000002
2025-08-01 09:41:48 AM,1992.8,0,0.0,539661765.4000002
2025-08-01 09:41:51 AM,1993.3,947,1887655.0999999999,541549420.5000002
2025-08-01 09:41:52 AM,1993.3,18,35879.4,541585299.9000002
2025-08-01 09:41:56 AM,1993.0,0,0.0,541585299.9000002
2025-08-01 09:41:57 AM,1992.8,171,340768.8,541926068.7000002
2025-08-01 09:41:58 AM,1992.8,62,123553.59999999999,542049622.3000002
2025-08-01 09:42:04 AM,1992.8,606,1207636.8,543257259.1000001
2025-08-01 09:42:09 AM,1993.2,0,0.0,543257259.1000001
2025-08-01 09:42:11 AM,1992.8,140,278992.0,543536251.1000001
2025-08-01 09:42:12 AM,1993.2,70,139524.0,543675775.1000001
2025-08-01 09:42:17 AM,1992.9,43,85694.7,543761469.8000002
2025-08-01 09:42:24 AM,1992.9,1091,2174253.9,545935723.7000002
2025-08-01 09:42:25 AM,1992.7,1,1992.7,545937716.4000002
2025-08-01 09:42:26 AM,1992.4,0,0.0,545937716.4000002
2025-08-01 09:42:30 AM,1991.9,366,729035.4,546666751.8000002
2025-08-01 09:42:31 AM,1991.5,0,0.0,546666751.8000002
2025-08-01 09:42:32 AM,1991.5,15,29872.5,546696624.3000002
2025-08-01 09:42:35 AM,1991.9,0,0.0,546696624.3000002
2025-08-01 09:42:37 AM,1991.5,313,623339.5,547319963.8000002
2025-08-01 09:42:39 AM,1991.9,0,0.0,547319963.8000002
2025-08-01 09:42:43 AM,1991.9,196,390412.4,547710376.2000002
2025-08-01 09:42:44 AM,1991.9,7,13943.300000000001,547724319.5000001
2025-08-01 09:42:47 AM,1993.2,0,0.0,547724319.5000001
2025-08-01 09:42:50 AM,1993.4,225,448515.0,548172834.5000001
2025-08-01 09:42:51 AM,1993.7,0,0.0,548172834.5000001
2025-08-01 09:42:51 AM,1993.9,122,243255.80000000002,548416090.3000001
2025-08-01 09:42:55 AM,1994.5,0,0.0,548416090.3000001
2025-08-01 09:42:56 AM,1994.5,514,1025173.0,549441263.3000001
2025-08-01 09:42:57 AM,1994.5,56,111692.0,549552955.3000001
2025-08-01 09:42:59 AM,1994.0,0,0.0,549552955.3000001
2025-08-01 09:43:03 AM,1994.5,0,0.0,549552955.3000001
2025-08-01 09:43:03 AM,1993.5,1178,2348343.0,551901298.3000001
2025-08-01 09:43:03 AM,1993.8,0,0.0,551901298.3000001
2025-08-01 09:43:04 AM,1993.8,45,89721.0,551991019.3000001
2025-08-01 09:43:07 AM,1994.4,0,0.0,551991019.3000001
2025-08-01 09:43:09 AM,1993.8,62,123615.59999999999,552114634.9000001
2025-08-01 09:43:10 AM,1994.4,30,59832.0,552174466.9000001
2025-08-01 09:43:15 AM,1993.8,0,0.0,552174466.9000001
2025-08-01 09:43:16 AM,1994.0,220,438680.0,552613146.9000001
2025-08-01 09:43:17 AM,1994.5,20,39890.0,552653036.9000001
2025-08-01 09:43:19 AM,1994.8,0,0.0,552653036.9000001
2025-08-01 09:43:23 AM,1994.9,0,0.0,552653036.9000001
2025-08-01 09:43:23 AM,1994.9,5969,11907558.1,564560595.0000001
2025-08-01 09:43:27 AM,1994.8,0,0.0,564560595.0000001
2025-08-01 09:43:27 AM,1995.6,0,0.0,564560595.0000001
2025-08-01 09:43:29 AM,1995.6,186,371181.6,564931776.6000001
2025-08-01 09:43:35 AM,1996.8,0,0.0,564931776.6000001
2025-08-01 09:43:35 AM,1996.7,0,0.0,564931776.6000001
2025-08-01 09:43:36 AM,1996.7,1759,3512195.3000000003,568443971.9000001
2025-08-01 09:43:37 AM,1995.6,247,492913.19999999995,568936885.1000001
2025-08-01 09:43:39 AM,1996.1,0,0.0,568936885.1000001
2025-08-01 09:43:39 AM,1996.2,0,0.0,568936885.1000001
2025-08-01 09:43:42 AM,1996.2,297,592871.4,569529756.5000001
2025-08-01 09:43:43 AM,1996.1,0,0.0,569529756.5000001
2025-08-01 09:43:43 AM,1996.1,25,49902.5,569579659.0000001
2025-08-01 09:43:49 AM,1996.1,66,131742.6,569711401.6000001
2025-08-01 09:43:51 AM,1996.3,0,0.0,569711401.6000001
2025-08-01 09:43:55 AM,1996.0,0,0.0,569711401.6000001
2025-08-01 09:43:55 AM,1996.0,735,1467060.0,571178461.6000001
2025-08-01 09:43:56 AM,1996.0,100,199600.0,571378061.6000001
2025-08-01 09:43:59 AM,1996.4,0,0.0,571378061.6000001
2025-08-01 09:43:59 AM,1996.5,0,0.0,571378061.6000001
2025-08-01 09:44:02 AM,1996.5,631,1259791.5,572637853.1000001
2025-08-01 09:44:03 AM,1996.0,0,0.0,572637853.1000001
2025-08-01 09:44:08 AM,1996.4,0,0.0,572637853.1000001
2025-08-01 09:44:09 AM,1996.4,401,800556.4,573438409.5000001
2025-08-01 09:44:11 AM,1995.7,0,0.0,573438409.5000001
2025-08-01 09:44:13 AM,1996.5,0,0.0,573438409.5000001
2025-08-01 09:44:15 AM,1996.6,0,0.0,573438409.5000001
2025-08-01 09:44:16 AM,1996.6,627,1251868.2,574690277.7000002
2025-08-01 09:44:17 AM,1996.4,0,0.0,574690277.7000002
2025-08-01 09:44:17 AM,1996.4,12,23956.800000000003,574714234.5000001
2025-08-01 09:44:21 AM,1996.0,0,0.0,574714234.5000001
2025-08-01 09:44:22 AM,1996.8,2444,4880179.2,579594413.7000002
2025-08-01 09:44:23 AM,1996.8,20,39936.0,579634349.7000002
2025-08-01 09:44:27 AM,1996.9,0,0.0,579634349.7000002
2025-08-01 09:44:29 AM,1996.9,878,1753278.2000000002,581387627.9000002
2025-08-01 09:44:31 AM,1996.5,0,0.0,581387627.9000002
2025-08-01 09:44:33 AM,1996.8,0,0.0,581387627.9000002
2025-08-01 09:44:35 AM,1996.8,223,445286.39999999997,581832914.3000002
2025-08-01 09:44:36 AM,1996.8,385,768768.0,582601682.3000002
2025-08-01 09:44:37 AM,1996.9,0,0.0,582601682.3000002
2025-08-01 09:44:39 AM,1996.6,0,0.0,582601682.3000002
2025-08-01 09:44:41 AM,1996.5,0,0.0,582601682.3000002
2025-08-01 09:44:41 AM,1996.7,610,1217987.0,583819669.3000002
2025-08-01 09:44:42 AM,1996.8,35,69888.0,583889557.3000002
2025-08-01 09:44:48 AM,1996.8,555,1108224.0,584997781.3000002
2025-08-01 09:44:49 AM,1996.5,0,0.0,584997781.3000002
2025-08-01 09:44:49 AM,1996.5,100,199650.0,585197431.3000002
2025-08-01 09:44:51 AM,1996.0,0,0.0,585197431.3000002
2025-08-01 09:44:54 AM,1996.1,1258,2511093.8,587708525.1000001
2025-08-01 09:44:57 AM,1996.6,0,0.0,587708525.1000001
2025-08-01 09:44:59 AM,1996.8,0,0.0,587708525.1000001
2025-08-01 09:45:01 AM,1996.7,0,0.0,587708525.1000001
2025-08-01 09:45:01 AM,1996.7,111,221633.7,587930158.8000002
2025-08-01 09:45:02 AM,1996.5,5,9982.5,587940141.3000002
2025-08-01 09:45:04 AM,1996.4,0,0.0,587940141.3000002
2025-08-01 09:45:06 AM,1996.5,0,0.0,587940141.3000002
2025-08-01 09:45:08 AM,1997.0,846,1689462.0,589629603.3000002
2025-08-01 09:45:09 AM,1996.8,0,0.0,589629603.3000002
2025-08-01 09:45:14 AM,1997.0,268,535196.0,590164799.3000002
2025-08-01 09:45:15 AM,1996.5,0,0.0,590164799.3000002
2025-08-01 09:45:16 AM,1996.5,5,9982.5,590174781.8000002
2025-08-01 09:45:19 AM,1996.9,0,0.0,590174781.8000002
2025-08-01 09:45:21 AM,1996.5,69,137758.5,590312540.3000002
2025-08-01 09:45:22 AM,1996.5,9,17968.5,590330508.8000002
2025-08-01 09:45:24 AM,1996.9,0,0.0,590330508.8000002
2025-08-01 09:45:27 AM,1997.0,133,265601.0,590596109.8000002
2025-08-01 09:45:28 AM,1997.0,10,19970.0,590616079.8000002
2025-08-01 09:45:31 AM,1996.8,0,0.0,590616079.8000002
2025-08-01 09:45:32 AM,1996.9,0,0.0,590616079.8000002
2025-08-01 09:45:33 AM,1997.0,571,1140287.0,591756366.8000002
2025-08-01 09:45:35 AM,1996.8,0,0.0,591756366.8000002
2025-08-01 09:45:39 AM,1997.0,0,0.0,591756366.8000002
2025-08-01 09:45:40 AM,1997.0,402,802794.0,592559160.8000002
2025-08-01 09:45:43 AM,1996.8,0,0.0,592559160.8000002
2025-08-01 09:45:47 AM,1997.0,357,712929.0,593272089.8000002
2025-08-01 09:45:48 AM,1996.8,0,0.0,593272089.8000002
2025-08-01 09:45:48 AM,1996.8,25,49920.0,593322009.8000002
2025-08-01 09:45:51 AM,1997.3,0,0.0,593322009.8000002
2025-08-01 09:45:53 AM,1997.3,3082,6155678.6,599477688.4000002
2025-08-01 09:45:54 AM,1997.9,22,43953.8,599521642.2000002
2025-08-01 09:45:54 AM,1998.0,0,0.0,599521642.2000002
2025-08-01 09:45:57 AM,1998.4,0,0.0,599521642.2000002
2025-08-01 09:45:59 AM,1998.8,3809,7613429.2,607135071.4000002
2025-08-01 09:46:01 AM,1998.7,0,0.0,607135071.4000002
2025-08-01 09:46:01 AM,1998.7,2,3997.4,607139068.8000002
2025-08-01 09:46:01 AM,1997.9,0,0.0,607139068.8000002
2025-08-01 09:46:05 AM,1998.2,0,0.0,607139068.8000002
2025-08-01 09:46:06 AM,1998.9,1025,2048872.5,609187941.3000002
2025-08-01 09:46:07 AM,1998.9,358,715606.2000000001,609903547.5000002
2025-08-01 09:46:12 AM,1998.9,637,1273299.3,611176846.8000002
2025-08-01 09:46:14 AM,1998.2,118,235787.6,611412634.4000002
2025-08-01 09:46:16 AM,1998.3,0,0.0,611412634.4000002
2025-08-01 09:46:19 AM,1998.9,553,1105391.7,612518026.1000003
2025-08-01 09:46:20 AM,1998.8,0,0.0,612518026.1000003
2025-08-01 09:46:21 AM,1998.8,227,453727.6,612971753.7000003
2025-08-01 09:46:25 AM,1998.8,513,1025384.4,613997138.1000003
2025-08-01 09:46:27 AM,1998.8,33,65960.4,614063098.5000002
2025-08-01 09:46:29 AM,1999.0,0,0.0,614063098.5000002
2025-08-01 09:46:32 AM,1998.9,0,0.0,614063098.5000002
2025-08-01 09:46:32 AM,1998.9,277,553695.3,614616793.8000002
2025-08-01 09:46:33 AM,1998.8,0,0.0,614616793.8000002
2025-08-01 09:46:34 AM,1998.8,535,1069358.0,615686151.8000002
2025-08-01 09:46:36 AM,1998.6,0,0.0,615686151.8000002
2025-08-01 09:46:37 AM,1998.4,0,0.0,615686151.8000002
2025-08-01 09:46:38 AM,1998.4,393,785371.2000000001,616471523.0000002
2025-08-01 09:46:40 AM,1998.0,0,0.0,616471523.0000002
2025-08-01 09:46:40 AM,1998.3,520,1039116.0,617510639.0000002
2025-08-01 09:46:41 AM,1998.9,0,0.0,617510639.0000002
2025-08-01 09:46:44 AM,1998.3,0,0.0,617510639.0000002
2025-08-01 09:46:44 AM,1998.3,402,803316.6,618313955.6000003
2025-08-01 09:46:45 AM,1998.9,0,0.0,618313955.6000003
2025-08-01 09:46:46 AM,1998.0,548,1094904.0,619408859.6000003
2025-08-01 09:46:50 AM,1998.6,58,115918.79999999999,619524778.4000002
2025-08-01 09:46:52 AM,1998.0,0,0.0,619524778.4000002
2025-08-01 09:46:52 AM,1997.6,990,1977624.0,621502402.4000002
2025-08-01 09:46:56 AM,1998.1,0,0.0,621502402.4000002
2025-08-01 09:46:57 AM,1998.0,368,735264.0,622237666.4000002
2025-08-01 09:46:59 AM,1997.9,63,125867.70000000001,622363534.1000003
2025-08-01 09:47:00 AM,1998.6,0,0.0,622363534.1000003
2025-08-01 09:47:01 AM,1998.7,0,0.0,622363534.1000003
2025-08-01 09:47:03 AM,1998.5,608,1215088.0,623578622.1000003
2025-08-01 09:47:04 AM,1998.4,0,0.0,623578622.1000003
2025-08-01 09:47:05 AM,1998.4,103,205835.2,623784457.3000003
2025-08-01 09:47:08 AM,1998.2,0,0.0,623784457.3000003
2025-08-01 09:47:09 AM,1998.7,197,393743.9,624178201.2000003
2025-08-01 09:47:09 AM,1998.4,0,0.0,624178201.2000003
2025-08-01 09:47:11 AM,1997.7,184,367576.8,624545778.0000002
2025-08-01 09:47:15 AM,1998.2,299,597461.8,625143239.8000002
2025-08-01 09:47:17 AM,1998.2,102,203816.4,625347056.2000002
2025-08-01 09:47:17 AM,1997.7,0,0.0,625347056.2000002
2025-08-01 09:47:20 AM,1998.2,0,0.0,625347056.2000002
