date,price,qty,trnvr,cum_trnvr
2025-08-01 09:15:07 AM,1134.3,1137,1289699.0999999999,1289699.0999999999
2025-08-01 09:15:09 AM,1134.0,7,7938.0,1297637.0999999999
2025-08-01 09:15:15 AM,1127.5,0,0.0,1297637.0999999999
2025-08-01 09:15:18 AM,1127.5,715,806162.5,2103799.5999999996
2025-08-01 09:15:20 AM,1127.1,32,36067.2,2139866.8
2025-08-01 09:15:24 AM,1125.4,0,0.0,2139866.8
2025-08-01 09:15:28 AM,1125.1,774,870827.3999999999,3010694.1999999997
2025-08-01 09:15:35 AM,1125.0,0,0.0,3010694.1999999997
2025-08-01 09:15:36 AM,1125.1,676,760567.6,3771261.8
2025-08-01 09:15:39 AM,1125.0,0,0.0,3771261.8
2025-08-01 09:15:43 AM,1124.1,0,0.0,3771261.8
2025-08-01 09:15:44 AM,1124.1,167,187724.69999999998,3958986.5
2025-08-01 09:15:46 AM,1121.0,1584,1775664.0,5734650.5
2025-08-01 09:15:51 AM,1118.7,0,0.0,5734650.5
2025-08-01 09:15:53 AM,1119.0,301,336819.0,6071469.5
2025-08-01 09:15:57 AM,1120.9,0,0.0,6071469.5
2025-08-01 09:16:01 AM,1120.0,721,807520.0,6878989.5
2025-08-01 09:16:03 AM,1117.5,101,112867.5,6991857.0
2025-08-01 09:16:05 AM,1119.0,0,0.0,6991857.0
2025-08-01 09:16:09 AM,1117.3,294,328486.2,7320343.2
2025-08-01 09:16:11 AM,1117.1,331,369760.1,7690103.3
2025-08-01 09:16:12 AM,1119.0,0,0.0,7690103.3
2025-08-01 09:16:17 AM,1118.8,110,123068.0,7813171.3
2025-08-01 09:16:19 AM,1119.0,34,38046.0,7851217.3
2025-08-01 09:16:20 AM,1117.8,0,0.0,7851217.3
2025-08-01 09:16:23 AM,1119.3,0,0.0,7851217.3
2025-08-01 09:16:25 AM,1121.9,478,536268.2000000001,8387485.5
2025-08-01 09:16:27 AM,1119.3,107,119765.09999999999,8507250.6
2025-08-01 09:16:31 AM,1119.0,0,0.0,8507250.6
2025-08-01 09:16:34 AM,1119.0,85,95115.0,8602365.6
2025-08-01 09:16:35 AM,1118.6,1162,1299813.2,9902178.799999999
2025-08-01 09:16:40 AM,1118.0,0,0.0,9902178.799999999
2025-08-01 09:16:42 AM,1118.0,154,172172.0,10074350.799999999
2025-08-01 09:16:50 AM,1119.1,307,343563.69999999995,10417914.499999998
2025-08-01 09:16:50 AM,1119.6,0,0.0,10417914.499999998
2025-08-01 09:16:52 AM,1120.1,70,78407.0,10496321.499999998
2025-08-01 09:16:58 AM,1119.0,41,45879.0,10542200.499999998
2025-08-01 09:17:00 AM,1120.5,15,16807.5,10559007.999999998
2025-08-01 09:17:00 AM,1120.1,0,0.0,10559007.999999998
2025-08-01 09:17:02 AM,1120.2,0,0.0,10559007.999999998
2025-08-01 09:17:07 AM,1119.5,302,338089.0,10897096.999999998
2025-08-01 09:17:08 AM,1120.6,59,66115.4,10963212.399999999
2025-08-01 09:17:09 AM,1120.0,0,0.0,10963212.399999999
2025-08-01 09:17:11 AM,1119.4,0,0.0,10963212.399999999
2025-08-01 09:17:15 AM,1119.3,383,428691.89999999997,11391904.299999999
2025-08-01 09:17:16 AM,1119.1,79,88408.9,11480313.2
2025-08-01 09:17:18 AM,1118.6,0,0.0,11480313.2
2025-08-01 09:17:20 AM,1118.0,0,0.0,11480313.2
2025-08-01 09:17:23 AM,1119.1,416,465545.6,11945858.799999999
2025-08-01 09:17:24 AM,1118.1,32,35779.2,11981637.999999998
2025-08-01 09:17:26 AM,1118.0,0,0.0,11981637.999999998
2025-08-01 09:17:28 AM,1119.5,0,0.0,11981637.999999998
2025-08-01 09:17:31 AM,1117.5,497,555397.5,12537035.499999998
2025-08-01 09:17:34 AM,1118.6,0,0.0,12537035.499999998
2025-08-01 09:17:36 AM,1117.0,0,0.0,12537035.499999998
2025-08-01 09:17:40 AM,1117.9,433,484050.7,13021086.199999997
2025-08-01 09:17:42 AM,1117.0,0,0.0,13021086.199999997
2025-08-01 09:17:45 AM,1116.0,0,0.0,13021086.199999997
2025-08-01 09:17:48 AM,1116.6,562,627529.2,13648615.399999997
2025-08-01 09:17:49 AM,1116.0,17,18972.0,13667587.399999997
2025-08-01 09:17:52 AM,1115.6,0,0.0,13667587.399999997
2025-08-01 09:17:54 AM,1115.5,0,0.0,13667587.399999997
2025-08-01 09:17:56 AM,1116.0,193,215388.0,13882975.399999997
2025-08-01 09:18:00 AM,1116.6,0,0.0,13882975.399999997
2025-08-01 09:18:02 AM,1119.3,0,0.0,13882975.399999997
2025-08-01 09:18:04 AM,1117.9,520,581308.0,14464283.399999997
2025-08-01 09:18:06 AM,1119.6,45,50381.99999999999,14514665.399999997
2025-08-01 09:18:08 AM,1119.1,0,0.0,14514665.399999997
2025-08-01 09:18:10 AM,1120.2,0,0.0,14514665.399999997
2025-08-01 09:18:13 AM,1120.0,375,420000.0,14934665.399999997
2025-08-01 09:18:14 AM,1121.1,3,3363.2999999999997,14938028.699999997
2025-08-01 09:18:21 AM,1121.5,227,254580.5,15192609.199999997
2025-08-01 09:18:22 AM,1121.4,29,32520.600000000002,15225129.799999997
2025-08-01 09:18:26 AM,1121.5,0,0.0,15225129.799999997
2025-08-01 09:18:29 AM,1121.5,58,65047.0,15290176.799999997
2025-08-01 09:18:31 AM,1121.4,42,47098.8,15337275.599999998
2025-08-01 09:18:32 AM,1121.5,0,0.0,15337275.599999998
2025-08-01 09:18:37 AM,1122.6,169,189719.4,15526994.999999998
2025-08-01 09:18:42 AM,1121.9,0,0.0,15526994.999999998
2025-08-01 09:18:46 AM,1121.4,70,78498.0,15605492.999999998
2025-08-01 09:18:48 AM,1121.9,0,0.0,15605492.999999998
2025-08-01 09:18:54 AM,1121.0,126,141246.0,15746738.999999998
2025-08-01 09:18:58 AM,1121.1,0,0.0,15746738.999999998
2025-08-01 09:19:02 AM,1119.1,399,446520.89999999997,16193259.899999999
2025-08-01 09:19:03 AM,1120.0,10,11200.0,16204459.899999999
2025-08-01 09:19:04 AM,1120.8,0,0.0,16204459.899999999
2025-08-01 09:19:06 AM,1119.8,0,0.0,16204459.899999999
2025-08-01 09:19:10 AM,1121.1,230,257852.99999999997,16462312.899999999
2025-08-01 09:19:11 AM,1121.8,5,5609.0,16467921.899999999
2025-08-01 09:19:14 AM,1121.7,0,0.0,16467921.899999999
2025-08-01 09:19:18 AM,1121.1,106,118836.59999999999,16586758.499999998
2025-08-01 09:19:21 AM,1120.1,0,0.0,16586758.499999998
2025-08-01 09:19:26 AM,1121.0,161,180481.0,16767239.499999998
2025-08-01 09:19:29 AM,1121.7,0,0.0,16767239.499999998
2025-08-01 09:19:34 AM,1119.8,225,251955.0,17019194.5
2025-08-01 09:19:36 AM,1119.8,114,127657.2,17146851.7
2025-08-01 09:19:42 AM,1120.8,1,1120.8,17147972.5
2025-08-01 09:19:50 AM,1119.6,302,338119.19999999995,17486091.7
2025-08-01 09:19:51 AM,1120.7,0,0.0,17486091.7
2025-08-01 09:19:52 AM,1120.7,7,7844.900000000001,17493936.599999998
2025-08-01 09:19:58 AM,1119.2,37,41410.4,17535346.999999996
2025-08-01 09:20:05 AM,1120.2,0,0.0,17535346.999999996
2025-08-01 09:20:06 AM,1120.2,154,172510.80000000002,17707857.799999997
2025-08-01 09:20:12 AM,1119.0,0,0.0,17707857.799999997
2025-08-01 09:20:14 AM,1119.0,550,615450.0,18323307.799999997
2025-08-01 09:20:16 AM,1118.9,365,408398.50000000006,18731706.299999997
2025-08-01 09:20:20 AM,1119.4,0,0.0,18731706.299999997
2025-08-01 09:20:22 AM,1118.2,114,127474.8,18859181.099999998
2025-08-01 09:20:30 AM,1119.2,16,17907.2,18877088.299999997
2025-08-01 09:20:30 AM,1118.4,0,0.0,18877088.299999997
2025-08-01 09:20:31 AM,1118.4,54,60393.600000000006,18937481.9
2025-08-01 09:20:37 AM,1118.3,0,0.0,18937481.9
2025-08-01 09:20:38 AM,1118.3,102,114066.59999999999,19051548.5
2025-08-01 09:20:40 AM,1119.6,0,0.0,19051548.5
2025-08-01 09:20:44 AM,1118.0,0,0.0,19051548.5
2025-08-01 09:20:46 AM,1119.1,328,367064.8,19418613.3
2025-08-01 09:20:58 AM,1117.8,0,0.0,19418613.3
2025-08-01 09:21:01 AM,1118.0,212,237016.0,19655629.3
2025-08-01 09:21:05 AM,1118.8,0,0.0,19655629.3
2025-08-01 09:21:09 AM,1118.8,20,22376.0,19678005.3
2025-08-01 09:21:12 AM,1118.7,0,0.0,19678005.3
2025-08-01 09:21:14 AM,1118.0,0,0.0,19678005.3
2025-08-01 09:21:17 AM,1117.3,240,268152.0,19946157.3
2025-08-01 09:21:19 AM,1118.0,0,0.0,19946157.3
2025-08-01 09:21:21 AM,1117.3,0,0.0,19946157.3
2025-08-01 09:21:25 AM,1118.6,83,92843.79999999999,20039001.1
2025-08-01 09:21:33 AM,1117.4,54,60339.600000000006,20099340.700000003
2025-08-01 09:21:38 AM,1118.4,0,0.0,20099340.700000003
2025-08-01 09:21:40 AM,1118.4,113,126379.20000000001,20225719.900000002
2025-08-01 09:21:44 AM,1117.3,0,0.0,20225719.900000002
2025-08-01 09:21:48 AM,1117.3,31,34636.299999999996,20260356.200000003
2025-08-01 09:21:49 AM,1117.3,37,41340.1,20301696.300000004
2025-08-01 09:21:51 AM,1117.4,0,0.0,20301696.300000004
2025-08-01 09:21:54 AM,1117.3,0,0.0,20301696.300000004
2025-08-01 09:21:55 AM,1117.3,129,144131.69999999998,20445828.000000004
2025-08-01 09:21:56 AM,1118.1,7,7826.699999999999,20453654.700000003
2025-08-01 09:22:01 AM,1118.4,0,0.0,20453654.700000003
2025-08-01 09:22:03 AM,1118.4,60,67104.0,20520758.700000003
2025-08-01 09:22:05 AM,1117.4,0,0.0,20520758.700000003
2025-08-01 09:22:10 AM,1118.4,122,136444.80000000002,20657203.500000004
2025-08-01 09:22:12 AM,1119.0,53,59307.0,20716510.500000004
2025-08-01 09:22:15 AM,1117.3,0,0.0,20716510.500000004
2025-08-01 09:22:18 AM,1117.3,68,75976.4,20792486.900000002
2025-08-01 09:22:19 AM,1118.1,0,0.0,20792486.900000002
2025-08-01 09:22:20 AM,1118.1,45,50314.49999999999,20842801.400000002
2025-08-01 09:22:22 AM,1117.5,0,0.0,20842801.400000002
2025-08-01 09:22:26 AM,1117.5,117,130747.5,20973548.900000002
2025-08-01 09:22:33 AM,1118.3,152,169981.6,21143530.500000004
2025-08-01 09:22:41 AM,1117.5,7,7822.5,21151353.000000004
2025-08-01 09:22:43 AM,1118.3,51,57033.299999999996,21208386.300000004
2025-08-01 09:22:43 AM,1118.2,0,0.0,21208386.300000004
2025-08-01 09:22:47 AM,1118.3,0,0.0,21208386.300000004
2025-08-01 09:22:49 AM,1118.3,309,345554.7,21553941.000000004
2025-08-01 09:22:50 AM,1119.0,2,2238.0,21556179.000000004
2025-08-01 09:22:55 AM,1118.3,0,0.0,21556179.000000004
2025-08-01 09:22:56 AM,1118.3,12,13419.599999999999,21569598.600000005
2025-08-01 09:22:58 AM,1119.0,443,495717.0,22065315.600000005
2025-08-01 09:23:00 AM,1118.4,0,0.0,22065315.600000005
2025-08-01 09:23:04 AM,1118.4,55,61512.00000000001,22126827.600000005
2025-08-01 09:23:05 AM,1119.2,134,149972.80000000002,22276800.400000006
2025-08-01 09:23:09 AM,1120.2,0,0.0,22276800.400000006
2025-08-01 09:23:11 AM,1120.2,74,82894.8,22359695.200000007
2025-08-01 09:23:14 AM,1119.9,0,0.0,22359695.200000007
2025-08-01 09:23:19 AM,1119.9,53,59354.700000000004,22419049.900000006
2025-08-01 09:23:21 AM,1119.7,28,31351.600000000002,22450401.500000007
2025-08-01 09:23:21 AM,1118.3,0,0.0,22450401.500000007
2025-08-01 09:23:27 AM,1118.3,253,282929.89999999997,22733331.400000006
2025-08-01 09:23:34 AM,1117.6,0,0.0,22733331.400000006
2025-08-01 09:23:34 AM,1117.6,55,61467.99999999999,22794799.400000006
2025-08-01 09:23:35 AM,1118.0,0,0.0,22794799.400000006
2025-08-01 09:23:36 AM,1118.0,50,55900.0,22850699.400000006
2025-08-01 09:23:41 AM,1118.5,0,0.0,22850699.400000006
2025-08-01 09:23:42 AM,1118.5,35,39147.5,22889846.900000006
2025-08-01 09:23:47 AM,1117.6,0,0.0,22889846.900000006
2025-08-01 09:23:49 AM,1117.6,27,30175.199999999997,22920022.100000005
2025-08-01 09:23:51 AM,1117.5,299,334132.5,23254154.600000005
2025-08-01 09:23:57 AM,1117.3,67,74859.09999999999,23329013.700000007
2025-08-01 09:23:59 AM,1117.5,12,13410.0,23342423.700000007
2025-08-01 09:24:00 AM,1117.9,0,0.0,23342423.700000007
2025-08-01 09:24:05 AM,1117.5,101,112867.5,23455291.200000007
2025-08-01 09:24:07 AM,1117.3,100,111730.0,23567021.200000007
2025-08-01 09:24:13 AM,1117.5,950,1061625.0,24628646.200000007
2025-08-01 09:24:20 AM,1117.5,311,347542.5,24976188.700000007
2025-08-01 09:24:20 AM,1116.6,0,0.0,24976188.700000007
2025-08-01 09:24:22 AM,1116.6,2,2233.2,24978421.900000006
2025-08-01 09:24:26 AM,1116.0,0,0.0,24978421.900000006
2025-08-01 09:24:28 AM,1116.0,989,1103724.0,26082145.900000006
2025-08-01 09:24:32 AM,1116.5,0,0.0,26082145.900000006
2025-08-01 09:24:36 AM,1116.5,237,264610.5,26346756.400000006
2025-08-01 09:24:37 AM,1116.4,374,417533.60000000003,26764290.000000007
2025-08-01 09:24:43 AM,1116.4,4,4465.6,26768755.60000001
2025-08-01 09:24:50 AM,1116.1,147,164066.69999999998,26932822.30000001
2025-08-01 09:24:52 AM,1116.1,69,77010.9,27009833.200000007
2025-08-01 09:24:57 AM,1116.9,0,0.0,27009833.200000007
2025-08-01 09:24:58 AM,1116.9,100,111690.00000000001,27121523.200000007
2025-08-01 09:24:58 AM,1116.2,0,0.0,27121523.200000007
2025-08-01 09:25:00 AM,1116.2,30,33486.0,27155009.200000007
2025-08-01 09:25:05 AM,1116.1,0,0.0,27155009.200000007
2025-08-01 09:25:07 AM,1116.6,157,175306.19999999998,27330315.400000006
2025-08-01 09:25:20 AM,1116.6,50,55829.99999999999,27386145.400000006
2025-08-01 09:25:22 AM,1116.5,14,15631.0,27401776.400000006
2025-08-01 09:25:28 AM,1116.2,30,33486.0,27435262.400000006
2025-08-01 09:25:30 AM,1116.1,0,0.0,27435262.400000006
2025-08-01 09:25:35 AM,1116.1,108,120538.79999999999,27555801.200000007
2025-08-01 09:25:35 AM,1116.0,0,0.0,27555801.200000007
2025-08-01 09:25:37 AM,1116.0,569,635004.0,28190805.200000007
2025-08-01 09:25:41 AM,1115.5,0,0.0,28190805.200000007
2025-08-01 09:25:43 AM,1115.5,178,198559.0,28389364.200000007
2025-08-01 09:25:46 AM,1115.4,0,0.0,28389364.200000007
2025-08-01 09:25:47 AM,1114.5,0,0.0,28389364.200000007
2025-08-01 09:25:50 AM,1114.3,405,451291.5,28840655.700000007
2025-08-01 09:25:52 AM,1113.7,0,0.0,28840655.700000007
2025-08-01 09:25:52 AM,1113.7,99,110256.3,28950912.000000007
2025-08-01 09:25:58 AM,1112.0,294,326928.0,29277840.000000007
2025-08-01 09:26:00 AM,1112.0,25,27800.0,29305640.000000007
2025-08-01 09:26:05 AM,1111.1,638,708881.7999999999,30014521.80000001
2025-08-01 09:26:05 AM,1111.0,0,0.0,30014521.80000001
2025-08-01 09:26:07 AM,1110.4,829,920521.6000000001,30935043.40000001
2025-08-01 09:26:12 AM,1110.2,0,0.0,30935043.40000001
2025-08-01 09:26:13 AM,1110.2,40,44408.0,30979451.40000001
2025-08-01 09:26:15 AM,1110.1,59,65495.899999999994,31044947.30000001
2025-08-01 09:26:18 AM,1110.7,0,0.0,31044947.30000001
2025-08-01 09:26:18 AM,1110.2,0,0.0,31044947.30000001
2025-08-01 09:26:21 AM,1110.2,156,173191.2,31218138.500000007
2025-08-01 09:26:23 AM,1110.2,40,44408.0,31262546.500000007
2025-08-01 09:26:24 AM,1110.7,0,0.0,31262546.500000007
2025-08-01 09:26:29 AM,1110.7,6,6664.200000000001,31269210.700000007
2025-08-01 09:26:30 AM,1110.2,40,44408.0,31313618.700000007
2025-08-01 09:26:36 AM,1110.0,220,244200.0,31557818.700000007
2025-08-01 09:26:38 AM,1110.0,148,164280.0,31722098.700000007
2025-08-01 09:26:42 AM,1110.1,0,0.0,31722098.700000007
2025-08-01 09:26:44 AM,1110.0,191,212010.0,31934108.700000007
2025-08-01 09:26:46 AM,1110.0,81,89910.0,32024018.700000007
2025-08-01 09:26:48 AM,1110.1,0,0.0,32024018.700000007
2025-08-01 09:26:51 AM,1110.1,246,273084.6,32297103.30000001
2025-08-01 09:26:53 AM,1111.0,383,425513.0,32722616.30000001
2025-08-01 09:26:58 AM,1112.8,0,0.0,32722616.30000001
2025-08-01 09:26:59 AM,1112.8,132,146889.6,32869505.90000001
2025-08-01 09:27:00 AM,1112.5,70,77875.0,32947380.90000001
2025-08-01 09:27:06 AM,1111.2,36,40003.200000000004,32987384.10000001
2025-08-01 09:27:08 AM,1111.0,34,37774.0,33025158.10000001
2025-08-01 09:27:09 AM,1111.8,0,0.0,33025158.10000001
2025-08-01 09:27:14 AM,1111.8,134,148981.19999999998,33174139.30000001
2025-08-01 09:27:15 AM,1110.9,55,61099.50000000001,33235238.80000001
2025-08-01 09:27:20 AM,1111.9,0,0.0,33235238.80000001
2025-08-01 09:27:21 AM,1110.9,206,228845.40000000002,33464084.200000007
2025-08-01 09:27:22 AM,1111.4,45,50013.00000000001,33514097.200000007
2025-08-01 09:27:30 AM,1111.4,15,16671.0,33530768.200000007
2025-08-01 09:27:36 AM,1111.4,39,43344.600000000006,33574112.800000004
2025-08-01 09:27:43 AM,1111.4,2,2222.8,33576335.6
2025-08-01 09:27:48 AM,1110.7,0,0.0,33576335.6
2025-08-01 09:27:51 AM,1110.7,129,143280.30000000002,33719615.9
2025-08-01 09:27:53 AM,1110.8,196,217716.8,33937332.699999996
2025-08-01 09:27:54 AM,1111.7,0,0.0,33937332.699999996
2025-08-01 09:27:59 AM,1110.3,377,418583.1,34355915.8
2025-08-01 09:27:59 AM,1110.9,0,0.0,34355915.8
2025-08-01 09:28:00 AM,1110.9,68,75541.20000000001,34431457.0
2025-08-01 09:28:05 AM,1110.3,0,0.0,34431457.0
2025-08-01 09:28:07 AM,1110.3,26,28867.8,34460324.8
2025-08-01 09:28:08 AM,1110.1,40,44404.0,34504728.8
2025-08-01 09:28:11 AM,1110.9,0,0.0,34504728.8
2025-08-01 09:28:14 AM,1110.6,277,307636.19999999995,34812365.0
2025-08-01 09:28:16 AM,1110.6,108,119944.79999999999,34932309.8
2025-08-01 09:28:18 AM,1111.5,0,0.0,34932309.8
2025-08-01 09:28:22 AM,1110.8,317,352123.6,35284433.4
2025-08-01 09:28:23 AM,1111.0,115,127765.0,35412198.4
2025-08-01 09:28:30 AM,1111.0,130,144430.0,35556628.4
2025-08-01 09:28:31 AM,1110.3,71,78831.3,35635459.699999996
2025-08-01 09:28:34 AM,1110.1,0,0.0,35635459.699999996
2025-08-01 09:28:37 AM,1110.0,40,44400.0,35679859.699999996
2025-08-01 09:28:39 AM,1110.1,61,67716.09999999999,35747575.8
2025-08-01 09:28:40 AM,1110.0,0,0.0,35747575.8
2025-08-01 09:28:45 AM,1110.0,185,205350.0,35952925.8
2025-08-01 09:28:46 AM,1110.0,188,208680.0,36161605.8
2025-08-01 09:28:50 AM,1110.7,0,0.0,36161605.8
2025-08-01 09:28:53 AM,1110.7,11,12217.7,36173823.5
2025-08-01 09:28:54 AM,1110.7,10,11107.0,36184930.5
2025-08-01 09:29:00 AM,1110.1,10,11101.0,36196031.5
2025-08-01 09:29:07 AM,1110.0,0,0.0,36196031.5
2025-08-01 09:29:08 AM,1110.0,104,115440.0,36311471.5
2025-08-01 09:29:16 AM,1110.0,431,478410.0,36789881.5
2025-08-01 09:29:23 AM,1109.3,735,815335.5,37605217.0
2025-08-01 09:29:28 AM,1108.7,0,0.0,37605217.0
2025-08-01 09:29:31 AM,1108.7,355,393588.5,37998805.5
2025-08-01 09:29:32 AM,1108.7,1,1108.7,37999914.2
2025-08-01 09:29:38 AM,1108.6,63,69841.79999999999,38069756.0
2025-08-01 09:29:46 AM,1108.0,65,72020.0,38141776.0
2025-08-01 09:29:53 AM,1107.0,335,370845.0,38512621.0
2025-08-01 09:29:54 AM,1108.2,0,0.0,38512621.0
2025-08-01 09:29:59 AM,1107.5,0,0.0,38512621.0
2025-08-01 09:30:00 AM,1107.7,391,433110.7,38945731.7
2025-08-01 09:30:01 AM,1107.9,2,2215.8,38947947.5
2025-08-01 09:30:06 AM,1106.1,0,0.0,38947947.5
2025-08-01 09:30:08 AM,1106.3,622,688118.6,39636066.1
2025-08-01 09:30:13 AM,1108.2,0,0.0,39636066.1
2025-08-01 09:30:16 AM,1107.0,247,273429.0,39909495.1
2025-08-01 09:30:17 AM,1107.1,20,22142.0,39931637.1
2025-08-01 09:30:20 AM,1107.6,0,0.0,39931637.1
2025-08-01 09:30:23 AM,1107.2,157,173830.4,40105467.5
2025-08-01 09:30:27 AM,1106.2,0,0.0,40105467.5
2025-08-01 09:30:31 AM,1106.1,302,334042.19999999995,40439509.7
2025-08-01 09:30:34 AM,1106.0,0,0.0,40439509.7
2025-08-01 09:30:38 AM,1106.0,252,278712.0,40718221.7
2025-08-01 09:30:39 AM,1106.0,9,9954.0,40728175.7
2025-08-01 09:30:41 AM,1106.1,0,0.0,40728175.7
2025-08-01 09:30:45 AM,1105.5,162,179091.0,40907266.7
2025-08-01 09:30:48 AM,1105.2,0,0.0,40907266.7
2025-08-01 09:30:53 AM,1105.5,133,147031.5,41054298.2
2025-08-01 09:30:55 AM,1104.9,0,0.0,41054298.2
2025-08-01 09:30:59 AM,1105.5,0,0.0,41054298.2
2025-08-01 09:31:00 AM,1105.2,197,217724.40000000002,41272022.6
2025-08-01 09:31:01 AM,1105.2,120,132624.0,41404646.6
2025-08-01 09:31:05 AM,1106.1,0,0.0,41404646.6
2025-08-01 09:31:07 AM,1106.1,43,47562.299999999996,41452208.9
2025-08-01 09:31:10 AM,1105.4,0,0.0,41452208.9
2025-08-01 09:31:15 AM,1105.9,0,0.0,41452208.9
2025-08-01 09:31:15 AM,1105.9,1107,1224231.3,42676440.199999996
2025-08-01 09:31:15 AM,1105.2,6,6631.200000000001,42683071.4
2025-08-01 09:31:17 AM,1105.3,0,0.0,42683071.4
2025-08-01 09:31:21 AM,1105.0,0,0.0,42683071.4
2025-08-01 09:31:22 AM,1105.0,193,213265.0,42896336.4
2025-08-01 09:31:23 AM,1105.0,40,44200.0,42940536.4
2025-08-01 09:31:27 AM,1105.7,0,0.0,42940536.4
2025-08-01 09:31:29 AM,1105.4,0,0.0,42940536.4
2025-08-01 09:31:30 AM,1105.4,52,57480.8,42998017.199999996
2025-08-01 09:31:37 AM,1105.1,120,132612.0,43130629.199999996
2025-08-01 09:31:41 AM,1105.7,0,0.0,43130629.199999996
2025-08-01 09:31:44 AM,1105.7,95,105041.5,43235670.699999996
2025-08-01 09:31:47 AM,1105.0,0,0.0,43235670.699999996
2025-08-01 09:31:50 AM,1105.4,53,58586.200000000004,43294256.9
2025-08-01 09:31:56 AM,1105.0,0,0.0,43294256.9
2025-08-01 09:31:57 AM,1105.0,53,58565.0,43352821.9
2025-08-01 09:32:04 AM,1104.9,95,104965.50000000001,43457787.4
2025-08-01 09:32:07 AM,1104.1,0,0.0,43457787.4
2025-08-01 09:32:12 AM,1105.3,305,337116.5,43794903.9
2025-08-01 09:32:13 AM,1104.0,0,0.0,43794903.9
2025-08-01 09:32:19 AM,1105.1,0,0.0,43794903.9
2025-08-01 09:32:19 AM,1105.1,808,892920.7999999999,44687824.699999996
2025-08-01 09:32:25 AM,1104.3,0,0.0,44687824.699999996
2025-08-01 09:32:26 AM,1104.3,779,860249.7,45548074.4
2025-08-01 09:32:26 AM,1105.0,1,1105.0,45549179.4
2025-08-01 09:32:31 AM,1104.6,0,0.0,45549179.4
2025-08-01 09:32:32 AM,1103.7,440,485628.0,46034807.4
2025-08-01 09:32:37 AM,1104.3,0,0.0,46034807.4
2025-08-01 09:32:37 AM,1103.7,0,0.0,46034807.4
2025-08-01 09:32:39 AM,1103.7,168,185421.6,46220229.0
2025-08-01 09:32:43 AM,1104.3,0,0.0,46220229.0
2025-08-01 09:32:43 AM,1103.7,0,0.0,46220229.0
2025-08-01 09:32:46 AM,1104.6,454,501488.39999999997,46721717.4
2025-08-01 09:32:49 AM,1103.8,0,0.0,46721717.4
2025-08-01 09:32:53 AM,1103.8,2,2207.6,46723925.0
2025-08-01 09:33:00 AM,1103.3,513,565992.9,47289917.9
2025-08-01 09:33:01 AM,1103.7,0,0.0,47289917.9
2025-08-01 09:33:07 AM,1103.3,0,0.0,47289917.9
2025-08-01 09:33:07 AM,1103.3,213,235002.9,47524920.8
2025-08-01 09:33:07 AM,1103.3,8,8826.4,47533747.199999996
2025-08-01 09:33:13 AM,1103.0,0,0.0,47533747.199999996
2025-08-01 09:33:13 AM,1103.6,0,0.0,47533747.199999996
2025-08-01 09:33:14 AM,1103.8,112,123625.59999999999,47657372.8
2025-08-01 09:33:18 AM,1105.1,0,0.0,47657372.8
2025-08-01 09:33:18 AM,1105.3,0,0.0,47657372.8
2025-08-01 09:33:21 AM,1104.4,1812,2001172.8000000003,49658545.599999994
2025-08-01 09:33:23 AM,1106.0,0,0.0,49658545.599999994
2025-08-01 09:33:27 AM,1106.4,0,0.0,49658545.599999994
2025-08-01 09:33:28 AM,1106.7,312,345290.4,50003835.99999999
2025-08-01 09:33:28 AM,1106.3,0,0.0,50003835.99999999
2025-08-01 09:33:33 AM,1106.5,0,0.0,50003835.99999999
2025-08-01 09:33:35 AM,1106.8,285,315438.0,50319273.99999999
2025-08-01 09:33:42 AM,1105.7,230,254311.0,50573584.99999999
2025-08-01 09:33:43 AM,1105.6,0,0.0,50573584.99999999
2025-08-01 09:33:45 AM,1106.4,0,0.0,50573584.99999999
2025-08-01 09:33:49 AM,1106.4,454,502305.60000000003,51075890.599999994
2025-08-01 09:33:51 AM,1106.3,0,0.0,51075890.599999994
2025-08-01 09:33:56 AM,1106.8,72,79689.59999999999,51155580.199999996
2025-08-01 09:33:58 AM,1107.0,0,0.0,51155580.199999996
2025-08-01 09:34:03 AM,1107.0,211,233577.0,51389157.199999996
2025-08-01 09:34:10 AM,1107.0,106,117342.0,51506499.199999996
2025-08-01 09:34:17 AM,1107.0,134,148338.0,51654837.199999996
2025-08-01 09:34:21 AM,1105.9,0,0.0,51654837.199999996
2025-08-01 09:34:24 AM,1105.9,122,134919.80000000002,51789756.99999999
2025-08-01 09:34:27 AM,1107.0,0,0.0,51789756.99999999
2025-08-01 09:34:31 AM,1107.0,409,452763.0,52242519.99999999
2025-08-01 09:34:32 AM,1106.9,0,0.0,52242519.99999999
2025-08-01 09:34:38 AM,1106.8,127,140563.6,52383083.599999994
2025-08-01 09:34:42 AM,1106.9,0,0.0,52383083.599999994
2025-08-01 09:34:45 AM,1106.0,0,0.0,52383083.599999994
2025-08-01 09:34:45 AM,1106.0,21,23226.0,52406309.599999994
2025-08-01 09:34:52 AM,1106.0,102,112812.0,52519121.599999994
2025-08-01 09:34:55 AM,1106.6,0,0.0,52519121.599999994
2025-08-01 09:34:58 AM,1106.7,26,28774.2,52547895.8
2025-08-01 09:35:02 AM,1106.5,0,0.0,52547895.8
2025-08-01 09:35:05 AM,1106.5,20,22130.0,52570025.8
2025-08-01 09:35:06 AM,1106.0,33,36498.0,52606523.8
2025-08-01 09:35:07 AM,1105.9,0,0.0,52606523.8
2025-08-01 09:35:12 AM,1106.4,0,0.0,52606523.8
2025-08-01 09:35:12 AM,1106.4,76,84086.40000000001,52690610.199999996
2025-08-01 09:35:17 AM,1106.5,0,0.0,52690610.199999996
2025-08-01 09:35:20 AM,1106.5,137,151590.5,52842200.699999996
2025-08-01 09:35:22 AM,1105.9,0,0.0,52842200.699999996
2025-08-01 09:35:27 AM,1105.6,0,0.0,52842200.699999996
2025-08-01 09:35:27 AM,1105.6,589,651198.3999999999,53493399.099999994
2025-08-01 09:35:27 AM,1105.1,0,0.0,53493399.099999994
2025-08-01 09:35:32 AM,1105.0,0,0.0,53493399.099999994
2025-08-01 09:35:33 AM,1105.0,482,532610.0,54026009.099999994
2025-08-01 09:35:37 AM,1104.3,0,0.0,54026009.099999994
2025-08-01 09:35:40 AM,1104.3,101,111534.29999999999,54137543.39999999
2025-08-01 09:35:42 AM,1104.2,0,0.0,54137543.39999999
2025-08-01 09:35:47 AM,1104.0,0,0.0,54137543.39999999
2025-08-01 09:35:47 AM,1104.0,76,83904.0,54221447.39999999
2025-08-01 09:35:47 AM,1103.8,35,38633.0,54260080.39999999
2025-08-01 09:35:54 AM,1103.8,59,65124.2,54325204.599999994
2025-08-01 09:35:57 AM,1102.7,0,0.0,54325204.599999994
2025-08-01 09:36:00 AM,1103.7,464,512116.80000000005,54837321.39999999
2025-08-01 09:36:02 AM,1103.0,0,0.0,54837321.39999999
2025-08-01 09:36:06 AM,1102.9,0,0.0,54837321.39999999
2025-08-01 09:36:07 AM,1102.9,87,95952.3,54933273.69999999
2025-08-01 09:36:07 AM,1102.9,40,44116.0,54977389.69999999
2025-08-01 09:36:10 AM,1103.9,0,0.0,54977389.69999999
2025-08-01 09:36:10 AM,1106.1,0,0.0,54977389.69999999
2025-08-01 09:36:14 AM,1104.5,0,0.0,54977389.69999999
2025-08-01 09:36:14 AM,1104.5,1068,1179606.0,56156995.69999999
2025-08-01 09:36:14 AM,1105.2,0,0.0,56156995.69999999
2025-08-01 09:36:20 AM,1104.3,137,151289.1,56308284.79999999
2025-08-01 09:36:22 AM,1105.1,0,0.0,56308284.79999999
2025-08-01 09:36:26 AM,1105.5,0,0.0,56308284.79999999
2025-08-01 09:36:27 AM,1105.6,120,132672.0,56440956.79999999
2025-08-01 09:36:33 AM,1105.6,1,1105.6,56442062.39999999
2025-08-01 09:36:38 AM,1103.0,0,0.0,56442062.39999999
2025-08-01 09:36:40 AM,1103.7,453,499976.10000000003,56942038.49999999
2025-08-01 09:36:40 AM,1103.8,1,1103.8,56943142.29999999
2025-08-01 09:36:42 AM,1103.7,0,0.0,56943142.29999999
2025-08-01 09:36:46 AM,1103.7,79,87192.3,57030334.59999999
2025-08-01 09:36:50 AM,1103.0,0,0.0,57030334.59999999
2025-08-01 09:36:53 AM,1103.0,115,126845.0,57157179.59999999
2025-08-01 09:36:53 AM,1104.2,0,0.0,57157179.59999999
2025-08-01 09:36:53 AM,1104.2,20,22084.0,57179263.59999999
2025-08-01 09:36:58 AM,1104.1,0,0.0,57179263.59999999
2025-08-01 09:36:58 AM,1103.1,0,0.0,57179263.59999999
2025-08-01 09:37:00 AM,1104.2,56,61835.200000000004,57241098.79999999
2025-08-01 09:37:06 AM,1103.2,0,0.0,57241098.79999999
2025-08-01 09:37:06 AM,1103.8,0,0.0,57241098.79999999
2025-08-01 09:37:07 AM,1103.8,118,130248.4,57371347.19999999
2025-08-01 09:37:10 AM,1103.9,0,0.0,57371347.19999999
2025-08-01 09:37:14 AM,1104.4,121,133632.40000000002,57504979.59999999
2025-08-01 09:37:21 AM,1103.9,53,58506.700000000004,57563486.29999999
2025-08-01 09:37:27 AM,1103.7,0,0.0,57563486.29999999
2025-08-01 09:37:28 AM,1103.7,75,82777.5,57646263.79999999
2025-08-01 09:37:28 AM,1103.2,1,1103.2,57647366.99999999
2025-08-01 09:37:31 AM,1103.7,0,0.0,57647366.99999999
2025-08-01 09:37:34 AM,1103.2,2,2206.4,57649573.39999999
2025-08-01 09:37:36 AM,1102.9,0,0.0,57649573.39999999
2025-08-01 09:37:39 AM,1102.5,0,0.0,57649573.39999999
2025-08-01 09:37:41 AM,1102.9,157,173155.30000000002,57822728.69999999
2025-08-01 09:37:48 AM,1102.9,108,119113.20000000001,57941841.89999999
2025-08-01 09:37:50 AM,1103.9,0,0.0,57941841.89999999
2025-08-01 09:37:52 AM,1103.2,0,0.0,57941841.89999999
2025-08-01 09:37:54 AM,1103.2,261,287935.2,58229777.099999994
2025-08-01 09:37:56 AM,1103.9,0,0.0,58229777.099999994
2025-08-01 09:37:58 AM,1102.8,0,0.0,58229777.099999994
2025-08-01 09:38:00 AM,1102.9,0,0.0,58229777.099999994
2025-08-01 09:38:01 AM,1102.9,94,103672.6,58333449.699999996
2025-08-01 09:38:06 AM,1103.0,0,0.0,58333449.699999996
2025-08-01 09:38:08 AM,1102.9,0,0.0,58333449.699999996
2025-08-01 09:38:08 AM,1102.9,246,271313.4,58604763.099999994
2025-08-01 09:38:12 AM,1102.0,0,0.0,58604763.099999994
2025-08-01 09:38:14 AM,1102.8,0,0.0,58604763.099999994
2025-08-01 09:38:15 AM,1102.9,145,159920.5,58764683.599999994
2025-08-01 09:38:17 AM,1102.8,0,0.0,58764683.599999994
2025-08-01 09:38:22 AM,1102.1,300,330630.0,59095313.599999994
2025-08-01 09:38:27 AM,1102.7,0,0.0,59095313.599999994
2025-08-01 09:38:28 AM,1102.7,121,133426.7,59228740.3
2025-08-01 09:38:32 AM,1102.1,0,0.0,59228740.3
2025-08-01 09:38:35 AM,1102.1,67,73840.7,59302581.0
2025-08-01 09:38:37 AM,1102.0,0,0.0,59302581.0
2025-08-01 09:38:42 AM,1102.0,393,433086.0,59735667.0
2025-08-01 09:38:48 AM,1101.5,67,73800.5,59809467.5
2025-08-01 09:38:50 AM,1101.4,0,0.0,59809467.5
2025-08-01 09:38:55 AM,1101.1,0,0.0,59809467.5
2025-08-01 09:38:55 AM,1101.1,201,221321.09999999998,60030788.6
2025-08-01 09:38:58 AM,1102.6,0,0.0,60030788.6
2025-08-01 09:38:59 AM,1102.5,0,0.0,60030788.6
2025-08-01 09:39:01 AM,1102.5,101,111352.5,60142141.1
2025-08-01 09:39:08 AM,1101.4,0,0.0,60142141.1
2025-08-01 09:39:09 AM,1101.4,28,30839.200000000004,60172980.300000004
2025-08-01 09:39:13 AM,1101.2,0,0.0,60172980.300000004
2025-08-01 09:39:15 AM,1101.0,18,19818.0,60192798.300000004
2025-08-01 09:39:15 AM,1101.0,89,97989.0,60290787.300000004
2025-08-01 09:39:22 AM,1101.1,166,182782.59999999998,60473569.900000006
2025-08-01 09:39:22 AM,1101.1,5,5505.5,60479075.400000006
2025-08-01 09:39:23 AM,1101.0,0,0.0,60479075.400000006
2025-08-01 09:39:27 AM,1099.8,0,0.0,60479075.400000006
2025-08-01 09:39:29 AM,1099.7,1887,2075133.9000000001,62554209.300000004
2025-08-01 09:39:30 AM,1101.0,0,0.0,62554209.300000004
2025-08-01 09:39:32 AM,1100.0,0,0.0,62554209.300000004
2025-08-01 09:39:35 AM,1100.0,2948,3242800.0,65797009.300000004
2025-08-01 09:39:38 AM,1101.0,0,0.0,65797009.300000004
2025-08-01 09:39:42 AM,1101.4,317,349143.80000000005,66146153.1
2025-08-01 09:39:43 AM,1101.8,0,0.0,66146153.1
2025-08-01 09:39:46 AM,1101.7,0,0.0,66146153.1
2025-08-01 09:39:48 AM,1101.6,0,0.0,66146153.1
2025-08-01 09:39:48 AM,1101.6,236,259977.59999999998,66406130.7
2025-08-01 09:39:50 AM,1100.7,0,0.0,66406130.7
2025-08-01 09:39:54 AM,1102.5,0,0.0,66406130.7
2025-08-01 09:39:55 AM,1102.5,152,167580.0,66573710.7
2025-08-01 09:39:58 AM,1100.7,0,0.0,66573710.7
2025-08-01 09:40:01 AM,1101.0,67,73767.0,66647477.7
2025-08-01 09:40:06 AM,1101.8,0,0.0,66647477.7
2025-08-01 09:40:08 AM,1101.8,41,45173.799999999996,66692651.5
2025-08-01 09:40:09 AM,1101.8,5,5509.0,66698160.5
2025-08-01 09:40:15 AM,1101.8,20,22036.0,66720196.5
2025-08-01 09:40:21 AM,1101.8,549,604888.2,67325084.7
2025-08-01 09:40:28 AM,1101.8,155,170779.0,67495863.7
2025-08-01 09:40:34 AM,1101.8,280,308504.0,67804367.7
2025-08-01 09:40:47 AM,1101.8,195,214851.0,68019218.7
2025-08-01 09:41:01 AM,1101.8,120,132216.0,68151434.7
2025-08-01 09:41:06 AM,1103.0,0,0.0,68151434.7
2025-08-01 09:41:07 AM,1103.0,54,59562.0,68210996.7
2025-08-01 09:41:14 AM,1103.0,8,8824.0,68219820.7
2025-08-01 09:41:21 AM,1102.3,148,163140.4,68382961.10000001
2025-08-01 09:41:26 AM,1103.0,0,0.0,68382961.10000001
2025-08-01 09:41:27 AM,1103.0,61,67283.0,68450244.10000001
2025-08-01 09:41:28 AM,1103.0,388,427964.0,68878208.10000001
2025-08-01 09:41:29 AM,1104.0,0,0.0,68878208.10000001
2025-08-01 09:41:34 AM,1103.0,61,67283.0,68945491.10000001
2025-08-01 09:41:34 AM,1104.0,0,0.0,68945491.10000001
2025-08-01 09:41:35 AM,1104.0,5,5520.0,68951011.10000001
2025-08-01 09:41:38 AM,1103.0,0,0.0,68951011.10000001
2025-08-01 09:41:41 AM,1103.0,61,67283.0,69018294.10000001
2025-08-01 09:41:47 AM,1103.0,272,300016.0,69318310.10000001
2025-08-01 09:41:48 AM,1103.9,11,12142.900000000001,69330453.00000001
2025-08-01 09:41:54 AM,1103.9,7,7727.300000000001,69338180.30000001
2025-08-01 09:41:58 AM,1102.9,0,0.0,69338180.30000001
2025-08-01 09:42:00 AM,1102.9,70,77203.0,69415383.30000001
2025-08-01 09:42:01 AM,1102.9,55,60659.50000000001,69476042.80000001
2025-08-01 09:42:01 AM,1102.7,0,0.0,69476042.80000001
2025-08-01 09:42:06 AM,1102.4,0,0.0,69476042.80000001
2025-08-01 09:42:06 AM,1102.4,321,353870.4,69829913.20000002
2025-08-01 09:42:07 AM,1102.2,8,8817.6,69838730.80000001
2025-08-01 09:42:13 AM,1102.1,72,79351.2,69918082.00000001
2025-08-01 09:42:20 AM,1102.1,84,92576.4,70010658.40000002
2025-08-01 09:42:26 AM,1102.1,61,67228.09999999999,70077886.50000001
2025-08-01 09:42:33 AM,1103.1,82,90454.2,70168340.70000002
2025-08-01 09:42:39 AM,1103.0,1,1103.0,70169443.70000002
2025-08-01 09:42:45 AM,1103.0,33,36399.0,70205842.70000002
2025-08-01 09:42:52 AM,1103.0,644,710332.0,70916174.70000002
2025-08-01 09:43:05 AM,1103.0,92,101476.0,71017650.70000002
2025-08-01 09:43:19 AM,1103.4,253,279160.2,71296810.90000002
2025-08-01 09:43:25 AM,1103.4,14,15447.600000000002,71312258.50000001
2025-08-01 09:43:28 AM,1103.0,0,0.0,71312258.50000001
2025-08-01 09:43:32 AM,1103.4,100,110340.00000000001,71422598.50000001
2025-08-01 09:43:33 AM,1103.9,0,0.0,71422598.50000001
2025-08-01 09:43:33 AM,1103.9,3,3311.7000000000003,71425910.20000002
2025-08-01 09:43:36 AM,1103.4,0,0.0,71425910.20000002
2025-08-01 09:43:36 AM,1104.0,0,0.0,71425910.20000002
2025-08-01 09:43:38 AM,1104.0,111,122544.0,71548454.20000002
2025-08-01 09:43:44 AM,1103.9,0,0.0,71548454.20000002
2025-08-01 09:43:45 AM,1103.9,10,11039.0,71559493.20000002
2025-08-01 09:43:48 AM,1103.4,0,0.0,71559493.20000002
2025-08-01 09:43:51 AM,1103.3,100,110330.0,71669823.20000002
2025-08-01 09:43:56 AM,1103.0,0,0.0,71669823.20000002
2025-08-01 09:43:58 AM,1103.0,53,58459.0,71728282.20000002
2025-08-01 09:43:59 AM,1103.5,1,1103.5,71729385.70000002
2025-08-01 09:44:05 AM,1103.1,314,346373.39999999997,72075759.10000002
2025-08-01 09:44:05 AM,1102.0,0,0.0,72075759.10000002
2025-08-01 09:44:06 AM,1102.0,7,7714.0,72083473.10000002
2025-08-01 09:44:09 AM,1101.2,0,0.0,72083473.10000002
2025-08-01 09:44:09 AM,1102.1,0,0.0,72083473.10000002
2025-08-01 09:44:12 AM,1101.2,116,127739.20000000001,72211212.30000003
2025-08-01 09:44:16 AM,1101.3,0,0.0,72211212.30000003
2025-08-01 09:44:18 AM,1101.3,56,61672.799999999996,72272885.10000002
2025-08-01 09:44:25 AM,1101.0,551,606651.0,72879536.10000002
2025-08-01 09:44:30 AM,1101.5,0,0.0,72879536.10000002
2025-08-01 09:44:31 AM,1101.6,97,106855.2,72986391.30000003
2025-08-01 09:44:37 AM,1101.0,55,60555.0,73046946.30000003
2025-08-01 09:44:40 AM,1101.2,0,0.0,73046946.30000003
2025-08-01 09:44:43 AM,1100.6,0,0.0,73046946.30000003
2025-08-01 09:44:44 AM,1100.2,91,100118.2,73147064.50000003
2025-08-01 09:44:45 AM,1100.0,100,110000.0,73257064.50000003
2025-08-01 09:44:50 AM,1100.5,0,0.0,73257064.50000003
2025-08-01 09:44:50 AM,1100.5,97,106748.5,73363813.00000003
2025-08-01 09:44:51 AM,1101.0,100,110100.0,73473913.00000003
2025-08-01 09:44:56 AM,1100.1,0,0.0,73473913.00000003
2025-08-01 09:44:57 AM,1100.1,15,16501.5,73490414.50000003
2025-08-01 09:45:03 AM,1100.8,0,0.0,73490414.50000003
2025-08-01 09:45:03 AM,1100.8,13159,14485427.2,87975841.70000003
2025-08-01 09:45:05 AM,1100.0,106,116600.0,88092441.70000003
2025-08-01 09:45:10 AM,1100.0,168,184800.0,88277241.70000003
2025-08-01 09:45:12 AM,1100.0,131,144100.0,88421341.70000003
2025-08-01 09:45:13 AM,1099.6,0,0.0,88421341.70000003
2025-08-01 09:45:17 AM,1099.6,93,102262.79999999999,88523604.50000003
2025-08-01 09:45:21 AM,1099.0,0,0.0,88523604.50000003
2025-08-01 09:45:23 AM,1098.5,137,150494.5,88674099.00000003
2025-08-01 09:45:24 AM,1098.7,13,14283.1,88688382.10000002
2025-08-01 09:45:25 AM,1098.0,0,0.0,88688382.10000002
2025-08-01 09:45:29 AM,1097.0,0,0.0,88688382.10000002
2025-08-01 09:45:29 AM,1097.0,386,423442.0,89111824.10000002
2025-08-01 09:45:31 AM,1097.0,70,76790.0,89188614.10000002
2025-08-01 09:45:36 AM,1096.1,244,267448.39999999997,89456062.50000003
2025-08-01 09:45:41 AM,1096.9,0,0.0,89456062.50000003
2025-08-01 09:45:42 AM,1096.9,357,391593.30000000005,89847655.80000003
2025-08-01 09:45:49 AM,1095.6,281,307863.6,90155519.40000002
2025-08-01 09:45:50 AM,1096.6,0,0.0,90155519.40000002
2025-08-01 09:45:50 AM,1096.6,11,12062.599999999999,90167582.00000001
2025-08-01 09:45:52 AM,1096.1,0,0.0,90167582.00000001
2025-08-01 09:45:55 AM,1096.9,0,0.0,90167582.00000001
2025-08-01 09:45:56 AM,1096.9,69,75686.1,90243268.10000001
2025-08-01 09:45:58 AM,1097.6,0,0.0,90243268.10000001
2025-08-01 09:46:02 AM,1098.8,0,0.0,90243268.10000001
2025-08-01 09:46:02 AM,1098.8,138,151634.4,90394902.50000001
2025-08-01 09:46:03 AM,1097.9,0,0.0,90394902.50000001
2025-08-01 09:46:07 AM,1097.4,0,0.0,90394902.50000001
2025-08-01 09:46:08 AM,1097.0,87,95439.0,90490341.50000001
2025-08-01 09:46:12 AM,1097.5,0,0.0,90490341.50000001
2025-08-01 09:46:13 AM,1098.5,0,0.0,90490341.50000001
2025-08-01 09:46:15 AM,1098.5,607,666789.5,91157131.00000001
2025-08-01 09:46:16 AM,1098.5,33,36250.5,91193381.50000001
2025-08-01 09:46:21 AM,1098.0,106,116388.0,91309769.50000001
2025-08-01 09:46:23 AM,1098.5,42,46137.0,91355906.50000001
2025-08-01 09:46:23 AM,1097.9,0,0.0,91355906.50000001
2025-08-01 09:46:26 AM,1098.4,0,0.0,91355906.50000001
2025-08-01 09:46:28 AM,1097.9,137,150412.30000000002,91506318.80000001
2025-08-01 09:46:30 AM,1098.4,5,5492.0,91511810.80000001
2025-08-01 09:46:34 AM,1098.4,2,2196.8,91514007.60000001
2025-08-01 09:46:35 AM,1098.0,0,0.0,91514007.60000001
2025-08-01 09:46:36 AM,1098.0,14,15372.0,91529379.60000001
2025-08-01 09:46:38 AM,1097.9,0,0.0,91529379.60000001
2025-08-01 09:46:40 AM,1097.9,3,3293.7000000000003,91532673.30000001
2025-08-01 09:46:42 AM,1097.9,48,52699.200000000004,91585372.50000001
2025-08-01 09:46:46 AM,1097.7,0,0.0,91585372.50000001
2025-08-01 09:46:47 AM,1097.7,62,68057.40000000001,91653429.90000002
2025-08-01 09:46:49 AM,1097.5,28,30730.0,91684159.90000002
2025-08-01 09:46:50 AM,1097.9,0,0.0,91684159.90000002
2025-08-01 09:46:51 AM,1098.0,0,0.0,91684159.90000002
2025-08-01 09:46:53 AM,1098.0,763,837774.0,92521933.90000002
2025-08-01 09:46:58 AM,1098.2,0,0.0,92521933.90000002
2025-08-01 09:46:59 AM,1098.2,941,1033406.2000000001,93555340.10000002
2025-08-01 09:47:01 AM,1098.2,5,5491.0,93560831.10000002
2025-08-01 09:47:07 AM,1099.4,79,86852.6,93647683.70000002
2025-08-01 09:47:10 AM,1098.3,0,0.0,93647683.70000002
2025-08-01 09:47:12 AM,1098.3,2,2196.6,93649880.30000001
2025-08-01 09:47:13 AM,1099.4,0,0.0,93649880.30000001
2025-08-01 09:47:13 AM,1099.4,1,1099.4,93650979.70000002
2025-08-01 09:47:18 AM,1098.4,0,0.0,93650979.70000002
2025-08-01 09:47:20 AM,1098.4,10,10984.0,93661963.70000002
2025-08-01 09:47:22 AM,1097.9,0,0.0,93661963.70000002
2025-08-01 09:47:24 AM,1097.9,1075,1180242.5,94842206.20000002
2025-08-01 09:47:27 AM,1097.5,0,0.0,94842206.20000002
2025-08-01 09:47:30 AM,1097.0,0,0.0,94842206.20000002
2025-08-01 09:47:30 AM,1097.0,128,140416.0,94982622.20000002
2025-08-01 09:47:32 AM,1097.0,43,47171.0,95029793.20000002
2025-08-01 09:47:37 AM,1097.0,2,2194.0,95031987.20000002
2025-08-01 09:47:39 AM,1097.0,81,88857.0,95120844.20000002
2025-08-01 09:47:44 AM,1097.0,251,275347.0,95396191.20000002
2025-08-01 09:47:48 AM,1096.5,0,0.0,95396191.20000002
2025-08-01 09:47:50 AM,1096.5,83,91009.5,95487200.70000002
2025-08-01 09:47:52 AM,1097.0,0,0.0,95487200.70000002
2025-08-01 09:47:53 AM,1097.2,219,240286.80000000002,95727487.50000001
2025-08-01 09:47:56 AM,1099.0,0,0.0,95727487.50000001
2025-08-01 09:47:57 AM,1099.0,100,109900.0,95837387.50000001
2025-08-01 09:48:04 AM,1097.5,44,48290.0,95885677.50000001
2025-08-01 09:48:04 AM,1097.4,0,0.0,95885677.50000001
2025-08-01 09:48:06 AM,1097.4,55,60357.00000000001,95946034.50000001
2025-08-01 09:48:09 AM,1097.3,0,0.0,95946034.50000001
2025-08-01 09:48:09 AM,1098.1,0,0.0,95946034.50000001
2025-08-01 09:48:10 AM,1098.1,41,45022.1,95991056.60000001
2025-08-01 09:48:16 AM,1098.1,11,12079.099999999999,96003135.7
2025-08-01 09:48:17 AM,1097.1,0,0.0,96003135.7
2025-08-01 09:48:17 AM,1097.0,0,0.0,96003135.7
2025-08-01 09:48:19 AM,1097.2,8255,9057386.0,105060521.7
2025-08-01 09:48:20 AM,1097.1,0,0.0,105060521.7
2025-08-01 09:48:23 AM,1097.1,86,94350.59999999999,105154872.3
2025-08-01 09:48:25 AM,1098.1,0,0.0,105154872.3
2025-08-01 09:48:25 AM,1098.1,4,4392.4,105159264.7
2025-08-01 09:48:29 AM,1098.2,0,0.0,105159264.7
2025-08-01 09:48:29 AM,1098.2,26,28553.2,105187817.9
2025-08-01 09:48:32 AM,1098.2,1,1098.2,105188916.10000001
2025-08-01 09:48:36 AM,1097.4,52,57064.8,105245980.9
2025-08-01 09:48:40 AM,1098.7,0,0.0,105245980.9
2025-08-01 09:48:40 AM,1098.8,0,0.0,105245980.9
2025-08-01 09:48:42 AM,1098.8,2,2197.6,105248178.5
2025-08-01 09:48:44 AM,1098.0,0,0.0,105248178.5
2025-08-01 09:48:45 AM,1098.0,120,131760.0,105379938.5
2025-08-01 09:48:48 AM,1097.8,0,0.0,105379938.5
2025-08-01 09:48:48 AM,1097.8,20,21956.0,105401894.5
2025-08-01 09:48:49 AM,1098.0,0,0.0,105401894.5
2025-08-01 09:48:51 AM,1097.5,322,353395.0,105755289.5
2025-08-01 09:48:55 AM,1098.0,192,210816.0,105966105.5
2025-08-01 09:49:00 AM,1097.5,0,0.0,105966105.5
2025-08-01 09:49:01 AM,1097.5,50,54875.0,106020980.5
2025-08-01 09:49:04 AM,1097.5,55,60362.5,106081343.0
2025-08-01 09:49:08 AM,1098.0,0,0.0,106081343.0
2025-08-01 09:49:08 AM,1098.0,2001,2197098.0,108278441.0
2025-08-01 09:49:10 AM,1098.0,51,55998.0,108334439.0
2025-08-01 09:49:14 AM,1098.0,51,55998.0,108390437.0
2025-08-01 09:49:20 AM,1097.6,0,0.0,108390437.0
2025-08-01 09:49:22 AM,1097.7,89,97695.3,108488132.3
2025-08-01 09:49:29 AM,1098.0,47,51606.0,108539738.3
2025-08-01 09:49:31 AM,1098.2,0,0.0,108539738.3
2025-08-01 09:49:32 AM,1098.2,48,52713.600000000006,108592451.89999999
2025-08-01 09:49:38 AM,1099.0,0,0.0,108592451.89999999
2025-08-01 09:49:39 AM,1099.0,5,5495.0,108597946.89999999
2025-08-01 09:49:41 AM,1099.1,15,16486.5,108614433.39999999
2025-08-01 09:49:44 AM,1098.1,0,0.0,108614433.39999999
2025-08-01 09:49:45 AM,1098.1,60,65886.0,108680319.39999999
2025-08-01 09:49:48 AM,1098.1,23,25256.3,108705575.69999999
2025-08-01 09:49:50 AM,1098.8,0,0.0,108705575.69999999
2025-08-01 09:49:51 AM,1098.8,67,73619.59999999999,108779195.29999998
2025-08-01 09:49:53 AM,1098.9,0,0.0,108779195.29999998
2025-08-01 09:49:54 AM,1098.9,7,7692.300000000001,108786887.59999998
2025-08-01 09:49:58 AM,1098.9,7,7692.300000000001,108794579.89999998
2025-08-01 09:50:04 AM,1098.5,0,0.0,108794579.89999998
2025-08-01 09:50:04 AM,1099.2,892,980486.4,109775066.29999998
2025-08-01 09:50:07 AM,1099.0,100,109900.0,109884966.29999998
2025-08-01 09:50:09 AM,1098.8,0,0.0,109884966.29999998
2025-08-01 09:50:11 AM,1098.8,32,35161.6,109920127.89999998
2025-08-01 09:50:17 AM,1098.8,8,8790.4,109928918.29999998
2025-08-01 09:50:22 AM,1098.4,0,0.0,109928918.29999998
2025-08-01 09:50:23 AM,1098.4,43,47231.200000000004,109976149.49999999
2025-08-01 09:50:30 AM,1100.0,0,0.0,109976149.49999999
2025-08-01 09:50:30 AM,1100.0,490,539000.0,110515149.49999999
2025-08-01 09:50:34 AM,1099.0,0,0.0,110515149.49999999
2025-08-01 09:50:36 AM,1098.6,0,0.0,110515149.49999999
2025-08-01 09:50:36 AM,1098.6,6,6591.599999999999,110521741.09999998
2025-08-01 09:50:38 AM,1098.6,44,48338.399999999994,110570079.49999999
2025-08-01 09:50:42 AM,1098.6,10,10986.0,110581065.49999999
2025-08-01 09:50:45 AM,1098.8,0,0.0,110581065.49999999
2025-08-01 09:50:45 AM,1098.8,47,51643.6,110632709.09999998
2025-08-01 09:50:51 AM,1098.8,52,57137.6,110689846.69999997
2025-08-01 09:50:57 AM,1099.5,0,0.0,110689846.69999997
2025-08-01 09:50:57 AM,1099.5,10,10995.0,110700841.69999997
2025-08-01 09:50:58 AM,1098.8,0,0.0,110700841.69999997
2025-08-01 09:51:00 AM,1098.9,0,0.0,110700841.69999997
2025-08-01 09:51:01 AM,1098.9,53,58241.700000000004,110759083.39999998
2025-08-01 09:51:03 AM,1098.9,40,43956.0,110803039.39999998
2025-08-01 09:51:09 AM,1099.3,62,68156.59999999999,110871195.99999997
2025-08-01 09:51:20 AM,1099.3,46,50567.799999999996,110921763.79999997
2025-08-01 09:51:22 AM,1099.2,0,0.0,110921763.79999997
2025-08-01 09:51:22 AM,1099.2,38,41769.6,110963533.39999996
2025-08-01 09:51:26 AM,1099.2,26,28579.2,110992112.59999996
2025-08-01 09:51:27 AM,1099.0,0,0.0,110992112.59999996
2025-08-01 09:51:28 AM,1099.3,101,111029.29999999999,111103141.89999996
2025-08-01 09:51:32 AM,1099.3,42,46170.6,111149312.49999996
2025-08-01 09:51:45 AM,1099.3,85,93440.5,111242752.99999996
2025-08-01 09:51:47 AM,1099.8,44,48391.2,111291144.19999996
2025-08-01 09:51:57 AM,1099.3,1748,1921576.4,113212720.59999996
2025-08-01 09:52:00 AM,1099.3,29,31879.699999999997,113244600.29999997
2025-08-01 09:52:03 AM,1099.3,84,92341.2,113336941.49999997
2025-08-01 09:52:09 AM,1098.3,2890,3174087.0,116511028.49999997
2025-08-01 09:52:12 AM,1098.5,90,98865.0,116609893.49999997
2025-08-01 09:52:18 AM,1098.3,1,1098.3,116610991.79999997
2025-08-01 09:52:21 AM,1098.1,0,0.0,116610991.79999997
2025-08-01 09:52:22 AM,1098.1,44,48316.399999999994,116659308.19999997
2025-08-01 09:52:24 AM,1098.2,45,49419.0,116708727.19999997
2025-08-01 09:52:26 AM,1098.1,0,0.0,116708727.19999997
2025-08-01 09:52:28 AM,1098.1,52,57101.2,116765828.39999998
2025-08-01 09:52:31 AM,1098.1,50,54904.99999999999,116820733.39999998
2025-08-01 09:52:33 AM,1098.2,0,0.0,116820733.39999998
2025-08-01 09:52:34 AM,1098.2,1,1098.2,116821831.59999998
2025-08-01 09:52:36 AM,1098.1,0,0.0,116821831.59999998
2025-08-01 09:52:37 AM,1098.1,20,21962.0,116843793.59999998
2025-08-01 09:52:43 AM,1098.1,141,154832.09999999998,116998625.69999997
2025-08-01 09:52:44 AM,1098.4,0,0.0,116998625.69999997
2025-08-01 09:52:46 AM,1098.4,2,2196.8,117000822.49999997
2025-08-01 09:52:48 AM,1098.0,0,0.0,117000822.49999997
2025-08-01 09:52:49 AM,1098.0,725,796050.0,117796872.49999997
2025-08-01 09:52:51 AM,1097.7,0,0.0,117796872.49999997
2025-08-01 09:52:52 AM,1097.7,1,1097.7,117797970.19999997
2025-08-01 09:52:55 AM,1097.7,3,3293.1000000000004,117801263.29999997
2025-08-01 09:52:57 AM,1097.5,0,0.0,117801263.29999997
2025-08-01 09:52:58 AM,1097.5,564,618990.0,118420253.29999997
2025-08-01 09:53:06 AM,1097.2,0,0.0,118420253.29999997
2025-08-01 09:53:06 AM,1097.2,6,6583.200000000001,118426836.49999997
2025-08-01 09:53:08 AM,1097.1,0,0.0,118426836.49999997
2025-08-01 09:53:10 AM,1097.2,46,50471.200000000004,118477307.69999997
2025-08-01 09:53:12 AM,1097.1,0,0.0,118477307.69999997
2025-08-01 09:53:12 AM,1097.1,38,41689.799999999996,118518997.49999997
2025-08-01 09:53:15 AM,1097.2,0,0.0,118518997.49999997
2025-08-01 09:53:15 AM,1097.1,0,0.0,118518997.49999997
2025-08-01 09:53:17 AM,1097.2,63,69123.6,118588121.09999996
2025-08-01 09:53:22 AM,1097.1,0,0.0,118588121.09999996
2025-08-01 09:53:23 AM,1097.1,95,104224.49999999999,118692345.59999996
2025-08-01 09:53:28 AM,1097.3,0,0.0,118692345.59999996
2025-08-01 09:53:29 AM,1097.3,68,74616.4,118766961.99999997
2025-08-01 09:53:35 AM,1097.3,5,5486.5,118772448.49999997
2025-08-01 09:53:37 AM,1097.2,0,0.0,118772448.49999997
2025-08-01 09:53:37 AM,1097.3,38,41697.4,118814145.89999998
2025-08-01 09:53:40 AM,1097.1,0,0.0,118814145.89999998
2025-08-01 09:53:42 AM,1097.1,1,1097.1,118815242.99999997
2025-08-01 09:53:43 AM,1097.5,72,79020.0,118894262.99999997
2025-08-01 09:53:48 AM,1097.5,1,1097.5,118895360.49999997
2025-08-01 09:53:50 AM,1097.5,1,1097.5,118896457.99999997
2025-08-01 09:53:52 AM,1097.1,0,0.0,118896457.99999997
2025-08-01 09:53:54 AM,1097.5,89,97677.5,118994135.49999997
2025-08-01 09:54:01 AM,1097.5,20,21950.0,119016085.49999997
2025-08-01 09:54:06 AM,1097.5,37,40607.5,119056692.99999997
2025-08-01 09:54:07 AM,1097.0,0,0.0,119056692.99999997
2025-08-01 09:54:08 AM,1097.0,1425,1563225.0,120619917.99999997
2025-08-01 09:54:13 AM,1097.0,164,179908.0,120799825.99999997
2025-08-01 09:54:22 AM,1096.5,0,0.0,120799825.99999997
2025-08-01 09:54:25 AM,1096.5,13,14254.5,120814080.49999997
2025-08-01 09:54:25 AM,1096.2,0,0.0,120814080.49999997
2025-08-01 09:54:26 AM,1096.2,1,1096.2,120815176.69999997
2025-08-01 09:54:28 AM,1095.8,0,0.0,120815176.69999997
2025-08-01 09:54:31 AM,1095.8,122,133687.6,120948864.29999997
2025-08-01 09:54:35 AM,1095.6,0,0.0,120948864.29999997
2025-08-01 09:54:38 AM,1095.6,515,564234.0,121513098.29999997
2025-08-01 09:54:44 AM,1096.0,40,43840.0,121556938.29999997
2025-08-01 09:54:47 AM,1096.6,0,0.0,121556938.29999997
2025-08-01 09:54:49 AM,1096.0,230,252080.0,121809018.29999997
2025-08-01 09:54:56 AM,1095.8,15,16437.0,121825455.29999997
2025-08-01 09:55:01 AM,1095.8,11,12053.8,121837509.09999996
2025-08-01 09:55:05 AM,1095.6,0,0.0,121837509.09999996
2025-08-01 09:55:07 AM,1095.6,98,107368.79999999999,121944877.89999996
2025-08-01 09:55:19 AM,1095.6,197,215833.19999999998,122160711.09999996
2025-08-01 09:55:20 AM,1096.0,0,0.0,122160711.09999996
2025-08-01 09:55:20 AM,1095.9,102,111781.8,122272492.89999996
2025-08-01 09:55:25 AM,1095.6,10,10956.0,122283448.89999996
2025-08-01 09:55:26 AM,1096.0,101,110696.0,122394144.89999996
2025-08-01 09:55:27 AM,1095.9,0,0.0,122394144.89999996
2025-08-01 09:55:30 AM,1095.9,7,7671.300000000001,122401816.19999996
2025-08-01 09:55:32 AM,1095.9,1,1095.9,122402912.09999996
2025-08-01 09:55:35 AM,1095.4,0,0.0,122402912.09999996
2025-08-01 09:55:36 AM,1095.5,0,0.0,122402912.09999996
2025-08-01 09:55:37 AM,1095.5,264,289212.0,122692124.09999996
2025-08-01 09:55:43 AM,1094.5,0,0.0,122692124.09999996
2025-08-01 09:55:43 AM,1094.5,563,616203.5,123308327.59999996
2025-08-01 09:55:44 AM,1094.9,0,0.0,123308327.59999996
2025-08-01 09:55:44 AM,1095.1,56,61325.59999999999,123369653.19999996
2025-08-01 09:55:49 AM,1095.1,132,144553.19999999998,123514206.39999996
2025-08-01 09:55:50 AM,1094.3,100,109430.0,123623636.39999996
2025-08-01 09:55:55 AM,1094.3,104,113807.2,123737443.59999996
2025-08-01 09:56:01 AM,1094.8,0,0.0,123737443.59999996
2025-08-01 09:56:01 AM,1094.8,64,70067.2,123807510.79999997
2025-08-01 09:56:07 AM,1095.6,0,0.0,123807510.79999997
2025-08-01 09:56:07 AM,1095.6,94,102986.4,123910497.19999997
2025-08-01 09:56:13 AM,1095.6,12,13147.199999999999,123923644.39999998
2025-08-01 09:56:14 AM,1095.0,0,0.0,123923644.39999998
2025-08-01 09:56:14 AM,1095.0,1,1095.0,123924739.39999998
2025-08-01 09:56:16 AM,1095.2,0,0.0,123924739.39999998
2025-08-01 09:56:17 AM,1095.8,0,0.0,123924739.39999998
2025-08-01 09:56:19 AM,1095.6,583,638734.7999999999,124563474.19999997
2025-08-01 09:56:25 AM,1095.6,15,16434.0,124579908.19999997
2025-08-01 09:56:28 AM,1095.8,0,0.0,124579908.19999997
2025-08-01 09:56:31 AM,1095.8,25,27395.0,124607303.19999997
2025-08-01 09:56:36 AM,1095.8,101,110675.79999999999,124717978.99999997
2025-08-01 09:56:37 AM,1096.0,0,0.0,124717978.99999997
2025-08-01 09:56:37 AM,1096.0,30,32880.0,124750858.99999997
2025-08-01 09:56:43 AM,1096.0,9,9864.0,124760722.99999997
2025-08-01 09:56:49 AM,1096.0,2,2192.0,124762914.99999997
2025-08-01 09:56:51 AM,1095.8,0,0.0,124762914.99999997
2025-08-01 09:56:54 AM,1096.0,0,0.0,124762914.99999997
2025-08-01 09:56:55 AM,1096.0,148,162208.0,124925122.99999997
2025-08-01 09:57:01 AM,1095.6,76,83265.59999999999,125008388.59999996
2025-08-01 09:57:02 AM,1096.0,0,0.0,125008388.59999996
2025-08-01 09:57:02 AM,1096.0,25,27400.0,125035788.59999996
2025-08-01 09:57:07 AM,1095.8,0,0.0,125035788.59999996
2025-08-01 09:57:07 AM,1096.0,38,41648.0,125077436.59999996
2025-08-01 09:57:09 AM,1095.8,4,4383.2,125081819.79999997
2025-08-01 09:57:10 AM,1096.0,0,0.0,125081819.79999997
2025-08-01 09:57:13 AM,1096.0,68,74528.0,125156347.79999997
2025-08-01 09:57:14 AM,1095.7,0,0.0,125156347.79999997
2025-08-01 09:57:14 AM,1095.7,10,10957.0,125167304.79999997
2025-08-01 09:57:19 AM,1095.7,5,5478.5,125172783.29999997
2025-08-01 09:57:22 AM,1095.6,0,0.0,125172783.29999997
2025-08-01 09:57:24 AM,1095.6,39,42728.399999999994,125215511.69999997
2025-08-01 09:57:26 AM,1096.0,0,0.0,125215511.69999997
2025-08-01 09:57:26 AM,1096.0,5,5480.0,125220991.69999997
2025-08-01 09:57:32 AM,1095.7,1,1095.7,125222087.39999998
2025-08-01 09:57:35 AM,1095.6,0,0.0,125222087.39999998
2025-08-01 09:57:36 AM,1095.6,35,38346.0,125260433.39999998
2025-08-01 09:57:42 AM,1095.5,0,0.0,125260433.39999998
2025-08-01 09:57:42 AM,1095.5,18,19719.0,125280152.39999998
2025-08-01 09:57:44 AM,1095.5,1,1095.5,125281247.89999998
2025-08-01 09:57:46 AM,1095.3,0,0.0,125281247.89999998
2025-08-01 09:57:48 AM,1095.3,37,40526.1,125321773.99999997
2025-08-01 09:57:51 AM,1095.0,80,87600.0,125409373.99999997
2025-08-01 09:57:54 AM,1095.0,50,54750.0,125464123.99999997
2025-08-01 09:57:57 AM,1095.0,6,6570.0,125470693.99999997
2025-08-01 09:58:02 AM,1095.5,0,0.0,125470693.99999997
2025-08-01 09:58:03 AM,1094.9,159,174089.1,125644783.09999996
2025-08-01 09:58:06 AM,1095.0,10,10950.0,125655733.09999996
2025-08-01 09:58:12 AM,1094.6,0,0.0,125655733.09999996
2025-08-01 09:58:12 AM,1094.6,3,3283.7999999999997,125659016.89999996
2025-08-01 09:58:15 AM,1094.6,4,4378.4,125663395.29999997
2025-08-01 09:58:18 AM,1094.9,10,10949.0,125674344.29999997
2025-08-01 09:58:21 AM,1094.6,2,2189.2,125676533.49999997
2025-08-01 09:58:27 AM,1094.5,0,0.0,125676533.49999997
2025-08-01 09:58:27 AM,1094.5,5,5472.5,125682005.99999997
2025-08-01 09:58:30 AM,1094.0,128,140032.0,125822037.99999997
2025-08-01 09:58:33 AM,1092.9,233,254645.7,126076683.69999997
2025-08-01 09:58:35 AM,1093.2,0,0.0,126076683.69999997
2025-08-01 09:58:36 AM,1093.1,93,101658.29999999999,126178341.99999997
2025-08-01 09:58:43 AM,1093.5,0,0.0,126178341.99999997
2025-08-01 09:58:43 AM,1093.5,85,92947.5,126271289.49999997
2025-08-01 09:58:46 AM,1093.6,35,38276.0,126309565.49999997
2025-08-01 09:58:48 AM,1094.4,0,0.0,126309565.49999997
2025-08-01 09:58:49 AM,1094.4,5,5472.0,126315037.49999997
2025-08-01 09:58:51 AM,1094.5,0,0.0,126315037.49999997
2025-08-01 09:58:52 AM,1094.5,8,8756.0,126323793.49999997
2025-08-01 09:58:55 AM,1093.6,0,0.0,126323793.49999997
2025-08-01 09:58:55 AM,1093.6,16,17497.6,126341291.09999996
2025-08-01 09:58:58 AM,1094.3,1,1094.3,126342385.39999996
2025-08-01 09:59:00 AM,1092.9,0,0.0,126342385.39999996
2025-08-01 09:59:00 AM,1093.9,0,0.0,126342385.39999996
2025-08-01 09:59:01 AM,1093.9,215,235188.50000000003,126577573.89999996
2025-08-01 09:59:07 AM,1093.4,32,34988.8,126612562.69999996
2025-08-01 09:59:08 AM,1093.7,0,0.0,126612562.69999996
2025-08-01 09:59:10 AM,1093.8,0,0.0,126612562.69999996
2025-08-01 09:59:10 AM,1093.8,30,32814.0,126645376.69999996
2025-08-01 09:59:13 AM,1094.1,0,0.0,126645376.69999996
2025-08-01 09:59:13 AM,1093.1,857,936786.7,127582163.39999996
2025-08-01 09:59:16 AM,1093.3,24,26239.199999999997,127608402.59999996
2025-08-01 09:59:18 AM,1093.7,0,0.0,127608402.59999996
2025-08-01 09:59:20 AM,1093.7,6,6562.200000000001,127614964.79999997
2025-08-01 09:59:25 AM,1093.3,0,0.0,127614964.79999997
2025-08-01 09:59:26 AM,1094.2,38,41579.6,127656544.39999996
2025-08-01 09:59:29 AM,1094.2,3,3282.6000000000004,127659826.99999996
2025-08-01 09:59:35 AM,1094.8,101,110574.79999999999,127770401.79999995
2025-08-01 09:59:51 AM,1093.8,124,135631.19999999998,127906032.99999996
2025-08-01 09:59:53 AM,1093.5,76,83106.0,127989138.99999996
2025-08-01 10:00:03 AM,1093.5,28,30618.0,128019756.99999996
2025-08-01 10:00:05 AM,1094.3,0,0.0,128019756.99999996
2025-08-01 10:00:06 AM,1094.4,7,7660.800000000001,128027417.79999995
2025-08-01 10:00:09 AM,1094.3,4,4377.2,128031794.99999996
2025-08-01 10:00:12 AM,1094.6,0,0.0,128031794.99999996
2025-08-01 10:00:13 AM,1094.6,55,60202.99999999999,128091997.99999996
2025-08-01 10:00:22 AM,1094.8,40,43792.0,128135789.99999996
2025-08-01 10:00:31 AM,1094.8,1,1094.8,128136884.79999995
2025-08-01 10:00:36 AM,1094.6,0,0.0,128136884.79999995
2025-08-01 10:00:38 AM,1094.8,29,31749.199999999997,128168633.99999996
2025-08-01 10:00:42 AM,1094.6,0,0.0,128168633.99999996
2025-08-01 10:00:44 AM,1094.6,29,31743.399999999998,128200377.39999996
2025-08-01 10:00:47 AM,1094.6,142,155433.19999999998,128355810.59999996
2025-08-01 10:00:51 AM,1094.8,10,10948.0,128366758.59999996
2025-08-01 10:00:57 AM,1094.8,4,4379.2,128371137.79999997
2025-08-01 10:01:00 AM,1094.8,25,27370.0,128398507.79999997
2025-08-01 10:01:06 AM,1094.8,33,36128.4,128434636.19999997
2025-08-01 10:01:10 AM,1095.0,0,0.0,128434636.19999997
2025-08-01 10:01:10 AM,1095.0,1426,1561470.0,129996106.19999997
2025-08-01 10:01:11 AM,1095.6,0,0.0,129996106.19999997
2025-08-01 10:01:13 AM,1095.6,3,3286.7999999999997,129999392.99999997
2025-08-01 10:01:16 AM,1096.0,0,0.0,129999392.99999997
2025-08-01 10:01:16 AM,1096.9,0,0.0,129999392.99999997
2025-08-01 10:01:16 AM,1096.9,791,867647.9,130867040.89999998
2025-08-01 10:01:25 AM,1096.3,0,0.0,130867040.89999998
2025-08-01 10:01:25 AM,1096.3,6,6577.799999999999,130873618.69999997
2025-08-01 10:01:31 AM,1096.0,10,10960.0,130884578.69999997
2025-08-01 10:01:32 AM,1095.5,0,0.0,130884578.69999997
2025-08-01 10:01:34 AM,1096.0,75,82200.0,130966778.69999997
2025-08-01 10:01:36 AM,1095.3,0,0.0,130966778.69999997
2025-08-01 10:01:37 AM,1095.3,2,2190.6,130968969.29999997
2025-08-01 10:01:41 AM,1095.0,0,0.0,130968969.29999997
2025-08-01 10:01:41 AM,1095.0,27,29565.0,130998534.29999997
2025-08-01 10:01:47 AM,1095.0,28,30660.0,131029194.29999997
2025-08-01 10:02:01 AM,1095.7,0,0.0,131029194.29999997
2025-08-01 10:02:01 AM,1095.7,27,29583.9,131058778.19999997
2025-08-01 10:02:05 AM,1095.0,0,0.0,131058778.19999997
2025-08-01 10:02:05 AM,1095.7,33,36158.1,131094936.29999997
2025-08-01 10:02:14 AM,1095.1,50,54754.99999999999,131149691.29999997
2025-08-01 10:02:18 AM,1095.1,1,1095.1,131150786.39999996
2025-08-01 10:02:21 AM,1095.0,0,0.0,131150786.39999996
2025-08-01 10:02:25 AM,1095.0,23,25185.0,131175971.39999996
2025-08-01 10:02:26 AM,1095.5,2,2191.0,131178162.39999996
2025-08-01 10:02:30 AM,1095.8,0,0.0,131178162.39999996
2025-08-01 10:02:31 AM,1095.8,2,2191.6,131180353.99999996
2025-08-01 10:02:34 AM,1095.0,0,0.0,131180353.99999996
2025-08-01 10:02:37 AM,1095.0,22,24090.0,131204443.99999996
2025-08-01 10:02:44 AM,1095.0,24,26280.0,131230723.99999996
2025-08-01 10:02:45 AM,1095.0,25,27375.0,131258098.99999996
2025-08-01 10:02:50 AM,1095.7,5,5478.5,131263577.49999996
2025-08-01 10:02:58 AM,1095.7,20,21914.0,131285491.49999996
2025-08-01 10:03:04 AM,1095.7,25,27392.5,131312883.99999996
2025-08-01 10:03:07 AM,1094.9,0,0.0,131312883.99999996
2025-08-01 10:03:09 AM,1094.9,68,74453.20000000001,131387337.19999996
2025-08-01 10:03:11 AM,1094.4,11,12038.400000000001,131399375.59999996
2025-08-01 10:03:15 AM,1094.1,3,3282.2999999999997,131402657.89999996
2025-08-01 10:03:22 AM,1094.3,49,53620.7,131456278.59999996
2025-08-01 10:03:31 AM,1094.3,31,33923.299999999996,131490201.89999996
2025-08-01 10:03:35 AM,1095.0,5,5475.0,131495676.89999996
2025-08-01 10:03:47 AM,1095.0,7,7665.0,131503341.89999996
2025-08-01 10:03:53 AM,1095.0,101,110595.0,131613936.89999996
2025-08-01 10:03:56 AM,1095.0,5,5475.0,131619411.89999996
2025-08-01 10:04:06 AM,1094.5,15,16417.5,131635829.39999996
2025-08-01 10:04:08 AM,1094.5,14,15323.0,131651152.39999996
2025-08-01 10:04:11 AM,1094.4,0,0.0,131651152.39999996
2025-08-01 10:04:12 AM,1094.4,16,17510.4,131668662.79999997
2025-08-01 10:04:14 AM,1094.4,4,4377.6,131673040.39999996
2025-08-01 10:04:18 AM,1094.4,158,172915.2,131845955.59999996
2025-08-01 10:04:25 AM,1095.0,100,109500.0,131955455.59999996
2025-08-01 10:04:36 AM,1094.5,0,0.0,131955455.59999996
2025-08-01 10:04:37 AM,1095.0,186,203670.0,132159125.59999996
2025-08-01 10:04:50 AM,1094.5,0,0.0,132159125.59999996
2025-08-01 10:04:50 AM,1094.5,35,38307.5,132197433.09999996
2025-08-01 10:04:52 AM,1095.0,32,35040.0,132232473.09999996
2025-08-01 10:04:54 AM,1094.4,0,0.0,132232473.09999996
2025-08-01 10:04:56 AM,1095.0,32,35040.0,132267513.09999996
2025-08-01 10:05:02 AM,1095.0,29,31755.0,132299268.09999996
2025-08-01 10:05:08 AM,1095.0,17,18615.0,132317883.09999996
2025-08-01 10:05:10 AM,1094.4,90,98496.00000000001,132416379.09999996
2025-08-01 10:05:14 AM,1094.4,516,564710.4,132981089.49999997
2025-08-01 10:05:17 AM,1094.4,29,31737.600000000002,133012827.09999996
2025-08-01 10:05:21 AM,1094.4,4,4377.6,133017204.69999996
2025-08-01 10:05:27 AM,1095.0,46,50370.0,133067574.69999996
2025-08-01 10:05:33 AM,1095.0,40,43800.0,133111374.69999996
2025-08-01 10:05:39 AM,1095.1,7,7665.699999999999,133119040.39999996
2025-08-01 10:05:45 AM,1095.1,2,2190.2,133121230.59999996
2025-08-01 10:05:47 AM,1095.1,11,12046.099999999999,133133276.69999996
2025-08-01 10:05:51 AM,1095.0,39,42705.0,133175981.69999996
2025-08-01 10:05:53 AM,1095.9,0,0.0,133175981.69999996
2025-08-01 10:05:53 AM,1095.9,500,547950.0,133723931.69999996
2025-08-01 10:05:55 AM,1095.8,0,0.0,133723931.69999996
2025-08-01 10:05:57 AM,1095.8,1,1095.8,133725027.49999996
2025-08-01 10:05:59 AM,1095.9,0,0.0,133725027.49999996
2025-08-01 10:05:59 AM,1095.9,3,3287.7000000000003,133728315.19999996
2025-08-01 10:06:05 AM,1095.9,20,21918.0,133750233.19999996
2025-08-01 10:06:09 AM,1095.8,0,0.0,133750233.19999996
2025-08-01 10:06:09 AM,1095.8,105,115059.0,133865292.19999996
2025-08-01 10:06:11 AM,1095.3,51,55860.299999999996,133921152.49999996
2025-08-01 10:06:17 AM,1095.3,29,31763.699999999997,133952916.19999996
2025-08-01 10:06:19 AM,1095.2,0,0.0,133952916.19999996
2025-08-01 10:06:21 AM,1095.2,193,211373.6,134164289.79999995
2025-08-01 10:06:23 AM,1094.5,368,402776.0,134567065.79999995
2025-08-01 10:06:25 AM,1094.8,0,0.0,134567065.79999995
2025-08-01 10:06:26 AM,1094.8,3,3284.3999999999996,134570350.19999996
2025-08-01 10:06:29 AM,1094.8,1,1094.8,134571444.99999997
2025-08-01 10:06:31 AM,1094.4,0,0.0,134571444.99999997
2025-08-01 10:06:32 AM,1094.4,379,414777.60000000003,134986222.59999996
2025-08-01 10:06:39 AM,1094.0,0,0.0,134986222.59999996
2025-08-01 10:06:39 AM,1094.0,23,25162.0,135011384.59999996
2025-08-01 10:06:43 AM,1094.5,0,0.0,135011384.59999996
2025-08-01 10:06:45 AM,1094.5,35,38307.5,135049692.09999996
2025-08-01 10:06:49 AM,1094.0,0,0.0,135049692.09999996
2025-08-01 10:06:51 AM,1094.0,77,84238.0,135133930.09999996
2025-08-01 10:06:53 AM,1094.4,0,0.0,135133930.09999996
2025-08-01 10:06:53 AM,1094.4,21,22982.4,135156912.49999997
2025-08-01 10:06:57 AM,1094.0,21,22974.0,135179886.49999997
2025-08-01 10:07:03 AM,1094.0,40,43760.0,135223646.49999997
2025-08-01 10:07:16 AM,1094.0,197,215518.0,135439164.49999997
2025-08-01 10:07:22 AM,1094.0,13,14222.0,135453386.49999997
2025-08-01 10:07:23 AM,1094.8,0,0.0,135453386.49999997
2025-08-01 10:07:24 AM,1094.8,3,3284.3999999999996,135456670.89999998
2025-08-01 10:07:28 AM,1094.0,0,0.0,135456670.89999998
2025-08-01 10:07:28 AM,1094.0,6,6564.0,135463234.89999998
2025-08-01 10:07:34 AM,1094.0,64,70016.0,135533250.89999998
2025-08-01 10:07:40 AM,1093.3,0,0.0,135533250.89999998
2025-08-01 10:07:40 AM,1093.3,922,1008022.6,136541273.49999997
2025-08-01 10:07:42 AM,1094.7,130,142311.0,136683584.49999997
2025-08-01 10:07:48 AM,1094.9,89,97446.1,136781030.59999996
2025-08-01 10:07:59 AM,1093.9,121,132361.90000000002,136913392.49999997
2025-08-01 10:08:05 AM,1093.9,60,65634.0,136979026.49999997
2025-08-01 10:08:09 AM,1093.4,0,0.0,136979026.49999997
2025-08-01 10:08:11 AM,1093.4,2,2186.8,136981213.29999998
2025-08-01 10:08:18 AM,1094.3,38,41583.4,137022796.7
2025-08-01 10:08:30 AM,1094.4,16,17510.4,137040307.1
2025-08-01 10:08:32 AM,1094.4,5,5472.0,137045779.1
2025-08-01 10:08:36 AM,1093.9,36,39380.4,137085159.5
2025-08-01 10:08:40 AM,1095.0,0,0.0,137085159.5
2025-08-01 10:08:42 AM,1095.0,1,1095.0,137086254.5
2025-08-01 10:08:48 AM,1095.0,10,10950.0,137097204.5
2025-08-01 10:08:49 AM,1095.0,10,10950.0,137108154.5
2025-08-01 10:08:51 AM,1094.4,0,0.0,137108154.5
2025-08-01 10:08:53 AM,1094.9,36,39416.4,137147570.9
2025-08-01 10:09:05 AM,1094.4,15,16416.0,137163986.9
2025-08-01 10:09:07 AM,1094.4,5,5472.0,137169458.9
2025-08-01 10:09:11 AM,1094.4,571,624902.4,137794361.3
2025-08-01 10:09:16 AM,1094.1,0,0.0,137794361.3
2025-08-01 10:09:17 AM,1094.1,48,52516.799999999996,137846878.10000002
2025-08-01 10:09:19 AM,1094.4,0,0.0,137846878.10000002
2025-08-01 10:09:19 AM,1094.4,25,27360.000000000004,137874238.10000002
2025-08-01 10:09:22 AM,1094.1,0,0.0,137874238.10000002
2025-08-01 10:09:23 AM,1095.1,0,0.0,137874238.10000002
2025-08-01 10:09:23 AM,1095.1,113,123746.29999999999,137997984.40000004
2025-08-01 10:09:33 AM,1094.9,0,0.0,137997984.40000004
2025-08-01 10:09:35 AM,1094.9,2,2189.8,138000174.20000005
2025-08-01 10:09:36 AM,1094.1,37,40481.7,138040655.90000004
2025-08-01 10:09:40 AM,1094.8,0,0.0,138040655.90000004
2025-08-01 10:09:41 AM,1094.8,10,10948.0,138051603.90000004
2025-08-01 10:09:46 AM,1094.1,0,0.0,138051603.90000004
2025-08-01 10:09:46 AM,1094.1,10,10941.0,138062544.90000004
2025-08-01 10:09:52 AM,1094.1,37,40481.7,138103026.60000002
2025-08-01 10:09:54 AM,1093.8,0,0.0,138103026.60000002
2025-08-01 10:09:54 AM,1093.8,94,102817.2,138205843.8
2025-08-01 10:09:55 AM,1093.5,0,0.0,138205843.8
2025-08-01 10:09:58 AM,1093.5,2,2187.0,138208030.8
2025-08-01 10:09:59 AM,1093.0,130,142090.0,138350120.8
2025-08-01 10:10:00 AM,1093.6,0,0.0,138350120.8
2025-08-01 10:10:03 AM,1093.6,10,10936.0,138361056.8
2025-08-01 10:10:07 AM,1093.0,0,0.0,138361056.8
2025-08-01 10:10:09 AM,1093.0,25,27325.0,138388381.8
2025-08-01 10:10:11 AM,1093.6,17,18591.199999999997,138406973.0
2025-08-01 10:10:13 AM,1093.8,0,0.0,138406973.0
2025-08-01 10:10:15 AM,1093.8,60,65628.0,138472601.0
2025-08-01 10:10:17 AM,1092.6,2131,2328330.5999999996,140800931.6
2025-08-01 10:10:20 AM,1093.4,0,0.0,140800931.6
2025-08-01 10:10:21 AM,1092.4,0,0.0,140800931.6
2025-08-01 10:10:21 AM,1092.4,85,92854.00000000001,140893785.6
2025-08-01 10:10:23 AM,1093.3,20,21866.0,140915651.6
2025-08-01 10:10:24 AM,1093.5,0,0.0,140915651.6
2025-08-01 10:10:27 AM,1093.5,4,4374.0,140920025.6
2025-08-01 10:10:33 AM,1093.2,1,1093.2,140921118.79999998
2025-08-01 10:10:35 AM,1093.5,2,2187.0,140923305.79999998
2025-08-01 10:10:36 AM,1093.2,0,0.0,140923305.79999998
2025-08-01 10:10:39 AM,1094.0,99,108306.0,141031611.79999998
2025-08-01 10:10:51 AM,1093.4,30,32802.0,141064413.79999998
2025-08-01 10:10:52 AM,1094.0,0,0.0,141064413.79999998
2025-08-01 10:10:53 AM,1094.0,5,5470.0,141069883.79999998
2025-08-01 10:10:57 AM,1094.0,6,6564.0,141076447.79999998
2025-08-01 10:11:09 AM,1094.0,131,143314.0,141219761.79999998
2025-08-01 10:11:10 AM,1094.0,20,21880.0,141241641.79999998
2025-08-01 10:11:21 AM,1093.4,0,0.0,141241641.79999998
2025-08-01 10:11:21 AM,1093.4,27,29521.800000000003,141271163.6
2025-08-01 10:11:26 AM,1093.4,150,164010.0,141435173.6
2025-08-01 10:11:32 AM,1093.4,25,27335.000000000004,141462508.6
2025-08-01 10:11:37 AM,1093.4,10,10934.0,141473442.6
2025-08-01 10:11:39 AM,1093.8,50,54690.0,141528132.6
2025-08-01 10:11:43 AM,1093.9,10,10939.0,141539071.6
2025-08-01 10:11:49 AM,1093.9,30,32817.0,141571888.6
2025-08-01 10:11:51 AM,1093.2,25,27330.0,141599218.6
2025-08-01 10:11:55 AM,1093.1,1,1093.1,141600311.7
2025-08-01 10:12:01 AM,1093.1,33,36072.299999999996,141636384.0
2025-08-01 10:12:06 AM,1093.0,0,0.0,141636384.0
2025-08-01 10:12:07 AM,1093.0,58,63394.0,141699778.0
2025-08-01 10:12:13 AM,1093.0,135,147555.0,141847333.0
2025-08-01 10:12:18 AM,1092.1,0,0.0,141847333.0
2025-08-01 10:12:19 AM,1092.1,164,179104.4,142026437.4
2025-08-01 10:12:24 AM,1092.1,37,40407.7,142066845.1
2025-08-01 10:12:27 AM,1092.5,0,0.0,142066845.1
2025-08-01 10:12:30 AM,1092.6,0,0.0,142066845.1
2025-08-01 10:12:30 AM,1093.4,541,591529.4,142658374.5
2025-08-01 10:12:36 AM,1092.9,38,41530.200000000004,142699904.7
2025-08-01 10:12:42 AM,1093.1,5,5465.5,142705370.2
2025-08-01 10:12:47 AM,1093.1,41,44817.1,142750187.29999998
2025-08-01 10:12:48 AM,1093.8,4,4375.2,142754562.49999997
2025-08-01 10:12:49 AM,1093.1,0,0.0,142754562.49999997
2025-08-01 10:12:53 AM,1093.9,20,21878.0,142776440.49999997
2025-08-01 10:13:00 AM,1093.1,50,54654.99999999999,142831095.49999997
2025-08-01 10:13:05 AM,1093.1,45,49189.49999999999,142880284.99999997
2025-08-01 10:13:05 AM,1093.8,15,16407.0,142896691.99999997
2025-08-01 10:13:21 AM,1093.5,0,0.0,142896691.99999997
2025-08-01 10:13:22 AM,1093.5,47,51394.5,142948086.49999997
2025-08-01 10:13:25 AM,1094.0,0,0.0,142948086.49999997
2025-08-01 10:13:27 AM,1093.3,0,0.0,142948086.49999997
2025-08-01 10:13:28 AM,1093.3,101,110423.29999999999,143058509.79999998
2025-08-01 10:13:29 AM,1093.9,6,6563.400000000001,143065073.2
2025-08-01 10:13:34 AM,1093.9,22,24065.800000000003,143089139.0
2025-08-01 10:13:35 AM,1093.9,15,16408.5,143105547.5
2025-08-01 10:13:37 AM,1093.3,0,0.0,143105547.5
2025-08-01 10:13:40 AM,1093.3,45,49198.5,143154746.0
2025-08-01 10:13:46 AM,1093.4,0,0.0,143154746.0
2025-08-01 10:13:46 AM,1094.0,0,0.0,143154746.0
2025-08-01 10:13:46 AM,1093.8,539,589558.2,143744304.2
2025-08-01 10:14:00 AM,1093.9,0,0.0,143744304.2
2025-08-01 10:14:04 AM,1093.9,127,138925.30000000002,143883229.5
2025-08-01 10:14:07 AM,1093.2,0,0.0,143883229.5
2025-08-01 10:14:10 AM,1094.0,0,0.0,143883229.5
2025-08-01 10:14:10 AM,1094.0,27,29538.0,143912767.5
2025-08-01 10:14:15 AM,1094.0,351,383994.0,144296761.5
2025-08-01 10:14:21 AM,1093.4,0,0.0,144296761.5
2025-08-01 10:14:21 AM,1093.4,87,95125.8,144391887.3
2025-08-01 10:14:22 AM,1094.1,0,0.0,144391887.3
2025-08-01 10:14:22 AM,1094.1,1,1094.1,144392981.4
2025-08-01 10:14:36 AM,1093.7,0,0.0,144392981.4
2025-08-01 10:14:38 AM,1094.4,29,31737.600000000002,144424719.0
2025-08-01 10:14:39 AM,1093.7,0,0.0,144424719.0
2025-08-01 10:14:40 AM,1093.7,10,10937.0,144435656.0
2025-08-01 10:14:43 AM,1094.3,0,0.0,144435656.0
2025-08-01 10:14:44 AM,1094.3,2,2188.6,144437844.6
2025-08-01 10:14:50 AM,1094.3,16,17508.8,144455353.4
2025-08-01 10:14:51 AM,1093.8,4,4375.2,144459728.6
2025-08-01 10:14:56 AM,1094.5,0,0.0,144459728.6
2025-08-01 10:14:56 AM,1094.1,246,269148.6,144728877.2
2025-08-01 10:14:57 AM,1092.0,1775,1938300.0,146667177.2
2025-08-01 10:15:02 AM,1093.7,0,0.0,146667177.2
2025-08-01 10:15:02 AM,1093.7,33,36092.1,146703269.29999998
2025-08-01 10:15:04 AM,1093.9,0,0.0,146703269.29999998
2025-08-01 10:15:07 AM,1093.9,3,3281.7000000000003,146706550.99999997
2025-08-01 10:15:12 AM,1094.0,0,0.0,146706550.99999997
2025-08-01 10:15:13 AM,1094.0,10,10940.0,146717490.99999997
2025-08-01 10:15:20 AM,1094.0,16,17504.0,146734994.99999997
2025-08-01 10:15:21 AM,1093.9,0,0.0,146734994.99999997
2025-08-01 10:15:24 AM,1094.4,0,0.0,146734994.99999997
2025-08-01 10:15:25 AM,1094.4,37,40492.8,146775487.79999998
2025-08-01 10:15:33 AM,1094.1,0,0.0,146775487.79999998
2025-08-01 10:15:38 AM,1094.1,32,35011.2,146810498.99999997
2025-08-01 10:15:38 AM,1094.1,15,16411.5,146826910.49999997
2025-08-01 10:15:41 AM,1094.5,0,0.0,146826910.49999997
2025-08-01 10:15:43 AM,1094.5,71,77709.5,146904619.99999997
2025-08-01 10:15:50 AM,1094.5,15,16417.5,146921037.49999997
2025-08-01 10:15:55 AM,1094.5,53,58008.5,146979045.99999997
2025-08-01 10:16:06 AM,1093.9,0,0.0,146979045.99999997
2025-08-01 10:16:07 AM,1093.9,38,41568.200000000004,147020614.19999996
2025-08-01 10:16:12 AM,1093.8,0,0.0,147020614.19999996
2025-08-01 10:16:13 AM,1093.8,18,19688.399999999998,147040302.59999996
2025-08-01 10:16:18 AM,1094.3,0,0.0,147040302.59999996
2025-08-01 10:16:19 AM,1094.3,92,100675.59999999999,147140978.19999996
2025-08-01 10:16:21 AM,1094.5,0,0.0,147140978.19999996
2025-08-01 10:16:24 AM,1094.8,0,0.0,147140978.19999996
2025-08-01 10:16:24 AM,1094.8,687,752127.6,147893105.79999995
2025-08-01 10:16:30 AM,1095.0,0,0.0,147893105.79999995
2025-08-01 10:16:30 AM,1095.0,166,181770.0,148074875.79999995
2025-08-01 10:16:36 AM,1094.8,0,0.0,148074875.79999995
2025-08-01 10:16:36 AM,1094.8,58,63498.399999999994,148138374.19999996
2025-08-01 10:16:45 AM,1094.9,0,0.0,148138374.19999996
2025-08-01 10:16:48 AM,1094.9,1,1094.9,148139469.09999996
2025-08-01 10:16:51 AM,1094.8,0,0.0,148139469.09999996
2025-08-01 10:16:53 AM,1094.8,46,50360.799999999996,148189829.89999998
2025-08-01 10:17:00 AM,1095.4,0,0.0,148189829.89999998
2025-08-01 10:17:04 AM,1094.8,0,0.0,148189829.89999998
2025-08-01 10:17:04 AM,1094.8,23,25180.399999999998,148215010.29999998
2025-08-01 10:17:04 AM,1095.5,185,202667.5,148417677.79999998
2025-08-01 10:17:10 AM,1095.5,39,42724.5,148460402.29999998
2025-08-01 10:17:15 AM,1095.5,7,7668.5,148468070.79999998
2025-08-01 10:17:21 AM,1094.9,0,0.0,148468070.79999998
2025-08-01 10:17:21 AM,1095.5,255,279352.5,148747423.29999998
2025-08-01 10:17:27 AM,1095.5,34,37247.0,148784670.29999998
2025-08-01 10:17:33 AM,1095.5,30,32865.0,148817535.29999998
2025-08-01 10:17:36 AM,1094.9,0,0.0,148817535.29999998
2025-08-01 10:17:39 AM,1094.9,44,48175.600000000006,148865710.89999998
2025-08-01 10:17:50 AM,1094.9,34,37226.600000000006,148902937.49999997
2025-08-01 10:17:54 AM,1095.5,0,0.0,148902937.49999997
2025-08-01 10:17:56 AM,1095.5,21,23005.5,148925942.99999997
2025-08-01 10:18:00 AM,1097.0,0,0.0,148925942.99999997
2025-08-01 10:18:02 AM,1097.7,0,0.0,148925942.99999997
2025-08-01 10:18:02 AM,1099.5,2458,2702571.0,151628513.99999997
2025-08-01 10:18:08 AM,1099.1,668,734198.7999999999,152362712.79999998
2025-08-01 10:18:09 AM,1101.0,0,0.0,152362712.79999998
2025-08-01 10:18:11 AM,1101.7,0,0.0,152362712.79999998
2025-08-01 10:18:14 AM,1102.2,0,0.0,152362712.79999998
2025-08-01 10:18:14 AM,1102.2,802,883964.4,153246677.2
2025-08-01 10:18:20 AM,1102.9,337,371677.30000000005,153618354.5
2025-08-01 10:18:22 AM,1102.1,0,0.0,153618354.5
2025-08-01 10:18:24 AM,1101.7,0,0.0,153618354.5
2025-08-01 10:18:25 AM,1101.7,495,545341.5,154163696.0
2025-08-01 10:18:26 AM,1101.0,0,0.0,154163696.0
2025-08-01 10:18:28 AM,1100.9,0,0.0,154163696.0
2025-08-01 10:18:30 AM,1100.2,0,0.0,154163696.0
2025-08-01 10:18:31 AM,1099.6,421,462931.6,154626627.6
2025-08-01 10:18:33 AM,1099.7,0,0.0,154626627.6
2025-08-01 10:18:34 AM,1101.0,0,0.0,154626627.6
2025-08-01 10:18:37 AM,1101.0,222,244422.0,154871049.6
2025-08-01 10:18:39 AM,1101.1,0,0.0,154871049.6
2025-08-01 10:18:43 AM,1101.1,43,47347.299999999996,154918396.9
2025-08-01 10:18:43 AM,1102.0,47,51794.0,154970190.9
2025-08-01 10:18:48 AM,1102.0,135,148770.0,155118960.9
2025-08-01 10:18:51 AM,1101.4,0,0.0,155118960.9
2025-08-01 10:18:52 AM,1101.3,0,0.0,155118960.9
2025-08-01 10:18:54 AM,1101.3,145,159688.5,155278649.4
2025-08-01 10:18:55 AM,1101.9,0,0.0,155278649.4
2025-08-01 10:18:59 AM,1100.4,0,0.0,155278649.4
2025-08-01 10:18:59 AM,1101.9,557,613758.3,155892407.70000002
2025-08-01 10:19:00 AM,1102.0,30,33060.0,155925467.70000002
2025-08-01 10:19:03 AM,1101.9,10,11019.0,155936486.70000002
2025-08-01 10:19:04 AM,1101.9,275,303022.5,156239509.20000002
2025-08-01 10:19:06 AM,1100.8,0,0.0,156239509.20000002
2025-08-01 10:19:06 AM,1100.8,28,30822.399999999998,156270331.60000002
2025-08-01 10:19:07 AM,1100.8,44,48435.2,156318766.8
2025-08-01 10:19:11 AM,1101.7,0,0.0,156318766.8
2025-08-01 10:19:11 AM,1101.7,50,55085.0,156373851.8
2025-08-01 10:19:13 AM,1101.9,47,51789.3,156425641.10000002
2025-08-01 10:19:18 AM,1101.8,0,0.0,156425641.10000002
2025-08-01 10:19:18 AM,1101.8,10,11018.0,156436659.10000002
2025-08-01 10:19:21 AM,1101.7,28,30847.600000000002,156467506.70000002
2025-08-01 10:19:23 AM,1101.7,42,46271.4,156513778.10000002
2025-08-01 10:19:24 AM,1101.7,4,4406.8,156518184.90000004
2025-08-01 10:19:25 AM,1101.7,143,157543.1,156675728.00000003
2025-08-01 10:19:28 AM,1100.6,0,0.0,156675728.00000003
2025-08-01 10:19:28 AM,1100.6,10,11006.0,156686734.00000003
2025-08-01 10:19:29 AM,1100.1,0,0.0,156686734.00000003
2025-08-01 10:19:29 AM,1100.1,1,1100.1,156687834.10000002
2025-08-01 10:19:31 AM,1100.0,0,0.0,156687834.10000002
2025-08-01 10:19:31 AM,1100.0,6,6600.0,156694434.10000002
2025-08-01 10:19:32 AM,1098.9,4,4395.6,156698829.70000002
2025-08-01 10:19:35 AM,1098.9,1,1098.9,156699928.60000002
2025-08-01 10:19:36 AM,1099.0,0,0.0,156699928.60000002
2025-08-01 10:19:36 AM,1099.0,43,47257.0,156747185.60000002
2025-08-01 10:19:39 AM,1098.6,0,0.0,156747185.60000002
2025-08-01 10:19:39 AM,1098.6,1,1098.6,156748284.20000002
2025-08-01 10:19:41 AM,1099.0,3,3297.0,156751581.20000002
2025-08-01 10:19:41 AM,1098.0,166,182268.0,156933849.20000002
2025-08-01 10:19:44 AM,1097.8,0,0.0,156933849.20000002
2025-08-01 10:19:44 AM,1097.8,4,4391.2,156938240.4
2025-08-01 10:19:45 AM,1096.9,2,2193.8,156940434.20000002
2025-08-01 10:19:46 AM,1096.9,2,2193.8,156942628.00000003
2025-08-01 10:19:48 AM,1096.9,6,6581.400000000001,156949209.40000004
2025-08-01 10:19:49 AM,1096.1,0,0.0,156949209.40000004
2025-08-01 10:19:49 AM,1096.1,1,1096.1,156950305.50000003
2025-08-01 10:19:50 AM,1096.0,28,30688.0,156980993.50000003
2025-08-01 10:19:51 AM,1096.2,16,17539.2,156998532.70000002
2025-08-01 10:19:53 AM,1096.2,37,40559.4,157039092.10000002
2025-08-01 10:19:54 AM,1096.8,62,68001.59999999999,157107093.70000002
2025-08-01 10:19:55 AM,1096.3,1,1096.3,157108190.00000003
2025-08-01 10:19:58 AM,1096.3,1,1096.3,157109286.30000004
2025-08-01 10:19:59 AM,1096.9,47,51554.3,157160840.60000005
2025-08-01 10:20:00 AM,1097.0,1,1097.0,157161937.60000005
2025-08-01 10:20:07 AM,1096.9,0,0.0,157161937.60000005
2025-08-01 10:20:07 AM,1096.9,75,82267.5,157244205.10000005
2025-08-01 10:20:13 AM,1096.8,64,70195.2,157314400.30000004
2025-08-01 10:20:19 AM,1096.8,15,16452.0,157330852.30000004
2025-08-01 10:20:21 AM,1096.3,23,25214.899999999998,157356067.20000005
2025-08-01 10:20:25 AM,1096.3,44,48237.2,157404304.40000004
2025-08-01 10:20:29 AM,1097.1,0,0.0,157404304.40000004
2025-08-01 10:20:31 AM,1097.1,54,59243.399999999994,157463547.80000004
2025-08-01 10:20:37 AM,1096.4,0,0.0,157463547.80000004
2025-08-01 10:20:37 AM,1097.2,43,47179.6,157510727.40000004
2025-08-01 10:20:43 AM,1097.2,47,51568.4,157562295.80000004
2025-08-01 10:20:45 AM,1097.2,25,27430.0,157589725.80000004
2025-08-01 10:20:48 AM,1096.4,0,0.0,157589725.80000004
2025-08-01 10:20:49 AM,1096.4,5,5482.0,157595207.80000004
2025-08-01 10:20:51 AM,1096.4,33,36181.200000000004,157631389.00000003
2025-08-01 10:20:55 AM,1097.2,1,1097.2,157632486.20000002
2025-08-01 10:21:06 AM,1096.5,0,0.0,157632486.20000002
2025-08-01 10:21:06 AM,1096.5,60,65790.0,157698276.20000002
2025-08-01 10:21:08 AM,1096.5,38,41667.0,157739943.20000002
2025-08-01 10:21:12 AM,1095.5,720,788760.0,158528703.20000002
2025-08-01 10:21:16 AM,1094.8,0,0.0,158528703.20000002
2025-08-01 10:21:17 AM,1094.8,299,327345.2,158856048.4
2025-08-01 10:21:22 AM,1094.3,0,0.0,158856048.4
2025-08-01 10:21:22 AM,1094.4,0,0.0,158856048.4
2025-08-01 10:21:23 AM,1094.4,26,28454.4,158884502.8
2025-08-01 10:21:26 AM,1093.9,0,0.0,158884502.8
2025-08-01 10:21:28 AM,1093.0,0,0.0,158884502.8
2025-08-01 10:21:28 AM,1093.0,481,525733.0,159410235.8
2025-08-01 10:21:33 AM,1092.2,12,13106.400000000001,159423342.20000002
2025-08-01 10:21:37 AM,1092.1,0,0.0,159423342.20000002
2025-08-01 10:21:39 AM,1092.1,47,51328.7,159474670.9
2025-08-01 10:21:41 AM,1092.0,101,110292.0,159584962.9
2025-08-01 10:21:47 AM,1092.0,49,53508.0,159638470.9
2025-08-01 10:21:51 AM,1092.5,9,9832.5,159648303.4
2025-08-01 10:21:53 AM,1092.5,3,3277.5,159651580.9
2025-08-01 10:21:56 AM,1092.5,1,1092.5,159652673.4
2025-08-01 10:22:00 AM,1093.0,0,0.0,159652673.4
2025-08-01 10:22:02 AM,1093.0,34,37162.0,159689835.4
2025-08-01 10:22:06 AM,1092.6,0,0.0,159689835.4
2025-08-01 10:22:07 AM,1092.6,23,25129.8,159714965.20000002
2025-08-01 10:22:10 AM,1093.0,0,0.0,159714965.20000002
2025-08-01 10:22:13 AM,1093.0,4,4372.0,159719337.20000002
2025-08-01 10:22:15 AM,1092.6,5,5463.0,159724800.20000002
2025-08-01 10:22:16 AM,1092.9,0,0.0,159724800.20000002
2025-08-01 10:22:19 AM,1092.9,50,54645.00000000001,159779445.20000002
2025-08-01 10:22:25 AM,1092.9,1,1092.9,159780538.10000002
2025-08-01 10:22:27 AM,1092.9,5,5464.5,159786002.60000002
2025-08-01 10:22:33 AM,1092.9,1,1092.9,159787095.50000003
2025-08-01 10:22:37 AM,1092.9,27,29508.300000000003,159816603.80000004
2025-08-01 10:22:40 AM,1093.0,0,0.0,159816603.80000004
2025-08-01 10:22:42 AM,1093.0,71,77603.0,159894206.80000004
2025-08-01 10:22:43 AM,1093.5,0,0.0,159894206.80000004
2025-08-01 10:22:44 AM,1093.5,5,5467.5,159899674.30000004
2025-08-01 10:22:51 AM,1093.0,0,0.0,159899674.30000004
2025-08-01 10:22:53 AM,1093.5,37,40459.5,159940133.80000004
2025-08-01 10:22:55 AM,1093.8,0,0.0,159940133.80000004
2025-08-01 10:22:55 AM,1093.8,70,76566.0,160016699.80000004
2025-08-01 10:22:58 AM,1093.0,0,0.0,160016699.80000004
2025-08-01 10:22:58 AM,1093.0,232,253576.0,160270275.80000004
2025-08-01 10:23:00 AM,1093.0,15,16395.0,160286670.80000004
2025-08-01 10:23:06 AM,1092.6,0,0.0,160286670.80000004
2025-08-01 10:23:06 AM,1092.6,26,28407.6,160315078.40000004
2025-08-01 10:23:12 AM,1093.0,6,6558.0,160321636.40000004
2025-08-01 10:23:15 AM,1093.5,105,114817.5,160436453.90000004
2025-08-01 10:23:18 AM,1093.4,0,0.0,160436453.90000004
2025-08-01 10:23:18 AM,1093.4,164,179317.6,160615771.50000003
2025-08-01 10:23:21 AM,1092.7,0,0.0,160615771.50000003
2025-08-01 10:23:21 AM,1092.7,18,19668.600000000002,160635440.10000002
2025-08-01 10:23:22 AM,1092.2,0,0.0,160635440.10000002
2025-08-01 10:23:24 AM,1092.2,5,5461.0,160640901.10000002
2025-08-01 10:23:26 AM,1092.3,0,0.0,160640901.10000002
2025-08-01 10:23:27 AM,1092.3,3,3276.8999999999996,160644178.00000003
2025-08-01 10:23:31 AM,1092.2,0,0.0,160644178.00000003
2025-08-01 10:23:32 AM,1092.3,0,0.0,160644178.00000003
2025-08-01 10:23:32 AM,1092.3,32,34953.6,160679131.60000002
2025-08-01 10:23:47 AM,1092.7,35,38244.5,160717376.10000002
2025-08-01 10:23:49 AM,1092.7,1,1092.7,160718468.8
2025-08-01 10:24:03 AM,1092.7,45,49171.5,160767640.3
2025-08-01 10:24:09 AM,1093.7,0,0.0,160767640.3
2025-08-01 10:24:09 AM,1093.7,195,213271.5,160980911.8
2025-08-01 10:24:18 AM,1092.7,0,0.0,160980911.8
2025-08-01 10:24:20 AM,1092.7,169,184666.30000000002,161165578.10000002
2025-08-01 10:24:21 AM,1092.8,0,0.0,161165578.10000002
2025-08-01 10:24:22 AM,1093.6,217,237311.19999999998,161402889.3
2025-08-01 10:24:24 AM,1093.5,0,0.0,161402889.3
2025-08-01 10:24:25 AM,1093.5,8,8748.0,161411637.3
2025-08-01 10:24:33 AM,1093.5,1,1093.5,161412730.8
2025-08-01 10:24:36 AM,1093.0,0,0.0,161412730.8
2025-08-01 10:24:36 AM,1093.0,113,123509.0,161536239.8
2025-08-01 10:24:42 AM,1093.0,100,109300.0,161645539.8
2025-08-01 10:24:49 AM,1093.0,1,1093.0,161646632.8
2025-08-01 10:24:51 AM,1092.6,0,0.0,161646632.8
2025-08-01 10:24:53 AM,1092.6,48,52444.799999999996,161699077.60000002
2025-08-01 10:24:57 AM,1092.5,0,0.0,161699077.60000002
2025-08-01 10:24:58 AM,1092.5,13,14202.5,161713280.10000002
2025-08-01 10:25:00 AM,1092.2,4,4368.8,161717648.90000004
2025-08-01 10:25:04 AM,1092.2,1,1092.2,161718741.10000002
2025-08-01 10:25:05 AM,1092.5,0,0.0,161718741.10000002
2025-08-01 10:25:06 AM,1092.1,44,48052.399999999994,161766793.50000003
2025-08-01 10:25:16 AM,1092.0,0,0.0,161766793.50000003
2025-08-01 10:25:16 AM,1092.0,335,365820.0,162132613.50000003
2025-08-01 10:25:22 AM,1092.5,0,0.0,162132613.50000003
2025-08-01 10:25:22 AM,1092.5,26,28405.0,162161018.50000003
2025-08-01 10:25:30 AM,1092.5,2,2185.0,162163203.50000003
2025-08-01 10:25:37 AM,1092.0,0,0.0,162163203.50000003
2025-08-01 10:25:38 AM,1092.0,35,38220.0,162201423.50000003
2025-08-01 10:25:44 AM,1092.5,27,29497.5,162230921.00000003
2025-08-01 10:25:49 AM,1092.5,1,1092.5,162232013.50000003
2025-08-01 10:25:52 AM,1092.0,0,0.0,162232013.50000003
2025-08-01 10:25:52 AM,1092.0,35,38220.0,162270233.50000003
2025-08-01 10:25:53 AM,1092.5,0,0.0,162270233.50000003
2025-08-01 10:25:55 AM,1092.5,1,1092.5,162271326.00000003
2025-08-01 10:25:57 AM,1092.5,50,54625.0,162325951.00000003
2025-08-01 10:26:01 AM,1092.7,0,0.0,162325951.00000003
2025-08-01 10:26:02 AM,1092.7,27,29502.9,162355453.90000004
2025-08-01 10:26:04 AM,1093.5,0,0.0,162355453.90000004
2025-08-01 10:26:06 AM,1093.5,101,110443.5,162465897.40000004
2025-08-01 10:26:22 AM,1093.0,0,0.0,162465897.40000004
2025-08-01 10:26:23 AM,1093.0,2,2186.0,162468083.40000004
2025-08-01 10:26:25 AM,1093.5,0,0.0,162468083.40000004
2025-08-01 10:26:25 AM,1093.5,200,218700.0,162686783.40000004
2025-08-01 10:26:31 AM,1093.1,0,0.0,162686783.40000004
2025-08-01 10:26:31 AM,1093.1,55,60120.49999999999,162746903.90000004
2025-08-01 10:26:36 AM,1093.0,0,0.0,162746903.90000004
2025-08-01 10:26:37 AM,1093.0,25,27325.0,162774228.90000004
2025-08-01 10:26:40 AM,1093.0,23,25139.0,162799367.90000004
2025-08-01 10:26:48 AM,1093.0,3,3279.0,162802646.90000004
2025-08-01 10:26:51 AM,1092.7,0,0.0,162802646.90000004
2025-08-01 10:26:51 AM,1093.0,32,34976.0,162837622.90000004
2025-08-01 10:26:57 AM,1093.0,1,1093.0,162838715.90000004
2025-08-01 10:27:03 AM,1093.0,8,8744.0,162847459.90000004
2025-08-01 10:27:04 AM,1092.7,0,0.0,162847459.90000004
2025-08-01 10:27:06 AM,1092.5,0,0.0,162847459.90000004
2025-08-01 10:27:06 AM,1092.5,79,86307.5,162933767.40000004
2025-08-01 10:27:11 AM,1092.1,215,234801.49999999997,163168568.90000004
2025-08-01 10:27:14 AM,1092.5,0,0.0,163168568.90000004
2025-08-01 10:27:14 AM,1092.5,70,76475.0,163245043.90000004
2025-08-01 10:27:21 AM,1092.1,0,0.0,163245043.90000004
2025-08-01 10:27:23 AM,1092.1,34,37131.399999999994,163282175.30000004
2025-08-01 10:27:30 AM,1092.1,35,38223.5,163320398.80000004
2025-08-01 10:27:34 AM,1092.1,400,436839.99999999994,163757238.80000004
2025-08-01 10:27:47 AM,1092.1,34,37131.399999999994,163794370.20000005
2025-08-01 10:28:01 AM,1092.1,31,33855.1,163828225.30000004
2025-08-01 10:28:11 AM,1092.2,2,2184.4,163830409.70000005
2025-08-01 10:28:14 AM,1092.2,4,4368.8,163834778.50000006
2025-08-01 10:28:21 AM,1092.1,0,0.0,163834778.50000006
2025-08-01 10:28:22 AM,1092.1,36,39315.6,163874094.10000005
2025-08-01 10:28:23 AM,1092.2,0,0.0,163874094.10000005
2025-08-01 10:28:25 AM,1092.2,1,1092.2,163875186.30000004
2025-08-01 10:28:31 AM,1092.2,10,10922.0,163886108.30000004
2025-08-01 10:28:33 AM,1092.2,134,146354.80000000002,164032463.10000005
2025-08-01 10:28:35 AM,1092.3,0,0.0,164032463.10000005
2025-08-01 10:28:36 AM,1092.3,1,1092.3,164033555.40000007
2025-08-01 10:28:52 AM,1092.2,0,0.0,164033555.40000007
2025-08-01 10:28:53 AM,1092.2,31,33858.200000000004,164067413.60000005
2025-08-01 10:29:01 AM,1092.2,33,36042.6,164103456.20000005
2025-08-01 10:29:10 AM,1092.3,161,175860.3,164279316.50000006
2025-08-01 10:29:13 AM,1092.1,0,0.0,164279316.50000006
2025-08-01 10:29:15 AM,1092.3,0,0.0,164279316.50000006
2025-08-01 10:29:16 AM,1092.3,110,120153.0,164399469.50000006
2025-08-01 10:29:18 AM,1092.3,1,1092.3,164400561.80000007
2025-08-01 10:29:19 AM,1092.1,0,0.0,164400561.80000007
2025-08-01 10:29:21 AM,1092.3,0,0.0,164400561.80000007
2025-08-01 10:29:21 AM,1092.3,245,267613.5,164668175.30000007
2025-08-01 10:29:27 AM,1092.3,1,1092.3,164669267.60000008
2025-08-01 10:29:37 AM,1092.0,0,0.0,164669267.60000008
2025-08-01 10:29:37 AM,1092.0,437,477204.0,165146471.60000008
2025-08-01 10:29:45 AM,1092.0,34,37128.0,165183599.60000008
2025-08-01 10:29:48 AM,1092.3,1,1092.3,165184691.9000001
2025-08-01 10:29:51 AM,1092.3,365,398689.5,165583381.4000001
2025-08-01 10:29:57 AM,1092.9,8,8743.2,165592124.60000008
2025-08-01 10:30:02 AM,1092.3,18,19661.399999999998,165611786.0000001
2025-08-01 10:30:05 AM,1092.3,1,1092.3,165612878.3000001
2025-08-01 10:30:08 AM,1092.3,240,262152.0,165875030.3000001
2025-08-01 10:30:11 AM,1092.3,1,1092.3,165876122.6000001
2025-08-01 10:30:14 AM,1092.3,6,6553.799999999999,165882676.40000013
2025-08-01 10:30:17 AM,1092.3,10,10923.0,165893599.40000013
2025-08-01 10:30:23 AM,1092.0,40,43680.0,165937279.40000013
2025-08-01 10:30:31 AM,1092.0,41,44772.0,165982051.40000013
2025-08-01 10:30:32 AM,1092.3,0,0.0,165982051.40000013
2025-08-01 10:30:34 AM,1092.3,58,63353.399999999994,166045404.80000013
2025-08-01 10:30:43 AM,1092.3,10,10923.0,166056327.80000013
2025-08-01 10:30:51 AM,1092.0,0,0.0,166056327.80000013
2025-08-01 10:30:51 AM,1092.0,45,49140.0,166105467.80000013
2025-08-01 10:30:53 AM,1092.1,0,0.0,166105467.80000013
2025-08-01 10:30:54 AM,1092.1,10,10921.0,166116388.80000013
2025-08-01 10:31:02 AM,1092.2,50,54610.0,166170998.80000013
2025-08-01 10:31:22 AM,1092.0,0,0.0,166170998.80000013
2025-08-01 10:31:23 AM,1092.0,58,63336.0,166234334.80000013
2025-08-01 10:31:28 AM,1092.0,5,5460.0,166239794.80000013
2025-08-01 10:31:31 AM,1092.0,30,32760.0,166272554.80000013
2025-08-01 10:31:45 AM,1092.2,1,1092.2,166273647.00000012
2025-08-01 10:31:51 AM,1092.0,91,99372.0,166373019.00000012
2025-08-01 10:31:56 AM,1092.2,0,0.0,166373019.00000012
2025-08-01 10:31:57 AM,1092.2,25,27305.0,166400324.00000012
2025-08-01 10:32:01 AM,1092.2,145,158369.0,166558693.00000012
2025-08-01 10:32:14 AM,1092.2,4,4368.8,166563061.80000013
2025-08-01 10:32:17 AM,1092.3,0,0.0,166563061.80000013
2025-08-01 10:32:17 AM,1092.3,44,48061.2,166611123.00000012
2025-08-01 10:32:20 AM,1092.9,45,49180.50000000001,166660303.50000012
2025-08-01 10:32:36 AM,1092.3,4,4369.2,166664672.7000001
2025-08-01 10:32:40 AM,1092.9,50,54645.00000000001,166719317.7000001
2025-08-01 10:32:45 AM,1092.5,18,19665.0,166738982.7000001
2025-08-01 10:32:46 AM,1092.9,0,0.0,166738982.7000001
2025-08-01 10:32:48 AM,1092.9,56,61202.40000000001,166800185.1000001
2025-08-01 10:32:49 AM,1093.0,0,0.0,166800185.1000001
2025-08-01 10:32:51 AM,1093.0,2,2186.0,166802371.1000001
2025-08-01 10:32:52 AM,1093.3,0,0.0,166802371.1000001
2025-08-01 10:32:54 AM,1093.3,150,163995.0,166966366.1000001
2025-08-01 10:32:57 AM,1093.0,55,60115.0,167026481.1000001
2025-08-01 10:33:05 AM,1093.0,5,5465.0,167031946.1000001
2025-08-01 10:33:08 AM,1093.0,194,212042.0,167243988.1000001
2025-08-01 10:33:10 AM,1093.0,160,174880.0,167418868.1000001
2025-08-01 10:33:19 AM,1093.0,10,10930.0,167429798.1000001
2025-08-01 10:33:21 AM,1092.4,20,21848.0,167451646.1000001
2025-08-01 10:33:32 AM,1092.1,70,76447.0,167528093.1000001
2025-08-01 10:33:41 AM,1093.0,0,0.0,167528093.1000001
2025-08-01 10:33:41 AM,1093.0,1,1093.0,167529186.1000001
2025-08-01 10:33:47 AM,1092.4,139,151843.6,167681029.7000001
2025-08-01 10:33:51 AM,1092.1,0,0.0,167681029.7000001
2025-08-01 10:33:52 AM,1092.1,18,19657.8,167700687.50000012
2025-08-01 10:33:57 AM,1092.0,0,0.0,167700687.50000012
2025-08-01 10:33:58 AM,1092.0,9,9828.0,167710515.50000012
2025-08-01 10:34:00 AM,1092.2,207,226085.40000000002,167936600.90000013
2025-08-01 10:34:12 AM,1092.2,1,1092.2,167937693.1000001
2025-08-01 10:34:13 AM,1093.0,0,0.0,167937693.1000001
2025-08-01 10:34:15 AM,1092.2,27,29489.4,167967182.50000012
2025-08-01 10:34:17 AM,1092.0,0,0.0,167967182.50000012
2025-08-01 10:34:17 AM,1092.0,28,30576.0,167997758.50000012
2025-08-01 10:34:21 AM,1092.0,33,36036.0,168033794.50000012
2025-08-01 10:34:26 AM,1092.0,2,2184.0,168035978.50000012
2025-08-01 10:34:31 AM,1092.1,0,0.0,168035978.50000012
2025-08-01 10:34:32 AM,1092.1,31,33855.1,168069833.6000001
2025-08-01 10:34:38 AM,1092.1,1,1092.1,168070925.7000001
2025-08-01 10:34:39 AM,1092.1,1,1092.1,168072017.8000001
2025-08-01 10:34:41 AM,1092.9,0,0.0,168072017.8000001
2025-08-01 10:34:43 AM,1092.9,6,6557.400000000001,168078575.2000001
2025-08-01 10:34:49 AM,1093.3,0,0.0,168078575.2000001
2025-08-01 10:34:49 AM,1093.3,183,200073.9,168278649.1000001
2025-08-01 10:34:50 AM,1092.9,0,0.0,168278649.1000001
2025-08-01 10:34:51 AM,1092.9,3,3278.7000000000003,168281927.8000001
2025-08-01 10:34:55 AM,1092.9,69,75410.1,168357337.9000001
2025-08-01 10:34:57 AM,1092.9,11,12021.900000000001,168369359.8000001
2025-08-01 10:35:01 AM,1092.9,18,19672.2,168389032.0000001
2025-08-01 10:35:06 AM,1092.8,9,9835.199999999999,168398867.20000008
2025-08-01 10:35:10 AM,1092.4,0,0.0,168398867.20000008
2025-08-01 10:35:12 AM,1092.4,2,2184.8,168401052.0000001
2025-08-01 10:35:16 AM,1092.1,0,0.0,168401052.0000001
2025-08-01 10:35:17 AM,1092.4,0,0.0,168401052.0000001
2025-08-01 10:35:18 AM,1092.7,36,39337.200000000004,168440389.20000008
2025-08-01 10:35:20 AM,1092.0,338,369096.0,168809485.20000008
2025-08-01 10:35:21 AM,1091.9,0,0.0,168809485.20000008
2025-08-01 10:35:23 AM,1091.8,0,0.0,168809485.20000008
2025-08-01 10:35:23 AM,1091.8,516,563368.7999999999,169372854.0000001
2025-08-01 10:35:31 AM,1091.1,0,0.0,169372854.0000001
2025-08-01 10:35:31 AM,1091.1,6,6546.599999999999,169379400.60000008
2025-08-01 10:35:35 AM,1090.8,2846,3104416.8,172483817.4000001
2025-08-01 10:35:37 AM,1090.1,0,0.0,172483817.4000001
2025-08-01 10:35:37 AM,1090.1,10,10901.0,172494718.4000001
2025-08-01 10:35:40 AM,1090.0,0,0.0,172494718.4000001
2025-08-01 10:35:40 AM,1090.0,6,6540.0,172501258.4000001
2025-08-01 10:35:43 AM,1090.0,21,22890.0,172524148.4000001
2025-08-01 10:35:46 AM,1090.0,259,282310.0,172806458.4000001
2025-08-01 10:35:51 AM,1090.1,6,6540.599999999999,172812999.0000001
2025-08-01 10:35:54 AM,1090.1,50,54504.99999999999,172867504.0000001
2025-08-01 10:35:57 AM,1090.1,7,7630.699999999999,172875134.70000008
2025-08-01 10:35:59 AM,1090.0,15,16350.0,172891484.70000008
2025-08-01 10:36:00 AM,1090.1,0,0.0,172891484.70000008
2025-08-01 10:36:02 AM,1090.1,50,54504.99999999999,172945989.70000008
2025-08-01 10:36:04 AM,1090.4,0,0.0,172945989.70000008
2025-08-01 10:36:05 AM,1090.4,30,32712.000000000004,172978701.70000008
2025-08-01 10:36:06 AM,1090.1,0,0.0,172978701.70000008
2025-08-01 10:36:08 AM,1090.1,14,15261.399999999998,172993963.10000008
2025-08-01 10:36:10 AM,1090.1,5,5450.5,172999413.60000008
2025-08-01 10:36:16 AM,1090.1,52,56685.2,173056098.80000007
2025-08-01 10:36:22 AM,1090.1,5,5450.5,173061549.30000007
2025-08-01 10:36:25 AM,1090.1,10,10901.0,173072450.30000007
2025-08-01 10:36:30 AM,1090.1,3,3270.2999999999997,173075720.60000008
2025-08-01 10:36:32 AM,1090.5,0,0.0,173075720.60000008
2025-08-01 10:36:33 AM,1089.3,3085,3360490.5,176436211.10000008
2025-08-01 10:36:36 AM,1089.6,2,2179.2,176438390.30000007
2025-08-01 10:36:40 AM,1089.0,0,0.0,176438390.30000007
2025-08-01 10:36:41 AM,1088.5,0,0.0,176438390.30000007
2025-08-01 10:36:41 AM,1088.5,305,331992.5,176770382.80000007
2025-08-01 10:36:44 AM,1088.5,83,90345.5,176860728.30000007
2025-08-01 10:36:47 AM,1088.5,98,106673.0,176967401.30000007
2025-08-01 10:36:49 AM,1088.5,1,1088.5,176968489.80000007
2025-08-01 10:36:52 AM,1088.5,154,167629.0,177136118.80000007
2025-08-01 10:36:54 AM,1088.5,200,217700.0,177353818.80000007
2025-08-01 10:36:58 AM,1088.5,7,7619.5,177361438.30000007
2025-08-01 10:36:59 AM,1088.5,2,2177.0,177363615.30000007
2025-08-01 10:37:03 AM,1088.5,46,50071.0,177413686.30000007
2025-08-01 10:37:05 AM,1089.0,1,1089.0,177414775.30000007
2025-08-01 10:37:07 AM,1088.5,0,0.0,177414775.30000007
2025-08-01 10:37:09 AM,1088.5,58,63133.0,177477908.30000007
2025-08-01 10:37:11 AM,1088.5,22,23947.0,177501855.30000007
2025-08-01 10:37:14 AM,1088.5,1,1088.5,177502943.80000007
2025-08-01 10:37:16 AM,1088.5,92,100142.0,177603085.80000007
2025-08-01 10:37:20 AM,1088.5,21,22858.5,177625944.30000007
2025-08-01 10:37:22 AM,1088.5,396,431046.0,178056990.30000007
2025-08-01 10:37:28 AM,1088.5,1,1088.5,178058078.80000007
2025-08-01 10:37:31 AM,1088.5,47,51159.5,178109238.30000007
2025-08-01 10:37:36 AM,1088.8,41,44640.799999999996,178153879.10000008
2025-08-01 10:37:39 AM,1088.5,1,1088.5,178154967.60000008
2025-08-01 10:37:42 AM,1088.8,0,0.0,178154967.60000008
2025-08-01 10:37:42 AM,1088.8,29,31575.199999999997,178186542.80000007
2025-08-01 10:37:50 AM,1089.0,0,0.0,178186542.80000007
2025-08-01 10:37:50 AM,1088.5,110,119735.0,178306277.80000007
2025-08-01 10:37:53 AM,1088.5,5,5442.5,178311720.30000007
2025-08-01 10:37:54 AM,1089.0,0,0.0,178311720.30000007
2025-08-01 10:37:56 AM,1089.0,6,6534.0,178318254.30000007
2025-08-01 10:37:58 AM,1088.8,0,0.0,178318254.30000007
2025-08-01 10:37:59 AM,1088.8,40,43552.0,178361806.30000007
2025-08-01 10:38:01 AM,1088.8,65,70772.0,178432578.30000007
2025-08-01 10:38:03 AM,1089.0,0,0.0,178432578.30000007
2025-08-01 10:38:05 AM,1089.0,77,83853.0,178516431.30000007
2025-08-01 10:38:07 AM,1088.8,0,0.0,178516431.30000007
2025-08-01 10:38:07 AM,1088.8,1,1088.8,178517520.10000008
2025-08-01 10:38:11 AM,1088.9,0,0.0,178517520.10000008
2025-08-01 10:38:11 AM,1088.9,13,14155.7,178531675.80000007
2025-08-01 10:38:12 AM,1089.0,0,0.0,178531675.80000007
2025-08-01 10:38:14 AM,1089.0,18,19602.0,178551277.80000007
2025-08-01 10:38:19 AM,1088.9,0,0.0,178551277.80000007
2025-08-01 10:38:20 AM,1088.8,0,0.0,178551277.80000007
2025-08-01 10:38:20 AM,1088.8,107,116501.59999999999,178667779.40000007
2025-08-01 10:38:21 AM,1088.5,0,0.0,178667779.40000007
2025-08-01 10:38:23 AM,1088.5,29,31566.5,178699345.90000007
2025-08-01 10:38:26 AM,1088.5,36,39186.0,178738531.90000007
2025-08-01 10:38:32 AM,1088.0,0,0.0,178738531.90000007
2025-08-01 10:38:32 AM,1088.0,616,670208.0,179408739.90000007
2025-08-01 10:38:34 AM,1088.1,0,0.0,179408739.90000007
2025-08-01 10:38:35 AM,1088.0,46,50048.0,179458787.90000007
2025-08-01 10:38:38 AM,1088.1,0,0.0,179458787.90000007
2025-08-01 10:38:38 AM,1088.1,25,27202.499999999996,179485990.40000007
2025-08-01 10:38:41 AM,1088.0,4,4352.0,179490342.40000007
2025-08-01 10:38:44 AM,1088.0,2,2176.0,179492518.40000007
2025-08-01 10:38:47 AM,1088.0,84,91392.0,179583910.40000007
2025-08-01 10:38:50 AM,1087.8,5,5439.0,179589349.40000007
2025-08-01 10:38:52 AM,1087.5,0,0.0,179589349.40000007
2025-08-01 10:38:52 AM,1087.5,4,4350.0,179593699.40000007
2025-08-01 10:38:54 AM,1087.9,0,0.0,179593699.40000007
2025-08-01 10:38:55 AM,1087.5,42,45675.0,179639374.40000007
2025-08-01 10:38:57 AM,1088.1,0,0.0,179639374.40000007
2025-08-01 10:38:58 AM,1087.2,0,0.0,179639374.40000007
2025-08-01 10:38:58 AM,1087.2,49,53272.8,179692647.20000008
2025-08-01 10:39:01 AM,1087.0,0,0.0,179692647.20000008
2025-08-01 10:39:03 AM,1087.0,7,7609.0,179700256.20000008
2025-08-01 10:39:06 AM,1087.0,118,128266.0,179828522.20000008
2025-08-01 10:39:09 AM,1086.2,0,0.0,179828522.20000008
2025-08-01 10:39:09 AM,1086.0,11,11946.0,179840468.20000008
2025-08-01 10:39:12 AM,1086.0,63,68418.0,179908886.20000008
2025-08-01 10:39:15 AM,1086.5,449,487838.5,180396724.70000008
2025-08-01 10:39:17 AM,1085.7,27,29313.9,180426038.60000008
2025-08-01 10:39:19 AM,1086.5,0,0.0,180426038.60000008
2025-08-01 10:39:20 AM,1086.5,60,65190.0,180491228.60000008
2025-08-01 10:39:22 AM,1086.8,0,0.0,180491228.60000008
2025-08-01 10:39:23 AM,1086.8,34,36951.2,180528179.80000007
2025-08-01 10:39:28 AM,1086.0,0,0.0,180528179.80000007
2025-08-01 10:39:29 AM,1086.0,65,70590.0,180598769.80000007
2025-08-01 10:39:32 AM,1086.7,41,44554.700000000004,180643324.50000006
2025-08-01 10:39:35 AM,1086.0,0,0.0,180643324.50000006
2025-08-01 10:39:37 AM,1087.0,0,0.0,180643324.50000006
2025-08-01 10:39:37 AM,1087.0,201,218487.0,180861811.50000006
2025-08-01 10:39:40 AM,1086.9,3,3260.7000000000003,180865072.20000005
2025-08-01 10:39:43 AM,1086.7,8,8693.6,180873765.80000004
2025-08-01 10:39:45 AM,1086.7,1,1086.7,180874852.50000003
2025-08-01 10:39:48 AM,1087.0,119,129353.0,181004205.50000003
2025-08-01 10:39:51 AM,1087.2,1019,1107856.8,182112062.30000004
2025-08-01 10:39:52 AM,1087.3,0,0.0,182112062.30000004
2025-08-01 10:39:54 AM,1087.3,2,2174.6,182114236.90000004
2025-08-01 10:39:55 AM,1087.7,0,0.0,182114236.90000004
2025-08-01 10:39:56 AM,1087.7,67,72875.90000000001,182187112.80000004
2025-08-01 10:39:59 AM,1088.6,0,0.0,182187112.80000004
2025-08-01 10:39:59 AM,1088.6,1,1088.6,182188201.40000004
2025-08-01 10:40:00 AM,1088.9,0,0.0,182188201.40000004
2025-08-01 10:40:01 AM,1088.0,0,0.0,182188201.40000004
2025-08-01 10:40:02 AM,1088.0,24,26112.0,182214313.40000004
2025-08-01 10:40:02 AM,1088.3,0,0.0,182214313.40000004
2025-08-01 10:40:04 AM,1088.0,0,0.0,182214313.40000004
2025-08-01 10:40:05 AM,1088.0,207,225216.0,182439529.40000004
2025-08-01 10:40:06 AM,1087.8,0,0.0,182439529.40000004
2025-08-01 10:40:07 AM,1087.8,24,26107.199999999997,182465636.60000002
2025-08-01 10:40:11 AM,1087.7,0,0.0,182465636.60000002
2025-08-01 10:40:13 AM,1087.7,215,233855.5,182699492.10000002
2025-08-01 10:40:16 AM,1087.7,8,8701.6,182708193.70000002
2025-08-01 10:40:18 AM,1087.5,0,0.0,182708193.70000002
2025-08-01 10:40:18 AM,1087.5,103,112012.5,182820206.20000002
2025-08-01 10:40:21 AM,1087.7,3,3263.1000000000004,182823469.3
2025-08-01 10:40:22 AM,1088.0,0,0.0,182823469.3
2025-08-01 10:40:22 AM,1087.7,0,0.0,182823469.3
2025-08-01 10:40:24 AM,1087.7,11,11964.7,182835434.0
2025-08-01 10:40:29 AM,1087.7,1,1087.7,182836521.7
2025-08-01 10:40:32 AM,1087.5,0,0.0,182836521.7
2025-08-01 10:40:32 AM,1087.5,35,38062.5,182874584.2
2025-08-01 10:40:38 AM,1087.5,35,38062.5,182912646.7
2025-08-01 10:40:41 AM,1087.0,65,70655.0,182983301.7
2025-08-01 10:40:44 AM,1087.0,2,2174.0,182985475.7
2025-08-01 10:40:45 AM,1087.5,0,0.0,182985475.7
2025-08-01 10:40:46 AM,1087.5,11,11962.5,182997438.2
2025-08-01 10:40:48 AM,1087.1,0,0.0,182997438.2
2025-08-01 10:40:49 AM,1087.1,7,7609.699999999999,183005047.89999998
2025-08-01 10:40:51 AM,1087.0,0,0.0,183005047.89999998
2025-08-01 10:40:52 AM,1087.0,23,25001.0,183030048.89999998
2025-08-01 10:40:54 AM,1086.7,0,0.0,183030048.89999998
2025-08-01 10:40:55 AM,1086.7,2,2173.4,183032222.29999998
2025-08-01 10:40:57 AM,1086.7,46,49988.200000000004,183082210.49999997
2025-08-01 10:41:00 AM,1086.7,18,19560.600000000002,183101771.09999996
2025-08-01 10:41:02 AM,1086.7,47,51074.9,183152845.99999997
2025-08-01 10:41:11 AM,1086.7,2,2173.4,183155019.39999998
2025-08-01 10:41:14 AM,1086.7,2,2173.4,183157192.79999998
2025-08-01 10:41:15 AM,1086.8,0,0.0,183157192.79999998
2025-08-01 10:41:16 AM,1086.7,0,0.0,183157192.79999998
2025-08-01 10:41:17 AM,1086.8,44,47819.2,183205011.99999997
2025-08-01 10:41:21 AM,1086.7,0,0.0,183205011.99999997
2025-08-01 10:41:23 AM,1086.7,34,36947.8,183241959.79999998
2025-08-01 10:41:24 AM,1086.7,10,10867.0,183252826.79999998
2025-08-01 10:41:26 AM,1087.3,0,0.0,183252826.79999998
2025-08-01 10:41:28 AM,1087.3,100,108730.0,183361556.79999998
2025-08-01 10:41:31 AM,1086.8,0,0.0,183361556.79999998
2025-08-01 10:41:32 AM,1087.6,0,0.0,183361556.79999998
2025-08-01 10:41:33 AM,1086.8,0,0.0,183361556.79999998
2025-08-01 10:41:34 AM,1086.9,0,0.0,183361556.79999998
2025-08-01 10:41:34 AM,1086.9,106,115211.40000000001,183476768.2
2025-08-01 10:41:35 AM,1087.9,0,0.0,183476768.2
2025-08-01 10:41:36 AM,1087.9,19,20670.100000000002,183497438.29999998
2025-08-01 10:41:41 AM,1087.2,0,0.0,183497438.29999998
2025-08-01 10:41:41 AM,1087.2,3,3261.6000000000004,183500699.89999998
