date,price,qty,trnvr,cum_trnvr
2025-08-01 09:15:03 AM,1108.5,87,96439.5,96439.5
2025-08-01 09:15:05 AM,1108.4,80,88672.0,185111.5
2025-08-01 09:15:15 AM,1108.4,28,31035.200000000004,216146.7
2025-08-01 09:15:41 AM,1108.0,0,0.0,216146.7
2025-08-01 09:15:42 AM,1108.0,783,867564.0,1083710.7
2025-08-01 09:15:48 AM,1109.6,0,0.0,1083710.7
2025-08-01 09:15:50 AM,1109.6,31,34397.6,1118108.3
2025-08-01 09:15:57 AM,1107.4,0,0.0,1118108.3
2025-08-01 09:15:58 AM,1107.4,21,23255.4,1141363.7
2025-08-01 09:16:08 AM,1105.3,146,161373.8,1302737.5
2025-08-01 09:16:20 AM,1107.5,0,0.0,1302737.5
2025-08-01 09:16:23 AM,1107.5,80,88600.0,1391337.5
2025-08-01 09:16:24 AM,1103.9,129,142403.1,1533740.6
2025-08-01 09:16:32 AM,1105.0,109,120445.0,1654185.6
2025-08-01 09:16:37 AM,1105.7,0,0.0,1654185.6
2025-08-01 09:16:39 AM,1104.0,54,59616.0,1713801.6
2025-08-01 09:16:41 AM,1105.6,34,37590.399999999994,1751392.0
2025-08-01 09:16:47 AM,1105.6,1,1105.6,1752497.6
2025-08-01 09:16:49 AM,1105.6,1,1105.6,1753603.2000000002
2025-08-01 09:16:50 AM,1106.2,0,0.0,1753603.2000000002
2025-08-01 09:16:56 AM,1106.2,50,55310.0,1808913.2000000002
2025-08-01 09:17:04 AM,1105.6,39,43118.399999999994,1852031.6
2025-08-01 09:17:15 AM,1105.7,0,0.0,1852031.6
2025-08-01 09:17:20 AM,1107.6,108,119620.79999999999,1971652.4000000001
2025-08-01 09:17:34 AM,1108.5,0,0.0,1971652.4000000001
2025-08-01 09:17:37 AM,1108.5,10,11085.0,1982737.4000000001
2025-08-01 09:17:58 AM,1109.2,0,0.0,1982737.4000000001
2025-08-01 09:18:02 AM,1109.4,23,25516.2,2008253.6
2025-08-01 09:18:06 AM,1110.0,0,0.0,2008253.6
2025-08-01 09:18:08 AM,1111.7,0,0.0,2008253.6
2025-08-01 09:18:10 AM,1111.7,85,94494.5,2102748.1
2025-08-01 09:18:29 AM,1112.0,0,0.0,2102748.1
2025-08-01 09:18:35 AM,1112.0,50,55600.0,2158348.1
2025-08-01 09:18:43 AM,1112.0,15,16680.0,2175028.1
2025-08-01 09:18:44 AM,1113.1,30,33393.0,2208421.1
2025-08-01 09:18:55 AM,1113.9,0,0.0,2208421.1
2025-08-01 09:18:59 AM,1113.9,200,222780.00000000003,2431201.1
2025-08-01 09:19:01 AM,1110.0,0,0.0,2431201.1
2025-08-01 09:19:04 AM,1108.5,0,0.0,2431201.1
2025-08-01 09:19:07 AM,1110.0,201,223110.0,2654311.1
2025-08-01 09:19:09 AM,1110.4,1,1110.4,2655421.5
2025-08-01 09:19:17 AM,1109.0,10,11090.0,2666511.5
2025-08-01 09:19:35 AM,1107.5,0,0.0,2666511.5
2025-08-01 09:19:40 AM,1107.5,99,109642.5,2776154.0
2025-08-01 09:19:55 AM,1108.5,0,0.0,2776154.0
2025-08-01 09:19:56 AM,1108.5,205,227242.5,3003396.5
2025-08-01 09:20:03 AM,1109.0,0,0.0,3003396.5
2025-08-01 09:20:03 AM,1109.0,100,110900.0,3114296.5
2025-08-01 09:20:10 AM,1112.1,0,0.0,3114296.5
2025-08-01 09:20:12 AM,1112.1,7,7784.699999999999,3122081.2
2025-08-01 09:20:45 AM,1111.1,8,8888.8,3130970.0
2025-08-01 09:20:49 AM,1112.9,0,0.0,3130970.0
2025-08-01 09:20:51 AM,1112.9,90,100161.00000000001,3231131.0
2025-08-01 09:20:52 AM,1112.7,3,3338.1000000000004,3234469.1
2025-08-01 09:21:08 AM,1114.0,6,6684.0,3241153.1
2025-08-01 09:21:10 AM,1114.3,0,0.0,3241153.1
2025-08-01 09:21:14 AM,1114.3,3,3342.8999999999996,3244496.0
2025-08-01 09:21:15 AM,1114.9,5,5574.5,3250070.5
2025-08-01 09:21:17 AM,1112.9,0,0.0,3250070.5
2025-08-01 09:21:22 AM,1112.9,15,16693.5,3266764.0
2025-08-01 09:21:43 AM,1114.0,0,0.0,3266764.0
2025-08-01 09:21:45 AM,1113.2,52,57886.4,3324650.4
2025-08-01 09:22:08 AM,1114.6,2,2229.2,3326879.6
2025-08-01 09:22:23 AM,1114.8,2,2229.6,3329109.2
2025-08-01 09:22:25 AM,1114.8,8,8918.4,3338027.6
2025-08-01 09:22:27 AM,1112.3,0,0.0,3338027.6
2025-08-01 09:22:31 AM,1112.3,59,65625.7,3403653.3000000003
2025-08-01 09:22:34 AM,1112.2,0,0.0,3403653.3000000003
2025-08-01 09:22:39 AM,1111.3,23,25559.899999999998,3429213.2
2025-08-01 09:22:52 AM,1112.8,0,0.0,3429213.2
2025-08-01 09:22:53 AM,1112.9,0,0.0,3429213.2
2025-08-01 09:22:54 AM,1112.9,2,2225.8,3431439.0
2025-08-01 09:22:58 AM,1111.7,0,0.0,3431439.0
2025-08-01 09:23:01 AM,1111.7,8,8893.6,3440332.6
2025-08-01 09:23:05 AM,1111.3,0,0.0,3440332.6
2025-08-01 09:23:09 AM,1111.3,177,196700.1,3637032.7
2025-08-01 09:23:32 AM,1111.3,29,32227.699999999997,3669260.4000000004
2025-08-01 09:23:33 AM,1111.2,0,0.0,3669260.4000000004
2025-08-01 09:23:34 AM,1111.2,5,5556.0,3674816.4000000004
2025-08-01 09:23:46 AM,1111.3,0,0.0,3674816.4000000004
2025-08-01 09:23:47 AM,1111.3,2,2222.6,3677039.0000000005
2025-08-01 09:23:55 AM,1111.3,1,1111.3,3678150.3000000003
2025-08-01 09:23:56 AM,1109.9,15,16648.5,3694798.8000000003
2025-08-01 09:24:19 AM,1111.2,1,1111.2,3695910.0000000005
2025-08-01 09:24:48 AM,1109.9,4,4439.6,3700349.6000000006
2025-08-01 09:25:02 AM,1111.3,0,0.0,3700349.6000000006
2025-08-01 09:25:03 AM,1111.3,1,1111.3,3701460.9000000004
2025-08-01 09:25:18 AM,1111.3,2,2222.6,3703683.5000000005
2025-08-01 09:25:20 AM,1111.3,5,5556.5,3709240.0000000005
2025-08-01 09:25:39 AM,1111.1,0,0.0,3709240.0000000005
2025-08-01 09:25:40 AM,1111.1,1,1111.1,3710351.1000000006
2025-08-01 09:25:50 AM,1110.0,0,0.0,3710351.1000000006
2025-08-01 09:25:56 AM,1110.0,6,6660.0,3717011.1000000006
2025-08-01 09:26:03 AM,1110.9,20,22218.0,3739229.1000000006
2025-08-01 09:26:13 AM,1110.0,374,415140.0,4154369.1000000006
2025-08-01 09:26:32 AM,1108.9,0,0.0,4154369.1000000006
2025-08-01 09:26:34 AM,1108.9,15,16633.5,4171002.6000000006
2025-08-01 09:26:36 AM,1108.0,2,2216.0,4173218.6000000006
2025-08-01 09:26:43 AM,1108.1,0,0.0,4173218.6000000006
2025-08-01 09:26:46 AM,1108.5,0,0.0,4173218.6000000006
2025-08-01 09:26:49 AM,1108.9,125,138612.5,4311831.100000001
2025-08-01 09:26:58 AM,1109.7,6,6658.200000000001,4318489.300000001
2025-08-01 09:27:00 AM,1109.5,0,0.0,4318489.300000001
2025-08-01 09:27:04 AM,1109.5,1,1109.5,4319598.800000001
2025-08-01 09:27:49 AM,1111.8,599,665968.2,4985567.000000001
2025-08-01 09:27:58 AM,1113.0,0,0.0,4985567.000000001
2025-08-01 09:27:58 AM,1113.0,130,144690.0,5130257.000000001
2025-08-01 09:28:03 AM,1113.4,0,0.0,5130257.000000001
2025-08-01 09:28:04 AM,1111.6,995,1106042.0,6236299.000000001
2025-08-01 09:28:10 AM,1112.1,0,0.0,6236299.000000001
2025-08-01 09:28:12 AM,1111.3,14,15558.199999999999,6251857.200000001
2025-08-01 09:28:13 AM,1110.9,138,153304.2,6405161.400000001
2025-08-01 09:28:16 AM,1110.8,0,0.0,6405161.400000001
2025-08-01 09:28:20 AM,1113.8,520,579176.0,6984337.400000001
2025-08-01 09:28:32 AM,1111.4,0,0.0,6984337.400000001
2025-08-01 09:28:35 AM,1113.5,513,571225.5,7555562.900000001
2025-08-01 09:28:49 AM,1112.9,0,0.0,7555562.900000001
2025-08-01 09:28:50 AM,1112.9,1,1112.9,7556675.800000002
2025-08-01 09:28:58 AM,1111.8,2,2223.6,7558899.400000001
2025-08-01 09:29:07 AM,1110.2,0,0.0,7558899.400000001
2025-08-01 09:29:11 AM,1109.9,0,0.0,7558899.400000001
2025-08-01 09:29:13 AM,1109.9,2590,2874641.0000000005,10433540.400000002
2025-08-01 09:29:17 AM,1110.0,0,0.0,10433540.400000002
2025-08-01 09:29:21 AM,1110.0,3,3330.0,10436870.400000002
2025-08-01 09:29:27 AM,1109.3,0,0.0,10436870.400000002
2025-08-01 09:29:28 AM,1109.3,104,115367.2,10552237.600000001
2025-08-01 09:29:32 AM,1108.8,0,0.0,10552237.600000001
2025-08-01 09:29:36 AM,1108.8,2,2217.6,10554455.200000001
2025-08-01 09:30:06 AM,1107.1,1,1107.1,10555562.3
2025-08-01 09:30:11 AM,1107.8,0,0.0,10555562.3
2025-08-01 09:30:14 AM,1107.8,101,111887.79999999999,10667450.100000001
2025-08-01 09:30:43 AM,1108.0,1,1108.0,10668558.100000001
2025-08-01 09:31:01 AM,1106.8,0,0.0,10668558.100000001
2025-08-01 09:31:05 AM,1106.8,1,1106.8,10669664.900000002
2025-08-01 09:31:10 AM,1107.5,0,0.0,10669664.900000002
2025-08-01 09:31:13 AM,1107.5,23,25472.5,10695137.400000002
2025-08-01 09:31:15 AM,1106.8,0,0.0,10695137.400000002
2025-08-01 09:31:20 AM,1106.8,1,1106.8,10696244.200000003
2025-08-01 09:31:27 AM,1105.8,124,137119.19999999998,10833363.400000002
2025-08-01 09:31:45 AM,1105.6,0,0.0,10833363.400000002
2025-08-01 09:31:48 AM,1105.6,3,3316.7999999999997,10836680.200000003
2025-08-01 09:32:11 AM,1105.9,0,0.0,10836680.200000003
2025-08-01 09:32:16 AM,1105.9,105,116119.50000000001,10952799.700000003
2025-08-01 09:32:29 AM,1104.7,0,0.0,10952799.700000003
2025-08-01 09:32:30 AM,1104.7,500,552350.0,11505149.700000003
2025-08-01 09:32:35 AM,1107.5,0,0.0,11505149.700000003
2025-08-01 09:32:37 AM,1107.5,4,4430.0,11509579.700000003
2025-08-01 09:32:47 AM,1108.3,0,0.0,11509579.700000003
2025-08-01 09:32:51 AM,1108.3,1,1108.3,11510688.000000004
2025-08-01 09:33:19 AM,1108.3,130,144079.0,11654767.000000004
2025-08-01 09:33:26 AM,1109.2,0,0.0,11654767.000000004
2025-08-01 09:33:33 AM,1109.2,1,1109.2,11655876.200000003
2025-08-01 09:33:41 AM,1110.0,0,0.0,11655876.200000003
2025-08-01 09:33:43 AM,1110.4,0,0.0,11655876.200000003
2025-08-01 09:33:46 AM,1110.4,4,4441.6,11660317.800000003
2025-08-01 09:33:49 AM,1110.9,0,0.0,11660317.800000003
2025-08-01 09:33:54 AM,1110.9,26,28883.4,11689201.200000003
2025-08-01 09:34:00 AM,1110.8,4,4443.2,11693644.400000002
2025-08-01 09:34:06 AM,1111.9,0,0.0,11693644.400000002
2025-08-01 09:34:07 AM,1111.9,1,1111.9,11694756.300000003
2025-08-01 09:34:29 AM,1111.8,1,1111.8,11695868.100000003
2025-08-01 09:34:56 AM,1111.7,8,8893.6,11704761.700000003
2025-08-01 09:35:17 AM,1111.7,2,2223.4,11706985.100000003
2025-08-01 09:35:21 AM,1111.0,0,0.0,11706985.100000003
2025-08-01 09:35:24 AM,1111.0,7,7777.0,11714762.100000003
2025-08-01 09:35:45 AM,1110.8,326,362120.8,12076882.900000004
2025-08-01 09:36:17 AM,1110.3,0,0.0,12076882.900000004
2025-08-01 09:36:18 AM,1110.3,1,1110.3,12077993.200000005
2025-08-01 09:36:44 AM,1108.3,0,0.0,12077993.200000005
2025-08-01 09:36:44 AM,1108.3,39,43223.7,12121216.900000004
2025-08-01 09:36:49 AM,1109.3,0,0.0,12121216.900000004
2025-08-01 09:36:51 AM,1109.3,2,2218.6,12123435.500000004
2025-08-01 09:36:52 AM,1109.0,0,0.0,12123435.500000004
2025-08-01 09:36:56 AM,1109.5,0,0.0,12123435.500000004
2025-08-01 09:36:58 AM,1109.5,51,56584.5,12180020.000000004
2025-08-01 09:37:30 AM,1110.0,0,0.0,12180020.000000004
2025-08-01 09:37:32 AM,1110.0,200,222000.0,12402020.000000004
2025-08-01 09:37:44 AM,1109.4,0,0.0,12402020.000000004
2025-08-01 09:37:46 AM,1109.4,4,4437.6,12406457.600000003
2025-08-01 09:38:31 AM,1107.5,0,0.0,12406457.600000003
2025-08-01 09:38:33 AM,1106.5,1026,1135269.0,13541726.600000003
2025-08-01 09:39:45 AM,1107.5,0,0.0,13541726.600000003
2025-08-01 09:39:46 AM,1107.5,2,2215.0,13543941.600000003
2025-08-01 09:39:59 AM,1108.9,200,221780.00000000003,13765721.600000003
2025-08-01 09:40:12 AM,1108.9,32,35484.8,13801206.400000004
2025-08-01 09:40:19 AM,1108.9,8,8871.2,13810077.600000003
2025-08-01 09:40:20 AM,1109.9,4,4439.6,13814517.200000003
2025-08-01 09:40:26 AM,1109.8,6,6658.799999999999,13821176.000000004
2025-08-01 09:40:49 AM,1109.6,0,0.0,13821176.000000004
2025-08-01 09:40:52 AM,1109.5,15,16642.5,13837818.500000004
2025-08-01 09:40:59 AM,1110.6,2,2221.2,13840039.700000003
2025-08-01 09:41:12 AM,1111.4,3,3334.2000000000003,13843373.900000002
2025-08-01 09:41:28 AM,1109.7,0,0.0,13843373.900000002
2025-08-01 09:41:32 AM,1109.7,1013,1124126.1,14967500.000000002
2025-08-01 09:41:44 AM,1108.9,0,0.0,14967500.000000002
2025-08-01 09:41:45 AM,1108.9,6,6653.400000000001,14974153.400000002
2025-08-01 09:42:24 AM,1108.9,1,1108.9,14975262.300000003
2025-08-01 09:43:24 AM,1107.8,0,0.0,14975262.300000003
2025-08-01 09:43:30 AM,1106.8,4,4427.2,14979689.500000002
2025-08-01 09:44:12 AM,1106.0,0,0.0,14979689.500000002
2025-08-01 09:44:16 AM,1105.0,399,440895.0,15420584.500000002
2025-08-01 09:44:18 AM,1105.4,0,0.0,15420584.500000002
2025-08-01 09:44:23 AM,1105.4,81,89537.40000000001,15510121.900000002
2025-08-01 09:44:33 AM,1105.0,0,0.0,15510121.900000002
2025-08-01 09:44:35 AM,1105.0,23,25415.0,15535536.900000002
2025-08-01 09:45:01 AM,1105.0,56,61880.0,15597416.900000002
2025-08-01 09:45:08 AM,1105.0,56,61880.0,15659296.900000002
2025-08-01 09:46:06 AM,1104.3,0,0.0,15659296.900000002
2025-08-01 09:46:06 AM,1104.3,41,45276.299999999996,15704573.200000003
2025-08-01 09:46:26 AM,1104.3,1,1104.3,15705677.500000004
2025-08-01 09:46:52 AM,1104.0,0,0.0,15705677.500000004
2025-08-01 09:46:53 AM,1104.0,26,28704.0,15734381.500000004
2025-08-01 09:47:03 AM,1104.0,10,11040.0,15745421.500000004
2025-08-01 09:47:16 AM,1104.2,0,0.0,15745421.500000004
2025-08-01 09:47:16 AM,1104.2,100,110420.0,15855841.500000004
2025-08-01 09:47:18 AM,1104.2,3,3312.6000000000004,15859154.100000003
2025-08-01 09:47:28 AM,1103.5,1,1103.5,15860257.600000003
2025-08-01 09:47:40 AM,1104.2,0,0.0,15860257.600000003
2025-08-01 09:47:42 AM,1104.2,2,2208.4,15862466.000000004
2025-08-01 09:47:43 AM,1104.0,0,0.0,15862466.000000004
2025-08-01 09:47:44 AM,1104.0,33,36432.0,15898898.000000004
2025-08-01 09:48:43 AM,1103.3,20,22066.0,15920964.000000004
2025-08-01 09:48:59 AM,1104.4,41,45280.4,15966244.400000004
2025-08-01 09:48:59 AM,1104.8,0,0.0,15966244.400000004
2025-08-01 09:49:02 AM,1104.0,508,560832.0,16527076.400000004
2025-08-01 09:49:07 AM,1103.9,0,0.0,16527076.400000004
2025-08-01 09:49:08 AM,1103.9,1,1103.9,16528180.300000004
2025-08-01 09:49:12 AM,1103.9,1,1103.9,16529284.200000005
2025-08-01 09:49:31 AM,1104.5,0,0.0,16529284.200000005
2025-08-01 09:49:33 AM,1104.5,1,1104.5,16530388.700000005
2025-08-01 09:49:39 AM,1104.1,2,2208.2,16532596.900000004
2025-08-01 09:50:40 AM,1104.1,4,4416.4,16537013.300000004
2025-08-01 09:50:45 AM,1105.2,0,0.0,16537013.300000004
2025-08-01 09:50:46 AM,1105.2,3,3315.6000000000004,16540328.900000004
2025-08-01 09:50:56 AM,1104.4,0,0.0,16540328.900000004
2025-08-01 09:50:59 AM,1104.4,2,2208.8,16542537.700000005
2025-08-01 09:51:05 AM,1105.4,0,0.0,16542537.700000005
2025-08-01 09:51:05 AM,1105.4,2,2210.8,16544748.500000006
2025-08-01 09:51:52 AM,1105.0,150,165750.0,16710498.500000006
2025-08-01 09:51:58 AM,1105.0,100,110500.0,16820998.500000007
2025-08-01 09:52:38 AM,1104.7,0,0.0,16820998.500000007
2025-08-01 09:52:38 AM,1104.7,3,3314.1000000000004,16824312.60000001
2025-08-01 09:52:38 AM,1105.0,0,0.0,16824312.60000001
2025-08-01 09:52:41 AM,1105.0,607,670735.0,17495047.60000001
2025-08-01 09:53:14 AM,1106.0,0,0.0,17495047.60000001
2025-08-01 09:53:15 AM,1106.0,8,8848.0,17503895.60000001
2025-08-01 09:53:33 AM,1105.9,0,0.0,17503895.60000001
2025-08-01 09:53:33 AM,1105.9,1,1105.9,17505001.500000007
2025-08-01 09:53:35 AM,1106.3,1,1106.3,17506107.80000001
2025-08-01 09:53:41 AM,1105.5,3,3316.5,17509424.30000001
2025-08-01 09:53:52 AM,1105.5,22,24321.0,17533745.30000001
2025-08-01 09:53:54 AM,1104.6,0,0.0,17533745.30000001
2025-08-01 09:53:58 AM,1104.6,169,186677.4,17720422.700000007
2025-08-01 09:54:03 AM,1105.0,0,0.0,17720422.700000007
2025-08-01 09:54:04 AM,1105.0,225,248625.0,17969047.700000007
2025-08-01 09:54:23 AM,1102.3,300,330690.0,18299737.700000007
2025-08-01 09:54:40 AM,1104.1,0,0.0,18299737.700000007
2025-08-01 09:54:42 AM,1104.1,6,6624.599999999999,18306362.30000001
2025-08-01 09:55:29 AM,1104.1,19,20977.899999999998,18327340.200000007
2025-08-01 09:55:57 AM,1103.5,0,0.0,18327340.200000007
2025-08-01 09:55:59 AM,1103.5,1,1103.5,18328443.700000007
2025-08-01 09:56:29 AM,1103.5,1,1103.5,18329547.200000007
2025-08-01 09:56:39 AM,1102.0,0,0.0,18329547.200000007
2025-08-01 09:56:41 AM,1102.0,25,27550.0,18357097.200000007
2025-08-01 09:56:47 AM,1102.1,2,2204.2,18359301.400000006
2025-08-01 09:57:00 AM,1102.8,10,11028.0,18370329.400000006
2025-08-01 09:57:30 AM,1102.8,50,55140.0,18425469.400000006
2025-08-01 09:57:36 AM,1101.0,1067,1174767.0,19600236.400000006
2025-08-01 09:57:46 AM,1101.6,9,9914.4,19610150.800000004
2025-08-01 09:57:49 AM,1101.6,1,1101.6,19611252.400000006
2025-08-01 09:58:23 AM,1101.6,2,2203.2,19613455.600000005
2025-08-01 09:58:56 AM,1101.0,771,848871.0,20462326.600000005
2025-08-01 09:59:05 AM,1101.0,150,165150.0,20627476.600000005
2025-08-01 09:59:08 AM,1100.8,0,0.0,20627476.600000005
2025-08-01 09:59:08 AM,1100.8,10,11008.0,20638484.600000005
2025-08-01 09:59:18 AM,1100.1,79,86907.9,20725392.500000004
2025-08-01 09:59:24 AM,1101.3,0,0.0,20725392.500000004
2025-08-01 09:59:24 AM,1101.3,1,1101.3,20726493.800000004
2025-08-01 09:59:57 AM,1100.1,0,0.0,20726493.800000004
2025-08-01 09:59:58 AM,1100.1,22,24202.199999999997,20750696.000000004
2025-08-01 10:00:04 AM,1101.2,0,0.0,20750696.000000004
2025-08-01 10:00:04 AM,1101.2,202,222442.40000000002,20973138.400000002
2025-08-01 10:00:10 AM,1101.0,0,0.0,20973138.400000002
2025-08-01 10:00:10 AM,1101.0,823,906123.0,21879261.400000002
2025-08-01 10:00:30 AM,1101.0,3,3303.0,21882564.400000002
2025-08-01 10:00:33 AM,1101.1,0,0.0,21882564.400000002
2025-08-01 10:00:33 AM,1101.1,100,110109.99999999999,21992674.400000002
2025-08-01 10:00:52 AM,1101.0,0,0.0,21992674.400000002
2025-08-01 10:00:52 AM,1101.0,4,4404.0,21997078.400000002
2025-08-01 10:01:04 AM,1101.0,2,2202.0,21999280.400000002
2025-08-01 10:01:09 AM,1101.3,0,0.0,21999280.400000002
2025-08-01 10:01:11 AM,1101.3,119,131054.7,22130335.1
2025-08-01 10:01:19 AM,1102.5,0,0.0,22130335.1
2025-08-01 10:01:20 AM,1102.5,6,6615.0,22136950.1
2025-08-01 10:01:35 AM,1101.3,0,0.0,22136950.1
2025-08-01 10:01:35 AM,1101.3,141,155283.3,22292233.400000002
2025-08-01 10:01:44 AM,1102.0,0,0.0,22292233.400000002
2025-08-01 10:01:45 AM,1102.0,25,27550.0,22319783.400000002
2025-08-01 10:01:47 AM,1102.5,0,0.0,22319783.400000002
2025-08-01 10:01:47 AM,1102.5,70,77175.0,22396958.400000002
2025-08-01 10:01:51 AM,1102.2,0,0.0,22396958.400000002
2025-08-01 10:01:51 AM,1102.2,10,11022.0,22407980.400000002
2025-08-01 10:01:58 AM,1103.0,22,24266.0,22432246.400000002
2025-08-01 10:02:15 AM,1103.1,0,0.0,22432246.400000002
2025-08-01 10:02:16 AM,1103.1,1,1103.1,22433349.500000004
2025-08-01 10:02:24 AM,1103.9,5,5519.5,22438869.000000004
2025-08-01 10:02:48 AM,1103.9,1,1103.9,22439972.900000002
2025-08-01 10:02:54 AM,1103.8,0,0.0,22439972.900000002
2025-08-01 10:02:54 AM,1103.8,14,15453.199999999999,22455426.1
2025-08-01 10:03:02 AM,1104.8,0,0.0,22455426.1
2025-08-01 10:03:02 AM,1104.8,100,110480.0,22565906.1
2025-08-01 10:03:10 AM,1104.7,0,0.0,22565906.1
2025-08-01 10:03:13 AM,1104.7,3,3314.1000000000004,22569220.200000003
2025-08-01 10:03:26 AM,1105.0,11,12155.0,22581375.200000003
2025-08-01 10:03:33 AM,1105.0,4,4420.0,22585795.200000003
2025-08-01 10:03:53 AM,1104.5,13,14358.5,22600153.700000003
2025-08-01 10:04:19 AM,1103.9,0,0.0,22600153.700000003
2025-08-01 10:04:19 AM,1103.9,13,14350.7,22614504.400000002
2025-08-01 10:04:37 AM,1104.3,1,1104.3,22615608.700000003
2025-08-01 10:04:49 AM,1103.7,0,0.0,22615608.700000003
2025-08-01 10:04:50 AM,1103.7,2,2207.4,22617816.1
2025-08-01 10:04:57 AM,1104.3,0,0.0,22617816.1
2025-08-01 10:05:00 AM,1104.3,3,3312.8999999999996,22621129.0
2025-08-01 10:05:12 AM,1105.7,0,0.0,22621129.0
2025-08-01 10:05:13 AM,1105.7,400,442280.0,23063409.0
2025-08-01 10:05:43 AM,1105.0,0,0.0,23063409.0
2025-08-01 10:05:43 AM,1105.0,19,20995.0,23084404.0
2025-08-01 10:05:57 AM,1105.0,81,89505.0,23173909.0
2025-08-01 10:06:03 AM,1104.5,15,16567.5,23190476.5
2025-08-01 10:06:15 AM,1103.9,0,0.0,23190476.5
2025-08-01 10:06:15 AM,1103.9,4,4415.6,23194892.1
2025-08-01 10:06:30 AM,1103.9,9,9935.1,23204827.200000003
2025-08-01 10:06:39 AM,1103.9,1,1103.9,23205931.1
2025-08-01 10:06:43 AM,1103.9,2,2207.8,23208138.900000002
2025-08-01 10:06:45 AM,1103.3,33,36408.9,23244547.8
2025-08-01 10:06:49 AM,1103.3,14,15446.199999999999,23259994.0
2025-08-01 10:06:55 AM,1104.2,20,22084.0,23282078.0
2025-08-01 10:07:34 AM,1103.3,0,0.0,23282078.0
2025-08-01 10:07:34 AM,1103.3,1,1103.3,23283181.3
2025-08-01 10:07:38 AM,1103.6,13,14346.8,23297528.1
2025-08-01 10:07:44 AM,1103.3,0,0.0,23297528.1
2025-08-01 10:07:44 AM,1103.3,1,1103.3,23298631.400000002
2025-08-01 10:08:21 AM,1104.4,0,0.0,23298631.400000002
2025-08-01 10:08:22 AM,1104.4,71,78412.40000000001,23377043.8
2025-08-01 10:08:30 AM,1105.7,10,11057.0,23388100.8
2025-08-01 10:08:57 AM,1105.7,5,5528.5,23393629.3
2025-08-01 10:09:39 AM,1105.7,2,2211.4,23395840.7
2025-08-01 10:09:45 AM,1105.7,2,2211.4,23398052.099999998
2025-08-01 10:10:01 AM,1105.7,1,1105.7,23399157.799999997
2025-08-01 10:10:23 AM,1105.6,0,0.0,23399157.799999997
2025-08-01 10:10:25 AM,1105.6,5,5528.0,23404685.799999997
2025-08-01 10:11:02 AM,1104.8,28,30934.399999999998,23435620.199999996
2025-08-01 10:12:09 AM,1104.5,0,0.0,23435620.199999996
2025-08-01 10:12:11 AM,1104.5,14,15463.0,23451083.199999996
2025-08-01 10:12:27 AM,1104.4,0,0.0,23451083.199999996
2025-08-01 10:12:28 AM,1104.4,17,18774.800000000003,23469857.999999996
2025-08-01 10:12:33 AM,1105.4,0,0.0,23469857.999999996
2025-08-01 10:12:34 AM,1105.4,10,11054.0,23480911.999999996
2025-08-01 10:13:21 AM,1105.4,1,1105.4,23482017.399999995
2025-08-01 10:13:32 AM,1105.4,1,1105.4,23483122.799999993
2025-08-01 10:13:39 AM,1105.4,30,33162.0,23516284.799999993
2025-08-01 10:13:45 AM,1105.4,11,12159.400000000001,23528444.19999999
2025-08-01 10:13:51 AM,1105.4,1,1105.4,23529549.59999999
2025-08-01 10:14:27 AM,1105.5,0,0.0,23529549.59999999
2025-08-01 10:14:31 AM,1105.5,5,5527.5,23535077.09999999
2025-08-01 10:15:21 AM,1105.4,0,0.0,23535077.09999999
2025-08-01 10:15:23 AM,1105.4,1,1105.4,23536182.49999999
2025-08-01 10:15:36 AM,1105.4,1,1105.4,23537287.899999987
2025-08-01 10:15:48 AM,1104.5,1,1104.5,23538392.399999987
2025-08-01 10:15:51 AM,1104.2,0,0.0,23538392.399999987
2025-08-01 10:15:54 AM,1104.2,20,22084.0,23560476.399999987
2025-08-01 10:16:08 AM,1105.9,0,0.0,23560476.399999987
2025-08-01 10:16:11 AM,1105.9,186,205697.40000000002,23766173.799999986
2025-08-01 10:16:28 AM,1107.8,26,28802.8,23794976.599999987
2025-08-01 10:16:40 AM,1105.6,300,331680.0,24126656.599999987
2025-08-01 10:17:27 AM,1108.0,0,0.0,24126656.599999987
2025-08-01 10:17:31 AM,1108.0,3,3324.0,24129980.599999987
2025-08-01 10:17:35 AM,1106.3,0,0.0,24129980.599999987
2025-08-01 10:17:37 AM,1108.0,412,456496.0,24586476.599999987
2025-08-01 10:17:51 AM,1109.6,0,0.0,24586476.599999987
2025-08-01 10:17:54 AM,1109.6,1,1109.6,24587586.199999988
2025-08-01 10:18:00 AM,1108.0,0,0.0,24587586.199999988
2025-08-01 10:18:00 AM,1108.0,133,147364.0,24734950.199999988
2025-08-01 10:18:14 AM,1107.8,0,0.0,24734950.199999988
2025-08-01 10:18:18 AM,1107.8,6,6646.799999999999,24741596.99999999
2025-08-01 10:18:30 AM,1106.5,0,0.0,24741596.99999999
2025-08-01 10:18:32 AM,1107.7,0,0.0,24741596.99999999
2025-08-01 10:18:35 AM,1107.7,17,18830.9,24760427.899999987
2025-08-01 10:19:31 AM,1106.7,0,0.0,24760427.899999987
2025-08-01 10:19:32 AM,1106.7,6,6640.200000000001,24767068.099999987
2025-08-01 10:20:06 AM,1107.0,10,11070.0,24778138.099999987
2025-08-01 10:20:10 AM,1106.2,0,0.0,24778138.099999987
2025-08-01 10:20:11 AM,1106.2,22,24336.4,24802474.499999985
2025-08-01 10:20:53 AM,1107.0,0,0.0,24802474.499999985
2025-08-01 10:20:53 AM,1107.0,3,3321.0,24805795.499999985
2025-08-01 10:21:49 AM,1107.0,2,2214.0,24808009.499999985
2025-08-01 10:21:55 AM,1107.0,23,25461.0,24833470.499999985
2025-08-01 10:22:48 AM,1107.0,15,16605.0,24850075.499999985
2025-08-01 10:23:22 AM,1107.0,5,5535.0,24855610.499999985
2025-08-01 10:23:30 AM,1106.3,9,9956.699999999999,24865567.199999984
2025-08-01 10:23:36 AM,1106.3,6,6637.799999999999,24872204.999999985
2025-08-01 10:24:03 AM,1106.3,25,27657.5,24899862.499999985
2025-08-01 10:25:31 AM,1106.3,7,7744.099999999999,24907606.599999987
2025-08-01 10:26:12 AM,1106.3,3,3318.8999999999996,24910925.499999985
2025-08-01 10:26:15 AM,1106.3,10,11063.0,24921988.499999985
2025-08-01 10:26:27 AM,1106.9,0,0.0,24921988.499999985
2025-08-01 10:26:27 AM,1106.9,35,38741.5,24960729.999999985
2025-08-01 10:26:50 AM,1108.0,100,110800.0,25071529.999999985
2025-08-01 10:27:29 AM,1108.0,1,1108.0,25072637.999999985
2025-08-01 10:27:43 AM,1108.0,26,28808.0,25101445.999999985
2025-08-01 10:27:56 AM,1108.0,5,5540.0,25106985.999999985
2025-08-01 10:28:23 AM,1108.0,5,5540.0,25112525.999999985
2025-08-01 10:28:26 AM,1107.5,11,12182.5,25124708.499999985
2025-08-01 10:28:29 AM,1107.5,3,3322.5,25128030.999999985
2025-08-01 10:29:32 AM,1107.5,7,7752.5,25135783.499999985
2025-08-01 10:30:09 AM,1107.5,9,9967.5,25145750.999999985
2025-08-01 10:30:26 AM,1107.5,4,4430.0,25150180.999999985
2025-08-01 10:30:49 AM,1108.2,100,110820.0,25261000.999999985
2025-08-01 10:31:03 AM,1108.4,0,0.0,25261000.999999985
2025-08-01 10:31:04 AM,1108.4,1,1108.4,25262109.399999984
2025-08-01 10:31:27 AM,1108.4,3,3325.2000000000003,25265434.599999983
2025-08-01 10:32:01 AM,1107.3,0,0.0,25265434.599999983
2025-08-01 10:32:01 AM,1107.3,5,5536.5,25270971.099999983
2025-08-01 10:32:15 AM,1108.2,1,1108.2,25272079.299999982
2025-08-01 10:32:41 AM,1108.1,4,4432.4,25276511.69999998
2025-08-01 10:32:44 AM,1108.1,3,3324.2999999999997,25279835.99999998
2025-08-01 10:32:45 AM,1108.0,0,0.0,25279835.99999998
2025-08-01 10:32:46 AM,1108.0,105,116340.0,25396175.99999998
2025-08-01 10:32:58 AM,1106.1,3,3318.2999999999997,25399494.299999982
2025-08-01 10:33:00 AM,1107.4,0,0.0,25399494.299999982
2025-08-01 10:33:00 AM,1107.4,100,110740.00000000001,25510234.299999982
2025-08-01 10:33:12 AM,1107.8,46,50958.799999999996,25561193.099999983
2025-08-01 10:33:23 AM,1108.5,1157,1282534.5,26843727.599999983
2025-08-01 10:33:45 AM,1109.6,0,0.0,26843727.599999983
2025-08-01 10:33:45 AM,1109.6,1,1109.6,26844837.199999984
2025-08-01 10:33:58 AM,1110.3,0,0.0,26844837.199999984
2025-08-01 10:33:59 AM,1110.8,65,72202.0,26917039.199999984
2025-08-01 10:34:28 AM,1110.2,0,0.0,26917039.199999984
2025-08-01 10:34:30 AM,1110.2,65,72163.0,26989202.199999984
2025-08-01 10:34:44 AM,1110.2,10,11102.0,27000304.199999984
2025-08-01 10:35:48 AM,1109.3,0,0.0,27000304.199999984
2025-08-01 10:35:50 AM,1109.3,43,47699.9,27048004.099999983
2025-08-01 10:37:05 AM,1108.0,0,0.0,27048004.099999983
2025-08-01 10:37:07 AM,1108.0,2,2216.0,27050220.099999983
2025-08-01 10:37:48 AM,1108.6,3,3325.7999999999997,27053545.899999984
2025-08-01 10:37:55 AM,1108.1,0,0.0,27053545.899999984
2025-08-01 10:37:57 AM,1109.5,6,6657.0,27060202.899999984
2025-08-01 10:38:02 AM,1108.6,0,0.0,27060202.899999984
2025-08-01 10:38:03 AM,1108.6,2,2217.2,27062420.099999983
2025-08-01 10:39:00 AM,1108.4,0,0.0,27062420.099999983
2025-08-01 10:39:01 AM,1108.4,50,55420.00000000001,27117840.099999983
2025-08-01 10:39:12 AM,1109.5,0,0.0,27117840.099999983
2025-08-01 10:39:13 AM,1109.5,50,55475.0,27173315.099999983
2025-08-01 10:39:30 AM,1107.8,5,5539.0,27178854.099999983
2025-08-01 10:39:49 AM,1108.0,0,0.0,27178854.099999983
2025-08-01 10:39:49 AM,1108.0,73,80884.0,27259738.099999983
2025-08-01 10:40:00 AM,1108.0,1,1108.0,27260846.099999983
2025-08-01 10:40:07 AM,1109.1,0,0.0,27260846.099999983
2025-08-01 10:40:08 AM,1109.1,62,68764.2,27329610.299999982
2025-08-01 10:40:17 AM,1109.9,2,2219.8,27331830.099999983
2025-08-01 10:40:35 AM,1110.0,0,0.0,27331830.099999983
2025-08-01 10:40:36 AM,1110.0,21,23310.0,27355140.099999983
2025-08-01 10:40:43 AM,1110.1,0,0.0,27355140.099999983
2025-08-01 10:40:44 AM,1110.1,50,55504.99999999999,27410645.099999983
2025-08-01 10:40:59 AM,1110.3,0,0.0,27410645.099999983
2025-08-01 10:41:01 AM,1110.3,17,18875.1,27429520.199999984
2025-08-01 10:41:44 AM,1110.7,0,0.0,27429520.199999984
2025-08-01 10:41:44 AM,1110.7,1,1110.7,27430630.899999984
2025-08-01 10:41:52 AM,1110.3,0,0.0,27430630.899999984
2025-08-01 10:41:54 AM,1110.3,200,222060.0,27652690.899999984
2025-08-01 10:42:22 AM,1110.1,0,0.0,27652690.899999984
2025-08-01 10:42:22 AM,1110.1,30,33303.0,27685993.899999984
2025-08-01 10:43:42 AM,1109.6,0,0.0,27685993.899999984
2025-08-01 10:43:42 AM,1109.7,0,0.0,27685993.899999984
2025-08-01 10:43:44 AM,1109.7,24,26632.800000000003,27712626.699999984
2025-08-01 10:44:00 AM,1109.0,0,0.0,27712626.699999984
2025-08-01 10:44:01 AM,1109.0,10,11090.0,27723716.699999984
2025-08-01 10:44:54 AM,1109.8,0,0.0,27723716.699999984
2025-08-01 10:44:56 AM,1108.9,52,57662.8,27781379.499999985
2025-08-01 10:46:06 AM,1108.0,0,0.0,27781379.499999985
2025-08-01 10:46:06 AM,1108.0,26,28808.0,27810187.499999985
2025-08-01 10:46:17 AM,1109.7,0,0.0,27810187.499999985
2025-08-01 10:46:18 AM,1109.7,1755,1947523.5,29757710.999999985
2025-08-01 10:46:24 AM,1108.3,37,41007.1,29798718.099999987
2025-08-01 10:46:45 AM,1107.9,43,47639.700000000004,29846357.799999986
2025-08-01 10:47:45 AM,1107.7,2,2215.4,29848573.199999984
2025-08-01 10:47:51 AM,1107.7,2,2215.4,29850788.599999983
2025-08-01 10:47:59 AM,1107.4,0,0.0,29850788.599999983
2025-08-01 10:47:59 AM,1107.4,50,55370.00000000001,29906158.599999983
2025-08-01 10:48:09 AM,1107.7,0,0.0,29906158.599999983
2025-08-01 10:48:10 AM,1107.7,4,4430.8,29910589.399999984
2025-08-01 10:49:16 AM,1107.7,28,31015.600000000002,29941604.999999985
2025-08-01 10:49:37 AM,1107.7,18,19938.600000000002,29961543.599999987
2025-08-01 10:50:21 AM,1107.8,0,0.0,29961543.599999987
2025-08-01 10:50:21 AM,1107.8,40,44312.0,30005855.599999987
2025-08-01 10:50:30 AM,1107.6,0,0.0,30005855.599999987
2025-08-01 10:50:32 AM,1107.6,2,2215.2,30008070.799999986
2025-08-01 10:52:20 AM,1107.8,0,0.0,30008070.799999986
2025-08-01 10:52:22 AM,1107.8,1,1107.8,30009178.599999987
2025-08-01 10:52:26 AM,1107.6,0,0.0,30009178.599999987
2025-08-01 10:52:28 AM,1107.6,10,11076.0,30020254.599999987
2025-08-01 10:52:45 AM,1107.1,1,1107.1,30021361.699999988
2025-08-01 10:53:14 AM,1106.6,0,0.0,30021361.699999988
2025-08-01 10:53:15 AM,1106.6,3,3319.7999999999997,30024681.49999999
2025-08-01 10:53:50 AM,1106.2,0,0.0,30024681.49999999
2025-08-01 10:53:52 AM,1106.7,0,0.0,30024681.49999999
2025-08-01 10:53:53 AM,1106.7,82,90749.40000000001,30115430.899999987
2025-08-01 10:54:00 AM,1106.8,0,0.0,30115430.899999987
2025-08-01 10:54:03 AM,1106.8,2,2213.6,30117644.49999999
2025-08-01 10:55:24 AM,1107.0,0,0.0,30117644.49999999
2025-08-01 10:55:29 AM,1107.0,25,27675.0,30145319.49999999
2025-08-01 10:55:34 AM,1106.4,0,0.0,30145319.49999999
2025-08-01 10:55:35 AM,1106.4,23,25447.2,30170766.699999988
2025-08-01 10:56:01 AM,1106.4,5,5532.0,30176298.699999988
2025-08-01 10:57:04 AM,1106.5,0,0.0,30176298.699999988
2025-08-01 10:57:04 AM,1106.5,11,12171.5,30188470.199999988
2025-08-01 10:57:56 AM,1107.3,0,0.0,30188470.199999988
2025-08-01 10:57:57 AM,1107.3,11,12180.3,30200650.49999999
2025-08-01 10:59:46 AM,1106.5,0,0.0,30200650.49999999
2025-08-01 10:59:48 AM,1106.5,15,16597.5,30217247.99999999
2025-08-01 11:00:05 AM,1106.5,4,4426.0,30221673.99999999
2025-08-01 11:00:28 AM,1106.5,5,5532.5,30227206.49999999
2025-08-01 11:00:39 AM,1106.5,3,3319.5,30230525.99999999
2025-08-01 11:01:05 AM,1106.0,1,1106.0,30231631.99999999
2025-08-01 11:01:09 AM,1106.1,0,0.0,30231631.99999999
2025-08-01 11:01:10 AM,1106.1,57,63047.7,30294679.699999988
2025-08-01 11:01:13 AM,1106.5,0,0.0,30294679.699999988
2025-08-01 11:01:16 AM,1106.5,265,293222.5,30587902.199999988
2025-08-01 11:01:42 AM,1106.5,1,1106.5,30589008.699999988
2025-08-01 11:01:43 AM,1106.5,20,22130.0,30611138.699999988
2025-08-01 11:02:11 AM,1107.6,0,0.0,30611138.699999988
2025-08-01 11:02:13 AM,1107.6,6,6645.599999999999,30617784.29999999
2025-08-01 11:03:27 AM,1107.6,10,11076.0,30628860.29999999
2025-08-01 11:03:46 AM,1107.1,5,5535.5,30634395.79999999
2025-08-01 11:04:17 AM,1107.7,0,0.0,30634395.79999999
2025-08-01 11:04:17 AM,1107.7,17,18830.9,30653226.699999988
2025-08-01 11:04:19 AM,1108.5,0,0.0,30653226.699999988
2025-08-01 11:04:20 AM,1108.5,12,13302.0,30666528.699999988
2025-08-01 11:04:25 AM,1107.6,0,0.0,30666528.699999988
2025-08-01 11:04:25 AM,1107.6,3,3322.7999999999997,30669851.49999999
2025-08-01 11:04:34 AM,1108.4,0,0.0,30669851.49999999
2025-08-01 11:04:35 AM,1108.4,5,5542.0,30675393.49999999
2025-08-01 11:04:42 AM,1108.3,5,5541.5,30680934.99999999
2025-08-01 11:04:53 AM,1108.5,2,2217.0,30683151.99999999
2025-08-01 11:05:13 AM,1108.5,18,19953.0,30703104.99999999
2025-08-01 11:05:14 AM,1108.5,1,1108.5,30704213.49999999
2025-08-01 11:05:45 AM,1107.8,0,0.0,30704213.49999999
2025-08-01 11:05:45 AM,1107.8,49,54282.2,30758495.699999988
2025-08-01 11:06:24 AM,1107.9,0,0.0,30758495.699999988
2025-08-01 11:06:24 AM,1107.9,9,9971.1,30768466.79999999
2025-08-01 11:06:47 AM,1108.0,0,0.0,30768466.79999999
2025-08-01 11:06:48 AM,1108.0,4,4432.0,30772898.79999999
2025-08-01 11:07:53 AM,1106.7,0,0.0,30772898.79999999
2025-08-01 11:07:54 AM,1106.7,21,23240.7,30796139.49999999
2025-08-01 11:08:14 AM,1106.7,1,1106.7,30797246.199999988
2025-08-01 11:08:31 AM,1106.5,0,0.0,30797246.199999988
2025-08-01 11:08:32 AM,1106.5,22,24343.0,30821589.199999988
2025-08-01 11:08:47 AM,1106.4,0,0.0,30821589.199999988
2025-08-01 11:08:48 AM,1106.4,7,7744.800000000001,30829333.99999999
2025-08-01 11:08:58 AM,1105.3,0,0.0,30829333.99999999
2025-08-01 11:08:59 AM,1105.3,19,21000.7,30850334.699999988
2025-08-01 11:09:08 AM,1105.4,0,0.0,30850334.699999988
2025-08-01 11:09:11 AM,1105.4,36,39794.4,30890129.099999987
2025-08-01 11:09:22 AM,1105.9,38,42024.200000000004,30932153.299999986
2025-08-01 11:09:25 AM,1106.7,1,1106.7,30933259.999999985
2025-08-01 11:09:43 AM,1106.3,12,13275.599999999999,30946535.599999987
2025-08-01 11:09:56 AM,1105.4,0,0.0,30946535.599999987
2025-08-01 11:09:57 AM,1105.4,79,87326.6,31033862.199999988
2025-08-01 11:10:16 AM,1106.1,0,0.0,31033862.199999988
2025-08-01 11:10:18 AM,1106.1,3,3318.2999999999997,31037180.49999999
2025-08-01 11:11:00 AM,1105.8,0,0.0,31037180.49999999
2025-08-01 11:11:02 AM,1106.9,3,3320.7000000000003,31040501.199999988
2025-08-01 11:11:52 AM,1107.3,0,0.0,31040501.199999988
2025-08-01 11:11:56 AM,1107.3,9,9965.699999999999,31050466.899999987
2025-08-01 11:11:58 AM,1106.7,0,0.0,31050466.899999987
2025-08-01 11:12:01 AM,1106.7,50,55335.0,31105801.899999987
2025-08-01 11:13:34 AM,1107.3,4,4429.2,31110231.099999987
2025-08-01 11:13:38 AM,1106.0,0,0.0,31110231.099999987
2025-08-01 11:13:38 AM,1106.0,120,132720.0,31242951.099999987
2025-08-01 11:14:09 AM,1106.6,0,0.0,31242951.099999987
2025-08-01 11:14:11 AM,1106.9,22,24351.800000000003,31267302.899999987
2025-08-01 11:14:42 AM,1106.1,1,1106.1,31268408.99999999
2025-08-01 11:14:52 AM,1107.1,0,0.0,31268408.99999999
2025-08-01 11:14:53 AM,1107.1,1,1107.1,31269516.09999999
2025-08-01 11:15:01 AM,1106.1,0,0.0,31269516.09999999
2025-08-01 11:15:04 AM,1106.1,3,3318.2999999999997,31272834.39999999
2025-08-01 11:15:29 AM,1107.1,0,0.0,31272834.39999999
2025-08-01 11:15:31 AM,1107.1,1,1107.1,31273941.499999993
2025-08-01 11:16:31 AM,1106.0,0,0.0,31273941.499999993
2025-08-01 11:16:34 AM,1106.0,11,12166.0,31286107.499999993
2025-08-01 11:16:56 AM,1106.8,6,6640.799999999999,31292748.299999993
2025-08-01 11:18:22 AM,1105.4,0,0.0,31292748.299999993
2025-08-01 11:18:22 AM,1105.4,41,45321.4,31338069.69999999
2025-08-01 11:18:31 AM,1106.0,0,0.0,31338069.69999999
2025-08-01 11:18:32 AM,1106.0,14,15484.0,31353553.69999999
2025-08-01 11:19:12 AM,1106.0,6,6636.0,31360189.69999999
2025-08-01 11:19:50 AM,1106.1,15,16591.5,31376781.19999999
2025-08-01 11:20:06 AM,1105.0,0,0.0,31376781.19999999
2025-08-01 11:20:06 AM,1105.0,21,23205.0,31399986.19999999
2025-08-01 11:20:17 AM,1105.0,62,68510.0,31468496.19999999
2025-08-01 11:20:36 AM,1105.4,0,0.0,31468496.19999999
2025-08-01 11:20:38 AM,1105.4,9,9948.6,31478444.799999993
2025-08-01 11:20:54 AM,1105.5,0,0.0,31478444.799999993
2025-08-01 11:20:57 AM,1104.6,0,0.0,31478444.799999993
2025-08-01 11:20:58 AM,1104.6,2,2209.2,31480653.999999993
2025-08-01 11:23:40 AM,1104.7,0,0.0,31480653.999999993
2025-08-01 11:23:41 AM,1104.7,9,9942.300000000001,31490596.299999993
2025-08-01 11:23:42 AM,1104.5,0,0.0,31490596.299999993
2025-08-01 11:23:46 AM,1104.5,81,89464.5,31580060.799999993
2025-08-01 11:23:53 AM,1104.2,0,0.0,31580060.799999993
2025-08-01 11:23:56 AM,1104.2,70,77294.0,31657354.799999993
2025-08-01 11:24:50 AM,1106.0,0,0.0,31657354.799999993
2025-08-01 11:24:54 AM,1106.0,68,75208.0,31732562.799999993
2025-08-01 11:24:58 AM,1107.0,0,0.0,31732562.799999993
2025-08-01 11:24:59 AM,1107.0,9,9963.0,31742525.799999993
2025-08-01 11:25:32 AM,1108.0,0,0.0,31742525.799999993
2025-08-01 11:25:35 AM,1108.1,0,0.0,31742525.799999993
2025-08-01 11:25:35 AM,1108.1,440,487563.99999999994,32230089.799999993
2025-08-01 11:25:42 AM,1108.4,0,0.0,32230089.799999993
2025-08-01 11:25:46 AM,1108.4,2,2216.8,32232306.599999994
2025-08-01 11:26:20 AM,1107.3,0,0.0,32232306.599999994
2025-08-01 11:26:22 AM,1107.3,41,45399.299999999996,32277705.899999995
2025-08-01 11:26:55 AM,1106.0,0,0.0,32277705.899999995
2025-08-01 11:26:57 AM,1106.0,37,40922.0,32318627.899999995
2025-08-01 11:27:12 AM,1106.4,0,0.0,32318627.899999995
2025-08-01 11:27:14 AM,1106.4,57,63064.8,32381692.699999996
2025-08-01 11:27:21 AM,1106.0,0,0.0,32381692.699999996
2025-08-01 11:27:23 AM,1106.0,2,2212.0,32383904.699999996
2025-08-01 11:27:56 AM,1105.8,0,0.0,32383904.699999996
2025-08-01 11:27:59 AM,1105.8,10,11058.0,32394962.699999996
2025-08-01 11:30:09 AM,1106.7,0,0.0,32394962.699999996
2025-08-01 11:30:10 AM,1106.7,10,11067.0,32406029.699999996
2025-08-01 11:30:36 AM,1105.6,25,27639.999999999996,32433669.699999996
2025-08-01 11:30:57 AM,1105.5,0,0.0,32433669.699999996
2025-08-01 11:30:58 AM,1105.5,22,24321.0,32457990.699999996
2025-08-01 11:35:19 AM,1104.7,0,0.0,32457990.699999996
2025-08-01 11:35:20 AM,1104.7,1,1104.7,32459095.399999995
2025-08-01 11:35:32 AM,1103.6,0,0.0,32459095.399999995
2025-08-01 11:35:36 AM,1103.6,50,55179.99999999999,32514275.399999995
2025-08-01 11:36:12 AM,1104.7,0,0.0,32514275.399999995
2025-08-01 11:36:12 AM,1104.7,1,1104.7,32515380.099999994
2025-08-01 11:37:50 AM,1104.9,0,0.0,32515380.099999994
2025-08-01 11:37:51 AM,1104.9,11,12153.900000000001,32527533.999999993
2025-08-01 11:38:29 AM,1104.1,0,0.0,32527533.999999993
2025-08-01 11:38:31 AM,1104.1,27,29810.699999999997,32557344.69999999
2025-08-01 11:38:48 AM,1103.8,0,0.0,32557344.69999999
2025-08-01 11:38:52 AM,1103.8,10,11038.0,32568382.69999999
2025-08-01 11:39:02 AM,1103.8,2,2207.6,32570590.299999993
2025-08-01 11:39:12 AM,1104.9,0,0.0,32570590.299999993
2025-08-01 11:39:13 AM,1104.9,1,1104.9,32571695.19999999
2025-08-01 11:39:45 AM,1103.8,0,0.0,32571695.19999999
2025-08-01 11:39:45 AM,1103.8,1,1103.8,32572798.999999993
2025-08-01 11:39:49 AM,1104.7,1,1104.7,32573903.69999999
2025-08-01 11:39:51 AM,1103.0,0,0.0,32573903.69999999
2025-08-01 11:39:54 AM,1103.0,239,263617.0,32837520.69999999
2025-08-01 11:40:37 AM,1102.8,0,0.0,32837520.69999999
2025-08-01 11:40:40 AM,1102.8,10,11028.0,32848548.69999999
2025-08-01 11:40:57 AM,1101.9,0,0.0,32848548.69999999
2025-08-01 11:41:00 AM,1101.9,25,27547.500000000004,32876096.19999999
2025-08-01 11:41:06 AM,1102.6,2,2205.2,32878301.39999999
2025-08-01 11:41:43 AM,1101.6,0,0.0,32878301.39999999
2025-08-01 11:41:45 AM,1101.6,10,11016.0,32889317.39999999
2025-08-01 11:42:13 AM,1101.3,0,0.0,32889317.39999999
2025-08-01 11:42:16 AM,1101.3,3,3303.8999999999996,32892621.29999999
2025-08-01 11:42:19 AM,1102.2,0,0.0,32892621.29999999
2025-08-01 11:42:21 AM,1102.2,5,5511.0,32898132.29999999
2025-08-01 11:42:43 AM,1102.2,3,3306.6000000000004,32901438.89999999
2025-08-01 11:43:05 AM,1103.2,0,0.0,32901438.89999999
2025-08-01 11:43:09 AM,1103.2,100,110320.0,33011758.89999999
2025-08-01 11:43:25 AM,1102.0,0,0.0,33011758.89999999
2025-08-01 11:43:25 AM,1102.0,17,18734.0,33030492.89999999
2025-08-01 11:43:28 AM,1101.6,0,0.0,33030492.89999999
2025-08-01 11:43:30 AM,1102.0,14,15428.0,33045920.89999999
2025-08-01 11:44:25 AM,1102.0,3,3306.0,33049226.89999999
2025-08-01 11:45:01 AM,1102.7,0,0.0,33049226.89999999
2025-08-01 11:45:03 AM,1102.7,10,11027.0,33060253.89999999
2025-08-01 11:45:39 AM,1103.2,0,0.0,33060253.89999999
2025-08-01 11:45:41 AM,1103.2,12,13238.400000000001,33073492.29999999
2025-08-01 11:45:41 AM,1102.0,1,1102.0,33074594.29999999
2025-08-01 11:45:58 AM,1101.8,0,0.0,33074594.29999999
2025-08-01 11:46:02 AM,1101.8,16,17628.8,33092223.09999999
2025-08-01 11:46:23 AM,1101.8,2,2203.6,33094426.69999999
2025-08-01 11:46:59 AM,1103.1,0,0.0,33094426.69999999
2025-08-01 11:47:01 AM,1103.1,150,165465.0,33259891.69999999
2025-08-01 11:47:52 AM,1103.1,3,3309.2999999999997,33263200.999999993
2025-08-01 11:48:15 AM,1103.5,0,0.0,33263200.999999993
2025-08-01 11:48:17 AM,1103.5,16,17656.0,33280856.999999993
2025-08-01 11:48:47 AM,1102.5,0,0.0,33280856.999999993
2025-08-01 11:48:47 AM,1102.5,2,2205.0,33283061.999999993
2025-08-01 11:48:57 AM,1102.4,35,38584.0,33321645.999999993
2025-08-01 11:49:29 AM,1103.8,1,1103.8,33322749.799999993
2025-08-01 11:49:44 AM,1103.8,1,1103.8,33323853.599999994
2025-08-01 11:50:15 AM,1103.8,3,3311.3999999999996,33327164.999999993
2025-08-01 11:50:19 AM,1102.9,0,0.0,33327164.999999993
2025-08-01 11:50:21 AM,1102.9,13,14337.7,33341502.69999999
2025-08-01 11:50:44 AM,1102.0,0,0.0,33341502.69999999
2025-08-01 11:50:46 AM,1102.0,25,27550.0,33369052.69999999
2025-08-01 11:51:55 AM,1102.0,100,110200.0,33479252.69999999
2025-08-01 11:52:53 AM,1102.9,0,0.0,33479252.69999999
2025-08-01 11:52:55 AM,1102.9,1,1102.9,33480355.59999999
2025-08-01 11:53:16 AM,1102.9,15,16543.5,33496899.09999999
2025-08-01 11:53:29 AM,1102.1,0,0.0,33496899.09999999
2025-08-01 11:53:32 AM,1102.1,9,9918.9,33506817.99999999
2025-08-01 11:53:56 AM,1103.4,0,0.0,33506817.99999999
2025-08-01 11:53:57 AM,1103.4,6,6620.400000000001,33513438.399999987
2025-08-01 11:55:01 AM,1103.7,0,0.0,33513438.399999987
2025-08-01 11:55:02 AM,1103.7,2,2207.4,33515645.799999986
2025-08-01 11:55:04 AM,1102.7,18,19848.600000000002,33535494.399999987
2025-08-01 11:55:13 AM,1102.2,10,11022.0,33546516.399999987
2025-08-01 11:55:30 AM,1102.7,0,0.0,33546516.399999987
2025-08-01 11:55:33 AM,1102.7,4,4410.8,33550927.199999988
2025-08-01 11:55:59 AM,1102.7,20,22054.0,33572981.19999999
2025-08-01 11:56:40 AM,1103.0,0,0.0,33572981.19999999
2025-08-01 11:56:40 AM,1103.0,3,3309.0,33576290.19999999
2025-08-01 11:57:58 AM,1104.2,0,0.0,33576290.19999999
2025-08-01 11:57:59 AM,1104.2,5,5521.0,33581811.19999999
2025-08-01 11:58:48 AM,1103.0,0,0.0,33581811.19999999
2025-08-01 11:58:48 AM,1103.0,531,585693.0,34167504.19999999
2025-08-01 11:58:50 AM,1102.5,0,0.0,34167504.19999999
2025-08-01 11:58:52 AM,1102.5,53,58432.5,34225936.69999999
2025-08-01 11:59:00 AM,1103.0,0,0.0,34225936.69999999
2025-08-01 11:59:03 AM,1103.0,6,6618.0,34232554.69999999
2025-08-01 11:59:26 AM,1103.5,0,0.0,34232554.69999999
2025-08-01 11:59:28 AM,1103.5,102,112557.0,34345111.69999999
2025-08-01 11:59:33 AM,1104.9,47,51930.3,34397041.999999985
2025-08-01 11:59:35 AM,1103.5,10,11035.0,34408076.999999985
2025-08-01 11:59:51 AM,1104.7,1,1104.7,34409181.69999999
2025-08-01 12:00:21 PM,1103.7,2,2207.4,34411389.09999999
2025-08-01 12:01:33 PM,1103.5,0,0.0,34411389.09999999
2025-08-01 12:01:34 PM,1103.5,1,1103.5,34412492.59999999
2025-08-01 12:02:02 PM,1102.0,300,330600.0,34743092.59999999
2025-08-01 12:02:57 PM,1103.0,0,0.0,34743092.59999999
2025-08-01 12:02:57 PM,1103.0,3,3309.0,34746401.59999999
2025-08-01 12:03:49 PM,1102.2,0,0.0,34746401.59999999
2025-08-01 12:03:50 PM,1102.2,22,24248.4,34770649.999999985
2025-08-01 12:04:32 PM,1102.2,42,46292.4,34816942.39999998
2025-08-01 12:05:00 PM,1103.5,0,0.0,34816942.39999998
2025-08-01 12:05:02 PM,1103.5,10,11035.0,34827977.39999998
2025-08-01 12:05:46 PM,1103.9,0,0.0,34827977.39999998
2025-08-01 12:05:48 PM,1103.9,10,11039.0,34839016.39999998
2025-08-01 12:06:30 PM,1103.6,0,0.0,34839016.39999998
2025-08-01 12:06:32 PM,1103.6,41,45247.6,34884263.999999985
2025-08-01 12:06:40 PM,1102.5,0,0.0,34884263.999999985
2025-08-01 12:06:42 PM,1102.5,11,12127.5,34896391.499999985
2025-08-01 12:06:52 PM,1102.5,2,2205.0,34898596.499999985
2025-08-01 12:07:43 PM,1103.4,2,2206.8,34900803.29999998
2025-08-01 12:08:36 PM,1102.3,0,0.0,34900803.29999998
2025-08-01 12:08:38 PM,1102.3,6,6613.799999999999,34907417.09999998
2025-08-01 12:09:18 PM,1102.3,1,1102.3,34908519.399999976
2025-08-01 12:09:56 PM,1103.2,0,0.0,34908519.399999976
2025-08-01 12:09:57 PM,1103.2,10,11032.0,34919551.399999976
2025-08-01 12:11:07 PM,1103.2,2,2206.4,34921757.799999975
2025-08-01 12:11:16 PM,1102.3,0,0.0,34921757.799999975
2025-08-01 12:11:18 PM,1102.3,10,11023.0,34932780.799999975
2025-08-01 12:11:18 PM,1103.2,42,46334.4,34979115.19999997
2025-08-01 12:11:22 PM,1104.5,0,0.0,34979115.19999997
2025-08-01 12:11:22 PM,1104.5,260,287170.0,35266285.19999997
2025-08-01 12:11:30 PM,1105.6,0,0.0,35266285.19999997
2025-08-01 12:11:30 PM,1103.9,0,0.0,35266285.19999997
2025-08-01 12:11:32 PM,1103.9,56,61818.40000000001,35328103.59999997
2025-08-01 12:12:08 PM,1104.4,0,0.0,35328103.59999997
2025-08-01 12:12:11 PM,1104.4,388,428507.2,35756610.799999975
2025-08-01 12:12:56 PM,1105.3,0,0.0,35756610.799999975
2025-08-01 12:12:57 PM,1105.3,5,5526.5,35762137.299999975
2025-08-01 12:13:12 PM,1105.3,4,4421.2,35766558.49999998
2025-08-01 12:13:38 PM,1104.6,0,0.0,35766558.49999998
2025-08-01 12:13:42 PM,1104.6,36,39765.6,35806324.09999998
2025-08-01 12:14:04 PM,1104.2,0,0.0,35806324.09999998
2025-08-01 12:14:06 PM,1104.2,27,29813.4,35836137.49999998
2025-08-01 12:14:16 PM,1104.6,0,0.0,35836137.49999998
2025-08-01 12:14:16 PM,1104.6,1,1104.6,35837242.09999998
2025-08-01 12:14:42 PM,1104.6,1,1104.6,35838346.69999998
2025-08-01 12:15:14 PM,1104.1,0,0.0,35838346.69999998
2025-08-01 12:15:16 PM,1104.4,0,0.0,35838346.69999998
2025-08-01 12:15:17 PM,1104.4,28,30923.200000000004,35869269.89999998
2025-08-01 12:15:20 PM,1104.0,0,0.0,35869269.89999998
2025-08-01 12:15:23 PM,1104.0,50,55200.0,35924469.89999998
2025-08-01 12:16:13 PM,1104.5,1,1104.5,35925574.39999998
2025-08-01 12:16:32 PM,1104.0,0,0.0,35925574.39999998
2025-08-01 12:16:32 PM,1104.0,1,1104.0,35926678.39999998
2025-08-01 12:16:46 PM,1104.5,0,0.0,35926678.39999998
2025-08-01 12:16:47 PM,1104.5,3,3313.5,35929991.89999998
2025-08-01 12:16:58 PM,1104.0,0,0.0,35929991.89999998
2025-08-01 12:17:01 PM,1104.0,173,190992.0,36120983.89999998
2025-08-01 12:17:06 PM,1103.5,0,0.0,36120983.89999998
2025-08-01 12:17:06 PM,1103.5,16,17656.0,36138639.89999998
2025-08-01 12:17:10 PM,1103.2,0,0.0,36138639.89999998
2025-08-01 12:17:11 PM,1103.2,13,14341.6,36152981.499999985
2025-08-01 12:17:45 PM,1101.7,31,34152.700000000004,36187134.19999999
2025-08-01 12:18:44 PM,1102.0,50,55100.0,36242234.19999999
2025-08-01 12:19:14 PM,1101.5,0,0.0,36242234.19999999
2025-08-01 12:19:15 PM,1101.5,1,1101.5,36243335.69999999
2025-08-01 12:19:51 PM,1102.0,0,0.0,36243335.69999999
2025-08-01 12:19:55 PM,1102.0,7,7714.0,36251049.69999999
2025-08-01 12:20:50 PM,1101.2,0,0.0,36251049.69999999
2025-08-01 12:20:52 PM,1101.2,105,115626.0,36366675.69999999
2025-08-01 12:21:02 PM,1101.2,60,66072.0,36432747.69999999
2025-08-01 12:21:26 PM,1101.2,5,5506.0,36438253.69999999
2025-08-01 12:21:40 PM,1101.2,5,5506.0,36443759.69999999
2025-08-01 12:23:01 PM,1101.3,0,0.0,36443759.69999999
2025-08-01 12:23:02 PM,1101.3,11,12114.3,36455873.999999985
2025-08-01 12:24:08 PM,1103.4,0,0.0,36455873.999999985
2025-08-01 12:24:12 PM,1103.4,200,220680.00000000003,36676553.999999985
2025-08-01 12:24:33 PM,1102.8,0,0.0,36676553.999999985
2025-08-01 12:24:36 PM,1102.8,2,2205.6,36678759.59999999
2025-08-01 12:24:55 PM,1102.9,0,0.0,36678759.59999999
2025-08-01 12:24:55 PM,1102.9,1,1102.9,36679862.499999985
2025-08-01 12:25:09 PM,1103.0,0,0.0,36679862.499999985
2025-08-01 12:25:10 PM,1103.0,1,1103.0,36680965.499999985
2025-08-01 12:25:40 PM,1103.0,1,1103.0,36682068.499999985
2025-08-01 12:25:43 PM,1102.2,0,0.0,36682068.499999985
2025-08-01 12:25:46 PM,1102.2,1,1102.2,36683170.69999999
2025-08-01 12:26:06 PM,1102.2,46,50701.200000000004,36733871.89999999
2025-08-01 12:26:09 PM,1102.9,0,0.0,36733871.89999999
2025-08-01 12:26:11 PM,1102.9,10,11029.0,36744900.89999999
2025-08-01 12:26:16 PM,1103.0,0,0.0,36744900.89999999
2025-08-01 12:26:16 PM,1103.0,15,16545.0,36761445.89999999
2025-08-01 12:26:55 PM,1101.9,0,0.0,36761445.89999999
2025-08-01 12:26:56 PM,1101.9,26,28649.4,36790095.29999999
2025-08-01 12:27:03 PM,1102.8,0,0.0,36790095.29999999
2025-08-01 12:27:07 PM,1102.8,5,5514.0,36795609.29999999
2025-08-01 12:28:55 PM,1102.4,0,0.0,36795609.29999999
2025-08-01 12:28:56 PM,1102.4,11,12126.400000000001,36807735.69999999
2025-08-01 12:29:12 PM,1101.0,1761,1938861.0,38746596.69999999
2025-08-01 12:29:15 PM,1101.0,665,732165.0,39478761.69999999
2025-08-01 12:29:17 PM,1100.2,0,0.0,39478761.69999999
2025-08-01 12:29:20 PM,1100.2,145,159529.0,39638290.69999999
2025-08-01 12:29:23 PM,1101.6,0,0.0,39638290.69999999
2025-08-01 12:29:25 PM,1101.6,309,340394.39999999997,39978685.09999999
2025-08-01 12:31:52 PM,1101.7,0,0.0,39978685.09999999
2025-08-01 12:31:55 PM,1101.7,16,17627.2,39996312.29999999
2025-08-01 12:32:42 PM,1103.0,80,88240.0,40084552.29999999
2025-08-01 12:32:44 PM,1102.7,0,0.0,40084552.29999999
2025-08-01 12:32:46 PM,1102.7,5,5513.5,40090065.79999999
2025-08-01 12:32:58 PM,1102.9,0,0.0,40090065.79999999
2025-08-01 12:33:01 PM,1102.9,1,1102.9,40091168.69999999
2025-08-01 12:33:57 PM,1102.9,125,137862.5,40229031.19999999
2025-08-01 12:35:52 PM,1101.5,0,0.0,40229031.19999999
2025-08-01 12:35:55 PM,1101.5,11,12116.5,40241147.69999999
2025-08-01 12:37:55 PM,1102.7,0,0.0,40241147.69999999
2025-08-01 12:37:56 PM,1102.7,5,5513.5,40246661.19999999
2025-08-01 12:38:07 PM,1101.1,0,0.0,40246661.19999999
2025-08-01 12:38:07 PM,1101.1,300,330330.0,40576991.19999999
2025-08-01 12:40:10 PM,1101.1,26,28628.6,40605619.79999999
2025-08-01 12:41:02 PM,1101.1,50,55054.99999999999,40660674.79999999
2025-08-01 12:41:28 PM,1101.1,1,1101.1,40661775.89999999
2025-08-01 12:41:32 PM,1101.0,0,0.0,40661775.89999999
2025-08-01 12:41:33 PM,1101.0,10,11010.0,40672785.89999999
2025-08-01 12:41:38 PM,1101.1,0,0.0,40672785.89999999
2025-08-01 12:41:38 PM,1101.1,10,11011.0,40683796.89999999
2025-08-01 12:41:52 PM,1101.0,0,0.0,40683796.89999999
2025-08-01 12:41:54 PM,1101.0,906,997506.0,41681302.89999999
2025-08-01 12:41:56 PM,1100.8,0,0.0,41681302.89999999
2025-08-01 12:41:58 PM,1101.0,0,0.0,41681302.89999999
2025-08-01 12:41:59 PM,1101.0,127,139827.0,41821129.89999999
2025-08-01 12:42:02 PM,1100.2,0,0.0,41821129.89999999
2025-08-01 12:42:05 PM,1100.2,108,118821.6,41939951.49999999
2025-08-01 12:42:10 PM,1100.2,42,46208.4,41986159.89999999
2025-08-01 12:42:52 PM,1100.4,0,0.0,41986159.89999999
2025-08-01 12:42:56 PM,1100.4,20,22008.0,42008167.89999999
2025-08-01 12:43:07 PM,1100.2,7,7701.400000000001,42015869.29999999
2025-08-01 12:44:18 PM,1100.2,18,19803.600000000002,42035672.89999999
2025-08-01 12:44:50 PM,1100.4,0,0.0,42035672.89999999
2025-08-01 12:44:55 PM,1100.4,9,9903.6,42045576.49999999
2025-08-01 12:45:15 PM,1100.4,5,5502.0,42051078.49999999
2025-08-01 12:45:58 PM,1100.6,0,0.0,42051078.49999999
2025-08-01 12:46:01 PM,1100.6,35,38521.0,42089599.49999999
2025-08-01 12:46:40 PM,1101.0,0,0.0,42089599.49999999
2025-08-01 12:46:42 PM,1101.0,6,6606.0,42096205.49999999
2025-08-01 12:46:48 PM,1100.2,0,0.0,42096205.49999999
2025-08-01 12:46:52 PM,1100.2,49,53909.8,42150115.29999999
2025-08-01 12:46:54 PM,1101.0,0,0.0,42150115.29999999
2025-08-01 12:46:57 PM,1101.0,120,132120.0,42282235.29999999
2025-08-01 12:47:28 PM,1101.2,0,0.0,42282235.29999999
2025-08-01 12:47:33 PM,1101.2,112,123334.40000000001,42405569.69999999
2025-08-01 12:47:42 PM,1103.1,0,0.0,42405569.69999999
2025-08-01 12:47:43 PM,1103.1,113,124650.29999999999,42530219.999999985
2025-08-01 12:47:46 PM,1103.2,0,0.0,42530219.999999985
2025-08-01 12:47:48 PM,1103.2,100,110320.0,42640539.999999985
2025-08-01 12:47:58 PM,1101.7,3,3305.1000000000004,42643845.09999999
2025-08-01 12:48:58 PM,1101.7,20,22034.0,42665879.09999999
2025-08-01 12:49:48 PM,1101.6,0,0.0,42665879.09999999
2025-08-01 12:49:51 PM,1101.6,20,22032.0,42687911.09999999
2025-08-01 12:49:56 PM,1101.0,15,16515.0,42704426.09999999
2025-08-01 12:51:28 PM,1101.7,0,0.0,42704426.09999999
2025-08-01 12:51:30 PM,1101.7,100,110170.0,42814596.09999999
2025-08-01 12:52:14 PM,1100.5,0,0.0,42814596.09999999
2025-08-01 12:52:15 PM,1100.5,18,19809.0,42834405.09999999
2025-08-01 12:52:36 PM,1101.7,3,3305.1000000000004,42837710.19999999
2025-08-01 12:53:00 PM,1101.7,4,4406.8,42842116.999999985
2025-08-01 12:53:04 PM,1101.1,0,0.0,42842116.999999985
2025-08-01 12:53:04 PM,1101.1,1,1101.1,42843218.09999999
2025-08-01 12:53:14 PM,1101.7,0,0.0,42843218.09999999
2025-08-01 12:53:15 PM,1101.7,1,1101.7,42844319.79999999
2025-08-01 12:54:25 PM,1101.7,1,1101.7,42845421.49999999
2025-08-01 12:54:54 PM,1102.3,0,0.0,42845421.49999999
2025-08-01 12:54:56 PM,1102.3,5,5511.5,42850932.99999999
2025-08-01 12:55:07 PM,1101.5,34,37451.0,42888383.99999999
2025-08-01 12:55:28 PM,1102.9,10,11029.0,42899412.99999999
2025-08-01 12:55:56 PM,1104.5,0,0.0,42899412.99999999
2025-08-01 12:55:57 PM,1104.5,470,519115.0,43418527.99999999
2025-08-01 12:56:22 PM,1101.8,0,0.0,43418527.99999999
2025-08-01 12:56:23 PM,1101.8,12,13221.599999999999,43431749.599999994
2025-08-01 12:56:33 PM,1101.8,58,63904.399999999994,43495653.99999999
2025-08-01 12:57:24 PM,1101.7,0,0.0,43495653.99999999
2025-08-01 12:57:27 PM,1101.7,1,1101.7,43496755.699999996
2025-08-01 12:58:07 PM,1101.7,2,2203.4,43498959.099999994
2025-08-01 12:58:10 PM,1101.8,0,0.0,43498959.099999994
2025-08-01 12:58:12 PM,1101.8,3,3305.3999999999996,43502264.49999999
2025-08-01 12:58:26 PM,1101.5,0,0.0,43502264.49999999
2025-08-01 12:58:28 PM,1101.5,293,322739.5,43825003.99999999
2025-08-01 12:58:28 PM,1101.8,0,0.0,43825003.99999999
2025-08-01 12:58:33 PM,1101.8,78,85940.4,43910944.39999999
2025-08-01 12:58:38 PM,1101.8,2,2203.6,43913147.99999999
2025-08-01 12:59:18 PM,1101.8,3,3305.3999999999996,43916453.39999999
2025-08-01 01:00:13 PM,1101.0,0,0.0,43916453.39999999
2025-08-01 01:00:16 PM,1101.0,8,8808.0,43925261.39999999
2025-08-01 01:00:25 PM,1101.8,0,0.0,43925261.39999999
2025-08-01 01:00:26 PM,1101.8,5,5509.0,43930770.39999999
2025-08-01 01:01:13 PM,1101.0,0,0.0,43930770.39999999
2025-08-01 01:01:14 PM,1101.0,23,25323.0,43956093.39999999
2025-08-01 01:01:19 PM,1101.0,88,96888.0,44052981.39999999
2025-08-01 01:01:27 PM,1101.2,0,0.0,44052981.39999999
2025-08-01 01:01:29 PM,1101.2,42,46250.4,44099231.79999999
2025-08-01 01:01:37 PM,1101.4,0,0.0,44099231.79999999
2025-08-01 01:01:39 PM,1101.4,28,30839.200000000004,44130070.99999999
2025-08-01 01:01:54 PM,1101.1,2,2202.2,44132273.199999996
2025-08-01 01:02:47 PM,1101.7,0,0.0,44132273.199999996
2025-08-01 01:02:49 PM,1101.7,1,1101.7,44133374.9
2025-08-01 01:02:54 PM,1101.7,3,3305.1000000000004,44136680.0
2025-08-01 01:03:04 PM,1101.7,2,2203.4,44138883.4
2025-08-01 01:03:07 PM,1101.1,0,0.0,44138883.4
2025-08-01 01:03:09 PM,1101.1,100,110109.99999999999,44248993.4
2025-08-01 01:04:31 PM,1101.7,0,0.0,44248993.4
2025-08-01 01:04:32 PM,1101.7,5,5508.5,44254501.9
2025-08-01 01:04:41 PM,1101.7,6,6610.200000000001,44261112.1
2025-08-01 01:05:08 PM,1101.7,17,18728.9,44279841.0
2025-08-01 01:05:57 PM,1101.7,5,5508.5,44285349.5
2025-08-01 01:06:37 PM,1101.9,0,0.0,44285349.5
2025-08-01 01:06:39 PM,1101.9,49,53993.100000000006,44339342.6
2025-08-01 01:07:08 PM,1103.9,0,0.0,44339342.6
2025-08-01 01:07:09 PM,1103.9,5,5519.5,44344862.1
2025-08-01 01:07:21 PM,1104.3,3,3312.8999999999996,44348175.0
2025-08-01 01:07:56 PM,1104.3,5,5521.5,44353696.5
2025-08-01 01:08:04 PM,1104.2,0,0.0,44353696.5
2025-08-01 01:08:06 PM,1104.2,3,3312.6000000000004,44357009.1
2025-08-01 01:08:54 PM,1104.3,0,0.0,44357009.1
2025-08-01 01:08:55 PM,1104.3,4,4417.2,44361426.300000004
2025-08-01 01:08:58 PM,1104.6,0,0.0,44361426.300000004
2025-08-01 01:09:00 PM,1104.6,1977,2183794.1999999997,46545220.50000001
2025-08-01 01:09:12 PM,1104.5,0,0.0,46545220.50000001
2025-08-01 01:09:13 PM,1104.5,52,57434.0,46602654.50000001
2025-08-01 01:09:24 PM,1105.5,0,0.0,46602654.50000001
2025-08-01 01:09:25 PM,1105.5,4,4422.0,46607076.50000001
2025-08-01 01:09:32 PM,1103.9,0,0.0,46607076.50000001
2025-08-01 01:09:34 PM,1103.9,50,55195.00000000001,46662271.50000001
2025-08-01 01:10:04 PM,1104.2,2,2208.4,46664479.900000006
2025-08-01 01:10:16 PM,1104.1,0,0.0,46664479.900000006
2025-08-01 01:10:17 PM,1104.1,4,4416.4,46668896.300000004
2025-08-01 01:12:38 PM,1104.9,0,0.0,46668896.300000004
2025-08-01 01:12:39 PM,1104.9,1,1104.9,46670001.2
2025-08-01 01:16:13 PM,1104.9,30,33147.0,46703148.2
2025-08-01 01:17:50 PM,1104.1,0,0.0,46703148.2
2025-08-01 01:17:50 PM,1104.1,12,13249.199999999999,46716397.400000006
2025-08-01 01:18:38 PM,1104.8,0,0.0,46716397.400000006
2025-08-01 01:18:40 PM,1104.8,5,5524.0,46721921.400000006
2025-08-01 01:18:48 PM,1103.6,0,0.0,46721921.400000006
2025-08-01 01:18:50 PM,1103.6,51,56283.6,46778205.00000001
2025-08-01 01:19:12 PM,1104.1,0,0.0,46778205.00000001
2025-08-01 01:19:15 PM,1104.1,2,2208.2,46780413.20000001
2025-08-01 01:19:24 PM,1104.2,0,0.0,46780413.20000001
2025-08-01 01:19:25 PM,1104.2,14,15458.800000000001,46795872.00000001
2025-08-01 01:19:45 PM,1104.3,12,13251.599999999999,46809123.60000001
2025-08-01 01:20:25 PM,1104.3,1,1104.3,46810227.900000006
2025-08-01 01:22:12 PM,1103.1,0,0.0,46810227.900000006
2025-08-01 01:22:12 PM,1103.1,12,13237.199999999999,46823465.10000001
2025-08-01 01:25:01 PM,1104.2,0,0.0,46823465.10000001
2025-08-01 01:25:02 PM,1104.2,5,5521.0,46828986.10000001
2025-08-01 01:25:07 PM,1104.2,5,5521.0,46834507.10000001
2025-08-01 01:25:09 PM,1104.3,0,0.0,46834507.10000001
2025-08-01 01:25:13 PM,1104.3,24,26503.199999999997,46861010.30000001
2025-08-01 01:26:22 PM,1104.3,50,55215.0,46916225.30000001
2025-08-01 01:27:15 PM,1104.4,0,0.0,46916225.30000001
2025-08-01 01:27:16 PM,1104.4,4,4417.6,46920642.90000001
2025-08-01 01:28:00 PM,1104.5,0,0.0,46920642.90000001
2025-08-01 01:28:04 PM,1104.5,16,17672.0,46938314.90000001
2025-08-01 01:28:18 PM,1104.1,0,0.0,46938314.90000001
2025-08-01 01:28:19 PM,1104.1,1,1104.1,46939419.000000015
2025-08-01 01:28:53 PM,1104.8,0,0.0,46939419.000000015
2025-08-01 01:28:57 PM,1104.8,6,6628.799999999999,46946047.80000001
2025-08-01 01:29:11 PM,1104.1,0,0.0,46946047.80000001
2025-08-01 01:29:11 PM,1104.1,2,2208.2,46948256.000000015
2025-08-01 01:29:21 PM,1104.1,17,18769.699999999997,46967025.70000002
2025-08-01 01:30:19 PM,1104.7,8,8837.6,46975863.30000002
2025-08-01 01:30:21 PM,1104.0,0,0.0,46975863.30000002
2025-08-01 01:30:24 PM,1104.0,5,5520.0,46981383.30000002
2025-08-01 01:31:20 PM,1104.7,0,0.0,46981383.30000002
2025-08-01 01:31:24 PM,1104.7,1,1104.7,46982488.00000002
2025-08-01 01:31:52 PM,1105.0,0,0.0,46982488.00000002
2025-08-01 01:31:53 PM,1105.0,72,79560.0,47062048.00000002
2025-08-01 01:31:58 PM,1105.0,30,33150.0,47095198.00000002
2025-08-01 01:32:04 PM,1105.3,0,0.0,47095198.00000002
2025-08-01 01:32:08 PM,1105.4,0,0.0,47095198.00000002
2025-08-01 01:32:08 PM,1105.4,27,29845.800000000003,47125043.80000002
2025-08-01 01:32:23 PM,1105.4,1,1105.4,47126149.20000002
2025-08-01 01:33:31 PM,1104.3,0,0.0,47126149.20000002
2025-08-01 01:33:31 PM,1104.3,1,1104.3,47127253.500000015
2025-08-01 01:34:48 PM,1105.3,0,0.0,47127253.500000015
2025-08-01 01:34:52 PM,1105.3,7,7737.099999999999,47134990.60000002
2025-08-01 01:35:50 PM,1105.3,96,106108.79999999999,47241099.40000001
2025-08-01 01:35:54 PM,1105.4,0,0.0,47241099.40000001
2025-08-01 01:35:55 PM,1105.4,50,55270.00000000001,47296369.40000001
2025-08-01 01:35:56 PM,1105.6,0,0.0,47296369.40000001
2025-08-01 01:35:59 PM,1105.6,290,320624.0,47616993.40000001
2025-08-01 01:36:28 PM,1106.0,0,0.0,47616993.40000001
2025-08-01 01:36:29 PM,1106.0,232,256592.0,47873585.40000001
2025-08-01 01:36:34 PM,1105.5,4,4422.0,47878007.40000001
2025-08-01 01:36:36 PM,1106.0,0,0.0,47878007.40000001
2025-08-01 01:36:39 PM,1106.0,1,1106.0,47879113.40000001
2025-08-01 01:38:18 PM,1105.1,0,0.0,47879113.40000001
2025-08-01 01:38:19 PM,1105.1,16,17681.6,47896795.000000015
2025-08-01 01:38:22 PM,1105.4,0,0.0,47896795.000000015
2025-08-01 01:38:24 PM,1105.4,1,1105.4,47897900.40000001
2025-08-01 01:39:04 PM,1104.5,0,0.0,47897900.40000001
2025-08-01 01:39:08 PM,1104.5,15,16567.5,47914467.90000001
2025-08-01 01:41:33 PM,1104.5,3,3313.5,47917781.40000001
2025-08-01 01:41:50 PM,1104.3,0,0.0,47917781.40000001
2025-08-01 01:41:53 PM,1104.3,1,1104.3,47918885.70000001
2025-08-01 01:42:30 PM,1104.5,0,0.0,47918885.70000001
2025-08-01 01:42:32 PM,1104.3,0,0.0,47918885.70000001
2025-08-01 01:42:33 PM,1104.3,2,2208.6,47921094.30000001
2025-08-01 01:43:26 PM,1104.0,0,0.0,47921094.30000001
2025-08-01 01:43:27 PM,1104.0,77,85008.0,48006102.30000001
2025-08-01 01:45:36 PM,1105.0,0,0.0,48006102.30000001
2025-08-01 01:45:37 PM,1105.0,50,55250.0,48061352.30000001
2025-08-01 01:45:50 PM,1105.2,0,0.0,48061352.30000001
2025-08-01 01:45:51 PM,1105.2,8,8841.6,48070193.90000001
2025-08-01 01:45:54 PM,1104.4,0,0.0,48070193.90000001
2025-08-01 01:45:56 PM,1104.4,10,11044.0,48081237.90000001
2025-08-01 01:46:26 PM,1105.7,1,1105.7,48082343.60000002
2025-08-01 01:47:26 PM,1105.0,30,33150.0,48115493.60000002
2025-08-01 01:48:03 PM,1104.4,0,0.0,48115493.60000002
2025-08-01 01:48:06 PM,1104.4,15,16566.0,48132059.60000002
2025-08-01 01:50:08 PM,1104.2,0,0.0,48132059.60000002
2025-08-01 01:50:12 PM,1104.2,2,2208.4,48134268.000000015
2025-08-01 01:50:27 PM,1104.2,12,13250.400000000001,48147518.40000001
2025-08-01 01:50:57 PM,1104.2,25,27605.0,48175123.40000001
2025-08-01 01:51:40 PM,1104.6,0,0.0,48175123.40000001
2025-08-01 01:51:40 PM,1104.6,1,1104.6,48176228.000000015
2025-08-01 01:52:18 PM,1102.7,0,0.0,48176228.000000015
2025-08-01 01:52:19 PM,1102.7,200,220540.0,48396768.000000015
2025-08-01 01:52:36 PM,1102.5,0,0.0,48396768.000000015
2025-08-01 01:52:39 PM,1102.5,198,218295.0,48615063.000000015
2025-08-01 01:52:50 PM,1102.1,83,91474.29999999999,48706537.30000001
2025-08-01 01:52:56 PM,1103.0,0,0.0,48706537.30000001
2025-08-01 01:52:59 PM,1103.0,48,52944.0,48759481.30000001
2025-08-01 01:53:03 PM,1103.4,0,0.0,48759481.30000001
2025-08-01 01:53:04 PM,1103.4,5,5517.0,48764998.30000001
2025-08-01 01:53:20 PM,1102.7,0,0.0,48764998.30000001
2025-08-01 01:53:21 PM,1102.6,0,0.0,48764998.30000001
2025-08-01 01:53:22 PM,1102.6,3,3307.7999999999997,48768306.10000001
2025-08-01 01:54:04 PM,1103.2,0,0.0,48768306.10000001
2025-08-01 01:54:05 PM,1103.2,3,3309.6000000000004,48771615.70000001
2025-08-01 01:54:12 PM,1102.4,0,0.0,48771615.70000001
2025-08-01 01:54:15 PM,1102.4,3,3307.2000000000003,48774922.90000001
2025-08-01 01:54:38 PM,1103.2,1,1103.2,48776026.10000002
2025-08-01 01:54:57 PM,1103.2,1,1103.2,48777129.30000002
2025-08-01 01:55:20 PM,1102.4,0,0.0,48777129.30000002
2025-08-01 01:55:23 PM,1102.4,3,3307.2000000000003,48780436.50000002
2025-08-01 01:55:40 PM,1102.5,0,0.0,48780436.50000002
2025-08-01 01:55:43 PM,1102.5,25,27562.5,48807999.00000002
2025-08-01 01:55:54 PM,1103.2,0,0.0,48807999.00000002
2025-08-01 01:55:58 PM,1103.2,2,2206.4,48810205.40000002
2025-08-01 01:56:16 PM,1102.0,0,0.0,48810205.40000002
2025-08-01 01:56:17 PM,1102.0,1019,1122938.0,49933143.40000002
2025-08-01 01:56:20 PM,1101.1,0,0.0,49933143.40000002
2025-08-01 01:56:22 PM,1101.1,57,62762.7,49995906.100000024
2025-08-01 01:56:28 PM,1101.9,0,0.0,49995906.100000024
2025-08-01 01:56:32 PM,1101.9,191,210462.90000000002,50206369.00000002
2025-08-01 01:57:34 PM,1103.3,0,0.0,50206369.00000002
2025-08-01 01:57:36 PM,1103.3,50,55165.0,50261534.00000002
2025-08-01 01:57:52 PM,1102.1,0,0.0,50261534.00000002
2025-08-01 01:57:56 PM,1102.1,122,134456.19999999998,50395990.200000025
2025-08-01 01:59:18 PM,1101.4,0,0.0,50395990.200000025
2025-08-01 01:59:21 PM,1101.4,101,111241.40000000001,50507231.600000024
2025-08-01 02:00:27 PM,1101.4,43,47360.200000000004,50554591.80000003
2025-08-01 02:00:43 PM,1102.6,0,0.0,50554591.80000003
2025-08-01 02:00:45 PM,1102.6,2,2205.2,50556797.00000003
2025-08-01 02:02:30 PM,1101.9,0,0.0,50556797.00000003
2025-08-01 02:02:32 PM,1101.9,17,18732.300000000003,50575529.30000003
2025-08-01 02:02:59 PM,1101.1,0,0.0,50575529.30000003
2025-08-01 02:03:03 PM,1101.1,4,4404.4,50579933.700000025
2025-08-01 02:03:46 PM,1101.0,0,0.0,50579933.700000025
2025-08-01 02:03:48 PM,1101.0,20,22020.0,50601953.700000025
2025-08-01 02:04:40 PM,1101.1,0,0.0,50601953.700000025
2025-08-01 02:04:44 PM,1101.1,33,36336.299999999996,50638290.00000002
2025-08-01 02:05:45 PM,1101.1,5,5505.5,50643795.50000002
2025-08-01 02:05:48 PM,1102.1,0,0.0,50643795.50000002
2025-08-01 02:05:49 PM,1102.1,20,22042.0,50665837.50000002
2025-08-01 02:06:49 PM,1101.2,0,0.0,50665837.50000002
2025-08-01 02:06:50 PM,1101.2,2,2202.4,50668039.90000002
2025-08-01 02:06:53 PM,1102.1,0,0.0,50668039.90000002
2025-08-01 02:06:55 PM,1102.1,5,5510.5,50673550.40000002
2025-08-01 02:07:03 PM,1101.2,0,0.0,50673550.40000002
2025-08-01 02:07:06 PM,1101.2,29,31934.800000000003,50705485.20000002
2025-08-01 02:07:11 PM,1100.2,0,0.0,50705485.20000002
2025-08-01 02:07:12 PM,1100.2,800,880160.0,51585645.20000002
2025-08-01 02:07:38 PM,1101.0,0,0.0,51585645.20000002
2025-08-01 02:07:41 PM,1101.0,108,118908.0,51704553.20000002
2025-08-01 02:08:12 PM,1101.2,0,0.0,51704553.20000002
2025-08-01 02:08:12 PM,1101.2,12,13214.400000000001,51717767.60000002
2025-08-01 02:08:43 PM,1101.4,0,0.0,51717767.60000002
2025-08-01 02:08:48 PM,1101.4,12,13216.800000000001,51730984.40000001
2025-08-01 02:09:39 PM,1101.4,2,2202.8,51733187.20000001
2025-08-01 02:09:46 PM,1102.0,0,0.0,51733187.20000001
2025-08-01 02:09:49 PM,1102.0,177,195054.0,51928241.20000001
2025-08-01 02:10:03 PM,1102.0,2,2204.0,51930445.20000001
2025-08-01 02:10:46 PM,1102.5,0,0.0,51930445.20000001
2025-08-01 02:10:49 PM,1102.5,7,7717.5,51938162.70000001
2025-08-01 02:11:23 PM,1103.0,0,0.0,51938162.70000001
2025-08-01 02:11:26 PM,1103.0,40,44120.0,51982282.70000001
2025-08-01 02:12:39 PM,1102.0,25,27550.0,52009832.70000001
2025-08-01 02:13:15 PM,1103.1,1,1103.1,52010935.80000001
2025-08-01 02:13:18 PM,1103.3,0,0.0,52010935.80000001
2025-08-01 02:13:18 PM,1103.3,11,12136.3,52023072.10000001
2025-08-01 02:13:45 PM,1102.7,6,6616.200000000001,52029688.30000001
2025-08-01 02:14:52 PM,1102.1,0,0.0,52029688.30000001
2025-08-01 02:14:52 PM,1102.1,331,364795.1,52394483.40000001
2025-08-01 02:15:21 PM,1102.0,5,5510.0,52399993.40000001
2025-08-01 02:16:26 PM,1101.2,0,0.0,52399993.40000001
2025-08-01 02:16:28 PM,1101.2,24,26428.800000000003,52426422.20000001
2025-08-01 02:17:56 PM,1102.0,0,0.0,52426422.20000001
2025-08-01 02:17:59 PM,1102.0,3,3306.0,52429728.20000001
2025-08-01 02:18:14 PM,1102.0,40,44080.0,52473808.20000001
2025-08-01 02:18:20 PM,1102.0,15,16530.0,52490338.20000001
2025-08-01 02:18:45 PM,1102.0,3,3306.0,52493644.20000001
2025-08-01 02:19:34 PM,1102.1,0,0.0,52493644.20000001
2025-08-01 02:19:37 PM,1101.8,0,0.0,52493644.20000001
2025-08-01 02:19:37 PM,1101.8,8,8814.4,52502458.60000001
2025-08-01 02:19:42 PM,1101.8,1,1101.8,52503560.400000006
2025-08-01 02:19:53 PM,1101.8,10,11018.0,52514578.400000006
2025-08-01 02:20:24 PM,1101.8,2,2203.6,52516782.00000001
2025-08-01 02:20:52 PM,1102.1,0,0.0,52516782.00000001
2025-08-01 02:20:54 PM,1102.1,3,3306.2999999999997,52520088.300000004
2025-08-01 02:21:23 PM,1101.3,0,0.0,52520088.300000004
2025-08-01 02:21:25 PM,1101.3,13,14316.9,52534405.2
2025-08-01 02:21:41 PM,1101.3,2,2202.6,52536607.800000004
2025-08-01 02:21:46 PM,1102.0,77,84854.0,52621461.800000004
2025-08-01 02:21:57 PM,1102.0,314,346028.0,52967489.800000004
2025-08-01 02:22:07 PM,1102.0,52,57304.0,53024793.800000004
2025-08-01 02:22:13 PM,1102.0,114,125628.0,53150421.800000004
2025-08-01 02:22:18 PM,1102.0,1043,1149386.0,54299807.800000004
2025-08-01 02:22:22 PM,1101.1,0,0.0,54299807.800000004
2025-08-01 02:22:23 PM,1101.1,83,91391.29999999999,54391199.1
2025-08-01 02:22:37 PM,1101.2,0,0.0,54391199.1
2025-08-01 02:22:39 PM,1101.2,2,2202.4,54393401.5
2025-08-01 02:22:43 PM,1102.0,0,0.0,54393401.5
2025-08-01 02:22:45 PM,1102.0,189,208278.0,54601679.5
2025-08-01 02:22:46 PM,1102.4,0,0.0,54601679.5
2025-08-01 02:22:50 PM,1102.4,4,4409.6,54606089.1
2025-08-01 02:22:55 PM,1102.4,5,5512.0,54611601.1
2025-08-01 02:22:58 PM,1102.0,0,0.0,54611601.1
2025-08-01 02:23:01 PM,1102.0,13,14326.0,54625927.1
2025-08-01 02:23:12 PM,1102.0,187,206074.0,54832001.1
2025-08-01 02:23:13 PM,1102.1,0,0.0,54832001.1
2025-08-01 02:23:15 PM,1102.0,0,0.0,54832001.1
2025-08-01 02:23:17 PM,1102.0,10,11020.0,54843021.1
2025-08-01 02:23:28 PM,1102.0,20,22040.0,54865061.1
2025-08-01 02:23:30 PM,1102.1,0,0.0,54865061.1
2025-08-01 02:23:33 PM,1102.1,102,112414.2,54977475.300000004
2025-08-01 02:24:04 PM,1102.0,0,0.0,54977475.300000004
2025-08-01 02:24:05 PM,1102.0,200,220400.0,55197875.300000004
2025-08-01 02:24:31 PM,1102.0,73,80446.0,55278321.300000004
2025-08-01 02:25:03 PM,1102.1,114,125639.4,55403960.7
2025-08-01 02:25:04 PM,1102.0,0,0.0,55403960.7
2025-08-01 02:25:04 PM,1102.0,117,128934.0,55532894.7
2025-08-01 02:25:30 PM,1102.0,58,63916.0,55596810.7
2025-08-01 02:25:35 PM,1102.0,103,113506.0,55710316.7
2025-08-01 02:25:46 PM,1102.0,19,20938.0,55731254.7
2025-08-01 02:25:56 PM,1102.0,50,55100.0,55786354.7
2025-08-01 02:26:01 PM,1102.0,74,81548.0,55867902.7
2025-08-01 02:26:07 PM,1102.0,41,45182.0,55913084.7
2025-08-01 02:26:18 PM,1102.0,129,142158.0,56055242.7
2025-08-01 02:26:23 PM,1102.0,49,53998.0,56109240.7
2025-08-01 02:26:33 PM,1102.0,19,20938.0,56130178.7
2025-08-01 02:26:33 PM,1102.0,86,94772.0,56224950.7
2025-08-01 02:27:05 PM,1102.0,621,684342.0,56909292.7
2025-08-01 02:27:09 PM,1101.0,0,0.0,56909292.7
2025-08-01 02:27:11 PM,1101.0,130,143130.0,57052422.7
2025-08-01 02:27:17 PM,1100.2,2,2200.4,57054623.1
2025-08-01 02:27:18 PM,1100.1,0,0.0,57054623.1
2025-08-01 02:27:22 PM,1100.1,1,1100.1,57055723.2
2025-08-01 02:27:25 PM,1100.0,0,0.0,57055723.2
2025-08-01 02:27:27 PM,1100.3,0,0.0,57055723.2
2025-08-01 02:27:27 PM,1100.3,503,553450.9,57609174.1
2025-08-01 02:27:30 PM,1100.0,0,0.0,57609174.1
2025-08-01 02:27:32 PM,1100.0,788,866800.0,58475974.1
2025-08-01 02:27:38 PM,1100.0,83,91300.0,58567274.1
2025-08-01 02:28:05 PM,1100.0,1579,1736900.0,60304174.1
2025-08-01 02:28:07 PM,1099.0,0,0.0,60304174.1
2025-08-01 02:28:10 PM,1098.6,0,0.0,60304174.1
2025-08-01 02:28:11 PM,1098.6,166,182367.59999999998,60486541.7
2025-08-01 02:28:16 PM,1098.6,101,110958.59999999999,60597500.300000004
2025-08-01 02:28:37 PM,1098.6,40,43944.0,60641444.300000004
2025-08-01 02:28:46 PM,1102.5,0,0.0,60641444.300000004
2025-08-01 02:28:47 PM,1102.7,0,0.0,60641444.300000004
2025-08-01 02:28:48 PM,1102.7,964,1063002.8,61704447.1
2025-08-01 02:29:01 PM,1103.0,0,0.0,61704447.1
2025-08-01 02:29:06 PM,1103.0,30,33090.0,61737537.1
2025-08-01 02:29:29 PM,1103.0,3,3309.0,61740846.1
2025-08-01 02:30:02 PM,1103.0,1,1103.0,61741949.1
2025-08-01 02:30:33 PM,1102.9,0,0.0,61741949.1
2025-08-01 02:30:34 PM,1102.9,3,3308.7000000000003,61745257.800000004
2025-08-01 02:30:47 PM,1102.5,0,0.0,61745257.800000004
2025-08-01 02:30:50 PM,1102.5,1,1102.5,61746360.300000004
2025-08-01 02:30:56 PM,1102.0,2,2204.0,61748564.300000004
2025-08-01 02:31:06 PM,1102.0,1,1102.0,61749666.300000004
2025-08-01 02:31:12 PM,1102.0,10,11020.0,61760686.300000004
2025-08-01 02:31:15 PM,1102.5,0,0.0,61760686.300000004
2025-08-01 02:31:18 PM,1102.5,25,27562.5,61788248.800000004
2025-08-01 02:31:27 PM,1101.1,0,0.0,61788248.800000004
2025-08-01 02:31:29 PM,1101.1,150,165165.0,61953413.800000004
2025-08-01 02:31:51 PM,1102.4,1,1102.4,61954516.2
2025-08-01 02:32:00 PM,1100.1,0,0.0,61954516.2
2025-08-01 02:32:00 PM,1100.1,559,614955.8999999999,62569472.1
2025-08-01 02:32:15 PM,1100.0,0,0.0,62569472.1
2025-08-01 02:32:17 PM,1100.0,498,547800.0,63117272.1
2025-08-01 02:32:38 PM,1101.5,0,0.0,63117272.1
2025-08-01 02:32:38 PM,1101.5,401,441701.5,63558973.6
2025-08-01 02:32:51 PM,1101.5,6,6609.0,63565582.6
2025-08-01 02:32:56 PM,1100.8,0,0.0,63565582.6
2025-08-01 02:32:57 PM,1100.8,2,2201.6,63567784.2
2025-08-01 02:33:11 PM,1101.4,10,11014.0,63578798.2
2025-08-01 02:33:19 PM,1101.0,494,543894.0,64122692.2
2025-08-01 02:33:27 PM,1101.0,142,156342.0,64279034.2
2025-08-01 02:33:33 PM,1101.0,1,1101.0,64280135.2
2025-08-01 02:33:38 PM,1101.4,0,0.0,64280135.2
2025-08-01 02:33:38 PM,1101.4,321,353549.4,64633684.6
2025-08-01 02:35:03 PM,1101.4,2,2202.8,64635887.4
2025-08-01 02:35:45 PM,1101.4,10,11014.0,64646901.4
2025-08-01 02:36:51 PM,1100.9,3,3302.7000000000003,64650204.1
2025-08-01 02:37:02 PM,1100.9,39,42935.100000000006,64693139.2
2025-08-01 02:37:22 PM,1100.9,9,9908.1,64703047.300000004
2025-08-01 02:37:28 PM,1100.1,50,55004.99999999999,64758052.300000004
2025-08-01 02:37:58 PM,1100.5,0,0.0,64758052.300000004
2025-08-01 02:37:59 PM,1100.5,1,1100.5,64759152.800000004
2025-08-01 02:38:28 PM,1100.0,153,168300.0,64927452.800000004
2025-08-01 02:38:40 PM,1100.5,0,0.0,64927452.800000004
2025-08-01 02:38:40 PM,1100.5,41,45120.5,64972573.300000004
2025-08-01 02:39:25 PM,1100.9,0,0.0,64972573.300000004
2025-08-01 02:39:25 PM,1100.9,65,71558.5,65044131.800000004
2025-08-01 02:40:04 PM,1100.9,50,55045.00000000001,65099176.800000004
2025-08-01 02:40:59 PM,1100.9,1,1100.9,65100277.7
2025-08-01 02:41:04 PM,1100.5,0,0.0,65100277.7
2025-08-01 02:41:05 PM,1100.5,29,31914.5,65132192.2
2025-08-01 02:41:53 PM,1101.4,2,2202.8,65134395.0
2025-08-01 02:41:58 PM,1101.4,9,9912.6,65144307.6
2025-08-01 02:42:03 PM,1100.8,0,0.0,65144307.6
2025-08-01 02:42:04 PM,1100.8,43,47334.4,65191642.0
2025-08-01 02:42:28 PM,1100.0,0,0.0,65191642.0
2025-08-01 02:42:31 PM,1100.0,125,137500.0,65329142.0
2025-08-01 02:43:19 PM,1100.0,539,592900.0,65922042.0
2025-08-01 02:43:20 PM,1100.0,4,4400.0,65926442.0
2025-08-01 02:43:51 PM,1100.7,0,0.0,65926442.0
2025-08-01 02:43:51 PM,1100.7,150,165105.0,66091547.0
2025-08-01 02:43:56 PM,1100.0,0,0.0,66091547.0
2025-08-01 02:43:57 PM,1100.0,93,102300.0,66193847.0
2025-08-01 02:44:29 PM,1100.8,0,0.0,66193847.0
2025-08-01 02:44:30 PM,1100.8,15,16512.0,66210359.0
2025-08-01 02:44:36 PM,1100.3,19,20905.7,66231264.7
2025-08-01 02:44:38 PM,1101.0,0,0.0,66231264.7
2025-08-01 02:44:42 PM,1101.0,268,295068.0,66526332.7
2025-08-01 02:44:59 PM,1101.0,204,224604.0,66750936.7
2025-08-01 02:45:16 PM,1101.0,85,93585.0,66844521.7
2025-08-01 02:45:26 PM,1100.5,0,0.0,66844521.7
2025-08-01 02:45:27 PM,1100.5,9,9904.5,66854426.2
2025-08-01 02:45:56 PM,1100.7,0,0.0,66854426.2
2025-08-01 02:45:59 PM,1100.7,30,33021.0,66887447.2
2025-08-01 02:46:11 PM,1099.6,2,2199.2,66889646.400000006
2025-08-01 02:46:24 PM,1099.5,0,0.0,66889646.400000006
2025-08-01 02:46:24 PM,1099.5,2,2199.0,66891845.400000006
2025-08-01 02:46:34 PM,1100.6,0,0.0,66891845.400000006
2025-08-01 02:46:34 PM,1100.6,10,11006.0,66902851.400000006
2025-08-01 02:46:55 PM,1100.6,5,5503.0,66908354.400000006
2025-08-01 02:47:02 PM,1100.8,52,57241.6,66965596.00000001
2025-08-01 02:47:07 PM,1100.9,0,0.0,66965596.00000001
2025-08-01 02:47:07 PM,1100.9,33,36329.700000000004,67001925.70000001
2025-08-01 02:47:16 PM,1102.2,0,0.0,67001925.70000001
2025-08-01 02:47:18 PM,1102.2,3,3306.6000000000004,67005232.30000001
2025-08-01 02:47:30 PM,1102.1,12,13225.199999999999,67018457.500000015
2025-08-01 02:48:16 PM,1102.1,38,41879.799999999996,67060337.30000001
2025-08-01 02:48:22 PM,1102.1,57,62819.7,67123157.00000001
2025-08-01 02:48:27 PM,1102.2,0,0.0,67123157.00000001
2025-08-01 02:48:27 PM,1102.2,50,55110.0,67178267.00000001
2025-08-01 02:48:51 PM,1102.1,0,0.0,67178267.00000001
2025-08-01 02:48:54 PM,1102.2,0,0.0,67178267.00000001
2025-08-01 02:48:55 PM,1102.2,74,81562.8,67259829.80000001
2025-08-01 02:49:43 PM,1103.3,0,0.0,67259829.80000001
2025-08-01 02:49:45 PM,1103.3,6,6619.799999999999,67266449.60000001
2025-08-01 02:50:03 PM,1103.2,0,0.0,67266449.60000001
2025-08-01 02:50:07 PM,1103.2,9,9928.800000000001,67276378.4
2025-08-01 02:50:37 PM,1103.1,0,0.0,67276378.4
2025-08-01 02:50:40 PM,1104.0,158,174432.0,67450810.4
2025-08-01 02:50:50 PM,1104.0,18,19872.0,67470682.4
2025-08-01 02:51:07 PM,1104.0,24,26496.0,67497178.4
2025-08-01 02:51:08 PM,1105.0,0,0.0,67497178.4
2025-08-01 02:51:11 PM,1104.0,0,0.0,67497178.4
2025-08-01 02:51:12 PM,1104.0,17,18768.0,67515946.4
2025-08-01 02:51:20 PM,1104.9,0,0.0,67515946.4
2025-08-01 02:51:23 PM,1104.9,45,49720.50000000001,67565666.9
2025-08-01 02:51:34 PM,1104.9,29,32042.100000000002,67597709.0
2025-08-01 02:52:02 PM,1104.7,0,0.0,67597709.0
2025-08-01 02:52:06 PM,1104.7,21,23198.7,67620907.7
2025-08-01 02:52:12 PM,1104.0,0,0.0,67620907.7
2025-08-01 02:52:16 PM,1104.0,57,62928.0,67683835.7
2025-08-01 02:52:26 PM,1102.4,0,0.0,67683835.7
2025-08-01 02:52:27 PM,1102.4,105,115752.00000000001,67799587.7
2025-08-01 02:52:29 PM,1101.7,0,0.0,67799587.7
2025-08-01 02:52:33 PM,1101.7,76,83729.2,67883316.9
2025-08-01 02:52:43 PM,1101.9,1,1101.9,67884418.80000001
2025-08-01 02:52:55 PM,1100.6,0,0.0,67884418.80000001
2025-08-01 02:52:55 PM,1100.6,62,68237.2,67952656.00000001
2025-08-01 02:53:10 PM,1100.0,54,59400.0,68012056.00000001
2025-08-01 02:53:26 PM,1100.0,106,116600.0,68128656.00000001
2025-08-01 02:53:28 PM,1100.0,60,66000.0,68194656.00000001
2025-08-01 02:53:33 PM,1100.0,140,154000.0,68348656.00000001
2025-08-01 02:53:39 PM,1101.2,0,0.0,68348656.00000001
2025-08-01 02:53:40 PM,1100.6,0,0.0,68348656.00000001
2025-08-01 02:53:42 PM,1100.6,26,28615.6,68377271.60000001
2025-08-01 02:53:55 PM,1100.0,106,116600.0,68493871.60000001
2025-08-01 02:54:13 PM,1100.6,0,0.0,68493871.60000001
2025-08-01 02:54:14 PM,1100.6,5,5503.0,68499374.60000001
2025-08-01 02:54:25 PM,1099.5,0,0.0,68499374.60000001
2025-08-01 02:54:27 PM,1099.5,116,127542.0,68626916.60000001
2025-08-01 02:54:30 PM,1098.6,75,82395.0,68709311.60000001
2025-08-01 02:54:35 PM,1098.6,2,2197.2,68711508.80000001
2025-08-01 02:54:43 PM,1099.0,0,0.0,68711508.80000001
2025-08-01 02:54:43 PM,1099.0,32,35168.0,68746676.80000001
2025-08-01 02:54:55 PM,1098.4,0,0.0,68746676.80000001
2025-08-01 02:54:57 PM,1098.4,107,117528.8,68864205.60000001
2025-08-01 02:55:25 PM,1098.4,106,116430.40000000001,68980636.00000001
2025-08-01 02:55:36 PM,1099.4,1,1099.4,68981735.40000002
2025-08-01 02:55:55 PM,1098.4,0,0.0,68981735.40000002
2025-08-01 02:55:58 PM,1098.4,106,116430.40000000001,69098165.80000003
2025-08-01 02:56:03 PM,1098.4,195,214188.00000000003,69312353.80000003
2025-08-01 02:56:04 PM,1098.4,12,13180.800000000001,69325534.60000002
2025-08-01 02:56:15 PM,1099.2,0,0.0,69325534.60000002
2025-08-01 02:56:15 PM,1099.2,3,3297.6000000000004,69328832.20000002
2025-08-01 02:56:26 PM,1098.0,0,0.0,69328832.20000002
2025-08-01 02:56:27 PM,1098.0,156,171288.0,69500120.20000002
2025-08-01 02:56:31 PM,1097.9,0,0.0,69500120.20000002
2025-08-01 02:56:32 PM,1098.0,433,475434.0,69975554.20000002
2025-08-01 02:56:55 PM,1096.8,0,0.0,69975554.20000002
2025-08-01 02:56:59 PM,1096.8,107,117357.59999999999,70092911.80000001
2025-08-01 02:57:03 PM,1097.5,0,0.0,70092911.80000001
2025-08-01 02:57:05 PM,1097.5,4,4390.0,70097301.80000001
2025-08-01 02:57:11 PM,1097.6,20,21952.0,70119253.80000001
2025-08-01 02:57:21 PM,1096.6,23,25221.8,70144475.60000001
2025-08-01 02:57:27 PM,1096.0,0,0.0,70144475.60000001
2025-08-01 02:57:27 PM,1096.0,42,46032.0,70190507.60000001
2025-08-01 02:57:32 PM,1096.0,1,1096.0,70191603.60000001
2025-08-01 02:57:42 PM,1095.1,0,0.0,70191603.60000001
2025-08-01 02:57:43 PM,1095.1,64,70086.4,70261690.00000001
2025-08-01 02:57:53 PM,1096.5,0,0.0,70261690.00000001
2025-08-01 02:57:54 PM,1096.5,217,237940.5,70499630.50000001
2025-08-01 02:57:55 PM,1095.6,107,117229.2,70616859.70000002
2025-08-01 02:58:00 PM,1097.0,100,109700.0,70726559.70000002
2025-08-01 02:58:03 PM,1095.3,0,0.0,70726559.70000002
2025-08-01 02:58:05 PM,1095.3,31,33954.299999999996,70760514.00000001
2025-08-01 02:58:27 PM,1095.7,0,0.0,70760514.00000001
2025-08-01 02:58:29 PM,1095.7,105,115048.5,70875562.50000001
2025-08-01 02:58:47 PM,1095.5,0,0.0,70875562.50000001
2025-08-01 02:58:51 PM,1095.5,2,2191.0,70877753.50000001
2025-08-01 02:58:56 PM,1095.5,107,117218.5,70994972.00000001
2025-08-01 02:59:04 PM,1095.8,7,7670.599999999999,71002642.60000001
2025-08-01 02:59:25 PM,1095.3,106,116101.79999999999,71118744.4
2025-08-01 02:59:53 PM,1096.7,7,7676.900000000001,71126421.30000001
2025-08-01 02:59:55 PM,1095.7,106,116144.20000000001,71242565.50000001
2025-08-01 02:59:58 PM,1096.8,1,1096.8,71243662.30000001
2025-08-01 03:00:00 PM,1095.7,1,1095.7,71244758.00000001
2025-08-01 03:00:28 PM,1095.7,105,115048.5,71359806.50000001
2025-08-01 03:00:42 PM,1095.7,21,23009.7,71382816.20000002
2025-08-01 03:00:56 PM,1095.0,0,0.0,71382816.20000002
2025-08-01 03:00:58 PM,1095.0,107,117165.0,71499981.20000002
2025-08-01 03:01:25 PM,1095.0,105,114975.0,71614956.20000002
2025-08-01 03:01:31 PM,1095.0,30,32850.0,71647806.20000002
2025-08-01 03:01:46 PM,1095.1,7,7665.699999999999,71655471.90000002
2025-08-01 03:02:02 PM,1095.1,168,183976.8,71839448.70000002
2025-08-01 03:02:04 PM,1096.0,21,23016.0,71862464.70000002
2025-08-01 03:02:20 PM,1097.5,37,40607.5,71903072.20000002
2025-08-01 03:02:26 PM,1098.0,271,297558.0,72200630.20000002
2025-08-01 03:02:35 PM,1098.3,8,8786.4,72209416.60000002
2025-08-01 03:03:16 PM,1098.3,50,54915.0,72264331.60000002
2025-08-01 03:03:34 PM,1098.4,72,79084.8,72343416.40000002
2025-08-01 03:03:40 PM,1097.3,13,14264.9,72357681.30000003
2025-08-01 03:03:42 PM,1098.2,0,0.0,72357681.30000003
2025-08-01 03:03:42 PM,1098.2,100,109820.0,72467501.30000003
2025-08-01 03:03:57 PM,1098.0,1,1098.0,72468599.30000003
2025-08-01 03:04:19 PM,1098.1,50,54904.99999999999,72523504.30000003
2025-08-01 03:04:26 PM,1097.0,44,48268.0,72571772.30000003
2025-08-01 03:04:28 PM,1098.1,1,1098.1,72572870.40000002
2025-08-01 03:04:33 PM,1096.2,0,0.0,72572870.40000002
2025-08-01 03:04:34 PM,1095.2,0,0.0,72572870.40000002
2025-08-01 03:04:35 PM,1095.2,1016,1112723.2,73685593.60000002
2025-08-01 03:04:38 PM,1095.0,161,176295.0,73861888.60000002
2025-08-01 03:04:44 PM,1095.9,41,44931.9,73906820.50000003
2025-08-01 03:04:46 PM,1095.8,0,0.0,73906820.50000003
2025-08-01 03:04:47 PM,1095.8,3,3287.3999999999996,73910107.90000004
2025-08-01 03:05:12 PM,1096.5,21,23026.5,73933134.40000004
2025-08-01 03:05:18 PM,1097.6,143,156956.8,74090091.20000003
2025-08-01 03:05:34 PM,1095.5,33,36151.5,74126242.70000003
2025-08-01 03:05:40 PM,1095.0,0,0.0,74126242.70000003
2025-08-01 03:05:40 PM,1095.0,200,219000.0,74345242.70000003
2025-08-01 03:06:05 PM,1095.2,10,10952.0,74356194.70000003
2025-08-01 03:06:22 PM,1095.0,0,0.0,74356194.70000003
2025-08-01 03:06:23 PM,1095.0,50,54750.0,74410944.70000003
2025-08-01 03:06:48 PM,1095.2,73,79949.6,74490894.30000003
2025-08-01 03:07:38 PM,1095.2,1,1095.2,74491989.50000003
2025-08-01 03:08:02 PM,1095.2,3,3285.6000000000004,74495275.10000002
2025-08-01 03:08:19 PM,1095.9,1,1095.9,74496371.00000003
2025-08-01 03:08:25 PM,1095.2,2,2190.4,74498561.40000004
2025-08-01 03:08:29 PM,1096.0,0,0.0,74498561.40000004
2025-08-01 03:08:31 PM,1096.0,10,10960.0,74509521.40000004
2025-08-01 03:08:33 PM,1095.0,215,235425.0,74744946.40000004
2025-08-01 03:08:50 PM,1095.1,2,2190.2,74747136.60000004
2025-08-01 03:08:58 PM,1095.9,0,0.0,74747136.60000004
2025-08-01 03:08:58 PM,1095.9,5,5479.5,74752616.10000004
2025-08-01 03:09:05 PM,1094.9,490,536501.0,75289117.10000004
2025-08-01 03:09:09 PM,1094.9,1,1094.9,75290212.00000004
2025-08-01 03:09:15 PM,1094.9,89,97446.1,75387658.10000004
2025-08-01 03:09:17 PM,1094.6,18,19702.8,75407360.90000004
2025-08-01 03:09:28 PM,1094.0,35,38290.0,75445650.90000004
2025-08-01 03:09:30 PM,1093.0,62,67766.0,75513416.90000004
2025-08-01 03:09:41 PM,1093.5,149,162931.5,75676348.40000004
2025-08-01 03:09:43 PM,1093.1,36,39351.6,75715700.00000003
2025-08-01 03:09:48 PM,1094.3,5,5471.5,75721171.50000003
2025-08-01 03:10:01 PM,1093.6,0,0.0,75721171.50000003
2025-08-01 03:10:02 PM,1093.6,665,727243.9999999999,76448415.50000003
2025-08-01 03:10:16 PM,1095.0,5,5475.0,76453890.50000003
2025-08-01 03:10:23 PM,1094.9,5,5474.5,76459365.00000003
2025-08-01 03:10:39 PM,1094.0,10,10940.0,76470305.00000003
2025-08-01 03:10:49 PM,1094.0,10,10940.0,76481245.00000003
2025-08-01 03:11:01 PM,1092.1,0,0.0,76481245.00000003
2025-08-01 03:11:02 PM,1092.1,159,173643.9,76654888.90000004
2025-08-01 03:11:04 PM,1092.1,43,46960.299999999996,76701849.20000003
2025-08-01 03:11:07 PM,1093.6,0,0.0,76701849.20000003
2025-08-01 03:11:09 PM,1093.6,17,18591.199999999997,76720440.40000004
2025-08-01 03:11:15 PM,1091.0,500,545500.0,77265940.40000004
2025-08-01 03:11:16 PM,1092.0,0,0.0,77265940.40000004
2025-08-01 03:11:17 PM,1092.0,4,4368.0,77270308.40000004
2025-08-01 03:11:19 PM,1091.2,0,0.0,77270308.40000004
2025-08-01 03:11:21 PM,1091.2,41,44739.200000000004,77315047.60000004
2025-08-01 03:11:28 PM,1091.0,15,16365.0,77331412.60000004
2025-08-01 03:11:41 PM,1091.0,60,65460.0,77396872.60000004
2025-08-01 03:11:47 PM,1091.0,30,32730.0,77429602.60000004
2025-08-01 03:11:49 PM,1091.0,5,5455.0,77435057.60000004
2025-08-01 03:11:53 PM,1091.0,160,174560.0,77609617.60000004
2025-08-01 03:12:20 PM,1091.0,35,38185.0,77647802.60000004
2025-08-01 03:12:26 PM,1091.0,262,285842.0,77933644.60000004
2025-08-01 03:12:28 PM,1090.3,135,147190.5,78080835.10000004
2025-08-01 03:12:32 PM,1090.0,18,19620.0,78100455.10000004
2025-08-01 03:12:45 PM,1089.8,1381,1505013.8,79605468.90000004
2025-08-01 03:12:52 PM,1089.5,1,1089.5,79606558.40000004
2025-08-01 03:12:55 PM,1089.3,27,29411.1,79635969.50000003
2025-08-01 03:13:01 PM,1089.2,50,54460.0,79690429.50000003
2025-08-01 03:13:08 PM,1089.0,108,117612.0,79808041.50000003
2025-08-01 03:13:12 PM,1088.0,2,2176.0,79810217.50000003
2025-08-01 03:13:15 PM,1088.0,2,2176.0,79812393.50000003
2025-08-01 03:13:21 PM,1089.2,1,1089.2,79813482.70000003
2025-08-01 03:13:33 PM,1088.9,2,2177.8,79815660.50000003
2025-08-01 03:13:36 PM,1088.9,9,9800.1,79825460.60000002
2025-08-01 03:14:05 PM,1088.6,0,0.0,79825460.60000002
2025-08-01 03:14:06 PM,1088.6,20,21772.0,79847232.60000002
2025-08-01 03:14:10 PM,1088.6,46,50075.6,79897308.20000002
2025-08-01 03:14:13 PM,1088.6,35,38101.0,79935409.20000002
2025-08-01 03:14:16 PM,1088.6,61,66404.59999999999,80001813.80000001
2025-08-01 03:14:19 PM,1088.6,10,10886.0,80012699.80000001
2025-08-01 03:14:22 PM,1088.7,10,10887.0,80023586.80000001
2025-08-01 03:14:37 PM,1088.7,5,5443.5,80029030.30000001
2025-08-01 03:14:55 PM,1088.7,290,315723.0,80344753.30000001
2025-08-01 03:15:01 PM,1088.9,25,27222.500000000004,80371975.80000001
2025-08-01 03:15:09 PM,1088.7,0,0.0,80371975.80000001
2025-08-01 03:15:13 PM,1088.7,50,54435.0,80426410.80000001
2025-08-01 03:15:15 PM,1089.1,0,0.0,80426410.80000001
2025-08-01 03:15:15 PM,1089.1,1,1089.1,80427499.9
2025-08-01 03:15:20 PM,1089.1,10,10891.0,80438390.9
2025-08-01 03:15:26 PM,1089.3,0,0.0,80438390.9
2025-08-01 03:15:27 PM,1090.9,127,138544.30000000002,80576935.2
2025-08-01 03:15:46 PM,1089.9,0,0.0,80576935.2
2025-08-01 03:15:50 PM,1089.7,45,49036.5,80625971.7
2025-08-01 03:16:01 PM,1089.2,0,0.0,80625971.7
2025-08-01 03:16:04 PM,1089.2,48,52281.600000000006,80678253.3
2025-08-01 03:16:06 PM,1090.6,29,31627.399999999998,80709880.7
2025-08-01 03:16:11 PM,1088.9,76,82756.40000000001,80792637.10000001
2025-08-01 03:16:25 PM,1090.3,4,4361.2,80796998.30000001
2025-08-01 03:16:42 PM,1088.9,0,0.0,80796998.30000001
2025-08-01 03:16:45 PM,1088.9,2,2177.8,80799176.10000001
2025-08-01 03:16:52 PM,1089.6,15,16343.999999999998,80815520.10000001
2025-08-01 03:17:05 PM,1089.6,1,1089.6,80816609.7
2025-08-01 03:17:32 PM,1088.8,238,259134.4,81075744.10000001
2025-08-01 03:17:38 PM,1088.7,2,2177.4,81077921.50000001
2025-08-01 03:17:44 PM,1088.0,0,0.0,81077921.50000001
2025-08-01 03:17:45 PM,1086.9,135,146731.5,81224653.00000001
2025-08-01 03:17:49 PM,1087.0,0,0.0,81224653.00000001
2025-08-01 03:17:51 PM,1086.7,424,460760.80000000005,81685413.80000001
2025-08-01 03:18:03 PM,1087.4,0,0.0,81685413.80000001
2025-08-01 03:18:04 PM,1086.6,450,488969.99999999994,82174383.80000001
2025-08-01 03:18:06 PM,1086.8,19,20649.2,82195033.00000001
2025-08-01 03:18:09 PM,1086.1,0,0.0,82195033.00000001
2025-08-01 03:18:11 PM,1086.1,188,204186.8,82399219.80000001
2025-08-01 03:18:12 PM,1085.1,0,0.0,82399219.80000001
2025-08-01 03:18:13 PM,1085.0,46,49910.0,82449129.80000001
2025-08-01 03:18:18 PM,1084.0,55,59620.0,82508749.80000001
2025-08-01 03:18:22 PM,1083.9,0,0.0,82508749.80000001
2025-08-01 03:18:24 PM,1084.0,179,194036.0,82702785.80000001
2025-08-01 03:18:26 PM,1084.0,10,10840.0,82713625.80000001
2025-08-01 03:18:28 PM,1083.8,0,0.0,82713625.80000001
2025-08-01 03:18:31 PM,1083.8,47,50938.6,82764564.4
2025-08-01 03:18:37 PM,1083.7,0,0.0,82764564.4
2025-08-01 03:18:37 PM,1082.5,112,121240.0,82885804.4
2025-08-01 03:18:40 PM,1083.4,0,0.0,82885804.4
2025-08-01 03:18:44 PM,1082.5,363,392947.5,83278751.9
2025-08-01 03:18:46 PM,1081.4,0,0.0,83278751.9
2025-08-01 03:18:50 PM,1081.4,321,347129.4,83625881.30000001
2025-08-01 03:18:52 PM,1082.4,42,45460.8,83671342.10000001
2025-08-01 03:18:57 PM,1082.5,50,54125.0,83725467.10000001
2025-08-01 03:19:01 PM,1081.9,0,0.0,83725467.10000001
2025-08-01 03:19:03 PM,1081.9,146,157957.40000000002,83883424.50000001
2025-08-01 03:19:09 PM,1082.0,0,0.0,83883424.50000001
2025-08-01 03:19:10 PM,1083.7,146,158220.2,84041644.70000002
2025-08-01 03:19:17 PM,1083.7,327,354369.9,84396014.60000002
2025-08-01 03:19:24 PM,1083.1,1,1083.1,84397097.70000002
2025-08-01 03:19:30 PM,1083.2,0,0.0,84397097.70000002
2025-08-01 03:19:30 PM,1083.0,64,69312.0,84466409.70000002
2025-08-01 03:19:36 PM,1082.1,166,179628.59999999998,84646038.30000001
2025-08-01 03:19:38 PM,1082.1,1,1082.1,84647120.4
2025-08-01 03:19:43 PM,1082.9,37,40067.3,84687187.7
2025-08-01 03:19:49 PM,1082.2,194,209946.80000000002,84897134.5
2025-08-01 03:20:02 PM,1082.5,25,27062.5,84924197.0
2025-08-01 03:20:10 PM,1082.2,0,0.0,84924197.0
2025-08-01 03:20:10 PM,1082.2,22,23808.4,84948005.4
2025-08-01 03:20:15 PM,1082.1,0,0.0,84948005.4
2025-08-01 03:20:18 PM,1082.5,426,461145.0,85409150.4
2025-08-01 03:20:22 PM,1081.0,0,0.0,85409150.4
2025-08-01 03:20:25 PM,1081.0,609,658329.0,86067479.4
2025-08-01 03:20:25 PM,1082.5,0,0.0,86067479.4
2025-08-01 03:20:27 PM,1084.4,509,551959.6000000001,86619439.0
2025-08-01 03:20:31 PM,1082.9,0,0.0,86619439.0
2025-08-01 03:20:32 PM,1082.9,272,294548.80000000005,86913987.8
2025-08-01 03:20:39 PM,1082.4,53,57367.200000000004,86971355.0
2025-08-01 03:20:40 PM,1084.3,0,0.0,86971355.0
2025-08-01 03:20:41 PM,1084.3,85,92165.5,87063520.5
2025-08-01 03:20:43 PM,1084.2,0,0.0,87063520.5
2025-08-01 03:20:46 PM,1082.6,219,237089.4,87300609.9
2025-08-01 03:21:01 PM,1083.2,81,87739.2,87388349.10000001
2025-08-01 03:21:03 PM,1082.6,0,0.0,87388349.10000001
2025-08-01 03:21:06 PM,1082.6,95,102846.99999999999,87491196.10000001
2025-08-01 03:21:13 PM,1082.5,0,0.0,87491196.10000001
2025-08-01 03:21:13 PM,1082.5,19,20567.5,87511763.60000001
2025-08-01 03:21:16 PM,1082.5,595,644087.5,88155851.10000001
2025-08-01 03:21:20 PM,1083.0,66,71478.0,88227329.10000001
2025-08-01 03:21:25 PM,1083.3,0,0.0,88227329.10000001
2025-08-01 03:21:27 PM,1083.3,40,43332.0,88270661.10000001
2025-08-01 03:21:29 PM,1083.2,10,10832.0,88281493.10000001
2025-08-01 03:21:31 PM,1082.6,0,0.0,88281493.10000001
2025-08-01 03:21:34 PM,1082.6,130,140738.0,88422231.10000001
2025-08-01 03:21:41 PM,1082.5,63,68197.5,88490428.60000001
2025-08-01 03:21:44 PM,1082.2,0,0.0,88490428.60000001
2025-08-01 03:21:47 PM,1082.2,36,38959.200000000004,88529387.80000001
2025-08-01 03:21:53 PM,1082.1,0,0.0,88529387.80000001
2025-08-01 03:21:54 PM,1082.1,38,41119.799999999996,88570507.60000001
2025-08-01 03:21:56 PM,1082.1,40,43284.0,88613791.60000001
2025-08-01 03:21:59 PM,1082.0,0,0.0,88613791.60000001
2025-08-01 03:22:01 PM,1082.0,102,110364.0,88724155.60000001
2025-08-01 03:22:02 PM,1082.0,207,223974.0,88948129.60000001
2025-08-01 03:22:07 PM,1083.3,116,125662.79999999999,89073792.4
2025-08-01 03:22:14 PM,1083.7,1,1083.7,89074876.10000001
2025-08-01 03:22:16 PM,1081.9,194,209888.6,89284764.7
2025-08-01 03:22:18 PM,1083.5,0,0.0,89284764.7
2025-08-01 03:22:21 PM,1083.5,117,126769.5,89411534.2
2025-08-01 03:22:28 PM,1084.8,0,0.0,89411534.2
2025-08-01 03:22:28 PM,1084.8,7,7593.599999999999,89419127.8
2025-08-01 03:22:29 PM,1084.9,0,0.0,89419127.8
2025-08-01 03:22:29 PM,1083.8,30,32514.0,89451641.8
2025-08-01 03:22:35 PM,1083.9,62,67201.8,89518843.6
2025-08-01 03:22:39 PM,1083.8,0,0.0,89518843.6
2025-08-01 03:22:41 PM,1083.8,132,143061.6,89661905.19999999
2025-08-01 03:22:54 PM,1083.5,20,21670.0,89683575.19999999
2025-08-01 03:22:56 PM,1083.5,174,188529.0,89872104.19999999
2025-08-01 03:23:01 PM,1083.3,198,214493.4,90086597.6
2025-08-01 03:23:06 PM,1083.7,0,0.0,90086597.6
2025-08-01 03:23:07 PM,1084.5,0,0.0,90086597.6
2025-08-01 03:23:07 PM,1084.5,82,88929.0,90175526.6
2025-08-01 03:23:10 PM,1082.2,198,214275.6,90389802.19999999
2025-08-01 03:23:16 PM,1082.0,0,0.0,90389802.19999999
2025-08-01 03:23:16 PM,1082.0,193,208826.0,90598628.19999999
2025-08-01 03:23:21 PM,1083.0,11,11913.0,90610541.19999999
2025-08-01 03:23:23 PM,1083.2,10,10832.0,90621373.19999999
2025-08-01 03:23:34 PM,1082.9,196,212248.40000000002,90833621.6
2025-08-01 03:23:41 PM,1082.9,43,46564.700000000004,90880186.3
2025-08-01 03:23:43 PM,1082.9,1,1082.9,90881269.2
2025-08-01 03:23:46 PM,1081.6,0,0.0,90881269.2
2025-08-01 03:23:47 PM,1083.8,0,0.0,90881269.2
2025-08-01 03:23:47 PM,1083.8,550,596090.0,91477359.2
2025-08-01 03:23:49 PM,1082.8,350,378980.0,91856339.2
2025-08-01 03:23:54 PM,1084.9,77,83537.3,91939876.5
2025-08-01 03:24:00 PM,1083.9,231,250380.90000000002,92190257.4
2025-08-01 03:24:05 PM,1084.6,0,0.0,92190257.4
2025-08-01 03:24:07 PM,1084.6,1,1084.6,92191342.0
2025-08-01 03:24:09 PM,1081.6,230,248767.99999999997,92440110.0
2025-08-01 03:24:16 PM,1083.1,202,218786.19999999998,92658896.2
2025-08-01 03:24:21 PM,1083.5,148,160358.0,92819254.2
2025-08-01 03:24:34 PM,1081.7,194,209849.80000000002,93029104.0
2025-08-01 03:24:48 PM,1083.5,197,213449.5,93242553.5
2025-08-01 03:24:54 PM,1083.5,2,2167.0,93244720.5
2025-08-01 03:25:01 PM,1081.6,194,209830.4,93454550.9
2025-08-01 03:25:04 PM,1083.5,0,0.0,93454550.9
2025-08-01 03:25:07 PM,1083.5,10,10835.0,93465385.9
2025-08-01 03:25:14 PM,1084.0,115,124660.0,93590045.9
2025-08-01 03:25:15 PM,1082.5,0,0.0,93590045.9
2025-08-01 03:25:15 PM,1082.5,450,487125.0,94077170.9
2025-08-01 03:25:18 PM,1083.1,0,0.0,94077170.9
2025-08-01 03:25:21 PM,1083.1,149,161381.9,94238552.80000001
2025-08-01 03:25:25 PM,1083.8,0,0.0,94238552.80000001
2025-08-01 03:25:27 PM,1083.8,1,1083.8,94239636.60000001
2025-08-01 03:25:28 PM,1082.1,0,0.0,94239636.60000001
2025-08-01 03:25:28 PM,1082.1,9,9738.9,94249375.50000001
2025-08-01 03:25:34 PM,1082.1,195,211009.49999999997,94460385.00000001
2025-08-01 03:25:40 PM,1082.8,2,2165.6,94462550.60000001
2025-08-01 03:25:46 PM,1082.8,178,192738.4,94655289.00000001
2025-08-01 03:25:53 PM,1082.0,16,17312.0,94672601.00000001
2025-08-01 03:26:01 PM,1082.1,210,227240.99999999997,94899842.00000001
2025-08-01 03:26:18 PM,1083.2,0,0.0,94899842.00000001
2025-08-01 03:26:20 PM,1083.2,259,280548.8,95180390.80000001
2025-08-01 03:26:33 PM,1081.5,195,210892.5,95391283.30000001
2025-08-01 03:26:35 PM,1083.2,0,0.0,95391283.30000001
2025-08-01 03:26:35 PM,1083.2,1,1083.2,95392366.50000001
2025-08-01 03:26:46 PM,1082.0,118,127676.0,95520042.50000001
2025-08-01 03:26:53 PM,1082.0,130,140660.0,95660702.50000001
2025-08-01 03:26:59 PM,1084.4,22,23856.800000000003,95684559.30000001
2025-08-01 03:27:01 PM,1082.5,244,264130.0,95948689.30000001
2025-08-01 03:27:09 PM,1084.9,0,0.0,95948689.30000001
2025-08-01 03:27:13 PM,1082.1,266,287838.6,96236527.9
2025-08-01 03:27:20 PM,1084.9,0,0.0,96236527.9
2025-08-01 03:27:20 PM,1084.9,294,318960.60000000003,96555488.5
2025-08-01 03:27:27 PM,1084.9,50,54245.00000000001,96609733.5
2025-08-01 03:27:35 PM,1084.9,1,1084.9,96610818.4
2025-08-01 03:27:40 PM,1084.0,0,0.0,96610818.4
2025-08-01 03:27:42 PM,1084.0,194,210296.0,96821114.4
2025-08-01 03:27:56 PM,1084.9,3,3254.7000000000003,96824369.10000001
2025-08-01 03:28:02 PM,1084.9,59,64009.100000000006,96888378.2
2025-08-01 03:28:09 PM,1084.4,50,54220.00000000001,96942598.2
2025-08-01 03:28:23 PM,1086.2,10,10862.0,96953460.2
2025-08-01 03:28:25 PM,1082.2,179,193713.80000000002,97147174.0
2025-08-01 03:28:32 PM,1074.0,2897,3111378.0,100258552.0
2025-08-01 03:28:37 PM,1072.5,1455,1560487.5,101819039.5
2025-08-01 03:28:39 PM,1072.5,1,1072.5,101820112.0
2025-08-01 03:28:44 PM,1074.0,799,858126.0,102678238.0
2025-08-01 03:28:46 PM,1074.0,355,381270.0,103059508.0
2025-08-01 03:28:51 PM,1073.3,415,445419.5,103504927.5
2025-08-01 03:28:53 PM,1074.0,6,6444.0,103511371.5
2025-08-01 03:28:57 PM,1073.9,584,627157.6000000001,104138529.1
2025-08-01 03:28:59 PM,1073.9,1,1073.9,104139603.0
2025-08-01 03:29:04 PM,1071.0,0,0.0,104139603.0
2025-08-01 03:29:04 PM,1071.0,78,83538.0,104223141.0
2025-08-01 03:29:07 PM,1074.0,209,224466.0,104447607.0
2025-08-01 03:29:13 PM,1071.0,257,275247.0,104722854.0
2025-08-01 03:29:15 PM,1074.0,2,2148.0,104725002.0
2025-08-01 03:29:23 PM,1074.0,753,808722.0,105533724.0
2025-08-01 03:29:30 PM,1077.0,153,164781.0,105698505.0
2025-08-01 03:29:36 PM,1077.0,5,5385.0,105703890.0
2025-08-01 03:29:40 PM,1072.0,0,0.0,105703890.0
2025-08-01 03:29:43 PM,1076.9,58,62460.200000000004,105766350.2
2025-08-01 03:29:50 PM,1077.0,50,53850.0,105820200.2
2025-08-01 03:29:53 PM,1077.0,50,53850.0,105874050.2
2025-08-01 03:29:58 PM,1077.0,260,280020.0,106154070.2
