date,price,qty,trnvr,cum_trnvr
2025-08-01 09:15:05 AM,3188.7,3938,12557100.6,12557100.6
2025-08-01 09:15:05 AM,3190.2,0,0.0,12557100.6
2025-08-01 09:15:05 AM,3188.6,0,0.0,12557100.6
2025-08-01 09:15:07 AM,3190.1,263,838996.2999999999,13396096.9
2025-08-01 09:15:14 AM,3190.3,0,0.0,13396096.9
2025-08-01 09:15:14 AM,3187.1,0,0.0,13396096.9
2025-08-01 09:15:17 AM,3208.7,4864,15607116.799999999,29003213.7
2025-08-01 09:15:19 AM,3200.7,318,1017822.6,30021036.3
2025-08-01 09:15:22 AM,3192.4,0,0.0,30021036.3
2025-08-01 09:15:24 AM,3184.1,0,0.0,30021036.3
2025-08-01 09:15:26 AM,3185.7,550,1752135.0,31773171.3
2025-08-01 09:15:28 AM,3181.1,112,356283.2,32129454.5
2025-08-01 09:15:30 AM,3172.2,0,0.0,32129454.5
2025-08-01 09:15:34 AM,3167.5,0,0.0,32129454.5
2025-08-01 09:15:35 AM,3167.5,3142,9952285.0,42081739.5
2025-08-01 09:15:36 AM,3165.0,21,66465.0,42148204.5
2025-08-01 09:15:38 AM,3163.5,0,0.0,42148204.5
2025-08-01 09:15:42 AM,3161.8,0,0.0,42148204.5
2025-08-01 09:15:43 AM,3161.8,888,2807678.4000000004,44955882.9
2025-08-01 09:15:45 AM,3154.4,140,441616.0,45397498.9
2025-08-01 09:15:47 AM,3155.0,0,0.0,45397498.9
2025-08-01 09:15:50 AM,3157.2,0,0.0,45397498.9
2025-08-01 09:15:51 AM,3155.0,312,984360.0,46381858.9
2025-08-01 09:15:53 AM,3156.1,77,243019.69999999998,46624878.6
2025-08-01 09:15:56 AM,3155.2,0,0.0,46624878.6
2025-08-01 09:15:58 AM,3142.9,0,0.0,46624878.6
2025-08-01 09:16:00 AM,3143.7,1020,3206574.0,49831452.6
2025-08-01 09:16:01 AM,3134.8,237,742947.6000000001,50574400.2
2025-08-01 09:16:04 AM,3137.4,0,0.0,50574400.2
2025-08-01 09:16:08 AM,3138.6,449,1409231.4,51983631.6
2025-08-01 09:16:09 AM,3132.5,8,25060.0,52008691.6
2025-08-01 09:16:12 AM,3133.7,0,0.0,52008691.6
2025-08-01 09:16:16 AM,3135.9,249,780839.1,52789530.7
2025-08-01 09:16:17 AM,3136.0,252,790272.0,53579802.7
2025-08-01 09:16:19 AM,3133.6,0,0.0,53579802.7
2025-08-01 09:16:21 AM,3137.3,0,0.0,53579802.7
2025-08-01 09:16:24 AM,3140.4,140,439656.0,54019458.7
2025-08-01 09:16:26 AM,3146.1,100,314610.0,54334068.7
2025-08-01 09:16:29 AM,3146.0,0,0.0,54334068.7
2025-08-01 09:16:32 AM,3146.2,392,1233310.4,55567379.1
2025-08-01 09:16:34 AM,3148.6,92,289671.2,55857050.300000004
2025-08-01 09:16:39 AM,3150.9,0,0.0,55857050.300000004
2025-08-01 09:16:41 AM,3150.9,63,198506.7,56055557.00000001
2025-08-01 09:16:41 AM,3153.0,0,0.0,56055557.00000001
2025-08-01 09:16:42 AM,3150.5,137,431618.5,56487175.50000001
2025-08-01 09:16:49 AM,3156.9,12,37882.8,56525058.300000004
2025-08-01 09:16:49 AM,3159.0,0,0.0,56525058.300000004
2025-08-01 09:16:50 AM,3161.6,208,657612.7999999999,57182671.1
2025-08-01 09:16:51 AM,3169.1,0,0.0,57182671.1
2025-08-01 09:16:57 AM,3177.0,1059,3364443.0,60547114.1
2025-08-01 09:16:59 AM,3178.7,705,2240983.5,62788097.6
2025-08-01 09:16:59 AM,3182.3,0,0.0,62788097.6
2025-08-01 09:17:01 AM,3182.7,0,0.0,62788097.6
2025-08-01 09:17:05 AM,3183.6,427,1359397.2,64147494.800000004
2025-08-01 09:17:07 AM,3186.6,85,270861.0,64418355.800000004
2025-08-01 09:17:08 AM,3185.6,0,0.0,64418355.800000004
2025-08-01 09:17:09 AM,3186.1,0,0.0,64418355.800000004
2025-08-01 09:17:14 AM,3175.0,3536,11226800.0,75645155.80000001
2025-08-01 09:17:17 AM,3166.9,0,0.0,75645155.80000001
2025-08-01 09:17:19 AM,3166.5,0,0.0,75645155.80000001
2025-08-01 09:17:22 AM,3169.8,311,985807.8,76630963.60000001
2025-08-01 09:17:23 AM,3165.9,113,357746.7,76988710.30000001
2025-08-01 09:17:25 AM,3160.8,0,0.0,76988710.30000001
2025-08-01 09:17:27 AM,3160.5,0,0.0,76988710.30000001
2025-08-01 09:17:30 AM,3159.5,54,170613.0,77159323.30000001
2025-08-01 09:17:31 AM,3159.3,1,3159.3,77162482.60000001
2025-08-01 09:17:33 AM,3160.6,0,0.0,77162482.60000001
2025-08-01 09:17:35 AM,3163.5,0,0.0,77162482.60000001
2025-08-01 09:17:38 AM,3163.5,236,746586.0,77909068.60000001
2025-08-01 09:17:39 AM,3165.8,18,56984.4,77966053.00000001
2025-08-01 09:17:41 AM,3168.4,0,0.0,77966053.00000001
2025-08-01 09:17:43 AM,3167.7,0,0.0,77966053.00000001
2025-08-01 09:17:47 AM,3165.8,489,1548076.2000000002,79514129.20000002
2025-08-01 09:17:48 AM,3169.5,35,110932.5,79625061.70000002
2025-08-01 09:17:51 AM,3166.9,0,0.0,79625061.70000002
2025-08-01 09:17:53 AM,3161.5,0,0.0,79625061.70000002
2025-08-01 09:17:55 AM,3161.5,543,1716694.5,81341756.20000002
2025-08-01 09:17:56 AM,3164.6,45,142407.0,81484163.20000002
2025-08-01 09:17:59 AM,3159.2,0,0.0,81484163.20000002
2025-08-01 09:18:03 AM,3159.2,87,274850.39999999997,81759013.60000002
2025-08-01 09:18:07 AM,3162.8,0,0.0,81759013.60000002
2025-08-01 09:18:12 AM,3162.8,141,445954.80000000005,82204968.40000002
2025-08-01 09:18:13 AM,3164.6,348,1101280.8,83306249.20000002
2025-08-01 09:18:15 AM,3165.3,0,0.0,83306249.20000002
2025-08-01 09:18:20 AM,3165.1,28,88622.8,83394872.00000001
2025-08-01 09:18:21 AM,3172.7,103,326788.1,83721660.10000001
2025-08-01 09:18:23 AM,3174.8,0,0.0,83721660.10000001
2025-08-01 09:18:25 AM,3175.4,0,0.0,83721660.10000001
2025-08-01 09:18:28 AM,3175.0,224,711200.0,84432860.10000001
2025-08-01 09:18:30 AM,3170.9,425,1347632.5,85780492.60000001
2025-08-01 09:18:31 AM,3175.6,0,0.0,85780492.60000001
2025-08-01 09:18:33 AM,3168.9,0,0.0,85780492.60000001
2025-08-01 09:18:36 AM,3172.8,275,872520.0,86653012.60000001
2025-08-01 09:18:38 AM,3168.2,15,47523.0,86700535.60000001
2025-08-01 09:18:39 AM,3172.8,0,0.0,86700535.60000001
2025-08-01 09:18:41 AM,3176.7,0,0.0,86700535.60000001
2025-08-01 09:18:45 AM,3176.7,499,1585173.2999999998,88285708.9
2025-08-01 09:18:46 AM,3176.9,67,212852.30000000002,88498561.2
2025-08-01 09:18:47 AM,3171.3,0,0.0,88498561.2
2025-08-01 09:18:53 AM,3171.3,1,3171.3,88501732.5
2025-08-01 09:18:55 AM,3180.4,0,0.0,88501732.5
2025-08-01 09:18:57 AM,3182.8,0,0.0,88501732.5
2025-08-01 09:19:01 AM,3175.3,429,1362203.7000000002,89863936.2
2025-08-01 09:19:02 AM,3174.9,109,346064.10000000003,90210000.3
2025-08-01 09:19:03 AM,3177.3,0,0.0,90210000.3
2025-08-01 09:19:05 AM,3179.0,0,0.0,90210000.3
2025-08-01 09:19:09 AM,3176.6,204,648026.4,90858026.7
2025-08-01 09:19:10 AM,3180.0,96,305280.0,91163306.7
2025-08-01 09:19:11 AM,3175.2,0,0.0,91163306.7
2025-08-01 09:19:13 AM,3178.3,0,0.0,91163306.7
2025-08-01 09:19:17 AM,3171.5,384,1217856.0,92381162.7
2025-08-01 09:19:18 AM,3172.2,118,374319.6,92755482.3
2025-08-01 09:19:25 AM,3171.2,624,1978828.7999999998,94734311.1
2025-08-01 09:19:25 AM,3175.4,0,0.0,94734311.1
2025-08-01 09:19:26 AM,3179.8,41,130371.8,94864682.89999999
2025-08-01 09:19:28 AM,3175.3,0,0.0,94864682.89999999
2025-08-01 09:19:33 AM,3177.2,207,657680.3999999999,95522363.3
2025-08-01 09:19:35 AM,3173.2,5,15866.0,95538229.3
2025-08-01 09:19:36 AM,3175.9,0,0.0,95538229.3
2025-08-01 09:19:41 AM,3177.6,91,289161.6,95827390.89999999
2025-08-01 09:19:43 AM,3175.9,20,63518.0,95890908.89999999
2025-08-01 09:19:43 AM,3174.0,0,0.0,95890908.89999999
2025-08-01 09:19:49 AM,3175.1,344,1092234.4,96983143.3
2025-08-01 09:19:51 AM,3175.1,70,222257.0,97205400.3
2025-08-01 09:19:56 AM,3178.4,0,0.0,97205400.3
2025-08-01 09:19:57 AM,3179.2,97,308382.39999999997,97513782.7
2025-08-01 09:19:59 AM,3179.2,4,12716.8,97526499.5
2025-08-01 09:20:11 AM,3179.9,0,0.0,97526499.5
2025-08-01 09:20:13 AM,3180.0,1058,3364440.0,100890939.5
2025-08-01 09:20:15 AM,3182.9,156,496532.4,101387471.9
2025-08-01 09:20:18 AM,3182.2,0,0.0,101387471.9
2025-08-01 09:20:21 AM,3185.2,292,930078.3999999999,102317550.30000001
2025-08-01 09:20:23 AM,3188.1,76,242295.6,102559845.9
2025-08-01 09:20:25 AM,3186.9,0,0.0,102559845.9
2025-08-01 09:20:29 AM,3184.2,83,264288.6,102824134.5
2025-08-01 09:20:30 AM,3185.3,40,127412.0,102951546.5
2025-08-01 09:20:32 AM,3186.4,0,0.0,102951546.5
2025-08-01 09:20:36 AM,3185.5,0,0.0,102951546.5
2025-08-01 09:20:37 AM,3185.5,98,312179.0,103263725.5
2025-08-01 09:20:38 AM,3186.4,33,105151.2,103368876.7
2025-08-01 09:20:39 AM,3187.9,0,0.0,103368876.7
2025-08-01 09:20:43 AM,3186.8,0,0.0,103368876.7
2025-08-01 09:20:45 AM,3186.8,199,634173.2000000001,104003049.9
2025-08-01 09:20:46 AM,3188.0,0,0.0,104003049.9
2025-08-01 09:20:50 AM,3189.0,0,0.0,104003049.9
2025-08-01 09:20:52 AM,3192.4,223,711905.2000000001,104714955.10000001
2025-08-01 09:20:53 AM,3195.0,0,0.0,104714955.10000001
2025-08-01 09:20:54 AM,3195.0,75,239625.0,104954580.10000001
2025-08-01 09:20:57 AM,3193.7,0,0.0,104954580.10000001
2025-08-01 09:21:00 AM,3197.4,786,2513156.4,107467736.50000001
2025-08-01 09:21:01 AM,3200.0,1528,4889600.0,112357336.50000001
2025-08-01 09:21:04 AM,3196.9,0,0.0,112357336.50000001
2025-08-01 09:21:06 AM,3198.0,0,0.0,112357336.50000001
2025-08-01 09:21:08 AM,3194.7,1153,3683489.0999999996,116040825.60000001
2025-08-01 09:21:09 AM,3198.3,62,198294.6,116239120.2
2025-08-01 09:21:11 AM,3198.0,0,0.0,116239120.2
2025-08-01 09:21:13 AM,3199.0,0,0.0,116239120.2
2025-08-01 09:21:16 AM,3202.6,720,2305872.0,118544992.2
2025-08-01 09:21:18 AM,3203.6,0,0.0,118544992.2
2025-08-01 09:21:20 AM,3206.7,0,0.0,118544992.2
2025-08-01 09:21:24 AM,3208.8,630,2021544.0,120566536.2
2025-08-01 09:21:25 AM,3214.0,127,408178.0,120974714.2
2025-08-01 09:21:25 AM,3210.8,0,0.0,120974714.2
2025-08-01 09:21:27 AM,3210.1,0,0.0,120974714.2
2025-08-01 09:21:31 AM,3207.6,511,1639083.5999999999,122613797.8
2025-08-01 09:21:32 AM,3206.8,2,6413.6,122620211.39999999
2025-08-01 09:21:32 AM,3206.5,0,0.0,122620211.39999999
2025-08-01 09:21:34 AM,3206.2,0,0.0,122620211.39999999
2025-08-01 09:21:37 AM,3203.9,0,0.0,122620211.39999999
2025-08-01 09:21:39 AM,3204.0,210,672840.0,123293051.39999999
2025-08-01 09:21:40 AM,3207.0,34,109038.0,123402089.39999999
2025-08-01 09:21:41 AM,3208.6,0,0.0,123402089.39999999
2025-08-01 09:21:44 AM,3212.3,0,0.0,123402089.39999999
2025-08-01 09:21:47 AM,3205.9,406,1301595.4000000001,124703684.8
2025-08-01 09:21:47 AM,3205.7,0,0.0,124703684.8
2025-08-01 09:21:48 AM,3205.7,3,9617.099999999999,124713301.89999999
2025-08-01 09:21:50 AM,3205.8,0,0.0,124713301.89999999
2025-08-01 09:21:53 AM,3215.9,0,0.0,124713301.89999999
2025-08-01 09:21:54 AM,3208.5,976,3131496.0,127844797.89999999
2025-08-01 09:21:55 AM,3212.3,303,973326.9,128818124.8
2025-08-01 09:21:57 AM,3204.4,0,0.0,128818124.8
2025-08-01 09:22:00 AM,3200.2,0,0.0,128818124.8
2025-08-01 09:22:00 AM,3200.2,350,1120070.0,129938194.8
2025-08-01 09:22:00 AM,3200.7,0,0.0,129938194.8
2025-08-01 09:22:01 AM,3200.7,10,32007.0,129970201.8
2025-08-01 09:22:02 AM,3197.5,15,47962.5,130018164.3
2025-08-01 09:22:03 AM,3197.9,47,150301.30000000002,130168465.6
2025-08-01 09:22:03 AM,3198.2,0,0.0,130168465.6
2025-08-01 09:22:03 AM,3198.2,7,22387.399999999998,130190853.0
2025-08-01 09:22:04 AM,3200.3,31,99209.3,130290062.3
2025-08-01 09:22:06 AM,3197.4,92,294160.8,130584223.1
2025-08-01 09:22:07 AM,3197.4,31,99119.40000000001,130683342.5
2025-08-01 09:22:07 AM,3197.5,4,12790.0,130696132.5
2025-08-01 09:22:08 AM,3195.0,36,115020.0,130811152.5
2025-08-01 09:22:08 AM,3190.8,0,0.0,130811152.5
2025-08-01 09:22:09 AM,3194.6,66,210843.6,131021996.1
2025-08-01 09:22:11 AM,3193.4,9,28740.600000000002,131050736.69999999
2025-08-01 09:22:12 AM,3193.3,53,169244.90000000002,131219981.6
2025-08-01 09:22:13 AM,3193.0,41,130913.0,131350894.6
2025-08-01 09:22:15 AM,3190.6,20,63812.0,131414706.6
2025-08-01 09:22:15 AM,3190.3,0,0.0,131414706.6
2025-08-01 09:22:16 AM,3190.3,5,15951.5,131430658.1
2025-08-01 09:22:17 AM,3193.0,16,51088.0,131481746.1
2025-08-01 09:22:17 AM,3190.1,0,0.0,131481746.1
2025-08-01 09:22:17 AM,3190.1,48,153124.8,131634870.89999999
2025-08-01 09:22:18 AM,3192.9,20,63858.0,131698728.89999999
2025-08-01 09:22:20 AM,3190.2,39,124417.79999999999,131823146.69999999
2025-08-01 09:22:21 AM,3192.0,2,6384.0,131829530.69999999
2025-08-01 09:22:22 AM,3190.0,0,0.0,131829530.69999999
2025-08-01 09:22:23 AM,3194.3,632,2018797.6,133848328.29999998
2025-08-01 09:22:24 AM,3183.1,248,789408.7999999999,134637737.1
2025-08-01 09:22:25 AM,3185.7,3,9557.099999999999,134647294.2
2025-08-01 09:22:27 AM,3180.0,80,254400.0,134901694.2
2025-08-01 09:22:27 AM,3176.2,0,0.0,134901694.2
2025-08-01 09:22:28 AM,3180.3,20,63606.0,134965300.2
2025-08-01 09:22:28 AM,3179.8,1,3179.8,134968480.0
2025-08-01 09:22:29 AM,3178.8,251,797878.8,135766358.8
2025-08-01 09:22:30 AM,3180.1,42,133564.19999999998,135899923.0
2025-08-01 09:22:30 AM,3175.3,0,0.0,135899923.0
2025-08-01 09:22:31 AM,3176.3,345,1095823.5,136995746.5
2025-08-01 09:22:31 AM,3175.0,110,349250.0,137344996.5
2025-08-01 09:22:34 AM,3173.3,57,180878.1,137525874.6
2025-08-01 09:22:35 AM,3173.9,151,479258.9,138005133.5
2025-08-01 09:22:35 AM,3173.8,0,0.0,138005133.5
2025-08-01 09:22:36 AM,3170.3,25,79257.5,138084391.0
2025-08-01 09:22:36 AM,3173.7,0,0.0,138084391.0
2025-08-01 09:22:36 AM,3173.9,0,0.0,138084391.0
2025-08-01 09:22:37 AM,3173.6,37,117423.2,138201814.2
2025-08-01 09:22:38 AM,3173.6,5,15868.0,138217682.2
2025-08-01 09:22:39 AM,3170.0,25,79250.0,138296932.2
2025-08-01 09:22:40 AM,3173.5,10,31735.0,138328667.2
2025-08-01 09:22:40 AM,3173.4,0,0.0,138328667.2
2025-08-01 09:22:40 AM,3173.4,44,139629.6,138468296.79999998
2025-08-01 09:22:41 AM,3170.3,0,0.0,138468296.79999998
2025-08-01 09:22:42 AM,3170.3,18,57065.4,138525362.2
2025-08-01 09:22:42 AM,3179.0,977,3105883.0,141631245.2
2025-08-01 09:22:42 AM,3182.4,0,0.0,141631245.2
2025-08-01 09:22:43 AM,3182.4,75,238680.0,141869925.2
2025-08-01 09:22:43 AM,3176.0,96,304896.0,142174821.2
2025-08-01 09:22:44 AM,3178.4,3,9535.2,142184356.39999998
2025-08-01 09:22:45 AM,3172.1,92,291833.2,142476189.59999996
2025-08-01 09:22:48 AM,3174.0,6,19044.0,142495233.59999996
2025-08-01 09:22:57 AM,3178.0,50,158900.0,142654133.59999996
2025-08-01 09:22:57 AM,3178.5,0,0.0,142654133.59999996
2025-08-01 09:22:58 AM,3178.5,19,60391.5,142714525.09999996
2025-08-01 09:22:59 AM,3173.4,316,1002794.4,143717319.49999997
2025-08-01 09:23:02 AM,3174.1,0,0.0,143717319.49999997
2025-08-01 09:23:02 AM,3174.1,21,66656.09999999999,143783975.59999996
2025-08-01 09:23:05 AM,3174.2,0,0.0,143783975.59999996
2025-08-01 09:23:05 AM,3174.2,28,88877.59999999999,143872853.19999996
2025-08-01 09:23:07 AM,3174.0,0,0.0,143872853.19999996
2025-08-01 09:23:08 AM,3173.4,82,260218.80000000002,144133071.99999997
2025-08-01 09:23:10 AM,3174.5,25,79362.5,144212434.49999997
2025-08-01 09:23:10 AM,3172.1,0,0.0,144212434.49999997
2025-08-01 09:23:11 AM,3172.1,8,25376.8,144237811.29999998
2025-08-01 09:23:12 AM,3174.0,1,3174.0,144240985.29999998
2025-08-01 09:23:18 AM,3172.2,13,41238.6,144282223.89999998
2025-08-01 09:23:19 AM,3172.7,2,6345.4,144288569.29999998
2025-08-01 09:23:21 AM,3172.1,167,529740.7,144818309.99999997
2025-08-01 09:23:21 AM,3174.0,0,0.0,144818309.99999997
2025-08-01 09:23:22 AM,3174.0,161,511014.0,145329323.99999997
2025-08-01 09:23:23 AM,3177.0,10,31770.0,145361093.99999997
2025-08-01 09:23:24 AM,3173.6,23,72992.8,145434086.79999998
2025-08-01 09:23:26 AM,3170.1,117,370901.7,145804988.49999997
2025-08-01 09:23:28 AM,3173.5,0,0.0,145804988.49999997
2025-08-01 09:23:29 AM,3169.0,522,1654218.0,147459206.49999997
2025-08-01 09:23:30 AM,3169.0,124,392956.0,147852162.49999997
2025-08-01 09:23:30 AM,3166.3,0,0.0,147852162.49999997
2025-08-01 09:23:31 AM,3166.3,5,15831.5,147867993.99999997
2025-08-01 09:23:33 AM,3169.0,97,307393.0,148175386.99999997
2025-08-01 09:23:34 AM,3166.2,10,31662.0,148207048.99999997
2025-08-01 09:23:36 AM,3165.3,0,0.0,148207048.99999997
2025-08-01 09:23:37 AM,3165.3,17,53810.100000000006,148260859.09999996
2025-08-01 09:23:38 AM,3167.3,5,15836.5,148276695.59999996
2025-08-01 09:23:39 AM,3165.1,14,44311.4,148321006.99999997
2025-08-01 09:23:42 AM,3167.7,1,3167.7,148324174.69999996
2025-08-01 09:23:44 AM,3172.8,91,288724.8,148612899.49999997
2025-08-01 09:23:45 AM,3174.0,117,371358.0,148984257.49999997
2025-08-01 09:23:46 AM,3170.9,0,0.0,148984257.49999997
2025-08-01 09:23:46 AM,3174.0,0,0.0,148984257.49999997
2025-08-01 09:23:47 AM,3174.0,16,50784.0,149035041.49999997
2025-08-01 09:23:59 AM,3172.9,9,28556.100000000002,149063597.59999996
2025-08-01 09:24:05 AM,3173.4,19,60294.6,149123892.19999996
2025-08-01 09:24:06 AM,3173.9,0,0.0,149123892.19999996
2025-08-01 09:24:12 AM,3173.9,28,88869.2,149212761.39999995
2025-08-01 09:24:25 AM,3173.0,0,0.0,149212761.39999995
2025-08-01 09:24:25 AM,3168.4,0,0.0,149212761.39999995
2025-08-01 09:24:27 AM,3172.7,173,548877.1,149761638.49999994
2025-08-01 09:24:28 AM,3167.4,19,60180.6,149821819.09999993
2025-08-01 09:24:31 AM,3170.0,0,0.0,149821819.09999993
2025-08-01 09:24:34 AM,3170.0,35,110950.0,149932769.09999993
2025-08-01 09:24:42 AM,3166.8,40,126672.0,150059441.09999993
2025-08-01 09:24:49 AM,3168.5,5,15842.5,150075283.59999993
2025-08-01 09:24:56 AM,3167.0,0,0.0,150075283.59999993
2025-08-01 09:24:57 AM,3167.0,88,278696.0,150353979.59999993
2025-08-01 09:24:57 AM,3165.1,0,0.0,150353979.59999993
2025-08-01 09:24:59 AM,3165.1,25,79127.5,150433107.09999993
2025-08-01 09:25:04 AM,3163.8,80,253104.0,150686211.09999993
2025-08-01 09:25:06 AM,3163.6,74,234106.4,150920317.49999994
2025-08-01 09:25:10 AM,3164.9,0,0.0,150920317.49999994
2025-08-01 09:25:12 AM,3164.9,63,199388.7,151119706.19999993
2025-08-01 09:25:14 AM,3164.9,10,31649.0,151151355.19999993
2025-08-01 09:25:17 AM,3157.7,0,0.0,151151355.19999993
2025-08-01 09:25:18 AM,3155.1,0,0.0,151151355.19999993
2025-08-01 09:25:19 AM,3152.9,702,2213335.8000000003,153364690.99999994
2025-08-01 09:25:21 AM,3152.0,4,12608.0,153377298.99999994
2025-08-01 09:25:23 AM,3153.7,0,0.0,153377298.99999994
2025-08-01 09:25:27 AM,3150.0,102,321300.0,153698598.99999994
2025-08-01 09:25:29 AM,3150.0,23,72450.0,153771048.99999994
2025-08-01 09:25:29 AM,3149.5,0,0.0,153771048.99999994
2025-08-01 09:25:34 AM,3154.0,315,993510.0,154764558.99999994
2025-08-01 09:25:36 AM,3152.9,89,280608.10000000003,155045167.09999993
2025-08-01 09:25:40 AM,3154.0,0,0.0,155045167.09999993
2025-08-01 09:25:41 AM,3155.7,0,0.0,155045167.09999993
2025-08-01 09:25:42 AM,3155.7,45,142006.5,155187173.59999993
2025-08-01 09:25:46 AM,3155.0,0,0.0,155187173.59999993
2025-08-01 09:25:49 AM,3159.7,130,410761.0,155597934.59999993
2025-08-01 09:25:51 AM,3157.9,0,0.0,155597934.59999993
2025-08-01 09:25:51 AM,3157.9,68,214737.2,155812671.79999992
2025-08-01 09:26:04 AM,3157.0,39,123123.0,155935794.79999992
2025-08-01 09:26:06 AM,3160.2,30,94806.0,156030600.79999992
2025-08-01 09:26:11 AM,3158.5,0,0.0,156030600.79999992
2025-08-01 09:26:11 AM,3158.3,0,0.0,156030600.79999992
2025-08-01 09:26:12 AM,3158.3,91,287405.3,156318006.09999993
2025-08-01 09:26:14 AM,3161.2,131,414117.19999999995,156732123.29999992
2025-08-01 09:26:17 AM,3159.9,0,0.0,156732123.29999992
2025-08-01 09:26:20 AM,3163.8,135,427113.0,157159236.29999992
2025-08-01 09:26:22 AM,3159.6,18,56872.799999999996,157216109.09999993
2025-08-01 09:26:28 AM,3162.4,7,22136.8,157238245.89999995
2025-08-01 09:26:35 AM,3162.4,42,132820.80000000002,157371066.69999996
2025-08-01 09:26:41 AM,3165.5,0,0.0,157371066.69999996
2025-08-01 09:26:43 AM,3165.5,1,3165.5,157374232.19999996
2025-08-01 09:26:47 AM,3167.2,0,0.0,157374232.19999996
2025-08-01 09:26:50 AM,3167.2,15,47508.0,157421740.19999996
2025-08-01 09:26:52 AM,3165.0,1,3165.0,157424905.19999996
2025-08-01 09:26:54 AM,3167.8,0,0.0,157424905.19999996
2025-08-01 09:26:57 AM,3165.6,0,0.0,157424905.19999996
2025-08-01 09:26:58 AM,3165.6,6,18993.6,157443898.79999995
2025-08-01 09:27:01 AM,3168.0,0,0.0,157443898.79999995
2025-08-01 09:27:05 AM,3168.0,5,15840.0,157459738.79999995
2025-08-01 09:27:18 AM,3170.0,0,0.0,157459738.79999995
2025-08-01 09:27:20 AM,3170.0,62,196540.0,157656278.79999995
2025-08-01 09:27:23 AM,3170.8,0,0.0,157656278.79999995
2025-08-01 09:27:28 AM,3166.2,205,649071.0,158305349.79999995
2025-08-01 09:27:28 AM,3164.4,0,0.0,158305349.79999995
2025-08-01 09:27:29 AM,3164.4,19,60123.6,158365473.39999995
2025-08-01 09:27:33 AM,3163.0,0,0.0,158365473.39999995
2025-08-01 09:27:33 AM,3160.5,0,0.0,158365473.39999995
2025-08-01 09:27:35 AM,3160.5,38,120099.0,158485572.39999995
2025-08-01 09:27:36 AM,3160.6,15,47409.0,158532981.39999995
2025-08-01 09:27:38 AM,3165.0,0,0.0,158532981.39999995
2025-08-01 09:27:39 AM,3167.6,0,0.0,158532981.39999995
2025-08-01 09:27:42 AM,3168.2,216,684331.2,159217312.59999993
2025-08-01 09:27:43 AM,3164.0,0,0.0,159217312.59999993
2025-08-01 09:27:44 AM,3164.0,1,3164.0,159220476.59999993
2025-08-01 09:27:59 AM,3162.0,0,0.0,159220476.59999993
2025-08-01 09:27:59 AM,3162.0,33,104346.0,159324822.59999993
2025-08-01 09:28:13 AM,3162.0,51,161262.0,159486084.59999993
2025-08-01 09:28:15 AM,3163.0,3,9489.0,159495573.59999993
2025-08-01 09:28:17 AM,3160.9,0,0.0,159495573.59999993
2025-08-01 09:28:21 AM,3163.0,23,72749.0,159568322.59999993
2025-08-01 09:28:29 AM,3163.0,8,25304.0,159593626.59999993
2025-08-01 09:28:33 AM,3160.0,0,0.0,159593626.59999993
2025-08-01 09:28:36 AM,3160.0,139,439240.0,160032866.59999993
2025-08-01 09:28:45 AM,3157.6,0,0.0,160032866.59999993
2025-08-01 09:28:49 AM,3161.1,0,0.0,160032866.59999993
2025-08-01 09:28:50 AM,3157.8,0,0.0,160032866.59999993
2025-08-01 09:28:52 AM,3157.8,59,186310.2,160219176.79999992
2025-08-01 09:28:53 AM,3158.1,6,18948.6,160238125.39999992
2025-08-01 09:28:55 AM,3159.7,0,0.0,160238125.39999992
2025-08-01 09:28:59 AM,3160.3,221,698426.3,160936551.69999993
2025-08-01 09:29:07 AM,3156.8,4,12627.2,160949178.89999992
2025-08-01 09:29:16 AM,3160.4,37,116934.8,161066113.69999993
2025-08-01 09:29:18 AM,3160.6,0,0.0,161066113.69999993
2025-08-01 09:29:22 AM,3160.0,26,82160.0,161148273.69999993
2025-08-01 09:29:31 AM,3160.0,8,25280.0,161173553.69999993
2025-08-01 09:29:37 AM,3160.0,76,240160.0,161413713.69999993
2025-08-01 09:29:38 AM,3160.0,19,60040.0,161473753.69999993
2025-08-01 09:29:44 AM,3165.0,179,566535.0,162040288.69999993
2025-08-01 09:29:46 AM,3165.7,22,69645.4,162109934.09999993
2025-08-01 09:29:52 AM,3162.7,20,63254.0,162173188.09999993
2025-08-01 09:29:58 AM,3165.0,0,0.0,162173188.09999993
2025-08-01 09:29:59 AM,3161.5,105,331957.5,162505145.59999993
2025-08-01 09:30:05 AM,3164.1,0,0.0,162505145.59999993
2025-08-01 09:30:07 AM,3164.1,1,3164.1,162508309.69999993
2025-08-01 09:30:08 AM,3161.5,10,31615.0,162539924.69999993
2025-08-01 09:30:12 AM,3157.6,0,0.0,162539924.69999993
2025-08-01 09:30:15 AM,3157.6,112,353651.2,162893575.89999992
2025-08-01 09:30:22 AM,3159.2,28,88457.59999999999,162982033.4999999
2025-08-01 09:30:26 AM,3156.9,0,0.0,162982033.4999999
2025-08-01 09:30:30 AM,3156.9,336,1060718.4000000001,164042751.89999992
2025-08-01 09:30:33 AM,3156.6,0,0.0,164042751.89999992
2025-08-01 09:30:37 AM,3156.4,3,9469.2,164052221.0999999
2025-08-01 09:30:38 AM,3156.9,44,138903.6,164191124.6999999
2025-08-01 09:30:40 AM,3157.4,0,0.0,164191124.6999999
2025-08-01 09:30:44 AM,3157.0,18,56826.0,164247950.6999999
2025-08-01 09:30:47 AM,3159.6,0,0.0,164247950.6999999
2025-08-01 09:30:49 AM,3156.2,0,0.0,164247950.6999999
2025-08-01 09:30:52 AM,3156.1,93,293517.3,164541467.9999999
2025-08-01 09:30:59 AM,3156.1,10,31561.0,164573028.9999999
2025-08-01 09:31:02 AM,3155.5,0,0.0,164573028.9999999
2025-08-01 09:31:04 AM,3152.9,0,0.0,164573028.9999999
2025-08-01 09:31:06 AM,3152.9,76,239620.4,164812649.39999992
2025-08-01 09:31:09 AM,3154.3,0,0.0,164812649.39999992
2025-08-01 09:31:10 AM,3154.7,0,0.0,164812649.39999992
2025-08-01 09:31:14 AM,3155.0,0,0.0,164812649.39999992
2025-08-01 09:31:14 AM,3154.9,10,31549.0,164844198.39999992
2025-08-01 09:31:16 AM,3156.3,0,0.0,164844198.39999992
2025-08-01 09:31:21 AM,3156.3,41,129408.3,164973606.69999993
2025-08-01 09:31:26 AM,3157.4,0,0.0,164973606.69999993
2025-08-01 09:31:28 AM,3159.0,0,0.0,164973606.69999993
2025-08-01 09:31:28 AM,3159.0,60,189540.0,165163146.69999993
2025-08-01 09:31:29 AM,3160.4,67,211746.80000000002,165374893.49999994
2025-08-01 09:31:32 AM,3160.5,0,0.0,165374893.49999994
2025-08-01 09:31:34 AM,3160.0,0,0.0,165374893.49999994
2025-08-01 09:31:36 AM,3160.0,21,66360.0,165441253.49999994
2025-08-01 09:31:36 AM,3162.5,22,69575.0,165510828.49999994
2025-08-01 09:31:38 AM,3161.5,0,0.0,165510828.49999994
2025-08-01 09:31:40 AM,3162.0,0,0.0,165510828.49999994
2025-08-01 09:31:43 AM,3162.0,22,69564.0,165580392.49999994
2025-08-01 09:31:46 AM,3163.9,0,0.0,165580392.49999994
2025-08-01 09:31:49 AM,3163.9,33,104408.7,165684801.19999993
2025-08-01 09:31:55 AM,3157.7,0,0.0,165684801.19999993
2025-08-01 09:31:57 AM,3157.7,137,432604.89999999997,166117406.09999993
2025-08-01 09:32:01 AM,3158.3,0,0.0,166117406.09999993
2025-08-01 09:32:03 AM,3158.3,19,60007.700000000004,166177413.79999992
2025-08-01 09:32:06 AM,3159.1,0,0.0,166177413.79999992
2025-08-01 09:32:11 AM,3160.2,55,173811.0,166351224.79999992
2025-08-01 09:32:12 AM,3163.9,0,0.0,166351224.79999992
2025-08-01 09:32:18 AM,3164.6,0,0.0,166351224.79999992
2025-08-01 09:32:18 AM,3164.6,100,316460.0,166667684.79999992
2025-08-01 09:32:18 AM,3165.7,0,0.0,166667684.79999992
2025-08-01 09:32:24 AM,3165.9,0,0.0,166667684.79999992
2025-08-01 09:32:24 AM,3165.5,0,0.0,166667684.79999992
2025-08-01 09:32:25 AM,3165.5,24,75972.0,166743656.79999992
2025-08-01 09:32:30 AM,3167.0,0,0.0,166743656.79999992
2025-08-01 09:32:31 AM,3167.0,316,1000772.0,167744428.79999992
2025-08-01 09:32:36 AM,3164.0,0,0.0,167744428.79999992
2025-08-01 09:32:38 AM,3163.2,16,50611.2,167795039.9999999
2025-08-01 09:32:42 AM,3166.4,0,0.0,167795039.9999999
2025-08-01 09:32:45 AM,3163.1,36,113871.59999999999,167908911.5999999
2025-08-01 09:32:52 AM,3163.1,16,50609.6,167959521.1999999
2025-08-01 09:33:06 AM,3161.3,0,0.0,167959521.1999999
2025-08-01 09:33:06 AM,3161.3,1,3161.3,167962682.4999999
2025-08-01 09:33:13 AM,3162.1,2,6324.2,167969006.6999999
2025-08-01 09:33:20 AM,3162.1,2,6324.2,167975330.8999999
2025-08-01 09:33:22 AM,3161.2,0,0.0,167975330.8999999
2025-08-01 09:33:27 AM,3162.1,0,0.0,167975330.8999999
2025-08-01 09:33:27 AM,3162.1,21,66404.09999999999,168041734.99999988
2025-08-01 09:33:34 AM,3162.1,2,6324.2,168048059.19999987
2025-08-01 09:33:41 AM,3162.9,3,9488.7,168057547.89999986
2025-08-01 09:33:44 AM,3162.1,0,0.0,168057547.89999986
2025-08-01 09:33:47 AM,3162.9,0,0.0,168057547.89999986
2025-08-01 09:33:48 AM,3162.9,19,60095.1,168117642.99999985
2025-08-01 09:33:55 AM,3163.2,56,177139.19999999998,168294782.19999984
2025-08-01 09:33:57 AM,3165.8,0,0.0,168294782.19999984
2025-08-01 09:34:02 AM,3163.1,0,0.0,168294782.19999984
2025-08-01 09:34:02 AM,3163.1,117,370082.7,168664864.89999983
2025-08-01 09:34:09 AM,3163.1,313,990050.2999999999,169654915.19999984
2025-08-01 09:34:14 AM,3164.0,0,0.0,169654915.19999984
2025-08-01 09:34:16 AM,3164.0,42,132888.0,169787803.19999984
2025-08-01 09:34:17 AM,3163.5,0,0.0,169787803.19999984
2025-08-01 09:34:20 AM,3163.4,0,0.0,169787803.19999984
2025-08-01 09:34:23 AM,3163.4,33,104392.2,169892195.39999983
2025-08-01 09:34:27 AM,3160.0,0,0.0,169892195.39999983
2025-08-01 09:34:30 AM,3161.6,0,0.0,169892195.39999983
2025-08-01 09:34:30 AM,3161.6,131,414169.6,170306364.99999982
2025-08-01 09:34:32 AM,3161.5,0,0.0,170306364.99999982
2025-08-01 09:34:37 AM,3161.5,1,3161.5,170309526.49999982
2025-08-01 09:34:37 AM,3161.6,0,0.0,170309526.49999982
2025-08-01 09:34:42 AM,3159.2,0,0.0,170309526.49999982
2025-08-01 09:34:44 AM,3159.2,14,44228.799999999996,170353755.29999983
2025-08-01 09:34:45 AM,3158.8,0,0.0,170353755.29999983
2025-08-01 09:34:47 AM,3161.9,0,0.0,170353755.29999983
2025-08-01 09:34:51 AM,3161.9,4,12647.6,170366402.89999983
2025-08-01 09:34:57 AM,3158.7,0,0.0,170366402.89999983
2025-08-01 09:34:57 AM,3158.7,4,12634.8,170379037.69999984
2025-08-01 09:35:02 AM,3156.1,0,0.0,170379037.69999984
2025-08-01 09:35:02 AM,3156.7,0,0.0,170379037.69999984
2025-08-01 09:35:04 AM,3156.7,309,975420.2999999999,171354457.99999985
2025-08-01 09:35:17 AM,3156.6,0,0.0,171354457.99999985
2025-08-01 09:35:17 AM,3156.5,0,0.0,171354457.99999985
2025-08-01 09:35:19 AM,3156.6,231,729174.6,172083632.59999985
2025-08-01 09:35:32 AM,3153.5,0,0.0,172083632.59999985
2025-08-01 09:35:32 AM,3155.3,0,0.0,172083632.59999985
2025-08-01 09:35:32 AM,3155.3,26,82037.8,172165670.39999986
2025-08-01 09:35:46 AM,3152.8,14,44139.200000000004,172209809.59999985
2025-08-01 09:35:51 AM,3154.3,0,0.0,172209809.59999985
2025-08-01 09:35:53 AM,3154.3,2,6308.6,172216118.19999984
2025-08-01 09:36:00 AM,3153.0,1,3153.0,172219271.19999984
2025-08-01 09:36:05 AM,3154.2,0,0.0,172219271.19999984
2025-08-01 09:36:06 AM,3153.0,15,47295.0,172266566.19999984
2025-08-01 09:36:13 AM,3153.0,2,6306.0,172272872.19999984
2025-08-01 09:36:17 AM,3153.2,0,0.0,172272872.19999984
2025-08-01 09:36:20 AM,3152.0,418,1317536.0,173590408.19999984
2025-08-01 09:36:26 AM,3152.0,198,624096.0,174214504.19999984
2025-08-01 09:36:32 AM,3152.4,72,226972.80000000002,174441476.99999985
2025-08-01 09:36:37 AM,3152.7,0,0.0,174441476.99999985
2025-08-01 09:36:37 AM,3155.1,0,0.0,174441476.99999985
2025-08-01 09:36:39 AM,3155.1,52,164065.19999999998,174605542.19999984
2025-08-01 09:36:45 AM,3152.6,0,0.0,174605542.19999984
2025-08-01 09:36:45 AM,3152.6,4,12610.4,174618152.59999985
2025-08-01 09:36:59 AM,3152.6,2,6305.2,174624457.79999983
2025-08-01 09:37:11 AM,3150.8,0,0.0,174624457.79999983
2025-08-01 09:37:13 AM,3150.8,107,337135.60000000003,174961593.39999983
2025-08-01 09:37:16 AM,3149.8,0,0.0,174961593.39999983
2025-08-01 09:37:20 AM,3149.8,223,702405.4,175663998.79999983
2025-08-01 09:37:20 AM,3149.9,6,18899.4,175682898.19999984
2025-08-01 09:37:25 AM,3148.8,0,0.0,175682898.19999984
2025-08-01 09:37:27 AM,3150.0,200,630000.0,176312898.19999984
2025-08-01 09:37:30 AM,3149.4,0,0.0,176312898.19999984
2025-08-01 09:37:31 AM,3149.8,0,0.0,176312898.19999984
2025-08-01 09:37:34 AM,3149.8,22,69295.6,176382193.79999983
2025-08-01 09:37:35 AM,3150.0,0,0.0,176382193.79999983
2025-08-01 09:37:40 AM,3150.0,2,6300.0,176388493.79999983
2025-08-01 09:37:49 AM,3148.5,0,0.0,176388493.79999983
2025-08-01 09:37:51 AM,3148.0,0,0.0,176388493.79999983
2025-08-01 09:37:53 AM,3148.0,14,44072.0,176432565.79999983
2025-08-01 09:37:57 AM,3147.2,0,0.0,176432565.79999983
2025-08-01 09:37:59 AM,3145.0,0,0.0,176432565.79999983
2025-08-01 09:38:00 AM,3145.0,91,286195.0,176718760.79999983
2025-08-01 09:38:05 AM,3144.0,0,0.0,176718760.79999983
2025-08-01 09:38:07 AM,3144.0,174,547056.0,177265816.79999983
2025-08-01 09:38:11 AM,3142.4,0,0.0,177265816.79999983
2025-08-01 09:38:14 AM,3142.4,87,273388.8,177539205.59999985
2025-08-01 09:38:21 AM,3144.1,45,141484.5,177680690.09999985
2025-08-01 09:38:27 AM,3144.0,0,0.0,177680690.09999985
2025-08-01 09:38:28 AM,3144.0,1,3144.0,177683834.09999985
2025-08-01 09:38:32 AM,3144.1,0,0.0,177683834.09999985
2025-08-01 09:38:34 AM,3144.0,54,169776.0,177853610.09999985
2025-08-01 09:38:37 AM,3142.0,0,0.0,177853610.09999985
2025-08-01 09:38:41 AM,3141.6,123,386416.8,178240026.89999986
2025-08-01 09:38:41 AM,3141.5,0,0.0,178240026.89999986
2025-08-01 09:38:45 AM,3144.0,0,0.0,178240026.89999986
2025-08-01 09:38:48 AM,3141.2,72,226166.4,178466193.29999986
2025-08-01 09:38:49 AM,3142.0,0,0.0,178466193.29999986
2025-08-01 09:38:54 AM,3142.0,20,62840.0,178529033.29999986
2025-08-01 09:39:00 AM,3142.0,7,21994.0,178551027.29999986
2025-08-01 09:39:07 AM,3138.7,0,0.0,178551027.29999986
2025-08-01 09:39:08 AM,3138.7,272,853726.3999999999,179404753.69999987
2025-08-01 09:39:12 AM,3132.7,0,0.0,179404753.69999987
2025-08-01 09:39:14 AM,3132.7,221,692326.7,180097080.39999986
2025-08-01 09:39:16 AM,3133.1,0,0.0,180097080.39999986
2025-08-01 09:39:21 AM,3132.7,38,119042.59999999999,180216122.99999985
2025-08-01 09:39:28 AM,3134.7,39,122253.29999999999,180338376.29999986
2025-08-01 09:39:30 AM,3137.7,0,0.0,180338376.29999986
2025-08-01 09:39:34 AM,3137.4,0,0.0,180338376.29999986
2025-08-01 09:39:34 AM,3137.4,38,119221.2,180457597.49999985
2025-08-01 09:39:38 AM,3140.3,0,0.0,180457597.49999985
2025-08-01 09:39:41 AM,3140.3,302,948370.6000000001,181405968.09999985
2025-08-01 09:39:46 AM,3138.0,0,0.0,181405968.09999985
2025-08-01 09:39:47 AM,3138.0,122,382836.0,181788804.09999985
2025-08-01 09:39:50 AM,3138.3,0,0.0,181788804.09999985
2025-08-01 09:39:54 AM,3138.3,35,109840.5,181898644.59999985
2025-08-01 09:40:00 AM,3138.3,10,31383.0,181930027.59999985
2025-08-01 09:40:06 AM,3138.0,0,0.0,181930027.59999985
2025-08-01 09:40:07 AM,3138.0,19,59622.0,181989649.59999985
2025-08-01 09:40:08 AM,3138.3,50,156915.0,182146564.59999985
2025-08-01 09:40:14 AM,3139.5,15,47092.5,182193657.09999985
2025-08-01 09:40:16 AM,3138.3,0,0.0,182193657.09999985
2025-08-01 09:40:18 AM,3139.5,0,0.0,182193657.09999985
2025-08-01 09:40:20 AM,3139.5,24,75348.0,182269005.09999985
2025-08-01 09:40:21 AM,3139.7,8,25117.6,182294122.69999984
2025-08-01 09:40:23 AM,3139.9,0,0.0,182294122.69999984
2025-08-01 09:40:27 AM,3139.9,53,166414.7,182460537.39999983
2025-08-01 09:40:33 AM,3140.0,0,0.0,182460537.39999983
2025-08-01 09:40:33 AM,3140.0,42,131880.0,182592417.39999983
2025-08-01 09:40:40 AM,3141.0,17,53397.0,182645814.39999983
2025-08-01 09:40:47 AM,3141.8,45,141381.0,182787195.39999983
2025-08-01 09:40:50 AM,3144.0,0,0.0,182787195.39999983
2025-08-01 09:40:51 AM,3143.2,0,0.0,182787195.39999983
2025-08-01 09:40:53 AM,3154.8,811,2558542.8000000003,185345738.19999984
2025-08-01 09:40:55 AM,3145.7,0,0.0,185345738.19999984
2025-08-01 09:40:55 AM,3146.1,0,0.0,185345738.19999984
2025-08-01 09:40:59 AM,3152.2,0,0.0,185345738.19999984
2025-08-01 09:41:00 AM,3149.5,0,0.0,185345738.19999984
2025-08-01 09:41:00 AM,3149.5,92,289754.0,185635492.19999984
2025-08-01 09:41:05 AM,3149.4,0,0.0,185635492.19999984
2025-08-01 09:41:06 AM,3149.4,14,44091.6,185679583.79999983
2025-08-01 09:41:09 AM,3152.3,0,0.0,185679583.79999983
2025-08-01 09:41:13 AM,3149.9,58,182694.2,185862277.99999982
2025-08-01 09:41:20 AM,3151.2,5,15756.0,185878033.99999982
2025-08-01 09:41:25 AM,3149.6,0,0.0,185878033.99999982
2025-08-01 09:41:26 AM,3149.6,94,296062.39999999997,186174096.39999983
2025-08-01 09:41:27 AM,3148.8,86,270796.8,186444893.19999984
2025-08-01 09:41:29 AM,3148.9,0,0.0,186444893.19999984
2025-08-01 09:41:33 AM,3148.1,124,390364.39999999997,186835257.59999985
2025-08-01 09:41:37 AM,3148.0,0,0.0,186835257.59999985
2025-08-01 09:41:40 AM,3148.0,5,15740.0,186850997.59999985
2025-08-01 09:41:45 AM,3145.3,0,0.0,186850997.59999985
2025-08-01 09:41:46 AM,3145.3,15,47179.5,186898177.09999985
2025-08-01 09:41:49 AM,3145.9,0,0.0,186898177.09999985
2025-08-01 09:41:53 AM,3145.9,3,9437.7,186907614.79999983
2025-08-01 09:41:53 AM,3145.6,0,0.0,186907614.79999983
2025-08-01 09:41:54 AM,3145.6,2,6291.2,186913905.99999982
2025-08-01 09:42:10 AM,3146.9,0,0.0,186913905.99999982
2025-08-01 09:42:12 AM,3146.9,21,66084.90000000001,186979990.89999983
2025-08-01 09:42:32 AM,3145.0,0,0.0,186979990.89999983
2025-08-01 09:42:32 AM,3145.0,117,367965.0,187347955.89999983
2025-08-01 09:42:36 AM,3144.0,0,0.0,187347955.89999983
2025-08-01 09:42:38 AM,3144.0,238,748272.0,188096227.89999983
2025-08-01 09:42:44 AM,3142.1,0,0.0,188096227.89999983
2025-08-01 09:42:45 AM,3142.1,3,9426.3,188105654.19999984
2025-08-01 09:42:48 AM,3140.0,0,0.0,188105654.19999984
2025-08-01 09:42:51 AM,3140.0,20,62800.0,188168454.19999984
2025-08-01 09:42:58 AM,3140.1,35,109903.5,188278357.69999984
2025-08-01 09:43:04 AM,3142.5,0,0.0,188278357.69999984
2025-08-01 09:43:04 AM,3142.5,8,25140.0,188303497.69999984
2025-08-01 09:43:11 AM,3140.9,1,3140.9,188306638.59999985
2025-08-01 09:43:16 AM,3143.0,0,0.0,188306638.59999985
2025-08-01 09:43:18 AM,3143.0,1,3143.0,188309781.59999985
2025-08-01 09:43:24 AM,3140.4,0,0.0,188309781.59999985
2025-08-01 09:43:24 AM,3140.4,2,6280.8,188316062.39999986
2025-08-01 09:43:31 AM,3145.3,211,663658.3,188979720.69999987
2025-08-01 09:43:36 AM,3140.5,0,0.0,188979720.69999987
2025-08-01 09:43:37 AM,3140.5,80,251240.0,189230960.69999987
2025-08-01 09:43:44 AM,3143.5,0,0.0,189230960.69999987
2025-08-01 09:43:44 AM,3143.5,10,31435.0,189262395.69999987
2025-08-01 09:43:51 AM,3143.5,15,47152.5,189309548.19999987
2025-08-01 09:43:58 AM,3144.0,33,103752.0,189413300.19999987
2025-08-01 09:44:04 AM,3144.0,46,144624.0,189557924.19999987
2025-08-01 09:44:08 AM,3144.1,0,0.0,189557924.19999987
2025-08-01 09:44:11 AM,3143.9,17,53446.3,189611370.49999988
2025-08-01 09:44:16 AM,3145.1,0,0.0,189611370.49999988
2025-08-01 09:44:17 AM,3145.1,64,201286.4,189812656.8999999
2025-08-01 09:44:20 AM,3145.0,0,0.0,189812656.8999999
2025-08-01 09:44:22 AM,3146.8,0,0.0,189812656.8999999
2025-08-01 09:44:24 AM,3146.8,9,28321.2,189840978.09999987
2025-08-01 09:44:30 AM,3146.7,2,6293.4,189847271.49999988
2025-08-01 09:44:34 AM,3145.1,0,0.0,189847271.49999988
2025-08-01 09:44:37 AM,3145.1,4,12580.4,189859851.8999999
2025-08-01 09:44:43 AM,3145.1,23,72337.3,189932189.1999999
2025-08-01 09:44:44 AM,3145.1,1,3145.1,189935334.2999999
2025-08-01 09:44:48 AM,3145.3,0,0.0,189935334.2999999
2025-08-01 09:44:49 AM,3145.3,32,100649.6,190035983.8999999
2025-08-01 09:44:51 AM,3145.3,23,72341.90000000001,190108325.7999999
2025-08-01 09:45:04 AM,3145.3,2,6290.6,190114616.3999999
2025-08-01 09:45:09 AM,3144.4,671,2109892.4,192224508.7999999
2025-08-01 09:45:10 AM,3145.2,0,0.0,192224508.7999999
2025-08-01 09:45:11 AM,3145.2,28,88065.59999999999,192312574.3999999
2025-08-01 09:45:28 AM,3144.2,0,0.0,192312574.3999999
2025-08-01 09:45:29 AM,3144.2,50,157210.0,192469784.3999999
2025-08-01 09:45:32 AM,3141.0,0,0.0,192469784.3999999
2025-08-01 09:45:35 AM,3141.0,13,40833.0,192510617.3999999
2025-08-01 09:45:48 AM,3144.4,77,242118.80000000002,192752736.1999999
2025-08-01 09:46:12 AM,3143.9,0,0.0,192752736.1999999
2025-08-01 09:46:14 AM,3143.9,1,3143.9,192755880.0999999
2025-08-01 09:46:22 AM,3140.7,60,188442.0,192944322.0999999
2025-08-01 09:46:25 AM,3140.4,0,0.0,192944322.0999999
2025-08-01 09:46:27 AM,3140.4,32,100492.8,193044814.89999992
2025-08-01 09:46:29 AM,3144.7,0,0.0,193044814.89999992
2025-08-01 09:46:29 AM,3144.7,4,12578.8,193057393.69999993
2025-08-01 09:46:34 AM,3141.0,0,0.0,193057393.69999993
2025-08-01 09:46:35 AM,3141.0,10,31410.0,193088803.69999993
2025-08-01 09:46:41 AM,3141.2,0,0.0,193088803.69999993
2025-08-01 09:46:41 AM,3141.2,13,40835.6,193129639.29999992
2025-08-01 09:46:42 AM,3142.0,0,0.0,193129639.29999992
2025-08-01 09:46:46 AM,3142.0,1,3142.0,193132781.29999992
2025-08-01 09:47:25 AM,3142.1,2,6284.2,193139065.4999999
2025-08-01 09:47:29 AM,3142.1,20,62842.0,193201907.4999999
2025-08-01 09:47:36 AM,3142.1,2,6284.2,193208191.6999999
2025-08-01 09:47:38 AM,3142.0,32,100544.0,193308735.6999999
2025-08-01 09:47:41 AM,3142.2,0,0.0,193308735.6999999
2025-08-01 09:47:43 AM,3142.2,3,9426.599999999999,193318162.2999999
2025-08-01 09:47:45 AM,3142.9,1,3142.9,193321305.1999999
2025-08-01 09:47:59 AM,3143.8,0,0.0,193321305.1999999
2025-08-01 09:47:59 AM,3143.8,13,40869.4,193362174.5999999
2025-08-01 09:48:03 AM,3140.1,73,229227.3,193591401.89999992
2025-08-01 09:48:08 AM,3140.2,0,0.0,193591401.89999992
2025-08-01 09:48:09 AM,3140.2,14,43962.799999999996,193635364.69999993
2025-08-01 09:48:31 AM,3142.3,7,21996.100000000002,193657360.79999992
2025-08-01 09:48:37 AM,3141.8,40,125672.0,193783032.79999992
2025-08-01 09:48:40 AM,3141.9,0,0.0,193783032.79999992
2025-08-01 09:48:41 AM,3141.9,4,12567.6,193795600.39999992
2025-08-01 09:48:44 AM,3143.9,0,0.0,193795600.39999992
2025-08-01 09:48:44 AM,3143.9,7,22007.3,193817607.69999993
2025-08-01 09:49:03 AM,3143.9,1,3143.9,193820751.59999993
2025-08-01 09:49:08 AM,3145.0,0,0.0,193820751.59999993
2025-08-01 09:49:08 AM,3145.5,0,0.0,193820751.59999993
2025-08-01 09:49:09 AM,3145.5,157,493843.5,194314595.09999993
2025-08-01 09:49:12 AM,3147.3,0,0.0,194314595.09999993
2025-08-01 09:49:13 AM,3147.3,22,69240.6,194383835.69999993
2025-08-01 09:49:15 AM,3144.8,6,18868.800000000003,194402704.49999994
2025-08-01 09:49:19 AM,3147.4,0,0.0,194402704.49999994
2025-08-01 09:49:19 AM,3147.4,1,3147.4,194405851.89999995
2025-08-01 09:49:28 AM,3144.7,0,0.0,194405851.89999995
2025-08-01 09:49:31 AM,3144.7,2,6289.4,194412141.29999995
2025-08-01 09:50:06 AM,3146.4,9,28317.600000000002,194440458.89999995
2025-08-01 09:50:09 AM,3145.1,0,0.0,194440458.89999995
2025-08-01 09:50:10 AM,3145.1,1,3145.1,194443603.99999994
2025-08-01 09:50:19 AM,3145.1,4,12580.4,194456184.39999995
2025-08-01 09:50:29 AM,3145.0,0,0.0,194456184.39999995
2025-08-01 09:50:29 AM,3145.0,8,25160.0,194481344.39999995
2025-08-01 09:50:38 AM,3148.4,7,22038.8,194503383.19999996
2025-08-01 09:50:39 AM,3150.0,0,0.0,194503383.19999996
2025-08-01 09:50:41 AM,3150.8,0,0.0,194503383.19999996
2025-08-01 09:50:41 AM,3150.8,52,163841.6,194667224.79999995
2025-08-01 09:50:44 AM,3150.8,5,15754.0,194682978.79999995
2025-08-01 09:50:45 AM,3154.3,0,0.0,194682978.79999995
2025-08-01 09:50:47 AM,3154.3,70,220801.0,194903779.79999995
2025-08-01 09:50:48 AM,3152.1,0,0.0,194903779.79999995
2025-08-01 09:50:50 AM,3156.2,0,0.0,194903779.79999995
2025-08-01 09:50:50 AM,3156.2,661,2086248.2,196990027.99999994
2025-08-01 09:50:52 AM,3156.5,0,0.0,196990027.99999994
2025-08-01 09:50:54 AM,3153.4,197,621219.8,197611247.79999995
2025-08-01 09:50:54 AM,3155.2,0,0.0,197611247.79999995
2025-08-01 09:50:56 AM,3155.2,28,88345.59999999999,197699593.39999995
2025-08-01 09:51:00 AM,3153.8,0,0.0,197699593.39999995
2025-08-01 09:51:00 AM,3153.8,2,6307.6,197705900.99999994
2025-08-01 09:51:03 AM,3154.3,0,0.0,197705900.99999994
2025-08-01 09:51:06 AM,3156.5,0,0.0,197705900.99999994
2025-08-01 09:51:06 AM,3156.5,172,542918.0,198248818.99999994
2025-08-01 09:51:07 AM,3156.6,0,0.0,198248818.99999994
2025-08-01 09:51:09 AM,3156.6,2,6313.2,198255132.19999993
2025-08-01 09:51:11 AM,3156.2,0,0.0,198255132.19999993
2025-08-01 09:51:13 AM,3156.2,19,59967.799999999996,198315099.99999994
2025-08-01 09:51:15 AM,3153.7,20,63074.0,198378173.99999994
2025-08-01 09:51:18 AM,3154.1,0,0.0,198378173.99999994
2025-08-01 09:51:19 AM,3154.1,4,12616.4,198390790.39999995
2025-08-01 09:51:25 AM,3158.9,101,319048.9,198709839.29999995
2025-08-01 09:51:27 AM,3158.3,0,0.0,198709839.29999995
2025-08-01 09:51:31 AM,3157.0,0,0.0,198709839.29999995
2025-08-01 09:51:31 AM,3157.0,64,202048.0,198911887.29999995
2025-08-01 09:51:33 AM,3154.7,0,0.0,198911887.29999995
2025-08-01 09:51:34 AM,3154.7,7,22082.899999999998,198933970.19999996
2025-08-01 09:51:35 AM,3153.9,0,0.0,198933970.19999996
2025-08-01 09:51:37 AM,3159.5,0,0.0,198933970.19999996
2025-08-01 09:51:38 AM,3159.5,284,897298.0,199831268.19999996
2025-08-01 09:51:50 AM,3158.4,1,3158.4,199834426.59999996
2025-08-01 09:51:52 AM,3158.5,0,0.0,199834426.59999996
2025-08-01 09:51:53 AM,3158.5,1,3158.5,199837585.09999996
2025-08-01 09:52:11 AM,3159.5,0,0.0,199837585.09999996
2025-08-01 09:52:11 AM,3159.5,25,78987.5,199916572.59999996
2025-08-01 09:52:14 AM,3157.4,52,164184.80000000002,200080757.39999998
2025-08-01 09:52:17 AM,3159.6,10,31596.0,200112353.39999998
2025-08-01 09:52:19 AM,3156.3,0,0.0,200112353.39999998
2025-08-01 09:52:21 AM,3156.3,64,202003.2,200314356.59999996
2025-08-01 09:52:32 AM,3156.4,0,0.0,200314356.59999996
2025-08-01 09:52:33 AM,3156.4,1,3156.4,200317512.99999997
2025-08-01 09:52:35 AM,3154.8,0,0.0,200317512.99999997
2025-08-01 09:52:36 AM,3156.3,2,6312.6,200323825.59999996
2025-08-01 09:52:39 AM,3156.3,59,186221.7,200510047.29999995
2025-08-01 09:52:57 AM,3156.3,1,3156.3,200513203.59999996
2025-08-01 09:53:03 AM,3156.3,3,9468.900000000001,200522672.49999997
2025-08-01 09:53:05 AM,3156.3,5,15781.5,200538453.99999997
2025-08-01 09:53:09 AM,3156.3,10,31563.0,200570016.99999997
2025-08-01 09:53:14 AM,3158.1,0,0.0,200570016.99999997
2025-08-01 09:53:16 AM,3158.1,20,63162.0,200633178.99999997
2025-08-01 09:53:22 AM,3156.9,0,0.0,200633178.99999997
2025-08-01 09:53:22 AM,3156.9,1,3156.9,200636335.89999998
2025-08-01 09:53:28 AM,3155.9,34,107300.6,200743636.49999997
2025-08-01 09:53:47 AM,3154.9,10,31549.0,200775185.49999997
2025-08-01 09:54:03 AM,3155.0,0,0.0,200775185.49999997
2025-08-01 09:54:05 AM,3155.0,224,706720.0,201481905.49999997
2025-08-01 09:54:09 AM,3156.6,0,0.0,201481905.49999997
2025-08-01 09:54:12 AM,3156.6,50,157830.0,201639735.49999997
2025-08-01 09:54:25 AM,3155.2,94,296588.8,201936324.29999998
2025-08-01 09:54:32 AM,3157.2,0,0.0,201936324.29999998
2025-08-01 09:54:37 AM,3153.3,0,0.0,201936324.29999998
2025-08-01 09:54:37 AM,3153.3,114,359476.2,202295800.49999997
2025-08-01 09:54:52 AM,3152.6,0,0.0,202295800.49999997
2025-08-01 09:54:54 AM,3152.6,40,126104.0,202421904.49999997
2025-08-01 09:55:07 AM,3154.3,1,3154.3,202425058.79999998
2025-08-01 09:55:12 AM,3155.2,32,100966.4,202526025.2
2025-08-01 09:55:13 AM,3154.4,12,37852.8,202563878.0
2025-08-01 09:55:17 AM,3154.3,0,0.0,202563878.0
2025-08-01 09:55:18 AM,3154.3,1,3154.3,202567032.3
2025-08-01 09:55:30 AM,3155.3,30,94659.0,202661691.3
2025-08-01 09:55:42 AM,3151.7,13,40972.1,202702663.4
2025-08-01 09:55:47 AM,3150.7,0,0.0,202702663.4
2025-08-01 09:55:48 AM,3150.7,5,15753.5,202718416.9
2025-08-01 09:55:54 AM,3150.1,2,6300.2,202724717.1
2025-08-01 09:56:00 AM,3150.0,17,53550.0,202778267.1
2025-08-01 09:56:06 AM,3150.0,37,116550.0,202894817.1
2025-08-01 09:56:07 AM,3151.5,0,0.0,202894817.1
2025-08-01 09:56:07 AM,3151.5,5,15757.5,202910574.6
2025-08-01 09:56:27 AM,3152.1,0,0.0,202910574.6
2025-08-01 09:56:30 AM,3152.1,232,731287.2,203641861.79999998
2025-08-01 09:56:31 AM,3151.9,0,0.0,203641861.79999998
2025-08-01 09:56:31 AM,3151.9,1,3151.9,203645013.7
2025-08-01 09:56:34 AM,3150.1,0,0.0,203645013.7
2025-08-01 09:56:36 AM,3150.1,6,18900.6,203663914.29999998
2025-08-01 09:56:54 AM,3148.4,12,37780.8,203701695.1
2025-08-01 09:57:00 AM,3148.4,1,3148.4,203704843.5
2025-08-01 09:57:30 AM,3148.8,0,0.0,203704843.5
2025-08-01 09:57:31 AM,3148.8,48,151142.40000000002,203855985.9
2025-08-01 09:57:37 AM,3147.0,33,103851.0,203959836.9
2025-08-01 09:58:14 AM,3146.2,2,6292.4,203966129.3
2025-08-01 09:58:19 AM,3145.2,0,0.0,203966129.3
2025-08-01 09:58:20 AM,3141.9,20,62838.0,204028967.3
2025-08-01 09:58:23 AM,3141.4,0,0.0,204028967.3
2025-08-01 09:58:24 AM,3141.4,2,6282.8,204035250.10000002
2025-08-01 09:58:26 AM,3141.0,20,62820.0,204098070.10000002
2025-08-01 09:58:30 AM,3141.0,2,6282.0,204104352.10000002
2025-08-01 09:58:36 AM,3141.0,31,97371.0,204201723.10000002
2025-08-01 09:58:42 AM,3141.0,4,12564.0,204214287.10000002
2025-08-01 09:59:03 AM,3138.0,0,0.0,204214287.10000002
2025-08-01 09:59:03 AM,3138.0,256,803328.0,205017615.10000002
2025-08-01 09:59:06 AM,3134.0,59,184906.0,205202521.10000002
2025-08-01 09:59:13 AM,3132.8,0,0.0,205202521.10000002
2025-08-01 09:59:13 AM,3132.8,142,444857.60000000003,205647378.70000002
2025-08-01 09:59:19 AM,3133.8,24,75211.20000000001,205722589.9
2025-08-01 09:59:25 AM,3132.5,0,0.0,205722589.9
2025-08-01 09:59:25 AM,3132.5,16,50120.0,205772709.9
2025-08-01 09:59:28 AM,3132.5,1,3132.5,205775842.4
2025-08-01 09:59:31 AM,3132.5,3,9397.5,205785239.9
2025-08-01 09:59:38 AM,3132.5,1,3132.5,205788372.4
2025-08-01 09:59:49 AM,3133.4,0,0.0,205788372.4
2025-08-01 09:59:50 AM,3132.5,50,156625.0,205944997.4
2025-08-01 09:59:52 AM,3133.9,0,0.0,205944997.4
2025-08-01 09:59:53 AM,3133.9,1,3133.9,205948131.3
2025-08-01 09:59:56 AM,3132.4,20,62648.0,206010779.3
2025-08-01 09:59:59 AM,3134.3,0,0.0,206010779.3
2025-08-01 09:59:59 AM,3134.3,105,329101.5,206339880.8
2025-08-01 10:00:00 AM,3132.8,0,0.0,206339880.8
2025-08-01 10:00:02 AM,3132.8,3,9398.400000000001,206349279.20000002
2025-08-01 10:00:04 AM,3130.7,0,0.0,206349279.20000002
2025-08-01 10:00:05 AM,3130.7,282,882857.3999999999,207232136.60000002
2025-08-01 10:00:22 AM,3124.5,116,362442.0,207594578.60000002
2025-08-01 10:00:24 AM,3127.0,5,15635.0,207610213.60000002
2025-08-01 10:00:34 AM,3124.2,0,0.0,207610213.60000002
2025-08-01 10:00:34 AM,3124.2,11,34366.2,207644579.8
2025-08-01 10:00:35 AM,3124.0,0,0.0,207644579.8
2025-08-01 10:00:37 AM,3124.0,3,9372.0,207653951.8
2025-08-01 10:00:40 AM,3124.1,0,0.0,207653951.8
2025-08-01 10:00:40 AM,3124.1,1,3124.1,207657075.9
2025-08-01 10:00:41 AM,3122.7,0,0.0,207657075.9
2025-08-01 10:00:43 AM,3122.7,25,78067.5,207735143.4
2025-08-01 10:00:46 AM,3123.2,47,146790.4,207881933.8
2025-08-01 10:00:56 AM,3123.3,14,43726.200000000004,207925660.0
2025-08-01 10:00:59 AM,3123.3,136,424768.80000000005,208350428.8
2025-08-01 10:01:02 AM,3123.7,42,131195.4,208481624.20000002
2025-08-01 10:01:05 AM,3122.5,89,277902.5,208759526.70000002
2025-08-01 10:01:11 AM,3123.1,0,0.0,208759526.70000002
2025-08-01 10:01:12 AM,3123.1,9,28107.899999999998,208787634.60000002
2025-08-01 10:01:23 AM,3125.1,0,0.0,208787634.60000002
2025-08-01 10:01:24 AM,3124.6,0,0.0,208787634.60000002
2025-08-01 10:01:24 AM,3124.6,57,178102.19999999998,208965736.8
2025-08-01 10:01:30 AM,3124.6,6,18747.6,208984484.4
2025-08-01 10:01:32 AM,3124.5,0,0.0,208984484.4
2025-08-01 10:01:34 AM,3124.5,26,81237.0,209065721.4
2025-08-01 10:01:36 AM,3125.0,0,0.0,209065721.4
2025-08-01 10:01:36 AM,3126.2,4,12504.8,209078226.20000002
2025-08-01 10:01:39 AM,3125.1,0,0.0,209078226.20000002
2025-08-01 10:01:40 AM,3125.1,25,78127.5,209156353.70000002
2025-08-01 10:01:42 AM,3125.2,3,9375.599999999999,209165729.3
2025-08-01 10:01:46 AM,3125.2,3,9375.599999999999,209175104.9
2025-08-01 10:01:49 AM,3126.5,0,0.0,209175104.9
2025-08-01 10:01:53 AM,3125.3,29,90633.70000000001,209265738.6
2025-08-01 10:01:59 AM,3125.3,3,9375.900000000001,209275114.5
2025-08-01 10:02:05 AM,3125.3,41,128137.3,209403251.8
2025-08-01 10:02:13 AM,3124.6,24,74990.4,209478242.20000002
2025-08-01 10:02:23 AM,3125.0,0,0.0,209478242.20000002
2025-08-01 10:02:24 AM,3124.6,0,0.0,209478242.20000002
2025-08-01 10:02:24 AM,3124.6,120,374952.0,209853194.20000002
2025-08-01 10:02:26 AM,3124.6,16,49993.6,209903187.8
2025-08-01 10:02:33 AM,3124.4,0,0.0,209903187.8
2025-08-01 10:02:36 AM,3125.7,21,65639.7,209968827.5
2025-08-01 10:02:43 AM,3124.1,165,515476.5,210484304.0
2025-08-01 10:02:45 AM,3124.1,4,12496.4,210496800.4
2025-08-01 10:02:51 AM,3124.1,14,43737.4,210540537.8
2025-08-01 10:02:55 AM,3124.6,0,0.0,210540537.8
2025-08-01 10:02:56 AM,3124.6,3,9373.8,210549911.60000002
2025-08-01 10:02:59 AM,3124.9,0,0.0,210549911.60000002
2025-08-01 10:03:02 AM,3122.7,51,159257.69999999998,210709169.3
2025-08-01 10:03:23 AM,3123.1,0,0.0,210709169.3
2025-08-01 10:03:23 AM,3123.1,5,15615.5,210724784.8
2025-08-01 10:03:31 AM,3126.7,0,0.0,210724784.8
2025-08-01 10:03:34 AM,3126.7,100,312670.0,211037454.8
2025-08-01 10:03:42 AM,3125.7,1,3125.7,211040580.5
2025-08-01 10:03:49 AM,3127.0,26,81302.0,211121882.5
2025-08-01 10:04:30 AM,3124.3,100,312430.0,211434312.5
2025-08-01 10:04:37 AM,3124.3,18,56237.4,211490549.9
2025-08-01 10:05:10 AM,3124.3,50,156215.0,211646764.9
2025-08-01 10:05:20 AM,3125.5,0,0.0,211646764.9
2025-08-01 10:05:20 AM,3125.5,5,15627.5,211662392.4
2025-08-01 10:05:26 AM,3122.7,1,3122.7,211665515.1
2025-08-01 10:05:50 AM,3125.5,11,34380.5,211699895.6
2025-08-01 10:05:55 AM,3123.4,0,0.0,211699895.6
2025-08-01 10:05:56 AM,3120.0,498,1553760.0,213253655.6
2025-08-01 10:05:58 AM,3116.0,980,3053680.0,216307335.6
2025-08-01 10:06:05 AM,3115.7,206,641834.2,216949169.79999998
2025-08-01 10:06:08 AM,3115.5,3,9346.5,216958516.29999998
2025-08-01 10:06:11 AM,3113.2,45,140094.0,217098610.29999998
2025-08-01 10:06:15 AM,3110.6,0,0.0,217098610.29999998
2025-08-01 10:06:16 AM,3111.0,192,597312.0,217695922.29999998
2025-08-01 10:06:18 AM,3111.2,0,0.0,217695922.29999998
2025-08-01 10:06:20 AM,3111.2,28,87113.59999999999,217783035.89999998
2025-08-01 10:06:22 AM,3111.0,10,31110.0,217814145.89999998
2025-08-01 10:06:26 AM,3110.2,62,192832.4,218006978.29999998
2025-08-01 10:06:27 AM,3112.5,0,0.0,218006978.29999998
2025-08-01 10:06:28 AM,3112.5,25,77812.5,218084790.79999998
2025-08-01 10:06:30 AM,3112.4,0,0.0,218084790.79999998
2025-08-01 10:06:31 AM,3111.0,16,49776.0,218134566.79999998
2025-08-01 10:06:38 AM,3111.0,77,239547.0,218374113.79999998
2025-08-01 10:06:40 AM,3111.0,13,40443.0,218414556.79999998
2025-08-01 10:06:43 AM,3112.3,0,0.0,218414556.79999998
2025-08-01 10:06:44 AM,3112.3,13,40459.9,218455016.7
2025-08-01 10:06:46 AM,3111.1,16,49777.6,218504794.29999998
2025-08-01 10:06:52 AM,3111.1,1,3111.1,218507905.39999998
2025-08-01 10:07:02 AM,3112.1,0,0.0,218507905.39999998
2025-08-01 10:07:02 AM,3112.3,571,1777123.3,220285028.7
2025-08-01 10:07:11 AM,3112.5,12,37350.0,220322378.7
2025-08-01 10:07:21 AM,3112.5,3,9337.5,220331716.2
2025-08-01 10:07:23 AM,3113.2,60,186792.0,220518508.2
2025-08-01 10:07:27 AM,3112.1,0,0.0,220518508.2
2025-08-01 10:07:27 AM,3112.1,18,56017.799999999996,220574526.0
2025-08-01 10:07:29 AM,3112.1,3,9336.3,220583862.3
2025-08-01 10:07:31 AM,3113.9,0,0.0,220583862.3
2025-08-01 10:07:33 AM,3113.9,25,77847.5,220661709.8
2025-08-01 10:07:52 AM,3111.0,143,444873.0,221106582.8
2025-08-01 10:07:58 AM,3109.9,40,124396.0,221230978.8
2025-08-01 10:08:06 AM,3109.7,1,3109.7,221234088.5
2025-08-01 10:08:17 AM,3109.5,1,3109.5,221237198.0
2025-08-01 10:08:22 AM,3117.1,0,0.0,221237198.0
2025-08-01 10:08:23 AM,3112.2,0,0.0,221237198.0
2025-08-01 10:08:23 AM,3112.2,291,905650.2,222142848.2
2025-08-01 10:08:27 AM,3111.6,0,0.0,222142848.2
2025-08-01 10:08:28 AM,3114.3,0,0.0,222142848.2
2025-08-01 10:08:29 AM,3113.1,136,423381.6,222566229.79999998
2025-08-01 10:08:30 AM,3113.7,0,0.0,222566229.79999998
2025-08-01 10:08:31 AM,3113.7,2,6227.4,222572457.2
2025-08-01 10:08:33 AM,3113.3,0,0.0,222572457.2
2025-08-01 10:08:35 AM,3113.3,15,46699.5,222619156.7
2025-08-01 10:08:39 AM,3110.2,0,0.0,222619156.7
2025-08-01 10:08:41 AM,3110.2,190,590938.0,223210094.7
2025-08-01 10:08:42 AM,3111.2,0,0.0,223210094.7
2025-08-01 10:08:43 AM,3111.2,21,65335.2,223275429.89999998
2025-08-01 10:08:51 AM,3110.2,0,0.0,223275429.89999998
2025-08-01 10:08:53 AM,3110.2,10,31102.0,223306531.89999998
2025-08-01 10:08:57 AM,3110.3,0,0.0,223306531.89999998
2025-08-01 10:08:59 AM,3110.3,1,3110.3,223309642.2
2025-08-01 10:09:04 AM,3109.3,0,0.0,223309642.2
2025-08-01 10:09:05 AM,3109.3,8,24874.4,223334516.6
2025-08-01 10:09:40 AM,3109.3,50,155465.0,223489981.6
2025-08-01 10:09:43 AM,3111.8,0,0.0,223489981.6
2025-08-01 10:09:46 AM,3111.8,38,118248.40000000001,223608230.0
2025-08-01 10:10:08 AM,3110.3,20,62206.0,223670436.0
2025-08-01 10:10:10 AM,3110.3,2,6220.6,223676656.6
2025-08-01 10:10:14 AM,3109.3,0,0.0,223676656.6
2025-08-01 10:10:14 AM,3109.3,387,1203299.1,224879955.7
2025-08-01 10:10:16 AM,3110.9,43,133768.7,225013724.39999998
2025-08-01 10:10:20 AM,3110.3,0,0.0,225013724.39999998
2025-08-01 10:10:20 AM,3110.3,6,18661.800000000003,225032386.2
2025-08-01 10:10:21 AM,3115.0,0,0.0,225032386.2
2025-08-01 10:10:22 AM,3113.9,129,401693.10000000003,225434079.29999998
2025-08-01 10:10:24 AM,3111.7,0,0.0,225434079.29999998
2025-08-01 10:10:26 AM,3112.0,41,127592.0,225561671.29999998
2025-08-01 10:10:32 AM,3114.0,35,108990.0,225670661.29999998
2025-08-01 10:10:40 AM,3113.2,1,3113.2,225673774.49999997
2025-08-01 10:10:42 AM,3114.0,0,0.0,225673774.49999997
2025-08-01 10:10:44 AM,3114.0,50,155700.0,225829474.49999997
2025-08-01 10:11:09 AM,3114.0,165,513810.0,226343284.49999997
2025-08-01 10:11:12 AM,3114.1,0,0.0,226343284.49999997
2025-08-01 10:11:14 AM,3114.0,4,12456.0,226355740.49999997
2025-08-01 10:11:20 AM,3114.0,28,87192.0,226442932.49999997
2025-08-01 10:11:21 AM,3113.4,0,0.0,226442932.49999997
2025-08-01 10:11:21 AM,3113.4,5,15567.0,226458499.49999997
2025-08-01 10:11:24 AM,3116.2,0,0.0,226458499.49999997
2025-08-01 10:11:24 AM,3116.6,0,0.0,226458499.49999997
2025-08-01 10:11:25 AM,3115.0,37,115255.0,226573754.49999997
2025-08-01 10:11:30 AM,3115.8,0,0.0,226573754.49999997
2025-08-01 10:11:31 AM,3115.8,4,12463.2,226586217.69999996
2025-08-01 10:11:32 AM,3114.9,1,3114.9,226589332.59999996
2025-08-01 10:11:39 AM,3115.1,0,0.0,226589332.59999996
2025-08-01 10:11:42 AM,3117.1,0,0.0,226589332.59999996
2025-08-01 10:11:42 AM,3117.1,52,162089.19999999998,226751421.79999995
2025-08-01 10:11:45 AM,3117.2,0,0.0,226751421.79999995
2025-08-01 10:11:48 AM,3116.5,75,233737.5,226985159.29999995
2025-08-01 10:11:54 AM,3117.0,0,0.0,226985159.29999995
2025-08-01 10:11:54 AM,3117.0,13,40521.0,227025680.29999995
2025-08-01 10:11:56 AM,3117.2,466,1452615.2,228478295.49999994
2025-08-01 10:12:00 AM,3117.2,148,461345.6,228939641.09999993
2025-08-01 10:12:06 AM,3117.2,81,252493.19999999998,229192134.29999992
2025-08-01 10:12:12 AM,3117.2,73,227555.59999999998,229419689.89999992
2025-08-01 10:12:13 AM,3114.9,10,31149.0,229450838.89999992
2025-08-01 10:12:21 AM,3115.0,0,0.0,229450838.89999992
2025-08-01 10:12:24 AM,3115.0,1,3115.0,229453953.89999992
2025-08-01 10:12:29 AM,3116.1,1,3116.1,229457069.9999999
2025-08-01 10:12:47 AM,3116.1,50,155805.0,229612874.9999999
2025-08-01 10:12:57 AM,3115.0,0,0.0,229612874.9999999
2025-08-01 10:12:58 AM,3115.0,26,80990.0,229693864.9999999
2025-08-01 10:13:51 AM,3113.2,0,0.0,229693864.9999999
2025-08-01 10:13:52 AM,3113.2,36,112075.2,229805940.1999999
2025-08-01 10:13:57 AM,3113.2,37,115188.4,229921128.5999999
2025-08-01 10:14:03 AM,3114.0,0,0.0,229921128.5999999
2025-08-01 10:14:03 AM,3114.0,5,15570.0,229936698.5999999
2025-08-01 10:14:09 AM,3112.4,4,12449.6,229949148.1999999
2025-08-01 10:14:12 AM,3111.5,0,0.0,229949148.1999999
2025-08-01 10:14:15 AM,3111.7,0,0.0,229949148.1999999
2025-08-01 10:14:15 AM,3111.7,21,65345.7,230014493.8999999
2025-08-01 10:14:18 AM,3114.0,0,0.0,230014493.8999999
2025-08-01 10:14:21 AM,3114.0,3,9342.0,230023835.8999999
2025-08-01 10:14:49 AM,3114.0,104,323856.0,230347691.8999999
2025-08-01 10:14:52 AM,3115.8,0,0.0,230347691.8999999
2025-08-01 10:14:54 AM,3117.5,0,0.0,230347691.8999999
2025-08-01 10:14:55 AM,3115.4,21,65423.4,230413115.2999999
2025-08-01 10:14:58 AM,3115.8,0,0.0,230413115.2999999
2025-08-01 10:15:01 AM,3115.8,7,21810.600000000002,230434925.8999999
2025-08-01 10:15:04 AM,3115.7,0,0.0,230434925.8999999
2025-08-01 10:15:06 AM,3114.1,0,0.0,230434925.8999999
2025-08-01 10:15:07 AM,3114.1,51,158819.1,230593744.99999988
2025-08-01 10:15:10 AM,3113.4,0,0.0,230593744.99999988
2025-08-01 10:15:12 AM,3115.8,0,0.0,230593744.99999988
2025-08-01 10:15:12 AM,3115.8,48,149558.40000000002,230743303.3999999
2025-08-01 10:15:20 AM,3114.5,0,0.0,230743303.3999999
2025-08-01 10:15:24 AM,3115.4,0,0.0,230743303.3999999
2025-08-01 10:15:25 AM,3115.4,60,186924.0,230930227.3999999
2025-08-01 10:15:35 AM,3115.5,0,0.0,230930227.3999999
2025-08-01 10:15:37 AM,3115.5,7,21808.5,230952035.8999999
2025-08-01 10:15:42 AM,3113.5,0,0.0,230952035.8999999
2025-08-01 10:15:43 AM,3113.5,40,124540.0,231076575.8999999
2025-08-01 10:15:43 AM,3115.7,11,34272.7,231110848.59999987
2025-08-01 10:15:45 AM,3121.4,0,0.0,231110848.59999987
2025-08-01 10:15:48 AM,3127.9,0,0.0,231110848.59999987
2025-08-01 10:15:49 AM,3127.9,792,2477296.8000000003,233588145.3999999
2025-08-01 10:15:50 AM,3126.4,0,0.0,233588145.3999999
2025-08-01 10:15:51 AM,3128.1,0,0.0,233588145.3999999
2025-08-01 10:15:53 AM,3126.1,0,0.0,233588145.3999999
2025-08-01 10:15:54 AM,3130.0,0,0.0,233588145.3999999
2025-08-01 10:15:55 AM,3130.0,62,194060.0,233782205.3999999
2025-08-01 10:15:56 AM,3128.5,0,0.0,233782205.3999999
2025-08-01 10:15:57 AM,3130.7,0,0.0,233782205.3999999
2025-08-01 10:15:59 AM,3131.9,0,0.0,233782205.3999999
2025-08-01 10:16:00 AM,3131.9,154,482312.60000000003,234264517.99999988
2025-08-01 10:16:02 AM,3131.8,0,0.0,234264517.99999988
2025-08-01 10:16:03 AM,3136.8,0,0.0,234264517.99999988
2025-08-01 10:16:05 AM,3136.4,0,0.0,234264517.99999988
2025-08-01 10:16:06 AM,3134.8,0,0.0,234264517.99999988
2025-08-01 10:16:06 AM,3134.8,157,492163.60000000003,234756681.59999987
2025-08-01 10:16:08 AM,3138.4,0,0.0,234756681.59999987
2025-08-01 10:16:09 AM,3134.9,0,0.0,234756681.59999987
2025-08-01 10:16:11 AM,3138.9,0,0.0,234756681.59999987
2025-08-01 10:16:12 AM,3137.8,94,294953.2,235051634.79999986
2025-08-01 10:16:14 AM,3135.0,0,0.0,235051634.79999986
2025-08-01 10:16:15 AM,3139.1,0,0.0,235051634.79999986
2025-08-01 10:16:17 AM,3138.4,0,0.0,235051634.79999986
2025-08-01 10:16:18 AM,3141.6,0,0.0,235051634.79999986
2025-08-01 10:16:18 AM,3141.6,40,125664.0,235177298.79999986
2025-08-01 10:16:24 AM,3140.7,0,0.0,235177298.79999986
2025-08-01 10:16:24 AM,3140.7,14,43969.799999999996,235221268.59999987
2025-08-01 10:16:26 AM,3137.6,0,0.0,235221268.59999987
2025-08-01 10:16:29 AM,3141.1,0,0.0,235221268.59999987
2025-08-01 10:16:29 AM,3141.1,16,50257.6,235271526.19999987
2025-08-01 10:16:32 AM,3137.4,0,0.0,235271526.19999987
2025-08-01 10:16:35 AM,3141.6,0,0.0,235271526.19999987
2025-08-01 10:16:35 AM,3141.6,82,257611.19999999998,235529137.39999986
2025-08-01 10:16:38 AM,3139.5,0,0.0,235529137.39999986
2025-08-01 10:16:41 AM,3139.5,36,113022.0,235642159.39999986
2025-08-01 10:16:42 AM,3143.6,50,157180.0,235799339.39999986
2025-08-01 10:16:44 AM,3139.9,0,0.0,235799339.39999986
2025-08-01 10:16:47 AM,3139.9,23,72217.7,235871557.09999985
2025-08-01 10:16:54 AM,3140.1,0,0.0,235871557.09999985
2025-08-01 10:16:56 AM,3140.2,0,0.0,235871557.09999985
2025-08-01 10:16:57 AM,3143.6,0,0.0,235871557.09999985
2025-08-01 10:16:58 AM,3140.6,135,423981.0,236295538.09999985
2025-08-01 10:17:02 AM,3143.3,0,0.0,236295538.09999985
2025-08-01 10:17:03 AM,3143.3,30,94299.0,236389837.09999985
2025-08-01 10:17:09 AM,3143.3,2,6286.6,236396123.69999984
2025-08-01 10:17:09 AM,3145.9,23,72355.7,236468479.39999983
2025-08-01 10:17:11 AM,3147.0,0,0.0,236468479.39999983
2025-08-01 10:17:12 AM,3145.1,0,0.0,236468479.39999983
2025-08-01 10:17:14 AM,3146.9,0,0.0,236468479.39999983
2025-08-01 10:17:14 AM,3144.5,54,169803.0,236638282.39999983
2025-08-01 10:17:16 AM,3147.0,0,0.0,236638282.39999983
2025-08-01 10:17:20 AM,3143.9,0,0.0,236638282.39999983
2025-08-01 10:17:20 AM,3143.8,111,348961.80000000005,236987244.19999984
2025-08-01 10:17:26 AM,3143.8,23,72307.40000000001,237059551.59999985
2025-08-01 10:17:30 AM,3142.7,0,0.0,237059551.59999985
2025-08-01 10:17:32 AM,3142.1,0,0.0,237059551.59999985
2025-08-01 10:17:32 AM,3143.0,50,157150.0,237216701.59999985
2025-08-01 10:17:35 AM,3143.8,0,0.0,237216701.59999985
2025-08-01 10:17:38 AM,3144.2,0,0.0,237216701.59999985
2025-08-01 10:17:38 AM,3144.2,71,223238.19999999998,237439939.79999983
2025-08-01 10:17:44 AM,3144.2,19,59739.799999999996,237499679.59999985
2025-08-01 10:17:50 AM,3144.4,0,0.0,237499679.59999985
2025-08-01 10:17:50 AM,3144.4,27,84898.8,237584578.39999986
2025-08-01 10:17:51 AM,3144.6,0,0.0,237584578.39999986
2025-08-01 10:17:53 AM,3146.5,0,0.0,237584578.39999986
2025-08-01 10:17:54 AM,3144.2,0,0.0,237584578.39999986
2025-08-01 10:17:55 AM,3144.2,20,62884.0,237647462.39999986
2025-08-01 10:17:58 AM,3146.3,0,0.0,237647462.39999986
2025-08-01 10:18:01 AM,3146.3,103,324068.9,237971531.29999986
2025-08-01 10:18:05 AM,3146.6,0,0.0,237971531.29999986
2025-08-01 10:18:07 AM,3146.6,14,44052.4,238015583.69999987
2025-08-01 10:18:13 AM,3142.1,111,348773.1,238364356.79999986
2025-08-01 10:18:17 AM,3139.5,0,0.0,238364356.79999986
2025-08-01 10:18:19 AM,3139.5,43,134998.5,238499355.29999986
2025-08-01 10:18:36 AM,3139.1,1,3139.1,238502494.39999986
2025-08-01 10:18:43 AM,3139.5,0,0.0,238502494.39999986
2025-08-01 10:18:46 AM,3143.0,0,0.0,238502494.39999986
2025-08-01 10:18:48 AM,3143.0,10,31430.0,238533924.39999986
2025-08-01 10:18:57 AM,3143.5,0,0.0,238533924.39999986
2025-08-01 10:18:59 AM,3143.5,2,6287.0,238540211.39999986
2025-08-01 10:19:07 AM,3142.2,0,0.0,238540211.39999986
2025-08-01 10:19:10 AM,3142.2,13,40848.6,238581059.99999985
2025-08-01 10:19:22 AM,3141.5,0,0.0,238581059.99999985
2025-08-01 10:19:22 AM,3141.5,4,12566.0,238593625.99999985
2025-08-01 10:19:28 AM,3141.4,1,3141.4,238596767.39999986
2025-08-01 10:19:51 AM,3141.4,10,31414.0,238628181.39999986
2025-08-01 10:19:55 AM,3143.0,0,0.0,238628181.39999986
2025-08-01 10:19:56 AM,3143.0,2,6286.0,238634467.39999986
2025-08-01 10:20:12 AM,3143.1,1,3143.1,238637610.49999985
2025-08-01 10:20:14 AM,3143.1,3,9429.3,238647039.79999986
2025-08-01 10:20:24 AM,3143.1,41,128867.09999999999,238775906.89999986
2025-08-01 10:20:29 AM,3144.6,0,0.0,238775906.89999986
2025-08-01 10:20:30 AM,3143.3,14,44006.200000000004,238819913.09999985
2025-08-01 10:20:36 AM,3143.3,3,9429.900000000001,238829342.99999985
2025-08-01 10:20:38 AM,3143.3,1,3143.3,238832486.29999986
2025-08-01 10:20:42 AM,3143.3,1,3143.3,238835629.59999987
2025-08-01 10:20:45 AM,3145.8,0,0.0,238835629.59999987
2025-08-01 10:20:48 AM,3145.8,15,47187.0,238882816.59999987
2025-08-01 10:20:54 AM,3146.4,0,0.0,238882816.59999987
2025-08-01 10:20:54 AM,3146.4,3,9439.2,238892255.79999986
2025-08-01 10:21:00 AM,3149.0,0,0.0,238892255.79999986
2025-08-01 10:21:00 AM,3149.0,50,157450.0,239049705.79999986
2025-08-01 10:21:04 AM,3146.9,0,0.0,239049705.79999986
2025-08-01 10:21:05 AM,3144.8,18,56606.4,239106312.19999987
2025-08-01 10:21:08 AM,3144.6,0,0.0,239106312.19999987
2025-08-01 10:21:10 AM,3149.1,0,0.0,239106312.19999987
2025-08-01 10:21:11 AM,3146.1,41,128990.09999999999,239235302.29999986
2025-08-01 10:21:16 AM,3147.0,0,0.0,239235302.29999986
2025-08-01 10:21:16 AM,3147.0,5,15735.0,239251037.29999986
2025-08-01 10:21:18 AM,3146.7,0,0.0,239251037.29999986
2025-08-01 10:21:18 AM,3146.7,8,25173.6,239276210.89999986
2025-08-01 10:21:22 AM,3149.2,0,0.0,239276210.89999986
2025-08-01 10:21:22 AM,3149.2,94,296024.8,239572235.69999987
2025-08-01 10:21:27 AM,3147.0,6,18882.0,239591117.69999987
2025-08-01 10:21:33 AM,3148.3,0,0.0,239591117.69999987
2025-08-01 10:21:35 AM,3148.3,3,9444.900000000001,239600562.59999987
2025-08-01 10:21:38 AM,3149.7,3,9449.099999999999,239610011.69999987
2025-08-01 10:21:42 AM,3146.9,0,0.0,239610011.69999987
2025-08-01 10:21:44 AM,3146.9,1,3146.9,239613158.59999987
2025-08-01 10:21:48 AM,3144.9,0,0.0,239613158.59999987
2025-08-01 10:21:50 AM,3144.9,14,44028.6,239657187.19999987
2025-08-01 10:21:54 AM,3149.8,0,0.0,239657187.19999987
2025-08-01 10:21:56 AM,3148.0,93,292764.0,239949951.19999987
2025-08-01 10:21:57 AM,3149.0,0,0.0,239949951.19999987
2025-08-01 10:21:57 AM,3149.0,202,636098.0,240586049.19999987
2025-08-01 10:22:00 AM,3152.4,0,0.0,240586049.19999987
2025-08-01 10:22:01 AM,3149.9,109,343339.10000000003,240929388.29999986
2025-08-01 10:22:03 AM,3149.7,6,18898.199999999997,240948286.49999985
2025-08-01 10:22:04 AM,3150.0,0,0.0,240948286.49999985
2025-08-01 10:22:04 AM,3149.8,0,0.0,240948286.49999985
2025-08-01 10:22:07 AM,3149.2,59,185802.8,241134089.29999986
2025-08-01 10:22:08 AM,3146.5,16,50344.0,241184433.29999986
2025-08-01 10:22:12 AM,3147.2,0,0.0,241184433.29999986
2025-08-01 10:22:12 AM,3147.2,8,25177.6,241209610.89999986
2025-08-01 10:22:18 AM,3149.4,0,0.0,241209610.89999986
2025-08-01 10:22:18 AM,3149.4,3,9448.2,241219059.09999985
2025-08-01 10:22:24 AM,3150.4,0,0.0,241219059.09999985
2025-08-01 10:22:24 AM,3151.3,0,0.0,241219059.09999985
2025-08-01 10:22:24 AM,3151.3,4,12605.2,241231664.29999983
2025-08-01 10:22:27 AM,3148.9,0,0.0,241231664.29999983
2025-08-01 10:22:27 AM,3148.9,22,69275.8,241300940.09999985
2025-08-01 10:22:30 AM,3151.5,0,0.0,241300940.09999985
2025-08-01 10:22:30 AM,3151.5,190,598785.0,241899725.09999985
2025-08-01 10:22:36 AM,3149.3,19,59836.700000000004,241959561.79999983
2025-08-01 10:22:38 AM,3146.4,29,91245.6,242050807.39999983
2025-08-01 10:22:41 AM,3148.4,5,15742.0,242066549.39999983
2025-08-01 10:24:05 AM,3145.0,0,0.0,242066549.39999983
2025-08-01 10:24:08 AM,3144.2,0,0.0,242066549.39999983
2025-08-01 10:24:08 AM,3144.2,16,50307.2,242116856.59999982
2025-08-01 10:24:17 AM,3140.4,0,0.0,242116856.59999982
2025-08-01 10:24:19 AM,3140.4,116,364286.4,242481142.99999982
2025-08-01 10:24:26 AM,3132.5,0,0.0,242481142.99999982
2025-08-01 10:24:26 AM,3131.0,244,763964.0,243245106.99999982
2025-08-01 10:24:30 AM,3129.5,0,0.0,243245106.99999982
2025-08-01 10:24:30 AM,3129.5,48,150216.0,243395322.99999982
2025-08-01 10:24:33 AM,3128.9,0,0.0,243395322.99999982
2025-08-01 10:24:35 AM,3131.9,0,0.0,243395322.99999982
2025-08-01 10:24:36 AM,3131.9,116,363300.4,243758623.39999983
2025-08-01 10:24:38 AM,3135.1,9,28215.899999999998,243786839.29999983
2025-08-01 10:24:39 AM,3135.0,0,0.0,243786839.29999983
2025-08-01 10:24:41 AM,3135.0,11,34485.0,243821324.29999983
2025-08-01 10:24:43 AM,3135.6,5,15678.0,243837002.29999983
2025-08-01 10:24:45 AM,3137.5,0,0.0,243837002.29999983
2025-08-01 10:24:46 AM,3137.5,1,3137.5,243840139.79999983
2025-08-01 10:24:47 AM,3135.9,0,0.0,243840139.79999983
2025-08-01 10:24:49 AM,3135.9,2,6271.8,243846411.59999985
2025-08-01 10:24:51 AM,3137.4,0,0.0,243846411.59999985
2025-08-01 10:24:52 AM,3137.4,3,9412.2,243855823.79999983
2025-08-01 10:25:17 AM,3137.0,100,313700.0,244169523.79999983
2025-08-01 10:25:19 AM,3137.5,18,56475.0,244225998.79999983
2025-08-01 10:25:29 AM,3137.5,1,3137.5,244229136.29999983
2025-08-01 10:25:37 AM,3137.0,0,0.0,244229136.29999983
2025-08-01 10:25:37 AM,3137.0,150,470550.0,244699686.29999983
2025-08-01 10:25:39 AM,3137.5,18,56475.0,244756161.29999983
2025-08-01 10:25:40 AM,3137.8,0,0.0,244756161.29999983
2025-08-01 10:25:40 AM,3137.8,11,34515.8,244790677.09999985
2025-08-01 10:25:42 AM,3137.6,4,12550.4,244803227.49999985
2025-08-01 10:25:44 AM,3137.5,2,6275.0,244809502.49999985
2025-08-01 10:25:47 AM,3137.9,1,3137.9,244812640.39999986
2025-08-01 10:25:49 AM,3138.0,1,3138.0,244815778.39999986
2025-08-01 10:26:04 AM,3137.5,0,0.0,244815778.39999986
2025-08-01 10:26:05 AM,3137.5,60,188250.0,245004028.39999986
2025-08-01 10:26:07 AM,3137.5,8,25100.0,245029128.39999986
2025-08-01 10:26:13 AM,3137.6,12,37651.2,245066779.59999985
2025-08-01 10:26:15 AM,3137.5,0,0.0,245066779.59999985
2025-08-01 10:26:16 AM,3137.5,1,3137.5,245069917.09999985
2025-08-01 10:26:21 AM,3136.9,0,0.0,245069917.09999985
2025-08-01 10:26:22 AM,3136.9,1,3136.9,245073053.99999985
2025-08-01 10:26:33 AM,3130.9,0,0.0,245073053.99999985
2025-08-01 10:26:33 AM,3130.9,500,1565450.0,246638503.99999985
2025-08-01 10:26:36 AM,3136.1,0,0.0,246638503.99999985
2025-08-01 10:26:36 AM,3136.1,82,257160.19999999998,246895664.19999984
2025-08-01 10:26:42 AM,3136.0,0,0.0,246895664.19999984
2025-08-01 10:26:42 AM,3136.0,153,479808.0,247375472.19999984
2025-08-01 10:26:45 AM,3137.9,0,0.0,247375472.19999984
2025-08-01 10:26:45 AM,3137.9,40,125516.0,247500988.19999984
2025-08-01 10:26:47 AM,3140.5,63,197851.5,247698839.69999984
2025-08-01 10:26:53 AM,3139.4,22,69066.8,247767906.49999985
2025-08-01 10:26:58 AM,3139.1,0,0.0,247767906.49999985
2025-08-01 10:26:59 AM,3139.1,5,15695.5,247783601.99999985
2025-08-01 10:27:06 AM,3137.8,0,0.0,247783601.99999985
2025-08-01 10:27:08 AM,3137.8,2,6275.6,247789877.59999985
2025-08-01 10:27:40 AM,3139.2,0,0.0,247789877.59999985
2025-08-01 10:27:41 AM,3139.2,1,3139.2,247793016.79999983
2025-08-01 10:27:46 AM,3139.2,1,3139.2,247796155.99999982
2025-08-01 10:28:11 AM,3139.2,26,81619.2,247877775.1999998
2025-08-01 10:28:13 AM,3139.2,1,3139.2,247880914.3999998
2025-08-01 10:28:16 AM,3140.0,0,0.0,247880914.3999998
2025-08-01 10:28:16 AM,3140.0,5,15700.0,247896614.3999998
2025-08-01 10:28:21 AM,3139.5,0,0.0,247896614.3999998
2025-08-01 10:28:22 AM,3139.5,2,6279.0,247902893.3999998
2025-08-01 10:28:24 AM,3139.6,0,0.0,247902893.3999998
2025-08-01 10:28:24 AM,3139.6,1,3139.6,247906032.9999998
2025-08-01 10:28:31 AM,3140.0,0,0.0,247906032.9999998
2025-08-01 10:28:33 AM,3140.0,1,3140.0,247909172.9999998
2025-08-01 10:28:35 AM,3139.2,0,0.0,247909172.9999998
2025-08-01 10:28:35 AM,3140.0,64,200960.0,248110132.9999998
2025-08-01 10:28:37 AM,3141.6,0,0.0,248110132.9999998
2025-08-01 10:28:38 AM,3142.0,53,166526.0,248276658.9999998
2025-08-01 10:28:40 AM,3140.5,0,0.0,248276658.9999998
2025-08-01 10:28:41 AM,3140.5,8,25124.0,248301782.9999998
2025-08-01 10:28:52 AM,3141.8,0,0.0,248301782.9999998
2025-08-01 10:28:52 AM,3141.8,11,34559.8,248336342.7999998
2025-08-01 10:28:55 AM,3142.0,0,0.0,248336342.7999998
2025-08-01 10:28:55 AM,3142.0,10,31420.0,248367762.7999998
2025-08-01 10:28:58 AM,3142.0,1,3142.0,248370904.7999998
2025-08-01 10:29:01 AM,3140.4,0,0.0,248370904.7999998
2025-08-01 10:29:03 AM,3140.4,1,3140.4,248374045.1999998
2025-08-01 10:29:05 AM,3143.0,0,0.0,248374045.1999998
2025-08-01 10:29:06 AM,3143.0,62,194866.0,248568911.1999998
2025-08-01 10:29:15 AM,3142.7,0,0.0,248568911.1999998
2025-08-01 10:29:15 AM,3142.7,74,232559.8,248801470.99999982
2025-08-01 10:29:17 AM,3143.7,0,0.0,248801470.99999982
2025-08-01 10:29:17 AM,3143.7,12,37724.399999999994,248839195.39999983
2025-08-01 10:29:24 AM,3142.4,0,0.0,248839195.39999983
2025-08-01 10:29:26 AM,3142.4,10,31424.0,248870619.39999983
2025-08-01 10:29:27 AM,3144.4,0,0.0,248870619.39999983
2025-08-01 10:29:28 AM,3145.2,21,66049.2,248936668.59999982
2025-08-01 10:29:31 AM,3143.4,0,0.0,248936668.59999982
2025-08-01 10:29:31 AM,3144.4,19,59743.6,248996412.1999998
2025-08-01 10:29:33 AM,3143.3,4,12573.2,249008985.3999998
2025-08-01 10:29:39 AM,3144.8,0,0.0,249008985.3999998
2025-08-01 10:29:39 AM,3144.8,6,18868.800000000003,249027854.1999998
2025-08-01 10:29:45 AM,3144.0,0,0.0,249027854.1999998
2025-08-01 10:29:45 AM,3144.0,1,3144.0,249030998.1999998
2025-08-01 10:29:47 AM,3145.7,0,0.0,249030998.1999998
2025-08-01 10:29:47 AM,3145.7,1,3145.7,249034143.8999998
2025-08-01 10:29:49 AM,3144.8,0,0.0,249034143.8999998
2025-08-01 10:29:50 AM,3144.3,11,34587.3,249068731.1999998
2025-08-01 10:29:55 AM,3146.7,0,0.0,249068731.1999998
2025-08-01 10:29:56 AM,3146.9,19,59791.1,249128522.2999998
2025-08-01 10:29:57 AM,3144.6,0,0.0,249128522.2999998
2025-08-01 10:29:59 AM,3146.3,0,0.0,249128522.2999998
2025-08-01 10:29:59 AM,3146.3,7,22024.100000000002,249150546.3999998
2025-08-01 10:30:01 AM,3146.4,0,0.0,249150546.3999998
2025-08-01 10:30:01 AM,3146.4,1,3146.4,249153692.7999998
2025-08-01 10:30:04 AM,3146.4,2,6292.8,249159985.59999982
2025-08-01 10:30:29 AM,3146.8,0,0.0,249159985.59999982
2025-08-01 10:30:30 AM,3146.8,10,31468.0,249191453.59999982
2025-08-01 10:30:33 AM,3145.8,1,3145.8,249194599.39999983
2025-08-01 10:30:35 AM,3143.8,0,0.0,249194599.39999983
2025-08-01 10:30:36 AM,3145.9,145,456155.5,249650754.89999983
2025-08-01 10:30:41 AM,3145.6,0,0.0,249650754.89999983
2025-08-01 10:30:42 AM,3145.6,12,37747.2,249688502.09999982
2025-08-01 10:30:47 AM,3144.7,0,0.0,249688502.09999982
2025-08-01 10:30:48 AM,3144.7,4,12578.8,249701080.89999983
2025-08-01 10:30:49 AM,3146.0,0,0.0,249701080.89999983
2025-08-01 10:30:50 AM,3146.0,25,78650.0,249779730.89999983
2025-08-01 10:30:54 AM,3145.5,0,0.0,249779730.89999983
2025-08-01 10:30:55 AM,3145.5,3,9436.5,249789167.39999983
2025-08-01 10:30:57 AM,3143.9,0,0.0,249789167.39999983
2025-08-01 10:30:59 AM,3143.9,17,53446.3,249842613.69999984
2025-08-01 10:31:03 AM,3145.9,0,0.0,249842613.69999984
2025-08-01 10:31:05 AM,3145.9,3,9437.7,249852051.39999983
2025-08-01 10:31:11 AM,3145.5,1,3145.5,249855196.89999983
2025-08-01 10:31:13 AM,3145.5,1,3145.5,249858342.39999983
2025-08-01 10:31:16 AM,3147.3,3,9441.900000000001,249867784.29999983
2025-08-01 10:31:19 AM,3147.3,2,6294.6,249874078.89999983
2025-08-01 10:31:30 AM,3145.3,0,0.0,249874078.89999983
2025-08-01 10:31:30 AM,3145.3,1,3145.3,249877224.19999984
2025-08-01 10:32:32 AM,3145.3,1,3145.3,249880369.49999985
2025-08-01 10:32:39 AM,3145.6,0,0.0,249880369.49999985
2025-08-01 10:32:39 AM,3145.6,24,75494.4,249955863.89999986
2025-08-01 10:32:42 AM,3147.8,20,62956.0,250018819.89999986
2025-08-01 10:32:45 AM,3146.7,8,25173.6,250043993.49999985
2025-08-01 10:32:54 AM,3150.0,0,0.0,250043993.49999985
2025-08-01 10:32:56 AM,3150.0,15,47250.0,250091243.49999985
2025-08-01 10:32:59 AM,3147.0,2,6294.0,250097537.49999985
2025-08-01 10:33:00 AM,3147.9,0,0.0,250097537.49999985
2025-08-01 10:33:01 AM,3149.8,24,75595.20000000001,250173132.69999984
2025-08-01 10:33:15 AM,3149.5,0,0.0,250173132.69999984
2025-08-01 10:33:15 AM,3149.5,2,6299.0,250179431.69999984
2025-08-01 10:33:21 AM,3149.8,0,0.0,250179431.69999984
2025-08-01 10:33:21 AM,3149.8,10,31498.0,250210929.69999984
2025-08-01 10:33:30 AM,3150.6,0,0.0,250210929.69999984
2025-08-01 10:33:32 AM,3150.6,53,166981.8,250377911.49999985
2025-08-01 10:33:35 AM,3149.8,1,3149.8,250381061.29999986
2025-08-01 10:33:43 AM,3150.8,0,0.0,250381061.29999986
2025-08-01 10:33:46 AM,3150.8,6,18904.800000000003,250399966.09999987
2025-08-01 10:33:48 AM,3148.4,1,3148.4,250403114.49999988
2025-08-01 10:33:57 AM,3149.8,0,0.0,250403114.49999988
2025-08-01 10:33:58 AM,3149.8,10,31498.0,250434612.49999988
2025-08-01 10:34:01 AM,3150.4,0,0.0,250434612.49999988
2025-08-01 10:34:03 AM,3150.4,1,3150.4,250437762.8999999
2025-08-01 10:34:13 AM,3151.4,0,0.0,250437762.8999999
2025-08-01 10:34:15 AM,3151.4,50,157570.0,250595332.8999999
2025-08-01 10:34:19 AM,3152.4,0,0.0,250595332.8999999
2025-08-01 10:34:20 AM,3152.4,16,50438.4,250645771.2999999
2025-08-01 10:34:25 AM,3152.2,0,0.0,250645771.2999999
2025-08-01 10:34:26 AM,3152.2,1,3152.2,250648923.49999988
2025-08-01 10:34:27 AM,3152.4,5,15762.0,250664685.49999988
2025-08-01 10:34:31 AM,3152.4,68,214363.2,250879048.69999987
2025-08-01 10:34:37 AM,3154.9,0,0.0,250879048.69999987
2025-08-01 10:34:37 AM,3154.9,31,97801.90000000001,250976850.59999987
2025-08-01 10:34:39 AM,3157.9,301,950527.9,251927378.49999988
2025-08-01 10:34:40 AM,3156.4,0,0.0,251927378.49999988
2025-08-01 10:34:42 AM,3158.8,13,41064.4,251968442.8999999
2025-08-01 10:34:45 AM,3155.1,47,148289.69999999998,252116732.59999987
2025-08-01 10:34:46 AM,3158.4,0,0.0,252116732.59999987
2025-08-01 10:34:48 AM,3158.4,46,145286.4,252262018.99999988
2025-08-01 10:34:50 AM,3158.3,4,12633.2,252274652.19999987
2025-08-01 10:34:55 AM,3157.4,0,0.0,252274652.19999987
2025-08-01 10:34:56 AM,3158.8,11,34746.8,252309398.99999988
2025-08-01 10:35:02 AM,3158.2,19,60005.799999999996,252369404.7999999
2025-08-01 10:35:03 AM,3156.1,0,0.0,252369404.7999999
2025-08-01 10:35:05 AM,3156.1,1,3156.1,252372560.8999999
2025-08-01 10:35:08 AM,3155.8,1,3155.8,252375716.6999999
2025-08-01 10:35:09 AM,3158.3,0,0.0,252375716.6999999
2025-08-01 10:35:11 AM,3158.3,3,9474.900000000001,252385191.5999999
2025-08-01 10:35:13 AM,3159.1,0,0.0,252385191.5999999
2025-08-01 10:35:14 AM,3158.3,28,88432.40000000001,252473623.9999999
2025-08-01 10:35:15 AM,3160.0,0,0.0,252473623.9999999
2025-08-01 10:35:17 AM,3158.4,0,0.0,252473623.9999999
2025-08-01 10:35:17 AM,3158.4,13,41059.200000000004,252514683.1999999
2025-08-01 10:35:19 AM,3160.4,7,22122.8,252536805.9999999
2025-08-01 10:35:21 AM,3157.6,0,0.0,252536805.9999999
2025-08-01 10:35:22 AM,3157.9,0,0.0,252536805.9999999
2025-08-01 10:35:22 AM,3157.9,25,78947.5,252615753.4999999
2025-08-01 10:35:27 AM,3154.5,0,0.0,252615753.4999999
2025-08-01 10:35:28 AM,3154.5,6,18927.0,252634680.4999999
2025-08-01 10:35:31 AM,3152.5,0,0.0,252634680.4999999
2025-08-01 10:35:33 AM,3152.1,0,0.0,252634680.4999999
2025-08-01 10:35:34 AM,3152.1,80,252168.0,252886848.4999999
2025-08-01 10:35:37 AM,3146.0,0,0.0,252886848.4999999
2025-08-01 10:35:39 AM,3146.0,77,242242.0,253129090.4999999
2025-08-01 10:35:42 AM,3139.7,0,0.0,253129090.4999999
2025-08-01 10:35:42 AM,3139.7,36,113029.2,253242119.6999999
2025-08-01 10:35:45 AM,3137.8,0,0.0,253242119.6999999
2025-08-01 10:35:45 AM,3137.8,35,109823.0,253351942.6999999
2025-08-01 10:35:46 AM,3135.7,0,0.0,253351942.6999999
2025-08-01 10:35:47 AM,3135.7,80,250856.0,253602798.6999999
2025-08-01 10:35:51 AM,3130.1,70,219107.0,253821905.6999999
2025-08-01 10:35:54 AM,3132.9,0,0.0,253821905.6999999
2025-08-01 10:35:55 AM,3130.1,0,0.0,253821905.6999999
2025-08-01 10:35:56 AM,3132.3,53,166011.90000000002,253987917.5999999
2025-08-01 10:35:58 AM,3134.3,0,0.0,253987917.5999999
2025-08-01 10:35:58 AM,3134.3,3,9402.900000000001,253997320.4999999
2025-08-01 10:36:05 AM,3132.3,4,12529.2,254009849.6999999
2025-08-01 10:36:06 AM,3132.3,3,9396.900000000001,254019246.5999999
2025-08-01 10:36:16 AM,3134.7,1,3134.7,254022381.2999999
2025-08-01 10:36:20 AM,3133.9,2,6267.8,254028649.0999999
2025-08-01 10:36:22 AM,3134.0,1,3134.0,254031783.0999999
2025-08-01 10:36:27 AM,3133.2,0,0.0,254031783.0999999
2025-08-01 10:36:27 AM,3133.2,10,31332.0,254063115.0999999
2025-08-01 10:36:29 AM,3136.7,10,31367.0,254094482.0999999
2025-08-01 10:36:29 AM,3133.6,0,0.0,254094482.0999999
2025-08-01 10:36:29 AM,3133.6,1,3133.6,254097615.6999999
2025-08-01 10:36:30 AM,3136.1,2,6272.2,254103887.8999999
2025-08-01 10:36:31 AM,3136.1,3,9408.3,254113296.1999999
2025-08-01 10:36:32 AM,3143.5,0,0.0,254113296.1999999
2025-08-01 10:36:32 AM,3143.5,128,402368.0,254515664.1999999
2025-08-01 10:36:35 AM,3143.6,0,0.0,254515664.1999999
2025-08-01 10:36:35 AM,3143.6,1,3143.6,254518807.7999999
2025-08-01 10:36:35 AM,3143.5,7,22004.5,254540812.2999999
2025-08-01 10:36:36 AM,3143.2,0,0.0,254540812.2999999
2025-08-01 10:36:36 AM,3143.5,0,0.0,254540812.2999999
2025-08-01 10:36:36 AM,3143.5,14,44009.0,254584821.2999999
2025-08-01 10:36:39 AM,3144.6,1,3144.6,254587965.8999999
2025-08-01 10:36:41 AM,3142.3,10,31423.0,254619388.8999999
2025-08-01 10:36:42 AM,3144.6,42,132073.19999999998,254751462.09999987
2025-08-01 10:36:45 AM,3144.2,0,0.0,254751462.09999987
2025-08-01 10:36:45 AM,3144.2,7,22009.399999999998,254773471.49999988
2025-08-01 10:36:46 AM,3142.0,0,0.0,254773471.49999988
2025-08-01 10:36:46 AM,3142.0,1,3142.0,254776613.49999988
2025-08-01 10:36:58 AM,3142.2,1,3142.2,254779755.69999987
2025-08-01 10:36:59 AM,3141.8,1,3141.8,254782897.49999988
2025-08-01 10:37:00 AM,3142.2,1,3142.2,254786039.69999987
2025-08-01 10:37:04 AM,3142.3,0,0.0,254786039.69999987
2025-08-01 10:37:04 AM,3142.3,1,3142.3,254789181.99999988
2025-08-01 10:37:10 AM,3143.7,68,213771.59999999998,255002953.59999987
2025-08-01 10:37:15 AM,3141.2,20,62824.0,255065777.59999987
2025-08-01 10:37:28 AM,3141.3,0,0.0,255065777.59999987
2025-08-01 10:37:29 AM,3140.3,0,0.0,255065777.59999987
2025-08-01 10:37:30 AM,3140.3,2,6280.6,255072058.19999987
2025-08-01 10:37:40 AM,3138.6,0,0.0,255072058.19999987
2025-08-01 10:37:41 AM,3138.6,10,31386.0,255103444.19999987
2025-08-01 10:37:43 AM,3140.9,0,0.0,255103444.19999987
2025-08-01 10:37:44 AM,3140.9,3,9422.7,255112866.89999986
2025-08-01 10:37:49 AM,3141.3,48,150782.40000000002,255263649.29999986
2025-08-01 10:37:55 AM,3142.2,5,15711.0,255279360.29999986
2025-08-01 10:37:56 AM,3141.0,0,0.0,255279360.29999986
2025-08-01 10:37:58 AM,3140.9,0,0.0,255279360.29999986
2025-08-01 10:37:58 AM,3140.9,2,6281.8,255285642.09999987
2025-08-01 10:38:00 AM,3141.8,2,6283.6,255291925.69999987
2025-08-01 10:38:08 AM,3142.2,0,0.0,255291925.69999987
2025-08-01 10:38:10 AM,3142.4,9,28281.600000000002,255320207.29999986
2025-08-01 10:38:13 AM,3139.7,301,945049.7,256265256.99999985
2025-08-01 10:38:16 AM,3140.4,100,314040.0,256579296.99999985
2025-08-01 10:38:18 AM,3141.2,0,0.0,256579296.99999985
2025-08-01 10:38:19 AM,3141.2,49,153918.8,256733215.79999986
2025-08-01 10:38:26 AM,3140.9,0,0.0,256733215.79999986
2025-08-01 10:38:29 AM,3140.4,21,65948.40000000001,256799164.19999987
2025-08-01 10:38:31 AM,3140.1,7,21980.7,256821144.89999986
2025-08-01 10:38:37 AM,3142.2,0,0.0,256821144.89999986
2025-08-01 10:38:37 AM,3142.2,13,40848.6,256861993.49999985
2025-08-01 10:38:40 AM,3142.2,6,18853.199999999997,256880846.69999984
2025-08-01 10:38:49 AM,3142.2,2,6284.4,256887131.09999985
2025-08-01 10:38:52 AM,3140.6,1,3140.6,256890271.69999984
2025-08-01 10:38:54 AM,3140.0,0,0.0,256890271.69999984
2025-08-01 10:38:54 AM,3140.0,1,3140.0,256893411.69999984
2025-08-01 10:38:57 AM,3141.8,0,0.0,256893411.69999984
2025-08-01 10:38:57 AM,3141.8,1,3141.8,256896553.49999985
2025-08-01 10:39:08 AM,3140.4,1,3140.4,256899693.89999986
2025-08-01 10:39:22 AM,3139.2,0,0.0,256899693.89999986
2025-08-01 10:39:22 AM,3139.2,11,34531.2,256934225.09999985
2025-08-01 10:39:30 AM,3137.8,0,0.0,256934225.09999985
2025-08-01 10:39:31 AM,3137.8,1,3137.8,256937362.89999986
2025-08-01 10:39:47 AM,3136.4,1,3136.4,256940499.29999986
2025-08-01 10:39:57 AM,3137.5,0,0.0,256940499.29999986
2025-08-01 10:39:58 AM,3137.5,6,18825.0,256959324.29999986
2025-08-01 10:40:04 AM,3137.4,0,0.0,256959324.29999986
2025-08-01 10:40:04 AM,3137.4,1,3137.4,256962461.69999987
2025-08-01 10:40:06 AM,3134.4,232,727180.8,257689642.49999988
2025-08-01 10:40:09 AM,3134.9,1,3134.9,257692777.3999999
2025-08-01 10:40:10 AM,3135.0,0,0.0,257692777.3999999
2025-08-01 10:40:12 AM,3137.0,0,0.0,257692777.3999999
2025-08-01 10:40:12 AM,3137.0,52,163124.0,257855901.3999999
2025-08-01 10:40:20 AM,3137.4,0,0.0,257855901.3999999
2025-08-01 10:40:20 AM,3137.4,3,9412.2,257865313.59999987
2025-08-01 10:40:22 AM,3137.8,0,0.0,257865313.59999987
2025-08-01 10:40:23 AM,3137.8,1,3137.8,257868451.3999999
2025-08-01 10:40:25 AM,3135.3,0,0.0,257868451.3999999
2025-08-01 10:40:26 AM,3135.3,10,31353.0,257899804.3999999
2025-08-01 10:40:30 AM,3137.2,0,0.0,257899804.3999999
2025-08-01 10:40:31 AM,3137.2,1,3137.2,257902941.59999987
2025-08-01 10:40:34 AM,3135.4,0,0.0,257902941.59999987
2025-08-01 10:40:34 AM,3135.4,6,18812.4,257921753.99999988
2025-08-01 10:40:44 AM,3135.9,0,0.0,257921753.99999988
2025-08-01 10:40:45 AM,3135.9,2,6271.8,257928025.7999999
2025-08-01 10:41:20 AM,3135.0,0,0.0,257928025.7999999
2025-08-01 10:41:22 AM,3135.0,5,15675.0,257943700.7999999
2025-08-01 10:41:25 AM,3136.6,0,0.0,257943700.7999999
2025-08-01 10:41:28 AM,3136.6,1,3136.6,257946837.3999999
2025-08-01 10:41:39 AM,3135.3,1,3135.3,257949972.6999999
2025-08-01 10:42:02 AM,3133.9,0,0.0,257949972.6999999
2025-08-01 10:42:02 AM,3133.9,2,6267.8,257956240.4999999
2025-08-01 10:42:04 AM,3133.5,0,0.0,257956240.4999999
2025-08-01 10:42:06 AM,3133.5,10,31335.0,257987575.4999999
2025-08-01 10:42:08 AM,3132.7,601,1882752.7,259870328.1999999
2025-08-01 10:42:08 AM,3134.3,0,0.0,259870328.1999999
2025-08-01 10:42:12 AM,3134.3,3,9402.900000000001,259879731.0999999
2025-08-01 10:42:15 AM,3133.8,0,0.0,259879731.0999999
2025-08-01 10:42:18 AM,3134.3,56,175520.80000000002,260055251.89999992
2025-08-01 10:42:19 AM,3135.4,0,0.0,260055251.89999992
2025-08-01 10:42:19 AM,3135.4,30,94062.0,260149313.89999992
2025-08-01 10:42:20 AM,3136.1,0,0.0,260149313.89999992
2025-08-01 10:42:22 AM,3137.2,0,0.0,260149313.89999992
2025-08-01 10:42:23 AM,3137.2,43,134899.6,260284213.4999999
2025-08-01 10:42:25 AM,3137.7,13,40790.1,260325003.5999999
2025-08-01 10:42:26 AM,3134.1,0,0.0,260325003.5999999
2025-08-01 10:42:28 AM,3134.1,76,238191.6,260563195.1999999
2025-08-01 10:42:32 AM,3134.0,0,0.0,260563195.1999999
2025-08-01 10:42:34 AM,3134.2,0,0.0,260563195.1999999
2025-08-01 10:42:34 AM,3134.2,51,159844.19999999998,260723039.3999999
2025-08-01 10:42:38 AM,3135.4,0,0.0,260723039.3999999
2025-08-01 10:42:39 AM,3135.0,97,304095.0,261027134.3999999
2025-08-01 10:42:47 AM,3132.2,1,3132.2,261030266.59999987
2025-08-01 10:42:51 AM,3135.0,10,31350.0,261061616.59999987
2025-08-01 10:42:53 AM,3135.0,2,6270.0,261067886.59999987
2025-08-01 10:43:07 AM,3134.9,16,50158.4,261118044.99999988
2025-08-01 10:43:08 AM,3135.0,0,0.0,261118044.99999988
2025-08-01 10:43:08 AM,3135.0,2,6270.0,261124314.99999988
2025-08-01 10:43:11 AM,3134.9,1,3134.9,261127449.8999999
2025-08-01 10:43:12 AM,3135.0,7,21945.0,261149394.8999999
2025-08-01 10:43:16 AM,3136.4,0,0.0,261149394.8999999
2025-08-01 10:43:16 AM,3136.4,47,147410.80000000002,261296805.6999999
2025-08-01 10:43:18 AM,3136.4,5,15682.0,261312487.6999999
2025-08-01 10:43:19 AM,3137.9,5,15689.5,261328177.1999999
2025-08-01 10:43:20 AM,3136.7,0,0.0,261328177.1999999
2025-08-01 10:43:21 AM,3137.9,2,6275.8,261334452.9999999
2025-08-01 10:43:25 AM,3138.0,0,0.0,261334452.9999999
2025-08-01 10:43:25 AM,3138.0,8,25104.0,261359556.9999999
2025-08-01 10:43:27 AM,3138.0,7,21966.0,261381522.9999999
2025-08-01 10:43:27 AM,3140.0,172,540080.0,261921602.9999999
2025-08-01 10:43:30 AM,3137.5,0,0.0,261921602.9999999
2025-08-01 10:43:30 AM,3137.5,165,517687.5,262439290.4999999
2025-08-01 10:43:31 AM,3136.7,0,0.0,262439290.4999999
2025-08-01 10:43:31 AM,3135.2,24,75244.79999999999,262514535.29999992
2025-08-01 10:43:33 AM,3135.8,2,6271.6,262520806.89999992
2025-08-01 10:43:34 AM,3137.8,19,59618.200000000004,262580425.0999999
2025-08-01 10:43:35 AM,3137.8,1,3137.8,262583562.89999992
2025-08-01 10:43:41 AM,3137.8,1,3137.8,262586700.69999993
2025-08-01 10:43:43 AM,3137.8,5,15689.0,262602389.69999993
2025-08-01 10:43:46 AM,3137.9,0,0.0,262602389.69999993
2025-08-01 10:43:46 AM,3137.9,11,34516.9,262636906.59999993
2025-08-01 10:43:49 AM,3138.4,1,3138.4,262640044.99999994
2025-08-01 10:43:49 AM,3138.4,1,3138.4,262643183.39999995
2025-08-01 10:43:53 AM,3135.2,50,156760.0,262799943.39999995
2025-08-01 10:43:55 AM,3137.7,0,0.0,262799943.39999995
2025-08-01 10:43:55 AM,3137.7,7,21963.899999999998,262821907.29999995
2025-08-01 10:43:58 AM,3135.9,0,0.0,262821907.29999995
2025-08-01 10:43:58 AM,3135.9,3,9407.7,262831314.99999994
2025-08-01 10:44:00 AM,3138.0,0,0.0,262831314.99999994
2025-08-01 10:44:02 AM,3138.0,128,401664.0,263232978.99999994
2025-08-01 10:44:08 AM,3137.1,8,25096.8,263258075.79999995
2025-08-01 10:44:11 AM,3137.9,7,21965.3,263280041.09999996
2025-08-01 10:44:22 AM,3137.8,1,3137.8,263283178.89999998
2025-08-01 10:44:27 AM,3137.1,1,3137.1,263286315.99999997
2025-08-01 10:44:29 AM,3137.9,0,0.0,263286315.99999997
2025-08-01 10:44:30 AM,3137.9,20,62758.0,263349073.99999997
2025-08-01 10:44:36 AM,3138.2,0,0.0,263349073.99999997
2025-08-01 10:44:38 AM,3138.2,3,9414.599999999999,263358488.59999996
2025-08-01 10:44:43 AM,3138.2,1,3138.2,263361626.79999995
2025-08-01 10:44:46 AM,3138.5,0,0.0,263361626.79999995
2025-08-01 10:44:46 AM,3138.5,1,3138.5,263364765.29999995
2025-08-01 10:44:48 AM,3138.2,0,0.0,263364765.29999995
2025-08-01 10:44:49 AM,3138.2,2,6276.4,263371041.69999996
2025-08-01 10:44:50 AM,3138.8,0,0.0,263371041.69999996
2025-08-01 10:44:51 AM,3138.8,49,153801.2,263524842.89999995
2025-08-01 10:44:54 AM,3138.8,16,50220.8,263575063.69999996
2025-08-01 10:44:55 AM,3139.5,0,0.0,263575063.69999996
2025-08-01 10:44:57 AM,3138.8,8,25110.4,263600174.09999996
2025-08-01 10:44:58 AM,3139.9,0,0.0,263600174.09999996
2025-08-01 10:44:59 AM,3139.9,7,21979.3,263622153.39999998
2025-08-01 10:45:03 AM,3139.5,0,0.0,263622153.39999998
2025-08-01 10:45:05 AM,3139.5,24,75348.0,263697501.39999998
2025-08-01 10:45:09 AM,3138.8,0,0.0,263697501.39999998
2025-08-01 10:45:11 AM,3138.8,2,6277.6,263703778.99999997
2025-08-01 10:45:12 AM,3140.0,0,0.0,263703778.99999997
2025-08-01 10:45:13 AM,3140.0,3,9420.0,263713198.99999997
2025-08-01 10:45:24 AM,3139.6,0,0.0,263713198.99999997
2025-08-01 10:45:24 AM,3139.6,1,3139.6,263716338.59999996
2025-08-01 10:45:32 AM,3138.0,0,0.0,263716338.59999996
2025-08-01 10:45:32 AM,3136.6,73,228971.8,263945310.39999998
2025-08-01 10:45:34 AM,3136.9,0,0.0,263945310.39999998
2025-08-01 10:45:35 AM,3136.9,9,28232.100000000002,263973542.49999997
2025-08-01 10:45:36 AM,3136.6,0,0.0,263973542.49999997
2025-08-01 10:45:37 AM,3136.6,4,12546.4,263986088.89999998
2025-08-01 10:45:47 AM,3136.0,0,0.0,263986088.89999998
2025-08-01 10:45:48 AM,3136.0,2,6272.0,263992360.89999998
2025-08-01 10:46:04 AM,3135.0,0,0.0,263992360.89999998
2025-08-01 10:46:05 AM,3135.0,25,78375.0,264070735.89999998
2025-08-01 10:46:07 AM,3135.0,2,6270.0,264077005.89999998
2025-08-01 10:46:08 AM,3135.9,0,0.0,264077005.89999998
2025-08-01 10:46:11 AM,3135.9,4,12543.6,264089549.49999997
2025-08-01 10:46:19 AM,3135.0,3,9405.0,264098954.49999997
2025-08-01 10:46:29 AM,3134.6,0,0.0,264098954.49999997
2025-08-01 10:46:30 AM,3134.6,1,3134.6,264102089.09999996
2025-08-01 10:46:32 AM,3133.9,0,0.0,264102089.09999996
2025-08-01 10:46:34 AM,3133.9,2,6267.8,264108356.89999998
2025-08-01 10:46:35 AM,3134.7,0,0.0,264108356.89999998
2025-08-01 10:46:35 AM,3134.7,26,81502.2,264189859.09999996
2025-08-01 10:46:42 AM,3135.0,0,0.0,264189859.09999996
2025-08-01 10:46:44 AM,3134.7,0,0.0,264189859.09999996
2025-08-01 10:46:45 AM,3134.7,8,25077.6,264214936.69999996
2025-08-01 10:46:50 AM,3135.0,0,0.0,264214936.69999996
2025-08-01 10:46:50 AM,3135.0,33,103455.0,264318391.69999996
2025-08-01 10:46:52 AM,3135.0,16,50160.0,264368551.69999996
2025-08-01 10:46:57 AM,3134.9,0,0.0,264368551.69999996
2025-08-01 10:46:57 AM,3134.9,16,50158.4,264418710.09999996
2025-08-01 10:47:00 AM,3135.0,0,0.0,264418710.09999996
2025-08-01 10:47:01 AM,3135.0,6,18810.0,264437520.09999996
2025-08-01 10:47:07 AM,3135.0,6,18810.0,264456330.09999996
2025-08-01 10:47:12 AM,3135.0,6,18810.0,264475140.09999996
2025-08-01 10:47:15 AM,3134.8,0,0.0,264475140.09999996
2025-08-01 10:47:16 AM,3134.9,0,0.0,264475140.09999996
2025-08-01 10:47:17 AM,3134.9,106,332299.4,264807439.49999997
2025-08-01 10:47:19 AM,3135.0,0,0.0,264807439.49999997
2025-08-01 10:47:19 AM,3135.0,32,100320.0,264907759.49999997
2025-08-01 10:47:21 AM,3136.5,0,0.0,264907759.49999997
2025-08-01 10:47:22 AM,3134.9,0,0.0,264907759.49999997
2025-08-01 10:47:23 AM,3134.9,3,9404.7,264917164.19999996
2025-08-01 10:47:25 AM,3135.2,0,0.0,264917164.19999996
2025-08-01 10:47:28 AM,3134.8,0,0.0,264917164.19999996
2025-08-01 10:47:28 AM,3134.8,6,18808.800000000003,264935972.99999997
2025-08-01 10:47:30 AM,3137.2,18,56469.6,264992442.59999996
2025-08-01 10:47:43 AM,3137.0,0,0.0,264992442.59999996
2025-08-01 10:47:44 AM,3137.0,17,53329.0,265045771.59999996
2025-08-01 10:47:49 AM,3136.9,0,0.0,265045771.59999996
2025-08-01 10:47:50 AM,3136.9,1,3136.9,265048908.49999997
2025-08-01 10:47:52 AM,3137.0,0,0.0,265048908.49999997
2025-08-01 10:47:52 AM,3137.0,2,6274.0,265055182.49999997
2025-08-01 10:47:57 AM,3135.5,1,3135.5,265058317.99999997
2025-08-01 10:48:03 AM,3135.0,0,0.0,265058317.99999997
2025-08-01 10:48:03 AM,3135.0,4,12540.0,265070857.99999997
2025-08-01 10:48:09 AM,3134.0,0,0.0,265070857.99999997
2025-08-01 10:48:10 AM,3135.0,0,0.0,265070857.99999997
2025-08-01 10:48:11 AM,3135.0,88,275880.0,265346737.99999997
2025-08-01 10:48:14 AM,3134.9,0,0.0,265346737.99999997
2025-08-01 10:48:16 AM,3133.5,0,0.0,265346737.99999997
2025-08-01 10:48:16 AM,3133.5,16,50136.0,265396873.99999997
2025-08-01 10:48:48 AM,3139.5,0,0.0,265396873.99999997
2025-08-01 10:48:49 AM,3139.5,31,97324.5,265494198.49999997
2025-08-01 10:48:51 AM,3137.6,0,0.0,265494198.49999997
2025-08-01 10:48:51 AM,3138.3,8,25106.4,265519304.89999998
2025-08-01 10:48:55 AM,3137.6,0,0.0,265519304.89999998
2025-08-01 10:48:55 AM,3137.6,4,12550.4,265531855.29999998
2025-08-01 10:48:58 AM,3138.3,0,0.0,265531855.29999998
2025-08-01 10:49:00 AM,3137.9,0,0.0,265531855.29999998
2025-08-01 10:49:00 AM,3137.9,53,166308.7,265698163.99999997
2025-08-01 10:49:04 AM,3138.0,0,0.0,265698163.99999997
2025-08-01 10:49:06 AM,3138.0,7,21966.0,265720129.99999997
2025-08-01 10:49:15 AM,3135.3,0,0.0,265720129.99999997
2025-08-01 10:49:16 AM,3136.9,0,0.0,265720129.99999997
2025-08-01 10:49:17 AM,3136.9,2,6273.8,265726403.79999998
2025-08-01 10:49:30 AM,3137.0,0,0.0,265726403.79999998
2025-08-01 10:49:32 AM,3135.1,0,0.0,265726403.79999998
2025-08-01 10:49:33 AM,3135.1,8,25080.8,265751484.6
2025-08-01 10:49:38 AM,3137.0,1,3137.0,265754621.6
2025-08-01 10:49:43 AM,3135.5,4,12542.0,265767163.6
2025-08-01 10:49:45 AM,3137.0,0,0.0,265767163.6
2025-08-01 10:49:49 AM,3137.0,1,3137.0,265770300.6
2025-08-01 10:49:51 AM,3136.6,0,0.0,265770300.6
2025-08-01 10:49:52 AM,3137.0,0,0.0,265770300.6
2025-08-01 10:49:54 AM,3137.0,207,649359.0,266419659.6
2025-08-01 10:49:59 AM,3137.1,0,0.0,266419659.6
2025-08-01 10:49:59 AM,3137.1,51,159992.1,266579651.7
2025-08-01 10:50:00 AM,3138.0,2,6276.0,266585927.7
2025-08-01 10:50:02 AM,3138.8,0,0.0,266585927.7
2025-08-01 10:50:03 AM,3139.9,0,0.0,266585927.7
2025-08-01 10:50:05 AM,3138.2,0,0.0,266585927.7
2025-08-01 10:50:05 AM,3138.2,33,103560.59999999999,266689488.29999998
2025-08-01 10:50:16 AM,3144.9,0,0.0,266689488.29999998
2025-08-01 10:50:16 AM,3144.9,70,220143.0,266909631.29999998
2025-08-01 10:50:17 AM,3140.8,0,0.0,266909631.29999998
2025-08-01 10:50:17 AM,3143.9,27,84885.3,266994516.6
2025-08-01 10:50:20 AM,3140.8,0,0.0,266994516.6
2025-08-01 10:50:21 AM,3142.8,0,0.0,266994516.6
2025-08-01 10:50:22 AM,3142.8,105,329994.0,267324510.6
2025-08-01 10:50:24 AM,3142.9,0,0.0,267324510.6
2025-08-01 10:50:26 AM,3143.7,0,0.0,267324510.6
2025-08-01 10:50:27 AM,3143.7,35,110029.5,267434540.1
2025-08-01 10:50:28 AM,3141.1,0,0.0,267434540.1
2025-08-01 10:50:28 AM,3141.1,5,15705.5,267450245.6
2025-08-01 10:50:34 AM,3143.4,28,88015.2,267538260.79999998
2025-08-01 10:50:35 AM,3143.7,0,0.0,267538260.79999998
2025-08-01 10:50:37 AM,3142.2,0,0.0,267538260.79999998
2025-08-01 10:50:39 AM,3142.2,2,6284.4,267544545.2
2025-08-01 10:50:42 AM,3143.3,0,0.0,267544545.2
2025-08-01 10:50:44 AM,3143.3,6,18859.800000000003,267563405.0
2025-08-01 10:50:46 AM,3142.5,0,0.0,267563405.0
2025-08-01 10:50:50 AM,3142.5,4,12570.0,267575975.0
2025-08-01 10:50:56 AM,3142.2,1,3142.2,267579117.2
2025-08-01 10:51:13 AM,3139.9,0,0.0,267579117.2
2025-08-01 10:51:13 AM,3139.9,10,31399.0,267610516.2
2025-08-01 10:51:13 AM,3141.7,1,3141.7,267613657.89999998
2025-08-01 10:51:19 AM,3141.7,2,6283.4,267619941.29999998
2025-08-01 10:51:51 AM,3141.2,0,0.0,267619941.29999998
2025-08-01 10:51:51 AM,3141.2,1,3141.2,267623082.49999997
2025-08-01 10:51:57 AM,3139.8,0,0.0,267623082.49999997
2025-08-01 10:51:57 AM,3139.8,1,3139.8,267626222.29999998
2025-08-01 10:52:00 AM,3138.4,0,0.0,267626222.29999998
2025-08-01 10:52:02 AM,3138.4,2,6276.8,267632499.1
2025-08-01 10:52:52 AM,3141.8,0,0.0,267632499.1
2025-08-01 10:52:55 AM,3141.8,31,97395.8,267729894.9
2025-08-01 10:52:58 AM,3140.3,0,0.0,267729894.9
2025-08-01 10:53:00 AM,3140.3,1,3140.3,267733035.20000002
2025-08-01 10:53:03 AM,3142.2,0,0.0,267733035.20000002
2025-08-01 10:53:06 AM,3142.2,4,12568.8,267745604.00000003
2025-08-01 10:53:09 AM,3144.8,0,0.0,267745604.00000003
2025-08-01 10:53:09 AM,3142.3,0,0.0,267745604.00000003
2025-08-01 10:53:11 AM,3142.3,265,832709.5,268578313.5
2025-08-01 10:53:12 AM,3142.9,3,9428.7,268587742.2
2025-08-01 10:53:13 AM,3142.6,0,0.0,268587742.2
2025-08-01 10:53:15 AM,3144.5,0,0.0,268587742.2
2025-08-01 10:53:16 AM,3144.7,20,62894.0,268650636.2
2025-08-01 10:53:17 AM,3142.7,0,0.0,268650636.2
2025-08-01 10:53:17 AM,3145.0,0,0.0,268650636.2
2025-08-01 10:53:17 AM,3146.0,130,408980.0,269059616.2
2025-08-01 10:53:19 AM,3149.4,0,0.0,269059616.2
2025-08-01 10:53:21 AM,3146.5,0,0.0,269059616.2
2025-08-01 10:53:22 AM,3146.5,56,176204.0,269235820.2
2025-08-01 10:53:23 AM,3143.7,0,0.0,269235820.2
2025-08-01 10:53:23 AM,3143.7,3,9431.099999999999,269245251.3
2025-08-01 10:53:27 AM,3147.5,0,0.0,269245251.3
2025-08-01 10:53:27 AM,3147.5,7,22032.5,269267283.8
2025-08-01 10:53:33 AM,3144.0,3,9432.0,269276715.8
2025-08-01 10:53:37 AM,3145.7,0,0.0,269276715.8
2025-08-01 10:53:38 AM,3145.7,2,6291.4,269283007.2
2025-08-01 10:53:43 AM,3144.3,0,0.0,269283007.2
2025-08-01 10:53:43 AM,3142.6,30,94278.0,269377285.2
2025-08-01 10:53:44 AM,3142.6,1,3142.6,269380427.8
2025-08-01 10:53:48 AM,3142.6,4,12570.4,269392998.2
2025-08-01 10:54:03 AM,3140.0,0,0.0,269392998.2
2025-08-01 10:54:04 AM,3140.0,43,135020.0,269528018.2
2025-08-01 10:54:08 AM,3141.9,0,0.0,269528018.2
2025-08-01 10:54:10 AM,3141.9,9,28277.100000000002,269556295.3
2025-08-01 10:54:15 AM,3141.9,1,3141.9,269559437.2
2025-08-01 10:54:16 AM,3142.4,17,53420.8,269612858.0
2025-08-01 10:54:29 AM,3142.0,0,0.0,269612858.0
2025-08-01 10:54:31 AM,3142.0,2,6284.0,269619142.0
2025-08-01 10:54:41 AM,3140.3,0,0.0,269619142.0
2025-08-01 10:54:41 AM,3141.2,0,0.0,269619142.0
2025-08-01 10:54:42 AM,3141.2,22,69106.4,269688248.4
2025-08-01 10:54:47 AM,3141.3,2,6282.6,269694531.0
2025-08-01 10:54:51 AM,3142.2,0,0.0,269694531.0
2025-08-01 10:54:52 AM,3142.2,13,40848.6,269735379.6
2025-08-01 10:54:57 AM,3142.1,0,0.0,269735379.6
2025-08-01 10:54:58 AM,3142.1,2,6284.2,269741663.8
2025-08-01 10:55:13 AM,3142.2,0,0.0,269741663.8
2025-08-01 10:55:13 AM,3142.2,2,6284.4,269747948.2
2025-08-01 10:55:35 AM,3139.6,0,0.0,269747948.2
2025-08-01 10:55:36 AM,3139.6,2,6279.2,269754227.4
2025-08-01 10:56:07 AM,3142.1,0,0.0,269754227.4
2025-08-01 10:56:07 AM,3142.1,1,3142.1,269757369.5
2025-08-01 10:56:28 AM,3142.1,25,78552.5,269835922.0
2025-08-01 10:56:29 AM,3139.6,0,0.0,269835922.0
2025-08-01 10:56:29 AM,3139.6,4,12558.4,269848480.4
2025-08-01 10:56:31 AM,3140.5,0,0.0,269848480.4
2025-08-01 10:56:33 AM,3140.5,3,9421.5,269857901.9
2025-08-01 10:56:37 AM,3141.8,0,0.0,269857901.9
2025-08-01 10:56:39 AM,3141.8,4,12567.2,269870469.09999996
2025-08-01 10:56:40 AM,3139.5,25,78487.5,269948956.59999996
2025-08-01 10:56:41 AM,3141.8,0,0.0,269948956.59999996
2025-08-01 10:56:42 AM,3139.5,0,0.0,269948956.59999996
2025-08-01 10:56:44 AM,3139.5,3,9418.5,269958375.09999996
2025-08-01 10:56:49 AM,3141.3,0,0.0,269958375.09999996
2025-08-01 10:56:49 AM,3141.3,3,9423.900000000001,269967798.99999994
2025-08-01 10:57:50 AM,3142.2,0,0.0,269967798.99999994
2025-08-01 10:57:53 AM,3142.2,14,43990.799999999996,270011789.79999995
2025-08-01 10:57:57 AM,3142.5,0,0.0,270011789.79999995
2025-08-01 10:57:58 AM,3142.5,2,6285.0,270018074.79999995
2025-08-01 10:58:03 AM,3142.5,1,3142.5,270021217.29999995
2025-08-01 10:58:07 AM,3141.1,0,0.0,270021217.29999995
