date,price,qty,trnvr,cum_trnvr
2025-08-01 09:15:01 AM,412.9,3244,1339447.5999999999,1339447.5999999999
2025-08-01 09:15:02 AM,412.3,0,0.0,1339447.5999999999
2025-08-01 09:15:03 AM,412.9,111,45831.899999999994,1385279.4999999998
2025-08-01 09:15:11 AM,412.3,0,0.0,1385279.4999999998
2025-08-01 09:15:13 AM,412.3,266,109671.8,1494951.2999999998
2025-08-01 09:15:15 AM,410.75,1,410.75,1495362.0499999998
2025-08-01 09:15:22 AM,411.1,0,0.0,1495362.0499999998
2025-08-01 09:15:24 AM,410.75,82,33681.5,1529043.5499999998
2025-08-01 09:15:31 AM,411.2,0,0.0,1529043.5499999998
2025-08-01 09:15:32 AM,411.2,60,24672.0,1553715.5499999998
2025-08-01 09:15:34 AM,411.2,30,12336.0,1566051.5499999998
2025-08-01 09:15:47 AM,411.85,0,0.0,1566051.5499999998
2025-08-01 09:15:49 AM,411.85,2,823.7,1566875.2499999998
2025-08-01 09:15:59 AM,411.25,165,67856.25,1634731.4999999998
2025-08-01 09:16:02 AM,410.0,0,0.0,1634731.4999999998
2025-08-01 09:16:05 AM,409.6,1376,563609.6,2198341.0999999996
2025-08-01 09:16:07 AM,408.9,53,21671.699999999997,2220012.8
2025-08-01 09:16:26 AM,408.8,0,0.0,2220012.8
2025-08-01 09:16:30 AM,408.8,107,43741.6,2263754.4
2025-08-01 09:16:31 AM,409.05,115,47040.75,2310795.15
2025-08-01 09:16:46 AM,409.4,6,2456.3999999999996,2313251.55
2025-08-01 09:16:58 AM,409.25,0,0.0,2313251.55
2025-08-01 09:17:03 AM,408.85,103,42111.55,2355363.0999999996
2025-08-01 09:18:05 AM,410.15,0,0.0,2355363.0999999996
2025-08-01 09:18:09 AM,410.15,320,131248.0,2486611.0999999996
2025-08-01 09:18:19 AM,410.65,50,20532.5,2507143.5999999996
2025-08-01 09:18:35 AM,409.8,615,252027.0,2759170.5999999996
2025-08-01 09:18:37 AM,410.7,0,0.0,2759170.5999999996
2025-08-01 09:18:42 AM,410.7,179,73515.3,2832685.8999999994
2025-08-01 09:18:44 AM,410.65,0,0.0,2832685.8999999994
2025-08-01 09:18:50 AM,410.5,554,227417.0,3060102.8999999994
2025-08-01 09:18:58 AM,410.5,113,46386.5,3106489.3999999994
2025-08-01 09:19:30 AM,411.15,0,0.0,3106489.3999999994
2025-08-01 09:19:31 AM,411.15,15,6167.25,3112656.6499999994
2025-08-01 09:19:46 AM,411.6,0,0.0,3112656.6499999994
2025-08-01 09:19:47 AM,411.6,500,205800.0,3318456.6499999994
2025-08-01 09:20:27 AM,411.6,206,84789.6,3403246.2499999995
2025-08-01 09:21:09 AM,412.0,0,0.0,3403246.2499999995
2025-08-01 09:21:13 AM,412.0,200,82400.0,3485646.2499999995
2025-08-01 09:21:21 AM,411.8,23,9471.4,3495117.6499999994
2025-08-01 09:21:29 AM,411.4,5,2057.0,3497174.6499999994
2025-08-01 09:22:30 AM,411.5,47,19340.5,3516515.1499999994
2025-08-01 09:22:38 AM,411.85,25,10296.25,3526811.3999999994
2025-08-01 09:22:40 AM,411.95,0,0.0,3526811.3999999994
2025-08-01 09:22:45 AM,411.95,50,20597.5,3547408.8999999994
2025-08-01 09:22:54 AM,411.3,36,14806.800000000001,3562215.6999999993
2025-08-01 09:23:13 AM,411.2,0,0.0,3562215.6999999993
2025-08-01 09:23:16 AM,411.2,44,18092.8,3580308.499999999
2025-08-01 09:23:23 AM,411.15,2,822.3,3581130.799999999
2025-08-01 09:23:48 AM,410.7,6,2464.2,3583594.999999999
2025-08-01 09:23:51 AM,411.0,0,0.0,3583594.999999999
2025-08-01 09:23:54 AM,411.0,12,4932.0,3588526.999999999
2025-08-01 09:24:03 AM,410.9,1,410.9,3588937.899999999
2025-08-01 09:24:17 AM,410.9,12,4930.799999999999,3593868.699999999
2025-08-01 09:24:30 AM,411.0,0,0.0,3593868.699999999
2025-08-01 09:24:32 AM,411.0,101,41511.0,3635379.699999999
2025-08-01 09:24:36 AM,411.05,0,0.0,3635379.699999999
2025-08-01 09:24:39 AM,411.05,10,4110.5,3639490.199999999
2025-08-01 09:24:42 AM,411.0,0,0.0,3639490.199999999
2025-08-01 09:24:47 AM,411.1,36,14799.6,3654289.799999999
2025-08-01 09:24:54 AM,410.25,225,92306.25,3746596.049999999
2025-08-01 09:25:08 AM,410.5,0,0.0,3746596.049999999
2025-08-01 09:25:09 AM,410.5,2,821.0,3747417.049999999
2025-08-01 09:25:24 AM,410.5,18,7389.0,3754806.049999999
2025-08-01 09:25:34 AM,410.65,0,0.0,3754806.049999999
2025-08-01 09:25:39 AM,410.65,4,1642.6,3756448.649999999
2025-08-01 09:26:16 AM,411.0,0,0.0,3756448.649999999
2025-08-01 09:26:17 AM,411.0,25,10275.0,3766723.649999999
2025-08-01 09:26:25 AM,411.0,40,16440.0,3783163.649999999
2025-08-01 09:26:37 AM,410.45,0,0.0,3783163.649999999
2025-08-01 09:26:40 AM,410.95,0,0.0,3783163.649999999
2025-08-01 09:26:41 AM,410.95,1332,547385.4,4330549.049999999
2025-08-01 09:27:56 AM,411.8,114,46945.200000000004,4377494.249999999
2025-08-01 09:28:19 AM,411.65,1,411.65,4377905.899999999
2025-08-01 09:28:37 AM,411.1,0,0.0,4377905.899999999
2025-08-01 09:28:42 AM,411.1,10,4111.0,4382016.899999999
2025-08-01 09:28:57 AM,411.0,2300,945300.0,5327316.899999999
2025-08-01 09:29:04 AM,411.4,100,41140.0,5368456.899999999
2025-08-01 09:29:13 AM,410.95,250,102737.5,5471194.399999999
2025-08-01 09:29:16 AM,411.1,0,0.0,5471194.399999999
2025-08-01 09:29:20 AM,411.1,50,20555.0,5491749.399999999
2025-08-01 09:29:35 AM,410.6,50,20530.0,5512279.399999999
2025-08-01 09:30:03 AM,411.05,0,0.0,5512279.399999999
2025-08-01 09:30:05 AM,411.05,51,20963.55,5533242.949999999
2025-08-01 09:30:12 AM,411.05,9,3699.4500000000003,5536942.399999999
2025-08-01 09:30:20 AM,411.05,2,822.1,5537764.499999999
2025-08-01 09:30:27 AM,410.25,121,49640.25,5587404.749999999
2025-08-01 09:30:31 AM,409.75,0,0.0,5587404.749999999
2025-08-01 09:30:35 AM,410.2,101,41430.2,5628834.949999999
2025-08-01 09:30:42 AM,409.75,40,16390.0,5645224.949999999
2025-08-01 09:30:49 AM,410.15,1,410.15,5645635.1
2025-08-01 09:31:15 AM,409.4,0,0.0,5645635.1
2025-08-01 09:31:19 AM,409.4,50,20470.0,5666105.1
2025-08-01 09:31:33 AM,409.4,33,13510.199999999999,5679615.3
2025-08-01 09:31:37 AM,409.2,0,0.0,5679615.3
2025-08-01 09:31:40 AM,409.2,1,409.2,5680024.5
2025-08-01 09:31:50 AM,409.05,0,0.0,5680024.5
2025-08-01 09:31:54 AM,409.05,133,54403.65,5734428.15
2025-08-01 09:32:01 AM,409.55,9,3685.9500000000003,5738114.100000001
2025-08-01 09:32:05 AM,409.6,0,0.0,5738114.100000001
2025-08-01 09:32:08 AM,409.6,69,28262.4,5766376.500000001
2025-08-01 09:32:10 AM,409.95,0,0.0,5766376.500000001
2025-08-01 09:32:15 AM,409.95,5,2049.75,5768426.250000001
2025-08-01 09:32:22 AM,409.6,0,0.0,5768426.250000001
2025-08-01 09:32:22 AM,409.6,1,409.6,5768835.850000001
2025-08-01 09:32:41 AM,410.25,0,0.0,5768835.850000001
2025-08-01 09:32:43 AM,410.25,4,1641.0,5770476.850000001
2025-08-01 09:32:57 AM,410.5,1,410.5,5770887.350000001
2025-08-01 09:33:15 AM,410.35,0,0.0,5770887.350000001
2025-08-01 09:33:18 AM,410.35,100,41035.0,5811922.350000001
2025-08-01 09:33:43 AM,410.8,0,0.0,5811922.350000001
2025-08-01 09:33:45 AM,410.8,250,102700.0,5914622.350000001
2025-08-01 09:33:49 AM,410.95,0,0.0,5914622.350000001
2025-08-01 09:33:53 AM,410.95,1,410.95,5915033.300000001
2025-08-01 09:35:05 AM,410.85,0,0.0,5915033.300000001
2025-08-01 09:35:09 AM,410.85,2,821.7,5915855.000000001
2025-08-01 09:35:20 AM,410.65,0,0.0,5915855.000000001
2025-08-01 09:35:23 AM,410.65,10,4106.5,5919961.500000001
2025-08-01 09:35:35 AM,410.7,0,0.0,5919961.500000001
2025-08-01 09:35:37 AM,410.7,24,9856.8,5929818.300000001
2025-08-01 09:35:44 AM,410.7,1,410.7,5930229.000000001
2025-08-01 09:35:55 AM,410.4,0,0.0,5930229.000000001
2025-08-01 09:35:57 AM,410.4,2,820.8,5931049.800000001
2025-08-01 09:36:08 AM,410.65,0,0.0,5931049.800000001
2025-08-01 09:36:11 AM,410.65,1,410.65,5931460.450000001
2025-08-01 09:36:24 AM,411.0,0,0.0,5931460.450000001
2025-08-01 09:36:24 AM,411.0,200,82200.0,6013660.450000001
2025-08-01 09:37:03 AM,411.0,1939,796929.0,6810589.450000001
2025-08-01 09:37:11 AM,411.45,22,9051.9,6819641.3500000015
2025-08-01 09:37:14 AM,411.95,0,0.0,6819641.3500000015
2025-08-01 09:37:18 AM,411.95,500,205975.0,7025616.3500000015
2025-08-01 09:37:29 AM,410.8,0,0.0,7025616.3500000015
2025-08-01 09:37:31 AM,410.8,57,23415.600000000002,7049031.950000001
2025-08-01 09:38:39 AM,410.7,31,12731.699999999999,7061763.650000001
2025-08-01 09:38:45 AM,410.7,13,5339.099999999999,7067102.750000001
2025-08-01 09:39:15 AM,410.5,0,0.0,7067102.750000001
2025-08-01 09:39:19 AM,410.5,139,57059.5,7124162.250000001
2025-08-01 09:39:59 AM,410.0,200,82000.0,7206162.250000001
2025-08-01 09:40:44 AM,410.45,4,1641.8,7207804.050000001
2025-08-01 09:40:48 AM,410.75,0,0.0,7207804.050000001
2025-08-01 09:40:51 AM,410.75,188,77221.0,7285025.050000001
2025-08-01 09:41:12 AM,410.8,0,0.0,7285025.050000001
2025-08-01 09:41:18 AM,410.8,50,20540.0,7305565.050000001
2025-08-01 09:41:48 AM,410.5,0,0.0,7305565.050000001
2025-08-01 09:41:51 AM,410.5,20,8210.0,7313775.050000001
2025-08-01 09:41:56 AM,410.4,0,0.0,7313775.050000001
2025-08-01 09:41:57 AM,410.4,22,9028.8,7322803.850000001
2025-08-01 09:42:26 AM,410.75,0,0.0,7322803.850000001
2025-08-01 09:42:30 AM,410.75,101,41485.75,7364289.600000001
2025-08-01 09:42:55 AM,410.8,0,0.0,7364289.600000001
2025-08-01 09:42:56 AM,410.8,45,18486.0,7382775.600000001
2025-08-01 09:43:02 AM,410.8,1,410.8,7383186.4
2025-08-01 09:43:22 AM,410.8,2,821.6,7384008.0
2025-08-01 09:44:08 AM,410.25,190,77947.5,7461955.5
2025-08-01 09:44:33 AM,410.8,0,0.0,7461955.5
2025-08-01 09:44:35 AM,410.8,1,410.8,7462366.3
2025-08-01 09:45:00 AM,410.8,500,205400.0,7667766.3
2025-08-01 09:45:07 AM,410.8,100,41080.0,7708846.3
2025-08-01 09:45:14 AM,410.8,50,20540.0,7729386.3
2025-08-01 09:46:06 AM,410.2,0,0.0,7729386.3
2025-08-01 09:46:07 AM,410.2,200,82040.0,7811426.3
2025-08-01 09:46:56 AM,410.2,1,410.2,7811836.5
2025-08-01 09:47:08 AM,410.65,0,0.0,7811836.5
2025-08-01 09:47:09 AM,410.65,6,2463.8999999999996,7814300.4
2025-08-01 09:47:41 AM,410.0,721,295610.0,8109910.4
2025-08-01 09:47:42 AM,409.55,0,0.0,8109910.4
2025-08-01 09:47:43 AM,409.55,10,4095.5,8114005.9
2025-08-01 09:49:36 AM,410.0,0,0.0,8114005.9
2025-08-01 09:49:38 AM,410.0,1000,410000.0,8524005.9
2025-08-01 09:51:18 AM,410.05,0,0.0,8524005.9
2025-08-01 09:51:19 AM,410.05,32,13121.6,8537127.5
2025-08-01 09:51:30 AM,410.05,1,410.05,8537537.55
2025-08-01 09:52:00 AM,410.05,10,4100.5,8541638.05
2025-08-01 09:53:13 AM,409.9,0,0.0,8541638.05
2025-08-01 09:53:14 AM,409.9,11,4508.9,8546146.950000001
2025-08-01 09:53:21 AM,409.85,0,0.0,8546146.950000001
2025-08-01 09:53:22 AM,409.85,100,40985.0,8587131.950000001
2025-08-01 09:53:42 AM,409.35,0,0.0,8587131.950000001
2025-08-01 09:53:45 AM,409.35,1,409.35,8587541.3
2025-08-01 09:54:17 AM,409.2,66,27007.2,8614548.5
2025-08-01 09:54:43 AM,409.4,0,0.0,8614548.5
2025-08-01 09:54:47 AM,409.4,17,6959.799999999999,8621508.3
2025-08-01 09:55:04 AM,409.35,0,0.0,8621508.3
2025-08-01 09:55:04 AM,409.35,60,24561.0,8646069.3
2025-08-01 09:55:46 AM,409.35,700,286545.0,8932614.3
2025-08-01 09:56:27 AM,409.5,0,0.0,8932614.3
2025-08-01 09:56:28 AM,409.5,95,38902.5,8971516.8
2025-08-01 09:56:40 AM,409.6,0,0.0,8971516.8
2025-08-01 09:56:40 AM,409.6,1,409.6,8971926.4
2025-08-01 09:56:52 AM,409.6,10,4096.0,8976022.4
2025-08-01 09:58:24 AM,409.55,8,3276.4,8979298.8
2025-08-01 09:58:58 AM,409.0,0,0.0,8979298.8
2025-08-01 09:58:58 AM,409.0,163,66667.0,9045965.8
2025-08-01 09:59:02 AM,408.8,0,0.0,9045965.8
2025-08-01 09:59:04 AM,408.8,1,408.8,9046374.600000001
2025-08-01 09:59:45 AM,408.35,0,0.0,9046374.600000001
2025-08-01 09:59:45 AM,408.35,199,81261.65000000001,9127636.250000002
2025-08-01 10:00:13 AM,409.0,1,409.0,9128045.250000002
2025-08-01 10:00:48 AM,408.8,23,9402.4,9137447.650000002
2025-08-01 10:01:01 AM,408.8,6,2452.8,9139900.450000003
2025-08-01 10:01:07 AM,409.2,1,409.2,9140309.650000002
2025-08-01 10:01:46 AM,408.7,10,4087.0,9144396.650000002
2025-08-01 10:01:55 AM,409.1,0,0.0,9144396.650000002
2025-08-01 10:01:57 AM,409.1,1,409.1,9144805.750000002
2025-08-01 10:02:42 AM,409.1,13,5318.3,9150124.050000003
2025-08-01 10:02:58 AM,409.15,0,0.0,9150124.050000003
2025-08-01 10:03:00 AM,409.15,2,818.3,9150942.350000003
2025-08-01 10:03:18 AM,409.1,0,0.0,9150942.350000003
2025-08-01 10:03:19 AM,409.1,1,409.1,9151351.450000003
2025-08-01 10:03:26 AM,409.2,0,0.0,9151351.450000003
2025-08-01 10:03:28 AM,409.2,1260,515592.0,9666943.450000003
2025-08-01 10:03:38 AM,409.75,0,0.0,9666943.450000003
2025-08-01 10:03:39 AM,409.75,9,3687.75,9670631.200000003
2025-08-01 10:03:45 AM,409.3,300,122790.0,9793421.200000003
2025-08-01 10:03:57 AM,409.5,20,8190.0,9801611.200000003
2025-08-01 10:04:39 AM,409.9,0,0.0,9801611.200000003
2025-08-01 10:04:41 AM,409.9,2,819.8,9802431.000000004
2025-08-01 10:04:53 AM,409.8,5,2049.0,9804480.000000004
2025-08-01 10:05:05 AM,409.6,40,16384.0,9820864.000000004
2025-08-01 10:06:11 AM,408.85,0,0.0,9820864.000000004
2025-08-01 10:06:12 AM,408.85,50,20442.5,9841306.500000004
2025-08-01 10:06:27 AM,409.4,0,0.0,9841306.500000004
2025-08-01 10:06:30 AM,409.4,100,40940.0,9882246.500000004
2025-08-01 10:06:38 AM,408.65,648,264805.2,10147051.700000003
2025-08-01 10:06:41 AM,408.7,0,0.0,10147051.700000003
2025-08-01 10:06:42 AM,408.7,4,1634.8,10148686.500000004
2025-08-01 10:07:01 AM,408.75,0,0.0,10148686.500000004
2025-08-01 10:07:02 AM,408.75,20,8175.0,10156861.500000004
2025-08-01 10:07:26 AM,408.7,0,0.0,10156861.500000004
2025-08-01 10:07:27 AM,408.7,46,18800.2,10175661.700000003
2025-08-01 10:07:48 AM,408.8,0,0.0,10175661.700000003
2025-08-01 10:07:50 AM,408.8,2,817.6,10176479.300000003
2025-08-01 10:07:56 AM,408.65,948,387400.19999999995,10563879.500000002
2025-08-01 10:08:08 AM,408.35,0,0.0,10563879.500000002
2025-08-01 10:08:08 AM,408.35,190,77586.5,10641466.000000002
2025-08-01 10:08:12 AM,408.6,0,0.0,10641466.000000002
2025-08-01 10:08:15 AM,408.6,6,2451.6000000000004,10643917.600000001
2025-08-01 10:08:56 AM,408.7,0,0.0,10643917.600000001
2025-08-01 10:08:57 AM,408.7,1,408.7,10644326.3
2025-08-01 10:09:09 AM,408.75,1,408.75,10644735.05
2025-08-01 10:09:14 AM,408.85,0,0.0,10644735.05
2025-08-01 10:09:15 AM,408.85,25,10221.25,10654956.3
2025-08-01 10:09:36 AM,408.75,0,0.0,10654956.3
2025-08-01 10:09:38 AM,408.75,17,6948.75,10661905.05
2025-08-01 10:09:44 AM,408.4,0,0.0,10661905.05
2025-08-01 10:09:44 AM,408.4,23,9393.199999999999,10671298.25
2025-08-01 10:10:11 AM,408.5,0,0.0,10671298.25
2025-08-01 10:10:12 AM,408.5,1,408.5,10671706.75
2025-08-01 10:10:50 AM,408.5,285,116422.5,10788129.25
2025-08-01 10:11:00 AM,408.35,0,0.0,10788129.25
2025-08-01 10:11:00 AM,408.35,400,163340.0,10951469.25
2025-08-01 10:11:05 AM,408.5,0,0.0,10951469.25
2025-08-01 10:11:06 AM,408.5,31,12663.5,10964132.75
2025-08-01 10:11:19 AM,408.5,84,34314.0,10998446.75
2025-08-01 10:12:45 AM,409.15,5,2045.75,11000492.5
2025-08-01 10:12:59 AM,408.75,0,0.0,11000492.5
2025-08-01 10:13:02 AM,408.75,68,27795.0,11028287.5
2025-08-01 10:13:20 AM,408.75,200,81750.0,11110037.5
2025-08-01 10:13:38 AM,409.35,66,27017.100000000002,11137054.6
2025-08-01 10:14:11 AM,408.7,0,0.0,11137054.6
2025-08-01 10:14:13 AM,408.7,206,84192.2,11221246.799999999
2025-08-01 10:15:17 AM,409.4,200,81880.0,11303126.799999999
2025-08-01 10:15:59 AM,409.4,450,184230.0,11487356.799999999
2025-08-01 10:16:10 AM,409.4,61,24973.399999999998,11512330.2
2025-08-01 10:17:19 AM,409.6,5,2048.0,11514378.2
2025-08-01 10:17:29 AM,409.4,0,0.0,11514378.2
2025-08-01 10:17:30 AM,409.4,60,24564.0,11538942.2
2025-08-01 10:17:59 AM,409.4,14,5731.599999999999,11544673.799999999
2025-08-01 10:18:58 AM,409.5,0,0.0,11544673.799999999
2025-08-01 10:19:03 AM,409.5,11,4504.5,11549178.299999999
2025-08-01 10:20:02 AM,409.9,0,0.0,11549178.299999999
2025-08-01 10:20:05 AM,409.9,500,204950.0,11754128.299999999
2025-08-01 10:20:32 AM,409.75,0,0.0,11754128.299999999
2025-08-01 10:20:34 AM,409.75,2,819.5,11754947.799999999
2025-08-01 10:20:38 AM,409.65,0,0.0,11754947.799999999
2025-08-01 10:20:40 AM,409.65,1,409.65,11755357.45
2025-08-01 10:20:54 AM,409.25,20,8185.0,11763542.45
2025-08-01 10:21:00 AM,409.55,8,3276.4,11766818.85
2025-08-01 10:22:29 AM,409.55,300,122865.0,11889683.85
2025-08-01 10:23:55 AM,409.15,10,4091.5,11893775.35
2025-08-01 10:26:17 AM,409.15,9,3682.35,11897457.7
2025-08-01 10:26:55 AM,409.4,2,818.8,11898276.5
2025-08-01 10:27:26 AM,409.4,22,9006.8,11907283.3
2025-08-01 10:27:58 AM,409.35,0,0.0,11907283.3
2025-08-01 10:27:58 AM,409.35,11,4502.85,11911786.15
2025-08-01 10:28:04 AM,409.35,1,409.35,11912195.5
2025-08-01 10:28:27 AM,409.0,0,0.0,11912195.5
2025-08-01 10:28:28 AM,409.0,149,60941.0,11973136.5
2025-08-01 10:28:36 AM,408.85,50,20442.5,11993579.0
2025-08-01 10:28:56 AM,408.85,10,4088.5,11997667.5
2025-08-01 10:29:46 AM,408.85,2,817.7,11998485.2
2025-08-01 10:29:51 AM,409.25,248,101494.0,12099979.2
2025-08-01 10:30:37 AM,408.55,0,0.0,12099979.2
2025-08-01 10:30:37 AM,408.55,301,122973.55,12222952.75
2025-08-01 10:31:08 AM,409.1,0,0.0,12222952.75
2025-08-01 10:31:09 AM,409.1,1,409.1,12223361.85
2025-08-01 10:31:57 AM,409.0,0,0.0,12223361.85
2025-08-01 10:31:58 AM,409.0,20,8180.0,12231541.85
2025-08-01 10:35:04 AM,409.0,133,54397.0,12285938.85
2025-08-01 10:36:27 AM,408.95,0,0.0,12285938.85
2025-08-01 10:36:28 AM,408.95,1,408.95,12286347.799999999
2025-08-01 10:37:22 AM,408.9,0,0.0,12286347.799999999
2025-08-01 10:37:23 AM,408.9,1,408.9,12286756.7
2025-08-01 10:37:39 AM,408.9,264,107949.59999999999,12394706.299999999
2025-08-01 10:37:41 AM,409.2,0,0.0,12394706.299999999
2025-08-01 10:37:42 AM,409.2,50,20460.0,12415166.299999999
2025-08-01 10:37:49 AM,408.5,0,0.0,12415166.299999999
2025-08-01 10:37:50 AM,408.5,500,204250.0,12619416.299999999
2025-08-01 10:38:06 AM,408.9,0,0.0,12619416.299999999
2025-08-01 10:38:08 AM,408.9,3,1226.6999999999998,12620642.999999998
2025-08-01 10:38:38 AM,408.9,163,66650.7,12687293.699999997
2025-08-01 10:40:07 AM,408.9,50,20445.0,12707738.699999997
2025-08-01 10:40:35 AM,408.5,300,122550.0,12830288.699999997
2025-08-01 10:40:47 AM,408.9,200,81780.0,12912068.699999997
2025-08-01 10:41:43 AM,408.9,1,408.9,12912477.599999998
2025-08-01 10:42:06 AM,408.95,2,817.9,12913295.499999998
2025-08-01 10:42:49 AM,408.95,10,4089.5,12917384.999999998
2025-08-01 10:43:02 AM,408.95,100,40895.0,12958279.999999998
2025-08-01 10:43:35 AM,409.0,1,409.0,12958688.999999998
2025-08-01 10:44:20 AM,408.5,0,0.0,12958688.999999998
2025-08-01 10:44:20 AM,408.5,180,73530.0,13032218.999999998
2025-08-01 10:46:32 AM,409.0,0,0.0,13032218.999999998
2025-08-01 10:46:32 AM,409.0,150,61350.0,13093568.999999998
2025-08-01 10:46:53 AM,408.6,0,0.0,13093568.999999998
2025-08-01 10:46:54 AM,409.0,56,22904.0,13116472.999999998
2025-08-01 10:47:34 AM,408.55,0,0.0,13116472.999999998
2025-08-01 10:47:34 AM,408.55,200,81710.0,13198182.999999998
2025-08-01 10:47:44 AM,409.0,0,0.0,13198182.999999998
2025-08-01 10:47:45 AM,409.0,30,12270.0,13210452.999999998
2025-08-01 10:47:53 AM,409.05,6,2454.3,13212907.299999999
2025-08-01 10:49:22 AM,408.7,0,0.0,13212907.299999999
2025-08-01 10:49:22 AM,408.7,15,6130.5,13219037.799999999
2025-08-01 10:51:05 AM,408.95,1,408.95,13219446.749999998
2025-08-01 10:51:55 AM,408.95,13,5316.349999999999,13224763.099999998
2025-08-01 10:51:55 AM,408.95,487,199158.65,13423921.749999998
2025-08-01 10:52:00 AM,409.2,0,0.0,13423921.749999998
2025-08-01 10:52:00 AM,409.2,170,69564.0,13493485.749999998
2025-08-01 10:54:54 AM,409.05,0,0.0,13493485.749999998
2025-08-01 10:54:56 AM,409.05,19,7771.95,13501257.699999997
2025-08-01 10:55:22 AM,409.1,0,0.0,13501257.699999997
2025-08-01 10:55:22 AM,409.1,50,20455.0,13521712.699999997
2025-08-01 10:59:37 AM,408.5,837,341914.5,13863627.199999997
2025-08-01 11:02:17 AM,408.9,0,0.0,13863627.199999997
2025-08-01 11:02:18 AM,408.9,2,817.8,13864444.999999998
2025-08-01 11:03:11 AM,408.8,0,0.0,13864444.999999998
2025-08-01 11:03:11 AM,408.8,6,2452.8,13866897.799999999
2025-08-01 11:03:45 AM,408.8,2,817.6,13867715.399999999
2025-08-01 11:05:59 AM,409.0,0,0.0,13867715.399999999
2025-08-01 11:06:00 AM,409.0,4,1636.0,13869351.399999999
2025-08-01 11:06:06 AM,409.0,1,409.0,13869760.399999999
2025-08-01 11:06:19 AM,408.6,0,0.0,13869760.399999999
2025-08-01 11:06:21 AM,408.6,497,203074.2,14072834.599999998
2025-08-01 11:06:47 AM,408.7,0,0.0,14072834.599999998
2025-08-01 11:06:47 AM,408.7,3,1226.1,14074060.699999997
2025-08-01 11:07:13 AM,408.5,0,0.0,14074060.699999997
2025-08-01 11:07:14 AM,408.5,20,8170.0,14082230.699999997
2025-08-01 11:07:52 AM,408.3,270,110241.0,14192471.699999997
2025-08-01 11:07:53 AM,408.3,26,10615.800000000001,14203087.499999998
2025-08-01 11:08:59 AM,408.0,0,0.0,14203087.499999998
2025-08-01 11:09:01 AM,408.0,1140,465120.0,14668207.499999998
2025-08-01 11:09:18 AM,407.4,0,0.0,14668207.499999998
2025-08-01 11:09:18 AM,407.4,250,101850.0,14770057.499999998
2025-08-01 11:11:08 AM,407.4,500,203700.0,14973757.499999998
2025-08-01 11:11:10 AM,407.75,0,0.0,14973757.499999998
2025-08-01 11:11:12 AM,407.75,2,815.5,14974572.999999998
2025-08-01 11:11:34 AM,407.75,1,407.75,14974980.749999998
2025-08-01 11:12:48 AM,407.5,0,0.0,14974980.749999998
2025-08-01 11:12:48 AM,407.5,10,4075.0,14979055.749999998
2025-08-01 11:13:20 AM,407.8,0,0.0,14979055.749999998
2025-08-01 11:13:21 AM,407.8,1,407.8,14979463.549999999
2025-08-01 11:13:24 AM,407.5,0,0.0,14979463.549999999
2025-08-01 11:13:26 AM,407.5,500,203750.0,15183213.549999999
2025-08-01 11:14:11 AM,408.2,0,0.0,15183213.549999999
2025-08-01 11:14:11 AM,408.2,1000,408200.0,15591413.549999999
2025-08-01 11:14:47 AM,407.5,0,0.0,15591413.549999999
2025-08-01 11:14:47 AM,407.5,38,15485.0,15606898.549999999
2025-08-01 11:15:41 AM,407.55,50,20377.5,15627276.049999999
2025-08-01 11:15:43 AM,407.95,0,0.0,15627276.049999999
2025-08-01 11:15:46 AM,407.95,2,815.9,15628091.95
2025-08-01 11:16:19 AM,407.95,10,4079.5,15632171.45
2025-08-01 11:18:59 AM,408.0,0,0.0,15632171.45
2025-08-01 11:19:00 AM,408.0,5,2040.0,15634211.45
2025-08-01 11:19:23 AM,408.0,2,816.0,15635027.45
2025-08-01 11:22:38 AM,408.0,2,816.0,15635843.45
2025-08-01 11:25:07 AM,408.1,0,0.0,15635843.45
2025-08-01 11:25:09 AM,408.1,250,102025.0,15737868.45
2025-08-01 11:26:22 AM,408.4,5,2042.0,15739910.45
2025-08-01 11:26:46 AM,408.15,0,0.0,15739910.45
2025-08-01 11:26:47 AM,408.15,263,107343.45,15847253.899999999
2025-08-01 11:27:03 AM,408.55,4,1634.2,15848888.099999998
2025-08-01 11:27:53 AM,408.55,12,4902.6,15853790.699999997
2025-08-01 11:28:11 AM,408.15,0,0.0,15853790.699999997
2025-08-01 11:28:13 AM,408.15,7,2857.0499999999997,15856647.749999998
2025-08-01 11:30:28 AM,408.4,6,2450.3999999999996,15859098.149999999
2025-08-01 11:30:49 AM,407.85,0,0.0,15859098.149999999
2025-08-01 11:30:50 AM,407.85,100,40785.0,15899883.149999999
2025-08-01 11:31:34 AM,407.85,1,407.85,15900290.999999998
2025-08-01 11:31:37 AM,407.85,2,815.7,15901106.699999997
2025-08-01 11:31:41 AM,408.3,0,0.0,15901106.699999997
2025-08-01 11:31:42 AM,408.3,401,163728.30000000002,16064834.999999998
2025-08-01 11:33:14 AM,408.5,0,0.0,16064834.999999998
2025-08-01 11:33:15 AM,408.5,1,408.5,16065243.499999998
2025-08-01 11:33:29 AM,408.1,0,0.0,16065243.499999998
2025-08-01 11:33:30 AM,408.5,0,0.0,16065243.499999998
2025-08-01 11:33:30 AM,408.5,38,15523.0,16080766.499999998
2025-08-01 11:33:53 AM,407.95,0,0.0,16080766.499999998
2025-08-01 11:33:56 AM,407.95,150,61192.5,16141958.999999998
2025-08-01 11:36:05 AM,408.55,0,0.0,16141958.999999998
2025-08-01 11:36:06 AM,408.55,8,3268.4,16145227.399999999
2025-08-01 11:37:47 AM,407.8,0,0.0,16145227.399999999
2025-08-01 11:37:51 AM,407.8,528,215318.4,16360545.799999999
2025-08-01 11:38:38 AM,408.15,0,0.0,16360545.799999999
2025-08-01 11:38:41 AM,408.15,10,4081.5,16364627.299999999
2025-08-01 11:39:43 AM,407.8,1,407.8,16365035.1
2025-08-01 11:39:45 AM,408.0,0,0.0,16365035.1
2025-08-01 11:39:48 AM,408.0,4,1632.0,16366667.1
2025-08-01 11:40:03 AM,408.0,1,408.0,16367075.1
2025-08-01 11:40:21 AM,407.7,0,0.0,16367075.1
2025-08-01 11:40:24 AM,407.7,36,14677.199999999999,16381752.299999999
2025-08-01 11:42:17 AM,407.8,0,0.0,16381752.299999999
2025-08-01 11:42:20 AM,407.7,152,61970.4,16443722.7
2025-08-01 11:42:25 AM,407.9,0,0.0,16443722.7
2025-08-01 11:42:25 AM,407.9,39,15908.099999999999,16459630.799999999
2025-08-01 11:42:31 AM,407.9,5,2039.5,16461670.299999999
2025-08-01 11:43:25 AM,407.55,0,0.0,16461670.299999999
2025-08-01 11:43:30 AM,407.55,64,26083.2,16487753.499999998
2025-08-01 11:43:35 AM,407.85,1,407.85,16488161.349999998
2025-08-01 11:43:39 AM,407.45,0,0.0,16488161.349999998
2025-08-01 11:43:40 AM,407.45,40,16298.0,16504459.349999998
2025-08-01 11:43:50 AM,407.4,70,28518.0,16532977.349999998
2025-08-01 11:44:03 AM,407.3,0,0.0,16532977.349999998
2025-08-01 11:44:06 AM,407.3,2150,875695.0,17408672.349999998
2025-08-01 11:44:33 AM,407.0,0,0.0,17408672.349999998
2025-08-01 11:44:36 AM,407.0,5,2035.0,17410707.349999998
2025-08-01 11:45:02 AM,407.0,20,8140.0,17418847.349999998
2025-08-01 11:45:23 AM,406.55,0,0.0,17418847.349999998
2025-08-01 11:45:24 AM,406.55,55,22360.25,17441207.599999998
2025-08-01 11:46:37 AM,406.6,0,0.0,17441207.599999998
2025-08-01 11:46:38 AM,406.6,1,406.6,17441614.2
2025-08-01 11:47:56 AM,406.9,28,11393.199999999999,17453007.4
2025-08-01 11:48:10 AM,406.85,0,0.0,17453007.4
2025-08-01 11:48:11 AM,406.85,10,4068.5,17457075.9
2025-08-01 11:49:12 AM,406.85,36,14646.6,17471722.5
2025-08-01 11:49:44 AM,406.85,2,813.7,17472536.2
2025-08-01 11:50:45 AM,406.65,4,1626.6,17474162.8
2025-08-01 11:51:21 AM,406.85,0,0.0,17474162.8
2025-08-01 11:51:22 AM,406.55,0,0.0,17474162.8
2025-08-01 11:51:24 AM,406.55,34,13822.7,17487985.5
2025-08-01 11:51:39 AM,406.55,1,406.55,17488392.05
2025-08-01 11:52:02 AM,406.85,0,0.0,17488392.05
2025-08-01 11:52:04 AM,406.85,20,8137.0,17496529.05
2025-08-01 11:52:09 AM,406.85,50,20342.5,17516871.55
2025-08-01 11:52:14 AM,406.85,122,49635.700000000004,17566507.25
2025-08-01 11:52:36 AM,407.4,0,0.0,17566507.25
2025-08-01 11:52:40 AM,407.4,10,4074.0,17570581.25
2025-08-01 11:52:56 AM,407.4,3,1222.1999999999998,17571803.45
2025-08-01 11:53:15 AM,407.4,20,8148.0,17579951.45
2025-08-01 11:53:50 AM,407.35,0,0.0,17579951.45
2025-08-01 11:53:51 AM,407.35,12,4888.200000000001,17584839.65
2025-08-01 11:54:13 AM,407.45,0,0.0,17584839.65
2025-08-01 11:54:16 AM,407.45,5,2037.25,17586876.9
2025-08-01 11:54:31 AM,407.05,0,0.0,17586876.9
2025-08-01 11:54:32 AM,407.05,2,814.1,17587691.0
2025-08-01 11:54:43 AM,407.45,48,19557.6,17607248.6
2025-08-01 11:56:55 AM,407.4,0,0.0,17607248.6
2025-08-01 11:56:58 AM,407.4,200,81480.0,17688728.6
2025-08-01 12:00:20 PM,407.0,30,12210.0,17700938.6
2025-08-01 12:01:08 PM,407.3,0,0.0,17700938.6
2025-08-01 12:01:09 PM,407.3,13,5294.900000000001,17706233.5
2025-08-01 12:01:47 PM,407.3,12,4887.6,17711121.1
2025-08-01 12:02:44 PM,407.45,0,0.0,17711121.1
2025-08-01 12:02:47 PM,407.45,250,101862.5,17812983.6
2025-08-01 12:02:51 PM,407.0,0,0.0,17812983.6
2025-08-01 12:02:52 PM,407.0,2989,1216523.0,19029506.6
2025-08-01 12:02:53 PM,406.85,1,406.85,19029913.450000003
2025-08-01 12:03:43 PM,406.85,70,28479.5,19058392.950000003
2025-08-01 12:04:53 PM,406.85,100,40685.0,19099077.950000003
2025-08-01 12:04:54 PM,406.8,0,0.0,19099077.950000003
2025-08-01 12:04:56 PM,406.8,10,4068.0,19103145.950000003
2025-08-01 12:05:00 PM,406.85,0,0.0,19103145.950000003
2025-08-01 12:05:01 PM,406.85,1,406.85,19103552.800000004
2025-08-01 12:05:09 PM,406.8,3,1220.4,19104773.200000003
2025-08-01 12:06:12 PM,406.8,30,12204.0,19116977.200000003
2025-08-01 12:07:00 PM,406.55,0,0.0,19116977.200000003
2025-08-01 12:07:01 PM,406.55,15,6098.25,19123075.450000003
2025-08-01 12:07:06 PM,406.55,1,406.55,19123482.000000004
2025-08-01 12:07:28 PM,406.5,0,0.0,19123482.000000004
2025-08-01 12:07:32 PM,406.5,272,110568.0,19234050.000000004
2025-08-01 12:07:47 PM,406.3,2,812.6,19234862.600000005
2025-08-01 12:08:02 PM,406.5,17,6910.5,19241773.100000005
2025-08-01 12:08:54 PM,406.55,0,0.0,19241773.100000005
2025-08-01 12:08:57 PM,406.55,100,40655.0,19282428.100000005
2025-08-01 12:10:10 PM,406.35,0,0.0,19282428.100000005
2025-08-01 12:10:12 PM,406.35,19,7720.650000000001,19290148.750000004
2025-08-01 12:10:42 PM,406.35,22,8939.7,19299088.450000003
2025-08-01 12:11:02 PM,406.55,10,4065.5,19303153.950000003
2025-08-01 12:12:15 PM,406.55,7,2845.85,19305999.800000004
2025-08-01 12:13:44 PM,406.3,0,0.0,19305999.800000004
2025-08-01 12:13:46 PM,406.3,560,227528.0,19533527.800000004
2025-08-01 12:14:30 PM,406.25,0,0.0,19533527.800000004
2025-08-01 12:14:30 PM,406.25,5,2031.25,19535559.050000004
2025-08-01 12:14:51 PM,406.25,290,117812.5,19653371.550000004
2025-08-01 12:15:27 PM,406.2,45,18279.0,19671650.550000004
2025-08-01 12:15:32 PM,406.2,5,2031.0,19673681.550000004
2025-08-01 12:15:36 PM,406.5,0,0.0,19673681.550000004
2025-08-01 12:15:37 PM,406.5,2592,1053648.0,20727329.550000004
2025-08-01 12:16:04 PM,406.45,0,0.0,20727329.550000004
2025-08-01 12:16:07 PM,406.45,47,19103.149999999998,20746432.700000003
2025-08-01 12:16:14 PM,406.5,0,0.0,20746432.700000003
2025-08-01 12:16:17 PM,406.5,2,813.0,20747245.700000003
2025-08-01 12:17:30 PM,406.5,4,1626.0,20748871.700000003
2025-08-01 12:17:34 PM,406.55,0,0.0,20748871.700000003
2025-08-01 12:17:35 PM,406.55,240,97572.0,20846443.700000003
2025-08-01 12:18:09 PM,406.55,40,16262.0,20862705.700000003
2025-08-01 12:18:44 PM,406.5,0,0.0,20862705.700000003
2025-08-01 12:18:48 PM,406.5,10,4065.0,20866770.700000003
2025-08-01 12:19:27 PM,406.15,0,0.0,20866770.700000003
2025-08-01 12:19:29 PM,406.15,100,40615.0,20907385.700000003
2025-08-01 12:19:43 PM,405.85,0,0.0,20907385.700000003
2025-08-01 12:19:44 PM,405.85,268,108767.8,21016153.500000004
2025-08-01 12:20:12 PM,406.0,0,0.0,21016153.500000004
2025-08-01 12:20:15 PM,406.0,37,15022.0,21031175.500000004
2025-08-01 12:21:54 PM,406.0,19,7714.0,21038889.500000004
2025-08-01 12:22:05 PM,406.0,20,8120.0,21047009.500000004
2025-08-01 12:22:23 PM,405.85,0,0.0,21047009.500000004
2025-08-01 12:22:26 PM,405.85,1,405.85,21047415.350000005
2025-08-01 12:22:30 PM,406.0,0,0.0,21047415.350000005
2025-08-01 12:22:31 PM,406.0,5,2030.0,21049445.350000005
2025-08-01 12:22:36 PM,406.0,18,7308.0,21056753.350000005
2025-08-01 12:22:46 PM,406.25,0,0.0,21056753.350000005
2025-08-01 12:22:46 PM,406.25,321,130406.25,21187159.600000005
2025-08-01 12:22:55 PM,406.75,0,0.0,21187159.600000005
2025-08-01 12:22:56 PM,406.75,6,2440.5,21189600.100000005
2025-08-01 12:23:31 PM,406.75,100,40675.0,21230275.100000005
2025-08-01 12:23:40 PM,406.7,1,406.7,21230681.800000004
2025-08-01 12:25:57 PM,406.3,0,0.0,21230681.800000004
2025-08-01 12:26:00 PM,406.3,39,15845.7,21246527.500000004
2025-08-01 12:26:11 PM,406.05,100,40605.0,21287132.500000004
2025-08-01 12:27:29 PM,406.1,0,0.0,21287132.500000004
2025-08-01 12:27:31 PM,406.1,3,1218.3000000000002,21288350.800000004
2025-08-01 12:27:36 PM,406.1,1,406.1,21288756.900000006
2025-08-01 12:27:55 PM,406.65,0,0.0,21288756.900000006
2025-08-01 12:27:55 PM,406.65,233,94749.45,21383506.350000005
2025-08-01 12:28:29 PM,406.15,0,0.0,21383506.350000005
2025-08-01 12:28:30 PM,406.15,18,7310.7,21390817.050000004
2025-08-01 12:29:43 PM,406.0,0,0.0,21390817.050000004
2025-08-01 12:29:45 PM,406.0,200,81200.0,21472017.050000004
2025-08-01 12:31:24 PM,406.0,15,6090.0,21478107.050000004
2025-08-01 12:32:31 PM,406.0,6,2436.0,21480543.050000004
2025-08-01 12:33:21 PM,406.0,3,1218.0,21481761.050000004
2025-08-01 12:33:35 PM,406.0,3,1218.0,21482979.050000004
2025-08-01 12:33:56 PM,406.0,1,406.0,21483385.050000004
2025-08-01 12:34:42 PM,406.0,1,406.0,21483791.050000004
2025-08-01 12:34:54 PM,405.75,0,0.0,21483791.050000004
2025-08-01 12:34:56 PM,405.75,166,67354.5,21551145.550000004
2025-08-01 12:35:10 PM,405.7,0,0.0,21551145.550000004
2025-08-01 12:35:12 PM,405.7,800,324560.0,21875705.550000004
2025-08-01 12:35:18 PM,405.6,0,0.0,21875705.550000004
2025-08-01 12:35:22 PM,405.6,10,4056.0,21879761.550000004
2025-08-01 12:35:43 PM,405.8,20,8116.0,21887877.550000004
2025-08-01 12:36:50 PM,405.5,0,0.0,21887877.550000004
2025-08-01 12:36:51 PM,405.5,100,40550.0,21928427.550000004
2025-08-01 12:36:53 PM,405.75,0,0.0,21928427.550000004
2025-08-01 12:36:56 PM,405.75,3,1217.25,21929644.800000004
2025-08-01 12:37:15 PM,405.95,0,0.0,21929644.800000004
2025-08-01 12:37:16 PM,405.95,60,24357.0,21954001.800000004
2025-08-01 12:37:51 PM,405.85,0,0.0,21954001.800000004
2025-08-01 12:37:51 PM,405.85,3,1217.5500000000002,21955219.350000005
2025-08-01 12:38:21 PM,405.85,50,20292.5,21975511.850000005
2025-08-01 12:38:45 PM,405.85,1,405.85,21975917.700000007
2025-08-01 12:39:01 PM,405.85,10,4058.5,21979976.200000007
2025-08-01 12:39:14 PM,405.85,4,1623.4,21981599.600000005
2025-08-01 12:39:43 PM,405.85,2,811.7,21982411.300000004
2025-08-01 12:40:15 PM,405.85,1,405.85,21982817.150000006
2025-08-01 12:40:20 PM,405.9,5,2029.5,21984846.650000006
2025-08-01 12:41:17 PM,405.9,25,10147.5,21994994.150000006
2025-08-01 12:41:18 PM,405.85,0,0.0,21994994.150000006
2025-08-01 12:41:22 PM,405.85,2,811.7,21995805.850000005
2025-08-01 12:42:52 PM,405.5,0,0.0,21995805.850000005
2025-08-01 12:42:55 PM,405.5,1,405.5,21996211.350000005
2025-08-01 12:44:49 PM,405.5,300,121650.0,22117861.350000005
2025-08-01 12:47:24 PM,405.95,0,0.0,22117861.350000005
2025-08-01 12:47:27 PM,405.95,49,19891.55,22137752.900000006
2025-08-01 12:47:47 PM,405.95,10,4059.5,22141812.400000006
2025-08-01 12:48:36 PM,405.9,0,0.0,22141812.400000006
2025-08-01 12:48:37 PM,405.9,12,4870.799999999999,22146683.200000007
2025-08-01 12:49:02 PM,405.6,64,25958.4,22172641.600000005
2025-08-01 12:49:31 PM,405.55,4,1622.2,22174263.800000004
2025-08-01 12:50:00 PM,405.6,0,0.0,22174263.800000004
2025-08-01 12:50:01 PM,405.6,89,36098.4,22210362.200000003
2025-08-01 12:50:12 PM,405.6,1,405.6,22210767.800000004
2025-08-01 12:50:48 PM,405.4,0,0.0,22210767.800000004
2025-08-01 12:50:48 PM,405.4,208,84323.2,22295091.000000004
2025-08-01 12:51:14 PM,405.2,0,0.0,22295091.000000004
2025-08-01 12:51:14 PM,405.2,2,810.4,22295901.400000002
2025-08-01 12:51:40 PM,405.15,0,0.0,22295901.400000002
2025-08-01 12:51:41 PM,405.15,17,6887.549999999999,22302788.950000003
2025-08-01 12:52:59 PM,405.15,40,16206.0,22318994.950000003
2025-08-01 12:54:55 PM,405.15,125,50643.75,22369638.700000003
2025-08-01 12:56:47 PM,405.15,20,8103.0,22377741.700000003
2025-08-01 12:57:11 PM,405.15,393,159223.94999999998,22536965.650000002
2025-08-01 12:58:12 PM,405.15,200,81030.0,22617995.650000002
2025-08-01 12:59:28 PM,405.15,50,20257.5,22638253.150000002
2025-08-01 12:59:34 PM,405.1,0,0.0,22638253.150000002
2025-08-01 12:59:38 PM,405.1,57,23090.7,22661343.85
2025-08-01 01:00:26 PM,405.15,58,23498.699999999997,22684842.55
2025-08-01 01:01:24 PM,405.65,5,2028.25,22686870.8
2025-08-01 01:02:33 PM,405.7,0,0.0,22686870.8
2025-08-01 01:02:33 PM,405.7,7,2839.9,22689710.7
2025-08-01 01:02:53 PM,405.7,5,2028.5,22691739.2
2025-08-01 01:03:31 PM,405.5,0,0.0,22691739.2
2025-08-01 01:03:33 PM,405.5,122,49471.0,22741210.2
2025-08-01 01:03:48 PM,405.5,2,811.0,22742021.2
2025-08-01 01:04:18 PM,405.5,30,12165.0,22754186.2
2025-08-01 01:04:23 PM,405.6,50,20280.0,22774466.2
2025-08-01 01:04:49 PM,405.75,0,0.0,22774466.2
2025-08-01 01:04:51 PM,405.75,100,40575.0,22815041.2
2025-08-01 01:05:27 PM,405.8,0,0.0,22815041.2
2025-08-01 01:05:27 PM,405.8,59,23942.2,22838983.4
2025-08-01 01:05:31 PM,405.8,49,19884.2,22858867.599999998
2025-08-01 01:08:44 PM,405.65,0,0.0,22858867.599999998
2025-08-01 01:08:45 PM,405.65,10,4056.5,22862924.099999998
2025-08-01 01:09:56 PM,405.95,0,0.0,22862924.099999998
2025-08-01 01:09:58 PM,405.95,200,81190.0,22944114.099999998
2025-08-01 01:10:58 PM,406.0,0,0.0,22944114.099999998
2025-08-01 01:10:58 PM,406.0,10,4060.0,22948174.099999998
2025-08-01 01:12:11 PM,405.9,1,405.9,22948579.999999996
2025-08-01 01:12:12 PM,405.9,13,5276.7,22953856.699999996
2025-08-01 01:12:33 PM,405.15,0,0.0,22953856.699999996
2025-08-01 01:12:33 PM,405.15,229,92779.34999999999,23046636.049999997
2025-08-01 01:14:30 PM,405.8,0,0.0,23046636.049999997
2025-08-01 01:14:30 PM,405.8,135,54783.0,23101419.049999997
2025-08-01 01:14:44 PM,405.8,9,3652.2000000000003,23105071.249999996
2025-08-01 01:15:32 PM,405.8,1,405.8,23105477.049999997
2025-08-01 01:15:37 PM,405.8,524,212639.2,23318116.249999996
2025-08-01 01:15:47 PM,405.8,8,3246.4,23321362.649999995
2025-08-01 01:17:52 PM,405.15,0,0.0,23321362.649999995
2025-08-01 01:17:52 PM,405.75,0,0.0,23321362.649999995
2025-08-01 01:17:54 PM,405.75,251,101843.25,23423205.899999995
2025-08-01 01:18:04 PM,405.15,80,32412.0,23455617.899999995
2025-08-01 01:20:00 PM,405.7,0,0.0,23455617.899999995
2025-08-01 01:20:03 PM,405.7,30,12171.0,23467788.899999995
2025-08-01 01:20:36 PM,405.5,0,0.0,23467788.899999995
2025-08-01 01:20:39 PM,405.5,2,811.0,23468599.899999995
2025-08-01 01:22:00 PM,405.7,0,0.0,23468599.899999995
2025-08-01 01:22:02 PM,405.7,50,20285.0,23488884.899999995
2025-08-01 01:22:22 PM,405.5,0,0.0,23488884.899999995
2025-08-01 01:22:25 PM,405.5,20,8110.0,23496994.899999995
2025-08-01 01:22:53 PM,405.5,420,170310.0,23667304.899999995
2025-08-01 01:22:54 PM,405.85,0,0.0,23667304.899999995
2025-08-01 01:22:57 PM,405.85,25,10146.25,23677451.149999995
2025-08-01 01:24:18 PM,405.9,0,0.0,23677451.149999995
2025-08-01 01:24:19 PM,405.9,1,405.9,23677857.049999993
2025-08-01 01:24:38 PM,405.5,0,0.0,23677857.049999993
2025-08-01 01:24:42 PM,405.5,20,8110.0,23685967.049999993
2025-08-01 01:25:17 PM,405.95,0,0.0,23685967.049999993
2025-08-01 01:25:17 PM,405.95,50,20297.5,23706264.549999993
2025-08-01 01:26:09 PM,406.0,0,0.0,23706264.549999993
2025-08-01 01:26:11 PM,406.0,25,10150.0,23716414.549999993
2025-08-01 01:27:01 PM,406.0,100,40600.0,23757014.549999993
2025-08-01 01:27:25 PM,406.0,20,8120.0,23765134.549999993
2025-08-01 01:27:27 PM,405.65,0,0.0,23765134.549999993
2025-08-01 01:27:30 PM,405.65,7,2839.5499999999997,23767974.099999994
2025-08-01 01:27:47 PM,406.1,0,0.0,23767974.099999994
2025-08-01 01:27:49 PM,406.1,61,24772.100000000002,23792746.199999996
2025-08-01 01:28:40 PM,405.95,0,0.0,23792746.199999996
2025-08-01 01:28:42 PM,405.95,2,811.9,23793558.099999994
2025-08-01 01:30:14 PM,405.95,6,2435.7,23795993.799999993
2025-08-01 01:31:40 PM,406.1,0,0.0,23795993.799999993
2025-08-01 01:31:43 PM,406.1,65,26396.5,23822390.299999993
2025-08-01 01:35:44 PM,405.95,0,0.0,23822390.299999993
2025-08-01 01:35:44 PM,405.95,140,56833.0,23879223.299999993
2025-08-01 01:38:05 PM,405.8,0,0.0,23879223.299999993
2025-08-01 01:38:07 PM,405.8,14,5681.2,23884904.499999993
2025-08-01 01:42:12 PM,405.85,0,0.0,23884904.499999993
2025-08-01 01:42:12 PM,405.85,12,4870.200000000001,23889774.69999999
2025-08-01 01:44:11 PM,405.85,40,16234.0,23906008.69999999
2025-08-01 01:44:30 PM,406.0,0,0.0,23906008.69999999
2025-08-01 01:44:31 PM,406.0,31,12586.0,23918594.69999999
2025-08-01 01:46:10 PM,406.2,0,0.0,23918594.69999999
2025-08-01 01:46:10 PM,406.2,300,121860.0,24040454.69999999
2025-08-01 01:47:30 PM,405.75,19,7709.25,24048163.94999999
2025-08-01 01:47:38 PM,406.0,0,0.0,24048163.94999999
2025-08-01 01:47:40 PM,406.0,3,1218.0,24049381.94999999
2025-08-01 01:50:14 PM,405.75,0,0.0,24049381.94999999
2025-08-01 01:50:17 PM,405.75,1,405.75,24049787.69999999
2025-08-01 01:50:27 PM,406.0,10,4060.0,24053847.69999999
2025-08-01 01:51:30 PM,406.1,0,0.0,24053847.69999999
2025-08-01 01:51:30 PM,406.1,6,2436.6000000000004,24056284.299999993
2025-08-01 01:51:59 PM,406.1,50,20305.0,24076589.299999993
2025-08-01 01:52:57 PM,405.75,0,0.0,24076589.299999993
2025-08-01 01:52:58 PM,405.75,1,405.75,24076995.049999993
2025-08-01 01:53:22 PM,406.25,100,40625.0,24117620.049999993
2025-08-01 01:55:16 PM,406.0,0,0.0,24117620.049999993
2025-08-01 01:55:17 PM,406.0,5,2030.0,24119650.049999993
2025-08-01 01:55:22 PM,406.0,19,7714.0,24127364.049999993
2025-08-01 01:55:37 PM,406.0,1,406.0,24127770.049999993
2025-08-01 01:55:42 PM,406.0,10,4060.0,24131830.049999993
2025-08-01 01:55:50 PM,405.8,0,0.0,24131830.049999993
2025-08-01 01:55:52 PM,405.8,305,123769.0,24255599.049999993
2025-08-01 01:57:34 PM,405.5,0,0.0,24255599.049999993
2025-08-01 01:57:36 PM,405.5,100,40550.0,24296149.049999993
2025-08-01 01:59:37 PM,406.0,0,0.0,24296149.049999993
2025-08-01 01:59:41 PM,406.0,100,40600.0,24336749.049999993
2025-08-01 02:00:02 PM,405.95,0,0.0,24336749.049999993
2025-08-01 02:00:06 PM,405.95,1,405.95,24337154.999999993
2025-08-01 02:00:14 PM,406.0,0,0.0,24337154.999999993
2025-08-01 02:00:16 PM,406.0,15,6090.0,24343244.999999993
2025-08-01 02:02:17 PM,405.6,50,20280.0,24363524.999999993
2025-08-01 02:02:50 PM,406.0,0,0.0,24363524.999999993
2025-08-01 02:02:52 PM,406.0,100,40600.0,24404124.999999993
2025-08-01 02:03:34 PM,405.4,0,0.0,24404124.999999993
2025-08-01 02:03:38 PM,405.4,742,300806.8,24704931.799999993
2025-08-01 02:07:35 PM,405.35,0,0.0,24704931.799999993
2025-08-01 02:07:35 PM,405.35,19,7701.650000000001,24712633.44999999
2025-08-01 02:08:14 PM,405.5,0,0.0,24712633.44999999
2025-08-01 02:08:16 PM,405.5,25,10137.5,24722770.94999999
2025-08-01 02:08:17 PM,405.65,0,0.0,24722770.94999999
2025-08-01 02:08:22 PM,405.65,100,40565.0,24763335.94999999
2025-08-01 02:08:59 PM,405.15,0,0.0,24763335.94999999
2025-08-01 02:09:03 PM,405.15,50,20257.5,24783593.44999999
2025-08-01 02:09:08 PM,405.5,63,25546.5,24809139.94999999
2025-08-01 02:11:56 PM,405.3,0,0.0,24809139.94999999
2025-08-01 02:11:56 PM,405.3,5,2026.5,24811166.44999999
2025-08-01 02:12:22 PM,405.1,86,34838.6,24846005.049999993
2025-08-01 02:12:27 PM,405.0,500,202500.0,25048505.049999993
2025-08-01 02:12:41 PM,405.5,0,0.0,25048505.049999993
2025-08-01 02:12:42 PM,405.5,100,40550.0,25089055.049999993
2025-08-01 02:13:28 PM,405.5,1,405.5,25089460.549999993
2025-08-01 02:13:35 PM,405.5,2,811.0,25090271.549999993
2025-08-01 02:15:02 PM,405.5,1,405.5,25090677.049999993
2025-08-01 02:15:51 PM,405.5,10,4055.0,25094732.049999993
2025-08-01 02:16:33 PM,405.05,75,30378.75,25125110.799999993
2025-08-01 02:16:36 PM,405.4,0,0.0,25125110.799999993
2025-08-01 02:16:37 PM,405.4,5,2027.0,25127137.799999993
2025-08-01 02:17:02 PM,405.4,25,10135.0,25137272.799999993
2025-08-01 02:17:04 PM,405.5,0,0.0,25137272.799999993
2025-08-01 02:17:07 PM,405.5,74,30007.0,25167279.799999993
2025-08-01 02:18:19 PM,405.5,200,81100.0,25248379.799999993
2025-08-01 02:18:24 PM,405.5,10,4055.0,25252434.799999993
2025-08-01 02:20:23 PM,405.5,21,8515.5,25260950.299999993
2025-08-01 02:21:56 PM,405.0,3444,1394820.0,26655770.299999993
2025-08-01 02:22:06 PM,405.0,5,2025.0,26657795.299999993
2025-08-01 02:22:12 PM,405.0,67,27135.0,26684930.299999993
2025-08-01 02:23:11 PM,405.0,107,43335.0,26728265.299999993
2025-08-01 02:24:04 PM,405.0,79,31995.0,26760260.299999993
2025-08-01 02:24:14 PM,405.35,0,0.0,26760260.299999993
2025-08-01 02:24:15 PM,405.35,10,4053.5,26764313.799999993
2025-08-01 02:24:57 PM,404.85,0,0.0,26764313.799999993
2025-08-01 02:24:57 PM,404.85,25,10121.25,26774435.049999993
2025-08-01 02:25:11 PM,404.7,0,0.0,26774435.049999993
2025-08-01 02:25:13 PM,404.7,10,4047.0,26778482.049999993
2025-08-01 02:25:18 PM,404.95,0,0.0,26778482.049999993
2025-08-01 02:25:18 PM,404.95,31,12553.449999999999,26791035.499999993
2025-08-01 02:25:21 PM,404.7,0,0.0,26791035.499999993
2025-08-01 02:25:24 PM,404.7,10,4047.0,26795082.499999993
2025-08-01 02:25:27 PM,405.0,0,0.0,26795082.499999993
2025-08-01 02:25:29 PM,405.0,120,48600.0,26843682.499999993
2025-08-01 02:25:36 PM,404.7,0,0.0,26843682.499999993
2025-08-01 02:25:40 PM,404.7,773,312833.1,27156515.599999994
2025-08-01 02:25:53 PM,405.3,0,0.0,27156515.599999994
2025-08-01 02:25:56 PM,405.3,1000,405300.0,27561815.599999994
2025-08-01 02:26:06 PM,404.7,170,68799.0,27630614.599999994
2025-08-01 02:26:32 PM,405.15,0,0.0,27630614.599999994
2025-08-01 02:26:32 PM,405.15,20,8103.0,27638717.599999994
2025-08-01 02:26:41 PM,404.7,0,0.0,27638717.599999994
2025-08-01 02:26:43 PM,404.7,5,2023.5,27640741.099999994
2025-08-01 02:26:59 PM,404.7,100,40470.0,27681211.099999994
2025-08-01 02:28:04 PM,405.05,0,0.0,27681211.099999994
2025-08-01 02:28:04 PM,405.05,125,50631.25,27731842.349999994
2025-08-01 02:28:13 PM,405.1,0,0.0,27731842.349999994
2025-08-01 02:28:15 PM,405.1,100,40510.0,27772352.349999994
2025-08-01 02:28:48 PM,405.1,50,20255.0,27792607.349999994
2025-08-01 02:28:59 PM,405.1,1,405.1,27793012.449999996
2025-08-01 02:29:49 PM,404.75,0,0.0,27793012.449999996
2025-08-01 02:29:49 PM,404.75,2,809.5,27793821.949999996
2025-08-01 02:30:50 PM,405.05,15,6075.75,27799897.699999996
2025-08-01 02:31:33 PM,405.05,50,20252.5,27820150.199999996
2025-08-01 02:32:28 PM,405.05,15,6075.75,27826225.949999996
2025-08-01 02:32:34 PM,405.05,15,6075.75,27832301.699999996
2025-08-01 02:32:37 PM,404.7,0,0.0,27832301.699999996
2025-08-01 02:32:37 PM,404.7,30,12141.0,27844442.699999996
2025-08-01 02:32:43 PM,405.05,0,0.0,27844442.699999996
2025-08-01 02:32:43 PM,405.05,15,6075.75,27850518.449999996
2025-08-01 02:33:11 PM,405.05,30,12151.5,27862669.949999996
2025-08-01 02:33:28 PM,405.15,0,0.0,27862669.949999996
2025-08-01 02:33:29 PM,405.15,50,20257.5,27882927.449999996
2025-08-01 02:33:47 PM,404.95,0,0.0,27882927.449999996
2025-08-01 02:33:48 PM,405.15,0,0.0,27882927.449999996
2025-08-01 02:33:49 PM,405.15,532,215539.8,28098467.249999996
2025-08-01 02:33:54 PM,405.1,0,0.0,28098467.249999996
2025-08-01 02:33:54 PM,405.1,115,46586.5,28145053.749999996
2025-08-01 02:34:08 PM,405.75,21,8520.75,28153574.499999996
2025-08-01 02:34:14 PM,405.35,96,38913.600000000006,28192488.099999998
2025-08-01 02:34:17 PM,405.1,0,0.0,28192488.099999998
2025-08-01 02:34:19 PM,405.1,10,4051.0,28196539.099999998
2025-08-01 02:34:53 PM,404.85,0,0.0,28196539.099999998
2025-08-01 02:34:54 PM,404.85,35,14169.75,28210708.849999998
2025-08-01 02:35:22 PM,405.2,13,5267.599999999999,28215976.45
2025-08-01 02:35:54 PM,404.8,0,0.0,28215976.45
2025-08-01 02:35:54 PM,404.8,243,98366.40000000001,28314342.849999998
2025-08-01 02:36:01 PM,404.7,0,0.0,28314342.849999998
2025-08-01 02:36:02 PM,404.7,148,59895.6,28374238.45
2025-08-01 02:36:33 PM,404.65,0,0.0,28374238.45
2025-08-01 02:36:33 PM,404.65,2,809.3,28375047.75
2025-08-01 02:36:40 PM,404.6,40,16184.0,28391231.75
2025-08-01 02:37:15 PM,404.5,0,0.0,28391231.75
2025-08-01 02:37:16 PM,404.5,484,195778.0,28587009.75
2025-08-01 02:37:21 PM,404.5,16,6472.0,28593481.75
2025-08-01 02:38:28 PM,404.4,14,5661.599999999999,28599143.35
2025-08-01 02:38:50 PM,404.1,722,291760.2,28890903.55
2025-08-01 02:39:41 PM,404.1,78,31519.800000000003,28922423.35
2025-08-01 02:39:47 PM,404.1,250,101025.0,29023448.35
2025-08-01 02:40:15 PM,404.1,10,4041.0,29027489.35
2025-08-01 02:40:48 PM,404.1,6,2424.6000000000004,29029913.950000003
2025-08-01 02:40:56 PM,404.45,0,0.0,29029913.950000003
2025-08-01 02:40:58 PM,404.45,20,8089.0,29038002.950000003
2025-08-01 02:41:29 PM,404.1,0,0.0,29038002.950000003
2025-08-01 02:41:32 PM,404.1,50,20205.0,29058207.950000003
2025-08-01 02:41:58 PM,404.1,2683,1084200.3,30142408.250000004
2025-08-01 02:42:03 PM,404.1,500,202050.0,30344458.250000004
2025-08-01 02:42:12 PM,404.5,0,0.0,30344458.250000004
2025-08-01 02:42:14 PM,404.5,3,1213.5,30345671.750000004
2025-08-01 02:43:04 PM,404.45,0,0.0,30345671.750000004
2025-08-01 02:43:07 PM,404.45,2,808.9,30346480.650000002
2025-08-01 02:43:14 PM,404.45,3,1213.35,30347694.000000004
2025-08-01 02:43:39 PM,404.45,2,808.9,30348502.900000002
2025-08-01 02:44:17 PM,403.0,0,0.0,30348502.900000002
2025-08-01 02:44:19 PM,402.55,5000,2012750.0,32361252.900000002
2025-08-01 02:44:22 PM,402.5,0,0.0,32361252.900000002
2025-08-01 02:44:22 PM,402.0,0,0.0,32361252.900000002
2025-08-01 02:44:24 PM,402.0,1025,412050.0,32773302.900000002
2025-08-01 02:44:24 PM,402.35,1,402.35,32773705.250000004
2025-08-01 02:44:35 PM,402.0,0,0.0,32773705.250000004
2025-08-01 02:44:35 PM,402.0,268,107736.0,32881441.250000004
2025-08-01 02:44:41 PM,402.05,0,0.0,32881441.250000004
2025-08-01 02:44:41 PM,401.85,0,0.0,32881441.250000004
2025-08-01 02:44:41 PM,401.85,589,236689.65000000002,33118130.900000002
2025-08-01 02:44:47 PM,401.15,510,204586.5,33322717.400000002
2025-08-01 02:44:50 PM,401.7,0,0.0,33322717.400000002
2025-08-01 02:44:52 PM,401.7,25,10042.5,33332759.900000002
2025-08-01 02:45:05 PM,402.0,0,0.0,33332759.900000002
2025-08-01 02:45:05 PM,402.05,0,0.0,33332759.900000002
2025-08-01 02:45:10 PM,402.0,730,293460.0,33626219.900000006
2025-08-01 02:45:26 PM,401.95,0,0.0,33626219.900000006
2025-08-01 02:45:26 PM,401.95,50,20097.5,33646317.400000006
2025-08-01 02:45:32 PM,402.3,0,0.0,33646317.400000006
2025-08-01 02:45:32 PM,402.3,7,2816.1,33649133.50000001
2025-08-01 02:45:56 PM,401.95,0,0.0,33649133.50000001
2025-08-01 02:45:59 PM,401.0,2836,1137236.0,34786369.50000001
2025-08-01 02:45:59 PM,401.0,53,21253.0,34807622.50000001
2025-08-01 02:46:01 PM,401.55,0,0.0,34807622.50000001
2025-08-01 02:46:04 PM,401.55,33,13251.15,34820873.650000006
2025-08-01 02:46:17 PM,401.95,40,16078.0,34836951.650000006
2025-08-01 02:46:39 PM,401.85,1,401.85,34837353.50000001
2025-08-01 02:46:44 PM,402.25,200,80450.0,34917803.50000001
2025-08-01 02:46:54 PM,402.0,0,0.0,34917803.50000001
2025-08-01 02:46:54 PM,402.0,24,9648.0,34927451.50000001
2025-08-01 02:47:01 PM,402.0,61,24522.0,34951973.50000001
2025-08-01 02:47:20 PM,402.45,0,0.0,34951973.50000001
2025-08-01 02:47:22 PM,402.9,0,0.0,34951973.50000001
2025-08-01 02:47:23 PM,402.9,23,9266.699999999999,34961240.20000001
2025-08-01 02:48:35 PM,402.5,0,0.0,34961240.20000001
2025-08-01 02:48:37 PM,402.5,1,402.5,34961642.70000001
2025-08-01 02:48:54 PM,402.5,17,6842.5,34968485.20000001
2025-08-01 02:49:03 PM,402.85,0,0.0,34968485.20000001
2025-08-01 02:49:05 PM,402.85,2,805.7,34969290.90000001
2025-08-01 02:49:16 PM,402.8,0,0.0,34969290.90000001
2025-08-01 02:49:16 PM,402.8,1,402.8,34969693.70000001
2025-08-01 02:49:33 PM,402.8,16,6444.8,34976138.50000001
2025-08-01 02:49:38 PM,403.15,35,14110.25,34990248.75000001
2025-08-01 02:49:43 PM,403.7,0,0.0,34990248.75000001
2025-08-01 02:49:44 PM,403.7,800,322960.0,35313208.75000001
2025-08-01 02:49:49 PM,402.9,0,0.0,35313208.75000001
2025-08-01 02:49:49 PM,402.9,50,20145.0,35333353.75000001
2025-08-01 02:50:00 PM,402.9,60,24174.0,35357527.75000001
2025-08-01 02:50:10 PM,403.15,0,0.0,35357527.75000001
2025-08-01 02:50:12 PM,403.15,3,1209.4499999999998,35358737.20000001
2025-08-01 02:50:49 PM,403.35,0,0.0,35358737.20000001
2025-08-01 02:50:50 PM,403.35,13,5243.55,35363980.75000001
2025-08-01 02:50:53 PM,403.4,0,0.0,35363980.75000001
2025-08-01 02:50:55 PM,403.4,2,806.8,35364787.550000004
2025-08-01 02:51:38 PM,403.4,100,40340.0,35405127.550000004
2025-08-01 02:52:05 PM,402.8,77,31015.600000000002,35436143.150000006
2025-08-01 02:52:16 PM,402.8,1,402.8,35436545.95
2025-08-01 02:52:32 PM,402.5,0,0.0,35436545.95
2025-08-01 02:52:32 PM,402.5,5,2012.5,35438558.45
2025-08-01 02:53:00 PM,402.7,125,50337.5,35488895.95
2025-08-01 02:53:43 PM,403.0,300,120900.0,35609795.95
2025-08-01 02:53:56 PM,402.75,0,0.0,35609795.95
2025-08-01 02:53:57 PM,402.75,36,14499.0,35624294.95
2025-08-01 02:54:05 PM,402.3,100,40230.0,35664524.95
2025-08-01 02:54:24 PM,402.3,30,12069.0,35676593.95
2025-08-01 02:54:26 PM,402.7,25,10067.5,35686661.45
2025-08-01 02:54:39 PM,402.85,0,0.0,35686661.45
2025-08-01 02:54:40 PM,402.85,13,5237.05,35691898.5
2025-08-01 02:54:50 PM,402.65,2,805.3,35692703.8
2025-08-01 02:55:18 PM,402.95,0,0.0,35692703.8
2025-08-01 02:55:19 PM,402.95,271,109199.45,35801903.25
2025-08-01 02:56:11 PM,403.4,0,0.0,35801903.25
2025-08-01 02:56:14 PM,403.4,20,8068.0,35809971.25
2025-08-01 02:57:04 PM,403.5,100,40350.0,35850321.25
2025-08-01 02:57:21 PM,403.05,225,90686.25,35941007.5
2025-08-01 02:57:42 PM,403.1,0,0.0,35941007.5
2025-08-01 02:57:42 PM,403.1,25,10077.5,35951085.0
2025-08-01 02:57:59 PM,402.3,0,0.0,35951085.0
2025-08-01 02:58:00 PM,402.3,500,201150.0,36152235.0
2025-08-01 02:58:05 PM,402.25,80,32180.0,36184415.0
2025-08-01 02:58:18 PM,402.7,10,4027.0,36188442.0
2025-08-01 02:58:49 PM,402.6,0,0.0,36188442.0
2025-08-01 02:58:50 PM,402.6,85,34221.0,36222663.0
2025-08-01 02:59:21 PM,402.2,265,106583.0,36329246.0
2025-08-01 03:00:01 PM,402.45,0,0.0,36329246.0
2025-08-01 03:00:03 PM,402.9,125,50362.5,36379608.5
2025-08-01 03:00:05 PM,403.15,1,403.15,36380011.65
2025-08-01 03:00:08 PM,402.85,0,0.0,36380011.65
2025-08-01 03:00:10 PM,402.85,36,14502.6,36394514.25
2025-08-01 03:00:18 PM,402.9,4,1611.6,36396125.85
2025-08-01 03:00:21 PM,402.85,0,0.0,36396125.85
2025-08-01 03:00:22 PM,402.85,21,8459.85,36404585.7
2025-08-01 03:00:23 PM,403.1,125,50387.5,36454973.2
2025-08-01 03:00:37 PM,402.9,0,0.0,36454973.2
2025-08-01 03:00:38 PM,402.8,0,0.0,36454973.2
2025-08-01 03:00:39 PM,402.8,51,20542.8,36475516.0
2025-08-01 03:01:03 PM,402.7,1,402.7,36475918.7
2025-08-01 03:01:16 PM,402.7,1,402.7,36476321.400000006
2025-08-01 03:01:22 PM,402.7,4,1610.8,36477932.2
2025-08-01 03:01:22 PM,402.9,0,0.0,36477932.2
2025-08-01 03:01:25 PM,402.9,1,402.9,36478335.1
2025-08-01 03:01:33 PM,402.85,0,0.0,36478335.1
2025-08-01 03:01:33 PM,402.85,1,402.85,36478737.95
2025-08-01 03:01:46 PM,402.65,13,5234.45,36483972.400000006
2025-08-01 03:01:51 PM,402.7,12,4832.4,36488804.800000004
2025-08-01 03:01:57 PM,402.2,181,72798.2,36561603.00000001
2025-08-01 03:02:04 PM,402.65,1,402.65,36562005.650000006
2025-08-01 03:02:06 PM,402.45,0,0.0,36562005.650000006
2025-08-01 03:02:07 PM,402.45,131,52720.95,36614726.60000001
2025-08-01 03:02:18 PM,402.6,0,0.0,36614726.60000001
2025-08-01 03:02:20 PM,402.6,12,4831.200000000001,36619557.80000001
2025-08-01 03:02:28 PM,402.65,30,12079.5,36631637.30000001
2025-08-01 03:02:30 PM,402.6,0,0.0,36631637.30000001
2025-08-01 03:02:31 PM,402.4,318,127963.2,36759600.500000015
2025-08-01 03:02:34 PM,402.0,250,100500.0,36860100.500000015
2025-08-01 03:02:50 PM,402.0,1026,412452.0,37272552.500000015
2025-08-01 03:02:56 PM,402.45,2,804.9,37273357.40000001
2025-08-01 03:03:02 PM,402.45,2,804.9,37274162.30000001
2025-08-01 03:03:11 PM,402.5,5,2012.5,37276174.80000001
2025-08-01 03:03:33 PM,402.55,1,402.55,37276577.35000001
2025-08-01 03:03:45 PM,402.55,14,5635.7,37282213.05000001
2025-08-01 03:03:56 PM,402.3,3,1206.9,37283419.95000001
2025-08-01 03:04:03 PM,402.4,194,78065.59999999999,37361485.55000001
2025-08-01 03:04:25 PM,401.3,901,361571.3,37723056.85000001
2025-08-01 03:04:39 PM,402.0,0,0.0,37723056.85000001
2025-08-01 03:04:40 PM,402.0,500,201000.0,37924056.85000001
2025-08-01 03:04:43 PM,401.25,22,8827.5,37932884.35000001
2025-08-01 03:04:58 PM,401.25,5,2006.25,37934890.60000001
2025-08-01 03:05:03 PM,401.65,0,0.0,37934890.60000001
2025-08-01 03:05:04 PM,401.65,1,401.65,37935292.25000001
2025-08-01 03:05:07 PM,401.75,51,20489.25,37955781.50000001
2025-08-01 03:05:23 PM,401.85,0,0.0,37955781.50000001
2025-08-01 03:05:24 PM,401.85,4,1607.4,37957388.900000006
2025-08-01 03:05:27 PM,401.85,1,401.85,37957790.75000001
2025-08-01 03:05:36 PM,402.4,232,93356.79999999999,38051147.550000004
2025-08-01 03:05:39 PM,402.45,0,0.0,38051147.550000004
2025-08-01 03:05:39 PM,402.45,26,10463.699999999999,38061611.25000001
2025-08-01 03:05:49 PM,402.4,0,0.0,38061611.25000001
2025-08-01 03:05:49 PM,402.4,49,19717.6,38081328.85000001
2025-08-01 03:06:01 PM,402.05,4,1608.2,38082937.05000001
2025-08-01 03:06:03 PM,402.2,0,0.0,38082937.05000001
2025-08-01 03:06:04 PM,402.2,1,402.2,38083339.250000015
2025-08-01 03:06:11 PM,402.05,1,402.05,38083741.30000001
2025-08-01 03:06:21 PM,402.3,0,0.0,38083741.30000001
2025-08-01 03:06:22 PM,402.3,51,20517.3,38104258.60000001
2025-08-01 03:06:29 PM,402.3,2,804.6,38105063.20000001
2025-08-01 03:06:42 PM,401.85,0,0.0,38105063.20000001
2025-08-01 03:06:45 PM,401.85,50,20092.5,38125155.70000001
2025-08-01 03:06:47 PM,402.0,1,402.0,38125557.70000001
2025-08-01 03:07:00 PM,402.0,8,3216.0,38128773.70000001
2025-08-01 03:07:22 PM,402.0,24,9648.0,38138421.70000001
2025-08-01 03:07:26 PM,401.75,0,0.0,38138421.70000001
2025-08-01 03:07:28 PM,401.75,10,4017.5,38142439.20000001
2025-08-01 03:07:30 PM,401.4,0,0.0,38142439.20000001
2025-08-01 03:07:31 PM,401.4,100,40140.0,38182579.20000001
2025-08-01 03:07:46 PM,401.9,0,0.0,38182579.20000001
2025-08-01 03:07:46 PM,401.9,1,401.9,38182981.10000001
2025-08-01 03:07:53 PM,401.9,10,4019.0,38187000.10000001
2025-08-01 03:07:58 PM,401.4,0,0.0,38187000.10000001
2025-08-01 03:07:59 PM,401.4,1173,470842.19999999995,38657842.30000001
2025-08-01 03:08:07 PM,401.7,0,0.0,38657842.30000001
2025-08-01 03:08:07 PM,401.7,1,401.7,38658244.000000015
2025-08-01 03:08:24 PM,401.5,19,7628.5,38665872.500000015
2025-08-01 03:08:33 PM,401.7,0,0.0,38665872.500000015
2025-08-01 03:08:36 PM,401.7,1,401.7,38666274.20000002
2025-08-01 03:08:45 PM,401.65,1,401.65,38666675.85000002
2025-08-01 03:08:51 PM,401.3,75,30097.5,38696773.35000002
2025-08-01 03:08:55 PM,401.65,3,1204.9499999999998,38697978.30000002
2025-08-01 03:09:08 PM,402.0,429,172458.0,38870436.30000002
2025-08-01 03:09:15 PM,402.5,120,48300.0,38918736.30000002
2025-08-01 03:09:17 PM,402.25,1,402.25,38919138.55000002
2025-08-01 03:09:19 PM,401.35,0,0.0,38919138.55000002
2025-08-01 03:09:21 PM,401.35,500,200675.0,39119813.55000002
2025-08-01 03:09:33 PM,401.7,67,26913.899999999998,39146727.45000002
2025-08-01 03:09:43 PM,402.05,0,0.0,39146727.45000002
2025-08-01 03:09:47 PM,401.55,5,2007.75,39148735.20000002
2025-08-01 03:09:49 PM,402.05,10,4020.5,39152755.70000002
2025-08-01 03:09:56 PM,402.4,1070,430568.0,39583323.70000002
2025-08-01 03:09:59 PM,402.9,0,0.0,39583323.70000002
2025-08-01 03:10:01 PM,402.55,54,21737.7,39605061.40000002
2025-08-01 03:10:03 PM,402.1,197,79213.70000000001,39684275.100000024
2025-08-01 03:10:08 PM,401.75,0,0.0,39684275.100000024
2025-08-01 03:10:08 PM,401.75,74,29729.5,39714004.600000024
2025-08-01 03:10:19 PM,402.45,0,0.0,39714004.600000024
2025-08-01 03:10:22 PM,402.45,10,4024.5,39718029.100000024
2025-08-01 03:10:29 PM,401.85,0,0.0,39718029.100000024
2025-08-01 03:10:29 PM,401.85,2,803.7,39718832.80000003
2025-08-01 03:10:31 PM,402.2,137,55101.4,39773934.200000025
2025-08-01 03:10:34 PM,401.75,0,0.0,39773934.200000025
2025-08-01 03:10:36 PM,401.75,33,13257.75,39787191.950000025
2025-08-01 03:10:42 PM,402.1,144,57902.4,39845094.350000024
2025-08-01 03:11:01 PM,402.35,0,0.0,39845094.350000024
2025-08-01 03:11:01 PM,402.35,111,44660.850000000006,39889755.200000025
2025-08-01 03:11:03 PM,402.15,1,402.15,39890157.350000024
2025-08-01 03:11:08 PM,402.15,1,402.15,39890559.50000002
2025-08-01 03:11:10 PM,402.3,1,402.3,39890961.80000002
2025-08-01 03:11:14 PM,402.45,45,18110.25,39909072.05000002
2025-08-01 03:11:18 PM,402.3,0,0.0,39909072.05000002
2025-08-01 03:11:21 PM,402.3,37,14885.1,39923957.15000002
2025-08-01 03:11:27 PM,402.55,1,402.55,39924359.70000002
2025-08-01 03:11:32 PM,401.9,0,0.0,39924359.70000002
2025-08-01 03:11:33 PM,401.9,1808,726635.2,40650994.90000002
2025-08-01 03:11:40 PM,401.9,12,4822.799999999999,40655817.70000002
2025-08-01 03:11:48 PM,401.9,1,401.9,40656219.60000002
2025-08-01 03:11:55 PM,401.65,13,5221.45,40661441.05000002
2025-08-01 03:12:01 PM,401.55,134,53807.700000000004,40715248.75000002
2025-08-01 03:12:06 PM,401.55,1,401.55,40715650.30000002
2025-08-01 03:12:08 PM,401.55,21,8432.550000000001,40724082.85000002
2025-08-01 03:12:12 PM,401.5,0,0.0,40724082.85000002
2025-08-01 03:12:12 PM,401.5,51,20476.5,40744559.35000002
2025-08-01 03:12:15 PM,401.3,0,0.0,40744559.35000002
2025-08-01 03:12:19 PM,401.7,14,5623.8,40750183.15000001
2025-08-01 03:12:21 PM,401.5,1,401.5,40750584.65000001
2025-08-01 03:12:39 PM,401.3,0,0.0,40750584.65000001
2025-08-01 03:12:41 PM,401.3,50,20065.0,40770649.65000001
2025-08-01 03:12:44 PM,401.4,27,10837.8,40781487.45000001
2025-08-01 03:12:51 PM,401.3,51,20466.3,40801953.75000001
2025-08-01 03:12:54 PM,401.15,23,9226.449999999999,40811180.20000001
2025-08-01 03:12:57 PM,401.3,0,0.0,40811180.20000001
2025-08-01 03:12:57 PM,401.3,1,401.3,40811581.50000001
2025-08-01 03:13:00 PM,401.4,13,5218.2,40816799.70000001
2025-08-01 03:13:04 PM,401.3,0,0.0,40816799.70000001
2025-08-01 03:13:07 PM,401.0,117,46917.0,40863716.70000001
2025-08-01 03:13:11 PM,401.3,0,0.0,40863716.70000001
2025-08-01 03:13:11 PM,401.3,41,16453.3,40880170.00000001
2025-08-01 03:13:13 PM,401.4,0,0.0,40880170.00000001
2025-08-01 03:13:14 PM,401.1,202,81022.20000000001,40961192.20000001
2025-08-01 03:13:17 PM,401.2,7,2808.4,40964000.60000001
2025-08-01 03:13:20 PM,401.2,63,25275.6,40989276.20000001
2025-08-01 03:13:29 PM,401.2,92,36910.4,41026186.60000001
2025-08-01 03:13:32 PM,401.2,80,32096.0,41058282.60000001
2025-08-01 03:13:35 PM,401.1,1,401.1,41058683.70000001
2025-08-01 03:13:38 PM,401.0,43,17243.0,41075926.70000001
2025-08-01 03:13:39 PM,401.2,0,0.0,41075926.70000001
2025-08-01 03:13:41 PM,401.2,12,4814.4,41080741.10000001
2025-08-01 03:13:44 PM,401.0,80,32080.0,41112821.10000001
2025-08-01 03:13:47 PM,401.0,233,93433.0,41206254.10000001
2025-08-01 03:13:50 PM,400.9,40,16036.0,41222290.10000001
2025-08-01 03:13:56 PM,401.0,56,22456.0,41244746.10000001
2025-08-01 03:14:02 PM,401.0,11,4411.0,41249157.10000001
2025-08-01 03:14:08 PM,400.65,0,0.0,41249157.10000001
2025-08-01 03:14:09 PM,400.65,50,20032.5,41269189.60000001
2025-08-01 03:14:18 PM,401.0,1,401.0,41269590.60000001
2025-08-01 03:14:21 PM,401.0,10,4010.0,41273600.60000001
2025-08-01 03:14:27 PM,400.8,75,30060.0,41303660.60000001
2025-08-01 03:14:30 PM,401.0,50,20050.0,41323710.60000001
2025-08-01 03:14:33 PM,401.0,5,2005.0,41325715.60000001
2025-08-01 03:14:39 PM,401.0,201,80601.0,41406316.60000001
2025-08-01 03:14:42 PM,401.0,5,2005.0,41408321.60000001
2025-08-01 03:14:45 PM,401.0,2,802.0,41409123.60000001
2025-08-01 03:14:51 PM,401.0,321,128721.0,41537844.60000001
2025-08-01 03:14:54 PM,401.0,6,2406.0,41540250.60000001
2025-08-01 03:14:59 PM,401.3,0,0.0,41540250.60000001
2025-08-01 03:15:00 PM,401.3,11,4414.3,41544664.900000006
2025-08-01 03:15:04 PM,401.15,33,13237.949999999999,41557902.85000001
2025-08-01 03:15:19 PM,401.6,2,803.2,41558706.05000001
2025-08-01 03:15:26 PM,401.6,2,803.2,41559509.250000015
2025-08-01 03:15:34 PM,401.3,4,1605.2,41561114.45000002
2025-08-01 03:15:40 PM,400.4,0,0.0,41561114.45000002
2025-08-01 03:15:41 PM,401.1,1066,427572.60000000003,41988687.05000002
2025-08-01 03:16:02 PM,401.1,3,1203.3000000000002,41989890.35000002
2025-08-01 03:16:04 PM,401.15,0,0.0,41989890.35000002
2025-08-01 03:16:05 PM,401.15,38,15243.699999999999,42005134.05000002
2025-08-01 03:16:17 PM,400.8,140,56112.0,42061246.05000002
2025-08-01 03:16:18 PM,401.15,1,401.15,42061647.20000002
2025-08-01 03:16:24 PM,401.15,11,4412.65,42066059.85000002
2025-08-01 03:16:31 PM,401.15,41,16447.149999999998,42082507.000000015
2025-08-01 03:16:40 PM,401.0,0,0.0,42082507.000000015
2025-08-01 03:16:44 PM,401.0,1,401.0,42082908.000000015
2025-08-01 03:16:50 PM,401.35,0,0.0,42082908.000000015
2025-08-01 03:16:51 PM,401.35,365,146492.75,42229400.750000015
2025-08-01 03:16:59 PM,401.45,11,4415.95,42233816.70000002
2025-08-01 03:17:04 PM,401.25,1,401.25,42234217.95000002
2025-08-01 03:17:13 PM,401.4,3,1204.1999999999998,42235422.15000002
2025-08-01 03:17:18 PM,401.4,1,401.4,42235823.55000002
2025-08-01 03:17:19 PM,401.4,1,401.4,42236224.95000002
2025-08-01 03:17:24 PM,401.4,1,401.4,42236626.35000002
2025-08-01 03:17:31 PM,401.35,301,120806.35,42357432.70000002
2025-08-01 03:17:39 PM,401.4,12,4816.799999999999,42362249.500000015
2025-08-01 03:17:52 PM,401.4,1,401.4,42362650.90000001
2025-08-01 03:17:53 PM,401.15,0,0.0,42362650.90000001
2025-08-01 03:17:57 PM,401.15,4,1604.6,42364255.500000015
2025-08-01 03:18:03 PM,401.15,54,21662.1,42385917.60000002
2025-08-01 03:18:19 PM,401.35,24,9632.400000000001,42395550.000000015
2025-08-01 03:18:24 PM,401.35,467,187430.45,42582980.45000002
2025-08-01 03:18:32 PM,401.35,15,6020.25,42589000.70000002
2025-08-01 03:18:49 PM,401.5,0,0.0,42589000.70000002
2025-08-01 03:18:49 PM,401.5,100,40150.0,42629150.70000002
2025-08-01 03:18:51 PM,401.5,1,401.5,42629552.20000002
2025-08-01 03:18:58 PM,401.35,1,401.35,42629953.55000002
2025-08-01 03:18:59 PM,401.5,0,0.0,42629953.55000002
2025-08-01 03:19:02 PM,401.5,11,4416.5,42634370.05000002
2025-08-01 03:19:09 PM,401.5,34,13651.0,42648021.05000002
2025-08-01 03:19:11 PM,401.8,1,401.8,42648422.85000002
2025-08-01 03:19:22 PM,401.95,0,0.0,42648422.85000002
2025-08-01 03:19:23 PM,401.95,2,803.9,42649226.750000015
2025-08-01 03:19:25 PM,401.95,1,401.95,42649628.70000002
2025-08-01 03:19:29 PM,401.95,1,401.95,42650030.65000002
2025-08-01 03:19:36 PM,401.9,23,9243.699999999999,42659274.350000024
2025-08-01 03:19:42 PM,401.8,39,15670.2,42674944.55000003
2025-08-01 03:19:50 PM,401.8,21,8437.800000000001,42683382.350000024
2025-08-01 03:20:01 PM,401.65,42,16869.3,42700251.65000002
2025-08-01 03:20:02 PM,401.4,0,0.0,42700251.65000002
2025-08-01 03:20:04 PM,401.35,17,6822.950000000001,42707074.600000024
2025-08-01 03:20:08 PM,401.7,0,0.0,42707074.600000024
2025-08-01 03:20:09 PM,401.5,10,4015.0,42711089.600000024
2025-08-01 03:20:12 PM,401.5,5,2007.5,42713097.100000024
2025-08-01 03:20:17 PM,401.65,10,4016.5,42717113.600000024
2025-08-01 03:20:19 PM,401.65,22,8836.3,42725949.90000002
2025-08-01 03:20:24 PM,401.65,12,4819.799999999999,42730769.70000002
2025-08-01 03:20:26 PM,401.5,200,80300.0,42811069.70000002
2025-08-01 03:20:30 PM,401.6,0,0.0,42811069.70000002
2025-08-01 03:20:31 PM,401.6,12,4819.200000000001,42815888.90000002
2025-08-01 03:20:38 PM,401.6,12,4819.200000000001,42820708.100000024
2025-08-01 03:20:40 PM,401.35,25,10033.75,42830741.850000024
2025-08-01 03:20:51 PM,401.6,0,0.0,42830741.850000024
2025-08-01 03:20:51 PM,401.6,44,17670.4,42848412.25000002
2025-08-01 03:20:56 PM,401.65,0,0.0,42848412.25000002
2025-08-01 03:20:58 PM,401.5,18,7227.0,42855639.25000002
2025-08-01 03:21:00 PM,401.5,11,4416.5,42860055.75000002
2025-08-01 03:21:05 PM,401.35,0,0.0,42860055.75000002
2025-08-01 03:21:05 PM,401.35,22,8829.7,42868885.450000025
2025-08-01 03:21:12 PM,401.5,0,0.0,42868885.450000025
2025-08-01 03:21:12 PM,401.5,50,20075.0,42888960.450000025
2025-08-01 03:21:26 PM,401.5,10,4015.0,42892975.450000025
2025-08-01 03:21:33 PM,401.5,2,803.0,42893778.450000025
2025-08-01 03:21:40 PM,401.5,12,4818.0,42898596.450000025
2025-08-01 03:21:41 PM,401.5,11,4416.5,42903012.950000025
2025-08-01 03:22:01 PM,401.5,9,3613.5,42906626.450000025
2025-08-01 03:22:06 PM,401.5,12,4818.0,42911444.450000025
2025-08-01 03:22:08 PM,401.5,6,2409.0,42913853.450000025
2025-08-01 03:22:13 PM,401.5,106,42559.0,42956412.450000025
2025-08-01 03:22:20 PM,401.5,52,20878.0,42977290.450000025
2025-08-01 03:22:27 PM,401.6,0,0.0,42977290.450000025
2025-08-01 03:22:27 PM,401.6,381,153009.6,43130300.05000003
2025-08-01 03:22:34 PM,402.0,1,402.0,43130702.05000003
2025-08-01 03:22:53 PM,402.0,10,4020.0,43134722.05000003
2025-08-01 03:22:55 PM,402.0,1,402.0,43135124.05000003
2025-08-01 03:23:00 PM,402.0,130,52260.0,43187384.05000003
2025-08-01 03:23:07 PM,402.0,124,49848.0,43237232.05000003
2025-08-01 03:23:13 PM,402.0,1,402.0,43237634.05000003
2025-08-01 03:23:24 PM,402.15,0,0.0,43237634.05000003
2025-08-01 03:23:27 PM,402.15,4,1608.6,43239242.65000003
2025-08-01 03:23:29 PM,401.85,2,803.7,43240046.35000003
2025-08-01 03:23:33 PM,402.2,179,71993.8,43312040.15000003
2025-08-01 03:23:34 PM,402.25,0,0.0,43312040.15000003
2025-08-01 03:23:35 PM,402.25,24,9654.0,43321694.15000003
2025-08-01 03:23:40 PM,402.25,14,5631.5,43327325.65000003
2025-08-01 03:23:44 PM,402.45,0,0.0,43327325.65000003
2025-08-01 03:23:46 PM,402.45,1,402.45,43327728.10000003
2025-08-01 03:23:53 PM,402.45,12,4829.4,43332557.50000003
2025-08-01 03:23:54 PM,402.5,0,0.0,43332557.50000003
2025-08-01 03:23:55 PM,402.5,50,20125.0,43352682.50000003
2025-08-01 03:23:59 PM,402.5,10,4025.0,43356707.50000003
2025-08-01 03:24:06 PM,402.5,114,45885.0,43402592.50000003
2025-08-01 03:24:13 PM,402.5,12,4830.0,43407422.50000003
2025-08-01 03:24:15 PM,401.55,100,40155.0,43447577.50000003
2025-08-01 03:24:20 PM,402.25,11,4424.75,43452002.25000003
2025-08-01 03:24:24 PM,401.9,0,0.0,43452002.25000003
2025-08-01 03:24:27 PM,401.9,42,16879.8,43468882.05000003
2025-08-01 03:24:28 PM,401.85,1,401.85,43469283.90000003
2025-08-01 03:24:33 PM,401.75,0,0.0,43469283.90000003
2025-08-01 03:24:33 PM,401.75,6,2410.5,43471694.40000003
2025-08-01 03:24:42 PM,401.7,52,20888.399999999998,43492582.80000003
2025-08-01 03:24:47 PM,401.7,1,401.7,43492984.50000003
2025-08-01 03:24:54 PM,401.7,144,57844.799999999996,43550829.30000003
2025-08-01 03:24:55 PM,401.7,31,12452.699999999999,43563282.00000003
2025-08-01 03:25:00 PM,401.7,71,28520.7,43591802.70000003
2025-08-01 03:25:20 PM,402.0,216,86832.0,43678634.70000003
2025-08-01 03:25:21 PM,401.65,10,4016.5,43682651.20000003
2025-08-01 03:25:24 PM,401.95,0,0.0,43682651.20000003
2025-08-01 03:25:26 PM,401.95,32,12862.4,43695513.60000003
2025-08-01 03:25:34 PM,402.2,61,24534.2,43720047.800000034
2025-08-01 03:25:39 PM,402.4,13,5231.2,43725279.00000004
2025-08-01 03:25:47 PM,402.4,1,402.4,43725681.400000036
2025-08-01 03:25:52 PM,402.4,21,8450.4,43734131.800000034
2025-08-01 03:25:53 PM,402.4,2,804.8,43734936.60000003
2025-08-01 03:25:59 PM,402.4,11,4426.4,43739363.00000003
2025-08-01 03:26:12 PM,402.4,5,2012.0,43741375.00000003
2025-08-01 03:26:19 PM,402.45,10,4024.5,43745399.50000003
2025-08-01 03:26:34 PM,402.05,47,18896.350000000002,43764295.85000003
2025-08-01 03:26:39 PM,402.35,1,402.35,43764698.20000003
2025-08-01 03:26:44 PM,402.45,0,0.0,43764698.20000003
2025-08-01 03:26:45 PM,402.45,13,5231.849999999999,43769930.050000034
2025-08-01 03:26:52 PM,402.3,1,402.3,43770332.35000003
2025-08-01 03:27:00 PM,402.3,200,80460.0,43850792.35000003
2025-08-01 03:27:03 PM,402.35,0,0.0,43850792.35000003
2025-08-01 03:27:05 PM,402.4,296,119110.4,43969902.75000003
2025-08-01 03:27:12 PM,402.45,276,111076.2,44080978.95000003
2025-08-01 03:27:19 PM,402.45,13,5231.849999999999,44086210.800000034
2025-08-01 03:27:21 PM,402.0,24,9648.0,44095858.800000034
2025-08-01 03:27:26 PM,402.0,20,8040.0,44103898.800000034
2025-08-01 03:27:28 PM,402.0,1,402.0,44104300.800000034
2025-08-01 03:27:34 PM,402.0,5,2010.0,44106310.800000034
2025-08-01 03:27:41 PM,402.0,150,60300.0,44166610.800000034
2025-08-01 03:27:43 PM,402.0,2,804.0,44167414.800000034
2025-08-01 03:27:46 PM,401.05,0,0.0,44167414.800000034
2025-08-01 03:27:48 PM,401.7,594,238609.8,44406024.60000003
2025-08-01 03:27:55 PM,401.55,10,4015.5,44410040.10000003
2025-08-01 03:28:01 PM,401.05,437,175258.85,44585298.95000003
2025-08-01 03:28:08 PM,401.55,819,328869.45,44914168.400000036
2025-08-01 03:28:10 PM,401.6,9,3614.4,44917782.800000034
2025-08-01 03:28:15 PM,401.6,111,44577.600000000006,44962360.400000036
2025-08-01 03:28:17 PM,401.6,1,401.6,44962762.00000004
2025-08-01 03:28:22 PM,401.6,25,10040.0,44972802.00000004
2025-08-01 03:28:29 PM,401.6,24,9638.400000000001,44982440.400000036
2025-08-01 03:28:50 PM,401.75,48,19284.0,45001724.400000036
2025-08-01 03:28:52 PM,401.75,1,401.75,45002126.150000036
2025-08-01 03:28:56 PM,401.6,55,22088.0,45024214.150000036
2025-08-01 03:29:03 PM,402.0,44,17688.0,45041902.150000036
2025-08-01 03:29:06 PM,402.45,30,12073.5,45053975.650000036
2025-08-01 03:29:12 PM,402.45,100,40245.0,45094220.650000036
2025-08-01 03:29:14 PM,402.45,1,402.45,45094623.10000004
2025-08-01 03:29:27 PM,402.45,1,402.45,45095025.55000004
2025-08-01 03:29:42 PM,402.3,6,2413.8,45097439.35000004
2025-08-01 03:29:49 PM,402.3,20,8046.0,45105485.35000004
2025-08-01 03:29:55 PM,402.0,0,0.0,45105485.35000004
2025-08-01 03:29:57 PM,402.0,54,21708.0,45127193.35000004
2025-08-01 03:29:59 PM,402.0,100,40200.0,45167393.35000004
