date,price,qty,trnvr,cum_trnvr
2025-08-01 09:15:04 AM,585.45,1065,623504.25,623504.25
2025-08-01 09:15:04 AM,584.7,0,0.0,623504.25
2025-08-01 09:15:05 AM,585.45,0,0.0,623504.25
2025-08-01 09:15:06 AM,584.15,278,162393.69999999998,785897.95
2025-08-01 09:15:13 AM,584.85,0,0.0,785897.95
2025-08-01 09:15:14 AM,584.5,0,0.0,785897.95
2025-08-01 09:15:16 AM,584.5,357,208666.5,994564.45
2025-08-01 09:15:18 AM,584.3,43,25124.899999999998,1019689.35
2025-08-01 09:15:22 AM,584.8,0,0.0,1019689.35
2025-08-01 09:15:23 AM,584.2,0,0.0,1019689.35
2025-08-01 09:15:26 AM,584.2,448,261721.60000000003,1281410.95
2025-08-01 09:15:27 AM,584.5,1166,681527.0,1962937.95
2025-08-01 09:15:33 AM,584.65,0,0.0,1962937.95
2025-08-01 09:15:34 AM,584.65,2874,1680284.0999999999,3643222.05
2025-08-01 09:15:36 AM,584.15,451,263451.64999999997,3906673.6999999997
2025-08-01 09:15:42 AM,584.45,0,0.0,3906673.6999999997
2025-08-01 09:15:43 AM,584.45,587,343072.15,4249745.85
2025-08-01 09:15:46 AM,584.15,0,0.0,4249745.85
2025-08-01 09:15:49 AM,584.25,0,0.0,4249745.85
2025-08-01 09:15:51 AM,584.25,643,375672.75,4625418.6
2025-08-01 09:15:53 AM,584.0,10,5840.0,4631258.6
2025-08-01 09:15:55 AM,583.7,0,0.0,4631258.6
2025-08-01 09:15:59 AM,583.7,779,454702.30000000005,5085960.899999999
2025-08-01 09:16:01 AM,583.0,1247,727001.0,5812961.899999999
2025-08-01 09:16:07 AM,583.4,4033,2352852.1999999997,8165814.1
2025-08-01 09:16:07 AM,582.95,0,0.0,8165814.1
2025-08-01 09:16:09 AM,582.95,220,128249.00000000001,8294063.1
2025-08-01 09:16:15 AM,583.15,752,438528.8,8732591.9
2025-08-01 09:16:17 AM,582.85,36,20982.600000000002,8753574.5
2025-08-01 09:16:18 AM,583.0,0,0.0,8753574.5
2025-08-01 09:16:21 AM,583.6,0,0.0,8753574.5
2025-08-01 09:16:24 AM,583.55,3144,1834681.2,10588255.7
2025-08-01 09:16:25 AM,583.3,458,267151.39999999997,10855407.1
2025-08-01 09:16:29 AM,583.9,0,0.0,10855407.1
2025-08-01 09:16:30 AM,584.5,0,0.0,10855407.1
2025-08-01 09:16:32 AM,584.5,1671,976699.5,11832106.6
2025-08-01 09:16:33 AM,583.9,204,119115.59999999999,11951222.2
2025-08-01 09:16:39 AM,584.15,0,0.0,11951222.2
2025-08-01 09:16:40 AM,584.15,1418,828324.7,12779546.899999999
2025-08-01 09:16:40 AM,583.7,0,0.0,12779546.899999999
2025-08-01 09:16:42 AM,583.7,564,329206.80000000005,13108753.7
2025-08-01 09:16:48 AM,584.0,401,234184.0,13342937.7
2025-08-01 09:16:48 AM,583.65,0,0.0,13342937.7
2025-08-01 09:16:50 AM,584.4,2442,1427104.8,14770042.5
2025-08-01 09:16:57 AM,584.1,1063,620898.3,15390940.8
2025-08-01 09:16:58 AM,584.0,379,221336.0,15612276.8
2025-08-01 09:16:58 AM,584.25,0,0.0,15612276.8
2025-08-01 09:17:05 AM,583.75,45,26268.75,15638545.55
2025-08-01 09:17:06 AM,584.0,48,28032.0,15666577.55
2025-08-01 09:17:07 AM,583.95,0,0.0,15666577.55
2025-08-01 09:17:13 AM,583.95,105,61314.75000000001,15727892.3
2025-08-01 09:17:14 AM,583.6,3,1750.8000000000002,15729643.100000001
2025-08-01 09:17:16 AM,584.15,0,0.0,15729643.100000001
2025-08-01 09:17:18 AM,583.95,0,0.0,15729643.100000001
2025-08-01 09:17:21 AM,583.95,1274,743952.3,16473595.400000002
2025-08-01 09:17:22 AM,583.95,83,48467.850000000006,16522063.250000002
2025-08-01 09:17:26 AM,584.75,0,0.0,16522063.250000002
2025-08-01 09:17:29 AM,584.1,7927,4630160.7,21152223.950000003
2025-08-01 09:17:30 AM,584.0,1294,755696.0,21907919.950000003
2025-08-01 09:17:38 AM,584.0,742,433328.0,22341247.950000003
2025-08-01 09:17:39 AM,584.4,180,105192.0,22446439.950000003
2025-08-01 09:17:41 AM,583.85,0,0.0,22446439.950000003
2025-08-01 09:17:43 AM,583.95,0,0.0,22446439.950000003
2025-08-01 09:17:46 AM,583.65,2616,1526828.4,23973268.35
2025-08-01 09:17:47 AM,583.5,412,240402.0,24213670.35
2025-08-01 09:17:50 AM,583.85,0,0.0,24213670.35
2025-08-01 09:17:54 AM,583.85,64,37366.4,24251036.75
2025-08-01 09:17:55 AM,583.65,12,7003.799999999999,24258040.55
2025-08-01 09:17:58 AM,583.95,0,0.0,24258040.55
2025-08-01 09:18:01 AM,584.1,0,0.0,24258040.55
2025-08-01 09:18:03 AM,583.95,695,405845.25000000006,24663885.8
2025-08-01 09:18:08 AM,584.35,0,0.0,24663885.8
2025-08-01 09:18:11 AM,584.4,697,407326.8,25071212.6
2025-08-01 09:18:12 AM,584.45,300,175335.0,25246547.6
2025-08-01 09:18:19 AM,584.45,1234,721211.3,25967758.900000002
2025-08-01 09:18:23 AM,584.5,0,0.0,25967758.900000002
2025-08-01 09:18:25 AM,584.2,0,0.0,25967758.900000002
2025-08-01 09:18:28 AM,584.5,546,319137.0,26286895.900000002
2025-08-01 09:18:36 AM,584.5,10,5845.0,26292740.900000002
2025-08-01 09:18:38 AM,584.3,0,0.0,26292740.900000002
2025-08-01 09:18:44 AM,584.3,26,15191.8,26307932.700000003
2025-08-01 09:18:52 AM,584.3,237,138479.09999999998,26446411.800000004
2025-08-01 09:18:53 AM,584.5,35,20457.5,26466869.300000004
2025-08-01 09:19:00 AM,584.15,40,23366.0,26490235.300000004
2025-08-01 09:19:02 AM,584.1,0,0.0,26490235.300000004
2025-08-01 09:19:05 AM,584.35,0,0.0,26490235.300000004
2025-08-01 09:19:08 AM,584.2,3014,1760778.8,28251014.100000005
2025-08-01 09:19:10 AM,584.3,1566,915013.7999999999,29166027.900000006
2025-08-01 09:19:10 AM,584.2,0,0.0,29166027.900000006
2025-08-01 09:19:16 AM,584.2,369,215569.80000000002,29381597.700000007
2025-08-01 09:19:25 AM,584.5,42,24549.0,29406146.700000007
2025-08-01 09:19:32 AM,584.2,0,0.0,29406146.700000007
2025-08-01 09:19:32 AM,584.2,850,496570.00000000006,29902716.700000007
2025-08-01 09:19:34 AM,584.2,1408,822553.6000000001,30725270.30000001
2025-08-01 09:19:40 AM,583.75,0,0.0,30725270.30000001
2025-08-01 09:19:41 AM,583.75,6652,3883105.0,34608375.30000001
2025-08-01 09:19:42 AM,583.25,1273,742477.25,35350852.55000001
2025-08-01 09:19:48 AM,583.7,0,0.0,35350852.55000001
2025-08-01 09:19:49 AM,583.7,15,8755.5,35359608.05000001
2025-08-01 09:19:50 AM,583.75,0,0.0,35359608.05000001
2025-08-01 09:19:50 AM,583.75,359,209566.25,35569174.30000001
2025-08-01 09:19:56 AM,583.7,0,0.0,35569174.30000001
2025-08-01 09:19:57 AM,583.7,1,583.7,35569758.000000015
2025-08-01 09:20:04 AM,583.35,0,0.0,35569758.000000015
2025-08-01 09:20:04 AM,583.35,85,49584.75,35619342.750000015
2025-08-01 09:20:11 AM,583.25,0,0.0,35619342.750000015
2025-08-01 09:20:13 AM,583.25,125,72906.25,35692249.000000015
2025-08-01 09:20:18 AM,583.55,0,0.0,35692249.000000015
2025-08-01 09:20:20 AM,583.9,0,0.0,35692249.000000015
2025-08-01 09:20:20 AM,583.9,1068,623605.2,36315854.20000002
2025-08-01 09:20:25 AM,583.6,0,0.0,36315854.20000002
2025-08-01 09:20:28 AM,583.6,20,11672.0,36327526.20000002
2025-08-01 09:20:30 AM,584.0,848,495232.0,36822758.20000002
2025-08-01 09:20:36 AM,584.2,668,390245.60000000003,37213003.80000002
2025-08-01 09:20:42 AM,584.6,0,0.0,37213003.80000002
2025-08-01 09:20:44 AM,584.55,744,434905.19999999995,37647909.00000002
2025-08-01 09:20:45 AM,584.75,0,0.0,37647909.00000002
2025-08-01 09:20:45 AM,584.75,5,2923.75,37650832.75000002
2025-08-01 09:20:52 AM,584.35,2546,1487755.1,39138587.850000024
2025-08-01 09:20:53 AM,584.55,201,117494.54999999999,39256082.40000002
2025-08-01 09:20:59 AM,584.2,0,0.0,39256082.40000002
2025-08-01 09:20:59 AM,584.2,510,297942.0,39554024.40000002
2025-08-01 09:21:01 AM,584.45,94,54938.3,39608962.70000002
2025-08-01 09:21:03 AM,584.2,0,0.0,39608962.70000002
2025-08-01 09:21:07 AM,584.2,5,2921.0,39611883.70000002
2025-08-01 09:21:08 AM,584.7,574,335617.80000000005,39947501.500000015
2025-08-01 09:21:17 AM,584.65,0,0.0,39947501.500000015
2025-08-01 09:21:23 AM,584.5,177,103456.5,40050958.000000015
2025-08-01 09:21:27 AM,584.7,0,0.0,40050958.000000015
2025-08-01 09:21:31 AM,584.6,201,117504.6,40168462.60000002
2025-08-01 09:21:37 AM,584.25,0,0.0,40168462.60000002
2025-08-01 09:21:39 AM,584.4,1224,715305.6,40883768.20000002
2025-08-01 09:21:39 AM,584.2,275,160655.0,41044423.20000002
2025-08-01 09:21:40 AM,583.9,0,0.0,41044423.20000002
2025-08-01 09:21:46 AM,583.9,2020,1179478.0,42223901.20000002
2025-08-01 09:21:47 AM,583.9,395,230640.5,42454541.70000002
2025-08-01 09:21:50 AM,584.2,0,0.0,42454541.70000002
2025-08-01 09:21:52 AM,584.15,0,0.0,42454541.70000002
2025-08-01 09:21:54 AM,584.2,1642,959256.4,43413798.10000002
2025-08-01 09:21:55 AM,584.0,282,164688.0,43578486.10000002
2025-08-01 09:22:01 AM,584.0,40,23360.0,43601846.10000002
2025-08-01 09:22:02 AM,584.0,7,4088.0,43605934.10000002
2025-08-01 09:22:04 AM,584.1,0,0.0,43605934.10000002
2025-08-01 09:22:09 AM,584.1,66,38550.6,43644484.70000002
2025-08-01 09:22:17 AM,583.9,637,371944.3,44016429.000000015
2025-08-01 09:22:18 AM,584.1,129,75348.90000000001,44091777.90000001
2025-08-01 09:22:21 AM,583.9,0,0.0,44091777.90000001
2025-08-01 09:22:24 AM,583.95,475,277376.25,44369154.15000001
2025-08-01 09:22:25 AM,584.3,0,0.0,44369154.15000001
2025-08-01 09:22:26 AM,584.3,257,150165.09999999998,44519319.250000015
2025-08-01 09:22:28 AM,584.1,0,0.0,44519319.250000015
2025-08-01 09:22:32 AM,584.3,336,196324.8,44715644.05000001
2025-08-01 09:22:39 AM,584.4,113,66037.2,44781681.250000015
2025-08-01 09:22:46 AM,584.6,0,0.0,44781681.250000015
2025-08-01 09:22:47 AM,584.6,911,532570.6,45314251.85000002
2025-08-01 09:22:52 AM,585.0,0,0.0,45314251.85000002
2025-08-01 09:22:53 AM,585.45,0,0.0,45314251.85000002
2025-08-01 09:22:55 AM,585.45,296,173293.2,45487545.05000002
2025-08-01 09:22:59 AM,584.8,0,0.0,45487545.05000002
2025-08-01 09:23:01 AM,584.65,0,0.0,45487545.05000002
2025-08-01 09:23:02 AM,584.65,266,155516.9,45643061.95000002
2025-08-01 09:23:04 AM,584.35,200,116870.0,45759931.95000002
2025-08-01 09:23:06 AM,584.6,0,0.0,45759931.95000002
2025-08-01 09:23:08 AM,584.4,0,0.0,45759931.95000002
2025-08-01 09:23:10 AM,584.7,268,156699.6,45916631.55000002
2025-08-01 09:23:12 AM,584.6,100,58460.0,45975091.55000002
2025-08-01 09:23:18 AM,584.85,51,29827.350000000002,46004918.90000002
2025-08-01 09:23:19 AM,584.35,81,47332.35,46052251.25000002
2025-08-01 09:23:25 AM,584.1,302,176398.2,46228649.450000025
2025-08-01 09:23:26 AM,584.4,0,0.0,46228649.450000025
2025-08-01 09:23:27 AM,584.2,29,16941.800000000003,46245591.25000002
2025-08-01 09:23:33 AM,584.05,756,441541.8,46687133.05000002
2025-08-01 09:23:33 AM,584.0,0,0.0,46687133.05000002
2025-08-01 09:23:34 AM,584.0,27,15768.0,46702901.05000002
2025-08-01 09:23:39 AM,584.15,0,0.0,46702901.05000002
2025-08-01 09:23:40 AM,584.15,312,182254.8,46885155.85000002
2025-08-01 09:23:40 AM,584.0,0,0.0,46885155.85000002
2025-08-01 09:23:42 AM,584.0,15,8760.0,46893915.85000002
2025-08-01 09:23:48 AM,584.0,927,541368.0,47435283.85000002
2025-08-01 09:23:50 AM,583.6,164,95710.40000000001,47530994.250000015
2025-08-01 09:23:52 AM,583.9,0,0.0,47530994.250000015
2025-08-01 09:23:56 AM,583.9,160,93424.0,47624418.250000015
2025-08-01 09:24:03 AM,583.55,200,116709.99999999999,47741128.250000015
2025-08-01 09:24:05 AM,583.85,100,58385.0,47799513.250000015
2025-08-01 09:24:11 AM,583.75,100,58375.0,47857888.250000015
2025-08-01 09:24:13 AM,583.7,0,0.0,47857888.250000015
2025-08-01 09:24:19 AM,583.7,28,16343.600000000002,47874231.85000002
2025-08-01 09:24:20 AM,583.7,10,5837.0,47880068.85000002
2025-08-01 09:24:25 AM,583.5,0,0.0,47880068.85000002
2025-08-01 09:24:26 AM,583.5,2055,1199092.5,49079161.35000002
2025-08-01 09:24:28 AM,583.1,263,153355.30000000002,49232516.65000001
2025-08-01 09:24:31 AM,583.2,0,0.0,49232516.65000001
2025-08-01 09:24:34 AM,583.0,2334,1360722.0,50593238.65000001
2025-08-01 09:24:36 AM,583.0,423,246609.0,50839847.65000001
2025-08-01 09:24:41 AM,583.25,96,55992.0,50895839.65000001
2025-08-01 09:24:43 AM,583.2,29,16912.800000000003,50912752.45000001
2025-08-01 09:24:49 AM,582.9,4488,2616055.1999999997,53528807.65000001
2025-08-01 09:24:51 AM,582.4,818,476403.19999999995,54005210.85000002
2025-08-01 09:24:55 AM,582.9,0,0.0,54005210.85000002
2025-08-01 09:24:56 AM,582.5,857,499202.5,54504413.35000002
2025-08-01 09:24:57 AM,582.9,0,0.0,54504413.35000002
2025-08-01 09:24:58 AM,582.9,20,11658.0,54516071.35000002
2025-08-01 09:25:04 AM,582.9,816,475646.39999999997,54991717.750000015
2025-08-01 09:25:06 AM,582.9,60,34974.0,55026691.750000015
2025-08-01 09:25:10 AM,582.85,0,0.0,55026691.750000015
2025-08-01 09:25:11 AM,582.85,132,76936.2,55103627.95000002
2025-08-01 09:25:16 AM,582.9,0,0.0,55103627.95000002
2025-08-01 09:25:19 AM,582.85,156,90924.6,55194552.55000002
2025-08-01 09:25:26 AM,582.7,15,8740.5,55203293.05000002
2025-08-01 09:25:28 AM,582.9,1,582.9,55203875.95000002
2025-08-01 09:25:29 AM,582.7,0,0.0,55203875.95000002
2025-08-01 09:25:34 AM,582.85,112,65279.200000000004,55269155.15000002
2025-08-01 09:25:40 AM,582.9,0,0.0,55269155.15000002
2025-08-01 09:25:41 AM,582.7,1124,654954.8,55924109.95000002
2025-08-01 09:25:45 AM,582.85,0,0.0,55924109.95000002
2025-08-01 09:25:46 AM,582.7,0,0.0,55924109.95000002
2025-08-01 09:25:49 AM,582.7,105,61183.50000000001,55985293.45000002
2025-08-01 09:25:51 AM,582.7,1,582.7,55985876.15000002
2025-08-01 09:25:56 AM,582.95,294,171387.30000000002,56157263.45000002
2025-08-01 09:26:03 AM,582.9,0,0.0,56157263.45000002
2025-08-01 09:26:04 AM,582.9,102,59455.799999999996,56216719.250000015
2025-08-01 09:26:10 AM,582.85,0,0.0,56216719.250000015
2025-08-01 09:26:11 AM,582.85,25,14571.25,56231290.500000015
2025-08-01 09:26:19 AM,582.95,614,357931.30000000005,56589221.80000001
2025-08-01 09:26:21 AM,583.0,125,72875.0,56662096.80000001
2025-08-01 09:26:23 AM,582.7,0,0.0,56662096.80000001
2025-08-01 09:26:27 AM,582.95,780,454701.00000000006,57116797.80000001
2025-08-01 09:26:42 AM,582.95,2,1165.9,57117963.70000001
2025-08-01 09:26:44 AM,582.95,932,543309.4,57661273.10000001
2025-08-01 09:26:47 AM,582.85,0,0.0,57661273.10000001
2025-08-01 09:26:50 AM,582.95,243,141656.85,57802929.95000001
2025-08-01 09:26:50 AM,583.0,0,0.0,57802929.95000001
2025-08-01 09:26:51 AM,583.3,354,206488.19999999998,58009418.15000001
2025-08-01 09:26:53 AM,583.25,0,0.0,58009418.15000001
2025-08-01 09:26:56 AM,583.2,0,0.0,58009418.15000001
2025-08-01 09:26:57 AM,583.2,42,24494.4,58033912.55000001
2025-08-01 09:27:05 AM,583.25,100,58325.0,58092237.55000001
2025-08-01 09:27:12 AM,583.4,852,497056.8,58589294.35000001
2025-08-01 09:27:20 AM,583.4,110,64174.0,58653468.35000001
2025-08-01 09:27:34 AM,583.7,567,330957.9,58984426.25000001
2025-08-01 09:27:42 AM,583.55,103,60105.649999999994,59044531.900000006
2025-08-01 09:27:42 AM,583.75,0,0.0,59044531.900000006
2025-08-01 09:27:43 AM,583.75,4,2335.0,59046866.900000006
2025-08-01 09:27:50 AM,583.75,754,440147.5,59487014.400000006
2025-08-01 09:27:53 AM,583.4,0,0.0,59487014.400000006
2025-08-01 09:27:57 AM,582.7,1997,1163651.9000000001,60650666.300000004
2025-08-01 09:27:58 AM,582.9,0,0.0,60650666.300000004
2025-08-01 09:27:59 AM,582.9,353,205763.69999999998,60856430.00000001
2025-08-01 09:28:03 AM,582.7,0,0.0,60856430.00000001
2025-08-01 09:28:05 AM,582.7,569,331556.30000000005,61187986.300000004
2025-08-01 09:28:06 AM,582.5,122,71065.0,61259051.300000004
2025-08-01 09:28:10 AM,582.85,0,0.0,61259051.300000004
2025-08-01 09:28:13 AM,582.5,222,129315.0,61388366.300000004
2025-08-01 09:28:14 AM,582.8,143,83340.4,61471706.7
2025-08-01 09:28:20 AM,582.8,1001,583382.7999999999,62055089.5
2025-08-01 09:28:28 AM,582.75,1171,682400.25,62737489.75
2025-08-01 09:28:29 AM,583.0,4,2332.0,62739821.75
2025-08-01 09:28:36 AM,582.7,220,128194.00000000001,62868015.75
2025-08-01 09:28:37 AM,582.6,100,58260.0,62926275.75
2025-08-01 09:28:39 AM,582.95,0,0.0,62926275.75
2025-08-01 09:28:43 AM,582.4,1703,991827.2,63918102.95
2025-08-01 09:28:45 AM,582.45,103,59992.350000000006,63978095.300000004
2025-08-01 09:28:45 AM,582.3,0,0.0,63978095.300000004
2025-08-01 09:28:48 AM,582.5,0,0.0,63978095.300000004
2025-08-01 09:28:51 AM,582.5,1080,629100.0,64607195.300000004
2025-08-01 09:28:52 AM,582.5,150,87375.0,64694570.300000004
2025-08-01 09:28:59 AM,582.65,434,252870.09999999998,64947440.400000006
2025-08-01 09:29:06 AM,582.9,0,0.0,64947440.400000006
2025-08-01 09:29:06 AM,582.9,14,8160.599999999999,64955601.00000001
2025-08-01 09:29:12 AM,583.0,0,0.0,64955601.00000001
2025-08-01 09:29:14 AM,583.05,210,122440.49999999999,65078041.50000001
2025-08-01 09:29:15 AM,582.95,756,440710.2,65518751.70000001
2025-08-01 09:29:22 AM,582.9,0,0.0,65518751.70000001
2025-08-01 09:29:23 AM,582.9,200,116580.0,65635331.70000001
2025-08-01 09:29:27 AM,582.65,0,0.0,65635331.70000001
2025-08-01 09:29:29 AM,582.65,400,233060.0,65868391.70000001
2025-08-01 09:29:30 AM,582.9,55,32059.5,65900451.20000001
2025-08-01 09:29:32 AM,582.65,0,0.0,65900451.20000001
2025-08-01 09:29:37 AM,582.65,728,424169.2,66324620.40000001
2025-08-01 09:29:38 AM,582.65,552,321622.8,66646243.20000001
2025-08-01 09:29:42 AM,582.5,0,0.0,66646243.20000001
2025-08-01 09:29:44 AM,582.5,2023,1178397.5,67824640.70000002
2025-08-01 09:29:45 AM,582.25,149,86755.25,67911395.95000002
2025-08-01 09:29:47 AM,582.15,0,0.0,67911395.95000002
2025-08-01 09:29:51 AM,582.5,1815,1057237.5,68968633.45000002
2025-08-01 09:29:52 AM,582.5,686,399595.0,69368228.45000002
2025-08-01 09:29:59 AM,582.05,1910,1111715.5,70479943.95000002
2025-08-01 09:30:00 AM,582.15,425,247413.75,70727357.70000002
2025-08-01 09:30:04 AM,581.95,0,0.0,70727357.70000002
2025-08-01 09:30:07 AM,581.8,3395,1975210.9999999998,72702568.70000002
2025-08-01 09:30:08 AM,581.55,1223,711235.6499999999,73413804.35000002
2025-08-01 09:30:12 AM,581.15,0,0.0,73413804.35000002
2025-08-01 09:30:14 AM,581.8,3531,2054335.7999999998,75468140.15000002
2025-08-01 09:30:15 AM,581.05,1792,1041241.5999999999,76509381.75000001
2025-08-01 09:30:19 AM,581.25,0,0.0,76509381.75000001
2025-08-01 09:30:22 AM,581.3,638,370869.39999999997,76880251.15000002
2025-08-01 09:30:22 AM,581.0,154,89474.0,76969725.15000002
2025-08-01 09:30:26 AM,581.25,0,0.0,76969725.15000002
2025-08-01 09:30:29 AM,581.0,115,66815.0,77036540.15000002
2025-08-01 09:30:30 AM,581.1,27,15689.7,77052229.85000002
2025-08-01 09:30:33 AM,581.25,0,0.0,77052229.85000002
2025-08-01 09:30:36 AM,581.3,3633,2111862.9,79164092.75000003
2025-08-01 09:30:37 AM,581.1,344,199898.4,79363991.15000004
2025-08-01 09:30:40 AM,581.4,0,0.0,79363991.15000004
2025-08-01 09:30:44 AM,581.3,101,58711.299999999996,79422702.45000003
2025-08-01 09:30:44 AM,581.05,154,89481.7,79512184.15000004
2025-08-01 09:30:51 AM,581.0,1001,581581.0,80093765.15000004
2025-08-01 09:30:56 AM,581.2,0,0.0,80093765.15000004
2025-08-01 09:30:58 AM,581.05,0,0.0,80093765.15000004
2025-08-01 09:30:58 AM,581.05,2302,1337577.0999999999,81431342.25000003
2025-08-01 09:30:59 AM,581.05,368,213826.4,81645168.65000004
2025-08-01 09:31:01 AM,581.3,0,0.0,81645168.65000004
2025-08-01 09:31:02 AM,581.3,50,29064.999999999996,81674233.65000004
2025-08-01 09:31:02 AM,581.0,4,2324.0,81676557.65000004
2025-08-01 09:31:02 AM,581.25,0,0.0,81676557.65000004
2025-08-01 09:31:03 AM,581.25,2,1162.5,81677720.15000004
2025-08-01 09:31:03 AM,581.0,1,581.0,81678301.15000004
2025-08-01 09:31:03 AM,581.15,0,0.0,81678301.15000004
2025-08-01 09:31:04 AM,581.15,31,18015.649999999998,81696316.80000004
2025-08-01 09:31:05 AM,581.05,0,0.0,81696316.80000004
2025-08-01 09:31:06 AM,581.05,756,439273.8,82135590.60000004
2025-08-01 09:31:06 AM,581.1,294,170843.4,82306434.00000004
2025-08-01 09:31:06 AM,581.05,0,0.0,82306434.00000004
2025-08-01 09:31:07 AM,581.05,5,2905.25,82309339.25000004
2025-08-01 09:31:08 AM,580.85,175,101648.75,82410988.00000004
2025-08-01 09:31:08 AM,580.95,52,30209.4,82441197.40000005
2025-08-01 09:31:09 AM,580.85,8,4646.8,82445844.20000005
2025-08-01 09:31:10 AM,581.0,0,0.0,82445844.20000005
2025-08-01 09:31:10 AM,581.0,52,30212.0,82476056.20000005
2025-08-01 09:31:11 AM,581.0,114,66234.0,82542290.20000005
2025-08-01 09:31:14 AM,580.95,0,0.0,82542290.20000005
2025-08-01 09:31:14 AM,580.95,10,5809.5,82548099.70000005
2025-08-01 09:31:15 AM,581.0,430,249830.0,82797929.70000005
2025-08-01 09:31:18 AM,581.0,1477,858137.0,83656066.70000005
2025-08-01 09:31:19 AM,581.05,200,116209.99999999999,83772276.70000005
2025-08-01 09:31:21 AM,581.45,0,0.0,83772276.70000005
2025-08-01 09:31:21 AM,581.45,100,58145.00000000001,83830421.70000005
2025-08-01 09:31:24 AM,581.35,1,581.35,83831003.05000004
2025-08-01 09:31:25 AM,581.35,10,5813.5,83836816.55000004
2025-08-01 09:31:26 AM,581.3,0,0.0,83836816.55000004
2025-08-01 09:31:27 AM,581.3,1,581.3,83837397.85000004
2025-08-01 09:31:28 AM,581.1,5,2905.5,83840303.35000004
2025-08-01 09:31:29 AM,581.3,0,0.0,83840303.35000004
2025-08-01 09:31:30 AM,581.3,100,58129.99999999999,83898433.35000004
2025-08-01 09:31:30 AM,581.3,89,51735.7,83950169.05000004
2025-08-01 09:31:31 AM,581.1,643,373647.3,84323816.35000004
2025-08-01 09:31:32 AM,580.95,0,0.0,84323816.35000004
2025-08-01 09:31:33 AM,580.95,73,42409.350000000006,84366225.70000003
2025-08-01 09:31:34 AM,581.3,0,0.0,84366225.70000003
2025-08-01 09:31:34 AM,581.3,300,174390.0,84540615.70000003
2025-08-01 09:31:42 AM,581.25,0,0.0,84540615.70000003
2025-08-01 09:31:42 AM,581.25,5,2906.25,84543521.95000003
2025-08-01 09:31:43 AM,581.25,50,29062.5,84572584.45000003
2025-08-01 09:31:44 AM,581.25,15,8718.75,84581303.20000003
2025-08-01 09:31:45 AM,581.25,3,1743.75,84583046.95000003
2025-08-01 09:31:46 AM,581.25,5,2906.25,84585953.20000003
2025-08-01 09:31:47 AM,581.25,20,11625.0,84597578.20000003
2025-08-01 09:31:49 AM,581.25,100,58125.0,84655703.20000003
2025-08-01 09:31:50 AM,581.0,44,25564.0,84681267.20000003
2025-08-01 09:32:00 AM,581.0,500,290500.0,84971767.20000003
2025-08-01 09:32:03 AM,581.25,20,11625.0,84983392.20000003
2025-08-01 09:32:10 AM,581.6,1346,782833.6,85766225.80000003
2025-08-01 09:32:12 AM,581.75,0,0.0,85766225.80000003
2025-08-01 09:32:12 AM,582.5,0,0.0,85766225.80000003
2025-08-01 09:32:17 AM,583.0,1094,637802.0,86404027.80000003
2025-08-01 09:32:18 AM,582.75,0,0.0,86404027.80000003
2025-08-01 09:32:24 AM,583.0,0,0.0,86404027.80000003
2025-08-01 09:32:24 AM,583.0,516,300828.0,86704855.80000003
2025-08-01 09:32:30 AM,582.7,0,0.0,86704855.80000003
2025-08-01 09:32:30 AM,582.95,0,0.0,86704855.80000003
2025-08-01 09:32:31 AM,582.95,94,54797.3,86759653.10000002
2025-08-01 09:32:38 AM,582.95,3,1748.8500000000001,86761401.95000002
2025-08-01 09:32:42 AM,584.05,0,0.0,86761401.95000002
2025-08-01 09:32:45 AM,584.25,14338,8376976.5,95138378.45000002
2025-08-01 09:32:48 AM,584.7,0,0.0,95138378.45000002
2025-08-01 09:32:48 AM,584.35,0,0.0,95138378.45000002
2025-08-01 09:32:52 AM,584.5,673,393368.5,95531746.95000002
2025-08-01 09:32:54 AM,584.55,0,0.0,95531746.95000002
2025-08-01 09:32:59 AM,584.45,1926,1125650.7000000002,96657397.65000002
2025-08-01 09:32:59 AM,584.45,64,37404.8,96694802.45000002
2025-08-01 09:33:06 AM,584.6,0,0.0,96694802.45000002
2025-08-01 09:33:06 AM,584.6,42,24553.2,96719355.65000002
2025-08-01 09:33:12 AM,584.55,0,0.0,96719355.65000002
2025-08-01 09:33:12 AM,584.65,0,0.0,96719355.65000002
2025-08-01 09:33:13 AM,584.65,1165,681117.25,97400472.90000002
2025-08-01 09:33:17 AM,584.5,0,0.0,97400472.90000002
2025-08-01 09:33:19 AM,584.55,3294,1925507.7,99325980.60000002
2025-08-01 09:33:22 AM,584.7,0,0.0,99325980.60000002
2025-08-01 09:33:26 AM,585.8,0,0.0,99325980.60000002
2025-08-01 09:33:26 AM,585.8,5762,3375379.5999999996,102701360.20000002
2025-08-01 09:33:27 AM,585.15,0,0.0,102701360.20000002
2025-08-01 09:33:32 AM,585.6,0,0.0,102701360.20000002
2025-08-01 09:33:33 AM,585.6,1155,676368.0,103377728.20000002
2025-08-01 09:33:36 AM,585.25,0,0.0,103377728.20000002
2025-08-01 09:33:40 AM,586.15,4210,2467691.5,105845419.70000002
2025-08-01 09:33:42 AM,585.9,0,0.0,105845419.70000002
2025-08-01 09:33:44 AM,586.2,0,0.0,105845419.70000002
2025-08-01 09:33:47 AM,586.2,1458,854679.6000000001,106700099.30000001
2025-08-01 09:33:50 AM,586.0,0,0.0,106700099.30000001
2025-08-01 09:33:52 AM,586.05,0,0.0,106700099.30000001
2025-08-01 09:33:54 AM,586.05,2261,1325059.0499999998,108025158.35000001
2025-08-01 09:33:56 AM,586.4,0,0.0,108025158.35000001
2025-08-01 09:33:57 AM,585.7,0,0.0,108025158.35000001
2025-08-01 09:34:01 AM,585.7,5312,3111238.4000000004,111136396.75000001
2025-08-01 09:34:01 AM,586.0,2150,1259900.0,112396296.75000001
2025-08-01 09:34:02 AM,585.35,0,0.0,112396296.75000001
2025-08-01 09:34:07 AM,585.6,0,0.0,112396296.75000001
2025-08-01 09:34:08 AM,585.65,1211,709222.15,113105518.90000002
2025-08-01 09:34:12 AM,586.05,0,0.0,113105518.90000002
2025-08-01 09:34:14 AM,586.15,0,0.0,113105518.90000002
2025-08-01 09:34:15 AM,586.05,2146,1257663.2999999998,114363182.20000002
2025-08-01 09:34:17 AM,586.0,0,0.0,114363182.20000002
2025-08-01 09:34:20 AM,586.35,0,0.0,114363182.20000002
2025-08-01 09:34:22 AM,586.0,210,123060.0,114486242.20000002
2025-08-01 09:34:26 AM,586.1,0,0.0,114486242.20000002
2025-08-01 09:34:29 AM,586.35,0,0.0,114486242.20000002
2025-08-01 09:34:29 AM,586.35,3358,1968963.3,116455205.50000001
2025-08-01 09:34:31 AM,586.0,0,0.0,116455205.50000001
2025-08-01 09:34:36 AM,586.1,528,309460.8,116764666.30000001
2025-08-01 09:34:37 AM,585.9,0,0.0,116764666.30000001
2025-08-01 09:34:40 AM,586.05,0,0.0,116764666.30000001
2025-08-01 09:34:43 AM,586.05,139,81460.95,116846127.25000001
2025-08-01 09:34:43 AM,585.9,15,8788.5,116854915.75000001
2025-08-01 09:34:44 AM,585.8,0,0.0,116854915.75000001
2025-08-01 09:34:47 AM,586.1,0,0.0,116854915.75000001
2025-08-01 09:34:50 AM,585.9,0,0.0,116854915.75000001
2025-08-01 09:34:50 AM,585.9,2586,1515137.4,118370053.15000002
2025-08-01 09:34:51 AM,585.45,0,0.0,118370053.15000002
2025-08-01 09:34:57 AM,585.45,421,246474.45,118616527.60000002
2025-08-01 09:34:57 AM,586.05,5664,3319387.1999999997,121935914.80000003
2025-08-01 09:34:58 AM,585.85,0,0.0,121935914.80000003
2025-08-01 09:35:01 AM,586.15,0,0.0,121935914.80000003
2025-08-01 09:35:04 AM,586.25,813,476621.25,122412536.05000003
2025-08-01 09:35:04 AM,586.1,1000,586100.0,122998636.05000003
2025-08-01 09:35:06 AM,586.0,0,0.0,122998636.05000003
2025-08-01 09:35:11 AM,585.9,0,0.0,122998636.05000003
2025-08-01 09:35:11 AM,585.9,789,462275.1,123460911.15000002
2025-08-01 09:35:11 AM,585.5,0,0.0,123460911.15000002
2025-08-01 09:35:16 AM,585.75,0,0.0,123460911.15000002
2025-08-01 09:35:16 AM,586.0,0,0.0,123460911.15000002
2025-08-01 09:35:18 AM,585.85,2356,1380262.6,124841173.75000001
2025-08-01 09:35:21 AM,585.45,0,0.0,124841173.75000001
2025-08-01 09:35:25 AM,585.4,215,125861.0,124967034.75000001
2025-08-01 09:35:26 AM,585.25,0,0.0,124967034.75000001
2025-08-01 09:35:31 AM,585.1,0,0.0,124967034.75000001
2025-08-01 09:35:32 AM,585.25,445,260436.25,125227471.00000001
2025-08-01 09:35:36 AM,585.2,0,0.0,125227471.00000001
2025-08-01 09:35:39 AM,585.0,418,244530.0,125472001.00000001
2025-08-01 09:35:39 AM,585.0,62,36270.0,125508271.00000001
2025-08-01 09:35:46 AM,585.1,0,0.0,125508271.00000001
2025-08-01 09:35:46 AM,585.1,987,577493.7000000001,126085764.70000002
2025-08-01 09:35:46 AM,584.85,0,0.0,126085764.70000002
2025-08-01 09:35:52 AM,584.85,174,101763.90000000001,126187528.60000002
2025-08-01 09:35:56 AM,585.2,0,0.0,126187528.60000002
2025-08-01 09:35:56 AM,585.4,0,0.0,126187528.60000002
2025-08-01 09:35:59 AM,585.45,780,456651.00000000006,126644179.60000002
2025-08-01 09:36:05 AM,585.8,0,0.0,126644179.60000002
2025-08-01 09:36:05 AM,585.35,0,0.0,126644179.60000002
2025-08-01 09:36:06 AM,585.35,1300,760955.0,127405134.60000002
2025-08-01 09:36:09 AM,585.55,0,0.0,127405134.60000002
2025-08-01 09:36:12 AM,585.35,643,376380.05,127781514.65000002
2025-08-01 09:36:13 AM,585.35,77,45071.950000000004,127826586.60000002
2025-08-01 09:36:21 AM,585.15,0,0.0,127826586.60000002
2025-08-01 09:36:21 AM,585.45,0,0.0,127826586.60000002
2025-08-01 09:36:25 AM,585.8,0,0.0,127826586.60000002
2025-08-01 09:36:26 AM,585.8,1095,641451.0,128468037.60000002
2025-08-01 09:36:29 AM,585.75,0,0.0,128468037.60000002
2025-08-01 09:36:32 AM,586.05,0,0.0,128468037.60000002
2025-08-01 09:36:32 AM,586.05,1693,992182.6499999999,129460220.25000003
2025-08-01 09:36:37 AM,586.2,0,0.0,129460220.25000003
2025-08-01 09:36:37 AM,586.1,0,0.0,129460220.25000003
2025-08-01 09:36:38 AM,586.1,30,17583.0,129477803.25000003
2025-08-01 09:36:41 AM,586.45,0,0.0,129477803.25000003
2025-08-01 09:36:41 AM,586.0,0,0.0,129477803.25000003
2025-08-01 09:36:45 AM,586.0,2453,1437458.0,130915261.25000003
2025-08-01 09:36:52 AM,586.0,141,82626.0,130997887.25000003
2025-08-01 09:36:52 AM,586.25,10,5862.5,131003749.75000003
2025-08-01 09:36:53 AM,586.0,0,0.0,131003749.75000003
2025-08-01 09:36:57 AM,586.1,0,0.0,131003749.75000003
2025-08-01 09:36:58 AM,586.1,23,13480.300000000001,131017230.05000003
2025-08-01 09:36:59 AM,586.2,256,150067.2,131167297.25000003
2025-08-01 09:37:01 AM,586.1,0,0.0,131167297.25000003
2025-08-01 09:37:05 AM,586.1,166,97292.6,131264589.85000002
2025-08-01 09:37:05 AM,585.9,48,28123.199999999997,131292713.05000003
2025-08-01 09:37:12 AM,586.1,754,441919.4,131734632.45000003
2025-08-01 09:37:19 AM,586.15,0,0.0,131734632.45000003
2025-08-01 09:37:19 AM,586.15,3540,2074971.0,133809603.45000003
2025-08-01 09:37:20 AM,585.9,5,2929.5,133812532.95000003
2025-08-01 09:37:25 AM,586.05,0,0.0,133812532.95000003
2025-08-01 09:37:26 AM,586.05,437,256103.84999999998,134068636.80000003
2025-08-01 09:37:30 AM,586.1,0,0.0,134068636.80000003
2025-08-01 09:37:33 AM,586.2,307,179963.40000000002,134248600.20000002
2025-08-01 09:37:40 AM,586.2,10,5862.0,134254462.20000002
2025-08-01 09:37:47 AM,586.2,229,134239.80000000002,134388702.00000003
2025-08-01 09:37:53 AM,586.2,175,102585.00000000001,134491287.00000003
2025-08-01 09:37:57 AM,586.5,0,0.0,134491287.00000003
2025-08-01 09:37:59 AM,586.4,0,0.0,134491287.00000003
2025-08-01 09:38:00 AM,586.4,1510,885464.0,135376751.00000003
2025-08-01 09:38:05 AM,586.15,0,0.0,135376751.00000003
2025-08-01 09:38:07 AM,585.9,0,0.0,135376751.00000003
2025-08-01 09:38:07 AM,585.9,1156,677300.4,136054051.40000004
2025-08-01 09:38:14 AM,585.9,415,243148.5,136297199.90000004
2025-08-01 09:38:16 AM,586.45,0,0.0,136297199.90000004
2025-08-01 09:38:20 AM,586.65,909,533264.85,136830464.75000003
2025-08-01 09:38:26 AM,586.55,0,0.0,136830464.75000003
2025-08-01 09:38:27 AM,586.55,410,240485.49999999997,137070950.25000003
2025-08-01 09:38:31 AM,586.35,0,0.0,137070950.25000003
2025-08-01 09:38:34 AM,586.35,193,113165.55,137184115.80000004
2025-08-01 09:38:36 AM,586.4,0,0.0,137184115.80000004
2025-08-01 09:38:40 AM,586.4,23,13487.199999999999,137197603.00000003
2025-08-01 09:38:45 AM,586.3,0,0.0,137197603.00000003
2025-08-01 09:38:47 AM,586.35,58,34008.3,137231611.30000004
2025-08-01 09:38:57 AM,586.65,0,0.0,137231611.30000004
2025-08-01 09:39:00 AM,586.65,1216,713366.4,137944977.70000005
2025-08-01 09:39:01 AM,586.0,0,0.0,137944977.70000005
2025-08-01 09:39:06 AM,585.9,0,0.0,137944977.70000005
2025-08-01 09:39:07 AM,585.9,349,204479.1,138149456.80000004
2025-08-01 09:39:14 AM,585.9,102,59761.799999999996,138209218.60000005
2025-08-01 09:39:16 AM,585.6,0,0.0,138209218.60000005
2025-08-01 09:39:21 AM,585.9,102,59761.799999999996,138268980.40000007
2025-08-01 09:39:27 AM,585.4,8,4683.2,138273663.60000005
2025-08-01 09:39:30 AM,585.5,0,0.0,138273663.60000005
2025-08-01 09:39:34 AM,585.5,157,91923.5,138365587.10000005
2025-08-01 09:39:37 AM,585.4,0,0.0,138365587.10000005
2025-08-01 09:39:40 AM,585.5,76,44498.0,138410085.10000005
2025-08-01 09:39:47 AM,585.5,259,151644.5,138561729.60000005
2025-08-01 09:39:53 AM,585.75,686,401824.5,138963554.10000005
2025-08-01 09:40:02 AM,585.8,0,0.0,138963554.10000005
2025-08-01 09:40:06 AM,585.85,0,0.0,138963554.10000005
2025-08-01 09:40:07 AM,585.85,153,89635.05,139053189.15000007
2025-08-01 09:40:10 AM,585.8,0,0.0,139053189.15000007
2025-08-01 09:40:13 AM,585.05,4756,2782497.8,141835686.95000008
2025-08-01 09:40:14 AM,584.5,1219,712505.5,142548192.45000008
2025-08-01 09:40:14 AM,584.55,0,0.0,142548192.45000008
2025-08-01 09:40:18 AM,584.85,0,0.0,142548192.45000008
2025-08-01 09:40:20 AM,585.0,0,0.0,142548192.45000008
2025-08-01 09:40:20 AM,585.0,1010,590850.0,143139042.45000008
2025-08-01 09:40:20 AM,584.95,39,22813.050000000003,143161855.5000001
2025-08-01 09:40:25 AM,584.85,0,0.0,143161855.5000001
2025-08-01 09:40:26 AM,584.85,300,175455.0,143337310.5000001
2025-08-01 09:40:33 AM,585.35,166,97168.1,143434478.60000008
2025-08-01 09:40:34 AM,585.55,3,1756.6499999999999,143436235.2500001
2025-08-01 09:40:40 AM,585.55,56,32790.799999999996,143469026.0500001
2025-08-01 09:40:49 AM,585.7,0,0.0,143469026.0500001
2025-08-01 09:40:53 AM,586.2,1762,1032884.4,144501910.4500001
2025-08-01 09:40:53 AM,586.05,13,7618.65,144509529.1000001
2025-08-01 09:40:59 AM,586.05,7,4102.349999999999,144513631.4500001
2025-08-01 09:41:00 AM,586.6,54,31676.4,144545307.8500001
2025-08-01 09:41:09 AM,586.25,1000,586250.0,145131557.8500001
2025-08-01 09:41:10 AM,586.25,143,83833.75,145215391.6000001
2025-08-01 09:41:13 AM,586.2,134,78550.8,145293942.40000013
2025-08-01 09:41:14 AM,585.9,0,0.0,145293942.40000013
2025-08-01 09:41:15 AM,585.9,23,13475.699999999999,145307418.1000001
2025-08-01 09:41:15 AM,585.9,1,585.9,145308004.00000012
2025-08-01 09:41:20 AM,585.9,97,56832.299999999996,145364836.30000013
2025-08-01 09:41:20 AM,585.85,2,1171.7,145366008.00000012
2025-08-01 09:41:24 AM,585.95,11,6445.450000000001,145372453.4500001
2025-08-01 09:41:25 AM,585.95,3,1757.8500000000001,145374211.3000001
2025-08-01 09:41:27 AM,585.95,65,38086.75,145412298.0500001
2025-08-01 09:41:27 AM,586.0,117,68562.0,145480860.0500001
2025-08-01 09:41:29 AM,585.85,116,67958.6,145548818.6500001
2025-08-01 09:41:46 AM,585.85,2,1171.7,145549990.35000008
2025-08-01 09:41:46 AM,585.1,0,0.0,145549990.35000008
2025-08-01 09:41:47 AM,585.1,821,480367.10000000003,146030357.45000008
2025-08-01 09:41:47 AM,584.75,338,197645.5,146228002.95000008
2025-08-01 09:41:54 AM,584.85,0,0.0,146228002.95000008
2025-08-01 09:41:55 AM,585.0,712,416520.0,146644522.95000008
2025-08-01 09:41:55 AM,584.85,0,0.0,146644522.95000008
2025-08-01 09:41:56 AM,584.85,77,45033.450000000004,146689556.40000007
2025-08-01 09:42:01 AM,583.2,0,0.0,146689556.40000007
2025-08-01 09:42:01 AM,583.5,22541,13152673.5,159842229.90000007
2025-08-01 09:42:02 AM,583.55,13,7586.15,159849816.05000007
2025-08-01 09:42:02 AM,583.4,0,0.0,159849816.05000007
2025-08-01 09:42:03 AM,583.4,2,1166.8,159850982.85000008
2025-08-01 09:42:04 AM,583.65,2,1167.3,159852150.1500001
2025-08-01 09:42:05 AM,583.25,0,0.0,159852150.1500001
2025-08-01 09:42:06 AM,583.25,1,583.25,159852733.4000001
2025-08-01 09:42:06 AM,583.45,73,42591.850000000006,159895325.2500001
2025-08-01 09:42:07 AM,583.45,6,3500.7000000000003,159898825.95000008
2025-08-01 09:42:08 AM,583.4,0,0.0,159898825.95000008
2025-08-01 09:42:08 AM,583.4,10468,6107031.2,166005857.15000007
2025-08-01 09:42:09 AM,583.55,0,0.0,166005857.15000007
2025-08-01 09:42:09 AM,583.55,444,259096.19999999998,166264953.35000005
2025-08-01 09:42:10 AM,583.4,1,583.4,166265536.75000006
2025-08-01 09:42:10 AM,583.45,0,0.0,166265536.75000006
2025-08-01 09:42:11 AM,583.45,230,134193.5,166399730.25000006
2025-08-01 09:42:11 AM,583.55,0,0.0,166399730.25000006
2025-08-01 09:42:12 AM,583.55,40,23342.0,166423072.25000006
2025-08-01 09:42:12 AM,583.8,100,58379.99999999999,166481452.25000006
2025-08-01 09:42:14 AM,583.8,152,88737.59999999999,166570189.85000005
2025-08-01 09:42:15 AM,584.2,100,58420.00000000001,166628609.85000005
2025-08-01 09:42:15 AM,583.7,258,150594.6,166779204.45000005
2025-08-01 09:42:16 AM,583.75,27,15761.25,166794965.70000005
2025-08-01 09:42:17 AM,583.75,89,51953.75,166846919.45000005
2025-08-01 09:42:19 AM,583.75,111,64796.25,166911715.70000005
2025-08-01 09:42:21 AM,583.65,0,0.0,166911715.70000005
2025-08-01 09:42:21 AM,583.65,92,53695.799999999996,166965411.50000006
2025-08-01 09:42:22 AM,583.65,1,583.65,166965995.15000007
2025-08-01 09:42:22 AM,583.75,143,83476.25,167049471.40000007
2025-08-01 09:42:25 AM,583.75,1,583.75,167050055.15000007
2025-08-01 09:42:25 AM,583.8,0,0.0,167050055.15000007
2025-08-01 09:42:26 AM,583.8,147,85818.59999999999,167135873.75000006
2025-08-01 09:42:26 AM,583.55,0,0.0,167135873.75000006
2025-08-01 09:42:27 AM,583.55,125,72943.75,167208817.50000006
2025-08-01 09:42:28 AM,583.75,244,142435.0,167351252.50000006
2025-08-01 09:42:32 AM,583.6,10,5836.0,167357088.50000006
2025-08-01 09:42:33 AM,583.9,0,0.0,167357088.50000006
2025-08-01 09:42:33 AM,583.9,27,15765.3,167372853.80000007
2025-08-01 09:42:34 AM,583.6,1157,675225.2000000001,168048079.00000006
2025-08-01 09:42:35 AM,583.95,0,0.0,168048079.00000006
2025-08-01 09:42:35 AM,583.95,320,186864.0,168234943.00000006
2025-08-01 09:42:36 AM,583.6,0,0.0,168234943.00000006
2025-08-01 09:42:37 AM,583.6,708,413188.8,168648131.80000007
2025-08-01 09:42:37 AM,583.5,0,0.0,168648131.80000007
2025-08-01 09:42:38 AM,583.7,0,0.0,168648131.80000007
2025-08-01 09:42:38 AM,583.7,343,200209.1,168848340.90000007
2025-08-01 09:42:38 AM,583.5,0,0.0,168848340.90000007
2025-08-01 09:42:39 AM,583.75,231,134846.25,168983187.15000007
2025-08-01 09:42:40 AM,583.75,62,36192.5,169019379.65000007
2025-08-01 09:42:43 AM,583.35,2653,1547627.55,170567007.20000008
2025-08-01 09:42:43 AM,583.1,0,0.0,170567007.20000008
2025-08-01 09:42:44 AM,586.2,127241,74588674.2,245155681.4000001
2025-08-01 09:42:44 AM,586.3,0,0.0,245155681.4000001
2025-08-01 09:42:45 AM,586.15,6821,3998129.15,249153810.5500001
2025-08-01 09:42:45 AM,586.0,0,0.0,249153810.5500001
2025-08-01 09:42:46 AM,586.0,1077,631122.0,249784932.5500001
2025-08-01 09:42:49 AM,586.1,0,0.0,249784932.5500001
2025-08-01 09:42:50 AM,586.1,797,467121.7,250252054.2500001
2025-08-01 09:42:50 AM,585.5,0,0.0,250252054.2500001
2025-08-01 09:42:51 AM,585.5,69158,40492009.0,290744063.2500001
2025-08-01 09:42:51 AM,585.65,210,122986.5,290867049.7500001
2025-08-01 09:42:56 AM,585.75,0,0.0,290867049.7500001
2025-08-01 09:42:56 AM,585.4,862,504614.8,291371664.55000013
2025-08-01 09:42:57 AM,585.25,0,0.0,291371664.55000013
2025-08-01 09:42:58 AM,585.25,127,74326.75,291445991.30000013
2025-08-01 09:42:58 AM,585.2,30,17556.0,291463547.30000013
2025-08-01 09:42:59 AM,585.05,130,76056.5,291539603.80000013
2025-08-01 09:43:02 AM,584.95,187,109385.65000000001,291648989.4500001
2025-08-01 09:43:06 AM,584.9,0,0.0,291648989.4500001
2025-08-01 09:43:06 AM,584.9,871,509447.89999999997,292158437.3500001
2025-08-01 09:43:07 AM,584.85,0,0.0,292158437.3500001
2025-08-01 09:43:07 AM,584.85,62,36260.700000000004,292194698.0500001
2025-08-01 09:43:07 AM,585.15,0,0.0,292194698.0500001
2025-08-01 09:43:07 AM,585.15,1,585.15,292195283.20000005
2025-08-01 09:43:13 AM,585.1,537,314198.7,292509481.90000004
2025-08-01 09:43:15 AM,585.0,100,58500.0,292567981.90000004
2025-08-01 09:43:17 AM,585.15,85,49737.75,292617719.65000004
2025-08-01 09:43:22 AM,585.05,0,0.0,292617719.65000004
2025-08-01 09:43:23 AM,585.05,30,17551.5,292635271.15000004
2025-08-01 09:43:27 AM,584.6,0,0.0,292635271.15000004
2025-08-01 09:43:28 AM,584.6,4655,2721313.0,295356584.15000004
2025-08-01 09:43:28 AM,584.5,200,116900.0,295473484.15000004
2025-08-01 09:43:29 AM,584.6,0,0.0,295473484.15000004
2025-08-01 09:43:30 AM,584.6,827,483464.2,295956948.35
2025-08-01 09:43:30 AM,584.2,0,0.0,295956948.35
2025-08-01 09:43:31 AM,584.2,66,38557.200000000004,295995505.55
2025-08-01 09:43:31 AM,584.45,0,0.0,295995505.55
2025-08-01 09:43:32 AM,584.45,1,584.45,295996090.0
2025-08-01 09:43:33 AM,584.65,0,0.0,295996090.0
2025-08-01 09:43:34 AM,584.65,2187,1278629.55,297274719.55
2025-08-01 09:43:34 AM,584.4,0,0.0,297274719.55
2025-08-01 09:43:35 AM,584.4,29,16947.6,297291667.15000004
2025-08-01 09:43:39 AM,584.5,10,5845.0,297297512.15000004
2025-08-01 09:43:40 AM,584.35,0,0.0,297297512.15000004
2025-08-01 09:43:41 AM,584.35,683,399111.05,297696623.20000005
2025-08-01 09:43:43 AM,584.35,122,71290.7,297767913.90000004
2025-08-01 09:43:45 AM,584.6,0,0.0,297767913.90000004
2025-08-01 09:43:46 AM,584.35,1050,613567.5,298381481.40000004
2025-08-01 09:43:47 AM,584.35,2157,1260442.95,299641924.35
2025-08-01 09:43:47 AM,584.15,0,0.0,299641924.35
2025-08-01 09:43:48 AM,584.15,347,202700.05,299844624.40000004
2025-08-01 09:43:49 AM,584.5,0,0.0,299844624.40000004
2025-08-01 09:43:50 AM,584.5,1044,610218.0,300454842.40000004
2025-08-01 09:43:52 AM,584.8,0,0.0,300454842.40000004
2025-08-01 09:43:53 AM,584.85,0,0.0,300454842.40000004
2025-08-01 09:43:53 AM,584.85,239,139779.15,300594621.55
2025-08-01 09:43:54 AM,584.8,0,0.0,300594621.55
2025-08-01 09:43:54 AM,584.8,46,26900.8,300621522.35
2025-08-01 09:44:03 AM,584.8,1100,643280.0,301264802.35
2025-08-01 09:44:05 AM,584.75,0,0.0,301264802.35
2025-08-01 09:44:06 AM,584.75,200,116950.0,301381752.35
2025-08-01 09:44:08 AM,584.4,0,0.0,301381752.35
2025-08-01 09:44:08 AM,584.5,1478,863891.0,302245643.35
2025-08-01 09:44:08 AM,584.45,0,0.0,302245643.35
2025-08-01 09:44:09 AM,584.45,100,58445.00000000001,302304088.35
2025-08-01 09:44:09 AM,584.4,0,0.0,302304088.35
2025-08-01 09:44:09 AM,584.4,162,94672.8,302398761.15000004
2025-08-01 09:44:10 AM,584.25,1,584.25,302399345.40000004
2025-08-01 09:44:16 AM,584.6,388,226824.80000000002,302626170.20000005
2025-08-01 09:44:17 AM,584.7,589,344388.30000000005,302970558.50000006
2025-08-01 09:44:20 AM,584.65,20,11693.0,302982251.50000006
2025-08-01 09:44:24 AM,584.45,13,7597.85,302989849.3500001
2025-08-01 09:44:32 AM,584.7,25,14617.500000000002,303004466.8500001
2025-08-01 09:44:35 AM,584.45,250,146112.5,303150579.3500001
2025-08-01 09:44:38 AM,584.4,1010,590244.0,303740823.3500001
2025-08-01 09:44:39 AM,584.3,1102,643898.6,304384721.9500001
2025-08-01 09:44:39 AM,584.25,0,0.0,304384721.9500001
2025-08-01 09:44:40 AM,584.2,0,0.0,304384721.9500001
2025-08-01 09:44:40 AM,584.25,1118,653191.5,305037913.4500001
2025-08-01 09:44:41 AM,584.0,0,0.0,305037913.4500001
2025-08-01 09:44:41 AM,584.05,942,550175.1,305588088.55000013
2025-08-01 09:44:41 AM,583.85,100,58385.0,305646473.55000013
2025-08-01 09:44:42 AM,584.0,1,584.0,305647057.55000013
2025-08-01 09:44:43 AM,584.05,0,0.0,305647057.55000013
2025-08-01 09:44:43 AM,584.05,6,3504.2999999999997,305650561.85000014
2025-08-01 09:44:43 AM,583.8,1,583.8,305651145.65000015
2025-08-01 09:44:47 AM,584.0,1252,731168.0,306382313.65000015
2025-08-01 09:44:47 AM,583.65,0,0.0,306382313.65000015
2025-08-01 09:44:48 AM,583.65,1345,785009.25,307167322.90000015
2025-08-01 09:44:48 AM,583.8,786,458866.8,307626189.70000017
2025-08-01 09:44:50 AM,583.9,230,134297.0,307760486.70000017
2025-08-01 09:44:52 AM,584.15,10,5841.5,307766328.20000017
2025-08-01 09:44:53 AM,584.15,206,120334.9,307886663.10000014
2025-08-01 09:44:56 AM,584.25,0,0.0,307886663.10000014
2025-08-01 09:44:56 AM,584.25,951,555621.75,308442284.85000014
2025-08-01 09:44:57 AM,584.05,140,81767.0,308524051.85000014
2025-08-01 09:44:59 AM,584.0,51,29784.0,308553835.85000014
2025-08-01 09:45:00 AM,584.3,0,0.0,308553835.85000014
2025-08-01 09:45:00 AM,584.3,5,2921.5,308556757.35000014
2025-08-01 09:45:01 AM,584.2,25,14605.000000000002,308571362.35000014
2025-08-01 09:45:02 AM,583.8,0,0.0,308571362.35000014
2025-08-01 09:45:03 AM,583.8,142,82899.59999999999,308654261.95000017
2025-08-01 09:45:08 AM,584.0,0,0.0,308654261.95000017
2025-08-01 09:45:08 AM,584.0,597,348648.0,309002909.95000017
2025-08-01 09:45:14 AM,584.0,15,8760.0,309011669.95000017
2025-08-01 09:45:16 AM,583.75,5,2918.75,309014588.70000017
2025-08-01 09:45:19 AM,583.75,210,122587.5,309137176.20000017
2025-08-01 09:45:20 AM,583.75,25,14593.75,309151769.95000017
2025-08-01 09:45:21 AM,583.75,45,26268.75,309178038.70000017
2025-08-01 09:45:21 AM,583.75,70,40862.5,309218901.20000017
2025-08-01 09:45:22 AM,583.65,0,0.0,309218901.20000017
2025-08-01 09:45:22 AM,583.65,129,75290.84999999999,309294192.0500002
2025-08-01 09:45:35 AM,583.75,50,29187.5,309323379.5500002
2025-08-01 09:45:36 AM,583.6,5,2918.0,309326297.5500002
2025-08-01 09:45:39 AM,583.75,0,0.0,309326297.5500002
2025-08-01 09:45:39 AM,583.75,3,1751.25,309328048.8000002
2025-08-01 09:45:40 AM,583.6,0,0.0,309328048.8000002
2025-08-01 09:45:40 AM,583.6,25,14590.0,309342638.8000002
2025-08-01 09:45:44 AM,583.25,0,0.0,309342638.8000002
2025-08-01 09:45:45 AM,583.25,599,349366.75,309692005.5500002
2025-08-01 09:45:49 AM,583.55,5,2917.75,309694923.3000002
2025-08-01 09:45:50 AM,583.5,0,0.0,309694923.3000002
2025-08-01 09:45:50 AM,583.5,12,7002.0,309701925.3000002
2025-08-01 09:45:58 AM,583.75,4,2335.0,309704260.3000002
2025-08-01 09:46:02 AM,583.35,102,59501.700000000004,309763762.0000002
2025-08-01 09:46:06 AM,583.1,0,0.0,309763762.0000002
2025-08-01 09:46:07 AM,583.1,1285,749283.5,310513045.5000002
2025-08-01 09:46:12 AM,583.35,0,0.0,310513045.5000002
2025-08-01 09:46:14 AM,583.35,1032,602017.2000000001,311115062.70000017
2025-08-01 09:46:15 AM,583.5,1,583.5,311115646.20000017
2025-08-01 09:46:20 AM,583.5,100,58350.0,311173996.20000017
2025-08-01 09:46:26 AM,583.55,0,0.0,311173996.20000017
2025-08-01 09:46:27 AM,583.55,185,107956.74999999999,311281952.95000017
2025-08-01 09:46:28 AM,583.6,6,3501.6000000000004,311285454.5500002
2025-08-01 09:46:33 AM,583.55,0,0.0,311285454.5500002
2025-08-01 09:46:33 AM,583.55,204,119044.2,311404498.7500002
2025-08-01 09:46:38 AM,583.75,0,0.0,311404498.7500002
2025-08-01 09:46:39 AM,583.75,1,583.75,311405082.5000002
2025-08-01 09:46:45 AM,583.75,124,72385.0,311477467.5000002
2025-08-01 09:46:52 AM,583.75,2,1167.5,311478635.0000002
2025-08-01 09:46:54 AM,583.75,34,19847.5,311498482.5000002
2025-08-01 09:46:57 AM,583.95,0,0.0,311498482.5000002
2025-08-01 09:46:58 AM,583.95,129,75329.55,311573812.0500002
2025-08-01 09:47:00 AM,583.5,0,0.0,311573812.0500002
2025-08-01 09:47:00 AM,583.5,450,262575.0,311836387.0500002
2025-08-01 09:47:09 AM,583.8,1,583.8,311836970.8500002
2025-08-01 09:47:12 AM,583.5,174,101529.0,311938499.8500002
2025-08-01 09:47:13 AM,583.0,0,0.0,311938499.8500002
2025-08-01 09:47:14 AM,583.0,3408,1986864.0,313925363.8500002
2025-08-01 09:47:14 AM,582.55,0,0.0,313925363.8500002
2025-08-01 09:47:15 AM,582.95,0,0.0,313925363.8500002
2025-08-01 09:47:15 AM,582.95,552,321788.4,314247152.2500002
2025-08-01 09:47:15 AM,582.6,0,0.0,314247152.2500002
2025-08-01 09:47:16 AM,582.6,16,9321.6,314256473.8500002
2025-08-01 09:47:16 AM,582.5,1,582.5,314257056.3500002
2025-08-01 09:47:19 AM,582.4,255,148512.0,314405568.3500002
2025-08-01 09:47:20 AM,582.4,45,26208.0,314431776.3500002
2025-08-01 09:47:20 AM,582.4,1,582.4,314432358.7500002
2025-08-01 09:47:21 AM,582.4,206,119974.4,314552333.15000015
2025-08-01 09:47:22 AM,582.6,536,312273.60000000003,314864606.7500002
2025-08-01 09:47:24 AM,582.4,0,0.0,314864606.7500002
2025-08-01 09:47:24 AM,582.4,1,582.4,314865189.15000015
2025-08-01 09:47:25 AM,582.7,500,291350.0,315156539.15000015
2025-08-01 09:47:29 AM,582.7,1,582.7,315157121.85000014
2025-08-01 09:47:30 AM,583.25,5781,3371768.25,318528890.10000014
2025-08-01 09:47:30 AM,583.5,0,0.0,318528890.10000014
2025-08-01 09:47:31 AM,583.5,219,127786.5,318656676.60000014
2025-08-01 09:47:31 AM,582.85,1014,591009.9,319247686.5000001
2025-08-01 09:47:33 AM,582.8,17,9907.599999999999,319257594.10000014
2025-08-01 09:47:35 AM,582.8,4,2331.2,319259925.30000013
2025-08-01 09:47:36 AM,583.0,135,78705.0,319338630.30000013
2025-08-01 09:47:37 AM,583.0,1,583.0,319339213.30000013
2025-08-01 09:47:45 AM,583.4,0,0.0,319339213.30000013
2025-08-01 09:47:46 AM,583.4,298,173853.19999999998,319513066.5000001
2025-08-01 09:47:57 AM,583.45,0,0.0,319513066.5000001
2025-08-01 09:47:58 AM,583.45,20,11669.0,319524735.5000001
2025-08-01 09:47:58 AM,583.65,0,0.0,319524735.5000001
2025-08-01 09:47:59 AM,583.65,66,38520.9,319563256.4000001
2025-08-01 09:48:00 AM,583.65,34,19844.1,319583100.5000001
2025-08-01 09:48:07 AM,583.45,1,583.45,319583683.9500001
2025-08-01 09:48:08 AM,583.45,1,583.45,319584267.4000001
2025-08-01 09:48:16 AM,583.65,0,0.0,319584267.4000001
2025-08-01 09:48:16 AM,583.65,391,228207.15,319812474.5500001
2025-08-01 09:48:19 AM,583.6,68,39684.8,319852159.3500001
2025-08-01 09:48:29 AM,583.85,1,583.85,319852743.2000001
2025-08-01 09:48:34 AM,584.0,0,0.0,319852743.2000001
2025-08-01 09:48:35 AM,584.0,426,248784.0,320101527.2000001
2025-08-01 09:48:51 AM,583.85,0,0.0,320101527.2000001
2025-08-01 09:48:52 AM,583.85,176,102757.6,320204284.80000013
2025-08-01 09:48:59 AM,583.7,30,17511.0,320221795.80000013
2025-08-01 09:49:04 AM,583.85,0,0.0,320221795.80000013
2025-08-01 09:49:06 AM,583.45,1176,686137.2000000001,320907933.0000001
2025-08-01 09:49:09 AM,583.5,1,583.5,320908516.5000001
2025-08-01 09:49:12 AM,583.75,0,0.0,320908516.5000001
2025-08-01 09:49:12 AM,583.75,376,219490.0,321128006.5000001
2025-08-01 09:49:15 AM,583.9,125,72987.5,321200994.0000001
2025-08-01 09:49:31 AM,583.8,0,0.0,321200994.0000001
2025-08-01 09:49:31 AM,583.8,25,14594.999999999998,321215589.0000001
2025-08-01 09:49:34 AM,583.8,2,1167.6,321216756.60000014
2025-08-01 09:49:37 AM,583.6,0,0.0,321216756.60000014
2025-08-01 09:49:37 AM,583.6,4,2334.4,321219091.0000001
2025-08-01 09:49:50 AM,583.6,100,58360.0,321277451.0000001
2025-08-01 09:49:56 AM,583.55,0,0.0,321277451.0000001
2025-08-01 09:49:56 AM,583.55,280,163394.0,321440845.0000001
2025-08-01 09:50:03 AM,583.2,5013,2923581.6,324364426.60000014
2025-08-01 09:50:03 AM,583.1,0,0.0,324364426.60000014
2025-08-01 09:50:06 AM,583.1,233,135862.30000000002,324500288.90000015
2025-08-01 09:50:12 AM,583.35,0,0.0,324500288.90000015
2025-08-01 09:50:12 AM,583.35,245,142920.75,324643209.65000015
2025-08-01 09:50:15 AM,583.45,0,0.0,324643209.65000015
2025-08-01 09:50:16 AM,583.45,5,2917.25,324646126.90000015
2025-08-01 09:50:25 AM,583.45,203,118440.35,324764567.2500002
2025-08-01 09:50:27 AM,583.6,0,0.0,324764567.2500002
2025-08-01 09:50:28 AM,583.6,59,34432.4,324798999.65000015
2025-08-01 09:50:30 AM,583.75,0,0.0,324798999.65000015
2025-08-01 09:50:31 AM,583.75,5,2918.75,324801918.40000015
2025-08-01 09:50:34 AM,583.65,100,58365.0,324860283.40000015
2025-08-01 09:50:39 AM,583.8,0,0.0,324860283.40000015
2025-08-01 09:50:41 AM,583.8,1,583.8,324860867.20000017
2025-08-01 09:50:47 AM,583.8,49,28606.199999999997,324889473.40000015
2025-08-01 09:50:51 AM,584.0,0,0.0,324889473.40000015
2025-08-01 09:50:53 AM,584.0,10,5840.0,324895313.40000015
2025-08-01 09:50:56 AM,584.0,347,202648.0,325097961.40000015
2025-08-01 09:51:06 AM,584.5,614,358883.0,325456844.40000015
2025-08-01 09:51:07 AM,584.3,0,0.0,325456844.40000015
2025-08-01 09:51:08 AM,584.3,25,14607.499999999998,325471451.90000015
2025-08-01 09:51:11 AM,584.0,0,0.0,325471451.90000015
2025-08-01 09:51:12 AM,584.0,8,4672.0,325476123.90000015
2025-08-01 09:51:19 AM,584.3,200,116859.99999999999,325592983.90000015
2025-08-01 09:51:21 AM,584.05,16,9344.8,325602328.70000017
2025-08-01 09:51:23 AM,584.3,0,0.0,325602328.70000017
2025-08-01 09:51:25 AM,584.3,471,275205.3,325877534.0000002
2025-08-01 09:51:35 AM,584.25,0,0.0,325877534.0000002
2025-08-01 09:51:37 AM,585.2,3401,1990265.2000000002,327867799.20000017
2025-08-01 09:51:42 AM,584.95,0,0.0,327867799.20000017
2025-08-01 09:51:43 AM,584.8,0,0.0,327867799.20000017
2025-08-01 09:51:44 AM,584.8,841,491816.8,328359616.0000002
2025-08-01 09:51:46 AM,584.25,0,0.0,328359616.0000002
2025-08-01 09:51:48 AM,584.95,0,0.0,328359616.0000002
2025-08-01 09:51:50 AM,584.95,3872,2264926.4000000004,330624542.40000015
2025-08-01 09:52:02 AM,585.3,721,422001.3,331046543.70000017
2025-08-01 09:52:05 AM,585.25,70,40967.5,331087511.20000017
2025-08-01 09:52:05 AM,585.15,0,0.0,331087511.20000017
2025-08-01 09:52:07 AM,585.5,0,0.0,331087511.20000017
2025-08-01 09:52:08 AM,585.5,30,17565.0,331105076.20000017
2025-08-01 09:52:09 AM,585.55,0,0.0,331105076.20000017
2025-08-01 09:52:11 AM,585.55,237,138775.34999999998,331243851.5500002
2025-08-01 09:52:14 AM,585.25,0,0.0,331243851.5500002
2025-08-01 09:52:17 AM,585.2,238,139277.6,331383129.1500002
2025-08-01 09:52:27 AM,585.2,400,234080.00000000003,331617209.1500002
2025-08-01 09:52:41 AM,585.45,0,0.0,331617209.1500002
2025-08-01 09:52:41 AM,585.45,124,72595.8,331689804.9500002
2025-08-01 09:52:44 AM,585.4,0,0.0,331689804.9500002
2025-08-01 09:52:45 AM,585.4,20,11708.0,331701512.9500002
2025-08-01 09:52:51 AM,585.4,30,17562.0,331719074.9500002
2025-08-01 09:52:56 AM,585.6,0,0.0,331719074.9500002
2025-08-01 09:52:57 AM,585.6,10,5856.0,331724930.9500002
2025-08-01 09:53:03 AM,585.6,1,585.6,331725516.55000025
2025-08-01 09:53:08 AM,585.3,0,0.0,331725516.55000025
2025-08-01 09:53:09 AM,585.3,224,131107.19999999998,331856623.75000024
2025-08-01 09:53:11 AM,585.55,0,0.0,331856623.75000024
2025-08-01 09:53:11 AM,585.55,50,29277.499999999996,331885901.25000024
2025-08-01 09:53:18 AM,585.2,796,465819.2,332351720.4500002
2025-08-01 09:53:24 AM,585.1,0,0.0,332351720.4500002
2025-08-01 09:53:24 AM,585.1,250,146275.0,332497995.4500002
2025-08-01 09:53:24 AM,585.3,0,0.0,332497995.4500002
2025-08-01 09:53:28 AM,585.3,1,585.3,332498580.75000024
2025-08-01 09:53:34 AM,585.3,13,7608.9,332506189.6500002
2025-08-01 09:53:39 AM,585.5,0,0.0,332506189.6500002
2025-08-01 09:53:40 AM,585.5,142,83141.0,332589330.6500002
2025-08-01 09:53:47 AM,584.95,2140,1251793.0,333841123.6500002
2025-08-01 09:53:51 AM,585.15,0,0.0,333841123.6500002
2025-08-01 09:53:53 AM,585.15,5,2925.75,333844049.4000002
2025-08-01 09:53:54 AM,584.8,0,0.0,333844049.4000002
2025-08-01 09:53:59 AM,585.05,5465,3197298.2499999995,337041347.6500002
2025-08-01 09:54:00 AM,585.1,0,0.0,337041347.6500002
2025-08-01 09:54:00 AM,585.1,1273,744832.3,337786179.9500002
2025-08-01 09:54:03 AM,584.9,0,0.0,337786179.9500002
2025-08-01 09:54:05 AM,585.05,1189,695624.45,338481804.4000002
2025-08-01 09:54:09 AM,585.0,0,0.0,338481804.4000002
2025-08-01 09:54:11 AM,585.0,207,121095.0,338602899.4000002
2025-08-01 09:54:18 AM,584.35,0,0.0,338602899.4000002
2025-08-01 09:54:18 AM,584.35,757,442352.95,339045252.3500002
2025-08-01 09:54:24 AM,584.25,0,0.0,339045252.3500002
2025-08-01 09:54:24 AM,584.25,1160,677730.0,339722982.3500002
2025-08-01 09:54:36 AM,584.35,2,1168.7,339724151.0500002
2025-08-01 09:54:46 AM,584.25,0,0.0,339724151.0500002
2025-08-01 09:54:48 AM,584.2,26,15189.2,339739340.2500002
2025-08-01 09:54:52 AM,583.8,0,0.0,339739340.2500002
2025-08-01 09:54:54 AM,583.8,283,165215.4,339904555.65000015
2025-08-01 09:54:58 AM,584.0,0,0.0,339904555.65000015
2025-08-01 09:55:00 AM,583.6,150,87540.0,339992095.65000015
2025-08-01 09:55:01 AM,583.05,2479,1445380.95,341437476.60000014
2025-08-01 09:55:02 AM,583.1,0,0.0,341437476.60000014
2025-08-01 09:55:02 AM,583.1,1,583.1,341438059.70000017
2025-08-01 09:55:06 AM,582.6,1962,1143061.2,342581120.90000015
2025-08-01 09:55:07 AM,583.05,84,48976.2,342630097.10000014
2025-08-01 09:55:10 AM,583.0,0,0.0,342630097.10000014
2025-08-01 09:55:11 AM,583.0,109,63547.0,342693644.10000014
2025-08-01 09:55:11 AM,582.8,1,582.8,342694226.90000015
2025-08-01 09:55:13 AM,583.2,0,0.0,342694226.90000015
2025-08-01 09:55:14 AM,583.5,0,0.0,342694226.90000015
2025-08-01 09:55:14 AM,583.5,1077,628429.5,343322656.40000015
2025-08-01 09:55:14 AM,583.3,0,0.0,343322656.40000015
2025-08-01 09:55:15 AM,583.3,687,400727.1,343723383.5000002
2025-08-01 09:55:20 AM,583.25,78,45493.5,343768877.0000002
2025-08-01 09:55:22 AM,583.25,343,200054.75,343968931.7500002
2025-08-01 09:55:27 AM,583.3,1,583.3,343969515.0500002
2025-08-01 09:55:28 AM,583.25,0,0.0,343969515.0500002
2025-08-01 09:55:29 AM,583.25,1,583.25,343970098.3000002
2025-08-01 09:55:35 AM,583.25,34,19830.5,343989928.8000002
2025-08-01 09:55:40 AM,583.4,6,3500.3999999999996,343993429.20000017
2025-08-01 09:55:48 AM,583.5,36,21006.0,344014435.20000017
2025-08-01 09:55:49 AM,583.5,397,231649.5,344246084.70000017
2025-08-01 09:55:54 AM,583.05,0,0.0,344246084.70000017
2025-08-01 09:55:54 AM,583.05,504,293857.19999999995,344539941.90000015
2025-08-01 09:55:55 AM,583.25,0,0.0,344539941.90000015
2025-08-01 09:55:55 AM,583.25,138,80488.5,344620430.40000015
2025-08-01 09:56:03 AM,583.15,10,5831.5,344626261.90000015
2025-08-01 09:56:08 AM,583.15,890,519003.5,345145265.40000015
2025-08-01 09:56:09 AM,582.9,1005,585814.5,345731079.90000015
2025-08-01 09:56:11 AM,582.8,2,1165.6,345732245.5000002
2025-08-01 09:56:13 AM,582.9,0,0.0,345732245.5000002
2025-08-01 09:56:13 AM,582.9,200,116580.0,345848825.5000002
2025-08-01 09:56:14 AM,582.95,0,0.0,345848825.5000002
2025-08-01 09:56:14 AM,582.95,1137,662814.15,346511639.65000015
2025-08-01 09:56:20 AM,582.9,1000,582900.0,347094539.65000015
2025-08-01 09:56:21 AM,582.95,0,0.0,347094539.65000015
2025-08-01 09:56:21 AM,582.95,100,58295.00000000001,347152834.65000015
2025-08-01 09:56:22 AM,582.95,221,128831.95000000001,347281666.60000014
2025-08-01 09:56:23 AM,582.95,84,48967.8,347330634.40000015
2025-08-01 09:56:24 AM,582.8,251,146282.8,347476917.20000017
2025-08-01 09:56:30 AM,582.95,0,0.0,347476917.20000017
2025-08-01 09:56:30 AM,582.95,694,404567.30000000005,347881484.5000002
2025-08-01 09:56:38 AM,583.2,0,0.0,347881484.5000002
2025-08-01 09:56:38 AM,583.2,18,10497.6,347891982.1000002
2025-08-01 09:56:41 AM,583.2,1,583.2,347892565.3000002
2025-08-01 09:56:42 AM,583.15,0,0.0,347892565.3000002
2025-08-01 09:56:42 AM,583.15,1,583.15,347893148.45000017
2025-08-01 09:56:43 AM,582.75,0,0.0,347893148.45000017
2025-08-01 09:56:43 AM,582.75,331,192890.25,348086038.70000017
2025-08-01 09:56:49 AM,582.55,0,0.0,348086038.70000017
2025-08-01 09:56:49 AM,582.55,13,7573.15,348093611.85000014
2025-08-01 09:56:55 AM,582.75,0,0.0,348093611.85000014
2025-08-01 09:56:55 AM,582.75,16,9324.0,348102935.85000014
2025-08-01 09:57:06 AM,582.3,0,0.0,348102935.85000014
2025-08-01 09:57:06 AM,582.3,1503,875196.8999999999,348978132.7500001
2025-08-01 09:57:07 AM,582.75,1,582.75,348978715.5000001
2025-08-01 09:57:12 AM,582.4,1000,582400.0,349561115.5000001
2025-08-01 09:57:17 AM,582.75,702,409090.5,349970206.0000001
2025-08-01 09:57:19 AM,582.5,1690,984425.0,350954631.0000001
2025-08-01 09:57:22 AM,582.9,0,0.0,350954631.0000001
2025-08-01 09:57:23 AM,582.9,56,32642.399999999998,350987273.4000001
2025-08-01 09:57:46 AM,582.45,0,0.0,350987273.4000001
2025-08-01 09:57:47 AM,582.45,1015,591186.75,351578460.1500001
2025-08-01 09:57:49 AM,582.7,2,1165.4,351579625.5500001
2025-08-01 09:57:53 AM,582.45,1,582.45,351580208.00000006
2025-08-01 09:57:55 AM,582.8,36,20980.8,351601188.8000001
2025-08-01 09:57:57 AM,582.45,0,0.0,351601188.8000001
2025-08-01 09:57:59 AM,582.45,500,291225.0,351892413.8000001
2025-08-01 09:58:01 AM,582.45,500,291225.0,352183638.8000001
2025-08-01 09:58:11 AM,582.5,0,0.0,352183638.8000001
2025-08-01 09:58:11 AM,582.5,265,154362.5,352338001.3000001
2025-08-01 09:58:14 AM,582.3,200,116459.99999999999,352454461.3000001
2025-08-01 09:58:22 AM,581.3,0,0.0,352454461.3000001
2025-08-01 09:58:23 AM,581.3,4734,2751874.1999999997,355206335.50000006
2025-08-01 09:58:26 AM,581.25,1,581.25,355206916.75000006
2025-08-01 09:58:27 AM,581.45,0,0.0,355206916.75000006
2025-08-01 09:58:29 AM,581.5,210,122115.0,355329031.75000006
2025-08-01 09:58:31 AM,581.55,0,0.0,355329031.75000006
2025-08-01 09:58:32 AM,581.35,55,31974.25,355361006.00000006
2025-08-01 09:58:54 AM,581.35,366,212774.1,355573780.1000001
2025-08-01 09:58:55 AM,580.8,0,0.0,355573780.1000001
2025-08-01 09:58:56 AM,581.45,9160,5326082.0,360899862.1000001
2025-08-01 09:58:59 AM,581.6,0,0.0,360899862.1000001
2025-08-01 09:59:00 AM,581.05,639,371290.94999999995,361271153.0500001
2025-08-01 09:59:01 AM,581.35,0,0.0,361271153.0500001
2025-08-01 09:59:01 AM,581.2,12,6974.400000000001,361278127.45000005
2025-08-01 09:59:07 AM,581.15,250,145287.5,361423414.95000005
2025-08-01 09:59:09 AM,581.15,20,11623.0,361435037.95000005
2025-08-01 09:59:12 AM,580.75,1,580.75,361435618.70000005
2025-08-01 09:59:13 AM,581.1,0,0.0,361435618.70000005
2025-08-01 09:59:13 AM,581.1,12,6973.200000000001,361442591.90000004
2025-08-01 09:59:15 AM,581.1,12,6973.200000000001,361449565.1
2025-08-01 09:59:17 AM,581.1,5,2905.5,361452470.6
2025-08-01 09:59:20 AM,581.0,541,314321.0,361766791.6
2025-08-01 09:59:22 AM,581.15,967,561972.0499999999,362328763.65000004
2025-08-01 09:59:25 AM,581.15,92,53465.799999999996,362382229.45000005
2025-08-01 09:59:28 AM,581.2,0,0.0,362382229.45000005
2025-08-01 09:59:28 AM,581.2,25,14530.000000000002,362396759.45000005
2025-08-01 09:59:32 AM,581.35,0,0.0,362396759.45000005
2025-08-01 09:59:32 AM,581.35,5628,3271837.8000000003,365668597.25000006
2025-08-01 09:59:38 AM,581.25,27,15693.75,365684291.00000006
2025-08-01 09:59:42 AM,581.5,158,91877.0,365776168.00000006
2025-08-01 09:59:49 AM,581.55,0,0.0,365776168.00000006
2025-08-01 09:59:49 AM,581.55,204,118636.2,365894804.20000005
2025-08-01 09:59:54 AM,581.4,0,0.0,365894804.20000005
2025-08-01 09:59:54 AM,581.4,8,4651.2,365899455.40000004
2025-08-01 09:59:57 AM,581.75,0,0.0,365899455.40000004
2025-08-01 09:59:57 AM,581.4,0,0.0,365899455.40000004
2025-08-01 09:59:57 AM,581.4,1531,890123.4,366789578.8
2025-08-01 10:00:00 AM,581.55,0,0.0,366789578.8
2025-08-01 10:00:00 AM,581.55,130,75601.5,366865180.3
2025-08-01 10:00:00 AM,581.4,1,581.4,366865761.7
2025-08-01 10:00:01 AM,581.6,0,0.0,366865761.7
2025-08-01 10:00:01 AM,581.6,20,11632.0,366877393.7
2025-08-01 10:00:05 AM,581.6,3,1744.8000000000002,366879138.5
2025-08-01 10:00:16 AM,581.35,0,0.0,366879138.5
2025-08-01 10:00:16 AM,581.35,523,304046.05,367183184.55
2025-08-01 10:00:16 AM,581.3,2,1162.6,367184347.15000004
2025-08-01 10:00:18 AM,581.35,0,0.0,367184347.15000004
2025-08-01 10:00:18 AM,581.35,1,581.35,367184928.50000006
2025-08-01 10:00:18 AM,581.35,10,5813.5,367190742.00000006
2025-08-01 10:00:19 AM,581.35,129,74994.15000000001,367265736.15000004
2025-08-01 10:00:20 AM,581.35,2,1162.7,367266898.85
2025-08-01 10:00:22 AM,581.2,0,0.0,367266898.85
2025-08-01 10:00:22 AM,581.2,151,87761.20000000001,367354660.05
2025-08-01 10:00:23 AM,581.35,1,581.35,367355241.40000004
2025-08-01 10:00:27 AM,581.3,0,0.0,367355241.40000004
2025-08-01 10:00:27 AM,581.3,10,5813.0,367361054.40000004
2025-08-01 10:00:27 AM,581.3,5,2906.5,367363960.90000004
2025-08-01 10:00:30 AM,581.35,0,0.0,367363960.90000004
2025-08-01 10:00:30 AM,581.35,100,58135.0,367422095.90000004
2025-08-01 10:00:32 AM,581.35,25,14533.75,367436629.65000004
2025-08-01 10:00:35 AM,581.1,0,0.0,367436629.65000004
2025-08-01 10:00:35 AM,581.1,80,46488.0,367483117.65000004
2025-08-01 10:00:38 AM,580.65,1114,646844.1,368129961.75000006
2025-08-01 10:00:39 AM,581.0,0,0.0,368129961.75000006
2025-08-01 10:00:39 AM,581.0,3400,1975400.0,370105361.75000006
2025-08-01 10:00:39 AM,580.7,1000,580700.0,370686061.75000006
2025-08-01 10:00:46 AM,581.0,2,1162.0,370687223.75000006
2025-08-01 10:00:48 AM,580.7,390,226473.00000000003,370913696.75000006
2025-08-01 10:00:50 AM,581.0,210,122010.0,371035706.75000006
2025-08-01 10:00:51 AM,581.45,712,413992.4,371449699.15000004
2025-08-01 10:00:58 AM,581.2,987,573644.4,372023343.55
2025-08-01 10:01:02 AM,581.5,103,59894.5,372083238.05
2025-08-01 10:01:08 AM,581.65,208,120983.2,372204221.25
2025-08-01 10:01:11 AM,582.0,175,101850.0,372306071.25
2025-08-01 10:01:15 AM,582.0,6,3492.0,372309563.25
2025-08-01 10:01:20 AM,582.45,0,0.0,372309563.25
2025-08-01 10:01:21 AM,582.45,53,30869.850000000002,372340433.1
2025-08-01 10:01:27 AM,582.45,5,2912.25,372343345.35
2025-08-01 10:01:30 AM,582.2,1500,873300.0000000001,373216645.35
2025-08-01 10:01:32 AM,582.55,0,0.0,373216645.35
2025-08-01 10:01:33 AM,582.9,61,35556.9,373252202.25
2025-08-01 10:01:39 AM,582.5,0,0.0,373252202.25
2025-08-01 10:01:39 AM,582.5,536,312220.0,373564422.25
2025-08-01 10:01:48 AM,582.5,733,426972.5,373991394.75
2025-08-01 10:01:58 AM,582.9,113,65867.7,374057262.45
2025-08-01 10:02:01 AM,582.95,0,0.0,374057262.45
2025-08-01 10:02:01 AM,582.95,1389,809717.55,374866980.0
2025-08-01 10:02:08 AM,583.15,30,17494.5,374884474.5
2025-08-01 10:02:12 AM,583.5,0,0.0,374884474.5
2025-08-01 10:02:12 AM,583.5,10,5835.0,374890309.5
2025-08-01 10:02:14 AM,583.5,209,121951.5,375012261.0
2025-08-01 10:02:16 AM,583.55,0,0.0,375012261.0
2025-08-01 10:02:16 AM,583.75,262,152942.5,375165203.5
2025-08-01 10:02:18 AM,583.75,500,291875.0,375457078.5
2025-08-01 10:02:30 AM,583.75,11,6421.25,375463499.75
2025-08-01 10:02:37 AM,583.75,63,36776.25,375500276.0
2025-08-01 10:02:37 AM,583.75,1,583.75,375500859.75
2025-08-01 10:02:38 AM,583.75,2,1167.5,375502027.25
2025-08-01 10:02:55 AM,583.7,0,0.0,375502027.25
2025-08-01 10:02:55 AM,583.7,128,74713.6,375576740.85
2025-08-01 10:03:00 AM,583.65,80,46692.0,375623432.85
2025-08-01 10:03:04 AM,583.65,72,42022.799999999996,375665455.65000004
2025-08-01 10:03:14 AM,583.7,277,161684.90000000002,375827140.55
2025-08-01 10:03:15 AM,583.9,3006,1755203.4,377582343.95
2025-08-01 10:03:19 AM,584.0,0,0.0,377582343.95
2025-08-01 10:03:19 AM,584.0,1,584.0,377582927.95
2025-08-01 10:03:20 AM,584.0,716,418144.0,378001071.95
2025-08-01 10:03:21 AM,584.2,50,29210.000000000004,378030281.95
2025-08-01 10:03:24 AM,584.05,0,0.0,378030281.95
2025-08-01 10:03:24 AM,584.05,525,306626.25,378336908.2
2025-08-01 10:03:27 AM,584.5,4,2338.0,378339246.2
2025-08-01 10:03:28 AM,584.2,30,17526.0,378356772.2
2025-08-01 10:03:29 AM,584.5,3,1753.5,378358525.7
2025-08-01 10:03:37 AM,584.45,15,8766.75,378367292.45
2025-08-01 10:03:38 AM,584.2,200,116840.00000000001,378484132.45
2025-08-01 10:03:55 AM,584.5,0,0.0,378484132.45
2025-08-01 10:03:55 AM,584.5,3,1753.5,378485885.95
2025-08-01 10:03:56 AM,584.35,4,2337.4,378488223.34999996
2025-08-01 10:04:00 AM,584.2,0,0.0,378488223.34999996
2025-08-01 10:04:00 AM,584.0,816,476544.0,378964767.34999996
2025-08-01 10:04:07 AM,583.9,0,0.0,378964767.34999996
2025-08-01 10:04:07 AM,583.9,1,583.9,378965351.24999994
2025-08-01 10:04:17 AM,583.8,10,5838.0,378971189.24999994
2025-08-01 10:04:19 AM,583.8,2,1167.6,378972356.84999996
2025-08-01 10:04:32 AM,583.8,11,6421.799999999999,378978778.65
2025-08-01 10:04:35 AM,584.0,0,0.0,378978778.65
2025-08-01 10:04:36 AM,584.0,128,74752.0,379053530.65
2025-08-01 10:04:38 AM,584.05,64,37379.2,379090909.84999996
2025-08-01 10:04:53 AM,584.2,0,0.0,379090909.84999996
2025-08-01 10:04:55 AM,584.1,133,77685.3,379168595.15
2025-08-01 10:04:57 AM,584.0,0,0.0,379168595.15
2025-08-01 10:04:57 AM,584.0,72,42048.0,379210643.15
2025-08-01 10:05:06 AM,583.85,0,0.0,379210643.15
2025-08-01 10:05:07 AM,583.85,50,29192.5,379239835.65
2025-08-01 10:05:12 AM,583.8,0,0.0,379239835.65
2025-08-01 10:05:13 AM,583.8,39,22768.199999999997,379262603.84999996
2025-08-01 10:05:19 AM,583.65,323,188518.94999999998,379451122.79999995
2025-08-01 10:05:21 AM,583.65,3,1750.9499999999998,379452873.74999994
2025-08-01 10:05:24 AM,583.6,0,0.0,379452873.74999994
2025-08-01 10:05:25 AM,583.6,15,8754.0,379461627.74999994
2025-08-01 10:05:50 AM,583.3,2765,1612824.4999999998,381074452.24999994
2025-08-01 10:06:08 AM,583.1,31,18076.100000000002,381092528.34999996
2025-08-01 10:06:13 AM,583.2,45,26244.000000000004,381118772.34999996
2025-08-01 10:06:15 AM,583.1,0,0.0,381118772.34999996
2025-08-01 10:06:16 AM,583.1,128,74636.8,381193409.15
2025-08-01 10:06:19 AM,583.1,24,13994.400000000001,381207403.54999995
2025-08-01 10:06:28 AM,583.1,6,3498.6000000000004,381210902.15
2025-08-01 10:06:37 AM,583.0,100,58300.0,381269202.15
2025-08-01 10:06:43 AM,582.95,58,33811.100000000006,381303013.25
2025-08-01 10:06:56 AM,582.9,3,1748.6999999999998,381304761.95
2025-08-01 10:06:57 AM,583.15,0,0.0,381304761.95
2025-08-01 10:06:58 AM,583.15,44,25658.6,381330420.55
2025-08-01 10:07:07 AM,583.2,0,0.0,381330420.55
2025-08-01 10:07:08 AM,582.85,55,32056.75,381362477.3
2025-08-01 10:07:14 AM,582.85,5,2914.25,381365391.55
2025-08-01 10:07:16 AM,583.0,2,1166.0,381366557.55
2025-08-01 10:07:27 AM,583.3,0,0.0,381366557.55
2025-08-01 10:07:27 AM,583.3,44,25665.199999999997,381392222.75
2025-08-01 10:07:31 AM,583.5,0,0.0,381392222.75
2025-08-01 10:07:33 AM,583.6,130,75868.0,381468090.75
2025-08-01 10:07:41 AM,583.6,122,71199.2,381539289.95
2025-08-01 10:07:49 AM,583.65,0,0.0,381539289.95
2025-08-01 10:07:51 AM,583.5,443,258490.5,381797780.45
2025-08-01 10:07:53 AM,583.5,800,466800.0,382264580.45
2025-08-01 10:07:58 AM,583.35,107,62418.450000000004,382326998.9
2025-08-01 10:08:02 AM,583.4,0,0.0,382326998.9
2025-08-01 10:08:02 AM,583.4,700,408380.0,382735378.9
2025-08-01 10:08:17 AM,583.0,0,0.0,382735378.9
2025-08-01 10:08:17 AM,583.0,2075,1209725.0,383945103.9
2025-08-01 10:08:21 AM,583.45,0,0.0,383945103.9
2025-08-01 10:08:21 AM,583.45,1,583.45,383945687.34999996
2025-08-01 10:08:32 AM,583.5,0,0.0,383945687.34999996
2025-08-01 10:08:32 AM,583.5,5,2917.5,383948604.84999996
2025-08-01 10:08:33 AM,583.5,95,55432.5,384004037.34999996
2025-08-01 10:08:34 AM,583.55,0,0.0,384004037.34999996
2025-08-01 10:08:34 AM,583.55,10,5835.5,384009872.84999996
2025-08-01 10:08:38 AM,583.7,10,5837.0,384015709.84999996
2025-08-01 10:08:41 AM,583.7,35,20429.5,384036139.34999996
2025-08-01 10:08:44 AM,583.9,301,175753.9,384211893.24999994
2025-08-01 10:08:46 AM,583.7,5,2918.5,384214811.74999994
2025-08-01 10:08:50 AM,583.4,750,437550.0,384652361.74999994
2025-08-01 10:08:56 AM,583.75,0,0.0,384652361.74999994
2025-08-01 10:08:56 AM,583.75,35,20431.25,384672792.99999994
2025-08-01 10:08:57 AM,583.75,10,5837.5,384678630.49999994
2025-08-01 10:09:06 AM,583.85,0,0.0,384678630.49999994
2025-08-01 10:09:06 AM,583.85,200,116770.0,384795400.49999994
2025-08-01 10:09:16 AM,583.9,0,0.0,384795400.49999994
2025-08-01 10:09:16 AM,583.9,125,72987.5,384868387.99999994
2025-08-01 10:09:21 AM,583.95,40,23358.0,384891745.99999994
2025-08-01 10:09:24 AM,583.95,80,46716.0,384938461.99999994
2025-08-01 10:09:34 AM,583.95,300,175185.0,385113646.99999994
2025-08-01 10:09:35 AM,583.8,0,0.0,385113646.99999994
2025-08-01 10:09:35 AM,583.8,488,284894.39999999997,385398541.3999999
2025-08-01 10:09:35 AM,583.85,20,11677.0,385410218.3999999
2025-08-01 10:09:36 AM,583.8,0,0.0,385410218.3999999
2025-08-01 10:09:36 AM,583.8,336,196156.8,385606375.1999999
2025-08-01 10:09:38 AM,583.8,1,583.8,385606958.99999994
2025-08-01 10:09:39 AM,583.85,6,3503.1000000000004,385610462.09999996
2025-08-01 10:10:09 AM,583.8,0,0.0,385610462.09999996
2025-08-01 10:10:10 AM,583.55,670,390978.49999999994,386001440.59999996
2025-08-01 10:10:12 AM,583.6,0,0.0,386001440.59999996
2025-08-01 10:10:14 AM,583.6,50,29180.0,386030620.59999996
2025-08-01 10:10:22 AM,583.5,100,58350.0,386088970.59999996
2025-08-01 10:10:32 AM,583.55,272,158725.59999999998,386247696.2
2025-08-01 10:10:38 AM,583.55,10,5835.5,386253531.7
2025-08-01 10:10:44 AM,583.55,68,39681.399999999994,386293213.09999996
2025-08-01 10:10:48 AM,583.0,0,0.0,386293213.09999996
2025-08-01 10:10:50 AM,583.0,2417,1409111.0,387702324.09999996
2025-08-01 10:10:51 AM,583.55,0,0.0,387702324.09999996
2025-08-01 10:10:52 AM,583.55,5,2917.75,387705241.84999996
2025-08-01 10:11:06 AM,583.65,0,0.0,387705241.84999996
2025-08-01 10:11:07 AM,583.35,91,53084.85,387758326.7
2025-08-01 10:11:09 AM,583.35,1,583.35,387758910.05
2025-08-01 10:11:15 AM,583.35,1563,911776.05,388670686.1
2025-08-01 10:11:24 AM,583.65,0,0.0,388670686.1
2025-08-01 10:11:25 AM,583.65,25,14591.25,388685277.35
2025-08-01 10:11:32 AM,583.65,336,196106.4,388881383.75
2025-08-01 10:11:36 AM,583.65,1,583.65,388881967.4
2025-08-01 10:11:42 AM,583.35,0,0.0,388881967.4
2025-08-01 10:11:42 AM,583.6,0,0.0,388881967.4
2025-08-01 10:11:42 AM,583.6,38,22176.8,388904144.2
2025-08-01 10:11:49 AM,583.6,2,1167.2,388905311.4
2025-08-01 10:12:00 AM,583.8,0,0.0,388905311.4
2025-08-01 10:12:00 AM,583.8,1307,763026.6,389668338.0
2025-08-01 10:12:09 AM,583.65,0,0.0,389668338.0
2025-08-01 10:12:12 AM,583.7,0,0.0,389668338.0
2025-08-01 10:12:12 AM,583.7,44,25682.800000000003,389694020.8
2025-08-01 10:12:29 AM,583.7,336,196123.2,389890144.0
2025-08-01 10:12:33 AM,583.75,0,0.0,389890144.0
2025-08-01 10:12:35 AM,583.8,100,58379.99999999999,389948524.0
2025-08-01 10:12:46 AM,583.8,77,44952.6,389993476.6
2025-08-01 10:12:52 AM,583.7,2,1167.4,389994644.0
2025-08-01 10:12:58 AM,583.7,60,35022.0,390029666.0
2025-08-01 10:12:58 AM,583.65,3,1750.9499999999998,390031416.95
2025-08-01 10:13:04 AM,583.55,0,0.0,390031416.95
2025-08-01 10:13:04 AM,583.55,100,58354.99999999999,390089771.95
2025-08-01 10:13:10 AM,583.45,0,0.0,390089771.95
2025-08-01 10:13:10 AM,583.45,141,82266.45000000001,390172038.4
2025-08-01 10:13:16 AM,583.55,0,0.0,390172038.4
2025-08-01 10:13:16 AM,583.55,25,14588.749999999998,390186627.15
2025-08-01 10:13:17 AM,583.0,0,0.0,390186627.15
2025-08-01 10:13:17 AM,583.0,2764,1611412.0,391798039.15
2025-08-01 10:13:36 AM,583.6,0,0.0,391798039.15
2025-08-01 10:13:36 AM,583.6,10,5836.0,391803875.15
2025-08-01 10:13:41 AM,583.6,1,583.6,391804458.75
2025-08-01 10:13:54 AM,583.55,8,4668.4,391809127.15
2025-08-01 10:14:03 AM,583.55,125,72943.75,391882070.9
2025-08-01 10:14:14 AM,583.55,337,196656.34999999998,392078727.25
2025-08-01 10:14:20 AM,583.4,100,58340.0,392137067.25
2025-08-01 10:14:24 AM,583.45,0,0.0,392137067.25
2025-08-01 10:14:26 AM,583.4,43,25086.2,392162153.45
2025-08-01 10:14:31 AM,583.15,30,17494.5,392179647.95
2025-08-01 10:15:04 AM,583.55,0,0.0,392179647.95
2025-08-01 10:15:06 AM,583.55,186,108540.29999999999,392288188.25
2025-08-01 10:15:07 AM,583.55,230,134216.5,392422404.75
2025-08-01 10:15:14 AM,583.4,0,0.0,392422404.75
2025-08-01 10:15:18 AM,583.4,1,583.4,392422988.15
2025-08-01 10:15:24 AM,583.4,10,5834.0,392428822.15
2025-08-01 10:15:25 AM,583.45,34,19837.300000000003,392448659.45
2025-08-01 10:15:30 AM,583.4,0,0.0,392448659.45
2025-08-01 10:15:30 AM,583.4,16,9334.4,392457993.84999996
2025-08-01 10:15:37 AM,583.35,217,126586.95000000001,392584580.79999995
2025-08-01 10:15:47 AM,582.8,0,0.0,392584580.79999995
2025-08-01 10:15:48 AM,583.45,0,0.0,392584580.79999995
2025-08-01 10:15:48 AM,583.45,2750,1604487.5000000002,394189068.29999995
2025-08-01 10:15:49 AM,583.6,5,2918.0,394191986.29999995
2025-08-01 10:15:53 AM,583.35,0,0.0,394191986.29999995
2025-08-01 10:15:54 AM,583.35,4,2333.4,394194319.6999999
2025-08-01 10:15:57 AM,583.75,0,0.0,394194319.6999999
2025-08-01 10:15:59 AM,583.7,0,0.0,394194319.6999999
2025-08-01 10:16:00 AM,583.7,1331,776904.7000000001,394971224.3999999
2025-08-01 10:16:02 AM,583.25,0,0.0,394971224.3999999
2025-08-01 10:16:06 AM,583.25,162,94486.5,395065710.8999999
2025-08-01 10:16:17 AM,583.35,50,29167.5,395094878.3999999
2025-08-01 10:16:23 AM,583.45,0,0.0,395094878.3999999
2025-08-01 10:16:23 AM,583.45,4,2333.8,395097212.1999999
2025-08-01 10:16:32 AM,583.75,0,0.0,395097212.1999999
2025-08-01 10:16:33 AM,584.1,0,0.0,395097212.1999999
2025-08-01 10:16:35 AM,584.1,5368,3135448.8000000003,398232660.99999994
2025-08-01 10:16:38 AM,584.3,0,0.0,398232660.99999994
2025-08-01 10:16:39 AM,584.5,0,0.0,398232660.99999994
2025-08-01 10:16:41 AM,584.8,0,0.0,398232660.99999994
2025-08-01 10:16:41 AM,584.8,1203,703514.3999999999,398936175.3999999
2025-08-01 10:16:45 AM,584.75,0,0.0,398936175.3999999
2025-08-01 10:16:46 AM,584.8,696,407020.8,399343196.1999999
2025-08-01 10:16:52 AM,584.65,72,42094.799999999996,399385290.99999994
2025-08-01 10:16:53 AM,584.7,0,0.0,399385290.99999994
2025-08-01 10:16:54 AM,584.65,0,0.0,399385290.99999994
2025-08-01 10:16:56 AM,584.45,0,0.0,399385290.99999994
2025-08-01 10:16:57 AM,584.45,1214,709522.3,400094813.29999995
2025-08-01 10:16:59 AM,584.0,0,0.0,400094813.29999995
2025-08-01 10:17:00 AM,584.0,3,1752.0,400096565.29999995
2025-08-01 10:17:03 AM,584.15,0,0.0,400096565.29999995
2025-08-01 10:17:03 AM,584.15,50,29207.5,400125772.79999995
2025-08-01 10:17:04 AM,583.8,2,1167.6,400126940.4
2025-08-01 10:17:06 AM,583.45,11,6417.950000000001,400133358.34999996
2025-08-01 10:17:08 AM,583.55,0,0.0,400133358.34999996
2025-08-01 10:17:08 AM,583.55,2,1167.1,400134525.45
2025-08-01 10:17:17 AM,583.4,0,0.0,400134525.45
2025-08-01 10:17:17 AM,583.4,50,29170.0,400163695.45
2025-08-01 10:17:19 AM,583.1,43,25073.3,400188768.75
2025-08-01 10:17:33 AM,583.4,10,5834.0,400194602.75
2025-08-01 10:17:36 AM,583.0,381,222123.0,400416725.75
2025-08-01 10:17:37 AM,583.1,0,0.0,400416725.75
2025-08-01 10:17:37 AM,583.1,50,29155.0,400445880.75
2025-08-01 10:17:43 AM,583.1,25,14577.5,400460458.25
2025-08-01 10:17:45 AM,583.1,10,5831.0,400466289.25
2025-08-01 10:17:52 AM,582.75,0,0.0,400466289.25
2025-08-01 10:17:52 AM,582.75,199,115967.25,400582256.5
2025-08-01 10:17:57 AM,582.4,16,9318.4,400591574.9
2025-08-01 10:18:07 AM,582.4,60,34944.0,400626518.9
2025-08-01 10:18:17 AM,581.85,0,0.0,400626518.9
2025-08-01 10:18:18 AM,581.85,2985,1736822.25,402363341.15
2025-08-01 10:18:21 AM,581.95,0,0.0,402363341.15
2025-08-01 10:18:23 AM,582.0,0,0.0,402363341.15
2025-08-01 10:18:24 AM,582.0,51,29682.0,402393023.15
2025-08-01 10:18:29 AM,582.2,0,0.0,402393023.15
2025-08-01 10:18:30 AM,582.2,2,1164.4,402394187.54999995
2025-08-01 10:18:32 AM,582.1,0,0.0,402394187.54999995
2025-08-01 10:18:35 AM,582.4,0,0.0,402394187.54999995
2025-08-01 10:18:36 AM,582.4,53,30867.199999999997,402425054.74999994
2025-08-01 10:18:38 AM,582.75,0,0.0,402425054.74999994
2025-08-01 10:18:41 AM,582.9,0,0.0,402425054.74999994
2025-08-01 10:18:42 AM,582.9,1063,619622.7,403044677.4499999
2025-08-01 10:18:42 AM,582.5,0,0.0,403044677.4499999
2025-08-01 10:18:42 AM,582.5,71,41357.5,403086034.9499999
2025-08-01 10:18:47 AM,582.75,0,0.0,403086034.9499999
2025-08-01 10:18:47 AM,582.75,61,35547.75,403121582.6999999
2025-08-01 10:18:53 AM,582.9,121,70530.9,403192113.5999999
2025-08-01 10:19:00 AM,583.1,156,90963.6,403283077.1999999
2025-08-01 10:19:08 AM,583.55,5,2917.75,403285994.9499999
2025-08-01 10:19:14 AM,583.55,182,106206.09999999999,403392201.04999995
2025-08-01 10:19:15 AM,583.55,1,583.55,403392784.59999996
2025-08-01 10:19:16 AM,583.2,154,89812.8,403482597.4
2025-08-01 10:19:22 AM,583.4,0,0.0,403482597.4
2025-08-01 10:19:22 AM,583.4,25,14585.0,403497182.4
2025-08-01 10:19:31 AM,582.8,781,455166.8,403952349.2
2025-08-01 10:19:33 AM,582.6,300,174780.0,404127129.2
2025-08-01 10:19:35 AM,582.6,1,582.6,404127711.8
2025-08-01 10:19:36 AM,582.65,971,565753.15,404693464.95
2025-08-01 10:19:37 AM,582.8,5,2914.0,404696378.95
2025-08-01 10:19:40 AM,582.2,233,135652.6,404832031.55
2025-08-01 10:19:41 AM,582.25,0,0.0,404832031.55
2025-08-01 10:19:41 AM,582.25,1,582.25,404832613.8
2025-08-01 10:19:46 AM,582.45,492,286565.4,405119179.2
2025-08-01 10:19:58 AM,582.8,35,20398.0,405139577.2
2025-08-01 10:19:59 AM,582.8,253,147448.4,405287025.59999996
2025-08-01 10:20:02 AM,582.9,87,50712.299999999996,405337737.9
2025-08-01 10:20:07 AM,582.95,0,0.0,405337737.9
2025-08-01 10:20:07 AM,582.95,26,15156.7,405352894.59999996
2025-08-01 10:20:10 AM,582.9,0,0.0,405352894.59999996
2025-08-01 10:20:10 AM,582.9,9,5246.099999999999,405358140.7
2025-08-01 10:20:13 AM,582.9,5,2914.5,405361055.2
2025-08-01 10:20:16 AM,582.75,227,132284.25,405493339.45
2025-08-01 10:20:22 AM,582.75,217,126456.75,405619796.2
2025-08-01 10:20:28 AM,581.9,3465,2016283.5,407636079.7
2025-08-01 10:20:32 AM,582.25,0,0.0,407636079.7
2025-08-01 10:20:32 AM,582.25,130,75692.5,407711772.2
2025-08-01 10:20:33 AM,582.25,1,582.25,407712354.45
2025-08-01 10:20:34 AM,582.45,0,0.0,407712354.45
2025-08-01 10:20:34 AM,582.45,10,5824.5,407718178.95
2025-08-01 10:20:47 AM,581.8,0,0.0,407718178.95
2025-08-01 10:20:47 AM,581.8,2765,1608676.9999999998,409326855.95
2025-08-01 10:20:48 AM,582.45,51,29704.95,409356560.9
2025-08-01 10:21:01 AM,582.45,1,582.45,409357143.34999996
2025-08-01 10:21:04 AM,582.45,249,145030.05000000002,409502173.4
2025-08-01 10:21:25 AM,582.85,75,43713.75,409545887.15
2025-08-01 10:21:30 AM,582.85,2,1165.7,409547052.84999996
2025-08-01 10:21:31 AM,582.85,10,5828.5,409552881.34999996
2025-08-01 10:21:39 AM,582.85,336,195837.6,409748718.95
2025-08-01 10:21:44 AM,582.6,0,0.0,409748718.95
2025-08-01 10:21:44 AM,582.6,203,118267.8,409866986.75
2025-08-01 10:21:45 AM,582.6,100,58260.0,409925246.75
2025-08-01 10:21:54 AM,582.65,5,2913.25,409928160.0
2025-08-01 10:21:54 AM,582.6,40,23304.0,409951464.0
2025-08-01 10:22:08 AM,583.0,400,233200.0,410184664.0
2025-08-01 10:22:20 AM,583.0,708,412764.0,410597428.0
2025-08-01 10:22:24 AM,583.0,304,177232.0,410774660.0
2025-08-01 10:22:26 AM,583.1,485,282803.5,411057463.5
2025-08-01 10:22:30 AM,583.25,0,0.0,411057463.5
2025-08-01 10:22:30 AM,583.25,1,583.25,411058046.75
2025-08-01 10:22:35 AM,583.25,336,195972.0,411254018.75
2025-08-01 10:22:48 AM,583.25,15,8748.75,411262767.5
2025-08-01 10:23:03 AM,583.3,7,4083.0999999999995,411266850.6
2025-08-01 10:23:13 AM,583.25,0,0.0,411266850.6
2025-08-01 10:23:13 AM,583.25,2,1166.5,411268017.1
2025-08-01 10:23:14 AM,583.25,46,26829.5,411294846.6
2025-08-01 10:23:17 AM,582.65,0,0.0,411294846.6
2025-08-01 10:23:17 AM,582.65,2757,1606366.05,412901212.65000004
2025-08-01 10:23:21 AM,583.15,0,0.0,412901212.65000004
2025-08-01 10:23:21 AM,583.15,100,58315.0,412959527.65000004
2025-08-01 10:23:21 AM,583.25,10,5832.5,412965360.15000004
2025-08-01 10:23:25 AM,583.0,0,0.0,412965360.15000004
2025-08-01 10:23:25 AM,583.0,478,278674.0,413244034.15000004
2025-08-01 10:23:31 AM,582.9,50,29145.0,413273179.15000004
2025-08-01 10:23:33 AM,582.9,38,22150.2,413295329.35
2025-08-01 10:23:35 AM,582.95,0,0.0,413295329.35
2025-08-01 10:23:36 AM,582.95,40,23318.0,413318647.35
2025-08-01 10:23:40 AM,583.0,0,0.0,413318647.35
2025-08-01 10:23:40 AM,583.0,100,58300.0,413376947.35
2025-08-01 10:23:47 AM,582.95,56,32645.200000000004,413409592.55
2025-08-01 10:24:10 AM,583.0,80,46640.0,413456232.55
2025-08-01 10:24:19 AM,583.0,5,2915.0,413459147.55
2025-08-01 10:24:20 AM,583.1,0,0.0,413459147.55
2025-08-01 10:24:21 AM,583.1,336,195921.6,413655069.15000004
2025-08-01 10:24:24 AM,583.1,2,1166.2,413656235.35
2025-08-01 10:24:29 AM,583.0,0,0.0,413656235.35
2025-08-01 10:24:30 AM,583.0,11,6413.0,413662648.35
2025-08-01 10:24:35 AM,583.1,0,0.0,413662648.35
2025-08-01 10:24:35 AM,583.1,147,85715.7,413748364.05
2025-08-01 10:24:39 AM,583.2,0,0.0,413748364.05
2025-08-01 10:24:41 AM,583.2,120,69984.0,413818348.05
2025-08-01 10:24:45 AM,583.25,0,0.0,413818348.05
2025-08-01 10:24:46 AM,583.25,1000,583250.0,414401598.05
2025-08-01 10:24:47 AM,583.3,0,0.0,414401598.05
2025-08-01 10:24:48 AM,583.3,2,1166.6,414402764.65000004
2025-08-01 10:24:54 AM,583.3,65,37914.5,414440679.15000004
2025-08-01 10:25:10 AM,583.35,0,0.0,414440679.15000004
2025-08-01 10:25:11 AM,583.35,104,60668.4,414501347.55
2025-08-01 10:25:21 AM,583.4,332,193688.8,414695036.35
2025-08-01 10:25:23 AM,583.35,100,58335.0,414753371.35
2025-08-01 10:25:28 AM,583.3,0,0.0,414753371.35
2025-08-01 10:25:28 AM,583.3,28,16332.399999999998,414769703.75
2025-08-01 10:25:31 AM,583.35,0,0.0,414769703.75
2025-08-01 10:25:32 AM,583.35,10,5833.5,414775537.25
2025-08-01 10:25:36 AM,583.3,0,0.0,414775537.25
2025-08-01 10:25:37 AM,583.3,107,62413.1,414837950.35
2025-08-01 10:25:40 AM,583.35,2,1166.7,414839117.05
2025-08-01 10:25:42 AM,583.3,0,0.0,414839117.05
2025-08-01 10:25:43 AM,583.3,1,583.3,414839700.35
2025-08-01 10:25:48 AM,582.85,0,0.0,414839700.35
2025-08-01 10:25:48 AM,582.85,2632,1534061.2,416373761.55
2025-08-01 10:25:59 AM,583.35,49,28584.15,416402345.7
2025-08-01 10:26:03 AM,582.95,0,0.0,416402345.7
2025-08-01 10:26:04 AM,582.95,632,368424.4,416770770.09999996
2025-08-01 10:26:10 AM,582.9,150,87435.0,416858205.09999996
2025-08-01 10:26:12 AM,583.25,0,0.0,416858205.09999996
2025-08-01 10:26:12 AM,583.25,19,11081.75,416869286.84999996
2025-08-01 10:26:21 AM,583.35,0,0.0,416869286.84999996
2025-08-01 10:26:21 AM,583.35,387,225756.45,417095043.29999995
2025-08-01 10:26:27 AM,583.35,1,583.35,417095626.65
2025-08-01 10:26:30 AM,583.35,2044,1192367.4000000001,418287994.04999995
2025-08-01 10:26:35 AM,583.35,5,2916.75,418290910.79999995
2025-08-01 10:26:39 AM,583.35,100,58335.0,418349245.79999995
2025-08-01 10:26:41 AM,583.35,25,14583.75,418363829.54999995
2025-08-01 10:26:52 AM,583.15,0,0.0,418363829.54999995
2025-08-01 10:26:53 AM,583.15,336,195938.4,418559767.9499999
2025-08-01 10:26:58 AM,583.25,0,0.0,418559767.9499999
2025-08-01 10:26:59 AM,583.25,1,583.25,418560351.1999999
2025-08-01 10:27:00 AM,583.3,0,0.0,418560351.1999999
2025-08-01 10:27:02 AM,583.3,5,2916.5,418563267.6999999
2025-08-01 10:27:10 AM,583.25,0,0.0,418563267.6999999
2025-08-01 10:27:10 AM,583.25,1,583.25,418563850.9499999
2025-08-01 10:27:16 AM,583.25,10,5832.5,418569683.4499999
2025-08-01 10:27:19 AM,583.1,0,0.0,418569683.4499999
2025-08-01 10:27:22 AM,583.1,24,13994.400000000001,418583677.8499999
2025-08-01 10:27:24 AM,583.25,1000,583250.0,419166927.8499999
2025-08-01 10:27:27 AM,583.25,100,58325.0,419225252.8499999
2025-08-01 10:27:28 AM,583.1,0,0.0,419225252.8499999
2025-08-01 10:27:29 AM,583.1,6,3498.6000000000004,419228751.4499999
2025-08-01 10:27:40 AM,583.1,347,202335.7,419431087.1499999
2025-08-01 10:27:54 AM,583.15,25,14578.75,419445665.8999999
2025-08-01 10:28:05 AM,583.15,25,14578.75,419460244.6499999
2025-08-01 10:28:10 AM,583.15,1,583.15,419460827.7999999
2025-08-01 10:28:17 AM,582.55,0,0.0,419460827.7999999
2025-08-01 10:28:18 AM,582.55,2713,1580458.15,421041285.94999987
2025-08-01 10:28:20 AM,583.0,0,0.0,421041285.94999987
2025-08-01 10:28:21 AM,583.05,119,69382.95,421110668.89999986
2025-08-01 10:28:25 AM,583.0,0,0.0,421110668.89999986
2025-08-01 10:28:27 AM,583.0,10,5830.0,421116498.89999986
2025-08-01 10:28:38 AM,583.0,200,116600.0,421233098.89999986
2025-08-01 10:28:40 AM,583.0,336,195888.0,421428986.89999986
2025-08-01 10:28:49 AM,583.0,5,2915.0,421431901.89999986
2025-08-01 10:28:55 AM,582.75,0,0.0,421431901.89999986
2025-08-01 10:28:55 AM,582.75,79,46037.25,421477939.14999986
2025-08-01 10:29:00 AM,582.85,100,58285.0,421536224.14999986
2025-08-01 10:29:15 AM,582.8,1,582.8,421536806.94999987
2025-08-01 10:29:26 AM,582.85,0,0.0,421536806.94999987
2025-08-01 10:29:26 AM,582.85,50,29142.5,421565949.44999987
2025-08-01 10:29:33 AM,582.75,0,0.0,421565949.44999987
2025-08-01 10:29:33 AM,582.75,463,269813.25,421835762.69999987
2025-08-01 10:29:35 AM,582.85,0,0.0,421835762.69999987
2025-08-01 10:29:35 AM,582.85,10,5828.5,421841591.19999987
2025-08-01 10:29:36 AM,582.85,336,195837.6,422037428.7999999
2025-08-01 10:29:40 AM,582.9,0,0.0,422037428.7999999
2025-08-01 10:29:40 AM,582.9,70,40803.0,422078231.7999999
2025-08-01 10:29:47 AM,582.9,5,2914.5,422081146.2999999
2025-08-01 10:29:55 AM,582.9,100,58290.0,422139436.2999999
2025-08-01 10:30:00 AM,583.0,300,174900.0,422314336.2999999
2025-08-01 10:30:02 AM,582.75,18,10489.5,422324825.7999999
2025-08-01 10:30:20 AM,583.0,2,1166.0,422325991.7999999
2025-08-01 10:30:23 AM,582.75,0,0.0,422325991.7999999
2025-08-01 10:30:23 AM,582.75,2,1165.5,422327157.2999999
2025-08-01 10:30:26 AM,582.9,334,194688.6,422521845.8999999
2025-08-01 10:30:32 AM,582.9,1,582.9,422522428.7999999
2025-08-01 10:30:47 AM,582.45,0,0.0,422522428.7999999
2025-08-01 10:30:47 AM,582.45,2430,1415353.5,423937782.2999999
2025-08-01 10:31:06 AM,583.0,0,0.0,423937782.2999999
2025-08-01 10:31:06 AM,583.0,100,58300.0,423996082.2999999
2025-08-01 10:31:11 AM,582.7,23,13402.1,424009484.3999999
2025-08-01 10:31:16 AM,583.0,0,0.0,424009484.3999999
2025-08-01 10:31:16 AM,583.0,336,195888.0,424205372.3999999
2025-08-01 10:31:20 AM,583.4,0,0.0,424205372.3999999
2025-08-01 10:31:20 AM,583.4,3782,2206418.8,426411791.1999999
2025-08-01 10:31:36 AM,583.4,140,81676.0,426493467.1999999
2025-08-01 10:31:40 AM,583.75,0,0.0,426493467.1999999
2025-08-01 10:31:40 AM,583.75,300,175125.0,426668592.1999999
2025-08-01 10:31:43 AM,583.8,0,0.0,426668592.1999999
2025-08-01 10:31:43 AM,583.8,50,29189.999999999996,426697782.1999999
2025-08-01 10:31:47 AM,583.8,350,204329.99999999997,426902112.1999999
2025-08-01 10:31:48 AM,583.8,50,29189.999999999996,426931302.1999999
2025-08-01 10:31:50 AM,583.9,0,0.0,426931302.1999999
2025-08-01 10:31:50 AM,583.9,36,21020.399999999998,426952322.5999999
2025-08-01 10:31:51 AM,583.95,38,22190.100000000002,426974512.6999999
2025-08-01 10:31:52 AM,584.0,2,1168.0,426975680.6999999
2025-08-01 10:31:54 AM,584.0,588,343392.0,427319072.6999999
2025-08-01 10:31:56 AM,584.0,196,114464.0,427433536.6999999
2025-08-01 10:31:59 AM,584.0,11,6424.0,427439960.6999999
2025-08-01 10:32:02 AM,584.15,1,584.15,427440544.8499999
2025-08-01 10:32:11 AM,584.2,89,51993.8,427492538.6499999
2025-08-01 10:32:16 AM,584.35,521,304446.35000000003,427796984.99999994
2025-08-01 10:32:18 AM,584.65,40,23386.0,427820370.99999994
2025-08-01 10:32:25 AM,584.5,200,116900.0,427937270.99999994
2025-08-01 10:32:27 AM,584.5,300,175350.0,428112620.99999994
2025-08-01 10:32:27 AM,584.55,90,52609.49999999999,428165230.49999994
2025-08-01 10:32:29 AM,584.5,500,292250.0,428457480.49999994
2025-08-01 10:32:34 AM,584.6,100,58460.0,428515940.49999994
2025-08-01 10:32:40 AM,584.6,50,29230.0,428545170.49999994
2025-08-01 10:32:43 AM,584.6,100,58460.0,428603630.49999994
2025-08-01 10:32:50 AM,584.6,50,29230.0,428632860.49999994
2025-08-01 10:32:52 AM,584.5,0,0.0,428632860.49999994
2025-08-01 10:32:52 AM,584.5,552,322644.0,428955504.49999994
2025-08-01 10:32:57 AM,584.55,1,584.55,428956089.04999995
2025-08-01 10:33:09 AM,584.45,0,0.0,428956089.04999995
2025-08-01 10:33:09 AM,584.45,156,91174.20000000001,429047263.24999994
2025-08-01 10:33:12 AM,584.35,500,292175.0,429339438.24999994
2025-08-01 10:33:18 AM,583.85,0,0.0,429339438.24999994
2025-08-01 10:33:18 AM,583.85,2377,1387811.45,430727249.6999999
2025-08-01 10:33:20 AM,584.35,100,58435.0,430785684.6999999
2025-08-01 10:33:29 AM,584.5,3,1753.5,430787438.1999999
2025-08-01 10:33:42 AM,584.35,1,584.35,430788022.54999995
2025-08-01 10:33:45 AM,584.5,0,0.0,430788022.54999995
2025-08-01 10:33:45 AM,584.5,5,2922.5,430790945.04999995
2025-08-01 10:33:53 AM,584.5,18,10521.0,430801466.04999995
2025-08-01 10:33:59 AM,584.5,3716,2172002.0,432973468.04999995
2025-08-01 10:34:09 AM,584.5,336,196392.0,433169860.04999995
2025-08-01 10:34:13 AM,584.4,0,0.0,433169860.04999995
2025-08-01 10:34:14 AM,584.4,1,584.4,433170444.4499999
2025-08-01 10:34:22 AM,584.4,4,2337.6,433172782.04999995
2025-08-01 10:34:32 AM,584.4,50,29220.0,433202002.04999995
2025-08-01 10:34:34 AM,584.5,0,0.0,433202002.04999995
2025-08-01 10:34:36 AM,584.55,2093,1223463.15,434425465.1999999
2025-08-01 10:34:44 AM,584.9,327,191262.3,434616727.49999994
2025-08-01 10:34:48 AM,584.95,100,58495.00000000001,434675222.49999994
2025-08-01 10:34:50 AM,584.95,236,138048.2,434813270.6999999
2025-08-01 10:34:55 AM,585.0,0,0.0,434813270.6999999
2025-08-01 10:34:56 AM,585.0,387,226395.0,435039665.6999999
2025-08-01 10:34:59 AM,585.0,2,1170.0,435040835.6999999
2025-08-01 10:35:02 AM,585.0,611,357435.0,435398270.6999999
2025-08-01 10:35:05 AM,585.0,2,1170.0,435399440.6999999
2025-08-01 10:35:17 AM,585.0,501,293085.0,435692525.6999999
2025-08-01 10:35:22 AM,585.0,500,292500.0,435985025.6999999
2025-08-01 10:35:24 AM,584.95,50,29247.500000000004,436014273.1999999
2025-08-01 10:35:27 AM,584.9,5,2924.5,436017197.6999999
2025-08-01 10:35:33 AM,585.0,0,0.0,436017197.6999999
2025-08-01 10:35:33 AM,585.0,50,29250.0,436046447.6999999
2025-08-01 10:35:37 AM,584.75,0,0.0,436046447.6999999
2025-08-01 10:35:39 AM,584.8,0,0.0,436046447.6999999
2025-08-01 10:35:39 AM,584.8,612,357897.6,436404345.29999995
2025-08-01 10:35:47 AM,584.2,2214,1293418.8,437697764.09999996
2025-08-01 10:35:50 AM,584.2,100,58420.00000000001,437756184.09999996
2025-08-01 10:36:11 AM,584.25,0,0.0,437756184.09999996
2025-08-01 10:36:12 AM,584.25,50,29212.5,437785396.59999996
2025-08-01 10:36:17 AM,584.35,0,0.0,437785396.59999996
2025-08-01 10:36:18 AM,584.35,25,14608.75,437800005.34999996
2025-08-01 10:36:20 AM,584.4,0,0.0,437800005.34999996
2025-08-01 10:36:21 AM,584.4,40,23376.0,437823381.34999996
2025-08-01 10:36:35 AM,584.4,351,205124.4,438028505.74999994
2025-08-01 10:36:44 AM,584.0,0,0.0,438028505.74999994
2025-08-01 10:36:46 AM,584.4,23,13441.199999999999,438041946.9499999
2025-08-01 10:36:47 AM,584.35,0,0.0,438041946.9499999
2025-08-01 10:36:48 AM,584.35,50,29217.5,438071164.4499999
2025-08-01 10:36:56 AM,584.4,0,0.0,438071164.4499999
2025-08-01 10:36:57 AM,584.4,2,1168.8,438072333.24999994
2025-08-01 10:37:02 AM,584.35,0,0.0,438072333.24999994
2025-08-01 10:37:02 AM,584.35,5,2921.75,438075254.99999994
2025-08-01 10:37:03 AM,584.1,0,0.0,438075254.99999994
2025-08-01 10:37:03 AM,584.1,32,18691.2,438093946.1999999
2025-08-01 10:37:07 AM,584.3,50,29214.999999999996,438123161.1999999
2025-08-01 10:37:11 AM,584.4,0,0.0,438123161.1999999
2025-08-01 10:37:11 AM,584.4,80,46752.0,438169913.1999999
2025-08-01 10:37:28 AM,584.4,94,54933.6,438224846.79999995
2025-08-01 10:37:30 AM,584.55,209,122170.95,438347017.74999994
2025-08-01 10:37:31 AM,584.55,33,19290.149999999998,438366307.8999999
2025-08-01 10:38:01 AM,584.3,0,0.0,438366307.8999999
2025-08-01 10:38:01 AM,584.3,1,584.3,438366892.1999999
2025-08-01 10:38:15 AM,584.4,10,5844.0,438372736.1999999
2025-08-01 10:38:17 AM,583.85,0,0.0,438372736.1999999
2025-08-01 10:38:17 AM,583.85,2764,1613761.4000000001,439986497.5999999
2025-08-01 10:38:18 AM,584.25,1,584.25,439987081.8499999
2025-08-01 10:38:19 AM,584.5,0,0.0,439987081.8499999
2025-08-01 10:38:19 AM,584.5,375,219187.5,440206269.3499999
2025-08-01 10:38:24 AM,584.3,0,0.0,440206269.3499999
2025-08-01 10:38:24 AM,584.3,40,23372.0,440229641.3499999
2025-08-01 10:38:26 AM,584.3,3,1752.8999999999999,440231394.2499999
2025-08-01 10:38:28 AM,584.5,0,0.0,440231394.2499999
2025-08-01 10:38:28 AM,584.5,335,195807.5,440427201.7499999
2025-08-01 10:38:31 AM,584.55,1,584.55,440427786.2999999
2025-08-01 10:38:34 AM,584.3,0,0.0,440427786.2999999
2025-08-01 10:38:34 AM,584.3,2,1168.6,440428954.8999999
2025-08-01 10:38:35 AM,584.3,5,2921.5,440431876.3999999
2025-08-01 10:38:36 AM,584.35,1,584.35,440432460.74999994
2025-08-01 10:38:39 AM,584.35,75,43826.25,440476286.99999994
2025-08-01 10:38:42 AM,583.65,146,85212.9,440561499.8999999
2025-08-01 10:38:56 AM,584.05,4,2336.2,440563836.0999999
2025-08-01 10:39:07 AM,584.15,0,0.0,440563836.0999999
2025-08-01 10:39:08 AM,584.15,15,8762.25,440572598.3499999
2025-08-01 10:39:10 AM,584.15,336,196274.4,440768872.7499999
2025-08-01 10:39:13 AM,584.05,0,0.0,440768872.7499999
2025-08-01 10:39:13 AM,584.05,7,4088.3499999999995,440772961.0999999
2025-08-01 10:39:33 AM,583.85,0,0.0,440772961.0999999
2025-08-01 10:39:33 AM,583.85,72,42037.200000000004,440814998.2999999
2025-08-01 10:39:36 AM,583.65,0,0.0,440814998.2999999
2025-08-01 10:39:36 AM,583.65,696,406220.39999999997,441221218.69999987
2025-08-01 10:39:45 AM,583.9,0,0.0,441221218.69999987
2025-08-01 10:39:47 AM,583.0,1467,855261.0,442076479.69999987
2025-08-01 10:39:54 AM,583.45,0,0.0,442076479.69999987
2025-08-01 10:39:55 AM,583.45,84,49009.8,442125489.4999999
2025-08-01 10:40:03 AM,583.65,336,196106.4,442321595.89999986
2025-08-01 10:40:15 AM,583.25,400,233300.0,442554895.89999986
2025-08-01 10:40:20 AM,583.7,0,0.0,442554895.89999986
2025-08-01 10:40:20 AM,583.7,25,14592.500000000002,442569488.39999986
2025-08-01 10:40:24 AM,583.65,1,583.65,442570072.04999983
2025-08-01 10:40:28 AM,583.6,0,0.0,442570072.04999983
2025-08-01 10:40:28 AM,583.6,100,58360.0,442628432.04999983
2025-08-01 10:40:34 AM,583.6,11,6419.6,442634851.64999986
2025-08-01 10:40:47 AM,583.0,0,0.0,442634851.64999986
2025-08-01 10:40:47 AM,583.0,2764,1611412.0,444246263.64999986
2025-08-01 10:41:00 AM,583.65,26,15174.9,444261438.54999983
2025-08-01 10:41:01 AM,583.45,0,0.0,444261438.54999983
2025-08-01 10:41:01 AM,583.45,10,5834.5,444267273.04999983
2025-08-01 10:41:17 AM,583.5,0,0.0,444267273.04999983
2025-08-01 10:41:17 AM,583.5,1,583.5,444267856.54999983
2025-08-01 10:41:36 AM,583.55,0,0.0,444267856.54999983
2025-08-01 10:41:36 AM,583.55,5,2917.75,444270774.29999983
2025-08-01 10:41:44 AM,583.3,7,4083.0999999999995,444274857.39999986
2025-08-01 10:41:45 AM,583.0,620,361460.0,444636317.39999986
2025-08-01 10:41:46 AM,582.9,0,0.0,444636317.39999986
2025-08-01 10:41:46 AM,582.9,35,20401.5,444656718.89999986
2025-08-01 10:41:48 AM,582.85,0,0.0,444656718.89999986
2025-08-01 10:41:48 AM,582.85,5,2914.25,444659633.14999986
2025-08-01 10:41:49 AM,582.6,1343,782431.8,445442064.94999987
2025-08-01 10:41:54 AM,582.45,1,582.45,445442647.39999986
2025-08-01 10:41:57 AM,582.75,22,12820.5,445455467.89999986
2025-08-01 10:42:07 AM,582.75,2,1165.5,445456633.39999986
2025-08-01 10:42:08 AM,582.8,0,0.0,445456633.39999986
2025-08-01 10:42:08 AM,582.8,10,5828.0,445462461.39999986
2025-08-01 10:42:28 AM,582.45,0,0.0,445462461.39999986
2025-08-01 10:42:28 AM,582.45,40,23298.0,445485759.39999986
2025-08-01 10:42:40 AM,582.7,336,195787.2,445681546.59999985
2025-08-01 10:42:48 AM,582.65,0,0.0,445681546.59999985
2025-08-01 10:42:48 AM,582.65,1,582.65,445682129.2499998
2025-08-01 10:42:52 AM,582.65,25,14566.25,445696695.4999998
2025-08-01 10:42:59 AM,582.65,30,17479.5,445714174.9999998
2025-08-01 10:43:00 AM,582.65,1,582.65,445714757.6499998
2025-08-01 10:43:01 AM,582.65,50,29132.5,445743890.1499998
2025-08-01 10:43:05 AM,582.55,150,87382.5,445831272.6499998
2025-08-01 10:43:14 AM,582.65,0,0.0,445831272.6499998
2025-08-01 10:43:14 AM,582.65,5,2913.25,445834185.8999998
2025-08-01 10:43:15 AM,582.55,0,0.0,445834185.8999998
2025-08-01 10:43:15 AM,582.55,25,14563.749999999998,445848749.6499998
2025-08-01 10:43:17 AM,582.2,0,0.0,445848749.6499998
2025-08-01 10:43:17 AM,582.2,2653,1544576.6,447393326.2499998
2025-08-01 10:43:30 AM,582.65,436,254035.4,447647361.6499998
2025-08-01 10:43:38 AM,582.7,17,9905.900000000001,447657267.5499998
2025-08-01 10:43:40 AM,582.65,8,4661.2,447661928.74999976
2025-08-01 10:43:43 AM,582.65,10,5826.5,447667755.24999976
2025-08-01 10:43:51 AM,582.65,15,8739.75,447676494.99999976
2025-08-01 10:44:02 AM,582.8,0,0.0,447676494.99999976
2025-08-01 10:44:02 AM,582.8,2,1165.6,447677660.5999998
2025-08-01 10:44:03 AM,582.9,100,58290.0,447735950.5999998
2025-08-01 10:44:13 AM,582.9,100,58290.0,447794240.5999998
2025-08-01 10:44:14 AM,582.9,336,195854.4,447990094.99999976
2025-08-01 10:44:20 AM,582.9,500,291450.0,448281544.99999976
2025-08-01 10:44:22 AM,582.85,0,0.0,448281544.99999976
2025-08-01 10:44:22 AM,582.85,5,2914.25,448284459.24999976
2025-08-01 10:44:23 AM,582.9,0,0.0,448284459.24999976
2025-08-01 10:44:23 AM,582.9,195,113665.5,448398124.74999976
2025-08-01 10:44:28 AM,582.9,50,29145.0,448427269.74999976
2025-08-01 10:44:36 AM,582.95,271,157979.45,448585249.19999975
2025-08-01 10:44:53 AM,582.7,50,29135.000000000004,448614384.19999975
2025-08-01 10:44:59 AM,582.9,0,0.0,448614384.19999975
2025-08-01 10:44:59 AM,582.9,1,582.9,448614967.0999997
2025-08-01 10:45:15 AM,583.0,0,0.0,448614967.0999997
2025-08-01 10:45:16 AM,583.0,376,219208.0,448834175.0999997
2025-08-01 10:45:21 AM,583.05,0,0.0,448834175.0999997
2025-08-01 10:45:21 AM,583.05,80,46644.0,448880819.0999997
2025-08-01 10:45:32 AM,582.85,0,0.0,448880819.0999997
2025-08-01 10:45:32 AM,582.85,87,50707.950000000004,448931527.0499997
2025-08-01 10:45:41 AM,582.95,0,0.0,448931527.0499997
2025-08-01 10:45:43 AM,582.9,35,20401.5,448951928.5499997
2025-08-01 10:45:47 AM,582.3,0,0.0,448951928.5499997
2025-08-01 10:45:48 AM,582.3,2764,1609477.2,450561405.7499997
2025-08-01 10:45:54 AM,582.85,20,11657.0,450573062.7499997
2025-08-01 10:45:54 AM,582.5,0,0.0,450573062.7499997
2025-08-01 10:45:56 AM,582.5,2,1165.0,450574227.7499997
2025-08-01 10:46:04 AM,582.85,0,0.0,450574227.7499997
2025-08-01 10:46:04 AM,582.85,100,58285.0,450632512.7499997
2025-08-01 10:46:10 AM,582.7,0,0.0,450632512.7499997
2025-08-01 10:46:11 AM,582.7,436,254057.2,450886569.9499997
2025-08-01 10:46:13 AM,582.8,1500,874199.9999999999,451760769.9499997
2025-08-01 10:46:20 AM,582.75,0,0.0,451760769.9499997
2025-08-01 10:46:22 AM,582.75,100,58275.0,451819044.9499997
2025-08-01 10:46:32 AM,582.7,0,0.0,451819044.9499997
2025-08-01 10:46:33 AM,582.7,6,3496.2000000000003,451822541.1499997
2025-08-01 10:46:51 AM,582.5,108,62910.0,451885451.1499997
2025-08-01 10:46:55 AM,582.5,249,145042.5,452030493.6499997
2025-08-01 10:47:06 AM,582.3,0,0.0,452030493.6499997
2025-08-01 10:47:06 AM,582.4,0,0.0,452030493.6499997
2025-08-01 10:47:06 AM,582.4,62,36108.799999999996,452066602.4499997
2025-08-01 10:47:08 AM,582.5,10,5825.0,452072427.4499997
2025-08-01 10:47:22 AM,582.25,0,0.0,452072427.4499997
2025-08-01 10:47:22 AM,582.25,1,582.25,452073009.6999997
2025-08-01 10:47:28 AM,582.6,27,15730.2,452088739.8999997
2025-08-01 10:47:29 AM,582.65,0,0.0,452088739.8999997
2025-08-01 10:47:30 AM,582.65,3,1747.9499999999998,452090487.84999967
2025-08-01 10:47:37 AM,582.45,0,0.0,452090487.84999967
2025-08-01 10:47:38 AM,582.45,16,9319.2,452099807.04999965
2025-08-01 10:47:40 AM,582.4,0,0.0,452099807.04999965
2025-08-01 10:47:41 AM,582.4,400,232960.0,452332767.04999965
2025-08-01 10:47:49 AM,582.75,0,0.0,452332767.04999965
2025-08-01 10:47:49 AM,582.75,96,55944.0,452388711.04999965
2025-08-01 10:47:50 AM,582.9,0,0.0,452388711.04999965
2025-08-01 10:47:52 AM,582.9,10,5829.0,452394540.04999965
2025-08-01 10:47:53 AM,582.85,0,0.0,452394540.04999965
2025-08-01 10:47:54 AM,583.0,3951,2303433.0,454697973.04999965
2025-08-01 10:47:57 AM,583.0,336,195888.0,454893861.04999965
