date,price,qty,trnvr,cum_trnvr
2025-08-01 09:15:08 AM,1234.6,3262,4027265.1999999997,4027265.1999999997
2025-08-01 09:15:10 AM,1234.8,1101,1359514.8,5386780.0
2025-08-01 09:15:15 AM,1236.2,0,0.0,5386780.0
2025-08-01 09:15:19 AM,1236.2,962,1189224.4000000001,6576004.4
2025-08-01 09:15:21 AM,1236.0,769,950484.0,7526488.4
2025-08-01 09:15:24 AM,1237.7,0,0.0,7526488.4
2025-08-01 09:15:26 AM,1239.0,0,0.0,7526488.4
2025-08-01 09:15:28 AM,1239.0,2949,3653811.0,11180299.4
2025-08-01 09:15:30 AM,1239.3,1301,1612329.3,12792628.700000001
2025-08-01 09:15:36 AM,1238.9,0,0.0,12792628.700000001
2025-08-01 09:15:37 AM,1238.9,343,424942.7,13217571.4
2025-08-01 09:15:38 AM,1238.5,837,1036624.5,14254195.9
2025-08-01 09:15:44 AM,1239.2,0,0.0,14254195.9
2025-08-01 09:15:45 AM,1239.2,987,1223090.4000000001,15477286.3
2025-08-01 09:15:47 AM,1238.3,587,726882.1,16204168.4
2025-08-01 09:15:48 AM,1238.7,0,0.0,16204168.4
2025-08-01 09:15:51 AM,1239.7,0,0.0,16204168.4
2025-08-01 09:15:53 AM,1239.7,234,290089.8,16494258.200000001
2025-08-01 09:15:55 AM,1239.9,168,208303.2,16702561.4
2025-08-01 09:15:57 AM,1239.2,0,0.0,16702561.4
2025-08-01 09:15:59 AM,1239.9,0,0.0,16702561.4
2025-08-01 09:16:01 AM,1239.0,313,387807.0,17090368.4
2025-08-01 09:16:03 AM,1239.3,552,684093.6,17774462.0
2025-08-01 09:16:09 AM,1239.0,83,102837.0,17877299.0
2025-08-01 09:16:11 AM,1239.0,153,189567.0,18066866.0
2025-08-01 09:16:17 AM,1239.0,141,174699.0,18241565.0
2025-08-01 09:16:19 AM,1238.5,503,622965.5,18864530.5
2025-08-01 09:16:21 AM,1238.2,0,0.0,18864530.5
2025-08-01 09:16:23 AM,1239.0,0,0.0,18864530.5
2025-08-01 09:16:26 AM,1238.2,310,383842.0,19248372.5
2025-08-01 09:16:27 AM,1238.9,163,201940.7,19450313.2
2025-08-01 09:16:31 AM,1240.0,0,0.0,19450313.2
2025-08-01 09:16:33 AM,1241.6,0,0.0,19450313.2
2025-08-01 09:16:34 AM,1240.4,4465,5538386.0,24988699.2
2025-08-01 09:16:36 AM,1239.2,1401,1736119.2,26724818.4
2025-08-01 09:16:41 AM,1241.2,0,0.0,26724818.4
2025-08-01 09:16:42 AM,1241.2,394,489032.80000000005,27213851.2
2025-08-01 09:16:43 AM,1241.6,0,0.0,27213851.2
2025-08-01 09:16:44 AM,1241.6,1025,1272640.0,28486491.2
2025-08-01 09:16:51 AM,1240.7,347,430522.9,28917014.099999998
2025-08-01 09:16:51 AM,1240.0,0,0.0,28917014.099999998
2025-08-01 09:16:52 AM,1240.0,1137,1409880.0,30326894.099999998
2025-08-01 09:16:53 AM,1241.6,0,0.0,30326894.099999998
2025-08-01 09:16:59 AM,1239.5,806,999037.0,31325931.099999998
2025-08-01 09:17:00 AM,1239.6,189,234284.4,31560215.499999996
2025-08-01 09:17:01 AM,1239.0,0,0.0,31560215.499999996
2025-08-01 09:17:03 AM,1239.5,0,0.0,31560215.499999996
2025-08-01 09:17:07 AM,1238.9,210,260169.00000000003,31820384.499999996
2025-08-01 09:17:08 AM,1239.6,100,123959.99999999999,31944344.499999996
2025-08-01 09:17:09 AM,1239.1,0,0.0,31944344.499999996
2025-08-01 09:17:11 AM,1239.5,0,0.0,31944344.499999996
2025-08-01 09:17:15 AM,1240.0,325,403000.0,32347344.499999996
2025-08-01 09:17:17 AM,1240.2,245,303849.0,32651193.499999996
2025-08-01 09:17:18 AM,1238.1,0,0.0,32651193.499999996
2025-08-01 09:17:20 AM,1237.8,0,0.0,32651193.499999996
2025-08-01 09:17:24 AM,1238.7,2719,3368025.3000000003,36019218.8
2025-08-01 09:17:25 AM,1238.8,202,250237.59999999998,36269456.4
2025-08-01 09:17:27 AM,1237.7,0,0.0,36269456.4
2025-08-01 09:17:32 AM,1237.8,920,1138776.0,37408232.4
2025-08-01 09:17:33 AM,1237.8,31,38371.799999999996,37446604.199999996
2025-08-01 09:17:34 AM,1236.8,0,0.0,37446604.199999996
2025-08-01 09:17:36 AM,1237.5,0,0.0,37446604.199999996
2025-08-01 09:17:40 AM,1237.8,733,907307.4,38353911.599999994
2025-08-01 09:17:41 AM,1238.3,149,184506.69999999998,38538418.3
2025-08-01 09:17:43 AM,1237.4,0,0.0,38538418.3
2025-08-01 09:17:45 AM,1237.3,0,0.0,38538418.3
2025-08-01 09:17:48 AM,1237.3,388,480072.39999999997,39018490.699999996
2025-08-01 09:17:53 AM,1236.3,0,0.0,39018490.699999996
2025-08-01 09:17:57 AM,1237.0,103,127411.0,39145901.699999996
2025-08-01 09:17:58 AM,1237.3,59,73000.7,39218902.4
2025-08-01 09:18:00 AM,1236.6,0,0.0,39218902.4
2025-08-01 09:18:01 AM,1236.6,1,1236.6,39220139.0
2025-08-01 09:18:05 AM,1237.1,0,0.0,39220139.0
2025-08-01 09:18:05 AM,1237.1,305,377315.5,39597454.5
2025-08-01 09:18:05 AM,1237.3,0,0.0,39597454.5
2025-08-01 09:18:06 AM,1237.3,108,133628.4,39731082.9
2025-08-01 09:18:06 AM,1237.1,37,45772.7,39776855.6
2025-08-01 09:18:06 AM,1237.0,0,0.0,39776855.6
2025-08-01 09:18:07 AM,1237.0,50,61850.0,39838705.6
2025-08-01 09:18:07 AM,1237.3,27,33407.1,39872112.7
2025-08-01 09:18:08 AM,1237.3,30,37119.0,39909231.7
2025-08-01 09:18:09 AM,1237.8,0,0.0,39909231.7
2025-08-01 09:18:10 AM,1237.8,15,18567.0,39927798.7
2025-08-01 09:18:13 AM,1237.1,3,3711.2999999999997,39931510.0
2025-08-01 09:18:14 AM,1237.6,0,0.0,39931510.0
2025-08-01 09:18:15 AM,1237.6,7,8663.199999999999,39940173.2
2025-08-01 09:18:15 AM,1237.5,209,258637.5,40198810.7
2025-08-01 09:18:15 AM,1237.8,0,0.0,40198810.7
2025-08-01 09:18:15 AM,1237.8,38,47036.4,40245847.1
2025-08-01 09:18:19 AM,1237.5,300,371250.0,40617097.1
2025-08-01 09:18:19 AM,1237.8,0,0.0,40617097.1
2025-08-01 09:18:19 AM,1237.8,84,103975.2,40721072.300000004
2025-08-01 09:18:20 AM,1238.0,160,198080.0,40919152.300000004
2025-08-01 09:18:21 AM,1238.6,80,99088.0,41018240.300000004
2025-08-01 09:18:21 AM,1238.6,1,1238.6,41019478.900000006
2025-08-01 09:18:22 AM,1238.6,9,11147.4,41030626.300000004
2025-08-01 09:18:22 AM,1238.6,1,1238.6,41031864.900000006
2025-08-01 09:18:23 AM,1238.6,1,1238.6,41033103.50000001
2025-08-01 09:18:23 AM,1238.6,9,11147.4,41044250.900000006
2025-08-01 09:18:25 AM,1238.0,100,123800.0,41168050.900000006
2025-08-01 09:18:25 AM,1238.6,0,0.0,41168050.900000006
2025-08-01 09:18:25 AM,1238.6,19,23533.399999999998,41191584.300000004
2025-08-01 09:18:27 AM,1238.6,50,61929.99999999999,41253514.300000004
2025-08-01 09:18:27 AM,1238.6,8,9908.8,41263423.1
2025-08-01 09:18:30 AM,1238.5,350,433475.0,41696898.1
2025-08-01 09:18:30 AM,1238.0,0,0.0,41696898.1
2025-08-01 09:18:31 AM,1238.3,28,34672.4,41731570.5
2025-08-01 09:18:32 AM,1237.9,261,323091.9,42054662.4
2025-08-01 09:18:32 AM,1237.9,41,50753.9,42105416.3
2025-08-01 09:18:33 AM,1238.2,6,7429.200000000001,42112845.5
2025-08-01 09:18:33 AM,1238.3,0,0.0,42112845.5
2025-08-01 09:18:33 AM,1238.3,30,37149.0,42149994.5
2025-08-01 09:18:34 AM,1238.3,2,2476.6,42152471.1
2025-08-01 09:18:35 AM,1238.3,2,2476.6,42154947.7
2025-08-01 09:18:35 AM,1238.3,1,1238.3,42156186.0
2025-08-01 09:18:36 AM,1238.0,33,40854.0,42197040.0
2025-08-01 09:18:36 AM,1238.3,0,0.0,42197040.0
2025-08-01 09:18:37 AM,1238.3,8,9906.4,42206946.4
2025-08-01 09:18:38 AM,1237.8,0,0.0,42206946.4
2025-08-01 09:18:38 AM,1237.8,29,35896.2,42242842.6
2025-08-01 09:18:39 AM,1237.8,24,29707.199999999997,42272549.800000004
2025-08-01 09:18:40 AM,1237.9,44,54467.600000000006,42327017.400000006
2025-08-01 09:18:41 AM,1238.6,1067,1321586.2,43648603.60000001
2025-08-01 09:18:42 AM,1238.8,6,7432.799999999999,43656036.400000006
2025-08-01 09:18:42 AM,1238.8,1,1238.8,43657275.2
2025-08-01 09:18:43 AM,1238.2,68,84197.6,43741472.800000004
2025-08-01 09:18:46 AM,1238.9,1,1238.9,43742711.7
2025-08-01 09:18:47 AM,1238.8,2,2477.6,43745189.300000004
2025-08-01 09:18:47 AM,1238.8,1,1238.8,43746428.1
2025-08-01 09:18:48 AM,1238.8,2,2477.6,43748905.7
2025-08-01 09:18:49 AM,1238.7,2,2477.4,43751383.1
2025-08-01 09:18:50 AM,1238.8,3,3716.3999999999996,43755099.5
2025-08-01 09:18:50 AM,1238.8,1,1238.8,43756338.3
2025-08-01 09:18:51 AM,1238.8,1,1238.8,43757577.099999994
2025-08-01 09:18:56 AM,1238.1,30,37143.0,43794720.099999994
2025-08-01 09:18:57 AM,1238.4,18,22291.2,43817011.3
2025-08-01 09:18:57 AM,1238.7,101,125108.70000000001,43942120.0
2025-08-01 09:19:00 AM,1238.6,0,0.0,43942120.0
2025-08-01 09:19:02 AM,1238.4,14,17337.600000000002,43959457.6
2025-08-01 09:19:04 AM,1238.4,2,2476.8,43961934.4
2025-08-01 09:19:05 AM,1238.0,0,0.0,43961934.4
2025-08-01 09:19:07 AM,1238.1,0,0.0,43961934.4
2025-08-01 09:19:11 AM,1238.1,144,178286.4,44140220.8
2025-08-01 09:19:12 AM,1237.7,47,58171.9,44198392.699999996
2025-08-01 09:19:14 AM,1237.5,0,0.0,44198392.699999996
2025-08-01 09:19:19 AM,1237.5,957,1184287.5,45382680.199999996
2025-08-01 09:19:22 AM,1237.9,0,0.0,45382680.199999996
2025-08-01 09:19:27 AM,1237.5,193,238837.5,45621517.699999996
2025-08-01 09:19:28 AM,1237.2,483,597567.6,46219085.3
2025-08-01 09:19:29 AM,1237.1,0,0.0,46219085.3
2025-08-01 09:19:34 AM,1236.3,0,0.0,46219085.3
2025-08-01 09:19:35 AM,1236.3,733,906207.9,47125293.199999996
2025-08-01 09:19:42 AM,1235.0,0,0.0,47125293.199999996
2025-08-01 09:19:43 AM,1235.0,256,316160.0,47441453.199999996
2025-08-01 09:19:44 AM,1235.3,43,53117.9,47494571.099999994
2025-08-01 09:19:45 AM,1234.9,0,0.0,47494571.099999994
2025-08-01 09:19:50 AM,1234.5,0,0.0,47494571.099999994
2025-08-01 09:19:51 AM,1234.5,84,103698.0,47598269.099999994
2025-08-01 09:19:58 AM,1235.3,0,0.0,47598269.099999994
2025-08-01 09:19:59 AM,1235.3,454,560826.2,48159095.3
2025-08-01 09:20:06 AM,1235.4,0,0.0,48159095.3
2025-08-01 09:20:07 AM,1235.8,198,244688.4,48403783.699999996
2025-08-01 09:20:08 AM,1235.8,103,127287.4,48531071.099999994
2025-08-01 09:20:13 AM,1236.9,0,0.0,48531071.099999994
2025-08-01 09:20:15 AM,1236.9,5,6184.5,48537255.599999994
2025-08-01 09:20:16 AM,1235.5,176,217448.0,48754703.599999994
2025-08-01 09:20:20 AM,1235.0,0,0.0,48754703.599999994
2025-08-01 09:20:22 AM,1235.1,0,0.0,48754703.599999994
2025-08-01 09:20:23 AM,1235.1,137,169208.69999999998,48923912.3
2025-08-01 09:20:24 AM,1235.1,10,12351.0,48936263.3
2025-08-01 09:20:30 AM,1235.0,0,0.0,48936263.3
2025-08-01 09:20:31 AM,1235.0,400,494000.0,49430263.3
2025-08-01 09:20:32 AM,1235.0,29,35815.0,49466078.3
2025-08-01 09:20:38 AM,1234.6,133,164201.8,49630280.099999994
2025-08-01 09:20:40 AM,1234.6,40,49384.0,49679664.099999994
2025-08-01 09:20:46 AM,1234.6,4,4938.4,49684602.49999999
2025-08-01 09:20:51 AM,1235.3,0,0.0,49684602.49999999
2025-08-01 09:20:54 AM,1234.0,783,966222.0,50650824.49999999
2025-08-01 09:20:55 AM,1233.8,20,24676.0,50675500.49999999
2025-08-01 09:20:55 AM,1232.8,0,0.0,50675500.49999999
2025-08-01 09:20:58 AM,1231.6,0,0.0,50675500.49999999
2025-08-01 09:21:01 AM,1231.8,0,0.0,50675500.49999999
2025-08-01 09:21:02 AM,1231.8,1043,1284767.4,51960267.89999999
2025-08-01 09:21:03 AM,1231.7,1625,2001512.5,53961780.39999999
2025-08-01 09:21:09 AM,1232.2,35,43127.0,54004907.39999999
2025-08-01 09:21:11 AM,1233.0,494,609102.0,54614009.39999999
2025-08-01 09:21:17 AM,1233.0,186,229338.0,54843347.39999999
2025-08-01 09:21:18 AM,1233.5,204,251634.0,55094981.39999999
2025-08-01 09:21:19 AM,1233.2,0,0.0,55094981.39999999
2025-08-01 09:21:25 AM,1234.0,230,283820.0,55378801.39999999
2025-08-01 09:21:26 AM,1234.0,60,74040.0,55452841.39999999
2025-08-01 09:21:33 AM,1234.8,906,1118728.8,56571570.19999999
2025-08-01 09:21:33 AM,1235.5,0,0.0,56571570.19999999
2025-08-01 09:21:34 AM,1235.5,214,264397.0,56835967.19999999
2025-08-01 09:21:35 AM,1236.3,0,0.0,56835967.19999999
2025-08-01 09:21:38 AM,1236.5,0,0.0,56835967.19999999
2025-08-01 09:21:41 AM,1236.6,159,196619.4,57032586.59999999
2025-08-01 09:21:42 AM,1236.5,36,44514.0,57077100.59999999
2025-08-01 09:21:45 AM,1236.8,0,0.0,57077100.59999999
2025-08-01 09:21:48 AM,1235.7,870,1075059.0,58152159.59999999
2025-08-01 09:21:56 AM,1234.0,450,555300.0,58707459.59999999
2025-08-01 09:21:57 AM,1235.8,71,87741.8,58795201.39999998
2025-08-01 09:21:58 AM,1235.4,0,0.0,58795201.39999998
2025-08-01 09:22:00 AM,1235.4,86,106244.40000000001,58901445.79999998
2025-08-01 09:22:01 AM,1236.2,38,46975.6,58948421.39999998
2025-08-01 09:22:01 AM,1235.5,0,0.0,58948421.39999998
2025-08-01 09:22:02 AM,1235.5,10,12355.0,58960776.39999998
2025-08-01 09:22:03 AM,1236.3,15,18544.5,58979320.89999998
2025-08-01 09:22:05 AM,1235.7,81,100091.7,59079412.59999999
2025-08-01 09:22:05 AM,1235.6,1,1235.6,59080648.19999999
2025-08-01 09:22:07 AM,1235.5,96,118608.0,59199256.19999999
2025-08-01 09:22:08 AM,1235.5,65,80307.5,59279563.69999999
2025-08-01 09:22:09 AM,1234.7,0,0.0,59279563.69999999
2025-08-01 09:22:10 AM,1234.7,3,3704.1000000000004,59283267.79999999
2025-08-01 09:22:13 AM,1234.7,7,8642.9,59291910.69999999
2025-08-01 09:22:17 AM,1235.0,100,123500.0,59415410.69999999
2025-08-01 09:22:18 AM,1235.0,32,39520.0,59454930.69999999
2025-08-01 09:22:24 AM,1234.7,2,2469.4,59457400.09999999
2025-08-01 09:22:26 AM,1235.0,50,61750.0,59519150.09999999
2025-08-01 09:22:27 AM,1235.0,23,28405.0,59547555.09999999
2025-08-01 09:22:27 AM,1235.1,25,30877.499999999996,59578432.59999999
2025-08-01 09:22:28 AM,1235.0,0,0.0,59578432.59999999
2025-08-01 09:22:29 AM,1235.0,1,1235.0,59579667.59999999
2025-08-01 09:22:31 AM,1235.0,518,639730.0,60219397.59999999
2025-08-01 09:22:31 AM,1235.0,26,32110.0,60251507.59999999
2025-08-01 09:22:32 AM,1235.0,100,123500.0,60375007.59999999
2025-08-01 09:22:32 AM,1235.2,0,0.0,60375007.59999999
2025-08-01 09:22:33 AM,1234.7,146,180266.2,60555273.79999999
2025-08-01 09:22:35 AM,1234.6,108,133336.8,60688610.59999999
2025-08-01 09:22:35 AM,1234.2,0,0.0,60688610.59999999
2025-08-01 09:22:36 AM,1234.9,203,250684.7,60939295.29999999
2025-08-01 09:22:38 AM,1235.1,2,2470.2,60941765.49999999
2025-08-01 09:22:39 AM,1234.7,51,62969.700000000004,61004735.199999996
2025-08-01 09:22:42 AM,1234.2,36,44431.200000000004,61049166.4
2025-08-01 09:22:45 AM,1234.2,32,39494.4,61088660.8
2025-08-01 09:22:46 AM,1234.2,34,41962.8,61130623.599999994
2025-08-01 09:22:48 AM,1234.7,33,40745.1,61171368.699999996
2025-08-01 09:23:03 AM,1234.2,0,0.0,61171368.699999996
2025-08-01 09:23:04 AM,1234.2,1,1234.2,61172602.9
2025-08-01 09:23:07 AM,1234.5,1,1234.5,61173837.4
2025-08-01 09:23:13 AM,1234.5,11,13579.5,61187416.9
2025-08-01 09:23:14 AM,1234.4,20,24688.0,61212104.9
2025-08-01 09:23:17 AM,1234.4,50,61720.00000000001,61273824.9
2025-08-01 09:23:18 AM,1235.2,0,0.0,61273824.9
2025-08-01 09:23:19 AM,1235.2,761,939987.2000000001,62213812.1
2025-08-01 09:23:21 AM,1235.2,64,79052.8,62292864.9
2025-08-01 09:23:24 AM,1235.0,0,0.0,62292864.9
2025-08-01 09:23:25 AM,1235.0,7719,9532965.0,71825829.9
2025-08-01 09:23:25 AM,1233.9,0,0.0,71825829.9
2025-08-01 09:23:26 AM,1233.9,105,129559.50000000001,71955389.4
2025-08-01 09:23:28 AM,1233.6,352,434227.19999999995,72389616.60000001
2025-08-01 09:23:31 AM,1233.0,1483,1828539.0,74218155.60000001
2025-08-01 09:23:31 AM,1232.8,0,0.0,74218155.60000001
2025-08-01 09:23:31 AM,1232.0,0,0.0,74218155.60000001
2025-08-01 09:23:32 AM,1232.0,335,412720.0,74630875.60000001
2025-08-01 09:23:34 AM,1232.2,423,521220.60000000003,75152096.2
2025-08-01 09:23:34 AM,1232.5,0,0.0,75152096.2
2025-08-01 09:23:35 AM,1232.5,375,462187.5,75614283.7
2025-08-01 09:23:36 AM,1234.0,0,0.0,75614283.7
2025-08-01 09:23:37 AM,1234.0,311,383774.0,75998057.7
2025-08-01 09:23:40 AM,1233.7,0,0.0,75998057.7
2025-08-01 09:23:41 AM,1233.7,20,24674.0,76022731.7
2025-08-01 09:23:45 AM,1232.7,0,0.0,76022731.7
2025-08-01 09:23:45 AM,1232.7,1,1232.7,76023964.4
2025-08-01 09:23:52 AM,1232.4,0,0.0,76023964.4
2025-08-01 09:23:52 AM,1232.4,108,133099.2,76157063.60000001
2025-08-01 09:23:53 AM,1232.5,1,1232.5,76158296.10000001
2025-08-01 09:23:53 AM,1232.3,0,0.0,76158296.10000001
2025-08-01 09:23:53 AM,1232.3,42,51756.6,76210052.7
2025-08-01 09:23:54 AM,1232.9,0,0.0,76210052.7
2025-08-01 09:23:54 AM,1232.9,5,6164.5,76216217.2
2025-08-01 09:23:55 AM,1232.5,0,0.0,76216217.2
2025-08-01 09:23:55 AM,1232.5,15,18487.5,76234704.7
2025-08-01 09:23:56 AM,1232.2,0,0.0,76234704.7
2025-08-01 09:23:56 AM,1232.2,36,44359.200000000004,76279063.9
2025-08-01 09:23:59 AM,1232.5,0,0.0,76279063.9
2025-08-01 09:23:59 AM,1232.5,1,1232.5,76280296.4
2025-08-01 09:24:02 AM,1232.0,0,0.0,76280296.4
2025-08-01 09:24:03 AM,1232.0,42,51744.0,76332040.4
2025-08-01 09:24:03 AM,1232.5,0,0.0,76332040.4
2025-08-01 09:24:04 AM,1232.5,25,30812.5,76362852.9
2025-08-01 09:24:06 AM,1232.5,50,61625.0,76424477.9
2025-08-01 09:24:09 AM,1232.5,149,183642.5,76608120.4
2025-08-01 09:24:10 AM,1234.1,161,198690.09999999998,76806810.5
2025-08-01 09:24:25 AM,1232.9,2,2465.8,76809276.3
2025-08-01 09:24:28 AM,1232.9,6,7397.400000000001,76816673.7
2025-08-01 09:24:34 AM,1232.1,146,179886.59999999998,76996560.3
2025-08-01 09:24:37 AM,1232.7,0,0.0,76996560.3
2025-08-01 09:24:37 AM,1232.7,5,6163.5,77002723.8
2025-08-01 09:24:44 AM,1232.6,3,3697.7999999999997,77006421.6
2025-08-01 09:24:46 AM,1232.7,100,123270.0,77129691.6
2025-08-01 09:24:48 AM,1232.6,30,36978.0,77166669.6
2025-08-01 09:24:50 AM,1232.7,0,0.0,77166669.6
2025-08-01 09:24:51 AM,1232.7,165,203395.5,77370065.1
2025-08-01 09:24:51 AM,1232.9,0,0.0,77370065.1
2025-08-01 09:24:51 AM,1232.9,100,123290.00000000001,77493355.1
2025-08-01 09:24:55 AM,1232.7,0,0.0,77493355.1
2025-08-01 09:24:56 AM,1232.7,50,61635.0,77554990.1
2025-08-01 09:25:05 AM,1232.9,0,0.0,77554990.1
2025-08-01 09:25:06 AM,1232.9,17,20959.300000000003,77575949.39999999
2025-08-01 09:25:10 AM,1232.9,5,6164.5,77582113.89999999
2025-08-01 09:25:10 AM,1232.2,0,0.0,77582113.89999999
2025-08-01 09:25:11 AM,1232.9,25,30822.500000000004,77612936.39999999
2025-08-01 09:25:16 AM,1232.4,0,0.0,77612936.39999999
2025-08-01 09:25:16 AM,1232.4,17,20950.800000000003,77633887.19999999
2025-08-01 09:25:20 AM,1232.9,0,0.0,77633887.19999999
2025-08-01 09:25:20 AM,1232.9,4,4931.6,77638818.79999998
2025-08-01 09:25:22 AM,1232.9,70,86303.0,77725121.79999998
2025-08-01 09:25:28 AM,1232.9,20,24658.0,77749779.79999998
2025-08-01 09:25:29 AM,1232.9,304,374801.60000000003,78124581.39999998
2025-08-01 09:25:30 AM,1232.9,81,99864.90000000001,78224446.29999998
2025-08-01 09:25:31 AM,1232.4,0,0.0,78224446.29999998
2025-08-01 09:25:31 AM,1232.4,103,126937.20000000001,78351383.49999999
2025-08-01 09:25:32 AM,1233.0,0,0.0,78351383.49999999
2025-08-01 09:25:32 AM,1233.0,280,345240.0,78696623.49999999
2025-08-01 09:25:40 AM,1233.4,0,0.0,78696623.49999999
2025-08-01 09:25:41 AM,1233.4,105,129507.00000000001,78826130.49999999
2025-08-01 09:25:43 AM,1233.4,100,123340.00000000001,78949470.49999999
2025-08-01 09:25:53 AM,1233.1,5,6165.5,78955635.99999999
2025-08-01 09:25:55 AM,1232.4,35,43134.0,78998769.99999999
2025-08-01 09:25:56 AM,1233.2,0,0.0,78998769.99999999
2025-08-01 09:25:57 AM,1233.2,13,16031.6,79014801.59999998
2025-08-01 09:25:58 AM,1232.9,0,0.0,79014801.59999998
2025-08-01 09:25:59 AM,1232.9,6,7397.400000000001,79022198.99999999
2025-08-01 09:26:01 AM,1232.9,28,34521.200000000004,79056720.19999999
2025-08-01 09:26:07 AM,1231.8,620,763716.0,79820436.19999999
2025-08-01 09:26:11 AM,1231.6,0,0.0,79820436.19999999
2025-08-01 09:26:12 AM,1231.6,10,12316.0,79832752.19999999
2025-08-01 09:26:13 AM,1231.6,20,24632.0,79857384.19999999
2025-08-01 09:26:16 AM,1231.2,0,0.0,79857384.19999999
2025-08-01 09:26:17 AM,1231.2,58,71409.6,79928793.79999998
2025-08-01 09:26:20 AM,1231.0,0,0.0,79928793.79999998
2025-08-01 09:26:21 AM,1231.0,2,2462.0,79931255.79999998
2025-08-01 09:26:23 AM,1231.5,4,4926.0,79936181.79999998
2025-08-01 09:26:24 AM,1231.0,562,691822.0,80628003.79999998
2025-08-01 09:26:25 AM,1230.8,40,49232.0,80677235.79999998
2025-08-01 09:26:25 AM,1230.3,0,0.0,80677235.79999998
2025-08-01 09:26:26 AM,1230.9,22,27079.800000000003,80704315.59999998
2025-08-01 09:26:28 AM,1230.9,111,136629.90000000002,80840945.49999999
2025-08-01 09:26:30 AM,1230.9,114,140322.6,80981268.09999998
2025-08-01 09:26:31 AM,1230.9,158,194482.2,81175750.29999998
2025-08-01 09:26:31 AM,1230.9,48,59083.200000000004,81234833.49999999
2025-08-01 09:26:32 AM,1230.9,200,246180.00000000003,81481013.49999999
2025-08-01 09:26:32 AM,1230.7,75,92302.5,81573315.99999999
2025-08-01 09:26:36 AM,1230.8,0,0.0,81573315.99999999
2025-08-01 09:26:37 AM,1230.8,37,45539.6,81618855.59999998
2025-08-01 09:26:38 AM,1231.4,0,0.0,81618855.59999998
2025-08-01 09:26:38 AM,1231.4,508,625551.2000000001,82244406.79999998
2025-08-01 09:26:40 AM,1231.4,323,397742.2,82642148.99999999
2025-08-01 09:26:43 AM,1231.0,4,4924.0,82647072.99999999
2025-08-01 09:26:48 AM,1231.8,10,12318.0,82659390.99999999
2025-08-01 09:26:51 AM,1231.9,92,113334.8,82772725.79999998
2025-08-01 09:26:51 AM,1232.0,0,0.0,82772725.79999998
2025-08-01 09:26:52 AM,1232.0,28,34496.0,82807221.79999998
2025-08-01 09:26:57 AM,1231.9,0,0.0,82807221.79999998
2025-08-01 09:26:58 AM,1231.9,18,22174.2,82829395.99999999
2025-08-01 09:27:01 AM,1232.8,0,0.0,82829395.99999999
2025-08-01 09:27:02 AM,1232.8,160,197248.0,83026643.99999999
2025-08-01 09:27:04 AM,1233.0,528,651024.0,83677667.99999999
2025-08-01 09:27:07 AM,1233.0,225,277425.0,83955092.99999999
2025-08-01 09:27:10 AM,1233.0,124,152892.0,84107984.99999999
2025-08-01 09:27:10 AM,1233.2,44,54260.8,84162245.79999998
2025-08-01 09:27:17 AM,1232.5,256,315520.0,84477765.79999998
2025-08-01 09:27:28 AM,1232.8,0,0.0,84477765.79999998
2025-08-01 09:27:29 AM,1232.8,14,17259.2,84495024.99999999
2025-08-01 09:27:31 AM,1233.2,136,167715.2,84662740.19999999
2025-08-01 09:27:31 AM,1232.5,0,0.0,84662740.19999999
2025-08-01 09:27:32 AM,1232.5,266,327845.0,84990585.19999999
2025-08-01 09:27:36 AM,1232.6,122,150377.19999999998,85140962.39999999
2025-08-01 09:27:37 AM,1232.6,1,1232.6,85142194.99999999
2025-08-01 09:27:42 AM,1232.6,40,49304.0,85191498.99999999
2025-08-01 09:27:45 AM,1232.2,40,49288.0,85240786.99999999
2025-08-01 09:27:48 AM,1232.2,10,12322.0,85253108.99999999
2025-08-01 09:27:50 AM,1232.2,2,2464.4,85255573.39999999
2025-08-01 09:27:50 AM,1232.6,0,0.0,85255573.39999999
2025-08-01 09:27:51 AM,1232.6,50,61629.99999999999,85317203.39999999
2025-08-01 09:27:52 AM,1232.7,32,39446.4,85356649.8
2025-08-01 09:27:57 AM,1232.8,0,0.0,85356649.8
2025-08-01 09:27:58 AM,1232.8,10,12328.0,85368977.8
2025-08-01 09:27:59 AM,1232.8,3,3698.3999999999996,85372676.2
2025-08-01 09:28:11 AM,1232.8,100,123280.0,85495956.2
2025-08-01 09:28:13 AM,1232.7,50,61635.0,85557591.2
2025-08-01 09:28:14 AM,1232.7,10,12327.0,85569918.2
2025-08-01 09:28:17 AM,1232.7,2,2465.4,85572383.60000001
2025-08-01 09:28:19 AM,1232.7,5,6163.5,85578547.10000001
2025-08-01 09:28:26 AM,1232.7,1,1232.7,85579779.80000001
2025-08-01 09:28:29 AM,1232.7,100,123270.0,85703049.80000001
2025-08-01 09:28:31 AM,1231.9,0,0.0,85703049.80000001
2025-08-01 09:28:32 AM,1231.6,0,0.0,85703049.80000001
2025-08-01 09:28:32 AM,1231.6,365,449533.99999999994,86152583.80000001
2025-08-01 09:28:32 AM,1231.6,1,1231.6,86153815.4
2025-08-01 09:28:34 AM,1230.9,32,39388.8,86193204.2
2025-08-01 09:28:35 AM,1230.9,3,3692.7000000000003,86196896.9
2025-08-01 09:28:39 AM,1231.4,35,43099.0,86239995.9
2025-08-01 09:28:39 AM,1230.9,0,0.0,86239995.9
2025-08-01 09:28:40 AM,1230.9,2,2461.8,86242457.7
2025-08-01 09:28:42 AM,1231.5,100,123150.0,86365607.7
2025-08-01 09:28:43 AM,1231.3,25,30782.5,86396390.2
2025-08-01 09:28:46 AM,1231.3,30,36939.0,86433329.2
2025-08-01 09:28:51 AM,1230.9,30,36927.0,86470256.2
2025-08-01 09:28:53 AM,1231.3,6,7387.799999999999,86477644.0
2025-08-01 09:29:00 AM,1231.3,625,769562.5,87247206.5
2025-08-01 09:29:01 AM,1231.3,1,1231.3,87248437.8
2025-08-01 09:29:03 AM,1231.3,66,81265.8,87329703.6
2025-08-01 09:29:06 AM,1231.3,34,41864.2,87371567.8
2025-08-01 09:29:13 AM,1231.0,0,0.0,87371567.8
2025-08-01 09:29:13 AM,1231.0,5,6155.0,87377722.8
2025-08-01 09:29:15 AM,1231.3,1,1231.3,87378954.1
2025-08-01 09:29:29 AM,1231.3,4,4925.2,87383879.3
2025-08-01 09:29:31 AM,1231.3,1,1231.3,87385110.6
2025-08-01 09:29:35 AM,1230.9,0,0.0,87385110.6
2025-08-01 09:29:36 AM,1230.6,0,0.0,87385110.6
2025-08-01 09:29:36 AM,1230.6,251,308880.6,87693991.19999999
2025-08-01 09:29:45 AM,1231.2,0,0.0,87693991.19999999
2025-08-01 09:29:46 AM,1231.2,100,123120.0,87817111.19999999
2025-08-01 09:29:50 AM,1230.6,49,60299.399999999994,87877410.6
2025-08-01 09:29:51 AM,1230.7,130,159991.0,88037401.6
2025-08-01 09:29:56 AM,1231.2,0,0.0,88037401.6
2025-08-01 09:29:56 AM,1231.2,31,38167.200000000004,88075568.8
2025-08-01 09:30:00 AM,1231.1,0,0.0,88075568.8
2025-08-01 09:30:01 AM,1231.1,5,6155.5,88081724.3
2025-08-01 09:30:06 AM,1230.5,0,0.0,88081724.3
2025-08-01 09:30:09 AM,1230.4,1052,1294380.8,89376105.1
2025-08-01 09:30:14 AM,1230.0,0,0.0,89376105.1
2025-08-01 09:30:16 AM,1230.0,735,904050.0,90280155.1
2025-08-01 09:30:17 AM,1228.9,139,170817.1,90450972.19999999
2025-08-01 09:30:21 AM,1229.8,0,0.0,90450972.19999999
2025-08-01 09:30:24 AM,1229.0,81,99549.0,90550521.19999999
2025-08-01 09:30:31 AM,1229.7,50,61485.0,90612006.19999999
2025-08-01 09:30:38 AM,1229.7,412,506636.4,91118642.6
2025-08-01 09:30:42 AM,1230.0,0,0.0,91118642.6
2025-08-01 09:30:46 AM,1230.0,1524,1874520.0,92993162.6
2025-08-01 09:30:46 AM,1230.0,75,92250.0,93085412.6
2025-08-01 09:31:00 AM,1230.0,160,196800.0,93282212.6
2025-08-01 09:31:01 AM,1229.7,49,60255.3,93342467.89999999
2025-08-01 09:31:06 AM,1229.4,0,0.0,93342467.89999999
2025-08-01 09:31:08 AM,1229.5,113,138933.5,93481401.39999999
2025-08-01 09:31:15 AM,1229.5,12,14754.0,93496155.39999999
2025-08-01 09:31:28 AM,1229.6,0,0.0,93496155.39999999
2025-08-01 09:31:29 AM,1229.5,0,0.0,93496155.39999999
2025-08-01 09:31:30 AM,1229.5,131,161064.5,93657219.89999999
2025-08-01 09:31:35 AM,1229.7,0,0.0,93657219.89999999
2025-08-01 09:31:37 AM,1229.7,1,1229.7,93658449.6
2025-08-01 09:31:41 AM,1230.1,0,0.0,93658449.6
2025-08-01 09:31:44 AM,1229.8,368,452566.39999999997,94111016.0
2025-08-01 09:31:45 AM,1229.7,0,0.0,94111016.0
2025-08-01 09:31:47 AM,1229.6,0,0.0,94111016.0
2025-08-01 09:31:51 AM,1230.2,0,0.0,94111016.0
2025-08-01 09:31:51 AM,1230.2,46,56589.200000000004,94167605.2
2025-08-01 09:31:51 AM,1230.5,530,652165.0,94819770.2
2025-08-01 09:31:56 AM,1230.3,0,0.0,94819770.2
2025-08-01 09:31:58 AM,1230.3,30,36909.0,94856679.2
2025-08-01 09:32:02 AM,1230.4,0,0.0,94856679.2
2025-08-01 09:32:05 AM,1230.4,104,127961.6,94984640.8
2025-08-01 09:32:12 AM,1230.5,35,43067.5,95027708.3
2025-08-01 09:32:20 AM,1230.9,0,0.0,95027708.3
2025-08-01 09:32:26 AM,1230.9,45,55390.50000000001,95083098.8
2025-08-01 09:32:32 AM,1231.0,0,0.0,95083098.8
2025-08-01 09:32:32 AM,1231.3,0,0.0,95083098.8
2025-08-01 09:32:33 AM,1231.3,392,482669.6,95565768.39999999
2025-08-01 09:32:33 AM,1231.3,59,72646.7,95638415.1
2025-08-01 09:32:37 AM,1232.0,0,0.0,95638415.1
2025-08-01 09:32:40 AM,1231.2,247,304106.4,95942521.5
2025-08-01 09:32:40 AM,1230.9,10,12309.0,95954830.5
2025-08-01 09:32:43 AM,1230.8,0,0.0,95954830.5
2025-08-01 09:32:47 AM,1230.8,105,129234.0,96084064.5
2025-08-01 09:32:49 AM,1231.9,0,0.0,96084064.5
2025-08-01 09:32:54 AM,1232.3,348,428840.39999999997,96512904.9
2025-08-01 09:33:07 AM,1231.8,0,0.0,96512904.9
2025-08-01 09:33:07 AM,1232.1,0,0.0,96512904.9
2025-08-01 09:33:08 AM,1232.1,165,203296.49999999997,96716201.4
2025-08-01 09:33:13 AM,1231.9,0,0.0,96716201.4
2025-08-01 09:33:15 AM,1231.9,38,46812.200000000004,96763013.60000001
2025-08-01 09:33:21 AM,1233.1,585,721363.5,97484377.10000001
2025-08-01 09:33:23 AM,1233.0,0,0.0,97484377.10000001
2025-08-01 09:33:28 AM,1232.3,0,0.0,97484377.10000001
2025-08-01 09:33:28 AM,1233.1,13,16030.3,97500407.4
2025-08-01 09:33:28 AM,1232.5,0,0.0,97500407.4
2025-08-01 09:33:35 AM,1233.3,75,92497.5,97592904.9
2025-08-01 09:33:38 AM,1233.2,0,0.0,97592904.9
2025-08-01 09:33:42 AM,1233.2,138,170181.6,97763086.5
2025-08-01 09:33:49 AM,1233.2,6,7399.200000000001,97770485.7
2025-08-01 09:33:53 AM,1234.0,0,0.0,97770485.7
2025-08-01 09:33:56 AM,1234.1,34,41959.399999999994,97812445.10000001
2025-08-01 09:33:56 AM,1234.7,40,49388.0,97861833.10000001
2025-08-01 09:34:03 AM,1234.4,0,0.0,97861833.10000001
2025-08-01 09:34:03 AM,1234.4,12,14812.800000000001,97876645.9
2025-08-01 09:34:10 AM,1234.3,80,98744.0,97975389.9
2025-08-01 09:34:15 AM,1233.9,0,0.0,97975389.9
2025-08-01 09:34:17 AM,1234.3,315,388804.5,98364194.4
2025-08-01 09:34:18 AM,1234.0,0,0.0,98364194.4
2025-08-01 09:34:21 AM,1234.2,0,0.0,98364194.4
2025-08-01 09:34:23 AM,1233.8,0,0.0,98364194.4
2025-08-01 09:34:24 AM,1234.1,531,655307.1,99019501.5
2025-08-01 09:34:26 AM,1234.3,0,0.0,99019501.5
2025-08-01 09:34:28 AM,1233.2,0,0.0,99019501.5
2025-08-01 09:34:30 AM,1233.5,0,0.0,99019501.5
2025-08-01 09:34:31 AM,1233.7,337,415756.9,99435258.4
2025-08-01 09:34:33 AM,1233.5,0,0.0,99435258.4
2025-08-01 09:34:36 AM,1233.4,0,0.0,99435258.4
2025-08-01 09:34:38 AM,1233.3,88,108530.4,99543788.80000001
2025-08-01 09:34:45 AM,1233.0,2,2466.0,99546254.80000001
2025-08-01 09:34:48 AM,1232.9,0,0.0,99546254.80000001
2025-08-01 09:34:52 AM,1232.5,101,124482.5,99670737.30000001
2025-08-01 09:34:58 AM,1232.0,0,0.0,99670737.30000001
2025-08-01 09:34:59 AM,1232.0,131,161392.0,99832129.30000001
2025-08-01 09:35:00 AM,1231.9,28,34493.200000000004,99866622.50000001
2025-08-01 09:35:03 AM,1231.9,30,36957.0,99903579.50000001
2025-08-01 09:35:09 AM,1232.0,20,24640.0,99928219.50000001
2025-08-01 09:35:13 AM,1231.5,5,6157.5,99934377.00000001
2025-08-01 09:35:19 AM,1231.5,25,30787.5,99965164.50000001
2025-08-01 09:35:21 AM,1231.4,5,6157.0,99971321.50000001
2025-08-01 09:35:22 AM,1231.4,3,3694.2000000000003,99975015.70000002
2025-08-01 09:35:22 AM,1231.4,5,6157.0,99981172.70000002
2025-08-01 09:35:22 AM,1231.3,0,0.0,99981172.70000002
2025-08-01 09:35:23 AM,1231.3,81,99735.3,100080908.00000001
2025-08-01 09:35:26 AM,1231.3,1,1231.3,100082139.30000001
2025-08-01 09:35:26 AM,1231.3,13,16006.9,100098146.20000002
2025-08-01 09:35:38 AM,1231.3,30,36939.0,100135085.20000002
2025-08-01 09:35:40 AM,1231.1,204,251144.4,100386229.60000002
2025-08-01 09:35:41 AM,1231.2,10,12312.0,100398541.60000002
2025-08-01 09:35:42 AM,1231.2,50,61560.0,100460101.60000002
2025-08-01 09:35:44 AM,1231.2,8,9849.6,100469951.20000002
2025-08-01 09:35:45 AM,1231.2,1,1231.2,100471182.40000002
2025-08-01 09:35:51 AM,1231.2,1,1231.2,100472413.60000002
2025-08-01 09:35:53 AM,1231.2,10,12312.0,100484725.60000002
2025-08-01 09:35:55 AM,1231.2,252,310262.4,100794988.00000003
2025-08-01 09:35:55 AM,1231.7,167,205693.9,101000681.90000004
2025-08-01 09:35:58 AM,1231.7,76,93609.2,101094291.10000004
2025-08-01 09:36:00 AM,1231.9,31,38188.9,101132480.00000004
2025-08-01 09:36:01 AM,1232.0,15,18480.0,101150960.00000004
2025-08-01 09:36:08 AM,1232.1,0,0.0,101150960.00000004
2025-08-01 09:36:08 AM,1232.1,39,48051.899999999994,101199011.90000005
2025-08-01 09:36:09 AM,1232.1,72,88711.2,101287723.10000005
2025-08-01 09:36:10 AM,1233.0,0,0.0,101287723.10000005
2025-08-01 09:36:10 AM,1233.0,104,128232.0,101415955.10000005
2025-08-01 09:36:13 AM,1233.3,0,0.0,101415955.10000005
2025-08-01 09:36:14 AM,1233.3,20,24666.0,101440621.10000005
2025-08-01 09:36:16 AM,1232.5,50,61625.0,101502246.10000005
2025-08-01 09:36:20 AM,1232.7,44,54238.8,101556484.90000005
2025-08-01 09:36:28 AM,1232.7,7,8628.9,101565113.80000006
2025-08-01 09:36:41 AM,1233.0,7,8631.0,101573744.80000006
2025-08-01 09:36:47 AM,1232.5,0,0.0,101573744.80000006
2025-08-01 09:36:48 AM,1232.4,119,146655.6,101720400.40000005
2025-08-01 09:36:56 AM,1232.3,25,30807.5,101751207.90000005
2025-08-01 09:36:57 AM,1231.3,0,0.0,101751207.90000005
2025-08-01 09:36:57 AM,1231.3,50,61565.0,101812772.90000005
2025-08-01 09:36:58 AM,1231.3,38,46789.4,101859562.30000006
2025-08-01 09:37:01 AM,1231.5,10,12315.0,101871877.30000006
2025-08-01 09:37:05 AM,1231.0,110,135410.0,102007287.30000006
2025-08-01 09:37:10 AM,1230.9,0,0.0,102007287.30000006
2025-08-01 09:37:11 AM,1230.9,1,1230.9,102008518.20000006
2025-08-01 09:37:12 AM,1230.5,104,127972.0,102136490.20000006
2025-08-01 09:37:19 AM,1230.5,522,642321.0,102778811.20000006
2025-08-01 09:37:19 AM,1230.9,1,1230.9,102780042.10000007
2025-08-01 09:37:32 AM,1230.8,93,114464.4,102894506.50000007
2025-08-01 09:37:34 AM,1230.8,131,161234.8,103055741.30000007
2025-08-01 09:37:36 AM,1230.8,91,112002.8,103167744.10000007
2025-08-01 09:37:37 AM,1230.9,0,0.0,103167744.10000007
2025-08-01 09:37:37 AM,1230.9,146,179711.40000000002,103347455.50000007
2025-08-01 09:37:38 AM,1231.0,0,0.0,103347455.50000007
2025-08-01 09:37:39 AM,1231.0,153,188343.0,103535798.50000007
2025-08-01 09:37:39 AM,1231.4,160,197024.0,103732822.50000007
2025-08-01 09:37:40 AM,1231.9,116,142900.40000000002,103875722.90000008
2025-08-01 09:37:41 AM,1231.6,241,296815.6,104172538.50000007
2025-08-01 09:37:46 AM,1231.6,45,55421.99999999999,104227960.50000007
2025-08-01 09:37:47 AM,1232.4,100,123240.00000000001,104351200.50000007
2025-08-01 09:38:01 AM,1231.8,50,61590.0,104412790.50000007
2025-08-01 09:38:06 AM,1231.6,0,0.0,104412790.50000007
2025-08-01 09:38:08 AM,1231.6,80,98528.0,104511318.50000007
2025-08-01 09:38:12 AM,1231.7,0,0.0,104511318.50000007
2025-08-01 09:38:16 AM,1231.7,2,2463.4,104513781.90000008
2025-08-01 09:38:18 AM,1231.0,0,0.0,104513781.90000008
2025-08-01 09:38:22 AM,1231.2,496,610675.2000000001,105124457.10000008
2025-08-01 09:38:28 AM,1231.1,0,0.0,105124457.10000008
2025-08-01 09:38:29 AM,1231.1,1,1231.1,105125688.20000008
2025-08-01 09:38:36 AM,1231.1,32,39395.2,105165083.40000008
2025-08-01 09:38:38 AM,1231.3,0,0.0,105165083.40000008
2025-08-01 09:38:42 AM,1231.1,626,770668.6,105935752.00000007
2025-08-01 09:38:46 AM,1231.3,0,0.0,105935752.00000007
2025-08-01 09:38:49 AM,1231.3,106,130517.79999999999,106066269.80000007
2025-08-01 09:38:55 AM,1231.3,50,61565.0,106127834.80000007
2025-08-01 09:39:02 AM,1230.9,401,493590.9,106621425.70000008
2025-08-01 09:39:04 AM,1230.5,0,0.0,106621425.70000008
2025-08-01 09:39:05 AM,1230.5,25,30762.5,106652188.20000008
2025-08-01 09:39:13 AM,1230.5,261,321160.5,106973348.70000008
2025-08-01 09:39:13 AM,1230.5,98,120589.0,107093937.70000008
2025-08-01 09:39:24 AM,1230.8,0,0.0,107093937.70000008
2025-08-01 09:39:24 AM,1230.8,65,80002.0,107173939.70000008
2025-08-01 09:39:26 AM,1230.8,10,12308.0,107186247.70000008
2025-08-01 09:39:29 AM,1230.5,12,14766.0,107201013.70000008
2025-08-01 09:39:33 AM,1230.1,500,615050.0,107816063.70000008
2025-08-01 09:39:33 AM,1230.5,0,0.0,107816063.70000008
2025-08-01 09:39:34 AM,1230.5,1,1230.5,107817294.20000008
2025-08-01 09:39:36 AM,1230.5,1,1230.5,107818524.70000008
2025-08-01 09:39:37 AM,1230.8,0,0.0,107818524.70000008
2025-08-01 09:39:37 AM,1230.8,146,179696.8,107998221.50000007
2025-08-01 09:39:38 AM,1230.8,25,30770.0,108028991.50000007
2025-08-01 09:39:39 AM,1230.8,18,22154.399999999998,108051145.90000008
2025-08-01 09:39:45 AM,1230.5,0,0.0,108051145.90000008
2025-08-01 09:39:46 AM,1230.5,3,3691.5,108054837.40000008
2025-08-01 09:39:49 AM,1230.7,399,491049.30000000005,108545886.70000008
2025-08-01 09:39:51 AM,1231.0,0,0.0,108545886.70000008
2025-08-01 09:39:52 AM,1231.0,41,50471.0,108596357.70000008
2025-08-01 09:39:54 AM,1231.0,12,14772.0,108611129.70000008
2025-08-01 09:39:55 AM,1231.0,18,22158.0,108633287.70000008
2025-08-01 09:39:57 AM,1230.6,0,0.0,108633287.70000008
2025-08-01 09:39:57 AM,1230.6,2,2461.2,108635748.90000008
2025-08-01 09:40:00 AM,1231.1,0,0.0,108635748.90000008
2025-08-01 09:40:00 AM,1231.1,143,176047.3,108811796.20000008
2025-08-01 09:40:02 AM,1231.1,16,19697.6,108831493.80000007
2025-08-01 09:40:07 AM,1230.7,0,0.0,108831493.80000007
2025-08-01 09:40:08 AM,1230.7,16,19691.2,108851185.00000007
2025-08-01 09:40:15 AM,1230.7,24,29536.800000000003,108880721.80000007
2025-08-01 09:40:19 AM,1231.3,0,0.0,108880721.80000007
2025-08-01 09:40:21 AM,1231.2,0,0.0,108880721.80000007
2025-08-01 09:40:21 AM,1231.2,87,107114.40000000001,108987836.20000008
2025-08-01 09:40:28 AM,1231.2,11,13543.2,109001379.40000008
2025-08-01 09:40:29 AM,1231.2,1,1231.2,109002610.60000008
2025-08-01 09:40:35 AM,1231.2,34,41860.8,109044471.40000008
2025-08-01 09:40:41 AM,1231.2,164,201916.80000000002,109246388.20000008
2025-08-01 09:40:46 AM,1231.9,0,0.0,109246388.20000008
2025-08-01 09:40:48 AM,1232.0,191,235312.0,109481700.20000008
2025-08-01 09:41:00 AM,1231.9,0,0.0,109481700.20000008
2025-08-01 09:41:01 AM,1231.9,45,55435.50000000001,109537135.70000008
2025-08-01 09:41:06 AM,1232.0,0,0.0,109537135.70000008
2025-08-01 09:41:08 AM,1232.0,176,216832.0,109753967.70000008
2025-08-01 09:41:18 AM,1232.3,0,0.0,109753967.70000008
2025-08-01 09:41:21 AM,1232.5,103,126947.5,109880915.20000008
2025-08-01 09:41:26 AM,1232.6,0,0.0,109880915.20000008
2025-08-01 09:41:28 AM,1232.6,1,1232.6,109882147.80000007
2025-08-01 09:41:29 AM,1232.0,111,136752.0,110018899.80000007
2025-08-01 09:41:30 AM,1232.1,0,0.0,110018899.80000007
2025-08-01 09:41:34 AM,1232.1,40,49284.0,110068183.80000007
2025-08-01 09:41:38 AM,1232.7,0,0.0,110068183.80000007
2025-08-01 09:41:41 AM,1232.7,31,38213.700000000004,110106397.50000007
2025-08-01 09:41:42 AM,1232.1,1,1232.1,110107629.60000007
2025-08-01 09:41:46 AM,1232.5,0,0.0,110107629.60000007
2025-08-01 09:41:48 AM,1232.5,39,48067.5,110155697.10000007
2025-08-01 09:41:54 AM,1232.7,124,152854.80000000002,110308551.90000007
2025-08-01 09:41:58 AM,1232.6,0,0.0,110308551.90000007
2025-08-01 09:42:00 AM,1232.7,183,225584.1,110534136.00000006
2025-08-01 09:42:01 AM,1232.4,80,98592.0,110632728.00000006
2025-08-01 09:42:06 AM,1232.0,0,0.0,110632728.00000006
2025-08-01 09:42:07 AM,1232.0,244,300608.0,110933336.00000006
2025-08-01 09:42:21 AM,1231.8,60,73908.0,111007244.00000006
2025-08-01 09:42:27 AM,1231.8,5,6159.0,111013403.00000006
2025-08-01 09:42:28 AM,1231.8,9,11086.199999999999,111024489.20000006
2025-08-01 09:42:33 AM,1231.7,0,0.0,111024489.20000006
2025-08-01 09:42:33 AM,1231.7,72,88682.40000000001,111113171.60000007
2025-08-01 09:42:41 AM,1231.9,0,0.0,111113171.60000007
2025-08-01 09:42:41 AM,1231.9,1,1231.9,111114403.50000007
2025-08-01 09:42:46 AM,1232.0,442,544544.0,111658947.50000007
2025-08-01 09:42:59 AM,1232.5,8,9860.0,111668807.50000007
2025-08-01 09:43:07 AM,1232.4,0,0.0,111668807.50000007
2025-08-01 09:43:08 AM,1232.4,54,66549.6,111735357.10000007
2025-08-01 09:43:10 AM,1232.4,8,9859.2,111745216.30000007
2025-08-01 09:43:11 AM,1232.4,4,4929.6,111750145.90000007
2025-08-01 09:43:15 AM,1232.4,15,18486.0,111768631.90000007
2025-08-01 09:43:17 AM,1232.4,5,6162.0,111774793.90000007
2025-08-01 09:43:24 AM,1231.7,44,54194.8,111828988.70000006
2025-08-01 09:43:26 AM,1231.5,68,83742.0,111912730.70000006
2025-08-01 09:43:40 AM,1230.9,0,0.0,111912730.70000006
2025-08-01 09:43:40 AM,1230.9,36,44312.4,111957043.10000007
2025-08-01 09:43:42 AM,1230.9,10,12309.0,111969352.10000007
2025-08-01 09:43:42 AM,1230.8,0,0.0,111969352.10000007
2025-08-01 09:43:43 AM,1230.8,5,6154.0,111975506.10000007
2025-08-01 09:43:44 AM,1230.9,0,0.0,111975506.10000007
2025-08-01 09:43:45 AM,1230.9,30,36927.0,112012433.10000007
2025-08-01 09:43:45 AM,1231.2,0,0.0,112012433.10000007
2025-08-01 09:43:46 AM,1231.2,12,14774.400000000001,112027207.50000007
2025-08-01 09:43:47 AM,1231.2,169,208072.80000000002,112235280.30000007
2025-08-01 09:43:48 AM,1231.2,26,32011.2,112267291.50000007
2025-08-01 09:43:50 AM,1231.5,0,0.0,112267291.50000007
2025-08-01 09:43:51 AM,1231.5,311,382996.5,112650288.00000007
2025-08-01 09:43:54 AM,1231.6,50,61579.99999999999,112711868.00000007
2025-08-01 09:43:57 AM,1232.3,13,16019.9,112727887.90000008
2025-08-01 09:43:58 AM,1231.6,10,12316.0,112740203.90000008
2025-08-01 09:44:04 AM,1231.3,61,75109.3,112815313.20000008
2025-08-01 09:44:04 AM,1230.7,0,0.0,112815313.20000008
2025-08-01 09:44:05 AM,1230.7,73,89841.1,112905154.30000007
2025-08-01 09:44:05 AM,1230.9,0,0.0,112905154.30000007
2025-08-01 09:44:06 AM,1230.9,32,39388.8,112944543.10000007
2025-08-01 09:44:08 AM,1231.2,0,0.0,112944543.10000007
2025-08-01 09:44:09 AM,1231.2,79,97264.8,113041807.90000007
2025-08-01 09:44:09 AM,1231.0,0,0.0,113041807.90000007
2025-08-01 09:44:10 AM,1231.0,102,125562.0,113167369.90000007
2025-08-01 09:44:11 AM,1230.6,0,0.0,113167369.90000007
2025-08-01 09:44:12 AM,1230.6,32,39379.2,113206749.10000007
2025-08-01 09:44:12 AM,1230.6,38,46762.799999999996,113253511.90000007
2025-08-01 09:44:17 AM,1230.0,1326,1630980.0,114884491.90000007
2025-08-01 09:44:19 AM,1229.6,6,7377.599999999999,114891869.50000006
2025-08-01 09:44:21 AM,1229.5,166,204097.0,115095966.50000006
2025-08-01 09:44:23 AM,1229.0,25,30725.0,115126691.50000006
2025-08-01 09:44:25 AM,1229.4,0,0.0,115126691.50000006
2025-08-01 09:44:26 AM,1229.4,24,29505.600000000002,115156197.10000005
2025-08-01 09:44:28 AM,1229.3,4,4917.2,115161114.30000006
2025-08-01 09:44:30 AM,1229.3,10,12293.0,115173407.30000006
2025-08-01 09:44:35 AM,1229.0,1,1229.0,115174636.30000006
2025-08-01 09:44:37 AM,1228.9,594,729966.6000000001,115904602.90000005
2025-08-01 09:44:39 AM,1228.9,39,47927.100000000006,115952530.00000004
2025-08-01 09:44:42 AM,1228.7,2,2457.4,115954987.40000005
2025-08-01 09:44:48 AM,1228.5,0,0.0,115954987.40000005
2025-08-01 09:44:48 AM,1228.5,20,24570.0,115979557.40000005
2025-08-01 09:44:52 AM,1228.0,200,245600.0,116225157.40000005
2025-08-01 09:44:52 AM,1228.0,2,2456.0,116227613.40000005
2025-08-01 09:44:56 AM,1228.3,1,1228.3,116228841.70000005
2025-08-01 09:44:57 AM,1228.0,0,0.0,116228841.70000005
2025-08-01 09:44:57 AM,1228.0,1,1228.0,116230069.70000005
2025-08-01 09:44:58 AM,1228.0,177,217356.0,116447425.70000005
2025-08-01 09:45:03 AM,1227.9,0,0.0,116447425.70000005
2025-08-01 09:45:04 AM,1227.9,107,131385.30000000002,116578811.00000004
2025-08-01 09:45:11 AM,1227.9,82,100687.8,116679498.80000004
2025-08-01 09:45:12 AM,1227.9,5,6139.5,116685638.30000004
2025-08-01 09:45:19 AM,1227.4,1,1227.4,116686865.70000005
2025-08-01 09:45:21 AM,1227.8,0,0.0,116686865.70000005
2025-08-01 09:45:23 AM,1227.8,17,20872.6,116707738.30000004
2025-08-01 09:45:30 AM,1227.8,50,61390.0,116769128.30000004
2025-08-01 09:45:36 AM,1227.8,6,7366.799999999999,116776495.10000004
2025-08-01 09:45:37 AM,1227.4,0,0.0,116776495.10000004
2025-08-01 09:45:38 AM,1227.4,12,14728.800000000001,116791223.90000004
2025-08-01 09:45:41 AM,1227.7,0,0.0,116791223.90000004
2025-08-01 09:45:43 AM,1227.7,1,1227.7,116792451.60000004
2025-08-01 09:45:44 AM,1227.4,50,61370.00000000001,116853821.60000004
2025-08-01 09:45:49 AM,1227.4,29,35594.600000000006,116889416.20000003
2025-08-01 09:45:51 AM,1227.4,36,44186.4,116933602.60000004
2025-08-01 09:45:52 AM,1227.6,0,0.0,116933602.60000004
2025-08-01 09:45:56 AM,1227.6,99,121532.4,117055135.00000004
2025-08-01 09:46:02 AM,1226.1,607,744242.7,117799377.70000005
2025-08-01 09:46:03 AM,1226.3,0,0.0,117799377.70000005
2025-08-01 09:46:04 AM,1226.3,2,2452.6,117801830.30000004
2025-08-01 09:46:07 AM,1226.2,0,0.0,117801830.30000004
2025-08-01 09:46:09 AM,1226.3,430,527309.0,118329139.30000004
2025-08-01 09:46:13 AM,1226.0,0,0.0,118329139.30000004
2025-08-01 09:46:15 AM,1226.3,190,232997.0,118562136.30000004
2025-08-01 09:46:18 AM,1226.0,0,0.0,118562136.30000004
2025-08-01 09:46:22 AM,1226.0,1,1226.0,118563362.30000004
2025-08-01 09:46:23 AM,1225.6,0,0.0,118563362.30000004
2025-08-01 09:46:24 AM,1225.6,10,12256.0,118575618.30000004
2025-08-01 09:46:30 AM,1226.1,0,0.0,118575618.30000004
2025-08-01 09:46:30 AM,1225.5,110,134805.0,118710423.30000004
2025-08-01 09:46:34 AM,1226.4,0,0.0,118710423.30000004
2025-08-01 09:46:35 AM,1226.4,546,669614.4,119380037.70000005
2025-08-01 09:46:41 AM,1226.2,16,19619.2,119399656.90000005
2025-08-01 09:46:47 AM,1226.2,21,25750.2,119425407.10000005
2025-08-01 09:46:49 AM,1226.2,9,11035.800000000001,119436442.90000005
2025-08-01 09:46:55 AM,1226.2,100,122620.0,119559062.90000005
2025-08-01 09:47:00 AM,1226.2,38,46595.6,119605658.50000004
2025-08-01 09:47:03 AM,1226.0,35,42910.0,119648568.50000004
2025-08-01 09:47:04 AM,1225.6,10,12256.0,119660824.50000004
2025-08-01 09:47:06 AM,1226.0,10,12260.0,119673084.50000004
2025-08-01 09:47:09 AM,1226.0,14,17164.0,119690248.50000004
2025-08-01 09:47:10 AM,1225.6,11,13481.599999999999,119703730.10000004
2025-08-01 09:47:11 AM,1226.0,1,1226.0,119704956.10000004
2025-08-01 09:47:15 AM,1226.0,5,6130.0,119711086.10000004
2025-08-01 09:47:21 AM,1225.9,10,12259.0,119723345.10000004
2025-08-01 09:47:23 AM,1225.9,1,1225.9,119724571.00000004
2025-08-01 09:47:26 AM,1225.9,22,26969.800000000003,119751540.80000004
2025-08-01 09:47:28 AM,1225.5,45,55147.5,119806688.30000004
2025-08-01 09:47:29 AM,1225.5,107,131128.5,119937816.80000004
2025-08-01 09:47:31 AM,1225.2,0,0.0,119937816.80000004
2025-08-01 09:47:32 AM,1225.2,2,2450.4,119940267.20000005
2025-08-01 09:47:32 AM,1224.0,395,483480.0,120423747.20000005
2025-08-01 09:47:33 AM,1224.0,12,14688.0,120438435.20000005
2025-08-01 09:47:35 AM,1224.6,2,2449.2,120440884.40000005
2025-08-01 09:47:39 AM,1224.6,5,6123.0,120447007.40000005
2025-08-01 09:47:42 AM,1224.5,5,6122.5,120453129.90000005
2025-08-01 09:47:43 AM,1224.0,1,1224.0,120454353.90000005
2025-08-01 09:47:45 AM,1225.0,0,0.0,120454353.90000005
2025-08-01 09:47:46 AM,1225.1,1259,1542400.9,121996754.80000006
2025-08-01 09:47:49 AM,1225.2,0,0.0,121996754.80000006
2025-08-01 09:47:49 AM,1225.0,0,0.0,121996754.80000006
2025-08-01 09:47:50 AM,1225.0,166,203350.0,122200104.80000006
2025-08-01 09:47:58 AM,1225.0,100,122500.0,122322604.80000006
2025-08-01 09:47:59 AM,1225.0,1,1225.0,122323829.80000006
2025-08-01 09:48:01 AM,1224.9,0,0.0,122323829.80000006
2025-08-01 09:48:02 AM,1224.9,31,37971.9,122361801.70000006
2025-08-01 09:48:02 AM,1225.0,0,0.0,122361801.70000006
2025-08-01 09:48:03 AM,1225.0,27,33075.0,122394876.70000006
2025-08-01 09:48:04 AM,1225.0,10,12250.0,122407126.70000006
2025-08-01 09:48:07 AM,1224.9,32,39196.8,122446323.50000006
2025-08-01 09:48:09 AM,1224.9,21,25722.9,122472046.40000007
2025-08-01 09:48:13 AM,1224.1,0,0.0,122472046.40000007
2025-08-01 09:48:14 AM,1224.1,400,489639.99999999994,122961686.40000007
2025-08-01 09:48:17 AM,1225.0,0,0.0,122961686.40000007
2025-08-01 09:48:18 AM,1225.0,5,6125.0,122967811.40000007
2025-08-01 09:48:19 AM,1225.1,782,958028.2,123925839.60000007
2025-08-01 09:48:20 AM,1225.0,0,0.0,123925839.60000007
2025-08-01 09:48:20 AM,1225.5,156,191178.0,124117017.60000007
2025-08-01 09:48:24 AM,1225.5,176,215688.0,124332705.60000007
2025-08-01 09:48:25 AM,1225.1,0,0.0,124332705.60000007
2025-08-01 09:48:25 AM,1225.1,10,12251.0,124344956.60000007
2025-08-01 09:48:29 AM,1225.0,0,0.0,124344956.60000007
2025-08-01 09:48:29 AM,1225.0,20,24500.0,124369456.60000007
2025-08-01 09:48:31 AM,1225.5,0,0.0,124369456.60000007
2025-08-01 09:48:32 AM,1225.5,3,3676.5,124373133.10000007
2025-08-01 09:48:35 AM,1225.5,193,236521.5,124609654.60000007
2025-08-01 09:48:38 AM,1225.9,0,0.0,124609654.60000007
2025-08-01 09:48:38 AM,1225.9,29,35551.100000000006,124645205.70000006
2025-08-01 09:48:39 AM,1226.7,10,12267.0,124657472.70000006
2025-08-01 09:48:41 AM,1226.6,0,0.0,124657472.70000006
2025-08-01 09:48:42 AM,1226.6,31,38024.6,124695497.30000006
2025-08-01 09:48:43 AM,1226.6,10,12266.0,124707763.30000006
2025-08-01 09:48:48 AM,1226.6,3,3679.7999999999997,124711443.10000005
2025-08-01 09:49:00 AM,1226.0,0,0.0,124711443.10000005
2025-08-01 09:49:00 AM,1226.0,1,1226.0,124712669.10000005
2025-08-01 09:49:01 AM,1226.6,665,815688.9999999999,125528358.10000005
2025-08-01 09:49:01 AM,1227.0,0,0.0,125528358.10000005
2025-08-01 09:49:02 AM,1227.0,38,46626.0,125574984.10000005
2025-08-01 09:49:06 AM,1227.0,66,80982.0,125655966.10000005
2025-08-01 09:49:08 AM,1227.0,72,88344.0,125744310.10000005
2025-08-01 09:49:11 AM,1226.7,39,47841.3,125792151.40000005
2025-08-01 09:49:13 AM,1227.0,42,51534.0,125843685.40000005
2025-08-01 09:49:16 AM,1227.0,4,4908.0,125848593.40000005
2025-08-01 09:49:16 AM,1227.0,1,1227.0,125849820.40000005
2025-08-01 09:49:19 AM,1227.0,185,226995.0,126076815.40000005
2025-08-01 09:49:20 AM,1227.5,2,2455.0,126079270.40000005
2025-08-01 09:49:20 AM,1227.6,0,0.0,126079270.40000005
2025-08-01 09:49:21 AM,1227.6,111,136263.59999999998,126215534.00000004
2025-08-01 09:49:29 AM,1227.4,0,0.0,126215534.00000004
2025-08-01 09:49:30 AM,1227.4,8,9819.2,126225353.20000005
2025-08-01 09:49:32 AM,1227.4,34,41731.600000000006,126267084.80000004
2025-08-01 09:49:35 AM,1227.4,10,12274.0,126279358.80000004
2025-08-01 09:49:37 AM,1228.0,0,0.0,126279358.80000004
2025-08-01 09:49:38 AM,1228.0,252,309456.0,126588814.80000004
2025-08-01 09:49:38 AM,1227.7,0,0.0,126588814.80000004
2025-08-01 09:49:39 AM,1227.7,131,160828.7,126749643.50000004
2025-08-01 09:49:41 AM,1227.9,15,18418.5,126768062.00000004
2025-08-01 09:49:49 AM,1228.2,0,0.0,126768062.00000004
2025-08-01 09:49:50 AM,1228.3,95,116688.5,126884750.50000004
2025-08-01 09:49:52 AM,1228.2,16,19651.2,126904401.70000005
2025-08-01 09:49:54 AM,1227.9,0,0.0,126904401.70000005
2025-08-01 09:49:55 AM,1227.9,102,125245.8,127029647.50000004
2025-08-01 09:49:55 AM,1228.1,34,41755.399999999994,127071402.90000005
2025-08-01 09:49:59 AM,1228.1,111,136319.09999999998,127207722.00000004
2025-08-01 09:49:59 AM,1227.8,11,13505.8,127221227.80000004
2025-08-01 09:50:04 AM,1227.3,0,0.0,127221227.80000004
2025-08-01 09:50:04 AM,1227.3,8,9818.4,127231046.20000005
2025-08-01 09:50:11 AM,1227.3,20,24546.0,127255592.20000005
2025-08-01 09:50:17 AM,1227.3,3,3681.8999999999996,127259274.10000005
2025-08-01 09:50:20 AM,1227.0,0,0.0,127259274.10000005
2025-08-01 09:50:20 AM,1227.0,14,17178.0,127276452.10000005
2025-08-01 09:50:22 AM,1227.1,0,0.0,127276452.10000005
2025-08-01 09:50:24 AM,1227.1,236,289595.6,127566047.70000005
2025-08-01 09:50:27 AM,1227.1,10,12271.0,127578318.70000005
2025-08-01 09:50:30 AM,1226.6,0,0.0,127578318.70000005
2025-08-01 09:50:30 AM,1226.6,29,35571.399999999994,127613890.10000005
2025-08-01 09:50:31 AM,1227.1,0,0.0,127613890.10000005
2025-08-01 09:50:33 AM,1227.1,22,26996.199999999997,127640886.30000006
2025-08-01 09:50:36 AM,1226.7,30,36801.0,127677687.30000006
2025-08-01 09:50:39 AM,1226.7,9,11040.300000000001,127688727.60000005
2025-08-01 09:50:40 AM,1227.1,0,0.0,127688727.60000005
2025-08-01 09:50:42 AM,1226.7,0,0.0,127688727.60000005
2025-08-01 09:50:42 AM,1226.7,38,46614.6,127735342.20000005
2025-08-01 09:50:43 AM,1226.6,0,0.0,127735342.20000005
2025-08-01 09:50:45 AM,1226.7,0,0.0,127735342.20000005
2025-08-01 09:50:45 AM,1226.7,50,61335.0,127796677.20000005
2025-08-01 09:50:49 AM,1226.7,221,271100.7,128067777.90000005
2025-08-01 09:50:54 AM,1227.0,0,0.0,128067777.90000005
2025-08-01 09:50:55 AM,1227.0,18,22086.0,128089863.90000005
2025-08-01 09:50:57 AM,1227.0,27,33129.0,128122992.90000005
2025-08-01 09:51:03 AM,1227.3,0,0.0,128122992.90000005
2025-08-01 09:51:03 AM,1227.3,634,778108.2,128901101.10000005
2025-08-01 09:51:03 AM,1227.5,40,49100.0,128950201.10000005
2025-08-01 09:51:04 AM,1227.4,6,7364.400000000001,128957565.50000006
2025-08-01 09:51:04 AM,1227.6,0,0.0,128957565.50000006
2025-08-01 09:51:05 AM,1227.6,3,3682.7999999999997,128961248.30000006
2025-08-01 09:51:06 AM,1227.7,0,0.0,128961248.30000006
2025-08-01 09:51:07 AM,1227.7,50,61385.0,129022633.30000006
2025-08-01 09:51:11 AM,1227.7,6,7366.200000000001,129029999.50000006
2025-08-01 09:51:15 AM,1228.0,0,0.0,129029999.50000006
2025-08-01 09:51:16 AM,1228.0,1,1228.0,129031227.50000006
2025-08-01 09:51:19 AM,1227.9,0,0.0,129031227.50000006
2025-08-01 09:51:20 AM,1227.9,5,6139.5,129037367.00000006
2025-08-01 09:51:23 AM,1227.9,21,25785.9,129063152.90000007
2025-08-01 09:51:25 AM,1227.9,19,23330.100000000002,129086483.00000006
2025-08-01 09:51:28 AM,1228.0,37,45436.0,129131919.00000006
2025-08-01 09:51:31 AM,1228.2,0,0.0,129131919.00000006
2025-08-01 09:51:31 AM,1228.2,9,11053.800000000001,129142972.80000006
2025-08-01 09:51:42 AM,1228.0,0,0.0,129142972.80000006
2025-08-01 09:51:43 AM,1228.0,40,49120.0,129192092.80000006
2025-08-01 09:51:48 AM,1228.1,5,6140.5,129198233.30000006
2025-08-01 09:51:50 AM,1228.5,100,122850.0,129321083.30000006
2025-08-01 09:51:51 AM,1228.4,0,0.0,129321083.30000006
2025-08-01 09:51:51 AM,1228.4,9,11055.6,129332138.90000005
2025-08-01 09:51:53 AM,1228.4,45,55278.00000000001,129387416.90000005
2025-08-01 09:51:57 AM,1228.6,0,0.0,129387416.90000005
2025-08-01 09:51:57 AM,1228.6,14,17200.399999999998,129404617.30000006
2025-08-01 09:52:06 AM,1228.0,76,93328.0,129497945.30000006
2025-08-01 09:52:11 AM,1228.1,0,0.0,129497945.30000006
2025-08-01 09:52:12 AM,1228.1,4,4912.4,129502857.70000006
2025-08-01 09:52:24 AM,1228.5,0,0.0,129502857.70000006
2025-08-01 09:52:25 AM,1228.5,12,14742.0,129517599.70000006
2025-08-01 09:52:27 AM,1228.4,0,0.0,129517599.70000006
2025-08-01 09:52:28 AM,1228.4,28,34395.200000000004,129551994.90000007
2025-08-01 09:52:34 AM,1228.4,46,56506.4,129608501.30000007
2025-08-01 09:52:40 AM,1228.4,30,36852.0,129645353.30000007
2025-08-01 09:52:45 AM,1228.1,0,0.0,129645353.30000007
2025-08-01 09:52:46 AM,1228.2,139,170719.80000000002,129816073.10000007
2025-08-01 09:52:48 AM,1228.1,0,0.0,129816073.10000007
2025-08-01 09:52:49 AM,1228.1,5,6140.5,129822213.60000007
2025-08-01 09:52:51 AM,1228.2,0,0.0,129822213.60000007
2025-08-01 09:52:53 AM,1228.2,7,8597.4,129830811.00000007
2025-08-01 09:53:03 AM,1228.1,0,0.0,129830811.00000007
2025-08-01 09:53:04 AM,1228.1,1,1228.1,129832039.10000007
2025-08-01 09:53:06 AM,1228.0,0,0.0,129832039.10000007
2025-08-01 09:53:06 AM,1228.1,0,0.0,129832039.10000007
2025-08-01 09:53:07 AM,1228.1,30,36843.0,129868882.10000007
2025-08-01 09:53:09 AM,1228.2,0,0.0,129868882.10000007
2025-08-01 09:53:11 AM,1228.2,137,168263.4,130037145.50000007
2025-08-01 09:53:13 AM,1228.2,62,76148.40000000001,130113293.90000008
2025-08-01 09:53:15 AM,1228.4,0,0.0,130113293.90000008
2025-08-01 09:53:17 AM,1228.4,38,46679.200000000004,130159973.10000008
2025-08-01 09:53:19 AM,1228.4,86,105642.40000000001,130265615.50000009
2025-08-01 09:53:22 AM,1228.0,0,0.0,130265615.50000009
2025-08-01 09:53:24 AM,1227.4,68,83463.20000000001,130349078.70000009
2025-08-01 09:53:25 AM,1227.3,0,0.0,130349078.70000009
2025-08-01 09:53:26 AM,1227.3,5,6136.5,130355215.20000009
2025-08-01 09:53:31 AM,1227.0,0,0.0,130355215.20000009
2025-08-01 09:53:31 AM,1227.0,1,1227.0,130356442.20000009
2025-08-01 09:53:34 AM,1226.6,0,0.0,130356442.20000009
2025-08-01 09:53:35 AM,1226.6,2343,2873923.8,133230366.00000009
2025-08-01 09:53:40 AM,1226.9,0,0.0,133230366.00000009
2025-08-01 09:53:40 AM,1226.6,0,0.0,133230366.00000009
2025-08-01 09:53:42 AM,1226.6,112,137379.19999999998,133367745.20000009
2025-08-01 09:53:44 AM,1226.6,40,49064.0,133416809.20000009
2025-08-01 09:53:50 AM,1226.6,37,45384.2,133462193.4000001
2025-08-01 09:53:55 AM,1226.5,28,34342.0,133496535.4000001
2025-08-01 09:53:58 AM,1226.6,0,0.0,133496535.4000001
2025-08-01 09:54:00 AM,1226.6,50,61329.99999999999,133557865.4000001
2025-08-01 09:54:03 AM,1226.5,5,6132.5,133563997.9000001
2025-08-01 09:54:07 AM,1226.5,62,76043.0,133640040.9000001
2025-08-01 09:54:08 AM,1226.5,110,134915.0,133774955.9000001
2025-08-01 09:54:10 AM,1226.4,16,19622.4,133794578.3000001
2025-08-01 09:54:19 AM,1226.2,0,0.0,133794578.3000001
2025-08-01 09:54:20 AM,1226.4,124,152073.6,133946651.9000001
2025-08-01 09:54:23 AM,1226.0,0,0.0,133946651.9000001
2025-08-01 09:54:24 AM,1226.0,258,316308.0,134262959.9000001
2025-08-01 09:54:24 AM,1225.9,0,0.0,134262959.9000001
2025-08-01 09:54:25 AM,1225.9,6,7355.400000000001,134270315.3000001
2025-08-01 09:54:39 AM,1225.6,1,1225.6,134271540.9000001
2025-08-01 09:54:39 AM,1225.5,0,0.0,134271540.9000001
2025-08-01 09:54:40 AM,1225.5,20,24510.0,134296050.9000001
2025-08-01 09:54:50 AM,1225.2,39,47782.8,134343833.7000001
2025-08-01 09:54:51 AM,1225.2,1,1225.2,134345058.9000001
2025-08-01 09:54:52 AM,1225.4,0,0.0,134345058.9000001
2025-08-01 09:54:53 AM,1225.4,2,2450.8,134347509.7000001
2025-08-01 09:54:56 AM,1225.4,5,6127.0,134353636.7000001
2025-08-01 09:54:57 AM,1225.2,0,0.0,134353636.7000001
2025-08-01 09:54:58 AM,1225.2,11,13477.2,134367113.9000001
2025-08-01 09:54:59 AM,1225.2,15,18378.0,134385491.9000001
2025-08-01 09:54:59 AM,1225.2,2,2450.4,134387942.3000001
2025-08-01 09:54:59 AM,1225.1,0,0.0,134387942.3000001
2025-08-01 09:55:00 AM,1225.1,15,18376.5,134406318.8000001
2025-08-01 09:55:01 AM,1225.1,7,8575.699999999999,134414894.5000001
2025-08-01 09:55:02 AM,1225.1,278,340577.8,134755472.3000001
2025-08-01 09:55:02 AM,1225.2,0,0.0,134755472.3000001
2025-08-01 09:55:07 AM,1225.2,4,4900.8,134760373.1000001
2025-08-01 09:55:20 AM,1225.0,0,0.0,134760373.1000001
2025-08-01 09:55:20 AM,1225.0,15,18375.0,134778748.1000001
2025-08-01 09:55:24 AM,1225.1,0,0.0,134778748.1000001
2025-08-01 09:55:25 AM,1225.1,43,52679.299999999996,134831427.40000013
2025-08-01 09:55:31 AM,1225.0,0,0.0,134831427.40000013
2025-08-01 09:55:31 AM,1225.0,483,591675.0,135423102.40000013
2025-08-01 09:55:36 AM,1224.7,0,0.0,135423102.40000013
2025-08-01 09:55:37 AM,1224.0,19,23256.0,135446358.40000013
2025-08-01 09:55:40 AM,1224.7,0,0.0,135446358.40000013
2025-08-01 09:55:43 AM,1224.7,131,160435.7,135606794.1000001
2025-08-01 09:55:47 AM,1224.8,0,0.0,135606794.1000001
2025-08-01 09:55:49 AM,1226.2,1135,1391737.0,136998531.1000001
2025-08-01 09:55:56 AM,1225.1,10,12251.0,137010782.1000001
2025-08-01 09:55:59 AM,1225.4,0,0.0,137010782.1000001
2025-08-01 09:56:01 AM,1225.5,0,0.0,137010782.1000001
2025-08-01 09:56:01 AM,1225.5,89,109069.5,137119851.6000001
2025-08-01 09:56:08 AM,1224.6,0,0.0,137119851.6000001
2025-08-01 09:56:08 AM,1224.6,45,55106.99999999999,137174958.6000001
2025-08-01 09:56:10 AM,1224.3,0,0.0,137174958.6000001
2025-08-01 09:56:13 AM,1224.2,0,0.0,137174958.6000001
2025-08-01 09:56:13 AM,1224.2,116,142007.2,137316965.8000001
2025-08-01 09:56:22 AM,1224.6,0,0.0,137316965.8000001
2025-08-01 09:56:26 AM,1224.6,5,6123.0,137323088.8000001
2025-08-01 09:56:31 AM,1224.6,24,29390.399999999998,137352479.2000001
2025-08-01 09:56:32 AM,1224.7,0,0.0,137352479.2000001
2025-08-01 09:56:32 AM,1224.7,123,150638.1,137503117.3000001
2025-08-01 09:56:35 AM,1225.1,0,0.0,137503117.3000001
2025-08-01 09:56:37 AM,1225.1,30,36753.0,137539870.3000001
2025-08-01 09:56:43 AM,1224.6,0,0.0,137539870.3000001
2025-08-01 09:56:43 AM,1224.6,44,53882.399999999994,137593752.7000001
2025-08-01 09:56:44 AM,1224.1,51,62429.1,137656181.8000001
2025-08-01 09:56:46 AM,1224.0,0,0.0,137656181.8000001
2025-08-01 09:56:50 AM,1224.0,337,412488.0,138068669.8000001
2025-08-01 09:56:54 AM,1224.2,0,0.0,138068669.8000001
2025-08-01 09:56:55 AM,1224.0,517,632808.0,138701477.8000001
2025-08-01 09:56:57 AM,1223.3,1,1223.3,138702701.1000001
2025-08-01 09:56:59 AM,1224.2,0,0.0,138702701.1000001
2025-08-01 09:57:00 AM,1223.5,503,615420.5,139318121.6000001
2025-08-01 09:57:08 AM,1223.4,0,0.0,139318121.6000001
2025-08-01 09:57:08 AM,1223.4,52,63616.8,139381738.40000013
2025-08-01 09:57:14 AM,1223.8,5,6119.0,139387857.40000013
2025-08-01 09:57:24 AM,1223.0,0,0.0,139387857.40000013
2025-08-01 09:57:25 AM,1223.0,160,195680.0,139583537.40000013
2025-08-01 09:57:25 AM,1223.0,35,42805.0,139626342.40000013
2025-08-01 09:57:26 AM,1223.0,5,6115.0,139632457.40000013
2025-08-01 09:57:30 AM,1223.0,5,6115.0,139638572.40000013
2025-08-01 09:57:32 AM,1223.2,28,34249.6,139672822.00000012
2025-08-01 09:57:36 AM,1223.2,8,9785.6,139682607.6000001
2025-08-01 09:57:37 AM,1223.0,0,0.0,139682607.6000001
2025-08-01 09:57:37 AM,1223.0,20,24460.0,139707067.6000001
2025-08-01 09:57:40 AM,1223.0,4,4892.0,139711959.6000001
2025-08-01 09:57:42 AM,1223.1,0,0.0,139711959.6000001
2025-08-01 09:57:42 AM,1223.1,56,68493.59999999999,139780453.2000001
2025-08-01 09:57:48 AM,1223.1,34,41585.399999999994,139822038.6000001
2025-08-01 09:57:50 AM,1222.4,0,0.0,139822038.6000001
2025-08-01 09:57:50 AM,1222.4,974,1190617.6,141012656.2000001
2025-08-01 09:57:50 AM,1222.6,20,24452.0,141037108.2000001
2025-08-01 09:57:51 AM,1222.2,0,0.0,141037108.2000001
2025-08-01 09:57:51 AM,1222.6,93,113701.79999999999,141150810.00000012
2025-08-01 09:57:53 AM,1222.6,135,165051.0,141315861.00000012
2025-08-01 09:57:56 AM,1222.6,15,18339.0,141334200.00000012
2025-08-01 09:57:57 AM,1222.2,0,0.0,141334200.00000012
2025-08-01 09:57:57 AM,1222.2,347,424103.4,141758303.40000013
2025-08-01 09:57:58 AM,1222.1,0,0.0,141758303.40000013
2025-08-01 09:57:58 AM,1222.1,8,9776.8,141768080.20000014
2025-08-01 09:57:59 AM,1222.6,50,61129.99999999999,141829210.20000014
2025-08-01 09:58:02 AM,1222.4,60,73344.0,141902554.20000014
2025-08-01 09:58:05 AM,1222.4,10,12224.0,141914778.20000014
2025-08-01 09:58:06 AM,1222.4,1,1222.4,141916000.60000014
2025-08-01 09:58:07 AM,1222.1,0,0.0,141916000.60000014
2025-08-01 09:58:07 AM,1222.5,120,146700.0,142062700.60000014
2025-08-01 09:58:09 AM,1222.1,0,0.0,142062700.60000014
2025-08-01 09:58:09 AM,1222.1,20,24442.0,142087142.60000014
2025-08-01 09:58:09 AM,1222.6,100,122259.99999999999,142209402.60000014
2025-08-01 09:58:11 AM,1222.5,9,11002.5,142220405.10000014
2025-08-01 09:58:15 AM,1222.5,37,45232.5,142265637.60000014
2025-08-01 09:58:20 AM,1222.5,5,6112.5,142271750.10000014
2025-08-01 09:58:30 AM,1222.5,5,6112.5,142277862.60000014
2025-08-01 09:58:31 AM,1222.4,2,2444.8,142280307.40000015
2025-08-01 09:58:32 AM,1222.4,30,36672.0,142316979.40000015
2025-08-01 09:58:36 AM,1222.4,6,7334.400000000001,142324313.80000016
2025-08-01 09:58:38 AM,1222.4,10,12224.0,142336537.80000016
2025-08-01 09:58:41 AM,1222.1,50,61104.99999999999,142397642.80000016
2025-08-01 09:58:42 AM,1222.6,0,0.0,142397642.80000016
2025-08-01 09:58:42 AM,1222.6,431,526940.6,142924583.40000015
2025-08-01 09:58:52 AM,1222.9,68,83157.20000000001,143007740.60000014
2025-08-01 09:58:55 AM,1222.9,39,47693.100000000006,143055433.70000014
2025-08-01 09:59:11 AM,1222.7,5,6113.5,143061547.20000014
2025-08-01 09:59:13 AM,1223.0,551,673873.0,143735420.20000014
2025-08-01 09:59:15 AM,1223.0,33,40359.0,143775779.20000014
2025-08-01 09:59:19 AM,1223.0,50,61150.0,143836929.20000014
2025-08-01 09:59:20 AM,1222.7,10,12227.0,143849156.20000014
2025-08-01 09:59:23 AM,1223.0,0,0.0,143849156.20000014
2025-08-01 09:59:23 AM,1223.0,956,1169188.0,145018344.20000014
2025-08-01 09:59:24 AM,1223.2,67,81954.40000000001,145100298.60000014
2025-08-01 09:59:25 AM,1223.2,105,128436.0,145228734.60000014
2025-08-01 09:59:26 AM,1223.2,74,90516.8,145319251.40000015
2025-08-01 09:59:27 AM,1223.3,4,4893.2,145324144.60000014
2025-08-01 09:59:28 AM,1223.7,0,0.0,145324144.60000014
2025-08-01 09:59:28 AM,1223.7,40,48948.0,145373092.60000014
2025-08-01 09:59:30 AM,1223.4,20,24468.0,145397560.60000014
2025-08-01 09:59:31 AM,1223.6,0,0.0,145397560.60000014
2025-08-01 09:59:31 AM,1223.6,33,40378.799999999996,145437939.40000015
2025-08-01 09:59:33 AM,1223.6,94,115018.4,145552957.80000016
2025-08-01 09:59:34 AM,1223.6,10,12236.0,145565193.80000016
2025-08-01 09:59:47 AM,1223.6,10,12236.0,145577429.80000016
2025-08-01 09:59:49 AM,1223.4,23,28138.2,145605568.00000015
2025-08-01 09:59:59 AM,1223.5,0,0.0,145605568.00000015
2025-08-01 09:59:59 AM,1223.5,25,30587.5,145636155.50000015
2025-08-01 10:00:00 AM,1223.4,0,0.0,145636155.50000015
2025-08-01 10:00:00 AM,1223.4,5,6117.0,145642272.50000015
2025-08-01 10:00:03 AM,1223.4,15,18351.0,145660623.50000015
2025-08-01 10:00:16 AM,1223.5,33,40375.5,145700999.00000015
2025-08-01 10:00:19 AM,1223.4,0,0.0,145700999.00000015
2025-08-01 10:00:19 AM,1223.4,10,12234.0,145713233.00000015
2025-08-01 10:00:23 AM,1223.4,12,14680.800000000001,145727913.80000016
2025-08-01 10:00:29 AM,1223.5,17,20799.5,145748713.30000016
2025-08-01 10:00:31 AM,1223.4,0,0.0,145748713.30000016
2025-08-01 10:00:32 AM,1223.4,40,48936.0,145797649.30000016
2025-08-01 10:00:35 AM,1223.5,200,244700.0,146042349.30000016
2025-08-01 10:00:41 AM,1223.4,0,0.0,146042349.30000016
2025-08-01 10:00:41 AM,1223.4,5,6117.0,146048466.30000016
2025-08-01 10:00:45 AM,1223.4,2,2446.8,146050913.10000017
2025-08-01 10:00:48 AM,1223.6,0,0.0,146050913.10000017
2025-08-01 10:00:48 AM,1223.6,10,12236.0,146063149.10000017
2025-08-01 10:00:53 AM,1223.5,0,0.0,146063149.10000017
2025-08-01 10:00:54 AM,1223.6,47,57509.2,146120658.30000016
2025-08-01 10:00:57 AM,1223.6,119,145608.4,146266266.70000017
2025-08-01 10:00:59 AM,1223.4,0,0.0,146266266.70000017
2025-08-01 10:01:00 AM,1223.4,10,12234.0,146278500.70000017
2025-08-01 10:01:04 AM,1223.7,34,41605.8,146320106.50000018
2025-08-01 10:01:07 AM,1223.7,104,127264.8,146447371.3000002
2025-08-01 10:01:10 AM,1223.7,66,80764.2,146528135.50000018
2025-08-01 10:01:13 AM,1224.2,138,168939.6,146697075.10000017
2025-08-01 10:01:28 AM,1224.8,0,0.0,146697075.10000017
2025-08-01 10:01:29 AM,1224.8,114,139627.19999999998,146836702.30000016
2025-08-01 10:01:40 AM,1225.4,0,0.0,146836702.30000016
2025-08-01 10:01:41 AM,1225.3,0,0.0,146836702.30000016
2025-08-01 10:01:41 AM,1225.3,83,101699.9,146938402.20000017
2025-08-01 10:01:48 AM,1226.0,124,152024.0,147090426.20000017
2025-08-01 10:01:53 AM,1225.9,0,0.0,147090426.20000017
2025-08-01 10:01:54 AM,1225.9,10,12259.0,147102685.20000017
2025-08-01 10:02:00 AM,1226.4,203,248959.2,147351644.40000015
2025-08-01 10:02:01 AM,1226.3,10,12263.0,147363907.40000015
2025-08-01 10:02:01 AM,1226.9,3,3680.7000000000003,147367588.10000014
2025-08-01 10:02:04 AM,1227.1,0,0.0,147367588.10000014
2025-08-01 10:02:04 AM,1227.1,8,9816.8,147377404.90000015
2025-08-01 10:02:05 AM,1227.1,50,61354.99999999999,147438759.90000015
2025-08-01 10:02:06 AM,1226.5,0,0.0,147438759.90000015
2025-08-01 10:02:06 AM,1226.5,1,1226.5,147439986.40000015
2025-08-01 10:02:12 AM,1227.0,0,0.0,147439986.40000015
2025-08-01 10:02:12 AM,1227.0,20,24540.0,147464526.40000015
2025-08-01 10:02:15 AM,1227.1,0,0.0,147464526.40000015
2025-08-01 10:02:15 AM,1227.1,100,122709.99999999999,147587236.40000015
2025-08-01 10:02:16 AM,1227.1,90,110438.99999999999,147697675.40000015
2025-08-01 10:02:17 AM,1226.9,25,30672.500000000004,147728347.90000015
2025-08-01 10:02:20 AM,1226.7,44,53974.8,147782322.70000017
2025-08-01 10:02:21 AM,1226.8,0,0.0,147782322.70000017
2025-08-01 10:02:21 AM,1226.8,10,12268.0,147794590.70000017
2025-08-01 10:02:22 AM,1226.6,36,44157.6,147838748.30000016
2025-08-01 10:02:29 AM,1227.0,126,154602.0,147993350.30000016
2025-08-01 10:02:32 AM,1226.9,0,0.0,147993350.30000016
2025-08-01 10:02:32 AM,1226.9,89,109194.1,148102544.40000015
2025-08-01 10:02:34 AM,1227.1,0,0.0,148102544.40000015
2025-08-01 10:02:34 AM,1227.1,269,330089.89999999997,148432634.30000016
2025-08-01 10:02:34 AM,1227.9,125,153487.5,148586121.80000016
2025-08-01 10:02:35 AM,1227.2,100,122720.0,148708841.80000016
2025-08-01 10:02:39 AM,1227.6,2,2455.2,148711297.00000015
2025-08-01 10:02:43 AM,1227.4,0,0.0,148711297.00000015
2025-08-01 10:02:43 AM,1227.4,7,8591.800000000001,148719888.80000016
2025-08-01 10:02:45 AM,1228.0,0,0.0,148719888.80000016
2025-08-01 10:02:45 AM,1228.0,20,24560.0,148744448.80000016
2025-08-01 10:02:45 AM,1228.0,5,6140.0,148750588.80000016
2025-08-01 10:02:53 AM,1227.0,0,0.0,148750588.80000016
2025-08-01 10:02:53 AM,1227.0,229,280983.0,149031571.80000016
2025-08-01 10:03:00 AM,1226.8,33,40484.4,149072056.20000017
2025-08-01 10:03:01 AM,1226.8,40,49072.0,149121128.20000017
2025-08-01 10:03:03 AM,1227.3,0,0.0,149121128.20000017
2025-08-01 10:03:03 AM,1227.3,14,17182.2,149138310.40000015
2025-08-01 10:03:11 AM,1226.9,0,0.0,149138310.40000015
2025-08-01 10:03:11 AM,1226.9,10,12269.0,149150579.40000015
2025-08-01 10:03:12 AM,1227.2,0,0.0,149150579.40000015
2025-08-01 10:03:12 AM,1227.2,40,49088.0,149199667.40000015
2025-08-01 10:03:13 AM,1227.3,0,0.0,149199667.40000015
2025-08-01 10:03:13 AM,1227.3,123,150957.9,149350625.30000016
2025-08-01 10:03:14 AM,1227.5,0,0.0,149350625.30000016
2025-08-01 10:03:14 AM,1227.5,109,133797.5,149484422.80000016
2025-08-01 10:03:16 AM,1228.0,0,0.0,149484422.80000016
2025-08-01 10:03:16 AM,1228.0,42,51576.0,149535998.80000016
2025-08-01 10:03:17 AM,1227.7,0,0.0,149535998.80000016
2025-08-01 10:03:17 AM,1227.7,50,61385.0,149597383.80000016
2025-08-01 10:03:17 AM,1227.5,2,2455.0,149599838.80000016
2025-08-01 10:03:21 AM,1227.9,0,0.0,149599838.80000016
2025-08-01 10:03:21 AM,1227.9,40,49116.0,149648954.80000016
2025-08-01 10:03:23 AM,1228.3,0,0.0,149648954.80000016
2025-08-01 10:03:23 AM,1228.2,103,126504.6,149775459.40000015
2025-08-01 10:03:27 AM,1229.0,0,0.0,149775459.40000015
2025-08-01 10:03:27 AM,1229.0,1,1229.0,149776688.40000015
2025-08-01 10:03:36 AM,1228.6,0,0.0,149776688.40000015
2025-08-01 10:03:36 AM,1228.6,77,94602.2,149871290.60000014
2025-08-01 10:03:36 AM,1229.0,50,61450.0,149932740.60000014
2025-08-01 10:03:38 AM,1228.3,1,1228.3,149933968.90000015
2025-08-01 10:03:40 AM,1228.3,15,18424.5,149952393.40000015
2025-08-01 10:03:50 AM,1228.4,0,0.0,149952393.40000015
2025-08-01 10:03:50 AM,1228.4,5,6142.0,149958535.40000015
2025-08-01 10:04:00 AM,1228.4,1,1228.4,149959763.80000016
2025-08-01 10:04:01 AM,1227.9,200,245580.00000000003,150205343.80000016
2025-08-01 10:04:01 AM,1227.9,39,47888.100000000006,150253231.90000015
2025-08-01 10:04:10 AM,1227.9,3,3683.7000000000003,150256915.60000014
2025-08-01 10:04:10 AM,1227.9,92,112966.8,150369882.40000015
2025-08-01 10:04:13 AM,1228.3,0,0.0,150369882.40000015
2025-08-01 10:04:13 AM,1228.3,13,15967.9,150385850.30000016
2025-08-01 10:04:15 AM,1228.2,3,3684.6000000000004,150389534.90000015
2025-08-01 10:04:16 AM,1227.9,0,0.0,150389534.90000015
2025-08-01 10:04:16 AM,1227.9,3,3683.7000000000003,150393218.60000014
2025-08-01 10:04:18 AM,1227.9,34,41748.600000000006,150434967.20000014
2025-08-01 10:04:22 AM,1227.9,6,7367.400000000001,150442334.60000014
2025-08-01 10:04:28 AM,1227.7,0,0.0,150442334.60000014
2025-08-01 10:04:28 AM,1227.7,2,2455.4,150444790.00000015
2025-08-01 10:04:30 AM,1227.9,195,239440.50000000003,150684230.50000015
2025-08-01 10:04:33 AM,1228.9,0,0.0,150684230.50000015
2025-08-01 10:04:33 AM,1228.9,217,266671.30000000005,150950901.80000016
2025-08-01 10:04:34 AM,1228.5,0,0.0,150950901.80000016
2025-08-01 10:04:34 AM,1228.5,76,93366.0,151044267.80000016
2025-08-01 10:04:47 AM,1228.6,11,13514.599999999999,151057782.40000015
2025-08-01 10:04:50 AM,1228.6,5,6143.0,151063925.40000015
2025-08-01 10:04:51 AM,1228.6,1,1228.6,151065154.00000015
2025-08-01 10:04:53 AM,1228.6,18,22114.8,151087268.80000016
2025-08-01 10:04:53 AM,1228.5,82,100737.0,151188005.80000016
2025-08-01 10:04:54 AM,1228.6,50,61429.99999999999,151249435.80000016
2025-08-01 10:04:57 AM,1228.6,105,129002.99999999999,151378438.80000016
2025-08-01 10:04:59 AM,1228.9,21,25806.9,151404245.70000017
2025-08-01 10:05:01 AM,1228.5,0,0.0,151404245.70000017
2025-08-01 10:05:02 AM,1227.8,221,271343.8,151675589.50000018
2025-08-01 10:05:05 AM,1227.8,1,1227.8,151676817.3000002
2025-08-01 10:05:15 AM,1227.0,10,12270.0,151689087.3000002
2025-08-01 10:05:27 AM,1227.2,336,412339.2,152101426.50000018
2025-08-01 10:05:29 AM,1227.2,71,87131.2,152188557.70000017
2025-08-01 10:05:41 AM,1227.3,0,0.0,152188557.70000017
2025-08-01 10:05:41 AM,1227.9,266,326621.4,152515179.10000017
2025-08-01 10:05:44 AM,1228.3,0,0.0,152515179.10000017
2025-08-01 10:05:45 AM,1227.4,125,153425.0,152668604.10000017
2025-08-01 10:05:47 AM,1228.5,0,0.0,152668604.10000017
2025-08-01 10:05:47 AM,1228.8,1353,1662566.4,154331170.50000018
2025-08-01 10:05:51 AM,1229.0,1,1229.0,154332399.50000018
2025-08-01 10:05:53 AM,1228.0,0,0.0,154332399.50000018
2025-08-01 10:05:53 AM,1228.0,704,864512.0,155196911.50000018
2025-08-01 10:05:55 AM,1227.7,0,0.0,155196911.50000018
2025-08-01 10:05:56 AM,1227.2,0,0.0,155196911.50000018
2025-08-01 10:05:57 AM,1227.4,148,181655.2,155378566.70000017
2025-08-01 10:05:59 AM,1227.3,0,0.0,155378566.70000017
2025-08-01 10:06:00 AM,1227.3,12,14727.599999999999,155393294.30000016
2025-08-01 10:06:02 AM,1226.5,0,0.0,155393294.30000016
2025-08-01 10:06:02 AM,1226.5,134,164351.0,155557645.30000016
2025-08-01 10:06:08 AM,1225.9,10,12259.0,155569904.30000016
2025-08-01 10:06:10 AM,1225.2,4,4900.8,155574805.10000017
2025-08-01 10:06:21 AM,1225.2,23,28179.600000000002,155602984.70000017
2025-08-01 10:06:22 AM,1225.1,0,0.0,155602984.70000017
2025-08-01 10:06:22 AM,1225.1,5,6125.5,155609110.20000017
2025-08-01 10:06:23 AM,1225.1,17,20826.699999999997,155629936.90000015
2025-08-01 10:06:24 AM,1225.2,241,295273.2,155925210.10000014
2025-08-01 10:06:27 AM,1225.2,44,53908.8,155979118.90000015
2025-08-01 10:06:29 AM,1224.8,0,0.0,155979118.90000015
2025-08-01 10:06:29 AM,1224.8,1807,2213213.6,158192332.50000015
2025-08-01 10:06:32 AM,1224.8,243,297626.39999999997,158489958.90000015
2025-08-01 10:06:32 AM,1225.1,10,12251.0,158502209.90000015
2025-08-01 10:06:33 AM,1224.5,17,20816.5,158523026.40000015
2025-08-01 10:06:34 AM,1225.1,0,0.0,158523026.40000015
2025-08-01 10:06:34 AM,1225.1,360,441035.99999999994,158964062.40000015
2025-08-01 10:06:37 AM,1224.5,50,61225.0,159025287.40000015
2025-08-01 10:06:42 AM,1224.5,12,14694.0,159039981.40000015
2025-08-01 10:06:44 AM,1224.0,17,20808.0,159060789.40000015
2025-08-01 10:06:48 AM,1224.3,0,0.0,159060789.40000015
2025-08-01 10:06:48 AM,1224.3,165,202009.5,159262798.90000015
2025-08-01 10:06:51 AM,1224.2,5,6121.0,159268919.90000015
2025-08-01 10:06:52 AM,1224.7,161,197176.7,159466096.60000014
2025-08-01 10:06:53 AM,1224.4,0,0.0,159466096.60000014
2025-08-01 10:06:53 AM,1224.4,1,1224.4,159467321.00000015
2025-08-01 10:06:54 AM,1224.6,0,0.0,159467321.00000015
2025-08-01 10:06:54 AM,1224.6,5,6123.0,159473444.00000015
2025-08-01 10:06:56 AM,1224.5,0,0.0,159473444.00000015
2025-08-01 10:06:56 AM,1224.5,25,30612.5,159504056.50000015
2025-08-01 10:07:06 AM,1223.7,119,145620.30000000002,159649676.80000016
2025-08-01 10:07:06 AM,1223.7,4,4894.8,159654571.60000017
2025-08-01 10:07:07 AM,1223.7,35,42829.5,159697401.10000017
2025-08-01 10:07:10 AM,1223.4,7,8563.800000000001,159705964.90000018
2025-08-01 10:07:11 AM,1223.5,0,0.0,159705964.90000018
2025-08-01 10:07:11 AM,1223.5,1,1223.5,159707188.40000018
2025-08-01 10:07:13 AM,1223.5,13,15905.5,159723093.90000018
2025-08-01 10:07:16 AM,1223.5,25,30587.5,159753681.40000018
2025-08-01 10:07:18 AM,1223.5,13,15905.5,159769586.90000018
2025-08-01 10:07:19 AM,1223.8,80,97904.0,159867490.90000018
2025-08-01 10:07:30 AM,1224.7,0,0.0,159867490.90000018
2025-08-01 10:07:30 AM,1224.7,10,12247.0,159879737.90000018
2025-08-01 10:07:31 AM,1224.6,0,0.0,159879737.90000018
2025-08-01 10:07:31 AM,1224.6,19,23267.399999999998,159903005.3000002
2025-08-01 10:07:34 AM,1224.6,2,2449.2,159905454.50000018
2025-08-01 10:07:37 AM,1224.8,0,0.0,159905454.50000018
2025-08-01 10:07:37 AM,1224.7,123,150638.1,160056092.60000017
2025-08-01 10:07:37 AM,1224.8,22,26945.6,160083038.20000017
2025-08-01 10:07:42 AM,1226.5,23,28209.5,160111247.70000017
2025-08-01 10:07:43 AM,1226.5,1,1226.5,160112474.20000017
2025-08-01 10:07:46 AM,1226.3,33,40467.9,160152942.10000017
2025-08-01 10:07:49 AM,1227.0,533,653991.0,160806933.10000017
2025-08-01 10:07:50 AM,1226.7,0,0.0,160806933.10000017
2025-08-01 10:07:50 AM,1226.7,38,46614.6,160853547.70000017
2025-08-01 10:07:51 AM,1226.3,6,7357.799999999999,160860905.50000018
2025-08-01 10:07:53 AM,1226.9,106,130051.40000000001,160990956.90000018
2025-08-01 10:08:00 AM,1226.8,5,6134.0,160997090.90000018
2025-08-01 10:08:03 AM,1227.0,1,1227.0,160998317.90000018
2025-08-01 10:08:04 AM,1227.0,52,63804.0,161062121.90000018
2025-08-01 10:08:08 AM,1227.0,50,61350.0,161123471.90000018
2025-08-01 10:08:09 AM,1226.9,0,0.0,161123471.90000018
2025-08-01 10:08:09 AM,1226.9,20,24538.0,161148009.90000018
2025-08-01 10:08:11 AM,1227.0,0,0.0,161148009.90000018
2025-08-01 10:08:11 AM,1227.0,2,2454.0,161150463.90000018
2025-08-01 10:08:21 AM,1227.0,40,49080.0,161199543.90000018
2025-08-01 10:08:23 AM,1227.0,1,1227.0,161200770.90000018
2025-08-01 10:08:28 AM,1227.2,0,0.0,161200770.90000018
2025-08-01 10:08:28 AM,1227.2,93,114129.6,161314900.50000018
2025-08-01 10:08:29 AM,1226.9,207,253968.30000000002,161568868.8000002
2025-08-01 10:08:30 AM,1227.1,0,0.0,161568868.8000002
2025-08-01 10:08:30 AM,1227.1,58,71171.79999999999,161640040.6000002
2025-08-01 10:08:37 AM,1226.0,100,122600.0,161762640.6000002
2025-08-01 10:08:38 AM,1226.8,0,0.0,161762640.6000002
2025-08-01 10:08:38 AM,1226.8,220,269896.0,162032536.6000002
2025-08-01 10:08:39 AM,1226.4,0,0.0,162032536.6000002
2025-08-01 10:08:39 AM,1226.4,2,2452.8,162034989.4000002
2025-08-01 10:08:42 AM,1227.0,0,0.0,162034989.4000002
2025-08-01 10:08:42 AM,1227.0,11,13497.0,162048486.4000002
2025-08-01 10:08:44 AM,1226.6,25,30664.999999999996,162079151.4000002
2025-08-01 10:08:47 AM,1227.1,321,393899.1,162473050.5000002
2025-08-01 10:08:49 AM,1226.6,1,1226.6,162474277.1000002
2025-08-01 10:08:51 AM,1227.0,0,0.0,162474277.1000002
2025-08-01 10:08:51 AM,1227.0,11,13497.0,162487774.1000002
2025-08-01 10:08:52 AM,1227.0,20,24540.0,162512314.1000002
2025-08-01 10:08:53 AM,1227.0,12,14724.0,162527038.1000002
2025-08-01 10:08:55 AM,1226.5,0,0.0,162527038.1000002
2025-08-01 10:08:55 AM,1226.5,57,69910.5,162596948.6000002
2025-08-01 10:08:58 AM,1227.0,0,0.0,162596948.6000002
2025-08-01 10:08:58 AM,1227.0,52,63804.0,162660752.6000002
2025-08-01 10:09:06 AM,1227.1,15,18406.5,162679159.1000002
2025-08-01 10:09:17 AM,1226.9,0,0.0,162679159.1000002
2025-08-01 10:09:18 AM,1226.9,40,49076.0,162728235.1000002
2025-08-01 10:09:28 AM,1226.4,0,0.0,162728235.1000002
2025-08-01 10:09:29 AM,1226.4,14,17169.600000000002,162745404.7000002
2025-08-01 10:09:31 AM,1226.5,0,0.0,162745404.7000002
2025-08-01 10:09:31 AM,1226.5,5,6132.5,162751537.2000002
2025-08-01 10:09:38 AM,1226.7,0,0.0,162751537.2000002
2025-08-01 10:09:41 AM,1226.7,56,68695.2,162820232.40000018
2025-08-01 10:09:46 AM,1227.2,0,0.0,162820232.40000018
2025-08-01 10:09:47 AM,1227.2,450,552240.0,163372472.40000018
2025-08-01 10:09:54 AM,1226.6,24,29438.399999999998,163401910.8000002
2025-08-01 10:10:02 AM,1226.7,0,0.0,163401910.8000002
2025-08-01 10:10:02 AM,1226.6,55,67463.0,163469373.8000002
2025-08-01 10:10:03 AM,1226.6,31,38024.6,163507398.40000018
2025-08-01 10:10:04 AM,1226.8,0,0.0,163507398.40000018
2025-08-01 10:10:04 AM,1226.8,64,78515.2,163585913.60000017
2025-08-01 10:10:12 AM,1226.8,8,9814.4,163595728.00000018
2025-08-01 10:10:15 AM,1226.7,0,0.0,163595728.00000018
2025-08-01 10:10:15 AM,1226.7,31,38027.700000000004,163633755.70000017
2025-08-01 10:10:20 AM,1226.4,5,6132.0,163639887.70000017
2025-08-01 10:10:23 AM,1226.5,0,0.0,163639887.70000017
2025-08-01 10:10:24 AM,1226.5,2,2453.0,163642340.70000017
2025-08-01 10:10:34 AM,1226.4,0,0.0,163642340.70000017
2025-08-01 10:10:34 AM,1226.4,7,8584.800000000001,163650925.50000018
2025-08-01 10:10:34 AM,1226.4,40,49056.0,163699981.50000018
2025-08-01 10:10:41 AM,1226.5,213,261244.5,163961226.00000018
2025-08-01 10:10:44 AM,1226.7,0,0.0,163961226.00000018
2025-08-01 10:10:44 AM,1226.7,177,217125.9,164178351.90000018
2025-08-01 10:10:45 AM,1226.9,21,25764.9,164204116.8000002
2025-08-01 10:10:52 AM,1227.5,0,0.0,164204116.8000002
2025-08-01 10:10:52 AM,1227.5,450,552375.0,164756491.8000002
2025-08-01 10:11:04 AM,1227.0,28,34356.0,164790847.8000002
2025-08-01 10:11:15 AM,1226.7,17,20853.9,164811701.7000002
2025-08-01 10:11:28 AM,1226.7,35,42934.5,164854636.2000002
2025-08-01 10:11:31 AM,1226.8,0,0.0,164854636.2000002
2025-08-01 10:11:31 AM,1227.1,0,0.0,164854636.2000002
2025-08-01 10:11:32 AM,1227.1,58,71171.79999999999,164925808.0000002
2025-08-01 10:11:40 AM,1227.5,0,0.0,164925808.0000002
2025-08-01 10:11:44 AM,1227.5,500,613750.0,165539558.0000002
2025-08-01 10:11:58 AM,1227.2,0,0.0,165539558.0000002
2025-08-01 10:12:01 AM,1227.1,0,0.0,165539558.0000002
2025-08-01 10:12:01 AM,1227.1,116,142343.59999999998,165681901.6000002
2025-08-01 10:12:04 AM,1227.3,0,0.0,165681901.6000002
2025-08-01 10:12:07 AM,1227.3,56,68728.8,165750630.4000002
2025-08-01 10:12:13 AM,1227.3,36,44182.799999999996,165794813.20000023
2025-08-01 10:12:19 AM,1227.8,0,0.0,165794813.20000023
2025-08-01 10:12:19 AM,1228.7,3023,3714360.1,169509173.30000022
2025-08-01 10:12:22 AM,1228.2,0,0.0,169509173.30000022
2025-08-01 10:12:24 AM,1227.7,0,0.0,169509173.30000022
2025-08-01 10:12:25 AM,1227.7,65,79800.5,169588973.80000022
2025-08-01 10:12:28 AM,1228.0,0,0.0,169588973.80000022
2025-08-01 10:12:31 AM,1228.0,84,103152.0,169692125.80000022
2025-08-01 10:12:36 AM,1228.0,424,520672.0,170212797.80000022
2025-08-01 10:12:42 AM,1228.6,2,2457.2,170215255.0000002
2025-08-01 10:12:43 AM,1227.9,0,0.0,170215255.0000002
2025-08-01 10:12:43 AM,1227.9,52,63850.8,170279105.80000022
2025-08-01 10:12:51 AM,1228.0,0,0.0,170279105.80000022
2025-08-01 10:12:54 AM,1228.0,43,52804.0,170331909.80000022
2025-08-01 10:12:55 AM,1228.7,0,0.0,170331909.80000022
2025-08-01 10:12:59 AM,1227.9,50,61395.00000000001,170393304.80000022
2025-08-01 10:13:04 AM,1228.4,0,0.0,170393304.80000022
2025-08-01 10:13:05 AM,1228.3,13,15967.9,170409272.70000023
2025-08-01 10:13:07 AM,1227.8,0,0.0,170409272.70000023
2025-08-01 10:13:10 AM,1227.9,0,0.0,170409272.70000023
2025-08-01 10:13:11 AM,1227.9,659,809186.1000000001,171218458.80000022
2025-08-01 10:13:12 AM,1227.9,31,38064.9,171256523.70000023
2025-08-01 10:13:17 AM,1227.9,39,47888.100000000006,171304411.80000022
2025-08-01 10:13:19 AM,1227.6,0,0.0,171304411.80000022
2025-08-01 10:13:22 AM,1227.8,0,0.0,171304411.80000022
2025-08-01 10:13:23 AM,1227.8,17,20872.6,171325284.4000002
2025-08-01 10:13:24 AM,1227.8,79,96996.2,171422280.6000002
2025-08-01 10:13:28 AM,1227.9,0,0.0,171422280.6000002
2025-08-01 10:13:29 AM,1227.9,365,448183.50000000006,171870464.1000002
2025-08-01 10:13:31 AM,1228.7,0,0.0,171870464.1000002
2025-08-01 10:13:31 AM,1229.0,0,0.0,171870464.1000002
2025-08-01 10:13:34 AM,1229.7,0,0.0,171870464.1000002
2025-08-01 10:13:35 AM,1230.0,753,926190.0,172796654.1000002
2025-08-01 10:13:36 AM,1229.3,166,204063.8,173000717.9000002
2025-08-01 10:13:41 AM,1228.9,89,109372.1,173110090.0000002
2025-08-01 10:13:55 AM,1228.2,0,0.0,173110090.0000002
2025-08-01 10:13:59 AM,1228.2,705,865881.0,173975971.0000002
2025-08-01 10:14:00 AM,1228.0,45,55260.0,174031231.0000002
2025-08-01 10:14:07 AM,1228.1,0,0.0,174031231.0000002
2025-08-01 10:14:07 AM,1228.1,10,12281.0,174043512.0000002
2025-08-01 10:14:10 AM,1228.3,148,181788.4,174225300.4000002
2025-08-01 10:14:12 AM,1228.2,50,61410.0,174286710.4000002
2025-08-01 10:14:24 AM,1227.8,0,0.0,174286710.4000002
2025-08-01 10:14:24 AM,1227.8,30,36834.0,174323544.4000002
2025-08-01 10:14:27 AM,1227.8,1,1227.8,174324772.20000023
2025-08-01 10:14:29 AM,1227.8,5,6139.0,174330911.20000023
2025-08-01 10:14:36 AM,1227.8,1,1227.8,174332139.00000024
2025-08-01 10:14:39 AM,1227.8,1,1227.8,174333366.80000025
2025-08-01 10:14:41 AM,1227.6,0,0.0,174333366.80000025
2025-08-01 10:14:41 AM,1227.6,7,8593.199999999999,174341960.00000024
2025-08-01 10:14:41 AM,1227.6,40,49104.0,174391064.00000024
2025-08-01 10:14:44 AM,1227.7,0,0.0,174391064.00000024
2025-08-01 10:14:44 AM,1227.7,7,8593.9,174399657.90000024
2025-08-01 10:14:44 AM,1227.9,0,0.0,174399657.90000024
2025-08-01 10:14:44 AM,1227.9,600,736740.0,175136397.90000024
2025-08-01 10:14:49 AM,1227.9,5,6139.5,175142537.40000024
2025-08-01 10:14:55 AM,1227.9,61,74901.90000000001,175217439.30000025
2025-08-01 10:14:55 AM,1227.9,70,85953.0,175303392.30000025
2025-08-01 10:14:56 AM,1228.4,232,284988.80000000005,175588381.10000026
2025-08-01 10:14:58 AM,1228.9,0,0.0,175588381.10000026
2025-08-01 10:14:58 AM,1228.9,28,34409.200000000004,175622790.30000025
2025-08-01 10:14:58 AM,1228.9,12,14746.800000000001,175637537.10000026
2025-08-01 10:14:59 AM,1229.4,10,12294.0,175649831.10000026
2025-08-01 10:15:08 AM,1229.2,31,38105.200000000004,175687936.30000025
2025-08-01 10:15:12 AM,1228.6,0,0.0,175687936.30000025
2025-08-01 10:15:13 AM,1228.8,462,567705.6,176255641.90000024
2025-08-01 10:15:26 AM,1228.2,14,17194.8,176272836.70000026
2025-08-01 10:15:32 AM,1228.2,9,11053.800000000001,176283890.50000027
2025-08-01 10:15:34 AM,1228.8,0,0.0,176283890.50000027
2025-08-01 10:15:38 AM,1228.8,142,174489.6,176458380.10000026
2025-08-01 10:15:50 AM,1228.8,5,6144.0,176464524.10000026
2025-08-01 10:16:02 AM,1228.8,15,18432.0,176482956.10000026
2025-08-01 10:16:11 AM,1228.0,25,30700.0,176513656.10000026
2025-08-01 10:16:12 AM,1228.5,500,614250.0,177127906.10000026
2025-08-01 10:16:14 AM,1228.5,100,122850.0,177250756.10000026
2025-08-01 10:16:17 AM,1228.4,100,122840.00000000001,177373596.10000026
2025-08-01 10:16:34 AM,1227.6,0,0.0,177373596.10000026
2025-08-01 10:16:34 AM,1227.6,5,6138.0,177379734.10000026
2025-08-01 10:16:35 AM,1227.6,1,1227.6,177380961.70000026
2025-08-01 10:16:35 AM,1227.7,28,34375.6,177415337.30000025
2025-08-01 10:16:40 AM,1227.7,47,57701.9,177473039.20000026
2025-08-01 10:16:43 AM,1228.0,0,0.0,177473039.20000026
2025-08-01 10:16:43 AM,1228.0,7,8596.0,177481635.20000026
2025-08-01 10:16:44 AM,1228.1,14,17193.399999999998,177498828.60000026
2025-08-01 10:16:50 AM,1227.9,40,49116.0,177547944.60000026
2025-08-01 10:16:51 AM,1228.0,5,6140.0,177554084.60000026
2025-08-01 10:17:04 AM,1228.5,126,154791.0,177708875.60000026
2025-08-01 10:17:11 AM,1228.3,0,0.0,177708875.60000026
2025-08-01 10:17:11 AM,1228.3,1,1228.3,177710103.90000027
2025-08-01 10:17:11 AM,1228.2,5,6141.0,177716244.90000027
2025-08-01 10:17:27 AM,1227.8,0,0.0,177716244.90000027
2025-08-01 10:17:27 AM,1227.8,50,61390.0,177777634.90000027
2025-08-01 10:17:27 AM,1227.8,44,54023.2,177831658.10000026
2025-08-01 10:17:29 AM,1228.0,0,0.0,177831658.10000026
2025-08-01 10:17:29 AM,1228.0,9,11052.0,177842710.10000026
2025-08-01 10:17:32 AM,1228.2,374,459346.8,178302056.90000027
2025-08-01 10:17:34 AM,1228.6,0,0.0,178302056.90000027
2025-08-01 10:17:34 AM,1228.6,273,335407.8,178637464.7000003
2025-08-01 10:17:38 AM,1228.8,67,82329.59999999999,178719794.30000028
2025-08-01 10:17:40 AM,1229.2,0,0.0,178719794.30000028
2025-08-01 10:17:40 AM,1229.2,73,89731.6,178809525.90000027
2025-08-01 10:17:44 AM,1229.2,236,290091.2,179099617.10000026
2025-08-01 10:17:47 AM,1229.1,0,0.0,179099617.10000026
2025-08-01 10:17:47 AM,1229.1,34,41789.399999999994,179141406.50000027
2025-08-01 10:18:08 AM,1229.1,30,36873.0,179178279.50000027
2025-08-01 10:18:12 AM,1229.0,0,0.0,179178279.50000027
2025-08-01 10:18:14 AM,1229.1,10,12291.0,179190570.50000027
2025-08-01 10:18:14 AM,1229.1,45,55309.49999999999,179245880.00000027
2025-08-01 10:18:15 AM,1230.0,0,0.0,179245880.00000027
2025-08-01 10:18:16 AM,1229.4,0,0.0,179245880.00000027
2025-08-01 10:18:20 AM,1229.4,454,558147.6000000001,179804027.60000026
2025-08-01 10:18:22 AM,1228.3,0,0.0,179804027.60000026
2025-08-01 10:18:24 AM,1229.1,0,0.0,179804027.60000026
2025-08-01 10:18:25 AM,1228.8,0,0.0,179804027.60000026
2025-08-01 10:18:26 AM,1228.8,504,619315.2,180423342.80000025
2025-08-01 10:18:26 AM,1227.9,100,122790.00000000001,180546132.80000025
2025-08-01 10:18:31 AM,1227.6,152,186595.19999999998,180732728.00000024
2025-08-01 10:18:39 AM,1227.7,0,0.0,180732728.00000024
2025-08-01 10:18:43 AM,1227.7,64,78572.8,180811300.80000025
2025-08-01 10:18:43 AM,1227.7,4,4910.8,180816211.60000026
2025-08-01 10:18:44 AM,1227.6,0,0.0,180816211.60000026
2025-08-01 10:18:49 AM,1227.6,45,55241.99999999999,180871453.60000026
2025-08-01 10:18:53 AM,1227.7,0,0.0,180871453.60000026
2025-08-01 10:18:54 AM,1227.7,42,51563.4,180923017.00000027
2025-08-01 10:18:54 AM,1227.6,40,49104.0,180972121.00000027
2025-08-01 10:18:58 AM,1227.7,0,0.0,180972121.00000027
2025-08-01 10:19:00 AM,1227.7,173,212392.1,181184513.10000026
2025-08-01 10:19:12 AM,1228.2,1,1228.2,181185741.30000025
2025-08-01 10:19:12 AM,1228.5,54,66339.0,181252080.30000025
2025-08-01 10:19:17 AM,1228.4,0,0.0,181252080.30000025
2025-08-01 10:19:17 AM,1228.4,1,1228.4,181253308.70000026
2025-08-01 10:19:24 AM,1228.2,0,0.0,181253308.70000026
2025-08-01 10:19:24 AM,1228.2,7,8597.4,181261906.10000026
2025-08-01 10:19:34 AM,1228.1,0,0.0,181261906.10000026
2025-08-01 10:19:34 AM,1228.1,5,6140.5,181268046.60000026
2025-08-01 10:19:35 AM,1227.9,32,39292.8,181307339.40000027
2025-08-01 10:19:40 AM,1228.0,0,0.0,181307339.40000027
2025-08-01 10:19:40 AM,1228.0,1,1228.0,181308567.40000027
2025-08-01 10:19:45 AM,1227.7,0,0.0,181308567.40000027
2025-08-01 10:19:45 AM,1227.7,6,7366.200000000001,181315933.60000026
2025-08-01 10:19:46 AM,1227.8,0,0.0,181315933.60000026
2025-08-01 10:19:46 AM,1227.8,30,36834.0,181352767.60000026
2025-08-01 10:19:56 AM,1227.5,14,17185.0,181369952.60000026
2025-08-01 10:20:05 AM,1227.5,40,49100.0,181419052.60000026
2025-08-01 10:20:17 AM,1227.4,0,0.0,181419052.60000026
2025-08-01 10:20:17 AM,1227.4,40,49096.0,181468148.60000026
2025-08-01 10:20:17 AM,1227.4,5,6137.0,181474285.60000026
2025-08-01 10:20:29 AM,1227.2,0,0.0,181474285.60000026
2025-08-01 10:20:29 AM,1227.2,269,330116.8,181804402.40000027
2025-08-01 10:20:32 AM,1228.0,0,0.0,181804402.40000027
2025-08-01 10:20:32 AM,1227.9,0,0.0,181804402.40000027
2025-08-01 10:20:32 AM,1227.9,574,704814.6000000001,182509217.00000027
2025-08-01 10:20:34 AM,1228.0,0,0.0,182509217.00000027
2025-08-01 10:20:34 AM,1228.0,83,101924.0,182611141.00000027
2025-08-01 10:20:37 AM,1227.8,41,50339.799999999996,182661480.80000028
2025-08-01 10:20:43 AM,1227.9,0,0.0,182661480.80000028
2025-08-01 10:20:43 AM,1227.9,6,7367.400000000001,182668848.2000003
2025-08-01 10:20:44 AM,1227.9,40,49116.0,182717964.2000003
2025-08-01 10:20:45 AM,1227.8,0,0.0,182717964.2000003
2025-08-01 10:20:45 AM,1227.8,5,6139.0,182724103.2000003
2025-08-01 10:20:47 AM,1227.9,0,0.0,182724103.2000003
2025-08-01 10:20:47 AM,1227.9,6,7367.400000000001,182731470.6000003
2025-08-01 10:20:53 AM,1227.9,2,2455.8,182733926.4000003
2025-08-01 10:20:57 AM,1227.9,9,11051.1,182744977.5000003
2025-08-01 10:20:58 AM,1227.9,3,3683.7000000000003,182748661.2000003
2025-08-01 10:21:00 AM,1227.9,2,2455.8,182751117.0000003
2025-08-01 10:21:03 AM,1227.9,1,1227.9,182752344.9000003
2025-08-01 10:21:04 AM,1227.8,5,6139.0,182758483.9000003
2025-08-01 10:21:07 AM,1227.8,1,1227.8,182759711.70000032
2025-08-01 10:21:17 AM,1227.8,5,6139.0,182765850.70000032
2025-08-01 10:21:17 AM,1227.6,19,23324.399999999998,182789175.10000032
2025-08-01 10:21:24 AM,1227.6,21,25779.6,182814954.70000032
2025-08-01 10:21:25 AM,1227.6,5,6138.0,182821092.70000032
2025-08-01 10:21:28 AM,1227.6,40,49104.0,182870196.70000032
2025-08-01 10:21:37 AM,1227.6,82,100663.2,182970859.9000003
2025-08-01 10:21:39 AM,1227.7,14,17187.8,182988047.70000032
2025-08-01 10:21:45 AM,1227.6,5,6138.0,182994185.70000032
2025-08-01 10:21:47 AM,1227.7,0,0.0,182994185.70000032
2025-08-01 10:21:48 AM,1227.7,1,1227.7,182995413.4000003
2025-08-01 10:21:57 AM,1227.6,40,49104.0,183044517.4000003
2025-08-01 10:21:58 AM,1227.7,0,0.0,183044517.4000003
2025-08-01 10:21:58 AM,1227.7,153,187838.1,183232355.5000003
2025-08-01 10:22:00 AM,1227.7,28,34375.6,183266731.1000003
2025-08-01 10:22:02 AM,1228.3,441,541680.2999999999,183808411.4000003
2025-08-01 10:22:07 AM,1228.7,8,9829.6,183818241.0000003
2025-08-01 10:22:09 AM,1228.7,53,65121.100000000006,183883362.1000003
2025-08-01 10:22:10 AM,1228.7,4,4914.8,183888276.9000003
2025-08-01 10:22:12 AM,1228.5,19,23341.5,183911618.4000003
2025-08-01 10:22:15 AM,1228.8,0,0.0,183911618.4000003
2025-08-01 10:22:15 AM,1228.8,1,1228.8,183912847.20000032
2025-08-01 10:22:19 AM,1228.7,1,1228.7,183914075.9000003
2025-08-01 10:22:26 AM,1228.2,5,6141.0,183920216.9000003
2025-08-01 10:22:27 AM,1228.2,39,47899.8,183968116.70000032
2025-08-01 10:22:29 AM,1228.6,0,0.0,183968116.70000032
2025-08-01 10:22:29 AM,1228.6,7,8600.199999999999,183976716.9000003
2025-08-01 10:22:32 AM,1228.6,50,61429.99999999999,184038146.9000003
2025-08-01 10:22:34 AM,1227.9,0,0.0,184038146.9000003
2025-08-01 10:22:34 AM,1227.9,148,181729.2,184219876.1000003
2025-08-01 10:22:34 AM,1228.2,50,61410.0,184281286.1000003
2025-08-01 10:22:38 AM,1228.0,0,0.0,184281286.1000003
2025-08-01 10:22:38 AM,1228.0,42,51576.0,184332862.1000003
2025-08-01 10:22:53 AM,1228.0,36,44208.0,184377070.1000003
2025-08-01 10:22:56 AM,1228.1,0,0.0,184377070.1000003
2025-08-01 10:22:56 AM,1228.1,13,15965.3,184393035.4000003
2025-08-01 10:22:57 AM,1228.0,0,0.0,184393035.4000003
2025-08-01 10:22:57 AM,1228.0,488,599264.0,184992299.4000003
2025-08-01 10:23:04 AM,1227.1,0,0.0,184992299.4000003
2025-08-01 10:23:04 AM,1227.1,1,1227.1,184993526.5000003
2025-08-01 10:23:09 AM,1227.8,0,0.0,184993526.5000003
2025-08-01 10:23:09 AM,1227.8,104,127691.2,185121217.7000003
2025-08-01 10:23:19 AM,1227.5,0,0.0,185121217.7000003
2025-08-01 10:23:19 AM,1227.5,2,2455.0,185123672.7000003
2025-08-01 10:23:26 AM,1227.1,0,0.0,185123672.7000003
2025-08-01 10:23:27 AM,1227.2,0,0.0,185123672.7000003
2025-08-01 10:23:27 AM,1227.2,43,52769.6,185176442.30000028
2025-08-01 10:23:28 AM,1227.5,0,0.0,185176442.30000028
2025-08-01 10:23:28 AM,1227.5,95,116612.5,185293054.80000028
2025-08-01 10:23:45 AM,1227.5,200,245500.0,185538554.80000028
2025-08-01 10:23:48 AM,1227.5,4,4910.0,185543464.80000028
2025-08-01 10:23:52 AM,1227.9,0,0.0,185543464.80000028
2025-08-01 10:23:52 AM,1227.9,100,122790.00000000001,185666254.80000028
2025-08-01 10:24:02 AM,1227.7,2,2455.4,185668710.2000003
2025-08-01 10:24:06 AM,1227.4,0,0.0,185668710.2000003
2025-08-01 10:24:06 AM,1227.4,5,6137.0,185674847.2000003
2025-08-01 10:24:07 AM,1227.5,26,31915.0,185706762.2000003
2025-08-01 10:24:09 AM,1227.5,4,4910.0,185711672.2000003
2025-08-01 10:24:16 AM,1227.5,61,74877.5,185786549.7000003
2025-08-01 10:24:18 AM,1227.6,0,0.0,185786549.7000003
2025-08-01 10:24:18 AM,1227.6,9,11048.4,185797598.1000003
2025-08-01 10:24:25 AM,1227.4,31,38049.4,185835647.5000003
2025-08-01 10:24:34 AM,1227.4,5,6137.0,185841784.5000003
2025-08-01 10:24:36 AM,1227.4,40,49096.0,185890880.5000003
2025-08-01 10:24:45 AM,1227.4,5,6137.0,185897017.5000003
2025-08-01 10:24:46 AM,1227.5,10,12275.0,185909292.5000003
2025-08-01 10:24:52 AM,1227.5,1,1227.5,185910520.0000003
2025-08-01 10:24:57 AM,1227.4,0,0.0,185910520.0000003
2025-08-01 10:24:57 AM,1227.4,40,49096.0,185959616.0000003
2025-08-01 10:25:05 AM,1227.4,5,6137.0,185965753.0000003
2025-08-01 10:25:13 AM,1227.5,48,58920.0,186024673.0000003
2025-08-01 10:25:16 AM,1227.4,5,6137.0,186030810.0000003
2025-08-01 10:25:22 AM,1227.1,29,35585.899999999994,186066395.9000003
2025-08-01 10:25:26 AM,1227.1,5,6135.5,186072531.4000003
2025-08-01 10:25:27 AM,1227.1,35,42948.5,186115479.9000003
2025-08-01 10:25:45 AM,1227.1,5,6135.5,186121615.4000003
2025-08-01 10:25:47 AM,1227.1,40,49084.0,186170699.4000003
2025-08-01 10:25:48 AM,1227.1,5,6135.5,186176834.9000003
2025-08-01 10:25:49 AM,1227.2,0,0.0,186176834.9000003
2025-08-01 10:25:49 AM,1227.2,7,8590.4,186185425.3000003
2025-08-01 10:25:52 AM,1227.2,7,8590.4,186194015.70000032
2025-08-01 10:25:53 AM,1227.1,115,141116.5,186335132.20000032
2025-08-01 10:25:57 AM,1227.1,40,49084.0,186384216.20000032
2025-08-01 10:25:59 AM,1227.2,0,0.0,186384216.20000032
2025-08-01 10:25:59 AM,1227.2,2,2454.4,186386670.60000032
2025-08-01 10:26:16 AM,1227.0,197,241719.0,186628389.60000032
2025-08-01 10:26:16 AM,1227.0,45,55215.0,186683604.60000032
2025-08-01 10:26:25 AM,1227.0,5,6135.0,186689739.60000032
2025-08-01 10:26:31 AM,1227.1,30,36813.0,186726552.60000032
2025-08-01 10:26:34 AM,1227.1,5,6135.5,186732688.10000032
2025-08-01 10:26:36 AM,1227.0,40,49080.0,186781768.10000032
2025-08-01 10:26:42 AM,1227.1,26,31904.6,186813672.70000032
2025-08-01 10:26:44 AM,1227.0,5,6135.0,186819807.70000032
2025-08-01 10:26:52 AM,1227.1,3,3681.2999999999997,186823489.00000033
2025-08-01 10:26:57 AM,1227.0,0,0.0,186823489.00000033
2025-08-01 10:26:57 AM,1227.0,50,61350.0,186884839.00000033
2025-08-01 10:26:57 AM,1227.0,40,49080.0,186933919.00000033
2025-08-01 10:27:04 AM,1227.1,9,11043.9,186944962.90000033
2025-08-01 10:27:05 AM,1227.1,11,13498.099999999999,186958461.00000033
2025-08-01 10:27:17 AM,1226.7,0,0.0,186958461.00000033
2025-08-01 10:27:17 AM,1226.7,631,774047.7000000001,187732508.70000032
2025-08-01 10:27:19 AM,1227.0,0,0.0,187732508.70000032
2025-08-01 10:27:19 AM,1227.0,38,46626.0,187779134.70000032
2025-08-01 10:27:45 AM,1226.7,0,0.0,187779134.70000032
2025-08-01 10:27:45 AM,1226.7,10,12267.0,187791401.70000032
2025-08-01 10:27:47 AM,1226.7,38,46614.6,187838016.3000003
2025-08-01 10:27:50 AM,1226.7,7,8586.9,187846603.20000032
2025-08-01 10:28:03 AM,1226.5,0,0.0,187846603.20000032
2025-08-01 10:28:03 AM,1226.5,1,1226.5,187847829.70000032
2025-08-01 10:28:05 AM,1226.2,0,0.0,187847829.70000032
2025-08-01 10:28:05 AM,1226.2,40,49048.0,187896877.70000032
2025-08-01 10:28:09 AM,1226.3,6,7357.799999999999,187904235.50000033
2025-08-01 10:28:10 AM,1226.3,450,551835.0,188456070.50000033
2025-08-01 10:28:16 AM,1226.2,10,12262.0,188468332.50000033
2025-08-01 10:28:21 AM,1226.2,67,82155.40000000001,188550487.90000033
2025-08-01 10:28:25 AM,1226.1,0,0.0,188550487.90000033
2025-08-01 10:28:25 AM,1226.1,5,6130.5,188556618.40000033
2025-08-01 10:28:28 AM,1226.2,1,1226.2,188557844.60000032
2025-08-01 10:28:30 AM,1226.2,50,61310.0,188619154.60000032
2025-08-01 10:28:36 AM,1226.2,100,122620.0,188741774.60000032
2025-08-01 10:28:37 AM,1226.2,250,306550.0,189048324.60000032
2025-08-01 10:28:37 AM,1226.1,0,0.0,189048324.60000032
2025-08-01 10:28:37 AM,1226.1,9,11034.9,189059359.50000033
2025-08-01 10:28:39 AM,1226.1,63,77244.29999999999,189136603.80000034
2025-08-01 10:28:41 AM,1226.1,25,30652.499999999996,189167256.30000034
2025-08-01 10:28:43 AM,1226.0,59,72334.0,189239590.30000034
2025-08-01 10:28:44 AM,1226.0,5,6130.0,189245720.30000034
2025-08-01 10:28:59 AM,1226.0,24,29424.0,189275144.30000034
2025-08-01 10:29:01 AM,1226.0,25,30650.0,189305794.30000034
2025-08-01 10:29:02 AM,1226.0,10,12260.0,189318054.30000034
2025-08-01 10:29:03 AM,1226.0,30,36780.0,189354834.30000034
2025-08-01 10:29:05 AM,1225.9,0,0.0,189354834.30000034
2025-08-01 10:29:05 AM,1225.9,5,6129.5,189360963.80000034
2025-08-01 10:29:06 AM,1225.9,66,80909.40000000001,189441873.20000035
2025-08-01 10:29:07 AM,1226.0,5,6130.0,189448003.20000035
2025-08-01 10:29:09 AM,1226.0,407,498982.0,189946985.20000035
2025-08-01 10:29:11 AM,1226.1,10,12261.0,189959246.20000035
2025-08-01 10:29:15 AM,1226.1,47,57626.7,190016872.90000033
2025-08-01 10:29:18 AM,1226.0,5,6130.0,190023002.90000033
2025-08-01 10:29:23 AM,1226.0,20,24520.0,190047522.90000033
2025-08-01 10:29:24 AM,1225.9,10,12259.0,190059781.90000033
2025-08-01 10:29:25 AM,1225.9,5,6129.5,190065911.40000033
2025-08-01 10:29:28 AM,1225.9,5,6129.5,190072040.90000033
2025-08-01 10:29:37 AM,1225.8,10,12258.0,190084298.90000033
2025-08-01 10:29:38 AM,1225.8,40,49032.0,190133330.90000033
2025-08-01 10:29:39 AM,1225.9,0,0.0,190133330.90000033
2025-08-01 10:29:39 AM,1225.9,6,7355.400000000001,190140686.30000034
2025-08-01 10:29:40 AM,1226.1,0,0.0,190140686.30000034
2025-08-01 10:29:40 AM,1226.1,346,424230.6,190564916.90000033
2025-08-01 10:29:42 AM,1226.1,16,19617.6,190584534.50000033
2025-08-01 10:29:49 AM,1226.1,100,122609.99999999999,190707144.50000033
2025-08-01 10:29:59 AM,1226.2,0,0.0,190707144.50000033
2025-08-01 10:29:59 AM,1226.2,7,8583.4,190715727.90000033
2025-08-01 10:30:03 AM,1226.7,435,533614.5,191249342.40000033
2025-08-01 10:30:06 AM,1226.9,5,6134.5,191255476.90000033
2025-08-01 10:30:14 AM,1227.7,0,0.0,191255476.90000033
2025-08-01 10:30:14 AM,1227.7,130,159601.0,191415077.90000033
2025-08-01 10:30:23 AM,1227.5,3,3682.5,191418760.40000033
2025-08-01 10:30:24 AM,1227.0,0,0.0,191418760.40000033
2025-08-01 10:30:26 AM,1226.8,162,198741.6,191617502.00000033
2025-08-01 10:30:27 AM,1226.5,0,0.0,191617502.00000033
2025-08-01 10:30:27 AM,1226.7,0,0.0,191617502.00000033
2025-08-01 10:30:28 AM,1226.7,11,13493.7,191630995.70000032
2025-08-01 10:30:41 AM,1226.3,0,0.0,191630995.70000032
2025-08-01 10:30:43 AM,1226.3,32,39241.6,191670237.3000003
2025-08-01 10:30:49 AM,1226.2,0,0.0,191670237.3000003
2025-08-01 10:30:49 AM,1226.2,25,30655.0,191700892.3000003
2025-08-01 10:30:51 AM,1226.3,0,0.0,191700892.3000003
2025-08-01 10:30:51 AM,1226.3,45,55183.5,191756075.8000003
2025-08-01 10:31:00 AM,1226.3,2,2452.6,191758528.4000003
2025-08-01 10:31:01 AM,1226.3,40,49052.0,191807580.4000003
2025-08-01 10:31:08 AM,1226.4,17,20848.800000000003,191828429.20000032
2025-08-01 10:31:09 AM,1226.3,0,0.0,191828429.20000032
2025-08-01 10:31:09 AM,1226.3,12,14715.599999999999,191843144.8000003
2025-08-01 10:31:10 AM,1226.3,11,13489.3,191856634.10000032
2025-08-01 10:31:13 AM,1226.7,102,125123.40000000001,191981757.50000033
2025-08-01 10:31:19 AM,1226.7,7,8586.9,191990344.40000033
2025-08-01 10:31:22 AM,1226.6,10,12266.0,192002610.40000033
2025-08-01 10:31:25 AM,1226.5,0,0.0,192002610.40000033
2025-08-01 10:31:25 AM,1226.5,5,6132.5,192008742.90000033
2025-08-01 10:31:29 AM,1226.5,30,36795.0,192045537.90000033
2025-08-01 10:31:31 AM,1226.7,3,3680.1000000000004,192049218.00000033
2025-08-01 10:31:33 AM,1226.5,11,13491.5,192062709.50000033
2025-08-01 10:31:35 AM,1226.7,0,0.0,192062709.50000033
2025-08-01 10:31:35 AM,1226.7,71,87095.7,192149805.20000032
2025-08-01 10:31:36 AM,1226.9,261,320220.9,192470026.10000032
2025-08-01 10:31:41 AM,1227.5,0,0.0,192470026.10000032
2025-08-01 10:31:41 AM,1227.5,40,49100.0,192519126.10000032
2025-08-01 10:31:42 AM,1227.6,1,1227.6,192520353.70000032
2025-08-01 10:31:46 AM,1227.6,17,20869.199999999997,192541222.9000003
2025-08-01 10:31:53 AM,1227.7,0,0.0,192541222.9000003
2025-08-01 10:31:53 AM,1227.7,216,265183.2,192806406.1000003
2025-08-01 10:31:54 AM,1227.9,0,0.0,192806406.1000003
