date,price,qty,trnvr,cum_trnvr
2025-08-01 09:15:02 AM,3628.6,4230,15348978.0,15348978.0
2025-08-01 09:15:03 AM,3627.8,248,899694.4,16248672.4
2025-08-01 09:15:03 AM,3618.1,0,0.0,16248672.4
2025-08-01 09:15:04 AM,3623.7,826,2993176.1999999997,19241848.6
2025-08-01 09:15:04 AM,3619.9,0,0.0,19241848.6
2025-08-01 09:15:05 AM,3623.3,182,659440.6,19901289.200000003
2025-08-01 09:15:05 AM,3617.4,0,0.0,19901289.200000003
2025-08-01 09:15:06 AM,3617.4,131,473879.4,20375168.6
2025-08-01 09:15:06 AM,3620.5,142,514111.0,20889279.6
2025-08-01 09:15:07 AM,3613.3,706,2550989.8000000003,23440269.400000002
2025-08-01 09:15:07 AM,3613.5,0,0.0,23440269.400000002
2025-08-01 09:15:08 AM,3613.5,125,451687.5,23891956.900000002
2025-08-01 09:15:08 AM,3613.9,0,0.0,23891956.900000002
2025-08-01 09:15:09 AM,3616.6,54,195296.4,24087253.3
2025-08-01 09:15:10 AM,3615.9,236,853352.4,24940605.7
2025-08-01 09:15:10 AM,3614.0,0,0.0,24940605.7
2025-08-01 09:15:11 AM,3615.9,328,1186015.2,26126620.9
2025-08-01 09:15:12 AM,3615.3,71,256686.30000000002,26383307.2
2025-08-01 09:15:12 AM,3613.1,0,0.0,26383307.2
2025-08-01 09:15:13 AM,3614.9,33,119291.7,26502598.9
2025-08-01 09:15:13 AM,3618.8,0,0.0,26502598.9
2025-08-01 09:15:14 AM,3618.8,1000,3618800.0,30121398.9
2025-08-01 09:15:14 AM,3618.9,0,0.0,30121398.9
2025-08-01 09:15:15 AM,3618.9,65,235228.5,30356627.4
2025-08-01 09:15:16 AM,3617.9,417,1508664.3,31865291.7
2025-08-01 09:15:16 AM,3615.5,0,0.0,31865291.7
2025-08-01 09:15:17 AM,3615.5,42,151851.0,32017142.7
2025-08-01 09:15:17 AM,3617.5,0,0.0,32017142.7
2025-08-01 09:15:18 AM,3617.5,12,43410.0,32060552.7
2025-08-01 09:15:18 AM,3615.0,0,0.0,32060552.7
2025-08-01 09:15:19 AM,3614.0,1428,5160792.0,37221344.7
2025-08-01 09:15:19 AM,3614.9,0,0.0,37221344.7
2025-08-01 09:15:20 AM,3614.9,267,965178.3,38186523.0
2025-08-01 09:15:21 AM,3614.7,672,2429078.4,40615601.4
2025-08-01 09:15:21 AM,3611.9,0,0.0,40615601.4
2025-08-01 09:15:22 AM,3611.9,163,588739.7000000001,41204341.1
2025-08-01 09:15:23 AM,3614.6,221,798826.6,42003167.7
2025-08-01 09:15:23 AM,3613.7,0,0.0,42003167.7
2025-08-01 09:15:23 AM,3613.4,0,0.0,42003167.7
2025-08-01 09:15:24 AM,3613.4,346,1250236.4000000001,43253404.1
2025-08-01 09:15:25 AM,3613.1,50,180655.0,43434059.1
2025-08-01 09:15:25 AM,3612.8,0,0.0,43434059.1
2025-08-01 09:15:26 AM,3612.8,92,332377.60000000003,43766436.7
2025-08-01 09:15:27 AM,3613.6,614,2218750.4,45985187.1
2025-08-01 09:15:27 AM,3613.6,89,321610.39999999997,46306797.5
2025-08-01 09:15:29 AM,3612.3,31,111981.3,46418778.8
2025-08-01 09:15:29 AM,3613.6,0,0.0,46418778.8
2025-08-01 09:15:30 AM,3612.6,714,2579396.4,48998175.199999996
2025-08-01 09:15:31 AM,3612.9,195,704515.5,49702690.699999996
2025-08-01 09:15:31 AM,3614.9,0,0.0,49702690.699999996
2025-08-01 09:15:32 AM,3614.9,55,198819.5,49901510.199999996
2025-08-01 09:15:32 AM,3614.0,0,0.0,49901510.199999996
2025-08-01 09:15:33 AM,3614.9,755,2729249.5,52630759.699999996
2025-08-01 09:15:33 AM,3614.8,0,0.0,52630759.699999996
2025-08-01 09:15:34 AM,3614.8,189,683197.2000000001,53313956.9
2025-08-01 09:15:34 AM,3615.2,0,0.0,53313956.9
2025-08-01 09:15:35 AM,3615.2,1824,6594124.8,59908081.699999996
2025-08-01 09:15:36 AM,3615.0,25,90375.0,59998456.699999996
2025-08-01 09:15:36 AM,3615.0,46,166290.0,60164746.699999996
2025-08-01 09:15:36 AM,3616.2,0,0.0,60164746.699999996
2025-08-01 09:15:37 AM,3615.1,378,1366507.8,61531254.49999999
2025-08-01 09:15:37 AM,3616.2,0,0.0,61531254.49999999
2025-08-01 09:15:37 AM,3616.2,64,231436.8,61762691.29999999
2025-08-01 09:15:39 AM,3617.0,481,1739777.0,63502468.29999999
2025-08-01 09:15:39 AM,3615.5,0,0.0,63502468.29999999
2025-08-01 09:15:40 AM,3615.5,230,831565.0,64334033.29999999
2025-08-01 09:15:40 AM,3615.1,0,0.0,64334033.29999999
2025-08-01 09:15:41 AM,3615.1,467,1688251.7,66022284.99999999
2025-08-01 09:15:43 AM,3617.1,0,0.0,66022284.99999999
2025-08-01 09:15:44 AM,3617.0,524,1895308.0,67917593.0
2025-08-01 09:15:44 AM,3617.0,39,141063.0,68058656.0
2025-08-01 09:15:46 AM,3617.0,250,904250.0,68962906.0
2025-08-01 09:15:46 AM,3617.0,75,271275.0,69234181.0
2025-08-01 09:15:47 AM,3617.0,3,10851.0,69245032.0
2025-08-01 09:15:48 AM,3614.8,0,0.0,69245032.0
2025-08-01 09:15:48 AM,3616.4,373,1348917.2,70593949.2
2025-08-01 09:15:49 AM,3616.7,0,0.0,70593949.2
2025-08-01 09:15:49 AM,3616.4,311,1124700.4000000001,71718649.60000001
2025-08-01 09:15:50 AM,3614.9,0,0.0,71718649.60000001
2025-08-01 09:15:50 AM,3614.9,3,10844.7,71729494.30000001
2025-08-01 09:15:51 AM,3616.4,0,0.0,71729494.30000001
2025-08-01 09:15:51 AM,3616.4,10,36164.0,71765658.30000001
2025-08-01 09:15:52 AM,3615.7,2,7231.4,71772889.70000002
2025-08-01 09:15:53 AM,3615.5,0,0.0,71772889.70000002
2025-08-01 09:15:53 AM,3615.5,30,108465.0,71881354.70000002
2025-08-01 09:15:54 AM,3616.4,0,0.0,71881354.70000002
2025-08-01 09:15:54 AM,3616.4,125,452050.0,72333404.70000002
2025-08-01 09:15:55 AM,3617.8,0,0.0,72333404.70000002
2025-08-01 09:15:55 AM,3617.8,16,57884.8,72391289.50000001
2025-08-01 09:15:56 AM,3616.1,0,0.0,72391289.50000001
2025-08-01 09:15:56 AM,3616.1,185,668978.5,73060268.00000001
2025-08-01 09:15:57 AM,3616.9,0,0.0,73060268.00000001
2025-08-01 09:15:57 AM,3616.9,31,112123.90000000001,73172391.90000002
2025-08-01 09:15:58 AM,3617.6,0,0.0,73172391.90000002
2025-08-01 09:15:58 AM,3617.6,4,14470.4,73186862.30000003
2025-08-01 09:15:59 AM,3617.4,3,10852.2,73197714.50000003
2025-08-01 09:16:00 AM,3616.2,0,0.0,73197714.50000003
2025-08-01 09:16:00 AM,3616.2,100,361620.0,73559334.50000003
2025-08-01 09:16:01 AM,3616.8,362,1309281.6,74868616.10000002
2025-08-01 09:16:02 AM,3616.7,30,108501.0,74977117.10000002
2025-08-01 09:16:02 AM,3619.0,1000,3619000.0,78596117.10000002
2025-08-01 09:16:02 AM,3616.7,0,0.0,78596117.10000002
2025-08-01 09:16:03 AM,3616.7,1,3616.7,78599733.80000003
2025-08-01 09:16:05 AM,3616.0,0,0.0,78599733.80000003
2025-08-01 09:16:06 AM,3616.0,243,878688.0,79478421.80000003
2025-08-01 09:16:06 AM,3616.7,0,0.0,79478421.80000003
2025-08-01 09:16:07 AM,3616.7,25,90417.5,79568839.30000003
2025-08-01 09:16:07 AM,3615.7,0,0.0,79568839.30000003
2025-08-01 09:16:08 AM,3615.2,291,1052023.2,80620862.50000003
2025-08-01 09:16:08 AM,3615.8,0,0.0,80620862.50000003
2025-08-01 09:16:09 AM,3616.1,226,817238.6,81438101.10000002
2025-08-01 09:16:11 AM,3616.1,177,640049.7,82078150.80000003
2025-08-01 09:16:12 AM,3616.1,35,126563.5,82204714.30000003
2025-08-01 09:16:12 AM,3615.7,0,0.0,82204714.30000003
2025-08-01 09:16:13 AM,3615.7,3,10847.099999999999,82215561.40000002
2025-08-01 09:16:15 AM,3615.0,0,0.0,82215561.40000002
2025-08-01 09:16:15 AM,3615.0,28,101220.0,82316781.40000002
2025-08-01 09:16:17 AM,3615.0,1,3615.0,82320396.40000002
2025-08-01 09:16:17 AM,3614.9,0,0.0,82320396.40000002
2025-08-01 09:16:18 AM,3614.9,55,198819.5,82519215.90000002
2025-08-01 09:16:18 AM,3615.7,2,7231.4,82526447.30000003
2025-08-01 09:16:18 AM,3614.9,0,0.0,82526447.30000003
2025-08-01 09:16:19 AM,3614.9,25,90372.5,82616819.80000003
2025-08-01 09:16:19 AM,3615.7,0,0.0,82616819.80000003
2025-08-01 09:16:20 AM,3615.7,100,361570.0,82978389.80000003
2025-08-01 09:16:21 AM,3615.7,51,184400.69999999998,83162790.50000003
2025-08-01 09:16:22 AM,3615.7,125,451962.5,83614753.00000003
2025-08-01 09:16:23 AM,3615.0,125,451875.0,84066628.00000003
2025-08-01 09:16:23 AM,3615.7,0,0.0,84066628.00000003
2025-08-01 09:16:24 AM,3615.7,2,7231.4,84073859.40000004
2025-08-01 09:16:25 AM,3615.7,11,39772.7,84113632.10000004
2025-08-01 09:16:27 AM,3615.7,160,578512.0,84692144.10000004
2025-08-01 09:16:28 AM,3615.0,0,0.0,84692144.10000004
2025-08-01 09:16:28 AM,3615.7,107,386879.89999999997,85079024.00000004
2025-08-01 09:16:30 AM,3614.8,0,0.0,85079024.00000004
2025-08-01 09:16:31 AM,3614.8,225,813330.0,85892354.00000004
2025-08-01 09:16:31 AM,3615.7,0,0.0,85892354.00000004
2025-08-01 09:16:32 AM,3615.7,50,180785.0,86073139.00000004
2025-08-01 09:16:32 AM,3614.9,0,0.0,86073139.00000004
2025-08-01 09:16:32 AM,3614.8,0,0.0,86073139.00000004
2025-08-01 09:16:33 AM,3614.8,257,929003.6000000001,87002142.60000004
2025-08-01 09:16:34 AM,3614.8,569,2056821.2000000002,89058963.80000004
2025-08-01 09:16:34 AM,3613.9,0,0.0,89058963.80000004
2025-08-01 09:16:35 AM,3613.3,192,693753.6000000001,89752717.40000004
2025-08-01 09:16:35 AM,3611.7,0,0.0,89752717.40000004
2025-08-01 09:16:35 AM,3612.3,0,0.0,89752717.40000004
2025-08-01 09:16:36 AM,3612.4,92,332340.8,90085058.20000003
2025-08-01 09:16:36 AM,3610.8,0,0.0,90085058.20000003
2025-08-01 09:16:37 AM,3612.3,195,704398.5,90789456.70000003
2025-08-01 09:16:38 AM,3612.3,30,108369.0,90897825.70000003
2025-08-01 09:16:39 AM,3612.3,32,115593.6,91013419.30000003
2025-08-01 09:16:39 AM,3611.2,0,0.0,91013419.30000003
2025-08-01 09:16:40 AM,3611.2,4,14444.8,91027864.10000002
2025-08-01 09:16:41 AM,3612.3,0,0.0,91027864.10000002
2025-08-01 09:16:42 AM,3612.3,5,18061.5,91045925.60000002
2025-08-01 09:16:43 AM,3612.3,40,144492.0,91190417.60000002
2025-08-01 09:16:44 AM,3612.3,10,36123.0,91226540.60000002
2025-08-01 09:16:44 AM,3612.0,0,0.0,91226540.60000002
2025-08-01 09:16:45 AM,3612.0,10,36120.0,91262660.60000002
2025-08-01 09:16:45 AM,3612.2,0,0.0,91262660.60000002
2025-08-01 09:16:45 AM,3612.3,0,0.0,91262660.60000002
2025-08-01 09:16:46 AM,3612.3,107,386516.10000000003,91649176.70000002
2025-08-01 09:16:48 AM,3610.3,415,1498274.5,93147451.20000002
2025-08-01 09:16:49 AM,3610.8,1,3610.8,93151062.00000001
2025-08-01 09:16:50 AM,3612.1,15,54181.5,93205243.50000001
2025-08-01 09:16:50 AM,3610.4,0,0.0,93205243.50000001
2025-08-01 09:16:51 AM,3610.5,44,158862.0,93364105.50000001
2025-08-01 09:16:52 AM,3612.1,0,0.0,93364105.50000001
2025-08-01 09:16:52 AM,3612.1,74,267295.39999999997,93631400.90000002
2025-08-01 09:16:53 AM,3612.0,0,0.0,93631400.90000002
2025-08-01 09:16:53 AM,3612.0,51,184212.0,93815612.90000002
2025-08-01 09:16:54 AM,3611.9,0,0.0,93815612.90000002
2025-08-01 09:16:55 AM,3611.9,141,509277.9,94324890.80000003
2025-08-01 09:16:55 AM,3611.7,0,0.0,94324890.80000003
2025-08-01 09:16:56 AM,3611.7,86,310606.2,94635497.00000003
2025-08-01 09:16:56 AM,3611.8,0,0.0,94635497.00000003
2025-08-01 09:16:57 AM,3611.7,13,46952.1,94682449.10000002
2025-08-01 09:16:59 AM,3610.6,0,0.0,94682449.10000002
2025-08-01 09:17:00 AM,3610.6,495,1787247.0,96469696.10000002
2025-08-01 09:17:05 AM,3611.1,735,2654158.5,99123854.60000002
2025-08-01 09:17:06 AM,3610.0,896,3234560.0,102358414.60000002
2025-08-01 09:17:09 AM,3609.0,0,0.0,102358414.60000002
2025-08-01 09:17:13 AM,3609.9,344,1241805.6,103600220.20000002
2025-08-01 09:17:14 AM,3609.9,51,184104.9,103784325.10000002
2025-08-01 09:17:16 AM,3608.6,0,0.0,103784325.10000002
2025-08-01 09:17:21 AM,3609.1,87,313991.7,104098316.80000003
2025-08-01 09:17:22 AM,3608.2,121,436592.19999999995,104534909.00000003
2025-08-01 09:17:24 AM,3608.3,0,0.0,104534909.00000003
2025-08-01 09:17:26 AM,3609.7,0,0.0,104534909.00000003
2025-08-01 09:17:29 AM,3610.0,1780,6425800.0,110960709.00000003
2025-08-01 09:17:30 AM,3611.0,553,1996883.0,112957592.00000003
2025-08-01 09:17:34 AM,3612.0,0,0.0,112957592.00000003
2025-08-01 09:17:38 AM,3612.0,738,2665656.0,115623248.00000003
2025-08-01 09:17:43 AM,3611.5,0,0.0,115623248.00000003
2025-08-01 09:17:46 AM,3611.5,108,390042.0,116013290.00000003
2025-08-01 09:17:47 AM,3612.0,1,3612.0,116016902.00000003
2025-08-01 09:17:54 AM,3612.0,76,274512.0,116291414.00000003
2025-08-01 09:17:58 AM,3611.5,0,0.0,116291414.00000003
2025-08-01 09:18:00 AM,3610.7,0,0.0,116291414.00000003
2025-08-01 09:18:02 AM,3610.7,1798,6492038.6,122783452.60000002
2025-08-01 09:18:04 AM,3610.7,108,389955.6,123173408.20000002
2025-08-01 09:18:06 AM,3610.1,0,0.0,123173408.20000002
2025-08-01 09:18:08 AM,3610.7,0,0.0,123173408.20000002
2025-08-01 09:18:11 AM,3610.7,786,2838010.1999999997,126011418.40000002
2025-08-01 09:18:12 AM,3610.8,45,162486.0,126173904.40000002
2025-08-01 09:18:14 AM,3611.0,0,0.0,126173904.40000002
2025-08-01 09:18:16 AM,3610.8,0,0.0,126173904.40000002
2025-08-01 09:18:19 AM,3610.9,67,241930.30000000002,126415834.70000002
2025-08-01 09:18:21 AM,3611.0,44,158884.0,126574718.70000002
2025-08-01 09:18:22 AM,3612.3,0,0.0,126574718.70000002
2025-08-01 09:18:24 AM,3612.6,0,0.0,126574718.70000002
2025-08-01 09:18:27 AM,3612.6,394,1423364.4,127998083.10000002
2025-08-01 09:18:29 AM,3611.9,180,650142.0,128648225.10000002
2025-08-01 09:18:30 AM,3612.6,0,0.0,128648225.10000002
2025-08-01 09:18:36 AM,3612.6,576,2080857.5999999999,130729082.70000002
2025-08-01 09:18:40 AM,3612.4,0,0.0,130729082.70000002
2025-08-01 09:18:44 AM,3613.5,478,1727253.0,132456335.70000002
2025-08-01 09:18:45 AM,3613.5,65,234877.5,132691213.20000002
2025-08-01 09:18:52 AM,3615.9,403,1457207.7,134148420.90000002
2025-08-01 09:18:53 AM,3615.9,20,72318.0,134220738.90000004
2025-08-01 09:18:54 AM,3614.8,0,0.0,134220738.90000004
2025-08-01 09:19:00 AM,3615.9,21,75933.90000000001,134296672.80000004
2025-08-01 09:19:01 AM,3615.7,10,36157.0,134332829.80000004
2025-08-01 09:19:05 AM,3614.6,0,0.0,134332829.80000004
2025-08-01 09:19:08 AM,3614.6,315,1138599.0,135471428.80000004
2025-08-01 09:19:09 AM,3614.6,3,10843.8,135482272.60000005
2025-08-01 09:19:12 AM,3613.5,0,0.0,135482272.60000005
2025-08-01 09:19:16 AM,3614.6,800,2891680.0,138373952.60000005
2025-08-01 09:19:17 AM,3614.6,2,7229.2,138381181.80000004
2025-08-01 09:19:24 AM,3616.2,1157,4183943.4,142565125.20000005
2025-08-01 09:19:25 AM,3614.9,0,0.0,142565125.20000005
2025-08-01 09:19:26 AM,3616.2,104,376084.8,142941210.00000006
2025-08-01 09:19:32 AM,3614.7,322,1163933.4,144105143.40000007
2025-08-01 09:19:32 AM,3614.6,0,0.0,144105143.40000007
2025-08-01 09:19:34 AM,3614.5,120,433740.0,144538883.40000007
2025-08-01 09:19:35 AM,3614.6,0,0.0,144538883.40000007
2025-08-01 09:19:40 AM,3613.8,0,0.0,144538883.40000007
2025-08-01 09:19:41 AM,3613.8,324,1170871.2,145709754.60000005
2025-08-01 09:19:42 AM,3613.1,190,686489.0,146396243.60000005
2025-08-01 09:19:49 AM,3613.1,190,686489.0,147082732.60000005
2025-08-01 09:19:50 AM,3614.7,215,777160.5,147859893.10000005
2025-08-01 09:19:50 AM,3613.1,0,0.0,147859893.10000005
2025-08-01 09:19:56 AM,3613.0,0,0.0,147859893.10000005
2025-08-01 09:19:56 AM,3613.0,802,2897626.0,150757519.10000005
2025-08-01 09:19:57 AM,3612.8,0,0.0,150757519.10000005
2025-08-01 09:19:58 AM,3612.8,12,43353.600000000006,150800872.70000005
2025-08-01 09:20:04 AM,3612.0,184,664608.0,151465480.70000005
2025-08-01 09:20:04 AM,3610.6,0,0.0,151465480.70000005
2025-08-01 09:20:06 AM,3610.8,810,2924748.0,154390228.70000005
2025-08-01 09:20:11 AM,3608.7,0,0.0,154390228.70000005
2025-08-01 09:20:12 AM,3611.2,2617,9450510.4,163840739.10000005
2025-08-01 09:20:14 AM,3609.4,1274,4598375.600000001,168439114.70000005
2025-08-01 09:20:18 AM,3610.4,0,0.0,168439114.70000005
2025-08-01 09:20:20 AM,3611.2,582,2101718.4,170540833.10000005
2025-08-01 09:20:22 AM,3611.6,613,2213910.8,172754743.90000007
2025-08-01 09:20:25 AM,3610.4,0,0.0,172754743.90000007
2025-08-01 09:20:28 AM,3609.1,722,2605770.1999999997,175360514.10000005
2025-08-01 09:20:28 AM,3609.7,0,0.0,175360514.10000005
2025-08-01 09:20:30 AM,3611.2,23,83057.59999999999,175443571.70000005
2025-08-01 09:20:36 AM,3610.6,434,1567000.4,177010572.10000005
2025-08-01 09:20:36 AM,3610.0,0,0.0,177010572.10000005
2025-08-01 09:20:37 AM,3610.0,14,50540.0,177061112.10000005
2025-08-01 09:20:38 AM,3610.4,0,0.0,177061112.10000005
2025-08-01 09:20:42 AM,3610.2,0,0.0,177061112.10000005
2025-08-01 09:20:44 AM,3612.0,729,2633148.0,179694260.10000005
2025-08-01 09:20:45 AM,3611.0,0,0.0,179694260.10000005
2025-08-01 09:20:49 AM,3610.8,0,0.0,179694260.10000005
2025-08-01 09:20:52 AM,3611.0,144,519984.0,180214244.10000005
2025-08-01 09:20:53 AM,3611.0,15,54165.0,180268409.10000005
2025-08-01 09:20:57 AM,3611.1,0,0.0,180268409.10000005
2025-08-01 09:20:59 AM,3610.8,823,2971688.4000000004,183240097.50000006
2025-08-01 09:20:59 AM,3610.6,0,0.0,183240097.50000006
2025-08-01 09:21:00 AM,3610.5,8,28884.0,183268981.50000006
2025-08-01 09:21:01 AM,3610.0,0,0.0,183268981.50000006
2025-08-01 09:21:01 AM,3610.0,10,36100.0,183305081.50000006
2025-08-01 09:21:02 AM,3609.0,409,1476081.0,184781162.50000006
2025-08-01 09:21:03 AM,3608.9,100,360890.0,185142052.50000006
2025-08-01 09:21:04 AM,3608.6,1,3608.6,185145661.10000005
2025-08-01 09:21:05 AM,3608.6,15,54129.0,185199790.10000005
2025-08-01 09:21:06 AM,3608.5,0,0.0,185199790.10000005
2025-08-01 09:21:06 AM,3608.5,6,21651.0,185221441.10000005
2025-08-01 09:21:09 AM,3608.5,6,21651.0,185243092.10000005
2025-08-01 09:21:09 AM,3608.5,1,3608.5,185246700.60000005
2025-08-01 09:21:10 AM,3607.9,110,396869.0,185643569.60000005
2025-08-01 09:21:10 AM,3608.0,1,3608.0,185647177.60000005
2025-08-01 09:21:10 AM,3608.4,0,0.0,185647177.60000005
2025-08-01 09:21:11 AM,3608.4,101,364448.4,186011626.00000006
2025-08-01 09:21:11 AM,3608.0,4,14432.0,186026058.00000006
2025-08-01 09:21:12 AM,3608.4,78,281455.2,186307513.20000005
2025-08-01 09:21:13 AM,3607.3,17,61324.100000000006,186368837.30000004
2025-08-01 09:21:13 AM,3608.3,0,0.0,186368837.30000004
2025-08-01 09:21:14 AM,3607.7,39,140700.3,186509537.60000005
2025-08-01 09:21:14 AM,3608.3,0,0.0,186509537.60000005
2025-08-01 09:21:15 AM,3607.2,117,422042.39999999997,186931580.00000006
2025-08-01 09:21:16 AM,3607.1,137,494172.7,187425752.70000005
2025-08-01 09:21:17 AM,3607.1,38,137069.8,187562822.50000006
2025-08-01 09:21:18 AM,3607.2,4,14428.8,187577251.30000007
2025-08-01 09:21:18 AM,3607.0,0,0.0,187577251.30000007
2025-08-01 09:21:19 AM,3608.1,35,126283.5,187703534.80000007
2025-08-01 09:21:19 AM,3607.1,0,0.0,187703534.80000007
2025-08-01 09:21:19 AM,3607.1,14,50499.4,187754034.20000008
2025-08-01 09:21:21 AM,3607.3,1,3607.3,187757641.5000001
2025-08-01 09:21:21 AM,3608.1,0,0.0,187757641.5000001
2025-08-01 09:21:22 AM,3608.1,6,21648.6,187779290.10000008
2025-08-01 09:21:22 AM,3608.1,10,36081.0,187815371.10000008
2025-08-01 09:21:23 AM,3608.1,1,3608.1,187818979.20000008
2025-08-01 09:21:23 AM,3607.5,0,0.0,187818979.20000008
2025-08-01 09:21:24 AM,3607.5,10,36075.0,187855054.20000008
2025-08-01 09:21:24 AM,3608.1,144,519566.39999999997,188374620.60000008
2025-08-01 09:21:25 AM,3607.5,5,18037.5,188392658.10000008
2025-08-01 09:21:27 AM,3608.1,0,0.0,188392658.10000008
2025-08-01 09:21:27 AM,3608.1,34,122675.4,188515333.5000001
2025-08-01 09:21:28 AM,3607.9,10,36079.0,188551412.5000001
2025-08-01 09:21:28 AM,3608.1,0,0.0,188551412.5000001
2025-08-01 09:21:29 AM,3608.1,11,39689.1,188591101.60000008
2025-08-01 09:21:29 AM,3608.2,326,1176273.2,189767374.80000007
2025-08-01 09:21:29 AM,3608.5,0,0.0,189767374.80000007
2025-08-01 09:21:30 AM,3608.6,495,1786257.0,191553631.80000007
2025-08-01 09:21:30 AM,3608.4,0,0.0,191553631.80000007
2025-08-01 09:21:31 AM,3608.3,35,126290.5,191679922.30000007
2025-08-01 09:21:32 AM,3608.5,0,0.0,191679922.30000007
2025-08-01 09:21:33 AM,3608.5,63,227335.5,191907257.80000007
2025-08-01 09:21:34 AM,3608.3,171,617019.3,192524277.10000008
2025-08-01 09:21:34 AM,3608.3,34,122682.20000000001,192646959.30000007
2025-08-01 09:21:36 AM,3608.0,0,0.0,192646959.30000007
2025-08-01 09:21:37 AM,3608.0,150,541200.0,193188159.30000007
2025-08-01 09:21:37 AM,3608.6,50,180430.0,193368589.30000007
2025-08-01 09:21:37 AM,3608.7,0,0.0,193368589.30000007
2025-08-01 09:21:38 AM,3608.7,50,180435.0,193549024.30000007
2025-08-01 09:21:40 AM,3608.7,10,36087.0,193585111.30000007
2025-08-01 09:21:40 AM,3608.0,0,0.0,193585111.30000007
2025-08-01 09:21:41 AM,3608.0,456,1645248.0,195230359.30000007
2025-08-01 09:21:41 AM,3607.6,200,721520.0,195951879.30000007
2025-08-01 09:21:42 AM,3608.7,64,230956.8,196182836.10000008
2025-08-01 09:21:42 AM,3607.9,0,0.0,196182836.10000008
2025-08-01 09:21:43 AM,3607.9,10,36079.0,196218915.10000008
2025-08-01 09:21:43 AM,3608.7,40,144348.0,196363263.10000008
2025-08-01 09:21:45 AM,3608.6,26,93823.59999999999,196457086.70000008
2025-08-01 09:21:46 AM,3608.6,3,10825.8,196467912.5000001
2025-08-01 09:21:47 AM,3608.7,0,0.0,196467912.5000001
2025-08-01 09:21:48 AM,3608.7,5,18043.5,196485956.0000001
2025-08-01 09:21:49 AM,3608.7,10,36087.0,196522043.0000001
2025-08-01 09:21:50 AM,3608.7,10,36087.0,196558130.0000001
2025-08-01 09:21:50 AM,3608.6,7,25260.2,196583390.20000008
2025-08-01 09:21:51 AM,3608.7,50,180435.0,196763825.20000008
2025-08-01 09:21:52 AM,3608.7,1,3608.7,196767433.90000007
2025-08-01 09:21:52 AM,3608.6,6,21651.6,196789085.50000006
2025-08-01 09:21:54 AM,3608.7,10,36087.0,196825172.50000006
2025-08-01 09:21:55 AM,3608.7,50,180435.0,197005607.50000006
2025-08-01 09:21:55 AM,3608.9,0,0.0,197005607.50000006
2025-08-01 09:21:56 AM,3608.6,208,750588.7999999999,197756196.30000007
2025-08-01 09:21:56 AM,3608.5,0,0.0,197756196.30000007
2025-08-01 09:21:56 AM,3608.5,83,299505.5,198055701.80000007
2025-08-01 09:21:56 AM,3608.9,0,0.0,198055701.80000007
2025-08-01 09:21:57 AM,3608.5,34,122689.0,198178390.80000007
2025-08-01 09:21:58 AM,3608.9,17,61351.3,198239742.10000008
2025-08-01 09:21:59 AM,3608.9,3,10826.7,198250568.80000007
2025-08-01 09:21:59 AM,3608.8,10,36088.0,198286656.80000007
2025-08-01 09:22:01 AM,3608.8,10,36088.0,198322744.80000007
2025-08-01 09:22:02 AM,3608.3,200,721660.0,199044404.80000007
2025-08-01 09:22:04 AM,3608.1,0,0.0,199044404.80000007
2025-08-01 09:22:07 AM,3608.3,0,0.0,199044404.80000007
2025-08-01 09:22:09 AM,3608.4,179,645903.6,199690308.40000007
2025-08-01 09:22:10 AM,3608.3,12,43299.600000000006,199733608.00000006
2025-08-01 09:22:13 AM,3608.1,0,0.0,199733608.00000006
2025-08-01 09:22:16 AM,3608.0,186,671088.0,200404696.00000006
2025-08-01 09:22:18 AM,3607.3,0,0.0,200404696.00000006
2025-08-01 09:22:21 AM,3606.6,0,0.0,200404696.00000006
2025-08-01 09:22:24 AM,3606.9,494,1781808.6,202186504.60000005
2025-08-01 09:22:24 AM,3606.0,0,0.0,202186504.60000005
2025-08-01 09:22:26 AM,3606.1,354,1276559.4,203463064.00000006
2025-08-01 09:22:28 AM,3604.1,0,0.0,203463064.00000006
2025-08-01 09:22:32 AM,3605.2,1573,5670979.6,209134043.60000005
2025-08-01 09:22:32 AM,3605.0,0,0.0,209134043.60000005
2025-08-01 09:22:33 AM,3605.6,238,858132.7999999999,209992176.40000007
2025-08-01 09:22:39 AM,3605.6,431,1554013.5999999999,211546190.00000006
2025-08-01 09:22:40 AM,3605.2,0,0.0,211546190.00000006
2025-08-01 09:22:41 AM,3605.2,19,68498.8,211614688.80000007
2025-08-01 09:22:46 AM,3605.6,0,0.0,211614688.80000007
2025-08-01 09:22:47 AM,3605.6,45,162252.0,211776940.80000007
2025-08-01 09:22:47 AM,3605.0,0,0.0,211776940.80000007
2025-08-01 09:22:48 AM,3605.5,25,90137.5,211867078.30000007
2025-08-01 09:22:52 AM,3605.0,0,0.0,211867078.30000007
2025-08-01 09:22:54 AM,3605.3,28,100948.40000000001,211968026.70000008
2025-08-01 09:22:56 AM,3605.4,27,97345.8,212065372.5000001
2025-08-01 09:22:59 AM,3605.2,0,0.0,212065372.5000001
2025-08-01 09:23:01 AM,3605.3,0,0.0,212065372.5000001
2025-08-01 09:23:02 AM,3605.3,256,922956.8,212988329.3000001
2025-08-01 09:23:04 AM,3605.3,129,465083.7,213453413.0000001
2025-08-01 09:23:08 AM,3605.9,0,0.0,213453413.0000001
2025-08-01 09:23:10 AM,3605.9,446,1608231.4000000001,215061644.4000001
2025-08-01 09:23:11 AM,3606.6,843,3040363.8,218102008.2000001
2025-08-01 09:23:14 AM,3606.5,0,0.0,218102008.2000001
2025-08-01 09:23:18 AM,3605.8,534,1925497.2000000002,220027505.4000001
2025-08-01 09:23:19 AM,3605.6,183,659824.7999999999,220687330.2000001
2025-08-01 09:23:20 AM,3606.5,0,0.0,220687330.2000001
2025-08-01 09:23:25 AM,3605.6,814,2934958.4,223622288.6000001
2025-08-01 09:23:26 AM,3605.2,0,0.0,223622288.6000001
2025-08-01 09:23:27 AM,3605.2,146,526359.2,224148647.8000001
2025-08-01 09:23:33 AM,3606.3,48,173102.40000000002,224321750.2000001
2025-08-01 09:23:33 AM,3605.9,0,0.0,224321750.2000001
2025-08-01 09:23:34 AM,3605.9,27,97359.3,224419109.50000012
2025-08-01 09:23:39 AM,3605.6,0,0.0,224419109.50000012
2025-08-01 09:23:40 AM,3605.6,524,1889334.4,226308443.90000013
2025-08-01 09:23:40 AM,3605.1,0,0.0,226308443.90000013
2025-08-01 09:23:42 AM,3605.1,201,724625.1,227033069.00000012
2025-08-01 09:23:46 AM,3605.5,0,0.0,227033069.00000012
2025-08-01 09:23:48 AM,3606.3,157,566189.1,227599258.1000001
2025-08-01 09:23:49 AM,3605.6,93,335320.8,227934578.90000013
2025-08-01 09:23:52 AM,3606.2,0,0.0,227934578.90000013
2025-08-01 09:23:55 AM,3606.2,20,72124.0,228006702.90000013
2025-08-01 09:23:57 AM,3606.2,11,39668.2,228046371.1000001
2025-08-01 09:24:03 AM,3605.5,188,677834.0,228724205.1000001
2025-08-01 09:24:05 AM,3605.5,3,10816.5,228735021.6000001
2025-08-01 09:24:05 AM,3606.2,0,0.0,228735021.6000001
2025-08-01 09:24:11 AM,3605.5,682,2458951.0,231193972.6000001
2025-08-01 09:24:13 AM,3605.5,459,1654924.5,232848897.1000001
2025-08-01 09:24:13 AM,3605.3,0,0.0,232848897.1000001
2025-08-01 09:24:19 AM,3605.5,309,1114099.5,233962996.6000001
2025-08-01 09:24:19 AM,3606.2,0,0.0,233962996.6000001
2025-08-01 09:24:20 AM,3606.2,75,270465.0,234233461.6000001
2025-08-01 09:24:25 AM,3605.4,0,0.0,234233461.6000001
2025-08-01 09:24:26 AM,3605.4,125,450675.0,234684136.6000001
2025-08-01 09:24:28 AM,3606.1,14,50485.4,234734622.00000012
2025-08-01 09:24:31 AM,3606.0,0,0.0,234734622.00000012
2025-08-01 09:24:34 AM,3606.1,39,140637.9,234875259.90000013
2025-08-01 09:24:35 AM,3606.1,1,3606.1,234878866.00000012
2025-08-01 09:24:41 AM,3606.0,534,1925604.0,236804470.00000012
2025-08-01 09:24:43 AM,3607.0,563,2030741.0,238835211.00000012
2025-08-01 09:24:49 AM,3607.0,105,378735.0,239213946.00000012
2025-08-01 09:24:51 AM,3606.9,50,180345.0,239394291.00000012
2025-08-01 09:24:55 AM,3607.9,0,0.0,239394291.00000012
2025-08-01 09:24:56 AM,3607.9,441,1591083.9000000001,240985374.90000013
2025-08-01 09:24:58 AM,3607.4,46,165940.4,241151315.30000013
2025-08-01 09:25:03 AM,3607.9,48,173179.2,241324494.50000012
2025-08-01 09:25:06 AM,3607.9,41,147923.9,241472418.40000013
2025-08-01 09:25:10 AM,3607.0,0,0.0,241472418.40000013
2025-08-01 09:25:11 AM,3607.0,607,2189449.0,243661867.40000013
2025-08-01 09:25:11 AM,3607.1,0,0.0,243661867.40000013
2025-08-01 09:25:13 AM,3607.1,54,194783.4,243856650.80000013
2025-08-01 09:25:17 AM,3607.0,0,0.0,243856650.80000013
2025-08-01 09:25:21 AM,3607.1,316,1139843.5999999999,244996494.40000013
2025-08-01 09:25:26 AM,3607.1,118,425637.8,245422132.20000014
2025-08-01 09:25:28 AM,3607.4,532,1919136.8,247341269.00000015
2025-08-01 09:25:28 AM,3607.5,0,0.0,247341269.00000015
2025-08-01 09:25:29 AM,3608.5,0,0.0,247341269.00000015
2025-08-01 09:25:33 AM,3610.2,318,1148043.5999999999,248489312.60000014
2025-08-01 09:25:34 AM,3608.4,0,0.0,248489312.60000014
2025-08-01 09:25:35 AM,3608.7,0,0.0,248489312.60000014
2025-08-01 09:25:36 AM,3608.7,125,451087.5,248940400.10000014
2025-08-01 09:25:40 AM,3609.0,0,0.0,248940400.10000014
2025-08-01 09:25:41 AM,3609.0,37,133533.0,249073933.10000014
2025-08-01 09:25:43 AM,3609.0,124,447516.0,249521449.10000014
2025-08-01 09:25:49 AM,3609.0,13,46917.0,249568366.10000014
2025-08-01 09:25:51 AM,3608.2,549,1980901.7999999998,251549267.90000015
2025-08-01 09:25:51 AM,3607.1,0,0.0,251549267.90000015
2025-08-01 09:25:56 AM,3608.2,189,681949.7999999999,252231217.70000017
2025-08-01 09:25:57 AM,3607.6,0,0.0,252231217.70000017
2025-08-01 09:25:58 AM,3607.8,128,461798.4,252693016.10000017
2025-08-01 09:26:03 AM,3608.2,0,0.0,252693016.10000017
2025-08-01 09:26:04 AM,3608.2,977,3525211.4,256218227.50000018
2025-08-01 09:26:06 AM,3608.2,12,43298.399999999994,256261525.90000018
2025-08-01 09:26:11 AM,3607.0,380,1370660.0,257632185.90000018
2025-08-01 09:26:13 AM,3608.2,111,400510.19999999995,258032696.10000017
2025-08-01 09:26:19 AM,3608.2,28,101029.59999999999,258133725.70000017
2025-08-01 09:26:21 AM,3607.0,134,483338.0,258617063.70000017
2025-08-01 09:26:27 AM,3608.0,2,7216.0,258624279.70000017
2025-08-01 09:26:27 AM,3607.0,0,0.0,258624279.70000017
2025-08-01 09:26:29 AM,3607.0,17,61319.0,258685598.70000017
2025-08-01 09:26:32 AM,3608.0,0,0.0,258685598.70000017
2025-08-01 09:26:35 AM,3608.0,78,281424.0,258967022.70000017
2025-08-01 09:26:35 AM,3608.1,0,0.0,258967022.70000017
2025-08-01 09:26:36 AM,3608.0,2490,8983920.0,267950942.70000017
2025-08-01 09:26:38 AM,3608.1,0,0.0,267950942.70000017
2025-08-01 09:26:41 AM,3608.2,0,0.0,267950942.70000017
2025-08-01 09:26:42 AM,3608.2,346,1248437.2,269199379.90000015
2025-08-01 09:26:44 AM,3608.0,358,1291664.0,270491043.90000015
2025-08-01 09:26:50 AM,3607.3,153,551916.9,271042960.80000013
2025-08-01 09:26:50 AM,3607.0,0,0.0,271042960.80000013
2025-08-01 09:26:51 AM,3607.3,38,137077.4,271180038.2000001
2025-08-01 09:26:56 AM,3607.0,0,0.0,271180038.2000001
2025-08-01 09:26:57 AM,3607.3,181,652921.3,271832959.5000001
2025-08-01 09:26:59 AM,3607.3,181,652921.3,272485880.80000013
2025-08-01 09:27:02 AM,3608.2,0,0.0,272485880.80000013
2025-08-01 09:27:05 AM,3607.2,772,2784758.4,275270639.2000001
2025-08-01 09:27:06 AM,3607.1,124,447280.39999999997,275717919.6000001
2025-08-01 09:27:07 AM,3608.2,0,0.0,275717919.6000001
2025-08-01 09:27:08 AM,3607.2,0,0.0,275717919.6000001
2025-08-01 09:27:12 AM,3607.3,383,1381595.9000000001,277099515.50000006
2025-08-01 09:27:13 AM,3608.2,50,180410.0,277279925.50000006
2025-08-01 09:27:18 AM,3607.8,0,0.0,277279925.50000006
2025-08-01 09:27:20 AM,3607.8,94,339133.2,277619058.70000005
2025-08-01 09:27:22 AM,3607.4,0,0.0,277619058.70000005
2025-08-01 09:27:27 AM,3606.8,392,1413865.6,279032924.3000001
2025-08-01 09:27:27 AM,3607.0,0,0.0,279032924.3000001
2025-08-01 09:27:28 AM,3607.2,101,364327.19999999995,279397251.50000006
2025-08-01 09:27:32 AM,3607.0,0,0.0,279397251.50000006
2025-08-01 09:27:34 AM,3606.2,96,346195.19999999995,279743446.70000005
2025-08-01 09:27:36 AM,3606.0,291,1049346.0,280792792.70000005
2025-08-01 09:27:37 AM,3605.0,0,0.0,280792792.70000005
2025-08-01 09:27:38 AM,3606.0,0,0.0,280792792.70000005
2025-08-01 09:27:42 AM,3605.8,241,868997.8,281661790.50000006
2025-08-01 09:27:42 AM,3606.0,0,0.0,281661790.50000006
2025-08-01 09:27:43 AM,3606.0,69,248814.0,281910604.50000006
2025-08-01 09:27:47 AM,3605.0,0,0.0,281910604.50000006
2025-08-01 09:27:49 AM,3605.0,11,39655.0,281950259.50000006
2025-08-01 09:27:53 AM,3605.6,0,0.0,281950259.50000006
2025-08-01 09:27:57 AM,3605.0,108,389340.0,282339599.50000006
2025-08-01 09:27:58 AM,3605.1,0,0.0,282339599.50000006
2025-08-01 09:27:59 AM,3605.1,12,43261.2,282382860.70000005
2025-08-01 09:28:03 AM,3605.8,0,0.0,282382860.70000005
2025-08-01 09:28:04 AM,3605.1,0,0.0,282382860.70000005
2025-08-01 09:28:05 AM,3605.1,75,270382.5,282653243.20000005
2025-08-01 09:28:06 AM,3605.2,48,173049.59999999998,282826292.8000001
2025-08-01 09:28:10 AM,3603.9,0,0.0,282826292.8000001
2025-08-01 09:28:11 AM,3604.2,0,0.0,282826292.8000001
2025-08-01 09:28:13 AM,3604.2,1550,5586510.0,288412802.8000001
2025-08-01 09:28:14 AM,3604.2,172,619922.4,289032725.20000005
2025-08-01 09:28:17 AM,3603.0,0,0.0,289032725.20000005
2025-08-01 09:28:17 AM,3604.2,0,0.0,289032725.20000005
2025-08-01 09:28:20 AM,3604.2,214,771298.7999999999,289804024.00000006
2025-08-01 09:28:22 AM,3604.2,473,1704786.5999999999,291508810.6000001
2025-08-01 09:28:22 AM,3604.0,0,0.0,291508810.6000001
2025-08-01 09:28:28 AM,3604.0,92,331568.0,291840378.6000001
2025-08-01 09:28:29 AM,3603.9,98,353182.2,292193560.8000001
2025-08-01 09:28:33 AM,3603.6,0,0.0,292193560.8000001
2025-08-01 09:28:36 AM,3603.6,193,695494.7999999999,292889055.6000001
2025-08-01 09:28:37 AM,3603.6,33,118918.8,293007974.4000001
2025-08-01 09:28:39 AM,3602.2,0,0.0,293007974.4000001
2025-08-01 09:28:39 AM,3603.5,0,0.0,293007974.4000001
2025-08-01 09:28:43 AM,3602.2,0,0.0,293007974.4000001
2025-08-01 09:28:43 AM,3603.5,377,1358519.5,294366493.9000001
2025-08-01 09:28:44 AM,3603.3,0,0.0,294366493.9000001
2025-08-01 09:28:48 AM,3603.5,0,0.0,294366493.9000001
2025-08-01 09:28:49 AM,3603.4,0,0.0,294366493.9000001
2025-08-01 09:28:51 AM,3603.4,192,691852.8,295058346.7000001
2025-08-01 09:28:52 AM,3603.1,15,54046.5,295112393.2000001
2025-08-01 09:28:54 AM,3603.4,0,0.0,295112393.2000001
2025-08-01 09:28:55 AM,3603.5,0,0.0,295112393.2000001
2025-08-01 09:28:58 AM,3603.4,42,151342.80000000002,295263736.0000001
2025-08-01 09:29:00 AM,3603.4,34,122515.6,295386251.60000014
2025-08-01 09:29:01 AM,3603.3,0,0.0,295386251.60000014
2025-08-01 09:29:06 AM,3603.0,0,0.0,295386251.60000014
2025-08-01 09:29:06 AM,3603.0,122,439566.0,295825817.60000014
2025-08-01 09:29:07 AM,3602.3,0,0.0,295825817.60000014
2025-08-01 09:29:08 AM,3602.3,89,320604.7,296146422.30000013
2025-08-01 09:29:12 AM,3603.3,0,0.0,296146422.30000013
2025-08-01 09:29:12 AM,3603.0,0,0.0,296146422.30000013
2025-08-01 09:29:14 AM,3603.0,179,644937.0,296791359.30000013
2025-08-01 09:29:15 AM,3603.5,422,1520677.0,298312036.30000013
2025-08-01 09:29:17 AM,3603.0,0,0.0,298312036.30000013
2025-08-01 09:29:21 AM,3602.1,542,1952338.2,300264374.5000001
2025-08-01 09:29:23 AM,3602.1,120,432252.0,300696626.5000001
2025-08-01 09:29:24 AM,3601.1,0,0.0,300696626.5000001
2025-08-01 09:29:27 AM,3602.1,0,0.0,300696626.5000001
2025-08-01 09:29:29 AM,3602.1,336,1210305.5999999999,301906932.10000014
2025-08-01 09:29:30 AM,3603.9,174,627078.6,302534010.70000017
2025-08-01 09:29:36 AM,3602.6,126,453927.6,302987938.3000002
2025-08-01 09:29:37 AM,3603.8,0,0.0,302987938.3000002
2025-08-01 09:29:38 AM,3603.8,60,216228.0,303204166.3000002
2025-08-01 09:29:42 AM,3603.9,0,0.0,303204166.3000002
2025-08-01 09:29:44 AM,3603.9,1258,4533706.2,307737872.5000002
2025-08-01 09:29:47 AM,3602.9,0,0.0,307737872.5000002
2025-08-01 09:29:51 AM,3603.9,266,958637.4,308696509.90000015
2025-08-01 09:29:52 AM,3604.6,1517,5468178.2,314164688.10000014
2025-08-01 09:29:58 AM,3604.7,0,0.0,314164688.10000014
2025-08-01 09:29:59 AM,3605.0,0,0.0,314164688.10000014
2025-08-01 09:29:59 AM,3605.0,103,371315.0,314536003.10000014
2025-08-01 09:30:00 AM,3603.6,176,634233.6,315170236.70000017
2025-08-01 09:30:04 AM,3604.0,0,0.0,315170236.70000017
2025-08-01 09:30:06 AM,3603.8,326,1174838.8,316345075.5000002
2025-08-01 09:30:07 AM,3603.1,9,32427.899999999998,316377503.40000015
2025-08-01 09:30:12 AM,3603.8,0,0.0,316377503.40000015
2025-08-01 09:30:14 AM,3603.8,392,1412689.6,317790193.0000002
2025-08-01 09:30:15 AM,3603.8,100,360380.0,318150573.0000002
2025-08-01 09:30:22 AM,3603.2,113,407161.6,318557734.6000002
2025-08-01 09:30:22 AM,3603.1,10,36031.0,318593765.6000002
2025-08-01 09:30:26 AM,3602.5,0,0.0,318593765.6000002
2025-08-01 09:30:27 AM,3602.8,0,0.0,318593765.6000002
2025-08-01 09:30:29 AM,3601.1,1517,5462868.7,324056634.3000002
2025-08-01 09:30:30 AM,3601.1,237,853460.7,324910095.0000002
2025-08-01 09:30:33 AM,3601.9,0,0.0,324910095.0000002
2025-08-01 09:30:36 AM,3603.0,139,500817.0,325410912.0000002
2025-08-01 09:30:37 AM,3601.8,13,46823.4,325457735.40000015
2025-08-01 09:30:40 AM,3603.2,0,0.0,325457735.40000015
2025-08-01 09:30:44 AM,3602.4,281,1012274.4,326470009.80000013
2025-08-01 09:30:44 AM,3602.5,23,82857.5,326552867.30000013
2025-08-01 09:30:47 AM,3603.2,0,0.0,326552867.30000013
2025-08-01 09:30:49 AM,3603.7,0,0.0,326552867.30000013
2025-08-01 09:30:51 AM,3603.9,895,3225490.5,329778357.80000013
2025-08-01 09:30:52 AM,3603.8,110,396418.0,330174775.80000013
2025-08-01 09:30:56 AM,3603.6,0,0.0,330174775.80000013
2025-08-01 09:30:58 AM,3604.2,117,421691.39999999997,330596467.2000001
2025-08-01 09:30:59 AM,3603.9,12,43246.8,330639714.0000001
2025-08-01 09:31:04 AM,3604.2,0,0.0,330639714.0000001
2025-08-01 09:31:06 AM,3604.1,155,558635.5,331198349.5000001
2025-08-01 09:31:06 AM,3604.6,333,1200331.8,332398681.30000013
2025-08-01 09:31:10 AM,3604.5,0,0.0,332398681.30000013
2025-08-01 09:31:13 AM,3604.3,292,1052455.6,333451136.90000015
2025-08-01 09:31:14 AM,3604.1,0,0.0,333451136.90000015
2025-08-01 09:31:14 AM,3604.1,93,335181.3,333786318.20000017
2025-08-01 09:31:16 AM,3605.0,0,0.0,333786318.20000017
2025-08-01 09:31:21 AM,3605.0,146,526330.0,334312648.20000017
2025-08-01 09:31:22 AM,3605.6,0,0.0,334312648.20000017
2025-08-01 09:31:28 AM,3605.6,54,194702.4,334507350.60000014
2025-08-01 09:31:28 AM,3606.0,76,274056.0,334781406.60000014
2025-08-01 09:31:32 AM,3609.5,0,0.0,334781406.60000014
2025-08-01 09:31:34 AM,3608.5,0,0.0,334781406.60000014
2025-08-01 09:31:35 AM,3608.6,939,3388475.4,338169882.0000001
2025-08-01 09:31:35 AM,3608.5,107,386109.5,338555991.5000001
2025-08-01 09:31:38 AM,3608.8,0,0.0,338555991.5000001
2025-08-01 09:31:40 AM,3609.5,0,0.0,338555991.5000001
2025-08-01 09:31:42 AM,3610.6,767,2769330.1999999997,341325321.7000001
2025-08-01 09:31:42 AM,3610.2,69,249103.8,341574425.5000001
2025-08-01 09:31:44 AM,3610.9,0,0.0,341574425.5000001
2025-08-01 09:31:46 AM,3611.3,0,0.0,341574425.5000001
2025-08-01 09:31:49 AM,3611.0,735,2654085.0,344228510.5000001
2025-08-01 09:31:49 AM,3610.0,95,342950.0,344571460.5000001
2025-08-01 09:31:51 AM,3611.0,0,0.0,344571460.5000001
2025-08-01 09:31:56 AM,3611.0,12,43332.0,344614792.5000001
2025-08-01 09:32:00 AM,3610.3,0,0.0,344614792.5000001
2025-08-01 09:32:03 AM,3611.8,613,2214033.4,346828825.9000001
2025-08-01 09:32:06 AM,3611.6,0,0.0,346828825.9000001
2025-08-01 09:32:10 AM,3611.6,216,780105.6,347608931.5000001
2025-08-01 09:32:12 AM,3611.0,0,0.0,347608931.5000001
2025-08-01 09:32:17 AM,3611.6,1389,5016512.399999999,352625443.9000001
2025-08-01 09:32:18 AM,3611.1,0,0.0,352625443.9000001
2025-08-01 09:32:24 AM,3611.1,405,1462495.5,354087939.4000001
2025-08-01 09:32:24 AM,3611.1,14,50555.4,354138494.8000001
2025-08-01 09:32:30 AM,3611.0,0,0.0,354138494.8000001
2025-08-01 09:32:30 AM,3610.3,0,0.0,354138494.8000001
2025-08-01 09:32:31 AM,3611.0,452,1632172.0,355770666.8000001
2025-08-01 09:32:31 AM,3610.3,87,314096.10000000003,356084762.9000001
2025-08-01 09:32:36 AM,3608.5,0,0.0,356084762.9000001
2025-08-01 09:32:36 AM,3608.8,0,0.0,356084762.9000001
2025-08-01 09:32:38 AM,3608.3,739,2666533.7,358751296.6000001
2025-08-01 09:32:38 AM,3607.4,83,299414.2,359050710.8000001
2025-08-01 09:32:42 AM,3607.3,0,0.0,359050710.8000001
2025-08-01 09:32:42 AM,3607.0,0,0.0,359050710.8000001
2025-08-01 09:32:45 AM,3607.5,792,2857140.0,361907850.8000001
2025-08-01 09:32:45 AM,3606.6,85,306561.0,362214411.8000001
2025-08-01 09:32:48 AM,3607.1,0,0.0,362214411.8000001
2025-08-01 09:32:48 AM,3606.7,0,0.0,362214411.8000001
2025-08-01 09:32:52 AM,3606.5,119,429173.5,362643585.3000001
2025-08-01 09:32:52 AM,3605.1,44,158624.4,362802209.70000005
2025-08-01 09:32:54 AM,3604.6,0,0.0,362802209.70000005
2025-08-01 09:32:59 AM,3606.4,581,2095318.4000000001,364897528.1
2025-08-01 09:32:59 AM,3604.9,115,414563.5,365312091.6
2025-08-01 09:33:00 AM,3606.2,0,0.0,365312091.6
2025-08-01 09:33:00 AM,3606.1,0,0.0,365312091.6
2025-08-01 09:33:01 AM,3606.1,28,100970.8,365413062.40000004
2025-08-01 09:33:01 AM,3606.2,5,18031.0,365431093.40000004
2025-08-01 09:33:01 AM,3605.1,0,0.0,365431093.40000004
2025-08-01 09:33:02 AM,3605.1,43,155019.3,365586112.70000005
2025-08-01 09:33:03 AM,3604.5,0,0.0,365586112.70000005
2025-08-01 09:33:03 AM,3604.5,10,36045.0,365622157.70000005
2025-08-01 09:33:03 AM,3605.4,0,0.0,365622157.70000005
2025-08-01 09:33:03 AM,3605.4,1,3605.4,365625763.1
2025-08-01 09:33:04 AM,3604.7,35,126164.5,365751927.6
2025-08-01 09:33:04 AM,3605.4,0,0.0,365751927.6
2025-08-01 09:33:05 AM,3605.4,1,3605.4,365755533.0
2025-08-01 09:33:05 AM,3604.8,4,14419.2,365769952.2
2025-08-01 09:33:07 AM,3605.4,35,126189.0,365896141.2
2025-08-01 09:33:08 AM,3604.8,1,3604.8,365899746.0
2025-08-01 09:33:10 AM,3605.4,0,0.0,365899746.0
2025-08-01 09:33:10 AM,3605.4,18,64897.200000000004,365964643.2
2025-08-01 09:33:11 AM,3605.4,78,281221.2,366245864.4
2025-08-01 09:33:12 AM,3605.4,6,21632.4,366267496.79999995
2025-08-01 09:33:14 AM,3605.4,36,129794.40000000001,366397291.1999999
2025-08-01 09:33:15 AM,3605.4,100,360540.0,366757831.1999999
2025-08-01 09:33:16 AM,3605.4,2,7210.8,366765041.99999994
2025-08-01 09:33:16 AM,3605.4,105,378567.0,367143608.99999994
2025-08-01 09:33:17 AM,3605.0,0,0.0,367143608.99999994
2025-08-01 09:33:18 AM,3605.0,12,43260.0,367186868.99999994
2025-08-01 09:33:18 AM,3605.4,0,0.0,367186868.99999994
2025-08-01 09:33:19 AM,3605.0,73,263165.0,367450033.99999994
2025-08-01 09:33:19 AM,3605.4,0,0.0,367450033.99999994
2025-08-01 09:33:20 AM,3605.4,66,237956.4,367687990.3999999
2025-08-01 09:33:22 AM,3605.4,5,18027.0,367706017.3999999
2025-08-01 09:33:22 AM,3605.5,0,0.0,367706017.3999999
2025-08-01 09:33:23 AM,3605.5,8,28844.0,367734861.3999999
2025-08-01 09:33:23 AM,3606.5,250,901625.0,368636486.3999999
2025-08-01 09:33:23 AM,3606.6,0,0.0,368636486.3999999
2025-08-01 09:33:24 AM,3606.6,101,364266.6,369000752.99999994
2025-08-01 09:33:25 AM,3606.7,14,50493.799999999996,369051246.79999995
2025-08-01 09:33:26 AM,3606.5,10,36065.0,369087311.79999995
2025-08-01 09:33:27 AM,3606.7,10,36067.0,369123378.79999995
2025-08-01 09:33:28 AM,3606.7,6,21640.199999999997,369145018.99999994
2025-08-01 09:33:29 AM,3606.5,52,187538.0,369332556.99999994
2025-08-01 09:33:29 AM,3606.7,31,111807.7,369444364.6999999
2025-08-01 09:33:30 AM,3607.3,85,306620.5,369750985.1999999
2025-08-01 09:33:33 AM,3607.2,53,191181.59999999998,369942166.79999995
2025-08-01 09:33:35 AM,3608.4,26,93818.40000000001,370035985.1999999
2025-08-01 09:33:36 AM,3608.4,34,122685.6,370158670.79999995
2025-08-01 09:33:37 AM,3608.1,0,0.0,370158670.79999995
2025-08-01 09:33:37 AM,3608.1,1,3608.1,370162278.9
2025-08-01 09:33:38 AM,3608.4,30,108252.0,370270530.9
2025-08-01 09:33:38 AM,3609.4,0,0.0,370270530.9
2025-08-01 09:33:39 AM,3609.0,3,10827.0,370281357.9
2025-08-01 09:33:40 AM,3609.1,0,0.0,370281357.9
2025-08-01 09:33:40 AM,3609.1,1,3609.1,370284967.0
2025-08-01 09:33:41 AM,3609.5,4,14438.0,370299405.0
2025-08-01 09:33:42 AM,3609.5,8,28876.0,370328281.0
2025-08-01 09:33:43 AM,3609.1,1,3609.1,370331890.1
2025-08-01 09:33:43 AM,3609.1,1,3609.1,370335499.20000005
2025-08-01 09:33:44 AM,3609.5,0,0.0,370335499.20000005
2025-08-01 09:33:44 AM,3609.5,39,140770.5,370476269.70000005
2025-08-01 09:33:45 AM,3609.1,0,0.0,370476269.70000005
2025-08-01 09:33:45 AM,3609.1,100,360910.0,370837179.70000005
2025-08-01 09:33:46 AM,3609.1,50,180455.0,371017634.70000005
2025-08-01 09:33:48 AM,3609.2,0,0.0,371017634.70000005
2025-08-01 09:33:49 AM,3609.2,53,191287.59999999998,371208922.3000001
2025-08-01 09:33:50 AM,3609.1,35,126318.5,371335240.8000001
2025-08-01 09:33:51 AM,3609.6,39,140774.4,371476015.20000005
2025-08-01 09:33:51 AM,3610.8,1,3610.8,371479626.00000006
2025-08-01 09:33:51 AM,3609.3,0,0.0,371479626.00000006
2025-08-01 09:33:52 AM,3609.4,15,54141.0,371533767.00000006
2025-08-01 09:33:52 AM,3611.0,0,0.0,371533767.00000006
2025-08-01 09:33:53 AM,3609.5,74,267103.0,371800870.00000006
2025-08-01 09:33:54 AM,3610.6,34,122760.4,371923630.40000004
2025-08-01 09:33:55 AM,3612.0,91,328692.0,372252322.40000004
2025-08-01 09:33:56 AM,3612.4,0,0.0,372252322.40000004
2025-08-01 09:33:56 AM,3613.9,444,1604571.6,373856894.00000006
2025-08-01 09:33:56 AM,3611.8,0,0.0,373856894.00000006
2025-08-01 09:33:57 AM,3611.8,55,198649.0,374055543.00000006
2025-08-01 09:33:57 AM,3612.4,5,18062.0,374073605.00000006
2025-08-01 09:33:58 AM,3612.6,0,0.0,374073605.00000006
2025-08-01 09:33:58 AM,3612.6,12,43351.2,374116956.20000005
2025-08-01 09:33:59 AM,3612.7,0,0.0,374116956.20000005
2025-08-01 09:34:00 AM,3612.7,5,18063.5,374135019.70000005
2025-08-01 09:34:01 AM,3613.3,0,0.0,374135019.70000005
2025-08-01 09:34:02 AM,3613.3,5,18066.5,374153086.20000005
2025-08-01 09:34:02 AM,3613.3,16,57812.8,374210899.00000006
2025-08-01 09:34:04 AM,3613.3,1,3613.3,374214512.3000001
2025-08-01 09:34:05 AM,3612.8,67,242057.6,374456569.9000001
2025-08-01 09:34:05 AM,3612.9,0,0.0,374456569.9000001
2025-08-01 09:34:06 AM,3612.9,33,119225.7,374575795.6000001
2025-08-01 09:34:07 AM,3612.9,33,119225.7,374695021.3000001
2025-08-01 09:34:08 AM,3613.3,171,617874.3,375312895.6000001
2025-08-01 09:34:08 AM,3613.3,30,108399.0,375421294.6000001
2025-08-01 09:34:09 AM,3614.2,0,0.0,375421294.6000001
2025-08-01 09:34:09 AM,3614.2,230,831266.0,376252560.6000001
2025-08-01 09:34:12 AM,3613.3,2,7226.6,376259787.2000001
2025-08-01 09:34:12 AM,3614.0,0,0.0,376259787.2000001
2025-08-01 09:34:13 AM,3614.0,1,3614.0,376263401.2000001
2025-08-01 09:34:13 AM,3613.9,0,0.0,376263401.2000001
2025-08-01 09:34:14 AM,3613.3,0,0.0,376263401.2000001
2025-08-01 09:34:14 AM,3612.6,886,3200763.6,379464164.80000013
2025-08-01 09:34:15 AM,3612.6,122,440737.2,379904902.0000001
2025-08-01 09:34:17 AM,3612.6,13,46963.799999999996,379951865.80000013
2025-08-01 09:34:18 AM,3612.6,139,502151.39999999997,380454017.2000001
2025-08-01 09:34:19 AM,3612.6,14,50576.4,380504593.6000001
2025-08-01 09:34:19 AM,3612.6,5,18063.0,380522656.6000001
2025-08-01 09:34:21 AM,3612.6,3,10837.8,380533494.4000001
2025-08-01 09:34:21 AM,3612.6,3,10837.8,380544332.2000001
2025-08-01 09:34:22 AM,3612.6,1,3612.6,380547944.80000013
2025-08-01 09:34:22 AM,3612.5,3,10837.5,380558782.30000013
2025-08-01 09:34:22 AM,3612.6,0,0.0,380558782.30000013
2025-08-01 09:34:23 AM,3612.6,7,25288.2,380584070.5000001
2025-08-01 09:34:25 AM,3612.6,19,68639.4,380652709.9000001
2025-08-01 09:34:26 AM,3612.6,78,281782.8,380934492.7000001
2025-08-01 09:34:27 AM,3612.6,25,90315.0,381024807.7000001
2025-08-01 09:34:28 AM,3612.5,1,3612.5,381028420.2000001
2025-08-01 09:34:28 AM,3612.6,0,0.0,381028420.2000001
2025-08-01 09:34:29 AM,3612.6,1,3612.6,381032032.80000013
2025-08-01 09:34:30 AM,3612.5,2,7225.0,381039257.80000013
2025-08-01 09:34:31 AM,3612.5,1,3612.5,381042870.30000013
2025-08-01 09:34:32 AM,3612.1,3,10836.3,381053706.60000014
2025-08-01 09:34:32 AM,3612.1,39,140871.9,381194578.5000001
2025-08-01 09:34:33 AM,3612.1,5,18060.5,381212639.0000001
2025-08-01 09:34:34 AM,3612.1,2,7224.2,381219863.2000001
2025-08-01 09:34:34 AM,3612.0,0,0.0,381219863.2000001
2025-08-01 09:34:35 AM,3612.0,3,10836.0,381230699.2000001
2025-08-01 09:34:36 AM,3612.0,1,3612.0,381234311.2000001
2025-08-01 09:34:36 AM,3611.9,235,848796.5,382083107.7000001
2025-08-01 09:34:37 AM,3610.6,53,191361.8,382274469.5000001
2025-08-01 09:34:38 AM,3611.5,5,18057.5,382292527.0000001
2025-08-01 09:34:39 AM,3612.1,500,1806050.0,384098577.0000001
2025-08-01 09:34:39 AM,3612.0,52,187824.0,384286401.0000001
2025-08-01 09:34:40 AM,3611.5,0,0.0,384286401.0000001
2025-08-01 09:34:40 AM,3611.5,5,18057.5,384304458.5000001
2025-08-01 09:34:41 AM,3611.8,20,72236.0,384376694.5000001
2025-08-01 09:34:42 AM,3611.8,55,198649.0,384575343.5000001
2025-08-01 09:34:44 AM,3611.2,290,1047248.0,385622591.5000001
2025-08-01 09:34:45 AM,3611.0,0,0.0,385622591.5000001
2025-08-01 09:34:46 AM,3611.0,9,32499.0,385655090.5000001
2025-08-01 09:34:46 AM,3610.9,0,0.0,385655090.5000001
2025-08-01 09:34:47 AM,3610.9,3,10832.7,385665923.2000001
2025-08-01 09:34:47 AM,3611.0,0,0.0,385665923.2000001
2025-08-01 09:34:48 AM,3610.9,0,0.0,385665923.2000001
2025-08-01 09:34:48 AM,3610.9,3,10832.7,385676755.9000001
2025-08-01 09:34:48 AM,3611.0,2,7222.0,385683977.9000001
2025-08-01 09:34:48 AM,3610.9,0,0.0,385683977.9000001
2025-08-01 09:34:49 AM,3610.9,33,119159.7,385803137.6000001
2025-08-01 09:34:49 AM,3610.9,7,25276.3,385828413.9000001
2025-08-01 09:34:50 AM,3611.0,83,299713.0,386128126.9000001
2025-08-01 09:34:51 AM,3611.0,2,7222.0,386135348.9000001
2025-08-01 09:34:52 AM,3611.0,100,361100.0,386496448.9000001
2025-08-01 09:34:55 AM,3611.0,2,7222.0,386503670.9000001
2025-08-01 09:34:56 AM,3611.0,90,324990.0,386828660.9000001
2025-08-01 09:34:58 AM,3610.9,0,0.0,386828660.9000001
2025-08-01 09:34:58 AM,3610.9,84,303315.60000000003,387131976.5000001
2025-08-01 09:34:58 AM,3610.8,84,303307.2,387435283.7000001
2025-08-01 09:34:58 AM,3610.9,0,0.0,387435283.7000001
2025-08-01 09:34:59 AM,3610.9,7,25276.3,387460560.0000001
2025-08-01 09:34:59 AM,3610.6,1,3610.6,387464170.60000014
2025-08-01 09:35:00 AM,3610.6,1,3610.6,387467781.20000017
2025-08-01 09:35:04 AM,3610.6,1,3610.6,387471391.8000002
2025-08-01 09:35:06 AM,3610.7,0,0.0,387471391.8000002
2025-08-01 09:35:11 AM,3610.9,0,0.0,387471391.8000002
2025-08-01 09:35:11 AM,3610.9,291,1050771.9000000001,388522163.70000017
2025-08-01 09:35:11 AM,3611.0,31,111941.0,388634104.70000017
2025-08-01 09:35:11 AM,3611.4,0,0.0,388634104.70000017
2025-08-01 09:35:16 AM,3611.0,0,0.0,388634104.70000017
2025-08-01 09:35:18 AM,3611.0,168,606648.0,389240752.70000017
2025-08-01 09:35:21 AM,3611.4,0,0.0,389240752.70000017
2025-08-01 09:35:25 AM,3611.4,138,498373.2,389739125.90000015
2025-08-01 09:35:25 AM,3611.9,9,32507.100000000002,389771633.0000002
2025-08-01 09:35:31 AM,3611.0,0,0.0,389771633.0000002
2025-08-01 09:35:32 AM,3611.4,79,285300.60000000003,390056933.6000002
2025-08-01 09:35:36 AM,3610.6,0,0.0,390056933.6000002
2025-08-01 09:35:36 AM,3611.0,0,0.0,390056933.6000002
2025-08-01 09:35:39 AM,3611.0,404,1458844.0,391515777.6000002
2025-08-01 09:35:41 AM,3611.1,0,0.0,391515777.6000002
2025-08-01 09:35:46 AM,3611.1,56,202221.6,391717999.2000002
2025-08-01 09:35:46 AM,3611.0,15,54165.0,391772164.2000002
2025-08-01 09:35:51 AM,3610.6,0,0.0,391772164.2000002
2025-08-01 09:35:51 AM,3611.6,0,0.0,391772164.2000002
2025-08-01 09:35:52 AM,3611.6,149,538128.4,392310292.6000002
2025-08-01 09:35:56 AM,3611.4,0,0.0,392310292.6000002
2025-08-01 09:35:59 AM,3611.4,8,28891.2,392339183.8000002
2025-08-01 09:36:05 AM,3611.2,0,0.0,392339183.8000002
2025-08-01 09:36:06 AM,3612.0,107,386484.0,392725667.8000002
2025-08-01 09:36:06 AM,3612.0,902,3258024.0,395983691.8000002
2025-08-01 09:36:12 AM,3611.7,75,270877.5,396254569.3000002
2025-08-01 09:36:13 AM,3611.2,0,0.0,396254569.3000002
2025-08-01 09:36:13 AM,3611.2,52,187782.4,396442351.70000017
2025-08-01 09:36:17 AM,3611.4,0,0.0,396442351.70000017
2025-08-01 09:36:19 AM,3613.2,313,1130931.5999999999,397573283.3000002
2025-08-01 09:36:25 AM,3612.0,0,0.0,397573283.3000002
2025-08-01 09:36:25 AM,3612.0,52,187824.0,397761107.3000002
2025-08-01 09:36:29 AM,3612.5,0,0.0,397761107.3000002
2025-08-01 09:36:32 AM,3612.5,6,21675.0,397782782.3000002
2025-08-01 09:36:33 AM,3612.4,0,0.0,397782782.3000002
2025-08-01 09:36:37 AM,3613.3,0,0.0,397782782.3000002
2025-08-01 09:36:38 AM,3613.3,90,325197.0,398107979.3000002
2025-08-01 09:36:41 AM,3613.7,0,0.0,398107979.3000002
2025-08-01 09:36:41 AM,3614.0,0,0.0,398107979.3000002
2025-08-01 09:36:45 AM,3614.0,200,722800.0,398830779.3000002
2025-08-01 09:36:45 AM,3613.5,573,2070535.5,400901314.8000002
2025-08-01 09:36:45 AM,3614.2,0,0.0,400901314.8000002
2025-08-01 09:36:51 AM,3614.2,156,563815.2,401465130.0000002
2025-08-01 09:36:52 AM,3613.6,59,213202.4,401678332.40000015
2025-08-01 09:36:53 AM,3614.0,0,0.0,401678332.40000015
2025-08-01 09:36:57 AM,3614.9,0,0.0,401678332.40000015
2025-08-01 09:36:58 AM,3614.9,32,115676.8,401794009.20000017
2025-08-01 09:37:01 AM,3615.0,0,0.0,401794009.20000017
2025-08-01 09:37:01 AM,3615.7,0,0.0,401794009.20000017
2025-08-01 09:37:05 AM,3614.9,0,0.0,401794009.20000017
2025-08-01 09:37:05 AM,3614.9,356,1286904.4000000001,403080913.60000014
2025-08-01 09:37:09 AM,3615.6,0,0.0,403080913.60000014
2025-08-01 09:37:10 AM,3615.0,0,0.0,403080913.60000014
2025-08-01 09:37:12 AM,3613.6,680,2457248.0,405538161.60000014
2025-08-01 09:37:13 AM,3613.2,94,339640.8,405877802.40000015
2025-08-01 09:37:14 AM,3612.3,0,0.0,405877802.40000015
2025-08-01 09:37:15 AM,3612.7,0,0.0,405877802.40000015
2025-08-01 09:37:19 AM,3613.5,0,0.0,405877802.40000015
2025-08-01 09:37:19 AM,3613.6,625,2258500.0,408136302.40000015
2025-08-01 09:37:20 AM,3613.4,119,429994.60000000003,408566297.0000002
2025-08-01 09:37:20 AM,3611.5,0,0.0,408566297.0000002
2025-08-01 09:37:24 AM,3612.8,0,0.0,408566297.0000002
2025-08-01 09:37:26 AM,3612.2,792,2860862.4,411427159.40000015
2025-08-01 09:37:26 AM,3612.7,138,498552.6,411925712.0000002
2025-08-01 09:37:30 AM,3615.0,0,0.0,411925712.0000002
2025-08-01 09:37:30 AM,3614.7,0,0.0,411925712.0000002
2025-08-01 09:37:33 AM,3617.1,564,2040044.4,413965756.40000015
2025-08-01 09:37:33 AM,3616.3,55,198896.5,414164652.90000015
2025-08-01 09:37:35 AM,3617.2,0,0.0,414164652.90000015
2025-08-01 09:37:39 AM,3616.2,0,0.0,414164652.90000015
2025-08-01 09:37:39 AM,3617.6,0,0.0,414164652.90000015
2025-08-01 09:37:40 AM,3616.3,86,311001.8,414475654.70000017
2025-08-01 09:37:43 AM,3616.5,0,0.0,414475654.70000017
2025-08-01 09:37:46 AM,3617.7,466,1685848.2,416161502.90000015
2025-08-01 09:37:49 AM,3617.8,0,0.0,416161502.90000015
2025-08-01 09:37:53 AM,3616.6,0,0.0,416161502.90000015
2025-08-01 09:37:53 AM,3616.6,112,405059.2,416566562.10000014
2025-08-01 09:37:57 AM,3617.8,0,0.0,416566562.10000014
2025-08-01 09:37:59 AM,3618.8,0,0.0,416566562.10000014
2025-08-01 09:37:59 AM,3618.8,754,2728575.2,419295137.30000013
2025-08-01 09:38:00 AM,3618.1,296,1070957.5999999999,420366094.90000015
2025-08-01 09:38:00 AM,3618.0,41,148338.0,420514432.90000015
2025-08-01 09:38:01 AM,3617.7,0,0.0,420514432.90000015
2025-08-01 09:38:01 AM,3617.7,40,144708.0,420659140.90000015
2025-08-01 09:38:02 AM,3619.1,0,0.0,420659140.90000015
2025-08-01 09:38:02 AM,3619.1,1,3619.1,420662760.0000002
2025-08-01 09:38:03 AM,3617.8,1,3617.8,420666377.8000002
2025-08-01 09:38:04 AM,3618.9,60,217134.0,420883511.8000002
2025-08-01 09:38:04 AM,3617.6,68,245996.8,421129508.6000002
2025-08-01 09:38:07 AM,3617.8,4,14471.2,421143979.8000002
2025-08-01 09:38:08 AM,3617.8,1,3617.8,421147597.6000002
2025-08-01 09:38:08 AM,3617.8,2,7235.6,421154833.2000002
2025-08-01 09:38:09 AM,3617.8,1,3617.8,421158451.00000024
2025-08-01 09:38:09 AM,3618.5,5,18092.5,421176543.50000024
2025-08-01 09:38:11 AM,3617.9,51,184512.9,421361056.4000002
2025-08-01 09:38:12 AM,3618.1,20,72362.0,421433418.4000002
2025-08-01 09:38:13 AM,3619.2,83,300393.6,421733812.00000024
2025-08-01 09:38:14 AM,3617.7,53,191738.09999999998,421925550.10000026
2025-08-01 09:38:15 AM,3618.4,4,14473.6,421940023.7000003
2025-08-01 09:38:16 AM,3618.4,4,14473.6,421954497.3000003
2025-08-01 09:38:16 AM,3617.7,1,3617.7,421958115.0000003
2025-08-01 09:38:17 AM,3618.6,102,369097.2,422327212.2000003
2025-08-01 09:38:18 AM,3617.8,69,249628.2,422576840.4000003
2025-08-01 09:38:19 AM,3617.8,56,202596.80000000002,422779437.2000003
2025-08-01 09:38:21 AM,3619.2,100,361920.0,423141357.2000003
2025-08-01 09:38:21 AM,3619.2,42,152006.4,423293363.60000026
2025-08-01 09:38:22 AM,3619.1,0,0.0,423293363.60000026
2025-08-01 09:38:22 AM,3619.1,1,3619.1,423296982.7000003
2025-08-01 09:38:22 AM,3619.1,81,293147.1,423590129.8000003
2025-08-01 09:38:23 AM,3618.0,4,14472.0,423604601.8000003
2025-08-01 09:38:24 AM,3618.0,20,72360.0,423676961.8000003
2025-08-01 09:38:24 AM,3619.1,1,3619.1,423680580.90000033
2025-08-01 09:38:25 AM,3618.6,0,0.0,423680580.90000033
2025-08-01 09:38:25 AM,3619.2,76,275059.2,423955640.1000003
2025-08-01 09:38:27 AM,3618.0,0,0.0,423955640.1000003
2025-08-01 09:38:27 AM,3618.0,59,213462.0,424169102.1000003
2025-08-01 09:38:28 AM,3618.9,26,94091.40000000001,424263193.5000003
2025-08-01 09:38:29 AM,3618.9,2,7237.8,424270431.3000003
2025-08-01 09:38:30 AM,3618.6,29,104939.4,424375370.7000003
2025-08-01 09:38:32 AM,3619.0,9,32571.0,424407941.7000003
2025-08-01 09:38:32 AM,3619.0,134,484946.0,424892887.7000003
2025-08-01 09:38:33 AM,3618.9,136,492170.4,425385058.10000026
2025-08-01 09:38:35 AM,3619.1,27,97715.7,425482773.80000025
2025-08-01 09:38:36 AM,3618.9,135,488551.5,425971325.30000025
2025-08-01 09:38:38 AM,3619.1,0,0.0,425971325.30000025
2025-08-01 09:38:38 AM,3619.1,6,21714.6,425993039.9000003
2025-08-01 09:38:38 AM,3619.2,1,3619.2,425996659.10000026
2025-08-01 09:38:39 AM,3619.7,55,199083.5,426195742.60000026
2025-08-01 09:38:40 AM,3619.7,7,25337.899999999998,426221080.50000024
2025-08-01 09:38:42 AM,3618.9,0,0.0,426221080.50000024
2025-08-01 09:38:42 AM,3618.9,1,3618.9,426224699.4000002
2025-08-01 09:38:43 AM,3619.7,2,7239.4,426231938.8000002
2025-08-01 09:38:44 AM,3618.2,278,1005859.6,427237798.4000002
2025-08-01 09:38:44 AM,3619.8,82,296823.60000000003,427534622.00000024
2025-08-01 09:38:45 AM,3619.7,1232,4459470.399999999,431994092.4000002
2025-08-01 09:38:46 AM,3619.8,115,416277.0,432410369.4000002
2025-08-01 09:38:46 AM,3619.4,0,0.0,432410369.4000002
2025-08-01 09:38:47 AM,3619.4,250,904850.0,433315219.4000002
2025-08-01 09:38:48 AM,3619.2,0,0.0,433315219.4000002
2025-08-01 09:38:48 AM,3619.2,9,32572.8,433347792.2000002
2025-08-01 09:38:48 AM,3619.1,50,180955.0,433528747.2000002
2025-08-01 09:38:49 AM,3619.1,4,14476.4,433543223.6000002
2025-08-01 09:38:51 AM,3620.0,69,249780.0,433793003.6000002
2025-08-01 09:38:52 AM,3620.0,20,72400.0,433865403.6000002
2025-08-01 09:38:52 AM,3620.0,10,36200.0,433901603.6000002
2025-08-01 09:38:52 AM,3619.3,0,0.0,433901603.6000002
2025-08-01 09:38:53 AM,3619.3,1,3619.3,433905222.9000002
2025-08-01 09:38:53 AM,3620.0,1,3620.0,433908842.9000002
2025-08-01 09:38:54 AM,3619.2,0,0.0,433908842.9000002
2025-08-01 09:38:55 AM,3619.2,10,36192.0,433945034.9000002
2025-08-01 09:38:55 AM,3619.2,1,3619.2,433948654.1000002
2025-08-01 09:38:55 AM,3619.9,0,0.0,433948654.1000002
2025-08-01 09:38:56 AM,3619.9,3,10859.7,433959513.8000002
2025-08-01 09:38:57 AM,3619.2,0,0.0,433959513.8000002
2025-08-01 09:38:57 AM,3619.2,20,72384.0,434031897.8000002
2025-08-01 09:38:59 AM,3619.2,5,18096.0,434049993.8000002
2025-08-01 09:38:59 AM,3619.2,58,209913.59999999998,434259907.4000002
2025-08-01 09:39:01 AM,3619.1,0,0.0,434259907.4000002
2025-08-01 09:39:07 AM,3619.1,230,832393.0,435092300.4000002
2025-08-01 09:39:12 AM,3618.0,0,0.0,435092300.4000002
2025-08-01 09:39:13 AM,3617.2,0,0.0,435092300.4000002
2025-08-01 09:39:14 AM,3617.9,775,2803872.5,437896172.9000002
2025-08-01 09:39:20 AM,3617.9,119,430530.10000000003,438326703.00000024
2025-08-01 09:39:27 AM,3617.9,4,14471.6,438341174.60000026
2025-08-01 09:39:30 AM,3617.8,0,0.0,438341174.60000026
2025-08-01 09:39:31 AM,3617.9,0,0.0,438341174.60000026
2025-08-01 09:39:34 AM,3617.9,105,379879.5,438721054.10000026
2025-08-01 09:39:34 AM,3618.4,0,0.0,438721054.10000026
2025-08-01 09:39:37 AM,3618.2,0,0.0,438721054.10000026
2025-08-01 09:39:40 AM,3617.9,581,2101999.9,440823054.00000024
2025-08-01 09:39:42 AM,3618.0,0,0.0,440823054.00000024
2025-08-01 09:39:47 AM,3618.0,200,723600.0,441546654.00000024
2025-08-01 09:39:47 AM,3619.0,1,3619.0,441550273.00000024
2025-08-01 09:39:53 AM,3619.0,20,72380.0,441622653.00000024
2025-08-01 09:39:54 AM,3618.0,50,180900.0,441803553.00000024
2025-08-01 09:39:59 AM,3617.8,0,0.0,441803553.00000024
2025-08-01 09:40:00 AM,3617.8,94,340073.2,442143626.2000002
2025-08-01 09:40:01 AM,3617.8,19,68738.2,442212364.4000002
2025-08-01 09:40:02 AM,3618.5,0,0.0,442212364.4000002
2025-08-01 09:40:06 AM,3617.8,0,0.0,442212364.4000002
2025-08-01 09:40:06 AM,3618.0,0,0.0,442212364.4000002
2025-08-01 09:40:06 AM,3618.0,270,976860.0,443189224.4000002
2025-08-01 09:40:10 AM,3617.9,0,0.0,443189224.4000002
2025-08-01 09:40:13 AM,3617.4,85,307479.0,443496703.4000002
2025-08-01 09:40:14 AM,3616.5,0,0.0,443496703.4000002
2025-08-01 09:40:18 AM,3617.9,0,0.0,443496703.4000002
2025-08-01 09:40:20 AM,3618.0,265,958770.0,444455473.4000002
2025-08-01 09:40:20 AM,3617.4,22,79582.8,444535056.2000002
2025-08-01 09:40:23 AM,3618.0,0,0.0,444535056.2000002
2025-08-01 09:40:25 AM,3617.8,0,0.0,444535056.2000002
2025-08-01 09:40:26 AM,3617.8,357,1291554.6,445826610.80000025
2025-08-01 09:40:27 AM,3618.3,7,25328.100000000002,445851938.9000003
2025-08-01 09:40:28 AM,3617.7,0,0.0,445851938.9000003
2025-08-01 09:40:33 AM,3617.8,131,473931.80000000005,446325870.7000003
2025-08-01 09:40:38 AM,3618.0,0,0.0,446325870.7000003
2025-08-01 09:40:39 AM,3618.0,11,39798.0,446365668.7000003
2025-08-01 09:40:40 AM,3618.0,3,10854.0,446376522.7000003
2025-08-01 09:40:45 AM,3619.1,0,0.0,446376522.7000003
2025-08-01 09:40:46 AM,3619.4,0,0.0,446376522.7000003
2025-08-01 09:40:46 AM,3619.4,634,2294699.6,448671222.3000003
2025-08-01 09:40:49 AM,3620.0,0,0.0,448671222.3000003
2025-08-01 09:40:50 AM,3619.1,0,0.0,448671222.3000003
2025-08-01 09:40:53 AM,3620.0,200,724000.0,449395222.3000003
2025-08-01 09:40:54 AM,3619.4,0,0.0,449395222.3000003
2025-08-01 09:40:59 AM,3619.2,1151,4165699.1999999997,453560921.5000003
2025-08-01 09:40:59 AM,3620.0,0,0.0,453560921.5000003
2025-08-01 09:41:00 AM,3620.0,15,54300.0,453615221.5000003
2025-08-01 09:41:04 AM,3621.1,0,0.0,453615221.5000003
2025-08-01 09:41:06 AM,3621.1,468,1694674.8,455309896.3000003
2025-08-01 09:41:07 AM,3621.1,2,7242.2,455317138.5000003
2025-08-01 09:41:09 AM,3621.5,0,0.0,455317138.5000003
2025-08-01 09:41:13 AM,3621.5,243,880024.5,456197163.0000003
2025-08-01 09:41:13 AM,3620.7,500,1810350.0,458007513.0000003
2025-08-01 09:41:19 AM,3621.0,275,995775.0,459003288.0000003
2025-08-01 09:41:20 AM,3621.0,3,10863.0,459014151.0000003
2025-08-01 09:41:21 AM,3621.1,0,0.0,459014151.0000003
2025-08-01 09:41:26 AM,3621.1,274,992181.4,460006332.4000003
2025-08-01 09:41:27 AM,3621.1,70,253477.0,460259809.4000003
2025-08-01 09:41:29 AM,3621.7,0,0.0,460259809.4000003
2025-08-01 09:41:32 AM,3622.3,285,1032355.5,461292164.9000003
2025-08-01 09:41:33 AM,3621.0,0,0.0,461292164.9000003
2025-08-01 09:41:37 AM,3622.1,0,0.0,461292164.9000003
2025-08-01 09:41:39 AM,3621.7,143,517903.1,461810068.0000003
2025-08-01 09:41:41 AM,3622.6,0,0.0,461810068.0000003
2025-08-01 09:41:45 AM,3621.3,0,0.0,461810068.0000003
2025-08-01 09:41:46 AM,3621.3,267,966887.1000000001,462776955.1000003
2025-08-01 09:41:47 AM,3622.9,180,652122.0,463429077.1000003
2025-08-01 09:41:49 AM,3622.0,0,0.0,463429077.1000003
2025-08-01 09:41:50 AM,3623.0,0,0.0,463429077.1000003
2025-08-01 09:41:52 AM,3621.9,147,532419.3,463961496.40000033
2025-08-01 09:41:53 AM,3623.0,3,10869.0,463972365.40000033
2025-08-01 09:41:57 AM,3623.2,0,0.0,463972365.40000033
2025-08-01 09:41:58 AM,3623.2,375,1358700.0,465331065.40000033
2025-08-01 09:42:01 AM,3623.0,0,0.0,465331065.40000033
2025-08-01 09:42:05 AM,3623.8,161,583431.8,465914497.20000035
2025-08-01 09:42:05 AM,3623.0,0,0.0,465914497.20000035
2025-08-01 09:42:06 AM,3623.0,1,3623.0,465918120.20000035
2025-08-01 09:42:10 AM,3623.1,0,0.0,465918120.20000035
2025-08-01 09:42:12 AM,3623.1,7,25361.7,465943481.90000033
2025-08-01 09:42:13 AM,3623.0,30,108690.0,466052171.90000033
2025-08-01 09:42:18 AM,3623.0,38,137674.0,466189845.90000033
2025-08-01 09:42:19 AM,3621.9,255,923584.5,467113430.40000033
2025-08-01 09:42:22 AM,3622.0,0,0.0,467113430.40000033
2025-08-01 09:42:25 AM,3622.0,77,278894.0,467392324.40000033
2025-08-01 09:42:31 AM,3621.6,146,528753.6,467921078.00000036
2025-08-01 09:42:32 AM,3621.5,0,0.0,467921078.00000036
2025-08-01 09:42:33 AM,3621.5,1,3621.5,467924699.50000036
2025-08-01 09:42:36 AM,3620.6,0,0.0,467924699.50000036
2025-08-01 09:42:38 AM,3620.7,229,829140.2999999999,468753839.80000037
2025-08-01 09:42:39 AM,3620.9,47,170182.30000000002,468924022.1000004
2025-08-01 09:42:40 AM,3621.4,0,0.0,468924022.1000004
2025-08-01 09:42:40 AM,3621.3,0,0.0,468924022.1000004
2025-08-01 09:42:43 AM,3620.0,0,0.0,468924022.1000004
2025-08-01 09:42:44 AM,3620.0,159,575580.0,469499602.1000004
2025-08-01 09:42:45 AM,3620.0,100,362000.0,469861602.1000004
2025-08-01 09:42:48 AM,3620.8,0,0.0,469861602.1000004
2025-08-01 09:42:51 AM,3620.6,130,470678.0,470332280.1000004
2025-08-01 09:42:51 AM,3621.3,0,0.0,470332280.1000004
2025-08-01 09:42:52 AM,3621.2,25,90530.0,470422810.1000004
2025-08-01 09:42:55 AM,3620.8,0,0.0,470422810.1000004
2025-08-01 09:42:57 AM,3621.5,163,590304.5,471013114.6000004
2025-08-01 09:42:58 AM,3621.6,5,18108.0,471031222.6000004
2025-08-01 09:43:00 AM,3622.0,0,0.0,471031222.6000004
2025-08-01 09:43:04 AM,3623.0,0,0.0,471031222.6000004
2025-08-01 09:43:04 AM,3623.0,2905,10524815.0,481556037.6000004
2025-08-01 09:43:07 AM,3621.6,0,0.0,481556037.6000004
2025-08-01 09:43:07 AM,3622.7,0,0.0,481556037.6000004
2025-08-01 09:43:10 AM,3622.0,297,1075734.0,482631771.6000004
2025-08-01 09:43:11 AM,3622.9,0,0.0,482631771.6000004
2025-08-01 09:43:16 AM,3622.3,0,0.0,482631771.6000004
2025-08-01 09:43:16 AM,3622.8,0,0.0,482631771.6000004
2025-08-01 09:43:17 AM,3622.3,344,1246071.2,483877842.80000037
2025-08-01 09:43:18 AM,3622.3,11,39845.3,483917688.1000004
2025-08-01 09:43:20 AM,3621.6,0,0.0,483917688.1000004
2025-08-01 09:43:24 AM,3621.6,345,1249452.0,485167140.1000004
2025-08-01 09:43:25 AM,3621.6,56,202809.6,485369949.7000004
2025-08-01 09:43:28 AM,3620.7,0,0.0,485369949.7000004
2025-08-01 09:43:28 AM,3621.6,0,0.0,485369949.7000004
2025-08-01 09:43:30 AM,3622.0,143,517946.0,485887895.7000004
2025-08-01 09:43:31 AM,3622.0,7,25354.0,485913249.7000004
2025-08-01 09:43:36 AM,3622.1,0,0.0,485913249.7000004
2025-08-01 09:43:37 AM,3622.0,177,641094.0,486554343.7000004
2025-08-01 09:43:38 AM,3621.7,5,18108.5,486572452.2000004
2025-08-01 09:43:45 AM,3621.7,11,39838.7,486612290.9000004
2025-08-01 09:43:50 AM,3621.7,76,275249.2,486887540.1000004
2025-08-01 09:43:51 AM,3621.8,1,3621.8,486891161.9000004
2025-08-01 09:43:52 AM,3623.0,0,0.0,486891161.9000004
2025-08-01 09:43:56 AM,3623.0,131,474613.0,487365774.9000004
2025-08-01 09:43:57 AM,3623.0,1,3623.0,487369397.9000004
2025-08-01 09:44:00 AM,3621.8,0,0.0,487369397.9000004
2025-08-01 09:44:03 AM,3621.8,17,61570.600000000006,487430968.5000004
2025-08-01 09:44:04 AM,3622.8,0,0.0,487430968.5000004
2025-08-01 09:44:04 AM,3622.8,9,32605.2,487463573.7000004
2025-08-01 09:44:08 AM,3622.6,0,0.0,487463573.7000004
2025-08-01 09:44:10 AM,3622.0,11,39842.0,487503415.7000004
2025-08-01 09:44:12 AM,3622.6,0,0.0,487503415.7000004
2025-08-01 09:44:16 AM,3622.9,0,0.0,487503415.7000004
2025-08-01 09:44:17 AM,3622.9,179,648499.1,488151914.8000004
2025-08-01 09:44:18 AM,3622.0,0,0.0,488151914.8000004
2025-08-01 09:44:18 AM,3622.0,50,181100.0,488333014.8000004
2025-08-01 09:44:20 AM,3622.1,0,0.0,488333014.8000004
2025-08-01 09:44:23 AM,3622.1,329,1191670.9,489524685.7000004
2025-08-01 09:44:26 AM,3622.6,0,0.0,489524685.7000004
2025-08-01 09:44:30 AM,3622.6,18,65206.799999999996,489589892.5000004
2025-08-01 09:44:32 AM,3622.7,0,0.0,489589892.5000004
2025-08-01 09:44:36 AM,3621.7,1156,4186685.1999999997,493776577.7000004
2025-08-01 09:44:37 AM,3621.7,3,10865.099999999999,493787442.8000004
2025-08-01 09:44:40 AM,3622.4,0,0.0,493787442.8000004
2025-08-01 09:44:42 AM,3622.4,1551,5618342.4,499405785.2000004
2025-08-01 09:44:43 AM,3622.8,25,90570.0,499496355.2000004
2025-08-01 09:44:44 AM,3620.7,0,0.0,499496355.2000004
2025-08-01 09:44:48 AM,3621.6,0,0.0,499496355.2000004
2025-08-01 09:44:49 AM,3621.6,129,467186.39999999997,499963541.6000004
2025-08-01 09:44:50 AM,3621.6,1,3621.6,499967163.2000004
2025-08-01 09:44:55 AM,3621.6,4,14486.4,499981649.6000004
2025-08-01 09:44:56 AM,3621.7,10,36217.0,500017866.6000004
2025-08-01 09:45:00 AM,3620.7,0,0.0,500017866.6000004
2025-08-01 09:45:02 AM,3621.7,0,0.0,500017866.6000004
2025-08-01 09:45:02 AM,3621.7,33,119516.09999999999,500137382.7000004
2025-08-01 09:45:03 AM,3621.7,2,7243.4,500144626.1000004
2025-08-01 09:45:06 AM,3621.6,0,0.0,500144626.1000004
2025-08-01 09:45:09 AM,3620.6,210,760326.0,500904952.1000004
2025-08-01 09:45:10 AM,3620.1,35,126703.5,501031655.6000004
2025-08-01 09:45:15 AM,3620.2,4,14480.8,501046136.4000004
2025-08-01 09:45:16 AM,3620.5,0,0.0,501046136.4000004
2025-08-01 09:45:17 AM,3620.5,4,14482.0,501060618.4000004
2025-08-01 09:45:20 AM,3621.3,0,0.0,501060618.4000004
2025-08-01 09:45:22 AM,3621.0,164,593844.0,501654462.4000004
2025-08-01 09:45:23 AM,3620.8,14,50691.200000000004,501705153.6000004
2025-08-01 09:45:25 AM,3620.9,0,0.0,501705153.6000004
2025-08-01 09:45:28 AM,3621.0,30,108630.0,501813783.6000004
2025-08-01 09:45:29 AM,3621.0,26,94146.0,501907929.6000004
2025-08-01 09:45:32 AM,3621.1,0,0.0,501907929.6000004
2025-08-01 09:45:34 AM,3621.1,24,86906.4,501994836.00000036
2025-08-01 09:45:36 AM,3621.1,14,50695.4,502045531.40000033
2025-08-01 09:45:36 AM,3621.0,0,0.0,502045531.40000033
2025-08-01 09:45:40 AM,3621.1,0,0.0,502045531.40000033
2025-08-01 09:45:41 AM,3621.1,613,2219734.3,504265265.70000035
2025-08-01 09:45:44 AM,3621.0,0,0.0,504265265.70000035
2025-08-01 09:45:45 AM,3620.6,0,0.0,504265265.70000035
2025-08-01 09:45:48 AM,3621.0,276,999396.0,505264661.70000035
2025-08-01 09:45:49 AM,3621.0,2,7242.0,505271903.70000035
2025-08-01 09:45:54 AM,3621.0,250,905250.0,506177153.70000035
2025-08-01 09:45:55 AM,3621.0,181,655401.0,506832554.70000035
2025-08-01 09:46:00 AM,3621.0,73,264333.0,507096887.70000035
2025-08-01 09:46:02 AM,3621.1,42,152086.19999999998,507248973.90000033
2025-08-01 09:46:07 AM,3621.0,63,228123.0,507477096.90000033
2025-08-01 09:46:08 AM,3621.0,46,166566.0,507643662.90000033
2025-08-01 09:46:11 AM,3621.1,0,0.0,507643662.90000033
2025-08-01 09:46:13 AM,3621.1,165,597481.5,508241144.40000033
2025-08-01 09:46:15 AM,3621.1,3,10863.3,508252007.70000035
2025-08-01 09:46:16 AM,3621.0,0,0.0,508252007.70000035
2025-08-01 09:46:17 AM,3621.1,0,0.0,508252007.70000035
2025-08-01 09:46:20 AM,3621.1,23,83285.3,508335293.00000036
2025-08-01 09:46:22 AM,3621.1,4,14484.4,508349777.40000033
2025-08-01 09:46:26 AM,3621.1,5,18105.5,508367882.90000033
2025-08-01 09:46:28 AM,3621.1,1,3621.1,508371504.00000036
2025-08-01 09:46:29 AM,3621.0,0,0.0,508371504.00000036
2025-08-01 09:46:30 AM,3621.1,0,0.0,508371504.00000036
2025-08-01 09:46:33 AM,3621.1,22,79664.2,508451168.20000035
2025-08-01 09:46:34 AM,3621.0,0,0.0,508451168.20000035
2025-08-01 09:46:35 AM,3621.0,14,50694.0,508501862.20000035
2025-08-01 09:46:37 AM,3621.1,0,0.0,508501862.20000035
2025-08-01 09:46:39 AM,3621.1,73,264340.3,508766202.50000036
2025-08-01 09:46:41 AM,3621.1,59,213644.9,508979847.40000033
2025-08-01 09:46:42 AM,3621.3,0,0.0,508979847.40000033
2025-08-01 09:46:45 AM,3621.1,0,0.0,508979847.40000033
2025-08-01 09:46:45 AM,3621.1,47,170191.69999999998,509150039.1000003
2025-08-01 09:46:46 AM,3620.4,0,0.0,509150039.1000003
2025-08-01 09:46:47 AM,3620.7,490,1774143.0,510924182.1000003
2025-08-01 09:46:49 AM,3620.3,0,0.0,510924182.1000003
2025-08-01 09:46:50 AM,3619.6,0,0.0,510924182.1000003
2025-08-01 09:46:51 AM,3619.6,132,477787.2,511401969.3000003
2025-08-01 09:46:53 AM,3619.6,33,119446.8,511521416.1000003
2025-08-01 09:46:58 AM,3619.6,84,304046.39999999997,511825462.5000003
2025-08-01 09:47:00 AM,3620.0,0,0.0,511825462.5000003
2025-08-01 09:47:00 AM,3620.0,1,3620.0,511829082.5000003
2025-08-01 09:47:02 AM,3619.6,0,0.0,511829082.5000003
2025-08-01 09:47:04 AM,3619.6,37,133925.19999999998,511963007.7000003
2025-08-01 09:47:13 AM,3619.8,0,0.0,511963007.7000003
2025-08-01 09:47:16 AM,3619.7,23,83253.09999999999,512046260.8000003
2025-08-01 09:47:18 AM,3619.6,1,3619.6,512049880.40000033
2025-08-01 09:47:22 AM,3619.7,82,296815.39999999997,512346695.8000003
2025-08-01 09:47:25 AM,3619.7,12,43436.399999999994,512390132.2000003
2025-08-01 09:47:29 AM,3619.7,9,32577.3,512422709.5000003
2025-08-01 09:47:30 AM,3619.4,0,0.0,512422709.5000003
2025-08-01 09:47:31 AM,3618.8,468,1693598.4000000001,514116307.9000003
2025-08-01 09:47:33 AM,3616.5,0,0.0,514116307.9000003
2025-08-01 09:47:35 AM,3617.0,908,3284236.0,517400543.9000003
2025-08-01 09:47:35 AM,3618.0,0,0.0,517400543.9000003
2025-08-01 09:47:38 AM,3618.0,25,90450.0,517490993.9000003
2025-08-01 09:47:39 AM,3617.9,0,0.0,517490993.9000003
2025-08-01 09:47:42 AM,3617.9,160,578864.0,518069857.9000003
2025-08-01 09:47:45 AM,3618.0,0,0.0,518069857.9000003
2025-08-01 09:47:49 AM,3617.6,16,57881.6,518127739.5000003
2025-08-01 09:47:55 AM,3618.0,0,0.0,518127739.5000003
2025-08-01 09:47:56 AM,3618.0,21,75978.0,518203717.5000003
2025-08-01 09:47:58 AM,3618.2,0,0.0,518203717.5000003
2025-08-01 09:47:58 AM,3618.2,422,1526880.4,519730597.9000003
2025-08-01 09:47:58 AM,3619.2,0,0.0,519730597.9000003
2025-08-01 09:48:02 AM,3618.4,117,423352.8,520153950.7000003
2025-08-01 09:48:03 AM,3619.0,0,0.0,520153950.7000003
2025-08-01 09:48:03 AM,3619.2,0,0.0,520153950.7000003
2025-08-01 09:48:05 AM,3619.2,121,437923.19999999995,520591873.9000003
2025-08-01 09:48:08 AM,3619.6,0,0.0,520591873.9000003
2025-08-01 09:48:08 AM,3619.6,81,293187.6,520885061.5000003
2025-08-01 09:48:11 AM,3619.6,88,318524.8,521203586.3000003
2025-08-01 09:48:12 AM,3619.2,0,0.0,521203586.3000003
2025-08-01 09:48:12 AM,3619.6,0,0.0,521203586.3000003
2025-08-01 09:48:15 AM,3619.6,178,644288.7999999999,521847875.1000003
2025-08-01 09:48:16 AM,3620.0,0,0.0,521847875.1000003
2025-08-01 09:48:17 AM,3620.0,1,3620.0,521851495.1000003
2025-08-01 09:48:21 AM,3621.9,734,2658474.6,524509969.70000035
2025-08-01 09:48:24 AM,3619.8,0,0.0,524509969.70000035
2025-08-01 09:48:24 AM,3619.8,216,781876.8,525291846.50000036
2025-08-01 09:48:28 AM,3619.6,0,0.0,525291846.50000036
2025-08-01 09:48:28 AM,3619.6,122,441591.2,525733437.70000035
2025-08-01 09:48:28 AM,3621.1,0,0.0,525733437.70000035
2025-08-01 09:48:30 AM,3621.1,5,18105.5,525751543.20000035
2025-08-01 09:48:32 AM,3619.8,0,0.0,525751543.20000035
2025-08-01 09:48:34 AM,3620.0,111,401820.0,526153363.20000035
2025-08-01 09:48:40 AM,3620.1,0,0.0,526153363.20000035
2025-08-01 09:48:41 AM,3620.1,114,412691.39999999997,526566054.6000003
2025-08-01 09:48:47 AM,3619.1,386,1396972.5999999999,527963027.20000035
2025-08-01 09:48:48 AM,3620.1,0,0.0,527963027.20000035
2025-08-01 09:48:50 AM,3620.1,4,14480.4,527977507.6000003
2025-08-01 09:48:52 AM,3620.9,0,0.0,527977507.6000003
2025-08-01 09:48:52 AM,3621.0,0,0.0,527977507.6000003
2025-08-01 09:48:53 AM,3621.0,97,351237.0,528328744.6000003
2025-08-01 09:48:56 AM,3621.0,6,21726.0,528350470.6000003
2025-08-01 09:48:56 AM,3620.1,0,0.0,528350470.6000003
2025-08-01 09:49:00 AM,3620.1,157,568355.7,528918826.3000003
2025-08-01 09:49:02 AM,3621.0,113,409173.0,529327999.3000003
2025-08-01 09:49:06 AM,3621.2,67,242620.4,529570619.7000003
2025-08-01 09:49:07 AM,3622.0,0,0.0,529570619.7000003
2025-08-01 09:49:07 AM,3621.0,0,0.0,529570619.7000003
2025-08-01 09:49:09 AM,3621.0,112,405552.0,529976171.7000003
2025-08-01 09:49:12 AM,3620.8,106,383804.80000000005,530359976.5000003
2025-08-01 09:49:15 AM,3620.8,2,7241.6,530367218.1000003
2025-08-01 09:49:18 AM,3620.8,64,231731.2,530598949.3000003
2025-08-01 09:49:21 AM,3621.7,1,3621.7,530602571.0000003
2025-08-01 09:49:27 AM,3620.8,15,54312.0,530656883.0000003
2025-08-01 09:49:31 AM,3621.6,0,0.0,530656883.0000003
2025-08-01 09:49:31 AM,3621.6,8,28972.8,530685855.8000003
2025-08-01 09:49:33 AM,3621.6,2,7243.2,530693099.0000003
2025-08-01 09:49:37 AM,3620.5,337,1220108.5,531913207.5000003
2025-08-01 09:49:40 AM,3620.5,21,76030.5,531989238.0000003
2025-08-01 09:49:43 AM,3620.5,30,108615.0,532097853.0000003
2025-08-01 09:49:49 AM,3616.7,0,0.0,532097853.0000003
2025-08-01 09:49:49 AM,3615.7,0,0.0,532097853.0000003
2025-08-01 09:49:50 AM,3616.2,1744,6306652.8,538404505.8000003
2025-08-01 09:49:52 AM,3613.2,0,0.0,538404505.8000003
2025-08-01 09:49:52 AM,3614.5,0,0.0,538404505.8000003
2025-08-01 09:49:56 AM,3612.5,0,0.0,538404505.8000003
2025-08-01 09:49:56 AM,3612.5,1714,6191825.0,544596330.8000003
2025-08-01 09:49:57 AM,3612.3,0,0.0,544596330.8000003
2025-08-01 09:49:59 AM,3612.3,93,335943.9,544932274.7000003
2025-08-01 09:50:00 AM,3612.5,0,0.0,544932274.7000003
2025-08-01 09:50:00 AM,3612.1,0,0.0,544932274.7000003
2025-08-01 09:50:01 AM,3612.1,810,2925801.0,547858075.7000003
2025-08-01 09:50:01 AM,3612.1,1,3612.1,547861687.8000003
2025-08-01 09:50:02 AM,3612.5,14,50575.0,547912262.8000003
2025-08-01 09:50:03 AM,3612.7,149,538292.2999999999,548450555.1000003
2025-08-01 09:50:04 AM,3612.7,5,18063.5,548468618.6000003
2025-08-01 09:50:05 AM,3612.7,17,61415.899999999994,548530034.5000002
2025-08-01 09:50:05 AM,3612.7,3,10838.099999999999,548540872.6000003
2025-08-01 09:50:05 AM,3613.9,0,0.0,548540872.6000003
2025-08-01 09:50:06 AM,3612.5,116,419050.0,548959922.6000003
2025-08-01 09:50:06 AM,3612.5,8,28900.0,548988822.6000003
2025-08-01 09:50:07 AM,3612.5,2,7225.0,548996047.6000003
2025-08-01 09:50:07 AM,3613.1,0,0.0,548996047.6000003
2025-08-01 09:50:08 AM,3613.1,6,21678.6,549017726.2000003
2025-08-01 09:50:08 AM,3613.1,1,3613.1,549021339.3000003
2025-08-01 09:50:11 AM,3613.2,0,0.0,549021339.3000003
2025-08-01 09:50:11 AM,3613.2,5,18066.0,549039405.3000003
2025-08-01 09:50:11 AM,3613.2,2,7226.4,549046631.7000003
2025-08-01 09:50:12 AM,3612.7,100,361270.0,549407901.7000003
2025-08-01 09:50:12 AM,3612.7,20,72254.0,549480155.7000003
2025-08-01 09:50:13 AM,3613.2,0,0.0,549480155.7000003
2025-08-01 09:50:13 AM,3613.2,32,115622.4,549595778.1000003
2025-08-01 09:50:14 AM,3613.1,1,3613.1,549599391.2000003
2025-08-01 09:50:14 AM,3612.7,7,25288.899999999998,549624680.1000003
2025-08-01 09:50:15 AM,3612.7,5,18063.5,549642743.6000003
2025-08-01 09:50:17 AM,3612.3,337,1217345.1,550860088.7000003
2025-08-01 09:50:18 AM,3612.3,55,198676.5,551058765.2000003
2025-08-01 09:50:18 AM,3612.0,8,28896.0,551087661.2000003
2025-08-01 09:50:19 AM,3612.0,56,202272.0,551289933.2000003
2025-08-01 09:50:19 AM,3612.0,38,137256.0,551427189.2000003
2025-08-01 09:50:20 AM,3612.2,3,10836.599999999999,551438025.8000003
2025-08-01 09:50:20 AM,3612.0,0,0.0,551438025.8000003
2025-08-01 09:50:21 AM,3612.3,30,108369.0,551546394.8000003
2025-08-01 09:50:21 AM,3612.3,11,39735.3,551586130.1000003
2025-08-01 09:50:22 AM,3612.3,34,122818.20000000001,551708948.3000003
2025-08-01 09:50:23 AM,3612.3,40,144492.0,551853440.3000003
2025-08-01 09:50:25 AM,3612.0,1,3612.0,551857052.3000003
2025-08-01 09:50:26 AM,3612.0,50,180600.0,552037652.3000003
2025-08-01 09:50:26 AM,3612.3,0,0.0,552037652.3000003
2025-08-01 09:50:27 AM,3612.8,102,368505.60000000003,552406157.9000003
2025-08-01 09:50:28 AM,3612.0,5,18060.0,552424217.9000003
2025-08-01 09:50:30 AM,3612.0,21,75852.0,552500069.9000003
2025-08-01 09:50:30 AM,3612.7,0,0.0,552500069.9000003
2025-08-01 09:50:31 AM,3612.7,9,32514.3,552532584.2000003
2025-08-01 09:50:32 AM,3612.0,56,202272.0,552734856.2000003
2025-08-01 09:50:33 AM,3612.0,10,36120.0,552770976.2000003
2025-08-01 09:50:34 AM,3612.8,0,0.0,552770976.2000003
2025-08-01 09:50:34 AM,3612.8,1,3612.8,552774589.0000002
2025-08-01 09:50:35 AM,3612.2,0,0.0,552774589.0000002
2025-08-01 09:50:36 AM,3612.2,1,3612.2,552778201.2000003
2025-08-01 09:50:36 AM,3612.8,0,0.0,552778201.2000003
2025-08-01 09:50:37 AM,3612.8,1,3612.8,552781814.0000002
2025-08-01 09:50:38 AM,3612.2,0,0.0,552781814.0000002
2025-08-01 09:50:38 AM,3612.2,10,36122.0,552817936.0000002
2025-08-01 09:50:38 AM,3612.2,2,7224.4,552825160.4000002
2025-08-01 09:50:39 AM,3612.2,1,3612.2,552828772.6000003
2025-08-01 09:50:40 AM,3612.8,2,7225.6,552835998.2000003
2025-08-01 09:50:43 AM,3612.2,33,119202.59999999999,552955200.8000003
2025-08-01 09:50:43 AM,3612.2,4,14448.8,552969649.6000003
2025-08-01 09:50:44 AM,3612.2,2,7224.4,552976874.0000002
2025-08-01 09:50:45 AM,3612.2,5,18061.0,552994935.0000002
2025-08-01 09:50:45 AM,3612.2,1,3612.2,552998547.2000003
2025-08-01 09:50:46 AM,3612.2,15,54183.0,553052730.2000003
2025-08-01 09:50:46 AM,3612.2,1,3612.2,553056342.4000003
2025-08-01 09:50:47 AM,3612.2,60,216732.0,553273074.4000003
2025-08-01 09:50:50 AM,3612.3,10,36123.0,553309197.4000003
2025-08-01 09:50:51 AM,3612.3,1,3612.3,553312809.7000003
2025-08-01 09:50:51 AM,3612.8,0,0.0,553312809.7000003
2025-08-01 09:50:52 AM,3612.8,56,202316.80000000002,553515126.5000002
2025-08-01 09:50:54 AM,3612.1,11,39733.1,553554859.6000003
2025-08-01 09:50:55 AM,3612.8,23,83094.40000000001,553637954.0000002
2025-08-01 09:50:56 AM,3612.9,37,133677.30000000002,553771631.3000002
2025-08-01 09:50:58 AM,3612.9,39,140903.1,553912534.4000002
2025-08-01 09:50:58 AM,3612.9,1,3612.9,553916147.3000002
2025-08-01 09:50:59 AM,3612.8,0,0.0,553916147.3000002
2025-08-01 09:50:59 AM,3612.8,1,3612.8,553919760.1000001
2025-08-01 09:50:59 AM,3613.1,0,0.0,553919760.1000001
2025-08-01 09:51:00 AM,3613.1,1,3613.1,553923373.2000002
2025-08-01 09:51:01 AM,3613.1,7,25291.7,553948664.9000002
2025-08-01 09:51:02 AM,3613.1,26,93940.59999999999,554042605.5000002
2025-08-01 09:51:03 AM,3613.1,1,3613.1,554046218.6000003
2025-08-01 09:51:04 AM,3613.9,0,0.0,554046218.6000003
2025-08-01 09:51:04 AM,3613.9,43,155397.7,554201616.3000003
2025-08-01 09:51:07 AM,3612.8,200,722560.0,554924176.3000003
2025-08-01 09:51:08 AM,3612.9,35,126451.5,555050627.8000003
2025-08-01 09:51:08 AM,3612.9,1,3612.9,555054240.7000003
2025-08-01 09:51:08 AM,3612.8,0,0.0,555054240.7000003
2025-08-01 09:51:09 AM,3612.8,5,18064.0,555072304.7000003
2025-08-01 09:51:09 AM,3612.8,28,101158.40000000001,555173463.1000003
2025-08-01 09:51:09 AM,3612.9,0,0.0,555173463.1000003
2025-08-01 09:51:10 AM,3612.9,5,18064.5,555191527.6000003
2025-08-01 09:51:11 AM,3613.1,0,0.0,555191527.6000003
2025-08-01 09:51:11 AM,3613.1,3,10839.3,555202366.9000002
2025-08-01 09:51:13 AM,3613.9,0,0.0,555202366.9000002
2025-08-01 09:51:14 AM,3613.3,0,0.0,555202366.9000002
2025-08-01 09:51:14 AM,3613.3,8,28906.4,555231273.3000002
2025-08-01 09:51:14 AM,3613.3,19,68652.7,555299926.0000002
2025-08-01 09:51:15 AM,3613.0,3,10839.0,555310765.0000002
2025-08-01 09:51:15 AM,3613.9,0,0.0,555310765.0000002
2025-08-01 09:51:16 AM,3613.9,5,18069.5,555328834.5000002
2025-08-01 09:51:18 AM,3613.9,4,14455.6,555343290.1000003
2025-08-01 09:51:18 AM,3614.2,0,0.0,555343290.1000003
2025-08-01 09:51:19 AM,3614.2,124,448160.8,555791450.9000002
2025-08-01 09:51:20 AM,3614.0,0,0.0,555791450.9000002
2025-08-01 09:51:20 AM,3614.0,55,198770.0,555990220.9000002
2025-08-01 09:51:20 AM,3614.0,9,32526.0,556022746.9000002
2025-08-01 09:51:20 AM,3614.7,0,0.0,556022746.9000002
2025-08-01 09:51:21 AM,3614.7,101,365084.69999999995,556387831.6000003
2025-08-01 09:51:21 AM,3614.7,137,495213.89999999997,556883045.5000002
2025-08-01 09:51:24 AM,3614.7,1,3614.7,556886660.2000003
2025-08-01 09:51:25 AM,3614.0,20,72280.0,556958940.2000003
2025-08-01 09:51:26 AM,3614.0,7,25298.0,556984238.2000003
2025-08-01 09:51:26 AM,3614.0,22,79508.0,557063746.2000003
2025-08-01 09:51:27 AM,3614.8,24,86755.20000000001,557150501.4000003
2025-08-01 09:51:29 AM,3614.8,3,10844.400000000001,557161345.8000003
2025-08-01 09:51:29 AM,3614.9,0,0.0,557161345.8000003
2025-08-01 09:51:29 AM,3614.9,10,36149.0,557197494.8000003
2025-08-01 09:51:31 AM,3613.9,0,0.0,557197494.8000003
2025-08-01 09:51:32 AM,3613.9,565,2041853.5,559239348.3000003
2025-08-01 09:51:32 AM,3612.6,121,437124.6,559676472.9000003
2025-08-01 09:51:32 AM,3612.2,0,0.0,559676472.9000003
2025-08-01 09:51:33 AM,3612.2,321,1159516.2,560835989.1000004
2025-08-01 09:51:33 AM,3612.2,6,21673.199999999997,560857662.3000004
2025-08-01 09:51:33 AM,3612.4,0,0.0,560857662.3000004
2025-08-01 09:51:34 AM,3612.2,4,14448.8,560872111.1000004
2025-08-01 09:51:34 AM,3612.2,1,3612.2,560875723.3000004
2025-08-01 09:51:35 AM,3612.2,1,3612.2,560879335.5000005
2025-08-01 09:51:36 AM,3612.2,5,18061.0,560897396.5000005
2025-08-01 09:51:36 AM,3612.1,30,108363.0,561005759.5000005
2025-08-01 09:51:37 AM,3612.1,93,335925.3,561341684.8000004
2025-08-01 09:51:37 AM,3612.5,0,0.0,561341684.8000004
2025-08-01 09:51:38 AM,3612.5,21,75862.5,561417547.3000004
2025-08-01 09:51:39 AM,3612.1,0,0.0,561417547.3000004
2025-08-01 09:51:40 AM,3612.1,13,46957.299999999996,561464504.6000004
2025-08-01 09:51:40 AM,3612.1,1,3612.1,561468116.7000004
2025-08-01 09:51:42 AM,3612.5,0,0.0,561468116.7000004
2025-08-01 09:51:43 AM,3612.1,0,0.0,561468116.7000004
2025-08-01 09:51:43 AM,3612.1,2,7224.2,561475340.9000005
2025-08-01 09:51:43 AM,3613.4,589,2128292.6,563603633.5000005
2025-08-01 09:51:43 AM,3612.1,0,0.0,563603633.5000005
2025-08-01 09:51:44 AM,3612.1,345,1246174.5,564849808.0000005
2025-08-01 09:51:44 AM,3612.1,18,65017.799999999996,564914825.8000004
2025-08-01 09:51:45 AM,3612.1,6,21672.6,564936498.4000005
2025-08-01 09:51:45 AM,3612.8,3,10838.400000000001,564947336.8000004
2025-08-01 09:51:46 AM,3612.8,2,7225.6,564954562.4000005
2025-08-01 09:51:47 AM,3612.8,1,3612.8,564958175.2000004
2025-08-01 09:51:47 AM,3612.9,4,14451.6,564972626.8000004
2025-08-01 09:51:47 AM,3613.0,0,0.0,564972626.8000004
2025-08-01 09:51:48 AM,3613.0,35,126455.0,565099081.8000004
2025-08-01 09:51:48 AM,3612.1,100,361210.0,565460291.8000004
2025-08-01 09:51:49 AM,3612.1,2,7224.2,565467516.0000005
2025-08-01 09:51:50 AM,3612.9,31,111999.90000000001,565579515.9000005
2025-08-01 09:51:51 AM,3612.1,15,54181.5,565633697.4000005
2025-08-01 09:51:51 AM,3612.1,4,14448.4,565648145.8000004
2025-08-01 09:51:52 AM,3612.8,2,7225.6,565655371.4000005
2025-08-01 09:51:53 AM,3612.1,12,43345.2,565698716.6000005
2025-08-01 09:51:53 AM,3612.1,2,7224.2,565705940.8000005
2025-08-01 09:51:54 AM,3613.0,2,7226.0,565713166.8000005
2025-08-01 09:51:55 AM,3613.0,8,28904.0,565742070.8000005
2025-08-01 09:51:58 AM,3612.1,7,25284.7,565767355.5000006
2025-08-01 09:51:58 AM,3612.9,0,0.0,565767355.5000006
2025-08-01 09:51:59 AM,3612.9,97,350451.3,566117806.8000005
2025-08-01 09:51:59 AM,3612.1,1,3612.1,566121418.9000006
2025-08-01 09:52:02 AM,3612.9,94,339612.60000000003,566461031.5000006
2025-08-01 09:52:05 AM,3612.7,14,50577.799999999996,566511609.3000005
2025-08-01 09:52:05 AM,3612.9,0,0.0,566511609.3000005
2025-08-01 09:52:07 AM,3614.4,0,0.0,566511609.3000005
2025-08-01 09:52:08 AM,3614.1,0,0.0,566511609.3000005
2025-08-01 09:52:11 AM,3613.8,163,589049.4,567100658.7000005
2025-08-01 09:52:11 AM,3612.3,0,0.0,567100658.7000005
2025-08-01 09:52:14 AM,3612.1,0,0.0,567100658.7000005
2025-08-01 09:52:14 AM,3612.3,187,675500.1,567776158.8000005
2025-08-01 09:52:17 AM,3612.8,257,928489.6000000001,568704648.4000006
2025-08-01 09:52:20 AM,3612.8,89,321539.2,569026187.6000006
2025-08-01 09:52:23 AM,3612.8,60,216768.0,569242955.6000006
2025-08-01 09:52:23 AM,3612.7,0,0.0,569242955.6000006
2025-08-01 09:52:26 AM,3612.8,0,0.0,569242955.6000006
2025-08-01 09:52:27 AM,3612.8,89,321539.2,569564494.8000007
2025-08-01 09:52:29 AM,3612.8,11,39740.8,569604235.6000006
2025-08-01 09:52:29 AM,3612.5,0,0.0,569604235.6000006
2025-08-01 09:52:32 AM,3612.3,0,0.0,569604235.6000006
2025-08-01 09:52:33 AM,3612.3,18,65021.4,569669257.0000006
2025-08-01 09:52:35 AM,3613.0,91,328783.0,569998040.0000006
2025-08-01 09:52:41 AM,3612.2,0,0.0,569998040.0000006
2025-08-01 09:52:41 AM,3612.2,1,3612.2,570001652.2000006
2025-08-01 09:52:47 AM,3612.4,1,3612.4,570005264.6000006
2025-08-01 09:52:50 AM,3613.2,0,0.0,570005264.6000006
2025-08-01 09:52:51 AM,3613.2,8,28905.6,570034170.2000006
2025-08-01 09:52:53 AM,3613.2,34,122848.79999999999,570157019.0000006
2025-08-01 09:52:57 AM,3613.2,5,18066.0,570175085.0000006
2025-08-01 09:52:59 AM,3612.8,0,0.0,570175085.0000006
2025-08-01 09:52:59 AM,3613.2,7,25292.399999999998,570200377.4000006
2025-08-01 09:53:03 AM,3613.2,22,79490.4,570279867.8000005
2025-08-01 09:53:05 AM,3613.0,0,0.0,570279867.8000005
2025-08-01 09:53:05 AM,3613.0,10,36130.0,570315997.8000005
2025-08-01 09:53:08 AM,3613.2,0,0.0,570315997.8000005
2025-08-01 09:53:09 AM,3613.2,4,14452.8,570330450.6000005
2025-08-01 09:53:11 AM,3613.2,34,122848.79999999999,570453299.4000005
2025-08-01 09:53:14 AM,3613.0,0,0.0,570453299.4000005
2025-08-01 09:53:15 AM,3612.0,847,3059364.0,573512663.4000005
2025-08-01 09:53:17 AM,3611.8,9,32506.2,573545169.6000005
2025-08-01 09:53:18 AM,3611.9,0,0.0,573545169.6000005
2025-08-01 09:53:18 AM,3611.2,0,0.0,573545169.6000005
2025-08-01 09:53:21 AM,3612.0,0,0.0,573545169.6000005
2025-08-01 09:53:24 AM,3611.8,0,0.0,573545169.6000005
2025-08-01 09:53:24 AM,3611.8,745,2690791.0,576235960.6000005
2025-08-01 09:53:24 AM,3610.9,0,0.0,576235960.6000005
2025-08-01 09:53:27 AM,3611.0,0,0.0,576235960.6000005
2025-08-01 09:53:27 AM,3610.9,0,0.0,576235960.6000005
2025-08-01 09:53:28 AM,3610.9,183,660794.7000000001,576896755.3000005
2025-08-01 09:53:30 AM,3611.0,30,108330.0,577005085.3000005
2025-08-01 09:53:33 AM,3610.9,0,0.0,577005085.3000005
2025-08-01 09:53:34 AM,3610.9,27,97494.3,577102579.6000005
2025-08-01 09:53:36 AM,3611.9,0,0.0,577102579.6000005
2025-08-01 09:53:36 AM,3611.9,14,50566.6,577153146.2000005
2025-08-01 09:53:39 AM,3610.9,0,0.0,577153146.2000005
2025-08-01 09:53:40 AM,3610.9,4,14443.6,577167589.8000005
2025-08-01 09:53:42 AM,3610.9,12,43330.8,577210920.6000005
2025-08-01 09:53:47 AM,3610.9,28,101105.2,577312025.8000005
2025-08-01 09:53:48 AM,3610.8,0,0.0,577312025.8000005
2025-08-01 09:53:48 AM,3610.8,15,54162.0,577366187.8000005
2025-08-01 09:53:51 AM,3611.0,0,0.0,577366187.8000005
2025-08-01 09:53:53 AM,3610.9,20,72218.0,577438405.8000005
2025-08-01 09:53:54 AM,3611.0,31,111941.0,577550346.8000005
2025-08-01 09:53:59 AM,3611.0,18,64998.0,577615344.8000005
2025-08-01 09:54:03 AM,3611.5,0,0.0,577615344.8000005
2025-08-01 09:54:05 AM,3611.0,15,54165.0,577669509.8000005
2025-08-01 09:54:06 AM,3610.9,501,1809060.9000000001,579478570.7000005
2025-08-01 09:54:09 AM,3610.0,0,0.0,579478570.7000005
2025-08-01 09:54:09 AM,3610.1,0,0.0,579478570.7000005
2025-08-01 09:54:11 AM,3610.0,553,1996330.0,581474900.7000005
2025-08-01 09:54:12 AM,3610.1,0,0.0,581474900.7000005
2025-08-01 09:54:12 AM,3609.9,794,2866260.6,584341161.3000005
2025-08-01 09:54:12 AM,3608.4,0,0.0,584341161.3000005
2025-08-01 09:54:15 AM,3609.8,0,0.0,584341161.3000005
2025-08-01 09:54:18 AM,3608.5,389,1403706.5,585744867.8000005
2025-08-01 09:54:21 AM,3609.8,0,0.0,585744867.8000005
2025-08-01 09:54:24 AM,3608.4,0,0.0,585744867.8000005
2025-08-01 09:54:24 AM,3608.4,135,487134.0,586232001.8000005
2025-08-01 09:54:24 AM,3608.2,0,0.0,586232001.8000005
2025-08-01 09:54:25 AM,3608.2,11,39690.2,586271692.0000006
2025-08-01 09:54:27 AM,3608.4,0,0.0,586271692.0000006
2025-08-01 09:54:30 AM,3608.4,36,129902.40000000001,586401594.4000006
2025-08-01 09:54:31 AM,3608.5,0,0.0,586401594.4000006
2025-08-01 09:54:31 AM,3608.5,3,10825.5,586412419.9000006
2025-08-01 09:54:36 AM,3608.2,203,732464.6,587144884.5000006
2025-08-01 09:54:37 AM,3608.2,2,7216.4,587152100.9000006
2025-08-01 09:54:37 AM,3608.1,0,0.0,587152100.9000006
2025-08-01 09:54:40 AM,3609.0,0,0.0,587152100.9000006
2025-08-01 09:54:42 AM,3608.2,117,422159.39999999997,587574260.3000005
2025-08-01 09:54:46 AM,3609.0,0,0.0,587574260.3000005
2025-08-01 09:54:48 AM,3609.0,49,176841.0,587751101.3000005
2025-08-01 09:54:52 AM,3608.0,0,0.0,587751101.3000005
2025-08-01 09:54:54 AM,3608.2,252,909266.3999999999,588660367.7000005
2025-08-01 09:54:59 AM,3609.0,41,147969.0,588808336.7000005
2025-08-01 09:55:03 AM,3608.2,53,191234.59999999998,588999571.3000005
2025-08-01 09:55:03 AM,3608.2,8,28865.6,589028436.9000006
2025-08-01 09:55:04 AM,3608.0,0,0.0,589028436.9000006
2025-08-01 09:55:04 AM,3608.0,200,721600.0,589750036.9000006
2025-08-01 09:55:04 AM,3608.8,37,133525.6,589883562.5000006
2025-08-01 09:55:04 AM,3608.0,0,0.0,589883562.5000006
2025-08-01 09:55:05 AM,3608.8,73,263442.4,590147004.9000006
2025-08-01 09:55:07 AM,3608.1,0,0.0,590147004.9000006
2025-08-01 09:55:08 AM,3608.1,10,36081.0,590183085.9000006
2025-08-01 09:55:09 AM,3608.2,0,0.0,590183085.9000006
2025-08-01 09:55:10 AM,3608.2,5,18041.0,590201126.9000006
2025-08-01 09:55:10 AM,3608.2,1,3608.2,590204735.1000006
2025-08-01 09:55:11 AM,3608.2,3,10824.599999999999,590215559.7000006
2025-08-01 09:55:13 AM,3608.0,0,0.0,590215559.7000006
2025-08-01 09:55:14 AM,3608.0,115,414920.0,590630479.7000006
2025-08-01 09:55:14 AM,3608.0,1,3608.0,590634087.7000006
2025-08-01 09:55:15 AM,3607.6,0,0.0,590634087.7000006
2025-08-01 09:55:15 AM,3607.6,316,1140001.5999999999,591774089.3000007
2025-08-01 09:55:15 AM,3607.7,7,25253.899999999998,591799343.2000006
2025-08-01 09:55:16 AM,3607.7,1,3607.7,591802950.9000007
2025-08-01 09:55:17 AM,3607.8,7,25254.600000000002,591828205.5000007
2025-08-01 09:55:17 AM,3608.0,1,3608.0,591831813.5000007
2025-08-01 09:55:18 AM,3608.0,2,7216.0,591839029.5000007
2025-08-01 09:55:18 AM,3608.7,0,0.0,591839029.5000007
2025-08-01 09:55:19 AM,3608.7,1,3608.7,591842638.2000008
2025-08-01 09:55:22 AM,3608.7,15,54130.5,591896768.7000008
2025-08-01 09:55:27 AM,3608.2,0,0.0,591896768.7000008
2025-08-01 09:55:28 AM,3608.2,3,10824.599999999999,591907593.3000008
2025-08-01 09:55:29 AM,3608.2,1,3608.2,591911201.5000008
2025-08-01 09:55:30 AM,3608.2,1,3608.2,591914809.7000009
2025-08-01 09:55:30 AM,3608.7,0,0.0,591914809.7000009
2025-08-01 09:55:31 AM,3608.7,1,3608.7,591918418.4000009
2025-08-01 09:55:32 AM,3608.7,8,28869.6,591947288.000001
2025-08-01 09:55:33 AM,3608.2,20,72164.0,592019452.000001
2025-08-01 09:55:33 AM,3608.2,2,7216.4,592026668.4000009
2025-08-01 09:55:34 AM,3608.2,58,209275.59999999998,592235944.000001
2025-08-01 09:55:35 AM,3608.2,2,7216.4,592243160.4000009
2025-08-01 09:55:35 AM,3608.5,13,46910.5,592290070.9000009
2025-08-01 09:55:36 AM,3608.5,4,14434.0,592304504.9000009
2025-08-01 09:55:37 AM,3608.2,2,7216.4,592311721.3000009
2025-08-01 09:55:37 AM,3608.2,2,7216.4,592318937.7000009
2025-08-01 09:55:38 AM,3608.5,0,0.0,592318937.7000009
2025-08-01 09:55:38 AM,3608.5,25,90212.5,592409150.2000009
2025-08-01 09:55:39 AM,3608.5,1,3608.5,592412758.7000009
2025-08-01 09:55:43 AM,3608.2,4,14432.8,592427191.5000008
2025-08-01 09:55:43 AM,3608.2,1,3608.2,592430799.7000009
2025-08-01 09:55:46 AM,3608.2,28,101029.59999999999,592531829.3000009
2025-08-01 09:55:46 AM,3608.5,2,7217.0,592539046.3000009
2025-08-01 09:55:48 AM,3608.5,6,21651.0,592560697.3000009
2025-08-01 09:55:49 AM,3608.0,0,0.0,592560697.3000009
2025-08-01 09:55:49 AM,3608.0,280,1010240.0,593570937.3000009
2025-08-01 09:55:49 AM,3608.0,263,948904.0,594519841.3000009
2025-08-01 09:55:50 AM,3608.0,137,494296.0,595014137.3000009
2025-08-01 09:55:51 AM,3608.5,0,0.0,595014137.3000009
2025-08-01 09:55:51 AM,3608.5,26,93821.0,595107958.3000009
2025-08-01 09:55:56 AM,3608.0,1,3608.0,595111566.3000009
2025-08-01 09:55:59 AM,3608.0,5,18040.0,595129606.3000009
2025-08-01 09:56:04 AM,3607.9,0,0.0,595129606.3000009
2025-08-01 09:56:06 AM,3607.0,0,0.0,595129606.3000009
2025-08-01 09:56:07 AM,3607.1,0,0.0,595129606.3000009
2025-08-01 09:56:07 AM,3607.1,1346,4855156.6,599984762.9000009
2025-08-01 09:56:09 AM,3605.8,0,0.0,599984762.9000009
2025-08-01 09:56:12 AM,3606.0,0,0.0,599984762.9000009
2025-08-01 09:56:12 AM,3606.0,288,1038528.0,601023290.9000009
2025-08-01 09:56:12 AM,3606.5,3,10819.5,601034110.4000009
2025-08-01 09:56:15 AM,3607.2,0,0.0,601034110.4000009
2025-08-01 09:56:18 AM,3607.2,70,252504.0,601286614.4000009
2025-08-01 09:56:21 AM,3606.5,0,0.0,601286614.4000009
2025-08-01 09:56:24 AM,3606.0,0,0.0,601286614.4000009
2025-08-01 09:56:24 AM,3606.5,667,2405535.5,603692149.9000009
2025-08-01 09:56:30 AM,3606.5,339,1222603.5,604914753.4000009
2025-08-01 09:56:30 AM,3606.1,0,0.0,604914753.4000009
2025-08-01 09:56:30 AM,3606.5,64,230816.0,605145569.4000009
2025-08-01 09:56:33 AM,3607.3,0,0.0,605145569.4000009
2025-08-01 09:56:35 AM,3607.3,508,1832508.4000000001,606978077.8000009
2025-08-01 09:56:36 AM,3605.0,2010,7246050.0,614224127.8000009
2025-08-01 09:56:39 AM,3608.4,0,0.0,614224127.8000009
2025-08-01 09:56:40 AM,3608.7,0,0.0,614224127.8000009
2025-08-01 09:56:41 AM,3608.1,1429,5155974.899999999,619380102.7000009
2025-08-01 09:56:42 AM,3607.4,5,18037.0,619398139.7000009
2025-08-01 09:56:48 AM,3607.7,184,663816.7999999999,620061956.5000008
2025-08-01 09:56:50 AM,3608.6,0,0.0,620061956.5000008
2025-08-01 09:56:54 AM,3610.0,0,0.0,620061956.5000008
2025-08-01 09:56:54 AM,3610.0,18,64980.0,620126936.5000008
2025-08-01 09:56:55 AM,3610.0,11,39710.0,620166646.5000008
2025-08-01 09:56:58 AM,3610.1,0,0.0,620166646.5000008
2025-08-01 09:57:00 AM,3610.5,74,267177.0,620433823.5000008
2025-08-01 09:57:01 AM,3608.7,0,0.0,620433823.5000008
2025-08-01 09:57:01 AM,3608.7,103,371696.1,620805519.6000009
2025-08-01 09:57:03 AM,3611.4,3,10834.2,620816353.8000009
2025-08-01 09:57:04 AM,3610.4,19,68597.6,620884951.4000009
2025-08-01 09:57:07 AM,3610.4,2,7220.8,620892172.2000009
2025-08-01 09:57:08 AM,3611.5,0,0.0,620892172.2000009
2025-08-01 09:57:08 AM,3611.5,75,270862.5,621163034.7000009
2025-08-01 09:57:10 AM,3611.3,0,0.0,621163034.7000009
2025-08-01 09:57:10 AM,3611.3,29,104727.70000000001,621267762.4000009
2025-08-01 09:57:11 AM,3611.3,1,3611.3,621271373.7000009
2025-08-01 09:57:12 AM,3610.7,0,0.0,621271373.7000009
2025-08-01 09:57:12 AM,3611.3,367,1325347.1,622596720.8000009
2025-08-01 09:57:12 AM,3611.3,1,3611.3,622600332.1000009
2025-08-01 09:57:13 AM,3610.2,0,0.0,622600332.1000009
2025-08-01 09:57:13 AM,3610.2,68,245493.59999999998,622845825.7000009
2025-08-01 09:57:13 AM,3611.3,41,148063.30000000002,622993889.0000008
2025-08-01 09:57:15 AM,3610.5,3,10831.5,623004720.5000008
2025-08-01 09:57:19 AM,3610.3,2,7220.6,623011941.1000009
2025-08-01 09:57:19 AM,3611.2,1,3611.2,623015552.3000009
2025-08-01 09:57:21 AM,3610.5,0,0.0,623015552.3000009
2025-08-01 09:57:21 AM,3610.5,42,151641.0,623167193.3000009
2025-08-01 09:57:22 AM,3611.3,1,3611.3,623170804.6000009
2025-08-01 09:57:26 AM,3611.3,6,21667.800000000003,623192472.4000008
2025-08-01 09:57:27 AM,3611.7,0,0.0,623192472.4000008
2025-08-01 09:57:27 AM,3611.7,198,715116.6,623907589.0000008
2025-08-01 09:57:27 AM,3610.7,9,32496.3,623940085.3000008
2025-08-01 09:57:30 AM,3611.9,113,408144.7,624348230.0000008
2025-08-01 09:57:31 AM,3610.8,27,97491.6,624445721.6000009
2025-08-01 09:57:35 AM,3611.6,0,0.0,624445721.6000009
2025-08-01 09:57:35 AM,3611.6,1,3611.6,624449333.2000009
2025-08-01 09:57:36 AM,3611.6,4,14446.4,624463779.6000009
2025-08-01 09:57:37 AM,3610.8,10,36108.0,624499887.6000009
2025-08-01 09:57:38 AM,3611.6,0,0.0,624499887.6000009
2025-08-01 09:57:38 AM,3611.6,3,10834.8,624510722.4000008
2025-08-01 09:57:39 AM,3611.6,4,14446.4,624525168.8000008
2025-08-01 09:57:40 AM,3611.6,4,14446.4,624539615.2000008
2025-08-01 09:57:41 AM,3611.1,0,0.0,624539615.2000008
2025-08-01 09:57:41 AM,3611.1,10,36111.0,624575726.2000008
2025-08-01 09:57:43 AM,3611.9,2,7223.8,624582950.0000007
2025-08-01 09:57:44 AM,3611.9,4,14447.6,624597397.6000007
2025-08-01 09:57:46 AM,3611.4,0,0.0,624597397.6000007
2025-08-01 09:57:46 AM,3611.4,11,39725.4,624637123.0000007
2025-08-01 09:57:48 AM,3611.4,2,7222.8,624644345.8000007
2025-08-01 09:57:51 AM,3611.1,0,0.0,624644345.8000007
2025-08-01 09:57:51 AM,3611.1,27,97499.7,624741845.5000007
2025-08-01 09:57:53 AM,3611.4,0,0.0,624741845.5000007
2025-08-01 09:57:53 AM,3611.4,3,10834.2,624752679.7000008
2025-08-01 09:57:54 AM,3611.2,0,0.0,624752679.7000008
2025-08-01 09:57:54 AM,3611.2,25,90280.0,624842959.7000008
2025-08-01 09:58:08 AM,3611.2,38,137225.6,624980185.3000008
2025-08-01 09:58:11 AM,3611.2,53,191393.59999999998,625171578.9000008
2025-08-01 09:58:17 AM,3611.8,1,3611.8,625175190.7000008
2025-08-01 09:58:19 AM,3611.9,0,0.0,625175190.7000008
2025-08-01 09:58:22 AM,3611.3,0,0.0,625175190.7000008
2025-08-01 09:58:23 AM,3611.9,29,104745.1,625279935.8000008
2025-08-01 09:58:26 AM,3611.9,2,7223.8,625287159.6000007
2025-08-01 09:58:29 AM,3612.5,620,2239750.0,627526909.6000007
2025-08-01 09:58:31 AM,3613.0,0,0.0,627526909.6000007
2025-08-01 09:58:32 AM,3611.8,14,50565.200000000004,627577474.8000008
2025-08-01 09:58:35 AM,3613.0,0,0.0,627577474.8000008
2025-08-01 09:58:35 AM,3613.0,77,278201.0,627855675.8000008
2025-08-01 09:58:38 AM,3611.7,1,3611.7,627859287.5000008
2025-08-01 09:58:41 AM,3613.0,30,108390.0,627967677.5000008
2025-08-01 09:58:50 AM,3613.0,1,3613.0,627971290.5000008
2025-08-01 09:58:59 AM,3612.0,88,317856.0,628289146.5000008
2025-08-01 09:59:02 AM,3613.0,0,0.0,628289146.5000008
2025-08-01 09:59:02 AM,3613.0,142,513046.0,628802192.5000008
2025-08-01 09:59:06 AM,3613.0,97,350461.0,629152653.5000008
2025-08-01 09:59:08 AM,3613.1,5,18065.5,629170719.0000008
2025-08-01 09:59:12 AM,3613.1,39,140910.9,629311629.9000008
2025-08-01 09:59:15 AM,3613.1,15,54196.5,629365826.4000008
2025-08-01 09:59:18 AM,3613.3,402,1452546.6,630818373.0000008
2025-08-01 09:59:21 AM,3613.3,50,180665.0,630999038.0000008
2025-08-01 09:59:27 AM,3614.3,116,419258.80000000005,631418296.8000008
2025-08-01 09:59:29 AM,3614.2,0,0.0,631418296.8000008
2025-08-01 09:59:31 AM,3615.0,147,531405.0,631949701.8000008
2025-08-01 09:59:32 AM,3614.4,0,0.0,631949701.8000008
2025-08-01 09:59:34 AM,3614.0,16,57824.0,632007525.8000008
2025-08-01 09:59:35 AM,3613.9,0,0.0,632007525.8000008
2025-08-01 09:59:37 AM,3613.9,62,224061.80000000002,632231587.6000007
2025-08-01 09:59:40 AM,3614.9,1,3614.9,632235202.5000007
2025-08-01 09:59:43 AM,3614.9,2,7229.8,632242432.3000007
2025-08-01 09:59:44 AM,3614.1,0,0.0,632242432.3000007
2025-08-01 09:59:46 AM,3614.1,8,28912.8,632271345.1000006
2025-08-01 09:59:48 AM,3614.9,0,0.0,632271345.1000006
2025-08-01 09:59:50 AM,3614.9,196,708520.4,632979865.5000006
2025-08-01 09:59:51 AM,3614.3,0,0.0,632979865.5000006
2025-08-01 09:59:52 AM,3614.3,1,3614.3,632983479.8000005
2025-08-01 09:59:56 AM,3614.9,5,18074.5,633001554.3000005
2025-08-01 10:00:02 AM,3614.8,0,0.0,633001554.3000005
2025-08-01 10:00:02 AM,3614.8,65,234962.0,633236516.3000005
2025-08-01 10:00:04 AM,3614.7,21,75908.7,633312425.0000006
2025-08-01 10:00:08 AM,3614.8,0,0.0,633312425.0000006
2025-08-01 10:00:08 AM,3614.3,25,90357.5,633402782.5000006
