date,price,qty,trnvr,cum_trnvr
2025-08-01 09:15:00 AM,5099.5,65,331467.5,331467.5
2025-08-01 09:15:09 AM,5075.0,0,0.0,331467.5
2025-08-01 09:15:10 AM,5075.0,781,3963575.0,4295042.5
2025-08-01 09:15:12 AM,5072.0,513,2601936.0,6896978.5
2025-08-01 09:15:18 AM,5076.0,0,0.0,6896978.5
2025-08-01 09:15:21 AM,5076.0,44,223344.0,7120322.5
2025-08-01 09:15:23 AM,5087.5,110,559625.0,7679947.5
2025-08-01 09:15:29 AM,5082.0,0,0.0,7679947.5
2025-08-01 09:15:30 AM,5082.0,20,101640.0,7781587.5
2025-08-01 09:15:38 AM,5082.0,12,60984.0,7842571.5
2025-08-01 09:15:40 AM,5086.5,50,254325.0,8096896.5
2025-08-01 09:15:48 AM,5079.0,80,406320.0,8503216.5
2025-08-01 09:15:50 AM,5076.5,0,0.0,8503216.5
2025-08-01 09:15:53 AM,5082.0,0,0.0,8503216.5
2025-08-01 09:15:55 AM,5082.0,179,909678.0,9412894.5
2025-08-01 09:15:56 AM,5087.0,12,61044.0,9473938.5
2025-08-01 09:16:01 AM,5086.0,0,0.0,9473938.5
2025-08-01 09:16:03 AM,5086.0,7,35602.0,9509540.5
2025-08-01 09:16:05 AM,5081.0,175,889175.0,10398715.5
2025-08-01 09:16:13 AM,5086.0,1,5086.0,10403801.5
2025-08-01 09:16:19 AM,5083.5,21,106753.5,10510555.0
2025-08-01 09:16:24 AM,5085.5,0,0.0,10510555.0
2025-08-01 09:16:27 AM,5088.0,514,2615232.0,13125787.0
2025-08-01 09:16:29 AM,5089.0,18,91602.0,13217389.0
2025-08-01 09:16:36 AM,5082.5,0,0.0,13217389.0
2025-08-01 09:16:37 AM,5082.5,218,1107985.0,14325374.0
2025-08-01 09:16:43 AM,5086.5,0,0.0,14325374.0
2025-08-01 09:16:44 AM,5086.5,14,71211.0,14396585.0
2025-08-01 09:16:54 AM,5085.0,55,279675.0,14676260.0
2025-08-01 09:17:00 AM,5083.5,10,50835.0,14727095.0
2025-08-01 09:17:18 AM,5080.5,28,142254.0,14869349.0
2025-08-01 09:17:20 AM,5080.0,0,0.0,14869349.0
2025-08-01 09:17:22 AM,5082.5,0,0.0,14869349.0
2025-08-01 09:17:25 AM,5084.0,95,482980.0,15352329.0
2025-08-01 09:17:34 AM,5079.5,53,269213.5,15621542.5
2025-08-01 09:17:58 AM,5079.5,20,101590.0,15723132.5
2025-08-01 09:17:59 AM,5078.0,20,101560.0,15824692.5
2025-08-01 09:18:04 AM,5079.5,0,0.0,15824692.5
2025-08-01 09:18:07 AM,5079.5,19,96510.5,15921203.0
2025-08-01 09:18:15 AM,5078.0,70,355460.0,16276663.0
2025-08-01 09:18:16 AM,5080.0,30,152400.0,16429063.0
2025-08-01 09:18:20 AM,5083.5,0,0.0,16429063.0
2025-08-01 09:18:23 AM,5090.0,427,2173430.0,18602493.0
2025-08-01 09:18:26 AM,5092.5,0,0.0,18602493.0
2025-08-01 09:18:28 AM,5087.0,0,0.0,18602493.0
2025-08-01 09:18:31 AM,5085.5,237,1205263.5,19807756.5
2025-08-01 09:18:41 AM,5085.0,1,5085.0,19812841.5
2025-08-01 09:18:44 AM,5081.0,0,0.0,19812841.5
2025-08-01 09:18:48 AM,5085.5,84,427182.0,20240023.5
2025-08-01 09:19:04 AM,5088.0,1,5088.0,20245111.5
2025-08-01 09:19:12 AM,5088.0,7,35616.0,20280727.5
2025-08-01 09:19:36 AM,5091.5,11,56006.5,20336734.0
2025-08-01 09:19:44 AM,5092.0,39,198588.0,20535322.0
2025-08-01 09:19:44 AM,5091.5,0,0.0,20535322.0
2025-08-01 09:19:46 AM,5096.0,187,952952.0,21488274.0
2025-08-01 09:19:52 AM,5095.5,0,0.0,21488274.0
2025-08-01 09:19:54 AM,5095.5,25,127387.5,21615661.5
2025-08-01 09:20:00 AM,5099.0,30,152970.0,21768631.5
2025-08-01 09:20:02 AM,5095.0,194,988430.0,22757061.5
2025-08-01 09:20:07 AM,5086.0,0,0.0,22757061.5
2025-08-01 09:20:08 AM,5086.0,907,4613002.0,27370063.5
2025-08-01 09:20:10 AM,5087.5,24,122100.0,27492163.5
2025-08-01 09:20:14 AM,5087.0,0,0.0,27492163.5
2025-08-01 09:20:16 AM,5087.0,22,111914.0,27604077.5
2025-08-01 09:20:21 AM,5086.0,0,0.0,27604077.5
2025-08-01 09:20:24 AM,5086.0,55,279730.0,27883807.5
2025-08-01 09:20:32 AM,5086.0,2,10172.0,27893979.5
2025-08-01 09:20:39 AM,5089.5,0,0.0,27893979.5
2025-08-01 09:20:40 AM,5089.5,11,55984.5,27949964.0
2025-08-01 09:20:48 AM,5089.5,1,5089.5,27955053.5
2025-08-01 09:20:53 AM,5092.0,0,0.0,27955053.5
2025-08-01 09:20:55 AM,5086.5,142,722283.0,28677336.5
2025-08-01 09:21:00 AM,5087.0,0,0.0,28677336.5
2025-08-01 09:21:02 AM,5090.0,0,0.0,28677336.5
2025-08-01 09:21:03 AM,5090.0,18,91620.0,28768956.5
2025-08-01 09:21:12 AM,5086.0,157,798502.0,29567458.5
2025-08-01 09:21:14 AM,5087.0,0,0.0,29567458.5
2025-08-01 09:21:19 AM,5085.0,2,10170.0,29577628.5
2025-08-01 09:21:27 AM,5085.0,52,264420.0,29842048.5
2025-08-01 09:21:34 AM,5085.0,1,5085.0,29847133.5
2025-08-01 09:21:34 AM,5084.5,0,0.0,29847133.5
2025-08-01 09:21:35 AM,5084.0,19,96596.0,29943729.5
2025-08-01 09:21:40 AM,5087.0,0,0.0,29943729.5
2025-08-01 09:21:42 AM,5085.0,201,1022085.0,30965814.5
2025-08-01 09:21:51 AM,5085.5,2,10171.0,30975985.5
2025-08-01 09:21:57 AM,5085.5,1,5085.5,30981071.0
2025-08-01 09:22:03 AM,5083.0,0,0.0,30981071.0
2025-08-01 09:22:05 AM,5083.0,17,86411.0,31067482.0
2025-08-01 09:22:06 AM,5082.0,33,167706.0,31235188.0
2025-08-01 09:22:12 AM,5082.0,19,96558.0,31331746.0
2025-08-01 09:22:14 AM,5084.5,3,15253.5,31346999.5
2025-08-01 09:22:24 AM,5086.0,0,0.0,31346999.5
2025-08-01 09:22:28 AM,5084.5,51,259309.5,31606309.0
2025-08-01 09:22:31 AM,5083.0,0,0.0,31606309.0
2025-08-01 09:22:35 AM,5082.0,403,2048046.0,33654355.0
2025-08-01 09:22:37 AM,5082.0,10,50820.0,33705175.0
2025-08-01 09:22:49 AM,5084.5,0,0.0,33705175.0
2025-08-01 09:22:50 AM,5088.0,0,0.0,33705175.0
2025-08-01 09:22:50 AM,5088.0,14,71232.0,33776407.0
2025-08-01 09:23:09 AM,5084.5,0,0.0,33776407.0
2025-08-01 09:23:15 AM,5084.5,1,5084.5,33781491.5
2025-08-01 09:23:16 AM,5086.5,0,0.0,33781491.5
2025-08-01 09:23:21 AM,5086.5,5,25432.5,33806924.0
2025-08-01 09:23:36 AM,5084.5,13,66098.5,33873022.5
2025-08-01 09:23:49 AM,5080.0,0,0.0,33873022.5
2025-08-01 09:23:51 AM,5080.0,63,320040.0,34193062.5
2025-08-01 09:23:53 AM,5078.5,55,279317.5,34472380.0
2025-08-01 09:24:16 AM,5079.5,0,0.0,34472380.0
2025-08-01 09:24:22 AM,5079.0,20,101580.0,34573960.0
2025-08-01 09:24:28 AM,5076.0,0,0.0,34573960.0
2025-08-01 09:24:30 AM,5076.0,282,1431432.0,36005392.0
2025-08-01 09:24:37 AM,5076.0,865,4390740.0,40396132.0
2025-08-01 09:24:39 AM,5077.0,11,55847.0,40451979.0
2025-08-01 09:24:47 AM,5077.0,2,10154.0,40462133.0
2025-08-01 09:24:52 AM,5076.0,627,3182652.0,43644785.0
2025-08-01 09:25:02 AM,5075.0,2,10150.0,43654935.0
2025-08-01 09:25:06 AM,5073.0,0,0.0,43654935.0
2025-08-01 09:25:07 AM,5073.0,2,10146.0,43665081.0
2025-08-01 09:25:13 AM,5075.0,0,0.0,43665081.0
2025-08-01 09:25:15 AM,5075.0,3,15225.0,43680306.0
2025-08-01 09:25:32 AM,5075.0,30,152250.0,43832556.0
2025-08-01 09:25:37 AM,5076.0,164,832464.0,44665020.0
2025-08-01 09:25:37 AM,5080.0,0,0.0,44665020.0
2025-08-01 09:25:38 AM,5080.5,0,0.0,44665020.0
2025-08-01 09:25:39 AM,5080.5,139,706189.5,45371209.5
2025-08-01 09:25:47 AM,5080.5,10,50805.0,45422014.5
2025-08-01 09:25:54 AM,5080.0,0,0.0,45422014.5
2025-08-01 09:26:00 AM,5077.5,18,91395.0,45513409.5
2025-08-01 09:26:02 AM,5073.0,9,45657.0,45559066.5
2025-08-01 09:26:09 AM,5073.0,2,10146.0,45569212.5
2025-08-01 09:26:15 AM,5073.0,12,60876.0,45630088.5
2025-08-01 09:26:17 AM,5073.0,5,25365.0,45655453.5
2025-08-01 09:26:23 AM,5073.0,1,5073.0,45660526.5
2025-08-01 09:26:32 AM,5075.0,10,50750.0,45711276.5
2025-08-01 09:26:35 AM,5073.0,0,0.0,45711276.5
2025-08-01 09:26:38 AM,5073.0,21,106533.0,45817809.5
2025-08-01 09:26:47 AM,5073.0,10,50730.0,45868539.5
2025-08-01 09:26:53 AM,5073.5,44,223234.0,46091773.5
2025-08-01 09:27:01 AM,5073.5,5,25367.5,46117141.0
2025-08-01 09:27:10 AM,5073.0,1,5073.0,46122214.0
2025-08-01 09:27:15 AM,5072.0,0,0.0,46122214.0
2025-08-01 09:27:16 AM,5072.0,10,50720.0,46172934.0
2025-08-01 09:27:35 AM,5073.0,0,0.0,46172934.0
2025-08-01 09:27:38 AM,5073.0,31,157263.0,46330197.0
2025-08-01 09:27:45 AM,5073.0,10,50730.0,46380927.0
2025-08-01 09:27:53 AM,5073.0,5,25365.0,46406292.0
2025-08-01 09:28:07 AM,5072.0,0,0.0,46406292.0
2025-08-01 09:28:09 AM,5066.0,295,1494470.0,47900762.0
2025-08-01 09:28:14 AM,5066.5,0,0.0,47900762.0
2025-08-01 09:28:14 AM,5068.5,0,0.0,47900762.0
2025-08-01 09:28:16 AM,5068.5,26,131781.0,48032543.0
2025-08-01 09:28:30 AM,5066.5,0,0.0,48032543.0
2025-08-01 09:28:33 AM,5067.5,30,152025.0,48184568.0
2025-08-01 09:28:36 AM,5066.0,0,0.0,48184568.0
2025-08-01 09:28:39 AM,5066.0,4,20264.0,48204832.0
2025-08-01 09:28:40 AM,5063.5,44,222794.0,48427626.0
2025-08-01 09:28:42 AM,5067.5,0,0.0,48427626.0
2025-08-01 09:28:47 AM,5067.5,60,304050.0,48731676.0
2025-08-01 09:28:51 AM,5066.0,0,0.0,48731676.0
2025-08-01 09:28:54 AM,5066.0,22,111452.0,48843128.0
2025-08-01 09:29:09 AM,5067.5,0,0.0,48843128.0
2025-08-01 09:29:10 AM,5066.0,22,111452.0,48954580.0
2025-08-01 09:29:15 AM,5068.5,0,0.0,48954580.0
2025-08-01 09:29:17 AM,5068.5,30,152055.0,49106635.0
2025-08-01 09:29:25 AM,5069.0,0,0.0,49106635.0
2025-08-01 09:29:26 AM,5069.0,8,40552.0,49147187.0
2025-08-01 09:29:33 AM,5065.5,282,1428471.0,50575658.0
2025-08-01 09:29:45 AM,5066.5,0,0.0,50575658.0
2025-08-01 09:29:47 AM,5066.5,20,101330.0,50676988.0
2025-08-01 09:29:48 AM,5067.0,1,5067.0,50682055.0
2025-08-01 09:29:55 AM,5067.0,83,420561.0,51102616.0
2025-08-01 09:29:55 AM,5069.0,0,0.0,51102616.0
2025-08-01 09:29:56 AM,5069.0,1,5069.0,51107685.0
2025-08-01 09:30:01 AM,5068.5,0,0.0,51107685.0
2025-08-01 09:30:02 AM,5068.5,18,91233.0,51198918.0
2025-08-01 09:30:03 AM,5067.5,1,5067.5,51203985.5
2025-08-01 09:30:10 AM,5067.5,2,10135.0,51214120.5
2025-08-01 09:30:11 AM,5067.5,1,5067.5,51219188.0
2025-08-01 09:30:19 AM,5067.5,1,5067.5,51224255.5
2025-08-01 09:30:22 AM,5068.0,0,0.0,51224255.5
2025-08-01 09:30:25 AM,5068.5,55,278767.5,51503023.0
2025-08-01 09:30:36 AM,5072.0,0,0.0,51503023.0
2025-08-01 09:30:40 AM,5072.0,85,431120.0,51934143.0
2025-08-01 09:30:43 AM,5073.5,0,0.0,51934143.0
2025-08-01 09:30:47 AM,5073.5,6,30441.0,51964584.0
2025-08-01 09:30:55 AM,5073.5,2,10147.0,51974731.0
2025-08-01 09:31:01 AM,5072.0,0,0.0,51974731.0
2025-08-01 09:31:02 AM,5072.0,40,202880.0,52177611.0
2025-08-01 09:31:09 AM,5067.5,11,55742.5,52233353.5
2025-08-01 09:31:10 AM,5067.5,10,50675.0,52284028.5
2025-08-01 09:31:11 AM,5067.0,0,0.0,52284028.5
2025-08-01 09:31:13 AM,5066.0,0,0.0,52284028.5
2025-08-01 09:31:17 AM,5066.0,110,557260.0,52841288.5
2025-08-01 09:31:23 AM,5065.0,0,0.0,52841288.5
2025-08-01 09:31:24 AM,5065.0,155,785075.0,53626363.5
2025-08-01 09:31:29 AM,5066.5,0,0.0,53626363.5
2025-08-01 09:31:31 AM,5065.0,15,75975.0,53702338.5
2025-08-01 09:31:38 AM,5065.0,6,30390.0,53732728.5
2025-08-01 09:31:59 AM,5065.0,13,65845.0,53798573.5
2025-08-01 09:32:20 AM,5065.0,7,35455.0,53834028.5
2025-08-01 09:32:27 AM,5065.5,0,0.0,53834028.5
2025-08-01 09:32:27 AM,5065.5,84,425502.0,54259530.5
2025-08-01 09:32:33 AM,5066.5,0,0.0,54259530.5
2025-08-01 09:32:34 AM,5066.5,10,50665.0,54310195.5
2025-08-01 09:32:39 AM,5065.0,0,0.0,54310195.5
2025-08-01 09:32:41 AM,5063.0,28,141764.0,54451959.5
2025-08-01 09:32:45 AM,5065.0,0,0.0,54451959.5
2025-08-01 09:32:48 AM,5065.0,1,5065.0,54457024.5
2025-08-01 09:32:51 AM,5064.5,0,0.0,54457024.5
2025-08-01 09:32:55 AM,5064.5,6,30387.0,54487411.5
2025-08-01 09:33:02 AM,5065.0,3,15195.0,54502606.5
2025-08-01 09:33:09 AM,5065.5,0,0.0,54502606.5
2025-08-01 09:33:09 AM,5065.5,6,30393.0,54532999.5
2025-08-01 09:33:16 AM,5065.5,2,10131.0,54543130.5
2025-08-01 09:33:24 AM,5066.0,0,0.0,54543130.5
2025-08-01 09:33:30 AM,5066.0,3,15198.0,54558328.5
2025-08-01 09:33:30 AM,5066.5,6,30399.0,54588727.5
2025-08-01 09:33:36 AM,5066.5,10,50665.0,54639392.5
2025-08-01 09:33:39 AM,5068.0,0,0.0,54639392.5
2025-08-01 09:33:43 AM,5069.5,25,126737.5,54766130.0
2025-08-01 09:33:51 AM,5069.5,13,65903.5,54832033.5
2025-08-01 09:33:57 AM,5072.0,35,177520.0,55009553.5
2025-08-01 09:34:04 AM,5072.0,28,142016.0,55151569.5
2025-08-01 09:34:04 AM,5072.5,0,0.0,55151569.5
2025-08-01 09:34:05 AM,5072.5,6,30435.0,55182004.5
2025-08-01 09:34:09 AM,5069.5,0,0.0,55182004.5
2025-08-01 09:34:12 AM,5069.5,69,349795.5,55531800.0
2025-08-01 09:34:14 AM,5070.5,0,0.0,55531800.0
2025-08-01 09:34:19 AM,5070.5,1,5070.5,55536870.5
2025-08-01 09:34:26 AM,5073.0,1,5073.0,55541943.5
2025-08-01 09:34:33 AM,5072.0,1,5072.0,55547015.5
2025-08-01 09:34:37 AM,5071.0,0,0.0,55547015.5
2025-08-01 09:34:39 AM,5071.0,12,60852.0,55607867.5
2025-08-01 09:34:49 AM,5072.0,0,0.0,55607867.5
2025-08-01 09:34:53 AM,5072.0,1,5072.0,55612939.5
2025-08-01 09:35:00 AM,5072.0,6,30432.0,55643371.5
2025-08-01 09:35:15 AM,5072.0,6,30432.0,55673803.5
2025-08-01 09:35:21 AM,5072.0,55,278960.0,55952763.5
2025-08-01 09:35:28 AM,5072.0,20,101440.0,56054203.5
2025-08-01 09:35:35 AM,5072.0,14,71008.0,56125211.5
2025-08-01 09:35:49 AM,5072.0,2,10144.0,56135355.5
2025-08-01 09:35:55 AM,5072.0,6,30432.0,56165787.5
2025-08-01 09:36:02 AM,5071.5,100,507150.0,56672937.5
2025-08-01 09:36:07 AM,5073.0,0,0.0,56672937.5
2025-08-01 09:36:09 AM,5073.0,691,3505443.0,60178380.5
2025-08-01 09:36:11 AM,5074.5,0,0.0,60178380.5
2025-08-01 09:36:15 AM,5075.0,0,0.0,60178380.5
2025-08-01 09:36:15 AM,5075.0,16,81200.0,60259580.5
2025-08-01 09:36:16 AM,5075.0,6,30450.0,60290030.5
2025-08-01 09:36:22 AM,5075.0,1,5075.0,60295105.5
2025-08-01 09:36:35 AM,5075.0,4,20300.0,60315405.5
2025-08-01 09:36:39 AM,5074.5,0,0.0,60315405.5
2025-08-01 09:36:41 AM,5074.5,72,365364.0,60680769.5
2025-08-01 09:36:47 AM,5072.0,0,0.0,60680769.5
2025-08-01 09:36:48 AM,5072.0,6,30432.0,60711201.5
2025-08-01 09:36:51 AM,5073.5,0,0.0,60711201.5
2025-08-01 09:36:55 AM,5074.5,0,0.0,60711201.5
2025-08-01 09:36:55 AM,5074.5,8,40596.0,60751797.5
2025-08-01 09:37:07 AM,5074.0,0,0.0,60751797.5
2025-08-01 09:37:08 AM,5074.0,5,25370.0,60777167.5
2025-08-01 09:37:12 AM,5073.5,0,0.0,60777167.5
2025-08-01 09:37:16 AM,5073.5,11,55808.5,60832976.0
2025-08-01 09:37:17 AM,5069.5,0,0.0,60832976.0
2025-08-01 09:37:22 AM,5071.5,0,0.0,60832976.0
2025-08-01 09:37:23 AM,5069.5,139,704660.5,61537636.5
2025-08-01 09:37:27 AM,5071.5,0,0.0,61537636.5
2025-08-01 09:37:29 AM,5071.5,9,45643.5,61583280.0
2025-08-01 09:37:32 AM,5069.5,0,0.0,61583280.0
2025-08-01 09:37:36 AM,5070.5,6,30423.0,61613703.0
2025-08-01 09:37:37 AM,5068.5,0,0.0,61613703.0
2025-08-01 09:37:41 AM,5068.0,0,0.0,61613703.0
2025-08-01 09:37:43 AM,5068.0,178,902104.0,62515807.0
2025-08-01 09:37:56 AM,5068.0,7,35476.0,62551283.0
2025-08-01 09:38:02 AM,5065.5,0,0.0,62551283.0
2025-08-01 09:38:03 AM,5065.5,54,273537.0,62824820.0
2025-08-01 09:38:04 AM,5064.5,0,0.0,62824820.0
2025-08-01 09:38:08 AM,5065.0,0,0.0,62824820.0
2025-08-01 09:38:10 AM,5065.0,33,167145.0,62991965.0
2025-08-01 09:38:14 AM,5063.0,0,0.0,62991965.0
2025-08-01 09:38:19 AM,5065.0,0,0.0,62991965.0
2025-08-01 09:38:23 AM,5065.0,13,65845.0,63057810.0
2025-08-01 09:38:29 AM,5063.5,0,0.0,63057810.0
2025-08-01 09:38:30 AM,5063.5,1,5063.5,63062873.5
2025-08-01 09:38:43 AM,5063.5,5,25317.5,63088191.0
2025-08-01 09:38:47 AM,5064.5,0,0.0,63088191.0
2025-08-01 09:38:50 AM,5064.5,6,30387.0,63118578.0
2025-08-01 09:38:51 AM,5063.0,0,0.0,63118578.0
2025-08-01 09:38:57 AM,5063.0,2,10126.0,63128704.0
2025-08-01 09:39:04 AM,5062.5,0,0.0,63128704.0
2025-08-01 09:39:10 AM,5062.5,15,75937.5,63204641.5
2025-08-01 09:39:15 AM,5062.0,0,0.0,63204641.5
2025-08-01 09:39:17 AM,5062.0,47,237914.0,63442555.5
2025-08-01 09:39:19 AM,5062.5,0,0.0,63442555.5
2025-08-01 09:39:24 AM,5062.5,100,506250.0,63948805.5
2025-08-01 09:39:25 AM,5062.0,0,0.0,63948805.5
2025-08-01 09:39:30 AM,5062.0,45,227790.0,64176595.5
2025-08-01 09:39:36 AM,5060.5,0,0.0,64176595.5
2025-08-01 09:39:37 AM,5060.5,33,166996.5,64343592.0
2025-08-01 09:39:43 AM,5060.5,63,318811.5,64662403.5
2025-08-01 09:39:48 AM,5061.0,0,0.0,64662403.5
2025-08-01 09:39:50 AM,5061.0,23,116403.0,64778806.5
2025-08-01 09:40:03 AM,5061.0,10,50610.0,64829416.5
2025-08-01 09:40:16 AM,5061.0,6,30366.0,64859782.5
2025-08-01 09:40:23 AM,5060.5,20,101210.0,64960992.5
2025-08-01 09:40:26 AM,5061.0,0,0.0,64960992.5
2025-08-01 09:40:29 AM,5061.0,5,25305.0,64986297.5
2025-08-01 09:40:30 AM,5063.0,4,20252.0,65006549.5
2025-08-01 09:40:36 AM,5063.0,1,5063.0,65011612.5
2025-08-01 09:40:47 AM,5063.5,0,0.0,65011612.5
2025-08-01 09:40:49 AM,5063.5,1,5063.5,65016676.0
2025-08-01 09:40:50 AM,5064.0,25,126600.0,65143276.0
2025-08-01 09:40:56 AM,5065.5,387,1960348.5,67103624.5
2025-08-01 09:41:02 AM,5068.5,10,50685.0,67154309.5
2025-08-01 09:41:03 AM,5068.5,6,30411.0,67184720.5
2025-08-01 09:41:16 AM,5066.0,0,0.0,67184720.5
2025-08-01 09:41:16 AM,5066.0,57,288762.0,67473482.5
2025-08-01 09:41:29 AM,5069.0,74,375106.0,67848588.5
2025-08-01 09:41:35 AM,5072.0,0,0.0,67848588.5
2025-08-01 09:41:35 AM,5072.0,51,258672.0,68107260.5
2025-08-01 09:41:36 AM,5071.5,0,0.0,68107260.5
2025-08-01 09:41:36 AM,5071.5,6,30429.0,68137689.5
2025-08-01 09:41:55 AM,5071.5,19,96358.5,68234048.0
2025-08-01 09:42:03 AM,5072.0,0,0.0,68234048.0
2025-08-01 09:42:08 AM,5072.0,1,5072.0,68239120.0
2025-08-01 09:42:12 AM,5074.0,0,0.0,68239120.0
2025-08-01 09:42:15 AM,5074.0,1,5074.0,68244194.0
2025-08-01 09:42:16 AM,5074.0,6,30444.0,68274638.0
2025-08-01 09:42:20 AM,5072.0,0,0.0,68274638.0
2025-08-01 09:42:21 AM,5072.0,30,152160.0,68426798.0
2025-08-01 09:42:28 AM,5072.5,2,10145.0,68436943.0
2025-08-01 09:42:29 AM,5072.0,21,106512.0,68543455.0
2025-08-01 09:42:47 AM,5072.0,20,101440.0,68644895.0
2025-08-01 09:42:58 AM,5073.0,0,0.0,68644895.0
2025-08-01 09:42:58 AM,5070.0,0,0.0,68644895.0
2025-08-01 09:43:00 AM,5070.0,51,258570.0,68903465.0
2025-08-01 09:43:01 AM,5073.5,1,5073.5,68908538.5
2025-08-01 09:43:13 AM,5073.5,25,126837.5,69035376.0
2025-08-01 09:43:20 AM,5073.5,1,5073.5,69040449.5
2025-08-01 09:43:21 AM,5073.5,5,25367.5,69065817.0
2025-08-01 09:43:34 AM,5074.0,2,10148.0,69075965.0
2025-08-01 09:43:40 AM,5074.0,6,30444.0,69106409.0
2025-08-01 09:43:59 AM,5074.0,309,1567866.0,70674275.0
2025-08-01 09:44:06 AM,5077.0,0,0.0,70674275.0
2025-08-01 09:44:06 AM,5077.0,37,187849.0,70862124.0
2025-08-01 09:44:10 AM,5075.0,0,0.0,70862124.0
2025-08-01 09:44:13 AM,5075.5,48,243624.0,71105748.0
2025-08-01 09:44:20 AM,5076.5,1,5076.5,71110824.5
2025-08-01 09:44:22 AM,5073.5,0,0.0,71110824.5
2025-08-01 09:44:24 AM,5074.0,0,0.0,71110824.5
2025-08-01 09:44:26 AM,5075.0,80,406000.0,71516824.5
2025-08-01 09:44:33 AM,5075.0,5,25375.0,71542199.5
2025-08-01 09:44:34 AM,5074.0,0,0.0,71542199.5
2025-08-01 09:44:39 AM,5074.0,3,15222.0,71557421.5
2025-08-01 09:44:54 AM,5071.5,0,0.0,71557421.5
2025-08-01 09:44:58 AM,5072.0,8,40576.0,71597997.5
2025-08-01 09:45:05 AM,5069.0,6,30414.0,71628411.5
2025-08-01 09:45:07 AM,5068.0,0,0.0,71628411.5
2025-08-01 09:45:12 AM,5069.0,3,15207.0,71643618.5
2025-08-01 09:45:25 AM,5065.5,6,30393.0,71674011.5
2025-08-01 09:45:26 AM,5066.5,0,0.0,71674011.5
2025-08-01 09:45:30 AM,5068.0,0,0.0,71674011.5
2025-08-01 09:45:31 AM,5068.0,8,40544.0,71714555.5
2025-08-01 09:45:37 AM,5065.0,45,227925.0,71942480.5
2025-08-01 09:45:44 AM,5065.5,1,5065.5,71947546.0
2025-08-01 09:45:46 AM,5065.0,0,0.0,71947546.0
2025-08-01 09:45:51 AM,5065.0,15,75975.0,72023521.0
2025-08-01 09:45:53 AM,5065.5,0,0.0,72023521.0
2025-08-01 09:45:57 AM,5065.5,1,5065.5,72028586.5
2025-08-01 09:45:58 AM,5065.5,6,30393.0,72058979.5
2025-08-01 09:46:03 AM,5065.5,9,45589.5,72104569.0
2025-08-01 09:46:05 AM,5064.0,0,0.0,72104569.0
2025-08-01 09:46:10 AM,5064.0,90,455760.0,72560329.0
2025-08-01 09:46:14 AM,5065.0,0,0.0,72560329.0
2025-08-01 09:46:17 AM,5065.0,3,15195.0,72575524.0
2025-08-01 09:46:23 AM,5068.5,0,0.0,72575524.0
2025-08-01 09:46:23 AM,5068.5,2,10137.0,72585661.0
2025-08-01 09:46:29 AM,5068.5,2,10137.0,72595798.0
2025-08-01 09:46:35 AM,5067.5,0,0.0,72595798.0
2025-08-01 09:46:36 AM,5067.5,6,30405.0,72626203.0
2025-08-01 09:46:40 AM,5066.5,0,0.0,72626203.0
2025-08-01 09:46:42 AM,5066.5,5,25332.5,72651535.5
2025-08-01 09:46:47 AM,5064.0,0,0.0,72651535.5
2025-08-01 09:46:48 AM,5064.0,6,30384.0,72681919.5
2025-08-01 09:46:52 AM,5063.5,0,0.0,72681919.5
2025-08-01 09:46:55 AM,5063.5,1,5063.5,72686983.0
2025-08-01 09:47:16 AM,5064.5,0,0.0,72686983.0
2025-08-01 09:47:19 AM,5064.5,7,35451.5,72722434.5
2025-08-01 09:47:23 AM,5063.0,0,0.0,72722434.5
2025-08-01 09:47:25 AM,5063.0,10,50630.0,72773064.5
2025-08-01 09:47:31 AM,5063.5,0,0.0,72773064.5
2025-08-01 09:47:32 AM,5063.5,17,86079.5,72859144.0
2025-08-01 09:47:36 AM,5063.0,0,0.0,72859144.0
2025-08-01 09:47:39 AM,5063.0,2,10126.0,72869270.0
2025-08-01 09:47:41 AM,5063.5,0,0.0,72869270.0
2025-08-01 09:47:41 AM,5063.5,20,101270.0,72970540.0
2025-08-01 09:47:52 AM,5063.0,2,10126.0,72980666.0
2025-08-01 09:47:59 AM,5063.0,6,30378.0,73011044.0
2025-08-01 09:48:01 AM,5063.0,9,45567.0,73056611.0
2025-08-01 09:48:06 AM,5063.5,0,0.0,73056611.0
2025-08-01 09:48:08 AM,5063.5,8,40508.0,73097119.0
2025-08-01 09:48:24 AM,5063.5,2,10127.0,73107246.0
2025-08-01 09:48:30 AM,5064.0,0,0.0,73107246.0
2025-08-01 09:48:31 AM,5064.0,6,30384.0,73137630.0
2025-08-01 09:48:40 AM,5064.5,1,5064.5,73142694.5
2025-08-01 09:48:54 AM,5063.5,0,0.0,73142694.5
2025-08-01 09:48:54 AM,5064.5,0,0.0,73142694.5
2025-08-01 09:48:56 AM,5064.5,120,607740.0,73750434.5
2025-08-01 09:48:58 AM,5056.0,0,0.0,73750434.5
2025-08-01 09:48:59 AM,5056.0,340,1719040.0,75469474.5
2025-08-01 09:49:02 AM,5059.0,0,0.0,75469474.5
2025-08-01 09:49:03 AM,5059.0,10,50590.0,75520064.5
2025-08-01 09:49:05 AM,5060.0,50,253000.0,75773064.5
2025-08-01 09:49:15 AM,5060.0,6,30360.0,75803424.5
2025-08-01 09:49:30 AM,5060.0,1,5060.0,75808484.5
2025-08-01 09:49:34 AM,5057.5,25,126437.5,75934922.0
2025-08-01 09:49:43 AM,5059.5,151,763984.5,76698906.5
2025-08-01 09:49:46 AM,5059.5,7,35416.5,76734323.0
2025-08-01 09:49:48 AM,5060.5,0,0.0,76734323.0
2025-08-01 09:49:49 AM,5060.5,6,30363.0,76764686.0
2025-08-01 09:49:59 AM,5060.5,1,5060.5,76769746.5
2025-08-01 09:50:05 AM,5061.5,0,0.0,76769746.5
2025-08-01 09:50:06 AM,5061.5,22,111353.0,76881099.5
2025-08-01 09:50:15 AM,5062.5,2,10125.0,76891224.5
2025-08-01 09:50:19 AM,5062.5,6,30375.0,76921599.5
2025-08-01 09:50:35 AM,5063.5,0,0.0,76921599.5
2025-08-01 09:50:37 AM,5064.0,0,0.0,76921599.5
2025-08-01 09:50:37 AM,5064.0,50,253200.0,77174799.5
2025-08-01 09:50:40 AM,5063.0,0,0.0,77174799.5
2025-08-01 09:50:40 AM,5063.0,16,81008.0,77255807.5
2025-08-01 09:50:41 AM,5064.0,0,0.0,77255807.5
2025-08-01 09:50:44 AM,5064.0,1,5064.0,77260871.5
2025-08-01 09:50:49 AM,5063.5,0,0.0,77260871.5
2025-08-01 09:50:50 AM,5063.5,10,50635.0,77311506.5
2025-08-01 09:51:02 AM,5064.0,0,0.0,77311506.5
2025-08-01 09:51:03 AM,5064.0,2,10128.0,77321634.5
2025-08-01 09:51:09 AM,5064.0,10,50640.0,77372274.5
2025-08-01 09:51:21 AM,5065.5,0,0.0,77372274.5
2025-08-01 09:51:21 AM,5065.5,1,5065.5,77377340.0
2025-08-01 09:51:24 AM,5065.5,6,30393.0,77407733.0
2025-08-01 09:51:31 AM,5062.5,0,0.0,77407733.0
2025-08-01 09:51:34 AM,5062.5,49,248062.5,77655795.5
2025-08-01 09:51:51 AM,5061.5,0,0.0,77655795.5
2025-08-01 09:51:53 AM,5060.0,0,0.0,77655795.5
2025-08-01 09:51:53 AM,5060.0,10,50600.0,77706395.5
2025-08-01 09:51:59 AM,5061.0,0,0.0,77706395.5
2025-08-01 09:52:01 AM,5061.0,1,5061.0,77711456.5
2025-08-01 09:52:03 AM,5061.5,0,0.0,77711456.5
2025-08-01 09:52:05 AM,5061.5,20,101230.0,77812686.5
2025-08-01 09:52:07 AM,5060.0,10,50600.0,77863286.5
2025-08-01 09:52:16 AM,5062.0,0,0.0,77863286.5
2025-08-01 09:52:17 AM,5062.0,9,45558.0,77908844.5
2025-08-01 09:52:22 AM,5062.5,0,0.0,77908844.5
2025-08-01 09:52:23 AM,5062.5,50,253125.0,78161969.5
2025-08-01 09:52:35 AM,5062.5,11,55687.5,78217657.0
2025-08-01 09:52:55 AM,5062.0,0,0.0,78217657.0
2025-08-01 09:52:56 AM,5062.0,6,30372.0,78248029.0
2025-08-01 09:53:00 AM,5062.0,11,55682.0,78303711.0
2025-08-01 09:53:18 AM,5062.0,6,30372.0,78334083.0
2025-08-01 09:53:23 AM,5061.5,0,0.0,78334083.0
2025-08-01 09:53:25 AM,5060.0,15,75900.0,78409983.0
2025-08-01 09:53:26 AM,5061.0,0,0.0,78409983.0
2025-08-01 09:53:27 AM,5061.0,1,5061.0,78415044.0
2025-08-01 09:53:29 AM,5059.0,0,0.0,78415044.0
2025-08-01 09:53:31 AM,5059.0,19,96121.0,78511165.0
2025-08-01 09:53:43 AM,5059.0,10,50590.0,78561755.0
2025-08-01 09:53:53 AM,5057.0,0,0.0,78561755.0
2025-08-01 09:53:56 AM,5057.5,0,0.0,78561755.0
2025-08-01 09:53:56 AM,5057.5,7,35402.5,78597157.5
2025-08-01 09:54:03 AM,5057.5,10,50575.0,78647732.5
2025-08-01 09:54:14 AM,5057.5,4,20230.0,78667962.5
2025-08-01 09:54:15 AM,5057.5,6,30345.0,78698307.5
2025-08-01 09:54:20 AM,5056.0,0,0.0,78698307.5
2025-08-01 09:54:21 AM,5056.0,21,106176.0,78804483.5
2025-08-01 09:54:27 AM,5056.0,2,10112.0,78814595.5
2025-08-01 09:54:33 AM,5056.0,1,5056.0,78819651.5
2025-08-01 09:54:39 AM,5056.0,6,30336.0,78849987.5
2025-08-01 09:54:45 AM,5056.0,106,535936.0,79385923.5
2025-08-01 09:55:06 AM,5057.0,0,0.0,79385923.5
2025-08-01 09:55:08 AM,5057.0,6,30342.0,79416265.5
2025-08-01 09:55:09 AM,5057.0,4,20228.0,79436493.5
2025-08-01 09:55:25 AM,5057.5,0,0.0,79436493.5
2025-08-01 09:55:26 AM,5057.5,29,146667.5,79583161.0
2025-08-01 09:55:32 AM,5058.0,2,10116.0,79593277.0
2025-08-01 09:55:33 AM,5058.0,6,30348.0,79623625.0
2025-08-01 09:55:37 AM,5057.5,0,0.0,79623625.0
2025-08-01 09:55:38 AM,5057.5,25,126437.5,79750062.5
2025-08-01 09:55:39 AM,5056.0,208,1051648.0,80801710.5
2025-08-01 09:55:57 AM,5056.0,30,151680.0,80953390.5
2025-08-01 09:56:02 AM,5057.0,0,0.0,80953390.5
2025-08-01 09:56:03 AM,5057.0,11,55627.0,81009017.5
2025-08-01 09:56:15 AM,5057.0,3,15171.0,81024188.5
2025-08-01 09:56:20 AM,5056.5,0,0.0,81024188.5
2025-08-01 09:56:21 AM,5056.5,1,5056.5,81029245.0
2025-08-01 09:56:24 AM,5057.0,0,0.0,81029245.0
2025-08-01 09:56:27 AM,5057.0,1,5057.0,81034302.0
2025-08-01 09:56:32 AM,5057.0,7,35399.0,81069701.0
2025-08-01 09:56:38 AM,5057.0,1,5057.0,81074758.0
2025-08-01 09:56:45 AM,5057.0,6,30342.0,81105100.0
2025-08-01 09:56:52 AM,5057.0,8,40456.0,81145556.0
2025-08-01 09:56:56 AM,5056.5,0,0.0,81145556.0
2025-08-01 09:56:57 AM,5056.5,10,50565.0,81196121.0
2025-08-01 09:56:58 AM,5057.5,10,50575.0,81246696.0
2025-08-01 09:57:10 AM,5055.0,5,25275.0,81271971.0
2025-08-01 09:57:14 AM,5057.0,5,25285.0,81297256.0
2025-08-01 09:57:25 AM,5057.0,6,30342.0,81327598.0
2025-08-01 09:57:33 AM,5055.0,51,257805.0,81585403.0
2025-08-01 09:57:40 AM,5055.0,10,50550.0,81635953.0
2025-08-01 09:57:58 AM,5053.5,75,379012.5,82014965.5
2025-08-01 09:58:08 AM,5054.0,63,318402.0,82333367.5
2025-08-01 09:58:20 AM,5055.0,1,5055.0,82338422.5
2025-08-01 09:58:26 AM,5055.0,7,35385.0,82373807.5
2025-08-01 09:58:32 AM,5055.0,1,5055.0,82378862.5
2025-08-01 09:58:41 AM,5057.0,0,0.0,82378862.5
2025-08-01 09:58:41 AM,5057.0,1082,5471674.0,87850536.5
2025-08-01 09:58:44 AM,5058.0,69,349002.0,88199538.5
2025-08-01 09:58:47 AM,5058.5,13,65760.5,88265299.0
2025-08-01 09:58:50 AM,5058.5,14,70819.0,88336118.0
2025-08-01 09:58:56 AM,5057.5,1,5057.5,88341175.5
2025-08-01 09:58:57 AM,5058.5,0,0.0,88341175.5
2025-08-01 09:58:59 AM,5058.5,10,50585.0,88391760.5
2025-08-01 09:59:05 AM,5058.5,6,30351.0,88422111.5
2025-08-01 09:59:21 AM,5057.5,17,85977.5,88508089.0
2025-08-01 09:59:27 AM,5058.5,0,0.0,88508089.0
2025-08-01 09:59:28 AM,5058.5,5,25292.5,88533381.5
2025-08-01 09:59:37 AM,5058.5,1,5058.5,88538440.0
2025-08-01 09:59:43 AM,5059.0,0,0.0,88538440.0
2025-08-01 09:59:43 AM,5059.0,50,252950.0,88791390.0
2025-08-01 09:59:46 AM,5058.0,36,182088.0,88973478.0
2025-08-01 09:59:49 AM,5057.0,10,50570.0,89024048.0
2025-08-01 09:59:51 AM,5056.0,0,0.0,89024048.0
2025-08-01 09:59:52 AM,5058.0,26,131508.0,89155556.0
2025-08-01 09:59:58 AM,5056.5,0,0.0,89155556.0
2025-08-01 09:59:58 AM,5056.5,3,15169.5,89170725.5
2025-08-01 10:00:01 AM,5057.5,1,5057.5,89175783.0
2025-08-01 10:00:07 AM,5057.5,4,20230.0,89196013.0
2025-08-01 10:00:11 AM,5055.0,41,207255.0,89403268.0
2025-08-01 10:00:21 AM,5055.5,5,25277.5,89428545.5
2025-08-01 10:00:24 AM,5055.0,14,70770.0,89499315.5
2025-08-01 10:00:27 AM,5054.0,90,454860.0,89954175.5
2025-08-01 10:00:40 AM,5054.0,27,136458.0,90090633.5
2025-08-01 10:00:59 AM,5055.0,120,606600.0,90697233.5
2025-08-01 10:01:02 AM,5056.0,1,5056.0,90702289.5
2025-08-01 10:01:05 AM,5056.0,8,40448.0,90742737.5
2025-08-01 10:01:07 AM,5057.0,0,0.0,90742737.5
2025-08-01 10:01:08 AM,5057.0,28,141596.0,90884333.5
2025-08-01 10:01:11 AM,5057.0,1,5057.0,90889390.5
2025-08-01 10:01:14 AM,5057.5,320,1618400.0,92507790.5
2025-08-01 10:01:17 AM,5058.5,0,0.0,92507790.5
2025-08-01 10:01:18 AM,5058.5,3,15175.5,92522966.0
2025-08-01 10:01:30 AM,5058.5,7,35409.5,92558375.5
2025-08-01 10:01:42 AM,5058.5,3,15175.5,92573551.0
2025-08-01 10:01:46 AM,5061.0,0,0.0,92573551.0
2025-08-01 10:01:49 AM,5061.0,28,141708.0,92715259.0
2025-08-01 10:01:51 AM,5061.0,6,30366.0,92745625.0
2025-08-01 10:01:54 AM,5059.0,0,0.0,92745625.0
2025-08-01 10:01:55 AM,5059.0,12,60708.0,92806333.0
2025-08-01 10:02:01 AM,5059.5,150,758925.0,93565258.0
2025-08-01 10:02:02 AM,5061.0,0,0.0,93565258.0
2025-08-01 10:02:02 AM,5061.0,20,101220.0,93666478.0
2025-08-01 10:02:10 AM,5061.5,0,0.0,93666478.0
2025-08-01 10:02:13 AM,5061.5,19,96168.5,93762646.5
2025-08-01 10:02:17 AM,5059.0,0,0.0,93762646.5
2025-08-01 10:02:20 AM,5060.0,111,561660.0,94324306.5
2025-08-01 10:02:39 AM,5060.5,0,0.0,94324306.5
2025-08-01 10:02:39 AM,5060.5,14,70847.0,94395153.5
2025-08-01 10:02:45 AM,5062.0,40,202480.0,94597633.5
2025-08-01 10:02:52 AM,5062.0,1,5062.0,94602695.5
2025-08-01 10:03:01 AM,5062.5,0,0.0,94602695.5
2025-08-01 10:03:04 AM,5062.0,18,91116.0,94693811.5
2025-08-01 10:03:05 AM,5061.5,0,0.0,94693811.5
2025-08-01 10:03:06 AM,5063.0,133,673379.0,95367190.5
2025-08-01 10:03:19 AM,5063.0,2,10126.0,95377316.5
2025-08-01 10:03:21 AM,5063.5,0,0.0,95377316.5
2025-08-01 10:03:24 AM,5064.5,35,177257.5,95554574.0
2025-08-01 10:03:25 AM,5065.0,0,0.0,95554574.0
2025-08-01 10:03:29 AM,5067.5,0,0.0,95554574.0
2025-08-01 10:03:30 AM,5067.5,150,760125.0,96314699.0
2025-08-01 10:03:37 AM,5067.5,6,30405.0,96345104.0
2025-08-01 10:03:41 AM,5062.5,0,0.0,96345104.0
2025-08-01 10:03:43 AM,5062.5,150,759375.0,97104479.0
2025-08-01 10:03:49 AM,5067.0,0,0.0,97104479.0
2025-08-01 10:03:49 AM,5067.0,1,5067.0,97109546.0
2025-08-01 10:03:53 AM,5066.5,0,0.0,97109546.0
2025-08-01 10:03:55 AM,5066.5,7,35465.5,97145011.5
2025-08-01 10:04:07 AM,5066.5,1,5066.5,97150078.0
2025-08-01 10:04:14 AM,5066.5,11,55731.5,97205809.5
2025-08-01 10:04:16 AM,5066.0,8,40528.0,97246337.5
2025-08-01 10:04:33 AM,5067.0,0,0.0,97246337.5
2025-08-01 10:04:33 AM,5067.0,344,1743048.0,98989385.5
2025-08-01 10:04:35 AM,5067.0,6,30402.0,99019787.5
2025-08-01 10:04:39 AM,5067.5,134,679045.0,99698832.5
2025-08-01 10:04:45 AM,5068.0,1,5068.0,99703900.5
2025-08-01 10:05:06 AM,5070.0,6,30420.0,99734320.5
2025-08-01 10:05:08 AM,5069.5,0,0.0,99734320.5
2025-08-01 10:05:10 AM,5069.5,2,10139.0,99744459.5
2025-08-01 10:05:12 AM,5068.0,169,856492.0,100600951.5
2025-08-01 10:05:16 AM,5063.5,2,10127.0,100611078.5
2025-08-01 10:05:18 AM,5065.5,0,0.0,100611078.5
2025-08-01 10:05:18 AM,5065.5,1,5065.5,100616144.0
2025-08-01 10:05:28 AM,5065.0,5,25325.0,100641469.0
2025-08-01 10:05:35 AM,5065.0,5,25325.0,100666794.0
2025-08-01 10:05:37 AM,5065.0,1,5065.0,100671859.0
2025-08-01 10:05:41 AM,5065.0,16,81040.0,100752899.0
2025-08-01 10:05:52 AM,5062.5,1,5062.5,100757961.5
2025-08-01 10:05:57 AM,5065.0,0,0.0,100757961.5
2025-08-01 10:05:58 AM,5065.0,1,5065.0,100763026.5
2025-08-01 10:06:01 AM,5064.0,5,25320.0,100788346.5
2025-08-01 10:06:13 AM,5063.0,6,30378.0,100818724.5
2025-08-01 10:06:14 AM,5062.5,0,0.0,100818724.5
2025-08-01 10:06:16 AM,5060.5,5,25302.5,100844027.0
2025-08-01 10:06:26 AM,5062.0,0,0.0,100844027.0
2025-08-01 10:06:28 AM,5062.0,1,5062.0,100849089.0
2025-08-01 10:06:40 AM,5058.5,55,278217.5,101127306.5
2025-08-01 10:06:45 AM,5059.5,0,0.0,101127306.5
2025-08-01 10:06:46 AM,5059.5,10,50595.0,101177901.5
2025-08-01 10:06:59 AM,5060.0,12,60720.0,101238621.5
2025-08-01 10:07:07 AM,5060.0,50,253000.0,101491621.5
2025-08-01 10:07:10 AM,5060.5,0,0.0,101491621.5
2025-08-01 10:07:11 AM,5060.5,50,253025.0,101744646.5
2025-08-01 10:07:13 AM,5060.0,6,30360.0,101775006.5
2025-08-01 10:07:17 AM,5059.5,1,5059.5,101780066.0
2025-08-01 10:07:25 AM,5059.5,2,10119.0,101790185.0
2025-08-01 10:07:33 AM,5061.0,0,0.0,101790185.0
2025-08-01 10:07:36 AM,5061.0,5,25305.0,101815490.0
2025-08-01 10:07:42 AM,5061.0,1,5061.0,101820551.0
2025-08-01 10:07:47 AM,5059.5,0,0.0,101820551.0
2025-08-01 10:07:48 AM,5059.5,2,10119.0,101830670.0
2025-08-01 10:07:52 AM,5061.5,0,0.0,101830670.0
2025-08-01 10:07:54 AM,5061.5,6,30369.0,101861039.0
2025-08-01 10:07:56 AM,5061.0,5,25305.0,101886344.0
2025-08-01 10:08:11 AM,5060.0,0,0.0,101886344.0
2025-08-01 10:08:15 AM,5060.0,14,70840.0,101957184.0
2025-08-01 10:08:41 AM,5061.5,0,0.0,101957184.0
2025-08-01 10:08:43 AM,5061.5,3,15184.5,101972368.5
2025-08-01 10:08:45 AM,5061.5,11,55676.5,102028045.0
2025-08-01 10:09:01 AM,5061.5,6,30369.0,102058414.0
2025-08-01 10:09:14 AM,5061.5,1,5061.5,102063475.5
2025-08-01 10:09:20 AM,5061.5,6,30369.0,102093844.5
2025-08-01 10:09:30 AM,5061.5,1,5061.5,102098906.0
2025-08-01 10:09:42 AM,5061.5,7,35430.5,102134336.5
2025-08-01 10:09:44 AM,5061.5,1,5061.5,102139398.0
2025-08-01 10:09:50 AM,5061.5,1,5061.5,102144459.5
2025-08-01 10:10:01 AM,5060.0,63,318780.0,102463239.5
2025-08-01 10:10:13 AM,5058.0,63,318654.0,102781893.5
2025-08-01 10:10:22 AM,5058.5,0,0.0,102781893.5
2025-08-01 10:10:22 AM,5058.5,1,5058.5,102786952.0
2025-08-01 10:10:34 AM,5058.5,1,5058.5,102792010.5
2025-08-01 10:10:40 AM,5058.5,6,30351.0,102822361.5
2025-08-01 10:10:44 AM,5059.0,0,0.0,102822361.5
2025-08-01 10:10:47 AM,5059.0,10,50590.0,102872951.5
2025-08-01 10:11:04 AM,5058.0,8,40464.0,102913415.5
2025-08-01 10:11:08 AM,5059.0,0,0.0,102913415.5
2025-08-01 10:11:10 AM,5059.0,1,5059.0,102918474.5
2025-08-01 10:11:22 AM,5059.0,6,30354.0,102948828.5
2025-08-01 10:11:27 AM,5059.0,1,5059.0,102953887.5
2025-08-01 10:11:32 AM,5058.0,0,0.0,102953887.5
2025-08-01 10:11:33 AM,5058.0,3,15174.0,102969061.5
2025-08-01 10:11:34 AM,5059.0,2,10118.0,102979179.5
2025-08-01 10:11:40 AM,5059.0,4,20236.0,102999415.5
2025-08-01 10:11:45 AM,5059.0,1,5059.0,103004474.5
2025-08-01 10:11:52 AM,5060.0,8,40480.0,103044954.5
2025-08-01 10:12:03 AM,5060.0,6,30360.0,103075314.5
2025-08-01 10:12:14 AM,5060.0,12,60720.0,103136034.5
2025-08-01 10:12:20 AM,5059.0,0,0.0,103136034.5
2025-08-01 10:12:20 AM,5059.0,32,161888.0,103297922.5
2025-08-01 10:12:23 AM,5059.5,0,0.0,103297922.5
2025-08-01 10:12:26 AM,5059.5,1,5059.5,103302982.0
2025-08-01 10:12:38 AM,5060.0,0,0.0,103302982.0
2025-08-01 10:12:38 AM,5060.0,10,50600.0,103353582.0
2025-08-01 10:12:43 AM,5060.0,6,30360.0,103383942.0
2025-08-01 10:12:49 AM,5060.0,1,5060.0,103389002.0
2025-08-01 10:12:55 AM,5060.0,6,30360.0,103419362.0
2025-08-01 10:13:12 AM,5060.0,6,30360.0,103449722.0
2025-08-01 10:13:17 AM,5060.5,0,0.0,103449722.0
2025-08-01 10:13:18 AM,5060.5,23,116391.5,103566113.5
2025-08-01 10:13:20 AM,5061.0,0,0.0,103566113.5
2025-08-01 10:13:23 AM,5061.5,0,0.0,103566113.5
2025-08-01 10:13:24 AM,5062.5,37,187312.5,103753426.0
2025-08-01 10:13:29 AM,5059.5,0,0.0,103753426.0
2025-08-01 10:13:30 AM,5059.5,28,141666.0,103895092.0
2025-08-01 10:13:32 AM,5062.5,0,0.0,103895092.0
2025-08-01 10:13:35 AM,5060.5,0,0.0,103895092.0
2025-08-01 10:13:36 AM,5060.5,11,55665.5,103950757.5
2025-08-01 10:13:37 AM,5060.5,1,5060.5,103955818.0
2025-08-01 10:13:41 AM,5062.0,0,0.0,103955818.0
2025-08-01 10:13:42 AM,5062.0,51,258162.0,104213980.0
2025-08-01 10:13:48 AM,5062.0,20,101240.0,104315220.0
2025-08-01 10:14:00 AM,5062.0,6,30372.0,104345592.0
2025-08-01 10:14:02 AM,5060.0,0,0.0,104345592.0
2025-08-01 10:14:05 AM,5060.0,2,10120.0,104355712.0
2025-08-01 10:14:14 AM,5062.5,0,0.0,104355712.0
2025-08-01 10:14:17 AM,5062.5,1,5062.5,104360774.5
2025-08-01 10:14:23 AM,5062.5,7,35437.5,104396212.0
2025-08-01 10:14:40 AM,5062.5,6,30375.0,104426587.0
2025-08-01 10:15:03 AM,5062.5,6,30375.0,104456962.0
2025-08-01 10:15:04 AM,5061.0,10,50610.0,104507572.0
2025-08-01 10:15:16 AM,5061.5,0,0.0,104507572.0
2025-08-01 10:15:21 AM,5061.5,15,75922.5,104583494.5
2025-08-01 10:15:25 AM,5062.0,0,0.0,104583494.5
2025-08-01 10:15:27 AM,5062.0,1,5062.0,104588556.5
2025-08-01 10:15:45 AM,5062.0,7,35434.0,104623990.5
2025-08-01 10:15:51 AM,5062.0,1,5062.0,104629052.5
2025-08-01 10:16:08 AM,5062.0,6,30372.0,104659424.5
2025-08-01 10:16:14 AM,5062.0,3,15186.0,104674610.5
2025-08-01 10:16:20 AM,5062.0,6,30372.0,104704982.5
2025-08-01 10:16:26 AM,5062.0,50,253100.0,104958082.5
2025-08-01 10:16:38 AM,5062.0,3,15186.0,104973268.5
2025-08-01 10:16:43 AM,5062.0,6,30372.0,105003640.5
2025-08-01 10:16:49 AM,5062.0,1,5062.0,105008702.5
2025-08-01 10:17:00 AM,5062.0,47,237914.0,105246616.5
2025-08-01 10:17:00 AM,5062.5,6,30375.0,105276991.5
2025-08-01 10:17:05 AM,5062.5,22,111375.0,105388366.5
2025-08-01 10:17:11 AM,5062.5,6,30375.0,105418741.5
2025-08-01 10:17:16 AM,5062.0,0,0.0,105418741.5
2025-08-01 10:17:17 AM,5060.0,0,0.0,105418741.5
2025-08-01 10:17:17 AM,5060.0,21,106260.0,105525001.5
2025-08-01 10:17:28 AM,5062.0,0,0.0,105525001.5
2025-08-01 10:17:29 AM,5060.0,6,30360.0,105555361.5
2025-08-01 10:17:52 AM,5061.5,0,0.0,105555361.5
2025-08-01 10:17:52 AM,5061.5,6,30369.0,105585730.5
2025-08-01 10:17:55 AM,5059.5,0,0.0,105585730.5
2025-08-01 10:17:58 AM,5059.5,29,146725.5,105732456.0
2025-08-01 10:18:05 AM,5060.5,0,0.0,105732456.0
2025-08-01 10:18:09 AM,5060.5,2,10121.0,105742577.0
2025-08-01 10:18:15 AM,5060.5,3,15181.5,105757758.5
2025-08-01 10:18:27 AM,5060.5,6,30363.0,105788121.5
2025-08-01 10:18:32 AM,5060.5,8,40484.0,105828605.5
2025-08-01 10:18:44 AM,5060.5,5,25302.5,105853908.0
2025-08-01 10:18:50 AM,5060.5,6,30363.0,105884271.0
2025-08-01 10:18:55 AM,5060.5,5,25302.5,105909573.5
2025-08-01 10:19:06 AM,5063.5,0,0.0,105909573.5
2025-08-01 10:19:07 AM,5063.5,120,607620.0,106517193.5
2025-08-01 10:19:07 AM,5063.5,6,30381.0,106547574.5
2025-08-01 10:19:09 AM,5062.5,0,0.0,106547574.5
2025-08-01 10:19:13 AM,5062.5,13,65812.5,106613387.0
2025-08-01 10:19:19 AM,5062.5,1,5062.5,106618449.5
2025-08-01 10:19:24 AM,5063.5,0,0.0,106618449.5
2025-08-01 10:19:24 AM,5063.5,1,5063.5,106623513.0
2025-08-01 10:19:30 AM,5063.5,10,50635.0,106674148.0
2025-08-01 10:19:41 AM,5064.0,1,5064.0,106679212.0
2025-08-01 10:19:53 AM,5064.5,2,10129.0,106689341.0
2025-08-01 10:19:54 AM,5064.5,4,20258.0,106709599.0
2025-08-01 10:20:03 AM,5065.0,0,0.0,106709599.0
2025-08-01 10:20:03 AM,5065.0,10,50650.0,106760249.0
2025-08-01 10:20:09 AM,5065.0,6,30390.0,106790639.0
2025-08-01 10:20:10 AM,5065.0,10,50650.0,106841289.0
2025-08-01 10:20:16 AM,5065.0,1,5065.0,106846354.0
2025-08-01 10:20:26 AM,5065.0,6,30390.0,106876744.0
2025-08-01 10:20:35 AM,5065.5,0,0.0,106876744.0
2025-08-01 10:20:38 AM,5067.0,0,0.0,106876744.0
2025-08-01 10:20:38 AM,5067.0,111,562437.0,107439181.0
2025-08-01 10:20:44 AM,5066.0,0,0.0,107439181.0
2025-08-01 10:20:45 AM,5066.0,5,25330.0,107464511.0
2025-08-01 10:20:56 AM,5066.5,1,5066.5,107469577.5
2025-08-01 10:21:04 AM,5066.5,3,15199.5,107484777.0
2025-08-01 10:21:07 AM,5066.5,2,10133.0,107494910.0
2025-08-01 10:21:15 AM,5067.0,0,0.0,107494910.0
2025-08-01 10:21:15 AM,5067.0,11,55737.0,107550647.0
2025-08-01 10:21:19 AM,5067.0,1,5067.0,107555714.0
2025-08-01 10:21:20 AM,5067.0,3,15201.0,107570915.0
2025-08-01 10:21:31 AM,5067.0,6,30402.0,107601317.0
2025-08-01 10:21:37 AM,5055.0,1223,6182265.0,113783582.0
2025-08-01 10:21:38 AM,5060.0,0,0.0,113783582.0
2025-08-01 10:21:40 AM,5060.0,25,126500.0,113910082.0
2025-08-01 10:21:41 AM,5058.5,0,0.0,113910082.0
2025-08-01 10:21:42 AM,5058.5,25,126462.5,114036544.5
2025-08-01 10:22:02 AM,5060.0,0,0.0,114036544.5
2025-08-01 10:22:03 AM,5060.0,19,96140.0,114132684.5
2025-08-01 10:22:05 AM,5060.0,9,45540.0,114178224.5
2025-08-01 10:22:08 AM,5060.5,0,0.0,114178224.5
2025-08-01 10:22:09 AM,5060.5,43,217601.5,114395826.0
2025-08-01 10:22:15 AM,5060.5,9,45544.5,114441370.5
2025-08-01 10:22:20 AM,5062.0,0,0.0,114441370.5
2025-08-01 10:22:21 AM,5064.0,50,253200.0,114694570.5
2025-08-01 10:22:23 AM,5065.0,0,0.0,114694570.5
2025-08-01 10:22:23 AM,5065.0,72,364680.0,115059250.5
2025-08-01 10:22:27 AM,5067.0,3,15201.0,115074451.5
2025-08-01 10:22:32 AM,5066.5,0,0.0,115074451.5
2025-08-01 10:22:32 AM,5066.5,6,30399.0,115104850.5
2025-08-01 10:22:34 AM,5066.5,1,5066.5,115109917.0
2025-08-01 10:22:40 AM,5066.5,2,10133.0,115120050.0
2025-08-01 10:22:51 AM,5066.5,7,35465.5,115155515.5
2025-08-01 10:23:02 AM,5066.5,6,30399.0,115185914.5
2025-08-01 10:23:11 AM,5066.5,3,15199.5,115201114.0
2025-08-01 10:23:14 AM,5066.5,1,5066.5,115206180.5
2025-08-01 10:23:17 AM,5066.5,1,5066.5,115211247.0
2025-08-01 10:23:28 AM,5066.5,10,50665.0,115261912.0
2025-08-01 10:23:31 AM,5066.5,6,30399.0,115292311.0
2025-08-01 10:23:50 AM,5066.5,6,30399.0,115322710.0
2025-08-01 10:23:54 AM,5066.5,13,65864.5,115388574.5
2025-08-01 10:24:01 AM,5065.0,0,0.0,115388574.5
2025-08-01 10:24:01 AM,5065.0,6,30390.0,115418964.5
2025-08-01 10:24:25 AM,5066.5,0,0.0,115418964.5
2025-08-01 10:24:27 AM,5066.5,1,5066.5,115424031.0
2025-08-01 10:24:32 AM,5066.5,7,35465.5,115459496.5
2025-08-01 10:24:43 AM,5064.5,37,187386.5,115646883.0
2025-08-01 10:25:02 AM,5065.0,0,0.0,115646883.0
2025-08-01 10:25:02 AM,5065.0,17,86105.0,115732988.0
2025-08-01 10:25:05 AM,5065.0,3,15195.0,115748183.0
2025-08-01 10:25:11 AM,5064.5,0,0.0,115748183.0
2025-08-01 10:25:11 AM,5064.5,5,25322.5,115773505.5
2025-08-01 10:25:21 AM,5065.0,0,0.0,115773505.5
2025-08-01 10:25:23 AM,5065.0,6,30390.0,115803895.5
2025-08-01 10:25:29 AM,5065.0,3,15195.0,115819090.5
2025-08-01 10:25:34 AM,5065.0,1,5065.0,115824155.5
2025-08-01 10:25:42 AM,5065.0,6,30390.0,115854545.5
2025-08-01 10:25:48 AM,5065.0,1,5065.0,115859610.5
2025-08-01 10:25:53 AM,5064.5,6,30387.0,115889997.5
2025-08-01 10:25:56 AM,5065.0,0,0.0,115889997.5
2025-08-01 10:25:56 AM,5065.0,1,5065.0,115895062.5
2025-08-01 10:26:02 AM,5065.0,4,20260.0,115915322.5
2025-08-01 10:26:07 AM,5065.0,12,60780.0,115976102.5
2025-08-01 10:26:09 AM,5064.0,0,0.0,115976102.5
2025-08-01 10:26:09 AM,5064.0,5,25320.0,116001422.5
2025-08-01 10:26:32 AM,5064.0,6,30384.0,116031806.5
2025-08-01 10:26:36 AM,5064.0,1,5064.0,116036870.5
2025-08-01 10:26:44 AM,5062.5,0,0.0,116036870.5
2025-08-01 10:26:44 AM,5062.5,6,30375.0,116067245.5
2025-08-01 10:27:02 AM,5060.0,0,0.0,116067245.5
2025-08-01 10:27:04 AM,5060.0,232,1173920.0,117241165.5
2025-08-01 10:27:23 AM,5061.5,0,0.0,117241165.5
2025-08-01 10:27:24 AM,5061.5,4,20246.0,117261411.5
2025-08-01 10:27:32 AM,5061.5,6,30369.0,117291780.5
2025-08-01 10:27:44 AM,5059.5,0,0.0,117291780.5
2025-08-01 10:27:46 AM,5059.5,10,50595.0,117342375.5
2025-08-01 10:27:48 AM,5061.0,0,0.0,117342375.5
2025-08-01 10:27:48 AM,5061.0,50,253050.0,117595425.5
2025-08-01 10:27:50 AM,5059.5,0,0.0,117595425.5
2025-08-01 10:27:51 AM,5061.0,21,106281.0,117701706.5
2025-08-01 10:28:20 AM,5061.5,0,0.0,117701706.5
2025-08-01 10:28:21 AM,5061.5,7,35430.5,117737137.0
2025-08-01 10:28:28 AM,5062.5,0,0.0,117737137.0
2025-08-01 10:28:29 AM,5062.5,80,405000.0,118142137.0
2025-08-01 10:28:33 AM,5061.5,0,0.0,118142137.0
2025-08-01 10:28:35 AM,5061.5,6,30369.0,118172506.0
2025-08-01 10:28:41 AM,5060.0,0,0.0,118172506.0
2025-08-01 10:28:43 AM,5060.0,6,30360.0,118202866.0
2025-08-01 10:28:52 AM,5057.5,40,202300.0,118405166.0
2025-08-01 10:29:24 AM,5059.5,0,0.0,118405166.0
2025-08-01 10:29:25 AM,5059.5,6,30357.0,118435523.0
2025-08-01 10:29:36 AM,5059.5,30,151785.0,118587308.0
2025-08-01 10:29:55 AM,5059.5,6,30357.0,118617665.0
2025-08-01 10:30:04 AM,5059.5,1,5059.5,118622724.5
2025-08-01 10:30:15 AM,5059.5,6,30357.0,118653081.5
2025-08-01 10:30:27 AM,5059.5,4,20238.0,118673319.5
2025-08-01 10:30:46 AM,5060.0,0,0.0,118673319.5
2025-08-01 10:30:47 AM,5060.0,2,10120.0,118683439.5
2025-08-01 10:30:50 AM,5060.0,6,30360.0,118713799.5
2025-08-01 10:30:55 AM,5060.0,1,5060.0,118718859.5
2025-08-01 10:30:59 AM,5059.0,0,0.0,118718859.5
2025-08-01 10:31:01 AM,5059.0,31,156829.0,118875688.5
2025-08-01 10:31:07 AM,5059.0,3,15177.0,118890865.5
2025-08-01 10:31:13 AM,5059.0,12,60708.0,118951573.5
2025-08-01 10:31:16 AM,5059.0,9,45531.0,118997104.5
2025-08-01 10:31:17 AM,5060.0,0,0.0,118997104.5
2025-08-01 10:31:19 AM,5060.0,1,5060.0,119002164.5
2025-08-01 10:31:41 AM,5060.0,6,30360.0,119032524.5
2025-08-01 10:31:45 AM,5060.5,0,0.0,119032524.5
2025-08-01 10:31:46 AM,5060.5,103,521231.5,119553756.0
2025-08-01 10:31:51 AM,5061.0,0,0.0,119553756.0
2025-08-01 10:31:52 AM,5061.5,14,70861.0,119624617.0
2025-08-01 10:32:02 AM,5062.0,5,25310.0,119649927.0
2025-08-01 10:32:09 AM,5063.0,8,40504.0,119690431.0
2025-08-01 10:32:12 AM,5065.0,0,0.0,119690431.0
2025-08-01 10:32:12 AM,5065.0,42,212730.0,119903161.0
2025-08-01 10:32:15 AM,5066.0,0,0.0,119903161.0
2025-08-01 10:32:15 AM,5066.5,0,0.0,119903161.0
2025-08-01 10:32:15 AM,5066.5,105,531982.5,120435143.5
2025-08-01 10:32:22 AM,5066.5,6,30399.0,120465542.5
2025-08-01 10:32:25 AM,5066.5,61,309056.5,120774599.0
2025-08-01 10:32:28 AM,5065.0,656,3322640.0,124097239.0
2025-08-01 10:32:35 AM,5067.5,0,0.0,124097239.0
2025-08-01 10:32:35 AM,5067.5,431,2184092.5,126281331.5
2025-08-01 10:32:35 AM,5068.0,0,0.0,126281331.5
2025-08-01 10:32:38 AM,5068.0,29,146972.0,126428303.5
2025-08-01 10:32:47 AM,5067.5,0,0.0,126428303.5
2025-08-01 10:32:47 AM,5067.5,28,141890.0,126570193.5
2025-08-01 10:32:49 AM,5068.0,13,65884.0,126636077.5
2025-08-01 10:32:52 AM,5067.5,7,35472.5,126671550.0
2025-08-01 10:33:01 AM,5067.5,6,30405.0,126701955.0
2025-08-01 10:33:06 AM,5068.0,5,25340.0,126727295.0
2025-08-01 10:33:08 AM,5067.5,0,0.0,126727295.0
2025-08-01 10:33:09 AM,5067.5,6,30405.0,126757700.0
2025-08-01 10:33:11 AM,5068.0,0,0.0,126757700.0
2025-08-01 10:33:12 AM,5068.0,26,131768.0,126889468.0
2025-08-01 10:33:14 AM,5067.5,0,0.0,126889468.0
2025-08-01 10:33:15 AM,5067.5,34,172295.0,127061763.0
2025-08-01 10:33:20 AM,5065.0,0,0.0,127061763.0
2025-08-01 10:33:21 AM,5065.0,12,60780.0,127122543.0
2025-08-01 10:33:23 AM,5063.0,0,0.0,127122543.0
2025-08-01 10:33:23 AM,5063.0,1,5063.0,127127606.0
2025-08-01 10:33:23 AM,5066.5,0,0.0,127127606.0
2025-08-01 10:33:26 AM,5066.5,96,486384.0,127613990.0
2025-08-01 10:33:34 AM,5066.5,2,10133.0,127624123.0
2025-08-01 10:33:42 AM,5066.5,7,35465.5,127659588.5
2025-08-01 10:33:48 AM,5067.5,0,0.0,127659588.5
2025-08-01 10:33:48 AM,5067.5,11,55742.5,127715331.0
2025-08-01 10:33:51 AM,5067.5,1,5067.5,127720398.5
2025-08-01 10:34:02 AM,5067.5,6,30405.0,127750803.5
2025-08-01 10:34:11 AM,5067.5,14,70945.0,127821748.5
2025-08-01 10:34:12 AM,5070.5,0,0.0,127821748.5
2025-08-01 10:34:13 AM,5070.0,226,1145820.0,128967568.5
2025-08-01 10:34:15 AM,5071.5,0,0.0,128967568.5
2025-08-01 10:34:17 AM,5071.5,2,10143.0,128977711.5
2025-08-01 10:34:19 AM,5070.0,45,228150.0,129205861.5
2025-08-01 10:34:22 AM,5069.5,2,10139.0,129216000.5
2025-08-01 10:34:24 AM,5069.5,1,5069.5,129221070.0
2025-08-01 10:34:33 AM,5070.0,0,0.0,129221070.0
2025-08-01 10:34:33 AM,5070.0,7,35490.0,129256560.0
2025-08-01 10:34:35 AM,5070.5,2,10141.0,129266701.0
2025-08-01 10:34:36 AM,5070.0,0,0.0,129266701.0
2025-08-01 10:34:39 AM,5070.0,2,10140.0,129276841.0
2025-08-01 10:34:41 AM,5070.5,6,30423.0,129307264.0
2025-08-01 10:34:45 AM,5070.5,2,10141.0,129317405.0
2025-08-01 10:34:47 AM,5070.5,9,45634.5,129363039.5
2025-08-01 10:34:50 AM,5070.0,27,136890.0,129499929.5
2025-08-01 10:34:51 AM,5071.0,0,0.0,129499929.5
2025-08-01 10:34:56 AM,5071.0,23,116633.0,129616562.5
2025-08-01 10:34:59 AM,5071.0,4,20284.0,129636846.5
2025-08-01 10:35:00 AM,5071.5,0,0.0,129636846.5
2025-08-01 10:35:02 AM,5071.5,14,71001.0,129707847.5
2025-08-01 10:35:04 AM,5071.0,0,0.0,129707847.5
2025-08-01 10:35:04 AM,5071.0,75,380325.0,130088172.5
2025-08-01 10:35:10 AM,5072.0,84,426048.0,130514220.5
2025-08-01 10:35:12 AM,5072.5,0,0.0,130514220.5
2025-08-01 10:35:14 AM,5072.5,2,10145.0,130524365.5
2025-08-01 10:35:16 AM,5072.5,6,30435.0,130554800.5
2025-08-01 10:35:19 AM,5074.5,33,167458.5,130722259.0
2025-08-01 10:35:21 AM,5074.5,8,40596.0,130762855.0
2025-08-01 10:35:26 AM,5076.0,0,0.0,130762855.0
2025-08-01 10:35:27 AM,5074.5,183,928633.5,131691488.5
2025-08-01 10:35:30 AM,5076.0,0,0.0,131691488.5
2025-08-01 10:35:30 AM,5076.0,6,30456.0,131721944.5
2025-08-01 10:35:32 AM,5077.0,0,0.0,131721944.5
2025-08-01 10:35:32 AM,5077.0,8,40616.0,131762560.5
2025-08-01 10:35:36 AM,5076.5,0,0.0,131762560.5
2025-08-01 10:35:36 AM,5076.5,4,20306.0,131782866.5
2025-08-01 10:35:38 AM,5078.0,0,0.0,131782866.5
2025-08-01 10:35:38 AM,5078.0,131,665218.0,132448084.5
2025-08-01 10:35:41 AM,5077.0,0,0.0,132448084.5
2025-08-01 10:35:42 AM,5077.0,24,121848.0,132569932.5
2025-08-01 10:35:49 AM,5077.0,27,137079.0,132707011.5
2025-08-01 10:35:53 AM,5078.0,0,0.0,132707011.5
2025-08-01 10:35:53 AM,5078.0,125,634750.0,133341761.5
2025-08-01 10:35:55 AM,5078.0,2,10156.0,133351917.5
2025-08-01 10:35:58 AM,5077.0,3,15231.0,133367148.5
2025-08-01 10:36:00 AM,5078.0,6,30468.0,133397616.5
2025-08-01 10:36:04 AM,5078.0,23,116794.0,133514410.5
2025-08-01 10:36:05 AM,5077.0,0,0.0,133514410.5
2025-08-01 10:36:06 AM,5077.0,12,60924.0,133575334.5
2025-08-01 10:36:09 AM,5077.0,14,71078.0,133646412.5
2025-08-01 10:36:12 AM,5077.0,30,152310.0,133798722.5
2025-08-01 10:36:13 AM,5076.5,0,0.0,133798722.5
2025-08-01 10:36:14 AM,5075.5,0,0.0,133798722.5
2025-08-01 10:36:15 AM,5077.0,47,238619.0,134037341.5
2025-08-01 10:36:19 AM,5080.0,0,0.0,134037341.5
2025-08-01 10:36:20 AM,5081.0,0,0.0,134037341.5
2025-08-01 10:36:21 AM,5081.0,133,675773.0,134713114.5
2025-08-01 10:36:22 AM,5078.0,0,0.0,134713114.5
2025-08-01 10:36:23 AM,5081.0,59,299779.0,135012893.5
2025-08-01 10:36:25 AM,5082.0,0,0.0,135012893.5
2025-08-01 10:36:26 AM,5082.0,325,1651650.0,136664543.5
2025-08-01 10:36:31 AM,5081.5,0,0.0,136664543.5
2025-08-01 10:36:32 AM,5081.0,17,86377.0,136750920.5
2025-08-01 10:36:40 AM,5082.0,0,0.0,136750920.5
2025-08-01 10:36:43 AM,5082.0,15,76230.0,136827150.5
2025-08-01 10:36:45 AM,5080.5,0,0.0,136827150.5
2025-08-01 10:36:45 AM,5080.5,48,243864.0,137071014.5
2025-08-01 10:36:48 AM,5080.5,5,25402.5,137096417.0
2025-08-01 10:36:50 AM,5082.0,13,66066.0,137162483.0
2025-08-01 10:36:54 AM,5082.0,12,60984.0,137223467.0
2025-08-01 10:37:01 AM,5082.0,17,86394.0,137309861.0
2025-08-01 10:37:03 AM,5081.0,0,0.0,137309861.0
2025-08-01 10:37:05 AM,5081.0,13,66053.0,137375914.0
2025-08-01 10:37:09 AM,5082.0,0,0.0,137375914.0
2025-08-01 10:37:10 AM,5081.5,20,101630.0,137477544.0
2025-08-01 10:37:12 AM,5082.0,0,0.0,137477544.0
2025-08-01 10:37:12 AM,5082.0,10,50820.0,137528364.0
2025-08-01 10:37:15 AM,5080.5,0,0.0,137528364.0
2025-08-01 10:37:16 AM,5080.5,176,894168.0,138422532.0
2025-08-01 10:37:21 AM,5079.0,0,0.0,138422532.0
2025-08-01 10:37:21 AM,5080.0,1050,5334000.0,143756532.0
2025-08-01 10:37:30 AM,5079.0,0,0.0,143756532.0
2025-08-01 10:37:31 AM,5079.5,0,0.0,143756532.0
2025-08-01 10:37:32 AM,5079.0,24,121896.0,143878428.0
2025-08-01 10:37:41 AM,5079.0,31,157449.0,144035877.0
2025-08-01 10:37:43 AM,5079.0,2,10158.0,144046035.0
2025-08-01 10:37:49 AM,5079.0,18,91422.0,144137457.0
2025-08-01 10:37:51 AM,5079.5,0,0.0,144137457.0
2025-08-01 10:37:51 AM,5079.0,15,76185.0,144213642.0
2025-08-01 10:37:54 AM,5078.5,0,0.0,144213642.0
2025-08-01 10:37:54 AM,5078.5,6,30471.0,144244113.0
2025-08-01 10:38:00 AM,5078.5,2,10157.0,144254270.0
2025-08-01 10:38:01 AM,5078.0,0,0.0,144254270.0
2025-08-01 10:38:03 AM,5078.0,20,101560.0,144355830.0
2025-08-01 10:38:04 AM,5080.5,0,0.0,144355830.0
2025-08-01 10:38:06 AM,5080.5,126,640143.0,144995973.0
2025-08-01 10:38:09 AM,5079.0,16,81264.0,145077237.0
2025-08-01 10:38:12 AM,5082.0,59,299838.0,145377075.0
2025-08-01 10:38:15 AM,5082.0,1,5082.0,145382157.0
2025-08-01 10:38:19 AM,5082.0,32,162624.0,145544781.0
2025-08-01 10:38:21 AM,5082.0,12,60984.0,145605765.0
2025-08-01 10:38:25 AM,5082.0,6,30492.0,145636257.0
2025-08-01 10:38:31 AM,5083.0,19,96577.0,145732834.0
2025-08-01 10:38:33 AM,5082.0,0,0.0,145732834.0
2025-08-01 10:38:34 AM,5082.0,7,35574.0,145768408.0
2025-08-01 10:38:35 AM,5083.0,0,0.0,145768408.0
2025-08-01 10:38:37 AM,5083.0,9,45747.0,145814155.0
2025-08-01 10:38:39 AM,5082.5,0,0.0,145814155.0
2025-08-01 10:38:41 AM,5083.0,0,0.0,145814155.0
2025-08-01 10:38:42 AM,5083.0,22,111826.0,145925981.0
2025-08-01 10:38:48 AM,5082.5,24,121980.0,146047961.0
2025-08-01 10:38:51 AM,5083.0,0,0.0,146047961.0
2025-08-01 10:38:51 AM,5083.0,20,101660.0,146149621.0
2025-08-01 10:38:54 AM,5084.0,178,904952.0,147054573.0
2025-08-01 10:38:59 AM,5084.5,0,0.0,147054573.0
2025-08-01 10:38:59 AM,5084.5,2,10169.0,147064742.0
2025-08-01 10:39:02 AM,5085.0,12,61020.0,147125762.0
2025-08-01 10:39:05 AM,5085.0,6,30510.0,147156272.0
2025-08-01 10:39:08 AM,5084.5,0,0.0,147156272.0
2025-08-01 10:39:10 AM,5083.5,0,0.0,147156272.0
2025-08-01 10:39:10 AM,5084.0,16,81344.0,147237616.0
2025-08-01 10:39:11 AM,5084.5,0,0.0,147237616.0
2025-08-01 10:39:12 AM,5083.5,0,0.0,147237616.0
2025-08-01 10:39:13 AM,5084.0,45,228780.0,147466396.0
2025-08-01 10:39:14 AM,5084.5,0,0.0,147466396.0
2025-08-01 10:39:16 AM,5084.5,16,81352.0,147547748.0
2025-08-01 10:39:21 AM,5083.5,0,0.0,147547748.0
2025-08-01 10:39:21 AM,5083.0,98,498134.0,148045882.0
2025-08-01 10:39:23 AM,5078.5,0,0.0,148045882.0
2025-08-01 10:39:24 AM,5078.5,156,792246.0,148838128.0
2025-08-01 10:39:32 AM,5080.0,0,0.0,148838128.0
2025-08-01 10:39:33 AM,5078.5,0,0.0,148838128.0
2025-08-01 10:39:33 AM,5078.5,25,126962.5,148965090.5
2025-08-01 10:39:38 AM,5078.5,3,15235.5,148980326.0
2025-08-01 10:39:41 AM,5080.5,0,0.0,148980326.0
2025-08-01 10:39:41 AM,5080.5,15,76207.5,149056533.5
2025-08-01 10:39:44 AM,5080.0,0,0.0,149056533.5
2025-08-01 10:39:44 AM,5080.0,8,40640.0,149097173.5
2025-08-01 10:39:50 AM,5079.0,7,35553.0,149132726.5
2025-08-01 10:39:51 AM,5079.5,0,0.0,149132726.5
2025-08-01 10:39:52 AM,5079.5,15,76192.5,149208919.0
2025-08-01 10:39:53 AM,5079.0,0,0.0,149208919.0
2025-08-01 10:39:55 AM,5079.0,8,40632.0,149249551.0
2025-08-01 10:39:56 AM,5078.5,0,0.0,149249551.0
2025-08-01 10:39:58 AM,5078.5,3,15235.5,149264786.5
2025-08-01 10:40:01 AM,5078.5,9,45706.5,149310493.0
2025-08-01 10:40:03 AM,5079.0,0,0.0,149310493.0
2025-08-01 10:40:03 AM,5079.0,10,50790.0,149361283.0
2025-08-01 10:40:08 AM,5078.5,16,81256.0,149442539.0
2025-08-01 10:40:11 AM,5079.0,0,0.0,149442539.0
2025-08-01 10:40:11 AM,5079.0,17,86343.0,149528882.0
2025-08-01 10:40:14 AM,5079.0,23,116817.0,149645699.0
2025-08-01 10:40:20 AM,5079.0,6,30474.0,149676173.0
2025-08-01 10:40:23 AM,5079.0,18,91422.0,149767595.0
2025-08-01 10:40:28 AM,5079.0,13,66027.0,149833622.0
2025-08-01 10:40:31 AM,5079.0,20,101580.0,149935202.0
2025-08-01 10:40:33 AM,5080.0,0,0.0,149935202.0
2025-08-01 10:40:34 AM,5080.0,9,45720.0,149980922.0
2025-08-01 10:40:36 AM,5078.5,1,5078.5,149986000.5
2025-08-01 10:40:39 AM,5078.5,4,20314.0,150006314.5
2025-08-01 10:40:41 AM,5080.0,0,0.0,150006314.5
2025-08-01 10:40:42 AM,5080.0,22,111760.0,150118074.5
2025-08-01 10:40:51 AM,5080.0,19,96520.0,150214594.5
2025-08-01 10:40:53 AM,5080.0,8,40640.0,150255234.5
2025-08-01 10:40:58 AM,5080.0,5,25400.0,150280634.5
2025-08-01 10:41:01 AM,5080.0,19,96520.0,150377154.5
2025-08-01 10:41:04 AM,5080.0,6,30480.0,150407634.5
2025-08-01 10:41:09 AM,5077.0,0,0.0,150407634.5
2025-08-01 10:41:09 AM,5077.0,15,76155.0,150483789.5
2025-08-01 10:41:11 AM,5080.0,0,0.0,150483789.5
2025-08-01 10:41:13 AM,5080.0,21,106680.0,150590469.5
2025-08-01 10:41:20 AM,5078.0,13,66014.0,150656483.5
2025-08-01 10:41:21 AM,5080.0,0,0.0,150656483.5
2025-08-01 10:41:22 AM,5079.5,0,0.0,150656483.5
2025-08-01 10:41:23 AM,5080.0,0,0.0,150656483.5
2025-08-01 10:41:24 AM,5080.0,19,96520.0,150753003.5
2025-08-01 10:41:30 AM,5080.0,12,60960.0,150813963.5
2025-08-01 10:41:31 AM,5080.0,14,71120.0,150885083.5
2025-08-01 10:41:32 AM,5080.5,0,0.0,150885083.5
2025-08-01 10:41:36 AM,5080.0,24,121920.0,151007003.5
2025-08-01 10:41:39 AM,5079.0,0,0.0,151007003.5
2025-08-01 10:41:41 AM,5080.5,0,0.0,151007003.5
2025-08-01 10:41:41 AM,5080.5,19,96529.5,151103533.0
2025-08-01 10:41:43 AM,5080.5,6,30483.0,151134016.0
2025-08-01 10:41:47 AM,5080.5,16,81288.0,151215304.0
2025-08-01 10:41:52 AM,5080.5,11,55885.5,151271189.5
2025-08-01 10:41:53 AM,5080.5,6,30483.0,151301672.5
2025-08-01 10:42:03 AM,5081.5,21,106711.5,151408384.0
2025-08-01 10:42:04 AM,5081.5,4,20326.0,151428710.0
2025-08-01 10:42:08 AM,5082.0,25,127050.0,151555760.0
2025-08-01 10:42:09 AM,5080.5,0,0.0,151555760.0
2025-08-01 10:42:10 AM,5080.5,3,15241.5,151571001.5
2025-08-01 10:42:11 AM,5082.0,0,0.0,151571001.5
2025-08-01 10:42:14 AM,5082.0,22,111804.0,151682805.5
2025-08-01 10:42:20 AM,5082.0,19,96558.0,151779363.5
2025-08-01 10:42:22 AM,5082.0,12,60984.0,151840347.5
2025-08-01 10:42:23 AM,5082.5,0,0.0,151840347.5
2025-08-01 10:42:25 AM,5082.5,6,30495.0,151870842.5
2025-08-01 10:42:31 AM,5083.0,19,96577.0,151967419.5
2025-08-01 10:42:33 AM,5083.0,9,45747.0,152013166.5
2025-08-01 10:42:39 AM,5082.0,0,0.0,152013166.5
2025-08-01 10:42:41 AM,5083.0,0,0.0,152013166.5
2025-08-01 10:42:44 AM,5083.5,0,0.0,152013166.5
2025-08-01 10:42:44 AM,5083.5,26,132171.0,152145337.5
2025-08-01 10:42:50 AM,5083.5,13,66085.5,152211423.0
2025-08-01 10:42:53 AM,5083.0,0,0.0,152211423.0
2025-08-01 10:42:53 AM,5083.0,31,157573.0,152368996.0
2025-08-01 10:43:02 AM,5083.5,0,0.0,152368996.0
2025-08-01 10:43:04 AM,5084.0,16,81344.0,152450340.0
2025-08-01 10:43:05 AM,5083.5,0,0.0,152450340.0
2025-08-01 10:43:06 AM,5083.5,3,15250.5,152465590.5
2025-08-01 10:43:08 AM,5084.5,0,0.0,152465590.5
2025-08-01 10:43:10 AM,5083.0,15,76245.0,152541835.5
2025-08-01 10:43:11 AM,5084.0,10,50840.0,152592675.5
2025-08-01 10:43:15 AM,5084.0,7,35588.0,152628263.5
2025-08-01 10:43:22 AM,5084.0,25,127100.0,152755363.5
2025-08-01 10:43:26 AM,5083.5,0,0.0,152755363.5
2025-08-01 10:43:28 AM,5084.0,0,0.0,152755363.5
2025-08-01 10:43:28 AM,5084.0,15,76260.0,152831623.5
2025-08-01 10:43:30 AM,5083.5,0,0.0,152831623.5
2025-08-01 10:43:31 AM,5084.0,29,147436.0,152979059.5
2025-08-01 10:43:33 AM,5084.0,9,45756.0,153024815.5
2025-08-01 10:43:39 AM,5083.5,4,20334.0,153045149.5
2025-08-01 10:43:42 AM,5084.0,0,0.0,153045149.5
2025-08-01 10:43:42 AM,5084.0,17,86428.0,153131577.5
2025-08-01 10:43:44 AM,5083.5,0,0.0,153131577.5
2025-08-01 10:43:44 AM,5083.5,28,142338.0,153273915.5
2025-08-01 10:43:52 AM,5084.0,0,0.0,153273915.5
2025-08-01 10:43:52 AM,5084.0,74,376216.0,153650131.5
2025-08-01 10:43:54 AM,5086.0,0,0.0,153650131.5
2025-08-01 10:43:54 AM,5086.0,962,4892732.0,158542863.5
2025-08-01 10:43:56 AM,5085.0,0,0.0,158542863.5
2025-08-01 10:43:57 AM,5085.0,2,10170.0,158553033.5
2025-08-01 10:43:58 AM,5086.5,0,0.0,158553033.5
2025-08-01 10:43:59 AM,5086.5,16,81384.0,158634417.5
2025-08-01 10:44:02 AM,5086.0,0,0.0,158634417.5
2025-08-01 10:44:02 AM,5086.0,16,81376.0,158715793.5
2025-08-01 10:44:04 AM,5086.5,0,0.0,158715793.5
2025-08-01 10:44:04 AM,5086.5,6,30519.0,158746312.5
2025-08-01 10:44:07 AM,5086.0,43,218698.0,158965010.5
2025-08-01 10:44:10 AM,5084.5,0,0.0,158965010.5
2025-08-01 10:44:10 AM,5084.5,2,10169.0,158975179.5
2025-08-01 10:44:12 AM,5086.0,0,0.0,158975179.5
2025-08-01 10:44:13 AM,5086.0,18,91548.0,159066727.5
2025-08-01 10:44:21 AM,5086.5,16,81384.0,159148111.5
2025-08-01 10:44:22 AM,5087.0,0,0.0,159148111.5
2025-08-01 10:44:24 AM,5087.0,8,40696.0,159188807.5
2025-08-01 10:44:29 AM,5087.0,17,86479.0,159275286.5
2025-08-01 10:44:32 AM,5088.0,11,55968.0,159331254.5
2025-08-01 10:44:35 AM,5088.0,6,30528.0,159361782.5
2025-08-01 10:44:37 AM,5087.5,0,0.0,159361782.5
2025-08-01 10:44:37 AM,5087.5,2,10175.0,159371957.5
2025-08-01 10:44:38 AM,5088.0,0,0.0,159371957.5
2025-08-01 10:44:39 AM,5087.5,0,0.0,159371957.5
2025-08-01 10:44:40 AM,5087.5,25,127187.5,159499145.0
2025-08-01 10:44:41 AM,5088.0,0,0.0,159499145.0
2025-08-01 10:44:43 AM,5088.0,17,86496.0,159585641.0
2025-08-01 10:44:48 AM,5088.0,14,71232.0,159656873.0
2025-08-01 10:44:49 AM,5087.0,0,0.0,159656873.0
2025-08-01 10:44:51 AM,5086.0,0,0.0,159656873.0
2025-08-01 10:44:51 AM,5086.0,47,239042.0,159895915.0
2025-08-01 10:44:53 AM,5086.0,9,45774.0,159941689.0
2025-08-01 10:44:59 AM,5086.0,5,25430.0,159967119.0
2025-08-01 10:45:01 AM,5086.0,9,45774.0,160012893.0
2025-08-01 10:45:04 AM,5086.0,7,35602.0,160048495.0
2025-08-01 10:45:09 AM,5084.5,0,0.0,160048495.0
2025-08-01 10:45:10 AM,5084.5,3,15253.5,160063748.5
2025-08-01 10:45:12 AM,5085.5,0,0.0,160063748.5
2025-08-01 10:45:13 AM,5083.0,101,513383.0,160577131.5
2025-08-01 10:45:20 AM,5082.5,0,0.0,160577131.5
2025-08-01 10:45:21 AM,5083.0,0,0.0,160577131.5
2025-08-01 10:45:21 AM,5085.5,26,132223.0,160709354.5
2025-08-01 10:45:24 AM,5085.5,6,30513.0,160739867.5
2025-08-01 10:45:32 AM,5085.0,3,15255.0,160755122.5
2025-08-01 10:45:32 AM,5085.5,0,0.0,160755122.5
2025-08-01 10:45:34 AM,5085.5,6,30513.0,160785635.5
2025-08-01 10:45:39 AM,5083.5,0,0.0,160785635.5
2025-08-01 10:45:41 AM,5081.5,0,0.0,160785635.5
2025-08-01 10:45:42 AM,5084.0,0,0.0,160785635.5
2025-08-01 10:45:42 AM,5084.0,41,208444.0,160994079.5
2025-08-01 10:45:47 AM,5080.0,0,0.0,160994079.5
2025-08-01 10:45:48 AM,5080.0,2,10160.0,161004239.5
2025-08-01 10:45:50 AM,5077.5,0,0.0,161004239.5
2025-08-01 10:45:51 AM,5078.5,88,446908.0,161451147.5
2025-08-01 10:45:53 AM,5078.5,8,40628.0,161491775.5
2025-08-01 10:45:56 AM,5076.5,0,0.0,161491775.5
2025-08-01 10:45:56 AM,5076.5,2,10153.0,161501928.5
2025-08-01 10:46:03 AM,5076.0,0,0.0,161501928.5
2025-08-01 10:46:03 AM,5076.0,16,81216.0,161583144.5
2025-08-01 10:46:09 AM,5076.5,0,0.0,161583144.5
2025-08-01 10:46:09 AM,5076.5,2,10153.0,161593297.5
2025-08-01 10:46:10 AM,5075.0,0,0.0,161593297.5
2025-08-01 10:46:11 AM,5075.5,0,0.0,161593297.5
2025-08-01 10:46:13 AM,5075.5,59,299454.5,161892752.0
2025-08-01 10:46:21 AM,5075.5,28,142114.0,162034866.0
2025-08-01 10:46:25 AM,5075.5,6,30453.0,162065319.0
2025-08-01 10:46:30 AM,5073.0,5,25365.0,162090684.0
2025-08-01 10:46:32 AM,5075.5,0,0.0,162090684.0
2025-08-01 10:46:32 AM,5075.5,10,50755.0,162141439.0
2025-08-01 10:46:34 AM,5074.0,0,0.0,162141439.0
2025-08-01 10:46:36 AM,5075.5,11,55830.5,162197269.5
2025-08-01 10:46:40 AM,5074.0,0,0.0,162197269.5
2025-08-01 10:46:42 AM,5075.5,12,60906.0,162258175.5
2025-08-01 10:46:43 AM,5075.5,6,30453.0,162288628.5
2025-08-01 10:46:48 AM,5075.5,9,45679.5,162334308.0
2025-08-01 10:46:50 AM,5073.5,0,0.0,162334308.0
2025-08-01 10:46:53 AM,5076.5,41,208136.5,162542444.5
2025-08-01 10:47:02 AM,5077.0,0,0.0,162542444.5
2025-08-01 10:47:03 AM,5077.0,16,81232.0,162623676.5
2025-08-01 10:47:09 AM,5074.0,2,10148.0,162633824.5
2025-08-01 10:47:13 AM,5077.0,0,0.0,162633824.5
2025-08-01 10:47:14 AM,5077.0,8,40616.0,162674440.5
2025-08-01 10:47:21 AM,5076.5,0,0.0,162674440.5
2025-08-01 10:47:21 AM,5076.5,8,40612.0,162715052.5
2025-08-01 10:47:24 AM,5077.0,0,0.0,162715052.5
2025-08-01 10:47:25 AM,5077.0,6,30462.0,162745514.5
2025-08-01 10:47:28 AM,5077.5,0,0.0,162745514.5
2025-08-01 10:47:30 AM,5077.5,14,71085.0,162816599.5
2025-08-01 10:47:32 AM,5077.5,9,45697.5,162862297.0
2025-08-01 10:47:39 AM,5075.0,0,0.0,162862297.0
2025-08-01 10:47:41 AM,5077.0,11,55847.0,162918144.0
2025-08-01 10:47:42 AM,5077.5,0,0.0,162918144.0
2025-08-01 10:47:43 AM,5077.5,6,30465.0,162948609.0
2025-08-01 10:47:49 AM,5077.5,13,66007.5,163014616.5
2025-08-01 10:47:52 AM,5075.5,21,106585.5,163121202.0
2025-08-01 10:47:54 AM,5077.5,0,0.0,163121202.0
2025-08-01 10:47:54 AM,5077.5,6,30465.0,163151667.0
2025-08-01 10:48:05 AM,5077.5,9,45697.5,163197364.5
2025-08-01 10:48:08 AM,5078.0,0,0.0,163197364.5
2025-08-01 10:48:08 AM,5078.0,32,162496.0,163359860.5
2025-08-01 10:48:09 AM,5075.5,0,0.0,163359860.5
2025-08-01 10:48:10 AM,5075.5,3,15226.5,163375087.0
2025-08-01 10:48:13 AM,5077.5,0,0.0,163375087.0
2025-08-01 10:48:13 AM,5077.5,6,30465.0,163405552.0
2025-08-01 10:48:20 AM,5076.0,0,0.0,163405552.0
2025-08-01 10:48:21 AM,5076.0,23,116748.0,163522300.0
2025-08-01 10:48:23 AM,5077.0,0,0.0,163522300.0
2025-08-01 10:48:24 AM,5077.0,6,30462.0,163552762.0
2025-08-01 10:48:25 AM,5073.5,0,0.0,163552762.0
2025-08-01 10:48:26 AM,5073.5,80,405880.0,163958642.0
2025-08-01 10:48:33 AM,5076.0,0,0.0,163958642.0
2025-08-01 10:48:35 AM,5076.0,7,35532.0,163994174.0
2025-08-01 10:48:39 AM,5074.0,0,0.0,163994174.0
2025-08-01 10:48:41 AM,5074.0,8,40592.0,164034766.0
2025-08-01 10:48:43 AM,5076.5,6,30459.0,164065225.0
2025-08-01 10:48:48 AM,5077.0,0,0.0,164065225.0
2025-08-01 10:48:48 AM,5077.0,14,71078.0,164136303.0
2025-08-01 10:48:57 AM,5077.0,6,30462.0,164166765.0
2025-08-01 10:49:03 AM,5076.5,12,60918.0,164227683.0
2025-08-01 10:49:08 AM,5077.0,0,0.0,164227683.0
2025-08-01 10:49:08 AM,5077.0,13,66001.0,164293684.0
2025-08-01 10:49:09 AM,5074.5,0,0.0,164293684.0
2025-08-01 10:49:10 AM,5074.5,12,60894.0,164354578.0
2025-08-01 10:49:13 AM,5077.0,0,0.0,164354578.0
2025-08-01 10:49:14 AM,5077.0,11,55847.0,164410425.0
2025-08-01 10:49:19 AM,5074.5,20,101490.0,164511915.0
2025-08-01 10:49:20 AM,5074.5,5,25372.5,164537287.5
2025-08-01 10:49:23 AM,5076.5,0,0.0,164537287.5
2025-08-01 10:49:24 AM,5076.5,6,30459.0,164567746.5
2025-08-01 10:49:28 AM,5074.0,0,0.0,164567746.5
2025-08-01 10:49:29 AM,5074.0,6,30444.0,164598190.5
2025-08-01 10:49:30 AM,5076.0,0,0.0,164598190.5
2025-08-01 10:49:31 AM,5076.0,1,5076.0,164603266.5
2025-08-01 10:49:33 AM,5076.5,0,0.0,164603266.5
2025-08-01 10:49:35 AM,5076.5,6,30459.0,164633725.5
2025-08-01 10:49:39 AM,5075.0,0,0.0,164633725.5
2025-08-01 10:49:40 AM,5076.5,0,0.0,164633725.5
2025-08-01 10:49:40 AM,5076.5,15,76147.5,164709873.0
2025-08-01 10:49:45 AM,5076.5,6,30459.0,164740332.0
2025-08-01 10:49:47 AM,5074.0,3,15222.0,164755554.0
2025-08-01 10:49:48 AM,5076.5,0,0.0,164755554.0
2025-08-01 10:49:51 AM,5074.5,13,65968.5,164821522.5
2025-08-01 10:49:53 AM,5077.5,0,0.0,164821522.5
2025-08-01 10:49:56 AM,5077.5,6,30465.0,164851987.5
2025-08-01 10:50:02 AM,5077.5,6,30465.0,164882452.5
2025-08-01 10:50:03 AM,5077.5,6,30465.0,164912917.5
2025-08-01 10:50:08 AM,5077.0,0,0.0,164912917.5
2025-08-01 10:50:08 AM,5077.0,13,66001.0,164978918.5
2025-08-01 10:50:09 AM,5075.0,0,0.0,164978918.5
2025-08-01 10:50:13 AM,5077.0,14,71078.0,165049996.5
2025-08-01 10:50:21 AM,5076.5,0,0.0,165049996.5
2025-08-01 10:50:23 AM,5077.0,0,0.0,165049996.5
2025-08-01 10:50:24 AM,5077.0,13,66001.0,165115997.5
2025-08-01 10:50:28 AM,5077.5,0,0.0,165115997.5
2025-08-01 10:50:30 AM,5077.5,6,30465.0,165146462.5
2025-08-01 10:50:35 AM,5077.5,6,30465.0,165176927.5
2025-08-01 10:50:39 AM,5076.0,0,0.0,165176927.5
2025-08-01 10:50:41 AM,5077.5,9,45697.5,165222625.0
2025-08-01 10:50:45 AM,5074.5,0,0.0,165222625.0
2025-08-01 10:50:46 AM,5074.5,25,126862.5,165349487.5
2025-08-01 10:50:48 AM,5076.0,0,0.0,165349487.5
2025-08-01 10:50:51 AM,5075.0,0,0.0,165349487.5
2025-08-01 10:50:52 AM,5075.0,17,86275.0,165435762.5
2025-08-01 10:51:04 AM,5075.0,6,30450.0,165466212.5
2025-08-01 10:51:09 AM,5074.0,16,81184.0,165547396.5
2025-08-01 10:51:12 AM,5074.5,0,0.0,165547396.5
2025-08-01 10:51:14 AM,5075.0,0,0.0,165547396.5
2025-08-01 10:51:15 AM,5074.5,30,152235.0,165699631.5
2025-08-01 10:51:20 AM,5072.0,0,0.0,165699631.5
2025-08-01 10:51:21 AM,5074.5,51,258799.5,165958431.0
2025-08-01 10:51:26 AM,5074.5,7,35521.5,165993952.5
2025-08-01 10:51:34 AM,5074.0,0,0.0,165993952.5
2025-08-01 10:51:37 AM,5074.0,7,35518.0,166029470.5
2025-08-01 10:51:40 AM,5072.5,0,0.0,166029470.5
2025-08-01 10:51:42 AM,5074.0,0,0.0,166029470.5
2025-08-01 10:51:42 AM,5074.0,16,81184.0,166110654.5
2025-08-01 10:51:46 AM,5072.5,0,0.0,166110654.5
2025-08-01 10:51:48 AM,5074.0,0,0.0,166110654.5
2025-08-01 10:51:48 AM,5074.0,19,96406.0,166207060.5
2025-08-01 10:51:53 AM,5074.0,6,30444.0,166237504.5
2025-08-01 10:51:54 AM,5073.0,0,0.0,166237504.5
2025-08-01 10:51:58 AM,5073.0,16,81168.0,166318672.5
2025-08-01 10:52:02 AM,5074.0,0,0.0,166318672.5
2025-08-01 10:52:04 AM,5074.0,7,35518.0,166354190.5
2025-08-01 10:52:06 AM,5072.0,0,0.0,166354190.5
2025-08-01 10:52:09 AM,5072.0,9,45648.0,166399838.5
2025-08-01 10:52:14 AM,5072.0,33,167376.0,166567214.5
2025-08-01 10:52:16 AM,5070.5,0,0.0,166567214.5
2025-08-01 10:52:21 AM,5071.0,13,65923.0,166633137.5
2025-08-01 10:52:24 AM,5072.0,0,0.0,166633137.5
2025-08-01 10:52:26 AM,5072.0,6,30432.0,166663569.5
2025-08-01 10:52:31 AM,5072.0,1,5072.0,166668641.5
2025-08-01 10:52:36 AM,5072.0,6,30432.0,166699073.5
2025-08-01 10:52:40 AM,5071.5,0,0.0,166699073.5
2025-08-01 10:52:41 AM,5071.5,80,405720.0,167104793.5
2025-08-01 10:52:42 AM,5071.5,6,30429.0,167135222.5
2025-08-01 10:52:44 AM,5070.5,0,0.0,167135222.5
2025-08-01 10:52:47 AM,5070.5,1,5070.5,167140293.0
2025-08-01 10:52:52 AM,5070.0,0,0.0,167140293.0
2025-08-01 10:52:52 AM,5071.0,8,40568.0,167180861.0
2025-08-01 10:52:53 AM,5071.0,6,30426.0,167211287.0
2025-08-01 10:52:57 AM,5072.0,6,30432.0,167241719.0
2025-08-01 10:52:58 AM,5072.0,2,10144.0,167251863.0
2025-08-01 10:53:00 AM,5072.5,0,0.0,167251863.0
2025-08-01 10:53:02 AM,5073.0,0,0.0,167251863.0
2025-08-01 10:53:03 AM,5073.0,11,55803.0,167307666.0
2025-08-01 10:53:08 AM,5073.0,6,30438.0,167338104.0
2025-08-01 10:53:08 AM,5072.5,0,0.0,167338104.0
2025-08-01 10:53:09 AM,5072.0,15,76080.0,167414184.0
2025-08-01 10:53:10 AM,5072.5,0,0.0,167414184.0
2025-08-01 10:53:13 AM,5072.5,16,81160.0,167495344.0
2025-08-01 10:53:14 AM,5072.5,7,35507.5,167530851.5
2025-08-01 10:53:18 AM,5072.5,7,35507.5,167566359.0
2025-08-01 10:53:19 AM,5072.5,3,15217.5,167581576.5
2025-08-01 10:53:22 AM,5071.0,0,0.0,167581576.5
2025-08-01 10:53:22 AM,5072.5,0,0.0,167581576.5
2025-08-01 10:53:24 AM,5071.0,0,0.0,167581576.5
2025-08-01 10:53:24 AM,5071.0,15,76065.0,167657641.5
2025-08-01 10:53:25 AM,5071.0,2,10142.0,167667783.5
2025-08-01 10:53:28 AM,5072.5,0,0.0,167667783.5
2025-08-01 10:53:29 AM,5071.0,7,35497.0,167703280.5
2025-08-01 10:53:30 AM,5071.0,7,35497.0,167738777.5
2025-08-01 10:53:32 AM,5071.5,0,0.0,167738777.5
2025-08-01 10:53:32 AM,5072.0,0,0.0,167738777.5
2025-08-01 10:53:35 AM,5069.5,18,91251.0,167830028.5
2025-08-01 10:53:35 AM,5069.5,1,5069.5,167835098.0
2025-08-01 10:53:40 AM,5070.0,0,0.0,167835098.0
2025-08-01 10:53:40 AM,5070.0,11,55770.0,167890868.0
2025-08-01 10:53:40 AM,5070.0,7,35490.0,167926358.0
2025-08-01 10:53:42 AM,5070.5,0,0.0,167926358.0
2025-08-01 10:53:45 AM,5070.5,7,35493.5,167961851.5
2025-08-01 10:53:50 AM,5070.0,0,0.0,167961851.5
2025-08-01 10:53:50 AM,5070.5,8,40564.0,168002415.5
2025-08-01 10:53:51 AM,5070.5,5,25352.5,168027768.0
2025-08-01 10:53:56 AM,5070.5,6,30423.0,168058191.0
2025-08-01 10:54:00 AM,5070.0,0,0.0,168058191.0
2025-08-01 10:54:01 AM,5070.0,50,253500.0,168311691.0
2025-08-01 10:54:04 AM,5070.5,0,0.0,168311691.0
2025-08-01 10:54:06 AM,5070.5,7,35493.5,168347184.5
2025-08-01 10:54:08 AM,5070.0,0,0.0,168347184.5
2025-08-01 10:54:08 AM,5070.5,0,0.0,168347184.5
2025-08-01 10:54:10 AM,5069.0,0,0.0,168347184.5
2025-08-01 10:54:12 AM,5070.5,0,0.0,168347184.5
2025-08-01 10:54:12 AM,5070.5,19,96339.5,168443524.0
2025-08-01 10:54:17 AM,5070.5,41,207890.5,168651414.5
2025-08-01 10:54:23 AM,5070.5,17,86198.5,168737613.0
2025-08-01 10:54:28 AM,5069.5,0,0.0,168737613.0
2025-08-01 10:54:28 AM,5070.5,0,0.0,168737613.0
2025-08-01 10:54:28 AM,5070.5,13,65916.5,168803529.5
2025-08-01 10:54:33 AM,5070.5,17,86198.5,168889728.0
2025-08-01 10:54:39 AM,5070.0,3,15210.0,168904938.0
2025-08-01 10:54:42 AM,5070.5,0,0.0,168904938.0
2025-08-01 10:54:42 AM,5071.0,0,0.0,168904938.0
2025-08-01 10:54:44 AM,5071.0,12,60852.0,168965790.0
2025-08-01 10:54:49 AM,5071.0,12,60852.0,169026642.0
2025-08-01 10:54:54 AM,5071.0,12,60852.0,169087494.0
2025-08-01 10:55:02 AM,5070.5,0,0.0,169087494.0
2025-08-01 10:55:04 AM,5071.0,0,0.0,169087494.0
2025-08-01 10:55:05 AM,5071.0,5,25355.0,169112849.0
2025-08-01 10:55:10 AM,5070.5,0,0.0,169112849.0
2025-08-01 10:55:10 AM,5070.5,13,65916.5,169178765.5
2025-08-01 10:55:11 AM,5071.0,12,60852.0,169239617.5
2025-08-01 10:55:21 AM,5071.0,1,5071.0,169244688.5
2025-08-01 10:55:26 AM,5071.0,17,86207.0,169330895.5
2025-08-01 10:55:30 AM,5070.5,0,0.0,169330895.5
2025-08-01 10:55:32 AM,5071.0,0,0.0,169330895.5
2025-08-01 10:55:32 AM,5071.0,46,233266.0,169564161.5
2025-08-01 10:55:38 AM,5069.0,5,25345.0,169589506.5
2025-08-01 10:55:43 AM,5069.0,6,30414.0,169619920.5
2025-08-01 10:55:52 AM,5071.5,0,0.0,169619920.5
2025-08-01 10:55:54 AM,5071.5,6,30429.0,169650349.5
2025-08-01 10:55:54 AM,5071.0,0,0.0,169650349.5
2025-08-01 10:55:55 AM,5071.0,11,55781.0,169706130.5
2025-08-01 10:56:04 AM,5072.0,0,0.0,169706130.5
2025-08-01 10:56:04 AM,5072.0,32,162304.0,169868434.5
2025-08-01 10:56:08 AM,5073.5,0,0.0,169868434.5
2025-08-01 10:56:08 AM,5072.5,0,0.0,169868434.5
2025-08-01 10:56:09 AM,5070.0,91,461370.0,170329804.5
2025-08-01 10:56:14 AM,5071.5,0,0.0,170329804.5
2025-08-01 10:56:14 AM,5071.5,16,81144.0,170410948.5
2025-08-01 10:56:25 AM,5071.5,5,25357.5,170436306.0
2025-08-01 10:56:30 AM,5069.5,10,50695.0,170487001.0
2025-08-01 10:56:38 AM,5071.5,0,0.0,170487001.0
2025-08-01 10:56:40 AM,5070.0,0,0.0,170487001.0
2025-08-01 10:56:41 AM,5070.0,10,50700.0,170537701.0
2025-08-01 10:56:42 AM,5071.5,0,0.0,170537701.0
2025-08-01 10:56:42 AM,5071.5,6,30429.0,170568130.0
2025-08-01 10:56:48 AM,5072.0,0,0.0,170568130.0
2025-08-01 10:56:51 AM,5072.0,11,55792.0,170623922.0
2025-08-01 10:57:02 AM,5072.0,6,30432.0,170654354.0
2025-08-01 10:57:08 AM,5073.0,0,0.0,170654354.0
2025-08-01 10:57:08 AM,5073.0,13,65949.0,170720303.0
2025-08-01 10:57:10 AM,5071.5,0,0.0,170720303.0
2025-08-01 10:57:12 AM,5073.0,0,0.0,170720303.0
2025-08-01 10:57:12 AM,5073.0,4,20292.0,170740595.0
2025-08-01 10:57:16 AM,5071.5,0,0.0,170740595.0
2025-08-01 10:57:17 AM,5072.5,59,299277.5,171039872.5
2025-08-01 10:57:30 AM,5072.0,0,0.0,171039872.5
2025-08-01 10:57:32 AM,5072.5,0,0.0,171039872.5
2025-08-01 10:57:34 AM,5072.5,50,253625.0,171293497.5
2025-08-01 10:57:39 AM,5072.0,3,15216.0,171308713.5
2025-08-01 10:57:44 AM,5072.0,6,30432.0,171339145.5
2025-08-01 10:57:48 AM,5072.5,0,0.0,171339145.5
2025-08-01 10:57:50 AM,5072.5,5,25362.5,171364508.0
2025-08-01 10:57:50 AM,5072.5,6,30435.0,171394943.0
2025-08-01 10:57:54 AM,5073.0,0,0.0,171394943.0
2025-08-01 10:57:55 AM,5073.0,302,1532046.0,172926989.0
2025-08-01 10:58:01 AM,5074.5,5,25372.5,172952361.5
2025-08-01 10:58:06 AM,5074.5,19,96415.5,173048777.0
2025-08-01 10:58:08 AM,5076.0,0,0.0,173048777.0
2025-08-01 10:58:10 AM,5074.0,0,0.0,173048777.0
2025-08-01 10:58:11 AM,5074.5,34,172533.0,173221310.0
2025-08-01 10:58:26 AM,5070.5,0,0.0,173221310.0
2025-08-01 10:58:27 AM,5070.5,234,1186497.0,174407807.0
2025-08-01 10:58:30 AM,5072.0,0,0.0,174407807.0
2025-08-01 10:58:33 AM,5072.0,1,5072.0,174412879.0
2025-08-01 10:58:34 AM,5074.0,0,0.0,174412879.0
2025-08-01 10:58:38 AM,5073.0,0,0.0,174412879.0
2025-08-01 10:58:38 AM,5073.0,46,233358.0,174646237.0
2025-08-01 10:58:40 AM,5071.0,0,0.0,174646237.0
2025-08-01 10:58:44 AM,5071.0,9,45639.0,174691876.0
2025-08-01 10:58:48 AM,5074.0,0,0.0,174691876.0
2025-08-01 10:58:49 AM,5074.0,13,65962.0,174757838.0
2025-08-01 10:59:00 AM,5074.0,6,30444.0,174788282.0
2025-08-01 10:59:10 AM,5072.5,0,0.0,174788282.0
2025-08-01 10:59:10 AM,5072.5,16,81160.0,174869442.0
2025-08-01 10:59:10 AM,5072.5,2,10145.0,174879587.0
2025-08-01 10:59:20 AM,5073.0,5,25365.0,174904952.0
2025-08-01 10:59:28 AM,5074.0,0,0.0,174904952.0
2025-08-01 10:59:28 AM,5075.0,0,0.0,174904952.0
2025-08-01 10:59:30 AM,5075.0,17,86275.0,174991227.0
2025-08-01 10:59:30 AM,5075.0,1,5075.0,174996302.0
2025-08-01 10:59:40 AM,5073.5,0,0.0,174996302.0
2025-08-01 10:59:41 AM,5073.5,9,45661.5,175041963.5
2025-08-01 10:59:48 AM,5074.5,0,0.0,175041963.5
2025-08-01 10:59:52 AM,5074.5,15,76117.5,175118081.0
2025-08-01 10:59:56 AM,5075.0,0,0.0,175118081.0
2025-08-01 10:59:57 AM,5075.0,9,45675.0,175163756.0
2025-08-01 11:00:00 AM,5073.0,0,0.0,175163756.0
2025-08-01 11:00:03 AM,5075.0,37,187775.0,175351531.0
2025-08-01 11:00:09 AM,5073.0,13,65949.0,175417480.0
2025-08-01 11:00:20 AM,5073.5,6,30441.0,175447921.0
2025-08-01 11:00:29 AM,5075.0,0,0.0,175447921.0
2025-08-01 11:00:31 AM,5075.0,16,81200.0,175529121.0
2025-08-01 11:00:33 AM,5073.5,0,0.0,175529121.0
2025-08-01 11:00:36 AM,5073.5,19,96396.5,175625517.5
2025-08-01 11:00:42 AM,5073.5,28,142058.0,175767575.5
2025-08-01 11:00:42 AM,5072.5,10,50725.0,175818300.5
2025-08-01 11:00:47 AM,5072.5,36,182610.0,176000910.5
2025-08-01 11:00:51 AM,5070.5,0,0.0,176000910.5
2025-08-01 11:00:52 AM,5070.5,5,25352.5,176026263.0
2025-08-01 11:00:57 AM,5071.5,0,0.0,176026263.0
2025-08-01 11:00:57 AM,5071.5,5,25357.5,176051620.5
2025-08-01 11:01:02 AM,5071.5,17,86215.5,176137836.0
2025-08-01 11:01:03 AM,5071.5,196,994014.0,177131850.0
2025-08-01 11:01:07 AM,5072.5,0,0.0,177131850.0
2025-08-01 11:01:08 AM,5072.5,12,60870.0,177192720.0
2025-08-01 11:01:13 AM,5073.0,0,0.0,177192720.0
2025-08-01 11:01:14 AM,5073.0,7,35511.0,177228231.0
2025-08-01 11:01:15 AM,5073.5,0,0.0,177228231.0
2025-08-01 11:01:19 AM,5073.5,36,182646.0,177410877.0
2025-08-01 11:01:21 AM,5074.5,0,0.0,177410877.0
2025-08-01 11:01:24 AM,5072.0,56,284032.0,177694909.0
2025-08-01 11:01:29 AM,5072.0,7,35504.0,177730413.0
2025-08-01 11:01:30 AM,5071.0,5,25355.0,177755768.0
2025-08-01 11:01:33 AM,5074.0,0,0.0,177755768.0
2025-08-01 11:01:34 AM,5074.0,41,208034.0,177963802.0
2025-08-01 11:01:35 AM,5071.0,0,0.0,177963802.0
2025-08-01 11:01:35 AM,5071.0,150,760650.0,178724452.0
2025-08-01 11:01:39 AM,5073.5,0,0.0,178724452.0
2025-08-01 11:01:40 AM,5073.5,13,65955.5,178790407.5
2025-08-01 11:01:50 AM,5072.5,7,35507.5,178825915.0
2025-08-01 11:01:51 AM,5073.5,0,0.0,178825915.0
2025-08-01 11:01:51 AM,5073.5,7,35514.5,178861429.5
2025-08-01 11:02:01 AM,5073.5,6,30441.0,178891870.5
2025-08-01 11:02:07 AM,5073.0,0,0.0,178891870.5
2025-08-01 11:02:11 AM,5073.5,22,111617.0,179003487.5
2025-08-01 11:02:16 AM,5073.5,5,25367.5,179028855.0
2025-08-01 11:02:22 AM,5073.5,23,116690.5,179145545.5
2025-08-01 11:02:27 AM,5073.5,5,25367.5,179170913.0
2025-08-01 11:02:28 AM,5074.5,3,15223.5,179186136.5
2025-08-01 11:02:33 AM,5074.5,5,25372.5,179211509.0
2025-08-01 11:02:39 AM,5074.0,0,0.0,179211509.0
2025-08-01 11:02:39 AM,5074.0,3,15222.0,179226731.0
2025-08-01 11:02:40 AM,5074.0,5,25370.0,179252101.0
2025-08-01 11:02:49 AM,5075.5,0,0.0,179252101.0
2025-08-01 11:02:50 AM,5075.5,12,60906.0,179313007.0
2025-08-01 11:03:01 AM,5075.5,6,30453.0,179343460.0
2025-08-01 11:03:09 AM,5073.5,0,0.0,179343460.0
2025-08-01 11:03:10 AM,5073.5,17,86249.5,179429709.5
2025-08-01 11:03:11 AM,5075.5,13,65981.5,179495691.0
2025-08-01 11:03:17 AM,5075.5,11,55830.5,179551521.5
2025-08-01 11:03:22 AM,5075.5,6,30453.0,179581974.5
2025-08-01 11:03:30 AM,5073.5,16,81176.0,179663150.5
2025-08-01 11:03:35 AM,5075.5,0,0.0,179663150.5
2025-08-01 11:03:38 AM,5075.5,2,10151.0,179673301.5
2025-08-01 11:03:39 AM,5074.0,0,0.0,179673301.5
2025-08-01 11:03:41 AM,5074.0,9,45666.0,179718967.5
2025-08-01 11:03:49 AM,5075.5,0,0.0,179718967.5
2025-08-01 11:03:49 AM,5075.5,9,45679.5,179764647.0
2025-08-01 11:04:01 AM,5074.0,0,0.0,179764647.0
2025-08-01 11:04:02 AM,5074.0,32,162368.0,179927015.0
2025-08-01 11:04:07 AM,5073.5,0,0.0,179927015.0
2025-08-01 11:04:07 AM,5073.5,3,15220.5,179942235.5
2025-08-01 11:04:10 AM,5074.0,9,45666.0,179987901.5
2025-08-01 11:04:11 AM,5075.0,0,0.0,179987901.5
2025-08-01 11:04:13 AM,5075.0,25,126875.0,180114776.5
2025-08-01 11:04:17 AM,5074.5,0,0.0,180114776.5
2025-08-01 11:04:18 AM,5074.5,19,96415.5,180211192.0
2025-08-01 11:04:28 AM,5074.5,19,96415.5,180307607.5
2025-08-01 11:04:35 AM,5075.5,0,0.0,180307607.5
2025-08-01 11:04:35 AM,5075.5,5,25377.5,180332985.0
2025-08-01 11:04:39 AM,5074.0,0,0.0,180332985.0
2025-08-01 11:04:40 AM,5074.0,9,45666.0,180378651.0
2025-08-01 11:04:42 AM,5075.5,0,0.0,180378651.0
2025-08-01 11:04:43 AM,5075.5,5,25377.5,180404028.5
2025-08-01 11:04:49 AM,5075.5,13,65981.5,180470010.0
2025-08-01 11:04:59 AM,5073.5,0,0.0,180470010.0
2025-08-01 11:05:00 AM,5073.5,27,136984.5,180606994.5
2025-08-01 11:05:09 AM,5072.5,0,0.0,180606994.5
2025-08-01 11:05:10 AM,5073.0,12,60876.0,180667870.5
2025-08-01 11:05:17 AM,5073.5,0,0.0,180667870.5
2025-08-01 11:05:17 AM,5073.5,2,10147.0,180678017.5
2025-08-01 11:05:25 AM,5073.0,0,0.0,180678017.5
2025-08-01 11:05:26 AM,5072.0,99,502128.0,181180145.5
2025-08-01 11:05:27 AM,5071.5,0,0.0,181180145.5
2025-08-01 11:05:28 AM,5071.5,6,30429.0,181210574.5
2025-08-01 11:05:31 AM,5068.5,0,0.0,181210574.5
2025-08-01 11:05:32 AM,5068.5,830,4206855.0,185417429.5
2025-08-01 11:05:39 AM,5067.0,4,20268.0,185437697.5
2025-08-01 11:05:43 AM,5067.0,6,30402.0,185468099.5
2025-08-01 11:05:58 AM,5067.5,0,0.0,185468099.5
2025-08-01 11:05:59 AM,5067.5,5,25337.5,185493437.0
2025-08-01 11:06:00 AM,5067.5,5,25337.5,185518774.5
2025-08-01 11:06:08 AM,5068.5,0,0.0,185518774.5
2025-08-01 11:06:09 AM,5067.0,0,0.0,185518774.5
2025-08-01 11:06:09 AM,5067.0,14,70938.0,185589712.5
2025-08-01 11:06:18 AM,5069.0,0,0.0,185589712.5
2025-08-01 11:06:19 AM,5069.0,82,415658.0,186005370.5
2025-08-01 11:06:20 AM,5068.0,0,0.0,186005370.5
2025-08-01 11:06:21 AM,5068.0,3,15204.0,186020574.5
2025-08-01 11:06:26 AM,5068.0,9,45612.0,186066186.5
2025-08-01 11:06:28 AM,5069.5,0,0.0,186066186.5
2025-08-01 11:06:28 AM,5069.5,14,70973.0,186137159.5
2025-08-01 11:06:35 AM,5069.5,1,5069.5,186142229.0
2025-08-01 11:06:39 AM,5068.5,4,20274.0,186162503.0
2025-08-01 11:06:41 AM,5068.5,6,30411.0,186192914.0
2025-08-01 11:06:49 AM,5070.5,0,0.0,186192914.0
2025-08-01 11:06:51 AM,5070.5,13,65916.5,186258830.5
2025-08-01 11:06:55 AM,5068.5,0,0.0,186258830.5
2025-08-01 11:06:56 AM,5069.5,0,0.0,186258830.5
2025-08-01 11:06:57 AM,5069.5,29,147015.5,186405846.0
2025-08-01 11:06:58 AM,5069.5,2,10139.0,186415985.0
2025-08-01 11:07:09 AM,5068.0,2,10136.0,186426121.0
2025-08-01 11:07:13 AM,5068.0,7,35476.0,186461597.0
2025-08-01 11:07:19 AM,5068.5,0,0.0,186461597.0
2025-08-01 11:07:19 AM,5068.5,5,25342.5,186486939.5
2025-08-01 11:07:23 AM,5068.5,7,35479.5,186522419.0
2025-08-01 11:07:29 AM,5069.5,0,0.0,186522419.0
2025-08-01 11:07:29 AM,5069.5,14,70973.0,186593392.0
2025-08-01 11:07:31 AM,5068.0,0,0.0,186593392.0
2025-08-01 11:07:31 AM,5067.0,0,0.0,186593392.0
2025-08-01 11:07:34 AM,5067.0,106,537102.0,187130494.0
2025-08-01 11:07:39 AM,5065.0,0,0.0,187130494.0
2025-08-01 11:07:40 AM,5065.0,4,20260.0,187150754.0
2025-08-01 11:07:41 AM,5065.0,6,30390.0,187181144.0
2025-08-01 11:07:45 AM,5065.0,1,5065.0,187186209.0
2025-08-01 11:07:53 AM,5064.5,0,0.0,187186209.0
2025-08-01 11:07:56 AM,5064.5,13,65838.5,187252047.5
2025-08-01 11:08:09 AM,5062.0,0,0.0,187252047.5
2025-08-01 11:08:12 AM,5062.0,7,35434.0,187287481.5
2025-08-01 11:08:15 AM,5061.5,0,0.0,187287481.5
2025-08-01 11:08:19 AM,5064.0,0,0.0,187287481.5
2025-08-01 11:08:19 AM,5064.0,19,96216.0,187383697.5
2025-08-01 11:08:29 AM,5062.5,0,0.0,187383697.5
2025-08-01 11:08:29 AM,5064.0,0,0.0,187383697.5
2025-08-01 11:08:30 AM,5064.0,23,116472.0,187500169.5
2025-08-01 11:08:31 AM,5062.5,0,0.0,187500169.5
2025-08-01 11:08:33 AM,5060.5,57,288448.5,187788618.0
2025-08-01 11:08:35 AM,5062.5,0,0.0,187788618.0
2025-08-01 11:08:38 AM,5062.5,15,75937.5,187864555.5
2025-08-01 11:08:39 AM,5060.5,0,0.0,187864555.5
2025-08-01 11:08:39 AM,5062.5,0,0.0,187864555.5
2025-08-01 11:08:40 AM,5062.5,4,20250.0,187884805.5
2025-08-01 11:08:51 AM,5061.0,5,25305.0,187910110.5
2025-08-01 11:08:52 AM,5060.5,0,0.0,187910110.5
2025-08-01 11:08:55 AM,5062.5,0,0.0,187910110.5
2025-08-01 11:08:56 AM,5062.5,38,192375.0,188102485.5
2025-08-01 11:08:58 AM,5062.0,0,0.0,188102485.5
2025-08-01 11:08:59 AM,5062.0,104,526448.0,188628933.5
2025-08-01 11:09:02 AM,5060.5,6,30363.0,188659296.5
2025-08-01 11:09:04 AM,5058.0,0,0.0,188659296.5
2025-08-01 11:09:05 AM,5058.0,10,50580.0,188709876.5
2025-08-01 11:09:07 AM,5061.5,0,0.0,188709876.5
2025-08-01 11:09:08 AM,5061.5,1,5061.5,188714938.0
2025-08-01 11:09:10 AM,5059.0,0,0.0,188714938.0
2025-08-01 11:09:11 AM,5059.5,9,45535.5,188760473.5
2025-08-01 11:09:19 AM,5059.5,10,50595.0,188811068.5
2025-08-01 11:09:22 AM,5059.5,5,25297.5,188836366.0
2025-08-01 11:09:26 AM,5061.0,0,0.0,188836366.0
2025-08-01 11:09:28 AM,5062.0,14,70868.0,188907234.0
2025-08-01 11:09:38 AM,5060.0,53,268180.0,189175414.0
2025-08-01 11:09:41 AM,5060.0,6,30360.0,189205774.0
2025-08-01 11:09:42 AM,5062.0,0,0.0,189205774.0
2025-08-01 11:09:44 AM,5062.0,1,5062.0,189210836.0
2025-08-01 11:09:48 AM,5062.5,0,0.0,189210836.0
2025-08-01 11:09:49 AM,5062.5,66,334125.0,189544961.0
2025-08-01 11:09:51 AM,5060.5,10,50605.0,189595566.0
2025-08-01 11:09:54 AM,5062.5,0,0.0,189595566.0
2025-08-01 11:09:55 AM,5062.5,1,5062.5,189600628.5
2025-08-01 11:10:00 AM,5060.5,0,0.0,189600628.5
2025-08-01 11:10:00 AM,5060.5,12,60726.0,189661354.5
2025-08-01 11:10:01 AM,5060.5,6,30363.0,189691717.5
2025-08-01 11:10:08 AM,5062.5,0,0.0,189691717.5
2025-08-01 11:10:10 AM,5061.0,0,0.0,189691717.5
2025-08-01 11:10:11 AM,5061.0,13,65793.0,189757510.5
2025-08-01 11:10:21 AM,5061.0,11,55671.0,189813181.5
2025-08-01 11:10:24 AM,5061.5,0,0.0,189813181.5
2025-08-01 11:10:26 AM,5059.5,44,222618.0,190035799.5
2025-08-01 11:10:28 AM,5061.0,60,303660.0,190339459.5
2025-08-01 11:10:32 AM,5061.0,4,20244.0,190359703.5
2025-08-01 11:10:33 AM,5061.5,2,10123.0,190369826.5
2025-08-01 11:10:38 AM,5061.0,9,45549.0,190415375.5
2025-08-01 11:10:39 AM,5059.0,4,20236.0,190435611.5
2025-08-01 11:10:43 AM,5059.0,5,25295.0,190460906.5
2025-08-01 11:10:48 AM,5061.0,0,0.0,190460906.5
2025-08-01 11:10:49 AM,5061.0,13,65793.0,190526699.5
2025-08-01 11:10:50 AM,5059.0,44,222596.0,190749295.5
2025-08-01 11:10:54 AM,5059.0,1,5059.0,190754354.5
2025-08-01 11:10:55 AM,5059.0,21,106239.0,190860593.5
2025-08-01 11:11:00 AM,5059.5,6,30357.0,190890950.5
2025-08-01 11:11:01 AM,5059.5,6,30357.0,190921307.5
2025-08-01 11:11:10 AM,5060.0,0,0.0,190921307.5
2025-08-01 11:11:11 AM,5060.0,2,10120.0,190931427.5
2025-08-01 11:11:16 AM,5060.5,0,0.0,190931427.5
2025-08-01 11:11:16 AM,5060.5,3,15181.5,190946609.0
2025-08-01 11:11:20 AM,5058.5,0,0.0,190946609.0
2025-08-01 11:11:21 AM,5060.0,78,394680.0,191341289.0
2025-08-01 11:11:28 AM,5060.0,1,5060.0,191346349.0
2025-08-01 11:11:33 AM,5058.5,2,10117.0,191356466.0
2025-08-01 11:11:39 AM,5060.0,14,70840.0,191427306.0
2025-08-01 11:11:42 AM,5060.5,0,0.0,191427306.0
2025-08-01 11:11:44 AM,5060.5,13,65786.5,191493092.5
2025-08-01 11:11:48 AM,5061.5,0,0.0,191493092.5
2025-08-01 11:11:49 AM,5061.5,13,65799.5,191558892.0
2025-08-01 11:12:09 AM,5060.5,16,80968.0,191639860.0
2025-08-01 11:12:10 AM,5060.5,2,10121.0,191649981.0
2025-08-01 11:12:14 AM,5062.5,0,0.0,191649981.0
2025-08-01 11:12:15 AM,5062.5,13,65812.5,191715793.5
2025-08-01 11:12:26 AM,5062.0,0,0.0,191715793.5
2025-08-01 11:12:26 AM,5062.0,2,10124.0,191725917.5
2025-08-01 11:12:28 AM,5062.5,0,0.0,191725917.5
2025-08-01 11:12:31 AM,5060.5,20,101210.0,191827127.5
2025-08-01 11:12:40 AM,5061.0,0,0.0,191827127.5
2025-08-01 11:12:42 AM,5061.0,8,40488.0,191867615.5
2025-08-01 11:12:48 AM,5062.5,0,0.0,191867615.5
2025-08-01 11:12:48 AM,5062.5,13,65812.5,191933428.0
2025-08-01 11:12:52 AM,5062.5,1,5062.5,191938490.5
2025-08-01 11:13:00 AM,5063.0,0,0.0,191938490.5
2025-08-01 11:13:02 AM,5063.0,8,40504.0,191978994.5
2025-08-01 11:13:08 AM,5064.0,0,0.0,191978994.5
2025-08-01 11:13:08 AM,5064.0,16,81024.0,192060018.5
2025-08-01 11:13:09 AM,5063.5,2,10127.0,192070145.5
2025-08-01 11:13:19 AM,5063.5,5,25317.5,192095463.0
2025-08-01 11:13:21 AM,5064.0,12,60768.0,192156231.0
2025-08-01 11:13:25 AM,5064.0,10,50640.0,192206871.0
2025-08-01 11:13:30 AM,5064.0,9,45576.0,192252447.0
2025-08-01 11:13:32 AM,5062.5,6,30375.0,192282822.0
2025-08-01 11:13:34 AM,5062.0,0,0.0,192282822.0
2025-08-01 11:13:35 AM,5062.0,17,86054.0,192368876.0
2025-08-01 11:13:39 AM,5061.5,0,0.0,192368876.0
2025-08-01 11:13:41 AM,5062.0,0,0.0,192368876.0
2025-08-01 11:13:41 AM,5062.0,11,55682.0,192424558.0
2025-08-01 11:13:43 AM,5064.0,0,0.0,192424558.0
2025-08-01 11:13:43 AM,5064.0,1,5064.0,192429622.0
2025-08-01 11:13:51 AM,5064.0,1,5064.0,192434686.0
2025-08-01 11:13:55 AM,5062.0,0,0.0,192434686.0
2025-08-01 11:13:57 AM,5062.0,5,25310.0,192459996.0
2025-08-01 11:14:02 AM,5062.0,5,25310.0,192485306.0
2025-08-01 11:14:04 AM,5063.5,3,15190.5,192500496.5
2025-08-01 11:14:08 AM,5064.0,13,65832.0,192566328.5
2025-08-01 11:14:09 AM,5062.5,0,0.0,192566328.5
2025-08-01 11:14:10 AM,5062.5,2,10125.0,192576453.5
2025-08-01 11:14:19 AM,5062.5,1,5062.5,192581516.0
2025-08-01 11:14:20 AM,5062.5,6,30375.0,192611891.0
2025-08-01 11:14:21 AM,5063.0,0,0.0,192611891.0
2025-08-01 11:14:24 AM,5063.0,6,30378.0,192642269.0
2025-08-01 11:14:29 AM,5064.0,0,0.0,192642269.0
2025-08-01 11:14:30 AM,5064.0,10,50640.0,192692909.0
2025-08-01 11:14:39 AM,5062.0,0,0.0,192692909.0
2025-08-01 11:14:40 AM,5062.0,8,40496.0,192733405.0
2025-08-01 11:14:49 AM,5064.5,0,0.0,192733405.0
2025-08-01 11:14:52 AM,5064.5,14,70903.0,192804308.0
2025-08-01 11:15:02 AM,5064.0,1,5064.0,192809372.0
2025-08-01 11:15:08 AM,5064.5,13,65838.5,192875210.5
2025-08-01 11:15:09 AM,5062.5,0,0.0,192875210.5
2025-08-01 11:15:13 AM,5062.5,9,45562.5,192920773.0
2025-08-01 11:15:21 AM,5063.0,0,0.0,192920773.0
2025-08-01 11:15:23 AM,5063.0,5,25315.0,192946088.0
2025-08-01 11:15:24 AM,5064.5,2,10129.0,192956217.0
2025-08-01 11:15:29 AM,5064.5,10,50645.0,193006862.0
2025-08-01 11:15:39 AM,5064.0,0,0.0,193006862.0
2025-08-01 11:15:39 AM,5064.0,4,20256.0,193027118.0
2025-08-01 11:15:45 AM,5064.0,6,30384.0,193057502.0
2025-08-01 11:15:49 AM,5064.5,0,0.0,193057502.0
2025-08-01 11:15:50 AM,5064.5,11,55709.5,193113211.5
2025-08-01 11:16:07 AM,5064.0,0,0.0,193113211.5
2025-08-01 11:16:09 AM,5064.5,0,0.0,193113211.5
2025-08-01 11:16:10 AM,5064.5,19,96225.5,193209437.0
2025-08-01 11:16:11 AM,5067.0,0,0.0,193209437.0
2025-08-01 11:16:11 AM,5067.0,30,152010.0,193361447.0
2025-08-01 11:16:15 AM,5068.5,0,0.0,193361447.0
2025-08-01 11:16:16 AM,5068.5,1,5068.5,193366515.5
2025-08-01 11:16:22 AM,5068.5,6,30411.0,193396926.5
2025-08-01 11:16:29 AM,5067.0,0,0.0,193396926.5
2025-08-01 11:16:31 AM,5067.5,0,0.0,193396926.5
2025-08-01 11:16:32 AM,5067.5,17,86147.5,193483074.0
2025-08-01 11:16:37 AM,5067.5,2,10135.0,193493209.0
2025-08-01 11:16:42 AM,5067.5,10,50675.0,193543884.0
2025-08-01 11:16:48 AM,5069.5,9,45625.5,193589509.5
2025-08-01 11:17:01 AM,5070.5,0,0.0,193589509.5
2025-08-01 11:17:05 AM,5070.5,7,35493.5,193625003.0
2025-08-01 11:17:09 AM,5069.0,15,76035.0,193701038.0
2025-08-01 11:17:10 AM,5069.0,5,25345.0,193726383.0
2025-08-01 11:17:21 AM,5069.5,23,116598.5,193842981.5
2025-08-01 11:17:30 AM,5070.0,41,207870.0,194050851.5
2025-08-01 11:17:39 AM,5067.5,0,0.0,194050851.5
2025-08-01 11:17:40 AM,5067.5,9,45607.5,194096459.0
2025-08-01 11:17:47 AM,5070.0,0,0.0,194096459.0
2025-08-01 11:17:48 AM,5070.5,16,81128.0,194177587.0
2025-08-01 11:18:02 AM,5069.5,0,0.0,194177587.0
2025-08-01 11:18:03 AM,5069.5,15,76042.5,194253629.5
2025-08-01 11:18:09 AM,5066.0,5,25330.0,194278959.5
2025-08-01 11:18:13 AM,5068.0,6,30408.0,194309367.5
2025-08-01 11:18:29 AM,5068.0,11,55748.0,194365115.5
2025-08-01 11:18:31 AM,5065.0,7,35455.0,194400570.5
2025-08-01 11:18:35 AM,5066.0,1,5066.0,194405636.5
2025-08-01 11:18:39 AM,5064.0,0,0.0,194405636.5
2025-08-01 11:18:41 AM,5064.0,8,40512.0,194446148.5
2025-08-01 11:18:49 AM,5067.0,0,0.0,194446148.5
2025-08-01 11:18:52 AM,5067.0,13,65871.0,194512019.5
2025-08-01 11:18:55 AM,5065.5,0,0.0,194512019.5
2025-08-01 11:18:58 AM,5065.5,10,50655.0,194562674.5
2025-08-01 11:19:04 AM,5065.5,14,70917.0,194633591.5
2025-08-01 11:19:09 AM,5063.5,0,0.0,194633591.5
2025-08-01 11:19:10 AM,5063.5,15,75952.5,194709544.0
2025-08-01 11:19:10 AM,5063.5,5,25317.5,194734861.5
2025-08-01 11:19:16 AM,5066.5,6,30399.0,194765260.5
2025-08-01 11:19:24 AM,5061.0,0,0.0,194765260.5
2025-08-01 11:19:26 AM,5061.0,284,1437324.0,196202584.5
2025-08-01 11:19:30 AM,5064.5,0,0.0,196202584.5
2025-08-01 11:19:31 AM,5064.5,5,25322.5,196227907.0
2025-08-01 11:19:42 AM,5064.5,23,116483.5,196344390.5
2025-08-01 11:19:47 AM,5065.0,0,0.0,196344390.5
2025-08-01 11:19:48 AM,5065.5,5,25327.5,196369718.0
2025-08-01 11:19:53 AM,5065.5,1,5065.5,196374783.5
2025-08-01 11:19:58 AM,5065.5,4,20262.0,196395045.5
2025-08-01 11:20:08 AM,5065.0,0,0.0,196395045.5
2025-08-01 11:20:09 AM,5064.5,0,0.0,196395045.5
2025-08-01 11:20:09 AM,5064.5,14,70903.0,196465948.5
2025-08-01 11:20:09 AM,5065.0,3,15195.0,196481143.5
2025-08-01 11:20:14 AM,5065.0,6,30390.0,196511533.5
2025-08-01 11:20:25 AM,5065.0,1,5065.0,196516598.5
2025-08-01 11:20:30 AM,5063.5,0,0.0,196516598.5
2025-08-01 11:20:30 AM,5063.5,13,65825.5,196582424.0
2025-08-01 11:20:36 AM,5065.5,0,0.0,196582424.0
2025-08-01 11:20:39 AM,5064.5,0,0.0,196582424.0
2025-08-01 11:20:41 AM,5064.5,14,70903.0,196653327.0
2025-08-01 11:20:48 AM,5065.0,0,0.0,196653327.0
2025-08-01 11:20:51 AM,5065.0,25,126625.0,196779952.0
2025-08-01 11:20:56 AM,5065.0,2,10130.0,196790082.0
2025-08-01 11:20:56 AM,5065.0,6,30390.0,196820472.0
2025-08-01 11:20:56 AM,5065.5,0,0.0,196820472.0
2025-08-01 11:21:01 AM,5065.5,22,111441.0,196931913.0
2025-08-01 11:21:09 AM,5065.0,0,0.0,196931913.0
2025-08-01 11:21:11 AM,5065.5,0,0.0,196931913.0
2025-08-01 11:21:12 AM,5065.5,31,157030.5,197088943.5
2025-08-01 11:21:16 AM,5065.0,0,0.0,197088943.5
2025-08-01 11:21:17 AM,5065.0,41,207665.0,197296608.5
2025-08-01 11:21:23 AM,5065.0,10,50650.0,197347258.5
2025-08-01 11:21:24 AM,5065.5,0,0.0,197347258.5
2025-08-01 11:21:28 AM,5065.5,14,70917.0,197418175.5
2025-08-01 11:21:39 AM,5065.5,10,50655.0,197468830.5
2025-08-01 11:21:43 AM,5065.5,10,50655.0,197519485.5
2025-08-01 11:21:48 AM,5065.5,23,116506.5,197635992.0
2025-08-01 11:21:49 AM,5065.5,3,15196.5,197651188.5
2025-08-01 11:21:53 AM,5065.5,6,30393.0,197681581.5
2025-08-01 11:21:56 AM,5066.5,0,0.0,197681581.5
2025-08-01 11:21:58 AM,5066.5,23,116529.5,197798111.0
2025-08-01 11:22:06 AM,5065.5,0,0.0,197798111.0
2025-08-01 11:22:08 AM,5066.5,0,0.0,197798111.0
2025-08-01 11:22:09 AM,5066.5,168,851172.0,198649283.0
2025-08-01 11:22:18 AM,5067.0,0,0.0,198649283.0
2025-08-01 11:22:20 AM,5067.0,19,96273.0,198745556.0
2025-08-01 11:22:20 AM,5067.0,6,30402.0,198775958.0
2025-08-01 11:22:28 AM,5069.0,0,0.0,198775958.0
2025-08-01 11:22:31 AM,5069.0,5,25345.0,198801303.0
2025-08-01 11:22:33 AM,5068.5,0,0.0,198801303.0
2025-08-01 11:22:36 AM,5068.5,3,15205.5,198816508.5
2025-08-01 11:22:39 AM,5067.0,0,0.0,198816508.5
2025-08-01 11:22:41 AM,5067.0,9,45603.0,198862111.5
2025-08-01 11:22:48 AM,5069.0,0,0.0,198862111.5
2025-08-01 11:22:51 AM,5067.0,0,0.0,198862111.5
2025-08-01 11:22:52 AM,5067.0,17,86139.0,198948250.5
2025-08-01 11:23:07 AM,5066.5,0,0.0,198948250.5
2025-08-01 11:23:07 AM,5066.5,4,20266.0,198968516.5
2025-08-01 11:23:08 AM,5068.0,0,0.0,198968516.5
2025-08-01 11:23:09 AM,5066.5,0,0.0,198968516.5
2025-08-01 11:23:12 AM,5069.0,0,0.0,198968516.5
2025-08-01 11:23:13 AM,5069.0,26,131794.0,199100310.5
2025-08-01 11:23:16 AM,5068.0,0,0.0,199100310.5
2025-08-01 11:23:18 AM,5068.0,1,5068.0,199105378.5
2025-08-01 11:23:20 AM,5067.0,0,0.0,199105378.5
2025-08-01 11:23:23 AM,5067.0,19,96273.0,199201651.5
2025-08-01 11:23:30 AM,5065.0,0,0.0,199201651.5
2025-08-01 11:23:34 AM,5065.0,6,30390.0,199232041.5
2025-08-01 11:23:39 AM,5065.5,0,0.0,199232041.5
2025-08-01 11:23:39 AM,5065.5,3,15196.5,199247238.0
2025-08-01 11:23:44 AM,5065.5,9,45589.5,199292827.5
2025-08-01 11:23:48 AM,5067.0,0,0.0,199292827.5
2025-08-01 11:23:49 AM,5067.0,1,5067.0,199297894.5
2025-08-01 11:24:02 AM,5066.0,0,0.0,199297894.5
2025-08-01 11:24:03 AM,5066.0,19,96254.0,199394148.5
2025-08-01 11:24:08 AM,5067.0,0,0.0,199394148.5
2025-08-01 11:24:08 AM,5067.0,12,60804.0,199454952.5
2025-08-01 11:24:09 AM,5064.5,3,15193.5,199470146.0
2025-08-01 11:24:13 AM,5064.5,4,20258.0,199490404.0
2025-08-01 11:24:15 AM,5067.0,0,0.0,199490404.0
2025-08-01 11:24:19 AM,5067.0,16,81072.0,199571476.0
2025-08-01 11:24:30 AM,5065.5,0,0.0,199571476.0
2025-08-01 11:24:30 AM,5065.5,16,81048.0,199652524.0
2025-08-01 11:24:36 AM,5068.0,0,0.0,199652524.0
2025-08-01 11:24:39 AM,5066.5,0,0.0,199652524.0
2025-08-01 11:24:40 AM,5066.5,13,65864.5,199718388.5
2025-08-01 11:24:48 AM,5068.0,0,0.0,199718388.5
2025-08-01 11:24:50 AM,5067.5,0,0.0,199718388.5
2025-08-01 11:24:51 AM,5067.5,8,40540.0,199758928.5
2025-08-01 11:25:07 AM,5067.0,0,0.0,199758928.5
2025-08-01 11:25:07 AM,5067.0,3,15201.0,199774129.5
2025-08-01 11:25:08 AM,5068.0,0,0.0,199774129.5
2025-08-01 11:25:09 AM,5067.0,0,0.0,199774129.5
2025-08-01 11:25:13 AM,5067.0,36,182412.0,199956541.5
2025-08-01 11:25:18 AM,5067.0,2,10134.0,199966675.5
2025-08-01 11:25:30 AM,5065.0,0,0.0,199966675.5
2025-08-01 11:25:33 AM,5065.0,5,25325.0,199992000.5
2025-08-01 11:25:33 AM,5067.0,4,20268.0,200012268.5
2025-08-01 11:25:38 AM,5067.0,1,5067.0,200017335.5
2025-08-01 11:25:39 AM,5066.5,4,20266.0,200037601.5
2025-08-01 11:25:44 AM,5066.5,3,15199.5,200052801.0
2025-08-01 11:25:48 AM,5067.0,0,0.0,200052801.0
2025-08-01 11:25:49 AM,5067.0,13,65871.0,200118672.0
2025-08-01 11:26:08 AM,5065.5,0,0.0,200118672.0
2025-08-01 11:26:09 AM,5065.5,12,60786.0,200179458.0
2025-08-01 11:26:10 AM,5065.5,5,25327.5,200204785.5
2025-08-01 11:26:11 AM,5066.0,0,0.0,200204785.5
2025-08-01 11:26:14 AM,5066.0,8,40528.0,200245313.5
2025-08-01 11:26:26 AM,5065.5,0,0.0,200245313.5
2025-08-01 11:26:28 AM,5066.0,0,0.0,200245313.5
2025-08-01 11:26:30 AM,5066.0,7,35462.0,200280775.5
2025-08-01 11:26:39 AM,5065.5,0,0.0,200280775.5
2025-08-01 11:26:40 AM,5065.5,3,15196.5,200295972.0
2025-08-01 11:26:41 AM,5065.5,6,30393.0,200326365.0
2025-08-01 11:26:48 AM,5066.0,0,0.0,200326365.0
2025-08-01 11:26:50 AM,5066.0,22,111452.0,200437817.0
2025-08-01 11:26:50 AM,5065.5,0,0.0,200437817.0
2025-08-01 11:26:51 AM,5065.0,0,0.0,200437817.0
2025-08-01 11:26:51 AM,5065.0,48,243120.0,200680937.0
2025-08-01 11:26:56 AM,5062.0,0,0.0,200680937.0
2025-08-01 11:27:00 AM,5062.0,80,404960.0,201085897.0
2025-08-01 11:27:00 AM,5062.5,0,0.0,201085897.0
2025-08-01 11:27:01 AM,5062.5,6,30375.0,201116272.0
2025-08-01 11:27:10 AM,5064.5,5,25322.5,201141594.5
2025-08-01 11:27:14 AM,5063.5,0,0.0,201141594.5
2025-08-01 11:27:15 AM,5063.5,1,5063.5,201146658.0
2025-08-01 11:27:17 AM,5061.0,0,0.0,201146658.0
2025-08-01 11:27:20 AM,5061.0,50,253050.0,201399708.0
2025-08-01 11:27:27 AM,5060.5,0,0.0,201399708.0
2025-08-01 11:27:27 AM,5060.5,1,5060.5,201404768.5
2025-08-01 11:27:31 AM,5061.0,11,55671.0,201460439.5
2025-08-01 11:27:39 AM,5060.5,0,0.0,201460439.5
2025-08-01 11:27:41 AM,5060.5,9,45544.5,201505984.0
2025-08-01 11:27:46 AM,5060.5,1,5060.5,201511044.5
2025-08-01 11:27:48 AM,5061.0,13,65793.0,201576837.5
2025-08-01 11:27:52 AM,5061.0,6,30366.0,201607203.5
2025-08-01 11:28:04 AM,5061.0,1,5061.0,201612264.5
2025-08-01 11:28:07 AM,5060.5,0,0.0,201612264.5
2025-08-01 11:28:07 AM,5060.5,3,15181.5,201627446.0
2025-08-01 11:28:08 AM,5061.0,0,0.0,201627446.0
2025-08-01 11:28:09 AM,5060.5,16,80968.0,201708414.0
2025-08-01 11:28:11 AM,5061.0,0,0.0,201708414.0
2025-08-01 11:28:12 AM,5061.0,23,116403.0,201824817.0
2025-08-01 11:28:14 AM,5061.0,1,5061.0,201829878.0
2025-08-01 11:28:23 AM,5061.0,1,5061.0,201834939.0
2025-08-01 11:28:28 AM,5060.0,0,0.0,201834939.0
2025-08-01 11:28:30 AM,5060.0,160,809600.0,202644539.0
2025-08-01 11:28:30 AM,5059.0,0,0.0,202644539.0
2025-08-01 11:28:31 AM,5060.5,0,0.0,202644539.0
2025-08-01 11:28:33 AM,5060.5,13,65786.5,202710325.5
2025-08-01 11:28:39 AM,5059.0,0,0.0,202710325.5
2025-08-01 11:28:40 AM,5059.0,9,45531.0,202755856.5
2025-08-01 11:28:51 AM,5058.0,0,0.0,202755856.5
2025-08-01 11:28:53 AM,5058.0,78,394524.0,203150380.5
2025-08-01 11:29:00 AM,5059.5,6,30357.0,203180737.5
2025-08-01 11:29:09 AM,5058.5,0,0.0,203180737.5
2025-08-01 11:29:13 AM,5058.5,2,10117.0,203190854.5
2025-08-01 11:29:14 AM,5060.0,0,0.0,203190854.5
2025-08-01 11:29:16 AM,5060.0,3,15180.0,203206034.5
2025-08-01 11:29:30 AM,5060.0,13,65780.0,203271814.5
2025-08-01 11:29:30 AM,5059.0,0,0.0,203271814.5
2025-08-01 11:29:32 AM,5059.0,4,20236.0,203292050.5
2025-08-01 11:29:34 AM,5060.0,0,0.0,203292050.5
2025-08-01 11:29:35 AM,5060.0,2,10120.0,203302170.5
2025-08-01 11:29:39 AM,5059.0,0,0.0,203302170.5
2025-08-01 11:29:40 AM,5059.0,3,15177.0,203317347.5
2025-08-01 11:29:40 AM,5059.5,0,0.0,203317347.5
2025-08-01 11:29:42 AM,5059.5,6,30357.0,203347704.5
2025-08-01 11:29:47 AM,5059.0,0,0.0,203347704.5
2025-08-01 11:29:48 AM,5059.0,26,131534.0,203479238.5
2025-08-01 11:29:56 AM,5059.0,5,25295.0,203504533.5
2025-08-01 11:29:58 AM,5058.5,10,50585.0,203555118.5
2025-08-01 11:30:01 AM,5059.0,12,60708.0,203615826.5
2025-08-01 11:30:07 AM,5058.5,0,0.0,203615826.5
2025-08-01 11:30:08 AM,5059.0,12,60708.0,203676534.5
2025-08-01 11:30:09 AM,5058.5,0,0.0,203676534.5
2025-08-01 11:30:11 AM,5058.5,3,15175.5,203691710.0
2025-08-01 11:30:21 AM,5057.5,0,0.0,203691710.0
2025-08-01 11:30:22 AM,5057.5,13,65747.5,203757457.5
2025-08-01 11:30:27 AM,5059.0,1,5059.0,203762516.5
2025-08-01 11:30:29 AM,5059.0,15,75885.0,203838401.5
2025-08-01 11:30:32 AM,5059.0,1,5059.0,203843460.5
2025-08-01 11:30:34 AM,5059.0,15,75885.0,203919345.5
2025-08-01 11:30:39 AM,5057.0,0,0.0,203919345.5
2025-08-01 11:30:39 AM,5057.0,4,20228.0,203939573.5
2025-08-01 11:30:41 AM,5057.0,5,25285.0,203964858.5
2025-08-01 11:30:49 AM,5059.0,6,30354.0,203995212.5
2025-08-01 11:30:51 AM,5059.0,1,5059.0,204000271.5
2025-08-01 11:30:55 AM,5057.5,0,0.0,204000271.5
2025-08-01 11:30:56 AM,5057.5,5,25287.5,204025559.0
2025-08-01 11:31:01 AM,5058.0,7,35406.0,204060965.0
2025-08-01 11:31:03 AM,5059.0,0,0.0,204060965.0
