date,price,qty,trnvr,cum_trnvr
2025-08-01 09:15:04 AM,1925.4,996,1917698.4000000001,1917698.4000000001
2025-08-01 09:15:04 AM,1925.0,0,0.0,1917698.4000000001
2025-08-01 09:15:05 AM,1921.1,0,0.0,1917698.4000000001
2025-08-01 09:15:06 AM,1920.0,1066,2046720.0,3964418.4000000004
2025-08-01 09:15:13 AM,1914.3,0,0.0,3964418.4000000004
2025-08-01 09:15:14 AM,1915.1,0,0.0,3964418.4000000004
2025-08-01 09:15:16 AM,1912.9,3038,5811390.2,9775808.600000001
2025-08-01 09:15:18 AM,1915.7,2776,5317983.2,15093791.8
2025-08-01 09:15:22 AM,1917.8,0,0.0,15093791.8
2025-08-01 09:15:23 AM,1914.6,0,0.0,15093791.8
2025-08-01 09:15:26 AM,1914.6,1875,3589875.0,18683666.8
2025-08-01 09:15:27 AM,1917.6,424,813062.3999999999,19496729.2
2025-08-01 09:15:29 AM,1917.5,0,0.0,19496729.2
2025-08-01 09:15:33 AM,1915.4,0,0.0,19496729.2
2025-08-01 09:15:36 AM,1917.6,1268,2431516.8,21928246.0
2025-08-01 09:15:42 AM,1917.4,0,0.0,21928246.0
2025-08-01 09:15:43 AM,1917.4,38,72861.2,22001107.2
2025-08-01 09:15:44 AM,1917.4,11,21091.4,22022198.599999998
2025-08-01 09:15:51 AM,1916.5,53,101574.5,22123773.099999998
2025-08-01 09:15:53 AM,1912.2,1392,2661782.4,24785555.499999996
2025-08-01 09:15:55 AM,1910.5,0,0.0,24785555.499999996
2025-08-01 09:15:57 AM,1908.8,0,0.0,24785555.499999996
2025-08-01 09:15:59 AM,1908.9,4013,7660415.7,32445971.199999996
2025-08-01 09:16:00 AM,1908.7,0,0.0,32445971.199999996
2025-08-01 09:16:01 AM,1908.7,81,154604.7,32600575.899999995
2025-08-01 09:16:01 AM,1909.0,0,0.0,32600575.899999995
2025-08-01 09:16:01 AM,1907.0,0,0.0,32600575.899999995
2025-08-01 09:16:02 AM,1907.7,248,473109.60000000003,33073685.499999996
2025-08-01 09:16:02 AM,1907.5,429,818317.5,33892003.0
2025-08-01 09:16:02 AM,1908.1,0,0.0,33892003.0
2025-08-01 09:16:02 AM,1908.1,766,1461604.5999999999,35353607.6
2025-08-01 09:16:04 AM,1909.0,398,759782.0,36113389.6
2025-08-01 09:16:05 AM,1909.6,4,7638.4,36121028.0
2025-08-01 09:16:06 AM,1908.8,24,45811.2,36166839.2
2025-08-01 09:16:07 AM,1910.7,200,382140.0,36548979.2
2025-08-01 09:16:07 AM,1910.7,16,30571.2,36579550.400000006
2025-08-01 09:16:10 AM,1912.1,114,217979.4,36797529.800000004
2025-08-01 09:16:11 AM,1910.6,26,49675.6,36847205.400000006
2025-08-01 09:16:12 AM,1912.8,1,1912.8,36849118.2
2025-08-01 09:16:13 AM,1911.6,13,24850.8,36873969.0
2025-08-01 09:16:14 AM,1912.7,253,483913.10000000003,37357882.1
2025-08-01 09:16:14 AM,1912.7,1,1912.7,37359794.800000004
2025-08-01 09:16:16 AM,1913.2,28,53569.6,37413364.400000006
2025-08-01 09:16:16 AM,1912.8,0,0.0,37413364.400000006
2025-08-01 09:16:17 AM,1912.6,86,164483.6,37577848.00000001
2025-08-01 09:16:17 AM,1913.0,100,191300.0,37769148.00000001
2025-08-01 09:16:18 AM,1912.0,0,0.0,37769148.00000001
2025-08-01 09:16:19 AM,1912.0,4,7648.0,37776796.00000001
2025-08-01 09:16:20 AM,1912.4,3934,7523381.600000001,45300177.60000001
2025-08-01 09:16:21 AM,1911.4,444,848661.6000000001,46148839.20000001
2025-08-01 09:16:21 AM,1912.8,0,0.0,46148839.20000001
2025-08-01 09:16:22 AM,1912.8,84,160675.19999999998,46309514.40000001
2025-08-01 09:16:23 AM,1908.7,238,454270.60000000003,46763785.000000015
2025-08-01 09:16:23 AM,1909.7,0,0.0,46763785.000000015
2025-08-01 09:16:23 AM,1909.7,2,3819.4,46767604.40000001
2025-08-01 09:16:26 AM,1909.0,1,1909.0,46769513.40000001
2025-08-01 09:16:27 AM,1908.8,0,0.0,46769513.40000001
2025-08-01 09:16:28 AM,1908.8,17,32449.6,46801963.000000015
2025-08-01 09:16:29 AM,1908.8,1,1908.8,46803871.80000001
2025-08-01 09:16:29 AM,1908.9,50,95445.0,46899316.80000001
2025-08-01 09:16:30 AM,1908.8,37,70625.59999999999,46969942.40000001
2025-08-01 09:16:30 AM,1909.4,0,0.0,46969942.40000001
2025-08-01 09:16:31 AM,1910.8,805,1538194.0,48508136.40000001
2025-08-01 09:16:31 AM,1908.9,5,9544.5,48517680.90000001
2025-08-01 09:16:32 AM,1909.8,391,746731.7999999999,49264412.70000001
2025-08-01 09:16:32 AM,1909.0,0,0.0,49264412.70000001
2025-08-01 09:16:33 AM,1908.7,51,97343.7,49361756.40000001
2025-08-01 09:16:33 AM,1908.0,0,0.0,49361756.40000001
2025-08-01 09:16:34 AM,1907.8,555,1058829.0,50420585.40000001
2025-08-01 09:16:34 AM,1907.8,856,1633076.8,52053662.20000001
2025-08-01 09:16:35 AM,1907.7,45,85846.5,52139508.70000001
2025-08-01 09:16:35 AM,1905.2,1117,2128108.4,54267617.10000001
2025-08-01 09:16:36 AM,1905.9,582,1109233.8,55376850.900000006
2025-08-01 09:16:38 AM,1905.2,660,1257432.0,56634282.900000006
2025-08-01 09:16:39 AM,1905.7,0,0.0,56634282.900000006
2025-08-01 09:16:40 AM,1905.7,198,377328.60000000003,57011611.50000001
2025-08-01 09:16:40 AM,1905.3,3,5715.9,57017327.400000006
2025-08-01 09:16:40 AM,1905.6,0,0.0,57017327.400000006
2025-08-01 09:16:41 AM,1905.6,242,461155.19999999995,57478482.60000001
2025-08-01 09:16:43 AM,1906.5,25,47662.5,57526145.10000001
2025-08-01 09:16:44 AM,1905.4,2,3810.8,57529955.900000006
2025-08-01 09:16:44 AM,1906.5,0,0.0,57529955.900000006
2025-08-01 09:16:45 AM,1906.5,41,78166.5,57608122.400000006
2025-08-01 09:16:46 AM,1905.4,45,85743.0,57693865.400000006
2025-08-01 09:16:46 AM,1904.3,0,0.0,57693865.400000006
2025-08-01 09:16:47 AM,1903.6,569,1083148.4,58777013.800000004
2025-08-01 09:16:48 AM,1904.6,2,3809.2,58780823.00000001
2025-08-01 09:16:48 AM,1905.2,237,451532.4,59232355.400000006
2025-08-01 09:16:49 AM,1906.1,0,0.0,59232355.400000006
2025-08-01 09:16:49 AM,1904.6,101,192364.59999999998,59424720.00000001
2025-08-01 09:16:49 AM,1906.0,0,0.0,59424720.00000001
2025-08-01 09:16:50 AM,1905.9,51,97200.90000000001,59521920.900000006
2025-08-01 09:16:51 AM,1905.8,5,9529.0,59531449.900000006
2025-08-01 09:16:52 AM,1905.5,0,0.0,59531449.900000006
2025-08-01 09:16:53 AM,1905.5,1,1905.5,59533355.400000006
2025-08-01 09:16:54 AM,1905.1,4,7620.4,59540975.800000004
2025-08-01 09:16:54 AM,1901.9,349,663763.1,60204738.900000006
2025-08-01 09:16:54 AM,1903.6,0,0.0,60204738.900000006
2025-08-01 09:16:55 AM,1903.6,75,142770.0,60347508.900000006
2025-08-01 09:16:55 AM,1902.0,0,0.0,60347508.900000006
2025-08-01 09:16:56 AM,1902.9,35,66601.5,60414110.400000006
2025-08-01 09:16:56 AM,1902.9,7,13320.300000000001,60427430.7
2025-08-01 09:16:56 AM,1903.3,0,0.0,60427430.7
2025-08-01 09:16:57 AM,1903.3,1,1903.3,60429334.0
2025-08-01 09:16:57 AM,1904.0,0,0.0,60429334.0
2025-08-01 09:16:58 AM,1904.0,200,380800.0,60810134.0
2025-08-01 09:16:59 AM,1904.4,425,809370.0,61619504.0
2025-08-01 09:16:59 AM,1905.7,0,0.0,61619504.0
2025-08-01 09:17:00 AM,1905.7,448,853753.6,62473257.6
2025-08-01 09:17:02 AM,1907.0,113,215491.0,62688748.6
2025-08-01 09:17:03 AM,1906.7,1,1906.7,62690655.300000004
2025-08-01 09:17:03 AM,1906.5,0,0.0,62690655.300000004
2025-08-01 09:17:04 AM,1905.8,14,26681.2,62717336.50000001
2025-08-01 09:17:05 AM,1906.9,100,190690.0,62908026.50000001
2025-08-01 09:17:06 AM,1905.7,0,0.0,62908026.50000001
2025-08-01 09:17:06 AM,1905.7,36,68605.2,62976631.70000001
2025-08-01 09:17:11 AM,1905.7,13,24774.100000000002,63001405.80000001
2025-08-01 09:17:11 AM,1905.7,1,1905.7,63003311.500000015
2025-08-01 09:17:12 AM,1905.9,499,951044.1000000001,63954355.60000002
2025-08-01 09:17:12 AM,1906.5,425,810262.5,64764618.10000002
2025-08-01 09:17:13 AM,1906.5,425,810262.5,65574880.60000002
2025-08-01 09:17:14 AM,1907.1,5,9535.5,65584416.10000002
2025-08-01 09:17:16 AM,1904.1,139,264669.89999999997,65849086.000000015
2025-08-01 09:17:16 AM,1904.3,21,39990.299999999996,65889076.30000001
2025-08-01 09:17:18 AM,1903.9,60,114234.0,66003310.30000001
2025-08-01 09:17:20 AM,1903.9,1,1903.9,66005214.20000001
2025-08-01 09:17:20 AM,1902.7,0,0.0,66005214.20000001
2025-08-01 09:17:21 AM,1902.7,206,391956.2,66397170.40000001
2025-08-01 09:17:24 AM,1903.3,1,1903.3,66399073.70000001
2025-08-01 09:17:24 AM,1903.3,1,1903.3,66400977.00000001
2025-08-01 09:17:24 AM,1903.0,0,0.0,66400977.00000001
2025-08-01 09:17:25 AM,1903.0,15,28545.0,66429522.00000001
2025-08-01 09:17:25 AM,1902.4,0,0.0,66429522.00000001
2025-08-01 09:17:26 AM,1902.2,43,81794.6,66511316.60000001
2025-08-01 09:17:27 AM,1902.0,16,30432.0,66541748.60000001
2025-08-01 09:17:27 AM,1901.5,0,0.0,66541748.60000001
2025-08-01 09:17:28 AM,1900.0,1319,2506100.0,69047848.60000001
2025-08-01 09:17:28 AM,1900.0,45,85500.0,69133348.60000001
2025-08-01 09:17:29 AM,1901.0,60,114060.0,69247408.60000001
2025-08-01 09:17:29 AM,1901.3,0,0.0,69247408.60000001
2025-08-01 09:17:30 AM,1901.7,2679,5094654.3,74342062.9
2025-08-01 09:17:31 AM,1904.3,0,0.0,74342062.9
2025-08-01 09:17:31 AM,1904.4,1425,2713770.0,77055832.9
2025-08-01 09:17:32 AM,1903.5,30,57105.0,77112937.9
2025-08-01 09:17:32 AM,1904.4,0,0.0,77112937.9
2025-08-01 09:17:32 AM,1904.4,2,3808.8,77116746.7
2025-08-01 09:17:33 AM,1904.5,42,79989.0,77196735.7
2025-08-01 09:17:34 AM,1905.1,0,0.0,77196735.7
2025-08-01 09:17:35 AM,1905.1,42,80014.2,77276749.9
2025-08-01 09:17:35 AM,1904.2,0,0.0,77276749.9
2025-08-01 09:17:36 AM,1904.2,100,190420.0,77467169.9
2025-08-01 09:17:36 AM,1905.1,36,68583.59999999999,77535753.5
2025-08-01 09:17:40 AM,1905.5,193,367761.5,77903515.0
2025-08-01 09:17:43 AM,1905.4,21,40013.4,77943528.4
2025-08-01 09:17:46 AM,1905.1,0,0.0,77943528.4
2025-08-01 09:17:47 AM,1905.1,5,9525.5,77953053.9
2025-08-01 09:17:47 AM,1904.3,0,0.0,77953053.9
2025-08-01 09:17:48 AM,1904.4,381,725576.4,78678630.30000001
2025-08-01 09:17:48 AM,1904.3,1,1904.3,78680534.60000001
2025-08-01 09:17:52 AM,1903.3,50,95165.0,78775699.60000001
2025-08-01 09:17:54 AM,1901.4,1250,2376750.0,81152449.60000001
2025-08-01 09:17:54 AM,1904.4,0,0.0,81152449.60000001
2025-08-01 09:17:55 AM,1904.4,3,5713.200000000001,81158162.80000001
2025-08-01 09:17:56 AM,1903.3,132,251235.6,81409398.4
2025-08-01 09:17:59 AM,1905.0,883,1682115.0,83091513.4
2025-08-01 09:18:00 AM,1904.5,8,15236.0,83106749.4
2025-08-01 09:18:00 AM,1905.0,0,0.0,83106749.4
2025-08-01 09:18:01 AM,1905.0,1,1905.0,83108654.4
2025-08-01 09:18:03 AM,1904.5,25,47612.5,83156266.9
2025-08-01 09:18:04 AM,1905.0,0,0.0,83156266.9
2025-08-01 09:18:05 AM,1905.0,2,3810.0,83160076.9
2025-08-01 09:18:06 AM,1905.0,14,26670.0,83186746.9
2025-08-01 09:18:06 AM,1904.8,26,49524.799999999996,83236271.7
2025-08-01 09:18:08 AM,1905.1,35,66678.5,83302950.2
2025-08-01 09:18:09 AM,1905.3,68,129560.4,83432510.60000001
2025-08-01 09:18:11 AM,1905.6,51,97185.59999999999,83529696.2
2025-08-01 09:18:13 AM,1904.0,61,116144.0,83645840.2
2025-08-01 09:18:14 AM,1902.2,60,114132.0,83759972.2
2025-08-01 09:18:15 AM,1903.3,25,47582.5,83807554.7
2025-08-01 09:18:16 AM,1903.1,8,15224.8,83822779.5
2025-08-01 09:18:16 AM,1903.1,10,19031.0,83841810.5
2025-08-01 09:18:17 AM,1902.0,2,3804.0,83845614.5
2025-08-01 09:18:18 AM,1902.7,1,1902.7,83847517.2
2025-08-01 09:18:19 AM,1902.7,2,3805.4,83851322.60000001
2025-08-01 09:18:20 AM,1903.4,65,123721.0,83975043.60000001
2025-08-01 09:18:21 AM,1905.6,2,3811.2,83978854.80000001
2025-08-01 09:18:21 AM,1904.5,0,0.0,83978854.80000001
2025-08-01 09:18:22 AM,1904.5,29,55230.5,84034085.30000001
2025-08-01 09:18:24 AM,1904.8,2,3809.6,84037894.9
2025-08-01 09:18:25 AM,1904.2,0,0.0,84037894.9
2025-08-01 09:18:26 AM,1904.2,1,1904.2,84039799.10000001
2025-08-01 09:18:27 AM,1904.2,1,1904.2,84041703.30000001
2025-08-01 09:18:31 AM,1903.1,4,7612.4,84049315.70000002
2025-08-01 09:18:31 AM,1902.0,0,0.0,84049315.70000002
2025-08-01 09:18:32 AM,1902.0,98,186396.0,84235711.70000002
2025-08-01 09:18:34 AM,1902.0,8,15216.0,84250927.70000002
2025-08-01 09:18:35 AM,1902.5,50,95125.0,84346052.70000002
2025-08-01 09:18:36 AM,1903.1,3,5709.299999999999,84351762.00000001
2025-08-01 09:18:42 AM,1902.0,228,433656.0,84785418.00000001
2025-08-01 09:18:42 AM,1903.0,0,0.0,84785418.00000001
2025-08-01 09:18:43 AM,1902.9,232,441472.80000000005,85226890.80000001
2025-08-01 09:18:44 AM,1902.4,1,1902.4,85228793.20000002
2025-08-01 09:18:45 AM,1903.1,0,0.0,85228793.20000002
2025-08-01 09:18:46 AM,1903.1,5,9515.5,85238308.70000002
2025-08-01 09:18:48 AM,1902.8,0,0.0,85238308.70000002
2025-08-01 09:18:48 AM,1901.6,0,0.0,85238308.70000002
2025-08-01 09:18:49 AM,1901.6,208,395532.8,85633841.50000001
2025-08-01 09:18:51 AM,1901.4,4,7605.6,85641447.10000001
2025-08-01 09:18:51 AM,1902.6,0,0.0,85641447.10000001
2025-08-01 09:18:52 AM,1902.6,20,38052.0,85679499.10000001
2025-08-01 09:18:52 AM,1902.5,5,9512.5,85689011.60000001
2025-08-01 09:18:52 AM,1900.9,0,0.0,85689011.60000001
2025-08-01 09:18:52 AM,1901.6,0,0.0,85689011.60000001
2025-08-01 09:18:53 AM,1901.6,214,406942.39999999997,86095954.00000001
2025-08-01 09:18:53 AM,1900.7,0,0.0,86095954.00000001
2025-08-01 09:18:54 AM,1900.7,214,406749.8,86502703.80000001
2025-08-01 09:18:54 AM,1900.4,0,0.0,86502703.80000001
2025-08-01 09:18:55 AM,1900.4,125,237550.0,86740253.80000001
2025-08-01 09:18:56 AM,1900.1,50,95005.0,86835258.80000001
2025-08-01 09:18:57 AM,1900.0,0,0.0,86835258.80000001
2025-08-01 09:18:58 AM,1900.0,2,3800.0,86839058.80000001
2025-08-01 09:18:59 AM,1900.2,0,0.0,86839058.80000001
2025-08-01 09:19:00 AM,1900.2,29,55105.8,86894164.60000001
2025-08-01 09:19:00 AM,1899.2,0,0.0,86894164.60000001
2025-08-01 09:19:01 AM,1898.9,421,799436.9,87693601.50000001
2025-08-01 09:19:02 AM,1899.3,0,0.0,87693601.50000001
2025-08-01 09:19:02 AM,1899.3,48,91166.4,87784767.90000002
2025-08-01 09:19:03 AM,1898.1,28,53146.799999999996,87837914.70000002
2025-08-01 09:19:03 AM,1899.4,0,0.0,87837914.70000002
2025-08-01 09:19:03 AM,1899.4,55,104467.0,87942381.70000002
2025-08-01 09:19:05 AM,1899.4,26,49384.4,87991766.10000002
2025-08-01 09:19:05 AM,1899.2,0,0.0,87991766.10000002
2025-08-01 09:19:06 AM,1899.2,21,39883.200000000004,88031649.30000003
2025-08-01 09:19:09 AM,1899.4,0,0.0,88031649.30000003
2025-08-01 09:19:10 AM,1899.4,300,569820.0,88601469.30000003
2025-08-01 09:19:11 AM,1899.4,2,3798.8,88605268.10000002
2025-08-01 09:19:11 AM,1898.8,0,0.0,88605268.10000002
2025-08-01 09:19:12 AM,1898.8,15,28482.0,88633750.10000002
2025-08-01 09:19:12 AM,1899.0,1,1899.0,88635649.10000002
2025-08-01 09:19:15 AM,1898.6,0,0.0,88635649.10000002
2025-08-01 09:19:15 AM,1898.6,135,256311.0,88891960.10000002
2025-08-01 09:19:16 AM,1898.6,30,56958.0,88948918.10000002
2025-08-01 09:19:17 AM,1898.6,35,66451.0,89015369.10000002
2025-08-01 09:19:19 AM,1898.1,24,45554.399999999994,89060923.50000003
2025-08-01 09:19:21 AM,1898.6,55,104423.0,89165346.50000003
2025-08-01 09:19:21 AM,1898.8,0,0.0,89165346.50000003
2025-08-01 09:19:22 AM,1898.8,1,1898.8,89167245.30000003
2025-08-01 09:19:22 AM,1898.8,2,3797.6,89171042.90000002
2025-08-01 09:19:24 AM,1898.1,0,0.0,89171042.90000002
2025-08-01 09:19:25 AM,1898.8,0,0.0,89171042.90000002
2025-08-01 09:19:25 AM,1898.8,11,20886.8,89191929.70000002
2025-08-01 09:19:27 AM,1899.1,0,0.0,89191929.70000002
2025-08-01 09:19:27 AM,1899.1,145,275369.5,89467299.20000002
2025-08-01 09:19:28 AM,1898.9,1,1898.9,89469198.10000002
2025-08-01 09:19:29 AM,1898.9,18,34180.200000000004,89503378.30000003
2025-08-01 09:19:31 AM,1897.8,71,134743.8,89638122.10000002
2025-08-01 09:19:32 AM,1897.9,10,18979.0,89657101.10000002
2025-08-01 09:19:35 AM,1897.9,115,218258.5,89875359.60000002
2025-08-01 09:19:35 AM,1898.7,0,0.0,89875359.60000002
2025-08-01 09:19:36 AM,1898.7,6,11392.2,89886751.80000003
2025-08-01 09:19:37 AM,1898.8,14,26583.2,89913335.00000003
2025-08-01 09:19:38 AM,1900.0,242,459800.0,90373135.00000003
2025-08-01 09:19:39 AM,1900.0,12,22800.0,90395935.00000003
2025-08-01 09:19:40 AM,1899.8,0,0.0,90395935.00000003
2025-08-01 09:19:41 AM,1900.8,101,191980.8,90587915.80000003
2025-08-01 09:19:43 AM,1900.7,0,0.0,90587915.80000003
2025-08-01 09:19:43 AM,1900.7,1,1900.7,90589816.50000003
2025-08-01 09:19:44 AM,1900.8,32,60825.6,90650642.10000002
2025-08-01 09:19:46 AM,1900.8,1,1900.8,90652542.90000002
2025-08-01 09:19:47 AM,1900.2,30,57006.0,90709548.90000002
2025-08-01 09:19:48 AM,1900.8,20,38016.0,90747564.90000002
2025-08-01 09:19:48 AM,1900.8,2,3801.6,90751366.50000001
2025-08-01 09:19:49 AM,1901.4,74,140703.6,90892070.10000001
2025-08-01 09:19:49 AM,1901.8,1,1901.8,90893971.9
2025-08-01 09:19:49 AM,1901.3,0,0.0,90893971.9
2025-08-01 09:19:50 AM,1901.8,74,140733.19999999998,91034705.10000001
2025-08-01 09:19:51 AM,1901.8,12,22821.6,91057526.7
2025-08-01 09:19:52 AM,1901.8,25,47545.0,91105071.7
2025-08-01 09:19:54 AM,1901.8,3,5705.4,91110777.10000001
2025-08-01 09:19:55 AM,1901.8,1,1901.8,91112678.9
2025-08-01 09:19:56 AM,1901.7,1,1901.7,91114580.60000001
2025-08-01 09:19:57 AM,1901.8,101,192081.8,91306662.4
2025-08-01 09:19:58 AM,1901.8,6,11410.8,91318073.2
2025-08-01 09:19:59 AM,1900.8,35,66528.0,91384601.2
2025-08-01 09:20:00 AM,1900.7,0,0.0,91384601.2
2025-08-01 09:20:04 AM,1900.0,0,0.0,91384601.2
2025-08-01 09:20:04 AM,1900.6,0,0.0,91384601.2
2025-08-01 09:20:04 AM,1900.6,407,773544.2,92158145.4
2025-08-01 09:20:06 AM,1900.5,86,163443.0,92321588.4
2025-08-01 09:20:11 AM,1899.6,0,0.0,92321588.4
2025-08-01 09:20:12 AM,1898.0,0,0.0,92321588.4
2025-08-01 09:20:13 AM,1899.1,900,1709190.0,94030778.4
2025-08-01 09:20:14 AM,1898.0,111,210678.0,94241456.4
2025-08-01 09:20:18 AM,1899.5,0,0.0,94241456.4
2025-08-01 09:20:21 AM,1899.5,510,968745.0,95210201.4
2025-08-01 09:20:22 AM,1899.7,99,188070.30000000002,95398271.7
2025-08-01 09:20:25 AM,1900.0,0,0.0,95398271.7
2025-08-01 09:20:28 AM,1900.4,0,0.0,95398271.7
2025-08-01 09:20:29 AM,1900.4,87,165334.80000000002,95563606.5
2025-08-01 09:20:30 AM,1900.6,13,24707.8,95588314.3
2025-08-01 09:20:32 AM,1901.4,0,0.0,95588314.3
2025-08-01 09:20:36 AM,1900.0,337,640300.0,96228614.3
2025-08-01 09:20:38 AM,1899.4,68,129159.20000000001,96357773.5
2025-08-01 09:20:39 AM,1899.0,0,0.0,96357773.5
2025-08-01 09:20:43 AM,1896.9,0,0.0,96357773.5
2025-08-01 09:20:44 AM,1898.0,166,315068.0,96672841.5
2025-08-01 09:20:46 AM,1898.0,32,60736.0,96733577.5
2025-08-01 09:20:49 AM,1897.7,0,0.0,96733577.5
2025-08-01 09:20:52 AM,1897.7,202,383335.4,97116912.9
2025-08-01 09:20:53 AM,1898.0,36,68328.0,97185240.9
2025-08-01 09:21:00 AM,1898.4,151,286658.4,97471899.30000001
2025-08-01 09:21:01 AM,1898.0,1,1898.0,97473797.30000001
2025-08-01 09:21:04 AM,1896.8,0,0.0,97473797.30000001
2025-08-01 09:21:07 AM,1896.8,348,660086.4,98133883.70000002
2025-08-01 09:21:11 AM,1896.7,0,0.0,98133883.70000002
2025-08-01 09:21:13 AM,1895.8,0,0.0,98133883.70000002
2025-08-01 09:21:15 AM,1896.8,100,189680.0,98323563.70000002
2025-08-01 09:21:20 AM,1895.7,0,0.0,98323563.70000002
2025-08-01 09:21:23 AM,1896.3,30,56889.0,98380452.70000002
2025-08-01 09:21:24 AM,1895.0,484,917180.0,99297632.70000002
2025-08-01 09:21:27 AM,1895.3,0,0.0,99297632.70000002
2025-08-01 09:21:31 AM,1895.8,265,502387.0,99800019.70000002
2025-08-01 09:21:33 AM,1896.1,0,0.0,99800019.70000002
2025-08-01 09:21:37 AM,1894.9,0,0.0,99800019.70000002
2025-08-01 09:21:39 AM,1895.2,617,1169338.4000000001,100969358.10000002
2025-08-01 09:21:39 AM,1895.1,265,502201.5,101471559.60000002
2025-08-01 09:21:46 AM,1895.7,106,200944.2,101672503.80000003
2025-08-01 09:21:50 AM,1895.8,0,0.0,101672503.80000003
2025-08-01 09:21:52 AM,1895.0,0,0.0,101672503.80000003
2025-08-01 09:21:54 AM,1896.0,331,627576.0,102300079.80000003
2025-08-01 09:21:55 AM,1894.8,22,41685.6,102341765.40000002
2025-08-01 09:21:57 AM,1895.0,0,0.0,102341765.40000002
2025-08-01 09:22:00 AM,1894.0,0,0.0,102341765.40000002
2025-08-01 09:22:01 AM,1894.0,100,189400.0,102531165.40000002
2025-08-01 09:22:03 AM,1893.1,246,465702.6,102996868.00000001
2025-08-01 09:22:04 AM,1894.4,0,0.0,102996868.00000001
2025-08-01 09:22:07 AM,1893.1,0,0.0,102996868.00000001
2025-08-01 09:22:09 AM,1894.2,549,1039915.8,104036783.80000001
2025-08-01 09:22:10 AM,1893.1,158,299109.8,104335893.60000001
2025-08-01 09:22:11 AM,1892.6,0,0.0,104335893.60000001
2025-08-01 09:22:13 AM,1892.0,0,0.0,104335893.60000001
2025-08-01 09:22:17 AM,1892.3,399,755027.7,105090921.30000001
2025-08-01 09:22:18 AM,1892.0,13,24596.0,105115517.30000001
2025-08-01 09:22:21 AM,1893.7,0,0.0,105115517.30000001
2025-08-01 09:22:24 AM,1892.3,298,563905.4,105679422.70000002
2025-08-01 09:22:28 AM,1892.9,0,0.0,105679422.70000002
2025-08-01 09:22:32 AM,1892.3,261,493890.3,106173313.00000001
2025-08-01 09:22:33 AM,1892.6,9,17033.399999999998,106190346.40000002
2025-08-01 09:22:35 AM,1892.5,0,0.0,106190346.40000002
2025-08-01 09:22:40 AM,1893.7,49,92791.3,106283137.70000002
2025-08-01 09:22:41 AM,1892.2,503,951776.6,107234914.30000001
2025-08-01 09:22:42 AM,1893.0,0,0.0,107234914.30000001
2025-08-01 09:22:46 AM,1894.0,0,0.0,107234914.30000001
2025-08-01 09:22:47 AM,1894.0,106,200764.0,107435678.30000001
2025-08-01 09:22:49 AM,1895.0,1,1895.0,107437573.30000001
2025-08-01 09:22:52 AM,1893.7,0,0.0,107437573.30000001
2025-08-01 09:22:55 AM,1893.7,14,26511.8,107464085.10000001
2025-08-01 09:22:56 AM,1893.7,27,51129.9,107515215.00000001
2025-08-01 09:23:01 AM,1893.7,7,13255.9,107528470.90000002
2025-08-01 09:23:01 AM,1892.8,0,0.0,107528470.90000002
2025-08-01 09:23:01 AM,1892.8,35,66248.0,107594718.90000002
2025-08-01 09:23:02 AM,1892.9,0,0.0,107594718.90000002
2025-08-01 09:23:02 AM,1892.9,3,5678.700000000001,107600397.60000002
2025-08-01 09:23:03 AM,1893.7,0,0.0,107600397.60000002
2025-08-01 09:23:03 AM,1893.7,350,662795.0,108263192.60000002
2025-08-01 09:23:05 AM,1893.3,20,37866.0,108301058.60000002
2025-08-01 09:23:07 AM,1892.3,0,0.0,108301058.60000002
2025-08-01 09:23:07 AM,1892.3,74,140030.19999999998,108441088.80000003
2025-08-01 09:23:07 AM,1893.1,0,0.0,108441088.80000003
2025-08-01 09:23:08 AM,1892.3,0,0.0,108441088.80000003
2025-08-01 09:23:08 AM,1892.3,20,37846.0,108478934.80000003
2025-08-01 09:23:09 AM,1892.0,0,0.0,108478934.80000003
2025-08-01 09:23:09 AM,1892.0,10,18920.0,108497854.80000003
2025-08-01 09:23:10 AM,1892.0,257,486244.0,108984098.80000003
2025-08-01 09:23:13 AM,1892.6,0,0.0,108984098.80000003
2025-08-01 09:23:13 AM,1892.6,7,13248.199999999999,108997347.00000003
2025-08-01 09:23:14 AM,1891.5,2,3783.0,109001130.00000003
2025-08-01 09:23:15 AM,1890.0,759,1434510.0,110435640.00000003
2025-08-01 09:23:16 AM,1890.0,12,22680.0,110458320.00000003
2025-08-01 09:23:17 AM,1890.0,14,26460.0,110484780.00000003
2025-08-01 09:23:17 AM,1890.0,1,1890.0,110486670.00000003
2025-08-01 09:23:19 AM,1890.5,7,13233.5,110499903.50000003
2025-08-01 09:23:20 AM,1891.1,70,132377.0,110632280.50000003
2025-08-01 09:23:21 AM,1888.1,1627,3071938.6999999997,113704219.20000003
2025-08-01 09:23:22 AM,1888.0,1,1888.0,113706107.20000003
2025-08-01 09:23:22 AM,1889.2,0,0.0,113706107.20000003
2025-08-01 09:23:23 AM,1888.0,126,237888.0,113943995.20000003
2025-08-01 09:23:24 AM,1889.0,36,68004.0,114011999.20000003
2025-08-01 09:23:24 AM,1889.8,25,47245.0,114059244.20000003
2025-08-01 09:23:25 AM,1888.6,92,173751.19999999998,114232995.40000004
2025-08-01 09:23:27 AM,1890.7,500,945350.0,115178345.40000004
2025-08-01 09:23:29 AM,1889.0,13,24557.0,115202902.40000004
2025-08-01 09:23:31 AM,1889.0,10,18890.0,115221792.40000004
2025-08-01 09:23:34 AM,1889.5,50,94475.0,115316267.40000004
2025-08-01 09:23:37 AM,1889.6,25,47240.0,115363507.40000004
2025-08-01 09:23:39 AM,1889.5,1,1889.5,115365396.90000004
2025-08-01 09:23:39 AM,1889.1,0,0.0,115365396.90000004
2025-08-01 09:23:40 AM,1888.9,41,77444.90000000001,115442841.80000004
2025-08-01 09:23:40 AM,1889.0,0,0.0,115442841.80000004
2025-08-01 09:23:41 AM,1889.0,10,18890.0,115461731.80000004
2025-08-01 09:23:42 AM,1888.9,3,5666.700000000001,115467398.50000004
2025-08-01 09:23:43 AM,1888.8,1,1888.8,115469287.30000004
2025-08-01 09:23:44 AM,1888.0,0,0.0,115469287.30000004
2025-08-01 09:23:45 AM,1888.0,156,294528.0,115763815.30000004
2025-08-01 09:23:46 AM,1888.7,33,62327.1,115826142.40000004
2025-08-01 09:23:48 AM,1888.9,102,192667.80000000002,116018810.20000003
2025-08-01 09:23:48 AM,1890.0,0,0.0,116018810.20000003
2025-08-01 09:23:49 AM,1889.8,49,92600.2,116111410.40000004
2025-08-01 09:23:51 AM,1889.0,5,9445.0,116120855.40000004
2025-08-01 09:23:52 AM,1889.0,30,56670.0,116177525.40000004
2025-08-01 09:23:53 AM,1888.2,50,94410.0,116271935.40000004
2025-08-01 09:23:53 AM,1888.8,0,0.0,116271935.40000004
2025-08-01 09:23:54 AM,1888.0,55,103840.0,116375775.40000004
2025-08-01 09:23:55 AM,1889.4,0,0.0,116375775.40000004
2025-08-01 09:23:56 AM,1889.8,103,194649.4,116570424.80000004
2025-08-01 09:23:57 AM,1890.7,60,113442.0,116683866.80000004
2025-08-01 09:23:59 AM,1889.4,531,1003271.4,117687138.20000005
2025-08-01 09:24:00 AM,1889.6,0,0.0,117687138.20000005
2025-08-01 09:24:01 AM,1889.6,10,18896.0,117706034.20000005
2025-08-01 09:24:01 AM,1889.1,0,0.0,117706034.20000005
2025-08-01 09:24:02 AM,1889.1,200,377820.0,118083854.20000005
2025-08-01 09:24:02 AM,1889.3,0,0.0,118083854.20000005
2025-08-01 09:24:03 AM,1889.3,23,43453.9,118127308.10000005
2025-08-01 09:24:03 AM,1889.9,0,0.0,118127308.10000005
2025-08-01 09:24:03 AM,1890.5,141,266560.5,118393868.60000005
2025-08-01 09:24:05 AM,1890.4,1,1890.4,118395759.00000006
2025-08-01 09:24:07 AM,1890.6,0,0.0,118395759.00000006
2025-08-01 09:24:08 AM,1890.6,7,13234.199999999999,118408993.20000006
2025-08-01 09:24:08 AM,1890.2,8,15121.6,118424114.80000006
2025-08-01 09:24:09 AM,1890.6,2,3781.2,118427896.00000006
2025-08-01 09:24:11 AM,1890.4,2,3780.8,118431676.80000006
2025-08-01 09:24:12 AM,1890.4,2,3780.8,118435457.60000005
2025-08-01 09:24:13 AM,1890.0,10,18900.0,118454357.60000005
2025-08-01 09:24:14 AM,1890.4,1,1890.4,118456248.00000006
2025-08-01 09:24:15 AM,1890.4,20,37808.0,118494056.00000006
2025-08-01 09:24:15 AM,1890.4,1,1890.4,118495946.40000007
2025-08-01 09:24:17 AM,1890.4,1,1890.4,118497836.80000007
2025-08-01 09:24:19 AM,1890.4,54,102081.6,118599918.40000007
2025-08-01 09:24:21 AM,1890.4,200,378080.0,118977998.40000007
2025-08-01 09:24:21 AM,1890.7,15,28360.5,119006358.90000007
2025-08-01 09:24:22 AM,1890.4,0,0.0,119006358.90000007
2025-08-01 09:24:23 AM,1890.4,20,37808.0,119044166.90000007
2025-08-01 09:24:27 AM,1890.4,35,66164.0,119110330.90000007
2025-08-01 09:24:28 AM,1890.0,2056,3885840.0,122996170.90000007
2025-08-01 09:24:33 AM,1889.0,0,0.0,122996170.90000007
2025-08-01 09:24:34 AM,1889.0,33,62337.0,123058507.90000007
2025-08-01 09:24:34 AM,1889.4,0,0.0,123058507.90000007
2025-08-01 09:24:35 AM,1889.4,3,5668.200000000001,123064176.10000007
2025-08-01 09:24:35 AM,1889.1,0,0.0,123064176.10000007
2025-08-01 09:24:36 AM,1889.4,21,39677.4,123103853.50000007
2025-08-01 09:24:37 AM,1889.1,4,7556.4,123111409.90000008
2025-08-01 09:24:38 AM,1889.4,2,3778.8,123115188.70000008
2025-08-01 09:24:40 AM,1889.4,3,5668.200000000001,123120856.90000008
2025-08-01 09:24:41 AM,1886.0,0,0.0,123120856.90000008
2025-08-01 09:24:41 AM,1887.2,2560,4831232.0,127952088.90000008
2025-08-01 09:24:42 AM,1888.0,0,0.0,127952088.90000008
2025-08-01 09:24:43 AM,1888.0,200,377600.0,128329688.90000008
2025-08-01 09:24:44 AM,1887.4,0,0.0,128329688.90000008
2025-08-01 09:24:45 AM,1887.4,26,49072.4,128378761.30000009
2025-08-01 09:24:46 AM,1887.4,1,1887.4,128380648.70000009
2025-08-01 09:24:46 AM,1887.6,0,0.0,128380648.70000009
2025-08-01 09:24:46 AM,1888.0,0,0.0,128380648.70000009
2025-08-01 09:24:46 AM,1888.0,608,1147904.0,129528552.70000009
2025-08-01 09:24:47 AM,1888.0,4,7552.0,129536104.70000009
2025-08-01 09:24:48 AM,1887.7,1850,3492245.0,133028349.70000009
2025-08-01 09:24:50 AM,1886.5,131,247131.5,133275481.20000009
2025-08-01 09:24:51 AM,1887.4,12,22648.800000000003,133298130.00000009
2025-08-01 09:24:52 AM,1887.2,1,1887.2,133300017.20000009
2025-08-01 09:24:53 AM,1886.9,47,88684.3,133388701.50000009
2025-08-01 09:24:54 AM,1886.3,111,209379.3,133598080.80000009
2025-08-01 09:24:55 AM,1885.7,135,254569.5,133852650.30000009
2025-08-01 09:24:56 AM,1886.3,103,194288.9,134046939.20000009
2025-08-01 09:24:57 AM,1887.1,43,81145.3,134128084.50000009
2025-08-01 09:24:59 AM,1886.7,0,0.0,134128084.50000009
2025-08-01 09:25:00 AM,1886.7,4,7546.8,134135631.30000009
2025-08-01 09:25:00 AM,1887.4,0,0.0,134135631.30000009
2025-08-01 09:25:01 AM,1886.7,72,135842.4,134271473.70000008
2025-08-01 09:25:01 AM,1887.2,0,0.0,134271473.70000008
2025-08-01 09:25:01 AM,1887.2,100,188720.0,134460193.70000008
2025-08-01 09:25:02 AM,1886.8,0,0.0,134460193.70000008
2025-08-01 09:25:02 AM,1886.8,20,37736.0,134497929.70000008
2025-08-01 09:25:05 AM,1886.7,0,0.0,134497929.70000008
2025-08-01 09:25:05 AM,1887.7,0,0.0,134497929.70000008
2025-08-01 09:25:06 AM,1887.7,51,96272.7,134594202.40000007
2025-08-01 09:25:06 AM,1886.6,0,0.0,134594202.40000007
2025-08-01 09:25:07 AM,1886.6,4,7546.4,134601748.80000007
2025-08-01 09:25:07 AM,1887.7,0,0.0,134601748.80000007
2025-08-01 09:25:08 AM,1887.7,25,47192.5,134648941.30000007
2025-08-01 09:25:12 AM,1887.0,0,0.0,134648941.30000007
2025-08-01 09:25:12 AM,1887.0,5,9435.0,134658376.30000007
2025-08-01 09:25:14 AM,1887.0,13,24531.0,134682907.30000007
2025-08-01 09:25:16 AM,1887.0,2,3774.0,134686681.30000007
2025-08-01 09:25:16 AM,1886.8,0,0.0,134686681.30000007
2025-08-01 09:25:17 AM,1886.8,13,24528.399999999998,134711209.70000008
2025-08-01 09:25:17 AM,1886.6,0,0.0,134711209.70000008
2025-08-01 09:25:18 AM,1886.6,28,52824.799999999996,134764034.5000001
2025-08-01 09:25:19 AM,1886.6,572,1079135.2,135843169.70000008
2025-08-01 09:25:19 AM,1886.9,0,0.0,135843169.70000008
2025-08-01 09:25:20 AM,1886.9,1470,2773743.0,138616912.70000008
2025-08-01 09:25:22 AM,1886.0,53,99958.0,138716870.70000008
2025-08-01 09:25:22 AM,1886.7,0,0.0,138716870.70000008
2025-08-01 09:25:23 AM,1886.7,25,47167.5,138764038.20000008
2025-08-01 09:25:25 AM,1886.7,1,1886.7,138765924.90000007
2025-08-01 09:25:25 AM,1886.7,35,66034.5,138831959.40000007
2025-08-01 09:25:26 AM,1886.6,4,7546.4,138839505.80000007
2025-08-01 09:25:26 AM,1886.7,0,0.0,138839505.80000007
2025-08-01 09:25:27 AM,1886.7,1,1886.7,138841392.50000006
2025-08-01 09:25:27 AM,1886.8,0,0.0,138841392.50000006
2025-08-01 09:25:27 AM,1886.8,220,415096.0,139256488.50000006
2025-08-01 09:25:28 AM,1886.5,0,0.0,139256488.50000006
2025-08-01 09:25:28 AM,1886.5,52,98098.0,139354586.50000006
2025-08-01 09:25:29 AM,1886.9,0,0.0,139354586.50000006
2025-08-01 09:25:29 AM,1886.9,1543,2911486.7,142266073.20000005
2025-08-01 09:25:30 AM,1886.8,0,0.0,142266073.20000005
2025-08-01 09:25:31 AM,1886.8,60,113208.0,142379281.20000005
2025-08-01 09:25:32 AM,1887.5,0,0.0,142379281.20000005
2025-08-01 09:25:33 AM,1887.5,10,18875.0,142398156.20000005
2025-08-01 09:25:33 AM,1887.5,50,94375.0,142492531.20000005
2025-08-01 09:25:37 AM,1887.5,1,1887.5,142494418.70000005
2025-08-01 09:25:38 AM,1886.8,15,28302.0,142522720.70000005
2025-08-01 09:25:39 AM,1887.3,25,47182.5,142569903.20000005
2025-08-01 09:25:40 AM,1887.3,5,9436.5,142579339.70000005
2025-08-01 09:25:44 AM,1886.8,0,0.0,142579339.70000005
2025-08-01 09:25:44 AM,1886.8,73,137736.4,142717076.10000005
2025-08-01 09:25:45 AM,1886.7,0,0.0,142717076.10000005
2025-08-01 09:25:45 AM,1886.7,1,1886.7,142718962.80000004
2025-08-01 09:25:46 AM,1886.0,0,0.0,142718962.80000004
2025-08-01 09:25:46 AM,1886.8,206,388680.8,143107643.60000005
2025-08-01 09:25:47 AM,1886.1,15,28291.5,143135935.10000005
2025-08-01 09:25:48 AM,1886.8,5,9434.0,143145369.10000005
2025-08-01 09:25:50 AM,1886.8,1,1886.8,143147255.90000007
2025-08-01 09:25:52 AM,1886.3,83,156562.9,143303818.80000007
2025-08-01 09:25:53 AM,1886.3,11,20749.3,143324568.10000008
2025-08-01 09:25:54 AM,1886.2,15,28293.0,143352861.10000008
2025-08-01 09:25:55 AM,1886.5,63,118849.5,143471710.60000008
2025-08-01 09:25:56 AM,1886.3,2,3772.6,143475483.20000008
2025-08-01 09:25:58 AM,1886.3,1,1886.3,143477369.5000001
2025-08-01 09:25:58 AM,1886.5,0,0.0,143477369.5000001
2025-08-01 09:25:59 AM,1886.5,10,18865.0,143496234.5000001
2025-08-01 09:26:03 AM,1886.2,0,0.0,143496234.5000001
2025-08-01 09:26:04 AM,1886.2,125,235775.0,143732009.5000001
2025-08-01 09:26:06 AM,1886.2,123,232002.6,143964012.10000008
2025-08-01 09:26:10 AM,1885.0,0,0.0,143964012.10000008
2025-08-01 09:26:10 AM,1885.3,0,0.0,143964012.10000008
2025-08-01 09:26:12 AM,1885.3,1906,3593381.8,147557393.9000001
2025-08-01 09:26:14 AM,1885.3,1027,1936203.0999999999,149493597.0000001
2025-08-01 09:26:17 AM,1885.2,0,0.0,149493597.0000001
2025-08-01 09:26:19 AM,1885.0,185,348725.0,149842322.0000001
2025-08-01 09:26:21 AM,1884.1,96,180873.59999999998,150023195.60000008
2025-08-01 09:26:27 AM,1885.0,86,162110.0,150185305.60000008
2025-08-01 09:26:29 AM,1885.0,26,49010.0,150234315.60000008
2025-08-01 09:26:29 AM,1884.1,0,0.0,150234315.60000008
2025-08-01 09:26:32 AM,1885.5,0,0.0,150234315.60000008
2025-08-01 09:26:35 AM,1885.7,1008,1900785.6,152135101.20000008
2025-08-01 09:26:35 AM,1885.8,0,0.0,152135101.20000008
2025-08-01 09:26:37 AM,1885.8,1,1885.8,152136987.0000001
2025-08-01 09:26:38 AM,1885.0,0,0.0,152136987.0000001
2025-08-01 09:26:41 AM,1885.1,0,0.0,152136987.0000001
2025-08-01 09:26:42 AM,1885.1,194,365709.39999999997,152502696.4000001
2025-08-01 09:26:44 AM,1885.0,5,9425.0,152512121.4000001
2025-08-01 09:26:47 AM,1885.1,0,0.0,152512121.4000001
2025-08-01 09:26:50 AM,1885.1,2065,3892731.5,156404852.9000001
2025-08-01 09:26:50 AM,1886.3,0,0.0,156404852.9000001
2025-08-01 09:26:51 AM,1886.3,6,11317.8,156416170.7000001
2025-08-01 09:26:54 AM,1885.3,0,0.0,156416170.7000001
2025-08-01 09:26:56 AM,1885.1,0,0.0,156416170.7000001
2025-08-01 09:26:57 AM,1885.1,159,299730.89999999997,156715901.6000001
2025-08-01 09:27:01 AM,1886.4,0,0.0,156715901.6000001
2025-08-01 09:27:02 AM,1886.4,14,26409.600000000002,156742311.2000001
2025-08-01 09:27:02 AM,1886.8,0,0.0,156742311.2000001
2025-08-01 09:27:04 AM,1886.7,0,0.0,156742311.2000001
2025-08-01 09:27:05 AM,1887.3,0,0.0,156742311.2000001
2025-08-01 09:27:06 AM,1887.3,322,607710.6,157350021.8000001
2025-08-01 09:27:07 AM,1887.3,500,943650.0,158293671.8000001
2025-08-01 09:27:11 AM,1887.0,0,0.0,158293671.8000001
2025-08-01 09:27:12 AM,1887.3,403,760581.9,159054253.7000001
2025-08-01 09:27:14 AM,1887.3,2,3774.6,159058028.3000001
2025-08-01 09:27:14 AM,1888.0,0,0.0,159058028.3000001
2025-08-01 09:27:15 AM,1888.1,981,1852226.0999999999,160910254.4000001
2025-08-01 09:27:17 AM,1886.8,0,0.0,160910254.4000001
2025-08-01 09:27:18 AM,1885.9,0,0.0,160910254.4000001
2025-08-01 09:27:18 AM,1885.9,2697,5086272.3,165996526.7000001
2025-08-01 09:27:19 AM,1886.9,0,0.0,165996526.7000001
2025-08-01 09:27:20 AM,1886.9,235,443421.5,166439948.2000001
2025-08-01 09:27:21 AM,1887.7,100,188770.0,166628718.2000001
2025-08-01 09:27:23 AM,1887.3,0,0.0,166628718.2000001
2025-08-01 09:27:24 AM,1887.4,6,11324.400000000001,166640042.6000001
2025-08-01 09:27:25 AM,1887.8,0,0.0,166640042.6000001
2025-08-01 09:27:26 AM,1887.4,0,0.0,166640042.6000001
2025-08-01 09:27:28 AM,1887.0,318,600066.0,167240108.6000001
2025-08-01 09:27:31 AM,1886.6,0,0.0,167240108.6000001
2025-08-01 09:27:34 AM,1886.6,5,9433.0,167249541.6000001
2025-08-01 09:27:36 AM,1886.7,0,0.0,167249541.6000001
2025-08-01 09:27:37 AM,1886.7,87,164142.9,167413684.50000012
2025-08-01 09:27:38 AM,1888.0,0,0.0,167413684.50000012
2025-08-01 09:27:39 AM,1888.0,28,52864.0,167466548.50000012
2025-08-01 09:27:40 AM,1888.0,53,100064.0,167566612.50000012
2025-08-01 09:27:41 AM,1887.3,0,0.0,167566612.50000012
2025-08-01 09:27:42 AM,1887.3,98,184955.4,167751567.90000013
2025-08-01 09:27:46 AM,1887.3,100,188730.0,167940297.90000013
2025-08-01 09:27:47 AM,1886.6,0,0.0,167940297.90000013
2025-08-01 09:27:48 AM,1886.6,12,22639.199999999997,167962937.1000001
2025-08-01 09:27:49 AM,1886.7,50,94335.0,168057272.1000001
2025-08-01 09:27:51 AM,1886.7,36,67921.2,168125193.3000001
2025-08-01 09:27:52 AM,1886.7,25,47167.5,168172360.8000001
2025-08-01 09:27:53 AM,1886.6,0,0.0,168172360.8000001
2025-08-01 09:27:54 AM,1886.6,10,18866.0,168191226.8000001
2025-08-01 09:27:56 AM,1886.6,21,39618.6,168230845.4000001
2025-08-01 09:27:57 AM,1885.0,0,0.0,168230845.4000001
2025-08-01 09:27:58 AM,1884.9,0,0.0,168230845.4000001
2025-08-01 09:27:59 AM,1884.6,2518,4745422.8,172976268.2000001
2025-08-01 09:28:00 AM,1884.6,25,47115.0,173023383.2000001
2025-08-01 09:28:01 AM,1884.5,5,9422.5,173032805.7000001
2025-08-01 09:28:01 AM,1884.4,0,0.0,173032805.7000001
2025-08-01 09:28:01 AM,1884.4,8,15075.2,173047880.9000001
2025-08-01 09:28:02 AM,1883.7,49,92301.3,173140182.2000001
2025-08-01 09:28:03 AM,1883.3,1,1883.3,173142065.50000012
2025-08-01 09:28:04 AM,1882.8,95,178866.0,173320931.50000012
2025-08-01 09:28:05 AM,1882.0,100,188200.0,173509131.50000012
2025-08-01 09:28:05 AM,1882.7,0,0.0,173509131.50000012
2025-08-01 09:28:06 AM,1882.7,102,192035.4,173701166.90000013
2025-08-01 09:28:06 AM,1882.0,17,31994.0,173733160.90000013
2025-08-01 09:28:08 AM,1882.6,712,1340411.2,175073572.1000001
2025-08-01 09:28:11 AM,1882.7,5,9413.5,175082985.6000001
2025-08-01 09:28:11 AM,1882.7,67,126140.90000000001,175209126.50000012
2025-08-01 09:28:12 AM,1882.8,668,1257710.4,176466836.90000013
2025-08-01 09:28:12 AM,1883.1,0,0.0,176466836.90000013
2025-08-01 09:28:12 AM,1882.2,0,0.0,176466836.90000013
2025-08-01 09:28:13 AM,1882.8,282,530949.6,176997786.50000012
2025-08-01 09:28:14 AM,1883.4,0,0.0,176997786.50000012
2025-08-01 09:28:15 AM,1883.4,919,1730844.6,178728631.1000001
2025-08-01 09:28:15 AM,1884.6,0,0.0,178728631.1000001
2025-08-01 09:28:15 AM,1884.6,7,13192.199999999999,178741823.3000001
2025-08-01 09:28:16 AM,1884.4,80,150752.0,178892575.3000001
2025-08-01 09:28:17 AM,1883.9,0,0.0,178892575.3000001
2025-08-01 09:28:18 AM,1884.0,11,20724.0,178913299.3000001
2025-08-01 09:28:18 AM,1884.1,0,0.0,178913299.3000001
2025-08-01 09:28:19 AM,1884.1,50,94205.0,179007504.3000001
2025-08-01 09:28:19 AM,1884.3,21,39570.299999999996,179047074.6000001
2025-08-01 09:28:20 AM,1884.7,0,0.0,179047074.6000001
2025-08-01 09:28:21 AM,1884.7,1,1884.7,179048959.3000001
2025-08-01 09:28:22 AM,1884.5,5,9422.5,179058381.8000001
2025-08-01 09:28:23 AM,1883.3,9,16949.7,179075331.5000001
2025-08-01 09:28:23 AM,1884.3,31,58413.299999999996,179133744.8000001
2025-08-01 09:28:25 AM,1884.2,2,3768.4,179137513.2000001
2025-08-01 09:28:26 AM,1884.3,1,1884.3,179139397.50000012
2025-08-01 09:28:26 AM,1883.3,10,18833.0,179158230.50000012
2025-08-01 09:28:26 AM,1883.2,0,0.0,179158230.50000012
2025-08-01 09:28:27 AM,1882.9,100,188290.0,179346520.50000012
2025-08-01 09:28:28 AM,1883.2,1,1883.2,179348403.7000001
2025-08-01 09:28:29 AM,1883.2,214,403004.8,179751408.50000012
2025-08-01 09:28:30 AM,1883.2,27,50846.4,179802254.90000013
2025-08-01 09:28:31 AM,1883.2,4,7532.8,179809787.70000014
2025-08-01 09:28:31 AM,1883.2,60,112992.0,179922779.70000014
2025-08-01 09:28:34 AM,1883.2,664,1250444.8,181173224.50000015
2025-08-01 09:28:37 AM,1883.3,16,30132.8,181203357.30000016
2025-08-01 09:28:39 AM,1883.2,0,0.0,181203357.30000016
2025-08-01 09:28:40 AM,1882.5,3,5647.5,181209004.80000016
2025-08-01 09:28:41 AM,1882.3,0,0.0,181209004.80000016
2025-08-01 09:28:42 AM,1882.3,130,244699.0,181453703.80000016
2025-08-01 09:28:44 AM,1883.2,0,0.0,181453703.80000016
2025-08-01 09:28:44 AM,1883.0,18,33894.0,181487597.80000016
2025-08-01 09:28:44 AM,1883.2,200,376640.0,181864237.80000016
2025-08-01 09:28:46 AM,1883.0,0,0.0,181864237.80000016
2025-08-01 09:28:46 AM,1883.0,870,1638210.0,183502447.80000016
2025-08-01 09:28:50 AM,1883.2,0,0.0,183502447.80000016
2025-08-01 09:28:51 AM,1883.2,1,1883.2,183504331.00000015
2025-08-01 09:28:53 AM,1883.2,4,7532.8,183511863.80000016
2025-08-01 09:28:53 AM,1882.8,17,32007.6,183543871.40000015
2025-08-01 09:28:54 AM,1883.2,30,56496.0,183600367.40000015
2025-08-01 09:28:54 AM,1883.4,0,0.0,183600367.40000015
2025-08-01 09:28:55 AM,1883.4,90,169506.0,183769873.40000015
2025-08-01 09:28:56 AM,1883.6,0,0.0,183769873.40000015
2025-08-01 09:28:56 AM,1883.6,57,107365.2,183877238.60000014
2025-08-01 09:28:58 AM,1882.3,0,0.0,183877238.60000014
2025-08-01 09:28:58 AM,1882.3,1131,2128881.3,186006119.90000015
2025-08-01 09:29:01 AM,1882.9,10,18829.0,186024948.90000015
2025-08-01 09:29:02 AM,1882.0,303,570246.0,186595194.90000015
2025-08-01 09:29:02 AM,1882.6,0,0.0,186595194.90000015
2025-08-01 09:29:03 AM,1882.6,51,96012.59999999999,186691207.50000015
2025-08-01 09:29:03 AM,1882.0,4,7528.0,186698735.50000015
2025-08-01 09:29:04 AM,1882.6,1,1882.6,186700618.10000014
2025-08-01 09:29:04 AM,1882.8,2048,3855974.4,190556592.50000015
2025-08-01 09:29:07 AM,1882.0,0,0.0,190556592.50000015
2025-08-01 09:29:08 AM,1882.0,128,240896.0,190797488.50000015
2025-08-01 09:29:09 AM,1881.9,1235,2324146.5,193121635.00000015
2025-08-01 09:29:10 AM,1882.0,100,188200.0,193309835.00000015
2025-08-01 09:29:10 AM,1881.5,800,1505200.0,194815035.00000015
2025-08-01 09:29:11 AM,1882.8,0,0.0,194815035.00000015
2025-08-01 09:29:11 AM,1882.8,83,156272.4,194971307.40000015
2025-08-01 09:29:16 AM,1882.8,9,16945.2,194988252.60000014
2025-08-01 09:29:18 AM,1882.8,10,18828.0,195007080.60000014
2025-08-01 09:29:18 AM,1882.0,0,0.0,195007080.60000014
2025-08-01 09:29:19 AM,1882.0,28,52696.0,195059776.60000014
2025-08-01 09:29:19 AM,1882.0,16,30112.0,195089888.60000014
2025-08-01 09:29:19 AM,1882.6,0,0.0,195089888.60000014
2025-08-01 09:29:20 AM,1882.6,100,188260.0,195278148.60000014
2025-08-01 09:29:22 AM,1882.6,25,47065.0,195325213.60000014
2025-08-01 09:29:23 AM,1882.6,12,22591.199999999997,195347804.80000013
2025-08-01 09:29:26 AM,1882.6,1,1882.6,195349687.40000013
2025-08-01 09:29:26 AM,1882.6,50,94130.0,195443817.40000013
2025-08-01 09:29:27 AM,1882.6,7,13178.199999999999,195456995.6000001
2025-08-01 09:29:28 AM,1882.6,25,47065.0,195504060.6000001
2025-08-01 09:29:29 AM,1882.5,59,111067.5,195615128.1000001
2025-08-01 09:29:33 AM,1882.6,1,1882.6,195617010.7000001
2025-08-01 09:29:35 AM,1882.6,1,1882.6,195618893.3000001
2025-08-01 09:29:36 AM,1882.6,20,37652.0,195656545.3000001
2025-08-01 09:29:38 AM,1882.4,26,48942.4,195705487.7000001
2025-08-01 09:29:39 AM,1882.4,23,43295.200000000004,195748782.9000001
2025-08-01 09:29:41 AM,1882.4,20,37648.0,195786430.9000001
2025-08-01 09:29:43 AM,1882.0,5,9410.0,195795840.9000001
2025-08-01 09:29:44 AM,1882.3,0,0.0,195795840.9000001
2025-08-01 09:29:45 AM,1882.3,3,5646.9,195801487.8000001
2025-08-01 09:29:46 AM,1881.9,27,50811.3,195852299.1000001
2025-08-01 09:29:47 AM,1881.9,17,31992.300000000003,195884291.40000013
2025-08-01 09:29:48 AM,1881.9,1,1881.9,195886173.30000013
2025-08-01 09:29:48 AM,1881.9,20,37638.0,195923811.30000013
2025-08-01 09:29:49 AM,1881.9,323,607853.7000000001,196531665.00000012
2025-08-01 09:29:55 AM,1882.0,0,0.0,196531665.00000012
2025-08-01 09:29:56 AM,1882.0,103,193846.0,196725511.00000012
2025-08-01 09:29:57 AM,1882.0,177,333114.0,197058625.00000012
2025-08-01 09:29:59 AM,1881.9,0,0.0,197058625.00000012
2025-08-01 09:29:59 AM,1882.2,71,133636.2,197192261.2000001
2025-08-01 09:30:00 AM,1881.9,258,485530.2,197677791.4000001
2025-08-01 09:30:04 AM,1882.2,0,0.0,197677791.4000001
2025-08-01 09:30:07 AM,1881.5,542,1019773.0,198697564.4000001
2025-08-01 09:30:12 AM,1882.2,0,0.0,198697564.4000001
2025-08-01 09:30:14 AM,1882.0,75,141150.0,198838714.4000001
2025-08-01 09:30:19 AM,1879.9,0,0.0,198838714.4000001
2025-08-01 09:30:22 AM,1880.3,2824,5309967.2,204148681.60000008
2025-08-01 09:30:23 AM,1880.0,204,383520.0,204532201.60000008
2025-08-01 09:30:26 AM,1879.1,0,0.0,204532201.60000008
2025-08-01 09:30:29 AM,1879.1,585,1099273.5,205631475.10000008
2025-08-01 09:30:30 AM,1879.1,33,62010.299999999996,205693485.4000001
2025-08-01 09:30:37 AM,1879.1,36,67647.59999999999,205761133.0000001
2025-08-01 09:30:37 AM,1878.4,5,9392.0,205770525.0000001
2025-08-01 09:30:40 AM,1880.1,0,0.0,205770525.0000001
2025-08-01 09:30:44 AM,1881.0,743,1397583.0,207168108.0000001
2025-08-01 09:30:45 AM,1881.0,1,1881.0,207169989.0000001
2025-08-01 09:30:47 AM,1880.9,0,0.0,207169989.0000001
2025-08-01 09:30:51 AM,1880.5,967,1818443.5,208988432.5000001
2025-08-01 09:30:52 AM,1880.6,75,141045.0,209129477.5000001
2025-08-01 09:30:56 AM,1880.5,0,0.0,209129477.5000001
2025-08-01 09:30:59 AM,1881.0,466,876546.0,210006023.5000001
2025-08-01 09:31:01 AM,1879.6,0,0.0,210006023.5000001
2025-08-01 09:31:01 AM,1879.6,257,483057.19999999995,210489080.70000008
2025-08-01 09:31:01 AM,1879.8,0,0.0,210489080.70000008
2025-08-01 09:31:02 AM,1879.8,51,95869.8,210584950.5000001
2025-08-01 09:31:03 AM,1879.1,2,3758.2,210588708.70000008
2025-08-01 09:31:04 AM,1879.1,2,3758.2,210592466.90000007
2025-08-01 09:31:04 AM,1881.0,92,173052.0,210765518.90000007
2025-08-01 09:31:05 AM,1881.0,50,94050.0,210859568.90000007
2025-08-01 09:31:06 AM,1880.6,0,0.0,210859568.90000007
2025-08-01 09:31:06 AM,1881.2,1343,2526451.6,213386020.50000006
2025-08-01 09:31:07 AM,1881.0,36,67716.0,213453736.50000006
2025-08-01 09:31:08 AM,1882.0,511,961702.0,214415438.50000006
2025-08-01 09:31:09 AM,1882.0,38,71516.0,214486954.50000006
2025-08-01 09:31:12 AM,1881.7,15,28225.5,214515180.00000006
2025-08-01 09:31:12 AM,1882.6,97,182612.19999999998,214697792.20000005
2025-08-01 09:31:13 AM,1884.0,75,141300.0,214839092.20000005
2025-08-01 09:31:14 AM,1884.7,1,1884.7,214840976.90000004
2025-08-01 09:31:17 AM,1885.0,135,254475.0,215095451.90000004
2025-08-01 09:31:19 AM,1886.7,1000,1886700.0,216982151.90000004
2025-08-01 09:31:20 AM,1885.0,22,41470.0,217023621.90000004
2025-08-01 09:31:21 AM,1886.0,41,77326.0,217100947.90000004
2025-08-01 09:31:22 AM,1886.2,0,0.0,217100947.90000004
2025-08-01 09:31:23 AM,1886.2,100,188620.0,217289567.90000004
2025-08-01 09:31:24 AM,1886.2,10,18862.0,217308429.90000004
2025-08-01 09:31:24 AM,1886.0,0,0.0,217308429.90000004
2025-08-01 09:31:24 AM,1886.0,1,1886.0,217310315.90000004
2025-08-01 09:31:25 AM,1886.2,0,0.0,217310315.90000004
2025-08-01 09:31:26 AM,1886.2,6,11317.2,217321633.10000002
2025-08-01 09:31:27 AM,1886.2,4,7544.8,217329177.90000004
2025-08-01 09:31:28 AM,1887.3,15,28309.5,217357487.40000004
2025-08-01 09:31:30 AM,1887.3,6,11323.8,217368811.20000005
2025-08-01 09:31:31 AM,1887.3,47,88703.09999999999,217457514.30000004
2025-08-01 09:31:31 AM,1886.2,0,0.0,217457514.30000004
2025-08-01 09:31:32 AM,1886.2,250,471550.0,217929064.30000004
2025-08-01 09:31:34 AM,1887.3,0,0.0,217929064.30000004
2025-08-01 09:31:35 AM,1887.3,25,47182.5,217976246.80000004
2025-08-01 09:31:36 AM,1887.3,1,1887.3,217978134.10000005
2025-08-01 09:31:37 AM,1887.3,5,9436.5,217987570.60000005
2025-08-01 09:31:38 AM,1887.3,18,33971.4,218021542.00000006
2025-08-01 09:31:40 AM,1887.3,10,18873.0,218040415.00000006
2025-08-01 09:31:40 AM,1888.7,0,0.0,218040415.00000006
2025-08-01 09:31:41 AM,1887.8,0,0.0,218040415.00000006
2025-08-01 09:31:41 AM,1887.8,399,753232.2,218793647.20000005
2025-08-01 09:31:41 AM,1888.7,10,18887.0,218812534.20000005
2025-08-01 09:31:41 AM,1887.6,0,0.0,218812534.20000005
2025-08-01 09:31:42 AM,1887.2,261,492559.2,219305093.40000004
2025-08-01 09:31:43 AM,1887.2,103,194381.6,219499475.00000003
2025-08-01 09:31:43 AM,1887.3,0,0.0,219499475.00000003
2025-08-01 09:31:44 AM,1887.5,0,0.0,219499475.00000003
2025-08-01 09:31:44 AM,1886.4,392,739468.8,220238943.80000004
2025-08-01 09:31:44 AM,1886.0,0,0.0,220238943.80000004
2025-08-01 09:31:45 AM,1886.5,0,0.0,220238943.80000004
2025-08-01 09:31:45 AM,1886.4,265,499896.0,220738839.80000004
2025-08-01 09:31:46 AM,1886.5,0,0.0,220738839.80000004
2025-08-01 09:31:46 AM,1886.5,3,5659.5,220744499.30000004
2025-08-01 09:31:48 AM,1886.6,35,66031.0,220810530.30000004
2025-08-01 09:31:49 AM,1887.3,0,0.0,220810530.30000004
2025-08-01 09:31:49 AM,1887.3,11,20760.3,220831290.60000005
2025-08-01 09:31:53 AM,1887.5,89,167987.5,220999278.10000005
2025-08-01 09:31:55 AM,1887.2,1,1887.2,221001165.30000004
2025-08-01 09:31:56 AM,1888.2,1,1888.2,221003053.50000003
2025-08-01 09:31:58 AM,1888.7,0,0.0,221003053.50000003
2025-08-01 09:31:59 AM,1888.7,81,152984.7,221156038.20000002
2025-08-01 09:32:01 AM,1889.6,4,7558.4,221163596.60000002
2025-08-01 09:32:02 AM,1890.0,244,461160.0,221624756.60000002
2025-08-01 09:32:02 AM,1889.8,0,0.0,221624756.60000002
2025-08-01 09:32:03 AM,1889.7,0,0.0,221624756.60000002
2025-08-01 09:32:03 AM,1889.7,162,306131.4,221930888.00000003
2025-08-01 09:32:04 AM,1889.7,111,209756.7,222140644.70000002
2025-08-01 09:32:05 AM,1890.0,25,47250.0,222187894.70000002
2025-08-01 09:32:06 AM,1890.4,7,13232.800000000001,222201127.50000003
2025-08-01 09:32:06 AM,1890.4,5,9452.0,222210579.50000003
2025-08-01 09:32:07 AM,1890.0,6,11340.0,222221919.50000003
2025-08-01 09:32:08 AM,1890.4,45,85068.0,222306987.50000003
2025-08-01 09:32:09 AM,1889.4,182,343870.8,222650858.30000004
2025-08-01 09:32:10 AM,1890.4,0,0.0,222650858.30000004
2025-08-01 09:32:10 AM,1890.4,3,5671.200000000001,222656529.50000003
2025-08-01 09:32:12 AM,1890.7,127,240118.9,222896648.40000004
2025-08-01 09:32:13 AM,1891.7,1,1891.7,222898540.10000002
2025-08-01 09:32:14 AM,1890.6,0,0.0,222898540.10000002
2025-08-01 09:32:15 AM,1890.6,62,117217.2,223015757.3
2025-08-01 09:32:16 AM,1890.5,0,0.0,223015757.3
2025-08-01 09:32:17 AM,1891.2,103,194793.6,223210550.9
2025-08-01 09:32:18 AM,1891.4,10,18914.0,223229464.9
2025-08-01 09:32:21 AM,1890.7,1,1890.7,223231355.6
2025-08-01 09:32:21 AM,1891.2,0,0.0,223231355.6
2025-08-01 09:32:22 AM,1890.4,167,315696.8,223547052.4
2025-08-01 09:32:22 AM,1891.0,100,189100.0,223736152.4
2025-08-01 09:32:23 AM,1890.8,0,0.0,223736152.4
2025-08-01 09:32:24 AM,1889.6,351,663249.6,224399402.0
2025-08-01 09:32:25 AM,1889.9,50,94495.0,224493897.0
2025-08-01 09:32:27 AM,1890.6,5,9453.0,224503350.0
2025-08-01 09:32:28 AM,1891.1,185,349853.5,224853203.5
2025-08-01 09:32:30 AM,1891.4,520,983528.0,225836731.5
2025-08-01 09:32:32 AM,1891.8,0,0.0,225836731.5
2025-08-01 09:32:33 AM,1892.1,0,0.0,225836731.5
2025-08-01 09:32:33 AM,1892.1,445,841984.5,226678716.0
2025-08-01 09:32:34 AM,1892.9,75,141967.5,226820683.5
2025-08-01 09:32:34 AM,1892.5,0,0.0,226820683.5
2025-08-01 09:32:35 AM,1892.5,324,613170.0,227433853.5
2025-08-01 09:32:36 AM,1891.9,1,1891.9,227435745.4
2025-08-01 09:32:37 AM,1892.6,1,1892.6,227437638.0
2025-08-01 09:32:37 AM,1891.6,0,0.0,227437638.0
2025-08-01 09:32:38 AM,1891.6,41,77555.59999999999,227515193.6
2025-08-01 09:32:38 AM,1891.0,25,47275.0,227562468.6
2025-08-01 09:32:38 AM,1890.8,0,0.0,227562468.6
2025-08-01 09:32:39 AM,1890.1,0,0.0,227562468.6
2025-08-01 09:32:39 AM,1890.9,35,66181.5,227628650.1
2025-08-01 09:32:39 AM,1890.9,50,94545.0,227723195.1
2025-08-01 09:32:41 AM,1890.0,0,0.0,227723195.1
2025-08-01 09:32:42 AM,1890.5,27,51043.5,227774238.6
2025-08-01 09:32:44 AM,1890.5,35,66167.5,227840406.1
2025-08-01 09:32:44 AM,1891.0,0,0.0,227840406.1
2025-08-01 09:32:45 AM,1891.0,25,47275.0,227887681.1
2025-08-01 09:32:45 AM,1891.0,1,1891.0,227889572.1
2025-08-01 09:32:46 AM,1890.9,21,39708.9,227929281.0
2025-08-01 09:32:50 AM,1891.8,0,0.0,227929281.0
2025-08-01 09:32:51 AM,1891.8,10,18918.0,227948199.0
2025-08-01 09:32:51 AM,1892.1,0,0.0,227948199.0
2025-08-01 09:32:52 AM,1892.1,150,283815.0,228232014.0
2025-08-01 09:32:52 AM,1890.9,0,0.0,228232014.0
2025-08-01 09:32:53 AM,1890.9,175,330907.5,228562921.5
2025-08-01 09:32:54 AM,1891.7,0,0.0,228562921.5
2025-08-01 09:32:54 AM,1891.7,25,47292.5,228610214.0
2025-08-01 09:32:55 AM,1889.0,0,0.0,228610214.0
2025-08-01 09:32:55 AM,1889.0,1199,2264911.0,230875125.0
2025-08-01 09:32:56 AM,1889.4,0,0.0,230875125.0
2025-08-01 09:32:56 AM,1889.4,133,251290.2,231126415.2
2025-08-01 09:32:57 AM,1889.1,0,0.0,231126415.2
2025-08-01 09:32:57 AM,1889.1,20,37782.0,231164197.2
2025-08-01 09:32:59 AM,1889.5,0,0.0,231164197.2
2025-08-01 09:32:59 AM,1889.5,87,164386.5,231328583.7
2025-08-01 09:33:01 AM,1890.6,0,0.0,231328583.7
2025-08-01 09:33:01 AM,1890.6,21,39702.6,231368286.29999998
2025-08-01 09:33:02 AM,1890.4,0,0.0,231368286.29999998
2025-08-01 09:33:02 AM,1890.1,274,517887.39999999997,231886173.7
2025-08-01 09:33:04 AM,1889.1,0,0.0,231886173.7
2025-08-01 09:33:04 AM,1889.9,35,66146.5,231952320.2
2025-08-01 09:33:06 AM,1889.8,1,1889.8,231954210.0
2025-08-01 09:33:07 AM,1889.5,2,3779.0,231957989.0
2025-08-01 09:33:07 AM,1889.0,0,0.0,231957989.0
2025-08-01 09:33:07 AM,1889.0,20,37780.0,231995769.0
2025-08-01 09:33:09 AM,1889.4,0,0.0,231995769.0
2025-08-01 09:33:10 AM,1889.4,10,18894.0,232014663.0
2025-08-01 09:33:10 AM,1888.0,0,0.0,232014663.0
2025-08-01 09:33:11 AM,1887.7,152,286930.4,232301593.4
2025-08-01 09:33:11 AM,1887.8,0,0.0,232301593.4
2025-08-01 09:33:12 AM,1887.8,1,1887.8,232303481.20000002
2025-08-01 09:33:13 AM,1887.4,1,1887.4,232305368.60000002
2025-08-01 09:33:14 AM,1887.0,58,109446.0,232414814.60000002
2025-08-01 09:33:14 AM,1887.4,1,1887.4,232416702.00000003
2025-08-01 09:33:16 AM,1887.4,1,1887.4,232418589.40000004
2025-08-01 09:33:21 AM,1887.4,31,58509.4,232477098.80000004
2025-08-01 09:33:23 AM,1887.3,0,0.0,232477098.80000004
2025-08-01 09:33:23 AM,1887.3,1,1887.3,232478986.10000005
2025-08-01 09:33:24 AM,1886.6,0,0.0,232478986.10000005
2025-08-01 09:33:25 AM,1886.6,1,1886.6,232480872.70000005
2025-08-01 09:33:25 AM,1887.3,60,113238.0,232594110.70000005
2025-08-01 09:33:25 AM,1887.7,0,0.0,232594110.70000005
2025-08-01 09:33:26 AM,1887.7,1,1887.7,232595998.40000004
2025-08-01 09:33:27 AM,1888.2,4,7552.8,232603551.20000005
2025-08-01 09:33:29 AM,1888.2,37,69863.40000000001,232673414.60000005
2025-08-01 09:33:32 AM,1889.7,25,47242.5,232720657.10000005
2025-08-01 09:33:33 AM,1888.2,41,77416.2,232798073.30000004
2025-08-01 09:33:35 AM,1888.0,0,0.0,232798073.30000004
2025-08-01 09:33:35 AM,1888.0,62,117056.0,232915129.30000004
2025-08-01 09:33:39 AM,1888.9,0,0.0,232915129.30000004
2025-08-01 09:33:40 AM,1888.9,36,68000.40000000001,232983129.70000005
2025-08-01 09:33:44 AM,1888.2,0,0.0,232983129.70000005
2025-08-01 09:33:44 AM,1888.2,10,18882.0,233002011.70000005
2025-08-01 09:33:44 AM,1888.9,0,0.0,233002011.70000005
2025-08-01 09:33:45 AM,1888.9,11,20777.9,233022789.60000005
2025-08-01 09:33:47 AM,1889.5,198,374121.0,233396910.60000005
2025-08-01 09:33:48 AM,1890.0,0,0.0,233396910.60000005
2025-08-01 09:33:49 AM,1890.0,10,18900.0,233415810.60000005
2025-08-01 09:33:50 AM,1890.0,1,1890.0,233417700.60000005
2025-08-01 09:33:50 AM,1888.6,2309,4360777.399999999,237778478.00000006
2025-08-01 09:33:52 AM,1889.1,70,132237.0,237910715.00000006
2025-08-01 09:33:53 AM,1889.0,10,18890.0,237929605.00000006
2025-08-01 09:33:53 AM,1888.9,0,0.0,237929605.00000006
2025-08-01 09:33:54 AM,1888.9,58,109556.20000000001,238039161.20000005
2025-08-01 09:33:54 AM,1889.1,0,0.0,238039161.20000005
2025-08-01 09:33:54 AM,1889.1,5,9445.5,238048606.70000005
2025-08-01 09:33:56 AM,1888.1,150,283215.0,238331821.70000005
2025-08-01 09:33:56 AM,1888.9,0,0.0,238331821.70000005
2025-08-01 09:33:57 AM,1888.9,2,3777.8,238335599.50000006
2025-08-01 09:33:57 AM,1888.8,29,54775.2,238390374.70000005
2025-08-01 09:33:58 AM,1889.1,0,0.0,238390374.70000005
2025-08-01 09:33:59 AM,1889.1,6,11334.599999999999,238401709.30000004
2025-08-01 09:33:59 AM,1889.1,35,66118.5,238467827.80000004
2025-08-01 09:34:05 AM,1889.2,26,49119.200000000004,238516947.00000003
2025-08-01 09:34:05 AM,1888.8,0,0.0,238516947.00000003
2025-08-01 09:34:06 AM,1888.8,5,9444.0,238526391.00000003
2025-08-01 09:34:11 AM,1889.5,28,52906.0,238579297.00000003
2025-08-01 09:34:18 AM,1889.4,15,28341.0,238607638.00000003
2025-08-01 09:34:18 AM,1889.4,3,5668.200000000001,238613306.20000002
2025-08-01 09:34:22 AM,1888.5,178,336153.0,238949459.20000002
2025-08-01 09:34:23 AM,1888.0,95,179360.0,239128819.20000002
2025-08-01 09:34:25 AM,1888.5,0,0.0,239128819.20000002
2025-08-01 09:34:26 AM,1888.5,40,75540.0,239204359.20000002
2025-08-01 09:34:26 AM,1888.5,1,1888.5,239206247.70000002
2025-08-01 09:34:29 AM,1888.2,0,0.0,239206247.70000002
2025-08-01 09:34:30 AM,1888.2,84,158608.80000000002,239364856.50000003
2025-08-01 09:34:30 AM,1887.9,0,0.0,239364856.50000003
2025-08-01 09:34:31 AM,1887.9,3,5663.700000000001,239370520.20000002
2025-08-01 09:34:33 AM,1887.0,750,1415250.0,240785770.20000002
2025-08-01 09:34:33 AM,1887.4,0,0.0,240785770.20000002
2025-08-01 09:34:34 AM,1887.4,100,188740.0,240974510.20000002
2025-08-01 09:34:35 AM,1887.2,0,0.0,240974510.20000002
2025-08-01 09:34:36 AM,1887.2,10,18872.0,240993382.20000002
2025-08-01 09:34:36 AM,1887.2,1,1887.2,240995269.4
2025-08-01 09:34:37 AM,1887.5,0,0.0,240995269.4
2025-08-01 09:34:37 AM,1887.5,26,49075.0,241044344.4
2025-08-01 09:34:38 AM,1887.4,12,22648.800000000003,241066993.20000002
2025-08-01 09:34:40 AM,1887.2,2,3774.4,241070767.60000002
2025-08-01 09:34:41 AM,1888.7,0,0.0,241070767.60000002
2025-08-01 09:34:41 AM,1888.7,183,345632.10000000003,241416399.70000002
2025-08-01 09:34:45 AM,1889.0,0,0.0,241416399.70000002
2025-08-01 09:34:46 AM,1889.0,1,1889.0,241418288.70000002
2025-08-01 09:34:49 AM,1888.6,1,1888.6,241420177.3
2025-08-01 09:34:51 AM,1888.6,10,18886.0,241439063.3
2025-08-01 09:34:52 AM,1888.0,23,43424.0,241482487.3
2025-08-01 09:34:54 AM,1887.9,10,18879.0,241501366.3
2025-08-01 09:34:55 AM,1888.1,0,0.0,241501366.3
2025-08-01 09:34:56 AM,1888.1,140,264334.0,241765700.3
2025-08-01 09:34:59 AM,1888.3,1,1888.3,241767588.60000002
2025-08-01 09:35:03 AM,1887.5,32,60400.0,241827988.60000002
2025-08-01 09:35:04 AM,1888.1,0,0.0,241827988.60000002
2025-08-01 09:35:04 AM,1888.1,25,47202.5,241875191.10000002
2025-08-01 09:35:04 AM,1888.8,0,0.0,241875191.10000002
2025-08-01 09:35:04 AM,1888.8,1421,2683984.8,244559175.90000004
2025-08-01 09:35:08 AM,1889.4,1,1889.4,244561065.30000004
2025-08-01 09:35:14 AM,1888.6,5,9443.0,244570508.30000004
2025-08-01 09:35:15 AM,1889.0,76,143564.0,244714072.30000004
2025-08-01 09:35:16 AM,1888.2,0,0.0,244714072.30000004
2025-08-01 09:35:16 AM,1888.2,35,66087.0,244780159.30000004
2025-08-01 09:35:17 AM,1888.0,0,0.0,244780159.30000004
2025-08-01 09:35:17 AM,1888.0,1,1888.0,244782047.30000004
2025-08-01 09:35:18 AM,1888.0,1,1888.0,244783935.30000004
2025-08-01 09:35:20 AM,1887.2,0,0.0,244783935.30000004
2025-08-01 09:35:20 AM,1887.2,22,41518.4,244825453.70000005
2025-08-01 09:35:22 AM,1886.8,72,135849.6,244961303.30000004
2025-08-01 09:35:29 AM,1886.8,436,822644.7999999999,245783948.10000005
2025-08-01 09:35:30 AM,1885.9,75,141442.5,245925390.60000005
2025-08-01 09:35:34 AM,1887.1,200,377420.0,246302810.60000005
2025-08-01 09:35:35 AM,1887.1,20,37742.0,246340552.60000005
2025-08-01 09:35:40 AM,1886.8,20,37736.0,246378288.60000005
2025-08-01 09:35:44 AM,1886.2,0,0.0,246378288.60000005
2025-08-01 09:35:44 AM,1886.2,10,18862.0,246397150.60000005
2025-08-01 09:35:45 AM,1885.1,0,0.0,246397150.60000005
2025-08-01 09:35:45 AM,1885.1,57,107450.7,246504601.30000004
2025-08-01 09:35:46 AM,1885.0,3,5655.0,246510256.30000004
2025-08-01 09:35:47 AM,1886.2,1,1886.2,246512142.50000003
2025-08-01 09:35:48 AM,1886.2,10,18862.0,246531004.50000003
2025-08-01 09:35:50 AM,1886.6,0,0.0,246531004.50000003
2025-08-01 09:35:50 AM,1886.6,15,28299.0,246559303.50000003
2025-08-01 09:35:53 AM,1887.0,10,18870.0,246578173.50000003
2025-08-01 09:35:54 AM,1887.0,71,133977.0,246712150.50000003
2025-08-01 09:35:58 AM,1888.3,346,653351.7999999999,247365502.30000004
2025-08-01 09:36:01 AM,1889.2,11,20781.2,247386283.50000003
2025-08-01 09:36:02 AM,1888.5,3,5665.5,247391949.00000003
2025-08-01 09:36:03 AM,1889.4,70,132258.0,247524207.00000003
2025-08-01 09:36:03 AM,1890.0,0,0.0,247524207.00000003
2025-08-01 09:36:04 AM,1890.0,17,32130.0,247556337.00000003
2025-08-01 09:36:06 AM,1889.7,11,20786.7,247577123.70000002
2025-08-01 09:36:06 AM,1890.0,0,0.0,247577123.70000002
2025-08-01 09:36:07 AM,1890.0,26,49140.0,247626263.70000002
2025-08-01 09:36:07 AM,1889.5,8,15116.0,247641379.70000002
2025-08-01 09:36:08 AM,1891.7,51,96476.7,247737856.4
2025-08-01 09:36:09 AM,1892.0,10,18920.0,247756776.4
2025-08-01 09:36:13 AM,1890.8,0,0.0,247756776.4
2025-08-01 09:36:14 AM,1890.8,1,1890.8,247758667.20000002
2025-08-01 09:36:14 AM,1891.9,0,0.0,247758667.20000002
2025-08-01 09:36:15 AM,1892.0,0,0.0,247758667.20000002
2025-08-01 09:36:15 AM,1892.0,130,245960.0,248004627.20000002
2025-08-01 09:36:18 AM,1892.0,24,45408.0,248050035.20000002
2025-08-01 09:36:20 AM,1892.0,15,28380.0,248078415.20000002
2025-08-01 09:36:22 AM,1892.0,45,85140.0,248163555.20000002
2025-08-01 09:36:23 AM,1892.0,3,5676.0,248169231.20000002
2025-08-01 09:36:24 AM,1892.2,0,0.0,248169231.20000002
2025-08-01 09:36:24 AM,1893.6,155,293508.0,248462739.20000002
2025-08-01 09:36:24 AM,1893.2,0,0.0,248462739.20000002
2025-08-01 09:36:25 AM,1893.2,264,499804.8,248962544.00000003
2025-08-01 09:36:27 AM,1892.5,2,3785.0,248966329.00000003
2025-08-01 09:36:28 AM,1892.0,0,0.0,248966329.00000003
2025-08-01 09:36:29 AM,1892.0,1,1892.0,248968221.00000003
2025-08-01 09:36:30 AM,1892.5,2,3785.0,248972006.00000003
2025-08-01 09:36:33 AM,1892.5,2,3785.0,248975791.00000003
2025-08-01 09:36:33 AM,1891.6,0,0.0,248975791.00000003
2025-08-01 09:36:34 AM,1891.6,15,28374.0,249004165.00000003
2025-08-01 09:36:35 AM,1892.5,0,0.0,249004165.00000003
2025-08-01 09:36:36 AM,1893.6,141,266997.6,249271162.60000002
2025-08-01 09:36:38 AM,1893.6,16,30297.6,249301460.20000002
2025-08-01 09:36:42 AM,1894.2,10,18942.0,249320402.20000002
2025-08-01 09:36:43 AM,1893.5,100,189350.0,249509752.20000002
2025-08-01 09:36:43 AM,1894.2,0,0.0,249509752.20000002
2025-08-01 09:36:44 AM,1894.2,236,447031.2,249956783.4
2025-08-01 09:36:47 AM,1894.7,0,0.0,249956783.4
2025-08-01 09:36:48 AM,1894.7,5,9473.5,249966256.9
2025-08-01 09:36:48 AM,1893.5,0,0.0,249966256.9
2025-08-01 09:36:49 AM,1893.5,50,94675.0,250060931.9
2025-08-01 09:36:50 AM,1893.7,0,0.0,250060931.9
2025-08-01 09:36:51 AM,1893.7,1,1893.7,250062825.6
2025-08-01 09:36:51 AM,1893.7,10,18937.0,250081762.6
2025-08-01 09:36:52 AM,1892.8,31,58676.799999999996,250140439.4
2025-08-01 09:36:53 AM,1893.7,0,0.0,250140439.4
2025-08-01 09:36:53 AM,1893.7,1,1893.7,250142333.1
2025-08-01 09:36:55 AM,1893.8,42,79539.59999999999,250221872.7
2025-08-01 09:36:57 AM,1894.0,7,13258.0,250235130.7
2025-08-01 09:36:58 AM,1894.5,0,0.0,250235130.7
2025-08-01 09:36:58 AM,1894.5,9,17050.5,250252181.2
2025-08-01 09:36:59 AM,1894.5,629,1191640.5,251443821.7
2025-08-01 09:37:00 AM,1894.5,30,56835.0,251500656.7
2025-08-01 09:37:01 AM,1895.6,0,0.0,251500656.7
2025-08-01 09:37:02 AM,1895.6,2,3791.2,251504447.89999998
2025-08-01 09:37:02 AM,1894.5,0,0.0,251504447.89999998
2025-08-01 09:37:03 AM,1894.5,1,1894.5,251506342.39999998
2025-08-01 09:37:05 AM,1894.3,29,54934.7,251561277.09999996
2025-08-01 09:37:08 AM,1894.5,0,0.0,251561277.09999996
2025-08-01 09:37:08 AM,1894.5,106,200817.0,251762094.09999996
2025-08-01 09:37:08 AM,1895.3,100,189530.0,251951624.09999996
2025-08-01 09:37:09 AM,1895.0,0,0.0,251951624.09999996
2025-08-01 09:37:09 AM,1895.0,1,1895.0,251953519.09999996
2025-08-01 09:37:11 AM,1895.0,2,3790.0,251957309.09999996
2025-08-01 09:37:11 AM,1894.5,1,1894.5,251959203.59999996
2025-08-01 09:37:12 AM,1895.0,0,0.0,251959203.59999996
2025-08-01 09:37:13 AM,1895.0,4,7580.0,251966783.59999996
2025-08-01 09:37:14 AM,1895.6,0,0.0,251966783.59999996
2025-08-01 09:37:15 AM,1895.6,150,284340.0,252251123.59999996
2025-08-01 09:37:18 AM,1895.0,0,0.0,252251123.59999996
2025-08-01 09:37:18 AM,1895.0,12,22740.0,252273863.59999996
2025-08-01 09:37:19 AM,1895.0,88,166760.0,252440623.59999996
2025-08-01 09:37:20 AM,1894.0,0,0.0,252440623.59999996
2025-08-01 09:37:20 AM,1894.0,168,318192.0,252758815.59999996
2025-08-01 09:37:22 AM,1893.8,0,0.0,252758815.59999996
2025-08-01 09:37:22 AM,1893.8,54,102265.2,252861080.79999995
2025-08-01 09:37:23 AM,1893.6,0,0.0,252861080.79999995
2025-08-01 09:37:24 AM,1893.6,2,3787.2,252864867.99999994
2025-08-01 09:37:25 AM,1893.4,8,15147.2,252880015.19999993
2025-08-01 09:37:29 AM,1893.6,88,166636.8,253046651.99999994
2025-08-01 09:37:31 AM,1894.8,0,0.0,253046651.99999994
2025-08-01 09:37:31 AM,1894.8,2,3789.6,253050441.59999993
2025-08-01 09:37:32 AM,1894.8,2,3789.6,253054231.19999993
2025-08-01 09:37:33 AM,1893.6,71,134445.6,253188676.79999992
2025-08-01 09:37:34 AM,1893.2,82,155242.4,253343919.19999993
2025-08-01 09:37:35 AM,1893.2,21,39757.200000000004,253383676.39999992
2025-08-01 09:37:43 AM,1892.9,0,0.0,253383676.39999992
2025-08-01 09:37:43 AM,1892.9,1,1892.9,253385569.29999992
2025-08-01 09:37:44 AM,1892.9,10,18929.0,253404498.29999992
2025-08-01 09:37:44 AM,1892.5,0,0.0,253404498.29999992
2025-08-01 09:37:45 AM,1892.1,13,24597.3,253429095.59999993
2025-08-01 09:37:51 AM,1892.9,0,0.0,253429095.59999993
2025-08-01 09:37:52 AM,1892.9,15,28393.5,253457489.09999993
2025-08-01 09:37:54 AM,1892.9,30,56787.0,253514276.09999993
2025-08-01 09:37:55 AM,1892.0,0,0.0,253514276.09999993
2025-08-01 09:37:55 AM,1892.0,100,189200.0,253703476.09999993
2025-08-01 09:37:56 AM,1892.9,0,0.0,253703476.09999993
2025-08-01 09:37:56 AM,1892.9,48,90859.20000000001,253794335.29999992
2025-08-01 09:37:57 AM,1892.2,2,3784.4,253798119.69999993
2025-08-01 09:37:58 AM,1893.0,42,79506.0,253877625.69999993
2025-08-01 09:38:00 AM,1892.3,0,0.0,253877625.69999993
2025-08-01 09:38:05 AM,1891.7,0,0.0,253877625.69999993
2025-08-01 09:38:07 AM,1891.7,245,463466.5,254341092.19999993
2025-08-01 09:38:13 AM,1890.9,0,0.0,254341092.19999993
2025-08-01 09:38:14 AM,1890.9,107,202326.30000000002,254543418.49999994
2025-08-01 09:38:16 AM,1894.9,0,0.0,254543418.49999994
2025-08-01 09:38:17 AM,1894.1,0,0.0,254543418.49999994
2025-08-01 09:38:20 AM,1893.0,446,844278.0,255387696.49999994
2025-08-01 09:38:26 AM,1892.5,0,0.0,255387696.49999994
2025-08-01 09:38:27 AM,1892.5,7,13247.5,255400943.99999994
2025-08-01 09:38:31 AM,1892.3,0,0.0,255400943.99999994
2025-08-01 09:38:34 AM,1892.3,41,77584.3,255478528.29999995
2025-08-01 09:38:36 AM,1893.6,0,0.0,255478528.29999995
2025-08-01 09:38:41 AM,1893.6,147,278359.2,255756887.49999994
2025-08-01 09:38:42 AM,1894.3,0,0.0,255756887.49999994
2025-08-01 09:38:47 AM,1893.7,23,43555.1,255800442.59999993
2025-08-01 09:38:49 AM,1894.6,0,0.0,255800442.59999993
2025-08-01 09:38:53 AM,1894.0,0,0.0,255800442.59999993
2025-08-01 09:38:54 AM,1894.0,144,272736.0,256073178.59999993
2025-08-01 09:38:57 AM,1893.6,0,0.0,256073178.59999993
2025-08-01 09:39:00 AM,1894.2,467,884591.4,256957769.99999994
2025-08-01 09:39:01 AM,1893.4,10,18934.0,256976703.99999994
2025-08-01 09:39:02 AM,1893.5,100,189350.0,257166053.99999994
2025-08-01 09:39:03 AM,1893.1,1,1893.1,257167947.09999993
2025-08-01 09:39:04 AM,1893.1,2,3786.2,257171733.29999992
2025-08-01 09:39:05 AM,1893.1,20,37862.0,257209595.29999992
2025-08-01 09:39:09 AM,1892.6,0,0.0,257209595.29999992
2025-08-01 09:39:09 AM,1892.6,38,71918.8,257281514.09999993
2025-08-01 09:39:13 AM,1892.2,0,0.0,257281514.09999993
2025-08-01 09:39:13 AM,1892.2,1,1892.2,257283406.29999992
2025-08-01 09:39:13 AM,1892.2,1,1892.2,257285298.4999999
2025-08-01 09:39:16 AM,1891.2,0,0.0,257285298.4999999
2025-08-01 09:39:16 AM,1891.2,5,9456.0,257294754.4999999
2025-08-01 09:39:18 AM,1890.8,10,18908.0,257313662.4999999
2025-08-01 09:39:29 AM,1890.9,6,11345.400000000001,257325007.89999992
2025-08-01 09:39:32 AM,1891.6,2,3783.2,257328791.0999999
2025-08-01 09:39:34 AM,1891.6,15,28374.0,257357165.0999999
2025-08-01 09:39:35 AM,1891.6,50,94580.0,257451745.0999999
2025-08-01 09:39:35 AM,1890.8,0,0.0,257451745.0999999
2025-08-01 09:39:36 AM,1890.8,30,56724.0,257508469.0999999
2025-08-01 09:39:39 AM,1891.5,3,5674.5,257514143.5999999
2025-08-01 09:39:39 AM,1891.1,0,0.0,257514143.5999999
2025-08-01 09:39:40 AM,1891.1,25,47277.5,257561421.0999999
2025-08-01 09:39:43 AM,1892.1,0,0.0,257561421.0999999
2025-08-01 09:39:44 AM,1892.1,192,363283.19999999995,257924704.2999999
2025-08-01 09:39:44 AM,1893.0,2,3786.0,257928490.2999999
2025-08-01 09:39:48 AM,1893.0,1,1893.0,257930383.2999999
2025-08-01 09:39:48 AM,1892.4,60,113544.0,258043927.2999999
2025-08-01 09:39:49 AM,1893.2,124,234756.80000000002,258278684.0999999
2025-08-01 09:39:49 AM,1893.6,0,0.0,258278684.0999999
2025-08-01 09:39:50 AM,1893.6,10,18936.0,258297620.0999999
2025-08-01 09:39:50 AM,1893.0,0,0.0,258297620.0999999
2025-08-01 09:39:50 AM,1893.0,47,88971.0,258386591.0999999
2025-08-01 09:39:52 AM,1892.6,0,0.0,258386591.0999999
2025-08-01 09:39:52 AM,1892.6,3,5677.799999999999,258392268.89999992
2025-08-01 09:39:53 AM,1892.6,1,1892.6,258394161.4999999
2025-08-01 09:39:56 AM,1892.9,100,189290.0,258583451.4999999
2025-08-01 09:39:58 AM,1892.9,55,104109.5,258687560.9999999
2025-08-01 09:39:59 AM,1892.0,0,0.0,258687560.9999999
2025-08-01 09:39:59 AM,1892.0,5,9460.0,258697020.9999999
2025-08-01 09:40:01 AM,1892.9,6,11357.400000000001,258708378.39999992
2025-08-01 09:40:03 AM,1892.6,0,0.0,258708378.39999992
2025-08-01 09:40:04 AM,1892.6,123,232789.8,258941168.19999993
2025-08-01 09:40:06 AM,1892.5,28,52990.0,258994158.19999993
2025-08-01 09:40:08 AM,1892.6,2,3785.2,258997943.39999992
2025-08-01 09:40:09 AM,1891.5,101,191041.5,259188984.89999992
2025-08-01 09:40:09 AM,1892.5,5,9462.5,259198447.39999992
2025-08-01 09:40:12 AM,1892.5,2,3785.0,259202232.39999992
2025-08-01 09:40:13 AM,1891.6,4,7566.4,259209798.79999992
2025-08-01 09:40:15 AM,1891.5,0,0.0,259209798.79999992
2025-08-01 09:40:15 AM,1891.5,5,9457.5,259219256.29999992
2025-08-01 09:40:17 AM,1892.4,0,0.0,259219256.29999992
2025-08-01 09:40:18 AM,1892.5,0,0.0,259219256.29999992
2025-08-01 09:40:18 AM,1892.5,97,183572.5,259402828.79999992
2025-08-01 09:40:20 AM,1892.0,0,0.0,259402828.79999992
2025-08-01 09:40:21 AM,1892.0,25,47300.0,259450128.79999992
2025-08-01 09:40:22 AM,1892.5,10,18925.0,259469053.79999992
2025-08-01 09:40:25 AM,1892.0,16,30272.0,259499325.79999992
2025-08-01 09:40:27 AM,1892.1,1,1892.1,259501217.89999992
2025-08-01 09:40:32 AM,1892.1,27,51086.7,259552304.5999999
2025-08-01 09:40:33 AM,1891.5,1,1891.5,259554196.0999999
2025-08-01 09:40:34 AM,1891.5,5,9457.5,259563653.5999999
2025-08-01 09:40:34 AM,1892.4,101,191132.40000000002,259754785.9999999
2025-08-01 09:40:34 AM,1892.2,0,0.0,259754785.9999999
2025-08-01 09:40:35 AM,1892.8,127,240385.6,259995171.5999999
2025-08-01 09:40:35 AM,1893.0,34,64362.0,260059533.5999999
2025-08-01 09:40:37 AM,1894.0,34,64396.0,260123929.5999999
2025-08-01 09:40:47 AM,1894.0,55,104170.0,260228099.5999999
2025-08-01 09:40:48 AM,1893.6,39,73850.4,260301949.9999999
2025-08-01 09:40:49 AM,1895.0,350,663250.0,260965199.9999999
2025-08-01 09:41:00 AM,1895.6,30,56868.0,261022067.9999999
2025-08-01 09:41:01 AM,1895.6,3,5686.799999999999,261027754.79999992
2025-08-01 09:41:02 AM,1895.2,3,5685.6,261033440.39999992
2025-08-01 09:41:04 AM,1895.6,30,56868.0,261090308.39999992
2025-08-01 09:41:04 AM,1895.0,100,189500.0,261279808.39999992
2025-08-01 09:41:05 AM,1895.1,0,0.0,261279808.39999992
2025-08-01 09:41:05 AM,1895.1,6,11370.599999999999,261291178.9999999
2025-08-01 09:41:08 AM,1894.9,200,378980.0,261670158.9999999
2025-08-01 09:41:10 AM,1894.8,0,0.0,261670158.9999999
2025-08-01 09:41:11 AM,1894.8,100,189480.0,261859638.9999999
2025-08-01 09:41:13 AM,1894.5,34,64413.0,261924051.9999999
2025-08-01 09:41:13 AM,1894.0,3,5682.0,261929733.9999999
2025-08-01 09:41:15 AM,1893.9,100,189390.0,262119123.9999999
2025-08-01 09:41:16 AM,1893.9,3,5681.700000000001,262124805.6999999
2025-08-01 09:41:18 AM,1893.9,3,5681.700000000001,262130487.3999999
2025-08-01 09:41:19 AM,1893.9,19,35984.1,262166471.49999988
2025-08-01 09:41:22 AM,1893.0,682,1291026.0,263457497.49999988
2025-08-01 09:41:23 AM,1892.9,0,0.0,263457497.49999988
2025-08-01 09:41:23 AM,1892.5,41,77592.5,263535089.99999988
2025-08-01 09:41:25 AM,1892.3,2,3784.6,263538874.59999987
2025-08-01 09:41:27 AM,1891.9,1,1891.9,263540766.49999988
2025-08-01 09:41:29 AM,1891.9,30,56757.0,263597523.49999988
2025-08-01 09:41:29 AM,1891.5,0,0.0,263597523.49999988
2025-08-01 09:41:30 AM,1891.5,72,136188.0,263733711.49999988
2025-08-01 09:41:33 AM,1891.8,0,0.0,263733711.49999988
2025-08-01 09:41:33 AM,1891.8,7,13242.6,263746954.09999987
2025-08-01 09:41:33 AM,1891.5,22,41613.0,263788567.09999987
2025-08-01 09:41:35 AM,1891.0,4,7564.0,263796131.09999987
2025-08-01 09:41:36 AM,1891.5,0,0.0,263796131.09999987
2025-08-01 09:41:36 AM,1891.0,55,104005.0,263900136.09999987
2025-08-01 09:41:50 AM,1891.0,10,18910.0,263919046.09999987
2025-08-01 09:41:52 AM,1891.0,10,18910.0,263937956.09999987
2025-08-01 09:41:57 AM,1891.0,906,1713246.0,265651202.09999987
2025-08-01 09:41:59 AM,1891.4,0,0.0,265651202.09999987
2025-08-01 09:41:59 AM,1891.4,45,85113.0,265736315.09999987
2025-08-01 09:42:02 AM,1891.5,0,0.0,265736315.09999987
2025-08-01 09:42:05 AM,1890.9,64,121017.6,265857332.69999987
2025-08-01 09:42:05 AM,1890.5,0,0.0,265857332.69999987
2025-08-01 09:42:06 AM,1890.5,11,20795.5,265878128.19999987
2025-08-01 09:42:10 AM,1890.2,0,0.0,265878128.19999987
2025-08-01 09:42:12 AM,1890.2,200,378040.0,266256168.19999987
2025-08-01 09:42:13 AM,1890.1,4,7560.4,266263728.59999987
2025-08-01 09:42:14 AM,1890.9,0,0.0,266263728.59999987
2025-08-01 09:42:18 AM,1890.9,41,77526.90000000001,266341255.49999988
2025-08-01 09:42:20 AM,1890.7,2,3781.4,266345036.8999999
2025-08-01 09:42:22 AM,1890.3,0,0.0,266345036.8999999
2025-08-01 09:42:25 AM,1890.0,55,103950.0,266448986.8999999
2025-08-01 09:42:32 AM,1890.0,128,241920.0,266690906.8999999
2025-08-01 09:42:33 AM,1890.0,988,1867320.0,268558226.89999986
2025-08-01 09:42:36 AM,1889.8,0,0.0,268558226.89999986
2025-08-01 09:42:38 AM,1889.8,8,15118.4,268573345.29999983
2025-08-01 09:42:43 AM,1889.4,0,0.0,268573345.29999983
2025-08-01 09:42:44 AM,1889.4,35,66129.0,268639474.29999983
2025-08-01 09:42:45 AM,1889.0,5,9445.0,268648919.29999983
2025-08-01 09:42:48 AM,1889.6,0,0.0,268648919.29999983
2025-08-01 09:42:51 AM,1890.0,100,189000.0,268837919.29999983
2025-08-01 09:42:56 AM,1888.9,0,0.0,268837919.29999983
2025-08-01 09:42:57 AM,1888.9,1,1888.9,268839808.1999998
2025-08-01 09:43:00 AM,1888.8,0,0.0,268839808.1999998
2025-08-01 09:43:00 AM,1888.4,41,77424.40000000001,268917232.5999998
2025-08-01 09:43:01 AM,1889.3,61,115247.3,269032479.8999998
2025-08-01 09:43:02 AM,1889.8,5,9449.0,269041928.8999998
2025-08-01 09:43:02 AM,1890.7,10,18907.0,269060835.8999998
2025-08-01 09:43:12 AM,1889.8,2,3779.6,269064615.4999998
2025-08-01 09:43:17 AM,1889.1,23,43449.299999999996,269108064.79999983
2025-08-01 09:43:20 AM,1889.1,50,94455.0,269202519.79999983
2025-08-01 09:43:21 AM,1889.2,0,0.0,269202519.79999983
2025-08-01 09:43:21 AM,1889.2,2,3778.4,269206298.1999998
2025-08-01 09:43:22 AM,1889.2,2,3778.4,269210076.5999998
2025-08-01 09:43:23 AM,1888.1,0,0.0,269210076.5999998
2025-08-01 09:43:23 AM,1888.1,80,151048.0,269361124.5999998
2025-08-01 09:43:23 AM,1888.8,0,0.0,269361124.5999998
2025-08-01 09:43:24 AM,1888.8,18,33998.4,269395122.99999976
2025-08-01 09:43:33 AM,1888.6,0,0.0,269395122.99999976
2025-08-01 09:43:34 AM,1888.6,1,1888.6,269397011.5999998
2025-08-01 09:43:36 AM,1888.6,10,18886.0,269415897.5999998
2025-08-01 09:43:40 AM,1888.4,10,18884.0,269434781.5999998
2025-08-01 09:43:45 AM,1888.6,5,9443.0,269444224.5999998
2025-08-01 09:43:46 AM,1888.1,105,198250.5,269642475.0999998
2025-08-01 09:43:47 AM,1888.6,10,18886.0,269661361.0999998
2025-08-01 09:43:49 AM,1888.9,0,0.0,269661361.0999998
2025-08-01 09:43:50 AM,1888.9,182,343779.8,270005140.8999998
2025-08-01 09:43:59 AM,1889.1,1,1889.1,270007029.9999998
2025-08-01 09:44:02 AM,1889.8,0,0.0,270007029.9999998
2025-08-01 09:44:02 AM,1889.8,2,3779.6,270010809.59999985
2025-08-01 09:44:06 AM,1889.8,91,171971.8,270182781.39999986
2025-08-01 09:44:07 AM,1889.3,0,0.0,270182781.39999986
2025-08-01 09:44:08 AM,1889.3,25,47232.5,270230013.89999986
2025-08-01 09:44:09 AM,1889.3,2,3778.6,270233792.4999999
2025-08-01 09:44:14 AM,1889.2,0,0.0,270233792.4999999
2025-08-01 09:44:15 AM,1889.2,1,1889.2,270235681.69999987
2025-08-01 09:44:19 AM,1888.9,0,0.0,270235681.69999987
2025-08-01 09:44:20 AM,1888.9,26,49111.4,270284793.09999985
2025-08-01 09:44:20 AM,1888.6,0,0.0,270284793.09999985
2025-08-01 09:44:21 AM,1888.6,5,9443.0,270294236.09999985
2025-08-01 09:44:21 AM,1888.4,0,0.0,270294236.09999985
2025-08-01 09:44:22 AM,1888.7,0,0.0,270294236.09999985
2025-08-01 09:44:22 AM,1888.7,72,135986.4,270430222.4999998
2025-08-01 09:44:22 AM,1885.2,0,0.0,270430222.4999998
2025-08-01 09:44:23 AM,1885.3,0,0.0,270430222.4999998
2025-08-01 09:44:23 AM,1885.3,1986,3744205.8,274174428.29999983
2025-08-01 09:44:23 AM,1883.7,1604,3021454.8000000003,277195883.09999985
2025-08-01 09:44:23 AM,1884.1,0,0.0,277195883.09999985
2025-08-01 09:44:24 AM,1883.0,0,0.0,277195883.09999985
2025-08-01 09:44:24 AM,1883.0,324,610092.0,277805975.09999985
2025-08-01 09:44:24 AM,1883.6,10,18836.0,277824811.09999985
2025-08-01 09:44:24 AM,1882.9,0,0.0,277824811.09999985
2025-08-01 09:44:25 AM,1882.9,19,35775.1,277860586.19999987
2025-08-01 09:44:25 AM,1883.5,0,0.0,277860586.19999987
2025-08-01 09:44:26 AM,1883.5,4,7534.0,277868120.19999987
2025-08-01 09:44:26 AM,1883.9,0,0.0,277868120.19999987
2025-08-01 09:44:27 AM,1883.9,193,363592.7,278231712.89999986
2025-08-01 09:44:28 AM,1883.9,21,39561.9,278271274.79999983
2025-08-01 09:44:29 AM,1883.9,53,99846.70000000001,278371121.4999998
2025-08-01 09:44:29 AM,1884.1,0,0.0,278371121.4999998
2025-08-01 09:44:30 AM,1884.1,7,13188.699999999999,278384310.1999998
2025-08-01 09:44:31 AM,1884.8,228,429734.39999999997,278814044.5999998
2025-08-01 09:44:31 AM,1885.1,0,0.0,278814044.5999998
2025-08-01 09:44:32 AM,1885.1,14,26391.399999999998,278840435.99999976
2025-08-01 09:44:32 AM,1885.5,38,71649.0,278912084.99999976
2025-08-01 09:44:32 AM,1884.7,0,0.0,278912084.99999976
2025-08-01 09:44:33 AM,1884.7,2,3769.4,278915854.39999974
2025-08-01 09:44:34 AM,1885.5,2,3771.0,278919625.39999974
2025-08-01 09:44:34 AM,1885.5,1,1885.5,278921510.89999974
2025-08-01 09:44:37 AM,1885.4,0,0.0,278921510.89999974
2025-08-01 09:44:37 AM,1885.4,3,5656.200000000001,278927167.0999997
2025-08-01 09:44:42 AM,1884.9,0,0.0,278927167.0999997
2025-08-01 09:44:42 AM,1884.9,1,1884.9,278929051.9999997
2025-08-01 09:44:46 AM,1885.4,3,5656.200000000001,278934708.1999997
2025-08-01 09:44:48 AM,1885.5,26,49023.0,278983731.1999997
2025-08-01 09:44:49 AM,1885.0,33,62205.0,279045936.1999997
2025-08-01 09:44:49 AM,1885.0,3,5655.0,279051591.1999997
2025-08-01 09:44:50 AM,1884.9,20,37698.0,279089289.1999997
2025-08-01 09:44:51 AM,1885.5,3,5656.5,279094945.6999997
2025-08-01 09:44:53 AM,1885.5,1,1885.5,279096831.1999997
2025-08-01 09:44:53 AM,1885.0,0,0.0,279096831.1999997
2025-08-01 09:44:53 AM,1885.0,58,109330.0,279206161.1999997
2025-08-01 09:44:54 AM,1884.7,5,9423.5,279215584.6999997
2025-08-01 09:44:54 AM,1885.5,0,0.0,279215584.6999997
2025-08-01 09:44:54 AM,1885.5,3,5656.5,279221241.1999997
2025-08-01 09:44:55 AM,1885.5,1,1885.5,279223126.6999997
2025-08-01 09:44:56 AM,1885.6,5,9428.0,279232554.6999997
2025-08-01 09:44:58 AM,1885.5,10,18855.0,279251409.6999997
2025-08-01 09:45:00 AM,1885.0,0,0.0,279251409.6999997
2025-08-01 09:45:01 AM,1885.0,10,18850.0,279270259.6999997
2025-08-01 09:45:01 AM,1885.8,0,0.0,279270259.6999997
2025-08-01 09:45:02 AM,1885.8,1,1885.8,279272145.4999997
2025-08-01 09:45:02 AM,1884.6,0,0.0,279272145.4999997
2025-08-01 09:45:03 AM,1884.6,248,467380.8,279739526.2999997
2025-08-01 09:45:03 AM,1884.0,0,0.0,279739526.2999997
2025-08-01 09:45:04 AM,1884.3,0,0.0,279739526.2999997
2025-08-01 09:45:04 AM,1884.3,23,43338.9,279782865.1999997
2025-08-01 09:45:04 AM,1884.0,30,56520.0,279839385.1999997
2025-08-01 09:45:05 AM,1883.3,0,0.0,279839385.1999997
2025-08-01 09:45:05 AM,1883.3,3,5649.9,279845035.09999967
2025-08-01 09:45:05 AM,1883.2,38,71561.6,279916596.6999997
2025-08-01 09:45:05 AM,1883.0,0,0.0,279916596.6999997
2025-08-01 09:45:06 AM,1883.0,30,56490.0,279973086.6999997
2025-08-01 09:45:06 AM,1882.5,2,3765.0,279976851.6999997
2025-08-01 09:45:07 AM,1882.2,14,26350.8,280003202.4999997
2025-08-01 09:45:08 AM,1882.9,35,65901.5,280069103.9999997
2025-08-01 09:45:08 AM,1882.2,0,0.0,280069103.9999997
2025-08-01 09:45:08 AM,1882.2,56,105403.2,280174507.1999997
2025-08-01 09:45:10 AM,1882.2,5,9411.0,280183918.1999997
2025-08-01 09:45:12 AM,1882.0,91,171262.0,280355180.1999997
2025-08-01 09:45:12 AM,1881.1,0,0.0,280355180.1999997
2025-08-01 09:45:13 AM,1881.1,12,22573.199999999997,280377753.3999997
2025-08-01 09:45:14 AM,1881.1,3,5643.299999999999,280383396.6999997
2025-08-01 09:45:15 AM,1880.5,0,0.0,280383396.6999997
2025-08-01 09:45:15 AM,1880.5,265,498332.5,280881729.1999997
2025-08-01 09:45:15 AM,1881.4,1,1881.4,280883610.59999967
2025-08-01 09:45:16 AM,1881.4,2,3762.8,280887373.3999997
2025-08-01 09:45:16 AM,1880.8,23,43258.4,280930631.79999965
2025-08-01 09:45:17 AM,1880.5,0,0.0,280930631.79999965
2025-08-01 09:45:18 AM,1880.5,49,92144.5,281022776.29999965
2025-08-01 09:45:18 AM,1881.1,0,0.0,281022776.29999965
2025-08-01 09:45:19 AM,1881.1,20,37622.0,281060398.29999965
2025-08-01 09:45:19 AM,1881.1,1,1881.1,281062279.3999997
2025-08-01 09:45:19 AM,1880.5,0,0.0,281062279.3999997
2025-08-01 09:45:20 AM,1880.5,44,82742.0,281145021.3999997
2025-08-01 09:45:21 AM,1881.1,0,0.0,281145021.3999997
2025-08-01 09:45:22 AM,1881.1,327,615119.7,281760141.09999967
2025-08-01 09:45:22 AM,1880.8,29,54543.2,281814684.29999965
2025-08-01 09:45:23 AM,1880.8,15,28212.0,281842896.29999965
2025-08-01 09:45:24 AM,1880.8,1,1880.8,281844777.09999967
2025-08-01 09:45:24 AM,1880.5,100,188050.0,282032827.09999967
2025-08-01 09:45:25 AM,1880.9,0,0.0,282032827.09999967
2025-08-01 09:45:25 AM,1880.5,18,33849.0,282066676.09999967
2025-08-01 09:45:26 AM,1880.9,0,0.0,282066676.09999967
2025-08-01 09:45:26 AM,1880.9,5,9404.5,282076080.59999967
2025-08-01 09:45:27 AM,1880.4,0,0.0,282076080.59999967
2025-08-01 09:45:27 AM,1880.8,7,13165.6,282089246.1999997
2025-08-01 09:45:28 AM,1881.2,505,950006.0,283039252.1999997
2025-08-01 09:45:29 AM,1880.8,0,0.0,283039252.1999997
2025-08-01 09:45:29 AM,1880.8,1,1880.8,283041132.9999997
2025-08-01 09:45:29 AM,1880.4,0,0.0,283041132.9999997
2025-08-01 09:45:30 AM,1880.4,22,41368.8,283082501.7999997
2025-08-01 09:45:31 AM,1880.4,5,9402.0,283091903.7999997
2025-08-01 09:45:31 AM,1880.2,0,0.0,283091903.7999997
2025-08-01 09:45:32 AM,1880.4,0,0.0,283091903.7999997
2025-08-01 09:45:32 AM,1880.4,11,20684.4,283112588.1999997
2025-08-01 09:45:32 AM,1880.2,0,0.0,283112588.1999997
2025-08-01 09:45:33 AM,1880.4,14,26325.600000000002,283138913.7999997
2025-08-01 09:45:33 AM,1880.2,0,0.0,283138913.7999997
2025-08-01 09:45:34 AM,1880.2,2,3760.4,283142674.1999997
2025-08-01 09:45:36 AM,1880.0,1832,3444160.0,286586834.1999997
2025-08-01 09:45:36 AM,1880.2,986,1853877.2,288440711.3999997
2025-08-01 09:45:36 AM,1881.1,0,0.0,288440711.3999997
2025-08-01 09:45:37 AM,1880.1,319,599751.9,289040463.29999965
2025-08-01 09:45:39 AM,1882.2,284,534544.8,289575008.09999967
2025-08-01 09:45:39 AM,1882.6,0,0.0,289575008.09999967
2025-08-01 09:45:40 AM,1882.2,92,173162.4,289748170.49999964
2025-08-01 09:45:41 AM,1881.5,24,45156.0,289793326.49999964
2025-08-01 09:45:41 AM,1882.6,25,47065.0,289840391.49999964
2025-08-01 09:45:42 AM,1881.5,3,5644.5,289846035.99999964
2025-08-01 09:45:43 AM,1880.6,0,0.0,289846035.99999964
2025-08-01 09:45:43 AM,1881.5,622,1170293.0,291016328.99999964
2025-08-01 09:45:44 AM,1880.7,0,0.0,291016328.99999964
2025-08-01 09:45:44 AM,1880.7,88,165501.6,291181830.59999967
2025-08-01 09:45:44 AM,1881.4,1,1881.4,291183711.99999964
2025-08-01 09:45:45 AM,1880.6,0,0.0,291183711.99999964
2025-08-01 09:45:45 AM,1881.4,46,86544.40000000001,291270256.3999996
2025-08-01 09:45:45 AM,1880.6,0,0.0,291270256.3999996
2025-08-01 09:45:46 AM,1880.6,7,13164.199999999999,291283420.5999996
2025-08-01 09:45:49 AM,1881.4,55,103477.0,291386897.5999996
2025-08-01 09:45:51 AM,1881.4,20,37628.0,291424525.5999996
2025-08-01 09:45:52 AM,1881.4,12,22576.800000000003,291447102.3999996
2025-08-01 09:45:53 AM,1882.5,56,105420.0,291552522.3999996
2025-08-01 09:45:54 AM,1881.5,0,0.0,291552522.3999996
2025-08-01 09:45:54 AM,1881.5,4,7526.0,291560048.3999996
2025-08-01 09:45:55 AM,1881.5,147,276580.5,291836628.8999996
2025-08-01 09:45:56 AM,1881.3,0,0.0,291836628.8999996
2025-08-01 09:45:56 AM,1881.3,5,9406.5,291846035.3999996
2025-08-01 09:45:57 AM,1881.9,18,33874.200000000004,291879909.5999996
2025-08-01 09:45:57 AM,1881.1,0,0.0,291879909.5999996
2025-08-01 09:45:58 AM,1881.1,7,13167.699999999999,291893077.2999996
2025-08-01 09:45:58 AM,1881.8,0,0.0,291893077.2999996
2025-08-01 09:45:59 AM,1881.8,11,20699.8,291913777.0999996
2025-08-01 09:45:59 AM,1881.5,0,0.0,291913777.0999996
2025-08-01 09:46:00 AM,1881.0,0,0.0,291913777.0999996
2025-08-01 09:46:00 AM,1881.0,203,381843.0,292295620.0999996
2025-08-01 09:46:00 AM,1881.1,755,1420230.5,293715850.5999996
2025-08-01 09:46:01 AM,1880.7,2037,3830985.9,297546836.4999996
2025-08-01 09:46:01 AM,1880.2,0,0.0,297546836.4999996
2025-08-01 09:46:02 AM,1880.2,7,13161.4,297559997.89999956
2025-08-01 09:46:03 AM,1880.3,0,0.0,297559997.89999956
2025-08-01 09:46:03 AM,1880.6,300,564180.0,298124177.89999956
2025-08-01 09:46:03 AM,1880.1,0,0.0,298124177.89999956
2025-08-01 09:46:04 AM,1880.8,105,197484.0,298321661.89999956
2025-08-01 09:46:04 AM,1880.1,8,15040.8,298336702.6999996
2025-08-01 09:46:06 AM,1880.3,0,0.0,298336702.6999996
2025-08-01 09:46:06 AM,1880.1,0,0.0,298336702.6999996
2025-08-01 09:46:07 AM,1880.1,573,1077297.3,299413999.9999996
2025-08-01 09:46:08 AM,1880.0,0,0.0,299413999.9999996
2025-08-01 09:46:09 AM,1880.0,1,1880.0,299415879.9999996
2025-08-01 09:46:10 AM,1880.0,83,156040.0,299571919.9999996
2025-08-01 09:46:11 AM,1880.0,1,1880.0,299573799.9999996
2025-08-01 09:46:11 AM,1880.1,54,101525.4,299675325.39999956
2025-08-01 09:46:14 AM,1880.1,131,246293.09999999998,299921618.4999996
2025-08-01 09:46:15 AM,1879.9,305,573369.5,300494987.9999996
2025-08-01 09:46:16 AM,1879.8,166,312046.8,300807034.7999996
2025-08-01 09:46:16 AM,1881.0,346,650826.0,301457860.7999996
2025-08-01 09:46:17 AM,1881.5,0,0.0,301457860.7999996
2025-08-01 09:46:17 AM,1881.6,0,0.0,301457860.7999996
2025-08-01 09:46:18 AM,1881.6,115,216384.0,301674244.7999996
2025-08-01 09:46:18 AM,1880.6,0,0.0,301674244.7999996
2025-08-01 09:46:19 AM,1880.6,23,43253.799999999996,301717498.5999996
2025-08-01 09:46:19 AM,1881.0,0,0.0,301717498.5999996
2025-08-01 09:46:20 AM,1881.3,74,139216.19999999998,301856714.7999996
2025-08-01 09:46:21 AM,1881.4,0,0.0,301856714.7999996
2025-08-01 09:46:22 AM,1881.4,50,94070.0,301950784.7999996
2025-08-01 09:46:22 AM,1880.9,0,0.0,301950784.7999996
2025-08-01 09:46:23 AM,1880.8,68,127894.4,302078679.1999996
2025-08-01 09:46:23 AM,1881.4,0,0.0,302078679.1999996
2025-08-01 09:46:24 AM,1881.2,129,242674.80000000002,302321353.9999996
2025-08-01 09:46:25 AM,1880.3,11,20683.3,302342037.2999996
2025-08-01 09:46:25 AM,1881.3,0,0.0,302342037.2999996
2025-08-01 09:46:26 AM,1881.3,10,18813.0,302360850.2999996
2025-08-01 09:46:26 AM,1881.4,21,39509.4,302400359.6999996
2025-08-01 09:46:27 AM,1880.7,0,0.0,302400359.6999996
2025-08-01 09:46:27 AM,1881.4,24,45153.600000000006,302445513.2999996
2025-08-01 09:46:28 AM,1880.7,0,0.0,302445513.2999996
2025-08-01 09:46:29 AM,1880.7,1,1880.7,302447393.9999996
2025-08-01 09:46:29 AM,1881.0,0,0.0,302447393.9999996
2025-08-01 09:46:30 AM,1881.0,5,9405.0,302456798.9999996
2025-08-01 09:46:31 AM,1881.1,0,0.0,302456798.9999996
2025-08-01 09:46:32 AM,1881.1,10,18811.0,302475609.9999996
2025-08-01 09:46:34 AM,1881.1,5,9405.5,302485015.4999996
2025-08-01 09:46:35 AM,1881.0,0,0.0,302485015.4999996
2025-08-01 09:46:36 AM,1881.0,100,188100.0,302673115.4999996
2025-08-01 09:46:37 AM,1880.0,8,15040.0,302688155.4999996
2025-08-01 09:46:40 AM,1880.7,0,0.0,302688155.4999996
2025-08-01 09:46:40 AM,1880.0,44,82720.0,302770875.4999996
2025-08-01 09:46:42 AM,1880.7,60,112842.0,302883717.4999996
2025-08-01 09:46:42 AM,1880.3,0,0.0,302883717.4999996
2025-08-01 09:46:43 AM,1880.3,5,9401.5,302893118.9999996
2025-08-01 09:46:43 AM,1881.0,0,0.0,302893118.9999996
2025-08-01 09:46:44 AM,1881.0,5,9405.0,302902523.9999996
2025-08-01 09:46:44 AM,1880.1,0,0.0,302902523.9999996
2025-08-01 09:46:45 AM,1880.1,13,24441.3,302926965.2999996
2025-08-01 09:46:45 AM,1880.0,0,0.0,302926965.2999996
2025-08-01 09:46:46 AM,1880.1,20,37602.0,302964567.2999996
2025-08-01 09:46:48 AM,1880.0,3,5640.0,302970207.2999996
2025-08-01 09:46:51 AM,1880.6,65,122239.0,303092446.2999996
2025-08-01 09:46:52 AM,1880.2,0,0.0,303092446.2999996
2025-08-01 09:46:52 AM,1880.2,6,11281.2,303103727.4999996
2025-08-01 09:46:53 AM,1881.0,200,376200.0,303479927.4999996
2025-08-01 09:46:54 AM,1880.2,0,0.0,303479927.4999996
2025-08-01 09:46:54 AM,1880.2,17,31963.4,303511890.89999956
2025-08-01 09:46:54 AM,1881.4,100,188140.0,303700030.89999956
2025-08-01 09:46:55 AM,1880.7,9,16926.3,303716957.1999996
2025-08-01 09:47:01 AM,1881.4,1,1881.4,303718838.59999955
2025-08-01 09:47:02 AM,1881.0,3,5643.0,303724481.59999955
2025-08-01 09:47:02 AM,1880.7,1,1880.7,303726362.29999954
2025-08-01 09:47:03 AM,1881.0,5,9405.0,303735767.29999954
2025-08-01 09:47:04 AM,1880.2,1,1880.2,303737647.4999995
2025-08-01 09:47:05 AM,1880.7,37,69585.90000000001,303807233.3999995
2025-08-01 09:47:06 AM,1880.4,0,0.0,303807233.3999995
2025-08-01 09:47:06 AM,1880.4,4,7521.6,303814754.9999995
2025-08-01 09:47:07 AM,1880.4,20,37608.0,303852362.9999995
2025-08-01 09:47:07 AM,1880.5,3,5641.5,303858004.4999995
2025-08-01 09:47:09 AM,1881.0,0,0.0,303858004.4999995
2025-08-01 09:47:10 AM,1881.0,1,1881.0,303859885.4999995
2025-08-01 09:47:14 AM,1881.0,11,20691.0,303880576.4999995
2025-08-01 09:47:17 AM,1880.5,0,0.0,303880576.4999995
2025-08-01 09:47:18 AM,1880.5,53,99666.5,303980242.9999995
2025-08-01 09:47:19 AM,1880.5,4,7522.0,303987764.9999995
2025-08-01 09:47:19 AM,1880.9,0,0.0,303987764.9999995
2025-08-01 09:47:20 AM,1880.2,62,116572.40000000001,304104337.3999995
2025-08-01 09:47:21 AM,1880.7,100,188070.0,304292407.3999995
2025-08-01 09:47:21 AM,1880.1,0,0.0,304292407.3999995
2025-08-01 09:47:22 AM,1879.3,0,0.0,304292407.3999995
2025-08-01 09:47:22 AM,1879.3,895,1681973.5,305974380.8999995
2025-08-01 09:47:22 AM,1879.9,113,212428.7,306186809.5999995
2025-08-01 09:47:23 AM,1879.9,40,75196.0,306262005.5999995
2025-08-01 09:47:23 AM,1880.0,88,165440.0,306427445.5999995
2025-08-01 09:47:24 AM,1880.4,1,1880.4,306429325.99999946
2025-08-01 09:47:25 AM,1880.4,20,37608.0,306466933.99999946
2025-08-01 09:47:27 AM,1880.4,10,18804.0,306485737.99999946
2025-08-01 09:47:29 AM,1880.0,0,0.0,306485737.99999946
2025-08-01 09:47:29 AM,1880.0,14,26320.0,306512057.99999946
2025-08-01 09:47:30 AM,1880.0,66,124080.0,306636137.99999946
2025-08-01 09:47:31 AM,1879.2,0,0.0,306636137.99999946
2025-08-01 09:47:31 AM,1879.2,22,41342.4,306677480.39999944
2025-08-01 09:47:31 AM,1879.2,55,103356.0,306780836.39999944
2025-08-01 09:47:32 AM,1878.9,0,0.0,306780836.39999944
2025-08-01 09:47:33 AM,1878.9,468,879325.2000000001,307660161.5999994
2025-08-01 09:47:33 AM,1879.1,313,588158.2999999999,308248319.89999944
2025-08-01 09:47:33 AM,1878.5,0,0.0,308248319.89999944
2025-08-01 09:47:34 AM,1878.5,52,97682.0,308346001.89999944
2025-08-01 09:47:34 AM,1878.6,24,45086.399999999994,308391088.2999994
2025-08-01 09:47:34 AM,1878.5,0,0.0,308391088.2999994
2025-08-01 09:47:35 AM,1878.5,10,18785.0,308409873.2999994
2025-08-01 09:47:37 AM,1878.5,14,26299.0,308436172.2999994
2025-08-01 09:47:38 AM,1878.4,9,16905.600000000002,308453077.89999944
2025-08-01 09:47:38 AM,1878.6,0,0.0,308453077.89999944
2025-08-01 09:47:39 AM,1878.5,0,0.0,308453077.89999944
2025-08-01 09:47:39 AM,1878.5,49,92046.5,308545124.39999944
2025-08-01 09:47:39 AM,1878.4,0,0.0,308545124.39999944
2025-08-01 09:47:40 AM,1878.3,221,415104.3,308960228.69999945
2025-08-01 09:47:41 AM,1878.5,19,35691.5,308995920.19999945
2025-08-01 09:47:42 AM,1878.3,20,37566.0,309033486.19999945
2025-08-01 09:47:42 AM,1878.5,9,16906.5,309050392.69999945
2025-08-01 09:47:43 AM,1878.4,217,407612.80000000005,309458005.49999946
2025-08-01 09:47:45 AM,1879.1,0,0.0,309458005.49999946
2025-08-01 09:47:46 AM,1879.1,7,13153.699999999999,309471159.19999945
2025-08-01 09:47:46 AM,1878.6,0,0.0,309471159.19999945
2025-08-01 09:47:47 AM,1878.6,6,11271.599999999999,309482430.7999995
2025-08-01 09:47:48 AM,1879.1,0,0.0,309482430.7999995
2025-08-01 09:47:49 AM,1879.1,39,73284.9,309555715.69999945
2025-08-01 09:47:53 AM,1878.4,50,93920.0,309649635.69999945
2025-08-01 09:47:53 AM,1879.0,0,0.0,309649635.69999945
2025-08-01 09:47:54 AM,1878.6,68,127744.79999999999,309777380.49999946
2025-08-01 09:47:55 AM,1879.0,210,394590.0,310171970.49999946
2025-08-01 09:47:56 AM,1879.8,0,0.0,310171970.49999946
2025-08-01 09:47:56 AM,1878.9,0,0.0,310171970.49999946
2025-08-01 09:47:56 AM,1878.9,167,313776.3,310485746.7999995
2025-08-01 09:47:57 AM,1879.2,0,0.0,310485746.7999995
2025-08-01 09:47:58 AM,1879.2,14,26308.8,310512055.5999995
2025-08-01 09:47:58 AM,1880.0,0,0.0,310512055.5999995
2025-08-01 09:47:59 AM,1880.0,955,1795400.0,312307455.5999995
2025-08-01 09:47:59 AM,1880.1,0,0.0,312307455.5999995
2025-08-01 09:48:00 AM,1880.0,40,75200.0,312382655.5999995
2025-08-01 09:48:00 AM,1880.1,81,152288.1,312534943.6999995
2025-08-01 09:48:01 AM,1880.6,0,0.0,312534943.6999995
2025-08-01 09:48:01 AM,1880.6,40,75224.0,312610167.6999995
2025-08-01 09:48:01 AM,1880.0,179,336520.0,312946687.6999995
2025-08-01 09:48:02 AM,1879.0,54,101466.0,313048153.6999995
2025-08-01 09:48:02 AM,1879.7,0,0.0,313048153.6999995
2025-08-01 09:48:02 AM,1879.7,6,11278.2,313059431.8999995
2025-08-01 09:48:03 AM,1879.2,3,5637.6,313065069.4999995
2025-08-01 09:48:03 AM,1879.8,0,0.0,313065069.4999995
2025-08-01 09:48:04 AM,1879.8,18,33836.4,313098905.8999995
2025-08-01 09:48:04 AM,1879.7,0,0.0,313098905.8999995
2025-08-01 09:48:04 AM,1879.7,1,1879.7,313100785.5999995
2025-08-01 09:48:05 AM,1879.6,5,9398.0,313110183.5999995
2025-08-01 09:48:05 AM,1878.6,0,0.0,313110183.5999995
2025-08-01 09:48:06 AM,1878.6,2,3757.2,313113940.7999995
2025-08-01 09:48:06 AM,1879.5,26,48867.0,313162807.7999995
2025-08-01 09:48:07 AM,1879.5,11,20674.5,313183482.2999995
2025-08-01 09:48:08 AM,1879.5,5,9397.5,313192879.7999995
2025-08-01 09:48:08 AM,1879.5,4,7518.0,313200397.7999995
2025-08-01 09:48:10 AM,1880.6,110,206866.0,313407263.7999995
2025-08-01 09:48:10 AM,1879.7,0,0.0,313407263.7999995
2025-08-01 09:48:11 AM,1879.7,42,78947.40000000001,313486211.19999945
2025-08-01 09:48:13 AM,1880.4,0,0.0,313486211.19999945
2025-08-01 09:48:13 AM,1879.7,4,7518.8,313493729.99999946
2025-08-01 09:48:14 AM,1880.4,8,15043.2,313508773.19999945
2025-08-01 09:48:15 AM,1879.5,74,139083.0,313647856.19999945
2025-08-01 09:48:18 AM,1879.5,50,93975.0,313741831.19999945
2025-08-01 09:48:19 AM,1879.6,0,0.0,313741831.19999945
2025-08-01 09:48:19 AM,1880.6,143,268925.8,314010756.99999946
2025-08-01 09:48:19 AM,1879.8,0,0.0,314010756.99999946
2025-08-01 09:48:20 AM,1879.8,13,24437.399999999998,314035194.39999944
2025-08-01 09:48:24 AM,1880.5,1,1880.5,314037074.89999944
2025-08-01 09:48:25 AM,1881.9,464,873201.6000000001,314910276.49999946
2025-08-01 09:48:26 AM,1880.9,0,0.0,314910276.49999946
2025-08-01 09:48:26 AM,1880.9,4,7523.6,314917800.0999995
2025-08-01 09:48:27 AM,1880.9,10,18809.0,314936609.0999995
2025-08-01 09:48:28 AM,1880.7,0,0.0,314936609.0999995
2025-08-01 09:48:28 AM,1880.7,1,1880.7,314938489.7999995
2025-08-01 09:48:29 AM,1880.8,10,18808.0,314957297.7999995
2025-08-01 09:48:30 AM,1880.9,0,0.0,314957297.7999995
2025-08-01 09:48:30 AM,1880.9,40,75236.0,315032533.7999995
2025-08-01 09:48:32 AM,1880.9,21,39498.9,315072032.69999945
2025-08-01 09:48:32 AM,1880.4,0,0.0,315072032.69999945
2025-08-01 09:48:33 AM,1881.8,452,850573.6,315922606.2999995
2025-08-01 09:48:33 AM,1880.7,0,0.0,315922606.2999995
2025-08-01 09:48:34 AM,1880.7,35,65824.5,315988430.7999995
2025-08-01 09:48:38 AM,1881.3,0,0.0,315988430.7999995
2025-08-01 09:48:39 AM,1881.7,106,199460.2,316187890.99999946
2025-08-01 09:48:39 AM,1881.2,5,9406.0,316197296.99999946
2025-08-01 09:48:40 AM,1881.9,100,188190.0,316385486.99999946
2025-08-01 09:48:41 AM,1881.0,8,15048.0,316400534.99999946
2025-08-01 09:48:43 AM,1881.8,36,67744.8,316468279.7999995
2025-08-01 09:48:43 AM,1882.1,6,11292.599999999999,316479572.3999995
2025-08-01 09:48:45 AM,1882.8,0,0.0,316479572.3999995
2025-08-01 09:48:45 AM,1882.8,130,244764.0,316724336.3999995
2025-08-01 09:48:46 AM,1881.6,0,0.0,316724336.3999995
2025-08-01 09:48:47 AM,1881.6,15,28224.0,316752560.3999995
2025-08-01 09:48:47 AM,1882.0,49,92218.0,316844778.3999995
2025-08-01 09:48:47 AM,1881.5,0,0.0,316844778.3999995
2025-08-01 09:48:48 AM,1881.5,5,9407.5,316854185.8999995
2025-08-01 09:48:49 AM,1882.4,0,0.0,316854185.8999995
2025-08-01 09:48:50 AM,1882.4,25,47060.0,316901245.8999995
2025-08-01 09:48:50 AM,1881.6,0,0.0,316901245.8999995
2025-08-01 09:48:51 AM,1882.2,51,95992.2,316997238.0999995
2025-08-01 09:48:51 AM,1881.4,0,0.0,316997238.0999995
2025-08-01 09:48:52 AM,1881.4,5,9407.0,317006645.0999995
2025-08-01 09:48:53 AM,1883.2,0,0.0,317006645.0999995
2025-08-01 09:48:54 AM,1883.2,272,512230.4,317518875.49999946
2025-08-01 09:48:54 AM,1882.6,0,0.0,317518875.49999946
2025-08-01 09:48:55 AM,1882.6,23,43299.799999999996,317562175.2999995
2025-08-01 09:48:56 AM,1883.3,0,0.0,317562175.2999995
2025-08-01 09:48:57 AM,1883.5,45,84757.5,317646932.7999995
2025-08-01 09:48:57 AM,1883.4,0,0.0,317646932.7999995
2025-08-01 09:48:58 AM,1882.5,35,65887.5,317712820.2999995
2025-08-01 09:49:01 AM,1883.1,2,3766.2,317716586.49999946
2025-08-01 09:49:01 AM,1882.3,0,0.0,317716586.49999946
2025-08-01 09:49:02 AM,1882.3,6,11293.8,317727880.2999995
2025-08-01 09:49:02 AM,1882.2,2,3764.4,317731644.69999945
2025-08-01 09:49:04 AM,1882.5,0,0.0,317731644.69999945
2025-08-01 09:49:04 AM,1882.5,19,35767.5,317767412.19999945
2025-08-01 09:49:04 AM,1882.2,0,0.0,317767412.19999945
2025-08-01 09:49:05 AM,1882.2,1,1882.2,317769294.39999944
2025-08-01 09:49:06 AM,1882.5,0,0.0,317769294.39999944
2025-08-01 09:49:06 AM,1882.5,3,5647.5,317774941.89999944
2025-08-01 09:49:08 AM,1881.8,0,0.0,317774941.89999944
2025-08-01 09:49:09 AM,1881.8,205,385769.0,318160710.89999944
2025-08-01 09:49:09 AM,1881.7,0,0.0,318160710.89999944
2025-08-01 09:49:10 AM,1881.7,18,33870.6,318194581.49999946
2025-08-01 09:49:12 AM,1882.5,0,0.0,318194581.49999946
2025-08-01 09:49:12 AM,1882.5,100,188250.0,318382831.49999946
2025-08-01 09:49:13 AM,1882.0,0,0.0,318382831.49999946
2025-08-01 09:49:13 AM,1882.0,6,11292.0,318394123.49999946
2025-08-01 09:49:18 AM,1882.0,1,1882.0,318396005.49999946
2025-08-01 09:49:25 AM,1882.4,0,0.0,318396005.49999946
2025-08-01 09:49:26 AM,1882.4,10,18824.0,318414829.49999946
2025-08-01 09:49:27 AM,1882.0,318,598476.0,319013305.49999946
2025-08-01 09:49:27 AM,1881.5,0,0.0,319013305.49999946
2025-08-01 09:49:28 AM,1881.5,25,47037.5,319060342.99999946
2025-08-01 09:49:28 AM,1881.4,9,16932.600000000002,319077275.5999995
2025-08-01 09:49:29 AM,1881.5,6,11289.0,319088564.5999995
2025-08-01 09:49:29 AM,1881.5,1,1881.5,319090446.0999995
2025-08-01 09:49:33 AM,1881.4,0,0.0,319090446.0999995
2025-08-01 09:49:33 AM,1881.4,50,94070.0,319184516.0999995
2025-08-01 09:49:34 AM,1881.8,63,118553.4,319303069.49999946
2025-08-01 09:49:35 AM,1881.5,6,11289.0,319314358.49999946
2025-08-01 09:49:36 AM,1882.8,0,0.0,319314358.49999946
2025-08-01 09:49:37 AM,1882.8,446,839728.7999999999,320154087.2999995
2025-08-01 09:49:37 AM,1882.1,38,71519.8,320225607.0999995
2025-08-01 09:49:42 AM,1882.6,1,1882.6,320227489.6999995
2025-08-01 09:49:48 AM,1882.6,65,122369.0,320349858.6999995
2025-08-01 09:49:48 AM,1882.4,0,0.0,320349858.6999995
2025-08-01 09:49:49 AM,1882.8,22,41421.6,320391280.29999954
2025-08-01 09:49:49 AM,1882.8,10,18828.0,320410108.29999954
2025-08-01 09:49:50 AM,1882.1,2,3764.2,320413872.4999995
2025-08-01 09:49:51 AM,1882.1,38,71519.8,320485392.29999954
2025-08-01 09:49:52 AM,1881.5,3,5644.5,320491036.79999954
2025-08-01 09:49:54 AM,1881.5,2,3763.0,320494799.79999954
2025-08-01 09:49:54 AM,1881.5,30,56445.0,320551244.79999954
2025-08-01 09:49:59 AM,1881.7,10,18817.0,320570061.79999954
2025-08-01 09:49:59 AM,1881.5,0,0.0,320570061.79999954
2025-08-01 09:50:00 AM,1881.5,4,7526.0,320577587.79999954
2025-08-01 09:50:03 AM,1881.9,58,109150.20000000001,320686737.9999995
2025-08-01 09:50:03 AM,1882.3,0,0.0,320686737.9999995
2025-08-01 09:50:06 AM,1882.0,4,7528.0,320694265.9999995
2025-08-01 09:50:09 AM,1882.7,99,186387.30000000002,320880653.29999954
2025-08-01 09:50:12 AM,1883.5,0,0.0,320880653.29999954
2025-08-01 09:50:12 AM,1883.5,42,79107.0,320959760.29999954
2025-08-01 09:50:15 AM,1882.9,0,0.0,320959760.29999954
2025-08-01 09:50:16 AM,1882.9,80,150632.0,321110392.29999954
2025-08-01 09:50:20 AM,1882.7,0,0.0,321110392.29999954
2025-08-01 09:50:22 AM,1882.1,42,79048.2,321189440.4999995
2025-08-01 09:50:28 AM,1882.6,1,1882.6,321191323.09999955
2025-08-01 09:50:30 AM,1882.2,0,0.0,321191323.09999955
2025-08-01 09:50:31 AM,1882.2,47,88463.40000000001,321279786.4999995
2025-08-01 09:50:32 AM,1881.6,0,0.0,321279786.4999995
2025-08-01 09:50:35 AM,1881.5,20,37630.0,321317416.4999995
2025-08-01 09:50:36 AM,1883.1,0,0.0,321317416.4999995
2025-08-01 09:50:37 AM,1883.2,305,574376.0,321891792.4999995
2025-08-01 09:50:38 AM,1883.7,0,0.0,321891792.4999995
2025-08-01 09:50:39 AM,1883.1,0,0.0,321891792.4999995
2025-08-01 09:50:41 AM,1883.2,0,0.0,321891792.4999995
