date,price,qty,trnvr,cum_trnvr
2025-08-01 09:15:07 AM,174.38,1040,181355.19999999998,181355.19999999998
2025-08-01 09:15:15 AM,174.5,0,0.0,181355.19999999998
2025-08-01 09:15:19 AM,174.5,503,87773.5,269128.69999999995
2025-08-01 09:15:24 AM,174.72,0,0.0,269128.69999999995
2025-08-01 09:15:26 AM,174.7,0,0.0,269128.69999999995
2025-08-01 09:15:28 AM,174.6,863,150679.8,419808.49999999994
2025-08-01 09:15:35 AM,174.79,0,0.0,419808.49999999994
2025-08-01 09:15:36 AM,174.79,75,13109.25,432917.74999999994
2025-08-01 09:15:53 AM,174.96,446,78032.16,510949.9099999999
2025-08-01 09:15:59 AM,174.68,0,0.0,510949.9099999999
2025-08-01 09:16:01 AM,174.68,151,26376.68,537326.59
2025-08-01 09:16:03 AM,174.64,17,2968.8799999999997,540295.47
2025-08-01 09:16:05 AM,174.41,0,0.0,540295.47
2025-08-01 09:16:09 AM,174.41,184,32091.44,572386.9099999999
2025-08-01 09:16:10 AM,174.93,0,0.0,572386.9099999999
2025-08-01 09:16:11 AM,174.93,250,43732.5,616119.4099999999
2025-08-01 09:16:31 AM,174.18,0,0.0,616119.4099999999
2025-08-01 09:16:34 AM,174.18,100,17418.0,633537.4099999999
2025-08-01 09:16:41 AM,174.17,0,0.0,633537.4099999999
2025-08-01 09:16:42 AM,174.17,100,17417.0,650954.4099999999
2025-08-01 09:16:50 AM,174.71,72,12579.12,663533.5299999999
2025-08-01 09:17:00 AM,173.99,3000,521970.0,1185503.5299999998
2025-08-01 09:17:15 AM,174.38,155,27028.899999999998,1212532.4299999997
2025-08-01 09:17:26 AM,174.59,0,0.0,1212532.4299999997
2025-08-01 09:17:32 AM,174.4,141,24590.4,1237122.8299999996
2025-08-01 09:17:40 AM,174.66,1,174.66,1237297.4899999995
2025-08-01 09:17:43 AM,174.4,0,0.0,1237297.4899999995
2025-08-01 09:17:48 AM,174.4,1,174.4,1237471.8899999994
2025-08-01 09:18:05 AM,174.66,44,7685.04,1245156.9299999995
2025-08-01 09:18:06 AM,174.86,1,174.86,1245331.7899999996
2025-08-01 09:18:21 AM,175.09,337,59005.33,1304337.1199999996
2025-08-01 09:18:23 AM,175.4,369,64722.6,1369059.7199999997
2025-08-01 09:18:30 AM,175.5,81,14215.5,1383275.2199999997
2025-08-01 09:18:54 AM,175.5,1247,218848.5,1602123.7199999997
2025-08-01 09:19:02 AM,175.29,225,39440.25,1641563.9699999997
2025-08-01 09:19:03 AM,175.24,57,9988.68,1651552.6499999997
2025-08-01 09:19:20 AM,175.41,0,0.0,1651552.6499999997
2025-08-01 09:19:27 AM,175.27,415,72737.05,1724289.6999999997
2025-08-01 09:19:45 AM,175.3,0,0.0,1724289.6999999997
2025-08-01 09:19:50 AM,175.06,0,0.0,1724289.6999999997
2025-08-01 09:19:51 AM,175.06,149,26083.94,1750373.6399999997
2025-08-01 09:20:06 AM,175.06,116,20306.96,1770680.5999999996
2025-08-01 09:20:14 AM,175.06,123,21532.38,1792212.9799999995
2025-08-01 09:20:20 AM,174.6,0,0.0,1792212.9799999995
2025-08-01 09:20:22 AM,174.6,1836,320565.6,2112778.5799999996
2025-08-01 09:21:56 AM,174.85,51,8917.35,2121695.9299999997
2025-08-01 09:22:11 AM,174.85,135,23604.75,2145300.6799999997
2025-08-01 09:22:20 AM,174.85,64,11190.4,2156491.0799999996
2025-08-01 09:22:22 AM,175.0,0,0.0,2156491.0799999996
2025-08-01 09:22:26 AM,175.0,250,43750.0,2200241.0799999996
2025-08-01 09:22:41 AM,175.0,20,3500.0,2203741.0799999996
2025-08-01 09:22:49 AM,174.78,64,11185.92,2214926.9999999995
2025-08-01 09:23:00 AM,174.77,0,0.0,2214926.9999999995
2025-08-01 09:23:04 AM,174.77,70,12233.900000000001,2227160.8999999994
2025-08-01 09:23:06 AM,174.74,64,11183.36,2238344.2599999993
2025-08-01 09:23:27 AM,174.88,79,13815.52,2252159.7799999993
2025-08-01 09:23:57 AM,174.6,1,174.6,2252334.3799999994
2025-08-01 09:24:22 AM,174.57,100,17457.0,2269791.3799999994
2025-08-01 09:24:51 AM,174.56,0,0.0,2269791.3799999994
2025-08-01 09:24:53 AM,174.56,93,16234.08,2286025.4599999995
2025-08-01 09:24:57 AM,174.5,0,0.0,2286025.4599999995
2025-08-01 09:24:58 AM,174.5,3,523.5,2286548.9599999995
2025-08-01 09:25:04 AM,174.63,0,0.0,2286548.9599999995
2025-08-01 09:25:05 AM,174.63,58,10128.539999999999,2296677.4999999995
2025-08-01 09:25:35 AM,174.42,57,9941.939999999999,2306619.4399999995
2025-08-01 09:25:59 AM,174.65,0,0.0,2306619.4399999995
2025-08-01 09:26:00 AM,174.65,50,8732.5,2315351.9399999995
2025-08-01 09:26:06 AM,174.7,415,72500.5,2387852.4399999995
2025-08-01 09:26:18 AM,174.88,0,0.0,2387852.4399999995
2025-08-01 09:26:21 AM,174.88,100,17488.0,2405340.4399999995
2025-08-01 09:26:34 AM,174.89,0,0.0,2405340.4399999995
2025-08-01 09:26:36 AM,174.94,0,0.0,2405340.4399999995
2025-08-01 09:26:37 AM,174.94,136,23791.84,2429132.2799999993
2025-08-01 09:27:07 AM,174.94,2,349.88,2429482.159999999
2025-08-01 09:27:14 AM,175.0,148,25900.0,2455382.159999999
2025-08-01 09:27:33 AM,175.28,0,0.0,2455382.159999999
2025-08-01 09:27:36 AM,175.28,18,3155.04,2458537.1999999993
2025-08-01 09:28:22 AM,175.04,18,3150.72,2461687.9199999995
2025-08-01 09:29:01 AM,174.85,1,174.85,2461862.7699999996
2025-08-01 09:30:06 AM,175.05,0,0.0,2461862.7699999996
2025-08-01 09:30:08 AM,175.05,1,175.05,2462037.8199999994
2025-08-01 09:30:14 AM,175.03,0,0.0,2462037.8199999994
2025-08-01 09:30:16 AM,175.03,18,3150.54,2465188.3599999994
2025-08-01 09:30:24 AM,175.03,50,8751.5,2473939.8599999994
2025-08-01 09:30:49 AM,175.05,0,0.0,2473939.8599999994
2025-08-01 09:30:53 AM,175.05,5,875.25,2474815.1099999994
2025-08-01 09:31:44 AM,175.05,10,1750.5,2476565.6099999994
2025-08-01 09:31:58 AM,175.05,156,27307.800000000003,2503873.409999999
2025-08-01 09:32:12 AM,174.87,100,17487.0,2521360.409999999
2025-08-01 09:33:28 AM,175.05,0,0.0,2521360.409999999
2025-08-01 09:33:28 AM,175.05,69,12078.45,2533438.8599999994
2025-08-01 09:33:42 AM,175.29,20,3505.7999999999997,2536944.659999999
2025-08-01 09:33:48 AM,175.1,0,0.0,2536944.659999999
2025-08-01 09:33:49 AM,175.1,1006,176150.6,2713095.2599999993
2025-08-01 09:33:51 AM,175.0,0,0.0,2713095.2599999993
2025-08-01 09:33:56 AM,175.0,994,173950.0,2887045.2599999993
2025-08-01 09:34:03 AM,175.1,0,0.0,2887045.2599999993
2025-08-01 09:34:03 AM,175.1,11,1926.1,2888971.3599999994
2025-08-01 09:34:08 AM,175.3,0,0.0,2888971.3599999994
2025-08-01 09:34:10 AM,175.3,51,8940.300000000001,2897911.659999999
2025-08-01 09:34:24 AM,175.49,75,13161.75,2911073.409999999
2025-08-01 09:34:26 AM,175.5,0,0.0,2911073.409999999
2025-08-01 09:34:31 AM,175.5,1309,229729.5,3140802.909999999
2025-08-01 09:35:33 AM,175.6,0,0.0,3140802.909999999
2025-08-01 09:35:34 AM,175.6,6,1053.6,3141856.5099999993
2025-08-01 09:35:37 AM,175.5,0,0.0,3141856.5099999993
2025-08-01 09:35:41 AM,175.5,1000,175500.0,3317356.5099999993
2025-08-01 09:35:47 AM,175.42,104,18243.68,3335600.1899999995
2025-08-01 09:36:06 AM,175.29,0,0.0,3335600.1899999995
2025-08-01 09:36:07 AM,175.29,81,14198.49,3349798.6799999997
2025-08-01 09:36:34 AM,175.4,2,350.8,3350149.4799999995
2025-08-01 09:37:21 AM,175.4,210,36834.0,3386983.4799999995
2025-08-01 09:37:54 AM,175.25,0,0.0,3386983.4799999995
2025-08-01 09:37:55 AM,175.25,190,33297.5,3420280.9799999995
2025-08-01 09:38:03 AM,175.16,0,0.0,3420280.9799999995
2025-08-01 09:38:06 AM,175.25,0,0.0,3420280.9799999995
2025-08-01 09:38:08 AM,175.25,3976,696794.0,4117074.9799999995
2025-08-01 09:38:32 AM,175.22,0,0.0,4117074.9799999995
2025-08-01 09:38:35 AM,175.22,5,876.1,4117951.0799999996
2025-08-01 09:38:49 AM,175.22,255,44681.1,4162632.1799999997
2025-08-01 09:38:58 AM,175.1,0,0.0,4162632.1799999997
2025-08-01 09:39:02 AM,175.1,1749,306249.89999999997,4468882.08
2025-08-01 09:39:13 AM,174.95,0,0.0,4468882.08
2025-08-01 09:39:16 AM,174.95,30,5248.5,4474130.58
2025-08-01 09:39:36 AM,174.95,68,11896.599999999999,4486027.18
2025-08-01 09:40:02 AM,174.85,903,157889.55,4643916.7299999995
2025-08-01 09:40:15 AM,174.8,52,9089.6,4653006.329999999
2025-08-01 09:40:21 AM,174.95,0,0.0,4653006.329999999
2025-08-01 09:40:21 AM,174.95,50,8747.5,4661753.829999999
2025-08-01 09:40:46 AM,175.02,0,0.0,4661753.829999999
2025-08-01 09:40:48 AM,175.02,25,4375.5,4666129.329999999
2025-08-01 09:41:00 AM,175.09,0,0.0,4666129.329999999
2025-08-01 09:41:01 AM,175.09,17,2976.53,4669105.859999999
2025-08-01 09:41:14 AM,175.1,2700,472770.0,5141875.859999999
2025-08-01 09:41:34 AM,175.07,150,26260.5,5168136.359999999
2025-08-01 09:42:08 AM,175.04,110,19254.399999999998,5187390.76
2025-08-01 09:42:23 AM,174.88,0,0.0,5187390.76
2025-08-01 09:42:27 AM,174.88,100,17488.0,5204878.76
2025-08-01 09:42:41 AM,174.83,0,0.0,5204878.76
2025-08-01 09:42:46 AM,174.83,113,19755.79,5224634.55
2025-08-01 09:43:36 AM,174.82,0,0.0,5224634.55
2025-08-01 09:43:39 AM,174.82,55,9615.1,5234249.649999999
2025-08-01 09:45:10 AM,174.84,1,174.84,5234424.489999999
2025-08-01 09:46:07 AM,174.8,0,0.0,5234424.489999999
2025-08-01 09:46:09 AM,174.8,48,8390.400000000001,5242814.89
2025-08-01 09:47:59 AM,174.58,0,0.0,5242814.89
2025-08-01 09:48:00 AM,174.58,2,349.16,5243164.05
2025-08-01 09:49:20 AM,174.89,0,0.0,5243164.05
2025-08-01 09:49:23 AM,174.89,1000,174890.0,5418054.05
2025-08-01 09:51:32 AM,174.73,0,0.0,5418054.05
2025-08-01 09:51:32 AM,174.73,26,4542.98,5422597.03
2025-08-01 09:51:33 AM,174.66,0,0.0,5422597.03
2025-08-01 09:51:35 AM,174.66,137,23928.42,5446525.45
2025-08-01 09:51:54 AM,174.82,35,6118.7,5452644.15
2025-08-01 09:53:40 AM,174.59,0,0.0,5452644.15
2025-08-01 09:53:42 AM,174.59,353,61630.270000000004,5514274.42
2025-08-01 09:55:25 AM,174.77,50,8738.5,5523012.92
2025-08-01 09:56:14 AM,174.62,200,34924.0,5557936.92
2025-08-01 09:56:19 AM,174.81,0,0.0,5557936.92
2025-08-01 09:56:19 AM,174.81,100,17481.0,5575417.92
2025-08-01 09:56:31 AM,174.8,0,0.0,5575417.92
2025-08-01 09:56:31 AM,174.8,10,1748.0,5577165.92
2025-08-01 09:56:55 AM,174.6,904,157838.4,5735004.32
2025-08-01 09:58:09 AM,174.51,811,141527.61,5876531.930000001
2025-08-01 09:58:52 AM,174.4,218,38019.200000000004,5914551.130000001
2025-08-01 09:58:55 AM,174.4,38,6627.2,5921178.330000001
2025-08-01 09:59:13 AM,174.25,0,0.0,5921178.330000001
2025-08-01 09:59:14 AM,174.29,0,0.0,5921178.330000001
2025-08-01 09:59:14 AM,174.29,5080,885393.2,6806571.530000001
2025-08-01 09:59:51 AM,174.2,29,5051.799999999999,6811623.330000001
2025-08-01 10:00:29 AM,174.32,0,0.0,6811623.330000001
2025-08-01 10:00:29 AM,174.32,750,130740.0,6942363.330000001
2025-08-01 10:00:41 AM,174.37,10,1743.7,6944107.030000001
2025-08-01 10:01:10 AM,174.4,1,174.4,6944281.430000002
2025-08-01 10:01:31 AM,174.22,44,7665.68,6951947.110000001
2025-08-01 10:01:35 AM,174.2,1041,181342.19999999998,7133289.310000001
2025-08-01 10:02:37 AM,174.21,1,174.21,7133463.520000001
2025-08-01 10:03:04 AM,174.33,0,0.0,7133463.520000001
2025-08-01 10:03:05 AM,174.33,4,697.32,7134160.840000002
2025-08-01 10:03:18 AM,174.35,34,5927.9,7140088.740000002
2025-08-01 10:04:16 AM,174.52,0,0.0,7140088.740000002
2025-08-01 10:04:19 AM,174.52,3,523.5600000000001,7140612.300000002
2025-08-01 10:06:28 AM,174.45,0,0.0,7140612.300000002
2025-08-01 10:06:29 AM,174.45,42,7326.9,7147939.200000002
2025-08-01 10:06:39 AM,174.27,0,0.0,7147939.200000002
2025-08-01 10:06:39 AM,174.27,15,2614.05,7150553.250000002
2025-08-01 10:06:45 AM,174.46,1,174.46,7150727.710000002
2025-08-01 10:06:49 AM,174.48,0,0.0,7150727.710000002
2025-08-01 10:06:51 AM,174.48,100,17448.0,7168175.710000002
2025-08-01 10:06:59 AM,174.46,1,174.46,7168350.170000002
2025-08-01 10:07:36 AM,174.27,0,0.0,7168350.170000002
2025-08-01 10:07:36 AM,174.27,68,11850.36,7180200.530000002
2025-08-01 10:07:40 AM,174.21,40,6968.400000000001,7187168.9300000025
2025-08-01 10:08:30 AM,174.21,4,696.84,7187865.770000002
2025-08-01 10:08:37 AM,174.1,0,0.0,7187865.770000002
2025-08-01 10:08:38 AM,174.1,1000,174100.0,7361965.770000002
2025-08-01 10:08:51 AM,174.38,0,0.0,7361965.770000002
2025-08-01 10:08:54 AM,174.38,500,87190.0,7449155.770000002
2025-08-01 10:09:43 AM,174.1,321,55886.1,7505041.870000002
2025-08-01 10:10:27 AM,174.0,450,78300.0,7583341.870000002
2025-08-01 10:10:39 AM,174.0,1,174.0,7583515.870000002
2025-08-01 10:11:28 AM,174.0,100,17400.0,7600915.870000002
2025-08-01 10:11:38 AM,174.0,100,17400.0,7618315.870000002
2025-08-01 10:11:43 AM,174.23,0,0.0,7618315.870000002
2025-08-01 10:11:43 AM,174.23,100,17423.0,7635738.870000002
2025-08-01 10:12:42 AM,174.0,67,11658.0,7647396.870000002
2025-08-01 10:13:07 AM,174.23,0,0.0,7647396.870000002
2025-08-01 10:13:11 AM,174.23,10,1742.3,7649139.170000002
2025-08-01 10:14:07 AM,174.0,0,0.0,7649139.170000002
2025-08-01 10:14:10 AM,174.0,25,4350.0,7653489.170000002
2025-08-01 10:14:27 AM,174.0,33,5742.0,7659231.170000002
2025-08-01 10:14:34 AM,174.0,10,1740.0,7660971.170000002
2025-08-01 10:14:54 AM,174.15,0,0.0,7660971.170000002
2025-08-01 10:14:56 AM,174.15,121,21072.15,7682043.320000002
2025-08-01 10:15:13 AM,174.15,10,1741.5,7683784.820000002
2025-08-01 10:15:38 AM,174.15,50,8707.5,7692492.320000002
2025-08-01 10:15:43 AM,174.32,0,0.0,7692492.320000002
2025-08-01 10:15:44 AM,174.32,2,348.64,7692840.960000002
2025-08-01 10:15:52 AM,174.15,0,0.0,7692840.960000002
2025-08-01 10:15:56 AM,174.15,68,11842.2,7704683.160000002
2025-08-01 10:17:36 AM,174.36,0,0.0,7704683.160000002
2025-08-01 10:17:39 AM,174.36,20,3487.2000000000003,7708170.360000002
2025-08-01 10:18:02 AM,174.36,462,80554.32,7788724.6800000025
2025-08-01 10:18:25 AM,174.17,5,870.8499999999999,7789595.530000002
2025-08-01 10:22:25 AM,174.42,17,2965.14,7792560.670000002
2025-08-01 10:24:23 AM,174.45,0,0.0,7792560.670000002
2025-08-01 10:24:26 AM,174.45,200,34890.0,7827450.670000002
2025-08-01 10:24:51 AM,174.55,0,0.0,7827450.670000002
2025-08-01 10:24:53 AM,174.55,20,3491.0,7830941.670000002
2025-08-01 10:25:10 AM,174.72,0,0.0,7830941.670000002
2025-08-01 10:25:10 AM,174.72,1000,174720.0,8005661.670000002
2025-08-01 10:25:13 AM,174.72,11,1921.92,8007583.590000002
2025-08-01 10:26:52 AM,174.7,0,0.0,8007583.590000002
2025-08-01 10:26:52 AM,174.7,1,174.7,8007758.290000002
2025-08-01 10:27:36 AM,174.91,30,5247.3,8013005.590000002
2025-08-01 10:29:55 AM,174.7,0,0.0,8013005.590000002
2025-08-01 10:29:57 AM,174.7,220,38434.0,8051439.590000002
2025-08-01 10:31:18 AM,174.73,0,0.0,8051439.590000002
2025-08-01 10:31:20 AM,174.73,5,873.65,8052313.240000002
2025-08-01 10:31:54 AM,174.41,1000,174410.0,8226723.240000002
2025-08-01 10:32:30 AM,174.51,5,872.55,8227595.790000002
2025-08-01 10:32:55 AM,174.74,0,0.0,8227595.790000002
2025-08-01 10:32:57 AM,174.74,200,34948.0,8262543.790000002
2025-08-01 10:33:00 AM,174.74,1,174.74,8262718.530000002
2025-08-01 10:33:39 AM,174.75,0,0.0,8262718.530000002
2025-08-01 10:33:41 AM,174.75,300,52425.0,8315143.530000002
2025-08-01 10:35:55 AM,174.48,0,0.0,8315143.530000002
2025-08-01 10:35:57 AM,174.48,71,12388.08,8327531.610000002
2025-08-01 10:36:27 AM,174.45,0,0.0,8327531.610000002
2025-08-01 10:36:27 AM,174.45,10,1744.5,8329276.110000002
2025-08-01 10:37:02 AM,174.29,0,0.0,8329276.110000002
2025-08-01 10:37:03 AM,174.44,10,1744.4,8331020.510000003
2025-08-01 10:38:38 AM,174.44,136,23723.84,8354744.350000002
2025-08-01 10:38:41 AM,174.21,0,0.0,8354744.350000002
2025-08-01 10:38:41 AM,174.21,521,90763.41,8445507.760000002
2025-08-01 10:39:17 AM,174.35,0,0.0,8445507.760000002
2025-08-01 10:39:18 AM,174.35,23,4010.0499999999997,8449517.810000002
2025-08-01 10:39:59 AM,174.46,0,0.0,8449517.810000002
2025-08-01 10:39:59 AM,174.46,25,4361.5,8453879.310000002
2025-08-01 10:40:01 AM,174.51,0,0.0,8453879.310000002
2025-08-01 10:40:02 AM,174.51,50,8725.5,8462604.810000002
2025-08-01 10:40:04 AM,174.52,0,0.0,8462604.810000002
2025-08-01 10:40:05 AM,174.52,475,82897.0,8545501.810000002
2025-08-01 10:40:40 AM,174.51,0,0.0,8545501.810000002
2025-08-01 10:40:41 AM,174.51,20,3490.2,8548992.010000002
2025-08-01 10:42:40 AM,174.52,0,0.0,8548992.010000002
2025-08-01 10:42:40 AM,174.52,1000,174520.0,8723512.010000002
2025-08-01 10:42:59 AM,174.35,0,0.0,8723512.010000002
2025-08-01 10:42:59 AM,174.35,207,36090.45,8759602.46
2025-08-01 10:43:05 AM,174.35,20,3487.0,8763089.46
2025-08-01 10:43:45 AM,174.15,0,0.0,8763089.46
2025-08-01 10:43:46 AM,174.15,278,48413.700000000004,8811503.16
2025-08-01 10:44:06 AM,174.35,20,3487.0,8814990.16
2025-08-01 10:45:46 AM,174.49,7,1221.43,8816211.59
2025-08-01 10:45:52 AM,174.35,0,0.0,8816211.59
2025-08-01 10:45:52 AM,174.35,41,7148.349999999999,8823359.94
2025-08-01 10:46:00 AM,174.26,0,0.0,8823359.94
2025-08-01 10:46:00 AM,174.26,2989,520863.13999999996,9344223.08
2025-08-01 10:46:18 AM,174.26,75,13069.5,9357292.58
2025-08-01 10:46:46 AM,174.26,149,25964.739999999998,9383257.32
2025-08-01 10:47:10 AM,174.2,0,0.0,9383257.32
2025-08-01 10:47:13 AM,174.2,1,174.2,9383431.52
2025-08-01 10:47:18 AM,174.2,1,174.2,9383605.719999999
2025-08-01 10:47:35 AM,174.28,0,0.0,9383605.719999999
2025-08-01 10:47:37 AM,174.28,250,43570.0,9427175.719999999
2025-08-01 10:48:35 AM,174.27,0,0.0,9427175.719999999
2025-08-01 10:48:36 AM,174.27,75,13070.25,9440245.969999999
2025-08-01 10:48:39 AM,174.27,116,20215.32,9460461.29
2025-08-01 10:48:40 AM,174.25,0,0.0,9460461.29
2025-08-01 10:48:41 AM,174.25,38,6621.5,9467082.79
2025-08-01 10:49:19 AM,174.25,30,5227.5,9472310.29
2025-08-01 10:50:34 AM,174.25,423,73707.75,9546018.04
2025-08-01 10:50:57 AM,174.36,0,0.0,9546018.04
2025-08-01 10:50:57 AM,174.36,1577,274965.72000000003,9820983.76
2025-08-01 10:51:07 AM,174.35,0,0.0,9820983.76
2025-08-01 10:51:08 AM,174.35,30,5230.5,9826214.26
2025-08-01 10:51:11 AM,174.17,0,0.0,9826214.26
2025-08-01 10:51:14 AM,174.17,60,10450.199999999999,9836664.459999999
2025-08-01 10:52:10 AM,174.11,0,0.0,9836664.459999999
2025-08-01 10:52:13 AM,174.11,170,29598.7,9866263.159999998
2025-08-01 10:52:39 AM,174.36,0,0.0,9866263.159999998
2025-08-01 10:52:40 AM,174.36,550,95898.00000000001,9962161.159999998
2025-08-01 10:53:35 AM,174.12,0,0.0,9962161.159999998
2025-08-01 10:53:39 AM,174.12,300,52236.0,10014397.159999998
2025-08-01 10:53:59 AM,174.06,0,0.0,10014397.159999998
2025-08-01 10:54:00 AM,174.06,265,46125.9,10060523.059999999
2025-08-01 10:54:31 AM,174.29,0,0.0,10060523.059999999
2025-08-01 10:54:32 AM,174.29,5,871.4499999999999,10061394.509999998
2025-08-01 10:57:22 AM,174.29,1,174.29,10061568.799999997
2025-08-01 10:58:00 AM,174.29,5,871.4499999999999,10062440.249999996
2025-08-01 10:58:04 AM,174.29,2,348.58,10062788.829999996
2025-08-01 10:58:10 AM,174.29,571,99519.59,10162308.419999996
2025-08-01 10:58:33 AM,174.26,0,0.0,10162308.419999996
2025-08-01 10:58:37 AM,174.26,5,871.3,10163179.719999997
2025-08-01 10:59:05 AM,174.49,0,0.0,10163179.719999997
2025-08-01 10:59:09 AM,174.49,1500,261735.0,10424914.719999997
2025-08-01 11:00:01 AM,174.41,2,348.82,10425263.539999997
2025-08-01 11:00:38 AM,174.36,0,0.0,10425263.539999997
2025-08-01 11:00:41 AM,174.36,2779,484546.44000000006,10909809.979999997
2025-08-01 11:00:41 AM,174.17,715,124531.54999999999,11034341.529999997
2025-08-01 11:02:02 AM,174.45,0,0.0,11034341.529999997
2025-08-01 11:02:04 AM,174.45,10,1744.5,11036086.029999997
2025-08-01 11:04:50 AM,174.45,1,174.45,11036260.479999997
2025-08-01 11:04:58 AM,174.46,0,0.0,11036260.479999997
2025-08-01 11:04:58 AM,174.46,18,3140.28,11039400.759999996
2025-08-01 11:05:36 AM,174.46,1,174.46,11039575.219999997
2025-08-01 11:05:47 AM,174.27,50,8713.5,11048288.719999997
2025-08-01 11:06:03 AM,174.47,50,8723.5,11057012.219999997
2025-08-01 11:06:08 AM,174.51,0,0.0,11057012.219999997
2025-08-01 11:06:08 AM,174.51,7,1221.57,11058233.789999997
2025-08-01 11:06:36 AM,174.53,0,0.0,11058233.789999997
2025-08-01 11:06:38 AM,174.53,100,17453.0,11075686.789999997
2025-08-01 11:06:55 AM,174.58,0,0.0,11075686.789999997
2025-08-01 11:06:56 AM,174.58,2,349.16,11076035.949999997
2025-08-01 11:07:26 AM,174.7,0,0.0,11076035.949999997
2025-08-01 11:07:28 AM,174.7,1500,262049.99999999997,11338085.949999997
2025-08-01 11:07:49 AM,174.39,232,40458.479999999996,11378544.429999998
2025-08-01 11:08:16 AM,174.61,0,0.0,11378544.429999998
2025-08-01 11:08:16 AM,174.61,7,1222.27,11379766.699999997
2025-08-01 11:10:03 AM,174.2,0,0.0,11379766.699999997
2025-08-01 11:10:04 AM,174.2,746,129953.2,11509719.899999997
2025-08-01 11:12:31 AM,174.09,0,0.0,11509719.899999997
2025-08-01 11:12:36 AM,174.09,1,174.09,11509893.989999996
2025-08-01 11:14:18 AM,174.09,416,72421.44,11582315.429999996
2025-08-01 11:14:34 AM,174.29,500,87145.0,11669460.429999996
2025-08-01 11:14:57 AM,174.29,150,26143.5,11695603.929999996
2025-08-01 11:15:17 AM,174.29,100,17429.0,11713032.929999996
2025-08-01 11:15:53 AM,174.14,19,3308.66,11716341.589999996
2025-08-01 11:16:12 AM,174.24,0,0.0,11716341.589999996
2025-08-01 11:16:14 AM,174.24,150,26136.0,11742477.589999996
2025-08-01 11:21:35 AM,174.2,0,0.0,11742477.589999996
2025-08-01 11:21:37 AM,174.2,10,1742.0,11744219.589999996
2025-08-01 11:23:49 AM,174.1,0,0.0,11744219.589999996
2025-08-01 11:23:53 AM,174.1,50,8705.0,11752924.589999996
2025-08-01 11:24:41 AM,174.05,0,0.0,11752924.589999996
2025-08-01 11:24:45 AM,174.05,250,43512.5,11796437.089999996
2025-08-01 11:25:57 AM,174.39,0,0.0,11796437.089999996
2025-08-01 11:25:58 AM,174.39,500,87195.0,11883632.089999996
2025-08-01 11:26:35 AM,174.22,0,0.0,11883632.089999996
2025-08-01 11:26:39 AM,174.22,29,5052.38,11888684.469999997
2025-08-01 11:27:30 AM,174.39,30,5231.7,11893916.169999996
2025-08-01 11:29:07 AM,174.24,25,4356.0,11898272.169999996
2025-08-01 11:30:02 AM,174.4,10,1744.0,11900016.169999996
2025-08-01 11:31:04 AM,174.23,0,0.0,11900016.169999996
2025-08-01 11:31:05 AM,174.23,195,33974.85,11933991.019999996
2025-08-01 11:32:11 AM,174.24,0,0.0,11933991.019999996
2025-08-01 11:32:12 AM,174.24,575,100188.0,12034179.019999996
2025-08-01 11:32:40 AM,174.15,0,0.0,12034179.019999996
2025-08-01 11:32:41 AM,174.15,3,522.45,12034701.469999995
2025-08-01 11:35:38 AM,174.06,6,1044.3600000000001,12035745.829999994
2025-08-01 11:38:24 AM,174.25,0,0.0,12035745.829999994
2025-08-01 11:38:28 AM,174.25,500,87125.0,12122870.829999994
2025-08-01 11:38:58 AM,174.04,0,0.0,12122870.829999994
2025-08-01 11:38:59 AM,174.04,274,47686.96,12170557.789999995
2025-08-01 11:39:02 AM,174.01,0,0.0,12170557.789999995
2025-08-01 11:39:03 AM,174.01,10,1740.1,12172297.889999995
2025-08-01 11:39:33 AM,174.0,0,0.0,12172297.889999995
2025-08-01 11:39:33 AM,174.0,1361,236814.0,12409111.889999995
2025-08-01 11:40:23 AM,173.9,2650,460835.0,12869946.889999995
2025-08-01 11:42:26 AM,173.8,0,0.0,12869946.889999995
2025-08-01 11:42:28 AM,173.8,10,1738.0,12871684.889999995
2025-08-01 11:42:48 AM,173.9,0,0.0,12871684.889999995
2025-08-01 11:42:50 AM,173.9,226,39301.4,12910986.289999995
2025-08-01 11:43:00 AM,173.99,0,0.0,12910986.289999995
2025-08-01 11:43:01 AM,173.99,25,4349.75,12915336.039999995
2025-08-01 11:44:00 AM,174.0,0,0.0,12915336.039999995
2025-08-01 11:44:03 AM,174.0,8,1392.0,12916728.039999995
2025-08-01 11:44:09 AM,173.87,274,47640.380000000005,12964368.419999996
2025-08-01 11:44:11 AM,173.8,0,0.0,12964368.419999996
2025-08-01 11:44:15 AM,173.8,40,6952.0,12971320.419999996
2025-08-01 11:48:41 AM,173.77,0,0.0,12971320.419999996
2025-08-01 11:48:44 AM,173.77,40,6950.8,12978271.219999997
2025-08-01 11:49:13 AM,173.65,0,0.0,12978271.219999997
2025-08-01 11:49:15 AM,173.65,70,12155.5,12990426.719999997
2025-08-01 11:50:13 AM,173.77,0,0.0,12990426.719999997
2025-08-01 11:50:16 AM,173.8,0,0.0,12990426.719999997
2025-08-01 11:50:17 AM,173.8,65,11297.0,13001723.719999997
2025-08-01 11:50:23 AM,173.8,321,55789.8,13057513.519999998
2025-08-01 11:50:28 AM,173.8,37,6430.6,13063944.119999997
2025-08-01 11:50:41 AM,173.77,0,0.0,13063944.119999997
2025-08-01 11:50:43 AM,173.77,1,173.77,13064117.889999997
2025-08-01 11:51:45 AM,173.95,0,0.0,13064117.889999997
2025-08-01 11:51:46 AM,173.8,0,0.0,13064117.889999997
2025-08-01 11:51:46 AM,173.8,72,12513.6,13076631.489999996
2025-08-01 11:51:56 AM,174.0,0,0.0,13076631.489999996
2025-08-01 11:51:57 AM,174.0,200,34800.0,13111431.489999996
2025-08-01 11:52:28 AM,174.0,160,27840.0,13139271.489999996
2025-08-01 11:52:42 AM,174.0,787,136938.0,13276209.489999996
2025-08-01 11:52:57 AM,174.25,30,5227.5,13281436.989999996
2025-08-01 11:55:41 AM,174.02,31,5394.62,13286831.609999996
2025-08-01 11:56:06 AM,173.87,0,0.0,13286831.609999996
2025-08-01 11:56:10 AM,173.87,200,34774.0,13321605.609999996
2025-08-01 11:57:05 AM,174.23,0,0.0,13321605.609999996
2025-08-01 11:57:05 AM,174.23,1052,183289.96,13504895.569999997
2025-08-01 11:57:35 AM,173.91,400,69564.0,13574459.569999997
2025-08-01 11:58:55 AM,173.9,0,0.0,13574459.569999997
2025-08-01 11:58:56 AM,173.9,7,1217.3,13575676.869999997
2025-08-01 11:59:11 AM,173.9,65,11303.5,13586980.369999997
2025-08-01 11:59:26 AM,173.91,15,2608.65,13589589.019999998
2025-08-01 12:03:34 PM,174.41,0,0.0,13589589.019999998
2025-08-01 12:03:35 PM,174.41,6485,1131048.85,14720637.869999997
2025-08-01 12:04:55 PM,174.02,0,0.0,14720637.869999997
2025-08-01 12:04:55 PM,174.02,319,55512.380000000005,14776150.249999998
2025-08-01 12:05:01 PM,173.99,0,0.0,14776150.249999998
2025-08-01 12:05:04 PM,173.99,1019,177295.81,14953446.059999999
2025-08-01 12:06:27 PM,174.06,0,0.0,14953446.059999999
2025-08-01 12:06:29 PM,174.06,2,348.12,14953794.179999998
2025-08-01 12:07:50 PM,174.06,200,34812.0,14988606.179999998
2025-08-01 12:08:39 PM,174.23,0,0.0,14988606.179999998
2025-08-01 12:08:40 PM,174.23,523,91122.29,15079728.469999997
2025-08-01 12:09:23 PM,174.06,0,0.0,15079728.469999997
2025-08-01 12:09:24 PM,174.06,1,174.06,15079902.529999997
2025-08-01 12:10:17 PM,174.3,0,0.0,15079902.529999997
2025-08-01 12:10:20 PM,174.3,344,59959.200000000004,15139861.729999997
2025-08-01 12:10:43 PM,174.29,0,0.0,15139861.729999997
2025-08-01 12:10:44 PM,174.29,2,348.58,15140210.309999997
2025-08-01 12:14:47 PM,174.15,0,0.0,15140210.309999997
2025-08-01 12:14:48 PM,174.15,58,10100.7,15150311.009999996
2025-08-01 12:15:17 PM,174.16,0,0.0,15150311.009999996
2025-08-01 12:15:19 PM,174.16,9,1567.44,15151878.449999996
2025-08-01 12:19:01 PM,174.16,6,1044.96,15152923.409999996
2025-08-01 12:20:24 PM,174.15,0,0.0,15152923.409999996
2025-08-01 12:20:28 PM,174.15,1,174.15,15153097.559999997
2025-08-01 12:22:28 PM,174.15,48,8359.2,15161456.759999996
2025-08-01 12:22:49 PM,174.15,100,17415.0,15178871.759999996
2025-08-01 12:23:33 PM,174.15,24,4179.6,15183051.359999996
2025-08-01 12:25:36 PM,174.1,0,0.0,15183051.359999996
2025-08-01 12:25:37 PM,174.1,72,12535.199999999999,15195586.559999995
2025-08-01 12:27:06 PM,174.05,0,0.0,15195586.559999995
2025-08-01 12:27:09 PM,174.05,63,10965.150000000001,15206551.709999995
2025-08-01 12:27:19 PM,174.1,0,0.0,15206551.709999995
2025-08-01 12:27:19 PM,174.1,202,35168.2,15241719.909999995
2025-08-01 12:27:27 PM,173.93,0,0.0,15241719.909999995
2025-08-01 12:27:29 PM,173.93,67,11653.310000000001,15253373.219999995
2025-08-01 12:30:17 PM,174.08,0,0.0,15253373.219999995
2025-08-01 12:30:19 PM,174.08,5,870.4000000000001,15254243.619999995
2025-08-01 12:34:53 PM,174.0,0,0.0,15254243.619999995
2025-08-01 12:34:54 PM,174.0,500,87000.0,15341243.619999995
2025-08-01 12:35:45 PM,174.0,4557,792918.0,16134161.619999995
2025-08-01 12:37:43 PM,174.0,91,15834.0,16149995.619999995
2025-08-01 12:38:09 PM,174.1,1,174.1,16150169.719999995
2025-08-01 12:40:07 PM,174.09,15,2611.35,16152781.069999995
2025-08-01 12:40:23 PM,174.0,21,3654.0,16156435.069999995
2025-08-01 12:41:03 PM,174.09,0,0.0,16156435.069999995
2025-08-01 12:41:04 PM,174.09,1,174.09,16156609.159999995
2025-08-01 12:42:27 PM,174.09,33,5744.97,16162354.129999995
2025-08-01 12:43:23 PM,174.0,0,0.0,16162354.129999995
2025-08-01 12:43:25 PM,174.0,180,31320.0,16193674.129999995
2025-08-01 12:44:43 PM,173.86,0,0.0,16193674.129999995
2025-08-01 12:44:46 PM,173.86,12,2086.32,16195760.449999996
2025-08-01 12:47:19 PM,173.86,35,6085.1,16201845.549999995
2025-08-01 12:48:23 PM,173.97,0,0.0,16201845.549999995
2025-08-01 12:48:24 PM,173.97,25,4349.25,16206194.799999995
2025-08-01 12:48:41 PM,173.86,4,695.44,16206890.239999995
2025-08-01 12:48:50 PM,173.86,50,8693.0,16215583.239999995
2025-08-01 12:48:59 PM,173.97,0,0.0,16215583.239999995
2025-08-01 12:49:00 PM,173.97,5,869.85,16216453.089999994
2025-08-01 12:49:41 PM,173.8,0,0.0,16216453.089999994
2025-08-01 12:49:43 PM,173.8,2084,362199.2,16578652.289999994
2025-08-01 12:49:48 PM,173.8,14,2433.2000000000003,16581085.489999993
2025-08-01 12:50:09 PM,173.8,13,2259.4,16583344.889999993
2025-08-01 12:50:46 PM,173.8,20,3476.0,16586820.889999993
2025-08-01 12:52:15 PM,173.85,0,0.0,16586820.889999993
2025-08-01 12:52:17 PM,173.85,18,3129.2999999999997,16589950.189999994
2025-08-01 12:52:22 PM,173.85,18,3129.2999999999997,16593079.489999995
2025-08-01 12:52:45 PM,173.8,0,0.0,16593079.489999995
2025-08-01 12:52:46 PM,173.85,161,27989.85,16621069.339999994
2025-08-01 12:53:01 PM,173.85,20,3477.0,16624546.339999994
2025-08-01 12:53:05 PM,173.75,0,0.0,16624546.339999994
2025-08-01 12:53:06 PM,173.75,183,31796.25,16656342.589999994
2025-08-01 12:53:19 PM,173.85,0,0.0,16656342.589999994
2025-08-01 12:53:21 PM,173.85,15,2607.75,16658950.339999994
2025-08-01 12:53:23 PM,173.8,0,0.0,16658950.339999994
2025-08-01 12:53:26 PM,173.8,50,8690.0,16667640.339999994
2025-08-01 12:53:29 PM,173.75,0,0.0,16667640.339999994
2025-08-01 12:53:31 PM,173.75,89,15463.75,16683104.089999994
2025-08-01 12:53:57 PM,173.75,47,8166.25,16691270.339999994
2025-08-01 12:55:35 PM,173.75,54,9382.5,16700652.839999994
2025-08-01 12:56:29 PM,173.75,16,2780.0,16703432.839999994
2025-08-01 12:56:59 PM,173.75,19,3301.25,16706734.089999994
2025-08-01 12:57:49 PM,173.75,15,2606.25,16709340.339999994
2025-08-01 12:58:13 PM,173.84,0,0.0,16709340.339999994
2025-08-01 12:58:14 PM,173.84,20,3476.8,16712817.139999995
2025-08-01 12:59:00 PM,173.84,50,8692.0,16721509.139999995
2025-08-01 12:59:20 PM,173.84,20,3476.8,16724985.939999996
2025-08-01 12:59:41 PM,173.84,25,4346.0,16729331.939999996
2025-08-01 01:00:07 PM,173.84,14,2433.76,16731765.699999996
2025-08-01 01:00:49 PM,173.84,14,2433.76,16734199.459999995
2025-08-01 01:01:22 PM,173.84,376,65363.840000000004,16799563.299999997
2025-08-01 01:03:00 PM,173.75,0,0.0,16799563.299999997
2025-08-01 01:03:01 PM,173.75,100,17375.0,16816938.299999997
2025-08-01 01:04:00 PM,173.75,12,2085.0,16819023.299999997
2025-08-01 01:04:24 PM,173.85,0,0.0,16819023.299999997
2025-08-01 01:04:24 PM,173.85,1,173.85,16819197.15
2025-08-01 01:04:32 PM,173.75,0,0.0,16819197.15
2025-08-01 01:04:34 PM,173.75,24,4170.0,16823367.15
2025-08-01 01:05:45 PM,173.75,19,3301.25,16826668.4
2025-08-01 01:06:44 PM,173.9,0,0.0,16826668.4
2025-08-01 01:06:46 PM,173.9,296,51474.4,16878142.799999997
2025-08-01 01:06:52 PM,173.91,25,4347.75,16882490.549999997
2025-08-01 01:06:57 PM,173.93,1,173.93,16882664.479999997
2025-08-01 01:07:17 PM,173.9,25,4347.5,16887011.979999997
2025-08-01 01:08:17 PM,173.89,0,0.0,16887011.979999997
2025-08-01 01:08:18 PM,173.89,5,869.4499999999999,16887881.429999996
2025-08-01 01:08:21 PM,173.86,0,0.0,16887881.429999996
2025-08-01 01:08:23 PM,173.86,157,27296.02,16915177.449999996
2025-08-01 01:09:12 PM,173.78,1,173.78,16915351.229999997
2025-08-01 01:10:35 PM,173.77,0,0.0,16915351.229999997
2025-08-01 01:10:35 PM,173.77,21,3649.17,16919000.4
2025-08-01 01:10:37 PM,174.01,0,0.0,16919000.4
2025-08-01 01:10:39 PM,174.01,20,3480.2,16922480.599999998
2025-08-01 01:12:25 PM,173.98,33,5741.339999999999,16928221.939999998
2025-08-01 01:12:47 PM,174.1,0,0.0,16928221.939999998
2025-08-01 01:12:49 PM,174.1,5,870.5,16929092.439999998
2025-08-01 01:17:05 PM,174.15,0,0.0,16929092.439999998
2025-08-01 01:17:05 PM,174.15,167,29083.05,16958175.49
2025-08-01 01:18:22 PM,174.15,1,174.15,16958349.639999997
2025-08-01 01:19:07 PM,173.93,300,52179.0,17010528.639999997
2025-08-01 01:20:15 PM,174.0,0,0.0,17010528.639999997
2025-08-01 01:20:16 PM,174.0,15,2610.0,17013138.639999997
2025-08-01 01:20:35 PM,173.69,0,0.0,17013138.639999997
2025-08-01 01:20:36 PM,173.69,2500,434225.0,17447363.639999997
2025-08-01 01:25:42 PM,173.7,0,0.0,17447363.639999997
2025-08-01 01:25:44 PM,173.7,40,6948.0,17454311.639999997
2025-08-01 01:26:02 PM,173.91,0,0.0,17454311.639999997
2025-08-01 01:26:04 PM,173.91,10,1739.1,17456050.74
2025-08-01 01:29:53 PM,173.74,0,0.0,17456050.74
2025-08-01 01:29:55 PM,173.74,20,3474.8,17459525.54
2025-08-01 01:30:00 PM,173.74,100,17374.0,17476899.54
2025-08-01 01:31:38 PM,173.98,0,0.0,17476899.54
2025-08-01 01:31:41 PM,173.98,70,12178.599999999999,17489078.14
2025-08-01 01:33:05 PM,173.87,0,0.0,17489078.14
2025-08-01 01:33:08 PM,173.87,3,521.61,17489599.75
2025-08-01 01:33:55 PM,173.85,0,0.0,17489599.75
2025-08-01 01:33:57 PM,173.85,45,7823.25,17497423.0
2025-08-01 01:37:43 PM,173.98,0,0.0,17497423.0
2025-08-01 01:37:44 PM,173.98,25,4349.5,17501772.5
2025-08-01 01:38:15 PM,173.81,119,20683.39,17522455.89
2025-08-01 01:39:07 PM,173.7,0,0.0,17522455.89
2025-08-01 01:39:09 PM,173.7,21,3647.7,17526103.59
2025-08-01 01:39:55 PM,173.7,27,4689.9,17530793.49
2025-08-01 01:43:09 PM,173.7,65,11290.5,17542083.99
2025-08-01 01:44:57 PM,173.71,0,0.0,17542083.99
2025-08-01 01:44:58 PM,173.71,1,173.71,17542257.7
2025-08-01 01:45:31 PM,173.86,0,0.0,17542257.7
2025-08-01 01:45:33 PM,173.86,20,3477.2000000000003,17545734.9
2025-08-01 01:45:49 PM,173.85,0,0.0,17545734.9
2025-08-01 01:45:49 PM,173.85,1,173.85,17545908.75
2025-08-01 01:46:08 PM,173.71,19,3300.4900000000002,17549209.24
2025-08-01 01:49:33 PM,173.72,0,0.0,17549209.24
2025-08-01 01:49:35 PM,173.72,7,1216.04,17550425.279999997
2025-08-01 01:50:47 PM,173.65,0,0.0,17550425.279999997
2025-08-01 01:50:49 PM,173.25,1076,186417.0,17736842.279999997
2025-08-01 01:50:53 PM,173.27,0,0.0,17736842.279999997
2025-08-01 01:50:54 PM,173.27,86,14901.220000000001,17751743.499999996
2025-08-01 01:50:57 PM,173.38,0,0.0,17751743.499999996
2025-08-01 01:50:58 PM,173.38,226,39183.88,17790927.379999995
2025-08-01 01:51:03 PM,173.4,0,0.0,17790927.379999995
2025-08-01 01:51:03 PM,173.4,30,5202.0,17796129.379999995
2025-08-01 01:51:59 PM,173.25,0,0.0,17796129.379999995
2025-08-01 01:52:02 PM,173.25,42,7276.5,17803405.879999995
2025-08-01 01:52:23 PM,173.2,0,0.0,17803405.879999995
2025-08-01 01:52:26 PM,173.2,100,17320.0,17820725.879999995
2025-08-01 01:53:35 PM,173.39,0,0.0,17820725.879999995
2025-08-01 01:53:38 PM,173.39,7,1213.73,17821939.609999996
2025-08-01 01:55:09 PM,173.39,35,6068.65,17828008.259999994
2025-08-01 01:55:14 PM,173.5,3002,520847.0,18348855.259999994
2025-08-01 01:55:17 PM,173.78,0,0.0,18348855.259999994
2025-08-01 01:55:20 PM,173.78,10,1737.8,18350593.059999995
2025-08-01 01:55:25 PM,173.66,0,0.0,18350593.059999995
2025-08-01 01:55:29 PM,173.66,54,9377.64,18359970.699999996
2025-08-01 01:56:49 PM,173.51,0,0.0,18359970.699999996
2025-08-01 01:56:49 PM,173.51,35,6072.849999999999,18366043.549999997
2025-08-01 01:56:55 PM,173.5,0,0.0,18366043.549999997
2025-08-01 01:56:59 PM,173.5,30,5205.0,18371248.549999997
2025-08-01 01:57:29 PM,173.51,0,0.0,18371248.549999997
2025-08-01 01:57:33 PM,173.51,5,867.55,18372116.099999998
2025-08-01 01:58:11 PM,173.5,0,0.0,18372116.099999998
2025-08-01 01:58:12 PM,173.5,29,5031.5,18377147.599999998
2025-08-01 01:58:17 PM,173.47,0,0.0,18377147.599999998
2025-08-01 01:58:17 PM,173.47,64,11102.08,18388249.679999996
2025-08-01 01:58:55 PM,173.4,0,0.0,18388249.679999996
2025-08-01 01:58:57 PM,173.4,42,7282.8,18395532.479999997
2025-08-01 01:59:29 PM,173.39,0,0.0,18395532.479999997
2025-08-01 01:59:33 PM,173.39,34,5895.259999999999,18401427.74
2025-08-01 01:59:43 PM,173.29,200,34658.0,18436085.74
2025-08-01 02:00:28 PM,173.31,39,6759.09,18442844.83
2025-08-01 02:00:31 PM,173.29,0,0.0,18442844.83
2025-08-01 02:00:33 PM,173.29,131,22700.989999999998,18465545.819999997
2025-08-01 02:00:52 PM,173.3,38,6585.400000000001,18472131.219999995
2025-08-01 02:02:29 PM,173.44,3,520.3199999999999,18472651.539999995
2025-08-01 02:03:19 PM,173.29,0,0.0,18472651.539999995
2025-08-01 02:03:20 PM,173.29,129,22354.41,18495005.949999996
2025-08-01 02:04:37 PM,173.42,0,0.0,18495005.949999996
2025-08-01 02:04:41 PM,173.42,20,3468.3999999999996,18498474.349999994
2025-08-01 02:06:02 PM,173.29,0,0.0,18498474.349999994
2025-08-01 02:06:05 PM,173.29,38,6585.0199999999995,18505059.369999994
2025-08-01 02:06:10 PM,173.29,86,14902.939999999999,18519962.309999995
2025-08-01 02:09:12 PM,173.3,0,0.0,18519962.309999995
2025-08-01 02:09:16 PM,173.3,11,1906.3000000000002,18521868.609999996
2025-08-01 02:11:33 PM,173.33,0,0.0,18521868.609999996
2025-08-01 02:11:33 PM,173.33,24,4159.92,18526028.529999997
2025-08-01 02:11:38 PM,173.48,0,0.0,18526028.529999997
2025-08-01 02:11:38 PM,173.48,277,48053.96,18574082.49
2025-08-01 02:11:52 PM,173.49,0,0.0,18574082.49
2025-08-01 02:11:53 PM,173.49,800,138792.0,18712874.49
2025-08-01 02:12:08 PM,173.4,0,0.0,18712874.49
2025-08-01 02:12:09 PM,173.4,200,34680.0,18747554.49
2025-08-01 02:12:39 PM,173.4,5,867.0,18748421.49
2025-08-01 02:12:42 PM,173.5,0,0.0,18748421.49
2025-08-01 02:12:44 PM,173.5,598,103753.0,18852174.49
2025-08-01 02:13:05 PM,173.59,0,0.0,18852174.49
2025-08-01 02:13:05 PM,173.59,100,17359.0,18869533.49
2025-08-01 02:13:25 PM,173.6,0,0.0,18869533.49
2025-08-01 02:13:25 PM,173.6,130,22568.0,18892101.49
2025-08-01 02:13:31 PM,173.65,0,0.0,18892101.49
2025-08-01 02:13:31 PM,173.65,7252,1259309.8,20151411.29
2025-08-01 02:13:57 PM,173.8,0,0.0,20151411.29
2025-08-01 02:13:57 PM,173.8,1816,315620.80000000005,20467032.09
2025-08-01 02:14:31 PM,173.73,0,0.0,20467032.09
2025-08-01 02:14:31 PM,173.73,4144,719937.12,21186969.21
2025-08-01 02:14:53 PM,174.0,0,0.0,21186969.21
2025-08-01 02:14:54 PM,174.0,24425,4249950.0,25436919.21
2025-08-01 02:14:57 PM,174.0,704,122496.0,25559415.21
2025-08-01 02:14:59 PM,174.0,471,81954.0,25641369.21
2025-08-01 02:15:02 PM,174.04,0,0.0,25641369.21
2025-08-01 02:15:02 PM,174.04,3786,658915.44,26300284.650000002
2025-08-01 02:15:03 PM,174.15,0,0.0,26300284.650000002
2025-08-01 02:15:05 PM,174.15,295,51374.25,26351658.900000002
2025-08-01 02:15:10 PM,174.09,0,0.0,26351658.900000002
2025-08-01 02:15:10 PM,174.09,79,13753.11,26365412.01
2025-08-01 02:15:19 PM,174.06,0,0.0,26365412.01
2025-08-01 02:15:20 PM,174.06,20,3481.2,26368893.21
2025-08-01 02:15:43 PM,174.15,0,0.0,26368893.21
2025-08-01 02:15:44 PM,174.15,75,13061.25,26381954.46
2025-08-01 02:16:36 PM,174.15,927,161437.05000000002,26543391.51
2025-08-01 02:17:03 PM,173.92,0,0.0,26543391.51
2025-08-01 02:17:04 PM,173.92,257,44697.439999999995,26588088.950000003
2025-08-01 02:17:56 PM,173.86,1,173.86,26588262.810000002
2025-08-01 02:19:04 PM,173.87,0,0.0,26588262.810000002
2025-08-01 02:19:07 PM,173.87,32,5563.84,26593826.650000002
2025-08-01 02:20:25 PM,173.87,5,869.35,26594696.000000004
2025-08-01 02:20:40 PM,173.77,30,5213.1,26599909.100000005
2025-08-01 02:20:50 PM,173.52,1000,173520.0,26773429.100000005
2025-08-01 02:21:48 PM,173.51,200,34702.0,26808131.100000005
2025-08-01 02:22:25 PM,173.47,83,14398.01,26822529.110000007
2025-08-01 02:23:08 PM,173.4,100,17340.0,26839869.110000007
2025-08-01 02:23:19 PM,173.3,0,0.0,26839869.110000007
2025-08-01 02:23:19 PM,173.3,148,25648.4,26865517.510000005
2025-08-01 02:23:23 PM,173.31,0,0.0,26865517.510000005
2025-08-01 02:23:24 PM,173.31,13,2253.03,26867770.540000007
2025-08-01 02:27:02 PM,173.31,3,519.9300000000001,26868290.470000006
2025-08-01 02:28:13 PM,173.42,20,3468.3999999999996,26871758.870000005
2025-08-01 02:29:01 PM,173.42,20,3468.3999999999996,26875227.270000003
2025-08-01 02:29:03 PM,173.32,0,0.0,26875227.270000003
2025-08-01 02:29:08 PM,173.32,5,866.5999999999999,26876093.870000005
2025-08-01 02:31:49 PM,173.44,0,0.0,26876093.870000005
2025-08-01 02:31:52 PM,173.44,2,346.88,26876440.750000004
2025-08-01 02:32:31 PM,173.32,533,92379.56,26968820.310000002
2025-08-01 02:32:32 PM,173.29,0,0.0,26968820.310000002
2025-08-01 02:32:33 PM,173.31,0,0.0,26968820.310000002
2025-08-01 02:32:34 PM,173.31,2396,415250.76,27384071.070000004
2025-08-01 02:33:54 PM,173.23,0,0.0,27384071.070000004
2025-08-01 02:33:57 PM,173.23,272,47118.56,27431189.630000003
2025-08-01 02:33:59 PM,173.1,0,0.0,27431189.630000003
2025-08-01 02:33:59 PM,172.51,3160,545131.6,27976321.230000004
2025-08-01 02:34:02 PM,172.81,50,8640.5,27984961.730000004
2025-08-01 02:34:05 PM,172.55,0,0.0,27984961.730000004
2025-08-01 02:34:05 PM,172.56,0,0.0,27984961.730000004
2025-08-01 02:34:05 PM,172.56,102,17601.12,28002562.850000005
2025-08-01 02:35:45 PM,172.51,0,0.0,28002562.850000005
2025-08-01 02:35:46 PM,172.51,39,6727.889999999999,28009290.740000006
2025-08-01 02:36:02 PM,172.5,0,0.0,28009290.740000006
2025-08-01 02:36:02 PM,172.5,107,18457.5,28027748.240000006
2025-08-01 02:36:04 PM,172.27,0,0.0,28027748.240000006
2025-08-01 02:36:05 PM,172.27,26,4479.02,28032227.260000005
2025-08-01 02:37:13 PM,172.25,24,4134.0,28036361.260000005
2025-08-01 02:38:14 PM,172.31,16,2756.96,28039118.220000006
2025-08-01 02:38:58 PM,172.31,15,2584.65,28041702.870000005
2025-08-01 02:39:39 PM,172.31,20,3446.2,28045149.070000004
2025-08-01 02:40:17 PM,172.44,0,0.0,28045149.070000004
2025-08-01 02:40:17 PM,172.44,204,35177.76,28080326.830000006
2025-08-01 02:40:21 PM,172.48,0,0.0,28080326.830000006
2025-08-01 02:40:23 PM,172.48,50,8624.0,28088950.830000006
2025-08-01 02:40:32 PM,172.45,0,0.0,28088950.830000006
2025-08-01 02:40:34 PM,172.45,191,32937.95,28121888.780000005
2025-08-01 02:40:53 PM,172.75,0,0.0,28121888.780000005
2025-08-01 02:40:56 PM,172.75,406,70136.5,28192025.280000005
2025-08-01 02:42:27 PM,172.75,5,863.75,28192889.030000005
2025-08-01 02:43:16 PM,172.76,317,54764.92,28247653.950000007
2025-08-01 02:43:26 PM,172.51,128,22081.28,28269735.230000008
2025-08-01 02:45:51 PM,172.75,0,0.0,28269735.230000008
2025-08-01 02:45:51 PM,172.75,58,10019.5,28279754.730000008
2025-08-01 02:46:07 PM,172.9,1942,335771.8,28615526.53000001
2025-08-01 02:46:57 PM,172.63,5,863.15,28616389.680000007
2025-08-01 02:47:40 PM,172.83,0,0.0,28616389.680000007
2025-08-01 02:47:43 PM,172.83,2,345.66,28616735.340000007
2025-08-01 02:47:49 PM,172.83,1,172.83,28616908.170000006
2025-08-01 02:47:52 PM,172.85,0,0.0,28616908.170000006
2025-08-01 02:47:55 PM,172.85,6,1037.1,28617945.270000007
2025-08-01 02:48:04 PM,172.95,0,0.0,28617945.270000007
2025-08-01 02:48:06 PM,172.95,25,4323.75,28622269.020000007
2025-08-01 02:48:07 PM,172.97,0,0.0,28622269.020000007
2025-08-01 02:48:07 PM,172.97,31,5362.07,28627631.090000007
2025-08-01 02:48:10 PM,172.62,0,0.0,28627631.090000007
2025-08-01 02:48:12 PM,172.62,169,29172.780000000002,28656803.87000001
2025-08-01 02:48:13 PM,172.95,0,0.0,28656803.87000001
2025-08-01 02:48:13 PM,172.95,1,172.95,28656976.820000008
2025-08-01 02:48:18 PM,172.95,2,345.9,28657322.720000006
2025-08-01 02:48:19 PM,172.95,1,172.95,28657495.670000006
2025-08-01 02:48:23 PM,172.95,3,518.8499999999999,28658014.520000007
2025-08-01 02:49:41 PM,172.94,0,0.0,28658014.520000007
2025-08-01 02:49:41 PM,172.94,5,864.7,28658879.220000006
2025-08-01 02:50:20 PM,172.94,62,10722.28,28669601.500000007
2025-08-01 02:50:20 PM,172.71,1,172.71,28669774.21000001
2025-08-01 02:52:18 PM,172.88,18,3111.84,28672886.05000001
2025-08-01 02:52:45 PM,172.88,1,172.88,28673058.930000007
2025-08-01 02:52:56 PM,172.88,6,1037.28,28674096.21000001
2025-08-01 02:53:12 PM,172.88,1,172.88,28674269.090000007
2025-08-01 02:53:51 PM,172.88,47,8125.36,28682394.450000007
2025-08-01 02:54:07 PM,172.92,0,0.0,28682394.450000007
2025-08-01 02:54:08 PM,172.92,1,172.92,28682567.37000001
2025-08-01 02:55:38 PM,172.71,2,345.42,28682912.79000001
2025-08-01 02:56:00 PM,172.83,4,691.32,28683604.11000001
2025-08-01 02:56:06 PM,172.83,68,11752.44,28695356.550000012
2025-08-01 02:56:23 PM,172.83,10,1728.3000000000002,28697084.850000013
2025-08-01 02:56:28 PM,172.67,300,51800.99999999999,28748885.850000013
2025-08-01 02:58:17 PM,172.75,0,0.0,28748885.850000013
2025-08-01 02:58:19 PM,172.75,76,13129.0,28762014.850000013
2025-08-01 02:58:53 PM,172.75,555,95876.25,28857891.100000013
2025-08-01 02:58:54 PM,172.7,551,95157.7,28953048.800000012
2025-08-01 02:59:22 PM,172.7,100,17270.0,28970318.800000012
2025-08-01 02:59:57 PM,172.7,980,169246.0,29139564.800000012
2025-08-01 03:00:02 PM,172.77,1,172.77,29139737.57000001
2025-08-01 03:00:06 PM,172.77,1,172.77,29139910.34000001
2025-08-01 03:00:50 PM,172.71,18,3108.78,29143019.120000012
2025-08-01 03:01:02 PM,172.71,3,518.13,29143537.25000001
2025-08-01 03:01:30 PM,172.71,20,3454.2000000000003,29146991.45000001
2025-08-01 03:01:32 PM,172.7,0,0.0,29146991.45000001
2025-08-01 03:01:34 PM,172.7,500,86350.0,29233341.45000001
2025-08-01 03:01:43 PM,172.7,691,119335.7,29352677.15000001
2025-08-01 03:01:54 PM,172.7,21,3626.7,29356303.85000001
2025-08-01 03:02:17 PM,172.7,19,3281.2999999999997,29359585.15000001
2025-08-01 03:02:28 PM,172.7,550,94985.0,29454570.15000001
2025-08-01 03:02:51 PM,172.78,0,0.0,29454570.15000001
2025-08-01 03:02:53 PM,172.78,161,27817.58,29482387.730000008
2025-08-01 03:03:38 PM,172.72,0,0.0,29482387.730000008
2025-08-01 03:03:38 PM,172.72,19,3281.68,29485669.410000008
2025-08-01 03:03:56 PM,172.91,0,0.0,29485669.410000008
2025-08-01 03:03:56 PM,172.91,50,8645.5,29494314.910000008
2025-08-01 03:04:06 PM,172.9,1,172.9,29494487.810000006
2025-08-01 03:04:43 PM,172.85,1449,250459.65,29744947.460000005
2025-08-01 03:05:14 PM,172.7,43,7426.099999999999,29752373.560000006
2025-08-01 03:05:21 PM,172.7,10,1727.0,29754100.560000006
2025-08-01 03:05:33 PM,172.7,20,3454.0,29757554.560000006
2025-08-01 03:05:39 PM,172.55,2799,482967.45,30240522.010000005
2025-08-01 03:06:01 PM,172.57,62,10699.34,30251221.350000005
2025-08-01 03:06:44 PM,172.57,50,8628.5,30259849.850000005
2025-08-01 03:07:33 PM,172.58,0,0.0,30259849.850000005
2025-08-01 03:07:34 PM,172.58,305,52636.9,30312486.750000004
2025-08-01 03:07:35 PM,172.57,0,0.0,30312486.750000004
2025-08-01 03:07:37 PM,172.48,1185,204388.8,30516875.550000004
2025-08-01 03:07:46 PM,172.36,4095,705814.2000000001,31222689.750000004
2025-08-01 03:08:08 PM,172.47,0,0.0,31222689.750000004
2025-08-01 03:08:08 PM,172.47,79,13625.13,31236314.880000003
2025-08-01 03:08:39 PM,172.27,0,0.0,31236314.880000003
2025-08-01 03:08:39 PM,172.27,18,3100.86,31239415.740000002
2025-08-01 03:09:11 PM,172.26,21,3617.46,31243033.200000003
2025-08-01 03:09:43 PM,172.26,1103,190002.78,31433035.980000004
2025-08-01 03:09:56 PM,172.27,0,0.0,31433035.980000004
2025-08-01 03:09:57 PM,172.27,549,94576.23000000001,31527612.210000005
2025-08-01 03:10:12 PM,172.27,195,33592.65,31561204.860000003
2025-08-01 03:10:19 PM,172.2,1331,229198.19999999998,31790403.060000002
2025-08-01 03:10:21 PM,172.2,688,118473.59999999999,31908876.660000004
2025-08-01 03:11:13 PM,172.2,18,3099.6,31911976.260000005
2025-08-01 03:11:35 PM,172.21,0,0.0,31911976.260000005
2025-08-01 03:11:36 PM,172.21,21,3616.4100000000003,31915592.670000006
2025-08-01 03:11:51 PM,172.2,686,118129.2,32033721.870000005
2025-08-01 03:12:24 PM,172.2,51,8782.199999999999,32042504.070000004
2025-08-01 03:12:28 PM,172.2,18,3099.6,32045603.670000006
2025-08-01 03:13:00 PM,172.2,92,15842.4,32061446.070000004
2025-08-01 03:13:29 PM,172.2,20,3444.0,32064890.070000004
2025-08-01 03:13:35 PM,172.2,20,3444.0,32068334.070000004
2025-08-01 03:13:50 PM,172.2,1000,172200.0,32240534.070000004
2025-08-01 03:14:12 PM,172.2,20,3444.0,32243978.070000004
2025-08-01 03:14:48 PM,172.21,0,0.0,32243978.070000004
2025-08-01 03:14:48 PM,172.21,19,3271.9900000000002,32247250.060000002
2025-08-01 03:15:00 PM,172.2,25,4305.0,32251555.060000002
2025-08-01 03:15:18 PM,172.2,240,41328.0,32292883.060000002
2025-08-01 03:15:23 PM,172.2,59,10159.8,32303042.860000003
2025-08-01 03:15:30 PM,172.2,26,4477.2,32307520.060000002
2025-08-01 03:15:55 PM,172.2,23,3960.6,32311480.660000004
2025-08-01 03:15:59 PM,172.2,31,5338.2,32316818.860000003
2025-08-01 03:16:06 PM,172.2,407,70085.4,32386904.26
2025-08-01 03:16:19 PM,172.21,0,0.0,32386904.26
2025-08-01 03:16:20 PM,172.21,101,17393.21,32404297.470000003
2025-08-01 03:16:34 PM,172.2,419,72151.79999999999,32476449.270000003
2025-08-01 03:16:48 PM,172.2,2013,346638.6,32823087.870000005
2025-08-01 03:16:55 PM,172.2,139,23935.8,32847023.670000006
2025-08-01 03:17:28 PM,172.2,712,122606.4,32969630.070000004
2025-08-01 03:17:29 PM,172.2,50,8610.0,32978240.070000004
2025-08-01 03:17:38 PM,172.07,0,0.0,32978240.070000004
2025-08-01 03:17:41 PM,172.07,1134,195127.38,33173367.450000003
2025-08-01 03:18:06 PM,172.08,0,0.0,33173367.450000003
2025-08-01 03:18:07 PM,172.08,27,4646.160000000001,33178013.610000003
2025-08-01 03:18:09 PM,172.07,99,17034.93,33195048.540000003
2025-08-01 03:18:12 PM,172.09,0,0.0,33195048.540000003
2025-08-01 03:18:14 PM,172.09,330,56789.700000000004,33251838.240000002
2025-08-01 03:18:16 PM,172.09,305,52487.450000000004,33304325.69
2025-08-01 03:18:20 PM,172.1,1,172.1,33304497.790000003
2025-08-01 03:18:27 PM,172.12,162,27883.440000000002,33332381.230000004
2025-08-01 03:18:40 PM,172.13,739,127204.06999999999,33459585.300000004
2025-08-01 03:18:44 PM,172.22,0,0.0,33459585.300000004
2025-08-01 03:18:46 PM,172.22,6,1033.32,33460618.620000005
2025-08-01 03:18:52 PM,172.22,6,1033.32,33461651.940000005
2025-08-01 03:19:15 PM,172.09,37,6367.33,33468019.270000003
2025-08-01 03:19:17 PM,172.35,0,0.0,33468019.270000003
2025-08-01 03:19:19 PM,172.35,505,87036.75,33555056.02
2025-08-01 03:19:47 PM,172.22,10,1722.2,33556778.220000006
2025-08-01 03:19:52 PM,172.21,7,1205.47,33557983.690000005
2025-08-01 03:19:53 PM,172.06,0,0.0,33557983.690000005
2025-08-01 03:19:54 PM,172.0,810,139320.0,33697303.690000005
2025-08-01 03:19:58 PM,172.0,1361,234092.0,33931395.690000005
2025-08-01 03:20:00 PM,171.97,10,1719.7,33933115.39000001
2025-08-01 03:20:14 PM,172.0,0,0.0,33933115.39000001
2025-08-01 03:20:16 PM,172.0,100,17200.0,33950315.39000001
2025-08-01 03:20:18 PM,171.99,0,0.0,33950315.39000001
2025-08-01 03:20:20 PM,171.99,2,343.98,33950659.370000005
2025-08-01 03:21:10 PM,171.77,0,0.0,33950659.370000005
2025-08-01 03:21:11 PM,171.77,500,85885.0,34036544.370000005
2025-08-01 03:21:16 PM,171.85,12,2062.2,34038606.57000001
2025-08-01 03:21:16 PM,171.77,0,0.0,34038606.57000001
2025-08-01 03:21:18 PM,171.77,1,171.77,34038778.34000001
2025-08-01 03:21:28 PM,171.79,0,0.0,34038778.34000001
2025-08-01 03:21:30 PM,171.77,291,49985.07,34088763.41000001
2025-08-01 03:21:36 PM,171.61,9,1544.4900000000002,34090307.90000001
2025-08-01 03:21:43 PM,171.54,801,137403.54,34227711.44000001
2025-08-01 03:21:45 PM,171.54,12,2058.48,34229769.92000001
2025-08-01 03:21:50 PM,171.54,12,2058.48,34231828.400000006
2025-08-01 03:22:09 PM,171.46,639,109562.94,34341391.34
2025-08-01 03:22:12 PM,171.25,0,0.0,34341391.34
2025-08-01 03:22:16 PM,171.26,1022,175027.72,34516419.06
2025-08-01 03:22:44 PM,171.26,9,1541.34,34517960.400000006
2025-08-01 03:22:50 PM,171.32,629,107760.28,34625720.68000001
2025-08-01 03:22:57 PM,171.26,9,1541.34,34627262.02000001
2025-08-01 03:23:03 PM,171.25,50,8562.5,34635824.52000001
2025-08-01 03:23:09 PM,171.5,0,0.0,34635824.52000001
2025-08-01 03:23:10 PM,171.5,1000,171500.0,34807324.52000001
2025-08-01 03:23:12 PM,171.54,18,3087.72,34810412.24000001
2025-08-01 03:23:25 PM,171.36,100,17136.0,34827548.24000001
2025-08-01 03:23:30 PM,171.44,0,0.0,34827548.24000001
2025-08-01 03:23:32 PM,171.44,200,34288.0,34861836.24000001
2025-08-01 03:23:49 PM,171.38,0,0.0,34861836.24000001
2025-08-01 03:23:50 PM,171.41,27,4628.07,34866464.31000001
2025-08-01 03:24:04 PM,171.38,72,12339.36,34878803.67000001
2025-08-01 03:24:07 PM,171.4,0,0.0,34878803.67000001
2025-08-01 03:24:10 PM,171.4,50,8570.0,34887373.67000001
2025-08-01 03:24:23 PM,171.39,18,3085.0199999999995,34890458.69000001
2025-08-01 03:24:25 PM,171.39,5,856.9499999999999,34891315.640000015
2025-08-01 03:24:28 PM,171.38,0,0.0,34891315.640000015
2025-08-01 03:24:30 PM,171.38,239,40959.82,34932275.460000016
2025-08-01 03:24:43 PM,171.38,74,12682.119999999999,34944957.58000001
2025-08-01 03:24:57 PM,171.38,20,3427.6,34948385.180000015
2025-08-01 03:25:03 PM,171.38,44,7540.719999999999,34955925.90000001
2025-08-01 03:25:10 PM,171.39,19,3256.41,34959182.31000001
2025-08-01 03:25:16 PM,171.39,44,7541.16,34966723.470000006
2025-08-01 03:25:18 PM,171.4,0,0.0,34966723.470000006
2025-08-01 03:25:21 PM,171.44,0,0.0,34966723.470000006
2025-08-01 03:25:23 PM,171.5,140,24010.0,34990733.470000006
2025-08-01 03:25:30 PM,171.5,100,17150.0,35007883.470000006
2025-08-01 03:25:36 PM,171.97,463,79622.11,35087505.580000006
2025-08-01 03:25:37 PM,171.41,1000,171410.0,35258915.580000006
2025-08-01 03:26:03 PM,171.74,518,88961.32,35347876.900000006
2025-08-01 03:26:08 PM,171.5,0,0.0,35347876.900000006
2025-08-01 03:26:09 PM,171.5,5,857.5,35348734.400000006
2025-08-01 03:26:11 PM,171.74,0,0.0,35348734.400000006
2025-08-01 03:26:16 PM,171.8,201,34531.8,35383266.2
2025-08-01 03:26:21 PM,171.88,0,0.0,35383266.2
2025-08-01 03:26:22 PM,171.88,100,17188.0,35400454.2
2025-08-01 03:26:28 PM,171.98,0,0.0,35400454.2
2025-08-01 03:26:29 PM,171.98,100,17198.0,35417652.2
2025-08-01 03:26:36 PM,171.98,50,8599.0,35426251.2
2025-08-01 03:26:42 PM,171.87,0,0.0,35426251.2
2025-08-01 03:26:42 PM,171.87,2010,345458.7,35771709.900000006
2025-08-01 03:26:50 PM,171.48,1,171.48,35771881.38
2025-08-01 03:26:52 PM,171.69,0,0.0,35771881.38
2025-08-01 03:26:55 PM,171.9,511,87840.90000000001,35859722.28
2025-08-01 03:27:02 PM,171.54,41,7033.139999999999,35866755.42
2025-08-01 03:27:02 PM,171.84,0,0.0,35866755.42
2025-08-01 03:27:03 PM,171.84,18,3093.12,35869848.54
2025-08-01 03:27:13 PM,171.76,0,0.0,35869848.54
2025-08-01 03:27:16 PM,171.57,206,35343.42,35905191.96
2025-08-01 03:27:17 PM,171.75,1,171.75,35905363.71
2025-08-01 03:27:29 PM,171.7,0,0.0,35905363.71
2025-08-01 03:27:30 PM,171.7,29,4979.299999999999,35910343.01
2025-08-01 03:27:44 PM,171.4,0,0.0,35910343.01
2025-08-01 03:27:44 PM,171.4,20,3428.0,35913771.01
2025-08-01 03:27:50 PM,171.35,0,0.0,35913771.01
2025-08-01 03:27:51 PM,171.35,110,18848.5,35932619.51
2025-08-01 03:28:04 PM,171.28,0,0.0,35932619.51
2025-08-01 03:28:05 PM,171.28,10,1712.8,35934332.309999995
2025-08-01 03:28:12 PM,171.21,20,3424.2000000000003,35937756.51
2025-08-01 03:28:19 PM,171.39,300,51416.99999999999,35989173.51
2025-08-01 03:28:26 PM,171.21,35,5992.35,35995165.86
2025-08-01 03:28:40 PM,171.39,15,2570.85,35997736.71
2025-08-01 03:28:40 PM,171.4,0,0.0,35997736.71
2025-08-01 03:28:42 PM,171.99,262,45061.380000000005,36042798.09
2025-08-01 03:28:58 PM,171.9,0,0.0,36042798.09
2025-08-01 03:29:00 PM,171.9,30,5157.0,36047955.09
2025-08-01 03:29:02 PM,171.22,204,34928.88,36082883.970000006
2025-08-01 03:29:07 PM,171.22,441,75508.02,36158391.99000001
2025-08-01 03:29:15 PM,171.2,0,0.0,36158391.99000001
2025-08-01 03:29:16 PM,171.2,723,123777.59999999999,36282169.59000001
2025-08-01 03:29:31 PM,171.2,200,34240.0,36316409.59000001
2025-08-01 03:29:33 PM,171.2,161,27563.199999999997,36343972.790000014
2025-08-01 03:29:41 PM,171.8,115,19757.0,36363729.790000014
2025-08-01 03:29:48 PM,171.2,52,8902.4,36372632.19000001
2025-08-01 03:29:49 PM,171.16,0,0.0,36372632.19000001
2025-08-01 03:29:53 PM,171.16,175,29953.0,36402585.19000001
