date,price,qty,trnvr,cum_trnvr
2025-08-01 09:15:02 AM,2589.9,3764,9748383.6,9748383.6
2025-08-01 09:15:03 AM,2593.9,627,1626375.3,11374758.9
2025-08-01 09:15:03 AM,2586.0,0,0.0,11374758.9
2025-08-01 09:15:04 AM,2598.9,250,649725.0,12024483.9
2025-08-01 09:15:05 AM,2618.0,1682,4403476.0,16427959.9
2025-08-01 09:15:05 AM,2621.5,0,0.0,16427959.9
2025-08-01 09:15:06 AM,2627.0,560,1471120.0,17899079.9
2025-08-01 09:15:06 AM,2650.0,0,0.0,17899079.9
2025-08-01 09:15:07 AM,2652.7,1978,5247040.6,23146120.5
2025-08-01 09:15:07 AM,2638.0,0,0.0,23146120.5
2025-08-01 09:15:08 AM,2634.4,1716,4520630.4,27666750.9
2025-08-01 09:15:08 AM,2641.7,1158,3059088.5999999996,30725839.5
2025-08-01 09:15:09 AM,2642.5,75,198187.5,30924027.0
2025-08-01 09:15:10 AM,2636.9,172,453546.8,31377573.8
2025-08-01 09:15:10 AM,2644.9,0,0.0,31377573.8
2025-08-01 09:15:11 AM,2644.9,753,1991609.7,33369183.5
2025-08-01 09:15:12 AM,2637.2,943,2486879.5999999996,35856063.1
2025-08-01 09:15:13 AM,2638.8,27,71247.6,35927310.7
2025-08-01 09:15:14 AM,2638.9,760,2005564.0,37932874.7
2025-08-01 09:15:15 AM,2641.7,0,0.0,37932874.7
2025-08-01 09:15:16 AM,2634.2,1515,3990812.9999999995,41923687.7
2025-08-01 09:15:16 AM,2621.6,0,0.0,41923687.7
2025-08-01 09:15:17 AM,2623.4,825,2164305.0,44087992.7
2025-08-01 09:15:17 AM,2629.6,0,0.0,44087992.7
2025-08-01 09:15:18 AM,2631.6,530,1394748.0,45482740.7
2025-08-01 09:15:18 AM,2632.2,0,0.0,45482740.7
2025-08-01 09:15:19 AM,2633.0,238,626654.0,46109394.7
2025-08-01 09:15:20 AM,2638.0,151,398338.0,46507732.7
2025-08-01 09:15:21 AM,2634.6,322,848341.2,47356073.900000006
2025-08-01 09:15:21 AM,2635.2,0,0.0,47356073.900000006
2025-08-01 09:15:22 AM,2634.9,469,1235768.1,48591842.00000001
2025-08-01 09:15:23 AM,2640.3,910,2402673.0,50994515.00000001
2025-08-01 09:15:23 AM,2643.2,0,0.0,50994515.00000001
2025-08-01 09:15:24 AM,2643.2,230,607936.0,51602451.00000001
2025-08-01 09:15:25 AM,2643.7,5,13218.5,51615669.50000001
2025-08-01 09:15:25 AM,2644.0,0,0.0,51615669.50000001
2025-08-01 09:15:26 AM,2643.9,562,1485871.8,53101541.300000004
2025-08-01 09:15:27 AM,2638.4,0,0.0,53101541.300000004
2025-08-01 09:15:28 AM,2638.4,6565,17321096.0,70422637.30000001
2025-08-01 09:15:29 AM,2640.8,366,966532.8,71389170.10000001
2025-08-01 09:15:29 AM,2642.2,132,348770.39999999997,71737940.50000001
2025-08-01 09:15:29 AM,2636.1,0,0.0,71737940.50000001
2025-08-01 09:15:30 AM,2635.5,340,896070.0,72634010.50000001
2025-08-01 09:15:31 AM,2633.7,163,429293.1,73063303.60000001
2025-08-01 09:15:31 AM,2633.1,0,0.0,73063303.60000001
2025-08-01 09:15:32 AM,2633.1,337,887354.7,73950658.30000001
2025-08-01 09:15:32 AM,2632.9,0,0.0,73950658.30000001
2025-08-01 09:15:33 AM,2632.9,37,97417.3,74048075.60000001
2025-08-01 09:15:36 AM,2630.3,0,0.0,74048075.60000001
2025-08-01 09:15:37 AM,2630.3,299,786459.7000000001,74834535.30000001
2025-08-01 09:15:37 AM,2629.2,616,1619587.2,76454122.50000001
2025-08-01 09:15:37 AM,2625.0,0,0.0,76454122.50000001
2025-08-01 09:15:37 AM,2625.0,1950,5118750.0,81572872.50000001
2025-08-01 09:15:38 AM,2632.5,0,0.0,81572872.50000001
2025-08-01 09:15:39 AM,2626.6,1181,3102014.6,84674887.10000001
2025-08-01 09:15:39 AM,2633.9,0,0.0,84674887.10000001
2025-08-01 09:15:40 AM,2633.9,1372,3613710.8000000003,88288597.9
2025-08-01 09:15:40 AM,2637.2,0,0.0,88288597.9
2025-08-01 09:15:41 AM,2637.2,685,1806481.9999999998,90095079.9
2025-08-01 09:15:41 AM,2639.9,0,0.0,90095079.9
2025-08-01 09:15:42 AM,2640.0,630,1663200.0,91758279.9
2025-08-01 09:15:42 AM,2638.0,0,0.0,91758279.9
2025-08-01 09:15:43 AM,2638.0,975,2572050.0,94330329.9
2025-08-01 09:15:43 AM,2636.6,0,0.0,94330329.9
2025-08-01 09:15:44 AM,2641.2,693,1830351.5999999999,96160681.5
2025-08-01 09:15:44 AM,2640.0,0,0.0,96160681.5
2025-08-01 09:15:45 AM,2643.1,943,2492443.3,98653124.8
2025-08-01 09:15:45 AM,2637.6,0,0.0,98653124.8
2025-08-01 09:15:46 AM,2635.7,393,1035830.1,99688954.89999999
2025-08-01 09:15:46 AM,2633.1,0,0.0,99688954.89999999
2025-08-01 09:15:46 AM,2633.1,100,263310.0,99952264.89999999
2025-08-01 09:15:47 AM,2636.3,0,0.0,99952264.89999999
2025-08-01 09:15:47 AM,2636.3,102,268902.60000000003,100221167.49999999
2025-08-01 09:15:48 AM,2632.9,0,0.0,100221167.49999999
2025-08-01 09:15:48 AM,2632.9,103,271188.7,100492356.19999999
2025-08-01 09:15:49 AM,2632.5,0,0.0,100492356.19999999
2025-08-01 09:15:49 AM,2632.5,128,336960.0,100829316.19999999
2025-08-01 09:15:50 AM,2630.0,85,223550.0,101052866.19999999
2025-08-01 09:15:51 AM,2633.2,0,0.0,101052866.19999999
2025-08-01 09:15:51 AM,2633.2,11,28965.199999999997,101081831.39999999
2025-08-01 09:15:52 AM,2627.2,0,0.0,101081831.39999999
2025-08-01 09:15:52 AM,2627.1,1245,3270739.5,104352570.89999999
2025-08-01 09:15:53 AM,2616.1,0,0.0,104352570.89999999
2025-08-01 09:15:53 AM,2616.1,1340,3505574.0,107858144.89999999
2025-08-01 09:15:54 AM,2614.5,453,1184368.5,109042513.39999999
2025-08-01 09:15:54 AM,2618.2,0,0.0,109042513.39999999
2025-08-01 09:15:54 AM,2618.2,416,1089171.2,110131684.6
2025-08-01 09:15:55 AM,2618.6,0,0.0,110131684.6
2025-08-01 09:15:55 AM,2618.6,46,120455.59999999999,110252140.19999999
2025-08-01 09:15:56 AM,2620.8,0,0.0,110252140.19999999
2025-08-01 09:15:56 AM,2621.8,621,1628137.8,111880277.99999999
2025-08-01 09:15:57 AM,2622.7,170,445858.99999999994,112326136.99999999
2025-08-01 09:15:58 AM,2620.5,0,0.0,112326136.99999999
2025-08-01 09:15:58 AM,2620.4,66,172946.4,112499083.39999999
2025-08-01 09:15:59 AM,2621.4,0,0.0,112499083.39999999
2025-08-01 09:15:59 AM,2621.4,104,272625.60000000003,112771708.99999999
2025-08-01 09:16:00 AM,2621.3,9,23591.7,112795300.69999999
2025-08-01 09:16:01 AM,2621.9,74,194020.6,112989321.29999998
2025-08-01 09:16:02 AM,2621.3,58,152035.40000000002,113141356.69999999
2025-08-01 09:16:02 AM,2625.4,0,0.0,113141356.69999999
2025-08-01 09:16:03 AM,2621.7,445,1166656.5,114308013.19999999
2025-08-01 09:16:04 AM,2621.9,36,94388.40000000001,114402401.6
2025-08-01 09:16:04 AM,2623.3,19,49842.700000000004,114452244.3
2025-08-01 09:16:05 AM,2627.0,100,262700.0,114714944.3
2025-08-01 09:16:05 AM,2622.7,0,0.0,114714944.3
2025-08-01 09:16:05 AM,2622.7,250,655675.0,115370619.3
2025-08-01 09:16:05 AM,2622.6,0,0.0,115370619.3
2025-08-01 09:16:06 AM,2622.6,100,262260.0,115632879.3
2025-08-01 09:16:06 AM,2624.1,0,0.0,115632879.3
2025-08-01 09:16:06 AM,2624.1,11,28865.1,115661744.39999999
2025-08-01 09:16:07 AM,2623.4,164,430237.60000000003,116091981.99999999
2025-08-01 09:16:08 AM,2622.8,0,0.0,116091981.99999999
2025-08-01 09:16:09 AM,2620.9,1089,2854160.1,118946142.09999998
2025-08-01 09:16:10 AM,2620.9,71,186083.9,119132225.99999999
2025-08-01 09:16:10 AM,2621.2,0,0.0,119132225.99999999
2025-08-01 09:16:11 AM,2621.2,492,1289630.4,120421856.39999999
2025-08-01 09:16:11 AM,2622.7,0,0.0,120421856.39999999
2025-08-01 09:16:12 AM,2622.7,30,78681.0,120500537.39999999
2025-08-01 09:16:12 AM,2622.5,20,52450.0,120552987.39999999
2025-08-01 09:16:13 AM,2622.5,70,183575.0,120736562.39999999
2025-08-01 09:16:13 AM,2622.4,36,94406.40000000001,120830968.8
2025-08-01 09:16:14 AM,2622.8,35,91798.0,120922766.8
2025-08-01 09:16:16 AM,2619.4,0,0.0,120922766.8
2025-08-01 09:16:16 AM,2619.4,200,523880.0,121446646.8
2025-08-01 09:16:17 AM,2620.3,0,0.0,121446646.8
2025-08-01 09:16:17 AM,2620.3,100,262030.00000000003,121708676.8
2025-08-01 09:16:18 AM,2617.5,225,588937.5,122297614.3
2025-08-01 09:16:18 AM,2617.7,0,0.0,122297614.3
2025-08-01 09:16:19 AM,2617.7,71,185856.69999999998,122483471.0
2025-08-01 09:16:19 AM,2614.8,0,0.0,122483471.0
2025-08-01 09:16:20 AM,2614.8,30,78444.0,122561915.0
2025-08-01 09:16:20 AM,2612.1,100,261210.0,122823125.0
2025-08-01 09:16:20 AM,2613.8,0,0.0,122823125.0
2025-08-01 09:16:20 AM,2613.7,0,0.0,122823125.0
2025-08-01 09:16:21 AM,2613.7,58,151594.59999999998,122974719.6
2025-08-01 09:16:21 AM,2613.0,456,1191528.0,124166247.6
2025-08-01 09:16:21 AM,2611.2,0,0.0,124166247.6
2025-08-01 09:16:22 AM,2611.2,96,250675.19999999998,124416922.8
2025-08-01 09:16:22 AM,2612.8,2,5225.6,124422148.39999999
2025-08-01 09:16:22 AM,2612.0,0,0.0,124422148.39999999
2025-08-01 09:16:23 AM,2612.0,12,31344.0,124453492.39999999
2025-08-01 09:16:23 AM,2611.9,20,52238.0,124505730.39999999
2025-08-01 09:16:23 AM,2605.1,0,0.0,124505730.39999999
2025-08-01 09:16:23 AM,2610.9,0,0.0,124505730.39999999
2025-08-01 09:16:24 AM,2610.9,3600,9399240.0,133904970.39999999
2025-08-01 09:16:24 AM,2614.3,300,784290.0,134689260.39999998
2025-08-01 09:16:25 AM,2613.4,252,658576.8,135347837.2
2025-08-01 09:16:25 AM,2611.0,0,0.0,135347837.2
2025-08-01 09:16:25 AM,2614.6,0,0.0,135347837.2
2025-08-01 09:16:26 AM,2614.6,178,465398.8,135813236.0
2025-08-01 09:16:26 AM,2612.7,24,62704.799999999996,135875940.8
2025-08-01 09:16:27 AM,2613.4,108,282247.2,136158188.0
2025-08-01 09:16:28 AM,2613.4,50,130670.0,136288858.0
2025-08-01 09:16:28 AM,2613.6,0,0.0,136288858.0
2025-08-01 09:16:28 AM,2613.6,3,7840.799999999999,136296698.8
2025-08-01 09:16:30 AM,2614.0,0,0.0,136296698.8
2025-08-01 09:16:30 AM,2614.0,60,156840.0,136453538.8
2025-08-01 09:16:31 AM,2616.0,0,0.0,136453538.8
2025-08-01 09:16:31 AM,2616.0,25,65400.0,136518938.8
2025-08-01 09:16:32 AM,2614.6,0,0.0,136518938.8
2025-08-01 09:16:32 AM,2614.6,23,60135.799999999996,136579074.60000002
2025-08-01 09:16:34 AM,2615.6,500,1307800.0,137886874.60000002
2025-08-01 09:16:34 AM,2614.3,0,0.0,137886874.60000002
2025-08-01 09:16:34 AM,2609.5,0,0.0,137886874.60000002
2025-08-01 09:16:34 AM,2609.5,610,1591795.0,139478669.60000002
2025-08-01 09:16:35 AM,2607.3,0,0.0,139478669.60000002
2025-08-01 09:16:35 AM,2610.1,0,0.0,139478669.60000002
2025-08-01 09:16:35 AM,2610.1,159,415005.89999999997,139893675.50000003
2025-08-01 09:16:36 AM,2604.2,0,0.0,139893675.50000003
2025-08-01 09:16:36 AM,2604.2,441,1148452.2,141042127.70000002
2025-08-01 09:16:38 AM,2608.4,20,52168.0,141094295.70000002
2025-08-01 09:16:40 AM,2608.5,0,0.0,141094295.70000002
2025-08-01 09:16:40 AM,2608.5,2,5217.0,141099512.70000002
2025-08-01 09:16:43 AM,2607.8,0,0.0,141099512.70000002
2025-08-01 09:16:43 AM,2607.8,390,1017042.0000000001,142116554.70000002
2025-08-01 09:16:44 AM,2608.4,100,260840.0,142377394.70000002
2025-08-01 09:16:44 AM,2612.7,0,0.0,142377394.70000002
2025-08-01 09:16:44 AM,2612.7,346,903994.2,143281388.9
2025-08-01 09:16:45 AM,2613.9,0,0.0,143281388.9
2025-08-01 09:16:45 AM,2613.9,72,188200.80000000002,143469589.70000002
2025-08-01 09:16:46 AM,2611.3,0,0.0,143469589.70000002
2025-08-01 09:16:46 AM,2611.3,20,52226.0,143521815.70000002
2025-08-01 09:16:47 AM,2614.3,14,36600.200000000004,143558415.9
2025-08-01 09:16:49 AM,2614.0,10,26140.0,143584555.9
2025-08-01 09:16:50 AM,2615.2,51,133375.19999999998,143717931.1
2025-08-01 09:16:52 AM,2612.0,262,684344.0,144402275.1
2025-08-01 09:16:53 AM,2615.8,340,889372.0000000001,145291647.1
2025-08-01 09:16:54 AM,2615.9,40,104636.0,145396283.1
2025-08-01 09:16:55 AM,2610.4,0,0.0,145396283.1
2025-08-01 09:16:55 AM,2610.4,325,848380.0,146244663.1
2025-08-01 09:16:56 AM,2610.0,0,0.0,146244663.1
2025-08-01 09:16:56 AM,2609.6,411,1072545.5999999999,147317208.7
2025-08-01 09:16:57 AM,2609.2,0,0.0,147317208.7
2025-08-01 09:16:57 AM,2609.2,34,88712.79999999999,147405921.5
2025-08-01 09:16:58 AM,2608.2,0,0.0,147405921.5
2025-08-01 09:16:58 AM,2608.2,100,260819.99999999997,147666741.5
2025-08-01 09:16:58 AM,2607.9,0,0.0,147666741.5
2025-08-01 09:16:59 AM,2607.9,10,26079.0,147692820.5
2025-08-01 09:17:00 AM,2607.0,207,539649.0,148232469.5
2025-08-01 09:17:01 AM,2609.9,300,782970.0,149015439.5
2025-08-01 09:17:02 AM,2609.1,20,52182.0,149067621.5
2025-08-01 09:17:03 AM,2609.6,50,130480.0,149198101.5
2025-08-01 09:17:03 AM,2610.0,40,104400.0,149302501.5
2025-08-01 09:17:03 AM,2607.7,0,0.0,149302501.5
2025-08-01 09:17:04 AM,2607.7,229,597163.2999999999,149899664.8
2025-08-01 09:17:05 AM,2607.0,0,0.0,149899664.8
2025-08-01 09:17:05 AM,2607.0,21,54747.0,149954411.8
2025-08-01 09:17:07 AM,2607.0,9,23463.0,149977874.8
2025-08-01 09:17:09 AM,2605.0,0,0.0,149977874.8
2025-08-01 09:17:10 AM,2600.4,645,1677258.0,151655132.8
2025-08-01 09:17:11 AM,2600.0,163,423800.0,152078932.8
2025-08-01 09:17:11 AM,2600.0,311,808600.0,152887532.8
2025-08-01 09:17:12 AM,2600.5,20,52010.0,152939542.8
2025-08-01 09:17:12 AM,2600.1,0,0.0,152939542.8
2025-08-01 09:17:13 AM,2595.1,889,2307043.9,155246586.70000002
2025-08-01 09:17:13 AM,2597.3,0,0.0,155246586.70000002
2025-08-01 09:17:14 AM,2594.5,8,20756.0,155267342.70000002
2025-08-01 09:17:14 AM,2590.6,0,0.0,155267342.70000002
2025-08-01 09:17:14 AM,2593.8,155,402039.0,155669381.70000002
2025-08-01 09:17:16 AM,2596.0,10,25960.0,155695341.70000002
2025-08-01 09:17:16 AM,2593.8,0,0.0,155695341.70000002
2025-08-01 09:17:16 AM,2593.8,99,256786.2,155952127.9
2025-08-01 09:17:16 AM,2598.0,0,0.0,155952127.9
2025-08-01 09:17:17 AM,2599.2,294,764164.7999999999,156716292.70000002
2025-08-01 09:17:17 AM,2600.0,0,0.0,156716292.70000002
2025-08-01 09:17:17 AM,2600.0,28,72800.0,156789092.70000002
2025-08-01 09:17:18 AM,2596.6,0,0.0,156789092.70000002
2025-08-01 09:17:19 AM,2596.6,225,584235.0,157373327.70000002
2025-08-01 09:17:19 AM,2597.3,27,70127.1,157443454.8
2025-08-01 09:17:20 AM,2593.0,30,77790.0,157521244.8
2025-08-01 09:17:21 AM,2593.0,22,57046.0,157578290.8
2025-08-01 09:17:22 AM,2597.7,132,342896.39999999997,157921187.20000002
2025-08-01 09:17:22 AM,2597.6,0,0.0,157921187.20000002
2025-08-01 09:17:23 AM,2597.6,50,129880.0,158051067.20000002
2025-08-01 09:17:24 AM,2598.0,132,342936.0,158394003.20000002
2025-08-01 09:17:25 AM,2598.5,50,129925.0,158523928.20000002
2025-08-01 09:17:26 AM,2598.5,30,77955.0,158601883.20000002
2025-08-01 09:17:28 AM,2596.3,0,0.0,158601883.20000002
2025-08-01 09:17:28 AM,2596.3,256,664652.8,159266536.00000003
2025-08-01 09:17:29 AM,2597.3,1,2597.3,159269133.30000004
2025-08-01 09:17:30 AM,2597.3,10,25973.0,159295106.30000004
2025-08-01 09:17:30 AM,2597.6,0,0.0,159295106.30000004
2025-08-01 09:17:31 AM,2597.6,205,532508.0,159827614.30000004
2025-08-01 09:17:33 AM,2596.0,1494,3878424.0,163706038.30000004
2025-08-01 09:17:33 AM,2597.7,2,5195.4,163711233.70000005
2025-08-01 09:17:33 AM,2598.8,0,0.0,163711233.70000005
2025-08-01 09:17:34 AM,2598.8,125,324850.0,164036083.70000005
2025-08-01 09:17:35 AM,2596.1,151,392011.1,164428094.80000004
2025-08-01 09:17:35 AM,2597.6,0,0.0,164428094.80000004
2025-08-01 09:17:36 AM,2595.3,136,352960.80000000005,164781055.60000005
2025-08-01 09:17:36 AM,2597.9,0,0.0,164781055.60000005
2025-08-01 09:17:36 AM,2597.9,159,413066.10000000003,165194121.70000005
2025-08-01 09:17:37 AM,2594.1,93,241251.3,165435373.00000006
2025-08-01 09:17:37 AM,2590.9,0,0.0,165435373.00000006
2025-08-01 09:17:37 AM,2596.9,0,0.0,165435373.00000006
2025-08-01 09:17:38 AM,2596.9,396,1028372.4,166463745.40000007
2025-08-01 09:17:38 AM,2594.4,50,129720.0,166593465.40000007
2025-08-01 09:17:38 AM,2597.4,0,0.0,166593465.40000007
2025-08-01 09:17:39 AM,2597.4,50,129870.0,166723335.40000007
2025-08-01 09:17:39 AM,2597.5,50,129875.0,166853210.40000007
2025-08-01 09:17:42 AM,2595.6,17,44125.2,166897335.60000005
2025-08-01 09:17:42 AM,2596.4,0,0.0,166897335.60000005
2025-08-01 09:17:43 AM,2594.4,30,77832.0,166975167.60000005
2025-08-01 09:17:43 AM,2593.1,100,259310.0,167234477.60000005
2025-08-01 09:17:44 AM,2593.2,21,54457.2,167288934.80000004
2025-08-01 09:17:45 AM,2595.0,0,0.0,167288934.80000004
2025-08-01 09:17:46 AM,2595.0,150,389250.0,167678184.80000004
2025-08-01 09:17:46 AM,2595.2,2,5190.4,167683375.20000005
2025-08-01 09:17:47 AM,2595.9,10,25959.0,167709334.20000005
2025-08-01 09:17:49 AM,2595.9,6,15575.400000000001,167724909.60000005
2025-08-01 09:17:50 AM,2594.3,20,51886.0,167776795.60000005
2025-08-01 09:17:51 AM,2594.4,2,5188.8,167781984.40000007
2025-08-01 09:17:51 AM,2594.5,15,38917.5,167820901.90000007
2025-08-01 09:17:52 AM,2596.1,15,38941.5,167859843.40000007
2025-08-01 09:17:53 AM,2595.2,1,2595.2,167862438.60000005
2025-08-01 09:17:53 AM,2594.5,0,0.0,167862438.60000005
2025-08-01 09:17:54 AM,2594.5,100,259450.0,168121888.60000005
2025-08-01 09:17:54 AM,2594.0,0,0.0,168121888.60000005
2025-08-01 09:17:55 AM,2594.0,180,466920.0,168588808.60000005
2025-08-01 09:17:57 AM,2594.6,2,5189.2,168593997.80000004
2025-08-01 09:17:58 AM,2596.1,1,2596.1,168596593.90000004
2025-08-01 09:17:58 AM,2597.2,0,0.0,168596593.90000004
2025-08-01 09:17:59 AM,2597.2,211,548009.2,169144603.10000002
2025-08-01 09:17:59 AM,2603.9,807,2101347.3000000003,171245950.40000004
2025-08-01 09:17:59 AM,2604.5,0,0.0,171245950.40000004
2025-08-01 09:17:59 AM,2605.4,0,0.0,171245950.40000004
2025-08-01 09:18:00 AM,2601.8,245,637441.0,171883391.40000004
2025-08-01 09:18:00 AM,2602.5,0,0.0,171883391.40000004
2025-08-01 09:18:01 AM,2602.5,71,184777.5,172068168.90000004
2025-08-01 09:18:01 AM,2600.6,0,0.0,172068168.90000004
2025-08-01 09:18:01 AM,2600.6,219,569531.4,172637700.30000004
2025-08-01 09:18:02 AM,2600.7,65,169045.5,172806745.80000004
2025-08-01 09:18:02 AM,2602.9,0,0.0,172806745.80000004
2025-08-01 09:18:02 AM,2602.9,436,1134864.4000000001,173941610.20000005
2025-08-01 09:18:03 AM,2601.1,0,0.0,173941610.20000005
2025-08-01 09:18:03 AM,2601.1,227,590449.7,174532059.90000004
2025-08-01 09:18:04 AM,2599.8,0,0.0,174532059.90000004
2025-08-01 09:18:04 AM,2599.8,6,15598.800000000001,174547658.70000005
2025-08-01 09:18:05 AM,2600.0,0,0.0,174547658.70000005
2025-08-01 09:18:05 AM,2600.0,416,1081600.0,175629258.70000005
2025-08-01 09:18:07 AM,2600.0,200,520000.0,176149258.70000005
2025-08-01 09:18:07 AM,2599.2,256,665395.2,176814653.90000004
2025-08-01 09:18:08 AM,2597.4,105,272727.0,177087380.90000004
2025-08-01 09:18:10 AM,2597.5,4,10390.0,177097770.90000004
2025-08-01 09:18:11 AM,2596.1,10,25961.0,177123731.90000004
2025-08-01 09:18:11 AM,2599.9,95,246990.5,177370722.40000004
2025-08-01 09:18:12 AM,2596.7,110,285637.0,177656359.40000004
2025-08-01 09:18:13 AM,2598.9,7,18192.3,177674551.70000005
2025-08-01 09:18:15 AM,2596.8,50,129840.00000000001,177804391.70000005
2025-08-01 09:18:16 AM,2597.3,50,129865.00000000001,177934256.70000005
2025-08-01 09:18:17 AM,2596.7,1,2596.7,177936853.40000004
2025-08-01 09:18:17 AM,2596.7,11,28563.699999999997,177965417.10000002
2025-08-01 09:18:18 AM,2596.5,41,106456.5,178071873.60000002
2025-08-01 09:18:18 AM,2595.9,0,0.0,178071873.60000002
2025-08-01 09:18:18 AM,2595.9,256,664550.4,178736424.00000003
2025-08-01 09:18:20 AM,2596.1,4,10384.4,178746808.40000004
2025-08-01 09:18:21 AM,2596.3,151,392041.30000000005,179138849.70000005
2025-08-01 09:18:21 AM,2596.0,19,49324.0,179188173.70000005
2025-08-01 09:18:22 AM,2594.0,151,391694.0,179579867.70000005
2025-08-01 09:18:22 AM,2596.4,0,0.0,179579867.70000005
2025-08-01 09:18:22 AM,2596.4,356,924318.4,180504186.10000005
2025-08-01 09:18:23 AM,2596.1,141,366050.1,180870236.20000005
2025-08-01 09:18:23 AM,2595.8,0,0.0,180870236.20000005
2025-08-01 09:18:23 AM,2595.8,1,2595.8,180872832.00000006
2025-08-01 09:18:24 AM,2592.0,100,259200.0,181132032.00000006
2025-08-01 09:18:25 AM,2594.5,149,386580.5,181518612.50000006
2025-08-01 09:18:25 AM,2595.2,0,0.0,181518612.50000006
2025-08-01 09:18:25 AM,2595.2,350,908319.9999999999,182426932.50000006
2025-08-01 09:18:26 AM,2594.2,111,287956.19999999995,182714888.70000005
2025-08-01 09:18:30 AM,2593.3,104,269703.2,182984591.90000004
2025-08-01 09:18:32 AM,2592.1,0,0.0,182984591.90000004
2025-08-01 09:18:33 AM,2593.4,89,230812.6,183215404.50000003
2025-08-01 09:18:33 AM,2594.2,0,0.0,183215404.50000003
2025-08-01 09:18:33 AM,2594.2,50,129709.99999999999,183345114.50000003
2025-08-01 09:18:33 AM,2594.5,0,0.0,183345114.50000003
2025-08-01 09:18:34 AM,2592.3,40,103692.0,183448806.50000003
2025-08-01 09:18:36 AM,2594.2,300,778260.0,184227066.50000003
2025-08-01 09:18:36 AM,2592.1,0,0.0,184227066.50000003
2025-08-01 09:18:36 AM,2592.1,10,25921.0,184252987.50000003
2025-08-01 09:18:37 AM,2593.9,1,2593.9,184255581.40000004
2025-08-01 09:18:37 AM,2593.4,0,0.0,184255581.40000004
2025-08-01 09:18:37 AM,2593.4,25,64835.0,184320416.40000004
2025-08-01 09:18:38 AM,2593.7,10,25937.0,184346353.40000004
2025-08-01 09:18:39 AM,2592.0,0,0.0,184346353.40000004
2025-08-01 09:18:39 AM,2592.0,5,12960.0,184359313.40000004
2025-08-01 09:18:40 AM,2590.5,110,284955.0,184644268.40000004
2025-08-01 09:18:40 AM,2592.0,5,12960.0,184657228.40000004
2025-08-01 09:18:42 AM,2593.7,0,0.0,184657228.40000004
2025-08-01 09:18:43 AM,2593.7,41,106341.7,184763570.10000002
2025-08-01 09:18:44 AM,2592.0,20,51840.0,184815410.10000002
2025-08-01 09:18:45 AM,2594.3,50,129715.00000000001,184945125.10000002
2025-08-01 09:18:45 AM,2592.6,1,2592.6,184947717.70000002
2025-08-01 09:18:48 AM,2594.0,1,2594.0,184950311.70000002
2025-08-01 09:18:48 AM,2596.2,104,270004.8,185220316.50000003
2025-08-01 09:18:50 AM,2599.0,0,0.0,185220316.50000003
2025-08-01 09:18:51 AM,2594.1,427,1107680.7,186327997.20000002
2025-08-01 09:18:52 AM,2596.0,25,64900.0,186392897.20000002
2025-08-01 09:18:53 AM,2597.2,113,293483.6,186686380.8
2025-08-01 09:18:55 AM,2596.6,6,15579.599999999999,186701960.4
2025-08-01 09:18:56 AM,2596.3,100,259630.00000000003,186961590.4
2025-08-01 09:18:56 AM,2599.1,250,649775.0,187611365.4
2025-08-01 09:19:00 AM,2598.1,1,2598.1,187613963.5
2025-08-01 09:19:00 AM,2599.0,0,0.0,187613963.5
2025-08-01 09:19:01 AM,2599.0,100,259900.0,187873863.5
2025-08-01 09:19:02 AM,2598.6,0,0.0,187873863.5
2025-08-01 09:19:03 AM,2596.7,76,197349.19999999998,188071212.7
2025-08-01 09:19:03 AM,2603.5,0,0.0,188071212.7
2025-08-01 09:19:04 AM,2603.5,579,1507426.5,189578639.2
2025-08-01 09:19:04 AM,2602.4,0,0.0,189578639.2
2025-08-01 09:19:05 AM,2602.4,244,634985.6,190213624.79999998
2025-08-01 09:19:05 AM,2605.2,0,0.0,190213624.79999998
2025-08-01 09:19:06 AM,2605.2,1235,3217422.0,193431046.79999998
2025-08-01 09:19:06 AM,2610.0,0,0.0,193431046.79999998
2025-08-01 09:19:07 AM,2608.4,795,2073678.0,195504724.79999998
2025-08-01 09:19:08 AM,2605.5,642,1672731.0,197177455.79999998
2025-08-01 09:19:08 AM,2606.6,0,0.0,197177455.79999998
2025-08-01 09:19:09 AM,2606.6,465,1212069.0,198389524.79999998
2025-08-01 09:19:09 AM,2603.8,0,0.0,198389524.79999998
2025-08-01 09:19:10 AM,2603.6,404,1051854.4,199441379.2
2025-08-01 09:19:10 AM,2608.7,0,0.0,199441379.2
2025-08-01 09:19:11 AM,2608.7,5394,14071327.799999999,213512707.0
2025-08-01 09:19:11 AM,2603.3,0,0.0,213512707.0
2025-08-01 09:19:12 AM,2603.3,901,2345573.3000000003,215858280.3
2025-08-01 09:19:13 AM,2602.9,0,0.0,215858280.3
2025-08-01 09:19:13 AM,2600.0,0,0.0,215858280.3
2025-08-01 09:19:13 AM,2600.0,405,1053000.0,216911280.3
2025-08-01 09:19:14 AM,2604.9,0,0.0,216911280.3
2025-08-01 09:19:14 AM,2604.9,381,992466.9,217903747.20000002
2025-08-01 09:19:15 AM,2601.8,0,0.0,217903747.20000002
2025-08-01 09:19:15 AM,2601.8,192,499545.60000000003,218403292.8
2025-08-01 09:19:16 AM,2598.5,0,0.0,218403292.8
2025-08-01 09:19:16 AM,2598.5,589,1530516.5,219933809.3
2025-08-01 09:19:17 AM,2599.9,0,0.0,219933809.3
2025-08-01 09:19:17 AM,2599.9,25,64997.5,219998806.8
2025-08-01 09:19:18 AM,2600.0,108,280800.0,220279606.8
2025-08-01 09:19:18 AM,2599.1,0,0.0,220279606.8
2025-08-01 09:19:18 AM,2599.1,192,499027.19999999995,220778634.0
2025-08-01 09:19:19 AM,2598.5,0,0.0,220778634.0
2025-08-01 09:19:19 AM,2598.5,5,12992.5,220791626.5
2025-08-01 09:19:21 AM,2599.6,0,0.0,220791626.5
2025-08-01 09:19:21 AM,2599.6,36,93585.59999999999,220885212.1
2025-08-01 09:19:22 AM,2599.7,50,129984.99999999999,221015197.1
2025-08-01 09:19:23 AM,2599.7,50,129984.99999999999,221145182.1
2025-08-01 09:19:25 AM,2596.9,35,90891.5,221236073.6
2025-08-01 09:19:27 AM,2598.8,14,36383.200000000004,221272456.79999998
2025-08-01 09:19:28 AM,2596.2,0,0.0,221272456.79999998
2025-08-01 09:19:28 AM,2596.2,32,83078.4,221355535.2
2025-08-01 09:19:29 AM,2597.0,60,155820.0,221511355.2
2025-08-01 09:19:32 AM,2593.5,0,0.0,221511355.2
2025-08-01 09:19:33 AM,2594.0,21,54474.0,221565829.2
2025-08-01 09:19:36 AM,2596.2,13,33750.6,221599579.79999998
2025-08-01 09:19:36 AM,2594.3,0,0.0,221599579.79999998
2025-08-01 09:19:37 AM,2594.3,10,25943.0,221625522.79999998
2025-08-01 09:19:37 AM,2596.2,0,0.0,221625522.79999998
2025-08-01 09:19:38 AM,2593.5,204,529074.0,222154596.79999998
2025-08-01 09:19:40 AM,2596.5,16,41544.0,222196140.79999998
2025-08-01 09:19:42 AM,2598.7,42,109145.4,222305286.2
2025-08-01 09:19:42 AM,2596.9,50,129845.0,222435131.2
2025-08-01 09:19:44 AM,2598.8,41,106550.8,222541682.0
2025-08-01 09:19:45 AM,2599.9,1,2599.9,222544281.9
2025-08-01 09:19:45 AM,2600.0,0,0.0,222544281.9
2025-08-01 09:19:46 AM,2599.9,385,1000961.5,223545243.4
2025-08-01 09:19:47 AM,2599.0,120,311880.0,223857123.4
2025-08-01 09:19:47 AM,2600.0,0,0.0,223857123.4
2025-08-01 09:19:48 AM,2600.0,233,605800.0,224462923.4
2025-08-01 09:19:49 AM,2599.9,57,148194.30000000002,224611117.70000002
2025-08-01 09:19:51 AM,2598.0,5,12990.0,224624107.70000002
2025-08-01 09:19:52 AM,2599.8,16,41596.8,224665704.50000003
2025-08-01 09:19:53 AM,2603.5,0,0.0,224665704.50000003
2025-08-01 09:19:54 AM,2600.1,1094,2844509.4,227510213.90000004
2025-08-01 09:19:55 AM,2600.0,0,0.0,227510213.90000004
2025-08-01 09:19:56 AM,2600.0,7,18200.0,227528413.90000004
2025-08-01 09:19:57 AM,2606.6,472,1230315.2,228758729.10000002
2025-08-01 09:19:57 AM,2602.1,0,0.0,228758729.10000002
2025-08-01 09:19:58 AM,2601.1,508,1321358.8,230080087.90000004
2025-08-01 09:19:58 AM,2601.1,204,530624.4,230610712.30000004
2025-08-01 09:19:58 AM,2600.8,0,0.0,230610712.30000004
2025-08-01 09:19:59 AM,2599.7,334,868299.7999999999,231479012.10000005
2025-08-01 09:19:59 AM,2601.9,0,0.0,231479012.10000005
2025-08-01 09:20:00 AM,2601.9,225,585427.5,232064439.60000005
2025-08-01 09:20:02 AM,2603.9,730,1900847.0,233965286.60000005
2025-08-01 09:20:03 AM,2600.8,200,520160.00000000006,234485446.60000005
2025-08-01 09:20:04 AM,2600.7,280,728196.0,235213642.60000005
2025-08-01 09:20:05 AM,2600.0,200,520000.0,235733642.60000005
2025-08-01 09:20:06 AM,2600.0,200,520000.0,236253642.60000005
2025-08-01 09:20:08 AM,2600.6,225,585135.0,236838777.60000005
2025-08-01 09:20:09 AM,2600.0,25,65000.0,236903777.60000005
2025-08-01 09:20:12 AM,2604.9,0,0.0,236903777.60000005
2025-08-01 09:20:13 AM,2600.1,1242,3229324.1999999997,240133101.80000004
2025-08-01 09:20:18 AM,2602.4,300,780720.0,240913821.80000004
2025-08-01 09:20:19 AM,2603.9,0,0.0,240913821.80000004
2025-08-01 09:20:19 AM,2606.1,0,0.0,240913821.80000004
2025-08-01 09:20:20 AM,2606.7,368,959265.6,241873087.40000004
2025-08-01 09:20:21 AM,2606.4,41,106862.40000000001,241979949.80000004
2025-08-01 09:20:21 AM,2604.6,0,0.0,241979949.80000004
2025-08-01 09:20:22 AM,2604.6,40,104184.0,242084133.80000004
2025-08-01 09:20:22 AM,2605.1,555,1445830.5,243529964.30000004
2025-08-01 09:20:23 AM,2608.1,0,0.0,243529964.30000004
2025-08-01 09:20:24 AM,2608.1,50,130405.0,243660369.30000004
2025-08-01 09:20:24 AM,2608.7,0,0.0,243660369.30000004
2025-08-01 09:20:25 AM,2611.9,704,1838777.6,245499146.90000004
2025-08-01 09:20:26 AM,2611.0,0,0.0,245499146.90000004
2025-08-01 09:20:27 AM,2612.3,266,694871.8,246194018.70000005
2025-08-01 09:20:27 AM,2609.9,0,0.0,246194018.70000005
2025-08-01 09:20:28 AM,2610.8,222,579597.6000000001,246773616.30000004
2025-08-01 09:20:28 AM,2608.9,0,0.0,246773616.30000004
2025-08-01 09:20:29 AM,2608.9,150,391335.0,247164951.30000004
2025-08-01 09:20:29 AM,2609.7,0,0.0,247164951.30000004
2025-08-01 09:20:30 AM,2609.7,111,289676.69999999995,247454628.00000003
2025-08-01 09:20:31 AM,2608.0,30,78240.0,247532868.00000003
2025-08-01 09:20:32 AM,2610.8,30,78324.0,247611192.00000003
2025-08-01 09:20:34 AM,2612.6,0,0.0,247611192.00000003
2025-08-01 09:20:35 AM,2612.6,100,261260.0,247872452.00000003
2025-08-01 09:20:35 AM,2610.8,0,0.0,247872452.00000003
2025-08-01 09:20:36 AM,2610.8,50,130540.00000000001,248002992.00000003
2025-08-01 09:20:37 AM,2613.5,112,292712.0,248295704.00000003
2025-08-01 09:20:37 AM,2609.9,0,0.0,248295704.00000003
2025-08-01 09:20:38 AM,2609.9,924,2411547.6,250707251.60000002
2025-08-01 09:20:38 AM,2608.1,0,0.0,250707251.60000002
2025-08-01 09:20:39 AM,2608.2,24,62596.799999999996,250769848.40000004
2025-08-01 09:20:40 AM,2608.0,25,65200.0,250835048.40000004
2025-08-01 09:20:41 AM,2606.7,0,0.0,250835048.40000004
2025-08-01 09:20:42 AM,2609.9,290,756871.0,251591919.40000004
2025-08-01 09:20:42 AM,2605.0,303,789315.0,252381234.40000004
2025-08-01 09:20:43 AM,2605.7,452,1177776.4,253559010.80000004
2025-08-01 09:20:44 AM,2604.3,172,447939.60000000003,254006950.40000004
2025-08-01 09:20:47 AM,2605.9,0,0.0,254006950.40000004
2025-08-01 09:20:48 AM,2605.9,225,586327.5,254593277.90000004
2025-08-01 09:20:49 AM,2605.3,0,0.0,254593277.90000004
2025-08-01 09:20:50 AM,2605.3,42,109422.6,254702700.50000003
2025-08-01 09:20:51 AM,2603.5,23,59880.5,254762581.00000003
2025-08-01 09:20:51 AM,2602.7,0,0.0,254762581.00000003
2025-08-01 09:20:52 AM,2604.5,52,135434.0,254898015.00000003
2025-08-01 09:20:53 AM,2604.1,10,26041.0,254924056.00000003
2025-08-01 09:20:53 AM,2602.3,10,26023.0,254950079.00000003
2025-08-01 09:20:54 AM,2604.2,10,26042.0,254976121.00000003
2025-08-01 09:20:54 AM,2604.4,0,0.0,254976121.00000003
2025-08-01 09:20:55 AM,2604.4,5,13022.0,254989143.00000003
2025-08-01 09:20:57 AM,2602.3,40,104092.0,255093235.00000003
2025-08-01 09:20:58 AM,2603.0,0,0.0,255093235.00000003
2025-08-01 09:20:58 AM,2603.0,110,286330.0,255379565.00000003
2025-08-01 09:20:59 AM,2602.7,0,0.0,255379565.00000003
2025-08-01 09:21:00 AM,2602.7,15,39040.5,255418605.50000003
2025-08-01 09:21:01 AM,2601.0,0,0.0,255418605.50000003
2025-08-01 09:21:02 AM,2601.0,559,1453959.0,256872564.50000003
2025-08-01 09:21:03 AM,2600.0,0,0.0,256872564.50000003
2025-08-01 09:21:04 AM,2600.0,106,275600.0,257148164.50000003
2025-08-01 09:21:04 AM,2600.0,20,52000.0,257200164.50000003
2025-08-01 09:21:05 AM,2600.0,3,7800.0,257207964.50000003
2025-08-01 09:21:06 AM,2600.1,100,260010.0,257467974.50000003
2025-08-01 09:21:07 AM,2600.2,0,0.0,257467974.50000003
2025-08-01 09:21:08 AM,2600.2,50,130009.99999999999,257597984.50000003
2025-08-01 09:21:09 AM,2600.0,1,2600.0,257600584.50000003
2025-08-01 09:21:12 AM,2598.0,0,0.0,257600584.50000003
2025-08-01 09:21:12 AM,2598.0,204,529992.0,258130576.50000003
2025-08-01 09:21:12 AM,2597.7,7,18183.899999999998,258148760.40000004
2025-08-01 09:21:13 AM,2599.5,0,0.0,258148760.40000004
2025-08-01 09:21:14 AM,2599.5,138,358731.0,258507491.40000004
2025-08-01 09:21:15 AM,2597.5,5,12987.5,258520478.90000004
2025-08-01 09:21:17 AM,2598.9,20,51978.0,258572456.90000004
2025-08-01 09:21:20 AM,2599.0,0,0.0,258572456.90000004
2025-08-01 09:21:21 AM,2599.0,1,2599.0,258575055.90000004
2025-08-01 09:21:22 AM,2598.0,2,5196.0,258580251.90000004
2025-08-01 09:21:23 AM,2599.3,10,25993.0,258606244.90000004
2025-08-01 09:21:24 AM,2599.3,6,15595.800000000001,258621840.70000005
2025-08-01 09:21:25 AM,2598.0,63,163674.0,258785514.70000005
2025-08-01 09:21:25 AM,2596.1,0,0.0,258785514.70000005
2025-08-01 09:21:26 AM,2596.1,22,57114.2,258842628.90000004
2025-08-01 09:21:26 AM,2596.0,0,0.0,258842628.90000004
2025-08-01 09:21:27 AM,2596.0,21,54516.0,258897144.90000004
2025-08-01 09:21:27 AM,2595.3,88,228386.40000000002,259125531.30000004
2025-08-01 09:21:28 AM,2595.0,111,288045.0,259413576.30000004
2025-08-01 09:21:30 AM,2592.0,0,0.0,259413576.30000004
2025-08-01 09:21:31 AM,2592.0,424,1099008.0,260512584.30000004
2025-08-01 09:21:31 AM,2590.5,87,225373.5,260737957.80000004
2025-08-01 09:21:32 AM,2586.7,0,0.0,260737957.80000004
2025-08-01 09:21:33 AM,2586.7,1204,3114386.8,263852344.60000005
2025-08-01 09:21:36 AM,2587.3,51,131952.30000000002,263984296.90000007
2025-08-01 09:21:36 AM,2589.4,0,0.0,263984296.90000007
2025-08-01 09:21:37 AM,2589.4,5,12947.0,263997243.90000007
2025-08-01 09:21:37 AM,2589.3,10,25893.0,264023136.90000007
2025-08-01 09:21:37 AM,2589.7,0,0.0,264023136.90000007
2025-08-01 09:21:38 AM,2589.7,4,10358.8,264033495.70000008
2025-08-01 09:21:39 AM,2587.7,115,297585.5,264331081.20000008
2025-08-01 09:21:40 AM,2587.3,132,341523.60000000003,264672604.80000007
2025-08-01 09:21:41 AM,2587.2,0,0.0,264672604.80000007
2025-08-01 09:21:41 AM,2587.2,50,129359.99999999999,264801964.80000007
2025-08-01 09:21:42 AM,2587.4,0,0.0,264801964.80000007
2025-08-01 09:21:43 AM,2587.0,101,261287.0,265063251.80000007
2025-08-01 09:21:43 AM,2587.3,0,0.0,265063251.80000007
2025-08-01 09:21:44 AM,2587.3,1,2587.3,265065839.10000008
2025-08-01 09:21:44 AM,2587.0,53,137111.0,265202950.10000008
2025-08-01 09:21:45 AM,2587.1,7,18109.7,265221059.80000007
2025-08-01 09:21:45 AM,2587.0,3,7761.0,265228820.80000007
2025-08-01 09:21:46 AM,2587.2,25,64679.99999999999,265293500.80000007
2025-08-01 09:21:46 AM,2587.2,56,144883.19999999998,265438384.00000006
2025-08-01 09:21:47 AM,2585.4,7,18097.8,265456481.80000007
2025-08-01 09:21:50 AM,2586.4,15,38796.0,265495277.80000007
2025-08-01 09:21:55 AM,2588.8,0,0.0,265495277.80000007
2025-08-01 09:21:55 AM,2588.8,299,774051.2000000001,266269329.00000006
2025-08-01 09:21:56 AM,2589.7,0,0.0,266269329.00000006
2025-08-01 09:21:57 AM,2589.7,100,258969.99999999997,266528299.00000006
2025-08-01 09:21:57 AM,2587.0,0,0.0,266528299.00000006
2025-08-01 09:21:58 AM,2587.0,387,1001169.0,267529468.00000006
2025-08-01 09:21:58 AM,2589.4,0,0.0,267529468.00000006
2025-08-01 09:21:59 AM,2589.4,13,33662.200000000004,267563130.20000005
2025-08-01 09:22:00 AM,2587.0,0,0.0,267563130.20000005
2025-08-01 09:22:00 AM,2585.0,0,0.0,267563130.20000005
2025-08-01 09:22:01 AM,2585.0,194,501490.0,268064620.20000005
2025-08-01 09:22:01 AM,2586.8,0,0.0,268064620.20000005
2025-08-01 09:22:02 AM,2586.8,4,10347.2,268074967.40000004
2025-08-01 09:22:02 AM,2586.6,0,0.0,268074967.40000004
2025-08-01 09:22:02 AM,2586.6,3,7759.799999999999,268082727.20000005
2025-08-01 09:22:03 AM,2587.5,0,0.0,268082727.20000005
2025-08-01 09:22:03 AM,2587.6,0,0.0,268082727.20000005
2025-08-01 09:22:04 AM,2587.6,33,85390.8,268168118.00000006
2025-08-01 09:22:04 AM,2589.0,0,0.0,268168118.00000006
2025-08-01 09:22:05 AM,2589.0,100,258900.0,268427018.00000006
2025-08-01 09:22:07 AM,2587.1,5,12935.5,268439953.50000006
2025-08-01 09:22:17 AM,2591.3,0,0.0,268439953.50000006
2025-08-01 09:22:17 AM,2591.3,600,1554780.0,269994733.50000006
2025-08-01 09:22:18 AM,2590.2,0,0.0,269994733.50000006
2025-08-01 09:22:18 AM,2590.2,35,90657.0,270085390.50000006
2025-08-01 09:22:19 AM,2592.1,0,0.0,270085390.50000006
2025-08-01 09:22:19 AM,2592.1,199,515827.89999999997,270601218.40000004
2025-08-01 09:22:20 AM,2592.9,0,0.0,270601218.40000004
2025-08-01 09:22:20 AM,2592.9,43,111494.7,270712713.1
2025-08-01 09:22:20 AM,2593.2,0,0.0,270712713.1
2025-08-01 09:22:21 AM,2591.1,31,80324.09999999999,270793037.20000005
2025-08-01 09:22:22 AM,2592.9,0,0.0,270793037.20000005
2025-08-01 09:22:22 AM,2592.9,14,36300.6,270829337.8000001
2025-08-01 09:22:25 AM,2590.3,58,150237.40000000002,270979575.20000005
2025-08-01 09:22:29 AM,2590.7,0,0.0,270979575.20000005
2025-08-01 09:22:29 AM,2590.7,1,2590.7,270982165.90000004
2025-08-01 09:22:30 AM,2590.7,2,5181.4,270987347.3
2025-08-01 09:22:31 AM,2588.8,438,1133894.4000000001,272121241.7
2025-08-01 09:22:32 AM,2588.6,131,339106.6,272460348.3
2025-08-01 09:22:32 AM,2588.7,0,0.0,272460348.3
2025-08-01 09:22:32 AM,2588.7,125,323587.5,272783935.8
2025-08-01 09:22:38 AM,2590.0,200,518000.0,273301935.8
2025-08-01 09:22:41 AM,2591.0,0,0.0,273301935.8
2025-08-01 09:22:42 AM,2591.0,3,7773.0,273309708.8
2025-08-01 09:22:42 AM,2590.5,15,38857.5,273348566.3
2025-08-01 09:22:51 AM,2590.5,187,484423.5,273832989.8
2025-08-01 09:22:52 AM,2590.6,10,25906.0,273858895.8
2025-08-01 09:22:55 AM,2588.8,14,36243.200000000004,273895139.0
2025-08-01 09:22:55 AM,2590.0,0,0.0,273895139.0
2025-08-01 09:22:56 AM,2590.0,2,5180.0,273900319.0
2025-08-01 09:22:57 AM,2590.0,208,538720.0,274439039.0
2025-08-01 09:22:57 AM,2590.1,70,181307.0,274620346.0
2025-08-01 09:23:00 AM,2590.5,171,442975.5,275063321.5
2025-08-01 09:23:07 AM,2588.0,0,0.0,275063321.5
2025-08-01 09:23:09 AM,2589.1,0,0.0,275063321.5
2025-08-01 09:23:11 AM,2589.1,519,1343742.9,276407064.4
2025-08-01 09:23:15 AM,2590.4,0,0.0,276407064.4
2025-08-01 09:23:19 AM,2590.3,45,116563.50000000001,276523627.9
2025-08-01 09:23:21 AM,2588.0,0,0.0,276523627.9
2025-08-01 09:23:27 AM,2588.5,145,375332.5,276898960.4
2025-08-01 09:23:34 AM,2586.8,463,1197688.4000000001,278096648.79999995
2025-08-01 09:23:36 AM,2588.0,100,258800.0,278355448.79999995
2025-08-01 09:23:40 AM,2589.1,0,0.0,278355448.79999995
2025-08-01 09:23:42 AM,2589.1,294,761195.4,279116644.1999999
2025-08-01 09:23:47 AM,2590.9,0,0.0,279116644.1999999
2025-08-01 09:23:49 AM,2590.9,34,88090.6,279204734.79999995
2025-08-01 09:23:53 AM,2591.1,0,0.0,279204734.79999995
2025-08-01 09:23:57 AM,2593.8,243,630293.4,279835028.1999999
2025-08-01 09:23:59 AM,2588.3,1110,2873013.0,282708041.1999999
2025-08-01 09:24:05 AM,2587.6,2,5175.2,282713216.3999999
2025-08-01 09:24:07 AM,2590.0,0,0.0,282713216.3999999
2025-08-01 09:24:12 AM,2592.2,1469,3807941.8,286521158.1999999
2025-08-01 09:24:14 AM,2589.4,923,2390016.2,288911174.3999999
2025-08-01 09:24:14 AM,2586.8,0,0.0,288911174.3999999
2025-08-01 09:24:20 AM,2588.7,252,652352.3999999999,289563526.7999999
2025-08-01 09:24:21 AM,2590.9,43,111408.7,289674935.4999999
2025-08-01 09:24:26 AM,2590.8,0,0.0,289674935.4999999
2025-08-01 09:24:28 AM,2590.8,13,33680.4,289708615.89999986
2025-08-01 09:24:32 AM,2590.2,0,0.0,289708615.89999986
2025-08-01 09:24:35 AM,2593.9,489,1268417.1,290977032.9999999
2025-08-01 09:24:37 AM,2591.8,61,158099.80000000002,291135132.7999999
2025-08-01 09:24:43 AM,2597.7,1266,3288688.1999999997,294423820.9999999
2025-08-01 09:24:44 AM,2594.8,0,0.0,294423820.9999999
2025-08-01 09:24:44 AM,2594.8,819,2125141.2,296548962.19999987
2025-08-01 09:24:50 AM,2596.5,225,584212.5,297133174.69999987
2025-08-01 09:24:50 AM,2596.2,0,0.0,297133174.69999987
2025-08-01 09:24:52 AM,2593.2,316,819451.2,297952625.89999986
2025-08-01 09:24:56 AM,2593.1,0,0.0,297952625.89999986
2025-08-01 09:24:57 AM,2593.1,5,12965.5,297965591.39999986
2025-08-01 09:25:00 AM,2593.1,365,946481.5,298912072.89999986
2025-08-01 09:25:01 AM,2594.8,6,15568.800000000001,298927641.69999987
2025-08-01 09:25:02 AM,2597.0,225,584325.0,299511966.69999987
2025-08-01 09:25:03 AM,2595.0,0,0.0,299511966.69999987
2025-08-01 09:25:04 AM,2592.9,87,225582.30000000002,299737548.9999999
2025-08-01 09:25:05 AM,2593.2,27,70016.4,299807565.39999986
2025-08-01 09:25:06 AM,2593.0,17,44081.0,299851646.39999986
2025-08-01 09:25:07 AM,2592.5,0,0.0,299851646.39999986
2025-08-01 09:25:08 AM,2592.5,38,98515.0,299950161.39999986
2025-08-01 09:25:08 AM,2594.1,70,181587.0,300131748.39999986
2025-08-01 09:25:09 AM,2594.0,50,129700.0,300261448.39999986
2025-08-01 09:25:10 AM,2592.0,12,31104.0,300292552.39999986
2025-08-01 09:25:11 AM,2591.0,112,290192.0,300582744.39999986
2025-08-01 09:25:12 AM,2590.0,43,111370.0,300694114.39999986
2025-08-01 09:25:13 AM,2591.3,0,0.0,300694114.39999986
2025-08-01 09:25:14 AM,2589.2,93,240795.59999999998,300934909.9999999
2025-08-01 09:25:14 AM,2590.1,0,0.0,300934909.9999999
2025-08-01 09:25:15 AM,2590.1,5,12950.5,300947860.4999999
2025-08-01 09:25:16 AM,2589.2,0,0.0,300947860.4999999
2025-08-01 09:25:16 AM,2589.2,20,51784.0,300999644.4999999
2025-08-01 09:25:17 AM,2589.0,6,15534.0,301015178.4999999
2025-08-01 09:25:17 AM,2587.7,0,0.0,301015178.4999999
2025-08-01 09:25:17 AM,2587.7,17,43990.899999999994,301059169.39999986
2025-08-01 09:25:18 AM,2587.0,100,258700.0,301317869.39999986
2025-08-01 09:25:19 AM,2587.3,20,51746.0,301369615.39999986
2025-08-01 09:25:21 AM,2587.0,20,51740.0,301421355.39999986
2025-08-01 09:25:22 AM,2586.7,101,261256.69999999998,301682612.09999985
2025-08-01 09:25:23 AM,2588.2,143,370112.6,302052724.69999987
2025-08-01 09:25:24 AM,2587.5,5,12937.5,302065662.19999987
2025-08-01 09:25:28 AM,2588.4,5,12942.0,302078604.19999987
2025-08-01 09:25:29 AM,2588.4,10,25884.0,302104488.19999987
2025-08-01 09:25:30 AM,2587.5,0,0.0,302104488.19999987
2025-08-01 09:25:31 AM,2587.5,21,54337.5,302158825.69999987
2025-08-01 09:25:32 AM,2588.2,0,0.0,302158825.69999987
2025-08-01 09:25:33 AM,2588.2,21,54352.2,302213177.89999986
2025-08-01 09:25:36 AM,2588.4,70,181188.0,302394365.89999986
2025-08-01 09:25:47 AM,2586.9,100,258690.0,302653055.89999986
2025-08-01 09:25:47 AM,2587.4,0,0.0,302653055.89999986
2025-08-01 09:25:48 AM,2587.4,1,2587.4,302655643.29999983
2025-08-01 09:25:50 AM,2587.3,2,5174.6,302660817.89999986
2025-08-01 09:25:51 AM,2587.0,120,310440.0,302971257.89999986
2025-08-01 09:25:53 AM,2588.7,5,12943.5,302984201.39999986
2025-08-01 09:25:54 AM,2588.9,0,0.0,302984201.39999986
2025-08-01 09:25:55 AM,2588.9,19,49189.1,303033390.4999999
2025-08-01 09:25:55 AM,2588.1,0,0.0,303033390.4999999
2025-08-01 09:25:55 AM,2588.1,10,25881.0,303059271.4999999
2025-08-01 09:25:57 AM,2589.4,5,12947.0,303072218.4999999
2025-08-01 09:25:58 AM,2590.1,50,129505.0,303201723.4999999
2025-08-01 09:25:58 AM,2589.3,25,64732.50000000001,303266455.9999999
2025-08-01 09:26:04 AM,2586.3,0,0.0,303266455.9999999
2025-08-01 09:26:05 AM,2586.7,185,478539.49999999994,303744995.4999999
2025-08-01 09:26:07 AM,2585.0,246,635910.0,304380905.4999999
2025-08-01 09:26:11 AM,2583.3,0,0.0,304380905.4999999
2025-08-01 09:26:13 AM,2584.4,2320,5995808.0,310376713.4999999
2025-08-01 09:26:15 AM,2586.2,800,2068959.9999999998,312445673.4999999
2025-08-01 09:26:21 AM,2588.2,110,284702.0,312730375.4999999
2025-08-01 09:26:24 AM,2586.7,0,0.0,312730375.4999999
2025-08-01 09:26:28 AM,2586.7,75,194002.5,312924377.9999999
2025-08-01 09:26:36 AM,2586.7,138,356964.6,313281342.5999999
2025-08-01 09:26:38 AM,2586.6,413,1068265.8,314349608.3999999
2025-08-01 09:26:39 AM,2586.0,0,0.0,314349608.3999999
2025-08-01 09:26:42 AM,2589.3,0,0.0,314349608.3999999
2025-08-01 09:26:44 AM,2589.3,515,1333489.5,315683097.8999999
2025-08-01 09:26:45 AM,2589.3,4,10357.2,315693455.0999999
2025-08-01 09:26:48 AM,2587.9,0,0.0,315693455.0999999
2025-08-01 09:26:51 AM,2589.0,1108,2868612.0,318562067.0999999
2025-08-01 09:26:53 AM,2588.2,87,225173.4,318787240.4999999
2025-08-01 09:26:54 AM,2589.9,0,0.0,318787240.4999999
2025-08-01 09:26:57 AM,2590.0,0,0.0,318787240.4999999
2025-08-01 09:26:59 AM,2590.0,927,2400930.0,321188170.4999999
2025-08-01 09:27:00 AM,2589.9,0,0.0,321188170.4999999
2025-08-01 09:27:01 AM,2589.9,25,64747.5,321252917.9999999
2025-08-01 09:27:01 AM,2588.5,0,0.0,321252917.9999999
2025-08-01 09:27:01 AM,2588.5,10,25885.0,321278802.9999999
2025-08-01 09:27:03 AM,2589.7,0,0.0,321278802.9999999
2025-08-01 09:27:03 AM,2589.7,230,595631.0,321874433.9999999
2025-08-01 09:27:04 AM,2590.0,0,0.0,321874433.9999999
2025-08-01 09:27:04 AM,2590.0,1390,3600100.0,325474533.9999999
2025-08-01 09:27:05 AM,2589.1,0,0.0,325474533.9999999
2025-08-01 09:27:05 AM,2589.1,3,7767.299999999999,325482301.2999999
2025-08-01 09:27:08 AM,2590.0,23,59570.0,325541871.2999999
2025-08-01 09:27:09 AM,2590.0,1863,4825170.0,330367041.2999999
2025-08-01 09:27:10 AM,2590.0,1835,4752650.0,335119691.2999999
2025-08-01 09:27:10 AM,2590.4,70,181328.0,335301019.2999999
2025-08-01 09:27:11 AM,2589.3,1147,2969927.1,338270946.3999999
2025-08-01 09:27:11 AM,2591.2,0,0.0,338270946.3999999
2025-08-01 09:27:11 AM,2589.3,0,0.0,338270946.3999999
2025-08-01 09:27:12 AM,2589.3,14,36250.200000000004,338307196.5999999
2025-08-01 09:27:13 AM,2590.0,44,113960.0,338421156.5999999
2025-08-01 09:27:14 AM,2589.9,545,1411495.5,339832652.0999999
2025-08-01 09:27:17 AM,2590.0,100,259000.0,340091652.0999999
2025-08-01 09:27:18 AM,2589.9,1,2589.9,340094241.9999999
2025-08-01 09:27:19 AM,2589.9,7,18129.3,340112371.2999999
2025-08-01 09:27:21 AM,2589.9,25,64747.5,340177118.7999999
2025-08-01 09:27:23 AM,2590.0,225,582750.0,340759868.7999999
2025-08-01 09:27:25 AM,2589.1,1,2589.1,340762457.8999999
2025-08-01 09:27:26 AM,2589.6,353,914128.7999999999,341676586.6999999
2025-08-01 09:27:27 AM,2589.6,10,25896.0,341702482.6999999
2025-08-01 09:27:28 AM,2591.5,1460,3783590.0,345486072.6999999
2025-08-01 09:27:29 AM,2593.7,2,5187.4,345491260.0999999
2025-08-01 09:27:31 AM,2594.4,25,64860.0,345556120.0999999
2025-08-01 09:27:32 AM,2594.1,21,54476.1,345610596.1999999
2025-08-01 09:27:33 AM,2595.0,5,12975.0,345623571.1999999
2025-08-01 09:27:34 AM,2598.9,291,756279.9,346379851.0999999
2025-08-01 09:27:34 AM,2597.4,0,0.0,346379851.0999999
2025-08-01 09:27:35 AM,2598.0,523,1358754.0,347738605.0999999
2025-08-01 09:27:35 AM,2599.7,0,0.0,347738605.0999999
2025-08-01 09:27:35 AM,2599.7,13,33796.1,347772401.1999999
2025-08-01 09:27:36 AM,2600.0,20,52000.0,347824401.1999999
2025-08-01 09:27:36 AM,2599.5,0,0.0,347824401.1999999
2025-08-01 09:27:36 AM,2599.5,378,982611.0,348807012.1999999
2025-08-01 09:27:36 AM,2595.8,0,0.0,348807012.1999999
2025-08-01 09:27:37 AM,2599.0,226,587374.0,349394386.1999999
2025-08-01 09:27:37 AM,2599.2,0,0.0,349394386.1999999
2025-08-01 09:27:37 AM,2599.2,1,2599.2,349396985.3999999
2025-08-01 09:27:38 AM,2599.3,4,10397.2,349407382.5999999
2025-08-01 09:27:38 AM,2597.3,0,0.0,349407382.5999999
2025-08-01 09:27:38 AM,2597.3,159,412970.7,349820353.2999999
2025-08-01 09:27:40 AM,2598.5,150,389775.0,350210128.2999999
2025-08-01 09:27:40 AM,2598.5,83,215675.5,350425803.7999999
2025-08-01 09:27:41 AM,2598.9,40,103956.0,350529759.7999999
2025-08-01 09:27:42 AM,2600.0,112,291200.0,350820959.7999999
2025-08-01 09:27:42 AM,2599.9,0,0.0,350820959.7999999
2025-08-01 09:27:42 AM,2599.9,1,2599.9,350823559.69999987
2025-08-01 09:27:43 AM,2600.0,323,839800.0,351663359.69999987
2025-08-01 09:27:44 AM,2599.4,46,119572.40000000001,351782932.09999985
2025-08-01 09:27:45 AM,2598.7,0,0.0,351782932.09999985
2025-08-01 09:27:46 AM,2598.9,88,228703.2,352011635.29999983
2025-08-01 09:27:46 AM,2599.0,10,25990.0,352037625.29999983
2025-08-01 09:27:47 AM,2598.3,50,129915.00000000001,352167540.29999983
2025-08-01 09:27:47 AM,2598.6,2,5197.2,352172737.4999998
2025-08-01 09:27:48 AM,2599.0,250,649750.0,352822487.4999998
2025-08-01 09:27:49 AM,2599.2,526,1367179.2,354189666.6999998
2025-08-01 09:27:50 AM,2599.2,102,265118.39999999997,354454785.0999998
2025-08-01 09:27:51 AM,2599.2,5,12996.0,354467781.0999998
2025-08-01 09:27:52 AM,2599.2,65,168948.0,354636729.0999998
2025-08-01 09:27:53 AM,2600.0,468,1216800.0,355853529.0999998
2025-08-01 09:27:53 AM,2599.9,96,249590.40000000002,356103119.49999976
2025-08-01 09:27:54 AM,2599.4,180,467892.0,356571011.49999976
2025-08-01 09:27:55 AM,2598.9,3,7796.700000000001,356578808.19999975
2025-08-01 09:27:56 AM,2598.2,282,732692.3999999999,357311500.5999997
2025-08-01 09:27:58 AM,2596.2,94,244042.8,357555543.39999974
2025-08-01 09:27:58 AM,2597.3,0,0.0,357555543.39999974
2025-08-01 09:27:59 AM,2597.4,275,714285.0,358269828.39999974
2025-08-01 09:28:00 AM,2599.9,323,839767.7000000001,359109596.0999997
2025-08-01 09:28:00 AM,2597.9,0,0.0,359109596.0999997
2025-08-01 09:28:01 AM,2597.9,94,244202.6,359353798.69999975
2025-08-01 09:28:02 AM,2596.2,142,368660.39999999997,359722459.0999997
2025-08-01 09:28:03 AM,2597.2,20,51944.0,359774403.0999997
2025-08-01 09:28:03 AM,2597.3,0,0.0,359774403.0999997
2025-08-01 09:28:03 AM,2597.3,1,2597.3,359777000.39999974
2025-08-01 09:28:04 AM,2597.4,0,0.0,359777000.39999974
2025-08-01 09:28:04 AM,2595.8,0,0.0,359777000.39999974
2025-08-01 09:28:05 AM,2595.8,101,262175.80000000005,360039176.19999975
2025-08-01 09:28:05 AM,2594.3,0,0.0,360039176.19999975
2025-08-01 09:28:06 AM,2594.3,250,648575.0,360687751.19999975
2025-08-01 09:28:06 AM,2599.8,728,1892654.4000000001,362580405.5999997
2025-08-01 09:28:07 AM,2596.5,130,337545.0,362917950.5999997
2025-08-01 09:28:07 AM,2596.8,0,0.0,362917950.5999997
2025-08-01 09:28:08 AM,2598.1,27,70148.7,362988099.2999997
2025-08-01 09:28:09 AM,2597.2,226,586967.2,363575066.4999997
2025-08-01 09:28:09 AM,2596.8,0,0.0,363575066.4999997
2025-08-01 09:28:09 AM,2596.8,12,31161.600000000002,363606228.0999997
2025-08-01 09:28:10 AM,2595.0,50,129750.0,363735978.0999997
2025-08-01 09:28:10 AM,2597.5,0,0.0,363735978.0999997
2025-08-01 09:28:11 AM,2597.5,225,584437.5,364320415.5999997
2025-08-01 09:28:11 AM,2595.6,26,67485.59999999999,364387901.19999975
2025-08-01 09:28:11 AM,2595.5,0,0.0,364387901.19999975
2025-08-01 09:28:12 AM,2595.5,25,64887.5,364452788.69999975
2025-08-01 09:28:12 AM,2597.8,0,0.0,364452788.69999975
2025-08-01 09:28:13 AM,2597.8,667,1732732.6,366185521.2999998
2025-08-01 09:28:14 AM,2597.7,2,5195.4,366190716.69999975
2025-08-01 09:28:14 AM,2597.6,0,0.0,366190716.69999975
2025-08-01 09:28:15 AM,2596.5,102,264843.0,366455559.69999975
2025-08-01 09:28:16 AM,2597.0,225,584325.0,367039884.69999975
2025-08-01 09:28:16 AM,2597.4,0,0.0,367039884.69999975
2025-08-01 09:28:17 AM,2597.4,10,25974.0,367065858.69999975
2025-08-01 09:28:17 AM,2596.3,0,0.0,367065858.69999975
2025-08-01 09:28:18 AM,2596.7,235,610224.5,367676083.19999975
2025-08-01 09:28:18 AM,2596.0,0,0.0,367676083.19999975
2025-08-01 09:28:19 AM,2596.0,200,519200.0,368195283.19999975
2025-08-01 09:28:19 AM,2594.0,0,0.0,368195283.19999975
2025-08-01 09:28:20 AM,2595.6,153,397126.8,368592409.99999976
2025-08-01 09:28:21 AM,2594.0,100,259400.0,368851809.99999976
2025-08-01 09:28:21 AM,2594.0,403,1045382.0,369897191.99999976
2025-08-01 09:28:21 AM,2595.0,0,0.0,369897191.99999976
2025-08-01 09:28:22 AM,2593.8,234,606949.2000000001,370504141.19999975
2025-08-01 09:28:22 AM,2594.0,10,25940.0,370530081.19999975
2025-08-01 09:28:22 AM,2594.1,0,0.0,370530081.19999975
2025-08-01 09:28:23 AM,2594.1,10,25941.0,370556022.19999975
2025-08-01 09:28:23 AM,2593.8,5,12969.0,370568991.19999975
2025-08-01 09:28:24 AM,2591.6,95,246202.0,370815193.19999975
2025-08-01 09:28:25 AM,2592.8,10,25928.0,370841121.19999975
2025-08-01 09:28:25 AM,2593.8,0,0.0,370841121.19999975
2025-08-01 09:28:26 AM,2591.5,333,862969.5,371704090.69999975
2025-08-01 09:28:26 AM,2592.5,0,0.0,371704090.69999975
2025-08-01 09:28:26 AM,2592.5,50,129625.0,371833715.69999975
2025-08-01 09:28:26 AM,2592.7,0,0.0,371833715.69999975
2025-08-01 09:28:27 AM,2592.8,44,114083.20000000001,371947798.89999974
2025-08-01 09:28:28 AM,2591.9,0,0.0,371947798.89999974
2025-08-01 09:28:28 AM,2591.9,3,7775.700000000001,371955574.5999997
2025-08-01 09:28:29 AM,2591.8,0,0.0,371955574.5999997
2025-08-01 09:28:29 AM,2591.8,7,18142.600000000002,371973717.19999975
2025-08-01 09:28:29 AM,2591.2,82,212478.4,372186195.5999997
2025-08-01 09:28:30 AM,2591.9,0,0.0,372186195.5999997
2025-08-01 09:28:30 AM,2591.9,4,10367.6,372196563.19999975
2025-08-01 09:28:30 AM,2591.4,0,0.0,372196563.19999975
2025-08-01 09:28:31 AM,2591.5,52,134758.0,372331321.19999975
2025-08-01 09:28:31 AM,2591.4,0,0.0,372331321.19999975
2025-08-01 09:28:32 AM,2594.9,261,677268.9,373008590.0999997
2025-08-01 09:28:32 AM,2593.8,40,103752.0,373112342.0999997
2025-08-01 09:28:32 AM,2593.0,0,0.0,373112342.0999997
2025-08-01 09:28:33 AM,2592.4,186,482186.4,373594528.4999997
2025-08-01 09:28:33 AM,2593.8,0,0.0,373594528.4999997
2025-08-01 09:28:34 AM,2593.8,42,108939.6,373703468.0999997
2025-08-01 09:28:35 AM,2594.9,0,0.0,373703468.0999997
2025-08-01 09:28:36 AM,2592.5,290,751825.0,374455293.0999997
2025-08-01 09:28:36 AM,2594.5,100,259450.0,374714743.0999997
2025-08-01 09:28:37 AM,2593.3,0,0.0,374714743.0999997
2025-08-01 09:28:37 AM,2593.4,292,757272.8,375472015.89999974
2025-08-01 09:28:38 AM,2591.9,0,0.0,375472015.89999974
2025-08-01 09:28:38 AM,2591.9,175,453582.5,375925598.39999974
2025-08-01 09:28:39 AM,2592.8,8,20742.4,375946340.7999997
2025-08-01 09:28:39 AM,2591.0,0,0.0,375946340.7999997
2025-08-01 09:28:40 AM,2591.0,667,1728197.0,377674537.7999997
2025-08-01 09:28:40 AM,2590.4,6,15542.400000000001,377690080.1999997
2025-08-01 09:28:40 AM,2588.6,0,0.0,377690080.1999997
2025-08-01 09:28:41 AM,2588.6,242,626441.2,378316521.3999997
2025-08-01 09:28:41 AM,2590.7,10,25907.0,378342428.3999997
2025-08-01 09:28:43 AM,2590.7,57,147669.9,378490098.29999965
2025-08-01 09:28:44 AM,2587.6,0,0.0,378490098.29999965
2025-08-01 09:28:45 AM,2587.6,216,558921.6,379049019.8999997
2025-08-01 09:28:45 AM,2585.0,0,0.0,379049019.8999997
2025-08-01 09:28:46 AM,2584.5,0,0.0,379049019.8999997
2025-08-01 09:28:46 AM,2586.2,613,1585340.5999999999,380634360.4999997
2025-08-01 09:28:47 AM,2585.7,18,46542.6,380680903.0999997
2025-08-01 09:28:47 AM,2587.8,0,0.0,380680903.0999997
2025-08-01 09:28:48 AM,2587.8,117,302772.60000000003,380983675.69999975
2025-08-01 09:28:48 AM,2589.4,49,126880.6,381110556.2999998
2025-08-01 09:28:48 AM,2587.0,0,0.0,381110556.2999998
2025-08-01 09:28:49 AM,2587.0,112,289744.0,381400300.2999998
2025-08-01 09:28:50 AM,2588.0,1,2588.0,381402888.2999998
2025-08-01 09:28:51 AM,2587.9,0,0.0,381402888.2999998
2025-08-01 09:28:52 AM,2587.9,111,287256.9,381690145.19999975
2025-08-01 09:28:53 AM,2587.3,0,0.0,381690145.19999975
2025-08-01 09:28:54 AM,2587.3,10,25873.0,381716018.19999975
2025-08-01 09:28:54 AM,2587.1,0,0.0,381716018.19999975
2025-08-01 09:28:55 AM,2587.1,11,28458.1,381744476.2999998
2025-08-01 09:28:55 AM,2587.2,0,0.0,381744476.2999998
2025-08-01 09:28:56 AM,2587.2,20,51744.0,381796220.2999998
2025-08-01 09:28:56 AM,2587.1,0,0.0,381796220.2999998
2025-08-01 09:28:57 AM,2587.1,2,5174.2,381801394.49999976
2025-08-01 09:28:57 AM,2587.3,0,0.0,381801394.49999976
2025-08-01 09:28:58 AM,2587.3,10,25873.0,381827267.49999976
2025-08-01 09:28:58 AM,2588.2,100,258819.99999999997,382086087.49999976
2025-08-01 09:28:59 AM,2586.8,0,0.0,382086087.49999976
2025-08-01 09:29:00 AM,2586.8,112,289721.60000000003,382375809.0999998
2025-08-01 09:29:00 AM,2588.3,0,0.0,382375809.0999998
2025-08-01 09:29:01 AM,2588.3,5,12941.5,382388750.5999998
2025-08-01 09:29:01 AM,2586.8,0,0.0,382388750.5999998
2025-08-01 09:29:02 AM,2586.8,70,181076.0,382569826.5999998
2025-08-01 09:29:03 AM,2586.7,45,116401.49999999999,382686228.0999998
2025-08-01 09:29:03 AM,2586.5,0,0.0,382686228.0999998
2025-08-01 09:29:04 AM,2586.3,151,390531.30000000005,383076759.3999998
2025-08-01 09:29:05 AM,2586.3,85,219835.50000000003,383296594.8999998
2025-08-01 09:29:06 AM,2586.2,2,5172.4,383301767.2999998
2025-08-01 09:29:07 AM,2586.2,50,129309.99999999999,383431077.2999998
2025-08-01 09:29:08 AM,2586.4,0,0.0,383431077.2999998
2025-08-01 09:29:08 AM,2586.4,11,28450.4,383459527.69999975
2025-08-01 09:29:09 AM,2587.7,0,0.0,383459527.69999975
2025-08-01 09:29:10 AM,2587.7,80,207016.0,383666543.69999975
2025-08-01 09:29:10 AM,2587.8,2,5175.6,383671719.2999998
2025-08-01 09:29:10 AM,2588.3,0,0.0,383671719.2999998
2025-08-01 09:29:11 AM,2586.9,12,31042.800000000003,383702762.0999998
2025-08-01 09:29:11 AM,2587.9,0,0.0,383702762.0999998
2025-08-01 09:29:12 AM,2587.9,1,2587.9,383705349.99999976
2025-08-01 09:29:12 AM,2587.9,4,10351.6,383715701.5999998
2025-08-01 09:29:14 AM,2588.0,1,2588.0,383718289.5999998
2025-08-01 09:29:15 AM,2587.1,0,0.0,383718289.5999998
2025-08-01 09:29:16 AM,2585.0,1335,3450975.0,387169264.5999998
2025-08-01 09:29:16 AM,2586.5,0,0.0,387169264.5999998
2025-08-01 09:29:17 AM,2584.4,189,488451.60000000003,387657716.1999998
2025-08-01 09:29:18 AM,2584.9,200,516980.0,388174696.1999998
2025-08-01 09:29:19 AM,2584.4,1,2584.4,388177280.5999998
2025-08-01 09:29:20 AM,2581.6,113,291720.8,388469001.3999998
2025-08-01 09:29:21 AM,2582.7,0,0.0,388469001.3999998
2025-08-01 09:29:21 AM,2582.7,10,25827.0,388494828.3999998
2025-08-01 09:29:21 AM,2583.2,0,0.0,388494828.3999998
2025-08-01 09:29:21 AM,2583.2,10,25832.0,388520660.3999998
2025-08-01 09:29:22 AM,2581.4,0,0.0,388520660.3999998
2025-08-01 09:29:23 AM,2581.4,100,258140.0,388778800.3999998
2025-08-01 09:29:23 AM,2583.0,0,0.0,388778800.3999998
2025-08-01 09:29:24 AM,2581.6,0,0.0,388778800.3999998
2025-08-01 09:29:24 AM,2581.6,210,542136.0,389320936.3999998
2025-08-01 09:29:25 AM,2581.4,146,376884.4,389697820.7999998
2025-08-01 09:29:25 AM,2581.5,0,0.0,389697820.7999998
2025-08-01 09:29:26 AM,2581.5,125,322687.5,390020508.2999998
2025-08-01 09:29:26 AM,2583.2,2,5166.4,390025674.69999975
2025-08-01 09:29:26 AM,2583.6,0,0.0,390025674.69999975
2025-08-01 09:29:27 AM,2581.2,359,926650.7999999999,390952325.49999976
2025-08-01 09:29:27 AM,2582.8,0,0.0,390952325.49999976
2025-08-01 09:29:28 AM,2580.8,322,831017.6000000001,391783343.0999998
2025-08-01 09:29:28 AM,2581.0,5,12905.0,391796248.0999998
2025-08-01 09:29:29 AM,2580.7,0,0.0,391796248.0999998
2025-08-01 09:29:29 AM,2580.4,976,2518470.4,394314718.49999976
2025-08-01 09:29:29 AM,2581.0,2,5162.0,394319880.49999976
2025-08-01 09:29:30 AM,2579.3,44,113489.20000000001,394433369.69999975
2025-08-01 09:29:31 AM,2580.7,20,51614.0,394484983.69999975
2025-08-01 09:29:33 AM,2579.1,5,12895.5,394497879.19999975
2025-08-01 09:29:34 AM,2580.6,101,260640.59999999998,394758519.7999998
2025-08-01 09:29:35 AM,2580.6,115,296769.0,395055288.7999998
2025-08-01 09:29:37 AM,2580.7,0,0.0,395055288.7999998
2025-08-01 09:29:38 AM,2580.9,106,273575.4,395328864.19999975
2025-08-01 09:29:38 AM,2580.1,0,0.0,395328864.19999975
2025-08-01 09:29:39 AM,2580.1,15,38701.5,395367565.69999975
2025-08-01 09:29:39 AM,2580.9,0,0.0,395367565.69999975
2025-08-01 09:29:40 AM,2580.9,28,72265.2,395439830.89999974
2025-08-01 09:29:40 AM,2580.9,5,12904.5,395452735.39999974
2025-08-01 09:29:40 AM,2581.0,0,0.0,395452735.39999974
2025-08-01 09:29:41 AM,2581.0,3,7743.0,395460478.39999974
2025-08-01 09:29:42 AM,2581.0,5,12905.0,395473383.39999974
2025-08-01 09:29:43 AM,2581.0,197,508457.0,395981840.39999974
2025-08-01 09:29:43 AM,2582.0,1,2582.0,395984422.39999974
2025-08-01 09:29:44 AM,2582.0,356,919192.0,396903614.39999974
2025-08-01 09:29:45 AM,2580.1,0,0.0,396903614.39999974
2025-08-01 09:29:45 AM,2580.1,10,25801.0,396929415.39999974
2025-08-01 09:29:47 AM,2582.2,0,0.0,396929415.39999974
2025-08-01 09:29:48 AM,2582.2,50,129109.99999999999,397058525.39999974
2025-08-01 09:29:50 AM,2584.7,0,0.0,397058525.39999974
2025-08-01 09:29:50 AM,2584.7,2,5169.4,397063694.7999997
2025-08-01 09:29:51 AM,2583.9,0,0.0,397063694.7999997
2025-08-01 09:29:51 AM,2583.9,7,18087.3,397081782.0999997
2025-08-01 09:29:53 AM,2585.5,10,25855.0,397107637.0999997
2025-08-01 09:29:59 AM,2585.5,2,5171.0,397112808.0999997
2025-08-01 09:30:00 AM,2584.0,32,82688.0,397195496.0999997
2025-08-01 09:30:02 AM,2584.0,100,258400.0,397453896.0999997
2025-08-01 09:30:02 AM,2583.0,0,0.0,397453896.0999997
2025-08-01 09:30:03 AM,2583.0,69,178227.0,397632123.0999997
2025-08-01 09:30:04 AM,2582.9,14,36160.6,397668283.69999975
2025-08-01 09:30:05 AM,2582.2,79,203993.8,397872277.49999976
2025-08-01 09:30:06 AM,2584.0,1,2584.0,397874861.49999976
2025-08-01 09:30:07 AM,2583.6,3,7750.799999999999,397882612.2999998
2025-08-01 09:30:08 AM,2582.2,0,0.0,397882612.2999998
2025-08-01 09:30:08 AM,2582.2,1,2582.2,397885194.49999976
2025-08-01 09:30:11 AM,2583.9,20,51678.0,397936872.49999976
2025-08-01 09:30:15 AM,2584.0,0,0.0,397936872.49999976
2025-08-01 09:30:15 AM,2584.0,2,5168.0,397942040.49999976
2025-08-01 09:30:17 AM,2584.0,2,5168.0,397947208.49999976
2025-08-01 09:30:17 AM,2583.1,0,0.0,397947208.49999976
2025-08-01 09:30:18 AM,2583.1,3,7749.299999999999,397954957.7999998
2025-08-01 09:30:21 AM,2584.0,1,2584.0,397957541.7999998
2025-08-01 09:30:22 AM,2583.0,35,90405.0,398047946.7999998
2025-08-01 09:30:24 AM,2582.1,0,0.0,398047946.7999998
2025-08-01 09:30:25 AM,2582.1,16,41313.6,398089260.3999998
2025-08-01 09:30:29 AM,2583.8,0,0.0,398089260.3999998
2025-08-01 09:30:30 AM,2583.8,1,2583.8,398091844.1999998
2025-08-01 09:30:33 AM,2584.0,2,5168.0,398097012.1999998
2025-08-01 09:30:35 AM,2583.9,68,175705.2,398272717.3999998
2025-08-01 09:30:37 AM,2583.3,1,2583.3,398275300.6999998
2025-08-01 09:30:38 AM,2583.3,34,87832.20000000001,398363132.8999998
2025-08-01 09:30:42 AM,2583.5,34,87839.0,398450971.8999998
2025-08-01 09:30:43 AM,2583.7,30,77511.0,398528482.8999998
2025-08-01 09:30:44 AM,2582.2,51,131692.19999999998,398660175.0999998
2025-08-01 09:30:45 AM,2583.7,0,0.0,398660175.0999998
2025-08-01 09:30:45 AM,2583.7,10,25837.0,398686012.0999998
2025-08-01 09:30:47 AM,2583.9,55,142114.5,398828126.5999998
2025-08-01 09:30:48 AM,2583.9,1,2583.9,398830710.49999976
2025-08-01 09:30:51 AM,2584.0,0,0.0,398830710.49999976
2025-08-01 09:30:52 AM,2582.7,0,0.0,398830710.49999976
2025-08-01 09:30:52 AM,2582.7,70,180789.0,399011499.49999976
2025-08-01 09:30:53 AM,2583.2,10,25832.0,399037331.49999976
2025-08-01 09:30:54 AM,2582.2,0,0.0,399037331.49999976
2025-08-01 09:30:54 AM,2582.2,5,12911.0,399050242.49999976
2025-08-01 09:30:57 AM,2583.5,100,258350.0,399308592.49999976
2025-08-01 09:30:57 AM,2583.9,0,0.0,399308592.49999976
2025-08-01 09:30:58 AM,2583.9,69,178289.1,399486881.5999998
2025-08-01 09:30:59 AM,2584.0,1,2584.0,399489465.5999998
2025-08-01 09:31:03 AM,2583.9,0,0.0,399489465.5999998
2025-08-01 09:31:07 AM,2584.6,810,2093526.0,401582991.5999998
2025-08-01 09:31:08 AM,2584.6,2,5169.2,401588160.7999998
2025-08-01 09:31:11 AM,2585.8,0,0.0,401588160.7999998
2025-08-01 09:31:15 AM,2586.4,0,0.0,401588160.7999998
2025-08-01 09:31:15 AM,2586.4,57,147424.80000000002,401735585.5999998
2025-08-01 09:31:17 AM,2589.8,0,0.0,401735585.5999998
2025-08-01 09:31:21 AM,2590.0,0,0.0,401735585.5999998
2025-08-01 09:31:22 AM,2590.0,211,546490.0,402282075.5999998
2025-08-01 09:31:27 AM,2589.6,0,0.0,402282075.5999998
2025-08-01 09:31:29 AM,2589.8,71,183875.80000000002,402465951.3999998
2025-08-01 09:31:30 AM,2589.1,2,5178.2,402471129.5999998
2025-08-01 09:31:33 AM,2588.8,0,0.0,402471129.5999998
2025-08-01 09:31:35 AM,2590.0,0,0.0,402471129.5999998
2025-08-01 09:31:36 AM,2590.0,278,720020.0,403191149.5999998
2025-08-01 09:31:37 AM,2589.3,158,409109.4,403600258.99999976
2025-08-01 09:31:39 AM,2589.5,0,0.0,403600258.99999976
2025-08-01 09:31:43 AM,2590.0,12,31080.0,403631338.99999976
2025-08-01 09:31:47 AM,2589.8,0,0.0,403631338.99999976
2025-08-01 09:31:50 AM,2590.0,244,631960.0,404263298.99999976
2025-08-01 09:31:56 AM,2590.3,0,0.0,404263298.99999976
2025-08-01 09:31:57 AM,2590.2,610,1580022.0,405843320.99999976
2025-08-01 09:32:01 AM,2591.5,0,0.0,405843320.99999976
2025-08-01 09:32:04 AM,2591.5,48,124392.0,405967712.99999976
2025-08-01 09:32:07 AM,2592.3,0,0.0,405967712.99999976
2025-08-01 09:32:11 AM,2595.1,279,724032.9,406691745.89999974
2025-08-01 09:32:13 AM,2596.9,0,0.0,406691745.89999974
2025-08-01 09:32:18 AM,2596.1,341,885270.1,407577015.99999976
2025-08-01 09:32:18 AM,2597.5,40,103900.0,407680915.99999976
2025-08-01 09:32:25 AM,2596.9,0,0.0,407680915.99999976
2025-08-01 09:32:25 AM,2596.9,106,275271.4,407956187.39999974
2025-08-01 09:32:32 AM,2596.9,395,1025775.5,408981962.89999974
2025-08-01 09:32:37 AM,2596.8,0,0.0,408981962.89999974
2025-08-01 09:32:37 AM,2596.7,0,0.0,408981962.89999974
2025-08-01 09:32:39 AM,2596.5,392,1017828.0,409999790.89999974
2025-08-01 09:32:39 AM,2596.1,22,57114.2,410056905.0999997
2025-08-01 09:32:43 AM,2596.0,0,0.0,410056905.0999997
2025-08-01 09:32:46 AM,2596.2,267,693185.3999999999,410750090.4999997
2025-08-01 09:32:53 AM,2593.8,300,778140.0,411528230.4999997
2025-08-01 09:32:55 AM,2596.0,0,0.0,411528230.4999997
2025-08-01 09:33:00 AM,2595.5,201,521695.5,412049925.9999997
2025-08-01 09:33:01 AM,2596.0,17,44132.0,412094057.9999997
2025-08-01 09:33:02 AM,2595.2,58,150521.59999999998,412244579.5999997
2025-08-01 09:33:06 AM,2594.0,0,0.0,412244579.5999997
2025-08-01 09:33:06 AM,2594.0,10,25940.0,412270519.5999997
2025-08-01 09:33:09 AM,2593.2,0,0.0,412270519.5999997
2025-08-01 09:33:10 AM,2593.2,1,2593.2,412273112.7999997
2025-08-01 09:33:10 AM,2593.2,5,12966.0,412286078.7999997
2025-08-01 09:33:10 AM,2592.9,0,0.0,412286078.7999997
2025-08-01 09:33:11 AM,2592.9,9,23336.100000000002,412309414.89999974
2025-08-01 09:33:14 AM,2592.6,70,181482.0,412490896.89999974
2025-08-01 09:33:19 AM,2592.6,14,36296.4,412527193.2999997
2025-08-01 09:33:20 AM,2592.6,13,33703.799999999996,412560897.0999997
2025-08-01 09:33:22 AM,2595.0,230,596850.0,413157747.0999997
2025-08-01 09:33:23 AM,2593.3,1,2593.3,413160340.39999974
2025-08-01 09:33:29 AM,2594.4,1,2594.4,413162934.7999997
2025-08-01 09:33:40 AM,2594.3,52,134903.6,413297838.39999974
2025-08-01 09:33:44 AM,2594.3,12,31131.600000000002,413328969.99999976
2025-08-01 09:33:46 AM,2594.3,2,5188.6,413334158.5999998
2025-08-01 09:33:49 AM,2594.4,0,0.0,413334158.5999998
2025-08-01 09:33:49 AM,2594.4,25,64860.0,413399018.5999998
2025-08-01 09:33:50 AM,2594.4,10,25944.0,413424962.5999998
2025-08-01 09:33:52 AM,2594.4,2,5188.8,413430151.3999998
2025-08-01 09:34:00 AM,2594.5,0,0.0,413430151.3999998
2025-08-01 09:34:00 AM,2594.5,44,114158.0,413544309.3999998
2025-08-01 09:34:02 AM,2594.4,957,2482840.8000000003,416027150.1999998
2025-08-01 09:34:03 AM,2594.4,51,132314.4,416159464.5999998
2025-08-01 09:34:03 AM,2593.2,0,0.0,416159464.5999998
2025-08-01 09:34:04 AM,2593.2,184,477148.8,416636613.3999998
2025-08-01 09:34:06 AM,2594.2,0,0.0,416636613.3999998
2025-08-01 09:34:06 AM,2590.5,206,533643.0,417170256.3999998
2025-08-01 09:34:10 AM,2591.2,1,2591.2,417172847.5999998
2025-08-01 09:34:15 AM,2590.5,1,2590.5,417175438.0999998
2025-08-01 09:34:16 AM,2590.3,152,393725.60000000003,417569163.6999998
2025-08-01 09:34:16 AM,2591.0,137,354967.0,417924130.6999998
2025-08-01 09:34:17 AM,2598.2,0,0.0,417924130.6999998
2025-08-01 09:34:17 AM,2598.2,2665,6924202.999999999,424848333.6999998
2025-08-01 09:34:20 AM,2597.8,0,0.0,424848333.6999998
2025-08-01 09:34:21 AM,2597.8,911,2366595.8000000003,427214929.4999998
2025-08-01 09:34:22 AM,2595.8,169,438690.2,427653619.6999998
2025-08-01 09:34:23 AM,2597.4,314,815583.6,428469203.29999983
2025-08-01 09:34:24 AM,2597.4,136,353246.4,428822449.6999998
2025-08-01 09:34:24 AM,2597.4,53,137662.2,428960111.8999998
2025-08-01 09:34:27 AM,2597.1,100,259710.0,429219821.8999998
2025-08-01 09:34:35 AM,2595.5,0,0.0,429219821.8999998
2025-08-01 09:34:36 AM,2595.5,16,41528.0,429261349.8999998
2025-08-01 09:34:36 AM,2595.0,10,25950.0,429287299.8999998
2025-08-01 09:34:40 AM,2593.5,0,0.0,429287299.8999998
2025-08-01 09:34:40 AM,2593.5,2,5187.0,429292486.8999998
2025-08-01 09:34:42 AM,2594.6,0,0.0,429292486.8999998
2025-08-01 09:34:43 AM,2594.6,259,672001.4,429964488.2999998
2025-08-01 09:34:44 AM,2594.0,0,0.0,429964488.2999998
2025-08-01 09:34:44 AM,2594.0,10,25940.0,429990428.2999998
2025-08-01 09:34:45 AM,2594.0,66,171204.0,430161632.2999998
2025-08-01 09:34:47 AM,2595.4,0,0.0,430161632.2999998
2025-08-01 09:34:47 AM,2595.4,35,90839.0,430252471.2999998
2025-08-01 09:34:48 AM,2593.8,0,0.0,430252471.2999998
2025-08-01 09:34:48 AM,2592.6,72,186667.19999999998,430439138.49999976
2025-08-01 09:34:48 AM,2593.5,0,0.0,430439138.49999976
2025-08-01 09:34:49 AM,2593.5,16,41496.0,430480634.49999976
2025-08-01 09:34:49 AM,2593.4,1,2593.4,430483227.89999974
2025-08-01 09:34:51 AM,2593.5,2,5187.0,430488414.89999974
2025-08-01 09:34:51 AM,2593.5,13,33715.5,430522130.39999974
2025-08-01 09:34:52 AM,2593.5,70,181545.0,430703675.39999974
2025-08-01 09:34:54 AM,2593.0,3,7779.0,430711454.39999974
2025-08-01 09:34:56 AM,2593.0,48,124464.0,430835918.39999974
2025-08-01 09:34:58 AM,2593.1,0,0.0,430835918.39999974
2025-08-01 09:34:59 AM,2593.1,10,25931.0,430861849.39999974
2025-08-01 09:35:00 AM,2592.7,0,0.0,430861849.39999974
2025-08-01 09:35:01 AM,2592.7,1,2592.7,430864442.0999997
2025-08-01 09:35:02 AM,2592.7,1,2592.7,430867034.7999997
2025-08-01 09:35:03 AM,2592.7,1,2592.7,430869627.4999997
2025-08-01 09:35:08 AM,2592.7,3,7778.099999999999,430877405.5999997
2025-08-01 09:35:08 AM,2593.6,128,331980.8,431209386.39999974
2025-08-01 09:35:13 AM,2593.8,0,0.0,431209386.39999974
2025-08-01 09:35:14 AM,2593.8,5,12969.0,431222355.39999974
2025-08-01 09:35:14 AM,2595.6,0,0.0,431222355.39999974
2025-08-01 09:35:15 AM,2595.6,10,25956.0,431248311.39999974
2025-08-01 09:35:16 AM,2595.7,1,2595.7,431250907.0999997
2025-08-01 09:35:21 AM,2597.0,1,2597.0,431253504.0999997
2025-08-01 09:35:26 AM,2595.8,0,0.0,431253504.0999997
2025-08-01 09:35:27 AM,2595.8,5,12979.0,431266483.0999997
2025-08-01 09:35:29 AM,2596.9,1,2596.9,431269079.9999997
2025-08-01 09:35:30 AM,2596.9,1,2596.9,431271676.8999997
2025-08-01 09:35:30 AM,2596.8,0,0.0,431271676.8999997
2025-08-01 09:35:30 AM,2596.8,1,2596.8,431274273.6999997
2025-08-01 09:35:31 AM,2596.8,1,2596.8,431276870.4999997
2025-08-01 09:35:32 AM,2596.8,1,2596.8,431279467.2999997
2025-08-01 09:35:32 AM,2597.0,0,0.0,431279467.2999997
2025-08-01 09:35:32 AM,2597.0,50,129850.0,431409317.2999997
2025-08-01 09:35:34 AM,2598.1,0,0.0,431409317.2999997
2025-08-01 09:35:34 AM,2596.9,136,353178.4,431762495.6999997
2025-08-01 09:35:35 AM,2597.5,73,189617.5,431952113.1999997
2025-08-01 09:35:36 AM,2597.1,1,2597.1,431954710.2999997
2025-08-01 09:35:37 AM,2599.3,1210,3145153.0,435099863.2999997
2025-08-01 09:35:38 AM,2600.1,265,689026.5,435788889.7999997
2025-08-01 09:35:39 AM,2598.1,1000,2598100.0,438386989.7999997
2025-08-01 09:35:40 AM,2598.8,179,465185.2,438852174.9999997
2025-08-01 09:35:41 AM,2598.0,371,963858.0,439816032.9999997
2025-08-01 09:35:42 AM,2598.8,11,28586.800000000003,439844619.7999997
2025-08-01 09:35:43 AM,2597.0,176,457072.0,440301691.7999997
2025-08-01 09:35:45 AM,2597.6,85,220796.0,440522487.7999997
2025-08-01 09:35:49 AM,2597.0,200,519400.0,441041887.7999997
2025-08-01 09:35:49 AM,2599.4,85,220949.0,441262836.7999997
2025-08-01 09:35:50 AM,2600.0,17,44200.0,441307036.7999997
2025-08-01 09:35:51 AM,2601.0,23,59823.0,441366859.7999997
2025-08-01 09:35:52 AM,2600.0,30,78000.0,441444859.7999997
2025-08-01 09:35:52 AM,2600.0,51,132600.0,441577459.7999997
2025-08-01 09:35:53 AM,2600.9,102,265291.8,441842751.5999997
2025-08-01 09:35:53 AM,2601.3,100,260130.00000000003,442102881.5999997
2025-08-01 09:35:54 AM,2601.0,2,5202.0,442108083.5999997
2025-08-01 09:35:55 AM,2601.0,10,26010.0,442134093.5999997
2025-08-01 09:35:55 AM,2602.0,205,533410.0,442667503.5999997
2025-08-01 09:35:57 AM,2600.9,44,114439.6,442781943.19999975
2025-08-01 09:35:58 AM,2600.9,18,46816.200000000004,442828759.39999974
2025-08-01 09:35:59 AM,2601.6,104,270566.39999999997,443099325.7999997
2025-08-01 09:36:00 AM,2601.2,0,0.0,443099325.7999997
2025-08-01 09:36:00 AM,2601.2,4,10404.8,443109730.5999997
2025-08-01 09:36:01 AM,2602.5,55,143137.5,443252868.0999997
2025-08-01 09:36:02 AM,2602.0,0,0.0,443252868.0999997
2025-08-01 09:36:03 AM,2602.0,1,2602.0,443255470.0999997
2025-08-01 09:36:04 AM,2602.0,5,13010.0,443268480.0999997
2025-08-01 09:36:05 AM,2601.3,20,52026.0,443320506.0999997
2025-08-01 09:36:08 AM,2601.8,161,418889.80000000005,443739395.89999974
2025-08-01 09:36:13 AM,2601.3,0,0.0,443739395.89999974
2025-08-01 09:36:14 AM,2601.3,15,39019.5,443778415.39999974
2025-08-01 09:36:21 AM,2601.0,10,26010.0,443804425.39999974
2025-08-01 09:36:21 AM,2599.9,0,0.0,443804425.39999974
2025-08-01 09:36:22 AM,2599.9,56,145594.4,443950019.7999997
2025-08-01 09:36:23 AM,2599.2,100,259919.99999999997,444209939.7999997
2025-08-01 09:36:24 AM,2600.2,0,0.0,444209939.7999997
2025-08-01 09:36:25 AM,2600.2,1,2600.2,444212539.9999997
2025-08-01 09:36:26 AM,2600.2,50,130009.99999999999,444342549.9999997
2025-08-01 09:36:31 AM,2599.1,0,0.0,444342549.9999997
2025-08-01 09:36:32 AM,2599.1,3,7797.299999999999,444350347.2999997
2025-08-01 09:36:33 AM,2600.2,5,13001.0,444363348.2999997
2025-08-01 09:36:34 AM,2600.2,41,106608.2,444469956.4999997
2025-08-01 09:36:37 AM,2599.2,10,25992.0,444495948.4999997
2025-08-01 09:36:38 AM,2600.0,1,2600.0,444498548.4999997
2025-08-01 09:36:41 AM,2600.0,13,33800.0,444532348.4999997
2025-08-01 09:36:43 AM,2605.0,0,0.0,444532348.4999997
2025-08-01 09:36:43 AM,2600.9,1062,2762155.8000000003,447294504.2999997
2025-08-01 09:36:43 AM,2601.7,0,0.0,447294504.2999997
2025-08-01 09:36:44 AM,2601.7,25,65042.49999999999,447359546.7999997
2025-08-01 09:36:44 AM,2602.0,157,408514.0,447768060.7999997
2025-08-01 09:36:44 AM,2603.6,0,0.0,447768060.7999997
2025-08-01 09:36:45 AM,2603.6,39,101540.4,447869601.1999997
2025-08-01 09:36:45 AM,2598.0,2811,7302978.0,455172579.1999997
2025-08-01 09:36:45 AM,2600.1,0,0.0,455172579.1999997
2025-08-01 09:36:46 AM,2599.2,789,2050768.7999999998,457223347.9999997
2025-08-01 09:36:46 AM,2596.8,0,0.0,457223347.9999997
2025-08-01 09:36:47 AM,2596.5,0,0.0,457223347.9999997
2025-08-01 09:36:47 AM,2596.5,120,311580.0,457534927.9999997
2025-08-01 09:36:47 AM,2594.9,965,2504078.5,460039006.4999997
2025-08-01 09:36:48 AM,2597.1,20,51942.0,460090948.4999997
2025-08-01 09:36:48 AM,2597.9,0,0.0,460090948.4999997
2025-08-01 09:36:49 AM,2597.9,300,779370.0,460870318.4999997
2025-08-01 09:36:49 AM,2596.2,578,1500603.5999999999,462370922.0999997
2025-08-01 09:36:50 AM,2594.2,0,0.0,462370922.0999997
2025-08-01 09:36:51 AM,2594.2,207,536999.3999999999,462907921.4999997
2025-08-01 09:36:52 AM,2593.4,0,0.0,462907921.4999997
2025-08-01 09:36:53 AM,2595.0,0,0.0,462907921.4999997
2025-08-01 09:36:53 AM,2595.0,348,903060.0,463810981.4999997
2025-08-01 09:36:55 AM,2595.2,0,0.0,463810981.4999997
2025-08-01 09:36:56 AM,2595.2,28,72665.59999999999,463883647.0999997
2025-08-01 09:36:57 AM,2596.5,1,2596.5,463886243.5999997
2025-08-01 09:37:00 AM,2596.8,1,2596.8,463888840.39999974
2025-08-01 09:37:01 AM,2596.8,26,67516.8,463956357.19999975
2025-08-01 09:37:02 AM,2597.6,0,0.0,463956357.19999975
2025-08-01 09:37:03 AM,2597.6,12,31171.199999999997,463987528.39999974
2025-08-01 09:37:05 AM,2598.4,2,5196.8,463992725.19999975
2025-08-01 09:37:07 AM,2598.4,30,77952.0,464070677.19999975
2025-08-01 09:37:08 AM,2599.7,0,0.0,464070677.19999975
2025-08-01 09:37:08 AM,2599.7,96,249571.19999999998,464320248.39999974
2025-08-01 09:37:11 AM,2599.4,0,0.0,464320248.39999974
2025-08-01 09:37:11 AM,2599.4,1,2599.4,464322847.7999997
2025-08-01 09:37:12 AM,2599.2,0,0.0,464322847.7999997
2025-08-01 09:37:12 AM,2599.2,1,2599.2,464325446.9999997
2025-08-01 09:37:13 AM,2599.2,50,129959.99999999999,464455406.9999997
2025-08-01 09:37:13 AM,2598.9,1,2598.9,464458005.8999997
2025-08-01 09:37:13 AM,2598.8,0,0.0,464458005.8999997
2025-08-01 09:37:14 AM,2598.7,7,18190.899999999998,464476196.79999965
2025-08-01 09:37:14 AM,2598.9,1,2598.9,464478795.69999963
2025-08-01 09:37:14 AM,2599.0,0,0.0,464478795.69999963
2025-08-01 09:37:15 AM,2599.0,50,129950.0,464608745.69999963
2025-08-01 09:37:16 AM,2599.0,7,18193.0,464626938.69999963
2025-08-01 09:37:20 AM,2598.3,0,0.0,464626938.69999963
2025-08-01 09:37:21 AM,2598.3,30,77949.0,464704887.69999963
2025-08-01 09:37:22 AM,2597.4,0,0.0,464704887.69999963
2025-08-01 09:37:23 AM,2598.2,0,0.0,464704887.69999963
2025-08-01 09:37:23 AM,2598.2,77,200061.4,464904949.0999996
2025-08-01 09:37:24 AM,2598.0,57,148086.0,465053035.0999996
2025-08-01 09:37:25 AM,2598.0,101,262398.0,465315433.0999996
2025-08-01 09:37:25 AM,2598.0,101,262398.0,465577831.0999996
2025-08-01 09:37:26 AM,2598.0,10,25980.0,465603811.0999996
2025-08-01 09:37:29 AM,2596.7,7,18176.899999999998,465621987.9999996
2025-08-01 09:37:30 AM,2598.0,50,129900.0,465751887.9999996
2025-08-01 09:37:33 AM,2598.0,1,2598.0,465754485.9999996
2025-08-01 09:37:36 AM,2598.2,0,0.0,465754485.9999996
2025-08-01 09:37:36 AM,2598.2,258,670335.6,466424821.5999996
2025-08-01 09:37:37 AM,2599.0,15,38985.0,466463806.5999996
2025-08-01 09:37:37 AM,2600.1,0,0.0,466463806.5999996
2025-08-01 09:37:38 AM,2600.9,266,691839.4,467155645.9999996
2025-08-01 09:37:38 AM,2603.2,0,0.0,467155645.9999996
2025-08-01 09:37:39 AM,2603.2,333,866865.6,468022511.5999996
2025-08-01 09:37:39 AM,2602.0,57,148314.0,468170825.5999996
2025-08-01 09:37:40 AM,2601.9,0,0.0,468170825.5999996
2025-08-01 09:37:40 AM,2603.3,60,156198.0,468327023.5999996
2025-08-01 09:37:40 AM,2601.2,200,520239.99999999994,468847263.5999996
2025-08-01 09:37:41 AM,2602.0,123,320046.0,469167309.5999996
2025-08-01 09:37:41 AM,2601.1,0,0.0,469167309.5999996
2025-08-01 09:37:42 AM,2601.1,2,5202.2,469172511.7999996
2025-08-01 09:37:42 AM,2601.6,181,470889.6,469643401.3999996
2025-08-01 09:37:42 AM,2602.3,0,0.0,469643401.3999996
2025-08-01 09:37:43 AM,2602.3,67,174354.1,469817755.49999964
2025-08-01 09:37:44 AM,2600.1,16,41601.6,469859357.09999967
2025-08-01 09:37:45 AM,2599.4,124,322325.60000000003,470181682.6999997
2025-08-01 09:37:47 AM,2598.9,0,0.0,470181682.6999997
2025-08-01 09:37:47 AM,2598.9,30,77967.0,470259649.6999997
2025-08-01 09:37:47 AM,2599.8,0,0.0,470259649.6999997
2025-08-01 09:37:47 AM,2599.8,2,5199.6,470264849.2999997
2025-08-01 09:37:49 AM,2599.4,71,184557.4,470449406.6999997
2025-08-01 09:37:50 AM,2599.4,56,145566.4,470594973.09999967
2025-08-01 09:37:51 AM,2599.2,0,0.0,470594973.09999967
2025-08-01 09:37:52 AM,2600.0,387,1006200.0,471601173.09999967
2025-08-01 09:37:53 AM,2599.5,0,0.0,471601173.09999967
2025-08-01 09:37:54 AM,2599.5,10,25995.0,471627168.09999967
2025-08-01 09:37:56 AM,2599.0,14,36386.0,471663554.09999967
2025-08-01 09:37:57 AM,2598.8,0,0.0,471663554.09999967
2025-08-01 09:37:57 AM,2598.7,58,150724.59999999998,471814278.6999997
2025-08-01 09:38:06 AM,2599.3,0,0.0,471814278.6999997
2025-08-01 09:38:07 AM,2599.3,8,20794.4,471835073.09999967
2025-08-01 09:38:08 AM,2599.1,35,90968.5,471926041.59999967
2025-08-01 09:38:09 AM,2600.0,0,0.0,471926041.59999967
2025-08-01 09:38:10 AM,2600.0,48,124800.0,472050841.59999967
2025-08-01 09:38:12 AM,2600.0,130,338000.0,472388841.59999967
2025-08-01 09:38:19 AM,2600.0,100,260000.0,472648841.59999967
2025-08-01 09:38:20 AM,2600.0,1,2600.0,472651441.59999967
2025-08-01 09:38:21 AM,2600.0,40,104000.0,472755441.59999967
2025-08-01 09:38:27 AM,2600.0,100,260000.0,473015441.59999967
2025-08-01 09:38:30 AM,2599.2,25,64979.99999999999,473080421.59999967
2025-08-01 09:38:32 AM,2599.3,2,5198.6,473085620.1999997
2025-08-01 09:38:35 AM,2599.9,104,270389.60000000003,473356009.7999997
2025-08-01 09:38:35 AM,2599.2,108,280713.6,473636723.39999974
2025-08-01 09:38:35 AM,2599.8,0,0.0,473636723.39999974
2025-08-01 09:38:36 AM,2599.8,2,5199.6,473641922.99999976
2025-08-01 09:38:36 AM,2600.0,0,0.0,473641922.99999976
2025-08-01 09:38:37 AM,2600.0,150,390000.0,474031922.99999976
2025-08-01 09:38:38 AM,2600.6,187,486312.2,474518235.19999975
2025-08-01 09:38:39 AM,2600.3,105,273031.5,474791266.69999975
2025-08-01 09:38:40 AM,2600.3,11,28603.300000000003,474819869.99999976
2025-08-01 09:38:41 AM,2600.0,127,330200.0,475150069.99999976
2025-08-01 09:38:42 AM,2600.0,130,338000.0,475488069.99999976
2025-08-01 09:38:43 AM,2600.6,0,0.0,475488069.99999976
2025-08-01 09:38:44 AM,2600.6,20,52012.0,475540081.99999976
2025-08-01 09:38:46 AM,2599.7,0,0.0,475540081.99999976
2025-08-01 09:38:46 AM,2599.7,69,179379.3,475719461.2999998
2025-08-01 09:38:47 AM,2599.7,13,33796.1,475753257.3999998
2025-08-01 09:38:47 AM,2599.7,55,142983.5,475896240.8999998
2025-08-01 09:38:47 AM,2600.0,0,0.0,475896240.8999998
2025-08-01 09:38:48 AM,2600.0,27,70200.0,475966440.8999998
2025-08-01 09:38:50 AM,2599.9,184,478381.60000000003,476444822.4999998
2025-08-01 09:38:51 AM,2600.2,227,590245.3999999999,477035067.8999998
2025-08-01 09:38:56 AM,2600.7,30,78021.0,477113088.8999998
2025-08-01 09:38:57 AM,2600.0,1,2600.0,477115688.8999998
2025-08-01 09:39:03 AM,2605.3,1003,2613115.9000000004,479728804.7999998
2025-08-01 09:39:04 AM,2604.7,0,0.0,479728804.7999998
2025-08-01 09:39:04 AM,2605.8,279,727018.2000000001,480455822.99999976
2025-08-01 09:39:05 AM,2604.2,16,41667.2,480497490.19999975
2025-08-01 09:39:06 AM,2605.9,238,620204.2000000001,481117694.39999974
2025-08-01 09:39:06 AM,2604.5,11,28649.5,481146343.89999974
2025-08-01 09:39:07 AM,2606.4,225,586440.0,481732783.89999974
2025-08-01 09:39:08 AM,2608.0,550,1434400.0,483167183.89999974
2025-08-01 09:39:09 AM,2606.8,2,5213.6,483172397.49999976
2025-08-01 09:39:09 AM,2606.7,46,119908.2,483292305.69999975
2025-08-01 09:39:10 AM,2607.2,67,174682.4,483466988.0999997
2025-08-01 09:39:11 AM,2606.1,40,104244.0,483571232.0999997
2025-08-01 09:39:11 AM,2607.3,0,0.0,483571232.0999997
2025-08-01 09:39:12 AM,2607.5,31,80832.5,483652064.5999997
2025-08-01 09:39:12 AM,2607.9,50,130395.0,483782459.5999997
2025-08-01 09:39:12 AM,2605.8,0,0.0,483782459.5999997
2025-08-01 09:39:13 AM,2607.1,152,396279.2,484178738.7999997
2025-08-01 09:39:13 AM,2608.0,0,0.0,484178738.7999997
2025-08-01 09:39:14 AM,2608.3,0,0.0,484178738.7999997
2025-08-01 09:39:14 AM,2607.7,127,331177.89999999997,484509916.6999997
2025-08-01 09:39:14 AM,2609.0,225,587025.0,485096941.6999997
2025-08-01 09:39:16 AM,2608.0,78,203424.0,485300365.6999997
2025-08-01 09:39:17 AM,2608.9,0,0.0,485300365.6999997
2025-08-01 09:39:18 AM,2611.8,1760,4596768.0,489897133.6999997
2025-08-01 09:39:18 AM,2611.3,0,0.0,489897133.6999997
2025-08-01 09:39:19 AM,2609.5,139,362720.5,490259854.1999997
2025-08-01 09:39:20 AM,2611.2,0,0.0,490259854.1999997
2025-08-01 09:39:20 AM,2611.2,10,26112.0,490285966.1999997
2025-08-01 09:39:21 AM,2611.2,189,493516.8,490779482.9999997
2025-08-01 09:39:22 AM,2613.9,592,1547428.8,492326911.7999997
2025-08-01 09:39:23 AM,2612.6,107,279548.2,492606459.9999997
2025-08-01 09:39:26 AM,2610.4,0,0.0,492606459.9999997
2025-08-01 09:39:26 AM,2610.4,8,20883.2,492627343.1999997
2025-08-01 09:39:26 AM,2610.2,0,0.0,492627343.1999997
2025-08-01 09:39:27 AM,2611.5,0,0.0,492627343.1999997
2025-08-01 09:39:27 AM,2610.2,17,44373.399999999994,492671716.59999967
2025-08-01 09:39:28 AM,2610.0,0,0.0,492671716.59999967
2025-08-01 09:39:28 AM,2610.0,460,1200600.0,493872316.59999967
2025-08-01 09:39:28 AM,2610.5,0,0.0,493872316.59999967
2025-08-01 09:39:29 AM,2610.5,225,587362.5,494459679.09999967
2025-08-01 09:39:30 AM,2610.1,0,0.0,494459679.09999967
2025-08-01 09:39:30 AM,2610.1,100,261010.0,494720689.09999967
2025-08-01 09:39:30 AM,2610.0,0,0.0,494720689.09999967
2025-08-01 09:39:31 AM,2610.0,3,7830.0,494728519.09999967
2025-08-01 09:39:32 AM,2610.0,19,49590.0,494778109.09999967
2025-08-01 09:39:32 AM,2608.5,57,148684.5,494926793.59999967
2025-08-01 09:39:34 AM,2608.1,0,0.0,494926793.59999967
2025-08-01 09:39:35 AM,2608.1,6,15648.599999999999,494942442.1999997
2025-08-01 09:39:35 AM,2609.5,253,660203.5,495602645.6999997
2025-08-01 09:39:36 AM,2609.5,100,260950.0,495863595.6999997
2025-08-01 09:39:36 AM,2610.2,42,109628.4,495973224.09999967
2025-08-01 09:39:36 AM,2609.7,0,0.0,495973224.09999967
2025-08-01 09:39:37 AM,2609.7,10,26097.0,495999321.09999967
2025-08-01 09:39:37 AM,2608.3,0,0.0,495999321.09999967
2025-08-01 09:39:38 AM,2608.3,28,73032.40000000001,496072353.49999964
2025-08-01 09:39:40 AM,2608.9,0,0.0,496072353.49999964
2025-08-01 09:39:40 AM,2608.9,10,26089.0,496098442.49999964
2025-08-01 09:39:40 AM,2607.1,11,28678.1,496127120.59999967
2025-08-01 09:39:41 AM,2607.1,7,18249.7,496145370.29999965
2025-08-01 09:39:42 AM,2607.0,0,0.0,496145370.29999965
2025-08-01 09:39:43 AM,2607.7,21,54761.7,496200131.99999964
2025-08-01 09:39:44 AM,2605.4,53,138086.2,496338218.19999963
2025-08-01 09:39:45 AM,2606.4,0,0.0,496338218.19999963
2025-08-01 09:39:46 AM,2606.4,68,177235.2,496515453.3999996
2025-08-01 09:39:46 AM,2604.9,0,0.0,496515453.3999996
2025-08-01 09:39:47 AM,2604.9,53,138059.7,496653513.0999996
2025-08-01 09:39:47 AM,2606.4,85,221544.0,496875057.0999996
2025-08-01 09:39:48 AM,2606.4,55,143352.0,497018409.0999996
2025-08-01 09:39:48 AM,2606.3,0,0.0,497018409.0999996
2025-08-01 09:39:49 AM,2606.3,123,320574.9,497338983.9999996
2025-08-01 09:39:52 AM,2607.3,10,26073.0,497365056.9999996
2025-08-01 09:39:53 AM,2606.9,555,1446829.5,498811886.4999996
2025-08-01 09:39:53 AM,2607.0,0,0.0,498811886.4999996
2025-08-01 09:39:54 AM,2607.0,5,13035.0,498824921.4999996
2025-08-01 09:39:54 AM,2605.3,15,39079.5,498864000.9999996
2025-08-01 09:39:55 AM,2606.4,0,0.0,498864000.9999996
2025-08-01 09:39:55 AM,2606.4,250,651600.0,499515600.9999996
2025-08-01 09:39:56 AM,2606.2,267,695855.3999999999,500211456.39999956
2025-08-01 09:39:56 AM,2606.2,43,112066.59999999999,500323522.9999996
2025-08-01 09:39:57 AM,2606.1,0,0.0,500323522.9999996
2025-08-01 09:39:57 AM,2606.1,83,216306.3,500539829.2999996
2025-08-01 09:39:58 AM,2606.5,0,0.0,500539829.2999996
2025-08-01 09:39:58 AM,2606.5,589,1535228.5,502075057.7999996
2025-08-01 09:39:59 AM,2607.1,0,0.0,502075057.7999996
2025-08-01 09:39:59 AM,2607.1,1,2607.1,502077664.8999996
2025-08-01 09:39:59 AM,2605.7,0,0.0,502077664.8999996
2025-08-01 09:39:59 AM,2605.7,189,492477.3,502570142.19999963
2025-08-01 09:40:00 AM,2605.9,167,435185.3,503005327.49999964
2025-08-01 09:40:01 AM,2607.5,40,104300.0,503109627.49999964
2025-08-01 09:40:02 AM,2607.2,100,260719.99999999997,503370347.49999964
2025-08-01 09:40:03 AM,2608.4,0,0.0,503370347.49999964
2025-08-01 09:40:03 AM,2607.5,89,232067.5,503602414.99999964
2025-08-01 09:40:04 AM,2608.3,79,206055.7,503808470.69999963
2025-08-01 09:40:05 AM,2607.5,0,0.0,503808470.69999963
2025-08-01 09:40:05 AM,2607.5,660,1720950.0,505529420.69999963
2025-08-01 09:40:06 AM,2608.4,0,0.0,505529420.69999963
2025-08-01 09:40:06 AM,2608.4,238,620799.2000000001,506150219.8999996
2025-08-01 09:40:06 AM,2607.1,0,0.0,506150219.8999996
2025-08-01 09:40:07 AM,2607.1,25,65177.5,506215397.3999996
2025-08-01 09:40:07 AM,2608.7,10,26087.0,506241484.3999996
2025-08-01 09:40:07 AM,2608.8,0,0.0,506241484.3999996
2025-08-01 09:40:08 AM,2608.8,15,39132.0,506280616.3999996
2025-08-01 09:40:10 AM,2607.4,36,93866.40000000001,506374482.7999996
2025-08-01 09:40:11 AM,2608.5,0,0.0,506374482.7999996
2025-08-01 09:40:12 AM,2608.5,9,23476.5,506397959.2999996
2025-08-01 09:40:14 AM,2608.4,70,182588.0,506580547.2999996
2025-08-01 09:40:15 AM,2606.8,232,604777.6000000001,507185324.8999996
2025-08-01 09:40:17 AM,2607.8,16,41724.8,507227049.69999963
2025-08-01 09:40:17 AM,2607.8,33,86057.40000000001,507313107.0999996
2025-08-01 09:40:24 AM,2608.0,130,339040.0,507652147.0999996
2025-08-01 09:40:24 AM,2607.7,18,46938.6,507699085.69999963
2025-08-01 09:40:25 AM,2607.0,17,44319.0,507743404.69999963
2025-08-01 09:40:26 AM,2607.0,208,542256.0,508285660.69999963
2025-08-01 09:40:26 AM,2607.8,0,0.0,508285660.69999963
2025-08-01 09:40:27 AM,2606.0,323,841738.0,509127398.69999963
2025-08-01 09:40:27 AM,2606.1,286,745344.6,509872743.29999965
2025-08-01 09:40:28 AM,2607.7,0,0.0,509872743.29999965
2025-08-01 09:40:28 AM,2606.0,198,515988.0,510388731.29999965
2025-08-01 09:40:29 AM,2607.8,559,1457760.2000000002,511846491.49999964
2025-08-01 09:40:31 AM,2606.8,0,0.0,511846491.49999964
2025-08-01 09:40:31 AM,2607.8,109,284250.2,512130741.69999963
2025-08-01 09:40:32 AM,2607.8,1,2607.8,512133349.49999964
2025-08-01 09:40:34 AM,2606.3,2,5212.6,512138562.09999967
2025-08-01 09:40:34 AM,2607.4,0,0.0,512138562.09999967
2025-08-01 09:40:35 AM,2607.4,30,78222.0,512216784.09999967
2025-08-01 09:40:38 AM,2605.8,86,224098.80000000002,512440882.8999997
2025-08-01 09:40:39 AM,2606.0,21,54726.0,512495608.8999997
2025-08-01 09:40:40 AM,2605.4,48,125059.20000000001,512620668.09999967
2025-08-01 09:40:41 AM,2605.4,99,257934.6,512878602.6999997
2025-08-01 09:40:42 AM,2605.2,57,148496.4,513027099.09999967
2025-08-01 09:40:43 AM,2605.1,0,0.0,513027099.09999967
2025-08-01 09:40:44 AM,2605.1,19,49496.9,513076595.99999964
2025-08-01 09:40:44 AM,2605.0,0,0.0,513076595.99999964
2025-08-01 09:40:45 AM,2605.0,536,1396280.0,514472875.99999964
2025-08-01 09:40:47 AM,2604.0,0,0.0,514472875.99999964
2025-08-01 09:40:47 AM,2604.0,723,1882692.0,516355567.99999964
2025-08-01 09:40:49 AM,2603.0,26,67678.0,516423245.99999964
2025-08-01 09:40:51 AM,2602.4,18,46843.200000000004,516470089.19999963
2025-08-01 09:40:53 AM,2603.5,10,26035.0,516496124.19999963
2025-08-01 09:40:55 AM,2603.7,228,593643.6,517089767.79999965
2025-08-01 09:40:57 AM,2600.7,27,70218.9,517159986.69999963
2025-08-01 09:40:57 AM,2602.4,0,0.0,517159986.69999963
2025-08-01 09:40:58 AM,2602.4,56,145734.4,517305721.0999996
2025-08-01 09:40:58 AM,2600.7,27,70218.9,517375939.9999996
2025-08-01 09:40:58 AM,2602.1,0,0.0,517375939.9999996
2025-08-01 09:40:59 AM,2602.1,15,39031.5,517414971.4999996
2025-08-01 09:40:59 AM,2599.6,121,314551.6,517729523.0999996
2025-08-01 09:41:01 AM,2601.9,108,281005.2,518010528.2999996
2025-08-01 09:41:02 AM,2599.7,3,7799.099999999999,518018327.3999996
2025-08-01 09:41:05 AM,2600.9,50,130045.0,518148372.3999996
2025-08-01 09:41:09 AM,2598.5,16,41576.0,518189948.3999996
2025-08-01 09:41:09 AM,2598.0,225,584550.0,518774498.3999996
2025-08-01 09:41:09 AM,2599.4,0,0.0,518774498.3999996
2025-08-01 09:41:10 AM,2599.4,31,80581.40000000001,518855079.7999996
2025-08-01 09:41:12 AM,2599.2,102,265118.39999999997,519120198.1999996
2025-08-01 09:41:14 AM,2596.5,146,379089.0,519499287.1999996
2025-08-01 09:41:16 AM,2595.1,0,0.0,519499287.1999996
2025-08-01 09:41:17 AM,2596.7,0,0.0,519499287.1999996
2025-08-01 09:41:17 AM,2596.7,82,212929.4,519712216.59999955
2025-08-01 09:41:17 AM,2596.8,0,0.0,519712216.59999955
2025-08-01 09:41:18 AM,2596.8,5,12984.0,519725200.59999955
2025-08-01 09:41:20 AM,2596.3,1,2596.3,519727796.89999956
2025-08-01 09:41:22 AM,2596.4,0,0.0,519727796.89999956
2025-08-01 09:41:23 AM,2596.4,23,59717.200000000004,519787514.09999955
2025-08-01 09:41:23 AM,2596.4,45,116838.0,519904352.09999955
2025-08-01 09:41:24 AM,2595.2,5,12976.0,519917328.09999955
2025-08-01 09:41:25 AM,2595.0,503,1305285.0,521222613.09999955
2025-08-01 09:41:25 AM,2596.0,0,0.0,521222613.09999955
2025-08-01 09:41:26 AM,2596.0,3,7788.0,521230401.09999955
2025-08-01 09:41:27 AM,2592.7,60,155562.0,521385963.09999955
2025-08-01 09:41:28 AM,2593.2,0,0.0,521385963.09999955
2025-08-01 09:41:29 AM,2594.2,843,2186910.5999999996,523572873.6999996
2025-08-01 09:41:32 AM,2594.2,1,2594.2,523575467.89999956
2025-08-01 09:41:32 AM,2594.3,0,0.0,523575467.89999956
2025-08-01 09:41:33 AM,2594.3,51,132309.30000000002,523707777.1999996
2025-08-01 09:41:35 AM,2594.0,0,0.0,523707777.1999996
2025-08-01 09:41:36 AM,2594.0,3,7782.0,523715559.1999996
2025-08-01 09:41:37 AM,2594.1,50,129705.0,523845264.1999996
2025-08-01 09:41:39 AM,2594.5,106,275017.0,524120281.1999996
2025-08-01 09:41:40 AM,2594.3,375,972862.5000000001,525093143.6999996
2025-08-01 09:41:42 AM,2593.4,100,259340.0,525352483.6999996
2025-08-01 09:41:43 AM,2594.1,3,7782.299999999999,525360265.9999996
2025-08-01 09:41:45 AM,2595.8,0,0.0,525360265.9999996
2025-08-01 09:41:45 AM,2595.8,8,20766.4,525381032.39999956
2025-08-01 09:41:46 AM,2594.1,0,0.0,525381032.39999956
2025-08-01 09:41:47 AM,2594.1,1,2594.1,525383626.4999996
2025-08-01 09:41:49 AM,2595.0,0,0.0,525383626.4999996
2025-08-01 09:41:50 AM,2595.0,25,64875.0,525448501.4999996
2025-08-01 09:41:52 AM,2594.8,35,90818.0,525539319.4999996
2025-08-01 09:41:54 AM,2594.9,50,129745.0,525669064.4999996
2025-08-01 09:41:59 AM,2594.0,2,5188.0,525674252.4999996
2025-08-01 09:41:59 AM,2592.2,0,0.0,525674252.4999996
2025-08-01 09:42:00 AM,2592.2,81,209968.19999999998,525884220.6999996
2025-08-01 09:42:00 AM,2592.0,0,0.0,525884220.6999996
2025-08-01 09:42:01 AM,2592.0,1,2592.0,525886812.6999996
2025-08-01 09:42:02 AM,2589.0,199,515211.0,526402023.6999996
2025-08-01 09:42:03 AM,2588.9,14,36244.6,526438268.2999996
2025-08-01 09:42:03 AM,2587.0,127,328549.0,526766817.2999996
2025-08-01 09:42:05 AM,2588.8,5,12944.0,526779761.2999996
2025-08-01 09:42:08 AM,2587.3,10,25873.0,526805634.2999996
2025-08-01 09:42:09 AM,2588.9,30,77667.0,526883301.2999996
2025-08-01 09:42:09 AM,2585.0,0,0.0,526883301.2999996
2025-08-01 09:42:10 AM,2585.0,133,343805.0,527227106.2999996
2025-08-01 09:42:10 AM,2586.2,0,0.0,527227106.2999996
2025-08-01 09:42:11 AM,2586.2,4,10344.8,527237451.0999996
2025-08-01 09:42:11 AM,2589.0,0,0.0,527237451.0999996
2025-08-01 09:42:12 AM,2589.0,285,737865.0,527975316.0999996
2025-08-01 09:42:18 AM,2588.9,0,0.0,527975316.0999996
2025-08-01 09:42:18 AM,2588.9,1,2588.9,527977904.9999996
2025-08-01 09:42:18 AM,2589.0,0,0.0,527977904.9999996
2025-08-01 09:42:19 AM,2589.0,5,12945.0,527990849.9999996
2025-08-01 09:42:20 AM,2588.0,0,0.0,527990849.9999996
2025-08-01 09:42:20 AM,2588.0,10,25880.0,528016729.9999996
2025-08-01 09:42:21 AM,2589.3,1,2589.3,528019319.2999996
2025-08-01 09:42:25 AM,2589.6,0,0.0,528019319.2999996
2025-08-01 09:42:26 AM,2589.6,10,25896.0,528045215.2999996
2025-08-01 09:42:27 AM,2589.8,1,2589.8,528047805.0999996
2025-08-01 09:42:27 AM,2588.1,0,0.0,528047805.0999996
2025-08-01 09:42:28 AM,2588.1,102,263986.2,528311791.2999996
2025-08-01 09:42:29 AM,2588.9,1,2588.9,528314380.1999996
2025-08-01 09:42:30 AM,2588.0,2,5176.0,528319556.1999996
2025-08-01 09:42:31 AM,2588.4,1,2588.4,528322144.59999955
2025-08-01 09:42:33 AM,2586.8,326,843296.8,529165441.39999956
2025-08-01 09:42:36 AM,2585.0,0,0.0,529165441.39999956
2025-08-01 09:42:36 AM,2586.4,0,0.0,529165441.39999956
2025-08-01 09:42:37 AM,2586.4,172,444860.8,529610302.1999996
2025-08-01 09:42:37 AM,2586.5,0,0.0,529610302.1999996
2025-08-01 09:42:38 AM,2586.5,20,51730.0,529662032.1999996
2025-08-01 09:42:39 AM,2584.2,7,18089.399999999998,529680121.59999955
2025-08-01 09:42:39 AM,2586.2,0,0.0,529680121.59999955
2025-08-01 09:42:40 AM,2586.2,50,129309.99999999999,529809431.59999955
2025-08-01 09:42:41 AM,2586.2,53,137068.59999999998,529946500.1999996
2025-08-01 09:42:42 AM,2586.4,0,0.0,529946500.1999996
2025-08-01 09:42:42 AM,2586.4,55,142252.0,530088752.1999996
2025-08-01 09:42:44 AM,2586.2,51,131896.19999999998,530220648.39999956
2025-08-01 09:42:45 AM,2585.1,1,2585.1,530223233.4999996
2025-08-01 09:42:46 AM,2587.2,12,31046.399999999998,530254279.89999956
2025-08-01 09:42:49 AM,2587.4,0,0.0,530254279.89999956
2025-08-01 09:42:50 AM,2587.4,7,18111.8,530272391.6999996
2025-08-01 09:42:50 AM,2587.5,0,0.0,530272391.6999996
2025-08-01 09:42:51 AM,2587.5,2,5175.0,530277566.6999996
2025-08-01 09:42:55 AM,2589.1,25,64727.5,530342294.1999996
2025-08-01 09:42:56 AM,2588.7,10,25887.0,530368181.1999996
2025-08-01 09:42:56 AM,2588.8,0,0.0,530368181.1999996
2025-08-01 09:42:57 AM,2588.9,20,51778.0,530419959.1999996
2025-08-01 09:43:01 AM,2591.3,0,0.0,530419959.1999996
2025-08-01 09:43:02 AM,2590.0,110,284900.0,530704859.1999996
2025-08-01 09:43:08 AM,2592.0,100,259200.0,530964059.1999996
2025-08-01 09:43:13 AM,2592.0,500,1296000.0,532260059.1999996
2025-08-01 09:43:16 AM,2591.5,36,93294.0,532353353.1999996
2025-08-01 09:43:17 AM,2589.0,59,152751.0,532506104.1999996
2025-08-01 09:43:18 AM,2588.0,0,0.0,532506104.1999996
2025-08-01 09:43:18 AM,2588.0,20,51760.0,532557864.1999996
2025-08-01 09:43:21 AM,2589.7,0,0.0,532557864.1999996
2025-08-01 09:43:21 AM,2589.7,1,2589.7,532560453.89999956
2025-08-01 09:43:25 AM,2588.0,15,38820.0,532599273.89999956
2025-08-01 09:43:26 AM,2589.7,5,12948.5,532612222.39999956
2025-08-01 09:43:27 AM,2589.6,96,248601.59999999998,532860823.9999996
2025-08-01 09:43:28 AM,2591.0,9,23319.0,532884142.9999996
2025-08-01 09:43:31 AM,2589.9,0,0.0,532884142.9999996
2025-08-01 09:43:31 AM,2589.9,4,10359.6,532894502.5999996
2025-08-01 09:43:35 AM,2591.7,60,155502.0,533050004.5999996
2025-08-01 09:43:38 AM,2591.7,5,12958.5,533062963.0999996
2025-08-01 09:43:38 AM,2591.7,42,108851.4,533171814.4999996
2025-08-01 09:43:39 AM,2592.4,5,12962.0,533184776.4999996
2025-08-01 09:43:39 AM,2591.6,431,1116979.5999999999,534301756.0999996
2025-08-01 09:43:44 AM,2589.9,2,5179.8,534306935.8999996
2025-08-01 09:43:54 AM,2590.5,3,7771.5,534314707.3999996
2025-08-01 09:43:56 AM,2589.5,694,1797113.0,536111820.3999996
2025-08-01 09:43:59 AM,2592.1,1,2592.1,536114412.49999964
2025-08-01 09:43:59 AM,2592.4,0,0.0,536114412.49999964
2025-08-01 09:44:00 AM,2592.4,3,7777.200000000001,536122189.69999963
2025-08-01 09:44:00 AM,2593.2,8,20745.6,536142935.29999965
2025-08-01 09:44:02 AM,2594.0,4,10376.0,536153311.29999965
2025-08-01 09:44:03 AM,2592.2,10,25922.0,536179233.29999965
2025-08-01 09:44:04 AM,2592.0,2,5184.0,536184417.29999965
2025-08-01 09:44:04 AM,2593.0,189,490077.0,536674494.29999965
2025-08-01 09:44:09 AM,2592.7,1,2592.7,536677086.99999964
2025-08-01 09:44:09 AM,2590.9,1,2590.9,536679677.8999996
2025-08-01 09:44:11 AM,2592.5,65,168512.5,536848190.3999996
2025-08-01 09:44:14 AM,2592.3,3,7776.900000000001,536855967.2999996
2025-08-01 09:44:15 AM,2592.5,1,2592.5,536858559.7999996
2025-08-01 09:44:19 AM,2592.2,1,2592.2,536861151.9999996
2025-08-01 09:44:24 AM,2592.0,2,5184.0,536866335.9999996
2025-08-01 09:44:28 AM,2591.8,0,0.0,536866335.9999996
2025-08-01 09:44:28 AM,2591.8,68,176242.40000000002,537042578.3999996
2025-08-01 09:44:28 AM,2592.0,0,0.0,537042578.3999996
2025-08-01 09:44:29 AM,2592.0,200,518400.0,537560978.3999996
2025-08-01 09:44:29 AM,2591.8,2,5183.6,537566161.9999996
2025-08-01 09:44:30 AM,2592.1,72,186631.19999999998,537752793.1999997
2025-08-01 09:44:31 AM,2592.0,0,0.0,537752793.1999997
2025-08-01 09:44:31 AM,2592.0,31,80352.0,537833145.1999997
2025-08-01 09:44:31 AM,2591.8,131,339525.80000000005,538172670.9999996
2025-08-01 09:44:34 AM,2591.5,21,54421.5,538227092.4999996
2025-08-01 09:44:35 AM,2591.5,2,5183.0,538232275.4999996
2025-08-01 09:44:39 AM,2591.9,0,0.0,538232275.4999996
2025-08-01 09:44:40 AM,2591.9,1,2591.9,538234867.3999996
2025-08-01 09:44:43 AM,2589.2,74,191600.8,538426468.1999996
2025-08-01 09:44:44 AM,2590.9,0,0.0,538426468.1999996
2025-08-01 09:44:45 AM,2590.9,3,7772.700000000001,538434240.8999996
2025-08-01 09:44:48 AM,2589.1,0,0.0,538434240.8999996
2025-08-01 09:44:49 AM,2589.1,5,12945.5,538447186.3999996
2025-08-01 09:44:52 AM,2591.1,31,80324.09999999999,538527510.4999996
2025-08-01 09:44:53 AM,2590.0,150,388500.0,538916010.4999996
2025-08-01 09:44:53 AM,2591.8,31,80345.8,538996356.2999996
2025-08-01 09:44:54 AM,2591.1,2,5182.2,539001538.4999996
2025-08-01 09:44:58 AM,2591.4,46,119204.40000000001,539120742.8999996
2025-08-01 09:44:59 AM,2592.0,2,5184.0,539125926.8999996
2025-08-01 09:45:00 AM,2590.6,50,129530.0,539255456.8999996
2025-08-01 09:45:04 AM,2591.8,1,2591.8,539258048.6999996
2025-08-01 09:45:05 AM,2591.8,2,5183.6,539263232.2999996
2025-08-01 09:45:05 AM,2591.0,1,2591.0,539265823.2999996
2025-08-01 09:45:08 AM,2590.1,31,80293.09999999999,539346116.3999996
2025-08-01 09:45:09 AM,2590.1,1,2590.1,539348706.4999996
2025-08-01 09:45:10 AM,2588.7,0,0.0,539348706.4999996
2025-08-01 09:45:11 AM,2588.7,250,647175.0,539995881.4999996
2025-08-01 09:45:12 AM,2588.6,100,258860.0,540254741.4999996
2025-08-01 09:45:13 AM,2590.1,1,2590.1,540257331.5999997
2025-08-01 09:45:13 AM,2590.1,1,2590.1,540259921.6999997
2025-08-01 09:45:14 AM,2590.0,3,7770.0,540267691.6999997
2025-08-01 09:45:16 AM,2588.6,39,100955.4,540368647.0999997
2025-08-01 09:45:19 AM,2589.9,79,204602.1,540573249.1999997
2025-08-01 09:45:20 AM,2589.9,52,134674.80000000002,540707923.9999996
2025-08-01 09:45:22 AM,2590.0,0,0.0,540707923.9999996
2025-08-01 09:45:23 AM,2590.1,175,453267.5,541161191.4999996
2025-08-01 09:45:24 AM,2590.6,2,5181.2,541166372.6999997
2025-08-01 09:45:25 AM,2590.1,16,41441.6,541207814.2999997
2025-08-01 09:45:28 AM,2591.0,51,132141.0,541339955.2999997
2025-08-01 09:45:29 AM,2591.4,0,0.0,541339955.2999997
2025-08-01 09:45:29 AM,2591.4,2,5182.8,541345138.0999997
2025-08-01 09:45:32 AM,2591.4,79,204720.6,541549858.6999997
2025-08-01 09:45:32 AM,2591.5,3,7774.5,541557633.1999997
2025-08-01 09:45:34 AM,2592.2,2,5184.4,541562817.5999997
2025-08-01 09:45:34 AM,2590.7,0,0.0,541562817.5999997
2025-08-01 09:45:35 AM,2590.7,78,202074.59999999998,541764892.1999997
2025-08-01 09:45:38 AM,2591.4,0,0.0,541764892.1999997
2025-08-01 09:45:39 AM,2591.4,163,422398.2,542187290.3999997
2025-08-01 09:45:39 AM,2592.4,1,2592.4,542189882.7999997
2025-08-01 09:45:44 AM,2590.8,23,59588.4,542249471.1999997
2025-08-01 09:45:49 AM,2591.9,1,2591.9,542252063.0999997
2025-08-01 09:45:54 AM,2592.9,0,0.0,542252063.0999997
2025-08-01 09:45:55 AM,2592.9,2,5185.8,542257248.8999996
2025-08-01 09:45:58 AM,2590.8,0,0.0,542257248.8999996
2025-08-01 09:45:59 AM,2590.8,26,67360.8,542324609.6999996
2025-08-01 09:45:59 AM,2592.5,2,5185.0,542329794.6999996
2025-08-01 09:46:00 AM,2592.5,8,20740.0,542350534.6999996
2025-08-01 09:46:03 AM,2591.8,25,64795.00000000001,542415329.6999996
2025-08-01 09:46:04 AM,2591.8,22,57019.600000000006,542472349.2999996
2025-08-01 09:46:07 AM,2591.0,10,25910.0,542498259.2999996
2025-08-01 09:46:07 AM,2591.5,6,15549.0,542513808.2999996
2025-08-01 09:46:09 AM,2591.3,1,2591.3,542516399.5999995
2025-08-01 09:46:10 AM,2592.9,174,451164.60000000003,542967564.1999996
2025-08-01 09:46:11 AM,2591.4,10,25914.0,542993478.1999996
2025-08-01 09:46:14 AM,2592.8,3,7778.400000000001,543001256.5999995
2025-08-01 09:46:17 AM,2592.7,0,0.0,543001256.5999995
2025-08-01 09:46:18 AM,2592.7,25,64817.49999999999,543066074.0999995
2025-08-01 09:46:19 AM,2592.7,1,2592.7,543068666.7999996
2025-08-01 09:46:22 AM,2590.2,0,0.0,543068666.7999996
2025-08-01 09:46:23 AM,2590.2,100,259019.99999999997,543327686.7999996
2025-08-01 09:46:26 AM,2591.1,11,28502.1,543356188.8999996
2025-08-01 09:46:27 AM,2592.6,0,0.0,543356188.8999996
2025-08-01 09:46:28 AM,2592.6,17,44074.2,543400263.0999997
