date,price,qty,trnvr,cum_trnvr
2025-08-01 09:15:02 AM,227.0,3697,839219.0,839219.0
2025-08-01 09:15:03 AM,226.69,0,0.0,839219.0
2025-08-01 09:15:04 AM,226.69,44,9974.36,849193.36
2025-08-01 09:15:12 AM,227.0,0,0.0,849193.36
2025-08-01 09:15:14 AM,227.0,2675,607225.0,1456418.3599999999
2025-08-01 09:15:16 AM,227.01,5644,1281244.44,2737662.8
2025-08-01 09:15:21 AM,227.27,0,0.0,2737662.8
2025-08-01 09:15:23 AM,226.11,0,0.0,2737662.8
2025-08-01 09:15:24 AM,226.11,12332,2788388.52,5526051.32
2025-08-01 09:15:26 AM,226.72,3,680.16,5526731.48
2025-08-01 09:15:28 AM,225.76,0,0.0,5526731.48
2025-08-01 09:15:32 AM,225.88,0,0.0,5526731.48
2025-08-01 09:15:33 AM,225.87,5113,1154873.31,6681604.790000001
2025-08-01 09:15:36 AM,225.82,0,0.0,6681604.790000001
2025-08-01 09:15:41 AM,225.74,728,164338.72,6845943.510000001
2025-08-01 09:15:48 AM,225.85,0,0.0,6845943.510000001
2025-08-01 09:15:50 AM,225.84,1104,249327.36000000002,7095270.870000001
2025-08-01 09:15:56 AM,225.48,0,0.0,7095270.870000001
2025-08-01 09:15:58 AM,225.8,7437,1679274.6,8774545.47
2025-08-01 09:16:02 AM,224.73,0,0.0,8774545.47
2025-08-01 09:16:05 AM,224.5,0,0.0,8774545.47
2025-08-01 09:16:06 AM,224.5,7983,1792183.5,10566728.97
2025-08-01 09:16:08 AM,224.52,250,56130.0,10622858.97
2025-08-01 09:16:10 AM,223.99,0,0.0,10622858.97
2025-08-01 09:16:14 AM,224.0,1157,259168.0,10882026.97
2025-08-01 09:16:16 AM,224.03,300,67209.0,10949235.97
2025-08-01 09:16:16 AM,224.0,0,0.0,10949235.97
2025-08-01 09:16:22 AM,224.0,267,59808.0,11009043.97
2025-08-01 09:16:24 AM,224.0,510,114240.0,11123283.97
2025-08-01 09:16:29 AM,224.15,0,0.0,11123283.97
2025-08-01 09:16:31 AM,224.15,200,44830.0,11168113.97
2025-08-01 09:16:32 AM,223.82,180,40287.6,11208401.57
2025-08-01 09:16:37 AM,224.24,0,0.0,11208401.57
2025-08-01 09:16:39 AM,224.5,797,178926.5,11387328.07
2025-08-01 09:16:40 AM,224.7,251,56399.7,11443727.77
2025-08-01 09:16:49 AM,224.93,25,5623.25,11449351.02
2025-08-01 09:16:55 AM,224.91,40,8996.4,11458347.42
2025-08-01 09:17:03 AM,224.94,795,178827.3,11637174.72
2025-08-01 09:17:05 AM,224.58,2003,449833.74000000005,12087008.46
2025-08-01 09:17:12 AM,225.07,1601,360337.07,12447345.530000001
2025-08-01 09:17:13 AM,225.58,230,51883.4,12499228.930000002
2025-08-01 09:17:15 AM,225.95,0,0.0,12499228.930000002
2025-08-01 09:17:17 AM,225.67,0,0.0,12499228.930000002
2025-08-01 09:17:20 AM,225.59,11181,2522321.79,15021550.720000003
2025-08-01 09:17:28 AM,225.86,65,14680.900000000001,15036231.620000003
2025-08-01 09:17:37 AM,225.87,272,61436.64,15097668.260000004
2025-08-01 09:17:37 AM,225.63,19,4286.97,15101955.230000004
2025-08-01 09:17:41 AM,225.9,0,0.0,15101955.230000004
2025-08-01 09:17:45 AM,225.64,951,214583.63999999998,15316538.870000005
2025-08-01 09:17:49 AM,225.83,0,0.0,15316538.870000005
2025-08-01 09:17:53 AM,225.82,141,31840.62,15348379.490000004
2025-08-01 09:17:57 AM,225.8,0,0.0,15348379.490000004
2025-08-01 09:17:59 AM,225.68,0,0.0,15348379.490000004
2025-08-01 09:18:01 AM,225.68,10,2256.8,15350636.290000005
2025-08-01 09:18:02 AM,226.0,204,46104.0,15396740.290000005
2025-08-01 09:18:05 AM,226.02,0,0.0,15396740.290000005
2025-08-01 09:18:10 AM,226.02,307,69388.14,15466128.430000005
2025-08-01 09:18:11 AM,225.79,25,5644.75,15471773.180000005
2025-08-01 09:18:21 AM,226.12,0,0.0,15471773.180000005
2025-08-01 09:18:23 AM,226.19,0,0.0,15471773.180000005
2025-08-01 09:18:26 AM,226.4,939,212589.6,15684362.780000005
2025-08-01 09:18:29 AM,226.46,0,0.0,15684362.780000005
2025-08-01 09:18:31 AM,225.83,0,0.0,15684362.780000005
2025-08-01 09:18:34 AM,226.13,843,190627.59,15874990.370000005
2025-08-01 09:18:43 AM,226.05,644,145576.2,16020566.570000004
2025-08-01 09:18:45 AM,226.22,0,0.0,16020566.570000004
2025-08-01 09:18:51 AM,226.39,56,12677.84,16033244.410000004
2025-08-01 09:18:59 AM,226.43,215,48682.450000000004,16081926.860000003
2025-08-01 09:19:00 AM,225.91,365,82457.15,16164384.010000004
2025-08-01 09:19:01 AM,226.12,0,0.0,16164384.010000004
2025-08-01 09:19:07 AM,226.24,245,55428.8,16219812.810000004
2025-08-01 09:19:11 AM,226.17,0,0.0,16219812.810000004
2025-08-01 09:19:15 AM,226.17,70,15831.9,16235644.710000005
2025-08-01 09:19:17 AM,226.44,0,0.0,16235644.710000005
2025-08-01 09:19:23 AM,226.44,250,56610.0,16292254.710000005
2025-08-01 09:19:26 AM,226.52,0,0.0,16292254.710000005
2025-08-01 09:19:31 AM,226.17,452,102228.84,16394483.550000004
2025-08-01 09:19:33 AM,226.3,258,58385.4,16452868.950000005
2025-08-01 09:19:34 AM,226.29,0,0.0,16452868.950000005
2025-08-01 09:19:39 AM,225.96,260,58749.6,16511618.550000004
2025-08-01 09:19:41 AM,226.23,169,38232.869999999995,16549851.420000004
2025-08-01 09:19:47 AM,226.17,255,57673.35,16607524.770000003
2025-08-01 09:19:55 AM,226.43,400,90572.0,16698096.770000003
2025-08-01 09:19:57 AM,226.43,4,905.72,16699002.490000004
2025-08-01 09:20:03 AM,226.43,20,4528.6,16703531.090000004
2025-08-01 09:20:13 AM,226.0,2118,478668.0,17182199.090000004
2025-08-01 09:20:17 AM,226.04,0,0.0,17182199.090000004
2025-08-01 09:20:19 AM,226.19,93,21035.67,17203234.760000005
2025-08-01 09:20:21 AM,225.89,2534,572405.26,17775640.020000007
2025-08-01 09:20:27 AM,225.99,52,11751.48,17787391.500000007
2025-08-01 09:20:29 AM,226.01,100,22601.0,17809992.500000007
2025-08-01 09:20:42 AM,225.83,0,0.0,17809992.500000007
2025-08-01 09:20:43 AM,225.83,29,6549.070000000001,17816541.570000008
2025-08-01 09:20:44 AM,225.83,105,23712.15,17840253.720000006
2025-08-01 09:20:51 AM,225.82,520,117426.4,17957680.120000005
2025-08-01 09:20:56 AM,225.86,0,0.0,17957680.120000005
2025-08-01 09:20:58 AM,225.86,1205,272161.3,18229841.420000006
2025-08-01 09:21:03 AM,225.7,0,0.0,18229841.420000006
2025-08-01 09:21:06 AM,225.7,444,100210.79999999999,18330052.220000006
2025-08-01 09:21:07 AM,225.72,250,56430.0,18386482.220000006
2025-08-01 09:21:10 AM,225.37,0,0.0,18386482.220000006
2025-08-01 09:21:14 AM,225.37,230,51835.1,18438317.320000008
2025-08-01 09:21:16 AM,225.8,0,0.0,18438317.320000008
2025-08-01 09:21:22 AM,225.8,1000,225800.0,18664117.320000008
2025-08-01 09:21:36 AM,225.72,0,0.0,18664117.320000008
2025-08-01 09:21:37 AM,225.72,225,50787.0,18714904.320000008
2025-08-01 09:21:38 AM,225.73,1,225.73,18715130.05000001
2025-08-01 09:21:45 AM,225.73,40,9029.199999999999,18724159.250000007
2025-08-01 09:21:51 AM,225.7,0,0.0,18724159.250000007
2025-08-01 09:21:53 AM,225.7,104,23472.8,18747632.05000001
2025-08-01 09:21:56 AM,225.51,0,0.0,18747632.05000001
2025-08-01 09:21:59 AM,225.36,0,0.0,18747632.05000001
2025-08-01 09:22:00 AM,225.38,2143,482989.33999999997,19230621.390000008
2025-08-01 09:22:08 AM,225.21,100,22521.0,19253142.390000008
2025-08-01 09:22:15 AM,225.41,14,3155.74,19256298.130000006
2025-08-01 09:22:23 AM,225.41,40,9016.4,19265314.530000005
2025-08-01 09:22:24 AM,225.41,200,45082.0,19310396.530000005
2025-08-01 09:22:27 AM,225.1,0,0.0,19310396.530000005
2025-08-01 09:22:31 AM,225.25,906,204076.5,19514473.030000005
2025-08-01 09:22:39 AM,225.21,0,0.0,19514473.030000005
2025-08-01 09:22:40 AM,225.21,1,225.21,19514698.240000006
2025-08-01 09:22:45 AM,225.15,0,0.0,19514698.240000006
2025-08-01 09:22:46 AM,225.2,55,12386.0,19527084.240000006
2025-08-01 09:22:47 AM,225.2,29,6530.799999999999,19533615.040000007
2025-08-01 09:22:51 AM,225.0,0,0.0,19533615.040000007
2025-08-01 09:22:53 AM,225.0,44,9900.0,19543515.040000007
2025-08-01 09:22:58 AM,224.83,0,0.0,19543515.040000007
2025-08-01 09:23:01 AM,224.83,2663,598722.29,20142237.330000006
2025-08-01 09:23:05 AM,224.79,0,0.0,20142237.330000006
2025-08-01 09:23:09 AM,224.9,238,53526.200000000004,20195763.530000005
2025-08-01 09:23:10 AM,224.9,8,1799.2,20197562.730000004
2025-08-01 09:23:12 AM,225.06,0,0.0,20197562.730000004
2025-08-01 09:23:16 AM,224.7,628,141111.6,20338674.330000006
2025-08-01 09:23:24 AM,224.54,1594,357916.76,20696591.090000007
2025-08-01 09:23:25 AM,224.68,0,0.0,20696591.090000007
2025-08-01 09:23:26 AM,224.68,501,112564.68000000001,20809155.770000007
2025-08-01 09:23:33 AM,224.63,15,3369.45,20812525.220000006
2025-08-01 09:23:39 AM,224.63,10,2246.3,20814771.520000007
2025-08-01 09:23:41 AM,224.37,75,16827.75,20831599.270000007
2025-08-01 09:23:45 AM,224.28,0,0.0,20831599.270000007
2025-08-01 09:23:47 AM,224.39,24,5385.36,20836984.630000006
2025-08-01 09:23:48 AM,224.4,10,2244.0,20839228.630000006
2025-08-01 09:23:51 AM,224.46,0,0.0,20839228.630000006
2025-08-01 09:23:54 AM,224.46,60,13467.6,20852696.230000008
2025-08-01 09:24:04 AM,224.4,30,6732.0,20859428.230000008
2025-08-01 09:24:04 AM,224.02,0,0.0,20859428.230000008
2025-08-01 09:24:10 AM,224.02,1000,224020.0,21083448.230000008
2025-08-01 09:24:11 AM,224.29,15,3364.35,21086812.58000001
2025-08-01 09:24:17 AM,224.29,10,2242.9,21089055.480000008
2025-08-01 09:24:25 AM,224.29,10,2242.9,21091298.380000006
2025-08-01 09:24:30 AM,224.35,0,0.0,21091298.380000006
2025-08-01 09:24:33 AM,224.37,973,218312.01,21309610.390000008
2025-08-01 09:24:36 AM,224.33,0,0.0,21309610.390000008
2025-08-01 09:24:40 AM,224.46,70,15712.2,21325322.590000007
2025-08-01 09:24:42 AM,224.31,100,22431.0,21347753.590000007
2025-08-01 09:24:42 AM,224.54,0,0.0,21347753.590000007
2025-08-01 09:24:48 AM,224.3,400,89720.0,21437473.590000007
2025-08-01 09:24:49 AM,224.51,1,224.51,21437698.10000001
2025-08-01 09:24:55 AM,224.51,1,224.51,21437922.61000001
2025-08-01 09:25:02 AM,224.52,2,449.04,21438371.65000001
2025-08-01 09:25:10 AM,224.5,30,6735.0,21445106.65000001
2025-08-01 09:25:20 AM,224.52,1,224.52,21445331.17000001
2025-08-01 09:25:25 AM,224.52,1,224.52,21445555.69000001
2025-08-01 09:25:28 AM,224.51,0,0.0,21445555.69000001
2025-08-01 09:25:32 AM,224.52,16,3592.32,21449148.01000001
2025-08-01 09:25:39 AM,224.53,0,0.0,21449148.01000001
2025-08-01 09:25:40 AM,224.53,198,44456.94,21493604.95000001
2025-08-01 09:25:42 AM,224.5,244,54778.0,21548382.95000001
2025-08-01 09:25:45 AM,224.52,0,0.0,21548382.95000001
2025-08-01 09:25:47 AM,224.67,512,115031.04,21663413.99000001
2025-08-01 09:25:55 AM,224.68,1,224.68,21663638.67000001
2025-08-01 09:26:02 AM,224.72,0,0.0,21663638.67000001
2025-08-01 09:26:03 AM,224.72,10,2247.2,21665885.87000001
2025-08-01 09:26:09 AM,224.67,0,0.0,21665885.87000001
2025-08-01 09:26:10 AM,224.67,115,25837.05,21691722.92000001
2025-08-01 09:26:16 AM,224.52,0,0.0,21691722.92000001
2025-08-01 09:26:18 AM,224.52,100,22452.0,21714174.92000001
2025-08-01 09:26:20 AM,224.5,283,63533.5,21777708.42000001
2025-08-01 09:26:22 AM,224.68,0,0.0,21777708.42000001
2025-08-01 09:26:26 AM,224.68,121,27186.280000000002,21804894.70000001
2025-08-01 09:26:28 AM,224.79,0,0.0,21804894.70000001
2025-08-01 09:26:33 AM,224.79,259,58220.61,21863115.31000001
2025-08-01 09:26:49 AM,225.05,552,124227.6,21987342.91000001
2025-08-01 09:26:52 AM,225.28,0,0.0,21987342.91000001
2025-08-01 09:26:55 AM,225.05,0,0.0,21987342.91000001
2025-08-01 09:26:56 AM,225.05,12,2700.6000000000004,21990043.510000013
2025-08-01 09:27:01 AM,225.32,0,0.0,21990043.510000013
2025-08-01 09:27:04 AM,225.32,34,7660.88,21997704.39000001
2025-08-01 09:27:05 AM,225.4,3,676.2,21998380.59000001
2025-08-01 09:27:11 AM,225.4,10,2254.0,22000634.59000001
2025-08-01 09:27:27 AM,225.48,603,135964.44,22136599.030000012
2025-08-01 09:27:37 AM,225.46,0,0.0,22136599.030000012
2025-08-01 09:27:41 AM,225.46,203,45768.380000000005,22182367.41000001
2025-08-01 09:27:48 AM,225.45,100,22545.0,22204912.41000001
2025-08-01 09:27:56 AM,225.32,160,36051.2,22240963.61000001
2025-08-01 09:27:57 AM,225.42,0,0.0,22240963.61000001
2025-08-01 09:27:58 AM,225.42,1000,225420.0,22466383.61000001
2025-08-01 09:28:03 AM,225.38,0,0.0,22466383.61000001
2025-08-01 09:28:04 AM,225.38,14,3155.3199999999997,22469538.93000001
2025-08-01 09:28:09 AM,225.0,0,0.0,22469538.93000001
2025-08-01 09:28:12 AM,225.0,520,117000.0,22586538.93000001
2025-08-01 09:28:15 AM,225.03,0,0.0,22586538.93000001
2025-08-01 09:28:19 AM,225.03,1,225.03,22586763.960000012
2025-08-01 09:28:22 AM,225.04,0,0.0,22586763.960000012
2025-08-01 09:28:22 AM,224.9,0,0.0,22586763.960000012
2025-08-01 09:28:27 AM,224.9,415,93333.5,22680097.460000012
2025-08-01 09:28:32 AM,225.03,0,0.0,22680097.460000012
2025-08-01 09:28:35 AM,225.06,697,156866.82,22836964.280000012
2025-08-01 09:28:42 AM,225.03,163,36679.89,22873644.170000013
2025-08-01 09:28:50 AM,225.03,76,17102.28,22890746.450000014
2025-08-01 09:28:53 AM,225.18,0,0.0,22890746.450000014
2025-08-01 09:28:57 AM,225.18,12,2702.16,22893448.610000014
2025-08-01 09:28:59 AM,225.18,2,450.36,22893898.970000014
2025-08-01 09:29:05 AM,225.18,2,450.36,22894349.330000013
2025-08-01 09:29:11 AM,225.03,0,0.0,22894349.330000013
2025-08-01 09:29:13 AM,225.03,50,11251.5,22905600.830000013
2025-08-01 09:29:17 AM,224.97,0,0.0,22905600.830000013
2025-08-01 09:29:17 AM,224.9,0,0.0,22905600.830000013
2025-08-01 09:29:20 AM,225.02,476,107109.52,23012710.350000013
2025-08-01 09:29:36 AM,225.25,1470,331117.5,23343827.850000013
2025-08-01 09:29:43 AM,225.25,1189,267822.25,23611650.100000013
2025-08-01 09:29:44 AM,225.25,25,5631.25,23617281.350000013
2025-08-01 09:29:58 AM,225.25,38,8559.5,23625840.850000013
2025-08-01 09:30:03 AM,225.38,0,0.0,23625840.850000013
2025-08-01 09:30:05 AM,225.38,13,2929.94,23628770.790000014
2025-08-01 09:30:11 AM,224.9,0,0.0,23628770.790000014
2025-08-01 09:30:13 AM,225.03,2665,599704.95,24228475.740000013
2025-08-01 09:30:18 AM,224.9,0,0.0,24228475.740000013
2025-08-01 09:30:21 AM,224.7,6359,1428867.2999999998,25657343.040000014
2025-08-01 09:30:21 AM,224.83,4,899.32,25658242.360000014
2025-08-01 09:30:25 AM,224.3,0,0.0,25658242.360000014
2025-08-01 09:30:28 AM,224.3,692,155215.6,25813457.960000016
2025-08-01 09:30:29 AM,224.14,694,155553.16,25969011.120000016
2025-08-01 09:30:35 AM,224.4,665,149226.0,26118237.120000016
2025-08-01 09:30:43 AM,224.38,25,5609.5,26123846.620000016
2025-08-01 09:30:52 AM,224.23,0,0.0,26123846.620000016
2025-08-01 09:30:55 AM,224.1,0,0.0,26123846.620000016
2025-08-01 09:30:57 AM,224.29,175,39250.75,26163097.370000016
2025-08-01 09:31:01 AM,224.37,0,0.0,26163097.370000016
2025-08-01 09:31:03 AM,224.38,0,0.0,26163097.370000016
2025-08-01 09:31:05 AM,224.38,178,39939.64,26203037.010000017
2025-08-01 09:31:07 AM,224.35,0,0.0,26203037.010000017
2025-08-01 09:31:09 AM,224.33,0,0.0,26203037.010000017
2025-08-01 09:31:12 AM,224.33,1291,289610.03,26492647.040000018
2025-08-01 09:31:19 AM,224.44,0,0.0,26492647.040000018
2025-08-01 09:31:20 AM,224.44,1158,259901.52,26752548.560000017
2025-08-01 09:31:25 AM,224.67,0,0.0,26752548.560000017
2025-08-01 09:31:27 AM,224.44,218,48927.92,26801476.48000002
2025-08-01 09:31:55 AM,224.44,25,5611.0,26807087.48000002
2025-08-01 09:32:02 AM,224.33,500,112165.0,26919252.48000002
2025-08-01 09:32:09 AM,224.36,65,14583.400000000001,26933835.880000018
2025-08-01 09:32:16 AM,224.64,366,82218.23999999999,27016054.120000016
2025-08-01 09:32:23 AM,224.49,19,4265.31,27020319.430000015
2025-08-01 09:32:29 AM,224.63,0,0.0,27020319.430000015
2025-08-01 09:32:30 AM,224.63,1,224.63,27020544.060000014
2025-08-01 09:32:37 AM,224.65,6,1347.9,27021891.960000012
2025-08-01 09:33:16 AM,224.53,0,0.0,27021891.960000012
2025-08-01 09:33:18 AM,224.53,1,224.53,27022116.490000013
2025-08-01 09:33:25 AM,224.6,15,3369.0,27025485.490000013
2025-08-01 09:33:31 AM,224.73,0,0.0,27025485.490000013
2025-08-01 09:33:32 AM,224.73,100,22473.0,27047958.490000013
2025-08-01 09:33:39 AM,224.73,60,13483.8,27061442.290000014
2025-08-01 09:33:46 AM,224.78,10,2247.8,27063690.090000015
2025-08-01 09:33:49 AM,224.98,0,0.0,27063690.090000015
2025-08-01 09:33:53 AM,225.0,1115,250875.0,27314565.090000015
2025-08-01 09:34:11 AM,225.41,0,0.0,27314565.090000015
2025-08-01 09:34:14 AM,225.21,305,68689.05,27383254.140000015
2025-08-01 09:34:16 AM,225.35,0,0.0,27383254.140000015
2025-08-01 09:34:21 AM,225.35,425,95773.75,27479027.890000015
2025-08-01 09:34:31 AM,225.2,0,0.0,27479027.890000015
2025-08-01 09:34:35 AM,225.2,7,1576.3999999999999,27480604.290000014
2025-08-01 09:34:36 AM,225.13,0,0.0,27480604.290000014
2025-08-01 09:34:42 AM,225.2,135,30402.0,27511006.290000014
2025-08-01 09:34:46 AM,225.21,0,0.0,27511006.290000014
2025-08-01 09:34:49 AM,225.21,6,1351.26,27512357.550000016
2025-08-01 09:34:56 AM,225.28,10,2252.8,27514610.350000016
2025-08-01 09:34:56 AM,225.32,100,22532.0,27537142.350000016
2025-08-01 09:35:10 AM,225.32,4,901.28,27538043.630000018
2025-08-01 09:35:24 AM,225.21,19,4278.99,27542322.620000016
2025-08-01 09:35:31 AM,225.21,48,10810.08,27553132.700000014
2025-08-01 09:35:36 AM,225.17,0,0.0,27553132.700000014
2025-08-01 09:35:38 AM,225.17,5,1125.85,27554258.550000016
2025-08-01 09:35:41 AM,225.14,0,0.0,27554258.550000016
2025-08-01 09:35:45 AM,225.14,158,35572.119999999995,27589830.670000017
2025-08-01 09:35:46 AM,224.91,0,0.0,27589830.670000017
2025-08-01 09:35:51 AM,224.84,0,0.0,27589830.670000017
2025-08-01 09:35:51 AM,224.84,271,60931.64,27650762.310000017
2025-08-01 09:35:56 AM,224.96,0,0.0,27650762.310000017
2025-08-01 09:35:58 AM,224.96,500,112480.0,27763242.310000017
2025-08-01 09:36:20 AM,224.94,0,0.0,27763242.310000017
2025-08-01 09:36:25 AM,224.94,59,13271.46,27776513.77000002
2025-08-01 09:36:28 AM,224.97,0,0.0,27776513.77000002
2025-08-01 09:36:31 AM,224.97,43,9673.71,27786187.48000002
2025-08-01 09:36:40 AM,224.94,0,0.0,27786187.48000002
2025-08-01 09:36:44 AM,224.94,11,2474.34,27788661.82000002
2025-08-01 09:36:50 AM,225.01,750,168757.5,27957419.32000002
2025-08-01 09:36:56 AM,225.02,0,0.0,27957419.32000002
2025-08-01 09:36:57 AM,225.02,151,33978.020000000004,27991397.34000002
2025-08-01 09:37:00 AM,225.07,0,0.0,27991397.34000002
2025-08-01 09:37:04 AM,225.07,48,10803.36,28002200.700000018
2025-08-01 09:37:10 AM,225.21,0,0.0,28002200.700000018
2025-08-01 09:37:11 AM,225.21,50,11260.5,28013461.200000018
2025-08-01 09:37:18 AM,225.47,1660,374280.2,28387741.400000017
2025-08-01 09:37:25 AM,225.44,764,172236.16,28559977.560000017
2025-08-01 09:37:29 AM,225.38,0,0.0,28559977.560000017
2025-08-01 09:37:32 AM,225.34,196,44166.64,28604144.200000018
2025-08-01 09:37:35 AM,225.14,0,0.0,28604144.200000018
2025-08-01 09:37:38 AM,225.45,0,0.0,28604144.200000018
2025-08-01 09:37:38 AM,225.14,0,0.0,28604144.200000018
2025-08-01 09:37:39 AM,225.14,2638,593919.32,29198063.52000002
2025-08-01 09:37:45 AM,225.31,1,225.31,29198288.830000017
2025-08-01 09:37:54 AM,225.15,0,0.0,29198288.830000017
2025-08-01 09:37:59 AM,225.22,21,4729.62,29203018.450000018
2025-08-01 09:38:04 AM,225.0,0,0.0,29203018.450000018
2025-08-01 09:38:05 AM,225.0,2158,485550.0,29688568.450000018
2025-08-01 09:38:10 AM,225.14,0,0.0,29688568.450000018
2025-08-01 09:38:12 AM,225.14,256,57635.84,29746204.290000018
2025-08-01 09:38:16 AM,225.1,0,0.0,29746204.290000018
2025-08-01 09:38:19 AM,225.1,140,31514.0,29777718.290000018
2025-08-01 09:38:26 AM,225.09,250,56272.5,29833990.790000018
2025-08-01 09:38:39 AM,225.11,27,6077.97,29840068.760000017
2025-08-01 09:38:49 AM,225.14,0,0.0,29840068.760000017
2025-08-01 09:38:52 AM,225.14,1,225.14,29840293.900000017
2025-08-01 09:38:59 AM,225.35,200,45070.0,29885363.900000017
2025-08-01 09:39:11 AM,224.9,0,0.0,29885363.900000017
2025-08-01 09:39:13 AM,224.9,4363,981238.7000000001,30866602.600000016
2025-08-01 09:39:29 AM,224.95,0,0.0,30866602.600000016
2025-08-01 09:39:33 AM,224.95,1,224.95,30866827.550000016
2025-08-01 09:39:39 AM,224.7,449,100890.29999999999,30967717.850000016
2025-08-01 09:39:45 AM,224.8,0,0.0,30967717.850000016
2025-08-01 09:39:46 AM,224.8,200,44960.0,31012677.850000016
2025-08-01 09:39:52 AM,224.92,32,7197.44,31019875.290000018
2025-08-01 09:39:57 AM,224.95,0,0.0,31019875.290000018
2025-08-01 09:39:59 AM,224.95,9,2024.55,31021899.84000002
2025-08-01 09:40:01 AM,225.0,0,0.0,31021899.84000002
2025-08-01 09:40:05 AM,224.72,0,0.0,31021899.84000002
2025-08-01 09:40:06 AM,224.72,279,62696.88,31084596.720000017
2025-08-01 09:40:09 AM,224.95,0,0.0,31084596.720000017
2025-08-01 09:40:12 AM,224.96,23,5174.08,31089770.800000016
2025-08-01 09:40:27 AM,224.83,0,0.0,31089770.800000016
2025-08-01 09:40:32 AM,224.83,19,4271.77,31094042.570000015
2025-08-01 09:40:36 AM,224.91,0,0.0,31094042.570000015
2025-08-01 09:40:38 AM,224.91,29,6522.39,31100564.960000016
2025-08-01 09:40:52 AM,224.91,1,224.91,31100789.870000016
2025-08-01 09:41:05 AM,224.91,10,2249.1,31103038.970000017
2025-08-01 09:41:08 AM,224.88,0,0.0,31103038.970000017
2025-08-01 09:41:12 AM,224.88,20,4497.6,31107536.57000002
2025-08-01 09:41:18 AM,225.11,6,1350.66,31108887.23000002
2025-08-01 09:41:19 AM,225.11,3,675.33,31109562.560000017
2025-08-01 09:41:36 AM,225.13,0,0.0,31109562.560000017
2025-08-01 09:41:38 AM,225.13,50,11256.5,31120819.060000017
2025-08-01 09:41:48 AM,225.36,0,0.0,31120819.060000017
2025-08-01 09:41:51 AM,225.36,170,38311.200000000004,31159130.260000017
2025-08-01 09:41:52 AM,225.12,500,112560.0,31271690.260000017
2025-08-01 09:42:04 AM,225.12,1328,298959.36,31570649.620000016
2025-08-01 09:42:09 AM,225.16,0,0.0,31570649.620000016
2025-08-01 09:42:11 AM,225.16,1288,290006.08,31860655.700000014
2025-08-01 09:42:14 AM,225.35,0,0.0,31860655.700000014
2025-08-01 09:42:17 AM,225.35,22,4957.7,31865613.400000013
2025-08-01 09:42:22 AM,225.37,0,0.0,31865613.400000013
2025-08-01 09:42:24 AM,225.37,4,901.48,31866514.880000014
2025-08-01 09:42:28 AM,225.36,0,0.0,31866514.880000014
2025-08-01 09:42:30 AM,225.36,33,7436.88,31873951.760000013
2025-08-01 09:42:39 AM,225.37,0,0.0,31873951.760000013
2025-08-01 09:42:43 AM,225.37,43,9690.91,31883642.670000013
2025-08-01 09:42:44 AM,225.41,4,901.64,31884544.310000014
2025-08-01 09:42:47 AM,225.55,0,0.0,31884544.310000014
2025-08-01 09:42:47 AM,225.46,0,0.0,31884544.310000014
2025-08-01 09:42:50 AM,225.46,225,50728.5,31935272.810000014
2025-08-01 09:43:03 AM,225.49,0,0.0,31935272.810000014
2025-08-01 09:43:03 AM,225.49,100,22549.0,31957821.810000014
2025-08-01 09:43:07 AM,225.54,0,0.0,31957821.810000014
2025-08-01 09:43:09 AM,225.54,200,45108.0,32002929.810000014
2025-08-01 09:43:15 AM,225.52,0,0.0,32002929.810000014
2025-08-01 09:43:16 AM,225.52,25,5638.0,32008567.810000014
2025-08-01 09:43:23 AM,225.5,0,0.0,32008567.810000014
2025-08-01 09:43:23 AM,225.5,1300,293150.0,32301717.810000014
2025-08-01 09:43:27 AM,225.47,0,0.0,32301717.810000014
2025-08-01 09:43:29 AM,225.47,1,225.47,32301943.280000012
2025-08-01 09:43:35 AM,225.31,0,0.0,32301943.280000012
2025-08-01 09:43:36 AM,225.31,23,5182.13,32307125.41000001
2025-08-01 09:43:42 AM,225.32,31,6984.92,32314110.330000013
2025-08-01 09:43:47 AM,225.23,0,0.0,32314110.330000013
2025-08-01 09:43:49 AM,225.23,54,12162.42,32326272.750000015
2025-08-01 09:44:03 AM,225.25,0,0.0,32326272.750000015
2025-08-01 09:44:03 AM,225.25,1,225.25,32326498.000000015
2025-08-01 09:44:08 AM,225.04,0,0.0,32326498.000000015
2025-08-01 09:44:09 AM,225.04,4018,904210.72,33230708.720000014
2025-08-01 09:44:11 AM,224.9,0,0.0,33230708.720000014
2025-08-01 09:44:16 AM,224.9,166,37333.4,33268042.120000012
2025-08-01 09:44:25 AM,224.8,0,0.0,33268042.120000012
2025-08-01 09:44:29 AM,224.99,0,0.0,33268042.120000012
2025-08-01 09:44:29 AM,224.99,1432,322185.68,33590227.80000001
2025-08-01 09:44:36 AM,225.0,1,225.0,33590452.80000001
2025-08-01 09:44:48 AM,225.0,500,112500.0,33702952.80000001
2025-08-01 09:44:53 AM,224.95,0,0.0,33702952.80000001
2025-08-01 09:44:54 AM,224.95,60,13497.0,33716449.80000001
2025-08-01 09:44:59 AM,224.94,0,0.0,33716449.80000001
2025-08-01 09:45:01 AM,224.94,1,224.94,33716674.74000001
2025-08-01 09:45:04 AM,224.92,0,0.0,33716674.74000001
2025-08-01 09:45:08 AM,224.92,1,224.92,33716899.66000001
2025-08-01 09:45:22 AM,224.75,19,4270.25,33721169.91000001
2025-08-01 09:45:27 AM,224.7,1002,225149.4,33946319.31000001
2025-08-01 09:45:33 AM,224.7,30,6741.0,33953060.31000001
2025-08-01 09:45:39 AM,224.8,0,0.0,33953060.31000001
2025-08-01 09:45:40 AM,224.8,100,22480.0,33975540.31000001
2025-08-01 09:45:51 AM,224.6,0,0.0,33975540.31000001
2025-08-01 09:45:53 AM,224.6,500,112300.0,34087840.31000001
2025-08-01 09:45:57 AM,224.69,0,0.0,34087840.31000001
2025-08-01 09:45:59 AM,224.74,201,45172.740000000005,34133013.05000001
2025-08-01 09:46:01 AM,224.6,0,0.0,34133013.05000001
2025-08-01 09:46:01 AM,224.6,44,9882.4,34142895.45000001
2025-08-01 09:46:01 AM,224.68,0,0.0,34142895.45000001
2025-08-01 09:46:06 AM,224.68,37,8313.16,34151208.61000001
2025-08-01 09:46:07 AM,224.5,3544,795628.0,34946836.61000001
2025-08-01 09:46:12 AM,224.5,31,6959.5,34953796.11000001
2025-08-01 09:46:16 AM,224.57,0,0.0,34953796.11000001
2025-08-01 09:46:19 AM,224.5,54,12123.0,34965919.11000001
2025-08-01 09:46:21 AM,224.4,625,140250.0,35106169.11000001
2025-08-01 09:46:21 AM,224.57,0,0.0,35106169.11000001
2025-08-01 09:46:25 AM,224.57,25,5614.25,35111783.36000001
2025-08-01 09:46:29 AM,224.6,0,0.0,35111783.36000001
2025-08-01 09:46:32 AM,224.6,1020,229092.0,35340875.36000001
2025-08-01 09:46:37 AM,224.43,0,0.0,35340875.36000001
2025-08-01 09:46:38 AM,224.43,130,29175.9,35370051.260000005
2025-08-01 09:46:40 AM,224.43,50,11221.5,35381272.760000005
2025-08-01 09:46:51 AM,224.6,300,67380.0,35448652.760000005
2025-08-01 09:46:53 AM,224.44,2,448.88,35449101.64000001
2025-08-01 09:46:57 AM,224.44,15,3366.6,35452468.24000001
2025-08-01 09:47:01 AM,224.34,0,0.0,35452468.24000001
2025-08-01 09:47:03 AM,224.34,401,89960.34,35542428.58000001
2025-08-01 09:47:08 AM,224.52,0,0.0,35542428.58000001
2025-08-01 09:47:09 AM,224.52,3,673.5600000000001,35543102.140000015
2025-08-01 09:47:17 AM,224.52,55,12348.6,35555450.74000002
2025-08-01 09:47:20 AM,224.51,0,0.0,35555450.74000002
2025-08-01 09:47:22 AM,224.51,1,224.51,35555675.250000015
2025-08-01 09:47:28 AM,224.36,0,0.0,35555675.250000015
2025-08-01 09:47:28 AM,224.36,72,16153.920000000002,35571829.17000002
2025-08-01 09:47:33 AM,224.58,0,0.0,35571829.17000002
2025-08-01 09:47:34 AM,224.4,813,182437.2,35754266.37000002
2025-08-01 09:47:37 AM,224.62,500,112310.0,35866576.37000002
2025-08-01 09:47:58 AM,224.83,0,0.0,35866576.37000002
2025-08-01 09:48:01 AM,224.83,2,449.66,35867026.030000016
2025-08-01 09:48:04 AM,224.62,501,112534.62,35979560.65000001
2025-08-01 09:48:07 AM,224.59,0,0.0,35979560.65000001
2025-08-01 09:48:08 AM,224.59,64,14373.76,35993934.41000001
2025-08-01 09:48:10 AM,224.62,40,8984.8,36002919.21000001
2025-08-01 09:48:17 AM,224.62,181,40656.22,36043575.43000001
2025-08-01 09:48:27 AM,224.5,0,0.0,36043575.43000001
2025-08-01 09:48:27 AM,224.5,200,44900.0,36088475.43000001
2025-08-01 09:48:27 AM,224.62,0,0.0,36088475.43000001
2025-08-01 09:48:30 AM,224.62,2,449.24,36088924.67000001
2025-08-01 09:48:36 AM,224.62,714,160378.68,36249303.35000001
2025-08-01 09:48:39 AM,224.56,0,0.0,36249303.35000001
2025-08-01 09:48:40 AM,224.56,317,71185.52,36320488.87000001
2025-08-01 09:48:51 AM,224.71,0,0.0,36320488.87000001
2025-08-01 09:48:53 AM,224.71,1,224.71,36320713.58000001
2025-08-01 09:48:55 AM,224.71,1,224.71,36320938.290000014
2025-08-01 09:49:24 AM,224.71,46,10336.66,36331274.95000001
2025-08-01 09:49:25 AM,224.7,0,0.0,36331274.95000001
2025-08-01 09:49:26 AM,224.7,121,27188.699999999997,36358463.65000001
2025-08-01 09:49:28 AM,224.52,0,0.0,36358463.65000001
2025-08-01 09:49:30 AM,224.71,174,39099.54,36397563.19000001
2025-08-01 09:49:36 AM,224.7,16,3595.2,36401158.390000015
2025-08-01 09:49:55 AM,224.5,0,0.0,36401158.390000015
2025-08-01 09:49:55 AM,224.5,41,9204.5,36410362.890000015
2025-08-01 09:50:02 AM,224.5,99,22225.5,36432588.390000015
2025-08-01 09:50:05 AM,224.48,643,144340.63999999998,36576929.030000016
2025-08-01 09:50:21 AM,224.5,3,673.5,36577602.530000016
2025-08-01 09:50:24 AM,224.45,25,5611.25,36583213.780000016
2025-08-01 09:50:50 AM,224.4,0,0.0,36583213.780000016
2025-08-01 09:50:51 AM,224.5,0,0.0,36583213.780000016
2025-08-01 09:50:52 AM,224.5,65,14592.5,36597806.280000016
2025-08-01 09:50:54 AM,224.4,0,0.0,36597806.280000016
2025-08-01 09:50:55 AM,224.4,141,31640.4,36629446.680000015
2025-08-01 09:51:05 AM,224.52,0,0.0,36629446.680000015
2025-08-01 09:51:05 AM,224.52,674,151326.48,36780773.16000001
2025-08-01 09:51:17 AM,224.6,0,0.0,36780773.16000001
2025-08-01 09:51:18 AM,224.6,100,22460.0,36803233.16000001
2025-08-01 09:51:21 AM,224.71,0,0.0,36803233.16000001
2025-08-01 09:51:24 AM,224.71,11,2471.81,36805704.97000001
2025-08-01 09:51:34 AM,224.45,0,0.0,36805704.97000001
2025-08-01 09:51:36 AM,224.52,786,176472.72,36982177.69000001
2025-08-01 09:51:38 AM,224.5,0,0.0,36982177.69000001
2025-08-01 09:51:39 AM,224.5,5,1122.5,36983300.19000001
2025-08-01 09:51:43 AM,224.52,0,0.0,36983300.19000001
2025-08-01 09:51:45 AM,224.52,20,4490.400000000001,36987790.59000001
2025-08-01 09:51:54 AM,224.3,0,0.0,36987790.59000001
2025-08-01 09:51:55 AM,224.3,1441,323216.3,37311006.89000001
2025-08-01 09:52:01 AM,224.3,865,194019.5,37505026.39000001
2025-08-01 09:52:10 AM,224.38,0,0.0,37505026.39000001
2025-08-01 09:52:10 AM,224.38,40,8975.2,37514001.59000001
2025-08-01 09:52:16 AM,224.38,50,11219.0,37525220.59000001
2025-08-01 09:52:22 AM,224.38,2,448.76,37525669.35000001
2025-08-01 09:52:38 AM,224.2,0,0.0,37525669.35000001
2025-08-01 09:52:40 AM,224.2,1000,224200.0,37749869.35000001
2025-08-01 09:52:50 AM,224.29,0,0.0,37749869.35000001
2025-08-01 09:52:50 AM,224.29,264,59212.56,37809081.91000001
2025-08-01 09:53:10 AM,224.3,26,5831.8,37814913.71000001
2025-08-01 09:53:16 AM,224.2,651,145954.19999999998,37960867.91000001
2025-08-01 09:53:17 AM,224.27,0,0.0,37960867.91000001
2025-08-01 09:53:21 AM,224.27,27,6055.29,37966923.20000001
2025-08-01 09:53:21 AM,224.2,0,0.0,37966923.20000001
2025-08-01 09:53:23 AM,224.2,502,112548.4,38079471.60000001
2025-08-01 09:53:29 AM,224.1,1813,406293.3,38485764.900000006
2025-08-01 09:53:33 AM,224.1,50,11205.0,38496969.900000006
2025-08-01 09:53:33 AM,224.18,0,0.0,38496969.900000006
2025-08-01 09:53:35 AM,224.18,200,44836.0,38541805.900000006
2025-08-01 09:53:39 AM,223.86,0,0.0,38541805.900000006
2025-08-01 09:53:39 AM,223.86,3844,860517.8400000001,39402323.74000001
2025-08-01 09:53:47 AM,223.86,257,57532.020000000004,39459855.76000001
2025-08-01 09:53:47 AM,223.59,0,0.0,39459855.76000001
2025-08-01 09:53:51 AM,223.76,0,0.0,39459855.76000001
2025-08-01 09:53:52 AM,223.76,1655,370322.8,39830178.56000001
2025-08-01 09:53:54 AM,223.6,0,0.0,39830178.56000001
2025-08-01 09:53:57 AM,223.7,0,0.0,39830178.56000001
2025-08-01 09:53:58 AM,223.7,324,72478.8,39902657.36000001
2025-08-01 09:54:00 AM,223.72,0,0.0,39902657.36000001
2025-08-01 09:54:04 AM,223.72,247,55258.84,39957916.20000001
2025-08-01 09:54:11 AM,223.7,62,13869.4,39971785.60000001
2025-08-01 09:54:23 AM,223.7,39,8724.3,39980509.900000006
2025-08-01 09:54:27 AM,223.64,0,0.0,39980509.900000006
2025-08-01 09:54:29 AM,223.64,320,71564.79999999999,40052074.7
2025-08-01 09:54:35 AM,223.64,11,2460.04,40054534.74
2025-08-01 09:54:40 AM,223.69,0,0.0,40054534.74
2025-08-01 09:54:41 AM,223.69,365,81646.85,40136181.59
2025-08-01 09:54:43 AM,223.35,0,0.0,40136181.59
2025-08-01 09:54:46 AM,223.69,0,0.0,40136181.59
2025-08-01 09:54:47 AM,223.69,3337,746453.53,40882635.120000005
2025-08-01 09:54:49 AM,223.71,0,0.0,40882635.120000005
2025-08-01 09:54:53 AM,223.71,300,67113.0,40949748.120000005
2025-08-01 09:55:10 AM,223.51,0,0.0,40949748.120000005
2025-08-01 09:55:10 AM,223.51,8,1788.08,40951536.2
2025-08-01 09:55:17 AM,223.51,144,32185.44,40983721.64
2025-08-01 09:55:19 AM,223.46,0,0.0,40983721.64
2025-08-01 09:55:22 AM,223.6,0,0.0,40983721.64
2025-08-01 09:55:22 AM,223.51,2058,459983.57999999996,41443705.22
2025-08-01 09:55:26 AM,223.31,0,0.0,41443705.22
2025-08-01 09:55:28 AM,223.4,38,8489.2,41452194.42
2025-08-01 09:55:34 AM,223.4,200,44680.0,41496874.42
2025-08-01 09:55:40 AM,223.4,31,6925.400000000001,41503799.82
2025-08-01 09:55:42 AM,223.4,1327,296451.8,41800251.62
2025-08-01 09:55:52 AM,223.6,0,0.0,41800251.62
2025-08-01 09:55:53 AM,223.6,25,5590.0,41805841.62
2025-08-01 09:55:57 AM,223.5,0,0.0,41805841.62
2025-08-01 09:55:59 AM,223.5,2,447.0,41806288.62
2025-08-01 09:56:09 AM,223.6,0,0.0,41806288.62
2025-08-01 09:56:10 AM,223.4,0,0.0,41806288.62
2025-08-01 09:56:11 AM,223.4,300,67020.0,41873308.62
2025-08-01 09:56:15 AM,223.56,0,0.0,41873308.62
2025-08-01 09:56:16 AM,223.54,0,0.0,41873308.62
2025-08-01 09:56:17 AM,223.54,402,89863.08,41963171.699999996
2025-08-01 09:56:21 AM,223.64,0,0.0,41963171.699999996
2025-08-01 09:56:22 AM,223.44,0,0.0,41963171.699999996
2025-08-01 09:56:23 AM,223.44,49,10948.56,41974120.26
2025-08-01 09:56:37 AM,223.6,0,0.0,41974120.26
2025-08-01 09:56:40 AM,223.6,50,11180.0,41985300.26
2025-08-01 09:56:44 AM,223.44,0,0.0,41985300.26
2025-08-01 09:56:45 AM,223.55,0,0.0,41985300.26
2025-08-01 09:56:47 AM,223.6,1530,342108.0,42327408.26
2025-08-01 09:56:53 AM,223.57,0,0.0,42327408.26
2025-08-01 09:56:53 AM,223.57,42,9389.94,42336798.199999996
2025-08-01 09:56:57 AM,223.6,0,0.0,42336798.199999996
2025-08-01 09:56:59 AM,223.6,1000,223600.0,42560398.199999996
2025-08-01 09:57:06 AM,223.56,101,22579.56,42582977.76
2025-08-01 09:57:30 AM,223.7,27,6039.9,42589017.66
2025-08-01 09:57:33 AM,223.56,0,0.0,42589017.66
2025-08-01 09:57:33 AM,223.56,60,13413.6,42602431.26
2025-08-01 09:57:36 AM,223.8,2,447.6,42602878.86
2025-08-01 09:57:37 AM,223.65,0,0.0,42602878.86
2025-08-01 09:57:40 AM,223.65,90,20128.5,42623007.36
2025-08-01 09:57:46 AM,223.65,18,4025.7000000000003,42627033.06
2025-08-01 09:57:55 AM,223.9,1,223.9,42627256.96
2025-08-01 09:57:57 AM,224.08,0,0.0,42627256.96
2025-08-01 09:57:58 AM,224.08,1653,370404.24000000005,42997661.2
2025-08-01 09:58:01 AM,224.08,2,448.16,42998109.36
2025-08-01 09:58:13 AM,224.08,25,5602.0,43003711.36
2025-08-01 09:58:16 AM,224.08,200,44816.0,43048527.36
2025-08-01 09:58:18 AM,223.97,0,0.0,43048527.36
2025-08-01 09:58:19 AM,223.97,6611,1480665.67,44529193.03
2025-08-01 09:58:26 AM,223.96,0,0.0,44529193.03
2025-08-01 09:58:28 AM,224.2,1904,426876.8,44956069.83
2025-08-01 09:58:34 AM,224.23,0,0.0,44956069.83
2025-08-01 09:58:34 AM,224.23,24,5381.5199999999995,44961451.35
2025-08-01 09:58:50 AM,224.47,0,0.0,44961451.35
2025-08-01 09:58:50 AM,224.47,100,22447.0,44983898.35
2025-08-01 09:58:59 AM,224.47,1,224.47,44984122.82
2025-08-01 09:59:01 AM,224.26,1,224.26,44984347.08
2025-08-01 09:59:05 AM,224.23,10,2242.2999999999997,44986589.379999995
2025-08-01 09:59:07 AM,224.23,10,2242.2999999999997,44988831.67999999
2025-08-01 09:59:11 AM,223.97,300,67191.0,45056022.67999999
2025-08-01 09:59:17 AM,224.26,893,200264.18,45256286.85999999
2025-08-01 09:59:24 AM,224.24,0,0.0,45256286.85999999
2025-08-01 09:59:24 AM,224.24,55,12333.2,45268620.059999995
2025-08-01 09:59:38 AM,224.22,0,0.0,45268620.059999995
2025-08-01 09:59:39 AM,224.22,50,11211.0,45279831.059999995
2025-08-01 09:59:49 AM,224.01,32,7168.32,45286999.379999995
2025-08-01 09:59:51 AM,224.16,0,0.0,45286999.379999995
2025-08-01 09:59:51 AM,224.16,10,2241.6,45289240.98
2025-08-01 10:00:00 AM,223.91,0,0.0,45289240.98
2025-08-01 10:00:01 AM,223.91,373,83518.43,45372759.41
2025-08-01 10:00:03 AM,223.75,0,0.0,45372759.41
2025-08-01 10:00:03 AM,223.75,100,22375.0,45395134.41
2025-08-01 10:00:10 AM,222.96,10040,2238518.4,47633652.809999995
2025-08-01 10:00:14 AM,222.95,342,76248.9,47709901.70999999
2025-08-01 10:00:15 AM,222.97,0,0.0,47709901.70999999
2025-08-01 10:00:17 AM,222.97,256,57080.32,47766982.029999994
2025-08-01 10:00:20 AM,223.2,303,67629.59999999999,47834611.629999995
2025-08-01 10:00:21 AM,223.08,0,0.0,47834611.629999995
2025-08-01 10:00:23 AM,223.08,317,70716.36,47905327.989999995
2025-08-01 10:00:28 AM,223.18,0,0.0,47905327.989999995
2025-08-01 10:00:29 AM,223.18,5,1115.9,47906443.88999999
2025-08-01 10:00:40 AM,223.15,0,0.0,47906443.88999999
2025-08-01 10:00:42 AM,223.15,25,5578.75,47912022.63999999
2025-08-01 10:00:51 AM,223.15,1000,223150.0,48135172.63999999
2025-08-01 10:00:55 AM,223.13,3,669.39,48135842.029999994
2025-08-01 10:01:01 AM,223.15,43,9595.45,48145437.48
2025-08-01 10:01:08 AM,223.07,0,0.0,48145437.48
2025-08-01 10:01:09 AM,223.19,0,0.0,48145437.48
2025-08-01 10:01:10 AM,223.19,1189,265372.91,48410810.38999999
2025-08-01 10:01:23 AM,223.35,40,8934.0,48419744.38999999
2025-08-01 10:01:27 AM,223.46,0,0.0,48419744.38999999
2025-08-01 10:01:29 AM,223.46,1645,367591.7,48787336.089999996
2025-08-01 10:01:30 AM,223.6,0,0.0,48787336.089999996
2025-08-01 10:01:32 AM,223.6,5,1118.0,48788454.089999996
2025-08-01 10:01:35 AM,223.34,810,180905.4,48969359.489999995
2025-08-01 10:01:38 AM,223.34,1,223.34,48969582.83
2025-08-01 10:01:47 AM,223.36,6,1340.16,48970922.989999995
2025-08-01 10:01:53 AM,223.35,5,1116.75,48972039.739999995
2025-08-01 10:02:05 AM,223.35,3,670.05,48972709.78999999
2025-08-01 10:02:18 AM,223.35,87,19431.45,48992141.239999995
2025-08-01 10:02:22 AM,223.32,0,0.0,48992141.239999995
2025-08-01 10:02:22 AM,223.32,1,223.32,48992364.559999995
2025-08-01 10:02:28 AM,223.37,0,0.0,48992364.559999995
2025-08-01 10:02:29 AM,223.37,61,13625.57,49005990.129999995
2025-08-01 10:02:35 AM,223.42,100,22342.0,49028332.129999995
2025-08-01 10:02:56 AM,223.6,12,2683.2,49031015.33
2025-08-01 10:02:58 AM,223.25,0,0.0,49031015.33
2025-08-01 10:02:58 AM,223.3,0,0.0,49031015.33
2025-08-01 10:03:00 AM,223.0,1825,406975.0,49437990.33
2025-08-01 10:03:02 AM,223.27,0,0.0,49437990.33
2025-08-01 10:03:02 AM,223.27,576,128603.52,49566593.85
2025-08-01 10:03:08 AM,223.26,501,111853.26,49678447.11
2025-08-01 10:03:26 AM,223.32,0,0.0,49678447.11
2025-08-01 10:03:26 AM,223.32,384,85754.88,49764201.99
2025-08-01 10:03:38 AM,223.35,0,0.0,49764201.99
2025-08-01 10:03:39 AM,223.26,2232,498316.32,50262518.31
2025-08-01 10:03:41 AM,223.3,200,44660.0,50307178.31
2025-08-01 10:03:51 AM,223.26,15,3348.8999999999996,50310527.21
2025-08-01 10:03:53 AM,223.26,1,223.26,50310750.47
2025-08-01 10:04:00 AM,223.26,15,3348.8999999999996,50314099.37
2025-08-01 10:04:02 AM,223.3,0,0.0,50314099.37
2025-08-01 10:04:02 AM,223.26,0,0.0,50314099.37
2025-08-01 10:04:04 AM,223.24,38,8483.12,50322582.489999995
2025-08-01 10:04:14 AM,223.01,0,0.0,50322582.489999995
2025-08-01 10:04:16 AM,223.11,1242,277102.62,50599685.10999999
2025-08-01 10:04:29 AM,222.97,3182,709490.54,51309175.64999999
2025-08-01 10:04:30 AM,223.0,0,0.0,51309175.64999999
2025-08-01 10:04:31 AM,223.0,8633,1925159.0,53234334.64999999
2025-08-01 10:04:35 AM,223.24,1,223.24,53234557.88999999
2025-08-01 10:04:44 AM,223.26,0,0.0,53234557.88999999
2025-08-01 10:04:47 AM,223.26,103,22995.78,53257553.669999994
2025-08-01 10:05:00 AM,223.26,50,11163.0,53268716.669999994
2025-08-01 10:05:06 AM,223.26,1,223.26,53268939.92999999
2025-08-01 10:05:09 AM,223.3,0,0.0,53268939.92999999
2025-08-01 10:05:12 AM,223.3,150,33495.0,53302434.92999999
2025-08-01 10:05:14 AM,223.4,500,111700.0,53414134.92999999
2025-08-01 10:05:15 AM,223.12,0,0.0,53414134.92999999
2025-08-01 10:05:18 AM,223.25,732,163419.0,53577553.92999999
2025-08-01 10:05:23 AM,223.18,0,0.0,53577553.92999999
2025-08-01 10:05:24 AM,223.18,20,4463.6,53582017.529999994
2025-08-01 10:05:27 AM,223.22,0,0.0,53582017.529999994
2025-08-01 10:05:31 AM,223.22,25,5580.5,53587598.029999994
2025-08-01 10:05:39 AM,223.37,100,22337.0,53609935.029999994
2025-08-01 10:05:55 AM,223.45,0,0.0,53609935.029999994
2025-08-01 10:05:55 AM,223.45,1,223.45,53610158.48
2025-08-01 10:05:57 AM,223.22,372,83037.84,53693196.32
2025-08-01 10:06:03 AM,223.2,2112,471398.39999999997,54164594.72
2025-08-01 10:06:08 AM,223.14,0,0.0,54164594.72
2025-08-01 10:06:09 AM,223.19,315,70304.85,54234899.57
2025-08-01 10:06:30 AM,223.14,0,0.0,54234899.57
2025-08-01 10:06:30 AM,223.14,61,13611.539999999999,54248511.11
2025-08-01 10:06:41 AM,223.22,0,0.0,54248511.11
2025-08-01 10:06:42 AM,223.22,939,209603.58,54458114.69
2025-08-01 10:06:52 AM,223.05,0,0.0,54458114.69
2025-08-01 10:06:55 AM,223.05,50,11152.5,54469267.19
2025-08-01 10:06:56 AM,222.97,0,0.0,54469267.19
2025-08-01 10:06:57 AM,222.97,224,49945.28,54519212.47
2025-08-01 10:07:01 AM,223.15,0,0.0,54519212.47
2025-08-01 10:07:01 AM,223.15,1000,223150.0,54742362.47
2025-08-01 10:07:07 AM,223.11,0,0.0,54742362.47
2025-08-01 10:07:07 AM,223.11,10,2231.1000000000004,54744593.57
2025-08-01 10:07:12 AM,222.92,0,0.0,54744593.57
2025-08-01 10:07:13 AM,222.92,3,668.76,54745262.33
2025-08-01 10:07:32 AM,222.94,10,2229.4,54747491.73
2025-08-01 10:07:38 AM,222.94,102,22739.88,54770231.61
2025-08-01 10:07:39 AM,222.85,0,0.0,54770231.61
2025-08-01 10:07:39 AM,222.94,0,0.0,54770231.61
2025-08-01 10:07:40 AM,222.94,296,65990.24,54836221.85
2025-08-01 10:07:46 AM,222.85,127,28301.95,54864523.800000004
2025-08-01 10:07:48 AM,222.43,0,0.0,54864523.800000004
2025-08-01 10:07:50 AM,222.55,1031,229449.05000000002,55093972.85
2025-08-01 10:07:52 AM,222.4,9,2001.6000000000001,55095974.45
2025-08-01 10:07:54 AM,222.33,0,0.0,55095974.45
2025-08-01 10:07:57 AM,222.31,119,26454.89,55122429.34
2025-08-01 10:07:58 AM,222.39,100,22239.0,55144668.34
2025-08-01 10:07:59 AM,222.23,0,0.0,55144668.34
2025-08-01 10:08:03 AM,222.23,10,2222.2999999999997,55146890.64
2025-08-01 10:08:04 AM,222.11,750,166582.5,55313473.14
2025-08-01 10:08:09 AM,222.32,147,32681.039999999997,55346154.18
2025-08-01 10:08:11 AM,222.36,36,8004.960000000001,55354159.14
2025-08-01 10:08:17 AM,222.4,0,0.0,55354159.14
2025-08-01 10:08:17 AM,222.4,1,222.4,55354381.54
2025-08-01 10:08:21 AM,222.31,0,0.0,55354381.54
2025-08-01 10:08:22 AM,222.32,898,199643.36,55554024.9
2025-08-01 10:08:29 AM,222.02,4630,1027952.6000000001,56581977.5
2025-08-01 10:08:31 AM,222.45,0,0.0,56581977.5
2025-08-01 10:08:33 AM,222.49,0,0.0,56581977.5
2025-08-01 10:08:34 AM,222.49,104,23138.96,56605116.46
2025-08-01 10:08:35 AM,222.53,100,22253.0,56627369.46
2025-08-01 10:08:49 AM,222.57,0,0.0,56627369.46
2025-08-01 10:08:51 AM,222.57,10,2225.7,56629595.160000004
2025-08-01 10:09:23 AM,222.59,100,22259.0,56651854.160000004
2025-08-01 10:09:27 AM,222.7,0,0.0,56651854.160000004
2025-08-01 10:09:27 AM,222.7,115,25610.5,56677464.660000004
2025-08-01 10:09:42 AM,222.56,0,0.0,56677464.660000004
2025-08-01 10:09:44 AM,222.5,844,187790.0,56865254.660000004
2025-08-01 10:09:48 AM,222.51,0,0.0,56865254.660000004
2025-08-01 10:09:50 AM,222.51,20,4450.2,56869704.86000001
2025-08-01 10:09:51 AM,222.33,0,0.0,56869704.86000001
2025-08-01 10:09:52 AM,222.33,201,44688.33,56914393.190000005
2025-08-01 10:09:54 AM,222.5,0,0.0,56914393.190000005
2025-08-01 10:09:56 AM,222.32,336,74699.52,56989092.71000001
2025-08-01 10:09:57 AM,222.32,1073,238549.36,57227642.07000001
2025-08-01 10:10:00 AM,222.35,0,0.0,57227642.07000001
2025-08-01 10:10:01 AM,222.35,1,222.35,57227864.42000001
2025-08-01 10:10:03 AM,222.2,0,0.0,57227864.42000001
2025-08-01 10:10:03 AM,222.2,644,143096.8,57370961.220000006
2025-08-01 10:10:06 AM,221.82,0,0.0,57370961.220000006
2025-08-01 10:10:07 AM,222.0,3716,824952.0,58195913.220000006
2025-08-01 10:10:09 AM,221.6,0,0.0,58195913.220000006
2025-08-01 10:10:09 AM,221.6,3618,801748.7999999999,58997662.02
2025-08-01 10:10:10 AM,221.9,0,0.0,58997662.02
2025-08-01 10:10:12 AM,221.91,0,0.0,58997662.02
2025-08-01 10:10:13 AM,221.91,873,193727.43,59191389.45
2025-08-01 10:10:21 AM,221.89,1,221.89,59191611.34
2025-08-01 10:10:23 AM,221.87,0,0.0,59191611.34
2025-08-01 10:10:25 AM,221.87,2,443.74,59192055.080000006
2025-08-01 10:10:31 AM,221.87,1,221.87,59192276.95
2025-08-01 10:10:32 AM,221.7,400,88680.0,59280956.95
2025-08-01 10:10:37 AM,221.66,270,59848.2,59340805.150000006
2025-08-01 10:10:38 AM,221.87,15,3328.05,59344133.2
2025-08-01 10:10:43 AM,221.87,90,19968.3,59364101.5
2025-08-01 10:10:49 AM,221.87,232,51473.840000000004,59415575.34
2025-08-01 10:10:54 AM,221.9,0,0.0,59415575.34
2025-08-01 10:10:55 AM,221.9,586,130033.40000000001,59545608.74
2025-08-01 10:10:56 AM,221.95,30,6658.5,59552267.24
2025-08-01 10:11:02 AM,221.86,20,4437.200000000001,59556704.440000005
2025-08-01 10:11:09 AM,222.0,0,0.0,59556704.440000005
2025-08-01 10:11:13 AM,222.0,100,22200.0,59578904.440000005
2025-08-01 10:11:14 AM,221.95,11,2441.45,59581345.89000001
2025-08-01 10:11:21 AM,222.21,0,0.0,59581345.89000001
2025-08-01 10:11:24 AM,222.2,0,0.0,59581345.89000001
2025-08-01 10:11:24 AM,222.2,105,23331.0,59604676.89000001
2025-08-01 10:11:30 AM,222.18,0,0.0,59604676.89000001
2025-08-01 10:11:30 AM,222.18,60,13330.800000000001,59618007.690000005
2025-08-01 10:11:31 AM,222.18,25,5554.5,59623562.190000005
2025-08-01 10:11:37 AM,222.19,100,22219.0,59645781.190000005
2025-08-01 10:11:39 AM,222.2,0,0.0,59645781.190000005
2025-08-01 10:11:41 AM,222.2,4,888.8,59646669.99
2025-08-01 10:11:42 AM,222.16,0,0.0,59646669.99
2025-08-01 10:11:43 AM,222.15,66,14661.9,59661331.89
2025-08-01 10:11:47 AM,222.15,200,44430.0,59705761.89
2025-08-01 10:11:49 AM,222.15,1,222.15,59705984.04
2025-08-01 10:11:51 AM,222.16,0,0.0,59705984.04
2025-08-01 10:11:53 AM,222.16,282,62649.12,59768633.16
2025-08-01 10:11:59 AM,222.16,1,222.16,59768855.31999999
2025-08-01 10:12:03 AM,222.12,0,0.0,59768855.31999999
2025-08-01 10:12:05 AM,222.12,30,6663.6,59775518.919999994
2025-08-01 10:12:09 AM,222.16,0,0.0,59775518.919999994
2025-08-01 10:12:11 AM,222.16,500,111080.0,59886598.919999994
2025-08-01 10:12:12 AM,222.16,100,22216.0,59908814.919999994
2025-08-01 10:12:15 AM,222.12,0,0.0,59908814.919999994
2025-08-01 10:12:17 AM,222.12,1005,223230.6,60132045.519999996
2025-08-01 10:12:23 AM,222.16,80,17772.8,60149818.31999999
2025-08-01 10:12:45 AM,222.44,0,0.0,60149818.31999999
2025-08-01 10:12:45 AM,222.44,847,188406.68,60338224.99999999
2025-08-01 10:12:48 AM,222.49,0,0.0,60338224.99999999
2025-08-01 10:12:51 AM,222.49,29,6452.21,60344677.20999999
2025-08-01 10:12:54 AM,222.66,0,0.0,60344677.20999999
2025-08-01 10:12:57 AM,222.69,0,0.0,60344677.20999999
2025-08-01 10:12:57 AM,222.69,171,38079.99,60382757.199999996
2025-08-01 10:13:00 AM,222.49,0,0.0,60382757.199999996
2025-08-01 10:13:03 AM,222.68,113,25162.84,60407920.04
2025-08-01 10:13:14 AM,222.49,31,6897.1900000000005,60414817.23
2025-08-01 10:13:18 AM,222.23,0,0.0,60414817.23
2025-08-01 10:13:20 AM,222.23,13,2888.99,60417706.22
2025-08-01 10:13:24 AM,222.49,0,0.0,60417706.22
2025-08-01 10:13:26 AM,222.51,420,93454.2,60511160.42
2025-08-01 10:13:32 AM,222.23,300,66669.0,60577829.42
2025-08-01 10:13:33 AM,222.47,0,0.0,60577829.42
2025-08-01 10:13:33 AM,222.47,25,5561.75,60583391.17
2025-08-01 10:13:51 AM,222.45,0,0.0,60583391.17
2025-08-01 10:13:51 AM,222.45,300,66735.0,60650126.17
2025-08-01 10:13:56 AM,222.45,10,2224.5,60652350.67
2025-08-01 10:14:00 AM,222.27,0,0.0,60652350.67
2025-08-01 10:14:02 AM,222.19,186,41327.34,60693678.010000005
2025-08-01 10:14:06 AM,222.41,0,0.0,60693678.010000005
2025-08-01 10:14:07 AM,222.41,5,1112.05,60694790.06
2025-08-01 10:14:09 AM,222.27,0,0.0,60694790.06
2025-08-01 10:14:13 AM,222.27,304,67570.08,60762360.14
2025-08-01 10:14:25 AM,222.27,5,1111.3500000000001,60763471.49
2025-08-01 10:14:36 AM,222.27,1942,431648.34,61195119.830000006
2025-08-01 10:14:45 AM,222.38,0,0.0,61195119.830000006
2025-08-01 10:14:47 AM,222.27,0,0.0,61195119.830000006
2025-08-01 10:14:48 AM,222.27,104,23116.08,61218235.910000004
2025-08-01 10:14:57 AM,222.39,0,0.0,61218235.910000004
2025-08-01 10:15:00 AM,222.39,4,889.56,61219125.470000006
2025-08-01 10:15:01 AM,222.38,0,0.0,61219125.470000006
2025-08-01 10:15:05 AM,222.38,69,15344.22,61234469.690000005
2025-08-01 10:15:11 AM,222.38,1,222.38,61234692.07000001
2025-08-01 10:15:33 AM,222.37,0,0.0,61234692.07000001
2025-08-01 10:15:34 AM,222.38,0,0.0,61234692.07000001
2025-08-01 10:15:35 AM,222.38,153,34024.14,61268716.21000001
2025-08-01 10:15:41 AM,222.42,0,0.0,61268716.21000001
2025-08-01 10:15:41 AM,222.42,498,110765.15999999999,61379481.370000005
2025-08-01 10:15:47 AM,222.6,0,0.0,61379481.370000005
2025-08-01 10:15:47 AM,222.6,1000,222600.0,61602081.370000005
2025-08-01 10:15:53 AM,222.38,0,0.0,61602081.370000005
2025-08-01 10:15:53 AM,222.38,1020,226827.6,61828908.970000006
2025-08-01 10:15:56 AM,222.55,0,0.0,61828908.970000006
2025-08-01 10:15:59 AM,222.55,10,2225.5,61831134.470000006
2025-08-01 10:16:06 AM,222.6,0,0.0,61831134.470000006
2025-08-01 10:16:10 AM,222.6,200,44520.0,61875654.470000006
2025-08-01 10:16:12 AM,222.55,0,0.0,61875654.470000006
2025-08-01 10:16:16 AM,222.56,1760,391705.6,62267360.07000001
2025-08-01 10:16:27 AM,222.75,0,0.0,62267360.07000001
2025-08-01 10:16:28 AM,222.75,79,17597.25,62284957.32000001
2025-08-01 10:16:32 AM,222.92,0,0.0,62284957.32000001
2025-08-01 10:16:33 AM,222.73,0,0.0,62284957.32000001
2025-08-01 10:16:34 AM,222.73,276,61473.479999999996,62346430.800000004
2025-08-01 10:16:40 AM,222.72,2,445.44,62346876.24
2025-08-01 10:17:02 AM,222.74,25,5568.5,62352444.74
2025-08-01 10:17:13 AM,222.74,5,1113.7,62353558.440000005
2025-08-01 10:17:25 AM,222.74,4,890.96,62354449.400000006
2025-08-01 10:17:31 AM,222.7,118,26278.6,62380728.00000001
2025-08-01 10:17:33 AM,222.74,0,0.0,62380728.00000001
2025-08-01 10:17:37 AM,222.74,1,222.74,62380950.74000001
2025-08-01 10:17:37 AM,222.74,10,2227.4,62383178.14000001
2025-08-01 10:17:48 AM,222.74,2,445.48,62383623.620000005
2025-08-01 10:17:54 AM,222.69,0,0.0,62383623.620000005
2025-08-01 10:17:54 AM,222.69,223,49659.87,62433283.49
2025-08-01 10:17:56 AM,222.71,0,0.0,62433283.49
2025-08-01 10:17:57 AM,222.58,0,0.0,62433283.49
2025-08-01 10:18:00 AM,222.58,1010,224805.80000000002,62658089.29
2025-08-01 10:18:03 AM,222.69,0,0.0,62658089.29
2025-08-01 10:18:06 AM,222.69,5,1113.45,62659202.74
2025-08-01 10:18:15 AM,222.68,0,0.0,62659202.74
2025-08-01 10:18:17 AM,222.55,0,0.0,62659202.74
2025-08-01 10:18:17 AM,222.55,106,23590.300000000003,62682793.04
2025-08-01 10:18:23 AM,222.55,1,222.55,62683015.589999996
2025-08-01 10:18:23 AM,222.46,1,222.46,62683238.05
2025-08-01 10:18:29 AM,222.46,11,2447.06,62685685.11
2025-08-01 10:19:02 AM,222.5,0,0.0,62685685.11
2025-08-01 10:19:03 AM,222.5,40,8900.0,62694585.11
2025-08-01 10:19:09 AM,222.5,168,37380.0,62731965.11
2025-08-01 10:19:16 AM,222.7,0,0.0,62731965.11
2025-08-01 10:19:21 AM,222.7,8,1781.6,62733746.71
2025-08-01 10:19:25 AM,222.51,0,0.0,62733746.71
2025-08-01 10:19:26 AM,222.51,35,7787.849999999999,62741534.56
2025-08-01 10:19:32 AM,222.49,50,11124.5,62752659.06
2025-08-01 10:19:39 AM,222.5,500,111250.0,62863909.06
2025-08-01 10:19:50 AM,222.5,19,4227.5,62868136.56
2025-08-01 10:19:56 AM,222.65,160,35624.0,62903760.56
2025-08-01 10:20:05 AM,222.65,45,10019.25,62913779.81
2025-08-01 10:20:07 AM,222.65,40,8906.0,62922685.81
2025-08-01 10:20:10 AM,222.67,0,0.0,62922685.81
2025-08-01 10:20:11 AM,222.67,70,15586.9,62938272.71
2025-08-01 10:20:16 AM,222.65,0,0.0,62938272.71
2025-08-01 10:20:17 AM,222.65,350,77927.5,63016200.21
2025-08-01 10:20:22 AM,222.64,0,0.0,63016200.21
2025-08-01 10:20:23 AM,222.64,11,2449.04,63018649.25
2025-08-01 10:20:34 AM,222.64,50,11132.0,63029781.25
2025-08-01 10:20:41 AM,222.5,35,7787.5,63037568.75
2025-08-01 10:20:53 AM,222.64,0,0.0,63037568.75
2025-08-01 10:20:53 AM,222.64,500,111320.0,63148888.75
2025-08-01 10:21:07 AM,222.5,0,0.0,63148888.75
2025-08-01 10:21:10 AM,222.5,50,11125.0,63160013.75
2025-08-01 10:21:26 AM,222.64,2,445.28,63160459.03
2025-08-01 10:21:31 AM,222.53,4,890.12,63161349.15
2025-08-01 10:21:44 AM,222.64,5,1113.1999999999998,63162462.35
2025-08-01 10:21:48 AM,222.52,0,0.0,63162462.35
2025-08-01 10:21:48 AM,222.52,10,2225.2000000000003,63164687.550000004
2025-08-01 10:22:00 AM,222.52,401,89230.52,63253918.07000001
2025-08-01 10:22:15 AM,222.64,0,0.0,63253918.07000001
2025-08-01 10:22:17 AM,222.64,7,1558.48,63255476.550000004
2025-08-01 10:22:34 AM,222.64,27,6011.28,63261487.830000006
2025-08-01 10:22:40 AM,222.64,10,2226.3999999999996,63263714.230000004
2025-08-01 10:22:45 AM,222.73,0,0.0,63263714.230000004
2025-08-01 10:22:45 AM,222.73,600,133638.0,63397352.230000004
2025-08-01 10:23:04 AM,222.84,20,4456.8,63401809.03
2025-08-01 10:23:20 AM,222.83,0,0.0,63401809.03
2025-08-01 10:23:22 AM,222.83,4,891.32,63402700.35
2025-08-01 10:23:33 AM,222.83,10,2228.3,63404928.65
2025-08-01 10:23:35 AM,222.64,0,0.0,63404928.65
2025-08-01 10:23:36 AM,222.64,603,134251.91999999998,63539180.57
2025-08-01 10:23:44 AM,222.83,0,0.0,63539180.57
2025-08-01 10:23:45 AM,222.83,3568,795057.4400000001,64334238.01
2025-08-01 10:23:52 AM,222.81,111,24731.91,64358969.919999994
2025-08-01 10:24:05 AM,222.7,0,0.0,64358969.919999994
2025-08-01 10:24:07 AM,222.7,748,166579.6,64525549.519999996
2025-08-01 10:24:17 AM,222.77,0,0.0,64525549.519999996
2025-08-01 10:24:18 AM,222.77,1,222.77,64525772.29
2025-08-01 10:24:34 AM,222.9,0,0.0,64525772.29
2025-08-01 10:24:34 AM,222.9,999,222677.1,64748449.39
2025-08-01 10:24:42 AM,222.89,0,0.0,64748449.39
2025-08-01 10:24:42 AM,222.89,25,5572.25,64754021.64
2025-08-01 10:24:44 AM,222.82,0,0.0,64754021.64
2025-08-01 10:24:45 AM,222.82,44,9804.08,64763825.72
2025-08-01 10:24:46 AM,222.64,0,0.0,64763825.72
2025-08-01 10:24:47 AM,222.64,237,52765.68,64816591.4
2025-08-01 10:24:52 AM,222.65,0,0.0,64816591.4
2025-08-01 10:24:53 AM,222.65,4,890.6,64817482.0
2025-08-01 10:24:56 AM,222.65,300,66795.0,64884277.0
2025-08-01 10:24:58 AM,222.66,0,0.0,64884277.0
2025-08-01 10:24:58 AM,222.66,29,6457.14,64890734.14
2025-08-01 10:25:04 AM,222.66,2,445.32,64891179.46
2025-08-01 10:25:06 AM,222.5,0,0.0,64891179.46
2025-08-01 10:25:08 AM,222.5,598,133055.0,65024234.46
2025-08-01 10:25:16 AM,222.6,0,0.0,65024234.46
2025-08-01 10:25:16 AM,222.6,1005,223713.0,65247947.46
2025-08-01 10:25:55 AM,222.5,111,24697.5,65272644.96
2025-08-01 10:25:58 AM,222.6,2,445.2,65273090.160000004
2025-08-01 10:26:00 AM,222.6,9,2003.3999999999999,65275093.56
2025-08-01 10:26:15 AM,222.6,23,5119.8,65280213.36
2025-08-01 10:26:21 AM,222.6,25,5565.0,65285778.36
2025-08-01 10:26:32 AM,222.6,10,2226.0,65288004.36
2025-08-01 10:26:36 AM,222.57,0,0.0,65288004.36
2025-08-01 10:26:38 AM,222.6,15,3339.0,65291343.36
2025-08-01 10:26:46 AM,222.6,4,890.4,65292233.76
2025-08-01 10:26:58 AM,222.6,26,5787.599999999999,65298021.36
2025-08-01 10:27:00 AM,222.57,0,0.0,65298021.36
2025-08-01 10:27:01 AM,222.57,19,4228.83,65302250.19
2025-08-01 10:27:03 AM,222.6,0,0.0,65302250.19
2025-08-01 10:27:03 AM,222.6,5,1113.0,65303363.19
2025-08-01 10:27:12 AM,222.6,1,222.6,65303585.79
2025-08-01 10:27:15 AM,222.6,3,667.8,65304253.589999996
2025-08-01 10:27:42 AM,222.6,31,6900.599999999999,65311154.19
2025-08-01 10:27:45 AM,222.6,10,2226.0,65313380.19
2025-08-01 10:28:01 AM,222.6,98,21814.8,65335194.989999995
2025-08-01 10:28:03 AM,222.63,0,0.0,65335194.989999995
2025-08-01 10:28:04 AM,222.63,25,5565.75,65340760.739999995
2025-08-01 10:28:09 AM,222.63,136,30277.68,65371038.419999994
2025-08-01 10:28:11 AM,222.6,0,0.0,65371038.419999994
2025-08-01 10:28:12 AM,222.6,55,12243.0,65383281.419999994
2025-08-01 10:28:14 AM,222.66,0,0.0,65383281.419999994
2025-08-01 10:28:15 AM,222.66,709,157865.94,65541147.35999999
2025-08-01 10:28:20 AM,222.66,3,667.98,65541815.33999999
2025-08-01 10:28:26 AM,222.66,4,890.64,65542705.97999999
2025-08-01 10:28:27 AM,222.93,0,0.0,65542705.97999999
2025-08-01 10:28:28 AM,222.93,1050,234076.5,65776782.47999999
2025-08-01 10:28:40 AM,222.69,10,2226.9,65779009.37999999
2025-08-01 10:28:42 AM,222.92,0,0.0,65779009.37999999
2025-08-01 10:28:42 AM,222.92,76,16941.92,65795951.29999999
2025-08-01 10:28:52 AM,222.91,0,0.0,65795951.29999999
2025-08-01 10:28:54 AM,222.91,4,891.64,65796842.93999999
2025-08-01 10:29:02 AM,222.9,0,0.0,65796842.93999999
2025-08-01 10:29:02 AM,222.9,30,6687.0,65803529.93999999
2025-08-01 10:29:08 AM,222.94,0,0.0,65803529.93999999
2025-08-01 10:29:08 AM,222.94,10,2229.4,65805759.33999999
2025-08-01 10:29:26 AM,222.74,0,0.0,65805759.33999999
2025-08-01 10:29:27 AM,222.74,1,222.74,65805982.07999999
2025-08-01 10:29:40 AM,222.89,0,0.0,65805982.07999999
2025-08-01 10:29:41 AM,222.89,2,445.78,65806427.85999999
2025-08-01 10:29:49 AM,222.93,5002,1115095.86,66921523.71999999
2025-08-01 10:29:52 AM,222.91,0,0.0,66921523.71999999
2025-08-01 10:29:52 AM,222.91,22,4904.0199999999995,66926427.739999995
2025-08-01 10:29:56 AM,222.93,0,0.0,66926427.739999995
2025-08-01 10:29:58 AM,222.93,9,2006.3700000000001,66928434.10999999
2025-08-01 10:30:09 AM,223.19,10,2231.9,66930666.00999999
2025-08-01 10:30:25 AM,223.18,0,0.0,66930666.00999999
2025-08-01 10:30:26 AM,223.18,25,5579.5,66936245.50999999
2025-08-01 10:30:32 AM,223.43,0,0.0,66936245.50999999
2025-08-01 10:30:32 AM,223.43,2001,447083.43,67383328.94
2025-08-01 10:30:44 AM,223.4,0,0.0,67383328.94
2025-08-01 10:30:46 AM,223.4,8,1787.2,67385116.14
2025-08-01 10:30:47 AM,223.24,0,0.0,67385116.14
2025-08-01 10:30:49 AM,223.24,50,11162.0,67396278.14
2025-08-01 10:30:52 AM,223.5,0,0.0,67396278.14
2025-08-01 10:30:52 AM,223.5,400,89400.0,67485678.14
2025-08-01 10:31:00 AM,223.4,0,0.0,67485678.14
2025-08-01 10:31:00 AM,223.4,496,110806.40000000001,67596484.54
2025-08-01 10:31:05 AM,223.23,0,0.0,67596484.54
2025-08-01 10:31:06 AM,223.23,47,10491.81,67606976.35000001
2025-08-01 10:31:09 AM,223.17,0,0.0,67606976.35000001
2025-08-01 10:31:10 AM,223.22,501,111833.22,67718809.57000001
2025-08-01 10:31:31 AM,223.2,0,0.0,67718809.57000001
2025-08-01 10:31:32 AM,223.2,200,44640.0,67763449.57000001
2025-08-01 10:31:34 AM,223.02,20,4460.400000000001,67767909.97000001
2025-08-01 10:31:55 AM,223.0,0,0.0,67767909.97000001
2025-08-01 10:31:55 AM,223.0,508,113284.0,67881193.97000001
2025-08-01 10:32:00 AM,222.82,0,0.0,67881193.97000001
2025-08-01 10:32:01 AM,222.82,2545,567076.9,68448270.87000002
2025-08-01 10:32:04 AM,222.99,0,0.0,68448270.87000002
2025-08-01 10:32:04 AM,222.99,125,27873.75,68476144.62000002
2025-08-01 10:32:08 AM,222.99,15,3344.8500000000004,68479489.47000001
2025-08-01 10:32:10 AM,222.92,0,0.0,68479489.47000001
2025-08-01 10:32:11 AM,222.83,450,100273.5,68579762.97000001
2025-08-01 10:32:31 AM,222.97,25,5574.25,68585337.22000001
2025-08-01 10:32:33 AM,222.8,0,0.0,68585337.22000001
2025-08-01 10:32:34 AM,222.8,10,2228.0,68587565.22000001
2025-08-01 10:32:42 AM,222.79,0,0.0,68587565.22000001
2025-08-01 10:32:43 AM,223.0,354,78942.0,68666507.22000001
2025-08-01 10:32:51 AM,223.0,100,22300.0,68688807.22000001
2025-08-01 10:32:54 AM,223.0,50,11150.0,68699957.22000001
2025-08-01 10:33:00 AM,223.0,10,2230.0,68702187.22000001
2025-08-01 10:33:18 AM,222.87,0,0.0,68702187.22000001
2025-08-01 10:33:19 AM,222.87,71,15823.77,68718010.99000001
2025-08-01 10:33:27 AM,223.0,0,0.0,68718010.99000001
2025-08-01 10:33:28 AM,223.0,5,1115.0,68719125.99000001
2025-08-01 10:33:33 AM,223.0,310,69130.0,68788255.99000001
2025-08-01 10:33:44 AM,223.01,0,0.0,68788255.99000001
2025-08-01 10:33:44 AM,223.01,20,4460.2,68792716.19000001
2025-08-01 10:34:13 AM,223.01,1,223.01,68792939.20000002
2025-08-01 10:34:19 AM,223.01,10,2230.1,68795169.30000001
2025-08-01 10:34:24 AM,223.01,11,2453.1099999999997,68797622.41000001
2025-08-01 10:34:30 AM,222.92,291,64869.719999999994,68862492.13000001
2025-08-01 10:34:32 AM,222.95,5,1114.75,68863606.88000001
2025-08-01 10:34:54 AM,223.17,0,0.0,68863606.88000001
2025-08-01 10:34:55 AM,223.17,100,22317.0,68885923.88000001
2025-08-01 10:34:58 AM,223.15,0,0.0,68885923.88000001
2025-08-01 10:34:59 AM,223.15,2,446.3,68886370.18
2025-08-01 10:35:01 AM,223.01,0,0.0,68886370.18
2025-08-01 10:35:04 AM,223.01,20,4460.2,68890830.38000001
2025-08-01 10:35:45 AM,223.17,0,0.0,68890830.38000001
2025-08-01 10:35:46 AM,223.17,7,1562.1899999999998,68892392.57000001
2025-08-01 10:35:51 AM,223.0,0,0.0,68892392.57000001
2025-08-01 10:35:51 AM,223.0,84,18732.0,68911124.57000001
2025-08-01 10:35:57 AM,222.9,0,0.0,68911124.57000001
2025-08-01 10:35:57 AM,222.9,90,20061.0,68931185.57000001
2025-08-01 10:36:02 AM,222.95,1,222.95,68931408.52000001
2025-08-01 10:36:06 AM,222.95,2,445.9,68931854.42000002
2025-08-01 10:36:14 AM,222.97,0,0.0,68931854.42000002
2025-08-01 10:36:14 AM,222.97,5,1114.85,68932969.27000001
2025-08-01 10:36:17 AM,222.8,0,0.0,68932969.27000001
2025-08-01 10:36:17 AM,222.8,252,56145.600000000006,68989114.87
2025-08-01 10:36:21 AM,222.82,0,0.0,68989114.87
2025-08-01 10:36:23 AM,222.82,2,445.64,68989560.51
2025-08-01 10:36:31 AM,222.82,10,2228.2,68991788.71000001
2025-08-01 10:37:03 AM,222.82,50,11141.0,69002929.71000001
2025-08-01 10:37:18 AM,222.82,29,6461.78,69009391.49000001
2025-08-01 10:37:31 AM,222.82,10,2228.2,69011619.69000001
2025-08-01 10:37:35 AM,222.92,0,0.0,69011619.69000001
2025-08-01 10:37:37 AM,222.92,100,22292.0,69033911.69000001
2025-08-01 10:37:47 AM,222.95,0,0.0,69033911.69000001
2025-08-01 10:37:48 AM,222.98,36,8027.28,69041938.97000001
2025-08-01 10:37:55 AM,222.64,0,0.0,69041938.97000001
2025-08-01 10:37:56 AM,222.64,670,149168.8,69191107.77000001
2025-08-01 10:38:10 AM,222.73,0,0.0,69191107.77000001
2025-08-01 10:38:11 AM,222.73,131,29177.629999999997,69220285.4
2025-08-01 10:38:33 AM,222.72,0,0.0,69220285.4
2025-08-01 10:38:33 AM,222.72,14,3118.08,69223403.48
2025-08-01 10:38:42 AM,222.72,50,11136.0,69234539.48
2025-08-01 10:38:45 AM,222.72,6,1336.32,69235875.8
2025-08-01 10:38:49 AM,222.53,0,0.0,69235875.8
2025-08-01 10:38:50 AM,222.53,200,44506.0,69280381.8
2025-08-01 10:39:10 AM,222.72,0,0.0,69280381.8
2025-08-01 10:39:12 AM,222.72,2,445.44,69280827.24
2025-08-01 10:39:15 AM,222.73,0,0.0,69280827.24
2025-08-01 10:39:15 AM,222.73,50,11136.5,69291963.74
2025-08-01 10:39:21 AM,222.41,1318,293136.38,69585100.11999999
2025-08-01 10:39:24 AM,222.4,0,0.0,69585100.11999999
2025-08-01 10:39:26 AM,222.4,93,20683.2,69605783.32
2025-08-01 10:39:31 AM,222.35,0,0.0,69605783.32
2025-08-01 10:39:32 AM,222.35,12,2668.2,69608451.52
2025-08-01 10:39:35 AM,222.35,13,2890.5499999999997,69611342.07
2025-08-01 10:39:37 AM,222.27,0,0.0,69611342.07
2025-08-01 10:39:38 AM,222.27,11,2444.9700000000003,69613787.03999999
2025-08-01 10:39:46 AM,222.3,0,0.0,69613787.03999999
2025-08-01 10:39:46 AM,222.3,145,32233.5,69646020.53999999
2025-08-01 10:39:52 AM,222.3,2,444.6,69646465.13999999
2025-08-01 10:39:57 AM,222.18,0,0.0,69646465.13999999
2025-08-01 10:39:57 AM,222.18,422,93759.96,69740225.09999998
2025-08-01 10:40:02 AM,222.18,3,666.54,69740891.63999999
2025-08-01 10:40:05 AM,222.0,0,0.0,69740891.63999999
2025-08-01 10:40:05 AM,222.0,4562,1012764.0,70753655.63999999
2025-08-01 10:40:09 AM,221.98,0,0.0,70753655.63999999
2025-08-01 10:40:11 AM,222.12,2165,480889.8,71234545.43999998
2025-08-01 10:40:14 AM,222.14,90,19992.6,71254538.03999998
2025-08-01 10:40:15 AM,222.16,0,0.0,71254538.03999998
2025-08-01 10:40:16 AM,222.0,197,43734.0,71298272.03999998
2025-08-01 10:40:19 AM,222.15,0,0.0,71298272.03999998
2025-08-01 10:40:19 AM,222.15,2,444.3,71298716.33999997
2025-08-01 10:40:25 AM,222.22,2,444.44,71299160.77999997
2025-08-01 10:40:29 AM,222.15,0,0.0,71299160.77999997
2025-08-01 10:40:30 AM,222.15,3,666.45,71299827.22999997
2025-08-01 10:40:43 AM,222.24,0,0.0,71299827.22999997
2025-08-01 10:40:44 AM,222.24,6,1333.44,71301160.66999997
2025-08-01 10:41:26 AM,222.32,0,0.0,71301160.66999997
2025-08-01 10:41:26 AM,222.32,10,2223.2,71303383.86999997
2025-08-01 10:41:32 AM,222.2,0,0.0,71303383.86999997
2025-08-01 10:41:32 AM,222.2,80,17776.0,71321159.86999997
2025-08-01 10:41:35 AM,222.41,0,0.0,71321159.86999997
2025-08-01 10:41:38 AM,222.41,907,201725.87,71522885.73999998
2025-08-01 10:41:43 AM,222.21,0,0.0,71522885.73999998
2025-08-01 10:41:43 AM,222.35,213,47360.549999999996,71570246.28999998
2025-08-01 10:41:45 AM,222.22,0,0.0,71570246.28999998
2025-08-01 10:41:45 AM,222.22,250,55555.0,71625801.28999998
2025-08-01 10:41:53 AM,222.35,0,0.0,71625801.28999998
2025-08-01 10:41:54 AM,222.35,20,4447.0,71630248.28999998
2025-08-01 10:41:55 AM,222.35,5,1111.75,71631360.03999998
2025-08-01 10:41:59 AM,222.35,4,889.4,71632249.43999998
2025-08-01 10:42:11 AM,222.1,1000,222100.0,71854349.43999998
2025-08-01 10:42:12 AM,222.28,100,22228.0,71876577.43999998
2025-08-01 10:42:35 AM,222.22,0,0.0,71876577.43999998
2025-08-01 10:42:35 AM,222.22,3,666.66,71877244.09999998
2025-08-01 10:43:00 AM,222.19,0,0.0,71877244.09999998
2025-08-01 10:43:00 AM,222.19,25,5554.75,71882798.84999998
2025-08-01 10:43:02 AM,222.19,12,2666.2799999999997,71885465.12999998
2025-08-01 10:43:08 AM,222.19,11,2444.09,71887909.21999998
2025-08-01 10:43:19 AM,222.19,35,7776.65,71895685.86999999
2025-08-01 10:43:24 AM,222.19,51,11331.69,71907017.55999999
2025-08-01 10:43:35 AM,222.1,380,84398.0,71991415.55999999
2025-08-01 10:43:44 AM,222.1,10,2221.0,71993636.55999999
2025-08-01 10:43:48 AM,222.05,0,0.0,71993636.55999999
2025-08-01 10:43:49 AM,222.05,5,1110.25,71994746.80999999
2025-08-01 10:43:54 AM,221.95,0,0.0,71994746.80999999
2025-08-01 10:43:54 AM,221.95,584,129618.79999999999,72124365.60999998
2025-08-01 10:44:02 AM,222.25,0,0.0,72124365.60999998
2025-08-01 10:44:04 AM,222.25,2000,444500.0,72568865.60999998
2025-08-01 10:44:12 AM,222.2,0,0.0,72568865.60999998
2025-08-01 10:44:12 AM,222.2,10,2222.0,72571087.60999998
2025-08-01 10:44:15 AM,222.2,10,2222.0,72573309.60999998
2025-08-01 10:44:20 AM,222.2,20,4444.0,72577753.60999998
2025-08-01 10:44:28 AM,222.2,1,222.2,72577975.80999999
2025-08-01 10:44:39 AM,222.05,0,0.0,72577975.80999999
2025-08-01 10:44:39 AM,222.05,888,197180.40000000002,72775156.21
2025-08-01 10:44:53 AM,222.01,25,5550.25,72780706.46
2025-08-01 10:44:57 AM,222.0,0,0.0,72780706.46
2025-08-01 10:44:58 AM,222.0,27,5994.0,72786700.46
2025-08-01 10:45:04 AM,222.13,2,444.26,72787144.72
2025-08-01 10:45:17 AM,222.01,0,0.0,72787144.72
2025-08-01 10:45:18 AM,222.01,58,12876.58,72800021.3
2025-08-01 10:45:34 AM,222.01,17,3774.17,72803795.47
2025-08-01 10:45:39 AM,222.1,0,0.0,72803795.47
2025-08-01 10:45:39 AM,222.1,20,4442.0,72808237.47
2025-08-01 10:45:44 AM,222.0,0,0.0,72808237.47
2025-08-01 10:45:44 AM,222.0,40,8880.0,72817117.47
2025-08-01 10:46:07 AM,222.01,0,0.0,72817117.47
2025-08-01 10:46:09 AM,222.01,25,5550.25,72822667.72
2025-08-01 10:46:14 AM,222.1,0,0.0,72822667.72
2025-08-01 10:46:16 AM,222.1,5,1110.5,72823778.22
2025-08-01 10:46:18 AM,222.01,1065,236440.65,73060218.87
2025-08-01 10:46:27 AM,222.01,19,4218.19,73064437.06
2025-08-01 10:46:45 AM,222.0,0,0.0,73064437.06
2025-08-01 10:46:45 AM,222.0,236,52392.0,73116829.06
2025-08-01 10:46:51 AM,222.07,0,0.0,73116829.06
2025-08-01 10:46:55 AM,222.0,1217,270174.0,73387003.06
2025-08-01 10:47:09 AM,222.12,0,0.0,73387003.06
2025-08-01 10:47:11 AM,222.12,5,1110.6,73388113.66
2025-08-01 10:47:12 AM,222.0,0,0.0,73388113.66
2025-08-01 10:47:12 AM,222.0,1811,402042.0,73790155.66
2025-08-01 10:47:15 AM,221.96,0,0.0,73790155.66
2025-08-01 10:47:16 AM,221.96,37,8212.52,73798368.17999999
2025-08-01 10:47:18 AM,221.96,1,221.96,73798590.13999999
2025-08-01 10:47:23 AM,221.92,2,443.84,73799033.97999999
2025-08-01 10:47:24 AM,221.96,0,0.0,73799033.97999999
2025-08-01 10:47:27 AM,221.96,210,46611.6,73845645.57999998
2025-08-01 10:47:40 AM,221.92,0,0.0,73845645.57999998
2025-08-01 10:47:40 AM,221.92,33,7323.36,73852968.93999998
2025-08-01 10:47:44 AM,221.84,0,0.0,73852968.93999998
2025-08-01 10:47:45 AM,221.8,1338,296768.4,74149737.33999999
2025-08-01 10:47:51 AM,221.8,977,216698.6,74366435.93999998
2025-08-01 10:47:52 AM,221.88,0,0.0,74366435.93999998
2025-08-01 10:47:53 AM,221.8,0,0.0,74366435.93999998
2025-08-01 10:47:54 AM,221.8,218,48352.4,74414788.33999999
2025-08-01 10:47:55 AM,222.0,0,0.0,74414788.33999999
2025-08-01 10:47:56 AM,222.0,1342,297924.0,74712712.33999999
2025-08-01 10:47:59 AM,222.12,8,1776.96,74714489.29999998
2025-08-01 10:48:01 AM,222.25,10,2222.5,74716711.79999998
2025-08-01 10:48:04 AM,222.31,0,0.0,74716711.79999998
2025-08-01 10:48:04 AM,222.31,42,9337.02,74726048.81999998
2025-08-01 10:48:17 AM,222.33,0,0.0,74726048.81999998
2025-08-01 10:48:18 AM,222.33,22,4891.26,74730940.07999998
2025-08-01 10:48:21 AM,222.31,2,444.62,74731384.69999999
2025-08-01 10:48:35 AM,222.32,0,0.0,74731384.69999999
2025-08-01 10:48:37 AM,222.17,0,0.0,74731384.69999999
2025-08-01 10:48:37 AM,222.17,20,4443.4,74735828.1
2025-08-01 10:48:38 AM,222.31,0,0.0,74735828.1
2025-08-01 10:48:39 AM,222.31,25,5557.75,74741385.85
2025-08-01 10:48:45 AM,222.11,59,13104.490000000002,74754490.33999999
2025-08-01 10:48:46 AM,222.05,0,0.0,74754490.33999999
2025-08-01 10:48:48 AM,222.05,25,5551.25,74760041.58999999
2025-08-01 10:48:49 AM,222.15,0,0.0,74760041.58999999
2025-08-01 10:48:50 AM,222.0,103,22866.0,74782907.58999999
2025-08-01 10:48:51 AM,222.13,0,0.0,74782907.58999999
2025-08-01 10:48:54 AM,222.13,1,222.13,74783129.71999998
2025-08-01 10:48:56 AM,221.96,0,0.0,74783129.71999998
2025-08-01 10:48:57 AM,221.94,0,0.0,74783129.71999998
2025-08-01 10:48:59 AM,221.94,4,887.76,74784017.47999999
2025-08-01 10:49:13 AM,222.12,0,0.0,74784017.47999999
2025-08-01 10:49:16 AM,222.12,10,2221.2,74786238.67999999
2025-08-01 10:49:18 AM,222.16,0,0.0,74786238.67999999
2025-08-01 10:49:21 AM,222.16,20,4443.2,74790681.88
2025-08-01 10:49:27 AM,222.15,0,0.0,74790681.88
2025-08-01 10:49:27 AM,222.15,1,222.15,74790904.03
2025-08-01 10:49:37 AM,222.0,0,0.0,74790904.03
2025-08-01 10:49:38 AM,222.0,2,444.0,74791348.03
2025-08-01 10:49:45 AM,222.09,0,0.0,74791348.03
2025-08-01 10:49:48 AM,222.09,14,3109.26,74794457.29
2025-08-01 10:50:24 AM,222.11,0,0.0,74794457.29
2025-08-01 10:50:26 AM,222.11,92,20434.120000000003,74814891.41000001
2025-08-01 10:50:32 AM,222.15,15,3332.25,74818223.66000001
2025-08-01 10:50:45 AM,222.04,0,0.0,74818223.66000001
2025-08-01 10:50:49 AM,222.04,130,28865.2,74847088.86000001
2025-08-01 10:50:58 AM,221.94,0,0.0,74847088.86000001
2025-08-01 10:51:00 AM,221.94,1198,265884.12,75112972.98000002
2025-08-01 10:51:06 AM,221.8,0,0.0,75112972.98000002
2025-08-01 10:51:06 AM,221.8,94,20849.2,75133822.18000002
2025-08-01 10:51:06 AM,221.64,0,0.0,75133822.18000002
2025-08-01 10:51:06 AM,221.64,5187,1149646.68,76283468.86000003
2025-08-01 10:51:12 AM,221.64,123,27261.719999999998,76310730.58000003
2025-08-01 10:51:14 AM,221.63,0,0.0,76310730.58000003
2025-08-01 10:51:16 AM,221.61,0,0.0,76310730.58000003
2025-08-01 10:51:17 AM,221.71,257,56979.47,76367710.05000003
2025-08-01 10:51:18 AM,221.78,0,0.0,76367710.05000003
2025-08-01 10:51:22 AM,221.78,27,5988.06,76373698.11000003
2025-08-01 10:51:24 AM,221.64,0,0.0,76373698.11000003
2025-08-01 10:51:27 AM,221.64,300,66492.0,76440190.11000003
2025-08-01 10:51:30 AM,221.6,0,0.0,76440190.11000003
2025-08-01 10:51:33 AM,221.6,7,1551.2,76441741.31000003
2025-08-01 10:51:39 AM,221.6,43,9528.8,76451270.11000003
2025-08-01 10:51:45 AM,221.6,134,29694.399999999998,76480964.51000004
2025-08-01 10:51:48 AM,221.65,0,0.0,76480964.51000004
2025-08-01 10:51:50 AM,221.65,8,1773.2,76482737.71000004
2025-08-01 10:51:52 AM,221.6,0,0.0,76482737.71000004
2025-08-01 10:51:55 AM,221.6,1,221.6,76482959.31000003
2025-08-01 10:52:12 AM,221.6,63,13960.8,76496920.11000003
2025-08-01 10:52:14 AM,221.68,0,0.0,76496920.11000003
2025-08-01 10:52:17 AM,221.6,710,157336.0,76654256.11000003
2025-08-01 10:52:20 AM,221.7,0,0.0,76654256.11000003
2025-08-01 10:52:22 AM,221.7,192,42566.399999999994,76696822.51000004
2025-08-01 10:52:26 AM,221.6,0,0.0,76696822.51000004
2025-08-01 10:52:28 AM,221.69,27,5985.63,76702808.14000003
2025-08-01 10:52:32 AM,221.6,0,0.0,76702808.14000003
2025-08-01 10:52:33 AM,221.6,2,443.2,76703251.34000003
2025-08-01 10:52:36 AM,221.69,0,0.0,76703251.34000003
2025-08-01 10:52:38 AM,221.69,42,9310.98,76712562.32000004
2025-08-01 10:52:43 AM,221.69,22,4877.18,76717439.50000004
2025-08-01 10:52:50 AM,221.7,0,0.0,76717439.50000004
2025-08-01 10:52:54 AM,221.7,27,5985.9,76723425.40000005
2025-08-01 10:52:56 AM,221.75,0,0.0,76723425.40000005
2025-08-01 10:52:59 AM,221.75,101,22396.75,76745822.15000005
2025-08-01 10:53:04 AM,221.75,51,11309.25,76757131.40000005
2025-08-01 10:53:24 AM,221.8,0,0.0,76757131.40000005
2025-08-01 10:53:26 AM,221.8,2,443.6,76757575.00000004
2025-08-01 10:53:27 AM,221.8,35,7763.0,76765338.00000004
2025-08-01 10:53:31 AM,221.78,148,32823.44,76798161.44000004
2025-08-01 10:53:42 AM,221.78,6,1330.68,76799492.12000005
2025-08-01 10:53:46 AM,221.91,0,0.0,76799492.12000005
2025-08-01 10:53:47 AM,221.91,100,22191.0,76821683.12000005
2025-08-01 10:53:58 AM,221.9,1,221.9,76821905.02000006
2025-08-01 10:54:06 AM,221.84,0,0.0,76821905.02000006
2025-08-01 10:54:08 AM,221.84,267,59231.28,76881136.30000006
2025-08-01 10:54:25 AM,221.63,250,55407.5,76936543.80000006
2025-08-01 10:54:28 AM,221.78,0,0.0,76936543.80000006
2025-08-01 10:54:30 AM,221.78,10,2217.8,76938761.60000005
2025-08-01 10:54:38 AM,221.77,0,0.0,76938761.60000005
2025-08-01 10:54:40 AM,221.77,5,1108.8500000000001,76939870.45000005
2025-08-01 10:54:46 AM,221.6,0,0.0,76939870.45000005
2025-08-01 10:54:47 AM,221.6,100,22160.0,76962030.45000005
2025-08-01 10:54:48 AM,221.78,0,0.0,76962030.45000005
2025-08-01 10:54:50 AM,221.79,0,0.0,76962030.45000005
2025-08-01 10:54:51 AM,221.79,293,64984.47,77027014.92000005
2025-08-01 10:55:12 AM,221.86,0,0.0,77027014.92000005
2025-08-01 10:55:12 AM,221.86,20,4437.200000000001,77031452.12000005
2025-08-01 10:55:24 AM,221.79,0,0.0,77031452.12000005
2025-08-01 10:55:29 AM,221.79,2,443.58,77031895.70000005
2025-08-01 10:55:34 AM,221.79,20,4435.8,77036331.50000004
2025-08-01 10:55:36 AM,221.7,0,0.0,77036331.50000004
2025-08-01 10:55:38 AM,221.71,0,0.0,77036331.50000004
2025-08-01 10:55:40 AM,221.71,43,9533.53,77045865.03000005
2025-08-01 10:55:44 AM,221.6,0,0.0,77045865.03000005
2025-08-01 10:55:45 AM,221.6,2,443.2,77046308.23000005
2025-08-01 10:55:50 AM,221.7,0,0.0,77046308.23000005
2025-08-01 10:55:50 AM,221.7,9,1995.3,77048303.53000005
2025-08-01 10:55:55 AM,221.7,1,221.7,77048525.23000005
2025-08-01 10:56:11 AM,221.7,200,44340.0,77092865.23000005
2025-08-01 10:56:12 AM,221.71,0,0.0,77092865.23000005
2025-08-01 10:56:12 AM,221.71,67,14854.57,77107719.80000004
2025-08-01 10:56:16 AM,221.6,0,0.0,77107719.80000004
2025-08-01 10:56:16 AM,221.71,0,0.0,77107719.80000004
2025-08-01 10:56:16 AM,221.71,16,3547.36,77111267.16000004
2025-08-01 10:56:17 AM,221.7,1001,221921.69999999998,77333188.86000004
2025-08-01 10:56:24 AM,221.71,0,0.0,77333188.86000004
2025-08-01 10:56:26 AM,221.7,0,0.0,77333188.86000004
2025-08-01 10:56:27 AM,221.7,105,23278.5,77356467.36000004
2025-08-01 10:56:32 AM,221.71,0,0.0,77356467.36000004
2025-08-01 10:56:32 AM,221.71,14,3103.94,77359571.30000004
2025-08-01 10:56:36 AM,221.64,0,0.0,77359571.30000004
2025-08-01 10:56:37 AM,221.64,7,1551.48,77361122.78000005
2025-08-01 10:56:49 AM,221.71,500,110855.0,77471977.78000005
2025-08-01 10:56:52 AM,221.64,0,0.0,77471977.78000005
2025-08-01 10:56:53 AM,221.64,31,6870.839999999999,77478848.62000005
2025-08-01 10:56:56 AM,221.6,0,0.0,77478848.62000005
2025-08-01 10:56:58 AM,221.7,0,0.0,77478848.62000005
2025-08-01 10:56:59 AM,221.7,15,3325.5,77482174.12000005
2025-08-01 10:57:06 AM,221.73,0,0.0,77482174.12000005
2025-08-01 10:57:08 AM,221.18,0,0.0,77482174.12000005
2025-08-01 10:57:09 AM,221.18,3549,784967.8200000001,78267141.94000004
2025-08-01 10:57:12 AM,221.13,0,0.0,78267141.94000004
2025-08-01 10:57:14 AM,221.12,0,0.0,78267141.94000004
2025-08-01 10:57:14 AM,221.1,783,173121.3,78440263.24000004
2025-08-01 10:57:15 AM,220.73,9483,2093182.5899999999,80533445.83000004
2025-08-01 10:57:16 AM,220.64,0,0.0,80533445.83000004
2025-08-01 10:57:18 AM,220.57,0,0.0,80533445.83000004
2025-08-01 10:57:19 AM,220.76,729,160934.03999999998,80694379.87000005
2025-08-01 10:57:20 AM,220.75,0,0.0,80694379.87000005
2025-08-01 10:57:20 AM,220.75,1,220.75,80694600.62000005
2025-08-01 10:57:22 AM,220.8,0,0.0,80694600.62000005
2025-08-01 10:57:24 AM,220.63,0,0.0,80694600.62000005
2025-08-01 10:57:25 AM,220.63,555,122449.65,80817050.27000006
2025-08-01 10:57:30 AM,220.76,0,0.0,80817050.27000006
2025-08-01 10:57:30 AM,220.76,30,6622.799999999999,80823673.07000005
2025-08-01 10:57:31 AM,220.76,364,80356.64,80904029.71000005
2025-08-01 10:57:34 AM,220.87,0,0.0,80904029.71000005
2025-08-01 10:57:36 AM,220.83,358,79057.14,80983086.85000005
2025-08-01 10:57:44 AM,220.8,0,0.0,80983086.85000005
2025-08-01 10:57:46 AM,220.8,157,34665.6,81017752.45000005
2025-08-01 10:58:02 AM,220.88,0,0.0,81017752.45000005
2025-08-01 10:58:02 AM,220.88,10,2208.8,81019961.25000004
2025-08-01 10:58:05 AM,220.65,1548,341566.2,81361527.45000005
2025-08-01 10:58:06 AM,221.0,0,0.0,81361527.45000005
2025-08-01 10:58:06 AM,221.0,691,152711.0,81514238.45000005
2025-08-01 10:58:14 AM,221.23,50,11061.5,81525299.95000005
2025-08-01 10:58:15 AM,221.32,5040,1115452.8,82640752.75000004
2025-08-01 10:58:21 AM,221.35,0,0.0,82640752.75000004
2025-08-01 10:58:21 AM,221.35,10,2213.5,82642966.25000004
2025-08-01 10:58:26 AM,221.1,70,15477.0,82658443.25000004
2025-08-01 10:58:28 AM,221.22,0,0.0,82658443.25000004
2025-08-01 10:58:28 AM,221.22,5,1106.1,82659549.35000004
2025-08-01 10:58:34 AM,221.24,0,0.0,82659549.35000004
2025-08-01 10:58:35 AM,221.04,0,0.0,82659549.35000004
2025-08-01 10:58:35 AM,221.04,74,16356.96,82675906.31000003
2025-08-01 10:58:48 AM,221.24,404,89380.96,82765287.27000003
2025-08-01 10:58:59 AM,221.22,1,221.22,82765508.49000002
2025-08-01 10:59:06 AM,221.4,0,0.0,82765508.49000002
2025-08-01 10:59:07 AM,221.4,11,2435.4,82767943.89000003
2025-08-01 10:59:16 AM,221.18,0,0.0,82767943.89000003
2025-08-01 10:59:17 AM,221.18,9,1990.6200000000001,82769934.51000004
2025-08-01 10:59:18 AM,221.28,0,0.0,82769934.51000004
2025-08-01 10:59:22 AM,221.25,0,0.0,82769934.51000004
2025-08-01 10:59:22 AM,221.25,13,2876.25,82772810.76000004
2025-08-01 10:59:26 AM,221.26,0,0.0,82772810.76000004
2025-08-01 10:59:27 AM,221.26,5,1106.3,82773917.06000003
2025-08-01 10:59:32 AM,221.25,0,0.0,82773917.06000003
2025-08-01 10:59:32 AM,221.25,5,1106.25,82775023.31000003
2025-08-01 10:59:48 AM,221.35,0,0.0,82775023.31000003
2025-08-01 10:59:48 AM,221.35,175,38736.25,82813759.56000003
2025-08-01 10:59:52 AM,221.25,0,0.0,82813759.56000003
2025-08-01 10:59:54 AM,221.25,148,32745.0,82846504.56000003
2025-08-01 10:59:56 AM,221.18,0,0.0,82846504.56000003
2025-08-01 10:59:59 AM,221.18,26,5750.68,82852255.24000004
2025-08-01 11:00:03 AM,221.25,0,0.0,82852255.24000004
2025-08-01 11:00:03 AM,221.12,0,0.0,82852255.24000004
2025-08-01 11:00:05 AM,221.12,52,11498.24,82863753.48000003
2025-08-01 11:00:11 AM,221.31,0,0.0,82863753.48000003
2025-08-01 11:00:11 AM,221.53,0,0.0,82863753.48000003
2025-08-01 11:00:11 AM,221.53,789,174787.17,83038540.65000004
2025-08-01 11:00:17 AM,221.59,22,4874.9800000000005,83043415.63000004
2025-08-01 11:00:27 AM,221.56,0,0.0,83043415.63000004
2025-08-01 11:00:28 AM,221.56,100,22156.0,83065571.63000004
2025-08-01 11:00:44 AM,221.5,1,221.5,83065793.13000004
2025-08-01 11:00:47 AM,221.45,0,0.0,83065793.13000004
2025-08-01 11:00:49 AM,221.45,7,1550.1499999999999,83067343.28000005
2025-08-01 11:00:51 AM,221.56,0,0.0,83067343.28000005
2025-08-01 11:00:51 AM,221.4,0,0.0,83067343.28000005
2025-08-01 11:00:53 AM,221.55,0,0.0,83067343.28000005
2025-08-01 11:00:54 AM,221.55,300,66465.0,83133808.28000005
2025-08-01 11:00:59 AM,221.23,0,0.0,83133808.28000005
2025-08-01 11:00:59 AM,221.23,500,110615.0,83244423.28000005
2025-08-01 11:01:07 AM,221.4,0,0.0,83244423.28000005
2025-08-01 11:01:10 AM,221.4,5,1107.0,83245530.28000005
2025-08-01 11:01:11 AM,221.27,60,13276.2,83258806.48000005
2025-08-01 11:01:15 AM,221.39,0,0.0,83258806.48000005
2025-08-01 11:01:16 AM,221.39,1,221.39,83259027.87000005
2025-08-01 11:01:25 AM,221.38,0,0.0,83259027.87000005
2025-08-01 11:01:26 AM,221.38,200,44276.0,83303303.87000005
2025-08-01 11:01:35 AM,221.35,0,0.0,83303303.87000005
2025-08-01 11:01:36 AM,221.35,55,12174.25,83315478.12000005
2025-08-01 11:01:59 AM,221.34,0,0.0,83315478.12000005
2025-08-01 11:02:02 AM,221.34,17,3762.78,83319240.90000005
2025-08-01 11:02:07 AM,221.43,0,0.0,83319240.90000005
2025-08-01 11:02:07 AM,221.43,83,18378.690000000002,83337619.59000005
2025-08-01 11:02:13 AM,221.43,2,442.86,83338062.45000005
2025-08-01 11:02:18 AM,221.28,300,66384.0,83404446.45000005
2025-08-01 11:02:37 AM,221.22,100,22122.0,83426568.45000005
2025-08-01 11:02:37 AM,221.2,0,0.0,83426568.45000005
2025-08-01 11:02:41 AM,221.2,606,134047.19999999998,83560615.65000005
2025-08-01 11:02:45 AM,221.15,0,0.0,83560615.65000005
2025-08-01 11:02:46 AM,221.15,8,1769.2,83562384.85000005
2025-08-01 11:02:51 AM,221.13,0,0.0,83562384.85000005
2025-08-01 11:02:52 AM,221.13,10,2211.3,83564596.15000005
2025-08-01 11:02:55 AM,221.2,0,0.0,83564596.15000005
2025-08-01 11:02:57 AM,221.2,2,442.4,83565038.55000006
2025-08-01 11:03:02 AM,221.27,413,91384.51000000001,83656423.06000006
2025-08-01 11:03:03 AM,221.42,21,4649.82,83661072.88000005
2025-08-01 11:03:11 AM,221.21,0,0.0,83661072.88000005
2025-08-01 11:03:12 AM,221.21,6,1327.26,83662400.14000006
2025-08-01 11:03:17 AM,221.39,137,30330.429999999997,83692730.57000007
2025-08-01 11:03:19 AM,221.42,4,885.68,83693616.25000007
2025-08-01 11:03:19 AM,221.39,0,0.0,83693616.25000007
2025-08-01 11:03:22 AM,221.39,101,22360.39,83715976.64000008
2025-08-01 11:03:37 AM,221.39,1,221.39,83716198.03000008
2025-08-01 11:03:40 AM,221.4,10,2214.0,83718412.03000008
2025-08-01 11:03:51 AM,221.4,2,442.8,83718854.83000007
2025-08-01 11:03:53 AM,221.39,0,0.0,83718854.83000007
2025-08-01 11:03:54 AM,221.39,2,442.78,83719297.61000007
2025-08-01 11:03:55 AM,221.4,0,0.0,83719297.61000007
2025-08-01 11:03:56 AM,221.39,136,30109.039999999997,83749406.65000008
2025-08-01 11:03:57 AM,221.46,0,0.0,83749406.65000008
2025-08-01 11:03:59 AM,221.46,110,24360.600000000002,83773767.25000007
2025-08-01 11:04:01 AM,221.59,0,0.0,83773767.25000007
2025-08-01 11:04:01 AM,221.59,3052,676292.68,84450059.93000008
2025-08-01 11:04:11 AM,221.6,0,0.0,84450059.93000008
2025-08-01 11:04:12 AM,221.6,14,3102.4,84453162.33000009
2025-08-01 11:04:17 AM,221.64,10,2216.3999999999996,84455378.7300001
2025-08-01 11:04:20 AM,221.6,91,20165.6,84475544.33000009
2025-08-01 11:04:30 AM,221.6,50,11080.0,84486624.33000009
2025-08-01 11:04:32 AM,221.65,282,62505.3,84549129.63000008
2025-08-01 11:04:36 AM,221.64,0,0.0,84549129.63000008
2025-08-01 11:04:37 AM,221.64,300,66492.0,84615621.63000008
2025-08-01 11:04:39 AM,221.66,0,0.0,84615621.63000008
2025-08-01 11:04:40 AM,221.66,19,4211.54,84619833.17000009
2025-08-01 11:04:45 AM,221.76,0,0.0,84619833.17000009
2025-08-01 11:04:45 AM,221.76,7,1552.32,84621385.49000008
2025-08-01 11:04:51 AM,221.83,120,26619.600000000002,84648005.09000008
2025-08-01 11:04:54 AM,221.84,0,0.0,84648005.09000008
2025-08-01 11:04:56 AM,221.84,6,1331.04,84649336.13000008
2025-08-01 11:05:02 AM,221.84,14,3105.76,84652441.89000009
2025-08-01 11:05:05 AM,221.85,0,0.0,84652441.89000009
2025-08-01 11:05:07 AM,221.85,110,24403.5,84676845.39000009
2025-08-01 11:05:09 AM,221.84,161,35716.24,84712561.63000008
2025-08-01 11:05:14 AM,221.8,0,0.0,84712561.63000008
2025-08-01 11:05:14 AM,221.8,10,2218.0,84714779.63000008
2025-08-01 11:05:15 AM,221.82,0,0.0,84714779.63000008
2025-08-01 11:05:18 AM,221.82,4,887.28,84715666.91000009
2025-08-01 11:05:30 AM,221.75,167,37032.25,84752699.16000009
2025-08-01 11:05:31 AM,221.83,0,0.0,84752699.16000009
2025-08-01 11:05:34 AM,221.75,20,4435.0,84757134.16000009
2025-08-01 11:05:37 AM,221.78,0,0.0,84757134.16000009
2025-08-01 11:05:39 AM,221.78,48,10645.44,84767779.60000008
2025-08-01 11:05:46 AM,221.8,0,0.0,84767779.60000008
2025-08-01 11:05:46 AM,221.8,302,66983.6,84834763.20000008
2025-08-01 11:05:55 AM,221.82,0,0.0,84834763.20000008
2025-08-01 11:05:55 AM,221.82,20,4436.4,84839199.60000008
2025-08-01 11:05:57 AM,221.81,0,0.0,84839199.60000008
2025-08-01 11:06:00 AM,221.8,0,0.0,84839199.60000008
2025-08-01 11:06:01 AM,221.8,25,5545.0,84844744.60000008
2025-08-01 11:06:20 AM,221.54,0,0.0,84844744.60000008
2025-08-01 11:06:22 AM,221.54,176,38991.04,84883735.64000009
2025-08-01 11:06:34 AM,221.78,0,0.0,84883735.64000009
2025-08-01 11:06:35 AM,221.78,230,51009.4,84934745.0400001
2025-08-01 11:06:38 AM,221.82,0,0.0,84934745.0400001
2025-08-01 11:06:42 AM,221.82,100,22182.0,84956927.0400001
2025-08-01 11:06:45 AM,221.58,0,0.0,84956927.0400001
2025-08-01 11:06:48 AM,221.58,101,22379.58,84979306.6200001
2025-08-01 11:06:50 AM,221.58,1271,281628.18,85260934.8000001
2025-08-01 11:07:03 AM,221.65,0,0.0,85260934.8000001
2025-08-01 11:07:04 AM,221.65,123,27262.95,85288197.7500001
2025-08-01 11:07:09 AM,221.64,0,0.0,85288197.7500001
2025-08-01 11:07:09 AM,221.64,1,221.64,85288419.3900001
2025-08-01 11:07:10 AM,221.77,33,7318.410000000001,85295737.8000001
2025-08-01 11:07:20 AM,221.77,11,2439.4700000000003,85298177.2700001
2025-08-01 11:07:25 AM,221.85,25,5546.25,85303723.5200001
2025-08-01 11:07:27 AM,221.77,4,887.08,85304610.6000001
2025-08-01 11:07:27 AM,221.85,0,0.0,85304610.6000001
2025-08-01 11:07:31 AM,221.77,0,0.0,85304610.6000001
2025-08-01 11:07:31 AM,221.77,128,28386.56,85332997.1600001
2025-08-01 11:07:36 AM,221.77,7,1552.39,85334549.5500001
2025-08-01 11:07:43 AM,221.77,106,23507.620000000003,85358057.1700001
2025-08-01 11:07:47 AM,221.77,6,1330.6200000000001,85359387.79000011
2025-08-01 11:07:49 AM,221.65,1077,238717.05000000002,85598104.84000011
2025-08-01 11:07:51 AM,221.6,0,0.0,85598104.84000011
2025-08-01 11:07:52 AM,221.6,7,1551.2,85599656.04000011
2025-08-01 11:07:54 AM,221.6,3,664.8,85600320.84000011
2025-08-01 11:08:07 AM,221.69,0,0.0,85600320.84000011
2025-08-01 11:08:09 AM,221.69,23,5098.87,85605419.71000011
2025-08-01 11:08:11 AM,221.69,3,665.0699999999999,85606084.7800001
2025-08-01 11:08:14 AM,221.69,20,4433.8,85610518.5800001
2025-08-01 11:08:15 AM,221.4,0,0.0,85610518.5800001
2025-08-01 11:08:16 AM,221.4,1202,266122.8,85876641.3800001
2025-08-01 11:08:19 AM,221.2,0,0.0,85876641.3800001
2025-08-01 11:08:19 AM,221.2,70,15484.0,85892125.3800001
2025-08-01 11:08:23 AM,221.29,0,0.0,85892125.3800001
2025-08-01 11:08:24 AM,221.2,68,15041.599999999999,85907166.9800001
2025-08-01 11:08:29 AM,221.2,2,442.4,85907609.3800001
2025-08-01 11:08:31 AM,221.27,0,0.0,85907609.3800001
2025-08-01 11:08:32 AM,221.27,2,442.54,85908051.9200001
2025-08-01 11:08:33 AM,221.2,0,0.0,85908051.9200001
2025-08-01 11:08:35 AM,221.2,53,11723.599999999999,85919775.5200001
2025-08-01 11:08:40 AM,221.13,3,663.39,85920438.9100001
2025-08-01 11:08:45 AM,221.2,0,0.0,85920438.9100001
2025-08-01 11:08:45 AM,221.2,1,221.2,85920660.1100001
2025-08-01 11:08:55 AM,221.0,0,0.0,85920660.1100001
2025-08-01 11:08:55 AM,221.0,399,88179.0,86008839.1100001
2025-08-01 11:08:57 AM,221.1,0,0.0,86008839.1100001
2025-08-01 11:08:58 AM,220.98,811,179214.78,86188053.8900001
2025-08-01 11:09:00 AM,220.99,0,0.0,86188053.8900001
2025-08-01 11:09:01 AM,220.9,0,0.0,86188053.8900001
2025-08-01 11:09:01 AM,220.9,240,53016.0,86241069.8900001
2025-08-01 11:09:05 AM,220.98,0,0.0,86241069.8900001
2025-08-01 11:09:07 AM,220.98,115,25412.699999999997,86266482.59000011
2025-08-01 11:09:10 AM,221.07,0,0.0,86266482.59000011
2025-08-01 11:09:11 AM,221.07,1320,291812.39999999997,86558294.99000011
2025-08-01 11:09:12 AM,221.02,0,0.0,86558294.99000011
2025-08-01 11:09:13 AM,221.02,88,19449.760000000002,86577744.75000012
2025-08-01 11:09:22 AM,221.13,2,442.26,86578187.01000012
2025-08-01 11:09:27 AM,221.13,5,1105.65,86579292.66000013
2025-08-01 11:09:32 AM,221.13,316,69877.08,86649169.74000013
2025-08-01 11:09:41 AM,221.13,88,19459.44,86668629.18000013
2025-08-01 11:09:52 AM,221.2,0,0.0,86668629.18000013
2025-08-01 11:09:53 AM,221.2,29,6414.799999999999,86675043.98000012
2025-08-01 11:09:57 AM,221.08,25,5527.0,86680570.98000012
2025-08-01 11:10:02 AM,221.08,117,25866.36,86706437.34000012
2025-08-01 11:10:02 AM,221.19,0,0.0,86706437.34000012
2025-08-01 11:10:03 AM,221.19,40,8847.6,86715284.94000012
2025-08-01 11:10:18 AM,221.19,2,442.38,86715727.32000011
2025-08-01 11:10:24 AM,221.2,0,0.0,86715727.32000011
2025-08-01 11:10:24 AM,221.2,3,663.5999999999999,86716390.9200001
2025-08-01 11:10:44 AM,221.08,0,0.0,86716390.9200001
2025-08-01 11:10:45 AM,221.08,111,24539.88,86740930.8000001
2025-08-01 11:10:50 AM,221.02,0,0.0,86740930.8000001
2025-08-01 11:10:51 AM,221.02,7,1547.14,86742477.9400001
2025-08-01 11:10:54 AM,221.08,0,0.0,86742477.9400001
2025-08-01 11:10:56 AM,221.08,4,884.32,86743362.2600001
2025-08-01 11:11:08 AM,221.08,502,110982.16,86854344.42000009
2025-08-01 11:11:08 AM,221.08,2,442.16,86854786.58000009
2025-08-01 11:11:52 AM,221.09,0,0.0,86854786.58000009
2025-08-01 11:11:54 AM,221.18,0,0.0,86854786.58000009
2025-08-01 11:11:56 AM,221.18,61,13491.98,86868278.56000009
2025-08-01 11:12:00 AM,221.08,0,0.0,86868278.56000009
2025-08-01 11:12:01 AM,221.08,27,5969.160000000001,86874247.72000009
2025-08-01 11:12:06 AM,221.24,635,140487.4,87014735.1200001
2025-08-01 11:12:08 AM,221.08,0,0.0,87014735.1200001
2025-08-01 11:12:10 AM,221.18,0,0.0,87014735.1200001
2025-08-01 11:12:12 AM,221.18,425,94001.5,87108736.6200001
2025-08-01 11:12:14 AM,221.08,0,0.0,87108736.6200001
2025-08-01 11:12:17 AM,221.08,23,5084.84,87113821.4600001
2025-08-01 11:12:20 AM,221.2,0,0.0,87113821.4600001
2025-08-01 11:12:23 AM,221.2,23,5087.599999999999,87118909.06000009
2025-08-01 11:12:30 AM,221.08,0,0.0,87118909.06000009
2025-08-01 11:12:30 AM,221.21,0,0.0,87118909.06000009
2025-08-01 11:12:32 AM,221.19,0,0.0,87118909.06000009
2025-08-01 11:12:34 AM,221.19,12,2654.2799999999997,87121563.3400001
2025-08-01 11:12:34 AM,221.28,300,66384.0,87187947.3400001
2025-08-01 11:12:42 AM,221.16,0,0.0,87187947.3400001
2025-08-01 11:12:44 AM,221.3,0,0.0,87187947.3400001
2025-08-01 11:12:44 AM,221.3,36,7966.8,87195914.14000009
2025-08-01 11:12:48 AM,221.16,0,0.0,87195914.14000009
2025-08-01 11:12:49 AM,221.16,15,3317.4,87199231.5400001
2025-08-01 11:13:06 AM,221.29,75,16596.75,87215828.2900001
2025-08-01 11:13:10 AM,221.36,0,0.0,87215828.2900001
2025-08-01 11:13:10 AM,221.36,8,1770.88,87217599.17000009
2025-08-01 11:13:14 AM,221.54,0,0.0,87217599.17000009
2025-08-01 11:13:16 AM,221.54,903,200050.62,87417649.7900001
2025-08-01 11:13:30 AM,221.43,0,0.0,87417649.7900001
2025-08-01 11:13:32 AM,221.43,10,2214.3,87419864.0900001
2025-08-01 11:13:38 AM,221.5,60,13290.0,87433154.0900001
2025-08-01 11:13:38 AM,221.33,0,0.0,87433154.0900001
2025-08-01 11:13:39 AM,221.33,10,2213.3,87435367.39000009
2025-08-01 11:13:45 AM,221.28,0,0.0,87435367.39000009
2025-08-01 11:13:48 AM,221.28,35,7744.8,87443112.19000009
2025-08-01 11:13:59 AM,221.28,1,221.28,87443333.47000009
2025-08-01 11:14:05 AM,221.37,3,664.11,87443997.58000009
2025-08-01 11:14:10 AM,221.37,2,442.74,87444440.32000008
2025-08-01 11:14:12 AM,221.28,305,67490.4,87511930.72000009
2025-08-01 11:14:16 AM,221.28,38,8408.64,87520339.36000009
2025-08-01 11:14:21 AM,221.28,7,1548.96,87521888.32000008
2025-08-01 11:14:26 AM,221.28,34,7523.52,87529411.84000008
2025-08-01 11:14:31 AM,221.12,0,0.0,87529411.84000008
2025-08-01 11:14:32 AM,221.12,200,44224.0,87573635.84000008
2025-08-01 11:14:33 AM,221.04,0,0.0,87573635.84000008
2025-08-01 11:14:33 AM,221.04,450,99468.0,87673103.84000008
2025-08-01 11:14:35 AM,221.29,0,0.0,87673103.84000008
2025-08-01 11:14:37 AM,221.29,300,66387.0,87739490.84000008
2025-08-01 11:14:38 AM,221.18,4,884.72,87740375.56000008
2025-08-01 11:14:41 AM,221.36,0,0.0,87740375.56000008
2025-08-01 11:14:42 AM,221.36,500,110680.0,87851055.56000008
2025-08-01 11:14:53 AM,221.3,0,0.0,87851055.56000008
2025-08-01 11:14:53 AM,221.3,4,885.2,87851940.76000008
2025-08-01 11:15:13 AM,221.32,0,0.0,87851940.76000008
2025-08-01 11:15:15 AM,221.32,20,4426.4,87856367.16000009
2025-08-01 11:15:29 AM,221.34,0,0.0,87856367.16000009
2025-08-01 11:15:31 AM,221.34,1,221.34,87856588.50000009
2025-08-01 11:15:36 AM,221.1,60,13266.0,87869854.50000009
2025-08-01 11:15:45 AM,221.12,0,0.0,87869854.50000009
2025-08-01 11:15:46 AM,221.23,9,1991.07,87871845.57000008
2025-08-01 11:15:57 AM,221.23,13,2875.99,87874721.56000008
2025-08-01 11:16:07 AM,221.1,0,0.0,87874721.56000008
2025-08-01 11:16:08 AM,221.1,250,55275.0,87929996.56000008
2025-08-01 11:16:09 AM,221.28,0,0.0,87929996.56000008
2025-08-01 11:16:12 AM,221.28,1,221.28,87930217.84000008
2025-08-01 11:16:28 AM,221.28,7,1548.96,87931766.80000007
2025-08-01 11:16:31 AM,221.35,0,0.0,87931766.80000007
2025-08-01 11:16:33 AM,221.28,0,0.0,87931766.80000007
2025-08-01 11:16:33 AM,221.28,12,2655.36,87934422.16000007
2025-08-01 11:16:49 AM,221.28,14,3097.92,87937520.08000007
2025-08-01 11:17:03 AM,221.37,0,0.0,87937520.08000007
2025-08-01 11:17:05 AM,221.37,14,3099.1800000000003,87940619.26000008
2025-08-01 11:17:26 AM,221.37,5,1106.85,87941726.11000007
2025-08-01 11:17:32 AM,221.38,1,221.38,87941947.49000007
2025-08-01 11:17:35 AM,221.28,0,0.0,87941947.49000007
2025-08-01 11:17:37 AM,221.28,15,3319.2,87945266.69000007
2025-08-01 11:17:42 AM,221.39,18,3985.0199999999995,87949251.71000007
2025-08-01 11:17:48 AM,221.38,30,6641.4,87955893.11000007
2025-08-01 11:17:51 AM,221.21,0,0.0,87955893.11000007
2025-08-01 11:17:53 AM,221.21,100,22121.0,87978014.11000007
2025-08-01 11:18:01 AM,221.36,0,0.0,87978014.11000007
2025-08-01 11:18:03 AM,221.36,2,442.72,87978456.83000007
2025-08-01 11:18:09 AM,221.21,0,0.0,87978456.83000007
2025-08-01 11:18:09 AM,221.21,13,2875.73,87981332.56000008
2025-08-01 11:18:11 AM,221.29,1,221.29,87981553.85000008
2025-08-01 11:18:19 AM,221.3,0,0.0,87981553.85000008
2025-08-01 11:18:20 AM,221.3,47,10401.1,87991954.95000008
2025-08-01 11:18:21 AM,221.35,0,0.0,87991954.95000008
2025-08-01 11:18:22 AM,221.35,15,3320.25,87995275.20000008
2025-08-01 11:18:23 AM,221.31,0,0.0,87995275.20000008
2025-08-01 11:18:26 AM,221.31,1,221.31,87995496.51000008
2025-08-01 11:18:31 AM,221.35,0,0.0,87995496.51000008
2025-08-01 11:18:31 AM,221.35,1,221.35,87995717.86000007
2025-08-01 11:18:33 AM,221.39,0,0.0,87995717.86000007
2025-08-01 11:18:37 AM,221.39,2,442.78,87996160.64000008
2025-08-01 11:18:55 AM,221.39,25,5534.75,88001695.39000008
2025-08-01 11:19:01 AM,221.3,1510,334163.0,88335858.39000008
2025-08-01 11:19:10 AM,221.24,0,0.0,88335858.39000008
2025-08-01 11:19:12 AM,221.24,79,17477.96,88353336.35000007
2025-08-01 11:19:23 AM,221.24,14,3097.36,88356433.71000007
2025-08-01 11:19:30 AM,221.2,0,0.0,88356433.71000007
2025-08-01 11:19:34 AM,221.2,7,1548.3999999999999,88357982.11000007
2025-08-01 11:19:34 AM,221.24,0,0.0,88357982.11000007
2025-08-01 11:19:34 AM,221.24,148,32743.52,88390725.63000007
2025-08-01 11:19:39 AM,221.24,352,77876.48000000001,88468602.11000007
2025-08-01 11:19:42 AM,221.21,0,0.0,88468602.11000007
2025-08-01 11:19:44 AM,221.21,10,2212.1,88470814.21000007
2025-08-01 11:19:46 AM,221.04,0,0.0,88470814.21000007
2025-08-01 11:19:50 AM,221.04,50,11052.0,88481866.21000007
2025-08-01 11:20:00 AM,221.04,10,2210.4,88484076.61000007
2025-08-01 11:20:04 AM,221.17,0,0.0,88484076.61000007
2025-08-01 11:20:06 AM,221.17,77,17030.09,88501106.70000008
2025-08-01 11:20:08 AM,221.05,0,0.0,88501106.70000008
2025-08-01 11:20:11 AM,221.05,5,1105.25,88502211.95000008
2025-08-01 11:20:27 AM,221.18,0,0.0,88502211.95000008
2025-08-01 11:20:27 AM,221.18,51,11280.18,88513492.13000008
2025-08-01 11:20:32 AM,221.18,5,1105.9,88514598.03000009
2025-08-01 11:20:34 AM,221.28,0,0.0,88514598.03000009
2025-08-01 11:20:37 AM,221.05,0,0.0,88514598.03000009
2025-08-01 11:20:37 AM,221.05,400,88420.0,88603018.03000009
2025-08-01 11:20:42 AM,221.23,0,0.0,88603018.03000009
2025-08-01 11:20:43 AM,221.23,15,3318.45,88606336.4800001
2025-08-01 11:20:44 AM,221.04,0,0.0,88606336.4800001
2025-08-01 11:20:48 AM,221.04,1100,243144.0,88849480.4800001
2025-08-01 11:20:56 AM,221.05,0,0.0,88849480.4800001
2025-08-01 11:20:58 AM,221.05,999,220828.95,89070309.4300001
2025-08-01 11:20:58 AM,221.23,0,0.0,89070309.4300001
2025-08-01 11:21:03 AM,221.23,5,1106.1499999999999,89071415.5800001
2025-08-01 11:21:08 AM,221.23,7,1548.61,89072964.1900001
2025-08-01 11:21:24 AM,221.29,0,0.0,89072964.1900001
2025-08-01 11:21:25 AM,221.29,2,442.58,89073406.7700001
2025-08-01 11:21:38 AM,221.23,0,0.0,89073406.7700001
2025-08-01 11:21:40 AM,221.23,1013,224105.99,89297512.7600001
2025-08-01 11:22:43 AM,221.22,0,0.0,89297512.7600001
2025-08-01 11:22:43 AM,221.22,10,2212.2,89299724.9600001
2025-08-01 11:22:45 AM,221.23,0,0.0,89299724.9600001
2025-08-01 11:22:49 AM,221.23,297,65705.31,89365430.2700001
2025-08-01 11:22:53 AM,221.23,243,53758.89,89419189.1600001
2025-08-01 11:22:56 AM,221.16,0,0.0,89419189.1600001
2025-08-01 11:22:57 AM,221.26,0,0.0,89419189.1600001
2025-08-01 11:22:59 AM,221.26,18,3982.68,89423171.84000011
2025-08-01 11:23:01 AM,221.15,0,0.0,89423171.84000011
2025-08-01 11:23:02 AM,221.29,0,0.0,89423171.84000011
2025-08-01 11:23:04 AM,221.25,39,8628.75,89431800.59000011
2025-08-01 11:23:07 AM,221.33,0,0.0,89431800.59000011
2025-08-01 11:23:09 AM,221.33,116,25674.280000000002,89457474.87000011
2025-08-01 11:23:12 AM,221.25,0,0.0,89457474.87000011
2025-08-01 11:23:15 AM,221.25,6,1327.5,89458802.37000011
2025-08-01 11:23:30 AM,221.25,1,221.25,89459023.62000011
2025-08-01 11:23:38 AM,221.41,0,0.0,89459023.62000011
2025-08-01 11:23:41 AM,221.41,300,66423.0,89525446.62000011
2025-08-01 11:23:46 AM,221.48,10,2214.7999999999997,89527661.4200001
2025-08-01 11:23:48 AM,221.44,0,0.0,89527661.4200001
2025-08-01 11:23:51 AM,221.44,112,24801.28,89552462.7000001
2025-08-01 11:24:03 AM,221.4,0,0.0,89552462.7000001
2025-08-01 11:24:05 AM,221.4,3,664.2,89553126.90000011
2025-08-01 11:24:10 AM,221.4,90,19926.0,89573052.90000011
2025-08-01 11:24:14 AM,221.29,0,0.0,89573052.90000011
2025-08-01 11:24:16 AM,221.29,20,4425.8,89577478.7000001
2025-08-01 11:24:22 AM,221.28,30,6638.4,89584117.10000011
2025-08-01 11:24:48 AM,221.28,1,221.28,89584338.38000011
2025-08-01 11:24:51 AM,221.24,0,0.0,89584338.38000011
2025-08-01 11:24:53 AM,221.24,8,1769.92,89586108.30000012
2025-08-01 11:25:19 AM,221.24,500,110620.0,89696728.30000012
2025-08-01 11:25:24 AM,221.24,27,5973.4800000000005,89702701.78000012
2025-08-01 11:25:44 AM,221.28,0,0.0,89702701.78000012
2025-08-01 11:25:45 AM,221.28,10,2212.8,89704914.58000012
2025-08-01 11:25:55 AM,221.23,0,0.0,89704914.58000012
2025-08-01 11:25:56 AM,221.23,1000,221230.0,89926144.58000012
2025-08-01 11:26:00 AM,221.23,55,12167.65,89938312.23000012
2025-08-01 11:26:10 AM,221.29,0,0.0,89938312.23000012
2025-08-01 11:26:11 AM,221.29,5,1106.45,89939418.68000013
2025-08-01 11:26:35 AM,221.25,0,0.0,89939418.68000013
2025-08-01 11:26:37 AM,221.25,10,2212.5,89941631.18000013
2025-08-01 11:26:43 AM,221.25,25,5531.25,89947162.43000013
2025-08-01 11:26:52 AM,221.25,101,22346.25,89969508.68000013
2025-08-01 11:27:17 AM,221.25,5,1106.25,89970614.93000013
2025-08-01 11:27:33 AM,221.25,4,885.0,89971499.93000013
2025-08-01 11:27:38 AM,221.25,1,221.25,89971721.18000013
2025-08-01 11:27:53 AM,221.25,39,8628.75,89980349.93000013
2025-08-01 11:27:59 AM,221.25,47,10398.75,89990748.68000013
2025-08-01 11:28:09 AM,221.25,9,1991.25,89992739.93000013
2025-08-01 11:28:25 AM,221.25,100,22125.0,90014864.93000013
2025-08-01 11:28:30 AM,221.23,993,219681.38999999998,90234546.32000013
2025-08-01 11:28:36 AM,221.2,0,0.0,90234546.32000013
2025-08-01 11:28:37 AM,221.2,1,221.2,90234767.52000013
2025-08-01 11:28:52 AM,221.4,0,0.0,90234767.52000013
2025-08-01 11:28:55 AM,221.57,1655,366698.35,90601465.87000012
2025-08-01 11:29:03 AM,221.5,0,0.0,90601465.87000012
2025-08-01 11:29:05 AM,221.5,128,28352.0,90629817.87000012
2025-08-01 11:29:07 AM,221.4,0,0.0,90629817.87000012
2025-08-01 11:29:07 AM,221.4,133,29446.2,90659264.07000013
2025-08-01 11:29:09 AM,221.34,0,0.0,90659264.07000013
2025-08-01 11:29:10 AM,221.34,8,1770.72,90661034.79000013
2025-08-01 11:29:21 AM,221.34,15,3320.1,90664354.89000012
2025-08-01 11:29:41 AM,221.41,0,0.0,90664354.89000012
2025-08-01 11:29:42 AM,221.41,26,5756.66,90670111.55000012
2025-08-01 11:29:47 AM,221.34,0,0.0,90670111.55000012
2025-08-01 11:29:47 AM,221.34,1,221.34,90670332.89000012
2025-08-01 11:29:56 AM,221.5,0,0.0,90670332.89000012
2025-08-01 11:29:57 AM,221.5,235,52052.5,90722385.39000012
2025-08-01 11:30:02 AM,221.5,93,20599.5,90742984.89000012
2025-08-01 11:30:08 AM,221.5,5,1107.5,90744092.39000012
2025-08-01 11:30:35 AM,221.58,0,0.0,90744092.39000012
2025-08-01 11:30:36 AM,221.58,1,221.58,90744313.97000012
2025-08-01 11:30:37 AM,221.6,0,0.0,90744313.97000012
2025-08-01 11:30:39 AM,221.6,150,33240.0,90777553.97000012
2025-08-01 11:30:39 AM,221.5,0,0.0,90777553.97000012
2025-08-01 11:30:41 AM,221.62,127,28145.74,90805699.71000011
2025-08-01 11:30:43 AM,221.5,0,0.0,90805699.71000011
2025-08-01 11:30:43 AM,221.5,15,3322.5,90809022.21000011
2025-08-01 11:30:55 AM,221.5,436,96574.0,90905596.21000011
2025-08-01 11:30:57 AM,221.3,0,0.0,90905596.21000011
2025-08-01 11:30:58 AM,221.3,392,86749.6,90992345.8100001
2025-08-01 11:31:05 AM,221.25,0,0.0,90992345.8100001
2025-08-01 11:31:06 AM,221.35,60,13281.0,91005626.8100001
2025-08-01 11:31:18 AM,221.2,17,3760.3999999999996,91009387.21000011
2025-08-01 11:31:29 AM,221.31,15,3319.65,91012706.86000012
2025-08-01 11:31:37 AM,221.29,0,0.0,91012706.86000012
2025-08-01 11:31:37 AM,221.29,30,6638.7,91019345.56000012
