date,price,qty,trnvr,cum_trnvr
2025-08-01 09:15:00 AM,7700.0,2424,18664800.0,18664800.0
2025-08-01 09:15:01 AM,7718.5,0,0.0,18664800.0
2025-08-01 09:15:09 AM,7701.0,0,0.0,18664800.0
2025-08-01 09:15:10 AM,7701.0,2213,17042313.0,35707113.0
2025-08-01 09:15:12 AM,7694.0,684,5262696.0,40969809.0
2025-08-01 09:15:18 AM,7705.0,0,0.0,40969809.0
2025-08-01 09:15:19 AM,7688.5,0,0.0,40969809.0
2025-08-01 09:15:21 AM,7693.5,1078,8293593.0,49263402.0
2025-08-01 09:15:23 AM,7699.5,251,1932574.5,51195976.5
2025-08-01 09:15:26 AM,7696.5,0,0.0,51195976.5
2025-08-01 09:15:29 AM,7705.0,0,0.0,51195976.5
2025-08-01 09:15:30 AM,7705.0,625,4815625.0,56011601.5
2025-08-01 09:15:31 AM,7701.0,30,231030.0,56242631.5
2025-08-01 09:15:33 AM,7697.0,0,0.0,56242631.5
2025-08-01 09:15:38 AM,7716.5,1200,9259800.0,65502431.5
2025-08-01 09:15:40 AM,7717.5,34,262395.0,65764826.5
2025-08-01 09:15:42 AM,7711.5,0,0.0,65764826.5
2025-08-01 09:15:46 AM,7707.5,0,0.0,65764826.5
2025-08-01 09:15:47 AM,7708.5,1137,8764564.5,74529391.0
2025-08-01 09:15:48 AM,7707.5,2,15415.0,74544806.0
2025-08-01 09:15:51 AM,7701.5,0,0.0,74544806.0
2025-08-01 09:15:53 AM,7703.0,0,0.0,74544806.0
2025-08-01 09:15:55 AM,7703.0,156,1201668.0,75746474.0
2025-08-01 09:15:57 AM,7704.5,281,2164964.5,77911438.5
2025-08-01 09:16:00 AM,7700.0,0,0.0,77911438.5
2025-08-01 09:16:01 AM,7701.0,527,4058427.0,81969865.5
2025-08-01 09:16:01 AM,7701.5,0,0.0,81969865.5
2025-08-01 09:16:01 AM,7699.5,0,0.0,81969865.5
2025-08-01 09:16:02 AM,7699.5,50,384975.0,82354840.5
2025-08-01 09:16:02 AM,7694.0,132,1015608.0,83370448.5
2025-08-01 09:16:02 AM,7691.5,0,0.0,83370448.5
2025-08-01 09:16:03 AM,7697.0,233,1793401.0,85163849.5
2025-08-01 09:16:03 AM,7697.0,32,246304.0,85410153.5
2025-08-01 09:16:04 AM,7695.0,3,23085.0,85433238.5
2025-08-01 09:16:05 AM,7694.0,2,15388.0,85448626.5
2025-08-01 09:16:06 AM,7697.0,19,146243.0,85594869.5
2025-08-01 09:16:08 AM,7690.0,28,215320.0,85810189.5
2025-08-01 09:16:09 AM,7696.0,0,0.0,85810189.5
2025-08-01 09:16:09 AM,7696.0,38,292448.0,86102637.5
2025-08-01 09:16:10 AM,7694.0,0,0.0,86102637.5
2025-08-01 09:16:10 AM,7694.0,4,30776.0,86133413.5
2025-08-01 09:16:11 AM,7694.0,15,115410.0,86248823.5
2025-08-01 09:16:12 AM,7688.0,0,0.0,86248823.5
2025-08-01 09:16:12 AM,7687.0,0,0.0,86248823.5
2025-08-01 09:16:12 AM,7687.0,64,491968.0,86740791.5
2025-08-01 09:16:13 AM,7680.5,77,591398.5,87332190.0
2025-08-01 09:16:13 AM,7678.5,0,0.0,87332190.0
2025-08-01 09:16:13 AM,7678.5,38,291783.0,87623973.0
2025-08-01 09:16:14 AM,7684.5,20,153690.0,87777663.0
2025-08-01 09:16:14 AM,7679.5,0,0.0,87777663.0
2025-08-01 09:16:14 AM,7679.5,9,69115.5,87846778.5
2025-08-01 09:16:15 AM,7686.0,0,0.0,87846778.5
2025-08-01 09:16:15 AM,7686.0,3,23058.0,87869836.5
2025-08-01 09:16:17 AM,7685.5,20,153710.0,88023546.5
2025-08-01 09:16:17 AM,7685.5,1,7685.5,88031232.0
2025-08-01 09:16:19 AM,7684.5,5,38422.5,88069654.5
2025-08-01 09:16:20 AM,7685.0,5,38425.0,88108079.5
2025-08-01 09:16:21 AM,7681.5,11,84496.5,88192576.0
2025-08-01 09:16:22 AM,7688.5,0,0.0,88192576.0
2025-08-01 09:16:22 AM,7688.5,343,2637155.5,90829731.5
2025-08-01 09:16:23 AM,7689.5,0,0.0,90829731.5
2025-08-01 09:16:23 AM,7689.5,2,15379.0,90845110.5
2025-08-01 09:16:24 AM,7692.0,0,0.0,90845110.5
2025-08-01 09:16:24 AM,7692.0,13,99996.0,90945106.5
2025-08-01 09:16:26 AM,7688.0,0,0.0,90945106.5
2025-08-01 09:16:26 AM,7688.0,100,768800.0,91713906.5
2025-08-01 09:16:28 AM,7696.0,10,76960.0,91790866.5
2025-08-01 09:16:28 AM,7696.0,4,30784.0,91821650.5
2025-08-01 09:16:29 AM,7697.0,3,23091.0,91844741.5
2025-08-01 09:16:29 AM,7700.0,7,53900.0,91898641.5
2025-08-01 09:16:30 AM,7699.5,1,7699.5,91906341.0
2025-08-01 09:16:33 AM,7695.0,28,215460.0,92121801.0
2025-08-01 09:16:33 AM,7697.5,0,0.0,92121801.0
2025-08-01 09:16:34 AM,7697.5,14,107765.0,92229566.0
2025-08-01 09:16:35 AM,7693.5,20,153870.0,92383436.0
2025-08-01 09:16:35 AM,7696.5,0,0.0,92383436.0
2025-08-01 09:16:36 AM,7692.0,33,253836.0,92637272.0
2025-08-01 09:16:37 AM,7694.5,20,153890.0,92791162.0
2025-08-01 09:16:37 AM,7690.5,0,0.0,92791162.0
2025-08-01 09:16:37 AM,7690.5,10,76905.0,92868067.0
2025-08-01 09:16:39 AM,7694.0,4,30776.0,92898843.0
2025-08-01 09:16:40 AM,7696.5,100,769650.0,93668493.0
2025-08-01 09:16:40 AM,7696.0,1,7696.0,93676189.0
2025-08-01 09:16:40 AM,7696.5,0,0.0,93676189.0
2025-08-01 09:16:41 AM,7696.5,3,23089.5,93699278.5
2025-08-01 09:16:42 AM,7695.5,10,76955.0,93776233.5
2025-08-01 09:16:42 AM,7696.5,2,15393.0,93791626.5
2025-08-01 09:16:44 AM,7694.5,0,0.0,93791626.5
2025-08-01 09:16:45 AM,7696.5,7,53875.5,93845502.0
2025-08-01 09:16:46 AM,7694.0,88,677072.0,94522574.0
2025-08-01 09:16:47 AM,7696.0,50,384800.0,94907374.0
2025-08-01 09:16:48 AM,7696.5,5,38482.5,94945856.5
2025-08-01 09:16:48 AM,7696.5,3,23089.5,94968946.0
2025-08-01 09:16:49 AM,7697.5,10,76975.0,95045921.0
2025-08-01 09:16:50 AM,7697.5,5,38487.5,95084408.5
2025-08-01 09:16:50 AM,7699.0,20,153980.0,95238388.5
2025-08-01 09:16:51 AM,7695.0,9,69255.0,95307643.5
2025-08-01 09:16:51 AM,7696.0,0,0.0,95307643.5
2025-08-01 09:16:51 AM,7698.0,0,0.0,95307643.5
2025-08-01 09:16:52 AM,7698.0,6,46188.0,95353831.5
2025-08-01 09:16:52 AM,7700.5,437,3365118.5,98718950.0
2025-08-01 09:16:53 AM,7698.0,0,0.0,98718950.0
2025-08-01 09:16:54 AM,7694.5,145,1115702.5,99834652.5
2025-08-01 09:16:58 AM,7696.5,1,7696.5,99842349.0
2025-08-01 09:17:00 AM,7696.5,2,15393.0,99857742.0
2025-08-01 09:17:02 AM,7699.0,13,100087.0,99957829.0
2025-08-01 09:17:04 AM,7697.5,0,0.0,99957829.0
2025-08-01 09:17:09 AM,7700.0,39,300300.0,100258129.0
2025-08-01 09:17:10 AM,7701.5,88,677732.0,100935861.0
2025-08-01 09:17:12 AM,7700.0,0,0.0,100935861.0
2025-08-01 09:17:14 AM,7703.5,0,0.0,100935861.0
2025-08-01 09:17:17 AM,7699.5,668,5143266.0,106079127.0
2025-08-01 09:17:21 AM,7696.5,0,0.0,106079127.0
2025-08-01 09:17:23 AM,7695.5,0,0.0,106079127.0
2025-08-01 09:17:25 AM,7695.0,587,4516965.0,110596092.0
2025-08-01 09:17:28 AM,7693.0,0,0.0,110596092.0
2025-08-01 09:17:31 AM,7680.0,0,0.0,110596092.0
2025-08-01 09:17:34 AM,7672.5,792,6076620.0,116672712.0
2025-08-01 09:17:35 AM,7670.0,10,76700.0,116749412.0
2025-08-01 09:17:37 AM,7669.0,0,0.0,116749412.0
2025-08-01 09:17:39 AM,7658.0,0,0.0,116749412.0
2025-08-01 09:17:42 AM,7659.0,1099,8417241.0,125166653.0
2025-08-01 09:17:43 AM,7659.0,1,7659.0,125174312.0
2025-08-01 09:17:46 AM,7664.5,0,0.0,125174312.0
2025-08-01 09:17:48 AM,7660.5,0,0.0,125174312.0
2025-08-01 09:17:50 AM,7662.5,1448,11095300.0,136269612.0
2025-08-01 09:17:51 AM,7664.5,32,245264.0,136514876.0
2025-08-01 09:17:55 AM,7658.0,0,0.0,136514876.0
2025-08-01 09:17:57 AM,7652.0,0,0.0,136514876.0
2025-08-01 09:17:58 AM,7657.5,1366,10460145.0,146975021.0
2025-08-01 09:18:00 AM,7658.5,1,7658.5,146982679.5
2025-08-01 09:18:00 AM,7656.0,0,0.0,146982679.5
2025-08-01 09:18:01 AM,7656.0,119,911064.0,147893743.5
2025-08-01 09:18:01 AM,7658.0,0,0.0,147893743.5
2025-08-01 09:18:02 AM,7660.5,0,0.0,147893743.5
2025-08-01 09:18:03 AM,7660.0,0,0.0,147893743.5
2025-08-01 09:18:04 AM,7674.0,0,0.0,147893743.5
2025-08-01 09:18:06 AM,7676.5,0,0.0,147893743.5
2025-08-01 09:18:07 AM,7675.0,0,0.0,147893743.5
2025-08-01 09:18:08 AM,7680.5,0,0.0,147893743.5
2025-08-01 09:18:08 AM,7676.0,0,0.0,147893743.5
2025-08-01 09:18:09 AM,7681.5,0,0.0,147893743.5
2025-08-01 09:18:12 AM,7681.0,0,0.0,147893743.5
2025-08-01 09:18:14 AM,7681.5,0,0.0,147893743.5
2025-08-01 09:18:15 AM,7681.5,684,5254146.0,153147889.5
2025-08-01 09:18:16 AM,7680.5,0,0.0,153147889.5
2025-08-01 09:18:17 AM,7677.0,0,0.0,153147889.5
2025-08-01 09:18:17 AM,7677.5,0,0.0,153147889.5
2025-08-01 09:18:18 AM,7677.0,0,0.0,153147889.5
2025-08-01 09:18:19 AM,7676.5,0,0.0,153147889.5
2025-08-01 09:18:21 AM,7679.0,0,0.0,153147889.5
2025-08-01 09:18:23 AM,7677.0,0,0.0,153147889.5
2025-08-01 09:18:24 AM,7678.5,0,0.0,153147889.5
2025-08-01 09:18:27 AM,7686.0,0,0.0,153147889.5
2025-08-01 09:18:28 AM,7688.5,0,0.0,153147889.5
2025-08-01 09:18:29 AM,7691.5,0,0.0,153147889.5
2025-08-01 09:18:30 AM,7673.0,0,0.0,153147889.5
2025-08-01 09:18:31 AM,7678.5,0,0.0,153147889.5
2025-08-01 09:18:32 AM,7669.5,967,7416406.5,160564296.0
2025-08-01 09:18:32 AM,7678.5,0,0.0,160564296.0
2025-08-01 09:18:32 AM,7675.0,0,0.0,160564296.0
2025-08-01 09:18:33 AM,7674.5,0,0.0,160564296.0
2025-08-01 09:18:34 AM,7678.0,0,0.0,160564296.0
2025-08-01 09:18:38 AM,7679.0,0,0.0,160564296.0
2025-08-01 09:18:39 AM,7679.0,32,245728.0,160810024.0
2025-08-01 09:18:39 AM,7678.5,0,0.0,160810024.0
2025-08-01 09:18:40 AM,7673.0,51,391323.0,161201347.0
2025-08-01 09:18:40 AM,7678.0,0,0.0,161201347.0
2025-08-01 09:18:42 AM,7679.5,0,0.0,161201347.0
2025-08-01 09:18:43 AM,7679.0,0,0.0,161201347.0
2025-08-01 09:18:44 AM,7678.0,0,0.0,161201347.0
2025-08-01 09:18:45 AM,7679.0,0,0.0,161201347.0
2025-08-01 09:18:47 AM,7673.0,0,0.0,161201347.0
2025-08-01 09:18:49 AM,7679.0,0,0.0,161201347.0
2025-08-01 09:18:50 AM,7679.5,0,0.0,161201347.0
2025-08-01 09:18:51 AM,7678.0,0,0.0,161201347.0
2025-08-01 09:18:52 AM,7680.5,0,0.0,161201347.0
2025-08-01 09:18:53 AM,7678.0,0,0.0,161201347.0
2025-08-01 09:18:54 AM,7677.5,0,0.0,161201347.0
2025-08-01 09:18:55 AM,7678.0,0,0.0,161201347.0
2025-08-01 09:18:56 AM,7684.5,0,0.0,161201347.0
2025-08-01 09:18:56 AM,7684.5,643,4941133.5,166142480.5
2025-08-01 09:18:56 AM,7679.0,0,0.0,166142480.5
2025-08-01 09:19:00 AM,7679.0,2,15358.0,166157838.5
2025-08-01 09:19:01 AM,7680.0,0,0.0,166157838.5
2025-08-01 09:19:02 AM,7680.5,174,1336407.0,167494245.5
2025-08-01 09:19:04 AM,7679.0,81,621999.0,168116244.5
2025-08-01 09:19:05 AM,7685.0,0,0.0,168116244.5
2025-08-01 09:19:06 AM,7685.0,101,776185.0,168892429.5
2025-08-01 09:19:06 AM,7687.5,100,768750.0,169661179.5
2025-08-01 09:19:08 AM,7687.0,0,0.0,169661179.5
2025-08-01 09:19:08 AM,7684.5,29,222850.5,169884030.0
2025-08-01 09:19:12 AM,7680.0,150,1152000.0,171036030.0
2025-08-01 09:19:12 AM,7684.0,0,0.0,171036030.0
2025-08-01 09:19:13 AM,7684.0,23,176732.0,171212762.0
2025-08-01 09:19:14 AM,7686.0,0,0.0,171212762.0
2025-08-01 09:19:15 AM,7687.0,21,161427.0,171374189.0
2025-08-01 09:19:15 AM,7682.5,30,230475.0,171604664.0
2025-08-01 09:19:16 AM,7682.0,25,192050.0,171796714.0
2025-08-01 09:19:17 AM,7681.5,5,38407.5,171835121.5
2025-08-01 09:19:18 AM,7684.0,5,38420.0,171873541.5
2025-08-01 09:19:19 AM,7684.0,5,38420.0,171911961.5
2025-08-01 09:19:20 AM,7687.5,373,2867437.5,174779399.0
2025-08-01 09:19:20 AM,7683.5,134,1029589.0,175808988.0
2025-08-01 09:19:21 AM,7685.0,31,238235.0,176047223.0
2025-08-01 09:19:21 AM,7685.5,0,0.0,176047223.0
2025-08-01 09:19:22 AM,7685.5,30,230565.0,176277788.0
2025-08-01 09:19:22 AM,7689.5,0,0.0,176277788.0
2025-08-01 09:19:23 AM,7689.5,4,30758.0,176308546.0
2025-08-01 09:19:24 AM,7684.0,0,0.0,176308546.0
2025-08-01 09:19:25 AM,7684.0,8,61472.0,176370018.0
2025-08-01 09:19:25 AM,7680.0,0,0.0,176370018.0
2025-08-01 09:19:26 AM,7681.0,49,376369.0,176746387.0
2025-08-01 09:19:26 AM,7681.0,2,15362.0,176761749.0
2025-08-01 09:19:27 AM,7681.5,20,153630.0,176915379.0
2025-08-01 09:19:29 AM,7680.0,6,46080.0,176961459.0
2025-08-01 09:19:30 AM,7681.0,0,0.0,176961459.0
2025-08-01 09:19:30 AM,7681.0,1,7681.0,176969140.0
2025-08-01 09:19:30 AM,7677.0,0,0.0,176969140.0
2025-08-01 09:19:31 AM,7677.0,34,261018.0,177230158.0
2025-08-01 09:19:31 AM,7680.5,0,0.0,177230158.0
2025-08-01 09:19:31 AM,7680.5,71,545315.5,177775473.5
2025-08-01 09:19:32 AM,7677.0,0,0.0,177775473.5
2025-08-01 09:19:33 AM,7677.0,29,222633.0,177998106.5
2025-08-01 09:19:33 AM,7676.0,0,0.0,177998106.5
2025-08-01 09:19:34 AM,7676.0,2,15352.0,178013458.5
2025-08-01 09:19:36 AM,7675.5,0,0.0,178013458.5
2025-08-01 09:19:37 AM,7675.5,4,30702.0,178044160.5
2025-08-01 09:19:39 AM,7671.0,42,322182.0,178366342.5
2025-08-01 09:19:40 AM,7678.0,20,153560.0,178519902.5
2025-08-01 09:19:42 AM,7677.0,0,0.0,178519902.5
2025-08-01 09:19:42 AM,7677.0,15,115155.0,178635057.5
2025-08-01 09:19:43 AM,7676.5,0,0.0,178635057.5
2025-08-01 09:19:43 AM,7676.5,127,974915.5,179609973.0
2025-08-01 09:19:44 AM,7677.0,0,0.0,179609973.0
2025-08-01 09:19:44 AM,7677.0,5,38385.0,179648358.0
2025-08-01 09:19:45 AM,7680.0,0,0.0,179648358.0
2025-08-01 09:19:45 AM,7680.0,254,1950720.0,181599078.0
2025-08-01 09:19:46 AM,7680.0,21,161280.0,181760358.0
2025-08-01 09:19:47 AM,7683.0,0,0.0,181760358.0
2025-08-01 09:19:47 AM,7683.0,62,476346.0,182236704.0
2025-08-01 09:19:48 AM,7680.0,0,0.0,182236704.0
2025-08-01 09:19:48 AM,7680.0,17,130560.0,182367264.0
2025-08-01 09:19:49 AM,7681.0,0,0.0,182367264.0
2025-08-01 09:19:49 AM,7681.0,175,1344175.0,183711439.0
2025-08-01 09:19:50 AM,7682.0,65,499330.0,184210769.0
2025-08-01 09:19:50 AM,7682.0,4,30728.0,184241497.0
2025-08-01 09:19:51 AM,7680.5,1,7680.5,184249177.5
2025-08-01 09:19:52 AM,7677.5,53,406907.5,184656085.0
2025-08-01 09:19:53 AM,7682.0,0,0.0,184656085.0
2025-08-01 09:19:54 AM,7682.0,20,153640.0,184809725.0
2025-08-01 09:19:55 AM,7681.0,0,0.0,184809725.0
2025-08-01 09:19:55 AM,7681.0,20,153620.0,184963345.0
2025-08-01 09:19:58 AM,7677.0,44,337788.0,185301133.0
2025-08-01 09:19:58 AM,7675.5,0,0.0,185301133.0
2025-08-01 09:19:58 AM,7675.5,24,184212.0,185485345.0
2025-08-01 09:19:59 AM,7675.0,3,23025.0,185508370.0
2025-08-01 09:19:59 AM,7675.0,30,230250.0,185738620.0
2025-08-01 09:20:01 AM,7675.0,13,99775.0,185838395.0
2025-08-01 09:20:03 AM,7675.0,1,7675.0,185846070.0
2025-08-01 09:20:04 AM,7675.0,11,84425.0,185930495.0
2025-08-01 09:20:04 AM,7675.0,20,153500.0,186083995.0
2025-08-01 09:20:04 AM,7673.5,0,0.0,186083995.0
2025-08-01 09:20:05 AM,7672.0,210,1611120.0,187695115.0
2025-08-01 09:20:05 AM,7670.5,0,0.0,187695115.0
2025-08-01 09:20:06 AM,7670.5,1,7670.5,187702785.5
2025-08-01 09:20:06 AM,7670.0,0,0.0,187702785.5
2025-08-01 09:20:07 AM,7670.0,125,958750.0,188661535.5
2025-08-01 09:20:11 AM,7668.0,242,1855656.0,190517191.5
2025-08-01 09:20:11 AM,7668.5,0,0.0,190517191.5
2025-08-01 09:20:12 AM,7668.5,25,191712.5,190708904.0
2025-08-01 09:20:12 AM,7667.5,0,0.0,190708904.0
2025-08-01 09:20:13 AM,7665.0,28,214620.0,190923524.0
2025-08-01 09:20:17 AM,7666.0,0,0.0,190923524.0
2025-08-01 09:20:18 AM,7666.0,36,275976.0,191199500.0
2025-08-01 09:20:19 AM,7666.0,1,7666.0,191207166.0
2025-08-01 09:20:19 AM,7666.0,1,7666.0,191214832.0
2025-08-01 09:20:19 AM,7665.0,0,0.0,191214832.0
2025-08-01 09:20:20 AM,7667.0,124,950708.0,192165540.0
2025-08-01 09:20:20 AM,7664.0,142,1088288.0,193253828.0
2025-08-01 09:20:21 AM,7667.0,88,674696.0,193928524.0
2025-08-01 09:20:21 AM,7667.5,2,15335.0,193943859.0
2025-08-01 09:20:22 AM,7669.0,11,84359.0,194028218.0
2025-08-01 09:20:22 AM,7667.5,0,0.0,194028218.0
2025-08-01 09:20:23 AM,7667.5,1,7667.5,194035885.5
2025-08-01 09:20:24 AM,7667.5,4,30670.0,194066555.5
2025-08-01 09:20:24 AM,7667.5,2,15335.0,194081890.5
2025-08-01 09:20:25 AM,7666.5,125,958312.5,195040203.0
2025-08-01 09:20:26 AM,7669.5,10,76695.0,195116898.0
2025-08-01 09:20:28 AM,7669.5,28,214746.0,195331644.0
2025-08-01 09:20:28 AM,7666.5,0,0.0,195331644.0
2025-08-01 09:20:29 AM,7666.5,125,958312.5,196289956.5
2025-08-01 09:20:29 AM,7668.0,0,0.0,196289956.5
2025-08-01 09:20:30 AM,7668.0,44,337392.0,196627348.5
2025-08-01 09:20:31 AM,7668.0,33,253044.0,196880392.5
2025-08-01 09:20:31 AM,7665.5,0,0.0,196880392.5
2025-08-01 09:20:32 AM,7665.5,166,1272473.0,198152865.5
2025-08-01 09:20:32 AM,7663.5,1,7663.5,198160529.0
2025-08-01 09:20:33 AM,7665.5,487,3733098.5,201893627.5
2025-08-01 09:20:34 AM,7667.0,0,0.0,201893627.5
2025-08-01 09:20:35 AM,7667.0,6,46002.0,201939629.5
2025-08-01 09:20:36 AM,7667.5,29,222357.5,202161987.0
2025-08-01 09:20:37 AM,7668.0,25,191700.0,202353687.0
2025-08-01 09:20:38 AM,7666.0,5,38330.0,202392017.0
2025-08-01 09:20:40 AM,7666.0,3,22998.0,202415015.0
2025-08-01 09:20:41 AM,7666.0,17,130322.0,202545337.0
2025-08-01 09:20:42 AM,7666.0,3,22998.0,202568335.0
2025-08-01 09:20:42 AM,7666.0,5,38330.0,202606665.0
2025-08-01 09:20:43 AM,7662.0,92,704904.0,203311569.0
2025-08-01 09:20:44 AM,7666.0,6,45996.0,203357565.0
2025-08-01 09:20:45 AM,7666.0,1,7666.0,203365231.0
2025-08-01 09:20:46 AM,7666.0,10,76660.0,203441891.0
2025-08-01 09:20:47 AM,7666.0,101,774266.0,204216157.0
2025-08-01 09:20:47 AM,7662.0,20,153240.0,204369397.0
2025-08-01 09:20:48 AM,7665.0,120,919800.0,205289197.0
2025-08-01 09:20:49 AM,7667.0,9,69003.0,205358200.0
2025-08-01 09:20:50 AM,7662.0,14,107268.0,205465468.0
2025-08-01 09:20:51 AM,7662.0,37,283494.0,205748962.0
2025-08-01 09:20:53 AM,7662.0,74,566988.0,206315950.0
2025-08-01 09:20:54 AM,7662.5,0,0.0,206315950.0
2025-08-01 09:20:55 AM,7662.5,45,344812.5,206660762.5
2025-08-01 09:20:55 AM,7662.5,4,30650.0,206691412.5
2025-08-01 09:20:55 AM,7661.0,0,0.0,206691412.5
2025-08-01 09:20:56 AM,7661.0,2,15322.0,206706734.5
2025-08-01 09:20:56 AM,7666.0,213,1632858.0,208339592.5
2025-08-01 09:20:57 AM,7666.0,1,7666.0,208347258.5
2025-08-01 09:20:59 AM,7665.0,5,38325.0,208385583.5
2025-08-01 09:20:59 AM,7665.0,5,38325.0,208423908.5
2025-08-01 09:21:00 AM,7662.5,20,153250.0,208577158.5
2025-08-01 09:21:02 AM,7662.0,111,850482.0,209427640.5
2025-08-01 09:21:03 AM,7662.0,13,99606.0,209527246.5
2025-08-01 09:21:04 AM,7659.5,311,2382104.5,211909351.0
2025-08-01 09:21:05 AM,7659.5,1,7659.5,211917010.5
2025-08-01 09:21:06 AM,7659.5,27,206806.5,212123817.0
2025-08-01 09:21:07 AM,7658.0,3,22974.0,212146791.0
2025-08-01 09:21:08 AM,7658.5,2,15317.0,212162108.0
2025-08-01 09:21:09 AM,7658.5,1,7658.5,212169766.5
2025-08-01 09:21:10 AM,7658.0,0,0.0,212169766.5
2025-08-01 09:21:11 AM,7658.0,141,1079778.0,213249544.5
2025-08-01 09:21:11 AM,7655.5,200,1531100.0,214780644.5
2025-08-01 09:21:11 AM,7660.0,0,0.0,214780644.5
2025-08-01 09:21:12 AM,7660.0,225,1723500.0,216504144.5
2025-08-01 09:21:14 AM,7661.0,4,30644.0,216534788.5
2025-08-01 09:21:16 AM,7661.5,33,252829.5,216787618.0
2025-08-01 09:21:17 AM,7662.0,0,0.0,216787618.0
2025-08-01 09:21:17 AM,7662.0,16,122592.0,216910210.0
2025-08-01 09:21:18 AM,7662.0,61,467382.0,217377592.0
2025-08-01 09:21:18 AM,7667.5,0,0.0,217377592.0
2025-08-01 09:21:19 AM,7667.0,26,199342.0,217576934.0
2025-08-01 09:21:19 AM,7663.5,0,0.0,217576934.0
2025-08-01 09:21:19 AM,7663.5,1,7663.5,217584597.5
2025-08-01 09:21:21 AM,7667.0,4,30668.0,217615265.5
2025-08-01 09:21:24 AM,7667.0,1,7667.0,217622932.5
2025-08-01 09:21:24 AM,7667.0,1,7667.0,217630599.5
2025-08-01 09:21:25 AM,7667.0,5,38335.0,217668934.5
2025-08-01 09:21:26 AM,7666.5,0,0.0,217668934.5
2025-08-01 09:21:26 AM,7666.5,4,30666.0,217699600.5
2025-08-01 09:21:27 AM,7666.5,1,7666.5,217707267.0
2025-08-01 09:21:29 AM,7666.5,8,61332.0,217768599.0
2025-08-01 09:21:30 AM,7664.5,0,0.0,217768599.0
2025-08-01 09:21:30 AM,7669.5,0,0.0,217768599.0
2025-08-01 09:21:31 AM,7670.0,38,291460.0,218060059.0
2025-08-01 09:21:34 AM,7670.0,3,23010.0,218083069.0
2025-08-01 09:21:34 AM,7668.0,69,529092.0,218612161.0
2025-08-01 09:21:35 AM,7667.5,0,0.0,218612161.0
2025-08-01 09:21:35 AM,7667.5,70,536725.0,219148886.0
2025-08-01 09:21:37 AM,7666.5,7,53665.5,219202551.5
2025-08-01 09:21:37 AM,7663.5,0,0.0,219202551.5
2025-08-01 09:21:38 AM,7663.5,50,383175.0,219585726.5
2025-08-01 09:21:38 AM,7666.5,0,0.0,219585726.5
2025-08-01 09:21:38 AM,7666.5,2,15333.0,219601059.5
2025-08-01 09:21:39 AM,7666.5,2,15333.0,219616392.5
2025-08-01 09:21:41 AM,7666.0,26,199316.0,219815708.5
2025-08-01 09:21:42 AM,7666.5,11,84331.5,219900040.0
2025-08-01 09:21:43 AM,7666.0,0,0.0,219900040.0
2025-08-01 09:21:44 AM,7666.0,6,45996.0,219946036.0
2025-08-01 09:21:45 AM,7664.5,0,0.0,219946036.0
2025-08-01 09:21:46 AM,7664.5,1,7664.5,219953700.5
2025-08-01 09:21:47 AM,7664.0,5,38320.0,219992020.5
2025-08-01 09:21:47 AM,7662.0,0,0.0,219992020.5
2025-08-01 09:21:47 AM,7663.0,0,0.0,219992020.5
2025-08-01 09:21:48 AM,7659.0,54,413586.0,220405606.5
2025-08-01 09:21:48 AM,7655.0,65,497575.0,220903181.5
2025-08-01 09:21:49 AM,7660.0,0,0.0,220903181.5
2025-08-01 09:21:50 AM,7660.0,10,76600.0,220979781.5
2025-08-01 09:21:50 AM,7656.5,10,76565.0,221056346.5
2025-08-01 09:21:50 AM,7660.5,0,0.0,221056346.5
2025-08-01 09:21:51 AM,7660.5,5,38302.5,221094649.0
2025-08-01 09:21:52 AM,7659.0,0,0.0,221094649.0
2025-08-01 09:21:52 AM,7660.5,0,0.0,221094649.0
2025-08-01 09:21:53 AM,7660.5,26,199173.0,221293822.0
2025-08-01 09:21:54 AM,7655.5,146,1117703.0,222411525.0
2025-08-01 09:21:54 AM,7659.5,0,0.0,222411525.0
2025-08-01 09:21:55 AM,7659.5,26,199147.0,222610672.0
2025-08-01 09:21:57 AM,7655.0,100,765500.0,223376172.0
2025-08-01 09:21:57 AM,7659.0,0,0.0,223376172.0
2025-08-01 09:21:58 AM,7659.0,27,206793.0,223582965.0
2025-08-01 09:21:59 AM,7660.0,0,0.0,223582965.0
2025-08-01 09:21:59 AM,7660.0,5,38300.0,223621265.0
2025-08-01 09:22:00 AM,7659.0,0,0.0,223621265.0
2025-08-01 09:22:00 AM,7659.0,7,53613.0,223674878.0
2025-08-01 09:22:03 AM,7659.5,0,0.0,223674878.0
2025-08-01 09:22:03 AM,7659.5,10,76595.0,223751473.0
2025-08-01 09:22:06 AM,7660.0,0,0.0,223751473.0
2025-08-01 09:22:06 AM,7660.0,25,191500.0,223942973.0
2025-08-01 09:22:07 AM,7660.0,6,45960.0,223988933.0
2025-08-01 09:22:08 AM,7659.0,10,76590.0,224065523.0
2025-08-01 09:22:08 AM,7659.0,2,15318.0,224080841.0
2025-08-01 09:22:09 AM,7658.0,24,183792.0,224264633.0
2025-08-01 09:22:09 AM,7658.0,11,84238.0,224348871.0
2025-08-01 09:22:09 AM,7655.0,0,0.0,224348871.0
2025-08-01 09:22:10 AM,7655.0,107,819085.0,225167956.0
2025-08-01 09:22:10 AM,7653.5,0,0.0,225167956.0
2025-08-01 09:22:11 AM,7653.5,4,30614.0,225198570.0
2025-08-01 09:22:11 AM,7652.5,0,0.0,225198570.0
2025-08-01 09:22:11 AM,7652.5,120,918300.0,226116870.0
2025-08-01 09:22:12 AM,7652.5,60,459150.0,226576020.0
2025-08-01 09:22:12 AM,7657.5,0,0.0,226576020.0
2025-08-01 09:22:12 AM,7657.5,183,1401322.5,227977342.5
2025-08-01 09:22:13 AM,7657.5,5,38287.5,228015630.0
2025-08-01 09:22:14 AM,7655.5,32,244976.0,228260606.0
2025-08-01 09:22:15 AM,7656.0,20,153120.0,228413726.0
2025-08-01 09:22:17 AM,7656.0,1,7656.0,228421382.0
2025-08-01 09:22:18 AM,7656.0,1,7656.0,228429038.0
2025-08-01 09:22:19 AM,7656.0,2,15312.0,228444350.0
2025-08-01 09:22:21 AM,7655.5,125,956937.5,229401287.5
2025-08-01 09:22:23 AM,7660.5,7,53623.5,229454911.0
2025-08-01 09:22:26 AM,7657.5,8,61260.0,229516171.0
2025-08-01 09:22:27 AM,7653.0,2,15306.0,229531477.0
2025-08-01 09:22:28 AM,7661.0,3,22983.0,229554460.0
2025-08-01 09:22:29 AM,7663.5,12,91962.0,229646422.0
2025-08-01 09:22:32 AM,7663.0,5,38315.0,229684737.0
2025-08-01 09:22:34 AM,7663.0,3,22989.0,229707726.0
2025-08-01 09:22:35 AM,7663.5,10,76635.0,229784361.0
2025-08-01 09:22:36 AM,7658.0,25,191450.0,229975811.0
2025-08-01 09:22:37 AM,7664.0,1,7664.0,229983475.0
2025-08-01 09:22:38 AM,7661.0,3,22983.0,230006458.0
2025-08-01 09:22:39 AM,7663.0,2,15326.0,230021784.0
2025-08-01 09:22:40 AM,7665.0,20,153300.0,230175084.0
2025-08-01 09:22:41 AM,7665.0,1,7665.0,230182749.0
2025-08-01 09:22:42 AM,7667.0,1,7667.0,230190416.0
2025-08-01 09:22:45 AM,7667.0,1,7667.0,230198083.0
2025-08-01 09:22:49 AM,7666.5,0,0.0,230198083.0
2025-08-01 09:22:50 AM,7666.5,1,7666.5,230205749.5
2025-08-01 09:22:51 AM,7667.0,1,7667.0,230213416.5
2025-08-01 09:22:54 AM,7667.0,1,7667.0,230221083.5
2025-08-01 09:22:55 AM,7667.0,5,38335.0,230259418.5
2025-08-01 09:22:56 AM,7668.5,1,7668.5,230267087.0
2025-08-01 09:22:57 AM,7668.5,4,30674.0,230297761.0
2025-08-01 09:22:58 AM,7666.5,125,958312.5,231256073.5
2025-08-01 09:22:58 AM,7670.0,0,0.0,231256073.5
2025-08-01 09:22:59 AM,7670.0,6,46020.0,231302093.5
2025-08-01 09:23:00 AM,7670.0,5,38350.0,231340443.5
2025-08-01 09:23:02 AM,7668.5,0,0.0,231340443.5
2025-08-01 09:23:02 AM,7668.5,1,7668.5,231348112.0
2025-08-01 09:23:03 AM,7668.0,0,0.0,231348112.0
2025-08-01 09:23:03 AM,7668.0,3,23004.0,231371116.0
2025-08-01 09:23:05 AM,7665.5,21,160975.5,231532091.5
2025-08-01 09:23:06 AM,7666.5,3,22999.5,231555091.0
2025-08-01 09:23:07 AM,7666.5,4,30666.0,231585757.0
2025-08-01 09:23:08 AM,7670.5,50,383525.0,231969282.0
2025-08-01 09:23:14 AM,7668.0,1,7668.0,231976950.0
2025-08-01 09:23:17 AM,7668.5,53,406430.5,232383380.5
2025-08-01 09:23:19 AM,7667.0,10,76670.0,232460050.5
2025-08-01 09:23:20 AM,7663.5,31,237568.5,232697619.0
2025-08-01 09:23:20 AM,7665.0,1,7665.0,232705284.0
2025-08-01 09:23:21 AM,7653.0,445,3405585.0,236110869.0
2025-08-01 09:23:22 AM,7655.0,15,114825.0,236225694.0
2025-08-01 09:23:23 AM,7653.5,525,4018087.5,240243781.5
2025-08-01 09:23:25 AM,7651.5,1,7651.5,240251433.0
2025-08-01 09:23:27 AM,7651.5,5,38257.5,240289690.5
2025-08-01 09:23:28 AM,7651.5,71,543256.5,240832947.0
2025-08-01 09:23:29 AM,7650.0,48,367200.0,241200147.0
2025-08-01 09:23:30 AM,7650.0,7,53550.0,241253697.0
2025-08-01 09:23:31 AM,7650.0,190,1453500.0,242707197.0
2025-08-01 09:23:31 AM,7651.5,1,7651.5,242714848.5
2025-08-01 09:23:32 AM,7648.0,2410,18431680.0,261146528.5
2025-08-01 09:23:33 AM,7647.5,0,0.0,261146528.5
2025-08-01 09:23:34 AM,7649.0,141,1078509.0,262225037.5
2025-08-01 09:23:35 AM,7641.0,20,152820.0,262377857.5
2025-08-01 09:23:36 AM,7641.0,1,7641.0,262385498.5
2025-08-01 09:23:36 AM,7640.0,0,0.0,262385498.5
2025-08-01 09:23:37 AM,7640.0,30,229200.0,262614698.5
2025-08-01 09:23:38 AM,7642.5,0,0.0,262614698.5
2025-08-01 09:23:39 AM,7642.5,127,970597.5,263585296.0
2025-08-01 09:23:39 AM,7640.0,0,0.0,263585296.0
2025-08-01 09:23:40 AM,7640.0,2,15280.0,263600576.0
2025-08-01 09:23:41 AM,7640.0,6,45840.0,263646416.0
2025-08-01 09:23:42 AM,7640.0,256,1955840.0,265602256.0
2025-08-01 09:23:43 AM,7640.0,52,397280.0,265999536.0
2025-08-01 09:23:45 AM,7640.0,7,53480.0,266053016.0
2025-08-01 09:23:46 AM,7640.0,7,53480.0,266106496.0
2025-08-01 09:23:46 AM,7640.0,1,7640.0,266114136.0
2025-08-01 09:23:47 AM,7640.0,25,191000.0,266305136.0
2025-08-01 09:23:48 AM,7640.5,45,343822.5,266648958.5
2025-08-01 09:23:49 AM,7641.5,1,7641.5,266656600.0
2025-08-01 09:23:49 AM,7650.0,0,0.0,266656600.0
2025-08-01 09:23:49 AM,7649.5,0,0.0,266656600.0
2025-08-01 09:23:50 AM,7649.5,546,4176627.0,270833227.0
2025-08-01 09:23:50 AM,7645.0,10,76450.0,270909677.0
2025-08-01 09:23:51 AM,7651.5,57,436135.5,271345812.5
2025-08-01 09:23:52 AM,7653.0,1,7653.0,271353465.5
2025-08-01 09:23:52 AM,7652.5,0,0.0,271353465.5
2025-08-01 09:23:53 AM,7652.5,1,7652.5,271361118.0
2025-08-01 09:23:54 AM,7657.5,2,15315.0,271376433.0
2025-08-01 09:23:54 AM,7654.0,0,0.0,271376433.0
2025-08-01 09:23:55 AM,7654.0,30,229620.0,271606053.0
2025-08-01 09:23:55 AM,7658.0,0,0.0,271606053.0
2025-08-01 09:23:55 AM,7659.5,0,0.0,271606053.0
2025-08-01 09:23:56 AM,7659.5,50,382975.0,271989028.0
2025-08-01 09:23:56 AM,7656.0,0,0.0,271989028.0
2025-08-01 09:23:56 AM,7660.0,0,0.0,271989028.0
2025-08-01 09:23:57 AM,7662.5,61,467412.5,272456440.5
2025-08-01 09:23:58 AM,7660.5,9,68944.5,272525385.0
2025-08-01 09:24:02 AM,7660.0,3,22980.0,272548365.0
2025-08-01 09:24:03 AM,7657.0,28,214396.0,272762761.0
2025-08-01 09:24:06 AM,7656.5,1,7656.5,272770417.5
2025-08-01 09:24:07 AM,7656.5,2,15313.0,272785730.5
2025-08-01 09:24:08 AM,7654.0,1,7654.0,272793384.5
2025-08-01 09:24:11 AM,7657.5,0,0.0,272793384.5
2025-08-01 09:24:12 AM,7657.5,2,15315.0,272808699.5
2025-08-01 09:24:13 AM,7657.0,18,137826.0,272946525.5
2025-08-01 09:24:14 AM,7655.5,2,15311.0,272961836.5
2025-08-01 09:24:18 AM,7655.0,1,7655.0,272969491.5
2025-08-01 09:24:21 AM,7655.0,10,76550.0,273046041.5
2025-08-01 09:24:21 AM,7648.0,384,2936832.0,275982873.5
2025-08-01 09:24:23 AM,7645.0,1,7645.0,275990518.5
2025-08-01 09:24:23 AM,7646.5,0,0.0,275990518.5
2025-08-01 09:24:24 AM,7646.5,5,38232.5,276028751.0
2025-08-01 09:24:24 AM,7645.0,0,0.0,276028751.0
2025-08-01 09:24:24 AM,7644.5,0,0.0,276028751.0
2025-08-01 09:24:25 AM,7644.5,11,84089.5,276112840.5
2025-08-01 09:24:28 AM,7643.5,484,3699454.0,279812294.5
2025-08-01 09:24:30 AM,7646.0,10,76460.0,279888754.5
2025-08-01 09:24:31 AM,7642.5,0,0.0,279888754.5
2025-08-01 09:24:31 AM,7642.5,5,38212.5,279926967.0
2025-08-01 09:24:32 AM,7646.0,0,0.0,279926967.0
2025-08-01 09:24:33 AM,7646.0,21,160566.0,280087533.0
2025-08-01 09:24:35 AM,7643.5,1,7643.5,280095176.5
2025-08-01 09:24:36 AM,7643.5,1,7643.5,280102820.0
2025-08-01 09:24:38 AM,7645.0,0,0.0,280102820.0
2025-08-01 09:24:38 AM,7645.0,25,191125.0,280293945.0
2025-08-01 09:24:39 AM,7645.5,1,7645.5,280301590.5
2025-08-01 09:24:39 AM,7640.0,0,0.0,280301590.5
2025-08-01 09:24:39 AM,7640.0,252,1925280.0,282226870.5
2025-08-01 09:24:42 AM,7645.5,0,0.0,282226870.5
2025-08-01 09:24:43 AM,7646.0,0,0.0,282226870.5
2025-08-01 09:24:43 AM,7646.0,57,435822.0,282662692.5
2025-08-01 09:24:44 AM,7645.5,0,0.0,282662692.5
2025-08-01 09:24:44 AM,7645.5,5,38227.5,282700920.0
2025-08-01 09:24:45 AM,7645.5,1,7645.5,282708565.5
2025-08-01 09:24:47 AM,7645.5,5,38227.5,282746793.0
2025-08-01 09:24:48 AM,7640.0,125,955000.0,283701793.0
2025-08-01 09:24:48 AM,7645.0,0,0.0,283701793.0
2025-08-01 09:24:49 AM,7644.5,2,15289.0,283717082.0
2025-08-01 09:24:51 AM,7640.0,85,649400.0,284366482.0
2025-08-01 09:24:52 AM,7643.0,7,53501.0,284419983.0
2025-08-01 09:24:54 AM,7640.0,337,2574680.0,286994663.0
2025-08-01 09:24:55 AM,7645.5,74,565767.0,287560430.0
2025-08-01 09:24:56 AM,7645.5,2,15291.0,287575721.0
2025-08-01 09:24:57 AM,7644.5,3,22933.5,287598654.5
2025-08-01 09:25:01 AM,7643.0,0,0.0,287598654.5
2025-08-01 09:25:02 AM,7643.0,28,214004.0,287812658.5
2025-08-01 09:25:02 AM,7645.5,0,0.0,287812658.5
2025-08-01 09:25:03 AM,7650.0,65,497250.0,288309908.5
2025-08-01 09:25:04 AM,7651.5,4,30606.0,288340514.5
2025-08-01 09:25:08 AM,7653.0,0,0.0,288340514.5
2025-08-01 09:25:08 AM,7653.0,7,53571.0,288394085.5
2025-08-01 09:25:09 AM,7653.5,0,0.0,288394085.5
2025-08-01 09:25:09 AM,7653.5,2,15307.0,288409392.5
2025-08-01 09:25:10 AM,7655.0,0,0.0,288409392.5
2025-08-01 09:25:10 AM,7655.0,6,45930.0,288455322.5
2025-08-01 09:25:12 AM,7659.0,50,382950.0,288838272.5
2025-08-01 09:25:14 AM,7654.0,110,841940.0,289680212.5
2025-08-01 09:25:15 AM,7655.5,1,7655.5,289687868.0
2025-08-01 09:25:17 AM,7659.0,9,68931.0,289756799.0
2025-08-01 09:25:17 AM,7659.5,0,0.0,289756799.0
2025-08-01 09:25:17 AM,7659.5,2,15319.0,289772118.0
2025-08-01 09:25:18 AM,7659.5,4,30638.0,289802756.0
2025-08-01 09:25:19 AM,7659.5,10,76595.0,289879351.0
2025-08-01 09:25:20 AM,7660.0,0,0.0,289879351.0
2025-08-01 09:25:20 AM,7660.0,50,383000.0,290262351.0
2025-08-01 09:25:21 AM,7660.0,11,84260.0,290346611.0
2025-08-01 09:25:24 AM,7660.0,1,7660.0,290354271.0
2025-08-01 09:25:25 AM,7660.0,10,76600.0,290430871.0
2025-08-01 09:25:25 AM,7658.0,0,0.0,290430871.0
2025-08-01 09:25:25 AM,7658.0,5,38290.0,290469161.0
2025-08-01 09:25:28 AM,7657.5,22,168465.0,290637626.0
2025-08-01 09:25:29 AM,7657.0,1,7657.0,290645283.0
2025-08-01 09:25:30 AM,7657.0,2,15314.0,290660597.0
2025-08-01 09:25:31 AM,7657.0,32,245024.0,290905621.0
2025-08-01 09:25:32 AM,7657.0,21,160797.0,291066418.0
2025-08-01 09:25:33 AM,7657.0,1,7657.0,291074075.0
2025-08-01 09:25:34 AM,7657.0,4,30628.0,291104703.0
2025-08-01 09:25:40 AM,7658.5,2,15317.0,291120020.0
2025-08-01 09:25:41 AM,7659.5,0,0.0,291120020.0
2025-08-01 09:25:42 AM,7659.5,25,191487.5,291311507.5
2025-08-01 09:25:43 AM,7659.0,1,7659.0,291319166.5
2025-08-01 09:25:44 AM,7655.0,4,30620.0,291349786.5
2025-08-01 09:25:44 AM,7651.5,0,0.0,291349786.5
2025-08-01 09:25:45 AM,7651.5,207,1583860.5,292933647.0
2025-08-01 09:25:48 AM,7651.5,5,38257.5,292971904.5
2025-08-01 09:25:51 AM,7651.5,6,45909.0,293017813.5
2025-08-01 09:25:51 AM,7651.5,2,15303.0,293033116.5
2025-08-01 09:25:53 AM,7651.5,1,7651.5,293040768.0
2025-08-01 09:25:57 AM,7653.5,70,535745.0,293576513.0
2025-08-01 09:25:57 AM,7644.0,0,0.0,293576513.0
2025-08-01 09:25:58 AM,7644.0,382,2920008.0,296496521.0
2025-08-01 09:25:59 AM,7647.0,0,0.0,296496521.0
2025-08-01 09:26:00 AM,7647.0,100,764700.0,297261221.0
2025-08-01 09:26:07 AM,7632.5,0,0.0,297261221.0
2025-08-01 09:26:07 AM,7632.5,1161,8861332.5,306122553.5
2025-08-01 09:26:10 AM,7632.5,123,938797.5,307061351.0
2025-08-01 09:26:14 AM,7634.0,0,0.0,307061351.0
2025-08-01 09:26:15 AM,7634.0,251,1916134.0,308977485.0
2025-08-01 09:26:17 AM,7637.5,8,61100.0,309038585.0
2025-08-01 09:26:20 AM,7632.5,0,0.0,309038585.0
2025-08-01 09:26:20 AM,7637.0,0,0.0,309038585.0
2025-08-01 09:26:23 AM,7634.5,48,366456.0,309405041.0
2025-08-01 09:26:25 AM,7635.5,45,343597.5,309748638.5
2025-08-01 09:26:26 AM,7632.5,0,0.0,309748638.5
2025-08-01 09:26:30 AM,7634.5,0,0.0,309748638.5
2025-08-01 09:26:31 AM,7634.5,91,694739.5,310443378.0
2025-08-01 09:26:32 AM,7632.0,6,45792.0,310489170.0
2025-08-01 09:26:35 AM,7632.5,0,0.0,310489170.0
2025-08-01 09:26:38 AM,7634.5,344,2626268.0,313115438.0
2025-08-01 09:26:40 AM,7640.0,1,7640.0,313123078.0
2025-08-01 09:26:41 AM,7644.5,0,0.0,313123078.0
2025-08-01 09:26:44 AM,7640.5,0,0.0,313123078.0
2025-08-01 09:26:46 AM,7641.5,63,481414.5,313604492.5
2025-08-01 09:26:50 AM,7640.0,0,0.0,313604492.5
2025-08-01 09:26:53 AM,7644.0,0,0.0,313604492.5
2025-08-01 09:26:53 AM,7644.0,101,772044.0,314376536.5
2025-08-01 09:26:57 AM,7647.0,0,0.0,314376536.5
2025-08-01 09:26:59 AM,7644.0,0,0.0,314376536.5
2025-08-01 09:27:01 AM,7644.0,136,1039584.0,315416120.5
2025-08-01 09:27:02 AM,7644.0,21,160524.0,315576644.5
2025-08-01 09:27:08 AM,7644.0,8,61152.0,315637796.5
2025-08-01 09:27:15 AM,7649.0,0,0.0,315637796.5
2025-08-01 09:27:16 AM,7648.0,105,803040.0,316440836.5
2025-08-01 09:27:20 AM,7650.0,0,0.0,316440836.5
2025-08-01 09:27:23 AM,7650.0,6,45900.0,316486736.5
2025-08-01 09:27:25 AM,7648.0,0,0.0,316486736.5
2025-08-01 09:27:30 AM,7642.0,0,0.0,316486736.5
2025-08-01 09:27:31 AM,7642.0,92,703064.0,317189800.5
2025-08-01 09:27:32 AM,7642.5,5,38212.5,317228013.0
2025-08-01 09:27:35 AM,7643.5,0,0.0,317228013.0
2025-08-01 09:27:36 AM,7644.0,0,0.0,317228013.0
2025-08-01 09:27:38 AM,7644.0,23,175812.0,317403825.0
2025-08-01 09:27:40 AM,7634.5,0,0.0,317403825.0
2025-08-01 09:27:41 AM,7632.0,0,0.0,317403825.0
2025-08-01 09:27:45 AM,7632.5,814,6212855.0,323616680.0
2025-08-01 09:27:50 AM,7633.5,0,0.0,323616680.0
2025-08-01 09:27:53 AM,7628.0,237,1807836.0,325424516.0
2025-08-01 09:27:55 AM,7629.5,29,221255.5,325645771.5
2025-08-01 09:27:56 AM,7628.0,0,0.0,325645771.5
2025-08-01 09:28:01 AM,7629.0,62,472998.0,326118769.5
2025-08-01 09:28:02 AM,7628.0,1,7628.0,326126397.5
2025-08-01 09:28:07 AM,7626.5,0,0.0,326126397.5
2025-08-01 09:28:07 AM,7628.5,0,0.0,326126397.5
2025-08-01 09:28:09 AM,7628.0,172,1312016.0,327438413.5
2025-08-01 09:28:10 AM,7629.5,22,167849.0,327606262.5
2025-08-01 09:28:14 AM,7630.0,0,0.0,327606262.5
2025-08-01 09:28:17 AM,7630.0,14,106820.0,327713082.5
2025-08-01 09:28:18 AM,7629.0,18,137322.0,327850404.5
2025-08-01 09:28:19 AM,7632.0,0,0.0,327850404.5
2025-08-01 09:28:20 AM,7629.5,0,0.0,327850404.5
2025-08-01 09:28:24 AM,7630.0,354,2701020.0,330551424.5
2025-08-01 09:28:32 AM,7630.0,30,228900.0,330780324.5
2025-08-01 09:28:36 AM,7633.5,0,0.0,330780324.5
2025-08-01 09:28:36 AM,7631.5,0,0.0,330780324.5
2025-08-01 09:28:39 AM,7631.5,753,5746519.5,336526844.0
2025-08-01 09:28:41 AM,7633.5,0,0.0,336526844.0
2025-08-01 09:28:41 AM,7633.5,30,229005.0,336755849.0
2025-08-01 09:28:47 AM,7634.0,2,15268.0,336771117.0
2025-08-01 09:28:48 AM,7628.0,169,1289132.0,338060249.0
2025-08-01 09:28:55 AM,7628.0,197,1502716.0,339562965.0
2025-08-01 09:28:57 AM,7625.0,0,0.0,339562965.0
2025-08-01 09:28:58 AM,7628.0,0,0.0,339562965.0
2025-08-01 09:29:02 AM,7628.0,17,129676.0,339692641.0
2025-08-01 09:29:04 AM,7628.0,1,7628.0,339700269.0
2025-08-01 09:29:09 AM,7624.5,0,0.0,339700269.0
2025-08-01 09:29:10 AM,7624.5,210,1601145.0,341301414.0
2025-08-01 09:29:15 AM,7623.0,0,0.0,341301414.0
2025-08-01 09:29:18 AM,7621.0,591,4504011.0,345805425.0
2025-08-01 09:29:19 AM,7621.0,3,22863.0,345828288.0
2025-08-01 09:29:25 AM,7620.0,148,1127760.0,346956048.0
2025-08-01 09:29:27 AM,7621.0,2,15242.0,346971290.0
2025-08-01 09:29:30 AM,7620.0,0,0.0,346971290.0
2025-08-01 09:29:33 AM,7620.0,70,533400.0,347504690.0
2025-08-01 09:29:34 AM,7620.0,2,15240.0,347519930.0
2025-08-01 09:29:40 AM,7621.0,153,1166013.0,348685943.0
2025-08-01 09:29:45 AM,7623.5,0,0.0,348685943.0
2025-08-01 09:29:48 AM,7623.5,69,526021.5,349211964.5
2025-08-01 09:29:50 AM,7625.0,0,0.0,349211964.5
2025-08-01 09:29:55 AM,7628.5,105,800992.5,350012957.0
2025-08-01 09:29:56 AM,7628.5,10,76285.0,350089242.0
2025-08-01 09:30:02 AM,7621.0,133,1013593.0,351102835.0
2025-08-01 09:30:08 AM,7625.0,0,0.0,351102835.0
2025-08-01 09:30:10 AM,7621.0,313,2385373.0,353488208.0
2025-08-01 09:30:15 AM,7622.5,0,0.0,353488208.0
2025-08-01 09:30:18 AM,7622.5,1,7622.5,353495830.5
2025-08-01 09:30:19 AM,7622.0,2,15244.0,353511074.5
2025-08-01 09:30:22 AM,7622.5,0,0.0,353511074.5
2025-08-01 09:30:25 AM,7623.0,12,91476.0,353602550.5
2025-08-01 09:30:26 AM,7623.0,20,152460.0,353755010.5
2025-08-01 09:30:29 AM,7622.5,0,0.0,353755010.5
2025-08-01 09:30:33 AM,7623.0,28,213444.0,353968454.5
2025-08-01 09:30:40 AM,7624.5,226,1723137.0,355691591.5
2025-08-01 09:30:45 AM,7631.0,0,0.0,355691591.5
2025-08-01 09:30:47 AM,7626.5,100,762650.0,356454241.5
2025-08-01 09:30:48 AM,7626.0,10,76260.0,356530501.5
2025-08-01 09:30:50 AM,7626.5,0,0.0,356530501.5
2025-08-01 09:30:53 AM,7626.0,0,0.0,356530501.5
2025-08-01 09:30:55 AM,7626.5,14,106771.0,356637272.5
2025-08-01 09:31:02 AM,7626.5,11,83891.5,356721164.0
2025-08-01 09:31:05 AM,7626.0,0,0.0,356721164.0
2025-08-01 09:31:07 AM,7622.5,0,0.0,356721164.0
2025-08-01 09:31:09 AM,7623.0,156,1189188.0,357910352.0
2025-08-01 09:31:13 AM,7622.0,0,0.0,357910352.0
2025-08-01 09:31:17 AM,7620.5,0,0.0,357910352.0
2025-08-01 09:31:17 AM,7620.5,136,1036388.0,358946740.0
2025-08-01 09:31:17 AM,7621.0,5,38105.0,358984845.0
2025-08-01 09:31:19 AM,7622.0,0,0.0,358984845.0
2025-08-01 09:31:23 AM,7625.5,0,0.0,358984845.0
2025-08-01 09:31:24 AM,7625.5,139,1059944.5,360044789.5
2025-08-01 09:31:25 AM,7621.0,36,274356.0,360319145.5
2025-08-01 09:31:29 AM,7625.5,0,0.0,360319145.5
2025-08-01 09:31:31 AM,7629.5,0,0.0,360319145.5
2025-08-01 09:31:32 AM,7629.5,103,785838.5,361104984.0
2025-08-01 09:31:35 AM,7625.0,0,0.0,361104984.0
2025-08-01 09:31:37 AM,7624.0,0,0.0,361104984.0
2025-08-01 09:31:38 AM,7624.0,48,365952.0,361470936.0
2025-08-01 09:31:43 AM,7622.0,0,0.0,361470936.0
2025-08-01 09:31:45 AM,7625.0,203,1547875.0,363018811.0
2025-08-01 09:31:48 AM,7622.0,0,0.0,363018811.0
2025-08-01 09:31:52 AM,7626.0,376,2867376.0,365886187.0
2025-08-01 09:31:58 AM,7628.0,0,0.0,365886187.0
2025-08-01 09:31:58 AM,7627.5,0,0.0,365886187.0
2025-08-01 09:31:59 AM,7627.5,41,312727.5,366198914.5
2025-08-01 09:32:06 AM,7627.5,89,678847.5,366877762.0
2025-08-01 09:32:09 AM,7627.0,0,0.0,366877762.0
2025-08-01 09:32:13 AM,7627.5,449,3424747.5,370302509.5
2025-08-01 09:32:15 AM,7622.0,0,0.0,370302509.5
2025-08-01 09:32:21 AM,7621.5,0,0.0,370302509.5
2025-08-01 09:32:21 AM,7621.5,180,1371870.0,371674379.5
2025-08-01 09:32:21 AM,7621.0,76,579196.0,372253575.5
2025-08-01 09:32:27 AM,7622.0,0,0.0,372253575.5
2025-08-01 09:32:27 AM,7621.5,0,0.0,372253575.5
2025-08-01 09:32:28 AM,7621.5,511,3894586.5,376148162.0
2025-08-01 09:32:33 AM,7622.0,0,0.0,376148162.0
2025-08-01 09:32:33 AM,7629.0,0,0.0,376148162.0
2025-08-01 09:32:34 AM,7629.0,1840,14037360.0,390185522.0
2025-08-01 09:32:34 AM,7624.5,102,777699.0,390963221.0
2025-08-01 09:32:41 AM,7625.0,11,83875.0,391047096.0
2025-08-01 09:32:45 AM,7622.0,0,0.0,391047096.0
2025-08-01 09:32:48 AM,7624.5,6,45747.0,391092843.0
2025-08-01 09:32:51 AM,7622.0,0,0.0,391092843.0
2025-08-01 09:32:51 AM,7624.0,0,0.0,391092843.0
2025-08-01 09:32:55 AM,7624.5,44,335478.0,391428321.0
2025-08-01 09:33:02 AM,7624.0,2,15248.0,391443569.0
2025-08-01 09:33:03 AM,7625.0,0,0.0,391443569.0
2025-08-01 09:33:09 AM,7624.5,0,0.0,391443569.0
2025-08-01 09:33:09 AM,7624.5,105,800572.5,392244141.5
2025-08-01 09:33:14 AM,7626.0,0,0.0,392244141.5
2025-08-01 09:33:16 AM,7626.0,903,6886278.0,399130419.5
2025-08-01 09:33:19 AM,7625.5,0,0.0,399130419.5
2025-08-01 09:33:23 AM,7627.5,28,213570.0,399343989.5
2025-08-01 09:33:24 AM,7629.0,0,0.0,399343989.5
2025-08-01 09:33:29 AM,7633.5,0,0.0,399343989.5
2025-08-01 09:33:30 AM,7637.0,70,534590.0,399878579.5
2025-08-01 09:33:34 AM,7639.5,0,0.0,399878579.5
2025-08-01 09:33:37 AM,7637.0,93,710241.0,400588820.5
2025-08-01 09:33:39 AM,7638.0,0,0.0,400588820.5
2025-08-01 09:33:41 AM,7642.5,0,0.0,400588820.5
2025-08-01 09:33:43 AM,7638.0,108,824904.0,401413724.5
2025-08-01 09:33:47 AM,7640.5,0,0.0,401413724.5
2025-08-01 09:33:49 AM,7639.0,0,0.0,401413724.5
2025-08-01 09:33:51 AM,7643.5,1035,7911022.5,409324747.0
2025-08-01 09:33:58 AM,7646.5,177,1353430.5,410678177.5
2025-08-01 09:33:59 AM,7645.5,0,0.0,410678177.5
2025-08-01 09:34:04 AM,7648.5,0,0.0,410678177.5
2025-08-01 09:34:04 AM,7648.5,46,351831.0,411030008.5
2025-08-01 09:34:09 AM,7650.0,0,0.0,411030008.5
2025-08-01 09:34:12 AM,7652.0,100,765200.0,411795208.5
2025-08-01 09:34:14 AM,7654.5,0,0.0,411795208.5
2025-08-01 09:34:19 AM,7656.5,125,957062.5,412752271.0
2025-08-01 09:34:22 AM,7651.5,0,0.0,412752271.0
2025-08-01 09:34:24 AM,7657.5,0,0.0,412752271.0
2025-08-01 09:34:26 AM,7659.0,423,3239757.0,415992028.0
2025-08-01 09:34:27 AM,7653.0,0,0.0,415992028.0
2025-08-01 09:34:29 AM,7644.0,0,0.0,415992028.0
2025-08-01 09:34:32 AM,7643.0,0,0.0,415992028.0
2025-08-01 09:34:33 AM,7643.0,271,2071253.0,418063281.0
2025-08-01 09:34:34 AM,7641.5,0,0.0,418063281.0
2025-08-01 09:34:37 AM,7640.5,0,0.0,418063281.0
2025-08-01 09:34:39 AM,7634.5,0,0.0,418063281.0
2025-08-01 09:34:40 AM,7635.0,428,3267780.0,421331061.0
2025-08-01 09:34:42 AM,7631.0,0,0.0,421331061.0
2025-08-01 09:34:44 AM,7632.0,0,0.0,421331061.0
2025-08-01 09:34:46 AM,7627.5,27,205942.5,421537003.5
2025-08-01 09:34:49 AM,7625.5,0,0.0,421537003.5
2025-08-01 09:34:52 AM,7628.5,0,0.0,421537003.5
2025-08-01 09:34:53 AM,7628.5,24,183084.0,421720087.5
2025-08-01 09:35:00 AM,7625.0,1213,9249125.0,430969212.5
2025-08-01 09:35:01 AM,7627.0,13,99151.0,431068363.5
2025-08-01 09:35:03 AM,7624.0,0,0.0,431068363.5
2025-08-01 09:35:03 AM,7624.0,144,1097856.0,432166219.5
2025-08-01 09:35:04 AM,7624.0,2,15248.0,432181467.5
2025-08-01 09:35:05 AM,7623.0,0,0.0,432181467.5
2025-08-01 09:35:05 AM,7623.0,5,38115.0,432219582.5
2025-08-01 09:35:06 AM,7624.0,1000,7624000.0,439843582.5
2025-08-01 09:35:09 AM,7624.5,2,15249.0,439858831.5
2025-08-01 09:35:10 AM,7619.0,973,7413287.0,447272118.5
2025-08-01 09:35:11 AM,7619.0,6,45714.0,447317832.5
2025-08-01 09:35:12 AM,7619.0,67,510473.0,447828305.5
2025-08-01 09:35:13 AM,7618.0,0,0.0,447828305.5
2025-08-01 09:35:13 AM,7619.0,12,91428.0,447919733.5
2025-08-01 09:35:16 AM,7618.0,0,0.0,447919733.5
2025-08-01 09:35:16 AM,7618.0,2,15236.0,447934969.5
2025-08-01 09:35:16 AM,7615.5,162,1233711.0,449168680.5
2025-08-01 09:35:17 AM,7615.5,17,129463.5,449298144.0
2025-08-01 09:35:17 AM,7616.5,26,198029.0,449496173.0
2025-08-01 09:35:18 AM,7615.0,54,411210.0,449907383.0
2025-08-01 09:35:19 AM,7615.0,171,1302165.0,451209548.0
2025-08-01 09:35:19 AM,7615.0,1,7615.0,451217163.0
2025-08-01 09:35:20 AM,7616.0,5,38080.0,451255243.0
2025-08-01 09:35:21 AM,7615.0,0,0.0,451255243.0
2025-08-01 09:35:21 AM,7616.5,4,30466.0,451285709.0
2025-08-01 09:35:22 AM,7615.0,6,45690.0,451331399.0
2025-08-01 09:35:22 AM,7619.5,0,0.0,451331399.0
2025-08-01 09:35:23 AM,7615.0,401,3053615.0,454385014.0
2025-08-01 09:35:24 AM,7615.0,1,7615.0,454392629.0
2025-08-01 09:35:26 AM,7615.0,4,30460.0,454423089.0
2025-08-01 09:35:26 AM,7617.5,0,0.0,454423089.0
2025-08-01 09:35:27 AM,7617.5,3,22852.5,454445941.5
2025-08-01 09:35:27 AM,7617.5,40,304700.0,454750641.5
2025-08-01 09:35:27 AM,7615.0,0,0.0,454750641.5
2025-08-01 09:35:28 AM,7608.0,478,3636624.0,458387265.5
2025-08-01 09:35:28 AM,7605.0,220,1673100.0,460060365.5
2025-08-01 09:35:28 AM,7607.5,0,0.0,460060365.5
2025-08-01 09:35:29 AM,7607.5,13,98897.5,460159263.0
2025-08-01 09:35:29 AM,7607.0,6,45642.0,460204905.0
2025-08-01 09:35:29 AM,7608.0,0,0.0,460204905.0
2025-08-01 09:35:30 AM,7605.0,45,342225.0,460547130.0
2025-08-01 09:35:30 AM,7608.0,0,0.0,460547130.0
2025-08-01 09:35:31 AM,7603.0,112,851536.0,461398666.0
2025-08-01 09:35:31 AM,7602.0,0,0.0,461398666.0
2025-08-01 09:35:32 AM,7605.5,3,22816.5,461421482.5
2025-08-01 09:35:32 AM,7603.5,0,0.0,461421482.5
2025-08-01 09:35:33 AM,7601.0,0,0.0,461421482.5
2025-08-01 09:35:33 AM,7601.5,281,2136021.5,463557504.0
2025-08-01 09:35:33 AM,7605.0,0,0.0,463557504.0
2025-08-01 09:35:34 AM,7605.5,110,836605.0,464394109.0
2025-08-01 09:35:35 AM,7600.5,317,2409358.5,466803467.5
2025-08-01 09:35:35 AM,7604.0,10,76040.0,466879507.5
2025-08-01 09:35:36 AM,7605.0,162,1232010.0,468111517.5
2025-08-01 09:35:37 AM,7601.0,0,0.0,468111517.5
2025-08-01 09:35:38 AM,7601.0,43,326843.0,468438360.5
2025-08-01 09:35:38 AM,7602.0,296,2250192.0,470688552.5
2025-08-01 09:35:39 AM,7601.5,0,0.0,470688552.5
2025-08-01 09:35:39 AM,7605.0,130,988650.0,471677202.5
2025-08-01 09:35:39 AM,7600.5,0,0.0,471677202.5
2025-08-01 09:35:40 AM,7600.5,7,53203.5,471730406.0
2025-08-01 09:35:40 AM,7603.5,13,98845.5,471829251.5
2025-08-01 09:35:41 AM,7601.0,2,15202.0,471844453.5
2025-08-01 09:35:41 AM,7600.0,125,950000.0,472794453.5
2025-08-01 09:35:41 AM,7603.0,0,0.0,472794453.5
2025-08-01 09:35:42 AM,7600.0,0,0.0,472794453.5
2025-08-01 09:35:42 AM,7600.5,63,478831.5,473273285.0
2025-08-01 09:35:42 AM,7603.5,0,0.0,473273285.0
2025-08-01 09:35:43 AM,7603.5,51,387778.5,473661063.5
2025-08-01 09:35:44 AM,7603.5,1,7603.5,473668667.0
2025-08-01 09:35:45 AM,7600.0,147,1117200.0,474785867.0
2025-08-01 09:35:45 AM,7600.0,461,3503600.0,478289467.0
2025-08-01 09:35:45 AM,7598.0,0,0.0,478289467.0
2025-08-01 09:35:46 AM,7598.0,21,159558.0,478449025.0
2025-08-01 09:35:47 AM,7598.0,3,22794.0,478471819.0
2025-08-01 09:35:47 AM,7600.5,0,0.0,478471819.0
2025-08-01 09:35:47 AM,7600.5,5,38002.5,478509821.5
2025-08-01 09:35:48 AM,7602.5,529,4021722.5,482531544.0
2025-08-01 09:35:48 AM,7603.5,0,0.0,482531544.0
2025-08-01 09:35:48 AM,7603.5,26,197691.0,482729235.0
2025-08-01 09:35:49 AM,7600.0,22,167200.0,482896435.0
2025-08-01 09:35:51 AM,7605.5,0,0.0,482896435.0
2025-08-01 09:35:52 AM,7605.5,11,83660.5,482980095.5
2025-08-01 09:35:52 AM,7607.0,0,0.0,482980095.5
2025-08-01 09:35:53 AM,7607.0,10,76070.0,483056165.5
2025-08-01 09:35:53 AM,7603.5,25,190087.5,483246253.0
2025-08-01 09:35:53 AM,7604.5,0,0.0,483246253.0
2025-08-01 09:35:54 AM,7607.0,0,0.0,483246253.0
2025-08-01 09:35:54 AM,7608.5,105,798892.5,484045145.5
2025-08-01 09:35:54 AM,7610.0,0,0.0,484045145.5
2025-08-01 09:35:55 AM,7610.0,1,7610.0,484052755.5
2025-08-01 09:35:55 AM,7613.0,0,0.0,484052755.5
2025-08-01 09:35:56 AM,7613.0,30,228390.0,484281145.5
2025-08-01 09:35:57 AM,7608.0,47,357576.0,484638721.5
2025-08-01 09:35:59 AM,7610.0,25,190250.0,484828971.5
2025-08-01 09:35:59 AM,7605.5,3,22816.5,484851788.0
2025-08-01 09:36:00 AM,7611.0,12,91332.0,484943120.0
2025-08-01 09:36:02 AM,7610.5,14,106547.0,485049667.0
2025-08-01 09:36:08 AM,7610.5,53,403356.5,485453023.5
2025-08-01 09:36:10 AM,7614.0,5,38070.0,485491093.5
2025-08-01 09:36:12 AM,7615.0,10,76150.0,485567243.5
2025-08-01 09:36:14 AM,7613.0,5,38065.0,485605308.5
2025-08-01 09:36:17 AM,7615.0,73,555895.0,486161203.5
2025-08-01 09:36:18 AM,7610.5,25,190262.5,486351466.0
2025-08-01 09:36:19 AM,7609.5,75,570712.5,486922178.5
2025-08-01 09:36:20 AM,7609.5,5,38047.5,486960226.0
2025-08-01 09:36:20 AM,7609.0,0,0.0,486960226.0
2025-08-01 09:36:21 AM,7609.0,12,91308.0,487051534.0
2025-08-01 09:36:21 AM,7609.0,1,7609.0,487059143.0
2025-08-01 09:36:22 AM,7610.5,0,0.0,487059143.0
2025-08-01 09:36:23 AM,7610.5,13,98936.5,487158079.5
2025-08-01 09:36:23 AM,7609.5,30,228285.0,487386364.5
2025-08-01 09:36:24 AM,7609.5,5,38047.5,487424412.0
2025-08-01 09:36:26 AM,7610.5,9,68494.5,487492906.5
2025-08-01 09:36:27 AM,7612.5,36,274050.0,487766956.5
2025-08-01 09:36:28 AM,7613.0,0,0.0,487766956.5
2025-08-01 09:36:28 AM,7618.0,93,708474.0,488475430.5
2025-08-01 09:36:29 AM,7618.5,5,38092.5,488513523.0
2025-08-01 09:36:31 AM,7615.5,0,0.0,488513523.0
2025-08-01 09:36:32 AM,7615.5,9,68539.5,488582062.5
2025-08-01 09:36:34 AM,7615.5,160,1218480.0,489800542.5
2025-08-01 09:36:34 AM,7620.0,0,0.0,489800542.5
2025-08-01 09:36:35 AM,7620.0,10,76200.0,489876742.5
2025-08-01 09:36:36 AM,7621.0,25,190525.0,490067267.5
2025-08-01 09:36:36 AM,7617.0,14,106638.0,490173905.5
2025-08-01 09:36:44 AM,7620.5,0,0.0,490173905.5
2025-08-01 09:36:45 AM,7620.5,20,152410.0,490326315.5
2025-08-01 09:36:46 AM,7617.0,37,281829.0,490608144.5
2025-08-01 09:36:49 AM,7609.5,1,7609.5,490615754.0
2025-08-01 09:36:50 AM,7614.0,1,7614.0,490623368.0
2025-08-01 09:36:50 AM,7613.5,12,91362.0,490714730.0
2025-08-01 09:36:51 AM,7614.5,3,22843.5,490737573.5
2025-08-01 09:36:54 AM,7615.0,10,76150.0,490813723.5
2025-08-01 09:36:56 AM,7615.0,1,7615.0,490821338.5
2025-08-01 09:36:58 AM,7619.5,0,0.0,490821338.5
2025-08-01 09:36:59 AM,7619.5,2,15239.0,490836577.5
2025-08-01 09:36:59 AM,7620.0,0,0.0,490836577.5
2025-08-01 09:37:00 AM,7620.0,1,7620.0,490844197.5
2025-08-01 09:37:03 AM,7621.5,46,350589.0,491194786.5
2025-08-01 09:37:04 AM,7617.5,9,68557.5,491263344.0
2025-08-01 09:37:13 AM,7617.5,2,15235.0,491278579.0
2025-08-01 09:37:14 AM,7614.0,58,441612.0,491720191.0
2025-08-01 09:37:16 AM,7613.0,11,83743.0,491803934.0
2025-08-01 09:37:18 AM,7610.0,18,136980.0,491940914.0
2025-08-01 09:37:19 AM,7610.0,173,1316530.0,493257444.0
2025-08-01 09:37:19 AM,7608.0,0,0.0,493257444.0
2025-08-01 09:37:20 AM,7608.0,20,152160.0,493409604.0
2025-08-01 09:37:20 AM,7610.5,0,0.0,493409604.0
2025-08-01 09:37:21 AM,7610.5,15,114157.5,493523761.5
2025-08-01 09:37:21 AM,7610.0,0,0.0,493523761.5
2025-08-01 09:37:22 AM,7610.0,5,38050.0,493561811.5
2025-08-01 09:37:23 AM,7610.0,10,76100.0,493637911.5
2025-08-01 09:37:25 AM,7608.0,65,494520.0,494132431.5
2025-08-01 09:37:26 AM,7608.5,0,0.0,494132431.5
2025-08-01 09:37:26 AM,7609.0,55,418495.0,494550926.5
2025-08-01 09:37:27 AM,7609.0,9,68481.0,494619407.5
2025-08-01 09:37:27 AM,7608.5,0,0.0,494619407.5
2025-08-01 09:37:28 AM,7609.5,0,0.0,494619407.5
2025-08-01 09:37:28 AM,7609.0,67,509803.0,495129210.5
2025-08-01 09:37:28 AM,7612.0,0,0.0,495129210.5
2025-08-01 09:37:28 AM,7612.0,7,53284.0,495182494.5
2025-08-01 09:37:29 AM,7612.5,244,1857450.0,497039944.5
2025-08-01 09:37:34 AM,7615.0,10,76150.0,497116094.5
2025-08-01 09:37:34 AM,7617.0,0,0.0,497116094.5
2025-08-01 09:37:35 AM,7617.0,6,45702.0,497161796.5
2025-08-01 09:37:35 AM,7617.0,4,30468.0,497192264.5
2025-08-01 09:37:35 AM,7616.0,0,0.0,497192264.5
2025-08-01 09:37:36 AM,7616.0,67,510272.0,497702536.5
2025-08-01 09:37:44 AM,7615.5,0,0.0,497702536.5
2025-08-01 09:37:44 AM,7615.5,9,68539.5,497771076.0
2025-08-01 09:37:44 AM,7615.5,19,144694.5,497915770.5
2025-08-01 09:37:45 AM,7616.0,15,114240.0,498030010.5
2025-08-01 09:37:46 AM,7614.0,0,0.0,498030010.5
2025-08-01 09:37:46 AM,7614.0,3,22842.0,498052852.5
2025-08-01 09:37:50 AM,7615.5,0,0.0,498052852.5
2025-08-01 09:37:51 AM,7612.5,0,0.0,498052852.5
2025-08-01 09:37:51 AM,7612.5,51,388237.5,498441090.0
2025-08-01 09:37:52 AM,7613.5,172,1309522.0,499750612.0
2025-08-01 09:37:52 AM,7614.5,0,0.0,499750612.0
2025-08-01 09:37:53 AM,7614.5,50,380725.0,500131337.0
2025-08-01 09:37:55 AM,7611.0,5,38055.0,500169392.0
2025-08-01 09:37:56 AM,7613.5,27,205564.5,500374956.5
2025-08-01 09:37:59 AM,7613.0,0,0.0,500374956.5
2025-08-01 09:38:00 AM,7613.0,1,7613.0,500382569.5
2025-08-01 09:38:00 AM,7609.5,61,464179.5,500846749.0
2025-08-01 09:38:01 AM,7608.0,0,0.0,500846749.0
2025-08-01 09:38:01 AM,7607.0,80,608560.0,501455309.0
2025-08-01 09:38:03 AM,7609.5,0,0.0,501455309.0
2025-08-01 09:38:03 AM,7603.0,331,2516593.0,503971902.0
2025-08-01 09:38:06 AM,7603.5,50,380175.0,504352077.0
2025-08-01 09:38:07 AM,7603.5,1,7603.5,504359680.5
2025-08-01 09:38:07 AM,7601.0,14,106414.0,504466094.5
2025-08-01 09:38:08 AM,7606.5,170,1293105.0,505759199.5
2025-08-01 09:38:10 AM,7603.0,15,114045.0,505873244.5
2025-08-01 09:38:10 AM,7603.0,6,45618.0,505918862.5
2025-08-01 09:38:12 AM,7603.0,30,228090.0,506146952.5
2025-08-01 09:38:13 AM,7601.0,5,38005.0,506184957.5
2025-08-01 09:38:14 AM,7603.0,0,0.0,506184957.5
2025-08-01 09:38:14 AM,7603.0,19,144457.0,506329414.5
2025-08-01 09:38:16 AM,7602.5,0,0.0,506329414.5
2025-08-01 09:38:16 AM,7602.5,1,7602.5,506337017.0
2025-08-01 09:38:17 AM,7602.0,1,7602.0,506344619.0
2025-08-01 09:38:17 AM,7602.5,0,0.0,506344619.0
2025-08-01 09:38:18 AM,7602.5,2,15205.0,506359824.0
2025-08-01 09:38:18 AM,7603.0,10,76030.0,506435854.0
2025-08-01 09:38:19 AM,7604.0,170,1292680.0,507728534.0
2025-08-01 09:38:19 AM,7606.0,12,91272.0,507819806.0
2025-08-01 09:38:20 AM,7603.5,16,121656.0,507941462.0
2025-08-01 09:38:22 AM,7606.5,0,0.0,507941462.0
2025-08-01 09:38:23 AM,7606.5,2,15213.0,507956675.0
2025-08-01 09:38:26 AM,7608.5,25,190212.5,508146887.5
2025-08-01 09:38:26 AM,7609.0,0,0.0,508146887.5
2025-08-01 09:38:27 AM,7609.0,1,7609.0,508154496.5
2025-08-01 09:38:29 AM,7609.0,2,15218.0,508169714.5
2025-08-01 09:38:31 AM,7609.0,1,7609.0,508177323.5
2025-08-01 09:38:32 AM,7610.5,50,380525.0,508557848.5
2025-08-01 09:38:32 AM,7607.0,15,114105.0,508671953.5
2025-08-01 09:38:34 AM,7609.0,1,7609.0,508679562.5
2025-08-01 09:38:34 AM,7609.0,2,15218.0,508694780.5
2025-08-01 09:38:35 AM,7606.5,1,7606.5,508702387.0
2025-08-01 09:38:36 AM,7609.0,11,83699.0,508786086.0
2025-08-01 09:38:39 AM,7610.5,0,0.0,508786086.0
2025-08-01 09:38:39 AM,7610.5,18,136989.0,508923075.0
2025-08-01 09:38:40 AM,7610.5,7,53273.5,508976348.5
2025-08-01 09:38:42 AM,7609.0,0,0.0,508976348.5
2025-08-01 09:38:42 AM,7609.0,109,829381.0,509805729.5
2025-08-01 09:38:43 AM,7608.0,30,228240.0,510033969.5
2025-08-01 09:38:44 AM,7607.0,1,7607.0,510041576.5
2025-08-01 09:38:45 AM,7608.0,1,7608.0,510049184.5
2025-08-01 09:38:47 AM,7608.0,5,38040.0,510087224.5
2025-08-01 09:38:47 AM,7608.0,15,114120.0,510201344.5
2025-08-01 09:38:47 AM,7607.5,0,0.0,510201344.5
2025-08-01 09:38:48 AM,7605.5,0,0.0,510201344.5
2025-08-01 09:38:48 AM,7605.5,33,250981.5,510452326.0
2025-08-01 09:38:49 AM,7607.0,5,38035.0,510490361.0
2025-08-01 09:38:51 AM,7606.5,1,7606.5,510497967.5
2025-08-01 09:38:54 AM,7609.0,50,380450.0,510878417.5
2025-08-01 09:38:54 AM,7606.0,0,0.0,510878417.5
2025-08-01 09:38:55 AM,7606.0,10,76060.0,510954477.5
2025-08-01 09:38:56 AM,7607.0,5,38035.0,510992512.5
2025-08-01 09:38:58 AM,7609.0,10,76090.0,511068602.5
2025-08-01 09:39:00 AM,7608.0,1,7608.0,511076210.5
2025-08-01 09:39:03 AM,7606.5,55,418357.5,511494568.0
2025-08-01 09:39:04 AM,7607.0,0,0.0,511494568.0
2025-08-01 09:39:09 AM,7599.0,0,0.0,511494568.0
2025-08-01 09:39:10 AM,7599.0,867,6588333.0,518082901.0
2025-08-01 09:39:14 AM,7600.0,0,0.0,518082901.0
2025-08-01 09:39:17 AM,7600.5,49,372424.5,518455325.5
2025-08-01 09:39:19 AM,7601.0,0,0.0,518455325.5
2025-08-01 09:39:24 AM,7600.5,35,266017.5,518721343.0
2025-08-01 09:39:28 AM,7607.0,0,0.0,518721343.0
2025-08-01 09:39:31 AM,7607.0,545,4145815.0,522867158.0
2025-08-01 09:39:31 AM,7608.0,6,45648.0,522912806.0
2025-08-01 09:39:36 AM,7609.0,0,0.0,522912806.0
2025-08-01 09:39:37 AM,7609.0,20,152180.0,523064986.0
2025-08-01 09:39:40 AM,7610.0,0,0.0,523064986.0
2025-08-01 09:39:43 AM,7610.0,5,38050.0,523103036.0
2025-08-01 09:39:48 AM,7615.0,0,0.0,523103036.0
2025-08-01 09:39:50 AM,7615.0,427,3251605.0,526354641.0
2025-08-01 09:39:56 AM,7613.5,0,0.0,526354641.0
2025-08-01 09:39:57 AM,7613.5,135,1027822.5,527382463.5
2025-08-01 09:39:57 AM,7612.0,3,22836.0,527405299.5
2025-08-01 09:40:00 AM,7613.5,6,45681.0,527450980.5
2025-08-01 09:40:06 AM,7610.0,10,76100.0,527527080.5
2025-08-01 09:40:08 AM,7612.0,7,53284.0,527580364.5
2025-08-01 09:40:10 AM,7614.5,0,0.0,527580364.5
2025-08-01 09:40:11 AM,7614.5,1,7614.5,527587979.0
2025-08-01 09:40:11 AM,7613.0,2,15226.0,527603205.0
2025-08-01 09:40:12 AM,7613.0,1,7613.0,527610818.0
2025-08-01 09:40:14 AM,7614.5,10,76145.0,527686963.0
2025-08-01 09:40:20 AM,7614.0,3,22842.0,527709805.0
2025-08-01 09:40:21 AM,7615.0,0,0.0,527709805.0
2025-08-01 09:40:21 AM,7615.0,40,304600.0,528014405.0
2025-08-01 09:40:22 AM,7616.0,0,0.0,528014405.0
2025-08-01 09:40:23 AM,7616.0,33,251328.0,528265733.0
2025-08-01 09:40:23 AM,7616.0,1,7616.0,528273349.0
2025-08-01 09:40:26 AM,7616.5,29,220878.5,528494227.5
2025-08-01 09:40:26 AM,7616.5,1,7616.5,528501844.0
2025-08-01 09:40:26 AM,7616.0,0,0.0,528501844.0
2025-08-01 09:40:27 AM,7616.0,7,53312.0,528555156.0
2025-08-01 09:40:28 AM,7620.0,60,457200.0,529012356.0
2025-08-01 09:40:30 AM,7622.5,20,152450.0,529164806.0
2025-08-01 09:40:34 AM,7620.0,19,144780.0,529309586.0
2025-08-01 09:40:34 AM,7623.5,0,0.0,529309586.0
2025-08-01 09:40:35 AM,7623.5,2,15247.0,529324833.0
2025-08-01 09:40:36 AM,7620.5,0,0.0,529324833.0
2025-08-01 09:40:36 AM,7620.5,2,15241.0,529340074.0
2025-08-01 09:40:36 AM,7622.0,0,0.0,529340074.0
2025-08-01 09:40:37 AM,7624.0,0,0.0,529340074.0
2025-08-01 09:40:37 AM,7624.0,56,426944.0,529767018.0
2025-08-01 09:40:40 AM,7622.5,7,53357.5,529820375.5
2025-08-01 09:40:41 AM,7625.0,0,0.0,529820375.5
2025-08-01 09:40:42 AM,7625.0,82,625250.0,530445625.5
2025-08-01 09:40:43 AM,7624.0,50,381200.0,530826825.5
2025-08-01 09:40:44 AM,7624.0,2,15248.0,530842073.5
2025-08-01 09:40:46 AM,7626.0,0,0.0,530842073.5
2025-08-01 09:40:47 AM,7628.5,78,595023.0,531437096.5
2025-08-01 09:40:47 AM,7627.0,10,76270.0,531513366.5
2025-08-01 09:40:47 AM,7625.5,0,0.0,531513366.5
2025-08-01 09:40:48 AM,7625.5,50,381275.0,531894641.5
2025-08-01 09:40:48 AM,7626.0,5,38130.0,531932771.5
2025-08-01 09:40:50 AM,7629.0,50,381450.0,532314221.5
2025-08-01 09:40:52 AM,7629.0,50,381450.0,532695671.5
2025-08-01 09:40:53 AM,7630.0,16,122080.0,532817751.5
2025-08-01 09:40:54 AM,7630.0,10,76300.0,532894051.5
2025-08-01 09:40:55 AM,7630.0,3,22890.0,532916941.5
2025-08-01 09:40:57 AM,7630.0,40,305200.0,533222141.5
2025-08-01 09:40:58 AM,7630.0,76,579880.0,533802021.5
2025-08-01 09:41:01 AM,7630.0,4,30520.0,533832541.5
2025-08-01 09:41:03 AM,7630.0,179,1365770.0,535198311.5
2025-08-01 09:41:05 AM,7631.0,0,0.0,535198311.5
2025-08-01 09:41:06 AM,7635.0,0,0.0,535198311.5
2025-08-01 09:41:06 AM,7635.5,482,3680311.0,538878622.5
2025-08-01 09:41:12 AM,7639.0,0,0.0,538878622.5
2025-08-01 09:41:13 AM,7639.0,2,15278.0,538893900.5
2025-08-01 09:41:15 AM,7639.0,1,7639.0,538901539.5
2025-08-01 09:41:16 AM,7637.5,5,38187.5,538939727.0
2025-08-01 09:41:16 AM,7639.0,25,190975.0,539130702.0
2025-08-01 09:41:16 AM,7640.0,0,0.0,539130702.0
2025-08-01 09:41:17 AM,7640.0,4,30560.0,539161262.0
2025-08-01 09:41:18 AM,7638.0,20,152760.0,539314022.0
2025-08-01 09:41:18 AM,7640.0,0,0.0,539314022.0
2025-08-01 09:41:19 AM,7640.0,18,137520.0,539451542.0
2025-08-01 09:41:19 AM,7647.5,0,0.0,539451542.0
2025-08-01 09:41:20 AM,7641.5,96,733584.0,540185126.0
2025-08-01 09:41:25 AM,7647.5,15,114712.5,540299838.5
2025-08-01 09:41:26 AM,7642.5,60,458550.0,540758388.5
2025-08-01 09:41:27 AM,7643.0,75,573225.0,541331613.5
2025-08-01 09:41:29 AM,7647.5,0,0.0,541331613.5
2025-08-01 09:41:29 AM,7646.5,65,497022.5,541828636.0
2025-08-01 09:41:31 AM,7646.5,5,38232.5,541866868.5
2025-08-01 09:41:31 AM,7646.5,10,76465.0,541943333.5
2025-08-01 09:41:32 AM,7644.0,9,68796.0,542012129.5
2025-08-01 09:41:33 AM,7644.0,1,7644.0,542019773.5
2025-08-01 09:41:33 AM,7640.5,49,374384.5,542394158.0
2025-08-01 09:41:34 AM,7640.0,0,0.0,542394158.0
2025-08-01 09:41:35 AM,7640.0,21,160440.0,542554598.0
2025-08-01 09:41:35 AM,7639.0,1,7639.0,542562237.0
2025-08-01 09:41:35 AM,7639.5,0,0.0,542562237.0
2025-08-01 09:41:36 AM,7639.5,38,290301.0,542852538.0
2025-08-01 09:41:38 AM,7641.0,67,511947.0,543364485.0
2025-08-01 09:41:41 AM,7640.0,3,22920.0,543387405.0
2025-08-01 09:41:41 AM,7639.5,1,7639.5,543395044.5
2025-08-01 09:41:42 AM,7639.0,0,0.0,543395044.5
2025-08-01 09:41:43 AM,7640.0,302,2307280.0,545702324.5
2025-08-01 09:41:44 AM,7638.0,1,7638.0,545709962.5
2025-08-01 09:41:47 AM,7638.0,25,190950.0,545900912.5
2025-08-01 09:41:48 AM,7637.0,0,0.0,545900912.5
2025-08-01 09:41:49 AM,7637.0,2,15274.0,545916186.5
2025-08-01 09:41:50 AM,7637.0,10,76370.0,545992556.5
2025-08-01 09:41:51 AM,7637.0,2,15274.0,546007830.5
2025-08-01 09:41:52 AM,7634.5,0,0.0,546007830.5
2025-08-01 09:41:53 AM,7634.5,10,76345.0,546084175.5
2025-08-01 09:41:54 AM,7632.5,0,0.0,546084175.5
2025-08-01 09:41:54 AM,7632.5,85,648762.5,546732938.0
2025-08-01 09:41:56 AM,7637.0,8,61096.0,546794034.0
2025-08-01 09:41:57 AM,7637.5,0,0.0,546794034.0
2025-08-01 09:41:58 AM,7637.5,6,45825.0,546839859.0
2025-08-01 09:41:58 AM,7636.5,30,229095.0,547068954.0
2025-08-01 09:42:00 AM,7638.0,0,0.0,547068954.0
2025-08-01 09:42:00 AM,7638.0,5,38190.0,547107144.0
2025-08-01 09:42:02 AM,7633.5,322,2457987.0,549565131.0
2025-08-01 09:42:04 AM,7637.5,0,0.0,549565131.0
2025-08-01 09:42:05 AM,7637.5,10,76375.0,549641506.0
2025-08-01 09:42:05 AM,7633.5,0,0.0,549641506.0
2025-08-01 09:42:06 AM,7633.5,10,76335.0,549717841.0
2025-08-01 09:42:06 AM,7632.5,103,786147.5,550503988.5
2025-08-01 09:42:07 AM,7637.5,2,15275.0,550519263.5
2025-08-01 09:42:16 AM,7632.0,2,15264.0,550534527.5
2025-08-01 09:42:17 AM,7635.5,0,0.0,550534527.5
2025-08-01 09:42:17 AM,7635.5,15,114532.5,550649060.0
2025-08-01 09:42:19 AM,7635.5,2,15271.0,550664331.0
2025-08-01 09:42:19 AM,7633.5,20,152670.0,550817001.0
2025-08-01 09:42:20 AM,7633.0,0,0.0,550817001.0
2025-08-01 09:42:20 AM,7633.0,5,38165.0,550855166.0
2025-08-01 09:42:21 AM,7628.5,0,0.0,550855166.0
2025-08-01 09:42:21 AM,7628.5,47,358539.5,551213705.5
2025-08-01 09:42:22 AM,7627.5,0,0.0,551213705.5
2025-08-01 09:42:23 AM,7627.5,2,15255.0,551228960.5
2025-08-01 09:42:25 AM,7628.0,0,0.0,551228960.5
2025-08-01 09:42:26 AM,7628.0,1,7628.0,551236588.5
2025-08-01 09:42:32 AM,7625.0,18,137250.0,551373838.5
2025-08-01 09:42:34 AM,7628.0,0,0.0,551373838.5
2025-08-01 09:42:34 AM,7628.0,1,7628.0,551381466.5
2025-08-01 09:42:39 AM,7628.0,3,22884.0,551404350.5
2025-08-01 09:42:41 AM,7627.5,0,0.0,551404350.5
2025-08-01 09:42:42 AM,7627.5,101,770377.5,552174728.0
2025-08-01 09:42:47 AM,7625.0,0,0.0,552174728.0
2025-08-01 09:42:47 AM,7625.0,30,228750.0,552403478.0
2025-08-01 09:42:50 AM,7628.5,0,0.0,552403478.0
2025-08-01 09:42:50 AM,7628.5,3,22885.5,552426363.5
2025-08-01 09:42:53 AM,7633.5,2,15267.0,552441630.5
2025-08-01 09:42:55 AM,7627.5,10,76275.0,552517905.5
2025-08-01 09:42:56 AM,7627.5,15,114412.5,552632318.0
2025-08-01 09:43:01 AM,7628.5,0,0.0,552632318.0
2025-08-01 09:43:02 AM,7628.5,53,404310.5,553036628.5
2025-08-01 09:43:04 AM,7629.5,1,7629.5,553044258.0
2025-08-01 09:43:04 AM,7627.5,10,76275.0,553120533.0
2025-08-01 09:43:07 AM,7629.5,0,0.0,553120533.0
2025-08-01 09:43:07 AM,7629.5,3,22888.5,553143421.5
2025-08-01 09:43:10 AM,7629.0,0,0.0,553143421.5
2025-08-01 09:43:10 AM,7629.0,6,45774.0,553189195.5
2025-08-01 09:43:12 AM,7632.0,0,0.0,553189195.5
2025-08-01 09:43:12 AM,7632.0,10,76320.0,553265515.5
2025-08-01 09:43:12 AM,7631.5,0,0.0,553265515.5
2025-08-01 09:43:13 AM,7631.5,20,152630.0,553418145.5
2025-08-01 09:43:18 AM,7633.0,0,0.0,553418145.5
2025-08-01 09:43:19 AM,7633.0,19,145027.0,553563172.5
2025-08-01 09:43:19 AM,7629.0,0,0.0,553563172.5
2025-08-01 09:43:20 AM,7632.5,16,122120.0,553685292.5
2025-08-01 09:43:21 AM,7632.5,18,137385.0,553822677.5
2025-08-01 09:43:22 AM,7632.5,1,7632.5,553830310.0
2025-08-01 09:43:23 AM,7626.0,73,556698.0,554387008.0
2025-08-01 09:43:25 AM,7625.0,0,0.0,554387008.0
2025-08-01 09:43:25 AM,7614.0,403,3068442.0,557455450.0
2025-08-01 09:43:26 AM,7615.5,1,7615.5,557463065.5
2025-08-01 09:43:29 AM,7617.5,0,0.0,557463065.5
2025-08-01 09:43:29 AM,7617.5,10,76175.0,557539240.5
2025-08-01 09:43:32 AM,7617.5,1,7617.5,557546858.0
2025-08-01 09:43:38 AM,7617.5,5,38087.5,557584945.5
2025-08-01 09:43:39 AM,7617.5,5,38087.5,557623033.0
2025-08-01 09:43:42 AM,7613.0,0,0.0,557623033.0
2025-08-01 09:43:42 AM,7613.5,94,715669.0,558338702.0
2025-08-01 09:43:43 AM,7611.0,0,0.0,558338702.0
2025-08-01 09:43:43 AM,7613.0,5,38065.0,558376767.0
2025-08-01 09:43:47 AM,7611.0,2,15222.0,558391989.0
2025-08-01 09:43:48 AM,7613.0,19,144647.0,558536636.0
2025-08-01 09:43:54 AM,7613.0,7,53291.0,558589927.0
2025-08-01 09:43:55 AM,7614.5,28,213206.0,558803133.0
2025-08-01 09:43:58 AM,7613.5,1,7613.5,558810746.5
2025-08-01 09:43:59 AM,7614.5,5,38072.5,558848819.0
2025-08-01 09:44:04 AM,7611.0,268,2039748.0,560888567.0
2025-08-01 09:44:05 AM,7612.0,25,190300.0,561078867.0
2025-08-01 09:44:09 AM,7611.0,1,7611.0,561086478.0
2025-08-01 09:44:11 AM,7611.0,61,464271.0,561550749.0
2025-08-01 09:44:12 AM,7611.0,2,15222.0,561565971.0
2025-08-01 09:44:13 AM,7612.0,10,76120.0,561642091.0
2025-08-01 09:44:15 AM,7612.0,10,76120.0,561718211.0
2025-08-01 09:44:18 AM,7610.0,1,7610.0,561725821.0
2025-08-01 09:44:18 AM,7610.0,2,15220.0,561741041.0
2025-08-01 09:44:19 AM,7612.0,1,7612.0,561748653.0
2025-08-01 09:44:20 AM,7612.0,1,7612.0,561756265.0
2025-08-01 09:44:22 AM,7611.5,1,7611.5,561763876.5
2025-08-01 09:44:23 AM,7609.0,285,2168565.0,563932441.5
2025-08-01 09:44:23 AM,7608.0,0,0.0,563932441.5
2025-08-01 09:44:24 AM,7609.0,0,0.0,563932441.5
2025-08-01 09:44:24 AM,7609.0,42,319578.0,564252019.5
2025-08-01 09:44:25 AM,7609.0,1,7609.0,564259628.5
2025-08-01 09:44:25 AM,7604.0,0,0.0,564259628.5
2025-08-01 09:44:26 AM,7604.0,130,988520.0,565248148.5
2025-08-01 09:44:28 AM,7603.0,96,729888.0,565978036.5
2025-08-01 09:44:29 AM,7604.0,14,106456.0,566084492.5
2025-08-01 09:44:29 AM,7607.5,1,7607.5,566092100.0
2025-08-01 09:44:31 AM,7607.5,11,83682.5,566175782.5
2025-08-01 09:44:32 AM,7607.5,1,7607.5,566183390.0
2025-08-01 09:44:34 AM,7607.5,9,68467.5,566251857.5
2025-08-01 09:44:34 AM,7606.0,0,0.0,566251857.5
2025-08-01 09:44:35 AM,7606.0,1,7606.0,566259463.5
2025-08-01 09:44:36 AM,7603.0,43,326929.0,566586392.5
2025-08-01 09:44:36 AM,7604.0,71,539884.0,567126276.5
2025-08-01 09:44:37 AM,7600.5,2,15201.0,567141477.5
2025-08-01 09:44:39 AM,7603.5,10,76035.0,567217512.5
2025-08-01 09:44:40 AM,7603.5,5,38017.5,567255530.0
2025-08-01 09:44:41 AM,7604.0,0,0.0,567255530.0
2025-08-01 09:44:42 AM,7604.0,11,83644.0,567339174.0
2025-08-01 09:44:43 AM,7604.0,2,15208.0,567354382.0
2025-08-01 09:44:44 AM,7601.0,0,0.0,567354382.0
2025-08-01 09:44:44 AM,7601.0,1,7601.0,567361983.0
2025-08-01 09:44:46 AM,7603.5,2,15207.0,567377190.0
2025-08-01 09:44:48 AM,7603.0,0,0.0,567377190.0
2025-08-01 09:44:49 AM,7603.0,3,22809.0,567399999.0
2025-08-01 09:44:49 AM,7604.5,0,0.0,567399999.0
2025-08-01 09:44:50 AM,7600.0,0,0.0,567399999.0
2025-08-01 09:44:50 AM,7600.0,272,2067200.0,569467199.0
2025-08-01 09:44:51 AM,7600.0,1,7600.0,569474799.0
2025-08-01 09:44:51 AM,7602.5,9,68422.5,569543221.5
2025-08-01 09:44:53 AM,7601.0,2,15202.0,569558423.5
2025-08-01 09:44:54 AM,7600.0,0,0.0,569558423.5
2025-08-01 09:44:55 AM,7600.0,1,7600.0,569566023.5
2025-08-01 09:44:58 AM,7600.0,5,38000.0,569604023.5
2025-08-01 09:44:59 AM,7600.0,6,45600.0,569649623.5
2025-08-01 09:45:02 AM,7601.0,0,0.0,569649623.5
2025-08-01 09:45:04 AM,7603.0,0,0.0,569649623.5
2025-08-01 09:45:05 AM,7600.0,260,1976000.0,571625623.5
2025-08-01 09:45:07 AM,7600.5,23,174811.5,571800435.0
2025-08-01 09:45:09 AM,7601.0,0,0.0,571800435.0
2025-08-01 09:45:12 AM,7599.0,186,1413414.0,573213849.0
2025-08-01 09:45:13 AM,7598.5,0,0.0,573213849.0
2025-08-01 09:45:13 AM,7598.5,1,7598.5,573221447.5
2025-08-01 09:45:18 AM,7596.0,0,0.0,573221447.5
2025-08-01 09:45:19 AM,7596.0,98,744408.0,573965855.5
2025-08-01 09:45:20 AM,7598.5,52,395122.0,574360977.5
2025-08-01 09:45:22 AM,7595.0,0,0.0,574360977.5
2025-08-01 09:45:25 AM,7595.0,108,820260.0,575181237.5
2025-08-01 09:45:30 AM,7588.5,0,0.0,575181237.5
2025-08-01 09:45:31 AM,7590.0,0,0.0,575181237.5
2025-08-01 09:45:31 AM,7589.5,713,5411313.5,580592551.0
2025-08-01 09:45:33 AM,7590.5,71,538925.5,581131476.5
2025-08-01 09:45:34 AM,7593.0,0,0.0,581131476.5
2025-08-01 09:45:35 AM,7596.0,0,0.0,581131476.5
2025-08-01 09:45:38 AM,7592.5,770,5846225.0,586977701.5
2025-08-01 09:45:42 AM,7593.5,0,0.0,586977701.5
2025-08-01 09:45:44 AM,7593.5,143,1085870.5,588063572.0
2025-08-01 09:45:46 AM,7595.5,10,75955.0,588139527.0
2025-08-01 09:45:50 AM,7593.5,0,0.0,588139527.0
2025-08-01 09:45:51 AM,7593.5,11,83528.5,588223055.5
2025-08-01 09:45:52 AM,7595.5,12,91146.0,588314201.5
2025-08-01 09:45:56 AM,7591.5,0,0.0,588314201.5
2025-08-01 09:45:57 AM,7595.5,61,463325.5,588777527.0
2025-08-01 09:46:00 AM,7595.0,0,0.0,588777527.0
2025-08-01 09:46:00 AM,7589.0,0,0.0,588777527.0
2025-08-01 09:46:01 AM,7585.0,0,0.0,588777527.0
2025-08-01 09:46:02 AM,7585.0,1013,7683605.0,596461132.0
2025-08-01 09:46:02 AM,7587.0,0,0.0,596461132.0
2025-08-01 09:46:03 AM,7587.0,9,68283.0,596529415.0
2025-08-01 09:46:03 AM,7586.5,0,0.0,596529415.0
2025-08-01 09:46:04 AM,7586.5,2,15173.0,596544588.0
2025-08-01 09:46:05 AM,7586.0,0,0.0,596544588.0
2025-08-01 09:46:06 AM,7586.0,5,37930.0,596582518.0
2025-08-01 09:46:06 AM,7581.5,0,0.0,596582518.0
2025-08-01 09:46:07 AM,7581.5,1,7581.5,596590099.5
2025-08-01 09:46:07 AM,7586.5,0,0.0,596590099.5
2025-08-01 09:46:07 AM,7586.5,5,37932.5,596628032.0
2025-08-01 09:46:09 AM,7586.5,1,7586.5,596635618.5
2025-08-01 09:46:09 AM,7583.0,0,0.0,596635618.5
2025-08-01 09:46:10 AM,7583.0,1,7583.0,596643201.5
2025-08-01 09:46:10 AM,7586.0,0,0.0,596643201.5
2025-08-01 09:46:11 AM,7586.0,11,83446.0,596726647.5
2025-08-01 09:46:11 AM,7582.5,0,0.0,596726647.5
2025-08-01 09:46:12 AM,7582.5,16,121320.0,596847967.5
2025-08-01 09:46:12 AM,7586.5,0,0.0,596847967.5
2025-08-01 09:46:13 AM,7587.0,140,1062180.0,597910147.5
2025-08-01 09:46:14 AM,7587.0,530,4021110.0,601931257.5
2025-08-01 09:46:14 AM,7586.5,0,0.0,601931257.5
2025-08-01 09:46:15 AM,7586.5,5,37932.5,601969190.0
2025-08-01 09:46:16 AM,7586.0,0,0.0,601969190.0
2025-08-01 09:46:17 AM,7586.0,60,455160.0,602424350.0
2025-08-01 09:46:17 AM,7584.0,24,182016.0,602606366.0
2025-08-01 09:46:19 AM,7584.0,17,128928.0,602735294.0
2025-08-01 09:46:21 AM,7587.5,13,98637.5,602833931.5
2025-08-01 09:46:22 AM,7586.0,281,2131666.0,604965597.5
2025-08-01 09:46:24 AM,7583.0,11,83413.0,605049010.5
2025-08-01 09:46:25 AM,7585.0,0,0.0,605049010.5
2025-08-01 09:46:26 AM,7585.5,108,819234.0,605868244.5
2025-08-01 09:46:26 AM,7584.0,0,0.0,605868244.5
2025-08-01 09:46:27 AM,7583.0,0,0.0,605868244.5
2025-08-01 09:46:28 AM,7585.0,0,0.0,605868244.5
2025-08-01 09:46:29 AM,7582.0,925,7013350.0,612881594.5
2025-08-01 09:46:30 AM,7582.5,0,0.0,612881594.5
2025-08-01 09:46:31 AM,7575.0,584,4423800.0,617305394.5
2025-08-01 09:46:31 AM,7578.0,0,0.0,617305394.5
2025-08-01 09:46:32 AM,7579.5,0,0.0,617305394.5
2025-08-01 09:46:33 AM,7576.0,49,371224.0,617676618.5
2025-08-01 09:46:35 AM,7578.5,0,0.0,617676618.5
2025-08-01 09:46:35 AM,7578.5,6,45471.0,617722089.5
2025-08-01 09:46:36 AM,7572.0,0,0.0,617722089.5
2025-08-01 09:46:37 AM,7575.5,188,1424194.0,619146283.5
2025-08-01 09:46:38 AM,7574.5,0,0.0,619146283.5
2025-08-01 09:46:39 AM,7574.5,70,530215.0,619676498.5
2025-08-01 09:46:39 AM,7576.5,0,0.0,619676498.5
2025-08-01 09:46:40 AM,7578.5,71,538073.5,620214572.0
2025-08-01 09:46:40 AM,7575.5,0,0.0,620214572.0
2025-08-01 09:46:41 AM,7572.0,175,1325100.0,621539672.0
2025-08-01 09:46:41 AM,7577.0,0,0.0,621539672.0
2025-08-01 09:46:42 AM,7575.5,6,45453.0,621585125.0
2025-08-01 09:46:43 AM,7575.5,11,83330.5,621668455.5
2025-08-01 09:46:43 AM,7575.0,0,0.0,621668455.5
2025-08-01 09:46:44 AM,7571.0,210,1589910.0,623258365.5
2025-08-01 09:46:45 AM,7575.0,7,53025.0,623311390.5
2025-08-01 09:46:45 AM,7574.5,0,0.0,623311390.5
2025-08-01 09:46:46 AM,7574.0,0,0.0,623311390.5
2025-08-01 09:46:48 AM,7578.0,25,189450.0,623500840.5
2025-08-01 09:46:49 AM,7577.0,0,0.0,623500840.5
2025-08-01 09:46:50 AM,7577.0,9,68193.0,623569033.5
2025-08-01 09:46:51 AM,7575.0,1,7575.0,623576608.5
2025-08-01 09:46:51 AM,7577.0,0,0.0,623576608.5
2025-08-01 09:46:52 AM,7578.0,97,735066.0,624311674.5
2025-08-01 09:46:54 AM,7581.5,0,0.0,624311674.5
2025-08-01 09:46:55 AM,7580.0,111,841380.0,625153054.5
2025-08-01 09:46:56 AM,7583.0,33,250239.0,625403293.5
2025-08-01 09:46:57 AM,7580.0,0,0.0,625403293.5
2025-08-01 09:46:58 AM,7580.0,1,7580.0,625410873.5
2025-08-01 09:47:03 AM,7580.0,7,53060.0,625463933.5
2025-08-01 09:47:03 AM,7580.0,10,75800.0,625539733.5
2025-08-01 09:47:04 AM,7580.0,19,144020.0,625683753.5
2025-08-01 09:47:05 AM,7581.0,9,68229.0,625751982.5
2025-08-01 09:47:07 AM,7579.0,149,1129271.0,626881253.5
2025-08-01 09:47:08 AM,7580.0,1,7580.0,626888833.5
2025-08-01 09:47:08 AM,7582.5,0,0.0,626888833.5
2025-08-01 09:47:09 AM,7582.5,25,189562.5,627078396.0
2025-08-01 09:47:10 AM,7581.5,0,0.0,627078396.0
2025-08-01 09:47:10 AM,7581.5,8,60652.0,627139048.0
2025-08-01 09:47:11 AM,7580.0,10,75800.0,627214848.0
2025-08-01 09:47:12 AM,7583.5,0,0.0,627214848.0
2025-08-01 09:47:12 AM,7583.5,50,379175.0,627594023.0
2025-08-01 09:47:12 AM,7580.0,12,90960.0,627684983.0
2025-08-01 09:47:13 AM,7580.5,11,83385.5,627768368.5
2025-08-01 09:47:14 AM,7577.5,110,833525.0,628601893.5
2025-08-01 09:47:14 AM,7578.0,0,0.0,628601893.5
2025-08-01 09:47:15 AM,7578.0,4,30312.0,628632205.5
2025-08-01 09:47:15 AM,7580.5,20,151610.0,628783815.5
2025-08-01 09:47:21 AM,7577.5,0,0.0,628783815.5
2025-08-01 09:47:21 AM,7577.5,67,507692.5,629291508.0
2025-08-01 09:47:23 AM,7578.0,40,303120.0,629594628.0
2025-08-01 09:47:24 AM,7580.0,0,0.0,629594628.0
2025-08-01 09:47:24 AM,7580.0,5,37900.0,629632528.0
2025-08-01 09:47:27 AM,7580.5,0,0.0,629632528.0
2025-08-01 09:47:28 AM,7580.5,2,15161.0,629647689.0
2025-08-01 09:47:29 AM,7578.0,0,0.0,629647689.0
2025-08-01 09:47:29 AM,7578.0,1,7578.0,629655267.0
2025-08-01 09:47:29 AM,7575.0,0,0.0,629655267.0
2025-08-01 09:47:30 AM,7575.0,283,2143725.0,631798992.0
2025-08-01 09:47:31 AM,7577.0,10,75770.0,631874762.0
2025-08-01 09:47:32 AM,7577.0,103,780431.0,632655193.0
2025-08-01 09:47:32 AM,7572.0,0,0.0,632655193.0
2025-08-01 09:47:33 AM,7572.0,308,2332176.0,634987369.0
2025-08-01 09:47:33 AM,7572.0,31,234732.0,635222101.0
2025-08-01 09:47:34 AM,7572.0,1,7572.0,635229673.0
2025-08-01 09:47:34 AM,7574.5,0,0.0,635229673.0
2025-08-01 09:47:35 AM,7574.5,25,189362.5,635419035.5
2025-08-01 09:47:35 AM,7574.5,20,151490.0,635570525.5
2025-08-01 09:47:36 AM,7574.5,13,98468.5,635668994.0
2025-08-01 09:47:36 AM,7575.0,52,393900.0,636062894.0
2025-08-01 09:47:36 AM,7572.0,0,0.0,636062894.0
2025-08-01 09:47:37 AM,7572.0,5,37860.0,636100754.0
2025-08-01 09:47:37 AM,7574.0,1,7574.0,636108328.0
2025-08-01 09:47:40 AM,7572.0,0,0.0,636108328.0
2025-08-01 09:47:40 AM,7574.0,0,0.0,636108328.0
2025-08-01 09:47:40 AM,7574.0,11,83314.0,636191642.0
2025-08-01 09:47:41 AM,7572.0,40,302880.0,636494522.0
2025-08-01 09:47:42 AM,7572.0,1,7572.0,636502094.0
2025-08-01 09:47:42 AM,7574.0,0,0.0,636502094.0
2025-08-01 09:47:43 AM,7574.0,11,83314.0,636585408.0
2025-08-01 09:47:43 AM,7574.0,1,7574.0,636592982.0
2025-08-01 09:47:46 AM,7575.0,221,1674075.0,638267057.0
2025-08-01 09:47:47 AM,7576.0,0,0.0,638267057.0
2025-08-01 09:47:47 AM,7576.0,136,1030336.0,639297393.0
2025-08-01 09:47:47 AM,7577.0,1,7577.0,639304970.0
2025-08-01 09:47:51 AM,7576.5,2,15153.0,639320123.0
2025-08-01 09:47:51 AM,7576.0,12,90912.0,639411035.0
2025-08-01 09:47:51 AM,7575.0,0,0.0,639411035.0
2025-08-01 09:47:52 AM,7575.0,4,30300.0,639441335.0
2025-08-01 09:47:52 AM,7576.5,10,75765.0,639517100.0
2025-08-01 09:47:54 AM,7572.0,147,1113084.0,640630184.0
2025-08-01 09:47:55 AM,7573.0,5,37865.0,640668049.0
2025-08-01 09:47:55 AM,7575.5,5,37877.5,640705926.5
2025-08-01 09:47:56 AM,7575.5,49,371199.5,641077126.0
2025-08-01 09:47:56 AM,7576.0,0,0.0,641077126.0
2025-08-01 09:47:57 AM,7576.0,23,174248.0,641251374.0
2025-08-01 09:47:59 AM,7577.5,50,378875.0,641630249.0
2025-08-01 09:48:00 AM,7575.0,5,37875.0,641668124.0
2025-08-01 09:48:01 AM,7574.0,0,0.0,641668124.0
2025-08-01 09:48:01 AM,7574.0,15,113610.0,641781734.0
2025-08-01 09:48:03 AM,7568.0,376,2845568.0,644627302.0
2025-08-01 09:48:04 AM,7571.0,0,0.0,644627302.0
2025-08-01 09:48:05 AM,7567.5,16,121080.0,644748382.0
2025-08-01 09:48:05 AM,7572.5,0,0.0,644748382.0
2025-08-01 09:48:06 AM,7572.5,101,764822.5,645513204.5
2025-08-01 09:48:07 AM,7572.0,0,0.0,645513204.5
2025-08-01 09:48:08 AM,7572.0,41,310452.0,645823656.5
2025-08-01 09:48:09 AM,7572.0,15,113580.0,645937236.5
2025-08-01 09:48:11 AM,7572.5,1,7572.5,645944809.0
2025-08-01 09:48:12 AM,7570.0,0,0.0,645944809.0
2025-08-01 09:48:12 AM,7570.0,10,75700.0,646020509.0
2025-08-01 09:48:13 AM,7568.5,125,946062.5,646966571.5
2025-08-01 09:48:14 AM,7573.0,0,0.0,646966571.5
2025-08-01 09:48:14 AM,7573.0,25,189325.0,647155896.5
2025-08-01 09:48:17 AM,7572.0,50,378600.0,647534496.5
2025-08-01 09:48:18 AM,7574.0,2,15148.0,647549644.5
2025-08-01 09:48:19 AM,7574.5,51,386299.5,647935944.0
2025-08-01 09:48:20 AM,7575.0,0,0.0,647935944.0
2025-08-01 09:48:20 AM,7575.0,3,22725.0,647958669.0
2025-08-01 09:48:21 AM,7575.5,16,121208.0,648079877.0
2025-08-01 09:48:22 AM,7573.0,1,7573.0,648087450.0
2025-08-01 09:48:25 AM,7574.5,14,106043.0,648193493.0
2025-08-01 09:48:27 AM,7575.5,0,0.0,648193493.0
2025-08-01 09:48:27 AM,7575.5,200,1515100.0,649708593.0
2025-08-01 09:48:29 AM,7574.5,2,15149.0,649723742.0
2025-08-01 09:48:32 AM,7575.0,1,7575.0,649731317.0
2025-08-01 09:48:33 AM,7574.0,1,7574.0,649738891.0
2025-08-01 09:48:33 AM,7571.0,50,378550.0,650117441.0
2025-08-01 09:48:34 AM,7575.5,125,946937.5,651064378.5
2025-08-01 09:48:35 AM,7574.5,2,15149.0,651079527.5
2025-08-01 09:48:36 AM,7571.0,25,189275.0,651268802.5
2025-08-01 09:48:36 AM,7574.5,0,0.0,651268802.5
2025-08-01 09:48:37 AM,7574.5,5,37872.5,651306675.0
2025-08-01 09:48:38 AM,7574.5,2,15149.0,651321824.0
2025-08-01 09:48:39 AM,7574.5,1,7574.5,651329398.5
2025-08-01 09:48:40 AM,7571.0,42,317982.0,651647380.5
2025-08-01 09:48:41 AM,7574.5,1,7574.5,651654955.0
2025-08-01 09:48:44 AM,7573.5,0,0.0,651654955.0
2025-08-01 09:48:45 AM,7573.5,6,45441.0,651700396.0
2025-08-01 09:48:45 AM,7571.0,12,90852.0,651791248.0
2025-08-01 09:48:45 AM,7573.5,0,0.0,651791248.0
2025-08-01 09:48:46 AM,7573.5,30,227205.0,652018453.0
2025-08-01 09:48:46 AM,7574.5,0,0.0,652018453.0
2025-08-01 09:48:47 AM,7574.5,150,1136175.0,653154628.0
2025-08-01 09:48:47 AM,7572.5,1,7572.5,653162200.5
2025-08-01 09:48:48 AM,7572.0,0,0.0,653162200.5
2025-08-01 09:48:49 AM,7572.0,10,75720.0,653237920.5
2025-08-01 09:48:49 AM,7572.0,15,113580.0,653351500.5
2025-08-01 09:48:50 AM,7574.0,0,0.0,653351500.5
2025-08-01 09:48:51 AM,7574.0,141,1067934.0,654419434.5
2025-08-01 09:48:52 AM,7573.0,1062,8042526.0,662461960.5
2025-08-01 09:48:53 AM,7573.0,138,1045074.0,663507034.5
2025-08-01 09:48:53 AM,7572.0,0,0.0,663507034.5
2025-08-01 09:48:54 AM,7572.0,49,371028.0,663878062.5
2025-08-01 09:48:54 AM,7573.0,9,68157.0,663946219.5
2025-08-01 09:48:55 AM,7573.0,6,45438.0,663991657.5
2025-08-01 09:48:57 AM,7573.0,19,143887.0,664135544.5
2025-08-01 09:49:00 AM,7573.0,57,431661.0,664567205.5
2025-08-01 09:49:03 AM,7573.0,3,22719.0,664589924.5
2025-08-01 09:49:05 AM,7573.0,11,83303.0,664673227.5
2025-08-01 09:49:12 AM,7573.0,21,159033.0,664832260.5
2025-08-01 09:49:14 AM,7575.5,0,0.0,664832260.5
2025-08-01 09:49:14 AM,7577.5,0,0.0,664832260.5
2025-08-01 09:49:15 AM,7577.5,400,3031000.0,667863260.5
2025-08-01 09:49:18 AM,7578.0,1,7578.0,667870838.5
2025-08-01 09:49:21 AM,7575.5,0,0.0,667870838.5
2025-08-01 09:49:21 AM,7578.0,0,0.0,667870838.5
2025-08-01 09:49:22 AM,7578.0,21,159138.0,668029976.5
2025-08-01 09:49:24 AM,7578.0,50,378900.0,668408876.5
2025-08-01 09:49:27 AM,7580.0,0,0.0,668408876.5
2025-08-01 09:49:28 AM,7580.0,61,462380.0,668871256.5
2025-08-01 09:49:30 AM,7578.0,0,0.0,668871256.5
2025-08-01 09:49:30 AM,7572.0,419,3172668.0,672043924.5
2025-08-01 09:49:33 AM,7572.5,0,0.0,672043924.5
2025-08-01 09:49:33 AM,7570.0,0,0.0,672043924.5
2025-08-01 09:49:34 AM,7573.0,414,3135222.0,675179146.5
2025-08-01 09:49:36 AM,7573.5,0,0.0,675179146.5
2025-08-01 09:49:37 AM,7573.5,5,37867.5,675217014.0
2025-08-01 09:49:40 AM,7572.0,54,408888.0,675625902.0
2025-08-01 09:49:43 AM,7573.5,12,90882.0,675716784.0
2025-08-01 09:49:47 AM,7573.5,41,310513.5,676027297.5
2025-08-01 09:49:48 AM,7572.0,0,0.0,676027297.5
2025-08-01 09:49:49 AM,7574.0,16,121184.0,676148481.5
2025-08-01 09:49:51 AM,7573.5,0,0.0,676148481.5
2025-08-01 09:49:53 AM,7573.5,16,121176.0,676269657.5
2025-08-01 09:49:54 AM,7569.0,0,0.0,676269657.5
2025-08-01 09:49:55 AM,7568.5,0,0.0,676269657.5
2025-08-01 09:49:56 AM,7568.5,348,2633838.0,678903495.5
2025-08-01 09:49:59 AM,7568.0,6,45408.0,678948903.5
2025-08-01 09:50:02 AM,7568.5,73,552500.5,679501404.0
2025-08-01 09:50:05 AM,7570.5,0,0.0,679501404.0
2025-08-01 09:50:06 AM,7570.5,94,711627.0,680213031.0
2025-08-01 09:50:09 AM,7570.5,89,673774.5,680886805.5
2025-08-01 09:50:10 AM,7569.0,0,0.0,680886805.5
2025-08-01 09:50:11 AM,7568.5,0,0.0,680886805.5
2025-08-01 09:50:12 AM,7568.5,73,552500.5,681439306.0
2025-08-01 09:50:15 AM,7568.5,3,22705.5,681462011.5
2025-08-01 09:50:17 AM,7570.0,0,0.0,681462011.5
2025-08-01 09:50:19 AM,7568.5,56,423836.0,681885847.5
2025-08-01 09:50:22 AM,7568.0,0,0.0,681885847.5
2025-08-01 09:50:22 AM,7568.0,241,1823888.0,683709735.5
2025-08-01 09:50:23 AM,7570.0,0,0.0,683709735.5
2025-08-01 09:50:25 AM,7570.5,0,0.0,683709735.5
2025-08-01 09:50:25 AM,7570.5,9,68134.5,683777870.0
2025-08-01 09:50:26 AM,7573.0,0,0.0,683777870.0
2025-08-01 09:50:28 AM,7569.0,0,0.0,683777870.0
2025-08-01 09:50:28 AM,7569.0,65,491985.0,684269855.0
2025-08-01 09:50:31 AM,7571.5,5,37857.5,684307712.5
2025-08-01 09:50:34 AM,7571.5,3,22714.5,684330427.0
2025-08-01 09:50:35 AM,7569.5,0,0.0,684330427.0
2025-08-01 09:50:37 AM,7569.5,10,75695.0,684406122.0
2025-08-01 09:50:40 AM,7571.5,0,0.0,684406122.0
2025-08-01 09:50:40 AM,7571.5,5,37857.5,684443979.5
2025-08-01 09:50:44 AM,7571.5,1,7571.5,684451551.0
2025-08-01 09:50:44 AM,7572.0,0,0.0,684451551.0
2025-08-01 09:50:46 AM,7572.0,100,757200.0,685208751.0
2025-08-01 09:50:49 AM,7572.5,0,0.0,685208751.0
2025-08-01 09:50:50 AM,7569.0,164,1241316.0,686450067.0
2025-08-01 09:50:52 AM,7571.5,0,0.0,686450067.0
2025-08-01 09:50:52 AM,7571.0,8,60568.0,686510635.0
2025-08-01 09:50:53 AM,7571.5,0,0.0,686510635.0
2025-08-01 09:50:56 AM,7571.5,25,189287.5,686699922.5
2025-08-01 09:50:59 AM,7571.5,5,37857.5,686737780.0
2025-08-01 09:51:01 AM,7572.5,0,0.0,686737780.0
2025-08-01 09:51:02 AM,7570.5,0,0.0,686737780.0
2025-08-01 09:51:03 AM,7570.5,1240,9387420.0,696125200.0
2025-08-01 09:51:04 AM,7574.0,0,0.0,696125200.0
2025-08-01 09:51:05 AM,7574.0,33,249942.0,696375142.0
2025-08-01 09:51:09 AM,7576.5,90,681885.0,697057027.0
2025-08-01 09:51:11 AM,7582.0,65,492830.0,697549857.0
2025-08-01 09:51:13 AM,7581.0,0,0.0,697549857.0
2025-08-01 09:51:15 AM,7585.0,70,530950.0,698080807.0
2025-08-01 09:51:17 AM,7579.5,0,0.0,698080807.0
2025-08-01 09:51:20 AM,7580.0,0,0.0,698080807.0
2025-08-01 09:51:21 AM,7581.0,0,0.0,698080807.0
2025-08-01 09:51:22 AM,7584.0,52,394368.0,698475175.0
2025-08-01 09:51:24 AM,7584.5,0,0.0,698475175.0
2025-08-01 09:51:24 AM,7584.5,125,948062.5,699423237.5
2025-08-01 09:51:28 AM,7584.0,52,394368.0,699817605.5
2025-08-01 09:51:28 AM,7585.5,0,0.0,699817605.5
2025-08-01 09:51:30 AM,7585.5,20,151710.0,699969315.5
2025-08-01 09:51:31 AM,7582.0,0,0.0,699969315.5
2025-08-01 09:51:33 AM,7581.0,0,0.0,699969315.5
2025-08-01 09:51:34 AM,7581.0,68,515508.0,700484823.5
2025-08-01 09:51:36 AM,7581.0,3,22743.0,700507566.5
2025-08-01 09:51:39 AM,7581.5,0,0.0,700507566.5
2025-08-01 09:51:41 AM,7581.5,39,295678.5,700803245.0
2025-08-01 09:51:42 AM,7574.0,0,0.0,700803245.0
2025-08-01 09:51:43 AM,7576.0,441,3341016.0,704144261.0
2025-08-01 09:51:48 AM,7575.5,0,0.0,704144261.0
2025-08-01 09:51:49 AM,7575.5,4,30302.0,704174563.0
2025-08-01 09:51:51 AM,7575.0,0,0.0,704174563.0
2025-08-01 09:51:53 AM,7575.5,0,0.0,704174563.0
2025-08-01 09:51:53 AM,7575.5,17,128783.5,704303346.5
2025-08-01 09:51:55 AM,7564.0,1649,12473036.0,716776382.5
2025-08-01 09:51:59 AM,7563.5,101,763913.5,717540296.0
2025-08-01 09:52:01 AM,7562.0,20,151240.0,717691536.0
2025-08-01 09:52:01 AM,7563.5,1,7563.5,717699099.5
2025-08-01 09:52:02 AM,7563.5,1,7563.5,717706663.0
2025-08-01 09:52:03 AM,7563.5,10,75635.0,717782298.0
2025-08-01 09:52:03 AM,7563.0,2,15126.0,717797424.0
2025-08-01 09:52:04 AM,7564.0,0,0.0,717797424.0
2025-08-01 09:52:04 AM,7563.0,27,204201.0,718001625.0
2025-08-01 09:52:04 AM,7560.0,0,0.0,718001625.0
2025-08-01 09:52:05 AM,7560.0,248,1874880.0,719876505.0
2025-08-01 09:52:06 AM,7561.5,10,75615.0,719952120.0
2025-08-01 09:52:06 AM,7565.5,372,2814366.0,722766486.0
2025-08-01 09:52:07 AM,7565.0,3,22695.0,722789181.0
2025-08-01 09:52:07 AM,7565.5,135,1021342.5,723810523.5
2025-08-01 09:52:08 AM,7568.5,0,0.0,723810523.5
2025-08-01 09:52:09 AM,7568.5,1,7568.5,723818092.0
2025-08-01 09:52:10 AM,7570.0,1,7570.0,723825662.0
2025-08-01 09:52:11 AM,7568.5,0,0.0,723825662.0
2025-08-01 09:52:11 AM,7568.5,5,37842.5,723863504.5
2025-08-01 09:52:15 AM,7565.5,0,0.0,723863504.5
2025-08-01 09:52:15 AM,7565.5,10,75655.0,723939159.5
2025-08-01 09:52:16 AM,7565.0,22,166430.0,724105589.5
2025-08-01 09:52:16 AM,7565.5,0,0.0,724105589.5
2025-08-01 09:52:17 AM,7565.5,1,7565.5,724113155.0
2025-08-01 09:52:19 AM,7565.5,10,75655.0,724188810.0
2025-08-01 09:52:22 AM,7565.0,32,242080.0,724430890.0
2025-08-01 09:52:22 AM,7566.5,1,7566.5,724438456.5
2025-08-01 09:52:23 AM,7566.5,1,7566.5,724446023.0
2025-08-01 09:52:24 AM,7569.5,99,749380.5,725195403.5
2025-08-01 09:52:29 AM,7568.5,15,113527.5,725308931.0
2025-08-01 09:52:31 AM,7567.5,0,0.0,725308931.0
2025-08-01 09:52:32 AM,7570.0,22,166540.0,725475471.0
2025-08-01 09:52:37 AM,7567.5,0,0.0,725475471.0
2025-08-01 09:52:37 AM,7567.5,1,7567.5,725483038.5
2025-08-01 09:52:39 AM,7570.0,1,7570.0,725490608.5
2025-08-01 09:52:42 AM,7567.5,0,0.0,725490608.5
2025-08-01 09:52:42 AM,7567.5,18,136215.0,725626823.5
2025-08-01 09:52:42 AM,7567.5,10,75675.0,725702498.5
2025-08-01 09:52:43 AM,7566.5,0,0.0,725702498.5
2025-08-01 09:52:44 AM,7566.5,3,22699.5,725725198.0
2025-08-01 09:52:44 AM,7567.5,0,0.0,725725198.0
2025-08-01 09:52:45 AM,7567.5,4,30270.0,725755468.0
2025-08-01 09:52:46 AM,7568.5,0,0.0,725755468.0
2025-08-01 09:52:47 AM,7568.5,50,378425.0,726133893.0
2025-08-01 09:52:51 AM,7567.5,0,0.0,726133893.0
2025-08-01 09:52:52 AM,7567.5,10,75675.0,726209568.0
2025-08-01 09:52:54 AM,7567.0,1,7567.0,726217135.0
2025-08-01 09:52:55 AM,7567.0,1,7567.0,726224702.0
2025-08-01 09:52:55 AM,7567.5,1,7567.5,726232269.5
2025-08-01 09:52:55 AM,7567.0,0,0.0,726232269.5
2025-08-01 09:52:56 AM,7567.5,14,105945.0,726338214.5
2025-08-01 09:52:57 AM,7558.5,465,3514702.5,729852917.0
2025-08-01 09:52:58 AM,7558.5,3,22675.5,729875592.5
2025-08-01 09:52:59 AM,7558.5,11,83143.5,729958736.0
2025-08-01 09:53:00 AM,7560.5,1,7560.5,729966296.5
2025-08-01 09:53:01 AM,7560.5,1,7560.5,729973857.0
2025-08-01 09:53:04 AM,7560.5,6,45363.0,730019220.0
2025-08-01 09:53:05 AM,7561.0,1,7561.0,730026781.0
2025-08-01 09:53:05 AM,7557.5,0,0.0,730026781.0
2025-08-01 09:53:06 AM,7557.5,55,415662.5,730442443.5
2025-08-01 09:53:08 AM,7557.5,52,392990.0,730835433.5
2025-08-01 09:53:09 AM,7558.0,0,0.0,730835433.5
2025-08-01 09:53:09 AM,7558.0,10,75580.0,730911013.5
2025-08-01 09:53:09 AM,7561.0,0,0.0,730911013.5
2025-08-01 09:53:10 AM,7561.0,1,7561.0,730918574.5
2025-08-01 09:53:12 AM,7550.5,0,0.0,730918574.5
2025-08-01 09:53:12 AM,7550.5,957,7225828.5,738144403.0
2025-08-01 09:53:12 AM,7551.0,0,0.0,738144403.0
2025-08-01 09:53:13 AM,7550.5,0,0.0,738144403.0
2025-08-01 09:53:13 AM,7553.0,189,1427517.0,739571920.0
2025-08-01 09:53:13 AM,7556.0,274,2070344.0,741642264.0
2025-08-01 09:53:13 AM,7558.5,0,0.0,741642264.0
2025-08-01 09:53:14 AM,7562.0,0,0.0,741642264.0
2025-08-01 09:53:14 AM,7562.0,81,612522.0,742254786.0
2025-08-01 09:53:16 AM,7552.5,1,7552.5,742262338.5
2025-08-01 09:53:16 AM,7553.5,0,0.0,742262338.5
2025-08-01 09:53:17 AM,7553.5,30,226605.0,742488943.5
2025-08-01 09:53:17 AM,7551.0,5,37755.0,742526698.5
2025-08-01 09:53:18 AM,7552.5,13,98182.5,742624881.0
2025-08-01 09:53:19 AM,7554.5,400,3021800.0,745646681.0
2025-08-01 09:53:19 AM,7552.5,0,0.0,745646681.0
2025-08-01 09:53:20 AM,7556.0,132,997392.0,746644073.0
2025-08-01 09:53:21 AM,7555.0,2,15110.0,746659183.0
2025-08-01 09:53:22 AM,7551.5,0,0.0,746659183.0
2025-08-01 09:53:23 AM,7551.5,13,98169.5,746757352.5
2025-08-01 09:53:23 AM,7550.0,40,302000.0,747059352.5
2025-08-01 09:53:24 AM,7550.0,10,75500.0,747134852.5
2025-08-01 09:53:24 AM,7550.0,5,37750.0,747172602.5
2025-08-01 09:53:25 AM,7550.0,996,7519800.0,754692402.5
2025-08-01 09:53:26 AM,7544.0,0,0.0,754692402.5
2025-08-01 09:53:26 AM,7544.0,360,2715840.0,757408242.5
2025-08-01 09:53:26 AM,7542.0,0,0.0,757408242.5
2025-08-01 09:53:27 AM,7542.0,158,1191636.0,758599878.5
2025-08-01 09:53:27 AM,7542.0,1,7542.0,758607420.5
2025-08-01 09:53:28 AM,7542.0,21,158382.0,758765802.5
2025-08-01 09:53:28 AM,7540.0,0,0.0,758765802.5
2025-08-01 09:53:29 AM,7542.0,267,2013714.0,760779516.5
2025-08-01 09:53:29 AM,7541.5,0,0.0,760779516.5
2025-08-01 09:53:30 AM,7541.5,23,173454.5,760952971.0
2025-08-01 09:53:31 AM,7541.5,34,256411.0,761209382.0
2025-08-01 09:53:32 AM,7541.5,57,429865.5,761639247.5
2025-08-01 09:53:32 AM,7542.0,1,7542.0,761646789.5
2025-08-01 09:53:33 AM,7542.0,31,233802.0,761880591.5
2025-08-01 09:53:33 AM,7542.0,8,60336.0,761940927.5
2025-08-01 09:53:34 AM,7544.0,0,0.0,761940927.5
2025-08-01 09:53:34 AM,7549.5,308,2325246.0,764266173.5
2025-08-01 09:53:36 AM,7534.5,941,7089964.5,771356138.0
2025-08-01 09:53:37 AM,7536.5,0,0.0,771356138.0
2025-08-01 09:53:37 AM,7538.5,111,836773.5,772192911.5
2025-08-01 09:53:38 AM,7541.5,0,0.0,772192911.5
2025-08-01 09:53:39 AM,7541.5,12,90498.0,772283409.5
2025-08-01 09:53:39 AM,7542.0,0,0.0,772283409.5
2025-08-01 09:53:40 AM,7542.0,102,769284.0,773052693.5
2025-08-01 09:53:41 AM,7542.0,255,1923210.0,774975903.5
2025-08-01 09:53:41 AM,7544.0,0,0.0,774975903.5
2025-08-01 09:53:42 AM,7544.0,5,37720.0,775013623.5
2025-08-01 09:53:42 AM,7539.5,31,233724.5,775247348.0
2025-08-01 09:53:43 AM,7541.5,0,0.0,775247348.0
2025-08-01 09:53:44 AM,7543.0,0,0.0,775247348.0
2025-08-01 09:53:44 AM,7543.0,4,30172.0,775277520.0
2025-08-01 09:53:44 AM,7540.0,0,0.0,775277520.0
2025-08-01 09:53:45 AM,7543.5,225,1697287.5,776974807.5
2025-08-01 09:53:47 AM,7542.0,54,407268.0,777382075.5
2025-08-01 09:53:48 AM,7544.5,45,339502.5,777721578.0
2025-08-01 09:53:48 AM,7544.0,0,0.0,777721578.0
2025-08-01 09:53:49 AM,7544.0,5,37720.0,777759298.0
2025-08-01 09:53:50 AM,7544.0,5,37720.0,777797018.0
2025-08-01 09:53:50 AM,7543.5,0,0.0,777797018.0
2025-08-01 09:53:51 AM,7543.5,35,264022.5,778061040.5
2025-08-01 09:53:51 AM,7546.5,0,0.0,778061040.5
2025-08-01 09:53:52 AM,7546.5,1,7546.5,778068587.0
2025-08-01 09:53:52 AM,7547.0,16,120752.0,778189339.0
2025-08-01 09:53:53 AM,7547.0,2,15094.0,778204433.0
2025-08-01 09:53:53 AM,7550.0,0,0.0,778204433.0
2025-08-01 09:53:54 AM,7550.0,33,249150.0,778453583.0
2025-08-01 09:53:54 AM,7550.5,0,0.0,778453583.0
2025-08-01 09:53:55 AM,7546.0,4,30184.0,778483767.0
2025-08-01 09:53:56 AM,7550.5,0,0.0,778483767.0
2025-08-01 09:53:56 AM,7550.5,28,211414.0,778695181.0
2025-08-01 09:53:56 AM,7547.5,0,0.0,778695181.0
2025-08-01 09:53:57 AM,7550.0,2,15100.0,778710281.0
2025-08-01 09:53:57 AM,7550.5,0,0.0,778710281.0
2025-08-01 09:53:58 AM,7550.5,20,151010.0,778861291.0
2025-08-01 09:53:59 AM,7550.0,10,75500.0,778936791.0
2025-08-01 09:54:01 AM,7551.5,0,0.0,778936791.0
2025-08-01 09:54:01 AM,7551.5,79,596568.5,779533359.5
2025-08-01 09:54:04 AM,7555.0,48,362640.0,779895999.5
2025-08-01 09:54:05 AM,7555.5,0,0.0,779895999.5
2025-08-01 09:54:06 AM,7555.5,14,105777.0,780001776.5
2025-08-01 09:54:07 AM,7557.0,2,15114.0,780016890.5
2025-08-01 09:54:07 AM,7552.5,0,0.0,780016890.5
2025-08-01 09:54:08 AM,7552.5,200,1510500.0,781527390.5
2025-08-01 09:54:09 AM,7551.5,0,0.0,781527390.5
2025-08-01 09:54:10 AM,7551.5,19,143478.5,781670869.0
2025-08-01 09:54:11 AM,7551.5,10,75515.0,781746384.0
2025-08-01 09:54:12 AM,7554.5,0,0.0,781746384.0
2025-08-01 09:54:13 AM,7554.5,30,226635.0,781973019.0
2025-08-01 09:54:14 AM,7554.0,25,188850.0,782161869.0
2025-08-01 09:54:15 AM,7554.5,19,143535.5,782305404.5
2025-08-01 09:54:16 AM,7554.5,10,75545.0,782380949.5
2025-08-01 09:54:16 AM,7555.5,9,67999.5,782448949.0
2025-08-01 09:54:17 AM,7555.5,1,7555.5,782456504.5
2025-08-01 09:54:20 AM,7552.0,0,0.0,782456504.5
2025-08-01 09:54:20 AM,7552.0,28,211456.0,782667960.5
2025-08-01 09:54:22 AM,7552.0,28,211456.0,782879416.5
2025-08-01 09:54:24 AM,7554.0,10,75540.0,782954956.5
2025-08-01 09:54:24 AM,7551.5,0,0.0,782954956.5
2025-08-01 09:54:25 AM,7551.5,149,1125173.5,784080130.0
2025-08-01 09:54:25 AM,7550.0,0,0.0,784080130.0
2025-08-01 09:54:26 AM,7550.0,25,188750.0,784268880.0
2025-08-01 09:54:26 AM,7554.0,0,0.0,784268880.0
2025-08-01 09:54:27 AM,7554.0,3,22662.0,784291542.0
2025-08-01 09:54:27 AM,7550.5,0,0.0,784291542.0
2025-08-01 09:54:28 AM,7550.5,4,30202.0,784321744.0
2025-08-01 09:54:29 AM,7550.5,1,7550.5,784329294.5
2025-08-01 09:54:31 AM,7552.0,0,0.0,784329294.5
2025-08-01 09:54:32 AM,7552.0,41,309632.0,784638926.5
2025-08-01 09:54:32 AM,7556.5,10,75565.0,784714491.5
2025-08-01 09:54:33 AM,7552.5,0,0.0,784714491.5
2025-08-01 09:54:34 AM,7557.0,26,196482.0,784910973.5
2025-08-01 09:54:35 AM,7553.0,4,30212.0,784941185.5
2025-08-01 09:54:36 AM,7556.5,9,68008.5,785009194.0
2025-08-01 09:54:37 AM,7557.0,0,0.0,785009194.0
2025-08-01 09:54:38 AM,7557.0,1,7557.0,785016751.0
2025-08-01 09:54:39 AM,7557.0,25,188925.0,785205676.0
2025-08-01 09:54:40 AM,7556.0,5,37780.0,785243456.0
2025-08-01 09:54:41 AM,7557.0,0,0.0,785243456.0
2025-08-01 09:54:41 AM,7557.0,30,226710.0,785470166.0
2025-08-01 09:54:46 AM,7556.5,0,0.0,785470166.0
2025-08-01 09:54:46 AM,7556.5,1,7556.5,785477722.5
2025-08-01 09:54:47 AM,7555.0,6,45330.0,785523052.5
2025-08-01 09:54:48 AM,7553.0,10,75530.0,785598582.5
2025-08-01 09:54:48 AM,7556.0,45,340020.0,785938602.5
2025-08-01 09:54:52 AM,7556.0,1,7556.0,785946158.5
2025-08-01 09:54:55 AM,7556.5,1,7556.5,785953715.0
2025-08-01 09:54:58 AM,7556.0,0,0.0,785953715.0
2025-08-01 09:54:58 AM,7556.0,1,7556.0,785961271.0
2025-08-01 09:54:59 AM,7552.5,0,0.0,785961271.0
2025-08-01 09:54:59 AM,7552.5,179,1351897.5,787313168.5
2025-08-01 09:54:59 AM,7552.5,20,151050.0,787464218.5
2025-08-01 09:55:00 AM,7550.5,4,30202.0,787494420.5
2025-08-01 09:55:00 AM,7552.0,0,0.0,787494420.5
2025-08-01 09:55:01 AM,7552.0,1,7552.0,787501972.5
2025-08-01 09:55:02 AM,7550.5,0,0.0,787501972.5
2025-08-01 09:55:02 AM,7550.5,1,7550.5,787509523.0
2025-08-01 09:55:04 AM,7552.0,0,0.0,787509523.0
2025-08-01 09:55:05 AM,7552.0,9,67968.0,787577491.0
2025-08-01 09:55:05 AM,7552.5,0,0.0,787577491.0
2025-08-01 09:55:05 AM,7552.5,1,7552.5,787585043.5
2025-08-01 09:55:07 AM,7552.5,13,98182.5,787683226.0
2025-08-01 09:55:07 AM,7555.0,0,0.0,787683226.0
2025-08-01 09:55:08 AM,7555.0,1,7555.0,787690781.0
2025-08-01 09:55:09 AM,7555.0,1,7555.0,787698336.0
2025-08-01 09:55:09 AM,7554.5,0,0.0,787698336.0
2025-08-01 09:55:10 AM,7554.5,5,37772.5,787736108.5
2025-08-01 09:55:11 AM,7554.5,11,83099.5,787819208.0
2025-08-01 09:55:12 AM,7555.0,0,0.0,787819208.0
2025-08-01 09:55:13 AM,7555.0,1,7555.0,787826763.0
2025-08-01 09:55:13 AM,7555.0,5,37775.0,787864538.0
2025-08-01 09:55:14 AM,7554.0,1,7554.0,787872092.0
2025-08-01 09:55:15 AM,7554.0,2,15108.0,787887200.0
2025-08-01 09:55:15 AM,7552.5,1,7552.5,787894752.5
2025-08-01 09:55:17 AM,7554.0,2,15108.0,787909860.5
2025-08-01 09:55:17 AM,7554.0,66,498564.0,788408424.5
2025-08-01 09:55:19 AM,7552.5,0,0.0,788408424.5
2025-08-01 09:55:20 AM,7552.5,2,15105.0,788423529.5
2025-08-01 09:55:20 AM,7553.5,0,0.0,788423529.5
2025-08-01 09:55:21 AM,7553.5,9,67981.5,788491511.0
2025-08-01 09:55:23 AM,7552.0,0,0.0,788491511.0
2025-08-01 09:55:24 AM,7552.0,13,98176.0,788589687.0
2025-08-01 09:55:24 AM,7552.0,1,7552.0,788597239.0
2025-08-01 09:55:26 AM,7553.5,50,377675.0,788974914.0
2025-08-01 09:55:32 AM,7551.0,0,0.0,788974914.0
2025-08-01 09:55:33 AM,7551.0,3,22653.0,788997567.0
2025-08-01 09:55:34 AM,7554.0,7,52878.0,789050445.0
2025-08-01 09:55:35 AM,7553.5,0,0.0,789050445.0
2025-08-01 09:55:35 AM,7553.5,7,52874.5,789103319.5
2025-08-01 09:55:38 AM,7555.0,9,67995.0,789171314.5
2025-08-01 09:55:39 AM,7558.0,10,75580.0,789246894.5
2025-08-01 09:55:40 AM,7558.0,13,98254.0,789345148.5
2025-08-01 09:55:42 AM,7560.0,10,75600.0,789420748.5
2025-08-01 09:55:43 AM,7560.0,1,7560.0,789428308.5
2025-08-01 09:55:43 AM,7559.0,1,7559.0,789435867.5
2025-08-01 09:55:50 AM,7565.0,0,0.0,789435867.5
2025-08-01 09:55:50 AM,7565.0,800,6052000.0,795487867.5
2025-08-01 09:55:54 AM,7563.5,60,453810.0,795941677.5
2025-08-01 09:55:55 AM,7559.0,0,0.0,795941677.5
2025-08-01 09:55:55 AM,7559.5,89,672795.5,796614473.0
2025-08-01 09:55:57 AM,7558.5,45,340132.5,796954605.5
2025-08-01 09:55:59 AM,7555.0,0,0.0,796954605.5
2025-08-01 09:55:59 AM,7555.0,6,45330.0,796999935.5
2025-08-01 09:56:00 AM,7557.0,2,15114.0,797015049.5
2025-08-01 09:56:01 AM,7558.0,3,22674.0,797037723.5
2025-08-01 09:56:03 AM,7558.0,3,22674.0,797060397.5
2025-08-01 09:56:07 AM,7556.0,0,0.0,797060397.5
2025-08-01 09:56:07 AM,7556.0,5,37780.0,797098177.5
2025-08-01 09:56:08 AM,7556.5,0,0.0,797098177.5
2025-08-01 09:56:08 AM,7556.5,21,158686.5,797256864.0
2025-08-01 09:56:13 AM,7552.0,513,3874176.0,801131040.0
2025-08-01 09:56:14 AM,7554.5,0,0.0,801131040.0
2025-08-01 09:56:14 AM,7554.5,25,188862.5,801319902.5
2025-08-01 09:56:20 AM,7554.0,0,0.0,801319902.5
2025-08-01 09:56:20 AM,7554.0,20,151080.0,801470982.5
2025-08-01 09:56:21 AM,7558.0,0,0.0,801470982.5
2025-08-01 09:56:21 AM,7558.0,2,15116.0,801486098.5
2025-08-01 09:56:22 AM,7558.0,1,7558.0,801493656.5
2025-08-01 09:56:27 AM,7556.0,2,15112.0,801508768.5
2025-08-01 09:56:29 AM,7555.0,0,0.0,801508768.5
2025-08-01 09:56:29 AM,7555.0,1,7555.0,801516323.5
2025-08-01 09:56:30 AM,7558.0,0,0.0,801516323.5
2025-08-01 09:56:30 AM,7558.5,64,483744.0,802000067.5
2025-08-01 09:56:31 AM,7561.5,2,15123.0,802015190.5
2025-08-01 09:56:32 AM,7562.0,0,0.0,802015190.5
2025-08-01 09:56:32 AM,7558.0,14,105812.0,802121002.5
2025-08-01 09:56:37 AM,7561.5,0,0.0,802121002.5
2025-08-01 09:56:37 AM,7561.5,8,60492.0,802181494.5
2025-08-01 09:56:37 AM,7559.5,5,37797.5,802219292.0
2025-08-01 09:56:38 AM,7559.0,2,15118.0,802234410.0
2025-08-01 09:56:38 AM,7550.0,274,2068700.0,804303110.0
2025-08-01 09:56:39 AM,7554.0,0,0.0,804303110.0
2025-08-01 09:56:39 AM,7554.0,11,83094.0,804386204.0
2025-08-01 09:56:39 AM,7554.0,11,83094.0,804469298.0
2025-08-01 09:56:44 AM,7552.5,0,0.0,804469298.0
2025-08-01 09:56:44 AM,7552.5,160,1208400.0,805677698.0
2025-08-01 09:56:45 AM,7553.0,0,0.0,805677698.0
2025-08-01 09:56:45 AM,7550.0,56,422800.0,806100498.0
2025-08-01 09:56:46 AM,7550.5,0,0.0,806100498.0
2025-08-01 09:56:46 AM,7550.5,10,75505.0,806176003.0
2025-08-01 09:56:47 AM,7551.0,1,7551.0,806183554.0
2025-08-01 09:56:48 AM,7550.5,0,0.0,806183554.0
2025-08-01 09:56:48 AM,7548.0,11,83028.0,806266582.0
2025-08-01 09:56:49 AM,7551.0,0,0.0,806266582.0
2025-08-01 09:56:49 AM,7551.0,6,45306.0,806311888.0
2025-08-01 09:56:53 AM,7551.0,20,151020.0,806462908.0
2025-08-01 09:56:55 AM,7552.0,0,0.0,806462908.0
2025-08-01 09:56:55 AM,7552.0,5,37760.0,806500668.0
2025-08-01 09:56:57 AM,7550.5,0,0.0,806500668.0
2025-08-01 09:56:57 AM,7550.5,14,105707.0,806606375.0
2025-08-01 09:57:00 AM,7551.0,0,0.0,806606375.0
2025-08-01 09:57:00 AM,7551.0,3,22653.0,806629028.0
2025-08-01 09:57:02 AM,7554.5,0,0.0,806629028.0
2025-08-01 09:57:02 AM,7554.5,85,642132.5,807271160.5
2025-08-01 09:57:03 AM,7551.0,0,0.0,807271160.5
2025-08-01 09:57:04 AM,7551.0,1,7551.0,807278711.5
2025-08-01 09:57:09 AM,7553.5,0,0.0,807278711.5
2025-08-01 09:57:09 AM,7553.5,1,7553.5,807286265.0
2025-08-01 09:57:10 AM,7553.5,1,7553.5,807293818.5
2025-08-01 09:57:11 AM,7551.0,26,196326.0,807490144.5
2025-08-01 09:57:13 AM,7553.5,0,0.0,807490144.5
2025-08-01 09:57:13 AM,7553.5,35,264372.5,807754517.0
2025-08-01 09:57:15 AM,7553.5,2,15107.0,807769624.0
2025-08-01 09:57:15 AM,7551.5,4,30206.0,807799830.0
2025-08-01 09:57:19 AM,7551.5,1,7551.5,807807381.5
2025-08-01 09:57:20 AM,7555.5,0,0.0,807807381.5
2025-08-01 09:57:20 AM,7555.5,5,37777.5,807845159.0
2025-08-01 09:57:26 AM,7551.5,2,15103.0,807860262.0
2025-08-01 09:57:27 AM,7553.5,30,226605.0,808086867.0
2025-08-01 09:57:27 AM,7546.5,590,4452435.0,812539302.0
2025-08-01 09:57:29 AM,7547.5,0,0.0,812539302.0
2025-08-01 09:57:29 AM,7547.5,1,7547.5,812546849.5
2025-08-01 09:57:30 AM,7547.0,0,0.0,812546849.5
2025-08-01 09:57:30 AM,7547.0,125,943375.0,813490224.5
2025-08-01 09:57:31 AM,7546.0,0,0.0,813490224.5
2025-08-01 09:57:31 AM,7546.0,10,75460.0,813565684.5
2025-08-01 09:57:33 AM,7547.5,0,0.0,813565684.5
2025-08-01 09:57:33 AM,7547.5,10,75475.0,813641159.5
2025-08-01 09:57:34 AM,7547.0,0,0.0,813641159.5
2025-08-01 09:57:34 AM,7547.0,1,7547.0,813648706.5
2025-08-01 09:57:36 AM,7546.5,0,0.0,813648706.5
2025-08-01 09:57:36 AM,7546.5,15,113197.5,813761904.0
2025-08-01 09:57:40 AM,7546.0,9,67914.0,813829818.0
