date,price,qty,trnvr,cum_trnvr
2025-08-01 09:15:05 AM,1308.5,68,88978.0,88978.0
2025-08-01 09:15:07 AM,1304.4,89,116091.6,205069.6
2025-08-01 09:15:14 AM,1308.0,0,0.0,205069.6
2025-08-01 09:15:17 AM,1305.0,48,62640.0,267709.6
2025-08-01 09:15:22 AM,1309.7,0,0.0,267709.6
2025-08-01 09:15:26 AM,1310.9,307,402446.30000000005,670155.9
2025-08-01 09:15:28 AM,1312.1,99,129897.9,800053.8
2025-08-01 09:15:34 AM,1313.8,0,0.0,800053.8
2025-08-01 09:15:35 AM,1313.8,71,93279.8,893333.6000000001
2025-08-01 09:15:45 AM,1314.4,5,6572.0,899905.6000000001
2025-08-01 09:15:50 AM,1312.9,0,0.0,899905.6000000001
2025-08-01 09:15:51 AM,1312.9,919,1206555.1,2106460.7
2025-08-01 09:15:53 AM,1313.8,80,105104.0,2211564.7
2025-08-01 09:15:56 AM,1312.0,0,0.0,2211564.7
2025-08-01 09:15:59 AM,1312.0,284,372608.0,2584172.7
2025-08-01 09:16:08 AM,1308.9,40,52356.0,2636528.7
2025-08-01 09:16:08 AM,1309.8,0,0.0,2636528.7
2025-08-01 09:16:09 AM,1309.8,2243,2937881.4,5574410.1
2025-08-01 09:16:12 AM,1310.2,0,0.0,5574410.1
2025-08-01 09:16:16 AM,1311.2,50,65560.0,5639970.1
2025-08-01 09:16:17 AM,1311.6,211,276747.6,5916717.699999999
2025-08-01 09:16:24 AM,1315.9,1,1315.9,5918033.6
2025-08-01 09:16:49 AM,1313.4,50,65670.0,5983703.6
2025-08-01 09:16:57 AM,1313.8,65,85397.0,6069100.6
2025-08-01 09:16:59 AM,1317.0,0,0.0,6069100.6
2025-08-01 09:17:05 AM,1317.0,107,140919.0,6210019.6
2025-08-01 09:17:07 AM,1318.1,96,126537.59999999999,6336557.199999999
2025-08-01 09:17:13 AM,1317.3,113,148854.9,6485412.1
2025-08-01 09:17:15 AM,1319.4,18,23749.2,6509161.3
2025-08-01 09:17:17 AM,1321.7,0,0.0,6509161.3
2025-08-01 09:17:22 AM,1322.9,194,256642.6,6765803.899999999
2025-08-01 09:17:23 AM,1324.2,73,96666.6,6862470.499999999
2025-08-01 09:17:25 AM,1324.7,0,0.0,6862470.499999999
2025-08-01 09:17:27 AM,1323.2,0,0.0,6862470.499999999
2025-08-01 09:17:30 AM,1323.2,538,711881.6,7574352.099999999
2025-08-01 09:17:33 AM,1325.8,0,0.0,7574352.099999999
2025-08-01 09:17:35 AM,1326.0,0,0.0,7574352.099999999
2025-08-01 09:17:38 AM,1326.2,122,161796.4,7736148.499999999
2025-08-01 09:17:41 AM,1324.2,0,0.0,7736148.499999999
2025-08-01 09:17:47 AM,1323.8,82,108551.59999999999,7844700.099999999
2025-08-01 09:17:48 AM,1323.0,128,169344.0,8014044.099999999
2025-08-01 09:17:51 AM,1323.2,0,0.0,8014044.099999999
2025-08-01 09:17:52 AM,1324.3,0,0.0,8014044.099999999
2025-08-01 09:17:55 AM,1324.3,2,2648.6,8016692.699999998
2025-08-01 09:18:07 AM,1325.4,0,0.0,8016692.699999998
2025-08-01 09:18:09 AM,1324.1,0,0.0,8016692.699999998
2025-08-01 09:18:12 AM,1324.1,186,246282.59999999998,8262975.299999998
2025-08-01 09:18:15 AM,1324.3,0,0.0,8262975.299999998
2025-08-01 09:18:20 AM,1324.3,3,3972.8999999999996,8266948.199999998
2025-08-01 09:18:21 AM,1324.4,1,1324.4,8268272.599999999
2025-08-01 09:18:28 AM,1324.4,11,14568.400000000001,8282840.999999999
2025-08-01 09:18:31 AM,1324.0,0,0.0,8282840.999999999
2025-08-01 09:18:36 AM,1325.4,147,194833.80000000002,8477674.799999999
2025-08-01 09:18:46 AM,1323.6,1,1323.6,8478998.399999999
2025-08-01 09:18:56 AM,1323.9,0,0.0,8478998.399999999
2025-08-01 09:19:01 AM,1321.6,173,228636.8,8707635.2
2025-08-01 09:19:02 AM,1322.4,1,1322.4,8708957.6
2025-08-01 09:19:09 AM,1323.2,54,71452.8,8780410.4
2025-08-01 09:19:25 AM,1321.3,100,132130.0,8912540.4
2025-08-01 09:19:25 AM,1321.7,0,0.0,8912540.4
2025-08-01 09:19:26 AM,1321.7,8,10573.6,8923114.0
2025-08-01 09:19:32 AM,1320.3,0,0.0,8923114.0
2025-08-01 09:19:33 AM,1320.3,1,1320.3,8924434.3
2025-08-01 09:19:36 AM,1321.2,0,0.0,8924434.3
2025-08-01 09:19:41 AM,1321.2,2,2642.4,8927076.700000001
2025-08-01 09:20:04 AM,1319.3,0,0.0,8927076.700000001
2025-08-01 09:20:05 AM,1319.3,614,810050.2,9737126.9
2025-08-01 09:20:07 AM,1319.9,9,11879.1,9749006.0
2025-08-01 09:20:11 AM,1320.5,0,0.0,9749006.0
2025-08-01 09:20:13 AM,1319.9,2,2639.8,9751645.8
2025-08-01 09:20:18 AM,1320.2,0,0.0,9751645.8
2025-08-01 09:20:21 AM,1320.2,3,3960.6000000000004,9755606.4
2025-08-01 09:20:25 AM,1318.0,0,0.0,9755606.4
2025-08-01 09:20:29 AM,1318.0,126,166068.0,9921674.4
2025-08-01 09:20:36 AM,1317.8,0,0.0,9921674.4
2025-08-01 09:20:37 AM,1317.8,6,7906.799999999999,9929581.200000001
2025-08-01 09:20:45 AM,1317.8,2,2635.6,9932216.8
2025-08-01 09:20:50 AM,1318.3,0,0.0,9932216.8
2025-08-01 09:20:52 AM,1318.3,1,1318.3,9933535.100000001
2025-08-01 09:21:04 AM,1317.3,0,0.0,9933535.100000001
2025-08-01 09:21:08 AM,1317.3,8,10538.4,9944073.500000002
2025-08-01 09:21:11 AM,1316.4,0,0.0,9944073.500000002
2025-08-01 09:21:16 AM,1316.4,12,15796.800000000001,9959870.300000003
2025-08-01 09:21:31 AM,1316.4,10,13164.0,9973034.300000003
2025-08-01 09:21:32 AM,1316.1,1,1316.1,9974350.400000002
2025-08-01 09:21:53 AM,1315.4,0,0.0,9974350.400000002
2025-08-01 09:21:54 AM,1315.4,1,1315.4,9975665.800000003
2025-08-01 09:21:57 AM,1317.2,0,0.0,9975665.800000003
2025-08-01 09:22:02 AM,1317.2,267,351692.4,10327358.200000003
2025-08-01 09:22:26 AM,1315.6,24,31574.399999999998,10358932.600000003
2025-08-01 09:22:40 AM,1315.4,6,7892.400000000001,10366825.000000004
2025-08-01 09:22:46 AM,1315.6,0,0.0,10366825.000000004
2025-08-01 09:22:47 AM,1315.6,9,11840.4,10378665.400000004
2025-08-01 09:22:55 AM,1315.6,23,30258.8,10408924.200000005
2025-08-01 09:22:57 AM,1316.1,16,21057.6,10429981.800000004
2025-08-01 09:22:59 AM,1315.6,0,0.0,10429981.800000004
2025-08-01 09:23:03 AM,1316.0,13,17108.0,10447089.800000004
2025-08-01 09:23:10 AM,1316.1,2,2632.2,10449722.000000004
2025-08-01 09:23:15 AM,1318.6,0,0.0,10449722.000000004
2025-08-01 09:23:18 AM,1318.6,455,599963.0,11049685.000000004
2025-08-01 09:23:40 AM,1317.5,0,0.0,11049685.000000004
2025-08-01 09:23:41 AM,1317.5,122,160735.0,11210420.000000004
2025-08-01 09:23:56 AM,1317.5,19,25032.5,11235452.500000004
2025-08-01 09:24:04 AM,1316.0,38,50008.0,11285460.500000004
2025-08-01 09:24:06 AM,1316.4,0,0.0,11285460.500000004
2025-08-01 09:24:12 AM,1316.4,1,1316.4,11286776.900000004
2025-08-01 09:24:25 AM,1316.7,0,0.0,11286776.900000004
2025-08-01 09:24:27 AM,1316.7,21,27650.7,11314427.600000003
2025-08-01 09:24:42 AM,1316.0,9,11844.0,11326271.600000003
2025-08-01 09:24:43 AM,1315.0,0,0.0,11326271.600000003
2025-08-01 09:24:44 AM,1315.0,968,1272920.0,12599191.600000003
2025-08-01 09:24:49 AM,1315.9,32,42108.8,12641300.400000004
2025-08-01 09:24:57 AM,1314.1,0,0.0,12641300.400000004
2025-08-01 09:24:59 AM,1313.2,112,147078.4,12788378.800000004
2025-08-01 09:25:03 AM,1313.4,0,0.0,12788378.800000004
2025-08-01 09:25:04 AM,1313.4,8,10507.2,12798886.000000004
2025-08-01 09:25:06 AM,1314.7,60,78882.0,12877768.000000004
2025-08-01 09:25:22 AM,1315.5,0,0.0,12877768.000000004
2025-08-01 09:25:27 AM,1316.9,78,102718.20000000001,12980486.200000003
2025-08-01 09:25:57 AM,1317.8,3,3953.3999999999996,12984439.600000003
2025-08-01 09:26:23 AM,1316.4,0,0.0,12984439.600000003
2025-08-01 09:26:27 AM,1315.1,137,180168.69999999998,13164608.300000003
2025-08-01 09:26:57 AM,1316.2,0,0.0,13164608.300000003
2025-08-01 09:26:58 AM,1316.2,1,1316.2,13165924.500000002
2025-08-01 09:27:19 AM,1316.7,0,0.0,13165924.500000002
2025-08-01 09:27:20 AM,1316.7,100,131670.0,13297594.500000002
2025-08-01 09:28:03 AM,1316.9,0,0.0,13297594.500000002
2025-08-01 09:28:04 AM,1317.0,0,0.0,13297594.500000002
2025-08-01 09:28:06 AM,1317.0,102,134334.0,13431928.500000002
2025-08-01 09:28:07 AM,1316.5,3,3949.5,13435878.000000002
2025-08-01 09:28:11 AM,1315.6,0,0.0,13435878.000000002
2025-08-01 09:28:13 AM,1316.9,187,246260.30000000002,13682138.300000003
2025-08-01 09:28:21 AM,1316.7,44,57934.8,13740073.100000003
2025-08-01 09:29:02 AM,1317.6,0,0.0,13740073.100000003
2025-08-01 09:29:06 AM,1315.6,0,0.0,13740073.100000003
2025-08-01 09:29:07 AM,1315.6,130,171028.0,13911101.100000003
2025-08-01 09:29:08 AM,1316.7,2,2633.4,13913734.500000004
2025-08-01 09:29:31 AM,1316.3,8,10530.4,13924264.900000004
2025-08-01 09:29:52 AM,1317.0,3,3951.0,13928215.900000004
2025-08-01 09:29:59 AM,1317.0,2,2634.0,13930849.900000004
2025-08-01 09:30:07 AM,1315.7,619,814418.3,14745268.200000005
2025-08-01 09:30:08 AM,1316.3,10,13163.0,14758431.200000005
2025-08-01 09:30:15 AM,1316.3,15,19744.5,14778175.700000005
2025-08-01 09:30:19 AM,1316.8,0,0.0,14778175.700000005
2025-08-01 09:30:22 AM,1316.8,3,3950.3999999999996,14782126.100000005
2025-08-01 09:30:26 AM,1315.3,0,0.0,14782126.100000005
2025-08-01 09:30:29 AM,1316.4,52,68452.8,14850578.900000006
2025-08-01 09:30:37 AM,1316.4,3,3949.2000000000003,14854528.100000005
2025-08-01 09:30:40 AM,1315.7,0,0.0,14854528.100000005
2025-08-01 09:30:44 AM,1316.9,15,19753.5,14874281.600000005
2025-08-01 09:30:51 AM,1316.9,29,38190.100000000006,14912471.700000005
2025-08-01 09:30:59 AM,1316.9,4,5267.6,14917739.300000004
2025-08-01 09:31:14 AM,1316.9,5,6584.5,14924323.800000004
2025-08-01 09:31:28 AM,1316.9,15,19753.5,14944077.300000004
2025-08-01 09:31:29 AM,1316.9,1,1316.9,14945394.200000005
2025-08-01 09:31:36 AM,1316.9,4,5267.6,14950661.800000004
2025-08-01 09:31:49 AM,1316.9,5,6584.5,14957246.300000004
2025-08-01 09:32:10 AM,1317.4,57,75091.8,15032338.100000005
2025-08-01 09:32:17 AM,1318.2,75,98865.0,15131203.100000005
2025-08-01 09:32:48 AM,1318.0,0,0.0,15131203.100000005
2025-08-01 09:32:52 AM,1317.6,34,44798.399999999994,15176001.500000006
2025-08-01 09:33:27 AM,1319.1,0,0.0,15176001.500000006
2025-08-01 09:33:27 AM,1319.1,25,32977.5,15208979.000000006
2025-08-01 09:33:37 AM,1319.3,0,0.0,15208979.000000006
2025-08-01 09:33:41 AM,1319.9,59,77874.1,15286853.100000005
2025-08-01 09:33:42 AM,1318.7,0,0.0,15286853.100000005
2025-08-01 09:33:48 AM,1318.7,20,26374.0,15313227.100000005
2025-08-01 09:33:55 AM,1321.0,195,257595.0,15570822.100000005
2025-08-01 09:33:57 AM,1321.8,0,0.0,15570822.100000005
2025-08-01 09:34:01 AM,1321.8,7,9252.6,15580074.700000005
2025-08-01 09:34:02 AM,1320.6,0,0.0,15580074.700000005
2025-08-01 09:34:07 AM,1321.4,0,0.0,15580074.700000005
2025-08-01 09:34:09 AM,1321.4,77,101747.8,15681822.500000006
2025-08-01 09:34:12 AM,1321.2,0,0.0,15681822.500000006
2025-08-01 09:34:16 AM,1321.2,1,1321.2,15683143.700000005
2025-08-01 09:34:43 AM,1320.2,6,7921.200000000001,15691064.900000004
2025-08-01 09:34:56 AM,1321.3,0,0.0,15691064.900000004
2025-08-01 09:34:57 AM,1321.3,50,66065.0,15757129.900000004
2025-08-01 09:35:02 AM,1321.6,0,0.0,15757129.900000004
2025-08-01 09:35:04 AM,1321.6,40,52864.0,15809993.900000004
2025-08-01 09:35:05 AM,1321.1,6,7926.599999999999,15817920.500000004
2025-08-01 09:35:16 AM,1319.4,0,0.0,15817920.500000004
2025-08-01 09:35:18 AM,1320.5,506,668173.0,16486093.500000004
2025-08-01 09:36:13 AM,1318.7,0,0.0,16486093.500000004
2025-08-01 09:36:13 AM,1318.7,28,36923.6,16523017.100000003
2025-08-01 09:36:29 AM,1319.3,0,0.0,16523017.100000003
2025-08-01 09:36:32 AM,1319.3,2,2638.6,16525655.700000003
2025-08-01 09:36:39 AM,1319.3,53,69922.9,16595578.600000003
2025-08-01 09:36:39 AM,1318.5,1,1318.5,16596897.100000003
2025-08-01 09:36:45 AM,1319.3,0,0.0,16596897.100000003
2025-08-01 09:36:45 AM,1319.3,5,6596.5,16603493.600000003
2025-08-01 09:36:59 AM,1319.3,2,2638.6,16606132.200000003
2025-08-01 09:37:09 AM,1319.1,0,0.0,16606132.200000003
2025-08-01 09:37:13 AM,1319.1,2,2638.2,16608770.400000002
2025-08-01 09:37:20 AM,1319.1,14,18467.399999999998,16627237.800000003
2025-08-01 09:37:27 AM,1319.1,2,2638.2,16629876.000000002
2025-08-01 09:37:33 AM,1319.1,21,27701.1,16657577.100000001
2025-08-01 09:37:47 AM,1319.1,1,1319.1,16658896.200000001
2025-08-01 09:38:00 AM,1319.1,1,1319.1,16660215.3
2025-08-01 09:38:07 AM,1319.1,20,26382.0,16686597.3
2025-08-01 09:38:14 AM,1318.9,5,6594.5,16693191.8
2025-08-01 09:38:31 AM,1319.1,0,0.0,16693191.8
2025-08-01 09:38:34 AM,1319.1,1,1319.1,16694510.9
2025-08-01 09:38:37 AM,1317.4,0,0.0,16694510.9
2025-08-01 09:38:41 AM,1317.4,152,200244.80000000002,16894755.7
2025-08-01 09:38:49 AM,1316.5,0,0.0,16894755.7
2025-08-01 09:38:54 AM,1316.5,25,32912.5,16927668.2
2025-08-01 09:39:07 AM,1316.9,0,0.0,16927668.2
2025-08-01 09:39:07 AM,1316.9,194,255478.6,17183146.8
2025-08-01 09:39:17 AM,1315.3,0,0.0,17183146.8
2025-08-01 09:39:21 AM,1315.8,136,178948.8,17362095.6
2025-08-01 09:39:30 AM,1315.7,0,0.0,17362095.6
2025-08-01 09:39:34 AM,1315.7,2,2631.4,17364727.0
2025-08-01 09:40:18 AM,1316.7,0,0.0,17364727.0
2025-08-01 09:40:20 AM,1316.7,12,15800.400000000001,17380527.4
2025-08-01 09:40:33 AM,1315.7,60,78942.0,17459469.4
2025-08-01 09:40:45 AM,1316.7,0,0.0,17459469.4
2025-08-01 09:40:46 AM,1316.7,50,65835.0,17525304.4
2025-08-01 09:40:53 AM,1317.6,80,105408.0,17630712.4
2025-08-01 09:41:09 AM,1318.1,0,0.0,17630712.4
2025-08-01 09:41:13 AM,1318.1,13,17135.3,17647847.7
2025-08-01 09:41:20 AM,1317.7,2,2635.4,17650483.099999998
2025-08-01 09:41:33 AM,1316.6,1017,1338982.2,18989465.299999997
2025-08-01 09:41:53 AM,1316.9,91,119837.90000000001,19109303.199999996
2025-08-01 09:41:57 AM,1317.2,0,0.0,19109303.199999996
2025-08-01 09:41:59 AM,1317.2,9,11854.800000000001,19121157.999999996
2025-08-01 09:42:01 AM,1316.9,0,0.0,19121157.999999996
2025-08-01 09:42:05 AM,1317.2,57,75080.40000000001,19196238.399999995
2025-08-01 09:42:36 AM,1316.7,0,0.0,19196238.399999995
2025-08-01 09:42:38 AM,1316.7,1,1316.7,19197555.099999994
2025-08-01 09:42:45 AM,1316.7,14,18433.8,19215988.899999995
2025-08-01 09:42:51 AM,1316.7,1,1316.7,19217305.599999994
2025-08-01 09:43:05 AM,1316.7,1,1316.7,19218622.299999993
2025-08-01 09:43:24 AM,1315.7,0,0.0,19218622.299999993
2025-08-01 09:43:24 AM,1315.7,26,34208.200000000004,19252830.499999993
2025-08-01 09:43:37 AM,1315.7,10,13157.0,19265987.499999993
2025-08-01 09:43:56 AM,1315.9,0,0.0,19265987.499999993
2025-08-01 09:43:57 AM,1315.9,60,78954.0,19344941.499999993
2025-08-01 09:44:30 AM,1315.9,14,18422.600000000002,19363364.099999994
2025-08-01 09:44:34 AM,1316.2,0,0.0,19363364.099999994
2025-08-01 09:44:37 AM,1316.2,1,1316.2,19364680.299999993
2025-08-01 09:44:40 AM,1315.7,0,0.0,19364680.299999993
2025-08-01 09:44:43 AM,1315.7,343,451285.10000000003,19815965.399999995
2025-08-01 09:45:05 AM,1315.2,0,0.0,19815965.399999995
2025-08-01 09:45:07 AM,1315.0,0,0.0,19815965.399999995
2025-08-01 09:45:09 AM,1314.7,28,36811.6,19852776.999999996
2025-08-01 09:45:40 AM,1314.8,0,0.0,19852776.999999996
2025-08-01 09:45:41 AM,1314.8,4,5259.2,19858036.199999996
2025-08-01 09:45:48 AM,1314.8,1,1314.8,19859350.999999996
2025-08-01 09:45:52 AM,1313.5,0,0.0,19859350.999999996
2025-08-01 09:45:55 AM,1313.5,50,65675.0,19925025.999999996
2025-08-01 09:46:08 AM,1314.5,0,0.0,19925025.999999996
2025-08-01 09:46:09 AM,1314.5,1,1314.5,19926340.499999996
2025-08-01 09:46:27 AM,1314.5,5,6572.5,19932912.999999996
2025-08-01 09:46:29 AM,1313.1,0,0.0,19932912.999999996
2025-08-01 09:46:29 AM,1313.1,43,56463.299999999996,19989376.299999997
2025-08-01 09:46:33 AM,1313.0,0,0.0,19989376.299999997
2025-08-01 09:46:33 AM,1313.0,10,13130.0,20002506.299999997
2025-08-01 09:46:46 AM,1312.0,9,11808.0,20014314.299999997
2025-08-01 09:47:00 AM,1312.9,1,1312.9,20015627.199999996
2025-08-01 09:47:06 AM,1313.5,70,91945.0,20107572.199999996
2025-08-01 09:47:10 AM,1313.3,0,0.0,20107572.199999996
2025-08-01 09:47:11 AM,1313.3,1,1313.3,20108885.499999996
2025-08-01 09:47:14 AM,1313.4,0,0.0,20108885.499999996
2025-08-01 09:47:17 AM,1313.4,1,1313.4,20110198.899999995
2025-08-01 09:47:23 AM,1313.4,1,1313.4,20111512.299999993
2025-08-01 09:47:34 AM,1312.0,0,0.0,20111512.299999993
2025-08-01 09:47:35 AM,1312.4,0,0.0,20111512.299999993
2025-08-01 09:47:36 AM,1312.4,40,52496.0,20164008.299999993
2025-08-01 09:47:56 AM,1312.4,95,124678.00000000001,20288686.299999993
2025-08-01 09:48:04 AM,1311.8,0,0.0,20288686.299999993
2025-08-01 09:48:05 AM,1311.8,33,43289.4,20331975.69999999
2025-08-01 09:48:09 AM,1311.8,10,13118.0,20345093.69999999
2025-08-01 09:48:28 AM,1312.4,0,0.0,20345093.69999999
2025-08-01 09:48:28 AM,1312.4,39,51183.600000000006,20396277.299999993
2025-08-01 09:48:35 AM,1312.4,1,1312.4,20397589.69999999
2025-08-01 09:48:57 AM,1312.4,2,2624.8,20400214.499999993
2025-08-01 09:49:12 AM,1311.7,0,0.0,20400214.499999993
2025-08-01 09:49:13 AM,1311.7,10,13117.0,20413331.499999993
2025-08-01 09:49:19 AM,1312.3,0,0.0,20413331.499999993
2025-08-01 09:49:19 AM,1312.3,1,1312.3,20414643.799999993
2025-08-01 09:49:34 AM,1312.4,0,0.0,20414643.799999993
2025-08-01 09:49:38 AM,1312.4,35,45934.0,20460577.799999993
2025-08-01 09:49:44 AM,1312.4,4,5249.6,20465827.399999995
2025-08-01 09:50:00 AM,1311.6,0,0.0,20465827.399999995
2025-08-01 09:50:00 AM,1311.6,1,1311.6,20467138.999999996
2025-08-01 09:50:19 AM,1311.9,1,1311.9,20468450.899999995
2025-08-01 09:50:22 AM,1310.4,100,131040.00000000001,20599490.899999995
2025-08-01 09:50:29 AM,1310.1,0,0.0,20599490.899999995
2025-08-01 09:50:29 AM,1310.1,21,27512.1,20627002.999999996
2025-08-01 09:50:33 AM,1311.1,0,0.0,20627002.999999996
2025-08-01 09:50:35 AM,1311.1,1,1311.1,20628314.099999998
2025-08-01 09:50:37 AM,1311.4,11,14425.400000000001,20642739.499999996
2025-08-01 09:50:50 AM,1311.8,0,0.0,20642739.499999996
2025-08-01 09:50:50 AM,1311.8,4,5247.2,20647986.699999996
2025-08-01 09:51:06 AM,1312.0,0,0.0,20647986.699999996
2025-08-01 09:51:06 AM,1312.0,1,1312.0,20649298.699999996
2025-08-01 09:51:11 AM,1310.8,0,0.0,20649298.699999996
2025-08-01 09:51:13 AM,1312.0,52,68224.0,20717522.699999996
2025-08-01 09:51:38 AM,1312.0,26,34112.0,20751634.699999996
2025-08-01 09:51:40 AM,1312.4,40,52496.0,20804130.699999996
2025-08-01 09:52:07 AM,1311.9,0,0.0,20804130.699999996
2025-08-01 09:52:08 AM,1311.9,1,1311.9,20805442.599999994
2025-08-01 09:52:26 AM,1312.0,0,0.0,20805442.599999994
2025-08-01 09:52:27 AM,1312.0,5,6560.0,20812002.599999994
2025-08-01 09:52:30 AM,1312.0,3,3936.0,20815938.599999994
2025-08-01 09:52:33 AM,1312.0,1,1312.0,20817250.599999994
2025-08-01 09:53:03 AM,1311.5,0,0.0,20817250.599999994
2025-08-01 09:53:03 AM,1312.0,8,10496.0,20827746.599999994
2025-08-01 09:53:14 AM,1311.5,0,0.0,20827746.599999994
2025-08-01 09:53:16 AM,1311.5,11,14426.5,20842173.099999994
2025-08-01 09:53:34 AM,1311.5,1,1311.5,20843484.599999994
2025-08-01 09:53:44 AM,1311.2,0,0.0,20843484.599999994
2025-08-01 09:53:47 AM,1311.2,17,22290.4,20865774.999999993
2025-08-01 09:54:18 AM,1311.2,2,2622.4,20868397.39999999
2025-08-01 09:54:21 AM,1310.5,0,0.0,20868397.39999999
2025-08-01 09:54:24 AM,1310.5,8,10484.0,20878881.39999999
2025-08-01 09:54:37 AM,1310.5,5,6552.5,20885433.89999999
2025-08-01 09:54:40 AM,1310.0,0,0.0,20885433.89999999
2025-08-01 09:54:43 AM,1310.0,16,20960.0,20906393.89999999
2025-08-01 09:54:58 AM,1311.5,0,0.0,20906393.89999999
2025-08-01 09:55:00 AM,1311.5,360,472140.0,21378533.89999999
2025-08-01 09:55:12 AM,1311.6,10,13116.0,21391649.89999999
2025-08-01 09:55:35 AM,1312.0,0,0.0,21391649.89999999
2025-08-01 09:55:36 AM,1312.0,4,5248.0,21396897.89999999
2025-08-01 09:55:37 AM,1312.4,11,14436.400000000001,21411334.29999999
2025-08-01 09:55:43 AM,1312.6,0,0.0,21411334.29999999
2025-08-01 09:55:43 AM,1312.6,15,19689.0,21431023.29999999
2025-08-01 09:56:09 AM,1312.9,0,0.0,21431023.29999999
2025-08-01 09:56:12 AM,1312.2,0,0.0,21431023.29999999
2025-08-01 09:56:12 AM,1312.2,59,77419.8,21508443.09999999
2025-08-01 09:56:42 AM,1312.2,2,2624.4,21511067.49999999
2025-08-01 09:56:46 AM,1312.7,0,0.0,21511067.49999999
2025-08-01 09:56:48 AM,1312.7,1,1312.7,21512380.199999988
2025-08-01 09:56:49 AM,1311.8,52,68213.59999999999,21580593.79999999
2025-08-01 09:56:54 AM,1312.1,0,0.0,21580593.79999999
2025-08-01 09:56:54 AM,1312.2,0,0.0,21580593.79999999
2025-08-01 09:56:54 AM,1312.2,6,7873.200000000001,21588466.99999999
2025-08-01 09:57:31 AM,1311.9,1,1311.9,21589778.899999987
2025-08-01 09:57:35 AM,1311.0,8,10488.0,21600266.899999987
2025-08-01 09:57:41 AM,1311.8,1,1311.8,21601578.699999988
2025-08-01 09:58:08 AM,1311.0,365,478515.0,22080093.699999988
2025-08-01 09:58:12 AM,1311.0,4,5244.0,22085337.699999988
2025-08-01 09:58:14 AM,1311.0,10,13110.0,22098447.699999988
2025-08-01 09:58:38 AM,1310.8,1,1310.8,22099758.49999999
2025-08-01 09:59:03 AM,1310.5,0,0.0,22099758.49999999
2025-08-01 09:59:03 AM,1310.5,12,15726.0,22115484.49999999
2025-08-01 09:59:06 AM,1310.7,1,1310.7,22116795.199999988
2025-08-01 09:59:09 AM,1310.0,0,0.0,22116795.199999988
2025-08-01 09:59:09 AM,1310.0,2,2620.0,22119415.199999988
2025-08-01 09:59:21 AM,1310.8,0,0.0,22119415.199999988
2025-08-01 09:59:21 AM,1310.8,30,39324.0,22158739.199999988
2025-08-01 09:59:57 AM,1311.0,0,0.0,22158739.199999988
2025-08-01 09:59:59 AM,1311.0,5,6555.0,22165294.199999988
2025-08-01 10:00:02 AM,1311.0,1,1311.0,22166605.199999988
2025-08-01 10:00:08 AM,1311.0,1,1311.0,22167916.199999988
2025-08-01 10:00:23 AM,1310.8,0,0.0,22167916.199999988
2025-08-01 10:00:24 AM,1310.8,2,2621.6,22170537.79999999
2025-08-01 10:00:28 AM,1311.0,0,0.0,22170537.79999999
2025-08-01 10:00:28 AM,1311.0,1,1311.0,22171848.79999999
2025-08-01 10:00:31 AM,1310.8,5,6554.0,22178402.79999999
2025-08-01 10:00:35 AM,1311.0,0,0.0,22178402.79999999
2025-08-01 10:00:37 AM,1311.0,25,32775.0,22211177.79999999
2025-08-01 10:00:50 AM,1310.8,83,108796.4,22319974.199999988
2025-08-01 10:00:59 AM,1310.8,21,27526.8,22347500.99999999
2025-08-01 10:01:27 AM,1310.8,1,1310.8,22348811.79999999
2025-08-01 10:01:40 AM,1310.1,0,0.0,22348811.79999999
2025-08-01 10:01:40 AM,1310.1,15,19651.5,22368463.29999999
2025-08-01 10:01:48 AM,1310.8,1,1310.8,22369774.09999999
2025-08-01 10:01:54 AM,1310.8,1,1310.8,22371084.89999999
2025-08-01 10:02:08 AM,1310.1,0,0.0,22371084.89999999
2025-08-01 10:02:11 AM,1310.1,1,1310.1,22372394.999999993
2025-08-01 10:02:19 AM,1310.0,0,0.0,22372394.999999993
2025-08-01 10:02:19 AM,1310.0,2,2620.0,22375014.999999993
2025-08-01 10:02:28 AM,1310.8,0,0.0,22375014.999999993
2025-08-01 10:02:30 AM,1310.8,159,208417.19999999998,22583432.19999999
2025-08-01 10:02:33 AM,1310.0,0,0.0,22583432.19999999
2025-08-01 10:02:36 AM,1310.9,12,15730.800000000001,22599162.999999993
2025-08-01 10:02:43 AM,1311.0,35,45885.0,22645047.999999993
2025-08-01 10:02:57 AM,1311.0,2,2622.0,22647669.999999993
2025-08-01 10:03:03 AM,1311.0,1,1311.0,22648980.999999993
2025-08-01 10:03:14 AM,1311.0,2,2622.0,22651602.999999993
2025-08-01 10:03:21 AM,1311.0,5,6555.0,22658157.999999993
2025-08-01 10:03:27 AM,1311.0,11,14421.0,22672578.999999993
2025-08-01 10:03:30 AM,1311.0,50,65550.0,22738128.999999993
2025-08-01 10:04:07 AM,1311.9,0,0.0,22738128.999999993
2025-08-01 10:04:07 AM,1311.9,1,1311.9,22739440.89999999
2025-08-01 10:04:17 AM,1311.9,1,1311.9,22740752.79999999
2025-08-01 10:04:30 AM,1311.1,2,2622.2,22743374.99999999
2025-08-01 10:04:39 AM,1312.2,18,23619.600000000002,22766994.59999999
2025-08-01 10:04:53 AM,1311.1,0,0.0,22766994.59999999
2025-08-01 10:04:55 AM,1311.1,39,51132.899999999994,22818127.49999999
2025-08-01 10:05:24 AM,1311.0,0,0.0,22818127.49999999
2025-08-01 10:05:26 AM,1310.6,265,347309.0,23165436.49999999
2025-08-01 10:05:32 AM,1310.6,2,2621.2,23168057.699999988
2025-08-01 10:05:38 AM,1310.0,2,2620.0,23170677.699999988
2025-08-01 10:05:40 AM,1310.8,0,0.0,23170677.699999988
2025-08-01 10:05:40 AM,1310.8,1,1310.8,23171988.49999999
2025-08-01 10:05:43 AM,1308.5,0,0.0,23171988.49999999
2025-08-01 10:05:44 AM,1308.5,1502,1965367.0,25137355.49999999
2025-08-01 10:05:55 AM,1308.0,0,0.0,25137355.49999999
2025-08-01 10:05:56 AM,1308.0,10,13080.0,25150435.49999999
2025-08-01 10:06:02 AM,1308.1,103,134734.3,25285169.79999999
2025-08-01 10:06:10 AM,1308.5,23,30095.5,25315265.29999999
2025-08-01 10:06:14 AM,1309.1,1,1309.1,25316574.39999999
2025-08-01 10:06:22 AM,1307.7,15,19615.5,25336189.89999999
2025-08-01 10:06:28 AM,1307.6,20,26152.0,25362341.89999999
2025-08-01 10:06:42 AM,1308.1,0,0.0,25362341.89999999
2025-08-01 10:06:44 AM,1308.1,9,11772.9,25374114.79999999
2025-08-01 10:07:15 AM,1307.9,1,1307.9,25375422.699999988
2025-08-01 10:07:33 AM,1308.9,70,91623.0,25467045.699999988
2025-08-01 10:08:03 AM,1308.7,0,0.0,25467045.699999988
2025-08-01 10:08:04 AM,1308.7,1,1308.7,25468354.399999987
2025-08-01 10:08:12 AM,1309.1,18,23563.8,25491918.199999988
2025-08-01 10:08:28 AM,1309.6,0,0.0,25491918.199999988
2025-08-01 10:08:29 AM,1309.6,1,1309.6,25493227.79999999
2025-08-01 10:08:57 AM,1312.3,0,0.0,25493227.79999999
2025-08-01 10:08:58 AM,1312.3,1205,1581321.5,27074549.29999999
2025-08-01 10:09:00 AM,1312.7,0,0.0,27074549.29999999
2025-08-01 10:09:00 AM,1310.7,177,231993.9,27306543.199999988
2025-08-01 10:09:03 AM,1311.7,0,0.0,27306543.199999988
2025-08-01 10:09:04 AM,1311.7,11,14428.7,27320971.899999987
2025-08-01 10:09:09 AM,1311.1,0,0.0,27320971.899999987
2025-08-01 10:09:10 AM,1311.1,1,1311.1,27322282.99999999
2025-08-01 10:09:15 AM,1312.5,0,0.0,27322282.99999999
2025-08-01 10:09:16 AM,1312.5,10,13125.0,27335407.99999999
2025-08-01 10:09:34 AM,1312.5,1232,1617000.0,28952407.99999999
2025-08-01 10:09:55 AM,1312.3,0,0.0,28952407.99999999
2025-08-01 10:09:57 AM,1312.3,9,11810.699999999999,28964218.699999988
2025-08-01 10:09:58 AM,1312.1,203,266356.3,29230574.99999999
2025-08-01 10:10:36 AM,1311.2,0,0.0,29230574.99999999
2025-08-01 10:10:38 AM,1311.2,50,65560.0,29296134.99999999
2025-08-01 10:10:56 AM,1311.2,5,6556.0,29302690.99999999
2025-08-01 10:11:18 AM,1310.2,0,0.0,29302690.99999999
2025-08-01 10:11:20 AM,1310.2,1,1310.2,29304001.199999988
2025-08-01 10:11:36 AM,1311.0,0,0.0,29304001.199999988
2025-08-01 10:11:37 AM,1311.0,1,1311.0,29305312.199999988
2025-08-01 10:12:00 AM,1311.1,0,0.0,29305312.199999988
2025-08-01 10:12:00 AM,1311.1,7,9177.699999999999,29314489.899999987
2025-08-01 10:12:03 AM,1311.2,0,0.0,29314489.899999987
2025-08-01 10:12:06 AM,1311.2,5,6556.0,29321045.899999987
2025-08-01 10:12:13 AM,1311.2,7,9178.4,29330224.299999986
2025-08-01 10:12:39 AM,1310.7,0,0.0,29330224.299999986
2025-08-01 10:12:41 AM,1310.7,1,1310.7,29331534.999999985
2025-08-01 10:12:57 AM,1310.3,0,0.0,29331534.999999985
2025-08-01 10:12:58 AM,1310.3,15,19654.5,29351189.499999985
2025-08-01 10:13:15 AM,1311.2,0,0.0,29351189.499999985
2025-08-01 10:13:16 AM,1311.2,10,13112.0,29364301.499999985
2025-08-01 10:13:39 AM,1311.2,1,1311.2,29365612.699999984
2025-08-01 10:13:42 AM,1310.7,0,0.0,29365612.699999984
2025-08-01 10:13:46 AM,1310.7,8,10485.6,29376098.299999986
2025-08-01 10:14:06 AM,1310.6,0,0.0,29376098.299999986
2025-08-01 10:14:09 AM,1310.6,1,1310.6,29377408.899999987
2025-08-01 10:14:32 AM,1310.6,2,2621.2,29380030.099999987
2025-08-01 10:14:58 AM,1310.9,0,0.0,29380030.099999987
2025-08-01 10:15:01 AM,1310.9,1,1310.9,29381340.999999985
2025-08-01 10:15:18 AM,1310.9,14,18352.600000000002,29399693.599999987
2025-08-01 10:15:43 AM,1310.1,15,19651.5,29419345.099999987
2025-08-01 10:15:51 AM,1310.8,0,0.0,29419345.099999987
2025-08-01 10:15:53 AM,1321.5,0,0.0,29419345.099999987
2025-08-01 10:15:55 AM,1321.5,5106,6747579.0,36166924.09999999
2025-08-01 10:15:55 AM,1321.4,19,25106.600000000002,36192030.69999999
2025-08-01 10:16:00 AM,1321.5,0,0.0,36192030.69999999
2025-08-01 10:16:00 AM,1321.5,425,561637.5,36753668.19999999
2025-08-01 10:16:06 AM,1321.5,23,30394.5,36784062.69999999
2025-08-01 10:16:08 AM,1321.4,0,0.0,36784062.69999999
2025-08-01 10:16:12 AM,1321.4,1,1321.4,36785384.09999999
2025-08-01 10:16:15 AM,1321.5,0,0.0,36785384.09999999
2025-08-01 10:16:18 AM,1321.5,7,9250.5,36794634.59999999
2025-08-01 10:16:41 AM,1321.5,9,11893.5,36806528.09999999
2025-08-01 10:16:47 AM,1321.5,52,68718.0,36875246.09999999
2025-08-01 10:16:59 AM,1321.2,0,0.0,36875246.09999999
2025-08-01 10:17:03 AM,1321.2,7,9248.4,36884494.499999985
2025-08-01 10:17:14 AM,1321.2,1,1321.2,36885815.69999999
2025-08-01 10:17:32 AM,1321.2,1,1321.2,36887136.89999999
2025-08-01 10:17:38 AM,1321.2,8,10569.6,36897706.49999999
2025-08-01 10:17:42 AM,1321.4,0,0.0,36897706.49999999
2025-08-01 10:17:44 AM,1321.4,166,219352.40000000002,37117058.89999999
2025-08-01 10:18:01 AM,1322.2,1,1322.2,37118381.099999994
2025-08-01 10:18:06 AM,1321.4,0,0.0,37118381.099999994
2025-08-01 10:18:07 AM,1321.4,90,118926.00000000001,37237307.099999994
2025-08-01 10:18:13 AM,1321.4,13,17178.2,37254485.3
2025-08-01 10:18:29 AM,1321.1,0,0.0,37254485.3
2025-08-01 10:18:30 AM,1321.1,110,145321.0,37399806.3
2025-08-01 10:18:35 AM,1322.0,0,0.0,37399806.3
2025-08-01 10:18:36 AM,1322.0,2,2644.0,37402450.3
2025-08-01 10:19:03 AM,1321.4,0,0.0,37402450.3
2025-08-01 10:19:04 AM,1321.4,14,18499.600000000002,37420949.9
2025-08-01 10:19:10 AM,1322.0,0,0.0,37420949.9
2025-08-01 10:19:10 AM,1322.0,5,6610.0,37427559.9
2025-08-01 10:19:19 AM,1323.1,0,0.0,37427559.9
2025-08-01 10:19:22 AM,1323.1,1271,1681660.0999999999,39109220.0
2025-08-01 10:19:34 AM,1323.4,0,0.0,39109220.0
2025-08-01 10:19:34 AM,1323.4,1,1323.4,39110543.4
2025-08-01 10:19:46 AM,1322.4,0,0.0,39110543.4
2025-08-01 10:19:46 AM,1322.4,242,320020.80000000005,39430564.199999996
2025-08-01 10:20:06 AM,1321.9,1,1321.9,39431886.099999994
2025-08-01 10:20:10 AM,1321.7,0,0.0,39431886.099999994
2025-08-01 10:20:12 AM,1321.7,502,663493.4,40095379.49999999
2025-08-01 10:20:16 AM,1322.0,0,0.0,40095379.49999999
2025-08-01 10:20:18 AM,1322.0,6,7932.0,40103311.49999999
2025-08-01 10:20:20 AM,1321.1,15,19816.5,40123127.99999999
2025-08-01 10:20:22 AM,1320.8,0,0.0,40123127.99999999
2025-08-01 10:20:24 AM,1320.8,2,2641.6,40125769.599999994
2025-08-01 10:20:36 AM,1320.8,8,10566.4,40136335.99999999
2025-08-01 10:20:38 AM,1320.9,6,7925.400000000001,40144261.39999999
2025-08-01 10:20:42 AM,1320.9,4,5283.6,40149544.99999999
2025-08-01 10:20:58 AM,1322.8,0,0.0,40149544.99999999
2025-08-01 10:21:00 AM,1322.8,150,198420.0,40347964.99999999
2025-08-01 10:21:05 AM,1322.6,424,560782.3999999999,40908747.39999999
2025-08-01 10:21:14 AM,1323.6,0,0.0,40908747.39999999
2025-08-01 10:21:14 AM,1324.1,0,0.0,40908747.39999999
2025-08-01 10:21:16 AM,1324.1,51,67529.09999999999,40976276.49999999
2025-08-01 10:21:24 AM,1322.6,0,0.0,40976276.49999999
2025-08-01 10:21:24 AM,1322.6,1,1322.6,40977599.099999994
2025-08-01 10:21:33 AM,1325.4,200,265080.0,41242679.099999994
2025-08-01 10:21:36 AM,1324.3,0,0.0,41242679.099999994
2025-08-01 10:21:38 AM,1324.3,24,31783.199999999997,41274462.3
2025-08-01 10:21:39 AM,1324.4,0,0.0,41274462.3
2025-08-01 10:21:40 AM,1324.4,4,5297.6,41279759.9
2025-08-01 10:21:50 AM,1325.0,584,773800.0,42053559.9
2025-08-01 10:21:56 AM,1323.6,66,87357.59999999999,42140917.5
2025-08-01 10:22:06 AM,1323.1,0,0.0,42140917.5
2025-08-01 10:22:07 AM,1323.1,49,64831.899999999994,42205749.4
2025-08-01 10:22:20 AM,1323.9,10,13239.0,42218988.4
2025-08-01 10:22:24 AM,1322.8,0,0.0,42218988.4
2025-08-01 10:22:24 AM,1323.7,4,5294.8,42224283.199999996
2025-08-01 10:22:30 AM,1323.7,1,1323.7,42225606.9
2025-08-01 10:22:36 AM,1323.1,0,0.0,42225606.9
2025-08-01 10:22:36 AM,1323.1,19,25138.899999999998,42250745.8
2025-08-01 10:22:45 AM,1324.0,0,0.0,42250745.8
2025-08-01 10:22:46 AM,1324.0,200,264800.0,42515545.8
2025-08-01 10:22:54 AM,1323.3,0,0.0,42515545.8
2025-08-01 10:22:54 AM,1323.3,67,88661.09999999999,42604206.9
2025-08-01 10:23:05 AM,1323.3,535,707965.5,43312172.4
2025-08-01 10:23:08 AM,1324.4,24,31785.600000000002,43343958.0
2025-08-01 10:23:20 AM,1322.0,0,0.0,43343958.0
2025-08-01 10:23:20 AM,1323.3,181,239517.3,43583475.3
2025-08-01 10:23:23 AM,1323.0,0,0.0,43583475.3
2025-08-01 10:23:23 AM,1323.0,33,43659.0,43627134.3
2025-08-01 10:23:26 AM,1322.9,0,0.0,43627134.3
2025-08-01 10:23:26 AM,1322.9,57,75405.3,43702539.599999994
2025-08-01 10:23:31 AM,1322.9,6,7937.400000000001,43710476.99999999
2025-08-01 10:23:39 AM,1322.3,0,0.0,43710476.99999999
2025-08-01 10:23:40 AM,1322.3,2,2644.6,43713121.599999994
2025-08-01 10:24:19 AM,1322.3,2,2644.6,43715766.199999996
2025-08-01 10:24:26 AM,1322.9,0,0.0,43715766.199999996
2025-08-01 10:24:26 AM,1322.9,2,2645.8,43718411.99999999
2025-08-01 10:24:29 AM,1322.1,0,0.0,43718411.99999999
2025-08-01 10:24:30 AM,1322.1,20,26442.0,43744853.99999999
2025-08-01 10:24:35 AM,1322.9,0,0.0,43744853.99999999
2025-08-01 10:24:35 AM,1322.9,25,33072.5,43777926.49999999
2025-08-01 10:24:41 AM,1322.9,1,1322.9,43779249.39999999
2025-08-01 10:24:48 AM,1322.9,10,13229.0,43792478.39999999
2025-08-01 10:24:57 AM,1324.0,0,0.0,43792478.39999999
2025-08-01 10:24:57 AM,1324.0,302,399848.0,44192326.39999999
2025-08-01 10:25:15 AM,1325.5,0,0.0,44192326.39999999
2025-08-01 10:25:15 AM,1325.5,539,714444.5,44906770.89999999
2025-08-01 10:25:18 AM,1326.9,22,29191.800000000003,44935962.69999999
2025-08-01 10:25:21 AM,1327.0,0,0.0,44935962.69999999
2025-08-01 10:25:21 AM,1327.0,492,652884.0,45588846.69999999
2025-08-01 10:25:28 AM,1325.8,0,0.0,45588846.69999999
2025-08-01 10:25:29 AM,1325.8,1,1325.8,45590172.499999985
2025-08-01 10:25:31 AM,1326.5,0,0.0,45590172.499999985
2025-08-01 10:25:32 AM,1326.5,1,1326.5,45591498.999999985
2025-08-01 10:25:36 AM,1325.9,0,0.0,45591498.999999985
2025-08-01 10:25:38 AM,1325.9,2,2651.8,45594150.79999998
2025-08-01 10:25:52 AM,1326.0,0,0.0,45594150.79999998
2025-08-01 10:25:54 AM,1326.0,4,5304.0,45599454.79999998
2025-08-01 10:25:56 AM,1326.0,636,843336.0,46442790.79999998
2025-08-01 10:26:03 AM,1325.9,0,0.0,46442790.79999998
2025-08-01 10:26:05 AM,1326.0,61,80886.0,46523676.79999998
2025-08-01 10:26:07 AM,1326.0,1,1326.0,46525002.79999998
2025-08-01 10:26:10 AM,1326.0,45,59670.0,46584672.79999998
2025-08-01 10:26:13 AM,1326.0,2,2652.0,46587324.79999998
2025-08-01 10:26:22 AM,1326.0,4,5304.0,46592628.79999998
2025-08-01 10:26:39 AM,1326.0,4,5304.0,46597932.79999998
2025-08-01 10:26:52 AM,1324.0,0,0.0,46597932.79999998
2025-08-01 10:26:53 AM,1325.6,831,1101573.5999999999,47699506.39999998
2025-08-01 10:26:59 AM,1325.6,21,27837.6,47727343.999999985
2025-08-01 10:27:04 AM,1325.9,0,0.0,47727343.999999985
2025-08-01 10:27:05 AM,1325.9,5,6629.5,47733973.499999985
2025-08-01 10:27:11 AM,1326.0,1,1326.0,47735299.499999985
2025-08-01 10:27:12 AM,1325.2,0,0.0,47735299.499999985
2025-08-01 10:27:13 AM,1324.7,0,0.0,47735299.499999985
2025-08-01 10:27:13 AM,1324.7,3,3974.1000000000004,47739273.59999999
2025-08-01 10:27:24 AM,1324.0,0,0.0,47739273.59999999
2025-08-01 10:27:24 AM,1324.0,541,716284.0,48455557.59999999
2025-08-01 10:27:40 AM,1323.8,0,0.0,48455557.59999999
2025-08-01 10:27:41 AM,1323.8,100,132380.0,48587937.59999999
2025-08-01 10:27:44 AM,1323.8,1,1323.8,48589261.39999998
2025-08-01 10:27:55 AM,1323.0,1,1323.0,48590584.39999998
2025-08-01 10:28:00 AM,1323.9,0,0.0,48590584.39999998
2025-08-01 10:28:00 AM,1323.9,59,78110.1,48668694.499999985
2025-08-01 10:28:01 AM,1323.0,0,0.0,48668694.499999985
2025-08-01 10:28:02 AM,1323.0,200,264600.0,48933294.499999985
2025-08-01 10:28:04 AM,1324.0,0,0.0,48933294.499999985
2025-08-01 10:28:05 AM,1324.0,1,1324.0,48934618.499999985
2025-08-01 10:28:11 AM,1323.3,1,1323.3,48935941.79999998
2025-08-01 10:28:20 AM,1325.2,0,0.0,48935941.79999998
2025-08-01 10:28:21 AM,1325.2,320,424064.0,49360005.79999998
2025-08-01 10:28:42 AM,1326.0,0,0.0,49360005.79999998
2025-08-01 10:28:44 AM,1326.0,88,116688.0,49476693.79999998
2025-08-01 10:28:49 AM,1326.0,11,14586.0,49491279.79999998
2025-08-01 10:29:06 AM,1326.0,1,1326.0,49492605.79999998
2025-08-01 10:29:31 AM,1326.0,203,269178.0,49761783.79999998
2025-08-01 10:29:33 AM,1325.8,2,2651.6,49764435.39999998
2025-08-01 10:29:44 AM,1325.5,0,0.0,49764435.39999998
2025-08-01 10:29:45 AM,1325.5,37,49043.5,49813478.89999998
2025-08-01 10:30:04 AM,1326.0,0,0.0,49813478.89999998
2025-08-01 10:30:04 AM,1326.0,55,72930.0,49886408.89999998
2025-08-01 10:30:10 AM,1326.0,29,38454.0,49924862.89999998
2025-08-01 10:30:13 AM,1326.1,11,14587.099999999999,49939449.999999985
2025-08-01 10:30:16 AM,1327.0,15,19905.0,49959354.999999985
2025-08-01 10:30:20 AM,1328.0,0,0.0,49959354.999999985
2025-08-01 10:30:22 AM,1327.0,174,230898.0,50190252.999999985
2025-08-01 10:30:26 AM,1326.2,0,0.0,50190252.999999985
2025-08-01 10:30:27 AM,1326.2,10,13262.0,50203514.999999985
2025-08-01 10:30:32 AM,1326.0,0,0.0,50203514.999999985
2025-08-01 10:30:33 AM,1326.0,3,3978.0,50207492.999999985
2025-08-01 10:30:41 AM,1324.9,0,0.0,50207492.999999985
2025-08-01 10:30:42 AM,1324.9,66,87443.40000000001,50294936.39999998
2025-08-01 10:30:43 AM,1326.0,0,0.0,50294936.39999998
2025-08-01 10:30:44 AM,1326.0,750,994500.0,51289436.39999998
2025-08-01 10:30:55 AM,1325.8,0,0.0,51289436.39999998
2025-08-01 10:30:55 AM,1325.8,4,5303.2,51294739.59999999
2025-08-01 10:31:09 AM,1326.2,0,0.0,51294739.59999999
2025-08-01 10:31:11 AM,1326.2,5,6631.0,51301370.59999999
2025-08-01 10:31:19 AM,1326.5,1,1326.5,51302697.09999999
2025-08-01 10:31:22 AM,1326.6,0,0.0,51302697.09999999
2025-08-01 10:31:22 AM,1326.6,5,6633.0,51309330.09999999
2025-08-01 10:31:27 AM,1326.5,1,1326.5,51310656.59999999
2025-08-01 10:31:46 AM,1326.5,11,14591.5,51325248.09999999
2025-08-01 10:31:53 AM,1326.5,4,5306.0,51330554.09999999
2025-08-01 10:32:00 AM,1326.5,1,1326.5,51331880.59999999
2025-08-01 10:32:02 AM,1326.5,21,27856.5,51359737.09999999
2025-08-01 10:32:13 AM,1325.2,37,49032.4,51408769.499999985
2025-08-01 10:32:26 AM,1326.1,15,19891.5,51428660.999999985
2025-08-01 10:32:54 AM,1326.0,0,0.0,51428660.999999985
2025-08-01 10:32:56 AM,1326.0,1,1326.0,51429986.999999985
2025-08-01 10:33:03 AM,1325.5,0,0.0,51429986.999999985
2025-08-01 10:33:04 AM,1326.0,7,9282.0,51439268.999999985
2025-08-01 10:33:07 AM,1326.0,1,1326.0,51440594.999999985
2025-08-01 10:33:09 AM,1326.0,40,53040.0,51493634.999999985
2025-08-01 10:33:15 AM,1326.1,0,0.0,51493634.999999985
2025-08-01 10:33:15 AM,1326.1,1,1326.1,51494961.09999999
2025-08-01 10:33:21 AM,1326.0,1,1326.0,51496287.09999999
2025-08-01 10:33:26 AM,1325.5,22,29161.0,51525448.09999999
2025-08-01 10:33:33 AM,1325.8,0,0.0,51525448.09999999
2025-08-01 10:33:35 AM,1325.8,1,1325.8,51526773.89999998
2025-08-01 10:33:39 AM,1326.0,0,0.0,51526773.89999998
2025-08-01 10:33:40 AM,1326.0,315,417690.0,51944463.89999998
2025-08-01 10:34:13 AM,1325.9,0,0.0,51944463.89999998
2025-08-01 10:34:15 AM,1325.9,1,1325.9,51945789.79999998
2025-08-01 10:34:19 AM,1325.0,0,0.0,51945789.79999998
2025-08-01 10:34:20 AM,1325.0,1,1325.0,51947114.79999998
2025-08-01 10:34:31 AM,1325.0,2,2650.0,51949764.79999998
2025-08-01 10:34:40 AM,1325.9,0,0.0,51949764.79999998
2025-08-01 10:34:42 AM,1325.9,1,1325.9,51951090.69999998
2025-08-01 10:34:48 AM,1325.0,45,59625.0,52010715.69999998
2025-08-01 10:34:54 AM,1325.0,3,3975.0,52014690.69999998
2025-08-01 10:34:56 AM,1325.9,3,3977.7000000000003,52018668.39999998
2025-08-01 10:35:00 AM,1326.0,2,2652.0,52021320.39999998
2025-08-01 10:35:05 AM,1326.0,14,18564.0,52039884.39999998
2025-08-01 10:35:19 AM,1326.0,32,42432.0,52082316.39999998
2025-08-01 10:35:22 AM,1326.0,1,1326.0,52083642.39999998
2025-08-01 10:35:34 AM,1326.0,1,1326.0,52084968.39999998
2025-08-01 10:35:39 AM,1326.0,5,6630.0,52091598.39999998
2025-08-01 10:35:42 AM,1326.0,1,1326.0,52092924.39999998
2025-08-01 10:35:45 AM,1325.3,0,0.0,52092924.39999998
2025-08-01 10:35:45 AM,1325.3,35,46385.5,52139309.89999998
2025-08-01 10:35:47 AM,1326.1,1787,2369740.6999999997,54509050.59999999
2025-08-01 10:35:56 AM,1326.0,47,62322.0,54571372.59999999
2025-08-01 10:35:58 AM,1326.4,0,0.0,54571372.59999999
2025-08-01 10:35:58 AM,1326.4,1,1326.4,54572698.999999985
2025-08-01 10:36:01 AM,1326.4,19,25201.600000000002,54597900.59999999
2025-08-01 10:36:04 AM,1325.8,63,83525.4,54681425.999999985
2025-08-01 10:36:11 AM,1326.4,0,0.0,54681425.999999985
2025-08-01 10:36:13 AM,1326.4,1,1326.4,54682752.39999998
2025-08-01 10:36:21 AM,1326.4,1,1326.4,54684078.79999998
2025-08-01 10:36:24 AM,1326.3,1,1326.3,54685405.09999998
2025-08-01 10:36:26 AM,1326.4,0,0.0,54685405.09999998
2025-08-01 10:36:26 AM,1326.4,230,305072.0,54990477.09999998
2025-08-01 10:36:37 AM,1326.4,1,1326.4,54991803.49999998
2025-08-01 10:36:40 AM,1326.4,1,1326.4,54993129.899999976
2025-08-01 10:36:48 AM,1326.4,1,1326.4,54994456.299999975
2025-08-01 10:36:50 AM,1325.5,0,0.0,54994456.299999975
2025-08-01 10:36:52 AM,1326.3,2,2652.6,54997108.899999976
2025-08-01 10:37:02 AM,1326.3,1,1326.3,54998435.19999997
2025-08-01 10:37:04 AM,1326.3,1,1326.3,54999761.49999997
2025-08-01 10:37:19 AM,1326.3,1,1326.3,55001087.79999997
2025-08-01 10:37:21 AM,1326.4,15,19896.0,55020983.79999997
2025-08-01 10:37:23 AM,1326.5,0,0.0,55020983.79999997
2025-08-01 10:37:24 AM,1326.5,2,2653.0,55023636.79999997
2025-08-01 10:37:25 AM,1326.3,0,0.0,55023636.79999997
2025-08-01 10:37:27 AM,1326.3,29,38462.7,55062099.49999997
2025-08-01 10:37:32 AM,1326.3,23,30504.899999999998,55092604.39999997
2025-08-01 10:37:41 AM,1326.3,2,2652.6,55095256.99999997
2025-08-01 10:37:44 AM,1326.3,1,1326.3,55096583.29999997
2025-08-01 10:37:55 AM,1325.7,0,0.0,55096583.29999997
2025-08-01 10:37:58 AM,1326.3,21,27852.3,55124435.599999964
2025-08-01 10:38:00 AM,1327.1,2,2654.2,55127089.79999997
2025-08-01 10:38:05 AM,1328.0,0,0.0,55127089.79999997
2025-08-01 10:38:06 AM,1328.0,244,324032.0,55451121.79999997
2025-08-01 10:38:13 AM,1328.0,34,45152.0,55496273.79999997
2025-08-01 10:38:20 AM,1327.9,0,0.0,55496273.79999997
2025-08-01 10:38:22 AM,1327.9,1,1327.9,55497601.699999966
2025-08-01 10:38:23 AM,1328.0,0,0.0,55497601.699999966
2025-08-01 10:38:25 AM,1328.0,10,13280.0,55510881.699999966
2025-08-01 10:38:31 AM,1328.0,1,1328.0,55512209.699999966
2025-08-01 10:38:36 AM,1327.7,0,0.0,55512209.699999966
2025-08-01 10:38:37 AM,1329.0,257,341553.0,55853762.699999966
2025-08-01 10:38:40 AM,1328.0,0,0.0,55853762.699999966
2025-08-01 10:38:40 AM,1328.0,1,1328.0,55855090.699999966
2025-08-01 10:38:42 AM,1327.5,0,0.0,55855090.699999966
2025-08-01 10:38:43 AM,1327.5,16,21240.0,55876330.699999966
2025-08-01 10:38:48 AM,1327.1,0,0.0,55876330.699999966
2025-08-01 10:38:49 AM,1327.1,9,11943.9,55888274.599999964
2025-08-01 10:38:51 AM,1327.3,0,0.0,55888274.599999964
2025-08-01 10:38:51 AM,1327.3,1,1327.3,55889601.89999996
2025-08-01 10:38:54 AM,1327.5,0,0.0,55889601.89999996
2025-08-01 10:38:54 AM,1327.5,100,132750.0,56022351.89999996
2025-08-01 10:39:00 AM,1327.3,1,1327.3,56023679.19999996
2025-08-01 10:39:05 AM,1327.3,1,1327.3,56025006.499999955
2025-08-01 10:39:08 AM,1327.3,9,11945.699999999999,56036952.19999996
2025-08-01 10:39:18 AM,1327.4,0,0.0,56036952.19999996
2025-08-01 10:39:19 AM,1327.4,1,1327.4,56038279.59999996
2025-08-01 10:39:22 AM,1327.4,1,1327.4,56039606.999999955
2025-08-01 10:39:25 AM,1327.4,1,1327.4,56040934.399999954
2025-08-01 10:39:31 AM,1327.4,1,1327.4,56042261.79999995
2025-08-01 10:39:39 AM,1327.4,2,2654.8,56044916.59999995
2025-08-01 10:39:42 AM,1327.4,1,1327.4,56046243.99999995
2025-08-01 10:39:44 AM,1326.5,53,70304.5,56116548.49999995
2025-08-01 10:39:53 AM,1325.4,40,53016.0,56169564.49999995
2025-08-01 10:39:58 AM,1326.2,0,0.0,56169564.49999995
2025-08-01 10:39:58 AM,1326.2,1,1326.2,56170890.69999995
2025-08-01 10:40:00 AM,1326.3,0,0.0,56170890.69999995
2025-08-01 10:40:01 AM,1326.3,1,1326.3,56172216.99999995
2025-08-01 10:40:12 AM,1326.2,0,0.0,56172216.99999995
2025-08-01 10:40:12 AM,1326.2,5,6631.0,56178847.99999995
2025-08-01 10:40:18 AM,1326.2,1,1326.2,56180174.19999995
2025-08-01 10:40:20 AM,1326.8,0,0.0,56180174.19999995
2025-08-01 10:40:20 AM,1326.8,52,68993.59999999999,56249167.79999995
2025-08-01 10:40:22 AM,1327.0,0,0.0,56249167.79999995
2025-08-01 10:40:23 AM,1327.0,25,33175.0,56282342.79999995
2025-08-01 10:40:26 AM,1327.0,1,1327.0,56283669.79999995
2025-08-01 10:40:36 AM,1325.9,0,0.0,56283669.79999995
2025-08-01 10:40:37 AM,1325.9,20,26518.0,56310187.79999995
2025-08-01 10:40:38 AM,1326.6,0,0.0,56310187.79999995
2025-08-01 10:40:40 AM,1326.7,0,0.0,56310187.79999995
2025-08-01 10:40:40 AM,1326.7,2,2653.4,56312841.19999995
2025-08-01 10:40:51 AM,1326.9,1,1326.9,56314168.09999995
2025-08-01 10:41:01 AM,1326.9,1,1326.9,56315494.99999995
2025-08-01 10:41:05 AM,1326.7,1,1326.7,56316821.69999995
2025-08-01 10:41:07 AM,1326.7,4,5306.8,56322128.49999995
2025-08-01 10:41:11 AM,1326.1,1,1326.1,56323454.59999995
2025-08-01 10:41:18 AM,1326.6,1,1326.6,56324781.19999995
2025-08-01 10:41:20 AM,1326.7,0,0.0,56324781.19999995
2025-08-01 10:41:22 AM,1326.7,2,2653.4,56327434.59999995
2025-08-01 10:41:28 AM,1326.7,3,3980.1000000000004,56331414.69999995
2025-08-01 10:41:29 AM,1325.7,0,0.0,56331414.69999995
2025-08-01 10:41:29 AM,1325.7,115,152455.5,56483870.19999995
2025-08-01 10:41:31 AM,1326.0,0,0.0,56483870.19999995
2025-08-01 10:41:34 AM,1326.0,1,1326.0,56485196.19999995
2025-08-01 10:41:40 AM,1326.2,0,0.0,56485196.19999995
2025-08-01 10:41:41 AM,1326.2,1,1326.2,56486522.399999954
2025-08-01 10:41:45 AM,1326.2,1,1326.2,56487848.59999996
2025-08-01 10:41:58 AM,1325.9,0,0.0,56487848.59999996
2025-08-01 10:42:01 AM,1325.9,3,3977.7000000000003,56491826.29999996
2025-08-01 10:42:12 AM,1325.9,1,1325.9,56493152.19999996
2025-08-01 10:42:23 AM,1325.9,1,1325.9,56494478.09999996
2025-08-01 10:42:24 AM,1326.1,0,0.0,56494478.09999996
2025-08-01 10:42:25 AM,1325.3,29,38433.7,56532911.79999996
2025-08-01 10:42:26 AM,1325.2,0,0.0,56532911.79999996
2025-08-01 10:42:28 AM,1325.2,2,2650.4,56535562.19999996
2025-08-01 10:42:38 AM,1326.1,0,0.0,56535562.19999996
2025-08-01 10:42:39 AM,1326.1,2,2652.2,56538214.39999996
2025-08-01 10:42:51 AM,1326.1,1,1326.1,56539540.49999996
2025-08-01 10:42:53 AM,1326.1,1,1326.1,56540866.599999964
2025-08-01 10:43:02 AM,1325.3,12,15903.599999999999,56556770.199999966
2025-08-01 10:43:06 AM,1326.1,0,0.0,56556770.199999966
2025-08-01 10:43:07 AM,1326.1,1,1326.1,56558096.29999997
2025-08-01 10:43:18 AM,1326.1,1,1326.1,56559422.39999997
2025-08-01 10:43:20 AM,1326.1,1,1326.1,56560748.49999997
2025-08-01 10:43:31 AM,1326.1,1,1326.1,56562074.59999997
2025-08-01 10:43:34 AM,1326.1,4,5304.4,56567378.99999997
2025-08-01 10:43:40 AM,1326.1,1,1326.1,56568705.09999997
2025-08-01 10:43:45 AM,1326.1,2,2652.2,56571357.299999975
2025-08-01 10:43:51 AM,1325.8,0,0.0,56571357.299999975
2025-08-01 10:43:52 AM,1325.8,12,15909.599999999999,56587266.899999976
2025-08-01 10:43:57 AM,1325.9,1,1325.9,56588592.799999975
2025-08-01 10:44:00 AM,1326.0,1,1326.0,56589918.799999975
2025-08-01 10:44:08 AM,1325.1,3,3975.2999999999997,56593894.09999997
2025-08-01 10:44:11 AM,1325.9,1,1325.9,56595219.99999997
2025-08-01 10:44:21 AM,1326.0,0,0.0,56595219.99999997
2025-08-01 10:44:22 AM,1326.0,1,1326.0,56596545.99999997
2025-08-01 10:44:24 AM,1326.0,1,1326.0,56597871.99999997
2025-08-01 10:44:38 AM,1326.0,3,3978.0,56601849.99999997
2025-08-01 10:44:40 AM,1326.0,2,2652.0,56604501.99999997
2025-08-01 10:44:43 AM,1326.0,20,26520.0,56631021.99999997
2025-08-01 10:44:51 AM,1326.0,2,2652.0,56633673.99999997
2025-08-01 10:45:02 AM,1326.0,1,1326.0,56634999.99999997
2025-08-01 10:45:08 AM,1326.0,35,46410.0,56681409.99999997
2025-08-01 10:45:10 AM,1326.0,2,2652.0,56684061.99999997
2025-08-01 10:45:17 AM,1325.9,0,0.0,56684061.99999997
2025-08-01 10:45:19 AM,1325.9,37,49058.3,56733120.29999997
2025-08-01 10:45:21 AM,1325.9,1,1325.9,56734446.199999966
2025-08-01 10:45:24 AM,1325.4,43,56992.200000000004,56791438.39999997
2025-08-01 10:45:28 AM,1325.9,0,0.0,56791438.39999997
2025-08-01 10:45:30 AM,1325.9,1,1325.9,56792764.29999997
2025-08-01 10:45:32 AM,1325.9,1,1325.9,56794090.199999966
2025-08-01 10:45:40 AM,1325.9,1,1325.9,56795416.099999964
2025-08-01 10:45:45 AM,1325.3,0,0.0,56795416.099999964
2025-08-01 10:45:45 AM,1325.3,9,11927.699999999999,56807343.79999997
2025-08-01 10:45:48 AM,1326.5,135,179077.5,56986421.29999997
2025-08-01 10:45:51 AM,1325.8,1,1325.8,56987747.099999964
2025-08-01 10:45:59 AM,1325.8,6,7954.799999999999,56995701.89999996
2025-08-01 10:46:01 AM,1325.8,1,1325.8,56997027.69999996
2025-08-01 10:46:23 AM,1325.8,2,2651.6,56999679.29999996
2025-08-01 10:46:39 AM,1325.8,7,9280.6,57008959.89999996
2025-08-01 10:46:50 AM,1325.8,1,1325.8,57010285.69999996
2025-08-01 10:46:56 AM,1325.8,1,1325.8,57011611.499999955
2025-08-01 10:47:01 AM,1325.8,1,1325.8,57012937.29999995
2025-08-01 10:47:08 AM,1326.5,0,0.0,57012937.29999995
2025-08-01 10:47:08 AM,1326.5,2,2653.0,57015590.29999995
2025-08-01 10:47:12 AM,1326.7,0,0.0,57015590.29999995
2025-08-01 10:47:12 AM,1326.7,1,1326.7,57016916.999999955
2025-08-01 10:47:21 AM,1325.3,0,0.0,57016916.999999955
2025-08-01 10:47:23 AM,1325.3,31,41084.299999999996,57058001.29999995
2025-08-01 10:47:29 AM,1326.2,0,0.0,57058001.29999995
2025-08-01 10:47:30 AM,1325.2,2,2650.4,57060651.69999995
2025-08-01 10:47:40 AM,1326.2,0,0.0,57060651.69999995
2025-08-01 10:47:41 AM,1326.2,1,1326.2,57061977.899999954
2025-08-01 10:47:59 AM,1326.5,0,0.0,57061977.899999954
2025-08-01 10:48:00 AM,1326.5,199,263973.5,57325951.399999954
2025-08-01 10:48:13 AM,1326.0,11,14586.0,57340537.399999954
2025-08-01 10:48:17 AM,1325.7,0,0.0,57340537.399999954
2025-08-01 10:48:19 AM,1326.0,15,19890.0,57360427.399999954
2025-08-01 10:48:22 AM,1326.0,2,2652.0,57363079.399999954
2025-08-01 10:48:40 AM,1326.5,1,1326.5,57364405.899999954
2025-08-01 10:48:51 AM,1325.6,0,0.0,57364405.899999954
2025-08-01 10:48:51 AM,1325.6,2,2651.2,57367057.09999996
2025-08-01 10:49:00 AM,1326.5,0,0.0,57367057.09999996
2025-08-01 10:49:00 AM,1326.5,1,1326.5,57368383.59999996
2025-08-01 10:49:06 AM,1326.5,1,1326.5,57369710.09999996
2025-08-01 10:49:07 AM,1325.6,0,0.0,57369710.09999996
2025-08-01 10:49:07 AM,1325.6,5,6628.0,57376338.09999996
2025-08-01 10:49:17 AM,1326.7,0,0.0,57376338.09999996
2025-08-01 10:49:17 AM,1326.7,43,57048.1,57433386.19999996
2025-08-01 10:49:22 AM,1326.7,1,1326.7,57434712.89999996
2025-08-01 10:49:27 AM,1326.7,6,7960.200000000001,57442673.099999964
2025-08-01 10:49:39 AM,1326.7,1,1326.7,57443999.79999997
2025-08-01 10:49:51 AM,1325.8,0,0.0,57443999.79999997
2025-08-01 10:49:54 AM,1325.8,14,18561.2,57462560.99999997
2025-08-01 10:50:00 AM,1326.7,1,1326.7,57463887.69999997
2025-08-01 10:50:10 AM,1325.7,0,0.0,57463887.69999997
2025-08-01 10:50:11 AM,1325.7,26,34468.200000000004,57498355.899999976
2025-08-01 10:50:17 AM,1325.3,5,6626.5,57504982.399999976
2025-08-01 10:50:21 AM,1326.4,0,0.0,57504982.399999976
2025-08-01 10:50:22 AM,1326.4,1,1326.4,57506308.799999975
2025-08-01 10:50:29 AM,1325.3,0,0.0,57506308.799999975
2025-08-01 10:50:33 AM,1325.3,1,1325.3,57507634.09999997
2025-08-01 10:50:36 AM,1326.3,0,0.0,57507634.09999997
2025-08-01 10:50:37 AM,1325.4,0,0.0,57507634.09999997
2025-08-01 10:50:39 AM,1325.4,3,3976.2000000000003,57511610.299999975
2025-08-01 10:50:41 AM,1326.3,0,0.0,57511610.299999975
2025-08-01 10:50:44 AM,1326.3,1,1326.3,57512936.59999997
2025-08-01 10:50:55 AM,1325.5,0,0.0,57512936.59999997
2025-08-01 10:50:56 AM,1325.5,31,41090.5,57554027.09999997
2025-08-01 10:51:02 AM,1325.1,16,21201.6,57575228.69999997
2025-08-01 10:51:06 AM,1325.5,0,0.0,57575228.69999997
2025-08-01 10:51:07 AM,1325.5,1,1325.5,57576554.19999997
2025-08-01 10:51:18 AM,1325.5,1,1325.5,57577879.69999997
2025-08-01 10:51:23 AM,1325.5,1,1325.5,57579205.19999997
2025-08-01 10:51:35 AM,1325.5,2,2651.0,57581856.19999997
2025-08-01 10:51:40 AM,1325.5,1,1325.5,57583181.69999997
2025-08-01 10:51:56 AM,1325.5,1,1325.5,57584507.19999997
2025-08-01 10:52:01 AM,1325.1,0,0.0,57584507.19999997
2025-08-01 10:52:01 AM,1325.1,140,185514.0,57770021.19999997
2025-08-01 10:52:05 AM,1325.5,0,0.0,57770021.19999997
2025-08-01 10:52:07 AM,1325.5,45,59647.5,57829668.69999997
2025-08-01 10:52:23 AM,1325.5,1,1325.5,57830994.19999997
2025-08-01 10:52:29 AM,1325.5,4,5302.0,57836296.19999997
2025-08-01 10:52:36 AM,1325.1,0,0.0,57836296.19999997
2025-08-01 10:52:39 AM,1325.1,8,10600.8,57846896.99999997
2025-08-01 10:52:40 AM,1325.5,0,0.0,57846896.99999997
2025-08-01 10:52:40 AM,1325.5,1,1325.5,57848222.49999997
2025-08-01 10:52:44 AM,1325.5,4,5302.0,57853524.49999997
2025-08-01 10:53:00 AM,1325.5,1,1325.5,57854849.99999997
2025-08-01 10:53:01 AM,1325.1,0,0.0,57854849.99999997
2025-08-01 10:53:01 AM,1325.1,75,99382.5,57954232.49999997
2025-08-01 10:53:03 AM,1325.5,0,0.0,57954232.49999997
2025-08-01 10:53:06 AM,1325.5,6,7953.0,57962185.49999997
2025-08-01 10:53:09 AM,1326.2,0,0.0,57962185.49999997
2025-08-01 10:53:11 AM,1326.4,0,0.0,57962185.49999997
2025-08-01 10:53:11 AM,1326.4,117,155188.80000000002,58117374.29999997
2025-08-01 10:53:20 AM,1326.6,0,0.0,58117374.29999997
2025-08-01 10:53:22 AM,1326.6,1,1326.6,58118700.89999997
2025-08-01 10:53:32 AM,1326.6,1,1326.6,58120027.49999997
2025-08-01 10:53:43 AM,1326.6,22,29185.199999999997,58149212.69999997
2025-08-01 10:53:57 AM,1326.5,0,0.0,58149212.69999997
2025-08-01 10:53:59 AM,1326.5,1,1326.5,58150539.19999997
2025-08-01 10:54:03 AM,1326.3,0,0.0,58150539.19999997
2025-08-01 10:54:04 AM,1326.3,4,5305.2,58155844.399999976
2025-08-01 10:54:07 AM,1326.6,0,0.0,58155844.399999976
2025-08-01 10:54:10 AM,1326.6,16,21225.6,58177069.99999998
2025-08-01 10:54:13 AM,1325.7,0,0.0,58177069.99999998
2025-08-01 10:54:15 AM,1325.7,35,46399.5,58223469.49999998
2025-08-01 10:54:20 AM,1326.6,2,2653.2,58226122.69999998
2025-08-01 10:54:28 AM,1325.8,0,0.0,58226122.69999998
2025-08-01 10:54:31 AM,1325.8,64,84851.2,58310973.89999998
2025-08-01 10:54:32 AM,1326.6,0,0.0,58310973.89999998
2025-08-01 10:54:32 AM,1326.6,1,1326.6,58312300.499999985
2025-08-01 10:54:42 AM,1326.6,1,1326.6,58313627.09999999
2025-08-01 10:54:58 AM,1326.6,1,1326.6,58314953.69999999
2025-08-01 10:55:18 AM,1326.6,3,3979.7999999999997,58318933.499999985
2025-08-01 10:55:46 AM,1326.6,38,50410.799999999996,58369344.29999998
2025-08-01 10:55:52 AM,1325.8,62,82199.59999999999,58451543.89999998
2025-08-01 10:55:53 AM,1326.6,0,0.0,58451543.89999998
2025-08-01 10:55:55 AM,1326.7,0,0.0,58451543.89999998
2025-08-01 10:55:57 AM,1326.7,4,5306.8,58456850.69999998
2025-08-01 10:56:02 AM,1326.7,1,1326.7,58458177.39999998
2025-08-01 10:56:05 AM,1326.6,0,0.0,58458177.39999998
2025-08-01 10:56:05 AM,1326.3,0,0.0,58458177.39999998
2025-08-01 10:56:07 AM,1326.3,6,7957.799999999999,58466135.19999998
2025-08-01 10:56:12 AM,1326.3,13,17241.899999999998,58483377.09999998
2025-08-01 10:56:17 AM,1326.3,1,1326.3,58484703.399999976
2025-08-01 10:56:28 AM,1326.3,10,13263.0,58497966.399999976
2025-08-01 10:56:29 AM,1326.3,1,1326.3,58499292.69999997
2025-08-01 10:56:44 AM,1326.3,5,6631.5,58505924.19999997
2025-08-01 10:56:45 AM,1326.3,1,1326.3,58507250.49999997
2025-08-01 10:56:54 AM,1325.7,0,0.0,58507250.49999997
2025-08-01 10:56:54 AM,1325.7,50,66285.0,58573535.49999997
2025-08-01 10:57:09 AM,1326.2,0,0.0,58573535.49999997
2025-08-01 10:57:10 AM,1326.2,1,1326.2,58574861.69999997
2025-08-01 10:57:31 AM,1326.2,3,3978.6000000000004,58578840.299999975
2025-08-01 10:57:34 AM,1325.7,0,0.0,58578840.299999975
2025-08-01 10:57:37 AM,1325.7,1,1325.7,58580165.99999998
2025-08-01 10:57:48 AM,1326.2,0,0.0,58580165.99999998
2025-08-01 10:57:48 AM,1326.2,1,1326.2,58581492.19999998
2025-08-01 10:57:58 AM,1326.2,1,1326.2,58582818.39999998
2025-08-01 10:58:09 AM,1326.2,20,26524.0,58609342.39999998
2025-08-01 10:58:17 AM,1325.7,0,0.0,58609342.39999998
2025-08-01 10:58:19 AM,1325.7,10,13257.0,58622599.39999998
2025-08-01 10:58:41 AM,1326.2,0,0.0,58622599.39999998
2025-08-01 10:58:41 AM,1326.2,1,1326.2,58623925.59999999
2025-08-01 10:58:43 AM,1325.5,0,0.0,58623925.59999999
2025-08-01 10:58:47 AM,1325.5,21,27835.5,58651761.09999999
2025-08-01 10:58:52 AM,1327.3,300,398190.0,59049951.09999999
2025-08-01 10:58:59 AM,1326.0,0,0.0,59049951.09999999
2025-08-01 10:59:03 AM,1326.0,9,11934.0,59061885.09999999
2025-08-01 10:59:13 AM,1326.0,10,13260.0,59075145.09999999
2025-08-01 10:59:18 AM,1326.0,1,1326.0,59076471.09999999
2025-08-01 10:59:34 AM,1325.5,0,0.0,59076471.09999999
2025-08-01 10:59:37 AM,1326.0,0,0.0,59076471.09999999
2025-08-01 10:59:38 AM,1326.0,85,112710.0,59189181.09999999
2025-08-01 10:59:47 AM,1325.5,0,0.0,59189181.09999999
2025-08-01 10:59:49 AM,1325.5,80,106040.0,59295221.09999999
2025-08-01 10:59:59 AM,1326.2,0,0.0,59295221.09999999
2025-08-01 11:00:00 AM,1325.5,12,15906.0,59311127.09999999
2025-08-01 11:00:04 AM,1324.5,0,0.0,59311127.09999999
2025-08-01 11:00:06 AM,1324.5,1224,1621188.0,60932315.09999999
2025-08-01 11:00:08 AM,1324.6,0,0.0,60932315.09999999
2025-08-01 11:00:12 AM,1324.6,1,1324.6,60933639.69999999
2025-08-01 11:00:18 AM,1324.6,8,10596.8,60944236.499999985
2025-08-01 11:00:32 AM,1324.8,0,0.0,60944236.499999985
2025-08-01 11:00:34 AM,1324.8,1,1324.8,60945561.29999998
2025-08-01 11:00:56 AM,1324.8,1,1324.8,60946886.09999998
2025-08-01 11:01:08 AM,1325.4,0,0.0,60946886.09999998
2025-08-01 11:01:11 AM,1325.4,6,7952.400000000001,60954838.49999998
2025-08-01 11:01:23 AM,1326.8,20,26536.0,60981374.49999998
2025-08-01 11:01:32 AM,1326.8,2,2653.6,60984028.09999998
2025-08-01 11:01:33 AM,1326.7,1,1326.7,60985354.79999998
2025-08-01 11:01:36 AM,1327.4,0,0.0,60985354.79999998
2025-08-01 11:01:37 AM,1327.4,151,200437.40000000002,61185792.19999998
2025-08-01 11:01:40 AM,1326.4,0,0.0,61185792.19999998
2025-08-01 11:01:43 AM,1326.4,5,6632.0,61192424.19999998
2025-08-01 11:01:44 AM,1327.3,0,0.0,61192424.19999998
2025-08-01 11:01:48 AM,1327.3,1,1327.3,61193751.49999998
2025-08-01 11:01:52 AM,1328.0,0,0.0,61193751.49999998
2025-08-01 11:01:53 AM,1328.0,200,265600.0,61459351.49999998
2025-08-01 11:01:54 AM,1327.8,44,58423.2,61517774.69999998
2025-08-01 11:01:58 AM,1327.6,1,1327.6,61519102.29999998
2025-08-01 11:02:02 AM,1327.9,0,0.0,61519102.29999998
2025-08-01 11:02:03 AM,1327.9,80,106232.0,61625334.29999998
2025-08-01 11:02:12 AM,1328.0,0,0.0,61625334.29999998
2025-08-01 11:02:14 AM,1328.9,101,134218.90000000002,61759553.19999998
2025-08-01 11:02:25 AM,1328.9,1,1328.9,61760882.09999998
2025-08-01 11:02:45 AM,1327.8,0,0.0,61760882.09999998
2025-08-01 11:02:46 AM,1328.9,0,0.0,61760882.09999998
2025-08-01 11:02:47 AM,1328.9,45,59800.50000000001,61820682.59999998
2025-08-01 11:02:50 AM,1329.0,0,0.0,61820682.59999998
2025-08-01 11:02:52 AM,1331.0,0,0.0,61820682.59999998
2025-08-01 11:02:53 AM,1331.2,1611,2144563.2,63965245.79999998
2025-08-01 11:02:55 AM,1331.1,0,0.0,63965245.79999998
2025-08-01 11:02:55 AM,1330.2,0,0.0,63965245.79999998
2025-08-01 11:02:57 AM,1330.8,0,0.0,63965245.79999998
2025-08-01 11:02:58 AM,1330.8,180,239544.0,64204789.79999998
2025-08-01 11:03:05 AM,1329.0,0,0.0,64204789.79999998
2025-08-01 11:03:08 AM,1329.0,160,212640.0,64417429.79999998
2025-08-01 11:03:49 AM,1329.8,0,0.0,64417429.79999998
2025-08-01 11:03:50 AM,1328.1,148,196558.8,64613988.59999998
2025-08-01 11:04:03 AM,1328.4,40,53136.0,64667124.59999998
2025-08-01 11:04:06 AM,1329.0,0,0.0,64667124.59999998
2025-08-01 11:04:08 AM,1329.0,5,6645.0,64673769.59999998
2025-08-01 11:04:09 AM,1327.1,0,0.0,64673769.59999998
2025-08-01 11:04:10 AM,1327.1,163,216317.3,64890086.899999976
2025-08-01 11:04:14 AM,1326.6,0,0.0,64890086.899999976
2025-08-01 11:04:16 AM,1326.6,4,5306.4,64895393.299999975
2025-08-01 11:04:31 AM,1326.6,167,221542.19999999998,65116935.49999998
2025-08-01 11:04:36 AM,1327.4,0,0.0,65116935.49999998
2025-08-01 11:04:36 AM,1327.4,1,1327.4,65118262.899999976
2025-08-01 11:04:38 AM,1324.8,500,662400.0,65780662.899999976
2025-08-01 11:04:47 AM,1327.5,3,3982.5,65784645.399999976
2025-08-01 11:04:49 AM,1328.2,7,9297.4,65793942.799999975
2025-08-01 11:04:58 AM,1326.1,0,0.0,65793942.799999975
2025-08-01 11:04:59 AM,1326.1,150,198915.0,65992857.799999975
2025-08-01 11:05:10 AM,1325.4,0,0.0,65992857.799999975
2025-08-01 11:05:10 AM,1325.4,1,1325.4,65994183.19999997
2025-08-01 11:05:20 AM,1326.8,0,0.0,65994183.19999997
2025-08-01 11:05:20 AM,1326.8,10,13268.0,66007451.19999997
2025-08-01 11:05:28 AM,1327.0,0,0.0,66007451.19999997
2025-08-01 11:05:29 AM,1327.0,40,53080.0,66060531.19999997
2025-08-01 11:05:47 AM,1326.1,1,1326.1,66061857.299999975
2025-08-01 11:05:49 AM,1327.5,0,0.0,66061857.299999975
2025-08-01 11:05:51 AM,1327.5,4,5310.0,66067167.299999975
2025-08-01 11:05:56 AM,1328.4,0,0.0,66067167.299999975
2025-08-01 11:05:57 AM,1328.4,100,132840.0,66200007.299999975
2025-08-01 11:05:58 AM,1326.4,0,0.0,66200007.299999975
2025-08-01 11:05:58 AM,1326.4,172,228140.80000000002,66428148.09999997
2025-08-01 11:06:02 AM,1326.4,8,10611.2,66438759.299999975
2025-08-01 11:06:22 AM,1326.0,0,0.0,66438759.299999975
2025-08-01 11:06:23 AM,1326.0,102,135252.0,66574011.299999975
2025-08-01 11:06:32 AM,1326.2,0,0.0,66574011.299999975
2025-08-01 11:06:32 AM,1326.2,1,1326.2,66575337.49999998
2025-08-01 11:06:35 AM,1325.6,0,0.0,66575337.49999998
2025-08-01 11:06:37 AM,1325.6,4,5302.4,66580639.899999976
2025-08-01 11:06:39 AM,1326.4,0,0.0,66580639.899999976
2025-08-01 11:06:43 AM,1326.4,10,13264.0,66593903.899999976
2025-08-01 11:06:47 AM,1326.7,0,0.0,66593903.899999976
2025-08-01 11:06:49 AM,1326.7,113,149917.1,66743820.99999998
2025-08-01 11:06:51 AM,1327.2,0,0.0,66743820.99999998
2025-08-01 11:06:51 AM,1327.2,1,1327.2,66745148.19999998
2025-08-01 11:07:00 AM,1327.2,1,1327.2,66746475.39999998
2025-08-01 11:07:30 AM,1327.5,0,0.0,66746475.39999998
2025-08-01 11:07:32 AM,1327.5,1,1327.5,66747802.89999998
2025-08-01 11:08:08 AM,1327.0,0,0.0,66747802.89999998
2025-08-01 11:08:10 AM,1327.0,4,5308.0,66753110.89999998
2025-08-01 11:08:15 AM,1327.0,1,1327.0,66754437.89999998
2025-08-01 11:08:37 AM,1326.5,0,0.0,66754437.89999998
2025-08-01 11:08:38 AM,1326.5,9,11938.5,66766376.39999998
2025-08-01 11:08:39 AM,1326.3,0,0.0,66766376.39999998
2025-08-01 11:08:41 AM,1326.3,1,1326.3,66767702.69999998
2025-08-01 11:08:58 AM,1325.5,0,0.0,66767702.69999998
2025-08-01 11:09:00 AM,1325.5,11,14580.5,66782283.19999998
2025-08-01 11:09:01 AM,1325.8,0,0.0,66782283.19999998
2025-08-01 11:09:02 AM,1325.8,1,1325.8,66783608.99999998
2025-08-01 11:09:19 AM,1325.0,0,0.0,66783608.99999998
2025-08-01 11:09:20 AM,1326.0,0,0.0,66783608.99999998
2025-08-01 11:09:20 AM,1326.0,1241,1645566.0,68429174.99999997
2025-08-01 11:10:23 AM,1325.8,0,0.0,68429174.99999997
2025-08-01 11:10:24 AM,1325.8,25,33145.0,68462319.99999997
2025-08-01 11:10:29 AM,1326.5,0,0.0,68462319.99999997
2025-08-01 11:10:30 AM,1326.5,3,3979.5,68466299.49999997
2025-08-01 11:10:49 AM,1326.1,0,0.0,68466299.49999997
2025-08-01 11:10:52 AM,1326.1,5,6630.5,68472929.99999997
2025-08-01 11:11:03 AM,1326.1,3,3978.2999999999997,68476908.29999997
2025-08-01 11:11:13 AM,1327.0,0,0.0,68476908.29999997
2025-08-01 11:11:14 AM,1327.0,1,1327.0,68478235.29999997
2025-08-01 11:11:20 AM,1327.0,4,5308.0,68483543.29999997
2025-08-01 11:11:26 AM,1327.0,1,1327.0,68484870.29999997
2025-08-01 11:11:30 AM,1326.3,12,15915.599999999999,68500785.89999996
2025-08-01 11:11:53 AM,1327.0,0,0.0,68500785.89999996
2025-08-01 11:11:57 AM,1327.0,7,9289.0,68510074.89999996
2025-08-01 11:12:02 AM,1328.9,400,531560.0,69041634.89999996
2025-08-01 11:12:03 AM,1328.2,0,0.0,69041634.89999996
2025-08-01 11:12:03 AM,1328.2,2,2656.4,69044291.29999997
2025-08-01 11:12:13 AM,1328.5,2,2657.0,69046948.29999997
2025-08-01 11:12:24 AM,1327.8,1,1327.8,69048276.09999996
2025-08-01 11:12:29 AM,1328.2,0,0.0,69048276.09999996
2025-08-01 11:12:29 AM,1328.2,2,2656.4,69050932.49999997
2025-08-01 11:13:03 AM,1327.1,0,0.0,69050932.49999997
2025-08-01 11:13:06 AM,1327.1,70,92897.0,69143829.49999997
2025-08-01 11:13:22 AM,1327.1,5,6635.5,69150464.99999997
2025-08-01 11:13:26 AM,1328.2,0,0.0,69150464.99999997
2025-08-01 11:13:28 AM,1328.2,1,1328.2,69151793.19999997
2025-08-01 11:13:38 AM,1327.1,0,0.0,69151793.19999997
2025-08-01 11:13:39 AM,1327.1,94,124747.4,69276540.59999998
2025-08-01 11:14:16 AM,1327.0,0,0.0,69276540.59999998
2025-08-01 11:14:17 AM,1327.0,51,67677.0,69344217.59999998
2025-08-01 11:14:23 AM,1326.4,0,0.0,69344217.59999998
2025-08-01 11:14:23 AM,1326.4,1,1326.4,69345543.99999999
2025-08-01 11:14:41 AM,1326.9,0,0.0,69345543.99999999
2025-08-01 11:14:43 AM,1326.9,9,11942.1,69357486.09999998
2025-08-01 11:14:45 AM,1326.2,0,0.0,69357486.09999998
2025-08-01 11:14:46 AM,1326.8,0,0.0,69357486.09999998
2025-08-01 11:14:49 AM,1326.8,11,14594.8,69372080.89999998
2025-08-01 11:15:36 AM,1327.0,0,0.0,69372080.89999998
2025-08-01 11:15:37 AM,1327.0,40,53080.0,69425160.89999998
2025-08-01 11:15:42 AM,1327.0,11,14597.0,69439757.89999998
2025-08-01 11:15:48 AM,1327.4,16,21238.4,69460996.29999998
2025-08-01 11:16:03 AM,1327.5,20,26550.0,69487546.29999998
2025-08-01 11:16:05 AM,1326.8,0,0.0,69487546.29999998
2025-08-01 11:16:08 AM,1326.8,34,45111.2,69532657.49999999
2025-08-01 11:16:13 AM,1326.8,2,2653.6,69535311.09999998
2025-08-01 11:16:19 AM,1326.8,36,47764.799999999996,69583075.89999998
2025-08-01 11:16:26 AM,1326.8,9,11941.199999999999,69595017.09999998
2025-08-01 11:16:27 AM,1327.8,0,0.0,69595017.09999998
2025-08-01 11:16:30 AM,1327.8,10,13278.0,69608295.09999998
2025-08-01 11:16:38 AM,1326.8,0,0.0,69608295.09999998
2025-08-01 11:16:40 AM,1326.8,65,86242.0,69694537.09999998
2025-08-01 11:17:00 AM,1327.0,0,0.0,69694537.09999998
2025-08-01 11:17:01 AM,1327.0,1,1327.0,69695864.09999998
2025-08-01 11:17:15 AM,1326.3,0,0.0,69695864.09999998
2025-08-01 11:17:16 AM,1326.3,1,1326.3,69697190.39999998
2025-08-01 11:17:32 AM,1327.0,0,0.0,69697190.39999998
2025-08-01 11:17:33 AM,1327.0,10,13270.0,69710460.39999998
2025-08-01 11:17:35 AM,1327.2,0,0.0,69710460.39999998
2025-08-01 11:17:35 AM,1327.2,25,33180.0,69743640.39999998
2025-08-01 11:17:38 AM,1326.4,8,10611.2,69754251.59999998
2025-08-01 11:17:53 AM,1327.2,0,0.0,69754251.59999998
2025-08-01 11:17:54 AM,1327.2,1,1327.2,69755578.79999998
2025-08-01 11:18:18 AM,1326.4,3,3979.2000000000003,69759557.99999999
2025-08-01 11:18:45 AM,1325.9,100,132590.0,69892147.99999999
2025-08-01 11:18:48 AM,1326.1,0,0.0,69892147.99999999
2025-08-01 11:18:50 AM,1326.1,7,9282.699999999999,69901430.69999999
2025-08-01 11:18:54 AM,1330.0,0,0.0,69901430.69999999
2025-08-01 11:18:56 AM,1330.0,380,505400.0,70406830.69999999
2025-08-01 11:18:58 AM,1330.7,0,0.0,70406830.69999999
2025-08-01 11:19:02 AM,1330.7,92,122424.40000000001,70529255.1
2025-08-01 11:19:07 AM,1330.7,7,9314.9,70538570.0
2025-08-01 11:19:18 AM,1330.5,0,0.0,70538570.0
2025-08-01 11:19:19 AM,1330.5,70,93135.0,70631705.0
2025-08-01 11:19:24 AM,1330.9,0,0.0,70631705.0
2025-08-01 11:19:24 AM,1330.9,2,2661.8,70634366.8
2025-08-01 11:19:31 AM,1331.0,0,0.0,70634366.8
2025-08-01 11:19:33 AM,1330.5,0,0.0,70634366.8
2025-08-01 11:19:35 AM,1329.1,159,211326.9,70845693.7
2025-08-01 11:19:40 AM,1329.1,10,13291.0,70858984.7
2025-08-01 11:20:07 AM,1329.1,3,3987.2999999999997,70862972.0
2025-08-01 11:20:39 AM,1328.7,0,0.0,70862972.0
2025-08-01 11:20:44 AM,1328.7,8,10629.6,70873601.6
2025-08-01 11:21:31 AM,1329.1,2,2658.2,70876259.8
2025-08-01 11:21:59 AM,1328.1,0,0.0,70876259.8
2025-08-01 11:22:01 AM,1328.1,86,114216.59999999999,70990476.39999999
2025-08-01 11:22:16 AM,1329.0,0,0.0,70990476.39999999
2025-08-01 11:22:18 AM,1329.0,106,140874.0,71131350.39999999
2025-08-01 11:22:18 AM,1329.0,1,1329.0,71132679.39999999
2025-08-01 11:22:34 AM,1328.8,1,1328.8,71134008.19999999
2025-08-01 11:22:39 AM,1328.8,3,3986.3999999999996,71137994.6
2025-08-01 11:22:46 AM,1328.3,0,0.0,71137994.6
2025-08-01 11:22:50 AM,1328.3,1,1328.3,71139322.89999999
2025-08-01 11:22:53 AM,1328.8,0,0.0,71139322.89999999
2025-08-01 11:22:55 AM,1328.8,3,3986.3999999999996,71143309.3
2025-08-01 11:22:59 AM,1328.5,0,0.0,71143309.3
2025-08-01 11:23:00 AM,1328.5,4,5314.0,71148623.3
2025-08-01 11:23:10 AM,1328.5,131,174033.5,71322656.8
2025-08-01 11:23:13 AM,1328.4,0,0.0,71322656.8
2025-08-01 11:23:16 AM,1328.4,21,27896.4,71350553.2
2025-08-01 11:23:19 AM,1328.5,0,0.0,71350553.2
2025-08-01 11:23:21 AM,1328.5,12,15942.0,71366495.2
2025-08-01 11:23:26 AM,1328.5,2,2657.0,71369152.2
2025-08-01 11:23:37 AM,1328.5,92,122222.0,71491374.2
2025-08-01 11:23:57 AM,1328.5,25,33212.5,71524586.7
2025-08-01 11:24:07 AM,1328.8,0,0.0,71524586.7
2025-08-01 11:24:11 AM,1328.8,7,9301.6,71533888.3
2025-08-01 11:24:16 AM,1328.3,0,0.0,71533888.3
2025-08-01 11:24:17 AM,1328.3,8,10626.4,71544514.7
2025-08-01 11:24:31 AM,1328.7,0,0.0,71544514.7
2025-08-01 11:24:33 AM,1328.7,1,1328.7,71545843.4
2025-08-01 11:24:35 AM,1328.0,0,0.0,71545843.4
2025-08-01 11:24:38 AM,1328.0,5,6640.0,71552483.4
2025-08-01 11:24:44 AM,1328.0,3,3984.0,71556467.4
2025-08-01 11:24:54 AM,1328.0,10,13280.0,71569747.4
2025-08-01 11:25:00 AM,1328.0,2,2656.0,71572403.4
2025-08-01 11:25:09 AM,1327.7,0,0.0,71572403.4
2025-08-01 11:25:10 AM,1327.7,8,10621.6,71583025.0
2025-08-01 11:25:20 AM,1327.6,4,5310.4,71588335.4
2025-08-01 11:25:41 AM,1327.6,6,7965.599999999999,71596301.0
2025-08-01 11:25:49 AM,1327.5,0,0.0,71596301.0
2025-08-01 11:25:52 AM,1327.5,3,3982.5,71600283.5
2025-08-01 11:25:54 AM,1327.7,0,0.0,71600283.5
2025-08-01 11:25:57 AM,1327.7,2,2655.4,71602938.9
2025-08-01 11:26:02 AM,1327.5,3,3982.5,71606921.4
2025-08-01 11:26:06 AM,1327.4,0,0.0,71606921.4
2025-08-01 11:26:07 AM,1327.4,33,43804.200000000004,71650725.60000001
2025-08-01 11:26:09 AM,1327.5,0,0.0,71650725.60000001
2025-08-01 11:26:12 AM,1327.5,2,2655.0,71653380.60000001
2025-08-01 11:26:23 AM,1327.5,23,30532.5,71683913.10000001
2025-08-01 11:26:28 AM,1327.2,4,5308.8,71689221.9
2025-08-01 11:26:44 AM,1327.5,1,1327.5,71690549.4
2025-08-01 11:26:48 AM,1327.5,1,1327.5,71691876.9
2025-08-01 11:26:58 AM,1327.5,3,3982.5,71695859.4
2025-08-01 11:27:03 AM,1327.5,1,1327.5,71697186.9
2025-08-01 11:27:34 AM,1327.5,1,1327.5,71698514.4
2025-08-01 11:27:49 AM,1327.2,0,0.0,71698514.4
2025-08-01 11:27:49 AM,1327.2,4,5308.8,71703823.2
2025-08-01 11:28:01 AM,1327.5,0,0.0,71703823.2
2025-08-01 11:28:02 AM,1327.5,7,9292.5,71713115.7
2025-08-01 11:28:04 AM,1327.1,0,0.0,71713115.7
2025-08-01 11:28:05 AM,1327.1,42,55738.2,71768853.9
2025-08-01 11:28:09 AM,1327.5,0,0.0,71768853.9
2025-08-01 11:28:10 AM,1327.5,2,2655.0,71771508.9
2025-08-01 11:28:24 AM,1326.9,0,0.0,71771508.9
2025-08-01 11:28:25 AM,1327.0,0,0.0,71771508.9
2025-08-01 11:28:26 AM,1327.0,136,180472.0,71951980.9
2025-08-01 11:28:41 AM,1327.0,1,1327.0,71953307.9
2025-08-01 11:28:57 AM,1327.2,0,0.0,71953307.9
2025-08-01 11:28:58 AM,1327.2,1,1327.2,71954635.10000001
2025-08-01 11:29:01 AM,1327.2,7,9290.4,71963925.50000001
2025-08-01 11:29:06 AM,1327.2,1,1327.2,71965252.70000002
2025-08-01 11:29:22 AM,1327.2,22,29198.4,71994451.10000002
2025-08-01 11:29:27 AM,1327.2,2,2654.4,71997105.50000003
2025-08-01 11:29:38 AM,1327.2,1,1327.2,71998432.70000003
2025-08-01 11:30:23 AM,1326.8,0,0.0,71998432.70000003
2025-08-01 11:30:25 AM,1326.8,5,6634.0,72005066.70000003
2025-08-01 11:30:27 AM,1326.9,1,1326.9,72006393.60000004
2025-08-01 11:30:34 AM,1326.7,0,0.0,72006393.60000004
2025-08-01 11:30:35 AM,1326.7,30,39801.0,72046194.60000004
2025-08-01 11:30:40 AM,1326.8,1,1326.8,72047521.40000004
2025-08-01 11:30:44 AM,1326.8,4,5307.2,72052828.60000004
2025-08-01 11:30:51 AM,1326.8,1,1326.8,72054155.40000004
2025-08-01 11:31:04 AM,1326.8,1,1326.8,72055482.20000003
2025-08-01 11:31:07 AM,1326.8,1,1326.8,72056809.00000003
2025-08-01 11:31:09 AM,1325.8,72,95457.59999999999,72152266.60000002
2025-08-01 11:31:10 AM,1326.3,0,0.0,72152266.60000002
2025-08-01 11:31:13 AM,1326.3,1,1326.3,72153592.90000002
2025-08-01 11:31:19 AM,1326.4,8,10611.2,72164204.10000002
2025-08-01 11:31:20 AM,1328.7,0,0.0,72164204.10000002
2025-08-01 11:31:23 AM,1329.4,959,1274894.6,73439098.70000002
2025-08-01 11:31:33 AM,1329.4,1,1329.4,73440428.10000002
2025-08-01 11:31:40 AM,1330.0,19,25270.0,73465698.10000002
2025-08-01 11:31:43 AM,1329.8,3,3989.3999999999996,73469687.50000003
2025-08-01 11:31:45 AM,1328.2,0,0.0,73469687.50000003
2025-08-01 11:31:45 AM,1328.2,407,540577.4,74010264.90000004
2025-08-01 11:31:46 AM,1329.4,0,0.0,74010264.90000004
2025-08-01 11:31:48 AM,1329.4,5,6647.0,74016911.90000004
2025-08-01 11:32:06 AM,1329.9,0,0.0,74016911.90000004
2025-08-01 11:32:09 AM,1329.8,0,0.0,74016911.90000004
2025-08-01 11:32:09 AM,1329.8,3,3989.3999999999996,74020901.30000004
2025-08-01 11:32:11 AM,1329.8,36,47872.799999999996,74068774.10000004
2025-08-01 11:32:16 AM,1329.8,3,3989.3999999999996,74072763.50000004
2025-08-01 11:32:20 AM,1329.8,2,2659.6,74075423.10000004
2025-08-01 11:32:22 AM,1329.8,1,1329.8,74076752.90000004
2025-08-01 11:32:23 AM,1330.2,0,0.0,74076752.90000004
2025-08-01 11:32:25 AM,1330.2,25,33255.0,74110007.90000004
2025-08-01 11:32:27 AM,1330.3,2,2660.6,74112668.50000003
2025-08-01 11:32:30 AM,1330.3,2,2660.6,74115329.10000002
2025-08-01 11:32:31 AM,1330.0,0,0.0,74115329.10000002
2025-08-01 11:32:32 AM,1329.6,40,53184.0,74168513.10000002
2025-08-01 11:33:02 AM,1329.6,3,3988.7999999999997,74172501.90000002
2025-08-01 11:33:27 AM,1329.6,1,1329.6,74173831.50000001
2025-08-01 11:34:17 AM,1329.0,0,0.0,74173831.50000001
2025-08-01 11:34:18 AM,1329.0,1,1329.0,74175160.50000001
2025-08-01 11:34:27 AM,1328.4,0,0.0,74175160.50000001
2025-08-01 11:34:28 AM,1328.4,1,1328.4,74176488.90000002
2025-08-01 11:34:30 AM,1329.5,0,0.0,74176488.90000002
2025-08-01 11:34:33 AM,1329.5,15,19942.5,74196431.40000002
2025-08-01 11:34:38 AM,1329.5,2,2659.0,74199090.40000002
2025-08-01 11:34:42 AM,1329.4,0,0.0,74199090.40000002
2025-08-01 11:34:44 AM,1329.4,1,1329.4,74200419.80000003
2025-08-01 11:34:56 AM,1329.6,0,0.0,74200419.80000003
2025-08-01 11:35:00 AM,1329.6,1,1329.6,74201749.40000002
2025-08-01 11:35:10 AM,1329.3,0,0.0,74201749.40000002
2025-08-01 11:35:10 AM,1329.3,4,5317.2,74207066.60000002
2025-08-01 11:35:19 AM,1329.2,0,0.0,74207066.60000002
2025-08-01 11:35:21 AM,1329.2,2,2658.4,74209725.00000003
2025-08-01 11:35:37 AM,1329.2,4,5316.8,74215041.80000003
2025-08-01 11:35:47 AM,1329.2,1,1329.2,74216371.00000003
2025-08-01 11:35:53 AM,1328.1,0,0.0,74216371.00000003
2025-08-01 11:35:55 AM,1329.2,0,0.0,74216371.00000003
2025-08-01 11:35:57 AM,1329.2,155,206026.0,74422397.00000003
2025-08-01 11:36:06 AM,1329.6,0,0.0,74422397.00000003
2025-08-01 11:36:08 AM,1329.0,314,417306.0,74839703.00000003
2025-08-01 11:36:13 AM,1329.0,31,41199.0,74880902.00000003
2025-08-01 11:36:15 AM,1327.6,0,0.0,74880902.00000003
2025-08-01 11:36:18 AM,1327.6,80,106208.0,74987110.00000003
2025-08-01 11:36:20 AM,1327.8,0,0.0,74987110.00000003
2025-08-01 11:36:23 AM,1327.8,2,2655.6,74989765.60000002
2025-08-01 11:36:32 AM,1327.3,0,0.0,74989765.60000002
2025-08-01 11:36:33 AM,1327.3,82,108838.59999999999,75098604.20000002
2025-08-01 11:36:46 AM,1327.8,0,0.0,75098604.20000002
2025-08-01 11:36:49 AM,1327.8,1,1327.8,75099932.00000001
2025-08-01 11:36:59 AM,1327.3,0,0.0,75099932.00000001
2025-08-01 11:37:00 AM,1327.3,29,38491.7,75138423.70000002
2025-08-01 11:37:10 AM,1328.0,0,0.0,75138423.70000002
2025-08-01 11:37:10 AM,1328.0,3,3984.0,75142407.70000002
2025-08-01 11:37:16 AM,1328.0,3,3984.0,75146391.70000002
2025-08-01 11:37:20 AM,1327.3,0,0.0,75146391.70000002
2025-08-01 11:37:21 AM,1327.3,1,1327.3,75147719.00000001
2025-08-01 11:37:28 AM,1328.1,0,0.0,75147719.00000001
2025-08-01 11:37:31 AM,1328.6,13,17271.8,75164990.80000001
2025-08-01 11:37:37 AM,1328.6,2,2657.2,75167648.00000001
2025-08-01 11:37:42 AM,1328.6,12,15943.199999999999,75183591.20000002
2025-08-01 11:37:47 AM,1328.6,1,1328.6,75184919.80000001
2025-08-01 11:37:52 AM,1328.6,1,1328.6,75186248.4
2025-08-01 11:38:55 AM,1327.5,0,0.0,75186248.4
2025-08-01 11:38:58 AM,1327.5,10,13275.0,75199523.4
2025-08-01 11:39:28 AM,1328.6,0,0.0,75199523.4
2025-08-01 11:39:29 AM,1328.6,25,33215.0,75232738.4
2025-08-01 11:39:30 AM,1328.5,0,0.0,75232738.4
2025-08-01 11:39:32 AM,1328.5,1,1328.5,75234066.9
2025-08-01 11:39:34 AM,1328.4,0,0.0,75234066.9
2025-08-01 11:39:34 AM,1328.4,3,3985.2000000000003,75238052.10000001
2025-08-01 11:39:41 AM,1328.0,0,0.0,75238052.10000001
2025-08-01 11:39:44 AM,1328.0,1,1328.0,75239380.10000001
2025-08-01 11:39:46 AM,1327.3,6,7963.799999999999,75247343.9
2025-08-01 11:40:05 AM,1327.3,3,3981.8999999999996,75251325.80000001
2025-08-01 11:40:10 AM,1327.3,2,2654.6,75253980.4
2025-08-01 11:40:11 AM,1326.6,0,0.0,75253980.4
2025-08-01 11:40:11 AM,1326.6,1,1326.6,75255307.0
2025-08-01 11:40:44 AM,1327.3,0,0.0,75255307.0
2025-08-01 11:40:46 AM,1327.3,4,5309.2,75260616.2
2025-08-01 11:41:01 AM,1326.3,25,33157.5,75293773.7
2025-08-01 11:41:07 AM,1327.3,5,6636.5,75300410.2
2025-08-01 11:41:11 AM,1327.2,3,3981.6000000000004,75304391.8
2025-08-01 11:41:14 AM,1327.3,0,0.0,75304391.8
2025-08-01 11:41:16 AM,1327.3,6,7963.799999999999,75312355.6
2025-08-01 11:41:31 AM,1326.2,0,0.0,75312355.6
2025-08-01 11:41:31 AM,1326.2,44,58352.8,75370708.39999999
2025-08-01 11:41:33 AM,1327.3,0,0.0,75370708.39999999
2025-08-01 11:41:36 AM,1327.3,7,9291.1,75379999.49999999
2025-08-01 11:41:41 AM,1327.3,1,1327.3,75381326.79999998
2025-08-01 11:41:46 AM,1327.3,1,1327.3,75382654.09999998
2025-08-01 11:41:50 AM,1326.5,0,0.0,75382654.09999998
2025-08-01 11:41:52 AM,1326.5,30,39795.0,75422449.09999998
2025-08-01 11:41:54 AM,1327.3,0,0.0,75422449.09999998
2025-08-01 11:41:57 AM,1327.3,5,6636.5,75429085.59999998
2025-08-01 11:42:01 AM,1326.4,0,0.0,75429085.59999998
2025-08-01 11:42:02 AM,1326.4,2,2652.8,75431738.39999998
2025-08-01 11:42:04 AM,1327.3,0,0.0,75431738.39999998
2025-08-01 11:42:07 AM,1327.3,1,1327.3,75433065.69999997
2025-08-01 11:42:12 AM,1327.3,1,1327.3,75434392.99999997
2025-08-01 11:42:15 AM,1326.7,0,0.0,75434392.99999997
2025-08-01 11:42:17 AM,1326.7,1,1326.7,75435719.69999997
2025-08-01 11:42:26 AM,1326.4,0,0.0,75435719.69999997
2025-08-01 11:42:27 AM,1326.4,1,1326.4,75437046.09999998
2025-08-01 11:43:04 AM,1326.0,1,1326.0,75438372.09999998
2025-08-01 11:43:24 AM,1326.7,0,0.0,75438372.09999998
2025-08-01 11:43:26 AM,1326.7,3,3980.1000000000004,75442352.19999997
2025-08-01 11:43:31 AM,1326.7,1,1326.7,75443678.89999998
2025-08-01 11:43:32 AM,1326.7,10,13267.0,75456945.89999998
2025-08-01 11:43:37 AM,1325.9,9,11933.1,75468878.99999997
2025-08-01 11:43:44 AM,1325.6,0,0.0,75468878.99999997
2025-08-01 11:43:47 AM,1325.6,10,13256.0,75482134.99999997
2025-08-01 11:44:00 AM,1326.5,0,0.0,75482134.99999997
2025-08-01 11:44:02 AM,1326.5,2,2653.0,75484787.99999997
2025-08-01 11:44:08 AM,1326.5,1,1326.5,75486114.49999997
2025-08-01 11:44:14 AM,1326.5,1,1326.5,75487440.99999997
2025-08-01 11:44:28 AM,1326.1,0,0.0,75487440.99999997
2025-08-01 11:44:32 AM,1326.1,1,1326.1,75488767.09999996
2025-08-01 11:44:37 AM,1325.4,0,0.0,75488767.09999996
2025-08-01 11:44:37 AM,1325.4,94,124587.6,75613354.69999996
2025-08-01 11:44:40 AM,1326.0,0,0.0,75613354.69999996
2025-08-01 11:44:43 AM,1326.0,5,6630.0,75619984.69999996
2025-08-01 11:44:48 AM,1325.4,100,132540.0,75752524.69999996
2025-08-01 11:45:01 AM,1326.4,0,0.0,75752524.69999996
2025-08-01 11:45:04 AM,1326.4,19,25201.600000000002,75777726.29999995
2025-08-01 11:45:04 AM,1326.3,0,0.0,75777726.29999995
2025-08-01 11:45:10 AM,1326.3,1,1326.3,75779052.59999995
2025-08-01 11:45:12 AM,1326.4,0,0.0,75779052.59999995
2025-08-01 11:45:15 AM,1326.4,7,9284.800000000001,75788337.39999995
2025-08-01 11:45:20 AM,1326.4,2,2652.8,75790990.19999994
2025-08-01 11:45:25 AM,1326.4,1,1326.4,75792316.59999995
2025-08-01 11:45:47 AM,1326.4,15,19896.0,75812212.59999995
2025-08-01 11:45:52 AM,1326.4,1,1326.4,75813538.99999996
2025-08-01 11:45:55 AM,1325.6,0,0.0,75813538.99999996
2025-08-01 11:45:58 AM,1325.6,1,1325.6,75814864.59999995
2025-08-01 11:46:02 AM,1325.4,0,0.0,75814864.59999995
2025-08-01 11:46:03 AM,1325.4,2,2650.8,75817515.39999995
2025-08-01 11:46:06 AM,1326.4,0,0.0,75817515.39999995
2025-08-01 11:46:08 AM,1326.4,7,9284.800000000001,75826800.19999994
2025-08-01 11:46:41 AM,1326.4,1,1326.4,75828126.59999995
2025-08-01 11:47:26 AM,1325.8,0,0.0,75828126.59999995
2025-08-01 11:47:27 AM,1325.8,3,3977.3999999999996,75832103.99999996
2025-08-01 11:47:29 AM,1326.4,0,0.0,75832103.99999996
2025-08-01 11:47:31 AM,1325.2,0,0.0,75832103.99999996
2025-08-01 11:47:32 AM,1325.2,101,133845.2,75965949.19999996
2025-08-01 11:47:50 AM,1326.0,0,0.0,75965949.19999996
2025-08-01 11:47:52 AM,1326.0,16,21216.0,75987165.19999996
2025-08-01 11:47:58 AM,1326.0,8,10608.0,75997773.19999996
2025-08-01 11:48:03 AM,1326.0,3,3978.0,76001751.19999996
2025-08-01 11:48:08 AM,1326.0,1,1326.0,76003077.19999996
2025-08-01 11:48:12 AM,1325.0,0,0.0,76003077.19999996
2025-08-01 11:48:13 AM,1325.0,89,117925.0,76121002.19999996
2025-08-01 11:48:34 AM,1325.4,0,0.0,76121002.19999996
2025-08-01 11:48:38 AM,1325.4,2,2650.8,76123652.99999996
2025-08-01 11:48:48 AM,1325.4,12,15904.800000000001,76139557.79999995
2025-08-01 11:48:55 AM,1325.9,0,0.0,76139557.79999995
2025-08-01 11:48:58 AM,1325.9,2,2651.8,76142209.59999995
2025-08-01 11:48:59 AM,1325.1,0,0.0,76142209.59999995
2025-08-01 11:49:03 AM,1325.1,10,13251.0,76155460.59999995
2025-08-01 11:49:05 AM,1325.9,0,0.0,76155460.59999995
2025-08-01 11:49:08 AM,1325.9,2,2651.8,76158112.39999995
2025-08-01 11:49:14 AM,1325.9,1,1325.9,76159438.29999995
2025-08-01 11:49:18 AM,1325.4,0,0.0,76159438.29999995
2025-08-01 11:49:19 AM,1325.4,1,1325.4,76160763.69999996
2025-08-01 11:50:10 AM,1325.5,0,0.0,76160763.69999996
2025-08-01 11:50:11 AM,1325.5,91,120620.5,76281384.19999996
2025-08-01 11:50:11 AM,1325.6,8,10604.8,76291988.99999996
2025-08-01 11:50:19 AM,1325.9,0,0.0,76291988.99999996
2025-08-01 11:50:22 AM,1325.9,4,5303.6,76297292.59999995
2025-08-01 11:50:27 AM,1325.9,8,10607.2,76307899.79999995
2025-08-01 11:50:31 AM,1325.4,0,0.0,76307899.79999995
2025-08-01 11:50:32 AM,1325.4,18,23857.2,76331756.99999996
2025-08-01 11:50:36 AM,1325.9,0,0.0,76331756.99999996
2025-08-01 11:50:37 AM,1325.9,9,11933.1,76343690.09999995
2025-08-01 11:50:42 AM,1325.9,1,1325.9,76345015.99999996
2025-08-01 11:50:51 AM,1325.9,2,2651.8,76347667.79999995
2025-08-01 11:50:56 AM,1325.9,1,1325.9,76348993.69999996
2025-08-01 11:51:07 AM,1325.8,0,0.0,76348993.69999996
2025-08-01 11:51:11 AM,1325.8,1,1325.8,76350319.49999996
2025-08-01 11:51:16 AM,1325.8,6,7954.799999999999,76358274.29999995
2025-08-01 11:51:39 AM,1325.3,0,0.0,76358274.29999995
2025-08-01 11:51:41 AM,1325.3,2,2650.6,76360924.89999995
2025-08-01 11:52:11 AM,1326.0,153,202878.0,76563802.89999995
2025-08-01 11:52:13 AM,1326.1,0,0.0,76563802.89999995
2025-08-01 11:52:16 AM,1326.1,46,61000.6,76624803.49999994
2025-08-01 11:52:33 AM,1326.8,0,0.0,76624803.49999994
2025-08-01 11:52:36 AM,1326.8,5,6634.0,76631437.49999994
2025-08-01 11:52:37 AM,1325.7,190,251883.0,76883320.49999994
2025-08-01 11:52:42 AM,1326.4,2,2652.8,76885973.29999994
2025-08-01 11:52:44 AM,1326.0,0,0.0,76885973.29999994
2025-08-01 11:52:46 AM,1326.0,49,64974.0,76950947.29999994
2025-08-01 11:53:20 AM,1326.8,0,0.0,76950947.29999994
2025-08-01 11:53:22 AM,1326.8,1,1326.8,76952274.09999993
2025-08-01 11:53:23 AM,1326.8,7,9287.6,76961561.69999993
2025-08-01 11:53:26 AM,1327.0,0,0.0,76961561.69999993
2025-08-01 11:53:27 AM,1327.0,396,525492.0,77487053.69999993
2025-08-01 11:53:31 AM,1327.7,0,0.0,77487053.69999993
2025-08-01 11:53:32 AM,1327.7,10,13277.0,77500330.69999993
2025-08-01 11:53:33 AM,1327.8,2,2655.6,77502986.29999992
2025-08-01 11:53:36 AM,1328.3,0,0.0,77502986.29999992
2025-08-01 11:53:37 AM,1328.3,260,345358.0,77848344.29999992
2025-08-01 11:53:38 AM,1328.3,15,19924.5,77868268.79999992
2025-08-01 11:53:42 AM,1328.0,0,0.0,77868268.79999992
2025-08-01 11:53:42 AM,1328.0,36,47808.0,77916076.79999992
2025-08-01 11:53:47 AM,1328.0,4,5312.0,77921388.79999992
2025-08-01 11:53:50 AM,1328.1,0,0.0,77921388.79999992
2025-08-01 11:53:52 AM,1328.1,2,2656.2,77924044.99999993
2025-08-01 11:54:31 AM,1327.9,0,0.0,77924044.99999993
2025-08-01 11:54:34 AM,1327.9,8,10623.2,77934668.19999993
2025-08-01 11:55:11 AM,1326.8,0,0.0,77934668.19999993
2025-08-01 11:55:14 AM,1326.8,80,106144.0,78040812.19999993
2025-08-01 11:55:24 AM,1326.8,18,23882.399999999998,78064694.59999993
2025-08-01 11:55:26 AM,1327.9,0,0.0,78064694.59999993
2025-08-01 11:55:28 AM,1327.6,0,0.0,78064694.59999993
2025-08-01 11:55:29 AM,1327.6,16,21241.6,78085936.19999993
2025-08-01 11:55:30 AM,1327.7,1,1327.7,78087263.89999993
2025-08-01 11:55:32 AM,1327.8,0,0.0,78087263.89999993
2025-08-01 11:55:34 AM,1327.8,11,14605.8,78101869.69999993
2025-08-01 11:55:39 AM,1327.8,1,1327.8,78103197.49999993
2025-08-01 11:55:44 AM,1327.8,8,10622.4,78113819.89999993
2025-08-01 11:55:48 AM,1327.8,1,1327.8,78115147.69999993
2025-08-01 11:56:14 AM,1327.8,1,1327.8,78116475.49999993
2025-08-01 11:56:29 AM,1327.8,16,21244.8,78137720.29999992
2025-08-01 11:56:34 AM,1327.5,0,0.0,78137720.29999992
2025-08-01 11:56:34 AM,1327.5,5,6637.5,78144357.79999992
2025-08-01 11:57:16 AM,1327.4,1,1327.4,78145685.19999993
2025-08-01 11:57:23 AM,1326.6,0,0.0,78145685.19999993
2025-08-01 11:57:24 AM,1326.6,1,1326.6,78147011.79999992
2025-08-01 11:57:29 AM,1327.4,0,0.0,78147011.79999992
2025-08-01 11:57:29 AM,1327.4,21,27875.4,78174887.19999993
2025-08-01 11:57:34 AM,1327.3,0,0.0,78174887.19999993
2025-08-01 11:57:34 AM,1327.3,5,6636.5,78181523.69999993
2025-08-01 11:57:39 AM,1327.3,1,1327.3,78182850.99999993
2025-08-01 11:57:46 AM,1327.3,1,1327.3,78184178.29999992
2025-08-01 11:58:22 AM,1327.3,1,1327.3,78185505.59999992
2025-08-01 11:58:48 AM,1326.3,20,26526.0,78212031.59999992
2025-08-01 11:58:51 AM,1327.3,0,0.0,78212031.59999992
2025-08-01 11:58:53 AM,1327.3,5,6636.5,78218668.09999992
2025-08-01 11:59:00 AM,1327.3,1,1327.3,78219995.39999992
2025-08-01 12:00:00 PM,1327.3,1,1327.3,78221322.69999991
2025-08-01 12:00:02 PM,1327.3,3,3981.8999999999996,78225304.59999992
2025-08-01 12:00:03 PM,1326.9,0,0.0,78225304.59999992
2025-08-01 12:00:06 PM,1326.9,3,3980.7000000000003,78229285.29999992
2025-08-01 12:00:11 PM,1326.9,4,5307.6,78234592.89999992
2025-08-01 12:00:13 PM,1326.9,24,31845.600000000002,78266438.49999991
2025-08-01 12:00:16 PM,1326.9,4,5307.6,78271746.0999999
2025-08-01 12:00:18 PM,1326.9,32,42460.8,78314206.8999999
2025-08-01 12:00:22 PM,1326.9,1,1326.9,78315533.79999991
2025-08-01 12:00:23 PM,1327.3,0,0.0,78315533.79999991
2025-08-01 12:00:23 PM,1327.3,1,1327.3,78316861.0999999
2025-08-01 12:00:27 PM,1327.3,1,1327.3,78318188.3999999
2025-08-01 12:00:31 PM,1326.1,0,0.0,78318188.3999999
2025-08-01 12:00:32 PM,1326.1,88,116696.79999999999,78434885.1999999
2025-08-01 12:01:44 PM,1327.3,4,5309.2,78440194.3999999
2025-08-01 12:01:46 PM,1327.3,9,11945.699999999999,78452140.0999999
2025-08-01 12:01:48 PM,1327.7,0,0.0,78452140.0999999
2025-08-01 12:01:49 PM,1327.7,38,50452.6,78502592.6999999
2025-08-01 12:01:49 PM,1327.4,0,0.0,78502592.6999999
2025-08-01 12:01:51 PM,1327.3,7,9291.1,78511883.7999999
2025-08-01 12:02:07 PM,1326.7,0,0.0,78511883.7999999
2025-08-01 12:02:07 PM,1326.7,8,10613.6,78522497.39999989
2025-08-01 12:02:08 PM,1326.2,0,0.0,78522497.39999989
2025-08-01 12:02:10 PM,1326.2,20,26524.0,78549021.39999989
2025-08-01 12:02:12 PM,1326.9,0,0.0,78549021.39999989
2025-08-01 12:02:13 PM,1326.9,1,1326.9,78550348.2999999
2025-08-01 12:02:15 PM,1326.9,2,2653.8,78553002.09999989
2025-08-01 12:02:17 PM,1327.4,0,0.0,78553002.09999989
2025-08-01 12:02:18 PM,1327.4,1,1327.4,78554329.4999999
2025-08-01 12:02:23 PM,1327.4,1,1327.4,78555656.8999999
2025-08-01 12:02:43 PM,1325.5,200,265100.0,78820756.8999999
2025-08-01 12:02:49 PM,1326.1,0,0.0,78820756.8999999
2025-08-01 12:02:50 PM,1326.1,18,23869.8,78844626.6999999
2025-08-01 12:02:53 PM,1326.1,36,47739.6,78892366.2999999
2025-08-01 12:02:55 PM,1326.1,5,6630.5,78898996.7999999
2025-08-01 12:02:58 PM,1326.1,4,5304.4,78904301.1999999
2025-08-01 12:03:07 PM,1325.7,0,0.0,78904301.1999999
2025-08-01 12:03:08 PM,1325.7,1,1325.7,78905626.8999999
2025-08-01 12:03:18 PM,1326.1,0,0.0,78905626.8999999
2025-08-01 12:03:20 PM,1326.1,4,5304.4,78910931.29999991
2025-08-01 12:03:25 PM,1326.1,1,1326.1,78912257.3999999
2025-08-01 12:03:28 PM,1326.1,1,1326.1,78913583.4999999
2025-08-01 12:03:43 PM,1326.1,3,3978.2999999999997,78917561.7999999
2025-08-01 12:03:45 PM,1326.1,1,1326.1,78918887.89999989
2025-08-01 12:04:08 PM,1325.0,0,0.0,78918887.89999989
2025-08-01 12:04:09 PM,1325.0,200,265000.0,79183887.89999989
2025-08-01 12:04:14 PM,1326.0,6,7956.0,79191843.89999989
2025-08-01 12:04:19 PM,1326.0,20,26520.0,79218363.89999989
2025-08-01 12:04:24 PM,1326.0,2,2652.0,79221015.89999989
2025-08-01 12:04:28 PM,1326.0,4,5304.0,79226319.89999989
2025-08-01 12:04:29 PM,1326.0,1,1326.0,79227645.89999989
2025-08-01 12:04:32 PM,1325.3,0,0.0,79227645.89999989
2025-08-01 12:04:33 PM,1325.3,1,1325.3,79228971.19999988
2025-08-01 12:04:35 PM,1326.0,0,0.0,79228971.19999988
2025-08-01 12:04:38 PM,1326.0,1,1326.0,79230297.19999988
2025-08-01 12:05:09 PM,1326.0,43,57018.0,79287315.19999988
2025-08-01 12:05:14 PM,1326.0,10,13260.0,79300575.19999988
2025-08-01 12:05:15 PM,1326.0,43,57018.0,79357593.19999988
2025-08-01 12:05:17 PM,1326.6,0,0.0,79357593.19999988
2025-08-01 12:05:19 PM,1326.9,92,122074.8,79479667.99999988
2025-08-01 12:05:29 PM,1327.3,0,0.0,79479667.99999988
2025-08-01 12:05:30 PM,1329.2,189,251218.80000000002,79730886.79999988
2025-08-01 12:05:31 PM,1329.3,0,0.0,79730886.79999988
2025-08-01 12:05:34 PM,1329.3,8,10634.4,79741521.19999988
2025-08-01 12:05:36 PM,1329.4,0,0.0,79741521.19999988
2025-08-01 12:05:38 PM,1329.4,73,97046.20000000001,79838567.39999989
2025-08-01 12:05:39 PM,1329.4,9,11964.6,79850531.99999988
2025-08-01 12:05:42 PM,1330.0,0,0.0,79850531.99999988
2025-08-01 12:05:44 PM,1330.0,312,414960.0,80265491.99999988
2025-08-01 12:05:45 PM,1330.9,0,0.0,80265491.99999988
2025-08-01 12:05:49 PM,1330.9,1,1330.9,80266822.89999989
2025-08-01 12:05:52 PM,1331.3,0,0.0,80266822.89999989
2025-08-01 12:05:54 PM,1331.3,119,158424.69999999998,80425247.59999989
2025-08-01 12:05:59 PM,1331.3,1,1331.3,80426578.89999989
2025-08-01 12:06:03 PM,1330.8,0,0.0,80426578.89999989
2025-08-01 12:06:04 PM,1330.8,156,207604.8,80634183.69999988
2025-08-01 12:06:06 PM,1331.3,0,0.0,80634183.69999988
2025-08-01 12:06:09 PM,1331.1,0,0.0,80634183.69999988
2025-08-01 12:06:09 PM,1331.1,41,54575.1,80688758.79999988
2025-08-01 12:06:14 PM,1331.8,4,5327.2,80694085.99999988
2025-08-01 12:06:19 PM,1332.0,10,13320.0,80707405.99999988
2025-08-01 12:06:28 PM,1332.0,12,15984.0,80723389.99999988
2025-08-01 12:06:31 PM,1331.9,0,0.0,80723389.99999988
2025-08-01 12:06:33 PM,1331.8,0,0.0,80723389.99999988
2025-08-01 12:06:33 PM,1331.8,140,186452.0,80909841.99999988
2025-08-01 12:06:39 PM,1332.3,1,1332.3,80911174.29999988
2025-08-01 12:06:52 PM,1333.2,0,0.0,80911174.29999988
2025-08-01 12:06:53 PM,1333.2,106,141319.2,81052493.49999988
2025-08-01 12:06:58 PM,1332.3,10,13323.0,81065816.49999988
2025-08-01 12:07:03 PM,1332.9,110,146619.0,81212435.49999988
2025-08-01 12:07:08 PM,1332.9,1,1332.9,81213768.39999989
2025-08-01 12:07:22 PM,1333.2,0,0.0,81213768.39999989
2025-08-01 12:07:22 PM,1333.0,0,0.0,81213768.39999989
2025-08-01 12:07:23 PM,1333.0,28,37324.0,81251092.39999989
2025-08-01 12:07:28 PM,1333.1,261,347939.1,81599031.49999988
2025-08-01 12:07:29 PM,1332.8,0,0.0,81599031.49999988
2025-08-01 12:07:33 PM,1332.8,3,3998.3999999999996,81603029.89999989
2025-08-01 12:07:42 PM,1332.9,0,0.0,81603029.89999989
2025-08-01 12:07:44 PM,1332.9,144,191937.6,81794967.49999988
2025-08-01 12:07:44 PM,1332.2,0,0.0,81794967.49999988
2025-08-01 12:07:44 PM,1332.2,100,133220.0,81928187.49999988
2025-08-01 12:07:46 PM,1333.5,0,0.0,81928187.49999988
2025-08-01 12:07:49 PM,1333.8,289,385468.2,82313655.69999988
2025-08-01 12:07:49 PM,1333.7,0,0.0,82313655.69999988
2025-08-01 12:07:50 PM,1333.6,0,0.0,82313655.69999988
2025-08-01 12:07:54 PM,1333.6,12,16003.199999999999,82329658.89999989
2025-08-01 12:08:01 PM,1333.7,0,0.0,82329658.89999989
2025-08-01 12:08:03 PM,1333.7,1,1333.7,82330992.59999989
2025-08-01 12:08:07 PM,1332.9,0,0.0,82330992.59999989
2025-08-01 12:08:08 PM,1332.0,0,0.0,82330992.59999989
2025-08-01 12:08:09 PM,1332.0,39,51948.0,82382940.59999989
2025-08-01 12:08:10 PM,1332.9,0,0.0,82382940.59999989
2025-08-01 12:08:14 PM,1333.8,101,134713.8,82517654.39999989
2025-08-01 12:08:15 PM,1334.0,0,0.0,82517654.39999989
2025-08-01 12:08:19 PM,1334.0,15,20010.0,82537664.39999989
2025-08-01 12:08:23 PM,1334.4,0,0.0,82537664.39999989
2025-08-01 12:08:23 PM,1334.0,0,0.0,82537664.39999989
2025-08-01 12:08:24 PM,1334.0,107,142738.0,82680402.39999989
2025-08-01 12:08:29 PM,1333.7,101,134703.7,82815106.09999989
2025-08-01 12:08:41 PM,1334.0,0,0.0,82815106.09999989
2025-08-01 12:08:44 PM,1334.0,20,26680.0,82841786.09999989
2025-08-01 12:08:49 PM,1334.0,3,4002.0,82845788.09999989
2025-08-01 12:08:49 PM,1334.2,0,0.0,82845788.09999989
2025-08-01 12:08:51 PM,1334.4,0,0.0,82845788.09999989
2025-08-01 12:08:53 PM,1334.4,7,9340.800000000001,82855128.89999989
2025-08-01 12:08:59 PM,1334.4,3,4003.2000000000003,82859132.09999989
2025-08-01 12:09:03 PM,1334.7,0,0.0,82859132.09999989
2025-08-01 12:09:04 PM,1334.7,11,14681.7,82873813.7999999
2025-08-01 12:09:09 PM,1334.7,12,16016.400000000001,82889830.1999999
2025-08-01 12:09:13 PM,1334.7,10,13347.0,82903177.1999999
2025-08-01 12:09:14 PM,1334.7,5,6673.5,82909850.6999999
2025-08-01 12:09:16 PM,1334.9,0,0.0,82909850.6999999
2025-08-01 12:09:18 PM,1334.9,799,1066585.1,83976435.7999999
2025-08-01 12:09:19 PM,1334.8,0,0.0,83976435.7999999
2025-08-01 12:09:20 PM,1335.3,0,0.0,83976435.7999999
2025-08-01 12:09:23 PM,1335.1,0,0.0,83976435.7999999
2025-08-01 12:09:23 PM,1335.1,13,17356.3,83993792.09999989
2025-08-01 12:09:24 PM,1335.0,9,12015.0,84005807.09999989
2025-08-01 12:09:28 PM,1335.0,80,106800.0,84112607.09999989
2025-08-01 12:09:38 PM,1335.0,1210,1615350.0,85727957.09999989
2025-08-01 12:09:43 PM,1335.0,122,162870.0,85890827.09999989
2025-08-01 12:09:48 PM,1335.0,8,10680.0,85901507.09999989
2025-08-01 12:09:49 PM,1334.9,0,0.0,85901507.09999989
2025-08-01 12:09:52 PM,1334.8,0,0.0,85901507.09999989
2025-08-01 12:09:53 PM,1334.8,8,10678.4,85912185.4999999
2025-08-01 12:09:56 PM,1334.9,0,0.0,85912185.4999999
2025-08-01 12:09:58 PM,1334.9,23,30702.7,85942888.1999999
2025-08-01 12:09:59 PM,1335.2,0,0.0,85942888.1999999
2025-08-01 12:10:03 PM,1335.2,1,1335.2,85944223.3999999
2025-08-01 12:10:21 PM,1333.8,0,0.0,85944223.3999999
2025-08-01 12:10:23 PM,1334.1,0,0.0,85944223.3999999
2025-08-01 12:10:24 PM,1334.1,45,60034.49999999999,86004257.8999999
2025-08-01 12:10:24 PM,1334.3,0,0.0,86004257.8999999
2025-08-01 12:10:24 PM,1334.3,8,10674.4,86014932.29999991
2025-08-01 12:10:28 PM,1334.1,0,0.0,86014932.29999991
2025-08-01 12:10:29 PM,1334.1,3,4002.2999999999997,86018934.5999999
2025-08-01 12:11:04 PM,1333.7,0,0.0,86018934.5999999
2025-08-01 12:11:08 PM,1333.7,1,1333.7,86020268.29999991
2025-08-01 12:11:13 PM,1333.7,1,1333.7,86021601.99999991
2025-08-01 12:11:15 PM,1333.6,0,0.0,86021601.99999991
2025-08-01 12:11:18 PM,1333.7,22,29341.4,86050943.39999992
2025-08-01 12:11:23 PM,1333.6,0,0.0,86050943.39999992
2025-08-01 12:11:23 PM,1333.6,2,2667.2,86053610.59999992
2025-08-01 12:11:39 PM,1332.6,0,0.0,86053610.59999992
2025-08-01 12:11:42 PM,1333.2,0,0.0,86053610.59999992
2025-08-01 12:11:43 PM,1333.2,6,7999.200000000001,86061609.79999992
2025-08-01 12:11:46 PM,1333.5,0,0.0,86061609.79999992
2025-08-01 12:11:48 PM,1333.5,1,1333.5,86062943.29999992
2025-08-01 12:12:06 PM,1332.3,0,0.0,86062943.29999992
2025-08-01 12:12:07 PM,1332.3,74,98590.2,86161533.49999993
2025-08-01 12:13:10 PM,1333.0,0,0.0,86161533.49999993
2025-08-01 12:13:13 PM,1333.0,9,11997.0,86173530.49999993
2025-08-01 12:13:18 PM,1333.0,1,1333.0,86174863.49999993
2025-08-01 12:13:20 PM,1333.4,0,0.0,86174863.49999993
2025-08-01 12:13:23 PM,1332.6,6,7995.599999999999,86182859.09999992
2025-08-01 12:13:32 PM,1332.6,195,259856.99999999997,86442716.09999992
2025-08-01 12:13:34 PM,1333.0,0,0.0,86442716.09999992
2025-08-01 12:13:38 PM,1333.0,21,27993.0,86470709.09999992
2025-08-01 12:13:42 PM,1334.0,0,0.0,86470709.09999992
2025-08-01 12:13:42 PM,1334.0,14,18676.0,86489385.09999992
2025-08-01 12:13:44 PM,1334.1,0,0.0,86489385.09999992
2025-08-01 12:13:47 PM,1334.1,18,24013.8,86513398.89999992
2025-08-01 12:13:53 PM,1334.1,2,2668.2,86516067.09999992
2025-08-01 12:13:58 PM,1334.5,0,0.0,86516067.09999992
2025-08-01 12:13:59 PM,1334.5,80,106760.0,86622827.09999992
2025-08-01 12:14:03 PM,1334.5,8,10676.0,86633503.09999992
2025-08-01 12:14:09 PM,1335.0,0,0.0,86633503.09999992
2025-08-01 12:14:12 PM,1335.0,108,144180.0,86777683.09999992
2025-08-01 12:14:17 PM,1335.0,11,14685.0,86792368.09999992
2025-08-01 12:14:20 PM,1334.9,0,0.0,86792368.09999992
2025-08-01 12:14:22 PM,1335.0,134,178890.0,86971258.09999992
2025-08-01 12:14:27 PM,1335.0,12,16020.0,86987278.09999992
2025-08-01 12:14:27 PM,1335.0,3,4005.0,86991283.09999992
2025-08-01 12:14:30 PM,1335.3,0,0.0,86991283.09999992
2025-08-01 12:14:32 PM,1334.6,47,62726.2,87054009.29999992
2025-08-01 12:14:34 PM,1334.3,0,0.0,87054009.29999992
2025-08-01 12:14:34 PM,1334.2,0,0.0,87054009.29999992
2025-08-01 12:14:36 PM,1334.5,0,0.0,87054009.29999992
2025-08-01 12:14:37 PM,1334.5,40,53380.0,87107389.29999992
2025-08-01 12:14:42 PM,1334.5,11,14679.5,87122068.79999992
2025-08-01 12:14:47 PM,1334.5,2,2669.0,87124737.79999992
2025-08-01 12:14:52 PM,1334.4,0,0.0,87124737.79999992
2025-08-01 12:14:53 PM,1334.4,2,2668.8,87127406.59999992
2025-08-01 12:15:01 PM,1334.0,0,0.0,87127406.59999992
2025-08-01 12:15:02 PM,1334.0,200,266800.0,87394206.59999992
2025-08-01 12:15:08 PM,1334.0,20,26680.0,87420886.59999992
2025-08-01 12:15:13 PM,1334.0,2,2668.0,87423554.59999992
2025-08-01 12:15:31 PM,1333.8,0,0.0,87423554.59999992
2025-08-01 12:15:33 PM,1333.8,1,1333.8,87424888.39999992
2025-08-01 12:15:36 PM,1332.6,0,0.0,87424888.39999992
2025-08-01 12:15:39 PM,1332.6,40,53304.0,87478192.39999992
2025-08-01 12:15:47 PM,1332.9,0,0.0,87478192.39999992
2025-08-01 12:15:49 PM,1332.9,2,2665.8,87480858.19999991
2025-08-01 12:16:31 PM,1333.9,0,0.0,87480858.19999991
2025-08-01 12:16:33 PM,1333.9,15,20008.5,87500866.69999991
2025-08-01 12:16:38 PM,1333.9,6,8003.400000000001,87508870.09999992
2025-08-01 12:16:57 PM,1333.8,1,1333.8,87510203.89999992
2025-08-01 12:17:00 PM,1334.0,0,0.0,87510203.89999992
2025-08-01 12:17:02 PM,1334.0,29,38686.0,87548889.89999992
2025-08-01 12:17:07 PM,1334.0,2,2668.0,87551557.89999992
2025-08-01 12:17:12 PM,1334.0,1,1334.0,87552891.89999992
2025-08-01 12:17:24 PM,1335.0,0,0.0,87552891.89999992
2025-08-01 12:17:27 PM,1334.4,201,268214.4,87821106.29999992
2025-08-01 12:17:41 PM,1334.3,0,0.0,87821106.29999992
2025-08-01 12:17:41 PM,1334.3,83,110746.9,87931853.19999993
2025-08-01 12:17:44 PM,1334.7,0,0.0,87931853.19999993
2025-08-01 12:17:46 PM,1334.7,2,2669.4,87934522.59999993
2025-08-01 12:17:51 PM,1333.1,5,6665.5,87941188.09999993
2025-08-01 12:17:54 PM,1334.2,0,0.0,87941188.09999993
2025-08-01 12:17:55 PM,1334.2,19,25349.8,87966537.89999993
2025-08-01 12:18:01 PM,1334.2,3,4002.6000000000004,87970540.49999993
2025-08-01 12:18:05 PM,1334.1,0,0.0,87970540.49999993
2025-08-01 12:18:06 PM,1334.1,20,26682.0,87997222.49999993
2025-08-01 12:18:22 PM,1334.2,0,0.0,87997222.49999993
2025-08-01 12:18:24 PM,1333.0,0,0.0,87997222.49999993
2025-08-01 12:18:25 PM,1333.0,127,169291.0,88166513.49999993
2025-08-01 12:18:29 PM,1334.6,0,0.0,88166513.49999993
2025-08-01 12:18:30 PM,1334.6,79,105433.4,88271946.89999993
2025-08-01 12:18:34 PM,1334.6,8,10676.8,88282623.69999993
2025-08-01 12:18:35 PM,1334.5,5,6672.5,88289296.19999993
2025-08-01 12:18:41 PM,1334.4,0,0.0,88289296.19999993
2025-08-01 12:18:42 PM,1334.3,0,0.0,88289296.19999993
2025-08-01 12:18:45 PM,1334.3,2,2668.6,88291964.79999992
2025-08-01 12:19:28 PM,1333.2,0,0.0,88291964.79999992
2025-08-01 12:19:31 PM,1333.2,1,1333.2,88293297.99999993
2025-08-01 12:19:36 PM,1333.2,10,13332.0,88306629.99999993
2025-08-01 12:19:40 PM,1333.2,1,1333.2,88307963.19999993
2025-08-01 12:19:45 PM,1333.2,10,13332.0,88321295.19999993
2025-08-01 12:19:48 PM,1333.0,0,0.0,88321295.19999993
2025-08-01 12:19:50 PM,1333.0,1,1333.0,88322628.19999993
2025-08-01 12:19:56 PM,1333.2,0,0.0,88322628.19999993
2025-08-01 12:20:01 PM,1333.2,2,2666.4,88325294.59999993
2025-08-01 12:20:06 PM,1333.2,2,2666.4,88327960.99999994
2025-08-01 12:20:17 PM,1333.2,1,1333.2,88329294.19999994
2025-08-01 12:20:19 PM,1332.7,0,0.0,88329294.19999994
2025-08-01 12:20:22 PM,1332.7,1,1332.7,88330626.89999995
2025-08-01 12:20:29 PM,1332.0,0,0.0,88330626.89999995
2025-08-01 12:20:33 PM,1332.0,167,222444.0,88553070.89999995
2025-08-01 12:20:33 PM,1332.4,0,0.0,88553070.89999995
2025-08-01 12:20:36 PM,1331.2,0,0.0,88553070.89999995
2025-08-01 12:20:38 PM,1331.2,269,358092.8,88911163.69999994
2025-08-01 12:20:47 PM,1331.9,0,0.0,88911163.69999994
2025-08-01 12:20:48 PM,1331.9,4,5327.6,88916491.29999994
2025-08-01 12:21:13 PM,1331.9,145,193125.5,89109616.79999994
2025-08-01 12:21:18 PM,1331.9,44,58603.600000000006,89168220.39999993
2025-08-01 12:21:21 PM,1333.1,0,0.0,89168220.39999993
2025-08-01 12:21:22 PM,1333.1,63,83985.29999999999,89252205.69999993
2025-08-01 12:21:27 PM,1333.1,9,11997.9,89264203.59999993
2025-08-01 12:21:32 PM,1333.1,1,1333.1,89265536.69999993
2025-08-01 12:21:41 PM,1333.1,34,45325.399999999994,89310862.09999993
2025-08-01 12:21:43 PM,1333.2,0,0.0,89310862.09999993
2025-08-01 12:21:46 PM,1333.2,65,86658.0,89397520.09999993
2025-08-01 12:21:52 PM,1334.0,1,1334.0,89398854.09999993
2025-08-01 12:21:54 PM,1333.2,0,0.0,89398854.09999993
2025-08-01 12:21:55 PM,1333.6,0,0.0,89398854.09999993
2025-08-01 12:21:56 PM,1333.6,41,54677.6,89453531.69999993
2025-08-01 12:22:04 PM,1334.0,0,0.0,89453531.69999993
2025-08-01 12:22:06 PM,1334.0,5,6670.0,89460201.69999993
