date,price,qty,trnvr,cum_trnvr
2025-08-01 09:15:06 AM,1249.0,539,673211.0,673211.0
2025-08-01 09:15:08 AM,1245.1,28,34862.799999999996,708073.8
2025-08-01 09:15:15 AM,1250.1,0,0.0,708073.8
2025-08-01 09:15:18 AM,1244.5,147,182941.5,891015.3
2025-08-01 09:15:23 AM,1239.6,0,0.0,891015.3
2025-08-01 09:15:27 AM,1239.6,246,304941.6,1195956.9
2025-08-01 09:15:30 AM,1244.6,0,0.0,1195956.9
2025-08-01 09:15:35 AM,1244.9,0,0.0,1195956.9
2025-08-01 09:15:36 AM,1244.9,15,18673.5,1214630.4
2025-08-01 09:15:37 AM,1240.1,34,42163.399999999994,1256793.7999999998
2025-08-01 09:15:43 AM,1240.4,0,0.0,1256793.7999999998
2025-08-01 09:15:44 AM,1240.4,166,205906.40000000002,1462700.1999999997
2025-08-01 09:15:48 AM,1238.2,0,0.0,1462700.1999999997
2025-08-01 09:15:52 AM,1238.2,248,307073.60000000003,1769773.7999999998
2025-08-01 09:16:02 AM,1234.1,237,292481.69999999995,2062255.4999999998
2025-08-01 09:16:04 AM,1232.3,0,0.0,2062255.4999999998
2025-08-01 09:16:09 AM,1227.7,238,292192.60000000003,2354448.0999999996
2025-08-01 09:16:12 AM,1226.4,0,0.0,2354448.0999999996
2025-08-01 09:16:17 AM,1224.8,73,89410.4,2443858.4999999995
2025-08-01 09:16:18 AM,1226.0,7,8582.0,2452440.4999999995
2025-08-01 09:16:25 AM,1230.5,10,12305.0,2464745.4999999995
2025-08-01 09:16:58 AM,1229.9,1,1229.9,2465975.3999999994
2025-08-01 09:16:59 AM,1226.4,84,103017.6,2568992.9999999995
2025-08-01 09:17:06 AM,1222.6,1169,1429219.4,3998212.3999999994
2025-08-01 09:17:08 AM,1227.6,145,178002.0,4176214.3999999994
2025-08-01 09:17:39 AM,1226.1,52,63757.2,4239971.6
2025-08-01 09:17:44 AM,1224.9,0,0.0,4239971.6
2025-08-01 09:17:48 AM,1224.9,26,31847.4,4271819.0
2025-08-01 09:18:10 AM,1227.2,0,0.0,4271819.0
2025-08-01 09:18:13 AM,1227.2,189,231940.80000000002,4503759.8
2025-08-01 09:18:24 AM,1224.9,0,0.0,4503759.8
2025-08-01 09:18:29 AM,1224.9,29,35522.100000000006,4539281.899999999
2025-08-01 09:19:04 AM,1227.0,0,0.0,4539281.899999999
2025-08-01 09:19:10 AM,1225.0,25,30625.0,4569906.899999999
2025-08-01 09:19:19 AM,1226.9,1,1226.9,4571133.8
2025-08-01 09:19:41 AM,1227.0,0,0.0,4571133.8
2025-08-01 09:19:42 AM,1227.0,100,122700.0,4693833.8
2025-08-01 09:20:14 AM,1226.6,10,12266.0,4706099.8
2025-08-01 09:20:19 AM,1226.9,0,0.0,4706099.8
2025-08-01 09:20:22 AM,1226.9,50,61345.00000000001,4767444.8
2025-08-01 09:20:45 AM,1225.3,2,2450.6,4769895.399999999
2025-08-01 09:20:58 AM,1225.2,0,0.0,4769895.399999999
2025-08-01 09:21:01 AM,1225.2,26,31855.2,4801750.6
2025-08-01 09:21:16 AM,1226.6,3,3679.7999999999997,4805430.399999999
2025-08-01 09:23:27 AM,1226.4,0,0.0,4805430.399999999
2025-08-01 09:23:28 AM,1226.4,10,12264.0,4817694.399999999
2025-08-01 09:23:34 AM,1225.0,102,124950.0,4942644.399999999
2025-08-01 09:23:40 AM,1224.2,0,0.0,4942644.399999999
2025-08-01 09:23:42 AM,1224.2,15,18363.0,4961007.399999999
2025-08-01 09:23:47 AM,1225.0,0,0.0,4961007.399999999
2025-08-01 09:23:49 AM,1225.0,5,6125.0,4967132.399999999
2025-08-01 09:23:51 AM,1223.2,11,13455.2,4980587.6
2025-08-01 09:23:57 AM,1224.4,10,12244.0,4992831.6
2025-08-01 09:24:20 AM,1224.9,107,131064.3,5123895.899999999
2025-08-01 09:24:50 AM,1224.9,10,12249.0,5136144.899999999
2025-08-01 09:25:04 AM,1225.1,0,0.0,5136144.899999999
2025-08-01 09:25:05 AM,1225.1,1,1225.1,5137369.999999999
2025-08-01 09:25:23 AM,1224.4,0,0.0,5137369.999999999
2025-08-01 09:25:27 AM,1224.4,26,31834.4,5169204.399999999
2025-08-01 09:25:41 AM,1224.9,0,0.0,5169204.399999999
2025-08-01 09:25:42 AM,1224.9,11,13473.900000000001,5182678.3
2025-08-01 09:25:46 AM,1225.1,0,0.0,5182678.3
2025-08-01 09:25:50 AM,1225.1,3,3675.2999999999997,5186353.6
2025-08-01 09:25:52 AM,1225.2,0,0.0,5186353.6
2025-08-01 09:25:58 AM,1224.1,4,4896.4,5191250.0
2025-08-01 09:27:28 AM,1223.8,1,1223.8,5192473.8
2025-08-01 09:27:38 AM,1222.9,0,0.0,5192473.8
2025-08-01 09:27:43 AM,1222.2,80,97776.0,5290249.8
2025-08-01 09:28:00 AM,1223.9,8,9791.2,5300041.0
2025-08-01 09:28:04 AM,1222.5,0,0.0,5300041.0
2025-08-01 09:28:07 AM,1222.5,1,1222.5,5301263.5
2025-08-01 09:28:12 AM,1222.0,0,0.0,5301263.5
2025-08-01 09:28:14 AM,1222.0,107,130754.0,5432017.5
2025-08-01 09:29:13 AM,1221.2,0,0.0,5432017.5
2025-08-01 09:29:15 AM,1221.2,5,6106.0,5438123.5
2025-08-01 09:29:59 AM,1220.0,0,0.0,5438123.5
2025-08-01 09:30:00 AM,1221.1,70,85477.0,5523600.5
2025-08-01 09:30:05 AM,1220.0,0,0.0,5523600.5
2025-08-01 09:30:08 AM,1221.2,60,73272.0,5596872.5
2025-08-01 09:30:20 AM,1221.1,0,0.0,5596872.5
2025-08-01 09:30:23 AM,1221.1,3,3663.2999999999997,5600535.8
2025-08-01 09:30:41 AM,1221.4,0,0.0,5600535.8
2025-08-01 09:30:45 AM,1221.4,49,59848.600000000006,5660384.399999999
2025-08-01 09:30:53 AM,1220.1,2,2440.2,5662824.6
2025-08-01 09:31:15 AM,1220.0,0,0.0,5662824.6
2025-08-01 09:31:15 AM,1220.0,28,34160.0,5696984.6
2025-08-01 09:31:50 AM,1220.0,80,97600.0,5794584.6
2025-08-01 09:31:57 AM,1220.0,1,1220.0,5795804.6
2025-08-01 09:32:31 AM,1221.1,0,0.0,5795804.6
2025-08-01 09:32:32 AM,1221.1,21,25643.1,5821447.699999999
2025-08-01 09:32:39 AM,1221.1,1,1221.1,5822668.799999999
2025-08-01 09:32:49 AM,1221.8,0,0.0,5822668.799999999
2025-08-01 09:32:53 AM,1221.8,12,14661.599999999999,5837330.3999999985
2025-08-01 09:33:00 AM,1221.8,38,46428.4,5883758.799999999
2025-08-01 09:33:22 AM,1222.9,0,0.0,5883758.799999999
2025-08-01 09:33:27 AM,1222.9,100,122290.00000000001,6006048.799999999
2025-08-01 09:33:47 AM,1223.0,0,0.0,6006048.799999999
2025-08-01 09:33:48 AM,1223.0,103,125969.0,6132017.799999999
2025-08-01 09:34:02 AM,1223.2,10,12232.0,6144249.799999999
2025-08-01 09:34:55 AM,1223.1,0,0.0,6144249.799999999
2025-08-01 09:34:57 AM,1224.1,0,0.0,6144249.799999999
2025-08-01 09:34:58 AM,1224.1,112,137099.19999999998,6281348.999999999
2025-08-01 09:35:26 AM,1223.4,4,4893.6,6286242.599999999
2025-08-01 09:36:00 AM,1224.8,1,1224.8,6287467.3999999985
2025-08-01 09:37:27 AM,1223.5,12,14682.0,6302149.3999999985
2025-08-01 09:37:39 AM,1223.1,0,0.0,6302149.3999999985
2025-08-01 09:37:41 AM,1223.1,118,144325.8,6446475.199999998
2025-08-01 09:38:06 AM,1222.0,0,0.0,6446475.199999998
2025-08-01 09:38:08 AM,1222.0,21,25662.0,6472137.199999998
2025-08-01 09:38:27 AM,1221.4,0,0.0,6472137.199999998
2025-08-01 09:38:28 AM,1221.4,13,15878.2,6488015.3999999985
2025-08-01 09:38:45 AM,1221.1,0,0.0,6488015.3999999985
2025-08-01 09:38:48 AM,1221.1,5,6105.5,6494120.8999999985
2025-08-01 09:39:22 AM,1221.1,50,61054.99999999999,6555175.8999999985
2025-08-01 09:39:41 AM,1221.1,5,6105.5,6561281.3999999985
2025-08-01 09:40:46 AM,1221.4,0,0.0,6561281.3999999985
2025-08-01 09:40:47 AM,1221.4,2,2442.8,6563724.199999998
2025-08-01 09:40:54 AM,1221.4,1,1221.4,6564945.599999999
2025-08-01 09:41:14 AM,1221.6,6,7329.599999999999,6572275.199999998
2025-08-01 09:41:21 AM,1221.6,1,1221.6,6573496.799999998
2025-08-01 09:41:54 AM,1221.5,98,119707.0,6693203.799999998
2025-08-01 09:43:05 AM,1221.5,30,36645.0,6729848.799999998
2025-08-01 09:43:25 AM,1220.5,0,0.0,6729848.799999998
2025-08-01 09:43:25 AM,1220.5,25,30512.5,6760361.299999998
2025-08-01 09:43:51 AM,1220.5,3,3661.5,6764022.799999998
2025-08-01 09:44:37 AM,1220.5,1,1220.5,6765243.299999998
2025-08-01 09:45:10 AM,1219.1,458,558347.7999999999,7323591.099999998
2025-08-01 09:45:40 AM,1217.7,0,0.0,7323591.099999998
2025-08-01 09:45:42 AM,1217.7,39,47490.3,7371081.399999998
2025-08-01 09:46:01 AM,1218.7,1,1218.7,7372300.099999998
2025-08-01 09:47:21 AM,1218.6,0,0.0,7372300.099999998
2025-08-01 09:47:24 AM,1218.6,26,31683.6,7403983.699999997
2025-08-01 09:47:31 AM,1217.8,0,0.0,7403983.699999997
2025-08-01 09:47:32 AM,1217.8,11,13395.8,7417379.499999997
2025-08-01 09:48:09 AM,1219.0,0,0.0,7417379.499999997
2025-08-01 09:48:10 AM,1219.0,10,12190.0,7429569.499999997
2025-08-01 09:48:42 AM,1219.0,3,3657.0,7433226.499999997
2025-08-01 09:49:01 AM,1219.0,12,14628.0,7447854.499999997
2025-08-01 09:49:54 AM,1219.0,40,48760.0,7496614.499999997
2025-08-01 09:50:49 AM,1218.4,0,0.0,7496614.499999997
2025-08-01 09:50:51 AM,1218.4,3,3655.2000000000003,7500269.699999997
2025-08-01 09:51:06 AM,1218.6,0,0.0,7500269.699999997
2025-08-01 09:51:07 AM,1218.6,3,3655.7999999999997,7503925.499999997
2025-08-01 09:51:11 AM,1220.4,0,0.0,7503925.499999997
2025-08-01 09:51:13 AM,1220.4,92,112276.8,7616202.299999997
2025-08-01 09:51:46 AM,1219.4,0,0.0,7616202.299999997
2025-08-01 09:51:47 AM,1219.4,55,67067.0,7683269.299999997
2025-08-01 09:51:53 AM,1219.4,4,4877.6,7688146.899999997
2025-08-01 09:52:28 AM,1220.2,25,30505.0,7718651.899999997
2025-08-01 09:53:37 AM,1221.5,0,0.0,7718651.899999997
2025-08-01 09:53:37 AM,1221.5,50,61075.0,7779726.899999997
2025-08-01 09:56:49 AM,1219.0,10,12190.0,7791916.899999997
2025-08-01 09:59:03 AM,1217.7,0,0.0,7791916.899999997
2025-08-01 09:59:03 AM,1217.7,33,40184.1,7832100.999999996
2025-08-01 10:02:05 AM,1218.2,0,0.0,7832100.999999996
2025-08-01 10:02:05 AM,1218.2,47,57255.4,7889356.399999997
2025-08-01 10:02:21 AM,1218.1,0,0.0,7889356.399999997
2025-08-01 10:02:24 AM,1218.1,25,30452.499999999996,7919808.899999997
2025-08-01 10:02:37 AM,1218.9,9,10970.1,7930778.999999996
2025-08-01 10:03:20 AM,1218.2,0,0.0,7930778.999999996
2025-08-01 10:03:22 AM,1218.2,12,14618.400000000001,7945397.399999997
2025-08-01 10:03:47 AM,1218.9,0,0.0,7945397.399999997
2025-08-01 10:03:47 AM,1218.9,15,18283.5,7963680.899999997
2025-08-01 10:04:24 AM,1218.9,2,2437.8,7966118.699999996
2025-08-01 10:05:04 AM,1218.9,15,18283.5,7984402.199999996
2025-08-01 10:05:39 AM,1218.9,2,2437.8,7986839.999999996
2025-08-01 10:06:13 AM,1219.2,0,0.0,7986839.999999996
2025-08-01 10:06:14 AM,1219.2,2,2438.4,7989278.399999997
2025-08-01 10:06:23 AM,1218.5,15,18277.5,8007555.899999997
2025-08-01 10:06:43 AM,1217.7,0,0.0,8007555.899999997
2025-08-01 10:06:44 AM,1217.7,4,4870.8,8012426.699999996
2025-08-01 10:06:53 AM,1217.1,0,0.0,8012426.699999996
2025-08-01 10:06:57 AM,1217.1,2,2434.2,8014860.899999997
2025-08-01 10:07:54 AM,1216.8,10,12168.0,8027028.899999997
2025-08-01 10:08:23 AM,1216.7,0,0.0,8027028.899999997
2025-08-01 10:08:23 AM,1216.7,21,25550.7,8052579.599999997
2025-08-01 10:13:16 AM,1217.6,0,0.0,8052579.599999997
2025-08-01 10:13:16 AM,1217.6,2,2435.2,8055014.799999997
2025-08-01 10:13:27 AM,1217.8,0,0.0,8055014.799999997
2025-08-01 10:13:28 AM,1217.8,5,6089.0,8061103.799999997
2025-08-01 10:14:27 AM,1218.0,0,0.0,8061103.799999997
2025-08-01 10:14:27 AM,1218.0,10,12180.0,8073283.799999997
2025-08-01 10:14:50 AM,1217.1,0,0.0,8073283.799999997
2025-08-01 10:14:50 AM,1217.1,2,2434.2,8075717.999999997
2025-08-01 10:14:54 AM,1219.8,0,0.0,8075717.999999997
2025-08-01 10:14:56 AM,1219.8,200,243960.0,8319677.999999997
2025-08-01 10:15:12 AM,1219.5,0,0.0,8319677.999999997
2025-08-01 10:15:13 AM,1219.5,11,13414.5,8333092.499999997
2025-08-01 10:16:42 AM,1219.2,0,0.0,8333092.499999997
2025-08-01 10:16:42 AM,1219.2,14,17068.8,8350161.299999997
2025-08-01 10:17:02 AM,1219.8,0,0.0,8350161.299999997
2025-08-01 10:17:04 AM,1219.8,40,48792.0,8398953.299999997
2025-08-01 10:17:15 AM,1219.8,22,26835.6,8425788.899999997
2025-08-01 10:17:48 AM,1220.0,0,0.0,8425788.899999997
2025-08-01 10:17:50 AM,1220.0,1,1220.0,8427008.899999997
2025-08-01 10:18:09 AM,1221.6,0,0.0,8427008.899999997
2025-08-01 10:18:14 AM,1221.6,200,244319.99999999997,8671328.899999997
2025-08-01 10:18:21 AM,1220.1,0,0.0,8671328.899999997
2025-08-01 10:18:25 AM,1220.1,4,4880.4,8676209.299999997
2025-08-01 10:18:51 AM,1219.2,0,0.0,8676209.299999997
2025-08-01 10:18:54 AM,1219.2,57,69494.40000000001,8745703.699999997
2025-08-01 10:20:19 AM,1218.8,0,0.0,8745703.699999997
2025-08-01 10:20:19 AM,1218.8,1,1218.8,8746922.499999998
2025-08-01 10:20:21 AM,1219.4,40,48776.0,8795698.499999998
2025-08-01 10:21:28 AM,1218.3,0,0.0,8795698.499999998
2025-08-01 10:21:28 AM,1219.5,0,0.0,8795698.499999998
2025-08-01 10:21:28 AM,1219.5,7,8536.5,8804234.999999998
2025-08-01 10:21:33 AM,1220.1,0,0.0,8804234.999999998
2025-08-01 10:21:33 AM,1220.1,36,43923.6,8848158.599999998
2025-08-01 10:24:37 AM,1219.8,0,0.0,8848158.599999998
2025-08-01 10:24:38 AM,1219.8,1,1219.8,8849378.399999999
2025-08-01 10:24:47 AM,1218.0,0,0.0,8849378.399999999
2025-08-01 10:24:47 AM,1218.0,38,46284.0,8895662.399999999
2025-08-01 10:25:19 AM,1216.7,0,0.0,8895662.399999999
2025-08-01 10:25:21 AM,1216.7,8,9733.6,8905395.999999998
2025-08-01 10:26:25 AM,1216.7,1,1216.7,8906612.699999997
2025-08-01 10:27:36 AM,1217.3,2,2434.6,8909047.299999997
2025-08-01 10:28:11 AM,1217.3,2,2434.6,8911481.899999997
2025-08-01 10:28:23 AM,1214.7,0,0.0,8911481.899999997
2025-08-01 10:28:25 AM,1214.7,407,494382.9,9405864.799999997
2025-08-01 10:29:51 AM,1214.9,0,0.0,9405864.799999997
2025-08-01 10:29:51 AM,1214.9,2,2429.8,9408294.599999998
2025-08-01 10:30:05 AM,1214.9,5,6074.5,9414369.099999998
2025-08-01 10:30:11 AM,1214.9,1,1214.9,9415583.999999998
2025-08-01 10:30:22 AM,1214.9,1,1214.9,9416798.899999999
2025-08-01 10:30:25 AM,1214.9,5,6074.5,9422873.399999999
2025-08-01 10:30:41 AM,1215.1,0,0.0,9422873.399999999
2025-08-01 10:30:42 AM,1215.1,27,32807.7,9455681.099999998
2025-08-01 10:32:10 AM,1216.8,215,261612.0,9717293.099999998
2025-08-01 10:32:23 AM,1216.1,1,1216.1,9718509.199999997
2025-08-01 10:33:52 AM,1215.4,2,2430.8,9720939.999999998
2025-08-01 10:33:53 AM,1216.6,0,0.0,9720939.999999998
2025-08-01 10:33:54 AM,1216.6,2,2433.2,9723373.199999997
2025-08-01 10:33:55 AM,1215.4,0,0.0,9723373.199999997
2025-08-01 10:33:58 AM,1215.4,2,2430.8,9725803.999999998
2025-08-01 10:34:03 AM,1215.2,0,0.0,9725803.999999998
2025-08-01 10:34:04 AM,1215.2,20,24304.0,9750107.999999998
2025-08-01 10:34:37 AM,1216.5,0,0.0,9750107.999999998
2025-08-01 10:34:37 AM,1216.5,1,1216.5,9751324.499999998
2025-08-01 10:35:00 AM,1216.5,1,1216.5,9752540.999999998
2025-08-01 10:35:19 AM,1216.6,0,0.0,9752540.999999998
2025-08-01 10:35:20 AM,1216.6,1,1216.6,9753757.599999998
2025-08-01 10:35:51 AM,1215.6,55,66858.0,9820615.599999998
2025-08-01 10:36:15 AM,1215.9,0,0.0,9820615.599999998
2025-08-01 10:36:16 AM,1215.9,10,12159.0,9832774.599999998
2025-08-01 10:37:55 AM,1216.1,0,0.0,9832774.599999998
2025-08-01 10:37:55 AM,1216.1,11,13377.099999999999,9846151.699999997
2025-08-01 10:39:00 AM,1216.1,2,2432.2,9848583.899999997
2025-08-01 10:40:04 AM,1217.5,0,0.0,9848583.899999997
2025-08-01 10:40:04 AM,1217.5,18,21915.0,9870498.899999997
2025-08-01 10:40:07 AM,1217.5,1,1217.5,9871716.399999997
2025-08-01 10:41:04 AM,1217.9,0,0.0,9871716.399999997
2025-08-01 10:41:05 AM,1217.9,2,2435.8,9874152.199999997
2025-08-01 10:41:33 AM,1217.5,0,0.0,9874152.199999997
2025-08-01 10:41:34 AM,1217.5,2,2435.0,9876587.199999997
2025-08-01 10:41:47 AM,1217.0,101,122917.0,9999504.199999997
2025-08-01 10:41:47 AM,1219.3,0,0.0,9999504.199999997
2025-08-01 10:41:50 AM,1219.3,141,171921.3,10171425.499999998
2025-08-01 10:42:16 AM,1219.9,0,0.0,10171425.499999998
2025-08-01 10:42:18 AM,1219.9,5,6099.5,10177524.999999998
2025-08-01 10:42:35 AM,1219.5,18,21951.0,10199475.999999998
2025-08-01 10:44:39 AM,1219.5,100,121950.0,10321425.999999998
2025-08-01 10:45:55 AM,1220.3,0,0.0,10321425.999999998
2025-08-01 10:45:57 AM,1220.3,5,6101.5,10327527.499999998
2025-08-01 10:46:09 AM,1218.9,0,0.0,10327527.499999998
2025-08-01 10:46:12 AM,1218.9,15,18283.5,10345810.999999998
2025-08-01 10:46:46 AM,1217.5,13,15827.5,10361638.499999998
2025-08-01 10:47:10 AM,1218.6,0,0.0,10361638.499999998
2025-08-01 10:47:13 AM,1218.6,1,1218.6,10362857.099999998
2025-08-01 10:47:29 AM,1218.6,2,2437.2,10365294.299999997
2025-08-01 10:48:04 AM,1217.1,0,0.0,10365294.299999997
2025-08-01 10:48:06 AM,1217.1,45,54769.49999999999,10420063.799999997
2025-08-01 10:48:14 AM,1217.2,0,0.0,10420063.799999997
2025-08-01 10:48:14 AM,1217.2,1,1217.2,10421280.999999996
2025-08-01 10:48:51 AM,1217.0,0,0.0,10421280.999999996
2025-08-01 10:48:51 AM,1217.0,53,64501.0,10485781.999999996
2025-08-01 10:49:07 AM,1216.0,2,2432.0,10488213.999999996
2025-08-01 10:53:33 AM,1216.0,20,24320.0,10512533.999999996
2025-08-01 10:53:39 AM,1217.6,0,0.0,10512533.999999996
2025-08-01 10:53:39 AM,1217.6,33,40180.799999999996,10552714.799999997
2025-08-01 10:57:59 AM,1217.7,0,0.0,10552714.799999997
2025-08-01 10:57:59 AM,1217.7,1,1217.7,10553932.499999996
2025-08-01 10:58:01 AM,1217.6,0,0.0,10553932.499999996
2025-08-01 10:58:04 AM,1217.6,2,2435.2,10556367.699999996
2025-08-01 10:58:10 AM,1217.6,114,138806.4,10695174.099999996
2025-08-01 10:59:08 AM,1218.0,1,1218.0,10696392.099999996
2025-08-01 10:59:25 AM,1218.2,0,0.0,10696392.099999996
2025-08-01 10:59:28 AM,1218.2,8,9745.6,10706137.699999996
2025-08-01 11:00:07 AM,1218.2,6,7309.200000000001,10713446.899999995
2025-08-01 11:01:02 AM,1216.5,0,0.0,10713446.899999995
2025-08-01 11:01:04 AM,1218.1,0,0.0,10713446.899999995
2025-08-01 11:01:06 AM,1218.1,22,26798.199999999997,10740245.099999994
2025-08-01 11:02:09 AM,1218.1,2,2436.2,10742681.299999993
2025-08-01 11:04:26 AM,1218.5,0,0.0,10742681.299999993
2025-08-01 11:04:27 AM,1218.5,38,46303.0,10788984.299999993
2025-08-01 11:06:59 AM,1218.8,0,0.0,10788984.299999993
2025-08-01 11:07:01 AM,1218.8,15,18282.0,10807266.299999993
2025-08-01 11:08:10 AM,1218.9,0,0.0,10807266.299999993
2025-08-01 11:08:11 AM,1218.9,10,12189.0,10819455.299999993
2025-08-01 11:09:37 AM,1218.9,9,10970.1,10830425.399999993
2025-08-01 11:09:53 AM,1216.0,0,0.0,10830425.399999993
2025-08-01 11:09:53 AM,1216.0,254,308864.0,11139289.399999993
2025-08-01 11:09:55 AM,1215.0,0,0.0,11139289.399999993
2025-08-01 11:09:55 AM,1215.0,2,2430.0,11141719.399999993
2025-08-01 11:09:55 AM,1214.0,0,0.0,11141719.399999993
2025-08-01 11:09:58 AM,1214.0,915,1110810.0,12252529.399999993
2025-08-01 11:10:04 AM,1214.0,3,3642.0,12256171.399999993
2025-08-01 11:10:05 AM,1214.0,2,2428.0,12258599.399999993
2025-08-01 11:10:19 AM,1212.2,0,0.0,12258599.399999993
2025-08-01 11:10:20 AM,1212.2,75,90915.0,12349514.399999993
2025-08-01 11:10:32 AM,1213.3,88,106770.4,12456284.799999993
2025-08-01 11:10:58 AM,1214.8,2,2429.6,12458714.399999993
2025-08-01 11:11:33 AM,1214.9,0,0.0,12458714.399999993
2025-08-01 11:11:37 AM,1214.9,7,8504.300000000001,12467218.699999994
2025-08-01 11:12:11 AM,1215.9,0,0.0,12467218.699999994
2025-08-01 11:12:13 AM,1216.2,0,0.0,12467218.699999994
2025-08-01 11:12:13 AM,1216.2,31,37702.200000000004,12504920.899999993
2025-08-01 11:12:41 AM,1217.0,10,12170.0,12517090.899999993
2025-08-01 11:12:47 AM,1217.4,0,0.0,12517090.899999993
2025-08-01 11:12:51 AM,1217.4,16,19478.4,12536569.299999993
2025-08-01 11:13:17 AM,1215.9,0,0.0,12536569.299999993
2025-08-01 11:13:18 AM,1215.9,16,19454.4,12556023.699999994
2025-08-01 11:13:54 AM,1213.9,0,0.0,12556023.699999994
2025-08-01 11:13:55 AM,1213.9,20,24278.0,12580301.699999994
2025-08-01 11:14:04 AM,1217.9,0,0.0,12580301.699999994
2025-08-01 11:14:06 AM,1217.9,212,258194.80000000002,12838496.499999994
2025-08-01 11:17:22 AM,1216.8,0,0.0,12838496.499999994
2025-08-01 11:17:23 AM,1216.8,3,3650.3999999999996,12842146.899999995
2025-08-01 11:18:50 AM,1215.4,0,0.0,12842146.899999995
2025-08-01 11:18:51 AM,1215.4,1,1215.4,12843362.299999995
2025-08-01 11:19:07 AM,1215.6,0,0.0,12843362.299999995
2025-08-01 11:19:08 AM,1215.6,14,17018.399999999998,12860380.699999996
2025-08-01 11:21:25 AM,1215.9,0,0.0,12860380.699999996
2025-08-01 11:21:26 AM,1215.9,3,3647.7000000000003,12864028.399999995
2025-08-01 11:23:35 AM,1214.4,0,0.0,12864028.399999995
2025-08-01 11:23:38 AM,1214.4,10,12144.0,12876172.399999995
2025-08-01 11:24:05 AM,1215.8,0,0.0,12876172.399999995
2025-08-01 11:24:07 AM,1215.8,6,7294.799999999999,12883467.199999996
2025-08-01 11:24:12 AM,1215.8,1,1215.8,12884682.999999996
2025-08-01 11:24:52 AM,1215.9,0,0.0,12884682.999999996
2025-08-01 11:24:55 AM,1214.8,0,0.0,12884682.999999996
2025-08-01 11:24:55 AM,1214.8,12,14577.599999999999,12899260.599999996
2025-08-01 11:25:03 AM,1215.8,0,0.0,12899260.599999996
2025-08-01 11:25:06 AM,1215.8,1,1215.8,12900476.399999997
2025-08-01 11:26:02 AM,1215.9,1,1215.9,12901692.299999997
2025-08-01 11:27:17 AM,1216.1,0,0.0,12901692.299999997
2025-08-01 11:27:19 AM,1216.1,15,18241.5,12919933.799999997
2025-08-01 11:27:50 AM,1215.9,0,0.0,12919933.799999997
2025-08-01 11:27:50 AM,1215.9,1,1215.9,12921149.699999997
2025-08-01 11:27:52 AM,1215.9,1,1215.9,12922365.599999998
2025-08-01 11:28:08 AM,1215.0,0,0.0,12922365.599999998
2025-08-01 11:28:10 AM,1215.0,1,1215.0,12923580.599999998
2025-08-01 11:31:08 AM,1215.0,1,1215.0,12924795.599999998
2025-08-01 11:31:10 AM,1215.0,2,2430.0,12927225.599999998
2025-08-01 11:31:20 AM,1215.0,14,17010.0,12944235.599999998
2025-08-01 11:31:25 AM,1215.0,86,104490.0,13048725.599999998
2025-08-01 11:33:30 AM,1213.3,0,0.0,13048725.599999998
2025-08-01 11:33:32 AM,1213.3,20,24266.0,13072991.599999998
2025-08-01 11:37:51 AM,1213.4,0,0.0,13072991.599999998
2025-08-01 11:37:53 AM,1213.4,1,1213.4,13074204.999999998
2025-08-01 11:38:20 AM,1214.1,0,0.0,13074204.999999998
2025-08-01 11:38:23 AM,1214.1,4,4856.4,13079061.399999999
2025-08-01 11:39:28 AM,1214.1,7,8498.699999999999,13087560.099999998
2025-08-01 11:39:32 AM,1212.6,0,0.0,13087560.099999998
2025-08-01 11:39:33 AM,1212.6,40,48504.0,13136064.099999998
2025-08-01 11:40:16 AM,1212.0,0,0.0,13136064.099999998
2025-08-01 11:40:17 AM,1212.0,15,18180.0,13154244.099999998
2025-08-01 11:40:41 AM,1212.0,1,1212.0,13155456.099999998
2025-08-01 11:41:52 AM,1212.0,66,79992.0,13235448.099999998
2025-08-01 11:42:17 AM,1212.5,0,0.0,13235448.099999998
2025-08-01 11:42:18 AM,1212.5,110,133375.0,13368823.099999998
2025-08-01 11:42:39 AM,1212.5,3,3637.5,13372460.599999998
2025-08-01 11:42:59 AM,1212.5,10,12125.0,13384585.599999998
2025-08-01 11:43:16 AM,1212.5,7,8487.5,13393073.099999998
2025-08-01 11:43:18 AM,1212.6,0,0.0,13393073.099999998
2025-08-01 11:43:21 AM,1212.6,2,2425.2,13395498.299999997
2025-08-01 11:43:26 AM,1212.6,5,6063.0,13401561.299999997
2025-08-01 11:44:08 AM,1212.5,8,9700.0,13411261.299999997
2025-08-01 11:44:37 AM,1211.6,0,0.0,13411261.299999997
2025-08-01 11:44:38 AM,1211.6,1,1211.6,13412472.899999997
2025-08-01 11:44:40 AM,1212.5,0,0.0,13412472.899999997
2025-08-01 11:44:44 AM,1212.5,100,121250.0,13533722.899999997
2025-08-01 11:44:46 AM,1211.1,0,0.0,13533722.899999997
2025-08-01 11:44:49 AM,1211.1,2,2422.2,13536145.099999996
2025-08-01 11:45:24 AM,1211.0,0,0.0,13536145.099999996
2025-08-01 11:45:26 AM,1211.0,10,12110.0,13548255.099999996
2025-08-01 11:46:13 AM,1210.3,0,0.0,13548255.099999996
2025-08-01 11:46:14 AM,1210.3,3,3630.8999999999996,13551885.999999996
2025-08-01 11:46:15 AM,1211.6,0,0.0,13551885.999999996
2025-08-01 11:46:15 AM,1211.6,5,6058.0,13557943.999999996
2025-08-01 11:47:09 AM,1210.1,0,0.0,13557943.999999996
2025-08-01 11:47:12 AM,1210.1,5,6050.5,13563994.499999996
2025-08-01 11:47:14 AM,1211.4,0,0.0,13563994.499999996
2025-08-01 11:47:17 AM,1211.4,30,36342.0,13600336.499999996
2025-08-01 11:47:53 AM,1211.6,0,0.0,13600336.499999996
2025-08-01 11:47:53 AM,1211.6,3,3634.7999999999997,13603971.299999997
2025-08-01 11:49:31 AM,1211.8,0,0.0,13603971.299999997
2025-08-01 11:49:35 AM,1211.8,1,1211.8,13605183.099999998
2025-08-01 11:51:31 AM,1211.6,166,201125.59999999998,13806308.699999997
2025-08-01 11:51:55 AM,1210.7,0,0.0,13806308.699999997
2025-08-01 11:51:56 AM,1210.7,2,2421.4,13808730.099999998
2025-08-01 11:52:20 AM,1211.6,0,0.0,13808730.099999998
2025-08-01 11:52:21 AM,1210.8,0,0.0,13808730.099999998
2025-08-01 11:52:21 AM,1210.8,8,9686.4,13818416.499999998
2025-08-01 11:52:58 AM,1212.0,0,0.0,13818416.499999998
2025-08-01 11:53:02 AM,1212.0,26,31512.0,13849928.499999998
2025-08-01 11:53:20 AM,1213.0,0,0.0,13849928.499999998
2025-08-01 11:53:23 AM,1213.0,9,10917.0,13860845.499999998
2025-08-01 11:53:50 AM,1212.0,0,0.0,13860845.499999998
2025-08-01 11:53:53 AM,1212.0,78,94536.0,13955381.499999998
2025-08-01 11:55:24 AM,1210.5,0,0.0,13955381.499999998
2025-08-01 11:55:24 AM,1210.5,31,37525.5,13992906.999999998
2025-08-01 11:57:05 AM,1210.5,30,36315.0,14029221.999999998
2025-08-01 11:57:25 AM,1210.5,5,6052.5,14035274.499999998
2025-08-01 11:57:36 AM,1210.9,0,0.0,14035274.499999998
2025-08-01 11:57:36 AM,1211.0,123,148953.0,14184227.499999998
2025-08-01 11:57:42 AM,1212.0,377,456924.0,14641151.499999998
2025-08-01 11:57:50 AM,1211.5,1,1211.5,14642362.999999998
2025-08-01 11:57:56 AM,1211.4,0,0.0,14642362.999999998
2025-08-01 11:57:57 AM,1211.4,33,39976.200000000004,14682339.199999997
2025-08-01 11:58:14 AM,1212.1,0,0.0,14682339.199999997
2025-08-01 11:58:17 AM,1212.1,15,18181.5,14700520.699999997
2025-08-01 11:59:27 AM,1212.0,0,0.0,14700520.699999997
2025-08-01 11:59:29 AM,1212.0,4,4848.0,14705368.699999997
2025-08-01 11:59:31 AM,1212.1,0,0.0,14705368.699999997
2025-08-01 11:59:31 AM,1212.1,40,48484.0,14753852.699999997
2025-08-01 11:59:54 AM,1214.5,0,0.0,14753852.699999997
2025-08-01 11:59:55 AM,1214.0,0,0.0,14753852.699999997
2025-08-01 11:59:56 AM,1214.0,1858,2255612.0,17009464.699999996
2025-08-01 12:00:49 PM,1214.0,3,3642.0,17013106.699999996
2025-08-01 12:01:40 PM,1213.7,2,2427.4,17015534.099999994
2025-08-01 12:02:45 PM,1212.0,0,0.0,17015534.099999994
2025-08-01 12:02:46 PM,1212.0,5,6060.0,17021594.099999994
2025-08-01 12:05:31 PM,1212.0,256,310272.0,17331866.099999994
2025-08-01 12:05:57 PM,1212.6,0,0.0,17331866.099999994
2025-08-01 12:06:00 PM,1212.6,1,1212.6,17333078.699999996
2025-08-01 12:07:08 PM,1212.6,2,2425.2,17335503.899999995
2025-08-01 12:07:27 PM,1212.7,0,0.0,17335503.899999995
2025-08-01 12:07:29 PM,1212.7,5,6063.5,17341567.399999995
2025-08-01 12:07:53 PM,1212.8,0,0.0,17341567.399999995
2025-08-01 12:07:54 PM,1212.8,2,2425.6,17343992.999999996
2025-08-01 12:07:57 PM,1212.9,0,0.0,17343992.999999996
2025-08-01 12:07:59 PM,1212.9,4,4851.6,17348844.599999998
2025-08-01 12:08:14 PM,1212.9,4,4851.6,17353696.2
2025-08-01 12:08:54 PM,1212.9,2,2425.8,17356122.0
2025-08-01 12:09:09 PM,1212.9,3,3638.7000000000003,17359760.7
2025-08-01 12:09:39 PM,1212.9,3,3638.7000000000003,17363399.4
2025-08-01 12:10:15 PM,1212.9,4,4851.6,17368251.0
2025-08-01 12:10:54 PM,1212.9,5,6064.5,17374315.5
2025-08-01 12:10:59 PM,1212.9,2,2425.8,17376741.3
2025-08-01 12:12:48 PM,1212.9,1,1212.9,17377954.2
2025-08-01 12:14:32 PM,1212.9,5,6064.5,17384018.7
2025-08-01 12:15:08 PM,1212.9,50,60645.00000000001,17444663.7
2025-08-01 12:17:42 PM,1212.9,3,3638.7000000000003,17448302.4
2025-08-01 12:19:46 PM,1212.9,2,2425.8,17450728.2
2025-08-01 12:20:38 PM,1212.9,2,2425.8,17453154.0
2025-08-01 12:20:48 PM,1212.9,3,3638.7000000000003,17456792.7
2025-08-01 12:22:38 PM,1211.3,0,0.0,17456792.7
2025-08-01 12:22:39 PM,1211.3,40,48452.0,17505244.7
2025-08-01 12:22:44 PM,1210.0,0,0.0,17505244.7
2025-08-01 12:22:44 PM,1210.0,101,122210.0,17627454.7
2025-08-01 12:22:50 PM,1210.1,0,0.0,17627454.7
2025-08-01 12:22:54 PM,1210.1,1,1210.1,17628664.8
2025-08-01 12:22:56 PM,1211.2,0,0.0,17628664.8
2025-08-01 12:22:58 PM,1211.2,128,155033.6,17783698.400000002
2025-08-01 12:23:54 PM,1211.6,0,0.0,17783698.400000002
2025-08-01 12:23:58 PM,1211.6,1,1211.6,17784910.000000004
2025-08-01 12:26:06 PM,1210.3,0,0.0,17784910.000000004
2025-08-01 12:26:08 PM,1210.3,50,60515.0,17845425.000000004
2025-08-01 12:26:14 PM,1210.0,0,0.0,17845425.000000004
2025-08-01 12:26:18 PM,1210.0,81,98010.0,17943435.000000004
2025-08-01 12:27:36 PM,1210.2,0,0.0,17943435.000000004
2025-08-01 12:27:38 PM,1211.5,5,6057.5,17949492.500000004
2025-08-01 12:27:51 PM,1211.7,0,0.0,17949492.500000004
2025-08-01 12:27:53 PM,1211.7,8,9693.6,17959186.100000005
2025-08-01 12:28:02 PM,1212.5,24,29100.0,17988286.100000005
2025-08-01 12:28:57 PM,1212.5,1,1212.5,17989498.600000005
2025-08-01 12:29:44 PM,1212.6,0,0.0,17989498.600000005
2025-08-01 12:29:44 PM,1212.6,1,1212.6,17990711.200000007
2025-08-01 12:30:01 PM,1211.7,7,8481.9,17999193.100000005
2025-08-01 12:30:07 PM,1211.7,3,3635.1000000000004,18002828.200000007
2025-08-01 12:33:17 PM,1212.3,0,0.0,18002828.200000007
2025-08-01 12:33:18 PM,1212.3,20,24246.0,18027074.200000007
2025-08-01 12:33:35 PM,1212.5,0,0.0,18027074.200000007
2025-08-01 12:33:37 PM,1212.5,10,12125.0,18039199.200000007
2025-08-01 12:33:59 PM,1212.5,10,12125.0,18051324.200000007
2025-08-01 12:36:48 PM,1212.5,18,21825.0,18073149.200000007
2025-08-01 12:38:17 PM,1210.3,0,0.0,18073149.200000007
2025-08-01 12:38:18 PM,1210.3,100,121030.0,18194179.200000007
2025-08-01 12:42:43 PM,1210.1,0,0.0,18194179.200000007
2025-08-01 12:42:47 PM,1210.1,39,47193.899999999994,18241373.100000005
2025-08-01 12:42:49 PM,1211.4,0,0.0,18241373.100000005
2025-08-01 12:42:51 PM,1210.0,0,0.0,18241373.100000005
2025-08-01 12:42:52 PM,1210.0,198,239580.0,18480953.100000005
2025-08-01 12:42:52 PM,1210.0,190,229900.0,18710853.100000005
2025-08-01 12:43:08 PM,1210.7,3,3632.1000000000004,18714485.200000007
2025-08-01 12:43:14 PM,1210.7,9,10896.300000000001,18725381.500000007
2025-08-01 12:43:26 PM,1210.3,4,4841.2,18730222.700000007
2025-08-01 12:43:30 PM,1210.3,15,18154.5,18748377.200000007
2025-08-01 12:46:31 PM,1210.7,0,0.0,18748377.200000007
2025-08-01 12:46:33 PM,1210.7,2,2421.4,18750798.600000005
2025-08-01 12:47:54 PM,1210.7,1,1210.7,18752009.300000004
2025-08-01 12:49:53 PM,1210.3,0,0.0,18752009.300000004
2025-08-01 12:49:54 PM,1210.3,3,3630.8999999999996,18755640.200000003
2025-08-01 12:50:26 PM,1210.1,20,24202.0,18779842.200000003
2025-08-01 12:50:36 PM,1210.1,3,3630.2999999999997,18783472.500000004
2025-08-01 12:50:56 PM,1210.1,10,12101.0,18795573.500000004
2025-08-01 12:52:39 PM,1210.9,0,0.0,18795573.500000004
2025-08-01 12:52:41 PM,1210.9,29,35116.100000000006,18830689.600000005
2025-08-01 12:52:55 PM,1212.1,0,0.0,18830689.600000005
2025-08-01 12:52:56 PM,1212.1,1,1212.1,18831901.700000007
2025-08-01 12:53:25 PM,1212.0,0,0.0,18831901.700000007
2025-08-01 12:53:26 PM,1212.0,1,1212.0,18833113.700000007
2025-08-01 12:53:51 PM,1212.0,7,8484.0,18841597.700000007
2025-08-01 12:54:31 PM,1212.0,2,2424.0,18844021.700000007
2025-08-01 12:55:23 PM,1212.5,0,0.0,18844021.700000007
2025-08-01 12:55:24 PM,1212.5,15,18187.5,18862209.200000007
2025-08-01 12:56:03 PM,1210.1,0,0.0,18862209.200000007
2025-08-01 12:56:03 PM,1210.1,100,121009.99999999999,18983219.200000007
2025-08-01 12:56:23 PM,1212.3,0,0.0,18983219.200000007
2025-08-01 12:56:24 PM,1212.3,16,19396.8,19002616.000000007
2025-08-01 12:58:11 PM,1212.2,0,0.0,19002616.000000007
2025-08-01 12:58:14 PM,1212.2,1,1212.2,19003828.200000007
2025-08-01 12:58:31 PM,1210.1,0,0.0,19003828.200000007
2025-08-01 12:58:35 PM,1210.1,99,119799.9,19123628.100000005
2025-08-01 12:58:46 PM,1211.9,0,0.0,19123628.100000005
2025-08-01 12:58:49 PM,1211.9,22,26661.800000000003,19150289.900000006
2025-08-01 01:00:58 PM,1211.9,29,35145.100000000006,19185435.000000007
2025-08-01 01:01:50 PM,1212.5,0,0.0,19185435.000000007
2025-08-01 01:01:50 PM,1212.5,4,4850.0,19190285.000000007
2025-08-01 01:03:05 PM,1211.0,973,1178303.0,20368588.000000007
2025-08-01 01:03:28 PM,1210.4,0,0.0,20368588.000000007
2025-08-01 01:03:30 PM,1210.4,1,1210.4,20369798.400000006
2025-08-01 01:03:58 PM,1210.2,0,0.0,20369798.400000006
2025-08-01 01:03:59 PM,1210.2,2,2420.4,20372218.800000004
2025-08-01 01:04:22 PM,1211.5,0,0.0,20372218.800000004
2025-08-01 01:04:24 PM,1211.5,1,1211.5,20373430.300000004
2025-08-01 01:04:48 PM,1211.5,5,6057.5,20379487.800000004
2025-08-01 01:06:40 PM,1211.9,0,0.0,20379487.800000004
2025-08-01 01:06:40 PM,1211.9,132,159970.80000000002,20539458.600000005
2025-08-01 01:06:44 PM,1210.9,0,0.0,20539458.600000005
2025-08-01 01:06:45 PM,1210.9,8,9687.2,20549145.800000004
2025-08-01 01:10:29 PM,1210.0,0,0.0,20549145.800000004
2025-08-01 01:10:30 PM,1210.0,132,159720.0,20708865.800000004
2025-08-01 01:10:47 PM,1210.9,0,0.0,20708865.800000004
2025-08-01 01:10:49 PM,1210.9,1,1210.9,20710076.700000003
2025-08-01 01:12:23 PM,1210.9,1,1210.9,20711287.6
2025-08-01 01:12:23 PM,1210.0,0,0.0,20711287.6
2025-08-01 01:12:24 PM,1210.9,12,14530.800000000001,20725818.400000002
2025-08-01 01:12:54 PM,1210.9,5,6054.5,20731872.900000002
2025-08-01 01:13:55 PM,1211.0,0,0.0,20731872.900000002
2025-08-01 01:13:57 PM,1211.0,1,1211.0,20733083.900000002
2025-08-01 01:15:09 PM,1211.0,8,9688.0,20742771.900000002
2025-08-01 01:15:57 PM,1210.0,0,0.0,20742771.900000002
2025-08-01 01:15:57 PM,1210.0,18,21780.0,20764551.900000002
2025-08-01 01:16:00 PM,1210.0,22,26620.0,20791171.900000002
2025-08-01 01:17:39 PM,1210.7,3,3632.1000000000004,20794804.000000004
2025-08-01 01:17:57 PM,1210.7,42,50849.4,20845653.400000002
2025-08-01 01:22:46 PM,1210.7,2,2421.4,20848074.8
2025-08-01 01:23:17 PM,1210.9,0,0.0,20848074.8
2025-08-01 01:23:18 PM,1210.9,20,24218.0,20872292.8
2025-08-01 01:23:39 PM,1210.1,0,0.0,20872292.8
2025-08-01 01:23:42 PM,1210.1,8,9680.8,20881973.6
2025-08-01 01:24:11 PM,1210.1,40,48404.0,20930377.6
2025-08-01 01:24:25 PM,1210.1,2,2420.2,20932797.8
2025-08-01 01:25:42 PM,1210.0,0,0.0,20932797.8
2025-08-01 01:25:43 PM,1210.0,11,13310.0,20946107.8
2025-08-01 01:26:50 PM,1210.7,0,0.0,20946107.8
2025-08-01 01:26:53 PM,1210.7,31,37531.700000000004,20983639.5
2025-08-01 01:28:33 PM,1210.8,0,0.0,20983639.5
2025-08-01 01:28:35 PM,1210.8,1,1210.8,20984850.3
2025-08-01 01:28:55 PM,1210.2,0,0.0,20984850.3
2025-08-01 01:28:58 PM,1210.2,2,2420.4,20987270.7
2025-08-01 01:29:32 PM,1211.9,100,121190.00000000001,21108460.7
2025-08-01 01:32:29 PM,1211.9,16,19390.4,21127851.099999998
2025-08-01 01:33:33 PM,1212.0,0,0.0,21127851.099999998
2025-08-01 01:33:37 PM,1212.0,10,12120.0,21139971.099999998
2025-08-01 01:33:57 PM,1212.0,5,6060.0,21146031.099999998
2025-08-01 01:35:04 PM,1212.0,15,18180.0,21164211.099999998
2025-08-01 01:36:23 PM,1212.2,0,0.0,21164211.099999998
2025-08-01 01:36:25 PM,1212.2,8,9697.6,21173908.7
2025-08-01 01:36:54 PM,1212.2,1,1212.2,21175120.9
2025-08-01 01:37:58 PM,1212.2,3,3636.6000000000004,21178757.5
2025-08-01 01:41:06 PM,1212.6,31,37590.6,21216348.1
2025-08-01 01:41:53 PM,1213.2,0,0.0,21216348.1
2025-08-01 01:41:54 PM,1213.2,4,4852.8,21221200.900000002
2025-08-01 01:42:21 PM,1211.9,0,0.0,21221200.900000002
2025-08-01 01:42:24 PM,1211.9,20,24238.0,21245438.900000002
2025-08-01 01:42:43 PM,1213.0,0,0.0,21245438.900000002
2025-08-01 01:42:43 PM,1213.0,5,6065.0,21251503.900000002
2025-08-01 01:44:08 PM,1210.0,276,333960.0,21585463.900000002
2025-08-01 01:45:13 PM,1210.6,0,0.0,21585463.900000002
2025-08-01 01:45:13 PM,1210.6,4,4842.4,21590306.3
2025-08-01 01:53:14 PM,1210.0,0,0.0,21590306.3
2025-08-01 01:53:14 PM,1210.0,103,124630.0,21714936.3
2025-08-01 01:53:17 PM,1209.9,0,0.0,21714936.3
2025-08-01 01:53:19 PM,1209.9,795,961870.5000000001,22676806.8
2025-08-01 01:53:21 PM,1209.0,0,0.0,22676806.8
2025-08-01 01:53:24 PM,1209.0,10,12090.0,22688896.8
2025-08-01 01:53:47 PM,1209.2,1,1209.2,22690106.0
2025-08-01 01:53:56 PM,1209.2,113,136639.6,22826745.6
2025-08-01 01:54:50 PM,1208.3,0,0.0,22826745.6
2025-08-01 01:54:50 PM,1208.3,20,24166.0,22850911.6
2025-08-01 01:55:20 PM,1209.4,0,0.0,22850911.6
2025-08-01 01:55:20 PM,1209.4,1,1209.4,22852121.0
2025-08-01 01:55:59 PM,1209.4,3,3628.2000000000003,22855749.2
2025-08-01 01:56:11 PM,1209.5,0,0.0,22855749.2
2025-08-01 01:56:14 PM,1209.5,1,1209.5,22856958.7
2025-08-01 01:56:19 PM,1208.3,0,0.0,22856958.7
2025-08-01 01:56:24 PM,1208.3,1,1208.3,22858167.0
2025-08-01 01:59:18 PM,1208.3,20,24166.0,22882333.0
2025-08-01 02:01:41 PM,1209.0,0,0.0,22882333.0
2025-08-01 02:01:45 PM,1209.0,15,18135.0,22900468.0
2025-08-01 02:02:29 PM,1208.3,40,48332.0,22948800.0
2025-08-01 02:02:53 PM,1205.3,0,0.0,22948800.0
2025-08-01 02:02:54 PM,1205.3,321,386901.3,23335701.3
2025-08-01 02:02:58 PM,1205.2,0,0.0,23335701.3
2025-08-01 02:02:59 PM,1205.2,2,2410.4,23338111.7
2025-08-01 02:03:04 PM,1205.2,11,13257.2,23351368.9
2025-08-01 02:03:15 PM,1206.0,6,7236.0,23358604.9
2025-08-01 02:03:23 PM,1205.2,0,0.0,23358604.9
2025-08-01 02:03:25 PM,1205.2,10,12052.0,23370656.9
2025-08-01 02:03:46 PM,1205.9,0,0.0,23370656.9
2025-08-01 02:03:50 PM,1205.9,58,69942.20000000001,23440599.099999998
2025-08-01 02:03:51 PM,1206.3,0,0.0,23440599.099999998
2025-08-01 02:03:55 PM,1206.5,56,67564.0,23508163.099999998
2025-08-01 02:04:41 PM,1207.4,0,0.0,23508163.099999998
2025-08-01 02:04:46 PM,1207.4,10,12074.0,23520237.099999998
2025-08-01 02:05:16 PM,1207.4,9,10866.6,23531103.7
2025-08-01 02:05:21 PM,1207.4,1,1207.4,23532311.099999998
2025-08-01 02:05:36 PM,1207.4,1,1207.4,23533518.499999996
2025-08-01 02:05:51 PM,1207.3,0,0.0,23533518.499999996
2025-08-01 02:05:51 PM,1207.3,3,3621.8999999999996,23537140.399999995
2025-08-01 02:07:32 PM,1207.6,30,36228.0,23573368.399999995
2025-08-01 02:08:36 PM,1207.0,0,0.0,23573368.399999995
2025-08-01 02:08:39 PM,1207.0,5,6035.0,23579403.399999995
2025-08-01 02:09:10 PM,1207.8,4,4831.2,23584234.599999994
2025-08-01 02:11:00 PM,1207.8,5,6039.0,23590273.599999994
2025-08-01 02:11:03 PM,1207.6,0,0.0,23590273.599999994
2025-08-01 02:11:06 PM,1207.6,5,6038.0,23596311.599999994
2025-08-01 02:11:43 PM,1207.6,1,1207.6,23597519.199999996
2025-08-01 02:11:48 PM,1207.6,1,1207.6,23598726.799999997
2025-08-01 02:15:59 PM,1207.4,0,0.0,23598726.799999997
2025-08-01 02:15:59 PM,1207.4,68,82103.20000000001,23680829.999999996
2025-08-01 02:17:43 PM,1206.9,0,0.0,23680829.999999996
2025-08-01 02:17:45 PM,1206.9,1,1206.9,23682036.899999995
2025-08-01 02:19:37 PM,1207.5,0,0.0,23682036.899999995
2025-08-01 02:19:38 PM,1207.5,1,1207.5,23683244.399999995
2025-08-01 02:19:49 PM,1208.9,74,89458.6,23772702.999999996
2025-08-01 02:20:00 PM,1207.6,2,2415.2,23775118.199999996
2025-08-01 02:20:21 PM,1207.5,0,0.0,23775118.199999996
2025-08-01 02:20:25 PM,1207.5,10,12075.0,23787193.199999996
2025-08-01 02:21:23 PM,1208.3,0,0.0,23787193.199999996
2025-08-01 02:21:27 PM,1208.3,30,36249.0,23823442.199999996
2025-08-01 02:21:51 PM,1206.3,0,0.0,23823442.199999996
2025-08-01 02:21:53 PM,1206.3,101,121836.29999999999,23945278.499999996
2025-08-01 02:21:56 PM,1206.6,0,0.0,23945278.499999996
2025-08-01 02:21:58 PM,1206.6,18,21718.8,23966997.299999997
2025-08-01 02:22:14 PM,1206.6,93,112213.79999999999,24079211.099999998
2025-08-01 02:27:01 PM,1206.6,50,60329.99999999999,24139541.099999998
2025-08-01 02:28:14 PM,1206.0,0,0.0,24139541.099999998
2025-08-01 02:28:17 PM,1206.0,15,18090.0,24157631.099999998
2025-08-01 02:28:19 PM,1206.7,0,0.0,24157631.099999998
2025-08-01 02:28:23 PM,1206.7,24,28960.800000000003,24186591.9
2025-08-01 02:30:02 PM,1207.2,0,0.0,24186591.9
2025-08-01 02:30:02 PM,1207.2,7,8450.4,24195042.299999997
2025-08-01 02:31:08 PM,1207.2,1,1207.2,24196249.499999996
2025-08-01 02:31:35 PM,1206.7,0,0.0,24196249.499999996
2025-08-01 02:31:36 PM,1206.7,2,2413.4,24198662.899999995
2025-08-01 02:31:41 PM,1207.3,0,0.0,24198662.899999995
2025-08-01 02:31:41 PM,1207.3,8,9658.4,24208321.299999993
2025-08-01 02:32:06 PM,1207.2,0,0.0,24208321.299999993
2025-08-01 02:32:07 PM,1207.2,150,181080.0,24389401.299999993
2025-08-01 02:36:21 PM,1207.2,1,1207.2,24390608.499999993
2025-08-01 02:36:42 PM,1206.3,25,30157.5,24420765.999999993
2025-08-01 02:37:09 PM,1205.2,50,60260.0,24481025.999999993
2025-08-01 02:37:39 PM,1205.2,30,36156.0,24517181.999999993
2025-08-01 02:38:00 PM,1205.2,500,602600.0,25119781.999999993
2025-08-01 02:38:18 PM,1205.2,100,120520.0,25240301.999999993
2025-08-01 02:38:25 PM,1205.2,15,18078.0,25258379.999999993
2025-08-01 02:38:29 PM,1205.2,220,265144.0,25523523.999999993
2025-08-01 02:38:36 PM,1206.1,2,2412.2,25525936.19999999
2025-08-01 02:38:51 PM,1205.2,0,0.0,25525936.19999999
2025-08-01 02:38:52 PM,1205.2,14,16872.8,25542808.999999993
2025-08-01 02:39:04 PM,1205.2,2,2410.4,25545219.39999999
2025-08-01 02:39:09 PM,1206.1,0,0.0,25545219.39999999
2025-08-01 02:39:10 PM,1206.1,1,1206.1,25546425.499999993
2025-08-01 02:39:24 PM,1207.1,0,0.0,25546425.499999993
2025-08-01 02:39:26 PM,1206.5,0,0.0,25546425.499999993
2025-08-01 02:39:27 PM,1206.5,78,94107.0,25640532.499999993
2025-08-01 02:40:03 PM,1207.5,0,0.0,25640532.499999993
2025-08-01 02:40:06 PM,1207.5,1,1207.5,25641739.999999993
2025-08-01 02:40:36 PM,1207.6,0,0.0,25641739.999999993
2025-08-01 02:40:39 PM,1207.6,2,2415.2,25644155.19999999
2025-08-01 02:41:44 PM,1207.2,3,3621.6000000000004,25647776.799999993
2025-08-01 02:41:59 PM,1206.5,0,0.0,25647776.799999993
2025-08-01 02:42:00 PM,1206.5,5,6032.5,25653809.299999993
2025-08-01 02:43:20 PM,1206.4,20,24128.0,25677937.299999993
2025-08-01 02:45:12 PM,1205.3,0,0.0,25677937.299999993
2025-08-01 02:45:12 PM,1205.3,15,18079.5,25696016.799999993
2025-08-01 02:45:18 PM,1206.4,1,1206.4,25697223.19999999
2025-08-01 02:45:42 PM,1205.8,0,0.0,25697223.19999999
2025-08-01 02:45:45 PM,1205.8,9,10852.199999999999,25708075.39999999
2025-08-01 02:46:03 PM,1206.4,0,0.0,25708075.39999999
2025-08-01 02:46:07 PM,1206.4,22,26540.800000000003,25734616.19999999
2025-08-01 02:46:17 PM,1206.6,0,0.0,25734616.19999999
2025-08-01 02:46:19 PM,1206.6,4,4826.4,25739442.59999999
2025-08-01 02:47:20 PM,1207.8,0,0.0,25739442.59999999
2025-08-01 02:47:20 PM,1207.8,16,19324.8,25758767.39999999
2025-08-01 02:48:13 PM,1208.8,0,0.0,25758767.39999999
2025-08-01 02:48:17 PM,1208.8,25,30220.0,25788987.39999999
2025-08-01 02:48:31 PM,1208.3,0,0.0,25788987.39999999
2025-08-01 02:48:34 PM,1208.3,5,6041.5,25795028.89999999
2025-08-01 02:50:02 PM,1208.0,0,0.0,25795028.89999999
2025-08-01 02:50:03 PM,1208.0,4,4832.0,25799860.89999999
2025-08-01 02:51:51 PM,1208.0,3,3624.0,25803484.89999999
2025-08-01 02:52:31 PM,1207.3,0,0.0,25803484.89999999
2025-08-01 02:52:34 PM,1207.3,1,1207.3,25804692.19999999
2025-08-01 02:52:41 PM,1207.3,5,6036.5,25810728.69999999
2025-08-01 02:54:53 PM,1207.3,3,3621.8999999999996,25814350.59999999
2025-08-01 02:55:10 PM,1207.1,10,12071.0,25826421.59999999
2025-08-01 02:55:15 PM,1205.6,0,0.0,25826421.59999999
2025-08-01 02:55:16 PM,1205.6,22,26523.199999999997,25852944.79999999
2025-08-01 02:56:09 PM,1207.2,0,0.0,25852944.79999999
2025-08-01 02:56:11 PM,1207.2,20,24144.0,25877088.79999999
2025-08-01 02:56:54 PM,1207.1,0,0.0,25877088.79999999
2025-08-01 02:56:55 PM,1207.1,6,7242.599999999999,25884331.39999999
2025-08-01 02:58:22 PM,1205.4,0,0.0,25884331.39999999
2025-08-01 02:58:25 PM,1205.4,50,60270.00000000001,25944601.39999999
2025-08-01 02:58:36 PM,1206.9,22,26551.800000000003,25971153.19999999
2025-08-01 02:58:54 PM,1207.1,0,0.0,25971153.19999999
2025-08-01 02:58:54 PM,1207.1,1,1207.1,25972360.299999993
2025-08-01 03:00:02 PM,1206.3,1,1206.3,25973566.599999994
2025-08-01 03:00:50 PM,1206.3,42,50664.6,26024231.199999996
2025-08-01 03:01:12 PM,1206.5,0,0.0,26024231.199999996
2025-08-01 03:01:12 PM,1206.5,2,2413.0,26026644.199999996
2025-08-01 03:02:06 PM,1206.5,3,3619.5,26030263.699999996
2025-08-01 03:04:48 PM,1206.2,0,0.0,26030263.699999996
2025-08-01 03:04:49 PM,1206.2,4,4824.8,26035088.499999996
2025-08-01 03:05:20 PM,1206.2,152,183342.4,26218430.899999995
2025-08-01 03:05:23 PM,1205.2,259,312146.8,26530577.699999996
2025-08-01 03:05:45 PM,1206.2,0,0.0,26530577.699999996
2025-08-01 03:05:45 PM,1206.2,58,69959.6,26600537.299999997
2025-08-01 03:05:48 PM,1205.2,25,30130.0,26630667.299999997
2025-08-01 03:05:58 PM,1205.2,250,301300.0,26931967.299999997
2025-08-01 03:06:13 PM,1205.2,50,60260.0,26992227.299999997
2025-08-01 03:06:29 PM,1206.0,101,121806.0,27114033.299999997
2025-08-01 03:06:37 PM,1206.0,32,38592.0,27152625.299999997
2025-08-01 03:07:06 PM,1206.1,21,25328.1,27177953.4
2025-08-01 03:07:21 PM,1206.1,6,7236.599999999999,27185190.0
2025-08-01 03:08:35 PM,1206.1,13,15679.3,27200869.3
2025-08-01 03:09:04 PM,1205.2,10,12052.0,27212921.3
2025-08-01 03:09:30 PM,1206.4,0,0.0,27212921.3
2025-08-01 03:09:32 PM,1206.4,43,51875.200000000004,27264796.5
2025-08-01 03:09:39 PM,1205.3,0,0.0,27264796.5
2025-08-01 03:09:43 PM,1208.1,937,1131989.7,28396786.2
2025-08-01 03:09:45 PM,1205.7,40,48228.0,28445014.2
2025-08-01 03:10:13 PM,1205.4,0,0.0,28445014.2
2025-08-01 03:10:14 PM,1205.4,17,20491.800000000003,28465506.0
2025-08-01 03:10:41 PM,1205.3,3,3615.8999999999996,28469121.9
2025-08-01 03:10:46 PM,1204.0,0,0.0,28469121.9
2025-08-01 03:10:47 PM,1204.0,1112,1338848.0,29807969.9
2025-08-01 03:10:52 PM,1200.8,0,0.0,29807969.9
2025-08-01 03:10:53 PM,1200.8,274,329019.2,30136989.099999998
2025-08-01 03:11:10 PM,1203.2,1,1203.2,30138192.299999997
2025-08-01 03:11:17 PM,1202.8,6,7216.799999999999,30145409.099999998
2025-08-01 03:11:19 PM,1201.3,19,22824.7,30168233.799999997
2025-08-01 03:11:29 PM,1201.3,67,80487.09999999999,30248720.9
2025-08-01 03:11:32 PM,1200.0,150,180000.0,30428720.9
2025-08-01 03:11:51 PM,1202.3,0,0.0,30428720.9
2025-08-01 03:11:55 PM,1202.3,100,120230.0,30548950.9
2025-08-01 03:12:01 PM,1203.8,0,0.0,30548950.9
2025-08-01 03:12:02 PM,1203.8,134,161309.19999999998,30710260.099999998
2025-08-01 03:12:21 PM,1203.7,2,2407.4,30712667.499999996
2025-08-01 03:12:26 PM,1204.1,0,0.0,30712667.499999996
2025-08-01 03:12:28 PM,1204.1,100,120409.99999999999,30833077.499999996
2025-08-01 03:12:37 PM,1204.1,1,1204.1,30834281.599999998
2025-08-01 03:12:41 PM,1201.2,22,26426.4,30860707.999999996
2025-08-01 03:12:47 PM,1201.3,2,2402.6,30863110.599999998
2025-08-01 03:12:50 PM,1203.8,0,0.0,30863110.599999998
2025-08-01 03:12:50 PM,1203.8,10,12038.0,30875148.599999998
2025-08-01 03:13:55 PM,1201.1,15,18016.5,30893165.099999998
2025-08-01 03:14:50 PM,1201.1,158,189773.8,31082938.9
2025-08-01 03:14:54 PM,1200.7,4,4802.8,31087741.7
2025-08-01 03:15:00 PM,1203.4,80,96272.0,31184013.7
2025-08-01 03:15:02 PM,1203.8,0,0.0,31184013.7
2025-08-01 03:15:02 PM,1203.8,114,137233.19999999998,31321246.9
2025-08-01 03:16:13 PM,1200.0,184,220800.0,31542046.9
2025-08-01 03:16:20 PM,1201.3,7,8409.1,31550456.0
2025-08-01 03:16:39 PM,1201.1,0,0.0,31550456.0
2025-08-01 03:16:40 PM,1201.1,1,1201.1,31551657.1
2025-08-01 03:16:47 PM,1202.4,129,155109.6,31706766.700000003
2025-08-01 03:17:00 PM,1200.3,40,48012.0,31754778.700000003
2025-08-01 03:17:04 PM,1202.1,0,0.0,31754778.700000003
2025-08-01 03:17:07 PM,1202.1,5,6010.5,31760789.200000003
2025-08-01 03:17:21 PM,1200.3,548,657764.4,32418553.6
2025-08-01 03:17:27 PM,1200.2,0,0.0,32418553.6
2025-08-01 03:17:27 PM,1200.2,134,160826.80000000002,32579380.400000002
2025-08-01 03:17:32 PM,1198.1,0,0.0,32579380.400000002
2025-08-01 03:17:34 PM,1198.1,75,89857.5,32669237.900000002
2025-08-01 03:17:47 PM,1198.2,3,3594.6000000000004,32672832.500000004
2025-08-01 03:17:55 PM,1196.5,120,143580.0,32816412.500000004
2025-08-01 03:17:59 PM,1199.0,1,1199.0,32817611.500000004
2025-08-01 03:18:01 PM,1198.6,1,1198.6,32818810.100000005
2025-08-01 03:18:02 PM,1198.5,0,0.0,32818810.100000005
2025-08-01 03:18:06 PM,1198.5,155,185767.5,33004577.600000005
2025-08-01 03:18:08 PM,1200.3,1400,1680420.0,34684997.60000001
2025-08-01 03:18:12 PM,1196.7,0,0.0,34684997.60000001
2025-08-01 03:18:13 PM,1196.7,85,101719.5,34786717.10000001
2025-08-01 03:18:20 PM,1196.9,2,2393.8,34789110.900000006
2025-08-01 03:18:21 PM,1199.0,0,0.0,34789110.900000006
2025-08-01 03:18:22 PM,1199.0,8,9592.0,34798702.900000006
2025-08-01 03:18:39 PM,1197.0,14,16758.0,34815460.900000006
2025-08-01 03:18:41 PM,1196.7,6,7180.200000000001,34822641.10000001
2025-08-01 03:18:46 PM,1198.7,2,2397.4,34825038.50000001
2025-08-01 03:18:47 PM,1198.7,10,11987.0,34837025.50000001
2025-08-01 03:18:52 PM,1198.7,3,3596.1000000000004,34840621.60000001
2025-08-01 03:19:07 PM,1197.1,103,123301.29999999999,34963922.900000006
2025-08-01 03:19:16 PM,1196.6,0,0.0,34963922.900000006
2025-08-01 03:19:19 PM,1198.2,26,31153.2,34995076.10000001
2025-08-01 03:19:32 PM,1198.2,6,7189.200000000001,35002265.30000001
2025-08-01 03:19:34 PM,1198.7,10,11987.0,35014252.30000001
2025-08-01 03:19:53 PM,1198.7,4,4794.8,35019047.10000001
2025-08-01 03:19:58 PM,1198.7,10,11987.0,35031034.10000001
2025-08-01 03:20:02 PM,1197.7,0,0.0,35031034.10000001
2025-08-01 03:20:05 PM,1196.5,15,17947.5,35048981.60000001
2025-08-01 03:20:07 PM,1196.5,15,17947.5,35066929.10000001
2025-08-01 03:20:12 PM,1196.5,23,27519.5,35094448.60000001
2025-08-01 03:20:15 PM,1196.5,15,17947.5,35112396.10000001
2025-08-01 03:20:18 PM,1197.2,0,0.0,35112396.10000001
2025-08-01 03:20:20 PM,1197.6,23,27544.8,35139940.900000006
2025-08-01 03:20:22 PM,1196.0,12,14352.0,35154292.900000006
2025-08-01 03:20:27 PM,1196.0,11,13156.0,35167448.900000006
2025-08-01 03:20:29 PM,1197.5,40,47900.0,35215348.900000006
2025-08-01 03:20:34 PM,1198.0,0,0.0,35215348.900000006
2025-08-01 03:20:34 PM,1198.0,11,13178.0,35228526.900000006
2025-08-01 03:20:36 PM,1195.6,0,0.0,35228526.900000006
2025-08-01 03:20:36 PM,1195.6,100,119559.99999999999,35348086.900000006
2025-08-01 03:20:54 PM,1197.6,10,11976.0,35360062.900000006
2025-08-01 03:21:01 PM,1195.3,10,11953.0,35372015.900000006
2025-08-01 03:21:05 PM,1197.2,0,0.0,35372015.900000006
2025-08-01 03:21:08 PM,1197.6,30,35928.0,35407943.900000006
2025-08-01 03:21:15 PM,1200.3,0,0.0,35407943.900000006
2025-08-01 03:21:15 PM,1200.3,372,446511.6,35854455.50000001
2025-08-01 03:21:18 PM,1198.1,9,10782.9,35865238.400000006
2025-08-01 03:22:13 PM,1199.7,0,0.0,35865238.400000006
2025-08-01 03:22:16 PM,1199.7,6,7198.200000000001,35872436.60000001
2025-08-01 03:22:32 PM,1196.8,0,0.0,35872436.60000001
2025-08-01 03:22:36 PM,1196.4,104,124425.6,35996862.20000001
2025-08-01 03:22:41 PM,1198.5,0,0.0,35996862.20000001
2025-08-01 03:22:43 PM,1198.5,6,7191.0,36004053.20000001
2025-08-01 03:23:18 PM,1197.5,0,0.0,36004053.20000001
2025-08-01 03:23:18 PM,1197.5,8,9580.0,36013633.20000001
2025-08-01 03:23:23 PM,1197.8,23,27549.399999999998,36041182.60000001
2025-08-01 03:23:25 PM,1197.8,1,1197.8,36042380.400000006
2025-08-01 03:23:36 PM,1197.8,9,10780.199999999999,36053160.60000001
2025-08-01 03:23:49 PM,1197.8,2,2395.6,36055556.20000001
2025-08-01 03:24:04 PM,1197.8,39,46714.2,36102270.40000001
2025-08-01 03:24:16 PM,1198.4,41,49134.4,36151404.80000001
2025-08-01 03:24:18 PM,1198.5,10,11985.0,36163389.80000001
2025-08-01 03:24:23 PM,1198.7,14,16781.8,36180171.60000001
2025-08-01 03:24:28 PM,1198.2,0,0.0,36180171.60000001
2025-08-01 03:24:29 PM,1198.2,79,94657.8,36274829.400000006
2025-08-01 03:25:00 PM,1200.2,0,0.0,36274829.400000006
2025-08-01 03:25:03 PM,1200.2,84,100816.8,36375646.2
2025-08-01 03:25:35 PM,1199.7,2,2399.4,36378045.6
2025-08-01 03:25:37 PM,1199.5,0,0.0,36378045.6
2025-08-01 03:25:37 PM,1199.5,2,2399.0,36380444.6
2025-08-01 03:25:47 PM,1200.3,0,0.0,36380444.6
2025-08-01 03:25:48 PM,1200.3,1,1200.3,36381644.9
2025-08-01 03:25:50 PM,1199.2,0,0.0,36381644.9
2025-08-01 03:25:55 PM,1199.8,182,218363.6,36600008.5
2025-08-01 03:26:01 PM,1199.8,11,13197.8,36613206.3
2025-08-01 03:26:08 PM,1199.8,1,1199.8,36614406.099999994
2025-08-01 03:26:35 PM,1198.7,2,2397.4,36616803.49999999
2025-08-01 03:26:50 PM,1198.3,4,4793.2,36621596.699999996
2025-08-01 03:26:55 PM,1198.2,64,76684.8,36698281.49999999
2025-08-01 03:27:10 PM,1198.2,8,9585.6,36707867.099999994
2025-08-01 03:27:15 PM,1197.0,433,518301.0,37226168.099999994
2025-08-01 03:27:24 PM,1198.1,1,1198.1,37227366.199999996
2025-08-01 03:27:29 PM,1197.0,0,0.0,37227366.199999996
2025-08-01 03:27:29 PM,1197.0,21,25137.0,37252503.199999996
2025-08-01 03:27:37 PM,1196.5,2,2393.0,37254896.199999996
2025-08-01 03:27:46 PM,1197.0,14,16758.0,37271654.199999996
2025-08-01 03:27:51 PM,1197.0,1,1197.0,37272851.199999996
2025-08-01 03:27:57 PM,1196.0,4,4784.0,37277635.199999996
2025-08-01 03:28:09 PM,1197.0,0,0.0,37277635.199999996
2025-08-01 03:28:11 PM,1197.0,37,44289.0,37321924.199999996
2025-08-01 03:28:19 PM,1196.0,0,0.0,37321924.199999996
2025-08-01 03:28:20 PM,1195.2,86,102787.2,37424711.4
2025-08-01 03:28:23 PM,1195.1,0,0.0,37424711.4
2025-08-01 03:28:25 PM,1195.0,98,117110.0,37541821.4
2025-08-01 03:28:27 PM,1196.8,1,1196.8,37543018.199999996
2025-08-01 03:28:29 PM,1195.0,0,0.0,37543018.199999996
2025-08-01 03:28:32 PM,1195.0,42,50190.0,37593208.199999996
2025-08-01 03:28:39 PM,1191.6,0,0.0,37593208.199999996
2025-08-01 03:28:39 PM,1191.6,51,60771.6,37653979.8
2025-08-01 03:28:42 PM,1194.0,0,0.0,37653979.8
2025-08-01 03:28:46 PM,1194.0,53,63282.0,37717261.8
2025-08-01 03:28:48 PM,1191.6,7,8341.199999999999,37725603.0
2025-08-01 03:28:53 PM,1191.6,52,61963.2,37787566.2
2025-08-01 03:29:07 PM,1195.8,6,7174.799999999999,37794741.0
2025-08-01 03:29:14 PM,1195.7,0,0.0,37794741.0
2025-08-01 03:29:15 PM,1195.7,2,2391.4,37797132.4
2025-08-01 03:29:23 PM,1195.7,15,17935.5,37815067.9
2025-08-01 03:29:25 PM,1191.7,4,4766.8,37819834.699999996
2025-08-01 03:29:30 PM,1194.9,3,3584.7000000000003,37823419.4
2025-08-01 03:29:32 PM,1195.0,0,0.0,37823419.4
2025-08-01 03:29:32 PM,1195.0,4,4780.0,37828199.4
2025-08-01 03:29:38 PM,1195.0,8,9560.0,37837759.4
2025-08-01 03:29:43 PM,1194.9,0,0.0,37837759.4
2025-08-01 03:29:45 PM,1194.9,17,20313.300000000003,37858072.699999996
2025-08-01 03:29:48 PM,1192.0,18,21456.0,37879528.699999996
2025-08-01 03:29:52 PM,1191.9,3,3575.7000000000003,37883104.4
2025-08-01 03:29:54 PM,1191.6,0,0.0,37883104.4
2025-08-01 03:29:55 PM,1191.6,6,7149.599999999999,37890254.0
