date,price,qty,trnvr,cum_trnvr
2025-08-01 09:15:05 AM,1996.0,29,57884.0,57884.0
2025-08-01 09:15:23 AM,1998.3,0,0.0,57884.0
2025-08-01 09:15:27 AM,1998.3,25,49957.5,107841.5
2025-08-01 09:16:00 AM,1995.3,26,51877.799999999996,159719.3
2025-08-01 09:16:12 AM,1992.3,0,0.0,159719.3
2025-08-01 09:16:16 AM,1992.3,8,15938.4,175657.69999999998
2025-08-01 09:16:19 AM,1996.1,0,0.0,175657.69999999998
2025-08-01 09:16:25 AM,1997.0,197,393409.0,569066.7
2025-08-01 09:16:26 AM,1994.1,1,1994.1,571060.7999999999
2025-08-01 09:16:30 AM,1995.1,0,0.0,571060.7999999999
2025-08-01 09:16:33 AM,2000.4,104,208041.6,779102.3999999999
2025-08-01 09:16:34 AM,1995.7,1,1995.7,781098.0999999999
2025-08-01 09:16:39 AM,1997.0,0,0.0,781098.0999999999
2025-08-01 09:16:41 AM,1997.0,2,3994.0,785092.0999999999
2025-08-01 09:16:42 AM,1998.1,1,1998.1,787090.1999999998
2025-08-01 09:16:58 AM,2000.4,1,2000.4,789090.5999999999
2025-08-01 09:16:59 AM,2001.0,2,4002.0,793092.5999999999
2025-08-01 09:17:06 AM,2002.3,3,6006.9,799099.4999999999
2025-08-01 09:17:08 AM,2007.6,0,0.0,799099.4999999999
2025-08-01 09:17:14 AM,2007.6,29,58220.399999999994,857319.8999999999
2025-08-01 09:17:17 AM,2006.3,0,0.0,857319.8999999999
2025-08-01 09:17:19 AM,2007.0,0,0.0,857319.8999999999
2025-08-01 09:17:22 AM,2007.0,3,6021.0,863340.8999999999
2025-08-01 09:17:23 AM,2007.0,10,20070.0,883410.8999999999
2025-08-01 09:17:25 AM,2004.6,0,0.0,883410.8999999999
2025-08-01 09:17:30 AM,2004.6,72,144331.19999999998,1027742.0999999999
2025-08-01 09:17:31 AM,2002.3,1,2002.3,1029744.3999999999
2025-08-01 09:17:35 AM,2004.1,0,0.0,1029744.3999999999
2025-08-01 09:17:39 AM,1998.8,54,107935.2,1137679.5999999999
2025-08-01 09:17:40 AM,1997.2,1,1997.2,1139676.7999999998
2025-08-01 09:17:47 AM,1997.1,1,1997.1,1141673.9
2025-08-01 09:17:51 AM,1995.9,0,0.0,1141673.9
2025-08-01 09:17:55 AM,1995.9,20,39918.0,1181591.9
2025-08-01 09:17:56 AM,1995.3,1,1995.3,1183587.2
2025-08-01 09:18:07 AM,1999.0,0,0.0,1183587.2
2025-08-01 09:18:12 AM,1999.0,30,59970.0,1243557.2
2025-08-01 09:18:13 AM,1998.1,1,1998.1,1245555.3
2025-08-01 09:18:20 AM,2001.2,48,96057.6,1341612.9000000001
2025-08-01 09:18:22 AM,1999.8,1,1999.8,1343612.7000000002
2025-08-01 09:18:28 AM,1999.8,1,1999.8,1345612.5000000002
2025-08-01 09:18:33 AM,2002.2,0,0.0,1345612.5000000002
2025-08-01 09:18:37 AM,2002.2,1,2002.2,1347614.7000000002
2025-08-01 09:18:45 AM,2002.7,11,22029.7,1369644.4000000001
2025-08-01 09:18:53 AM,2002.6,5,10013.0,1379657.4000000001
2025-08-01 09:18:54 AM,2002.6,1,2002.6,1381660.0000000002
2025-08-01 09:19:50 AM,2002.6,50,100130.0,1481790.0000000002
2025-08-01 09:19:57 AM,2000.2,0,0.0,1481790.0000000002
2025-08-01 09:19:57 AM,2000.2,2,4000.4,1485790.4000000001
2025-08-01 09:20:15 AM,2000.2,8,16001.6,1501792.0000000002
2025-08-01 09:20:57 AM,2000.3,0,0.0,1501792.0000000002
2025-08-01 09:21:00 AM,2000.3,5,10001.5,1511793.5000000002
2025-08-01 09:21:06 AM,2002.7,0,0.0,1511793.5000000002
2025-08-01 09:21:08 AM,2002.7,10,20027.0,1531820.5000000002
2025-08-01 09:21:18 AM,2003.0,0,0.0,1531820.5000000002
2025-08-01 09:21:24 AM,2003.0,9,18027.0,1549847.5000000002
2025-08-01 09:21:38 AM,2002.0,0,0.0,1549847.5000000002
2025-08-01 09:21:39 AM,2002.0,22,44044.0,1593891.5000000002
2025-08-01 09:21:40 AM,2002.0,20,40040.0,1633931.5000000002
2025-08-01 09:22:17 AM,2001.3,1,2001.3,1635932.8000000003
2025-08-01 09:22:27 AM,2000.6,25,50015.0,1685947.8000000003
2025-08-01 09:22:33 AM,2002.6,0,0.0,1685947.8000000003
2025-08-01 09:22:34 AM,2002.6,114,228296.4,1914244.2000000002
2025-08-01 09:22:42 AM,1999.9,1,1999.9,1916244.1
2025-08-01 09:22:53 AM,1998.5,0,0.0,1916244.1
2025-08-01 09:22:55 AM,1998.5,1,1998.5,1918242.6
2025-08-01 09:23:02 AM,2003.0,0,0.0,1918242.6
2025-08-01 09:23:03 AM,2003.0,51,102153.0,2020395.6
2025-08-01 09:23:05 AM,2000.8,1,2000.8,2022396.4000000001
2025-08-01 09:23:12 AM,1999.8,1,1999.8,2024396.2000000002
2025-08-01 09:23:18 AM,1999.0,1,1999.0,2026395.2000000002
2025-08-01 09:23:58 AM,1999.2,1,1999.2,2028394.4000000001
2025-08-01 09:24:12 AM,2000.0,11,22000.0,2050394.4000000001
2025-08-01 09:24:25 AM,2000.6,0,0.0,2050394.4000000001
2025-08-01 09:24:27 AM,2000.6,2,4001.2,2054395.6
2025-08-01 09:24:36 AM,2003.6,25,50090.0,2104485.6
2025-08-01 09:24:43 AM,2000.9,0,0.0,2104485.6
2025-08-01 09:24:44 AM,2000.9,1,2000.9,2106486.5
2025-08-01 09:24:56 AM,2003.1,0,0.0,2106486.5
2025-08-01 09:24:57 AM,2003.1,24,48074.399999999994,2154560.9
2025-08-01 09:24:59 AM,2000.9,1,2000.9,2156561.8
2025-08-01 09:25:27 AM,2002.9,2,4005.8,2160567.5999999996
2025-08-01 09:25:41 AM,2003.9,0,0.0,2160567.5999999996
2025-08-01 09:25:42 AM,2003.9,4,8015.6,2168583.1999999997
2025-08-01 09:25:52 AM,2006.5,0,0.0,2168583.1999999997
2025-08-01 09:25:57 AM,2006.5,15,30097.5,2198680.6999999997
2025-08-01 09:25:58 AM,2005.7,0,0.0,2198680.6999999997
2025-08-01 09:25:59 AM,2005.7,3,6017.1,2204697.8
2025-08-01 09:26:04 AM,2007.4,0,0.0,2204697.8
2025-08-01 09:26:05 AM,2007.4,1,2007.4,2206705.1999999997
2025-08-01 09:26:11 AM,2008.0,0,0.0,2206705.1999999997
2025-08-01 09:26:12 AM,2008.0,30,60240.0,2266945.1999999997
2025-08-01 09:26:14 AM,2006.5,1,2006.5,2268951.6999999997
2025-08-01 09:26:18 AM,2004.9,0,0.0,2268951.6999999997
2025-08-01 09:26:20 AM,2004.9,24,48117.600000000006,2317069.3
2025-08-01 09:26:22 AM,2005.2,1,2005.2,2319074.5
2025-08-01 09:26:35 AM,2007.7,0,0.0,2319074.5
2025-08-01 09:26:36 AM,2007.7,21,42161.700000000004,2361236.2
2025-08-01 09:26:37 AM,2006.3,1,2006.3,2363242.5
2025-08-01 09:26:42 AM,2007.8,0,0.0,2363242.5
2025-08-01 09:26:43 AM,2007.8,1,2007.8,2365250.3
2025-08-01 09:26:54 AM,2008.0,0,0.0,2365250.3
2025-08-01 09:26:58 AM,2008.0,2,4016.0,2369266.3
2025-08-01 09:27:19 AM,2008.1,0,0.0,2369266.3
2025-08-01 09:27:20 AM,2008.1,7,14056.699999999999,2383323.0
2025-08-01 09:27:33 AM,2009.0,0,0.0,2383323.0
2025-08-01 09:27:35 AM,2009.0,2,4018.0,2387341.0
2025-08-01 09:27:38 AM,2011.2,0,0.0,2387341.0
2025-08-01 09:27:43 AM,2011.2,18,36201.6,2423542.6
2025-08-01 09:27:43 AM,2008.6,0,0.0,2423542.6
2025-08-01 09:27:44 AM,2008.6,101,202868.59999999998,2626411.2
2025-08-01 09:27:52 AM,2008.7,1,2008.7,2628419.9000000004
2025-08-01 09:27:58 AM,2008.7,3,6026.1,2634446.0000000005
2025-08-01 09:28:04 AM,2012.2,0,0.0,2634446.0000000005
2025-08-01 09:28:06 AM,2012.2,3,6036.6,2640482.6000000006
2025-08-01 09:28:28 AM,2014.6,0,0.0,2640482.6000000006
2025-08-01 09:28:29 AM,2014.6,16,32233.6,2672716.2000000007
2025-08-01 09:28:30 AM,2010.6,25,50265.0,2722981.2000000007
2025-08-01 09:28:38 AM,2010.7,1,2010.7,2724991.900000001
2025-08-01 09:28:44 AM,2013.0,0,0.0,2724991.900000001
2025-08-01 09:28:44 AM,2013.0,5,10065.0,2735056.900000001
2025-08-01 09:28:45 AM,2011.6,0,0.0,2735056.900000001
2025-08-01 09:28:45 AM,2011.6,308,619572.7999999999,3354629.7000000007
2025-08-01 09:28:49 AM,2010.2,0,0.0,3354629.7000000007
2025-08-01 09:28:50 AM,2012.5,0,0.0,3354629.7000000007
2025-08-01 09:28:52 AM,2012.5,60,120750.0,3475379.7000000007
2025-08-01 09:28:53 AM,2014.3,111,223587.3,3698967.0000000005
2025-08-01 09:29:02 AM,2010.4,0,0.0,3698967.0000000005
2025-08-01 09:29:07 AM,2012.9,0,0.0,3698967.0000000005
2025-08-01 09:29:07 AM,2010.3,6,12061.8,3711028.8000000003
2025-08-01 09:29:09 AM,2010.3,1,2010.3,3713039.1
2025-08-01 09:29:23 AM,2012.0,0,0.0,3713039.1
2025-08-01 09:29:24 AM,2013.7,81,163109.7,3876148.8000000003
2025-08-01 09:29:28 AM,2013.4,0,0.0,3876148.8000000003
2025-08-01 09:29:30 AM,2013.4,1,2013.4,3878162.2
2025-08-01 09:29:31 AM,2011.0,1,2011.0,3880173.2
2025-08-01 09:29:33 AM,2019.3,0,0.0,3880173.2
2025-08-01 09:29:37 AM,2019.9,440,888756.0,4768929.2
2025-08-01 09:29:43 AM,2018.2,0,0.0,4768929.2
2025-08-01 09:29:45 AM,2018.2,4,8072.8,4777002.0
2025-08-01 09:29:46 AM,2017.6,3,6052.799999999999,4783054.8
2025-08-01 09:29:48 AM,2020.9,0,0.0,4783054.8
2025-08-01 09:29:52 AM,2019.6,51,102999.59999999999,4886054.399999999
2025-08-01 09:29:53 AM,2019.9,2,4039.8,4890094.199999999
2025-08-01 09:29:58 AM,2021.8,0,0.0,4890094.199999999
2025-08-01 09:30:00 AM,2021.8,1,2021.8,4892115.999999999
2025-08-01 09:30:13 AM,2020.6,0,0.0,4892115.999999999
2025-08-01 09:30:15 AM,2020.6,32,64659.2,4956775.199999999
2025-08-01 09:30:19 AM,2019.8,0,0.0,4956775.199999999
2025-08-01 09:30:23 AM,2019.8,82,165623.6,5122398.799999999
2025-08-01 09:30:23 AM,2017.1,3,6051.299999999999,5128450.099999999
2025-08-01 09:30:53 AM,2017.1,1,2017.1,5130467.199999998
2025-08-01 09:31:20 AM,2020.0,0,0.0,5130467.199999998
2025-08-01 09:31:21 AM,2020.8,84,169747.19999999998,5300214.3999999985
2025-08-01 09:31:28 AM,2020.0,0,0.0,5300214.3999999985
2025-08-01 09:31:29 AM,2020.0,18,36360.0,5336574.3999999985
2025-08-01 09:31:38 AM,2020.9,0,0.0,5336574.3999999985
2025-08-01 09:31:43 AM,2020.9,28,56585.200000000004,5393159.599999999
2025-08-01 09:31:50 AM,2020.0,0,0.0,5393159.599999999
2025-08-01 09:31:50 AM,2020.0,44,88880.0,5482039.599999999
2025-08-01 09:31:57 AM,2020.0,2,4040.0,5486079.599999999
2025-08-01 09:32:11 AM,2020.0,2,4040.0,5490119.599999999
2025-08-01 09:32:18 AM,2017.7,35,70619.5,5560739.099999999
2025-08-01 09:33:06 AM,2017.6,0,0.0,5560739.099999999
2025-08-01 09:33:06 AM,2017.6,125,252200.0,5812939.099999999
2025-08-01 09:33:12 AM,2018.3,0,0.0,5812939.099999999
2025-08-01 09:33:13 AM,2018.3,127,256324.1,6069263.199999998
2025-08-01 09:33:17 AM,2018.4,0,0.0,6069263.199999998
2025-08-01 09:33:20 AM,2019.8,2,4039.6,6073302.799999998
2025-08-01 09:33:22 AM,2018.2,0,0.0,6073302.799999998
2025-08-01 09:33:27 AM,2018.2,3,6054.6,6079357.399999998
2025-08-01 09:34:42 AM,2019.7,0,0.0,6079357.399999998
2025-08-01 09:34:44 AM,2019.7,50,100985.0,6180342.399999998
2025-08-01 09:35:22 AM,2019.6,0,0.0,6180342.399999998
2025-08-01 09:35:26 AM,2019.6,1,2019.6,6182361.999999997
2025-08-01 09:35:32 AM,2016.9,0,0.0,6182361.999999997
2025-08-01 09:35:33 AM,2016.9,4,8067.6,6190429.599999997
2025-08-01 09:36:37 AM,2019.6,0,0.0,6190429.599999997
2025-08-01 09:36:39 AM,2019.6,25,50490.0,6240919.599999997
2025-08-01 09:36:53 AM,2018.2,0,0.0,6240919.599999997
2025-08-01 09:36:59 AM,2018.2,1,2018.2,6242937.799999997
2025-08-01 09:37:05 AM,2019.5,0,0.0,6242937.799999997
2025-08-01 09:37:06 AM,2019.5,2,4039.0,6246976.799999997
2025-08-01 09:37:26 AM,2017.2,0,0.0,6246976.799999997
2025-08-01 09:37:27 AM,2017.2,4,8068.8,6255045.599999997
2025-08-01 09:37:39 AM,2015.8,0,0.0,6255045.599999997
2025-08-01 09:37:41 AM,2015.8,75,151185.0,6406230.599999997
2025-08-01 09:37:43 AM,2015.9,0,0.0,6406230.599999997
2025-08-01 09:37:47 AM,2015.9,3,6047.700000000001,6412278.299999997
2025-08-01 09:38:02 AM,2015.1,0,0.0,6412278.299999997
2025-08-01 09:38:07 AM,2015.1,5,10075.5,6422353.799999997
2025-08-01 09:38:11 AM,2015.9,0,0.0,6422353.799999997
2025-08-01 09:38:14 AM,2015.9,50,100795.0,6523148.799999997
2025-08-01 09:38:17 AM,2015.4,0,0.0,6523148.799999997
2025-08-01 09:38:21 AM,2018.6,52,104967.2,6628115.999999997
2025-08-01 09:38:57 AM,2019.8,0,0.0,6628115.999999997
2025-08-01 09:39:01 AM,2019.8,1,2019.8,6630135.799999997
2025-08-01 09:39:38 AM,2018.1,0,0.0,6630135.799999997
2025-08-01 09:39:41 AM,2018.5,11,22203.5,6652339.299999997
2025-08-01 09:40:45 AM,2019.3,0,0.0,6652339.299999997
2025-08-01 09:40:47 AM,2019.3,124,250393.19999999998,6902732.499999997
2025-08-01 09:40:50 AM,2018.6,0,0.0,6902732.499999997
2025-08-01 09:40:53 AM,2018.6,6,12111.599999999999,6914844.099999997
2025-08-01 09:41:13 AM,2019.7,5,10098.5,6924942.599999997
2025-08-01 09:41:25 AM,2019.9,0,0.0,6924942.599999997
2025-08-01 09:41:27 AM,2019.9,49,98975.1,7023917.699999996
2025-08-01 09:41:33 AM,2018.0,50,100900.0,7124817.699999996
2025-08-01 09:41:37 AM,2017.8,0,0.0,7124817.699999996
2025-08-01 09:41:40 AM,2017.8,3,6053.4,7130871.099999997
2025-08-01 09:41:53 AM,2017.8,50,100890.0,7231761.099999997
2025-08-01 09:41:53 AM,2016.0,0,0.0,7231761.099999997
2025-08-01 09:41:54 AM,2016.0,100,201600.0,7433361.099999997
2025-08-01 09:41:57 AM,2016.9,0,0.0,7433361.099999997
2025-08-01 09:41:59 AM,2016.9,4,8067.6,7441428.699999996
2025-08-01 09:42:20 AM,2016.9,1,2016.9,7443445.599999997
2025-08-01 09:42:52 AM,2015.8,0,0.0,7443445.599999997
2025-08-01 09:42:52 AM,2015.8,1,2015.8,7445461.399999997
2025-08-01 09:43:18 AM,2015.8,5,10079.0,7455540.399999997
2025-08-01 09:43:48 AM,2015.7,0,0.0,7455540.399999997
2025-08-01 09:43:51 AM,2015.7,1,2015.7,7457556.099999997
2025-08-01 09:44:09 AM,2015.1,0,0.0,7457556.099999997
2025-08-01 09:44:11 AM,2015.1,56,112845.59999999999,7570401.699999996
2025-08-01 09:44:14 AM,2014.3,0,0.0,7570401.699999996
2025-08-01 09:44:16 AM,2015.5,0,0.0,7570401.699999996
2025-08-01 09:44:18 AM,2015.5,42,84651.0,7655052.699999996
2025-08-01 09:44:20 AM,2014.2,0,0.0,7655052.699999996
2025-08-01 09:44:24 AM,2014.2,1,2014.2,7657066.899999997
2025-08-01 09:44:42 AM,2013.4,0,0.0,7657066.899999997
2025-08-01 09:44:43 AM,2013.4,32,64428.8,7721495.699999996
2025-08-01 09:44:48 AM,2013.5,0,0.0,7721495.699999996
2025-08-01 09:44:50 AM,2013.5,5,10067.5,7731563.199999996
2025-08-01 09:44:52 AM,2015.9,0,0.0,7731563.199999996
2025-08-01 09:44:56 AM,2015.9,51,102810.90000000001,7834374.099999997
2025-08-01 09:45:07 AM,2017.0,0,0.0,7834374.099999997
2025-08-01 09:45:10 AM,2016.6,227,457768.19999999995,8292142.299999997
2025-08-01 09:45:16 AM,2014.6,28,56408.799999999996,8348551.099999997
2025-08-01 09:45:20 AM,2015.1,0,0.0,8348551.099999997
2025-08-01 09:45:22 AM,2015.1,23,46347.299999999996,8394898.399999997
2025-08-01 09:45:36 AM,2014.1,0,0.0,8394898.399999997
2025-08-01 09:45:37 AM,2014.1,100,201410.0,8596308.399999997
2025-08-01 09:45:44 AM,2014.3,0,0.0,8596308.399999997
2025-08-01 09:45:48 AM,2014.3,15,30214.5,8626522.899999997
2025-08-01 09:45:55 AM,2014.8,0,0.0,8626522.899999997
2025-08-01 09:45:56 AM,2014.8,1,2014.8,8628537.699999997
2025-08-01 09:46:01 AM,2014.1,227,457200.69999999995,9085738.399999997
2025-08-01 09:46:02 AM,2015.0,0,0.0,9085738.399999997
2025-08-01 09:46:02 AM,2015.0,4,8060.0,9093798.399999997
2025-08-01 09:46:08 AM,2014.8,6,12088.8,9105887.199999997
2025-08-01 09:46:08 AM,2014.9,0,0.0,9105887.199999997
2025-08-01 09:46:09 AM,2014.9,2,4029.8,9109916.999999998
2025-08-01 09:46:12 AM,2014.8,0,0.0,9109916.999999998
2025-08-01 09:46:14 AM,2014.8,18,36266.4,9146183.399999999
2025-08-01 09:46:21 AM,2015.0,3,6045.0,9152228.399999999
2025-08-01 09:46:34 AM,2014.9,0,0.0,9152228.399999999
2025-08-01 09:46:35 AM,2014.8,9,18133.2,9170361.599999998
2025-08-01 09:46:37 AM,2015.0,0,0.0,9170361.599999998
2025-08-01 09:46:40 AM,2015.0,30,60450.0,9230811.599999998
2025-08-01 09:46:45 AM,2013.8,0,0.0,9230811.599999998
2025-08-01 09:46:46 AM,2013.8,2,4027.6,9234839.199999997
2025-08-01 09:46:50 AM,2013.7,0,0.0,9234839.199999997
2025-08-01 09:46:52 AM,2013.7,2,4027.4,9238866.599999998
2025-08-01 09:47:17 AM,2013.4,1,2013.4,9240879.999999998
2025-08-01 09:47:22 AM,2014.8,0,0.0,9240879.999999998
2025-08-01 09:47:23 AM,2013.4,19,38254.6,9279134.599999998
2025-08-01 09:47:25 AM,2014.9,0,0.0,9279134.599999998
2025-08-01 09:47:25 AM,2014.9,1,2014.9,9281149.499999998
2025-08-01 09:47:43 AM,2015.0,0,0.0,9281149.499999998
2025-08-01 09:47:43 AM,2015.0,20,40300.0,9321449.499999998
2025-08-01 09:47:55 AM,2013.6,0,0.0,9321449.499999998
2025-08-01 09:47:56 AM,2013.6,1,2013.6,9323463.099999998
2025-08-01 09:48:03 AM,2015.0,2,4030.0,9327493.099999998
2025-08-01 09:48:31 AM,2013.6,100,201360.0,9528853.099999998
2025-08-01 09:48:35 AM,2015.0,25,50375.0,9579228.099999998
2025-08-01 09:48:44 AM,2015.0,7,14105.0,9593333.099999998
2025-08-01 09:48:57 AM,2015.0,2,4030.0,9597363.099999998
2025-08-01 09:49:01 AM,2015.0,9,18135.0,9615498.099999998
2025-08-01 09:49:03 AM,2015.0,8,16120.0,9631618.099999998
2025-08-01 09:49:07 AM,2015.0,6,12090.0,9643708.099999998
2025-08-01 09:49:13 AM,2015.0,14,28210.0,9671918.099999998
2025-08-01 09:49:41 AM,2015.0,4,8060.0,9679978.099999998
2025-08-01 09:49:44 AM,2015.0,13,26195.0,9706173.099999998
2025-08-01 09:50:03 AM,2014.9,5,10074.5,9716247.599999998
2025-08-01 09:50:33 AM,2016.0,0,0.0,9716247.599999998
2025-08-01 09:50:35 AM,2016.0,75,151200.0,9867447.599999998
2025-08-01 09:50:56 AM,2014.9,19,38283.1,9905730.699999997
2025-08-01 09:51:14 AM,2016.0,0,0.0,9905730.699999997
2025-08-01 09:51:15 AM,2016.0,200,403200.0,10308930.699999997
2025-08-01 09:52:01 AM,2015.5,0,0.0,10308930.699999997
2025-08-01 09:52:03 AM,2015.5,12,24186.0,10333116.699999997
2025-08-01 09:52:20 AM,2017.0,0,0.0,10333116.699999997
2025-08-01 09:52:21 AM,2017.0,2,4034.0,10337150.699999997
2025-08-01 09:52:26 AM,2016.3,0,0.0,10337150.699999997
2025-08-01 09:52:27 AM,2016.3,110,221793.0,10558943.699999997
2025-08-01 09:52:56 AM,2018.8,0,0.0,10558943.699999997
2025-08-01 09:52:58 AM,2018.8,5,10094.0,10569037.699999997
2025-08-01 09:52:59 AM,2019.5,0,0.0,10569037.699999997
2025-08-01 09:53:00 AM,2019.5,1,2019.5,10571057.199999997
2025-08-01 09:53:08 AM,2020.0,0,0.0,10571057.199999997
2025-08-01 09:53:10 AM,2020.0,154,311080.0,10882137.199999997
2025-08-01 09:53:31 AM,2019.2,0,0.0,10882137.199999997
2025-08-01 09:53:34 AM,2019.2,2,4038.4,10886175.599999998
2025-08-01 09:53:54 AM,2018.9,1,2018.9,10888194.499999998
2025-08-01 09:53:55 AM,2016.8,0,0.0,10888194.499999998
2025-08-01 09:54:00 AM,2016.8,1,2016.8,10890211.299999999
2025-08-01 09:54:12 AM,2016.8,10,20168.0,10910379.299999999
2025-08-01 09:54:34 AM,2019.2,0,0.0,10910379.299999999
2025-08-01 09:54:37 AM,2017.3,0,0.0,10910379.299999999
2025-08-01 09:54:37 AM,2017.3,59,119020.7,11029399.999999998
2025-08-01 09:55:51 AM,2018.7,0,0.0,11029399.999999998
2025-08-01 09:55:54 AM,2018.7,1,2018.7,11031418.699999997
2025-08-01 09:56:17 AM,2017.4,0,0.0,11031418.699999997
2025-08-01 09:56:19 AM,2017.4,5,10087.0,11041505.699999997
2025-08-01 09:56:36 AM,2017.4,2,4034.8,11045540.499999998
2025-08-01 09:56:42 AM,2017.4,10,20174.0,11065714.499999998
2025-08-01 09:57:56 AM,2017.4,7,14121.800000000001,11079836.299999999
2025-08-01 09:57:59 AM,2017.4,17,34295.8,11114132.1
2025-08-01 09:58:18 AM,2017.4,116,234018.40000000002,11348150.5
2025-08-01 09:58:26 AM,2016.3,3,6048.9,11354199.4
2025-08-01 09:58:30 AM,2017.1,1,2017.1,11356216.5
2025-08-01 09:59:00 AM,2017.1,3,6051.299999999999,11362267.8
2025-08-01 09:59:03 AM,2015.5,0,0.0,11362267.8
2025-08-01 09:59:03 AM,2015.5,4,8062.0,11370329.8
2025-08-01 09:59:06 AM,2017.7,70,141239.0,11511568.8
2025-08-01 09:59:08 AM,2015.1,0,0.0,11511568.8
2025-08-01 09:59:09 AM,2015.1,15,30226.5,11541795.3
2025-08-01 09:59:14 AM,2017.0,0,0.0,11541795.3
2025-08-01 09:59:15 AM,2017.0,4,8068.0,11549863.3
2025-08-01 09:59:37 AM,2015.8,0,0.0,11549863.3
2025-08-01 09:59:38 AM,2015.8,15,30237.0,11580100.3
2025-08-01 10:01:30 AM,2018.0,2,4036.0,11584136.3
2025-08-01 10:01:56 AM,2015.1,0,0.0,11584136.3
2025-08-01 10:01:59 AM,2015.1,111,223676.09999999998,11807812.4
2025-08-01 10:02:36 AM,2017.9,25,50447.5,11858259.9
2025-08-01 10:02:42 AM,2018.0,0,0.0,11858259.9
2025-08-01 10:02:43 AM,2018.0,5,10090.0,11868349.9
2025-08-01 10:03:17 AM,2018.0,50,100900.0,11969249.9
2025-08-01 10:03:34 AM,2016.4,1,2016.4,11971266.3
2025-08-01 10:03:47 AM,2017.7,0,0.0,11971266.3
2025-08-01 10:03:47 AM,2017.7,2,4035.4,11975301.700000001
2025-08-01 10:03:53 AM,2017.6,2,4035.2,11979336.9
2025-08-01 10:04:07 AM,2018.9,0,0.0,11979336.9
2025-08-01 10:04:08 AM,2018.9,111,224097.90000000002,12203434.8
2025-08-01 10:05:07 AM,2015.5,0,0.0,12203434.8
2025-08-01 10:05:07 AM,2017.0,0,0.0,12203434.8
2025-08-01 10:05:08 AM,2017.0,12,24204.0,12227638.8
2025-08-01 10:05:26 AM,2016.8,1,2016.8,12229655.600000001
2025-08-01 10:06:46 AM,2016.0,5,10080.0,12239735.600000001
2025-08-01 10:06:52 AM,2015.0,4,8060.0,12247795.600000001
2025-08-01 10:07:13 AM,2016.0,0,0.0,12247795.600000001
2025-08-01 10:07:15 AM,2016.0,1,2016.0,12249811.600000001
2025-08-01 10:07:52 AM,2014.8,423,852260.4,13102072.000000002
2025-08-01 10:07:55 AM,2015.2,0,0.0,13102072.000000002
2025-08-01 10:07:58 AM,2015.2,1,2015.2,13104087.200000001
2025-08-01 10:08:10 AM,2014.0,0,0.0,13104087.200000001
2025-08-01 10:08:11 AM,2015.0,11,22165.0,13126252.200000001
2025-08-01 10:08:13 AM,2015.0,1,2015.0,13128267.200000001
2025-08-01 10:08:19 AM,2015.0,13,26195.0,13154462.200000001
2025-08-01 10:08:23 AM,2013.4,0,0.0,13154462.200000001
2025-08-01 10:08:23 AM,2013.4,14,28187.600000000002,13182649.8
2025-08-01 10:08:35 AM,2013.0,100,201300.0,13383949.8
2025-08-01 10:09:09 AM,2013.3,0,0.0,13383949.8
2025-08-01 10:09:11 AM,2013.3,1,2013.3,13385963.100000001
2025-08-01 10:09:30 AM,2014.9,0,0.0,13385963.100000001
2025-08-01 10:09:30 AM,2014.9,9,18134.100000000002,13404097.200000001
2025-08-01 10:09:45 AM,2015.2,0,0.0,13404097.200000001
2025-08-01 10:09:46 AM,2015.2,40,80608.0,13484705.200000001
2025-08-01 10:10:17 AM,2016.1,0,0.0,13484705.200000001
2025-08-01 10:10:20 AM,2016.1,1,2016.1,13486721.3
2025-08-01 10:10:24 AM,2016.7,0,0.0,13486721.3
2025-08-01 10:10:26 AM,2016.7,1,2016.7,13488738.0
2025-08-01 10:10:48 AM,2014.8,0,0.0,13488738.0
2025-08-01 10:10:50 AM,2014.8,5,10074.0,13498812.0
2025-08-01 10:11:30 AM,2015.6,0,0.0,13498812.0
2025-08-01 10:11:31 AM,2015.6,5,10078.0,13508890.0
2025-08-01 10:12:12 AM,2016.8,0,0.0,13508890.0
2025-08-01 10:12:12 AM,2016.8,1,2016.8,13510906.8
2025-08-01 10:12:35 AM,2016.8,2,4033.6,13514940.4
2025-08-01 10:13:51 AM,2015.0,0,0.0,13514940.4
2025-08-01 10:13:52 AM,2015.0,18,36270.0,13551210.4
2025-08-01 10:14:39 AM,2015.2,0,0.0,13551210.4
2025-08-01 10:14:39 AM,2015.2,2,4030.4,13555240.8
2025-08-01 10:15:31 AM,2017.1,11,22188.1,13577428.9
2025-08-01 10:15:45 AM,2017.4,0,0.0,13577428.9
2025-08-01 10:15:49 AM,2017.4,1,2017.4,13579446.3
2025-08-01 10:16:11 AM,2017.7,0,0.0,13579446.3
2025-08-01 10:16:12 AM,2017.7,3,6053.1,13585499.4
2025-08-01 10:16:18 AM,2017.7,11,22194.7,13607694.1
2025-08-01 10:16:26 AM,2018.0,0,0.0,13607694.1
2025-08-01 10:16:30 AM,2018.0,4,8072.0,13615766.1
2025-08-01 10:17:15 AM,2017.0,0,0.0,13615766.1
2025-08-01 10:17:15 AM,2017.0,1,2017.0,13617783.1
2025-08-01 10:18:00 AM,2017.8,0,0.0,13617783.1
2025-08-01 10:18:01 AM,2017.5,2,4035.0,13621818.1
2025-08-01 10:18:24 AM,2017.9,0,0.0,13621818.1
2025-08-01 10:18:25 AM,2017.9,1,2017.9,13623836.0
2025-08-01 10:18:27 AM,2016.2,0,0.0,13623836.0
2025-08-01 10:18:29 AM,2017.1,0,0.0,13623836.0
2025-08-01 10:18:31 AM,2017.1,2,4034.2,13627870.2
2025-08-01 10:19:05 AM,2017.0,0,0.0,13627870.2
2025-08-01 10:19:05 AM,2017.0,36,72612.0,13700482.2
2025-08-01 10:19:10 AM,2021.7,333,673226.1,14373708.299999999
2025-08-01 10:20:07 AM,2021.7,19,38412.3,14412120.6
2025-08-01 10:20:22 AM,2019.7,0,0.0,14412120.6
2025-08-01 10:20:25 AM,2019.7,20,40394.0,14452514.6
2025-08-01 10:20:42 AM,2021.8,0,0.0,14452514.6
2025-08-01 10:20:43 AM,2021.8,2,4043.6,14456558.2
2025-08-01 10:20:56 AM,2019.7,1,2019.7,14458577.899999999
2025-08-01 10:20:58 AM,2021.8,0,0.0,14458577.899999999
2025-08-01 10:21:00 AM,2021.8,10,20218.0,14478795.899999999
2025-08-01 10:21:08 AM,2022.0,0,0.0,14478795.899999999
2025-08-01 10:21:11 AM,2022.0,104,210288.0,14689083.899999999
2025-08-01 10:21:17 AM,2019.8,10,20198.0,14709281.899999999
2025-08-01 10:21:36 AM,2022.0,0,0.0,14709281.899999999
2025-08-01 10:21:38 AM,2022.0,35,70770.0,14780051.899999999
2025-08-01 10:21:44 AM,2022.0,21,42462.0,14822513.899999999
2025-08-01 10:21:49 AM,2020.5,0,0.0,14822513.899999999
2025-08-01 10:21:50 AM,2020.5,1,2020.5,14824534.399999999
2025-08-01 10:22:47 AM,2022.0,1,2022.0,14826556.399999999
2025-08-01 10:23:06 AM,2022.0,10,20220.0,14846776.399999999
2025-08-01 10:23:08 AM,2021.9,0,0.0,14846776.399999999
2025-08-01 10:23:09 AM,2021.9,9,18197.100000000002,14864973.499999998
2025-08-01 10:23:36 AM,2023.2,0,0.0,14864973.499999998
2025-08-01 10:23:37 AM,2023.2,170,343944.0,15208917.499999998
2025-08-01 10:24:06 AM,2021.3,0,0.0,15208917.499999998
2025-08-01 10:24:09 AM,2022.6,36,72813.59999999999,15281731.099999998
2025-08-01 10:24:16 AM,2022.6,100,202260.0,15483991.099999998
2025-08-01 10:24:23 AM,2026.0,0,0.0,15483991.099999998
2025-08-01 10:24:25 AM,2026.0,441,893466.0,16377457.099999998
2025-08-01 10:24:27 AM,2023.8,0,0.0,16377457.099999998
2025-08-01 10:24:27 AM,2023.8,25,50595.0,16428052.099999998
2025-08-01 10:24:29 AM,2025.8,0,0.0,16428052.099999998
2025-08-01 10:24:30 AM,2025.8,35,70903.0,16498955.099999998
2025-08-01 10:25:01 AM,2027.4,0,0.0,16498955.099999998
2025-08-01 10:25:03 AM,2025.8,0,0.0,16498955.099999998
2025-08-01 10:25:03 AM,2025.8,245,496321.0,16995276.099999998
2025-08-01 10:25:12 AM,2025.0,0,0.0,16995276.099999998
2025-08-01 10:25:12 AM,2025.0,10,20250.0,17015526.099999998
2025-08-01 10:25:24 AM,2023.1,27,54623.7,17070149.799999997
2025-08-01 10:25:30 AM,2022.2,0,0.0,17070149.799999997
2025-08-01 10:25:32 AM,2022.2,14,28310.8,17098460.599999998
2025-08-01 10:25:49 AM,2023.0,0,0.0,17098460.599999998
2025-08-01 10:25:49 AM,2023.0,10,20230.0,17118690.599999998
2025-08-01 10:25:54 AM,2023.5,10,20235.0,17138925.599999998
2025-08-01 10:26:10 AM,2023.6,0,0.0,17138925.599999998
2025-08-01 10:26:11 AM,2023.6,3,6070.799999999999,17144996.4
2025-08-01 10:26:16 AM,2025.2,0,0.0,17144996.4
2025-08-01 10:26:16 AM,2025.2,462,935642.4,18080638.799999997
2025-08-01 10:26:42 AM,2028.0,0,0.0,18080638.799999997
2025-08-01 10:26:42 AM,2028.0,50,101400.0,18182038.799999997
2025-08-01 10:27:04 AM,2028.9,0,0.0,18182038.799999997
2025-08-01 10:27:05 AM,2028.9,3,6086.700000000001,18188125.499999996
2025-08-01 10:27:08 AM,2028.9,7,14202.300000000001,18202327.799999997
2025-08-01 10:27:13 AM,2030.0,0,0.0,18202327.799999997
2025-08-01 10:27:14 AM,2030.0,32,64960.0,18267287.799999997
2025-08-01 10:27:15 AM,2030.4,0,0.0,18267287.799999997
2025-08-01 10:27:17 AM,2030.4,2,4060.8,18271348.599999998
2025-08-01 10:27:21 AM,2029.0,0,0.0,18271348.599999998
2025-08-01 10:27:22 AM,2029.4,0,0.0,18271348.599999998
2025-08-01 10:27:22 AM,2029.4,262,531702.8,18803051.4
2025-08-01 10:27:27 AM,2030.6,0,0.0,18803051.4
2025-08-01 10:27:28 AM,2030.6,35,71071.0,18874122.4
2025-08-01 10:27:30 AM,2030.3,0,0.0,18874122.4
2025-08-01 10:27:30 AM,2030.3,5,10151.5,18884273.9
2025-08-01 10:27:35 AM,2028.0,20,40560.0,18924833.9
2025-08-01 10:27:37 AM,2029.6,0,0.0,18924833.9
2025-08-01 10:27:39 AM,2029.6,81,164397.6,19089231.5
2025-08-01 10:28:20 AM,2030.8,0,0.0,19089231.5
2025-08-01 10:28:22 AM,2030.8,56,113724.8,19202956.3
2025-08-01 10:28:34 AM,2031.0,0,0.0,19202956.3
2025-08-01 10:28:36 AM,2031.0,25,50775.0,19253731.3
2025-08-01 10:28:47 AM,2030.2,1,2030.2,19255761.5
2025-08-01 10:28:58 AM,2032.0,0,0.0,19255761.5
2025-08-01 10:28:58 AM,2032.0,48,97536.0,19353297.5
2025-08-01 10:29:00 AM,2031.2,5,10156.0,19363453.5
2025-08-01 10:29:01 AM,2033.8,0,0.0,19363453.5
2025-08-01 10:29:03 AM,2033.8,14,28473.2,19391926.7
2025-08-01 10:29:11 AM,2032.5,0,0.0,19391926.7
2025-08-01 10:29:12 AM,2032.5,336,682920.0,20074846.7
2025-08-01 10:29:17 AM,2031.7,0,0.0,20074846.7
2025-08-01 10:29:17 AM,2031.7,35,71109.5,20145956.2
2025-08-01 10:29:23 AM,2029.0,0,0.0,20145956.2
2025-08-01 10:29:23 AM,2029.0,682,1383778.0,21529734.2
2025-08-01 10:29:39 AM,2030.0,0,0.0,21529734.2
2025-08-01 10:29:40 AM,2030.0,75,152250.0,21681984.2
2025-08-01 10:29:49 AM,2030.3,0,0.0,21681984.2
2025-08-01 10:29:50 AM,2030.3,2,4060.6,21686044.8
2025-08-01 10:29:56 AM,2028.6,7,14200.199999999999,21700245.0
2025-08-01 10:30:05 AM,2030.3,10,20303.0,21720548.0
2025-08-01 10:30:13 AM,2028.6,17,34486.2,21755034.2
2025-08-01 10:30:22 AM,2028.6,12,24343.199999999997,21779377.4
2025-08-01 10:30:49 AM,2028.1,0,0.0,21779377.4
2025-08-01 10:30:50 AM,2028.1,1,2028.1,21781405.5
2025-08-01 10:30:57 AM,2028.0,0,0.0,21781405.5
2025-08-01 10:30:59 AM,2028.6,55,111573.0,21892978.5
2025-08-01 10:31:08 AM,2028.0,10,20280.0,21913258.5
2025-08-01 10:31:17 AM,2028.0,35,70980.0,21984238.5
2025-08-01 10:32:03 AM,2028.0,25,50700.0,22034938.5
2025-08-01 10:32:19 AM,2028.2,2,4056.4,22038994.9
2025-08-01 10:32:47 AM,2028.2,3,6084.6,22045079.5
2025-08-01 10:33:29 AM,2028.2,10,20282.0,22065361.5
2025-08-01 10:33:37 AM,2028.6,0,0.0,22065361.5
2025-08-01 10:33:37 AM,2028.6,1,2028.6,22067390.1
2025-08-01 10:33:45 AM,2030.2,0,0.0,22067390.1
2025-08-01 10:33:46 AM,2030.2,547,1110519.4000000001,23177909.5
2025-08-01 10:34:00 AM,2031.2,1,2031.2,23179940.7
2025-08-01 10:34:03 AM,2030.1,0,0.0,23179940.7
2025-08-01 10:34:03 AM,2030.1,5,10150.5,23190091.2
2025-08-01 10:34:11 AM,2030.1,3,6090.299999999999,23196181.5
2025-08-01 10:34:16 AM,2032.0,0,0.0,23196181.5
2025-08-01 10:34:17 AM,2032.0,17,34544.0,23230725.5
2025-08-01 10:34:31 AM,2030.1,0,0.0,23230725.5
2025-08-01 10:34:31 AM,2030.1,1,2030.1,23232755.6
2025-08-01 10:34:51 AM,2030.0,403,818090.0,24050845.6
2025-08-01 10:35:23 AM,2031.7,3,6095.1,24056940.700000003
2025-08-01 10:35:28 AM,2030.0,5,10150.0,24067090.700000003
2025-08-01 10:35:56 AM,2032.0,3,6096.0,24073186.700000003
2025-08-01 10:36:05 AM,2029.4,0,0.0,24073186.700000003
2025-08-01 10:36:07 AM,2029.4,369,748848.6,24822035.300000004
2025-08-01 10:36:08 AM,2025.7,0,0.0,24822035.300000004
2025-08-01 10:36:10 AM,2025.7,250,506425.0,25328460.300000004
2025-08-01 10:36:24 AM,2025.7,100,202570.0,25531030.300000004
2025-08-01 10:36:47 AM,2023.1,0,0.0,25531030.300000004
2025-08-01 10:36:48 AM,2023.1,50,101155.0,25632185.300000004
2025-08-01 10:37:01 AM,2025.3,0,0.0,25632185.300000004
2025-08-01 10:37:03 AM,2025.3,10,20253.0,25652438.300000004
2025-08-01 10:37:50 AM,2024.4,101,204464.40000000002,25856902.700000003
2025-08-01 10:38:55 AM,2020.2,0,0.0,25856902.700000003
2025-08-01 10:38:57 AM,2020.2,56,113131.2,25970033.900000002
2025-08-01 10:39:30 AM,2022.3,0,0.0,25970033.900000002
2025-08-01 10:39:31 AM,2022.3,3,6066.9,25976100.8
2025-08-01 10:40:00 AM,2022.1,0,0.0,25976100.8
2025-08-01 10:40:01 AM,2022.1,10,20221.0,25996321.8
2025-08-01 10:40:14 AM,2020.1,0,0.0,25996321.8
2025-08-01 10:40:15 AM,2020.1,120,242412.0,26238733.8
2025-08-01 10:40:22 AM,2021.9,0,0.0,26238733.8
2025-08-01 10:40:23 AM,2021.9,2,4043.8,26242777.6
2025-08-01 10:41:02 AM,2023.0,0,0.0,26242777.6
2025-08-01 10:41:02 AM,2023.0,100,202300.0,26445077.6
2025-08-01 10:41:17 AM,2024.1,50,101205.0,26546282.6
2025-08-01 10:42:51 AM,2024.8,0,0.0,26546282.6
2025-08-01 10:42:51 AM,2024.8,1,2024.8,26548307.400000002
2025-08-01 10:43:11 AM,2025.9,0,0.0,26548307.400000002
2025-08-01 10:43:13 AM,2025.9,100,202590.0,26750897.400000002
2025-08-01 10:43:47 AM,2025.9,50,101295.0,26852192.400000002
2025-08-01 10:44:07 AM,2023.0,0,0.0,26852192.400000002
2025-08-01 10:44:08 AM,2023.0,11,22253.0,26874445.400000002
2025-08-01 10:44:39 AM,2020.5,0,0.0,26874445.400000002
2025-08-01 10:44:41 AM,2020.5,6,12123.0,26886568.400000002
2025-08-01 10:44:49 AM,2023.0,70,141610.0,27028178.400000002
2025-08-01 10:44:54 AM,2020.5,0,0.0,27028178.400000002
2025-08-01 10:44:54 AM,2020.5,3,6061.5,27034239.900000002
2025-08-01 10:45:02 AM,2022.9,50,101145.0,27135384.900000002
2025-08-01 10:45:54 AM,2022.8,0,0.0,27135384.900000002
2025-08-01 10:45:54 AM,2022.8,50,101140.0,27236524.900000002
2025-08-01 10:46:45 AM,2022.0,10,20220.0,27256744.900000002
2025-08-01 10:46:51 AM,2022.0,76,153672.0,27410416.900000002
2025-08-01 10:47:55 AM,2020.3,0,0.0,27410416.900000002
2025-08-01 10:47:55 AM,2020.3,1,2020.3,27412437.200000003
2025-08-01 10:48:22 AM,2018.7,0,0.0,27412437.200000003
2025-08-01 10:48:22 AM,2018.7,656,1324267.2,28736704.400000002
2025-08-01 10:49:17 AM,2017.0,55,110935.0,28847639.400000002
2025-08-01 10:49:27 AM,2017.5,0,0.0,28847639.400000002
2025-08-01 10:49:27 AM,2017.5,1,2017.5,28849656.900000002
2025-08-01 10:49:38 AM,2017.5,100,201750.0,29051406.900000002
2025-08-01 10:50:14 AM,2017.7,0,0.0,29051406.900000002
2025-08-01 10:50:16 AM,2017.7,1,2017.7,29053424.6
2025-08-01 10:50:22 AM,2020.0,0,0.0,29053424.6
2025-08-01 10:50:22 AM,2020.0,207,418140.0,29471564.6
2025-08-01 10:51:39 AM,2021.1,0,0.0,29471564.6
2025-08-01 10:51:40 AM,2023.0,11,22253.0,29493817.6
2025-08-01 10:51:45 AM,2020.2,0,0.0,29493817.6
2025-08-01 10:51:46 AM,2020.2,158,319191.60000000003,29813009.200000003
2025-08-01 10:51:51 AM,2019.7,0,0.0,29813009.200000003
2025-08-01 10:51:51 AM,2019.7,5,10098.5,29823107.700000003
2025-08-01 10:52:12 AM,2020.0,1,2020.0,29825127.700000003
2025-08-01 10:52:39 AM,2023.0,1718,3475514.0,33300641.700000003
2025-08-01 10:52:41 AM,2026.9,0,0.0,33300641.700000003
2025-08-01 10:52:43 AM,2025.5,0,0.0,33300641.700000003
2025-08-01 10:52:45 AM,2025.5,23,46586.5,33347228.200000003
2025-08-01 10:53:02 AM,2027.9,60,121674.0,33468902.200000003
2025-08-01 10:53:05 AM,2027.0,0,0.0,33468902.200000003
2025-08-01 10:53:06 AM,2027.0,10,20270.0,33489172.200000003
2025-08-01 10:53:11 AM,2027.0,3,6081.0,33495253.200000003
2025-08-01 10:53:16 AM,2027.0,3,6081.0,33501334.200000003
2025-08-01 10:53:49 AM,2026.8,1,2026.8,33503361.000000004
2025-08-01 10:54:55 AM,2029.0,0,0.0,33503361.000000004
2025-08-01 10:54:57 AM,2029.2,0,0.0,33503361.000000004
2025-08-01 10:54:58 AM,2031.2,339,688576.8,34191937.800000004
2025-08-01 10:55:03 AM,2030.9,0,0.0,34191937.800000004
2025-08-01 10:55:03 AM,2030.9,1,2030.9,34193968.7
2025-08-01 10:55:08 AM,2028.4,22,44624.8,34238593.5
2025-08-01 10:55:10 AM,2031.6,0,0.0,34238593.5
2025-08-01 10:55:13 AM,2029.2,0,0.0,34238593.5
2025-08-01 10:55:13 AM,2029.2,65,131898.0,34370491.5
2025-08-01 10:55:15 AM,2030.9,0,0.0,34370491.5
2025-08-01 10:55:17 AM,2031.7,0,0.0,34370491.5
2025-08-01 10:55:19 AM,2031.7,55,111743.5,34482235.0
2025-08-01 10:55:29 AM,2030.9,0,0.0,34482235.0
2025-08-01 10:55:30 AM,2030.9,128,259955.2,34742190.2
2025-08-01 10:55:41 AM,2030.3,0,0.0,34742190.2
2025-08-01 10:55:41 AM,2030.3,19,38575.7,34780765.900000006
2025-08-01 10:55:55 AM,2029.3,0,0.0,34780765.900000006
2025-08-01 10:55:57 AM,2029.3,2,4058.6,34784824.50000001
2025-08-01 10:56:03 AM,2031.0,2,4062.0,34788886.50000001
2025-08-01 10:56:24 AM,2030.3,2,4060.6,34792947.10000001
2025-08-01 10:56:27 AM,2031.0,0,0.0,34792947.10000001
2025-08-01 10:56:28 AM,2031.0,4,8124.0,34801071.10000001
2025-08-01 10:56:33 AM,2029.5,0,0.0,34801071.10000001
2025-08-01 10:56:34 AM,2029.5,10,20295.0,34821366.10000001
2025-08-01 10:57:04 AM,2031.0,0,0.0,34821366.10000001
2025-08-01 10:57:05 AM,2031.0,7,14217.0,34835583.10000001
2025-08-01 10:57:10 AM,2031.0,100,203100.0,35038683.10000001
2025-08-01 10:57:31 AM,2031.9,0,0.0,35038683.10000001
2025-08-01 10:57:32 AM,2031.9,40,81276.0,35119959.10000001
2025-08-01 10:57:59 AM,2029.9,0,0.0,35119959.10000001
2025-08-01 10:57:59 AM,2029.9,20,40598.0,35160557.10000001
2025-08-01 10:58:07 AM,2031.1,0,0.0,35160557.10000001
2025-08-01 10:58:09 AM,2031.1,10,20311.0,35180868.10000001
2025-08-01 10:58:19 AM,2032.0,0,0.0,35180868.10000001
2025-08-01 10:58:19 AM,2032.0,18,36576.0,35217444.10000001
2025-08-01 10:58:23 AM,2031.9,0,0.0,35217444.10000001
2025-08-01 10:58:25 AM,2031.9,12,24382.800000000003,35241826.900000006
2025-08-01 10:58:25 AM,2032.5,10,20325.0,35262151.900000006
2025-08-01 10:58:35 AM,2033.1,0,0.0,35262151.900000006
2025-08-01 10:58:36 AM,2033.1,30,60993.0,35323144.900000006
2025-08-01 10:58:50 AM,2029.3,0,0.0,35323144.900000006
2025-08-01 10:58:53 AM,2029.3,116,235398.8,35558543.7
2025-08-01 10:59:12 AM,2028.6,0,0.0,35558543.7
2025-08-01 10:59:13 AM,2028.6,5,10143.0,35568686.7
2025-08-01 10:59:43 AM,2031.5,0,0.0,35568686.7
2025-08-01 10:59:44 AM,2031.5,20,40630.0,35609316.7
2025-08-01 10:59:50 AM,2030.7,1,2030.7,35611347.400000006
2025-08-01 11:00:01 AM,2029.2,5,10146.0,35621493.400000006
2025-08-01 11:01:53 AM,2032.0,155,314960.0,35936453.400000006
2025-08-01 11:02:53 AM,2032.1,1,2032.1,35938485.50000001
2025-08-01 11:03:34 AM,2032.1,1,2032.1,35940517.60000001
2025-08-01 11:03:56 AM,2032.0,0,0.0,35940517.60000001
2025-08-01 11:03:58 AM,2032.0,3,6096.0,35946613.60000001
2025-08-01 11:04:18 AM,2032.0,623,1265936.0,37212549.60000001
2025-08-01 11:04:20 AM,2031.9,0,0.0,37212549.60000001
2025-08-01 11:04:21 AM,2031.9,3,6095.700000000001,37218645.30000001
2025-08-01 11:04:35 AM,2029.6,0,0.0,37218645.30000001
2025-08-01 11:04:36 AM,2029.6,3,6088.799999999999,37224734.10000001
2025-08-01 11:05:06 AM,2031.4,0,0.0,37224734.10000001
2025-08-01 11:05:09 AM,2031.4,2,4062.8,37228796.900000006
2025-08-01 11:05:24 AM,2031.4,4,8125.6,37236922.50000001
2025-08-01 11:05:30 AM,2031.4,2,4062.8,37240985.300000004
2025-08-01 11:05:34 AM,2032.0,0,0.0,37240985.300000004
2025-08-01 11:05:35 AM,2032.0,28,56896.0,37297881.300000004
2025-08-01 11:05:41 AM,2031.4,15,30471.0,37328352.300000004
2025-08-01 11:05:46 AM,2031.4,10,20314.0,37348666.300000004
2025-08-01 11:06:29 AM,2032.0,0,0.0,37348666.300000004
2025-08-01 11:06:31 AM,2031.4,27,54847.8,37403514.1
2025-08-01 11:06:50 AM,2031.8,1,2031.8,37405545.9
2025-08-01 11:07:30 AM,2032.6,0,0.0,37405545.9
2025-08-01 11:07:32 AM,2032.6,1,2032.6,37407578.5
2025-08-01 11:08:04 AM,2032.7,0,0.0,37407578.5
2025-08-01 11:08:05 AM,2032.7,25,50817.5,37458396.0
2025-08-01 11:09:03 AM,2032.5,2,4065.0,37462461.0
2025-08-01 11:09:28 AM,2033.2,10,20332.0,37482793.0
2025-08-01 11:09:58 AM,2033.5,11,22368.5,37505161.5
2025-08-01 11:10:10 AM,2033.9,1,2033.9,37507195.4
2025-08-01 11:10:25 AM,2033.9,1,2033.9,37509229.3
2025-08-01 11:10:26 AM,2031.4,112,227516.80000000002,37736746.099999994
2025-08-01 11:10:53 AM,2028.9,0,0.0,37736746.099999994
2025-08-01 11:10:53 AM,2028.9,100,202890.0,37939636.099999994
2025-08-01 11:11:26 AM,2029.0,1,2029.0,37941665.099999994
2025-08-01 11:13:11 AM,2029.4,0,0.0,37941665.099999994
2025-08-01 11:13:12 AM,2029.4,30,60882.0,38002547.099999994
2025-08-01 11:13:46 AM,2029.0,0,0.0,38002547.099999994
2025-08-01 11:13:46 AM,2029.0,10,20290.0,38022837.099999994
2025-08-01 11:14:02 AM,2026.1,159,322149.89999999997,38344986.99999999
2025-08-01 11:14:22 AM,2029.7,0,0.0,38344986.99999999
2025-08-01 11:14:22 AM,2029.7,98,198910.6,38543897.599999994
2025-08-01 11:14:36 AM,2031.8,0,0.0,38543897.599999994
2025-08-01 11:14:38 AM,2031.8,1,2031.8,38545929.39999999
2025-08-01 11:14:40 AM,2030.2,1,2030.2,38547959.599999994
2025-08-01 11:15:06 AM,2032.2,0,0.0,38547959.599999994
2025-08-01 11:15:07 AM,2032.2,50,101610.0,38649569.599999994
2025-08-01 11:15:43 AM,2032.2,50,101610.0,38751179.599999994
2025-08-01 11:15:52 AM,2032.3,0,0.0,38751179.599999994
2025-08-01 11:15:53 AM,2032.3,2,4064.6,38755244.199999996
2025-08-01 11:16:32 AM,2030.1,0,0.0,38755244.199999996
2025-08-01 11:16:35 AM,2030.1,110,223311.0,38978555.199999996
2025-08-01 11:16:50 AM,2032.0,1712,3478784.0,42457339.199999996
2025-08-01 11:17:12 AM,2030.7,0,0.0,42457339.199999996
2025-08-01 11:17:12 AM,2030.7,25,50767.5,42508106.699999996
2025-08-01 11:17:41 AM,2029.2,10,20292.0,42528398.699999996
2025-08-01 11:18:56 AM,2033.5,0,0.0,42528398.699999996
2025-08-01 11:18:56 AM,2033.5,369,750361.5,43278760.199999996
2025-08-01 11:19:13 AM,2033.5,1,2033.5,43280793.699999996
2025-08-01 11:19:18 AM,2033.0,0,0.0,43280793.699999996
2025-08-01 11:19:19 AM,2033.0,7,14231.0,43295024.699999996
2025-08-01 11:19:31 AM,2033.5,0,0.0,43295024.699999996
2025-08-01 11:19:35 AM,2033.5,24,48804.0,43343828.699999996
2025-08-01 11:20:18 AM,2033.5,10,20335.0,43364163.699999996
2025-08-01 11:20:37 AM,2034.0,0,0.0,43364163.699999996
2025-08-01 11:20:39 AM,2034.0,38,77292.0,43441455.699999996
2025-08-01 11:21:03 AM,2032.1,0,0.0,43441455.699999996
2025-08-01 11:21:04 AM,2032.1,50,101605.0,43543060.699999996
2025-08-01 11:22:03 AM,2033.0,0,0.0,43543060.699999996
2025-08-01 11:22:07 AM,2033.0,50,101650.0,43644710.699999996
2025-08-01 11:22:32 AM,2034.0,0,0.0,43644710.699999996
2025-08-01 11:22:34 AM,2034.0,2,4068.0,43648778.699999996
2025-08-01 11:22:50 AM,2034.0,1,2034.0,43650812.699999996
2025-08-01 11:23:00 AM,2034.0,5,10170.0,43660982.699999996
2025-08-01 11:23:16 AM,2034.0,1,2034.0,43663016.699999996
2025-08-01 11:23:27 AM,2034.0,1,2034.0,43665050.699999996
2025-08-01 11:23:37 AM,2034.0,7,14238.0,43679288.699999996
2025-08-01 11:23:43 AM,2034.0,2,4068.0,43683356.699999996
2025-08-01 11:23:54 AM,2031.8,0,0.0,43683356.699999996
2025-08-01 11:23:57 AM,2031.8,281,570935.7999999999,44254292.49999999
2025-08-01 11:24:07 AM,2030.0,0,0.0,44254292.49999999
2025-08-01 11:24:12 AM,2030.0,44,89320.0,44343612.49999999
2025-08-01 11:25:31 AM,2030.0,20,40600.0,44384212.49999999
2025-08-01 11:25:42 AM,2030.0,1,2030.0,44386242.49999999
2025-08-01 11:26:00 AM,2031.2,0,0.0,44386242.49999999
2025-08-01 11:26:02 AM,2031.2,8,16249.6,44402492.099999994
2025-08-01 11:26:53 AM,2031.2,1,2031.2,44404523.3
2025-08-01 11:27:24 AM,2031.2,1,2031.2,44406554.5
2025-08-01 11:27:51 AM,2031.2,5,10156.0,44416710.5
2025-08-01 11:27:57 AM,2030.0,0,0.0,44416710.5
2025-08-01 11:28:00 AM,2030.0,1,2030.0,44418740.5
2025-08-01 11:28:13 AM,2031.2,0,0.0,44418740.5
2025-08-01 11:28:15 AM,2031.2,2,4062.4,44422802.9
2025-08-01 11:28:41 AM,2030.1,1,2030.1,44424833.0
2025-08-01 11:29:25 AM,2030.1,1,2030.1,44426863.1
2025-08-01 11:29:43 AM,2030.0,0,0.0,44426863.1
2025-08-01 11:29:43 AM,2030.0,76,154280.0,44581143.1
2025-08-01 11:30:09 AM,2030.0,1,2030.0,44583173.1
2025-08-01 11:30:30 AM,2030.0,1,2030.0,44585203.1
2025-08-01 11:30:37 AM,2030.0,1,2030.0,44587233.1
2025-08-01 11:30:52 AM,2032.0,237,481584.0,45068817.1
2025-08-01 11:32:17 AM,2033.9,2,4067.8,45072884.9
2025-08-01 11:33:37 AM,2034.0,50,101700.0,45174584.9
2025-08-01 11:34:13 AM,2034.0,15,30510.0,45205094.9
2025-08-01 11:34:18 AM,2032.4,0,0.0,45205094.9
2025-08-01 11:34:18 AM,2032.4,52,105684.8,45310779.699999996
2025-08-01 11:34:41 AM,2033.9,0,0.0,45310779.699999996
2025-08-01 11:34:44 AM,2033.9,5,10169.5,45320949.199999996
2025-08-01 11:35:28 AM,2033.3,0,0.0,45320949.199999996
2025-08-01 11:35:32 AM,2033.3,3,6099.9,45327049.099999994
2025-08-01 11:36:03 AM,2032.0,2,4064.0,45331113.099999994
2025-08-01 11:36:13 AM,2031.2,50,101560.0,45432673.099999994
2025-08-01 11:36:20 AM,2031.0,0,0.0,45432673.099999994
2025-08-01 11:36:22 AM,2032.0,0,0.0,45432673.099999994
2025-08-01 11:36:23 AM,2032.0,23,46736.0,45479409.099999994
2025-08-01 11:36:25 AM,2030.9,0,0.0,45479409.099999994
2025-08-01 11:36:28 AM,2030.9,10,20309.0,45499718.099999994
2025-08-01 11:36:34 AM,2030.3,0,0.0,45499718.099999994
2025-08-01 11:36:39 AM,2030.3,40,81212.0,45580930.099999994
2025-08-01 11:36:46 AM,2032.0,0,0.0,45580930.099999994
2025-08-01 11:36:50 AM,2030.5,8,16244.0,45597174.099999994
2025-08-01 11:37:08 AM,2030.0,0,0.0,45597174.099999994
2025-08-01 11:37:09 AM,2033.0,0,0.0,45597174.099999994
2025-08-01 11:37:11 AM,2033.0,89,180937.0,45778111.099999994
2025-08-01 11:38:16 AM,2032.6,0,0.0,45778111.099999994
2025-08-01 11:38:17 AM,2032.6,1,2032.6,45780143.699999996
2025-08-01 11:39:11 AM,2030.9,0,0.0,45780143.699999996
2025-08-01 11:39:13 AM,2030.9,3,6092.700000000001,45786236.4
2025-08-01 11:40:18 AM,2030.0,0,0.0,45786236.4
2025-08-01 11:40:21 AM,2030.0,10,20300.0,45806536.4
2025-08-01 11:40:27 AM,2030.0,2,4060.0,45810596.4
2025-08-01 11:40:31 AM,2030.0,10,20300.0,45830896.4
2025-08-01 11:40:34 AM,2031.6,0,0.0,45830896.4
2025-08-01 11:40:36 AM,2031.6,7,14221.199999999999,45845117.6
2025-08-01 11:40:54 AM,2030.9,0,0.0,45845117.6
2025-08-01 11:40:56 AM,2030.9,1,2030.9,45847148.5
2025-08-01 11:41:44 AM,2030.1,0,0.0,45847148.5
2025-08-01 11:41:46 AM,2030.1,125,253762.5,46100911.0
2025-08-01 11:41:48 AM,2032.9,0,0.0,46100911.0
2025-08-01 11:41:52 AM,2032.9,40,81316.0,46182227.0
2025-08-01 11:42:18 AM,2030.6,0,0.0,46182227.0
2025-08-01 11:42:22 AM,2030.6,50,101530.0,46283757.0
2025-08-01 11:43:10 AM,2030.6,5,10153.0,46293910.0
2025-08-01 11:43:42 AM,2030.7,0,0.0,46293910.0
2025-08-01 11:43:47 AM,2030.7,10,20307.0,46314217.0
2025-08-01 11:44:15 AM,2030.7,2,4061.4,46318278.4
2025-08-01 11:44:22 AM,2030.2,0,0.0,46318278.4
2025-08-01 11:44:26 AM,2030.2,11,22332.2,46340610.6
2025-08-01 11:45:01 AM,2032.0,0,0.0,46340610.6
2025-08-01 11:45:04 AM,2032.0,15,30480.0,46371090.6
2025-08-01 11:45:24 AM,2030.4,0,0.0,46371090.6
2025-08-01 11:45:26 AM,2030.4,10,20304.0,46391394.6
2025-08-01 11:46:19 AM,2030.2,2,4060.4,46395455.0
2025-08-01 11:46:48 AM,2032.0,0,0.0,46395455.0
2025-08-01 11:46:51 AM,2032.0,50,101600.0,46497055.0
2025-08-01 11:47:07 AM,2032.0,9,18288.0,46515343.0
2025-08-01 11:47:32 AM,2032.0,2,4064.0,46519407.0
2025-08-01 11:47:58 AM,2032.0,30,60960.0,46580367.0
2025-08-01 11:48:03 AM,2032.0,110,223520.0,46803887.0
2025-08-01 11:49:38 AM,2034.0,0,0.0,46803887.0
2025-08-01 11:49:40 AM,2033.0,0,0.0,46803887.0
2025-08-01 11:49:40 AM,2033.0,594,1207602.0,48011489.0
2025-08-01 11:51:30 AM,2032.1,0,0.0,48011489.0
2025-08-01 11:51:31 AM,2032.1,15,30481.5,48041970.5
2025-08-01 11:52:10 AM,2033.0,0,0.0,48041970.5
2025-08-01 11:52:11 AM,2033.0,867,1762611.0,49804581.5
2025-08-01 11:52:32 AM,2034.0,0,0.0,49804581.5
2025-08-01 11:52:32 AM,2034.0,47,95598.0,49900179.5
2025-08-01 11:53:04 AM,2033.3,0,0.0,49900179.5
2025-08-01 11:53:07 AM,2033.3,2,4066.6,49904246.1
2025-08-01 11:53:18 AM,2033.3,2,4066.6,49908312.7
2025-08-01 11:53:21 AM,2033.0,0,0.0,49908312.7
2025-08-01 11:53:22 AM,2033.0,82,166706.0,50075018.7
2025-08-01 11:53:33 AM,2033.0,3,6099.0,50081117.7
2025-08-01 11:54:00 AM,2034.0,0,0.0,50081117.7
2025-08-01 11:54:03 AM,2034.0,1,2034.0,50083151.7
2025-08-01 11:54:13 AM,2034.0,9,18306.0,50101457.7
2025-08-01 11:54:34 AM,2034.0,1,2034.0,50103491.7
2025-08-01 11:55:00 AM,2034.0,2,4068.0,50107559.7
2025-08-01 11:55:09 AM,2034.0,1294,2631996.0,52739555.7
2025-08-01 11:55:34 AM,2034.3,34,69166.2,52808721.900000006
2025-08-01 11:55:46 AM,2034.0,0,0.0,52808721.900000006
2025-08-01 11:55:49 AM,2034.0,10,20340.0,52829061.900000006
2025-08-01 11:56:19 AM,2034.1,0,0.0,52829061.900000006
2025-08-01 11:56:19 AM,2034.1,15,30511.5,52859573.400000006
2025-08-01 11:56:53 AM,2035.1,0,0.0,52859573.400000006
2025-08-01 11:56:54 AM,2034.1,0,0.0,52859573.400000006
2025-08-01 11:56:55 AM,2034.1,135,274603.5,53134176.900000006
2025-08-01 11:56:56 AM,2035.0,10,20350.0,53154526.900000006
2025-08-01 11:57:01 AM,2035.0,974,1982090.0,55136616.900000006
2025-08-01 11:57:11 AM,2035.0,108,219780.0,55356396.900000006
2025-08-01 11:57:55 AM,2035.0,10,20350.0,55376746.900000006
2025-08-01 11:57:58 AM,2037.5,0,0.0,55376746.900000006
2025-08-01 11:57:59 AM,2036.0,0,0.0,55376746.900000006
2025-08-01 11:58:00 AM,2036.0,603,1227708.0,56604454.900000006
2025-08-01 11:58:06 AM,2035.0,0,0.0,56604454.900000006
2025-08-01 11:58:07 AM,2037.3,110,224103.0,56828557.900000006
2025-08-01 11:58:08 AM,2036.0,0,0.0,56828557.900000006
2025-08-01 11:58:11 AM,2036.0,1014,2064504.0,58893061.900000006
2025-08-01 11:58:14 AM,2035.0,0,0.0,58893061.900000006
2025-08-01 11:58:16 AM,2035.0,150,305250.0,59198311.900000006
2025-08-01 11:58:21 AM,2034.1,0,0.0,59198311.900000006
2025-08-01 11:58:22 AM,2034.3,173,351933.89999999997,59550245.800000004
2025-08-01 11:58:33 AM,2035.7,0,0.0,59550245.800000004
2025-08-01 11:58:34 AM,2035.7,95,193391.5,59743637.300000004
2025-08-01 11:58:40 AM,2036.9,0,0.0,59743637.300000004
2025-08-01 11:58:41 AM,2036.0,0,0.0,59743637.300000004
2025-08-01 11:58:43 AM,2036.0,288,586368.0,60330005.300000004
2025-08-01 11:58:44 AM,2036.0,20,40720.0,60370725.300000004
2025-08-01 11:58:48 AM,2036.0,85,173060.0,60543785.300000004
2025-08-01 11:58:51 AM,2035.9,0,0.0,60543785.300000004
2025-08-01 11:58:53 AM,2035.9,28,57005.200000000004,60600790.50000001
2025-08-01 11:58:54 AM,2036.0,0,0.0,60600790.50000001
2025-08-01 11:58:55 AM,2036.0,124,252464.0,60853254.50000001
2025-08-01 11:58:57 AM,2037.0,0,0.0,60853254.50000001
2025-08-01 11:58:59 AM,2037.0,137,279069.0,61132323.50000001
2025-08-01 11:58:59 AM,2036.7,0,0.0,61132323.50000001
2025-08-01 11:59:00 AM,2036.0,20,40720.0,61173043.50000001
2025-08-01 11:59:01 AM,2034.9,40,81396.0,61254439.50000001
2025-08-01 11:59:03 AM,2034.2,22,44752.4,61299191.900000006
2025-08-01 11:59:04 AM,2035.9,121,246343.90000000002,61545535.800000004
2025-08-01 11:59:06 AM,2036.0,9,18324.0,61563859.800000004
2025-08-01 11:59:10 AM,2036.0,10,20360.0,61584219.800000004
2025-08-01 11:59:12 AM,2037.1,0,0.0,61584219.800000004
2025-08-01 11:59:12 AM,2037.1,15,30556.5,61614776.300000004
2025-08-01 11:59:21 AM,2035.0,47,95645.0,61710421.300000004
2025-08-01 11:59:21 AM,2036.0,10,20360.0,61730781.300000004
2025-08-01 11:59:22 AM,2036.0,10,20360.0,61751141.300000004
2025-08-01 11:59:24 AM,2036.0,9,18324.0,61769465.300000004
2025-08-01 11:59:25 AM,2035.0,0,0.0,61769465.300000004
2025-08-01 11:59:25 AM,2035.0,17,34595.0,61804060.300000004
2025-08-01 11:59:25 AM,2036.0,0,0.0,61804060.300000004
2025-08-01 11:59:26 AM,2036.0,10,20360.0,61824420.300000004
2025-08-01 11:59:34 AM,2035.5,0,0.0,61824420.300000004
2025-08-01 11:59:34 AM,2035.5,3,6106.5,61830526.800000004
2025-08-01 11:59:38 AM,2036.0,544,1107584.0,62938110.800000004
2025-08-01 11:59:42 AM,2037.9,445,906865.5,63844976.300000004
2025-08-01 11:59:42 AM,2040.0,117,238680.0,64083656.300000004
2025-08-01 11:59:42 AM,2041.0,0,0.0,64083656.300000004
2025-08-01 11:59:43 AM,2039.0,442,901238.0,64984894.300000004
2025-08-01 11:59:46 AM,2040.9,5,10204.5,64995098.800000004
2025-08-01 11:59:50 AM,2042.0,135,275670.0,65270768.800000004
2025-08-01 11:59:53 AM,2042.4,0,0.0,65270768.800000004
2025-08-01 11:59:53 AM,2042.4,250,510600.0,65781368.800000004
2025-08-01 12:00:12 PM,2042.4,120,245088.0,66026456.800000004
2025-08-01 12:00:19 PM,2042.4,60,122544.0,66149000.800000004
2025-08-01 12:00:21 PM,2043.0,0,0.0,66149000.800000004
2025-08-01 12:00:22 PM,2040.8,264,538771.2,66687772.00000001
2025-08-01 12:00:26 PM,2039.3,0,0.0,66687772.00000001
2025-08-01 12:00:27 PM,2039.3,70,142751.0,66830523.00000001
2025-08-01 12:00:30 PM,2039.0,0,0.0,66830523.00000001
2025-08-01 12:00:32 PM,2039.0,52,106028.0,66936551.00000001
2025-08-01 12:00:36 PM,2041.3,0,0.0,66936551.00000001
2025-08-01 12:00:37 PM,2041.3,80,163304.0,67099855.00000001
2025-08-01 12:00:41 PM,2039.8,0,0.0,67099855.00000001
2025-08-01 12:00:42 PM,2039.8,611,1246317.8,68346172.80000001
2025-08-01 12:00:44 PM,2041.7,0,0.0,68346172.80000001
2025-08-01 12:00:47 PM,2041.7,2,4083.4,68350256.20000002
2025-08-01 12:00:52 PM,2039.0,0,0.0,68350256.20000002
2025-08-01 12:00:54 PM,2039.0,79,161081.0,68511337.20000002
2025-08-01 12:00:54 PM,2040.5,0,0.0,68511337.20000002
2025-08-01 12:00:56 PM,2040.5,10,20405.0,68531742.20000002
2025-08-01 12:01:05 PM,2040.6,0,0.0,68531742.20000002
2025-08-01 12:01:06 PM,2040.6,10,20406.0,68552148.20000002
2025-08-01 12:01:15 PM,2039.0,0,0.0,68552148.20000002
2025-08-01 12:01:16 PM,2039.0,102,207978.0,68760126.20000002
2025-08-01 12:01:22 PM,2040.5,0,0.0,68760126.20000002
2025-08-01 12:01:23 PM,2040.5,30,61215.0,68821341.20000002
2025-08-01 12:01:28 PM,2040.5,5,10202.5,68831543.70000002
2025-08-01 12:01:34 PM,2039.0,0,0.0,68831543.70000002
2025-08-01 12:01:35 PM,2039.0,29,59131.0,68890674.70000002
2025-08-01 12:01:40 PM,2039.9,158,322304.2,69212978.90000002
2025-08-01 12:01:40 PM,2040.0,0,0.0,69212978.90000002
2025-08-01 12:01:42 PM,2040.0,2,4080.0,69217058.90000002
2025-08-01 12:01:46 PM,2039.0,0,0.0,69217058.90000002
2025-08-01 12:01:46 PM,2039.0,57,116223.0,69333281.90000002
2025-08-01 12:01:48 PM,2040.0,0,0.0,69333281.90000002
2025-08-01 12:01:49 PM,2040.0,75,153000.0,69486281.90000002
2025-08-01 12:02:14 PM,2039.0,0,0.0,69486281.90000002
2025-08-01 12:02:15 PM,2039.0,40,81560.0,69567841.90000002
2025-08-01 12:02:18 PM,2039.0,18,36702.0,69604543.90000002
2025-08-01 12:02:24 PM,2040.4,0,0.0,69604543.90000002
2025-08-01 12:02:25 PM,2040.4,5,10202.0,69614745.90000002
2025-08-01 12:02:34 PM,2040.0,0,0.0,69614745.90000002
2025-08-01 12:02:35 PM,2040.0,2,4080.0,69618825.90000002
2025-08-01 12:02:53 PM,2040.0,100,204000.0,69822825.90000002
2025-08-01 12:03:01 PM,2039.0,0,0.0,69822825.90000002
2025-08-01 12:03:04 PM,2039.0,40,81560.0,69904385.90000002
2025-08-01 12:03:18 PM,2040.0,0,0.0,69904385.90000002
2025-08-01 12:03:18 PM,2040.0,37,75480.0,69979865.90000002
2025-08-01 12:03:22 PM,2039.0,0,0.0,69979865.90000002
2025-08-01 12:03:23 PM,2039.0,60,122340.0,70102205.90000002
2025-08-01 12:04:58 PM,2039.0,119,242641.0,70344846.90000002
2025-08-01 12:05:01 PM,2040.0,0,0.0,70344846.90000002
2025-08-01 12:05:03 PM,2040.0,78,159120.0,70503966.90000002
2025-08-01 12:05:04 PM,2039.0,0,0.0,70503966.90000002
2025-08-01 12:05:06 PM,2039.0,8,16312.0,70520278.90000002
2025-08-01 12:05:09 PM,2039.0,344,701416.0,71221694.90000002
2025-08-01 12:05:24 PM,2040.3,120,244836.0,71466530.90000002
2025-08-01 12:05:25 PM,2040.3,70,142821.0,71609351.90000002
2025-08-01 12:05:29 PM,2040.3,110,224433.0,71833784.90000002
2025-08-01 12:05:37 PM,2038.2,0,0.0,71833784.90000002
2025-08-01 12:05:39 PM,2040.0,40,81600.0,71915384.90000002
2025-08-01 12:05:53 PM,2039.9,0,0.0,71915384.90000002
2025-08-01 12:05:54 PM,2040.0,14,28560.0,71943944.90000002
2025-08-01 12:05:59 PM,2040.0,3,6120.0,71950064.90000002
2025-08-01 12:06:09 PM,2041.1,0,0.0,71950064.90000002
2025-08-01 12:06:09 PM,2041.1,18,36739.799999999996,71986804.70000002
2025-08-01 12:06:27 PM,2040.0,0,0.0,71986804.70000002
2025-08-01 12:06:29 PM,2040.0,14,28560.0,72015364.70000002
2025-08-01 12:06:34 PM,2041.1,8,16328.8,72031693.50000001
2025-08-01 12:06:40 PM,2042.7,0,0.0,72031693.50000001
2025-08-01 12:06:43 PM,2042.7,49,100092.3,72131785.80000001
2025-08-01 12:06:53 PM,2040.7,0,0.0,72131785.80000001
2025-08-01 12:06:53 PM,2040.7,10,20407.0,72152192.80000001
2025-08-01 12:07:17 PM,2043.0,0,0.0,72152192.80000001
2025-08-01 12:07:18 PM,2043.0,45,91935.0,72244127.80000001
2025-08-01 12:07:25 PM,2043.7,0,0.0,72244127.80000001
2025-08-01 12:07:29 PM,2043.7,419,856310.3,73100438.10000001
2025-08-01 12:07:34 PM,2043.0,11,22473.0,73122911.10000001
2025-08-01 12:07:39 PM,2040.1,84,171368.4,73294279.50000001
2025-08-01 12:07:42 PM,2041.7,0,0.0,73294279.50000001
2025-08-01 12:07:44 PM,2041.7,3,6125.1,73300404.60000001
2025-08-01 12:07:47 PM,2041.8,0,0.0,73300404.60000001
2025-08-01 12:07:49 PM,2041.8,10,20418.0,73320822.60000001
2025-08-01 12:07:53 PM,2043.0,0,0.0,73320822.60000001
2025-08-01 12:07:54 PM,2043.0,50,102150.0,73422972.60000001
2025-08-01 12:08:08 PM,2040.7,0,0.0,73422972.60000001
2025-08-01 12:08:09 PM,2040.7,10,20407.0,73443379.60000001
2025-08-01 12:08:13 PM,2043.0,0,0.0,73443379.60000001
2025-08-01 12:08:14 PM,2043.0,70,143010.0,73586389.60000001
2025-08-01 12:08:25 PM,2041.4,0,0.0,73586389.60000001
2025-08-01 12:08:29 PM,2041.4,45,91863.0,73678252.60000001
2025-08-01 12:08:33 PM,2043.3,0,0.0,73678252.60000001
2025-08-01 12:08:33 PM,2040.8,0,0.0,73678252.60000001
2025-08-01 12:08:34 PM,2040.8,11,22448.8,73700701.4
2025-08-01 12:08:47 PM,2040.3,0,0.0,73700701.4
2025-08-01 12:08:49 PM,2040.3,10,20403.0,73721104.4
2025-08-01 12:09:13 PM,2040.0,0,0.0,73721104.4
2025-08-01 12:09:14 PM,2040.0,30,61200.0,73782304.4
2025-08-01 12:09:19 PM,2042.0,50,102100.0,73884404.4
2025-08-01 12:09:26 PM,2040.0,0,0.0,73884404.4
2025-08-01 12:09:29 PM,2040.0,8,16320.0,73900724.4
2025-08-01 12:10:14 PM,2040.0,10,20400.0,73921124.4
2025-08-01 12:10:39 PM,2041.7,40,81668.0,74002792.4
2025-08-01 12:10:55 PM,2040.3,0,0.0,74002792.4
2025-08-01 12:10:58 PM,2040.3,111,226473.3,74229265.7
2025-08-01 12:11:05 PM,2040.2,0,0.0,74229265.7
2025-08-01 12:11:09 PM,2040.3,2,4080.6,74233346.3
2025-08-01 12:11:37 PM,2040.0,0,0.0,74233346.3
2025-08-01 12:11:38 PM,2040.0,68,138720.0,74372066.3
2025-08-01 12:11:48 PM,2040.0,2,4080.0,74376146.3
2025-08-01 12:12:02 PM,2040.0,46,93840.0,74469986.3
2025-08-01 12:12:23 PM,2041.5,0,0.0,74469986.3
2025-08-01 12:12:25 PM,2040.0,0,0.0,74469986.3
2025-08-01 12:12:26 PM,2041.5,0,0.0,74469986.3
2025-08-01 12:12:27 PM,2041.5,20,40830.0,74510816.3
2025-08-01 12:12:33 PM,2040.0,0,0.0,74510816.3
2025-08-01 12:12:37 PM,2040.0,3,6120.0,74516936.3
2025-08-01 12:12:42 PM,2040.0,33,67320.0,74584256.3
2025-08-01 12:12:53 PM,2039.8,30,61194.0,74645450.3
2025-08-01 12:12:58 PM,2039.9,6,12239.400000000001,74657689.7
2025-08-01 12:13:15 PM,2039.8,0,0.0,74657689.7
2025-08-01 12:13:18 PM,2039.8,6,12238.8,74669928.5
2025-08-01 12:13:43 PM,2039.8,11,22437.8,74692366.3
2025-08-01 12:14:12 PM,2039.8,21,42835.799999999996,74735202.1
2025-08-01 12:14:18 PM,2039.7,0,0.0,74735202.1
2025-08-01 12:14:18 PM,2039.7,6,12238.2,74747440.3
2025-08-01 12:14:58 PM,2039.5,15,30592.5,74778032.8
2025-08-01 12:15:08 PM,2039.5,3,6118.5,74784151.3
2025-08-01 12:15:42 PM,2038.6,0,0.0,74784151.3
2025-08-01 12:15:44 PM,2038.6,25,50965.0,74835116.3
2025-08-01 12:15:56 PM,2040.4,0,0.0,74835116.3
2025-08-01 12:15:59 PM,2040.4,1,2040.4,74837156.7
2025-08-01 12:16:04 PM,2038.3,20,40766.0,74877922.7
2025-08-01 12:16:04 PM,2040.0,1,2040.0,74879962.7
2025-08-01 12:16:09 PM,2040.0,7,14280.0,74894242.7
2025-08-01 12:16:14 PM,2040.0,20,40800.0,74935042.7
2025-08-01 12:16:19 PM,2040.0,1,2040.0,74937082.7
2025-08-01 12:16:19 PM,2038.3,7,14268.1,74951350.8
2025-08-01 12:16:21 PM,2040.0,0,0.0,74951350.8
2025-08-01 12:16:24 PM,2040.0,7,14280.0,74965630.8
2025-08-01 12:16:24 PM,2040.0,1,2040.0,74967670.8
2025-08-01 12:16:29 PM,2040.0,1,2040.0,74969710.8
2025-08-01 12:16:29 PM,2040.0,1,2040.0,74971750.8
2025-08-01 12:16:48 PM,2040.0,6,12240.0,74983990.8
2025-08-01 12:16:48 PM,2040.0,1,2040.0,74986030.8
2025-08-01 12:17:27 PM,2038.3,17,34651.1,75020681.89999999
2025-08-01 12:17:27 PM,2039.0,0,0.0,75020681.89999999
2025-08-01 12:17:28 PM,2039.0,1,2039.0,75022720.89999999
2025-08-01 12:17:32 PM,2039.0,1,2039.0,75024759.89999999
2025-08-01 12:17:35 PM,2038.3,0,0.0,75024759.89999999
2025-08-01 12:17:37 PM,2040.0,6,12240.0,75036999.89999999
2025-08-01 12:17:44 PM,2038.3,0,0.0,75036999.89999999
2025-08-01 12:17:46 PM,2040.0,93,189720.0,75226719.89999999
2025-08-01 12:17:52 PM,2039.4,0,0.0,75226719.89999999
2025-08-01 12:17:56 PM,2041.1,21,42863.1,75269582.99999999
2025-08-01 12:18:16 PM,2041.0,2,4082.0,75273664.99999999
2025-08-01 12:18:19 PM,2039.1,0,0.0,75273664.99999999
2025-08-01 12:18:20 PM,2039.1,2,4078.2,75277743.19999999
2025-08-01 12:18:25 PM,2038.8,1,2038.8,75279781.99999999
2025-08-01 12:19:15 PM,2039.0,0,0.0,75279781.99999999
2025-08-01 12:19:16 PM,2039.0,27,55053.0,75334834.99999999
2025-08-01 12:20:14 PM,2040.0,0,0.0,75334834.99999999
2025-08-01 12:20:16 PM,2039.0,0,0.0,75334834.99999999
2025-08-01 12:20:17 PM,2039.0,16,32624.0,75367458.99999999
2025-08-01 12:20:27 PM,2039.0,1,2039.0,75369497.99999999
2025-08-01 12:20:44 PM,2040.8,0,0.0,75369497.99999999
2025-08-01 12:20:48 PM,2040.8,425,867340.0,76236837.99999999
2025-08-01 12:20:53 PM,2038.8,87,177375.6,76414213.59999998
2025-08-01 12:21:06 PM,2041.0,0,0.0,76414213.59999998
2025-08-01 12:21:08 PM,2041.0,58,118378.0,76532591.59999998
2025-08-01 12:21:13 PM,2039.3,10,20393.0,76552984.59999998
2025-08-01 12:21:14 PM,2039.4,1,2039.4,76555023.99999999
2025-08-01 12:21:16 PM,2039.2,0,0.0,76555023.99999999
2025-08-01 12:21:18 PM,2039.2,10,20392.0,76575415.99999999
2025-08-01 12:21:23 PM,2039.1,0,0.0,76575415.99999999
2025-08-01 12:21:23 PM,2039.1,4,8156.4,76583572.39999999
2025-08-01 12:21:39 PM,2039.0,0,0.0,76583572.39999999
2025-08-01 12:21:41 PM,2039.0,20,40780.0,76624352.39999999
2025-08-01 12:21:50 PM,2039.1,0,0.0,76624352.39999999
2025-08-01 12:21:51 PM,2039.1,6,12234.599999999999,76636586.99999999
2025-08-01 12:21:56 PM,2039.1,4,8156.4,76644743.39999999
2025-08-01 12:22:01 PM,2039.1,2,4078.2,76648821.6
2025-08-01 12:22:02 PM,2039.1,3,6117.299999999999,76654938.89999999
2025-08-01 12:22:14 PM,2040.0,0,0.0,76654938.89999999
2025-08-01 12:22:16 PM,2039.2,0,0.0,76654938.89999999
2025-08-01 12:22:17 PM,2039.2,51,103999.2,76758938.1
2025-08-01 12:22:33 PM,2039.2,9,18352.8,76777290.89999999
2025-08-01 12:22:41 PM,2040.0,0,0.0,76777290.89999999
2025-08-01 12:22:43 PM,2040.0,70,142800.0,76920090.89999999
2025-08-01 12:22:53 PM,2040.0,41,83640.0,77003730.89999999
2025-08-01 12:23:02 PM,2039.1,0,0.0,77003730.89999999
2025-08-01 12:23:03 PM,2039.1,14,28547.399999999998,77032278.3
2025-08-01 12:23:04 PM,2039.0,9,18351.0,77050629.3
2025-08-01 12:23:52 PM,2039.0,41,83599.0,77134228.3
2025-08-01 12:23:54 PM,2040.8,0,0.0,77134228.3
2025-08-01 12:23:57 PM,2040.8,10,20408.0,77154636.3
2025-08-01 12:23:58 PM,2039.0,0,0.0,77154636.3
2025-08-01 12:24:02 PM,2039.0,6,12234.0,77166870.3
2025-08-01 12:24:20 PM,2040.0,0,0.0,77166870.3
2025-08-01 12:24:23 PM,2040.0,22,44880.0,77211750.3
2025-08-01 12:24:31 PM,2038.5,0,0.0,77211750.3
2025-08-01 12:24:32 PM,2038.5,5,10192.5,77221942.8
2025-08-01 12:24:45 PM,2040.0,0,0.0,77221942.8
2025-08-01 12:24:47 PM,2040.0,2,4080.0,77226022.8
2025-08-01 12:25:05 PM,2038.3,0,0.0,77226022.8
2025-08-01 12:25:06 PM,2038.3,9,18344.7,77244367.5
2025-08-01 12:25:12 PM,2038.2,0,0.0,77244367.5
2025-08-01 12:25:12 PM,2038.2,5,10191.0,77254558.5
2025-08-01 12:25:15 PM,2040.1,0,0.0,77254558.5
2025-08-01 12:25:17 PM,2040.1,1,2040.1,77256598.6
2025-08-01 12:25:22 PM,2040.0,0,0.0,77256598.6
2025-08-01 12:25:23 PM,2040.0,2,4080.0,77260678.6
2025-08-01 12:25:32 PM,2040.0,1,2040.0,77262718.6
2025-08-01 12:25:37 PM,2040.2,4,8160.8,77270879.39999999
2025-08-01 12:25:44 PM,2040.6,0,0.0,77270879.39999999
2025-08-01 12:25:47 PM,2040.6,1,2040.6,77272919.99999999
2025-08-01 12:26:16 PM,2040.1,0,0.0,77272919.99999999
2025-08-01 12:26:17 PM,2040.1,34,69363.4,77342283.39999999
2025-08-01 12:26:27 PM,2040.1,25,51002.5,77393285.89999999
2025-08-01 12:26:33 PM,2040.1,5,10200.5,77403486.39999999
2025-08-01 12:26:42 PM,2040.1,49,99964.9,77503451.3
2025-08-01 12:26:46 PM,2041.0,0,0.0,77503451.3
2025-08-01 12:26:47 PM,2041.0,12,24492.0,77527943.3
2025-08-01 12:28:13 PM,2040.1,2,4080.2,77532023.5
2025-08-01 12:28:17 PM,2040.1,16,32641.6,77564665.1
2025-08-01 12:28:26 PM,2040.0,0,0.0,77564665.1
2025-08-01 12:28:27 PM,2040.0,20,40800.0,77605465.1
2025-08-01 12:28:37 PM,2040.0,7,14280.0,77619745.1
2025-08-01 12:28:43 PM,2038.6,0,0.0,77619745.1
2025-08-01 12:28:43 PM,2038.6,1,2038.6,77621783.69999999
2025-08-01 12:28:46 PM,2040.0,0,0.0,77621783.69999999
2025-08-01 12:28:47 PM,2040.0,17,34680.0,77656463.69999999
2025-08-01 12:28:58 PM,2038.4,4,8153.6,77664617.29999998
2025-08-01 12:28:59 PM,2039.9,0,0.0,77664617.29999998
2025-08-01 12:29:01 PM,2039.9,7,14279.300000000001,77678896.59999998
2025-08-01 12:29:19 PM,2038.5,0,0.0,77678896.59999998
2025-08-01 12:29:21 PM,2038.5,1,2038.5,77680935.09999998
2025-08-01 12:29:35 PM,2038.5,5,10192.5,77691127.59999998
2025-08-01 12:29:44 PM,2038.5,1,2038.5,77693166.09999998
2025-08-01 12:29:56 PM,2040.0,6,12240.0,77705406.09999998
2025-08-01 12:29:59 PM,2040.0,208,424320.0,78129726.09999998
2025-08-01 12:30:04 PM,2038.4,7,14268.800000000001,78143994.89999998
2025-08-01 12:30:05 PM,2040.0,0,0.0,78143994.89999998
2025-08-01 12:30:06 PM,2040.0,2,4080.0,78148074.89999998
2025-08-01 12:30:08 PM,2037.2,0,0.0,78148074.89999998
2025-08-01 12:30:09 PM,2037.2,297,605048.4,78753123.29999998
2025-08-01 12:30:11 PM,2038.4,0,0.0,78753123.29999998
2025-08-01 12:30:11 PM,2040.0,46,93840.0,78846963.29999998
2025-08-01 12:30:14 PM,2040.0,3,6120.0,78853083.29999998
2025-08-01 12:30:19 PM,2040.0,2,4080.0,78857163.29999998
2025-08-01 12:30:21 PM,2039.8,0,0.0,78857163.29999998
2025-08-01 12:30:22 PM,2039.8,76,155024.8,79012188.09999998
2025-08-01 12:30:23 PM,2039.9,0,0.0,79012188.09999998
2025-08-01 12:30:24 PM,2039.9,16,32638.4,79044826.49999999
2025-08-01 12:30:27 PM,2040.0,0,0.0,79044826.49999999
2025-08-01 12:30:27 PM,2040.0,78,159120.0,79203946.49999999
2025-08-01 12:30:34 PM,2038.5,0,0.0,79203946.49999999
2025-08-01 12:30:35 PM,2039.6,23,46910.799999999996,79250857.29999998
2025-08-01 12:30:36 PM,2039.7,0,0.0,79250857.29999998
2025-08-01 12:30:36 PM,2039.9,0,0.0,79250857.29999998
2025-08-01 12:30:37 PM,2040.0,11,22440.0,79273297.29999998
2025-08-01 12:30:57 PM,2038.8,0,0.0,79273297.29999998
2025-08-01 12:30:58 PM,2038.8,1,2038.8,79275336.09999998
2025-08-01 12:30:59 PM,2040.0,0,0.0,79275336.09999998
2025-08-01 12:31:00 PM,2040.0,1,2040.0,79277376.09999998
2025-08-01 12:31:30 PM,2040.2,201,410080.2,79687456.29999998
2025-08-01 12:31:46 PM,2040.3,0,0.0,79687456.29999998
2025-08-01 12:31:50 PM,2040.3,14,28564.2,79716020.49999999
2025-08-01 12:31:53 PM,2042.2,0,0.0,79716020.49999999
2025-08-01 12:31:56 PM,2042.2,29,59223.8,79775244.29999998
2025-08-01 12:32:17 PM,2039.7,50,101985.0,79877229.29999998
2025-08-01 12:32:17 PM,2039.2,0,0.0,79877229.29999998
2025-08-01 12:32:18 PM,2039.2,6,12235.2,79889464.49999999
2025-08-01 12:32:37 PM,2040.0,0,0.0,79889464.49999999
2025-08-01 12:32:38 PM,2040.0,2,4080.0,79893544.49999999
2025-08-01 12:32:43 PM,2038.6,33,67273.8,79960818.29999998
2025-08-01 12:32:43 PM,2039.9,0,0.0,79960818.29999998
2025-08-01 12:32:43 PM,2039.9,9,18359.100000000002,79979177.39999998
2025-08-01 12:32:43 PM,2040.0,0,0.0,79979177.39999998
2025-08-01 12:32:47 PM,2039.0,16,32624.0,80011801.39999998
2025-08-01 12:33:03 PM,2041.0,50,102050.0,80113851.39999998
2025-08-01 12:33:31 PM,2041.1,0,0.0,80113851.39999998
2025-08-01 12:33:32 PM,2041.1,3,6123.299999999999,80119974.69999997
2025-08-01 12:33:43 PM,2042.0,35,71470.0,80191444.69999997
2025-08-01 12:33:53 PM,2039.8,0,0.0,80191444.69999997
2025-08-01 12:33:53 PM,2039.8,63,128507.4,80319952.09999998
2025-08-01 12:34:18 PM,2039.8,12,24477.6,80344429.69999997
2025-08-01 12:34:21 PM,2042.3,0,0.0,80344429.69999997
2025-08-01 12:34:23 PM,2042.3,50,102115.0,80446544.69999997
2025-08-01 12:34:29 PM,2038.5,0,0.0,80446544.69999997
2025-08-01 12:34:33 PM,2038.5,11,22423.5,80468968.19999997
2025-08-01 12:35:07 PM,2039.5,0,0.0,80468968.19999997
2025-08-01 12:35:09 PM,2039.5,11,22434.5,80491402.69999997
2025-08-01 12:35:11 PM,2040.0,0,0.0,80491402.69999997
2025-08-01 12:35:14 PM,2040.0,4,8160.0,80499562.69999997
2025-08-01 12:35:51 PM,2038.1,0,0.0,80499562.69999997
2025-08-01 12:35:56 PM,2038.1,58,118209.79999999999,80617772.49999997
2025-08-01 12:35:56 PM,2036.7,200,407340.0,81025112.49999997
2025-08-01 12:35:57 PM,2038.2,0,0.0,81025112.49999997
2025-08-01 12:36:01 PM,2038.2,30,61146.0,81086258.49999997
2025-08-01 12:36:02 PM,2038.2,60,122292.0,81208550.49999997
2025-08-01 12:36:03 PM,2040.0,0,0.0,81208550.49999997
2025-08-01 12:36:06 PM,2040.0,15,30600.0,81239150.49999997
2025-08-01 12:36:07 PM,2040.1,1,2040.1,81241190.59999996
2025-08-01 12:36:31 PM,2038.5,0,0.0,81241190.59999996
2025-08-01 12:36:32 PM,2038.5,18,36693.0,81277883.59999996
2025-08-01 12:36:45 PM,2038.2,0,0.0,81277883.59999996
2025-08-01 12:36:47 PM,2038.2,50,101910.0,81379793.59999996
2025-08-01 12:37:03 PM,2040.0,36,73440.0,81453233.59999996
2025-08-01 12:37:10 PM,2038.2,0,0.0,81453233.59999996
2025-08-01 12:37:12 PM,2038.2,50,101910.0,81555143.59999996
2025-08-01 12:37:16 PM,2038.3,0,0.0,81555143.59999996
2025-08-01 12:37:17 PM,2038.3,1,2038.3,81557181.89999996
2025-08-01 12:37:25 PM,2040.0,0,0.0,81557181.89999996
2025-08-01 12:37:28 PM,2040.0,5,10200.0,81567381.89999996
2025-08-01 12:37:47 PM,2038.2,10,20382.0,81587763.89999996
2025-08-01 12:37:48 PM,2038.3,1,2038.3,81589802.19999996
2025-08-01 12:37:57 PM,2040.0,0,0.0,81589802.19999996
2025-08-01 12:37:57 PM,2040.0,4,8160.0,81597962.19999996
2025-08-01 12:37:59 PM,2040.1,0,0.0,81597962.19999996
2025-08-01 12:38:02 PM,2040.1,42,85684.2,81683646.39999996
2025-08-01 12:38:19 PM,2040.2,0,0.0,81683646.39999996
2025-08-01 12:38:23 PM,2040.2,4,8160.8,81691807.19999996
2025-08-01 12:38:32 PM,2042.3,0,0.0,81691807.19999996
2025-08-01 12:38:33 PM,2042.3,100,204230.0,81896037.19999996
2025-08-01 12:38:42 PM,2040.3,13,26523.899999999998,81922561.09999996
2025-08-01 12:39:20 PM,2041.9,0,0.0,81922561.09999996
2025-08-01 12:39:21 PM,2041.9,100,204190.0,82126751.09999996
2025-08-01 12:39:56 PM,2041.7,2,4083.4,82130834.49999997
2025-08-01 12:40:17 PM,2040.0,5,10200.0,82141034.49999997
2025-08-01 12:40:20 PM,2041.8,0,0.0,82141034.49999997
2025-08-01 12:40:22 PM,2041.8,10,20418.0,82161452.49999997
2025-08-01 12:40:49 PM,2041.7,0,0.0,82161452.49999997
2025-08-01 12:40:53 PM,2041.7,25,51042.5,82212494.99999997
2025-08-01 12:41:17 PM,2043.7,0,0.0,82212494.99999997
2025-08-01 12:41:19 PM,2043.7,147,300423.9,82512918.89999998
2025-08-01 12:41:21 PM,2041.7,0,0.0,82512918.89999998
2025-08-01 12:41:24 PM,2041.7,50,102085.0,82615003.89999998
2025-08-01 12:42:17 PM,2043.7,0,0.0,82615003.89999998
2025-08-01 12:42:17 PM,2043.7,48,98097.6,82713101.49999997
2025-08-01 12:42:20 PM,2041.8,0,0.0,82713101.49999997
2025-08-01 12:42:21 PM,2041.8,4,8167.2,82721268.69999997
2025-08-01 12:42:23 PM,2041.7,0,0.0,82721268.69999997
2025-08-01 12:42:25 PM,2043.5,0,0.0,82721268.69999997
2025-08-01 12:42:26 PM,2043.5,18,36783.0,82758051.69999997
2025-08-01 12:42:35 PM,2040.1,0,0.0,82758051.69999997
2025-08-01 12:42:35 PM,2040.7,0,0.0,82758051.69999997
2025-08-01 12:42:36 PM,2040.7,173,353041.10000000003,83111092.79999997
2025-08-01 12:42:47 PM,2040.4,0,0.0,83111092.79999997
2025-08-01 12:42:51 PM,2040.4,35,71414.0,83182506.79999997
2025-08-01 12:42:57 PM,2040.0,71,144840.0,83327346.79999997
2025-08-01 12:43:08 PM,2040.0,14,28560.0,83355906.79999997
2025-08-01 12:43:30 PM,2040.0,2,4080.0,83359986.79999997
2025-08-01 12:43:36 PM,2040.0,2,4080.0,83364066.79999997
2025-08-01 12:43:47 PM,2040.0,559,1140360.0,84504426.79999997
2025-08-01 12:43:59 PM,2039.3,0,0.0,84504426.79999997
2025-08-01 12:44:01 PM,2039.2,0,0.0,84504426.79999997
2025-08-01 12:44:03 PM,2038.6,100,203860.0,84708286.79999997
2025-08-01 12:44:17 PM,2038.7,0,0.0,84708286.79999997
2025-08-01 12:44:19 PM,2038.7,4,8154.8,84716441.59999996
2025-08-01 12:44:32 PM,2038.4,0,0.0,84716441.59999996
2025-08-01 12:44:35 PM,2039.7,0,0.0,84716441.59999996
2025-08-01 12:44:35 PM,2039.7,19,38754.3,84755195.89999996
2025-08-01 12:44:35 PM,2039.8,8,16318.4,84771514.29999997
2025-08-01 12:44:35 PM,2040.0,0,0.0,84771514.29999997
2025-08-01 12:44:41 PM,2040.0,20,40800.0,84812314.29999997
2025-08-01 12:44:51 PM,2038.8,0,0.0,84812314.29999997
2025-08-01 12:44:56 PM,2038.8,18,36698.4,84849012.69999997
2025-08-01 12:45:13 PM,2038.4,0,0.0,84849012.69999997
2025-08-01 12:45:13 PM,2040.0,0,0.0,84849012.69999997
2025-08-01 12:45:17 PM,2040.0,7,14280.0,84863292.69999997
2025-08-01 12:45:21 PM,2040.2,0,0.0,84863292.69999997
2025-08-01 12:45:22 PM,2040.2,40,81608.0,84944900.69999997
2025-08-01 12:45:35 PM,2040.0,0,0.0,84944900.69999997
2025-08-01 12:45:37 PM,2038.8,0,0.0,84944900.69999997
2025-08-01 12:45:37 PM,2040.0,36,73440.0,85018340.69999997
2025-08-01 12:45:42 PM,2040.0,1,2040.0,85020380.69999997
2025-08-01 12:46:12 PM,2040.0,23,46920.0,85067300.69999997
2025-08-01 12:46:13 PM,2038.3,0,0.0,85067300.69999997
2025-08-01 12:46:13 PM,2038.3,1,2038.3,85069338.99999997
2025-08-01 12:46:28 PM,2038.3,20,40766.0,85110104.99999997
2025-08-01 12:47:49 PM,2038.3,10,20383.0,85130487.99999997
2025-08-01 12:47:50 PM,2038.3,3,6114.9,85136602.89999998
2025-08-01 12:48:17 PM,2040.0,0,0.0,85136602.89999998
2025-08-01 12:48:19 PM,2040.0,34,69360.0,85205962.89999998
2025-08-01 12:48:44 PM,2040.0,13,26520.0,85232482.89999998
2025-08-01 12:48:59 PM,2038.6,0,0.0,85232482.89999998
2025-08-01 12:49:00 PM,2038.6,1,2038.6,85234521.49999997
2025-08-01 12:49:03 PM,2039.9,0,0.0,85234521.49999997
2025-08-01 12:49:04 PM,2040.0,2,4080.0,85238601.49999997
2025-08-01 12:49:53 PM,2038.4,0,0.0,85238601.49999997
2025-08-01 12:49:54 PM,2038.4,1,2038.4,85240639.89999998
2025-08-01 12:49:54 PM,2040.0,0,0.0,85240639.89999998
2025-08-01 12:49:58 PM,2040.0,1,2040.0,85242679.89999998
2025-08-01 12:50:26 PM,2040.0,2,4080.0,85246759.89999998
2025-08-01 12:50:35 PM,2040.0,100,204000.0,85450759.89999998
2025-08-01 12:50:45 PM,2040.0,111,226440.0,85677199.89999998
2025-08-01 12:50:45 PM,2039.9,0,0.0,85677199.89999998
2025-08-01 12:50:46 PM,2039.9,1,2039.9,85679239.79999998
2025-08-01 12:50:47 PM,2038.3,0,0.0,85679239.79999998
2025-08-01 12:50:49 PM,2040.0,0,0.0,85679239.79999998
2025-08-01 12:50:50 PM,2040.0,26,53040.0,85732279.79999998
2025-08-01 12:51:01 PM,2038.1,3,6114.299999999999,85738394.09999998
2025-08-01 12:51:01 PM,2037.1,0,0.0,85738394.09999998
2025-08-01 12:51:02 PM,2037.1,1,2037.1,85740431.19999997
2025-08-01 12:51:05 PM,2041.0,0,0.0,85740431.19999997
2025-08-01 12:51:06 PM,2041.0,340,693940.0,86434371.19999997
2025-08-01 12:51:41 PM,2040.9,0,0.0,86434371.19999997
2025-08-01 12:51:42 PM,2043.4,0,0.0,86434371.19999997
2025-08-01 12:51:42 PM,2043.4,36,73562.40000000001,86507933.59999998
2025-08-01 12:51:49 PM,2041.2,0,0.0,86507933.59999998
2025-08-01 12:51:51 PM,2041.2,2,4082.4,86512015.99999999
2025-08-01 12:52:03 PM,2043.0,50,102150.0,86614165.99999999
2025-08-01 12:52:15 PM,2041.0,0,0.0,86614165.99999999
2025-08-01 12:52:16 PM,2041.0,11,22451.0,86636616.99999999
2025-08-01 12:52:36 PM,2041.0,1,2041.0,86638657.99999999
2025-08-01 12:52:53 PM,2039.8,0,0.0,86638657.99999999
2025-08-01 12:52:56 PM,2039.8,100,203980.0,86842637.99999999
2025-08-01 12:53:09 PM,2039.5,0,0.0,86842637.99999999
2025-08-01 12:53:11 PM,2039.5,43,87698.5,86930336.49999999
2025-08-01 12:53:12 PM,2037.9,0,0.0,86930336.49999999
2025-08-01 12:53:15 PM,2038.0,0,0.0,86930336.49999999
2025-08-01 12:53:16 PM,2038.0,706,1438828.0,88369164.49999999
2025-08-01 12:53:21 PM,2038.1,5,10190.5,88379354.99999999
2025-08-01 12:53:23 PM,2039.3,0,0.0,88379354.99999999
2025-08-01 12:53:26 PM,2039.3,181,369113.3,88748468.29999998
2025-08-01 12:53:26 PM,2040.1,0,0.0,88748468.29999998
2025-08-01 12:53:27 PM,2040.0,0,0.0,88748468.29999998
2025-08-01 12:53:30 PM,2040.0,104,212160.0,88960628.29999998
2025-08-01 12:53:35 PM,2038.8,0,0.0,88960628.29999998
2025-08-01 12:53:35 PM,2038.8,13,26504.399999999998,88987132.69999999
2025-08-01 12:53:41 PM,2039.8,0,0.0,88987132.69999999
2025-08-01 12:53:46 PM,2039.8,7,14278.6,89001411.29999998
2025-08-01 12:53:56 PM,2039.4,11,22433.4,89023844.69999999
2025-08-01 12:54:06 PM,2038.8,2,4077.6,89027922.29999998
2025-08-01 12:54:11 PM,2040.0,26,53040.0,89080962.29999998
2025-08-01 12:54:15 PM,2038.8,0,0.0,89080962.29999998
2025-08-01 12:54:16 PM,2038.8,2,4077.6,89085039.89999998
2025-08-01 12:54:23 PM,2038.3,0,0.0,89085039.89999998
2025-08-01 12:54:25 PM,2038.5,0,0.0,89085039.89999998
2025-08-01 12:54:26 PM,2038.5,2,4077.0,89089116.89999998
2025-08-01 12:54:55 PM,2040.0,0,0.0,89089116.89999998
2025-08-01 12:54:57 PM,2040.0,46,93840.0,89182956.89999998
2025-08-01 12:55:19 PM,2039.1,1,2039.1,89184995.99999997
2025-08-01 12:55:24 PM,2039.1,5,10195.5,89195191.49999997
2025-08-01 12:55:47 PM,2041.1,0,0.0,89195191.49999997
2025-08-01 12:55:48 PM,2041.1,40,81644.0,89276835.49999997
2025-08-01 12:56:11 PM,2039.0,0,0.0,89276835.49999997
2025-08-01 12:56:14 PM,2039.0,1,2039.0,89278874.49999997
2025-08-01 12:56:33 PM,2039.0,60,122340.0,89401214.49999997
2025-08-01 12:56:44 PM,2039.0,9,18351.0,89419565.49999997
2025-08-01 12:56:47 PM,2040.0,0,0.0,89419565.49999997
2025-08-01 12:56:49 PM,2040.0,46,93840.0,89513405.49999997
2025-08-01 12:57:00 PM,2040.0,9,18360.0,89531765.49999997
2025-08-01 12:57:03 PM,2038.0,0,0.0,89531765.49999997
2025-08-01 12:57:03 PM,2038.0,9,18342.0,89550107.49999997
2025-08-01 12:57:04 PM,2040.0,0,0.0,89550107.49999997
2025-08-01 12:57:04 PM,2040.0,58,118320.0,89668427.49999997
2025-08-01 12:57:13 PM,2040.0,12,24480.0,89692907.49999997
2025-08-01 12:57:28 PM,2038.6,0,0.0,89692907.49999997
2025-08-01 12:57:28 PM,2038.6,1,2038.6,89694946.09999996
2025-08-01 12:57:51 PM,2039.0,0,0.0,89694946.09999996
2025-08-01 12:57:54 PM,2039.0,50,101950.0,89796896.09999996
2025-08-01 12:57:57 PM,2040.0,0,0.0,89796896.09999996
2025-08-01 12:57:59 PM,2040.0,45,91800.0,89888696.09999996
2025-08-01 12:58:03 PM,2040.0,20,40800.0,89929496.09999996
2025-08-01 12:58:04 PM,2039.0,0,0.0,89929496.09999996
2025-08-01 12:58:08 PM,2039.0,19,38741.0,89968237.09999996
2025-08-01 12:58:19 PM,2039.0,4,8156.0,89976393.09999996
2025-08-01 12:58:24 PM,2039.0,25,50975.0,90027368.09999996
2025-08-01 12:58:39 PM,2039.0,5,10195.0,90037563.09999996
2025-08-01 12:58:54 PM,2039.0,1,2039.0,90039602.09999996
2025-08-01 12:58:56 PM,2040.0,0,0.0,90039602.09999996
2025-08-01 12:58:57 PM,2039.8,0,0.0,90039602.09999996
2025-08-01 12:58:59 PM,2039.0,0,0.0,90039602.09999996
2025-08-01 12:58:59 PM,2039.0,91,185549.0,90225151.09999996
2025-08-01 12:59:08 PM,2040.3,0,0.0,90225151.09999996
2025-08-01 12:59:10 PM,2040.3,10,20403.0,90245554.09999996
2025-08-01 12:59:37 PM,2040.5,0,0.0,90245554.09999996
2025-08-01 12:59:40 PM,2040.5,14,28567.0,90274121.09999996
2025-08-01 12:59:42 PM,2041.2,0,0.0,90274121.09999996
2025-08-01 12:59:45 PM,2041.2,10,20412.0,90294533.09999996
2025-08-01 12:59:47 PM,2040.3,0,0.0,90294533.09999996
2025-08-01 12:59:49 PM,2041.9,0,0.0,90294533.09999996
2025-08-01 12:59:51 PM,2041.9,3,6125.700000000001,90300658.79999997
2025-08-01 01:00:42 PM,2039.7,0,0.0,90300658.79999997
2025-08-01 01:00:43 PM,2039.7,1,2039.7,90302698.49999997
2025-08-01 01:00:54 PM,2041.3,0,0.0,90302698.49999997
2025-08-01 01:00:54 PM,2041.3,1,2041.3,90304739.79999997
2025-08-01 01:01:35 PM,2039.0,30,61170.0,90365909.79999997
2025-08-01 01:01:36 PM,2039.0,1,2039.0,90367948.79999997
2025-08-01 01:01:45 PM,2039.1,4,8156.4,90376105.19999997
2025-08-01 01:02:30 PM,2039.0,0,0.0,90376105.19999997
2025-08-01 01:02:30 PM,2039.0,1,2039.0,90378144.19999997
2025-08-01 01:02:46 PM,2039.0,1,2039.0,90380183.19999997
2025-08-01 01:03:25 PM,2039.0,1,2039.0,90382222.19999997
2025-08-01 01:03:28 PM,2039.9,0,0.0,90382222.19999997
2025-08-01 01:03:30 PM,2040.0,0,0.0,90382222.19999997
2025-08-01 01:03:30 PM,2040.0,35,71400.0,90453622.19999997
2025-08-01 01:03:44 PM,2039.1,0,0.0,90453622.19999997
2025-08-01 01:03:45 PM,2039.1,5,10195.5,90463817.69999997
2025-08-01 01:04:04 PM,2039.1,11,22430.1,90486247.79999997
2025-08-01 01:04:14 PM,2039.0,0,0.0,90486247.79999997
2025-08-01 01:04:14 PM,2039.0,1,2039.0,90488286.79999997
2025-08-01 01:04:19 PM,2039.0,1,2039.0,90490325.79999997
2025-08-01 01:04:57 PM,2039.0,5,10195.0,90500520.79999997
2025-08-01 01:05:08 PM,2039.0,1,2039.0,90502559.79999997
2025-08-01 01:05:13 PM,2039.0,1,2039.0,90504598.79999997
2025-08-01 01:05:30 PM,2040.1,0,0.0,90504598.79999997
2025-08-01 01:05:33 PM,2040.1,1,2040.1,90506638.89999996
2025-08-01 01:05:53 PM,2040.1,3,6120.299999999999,90512759.19999996
2025-08-01 01:06:09 PM,2040.1,1,2040.1,90514799.29999995
2025-08-01 01:06:49 PM,2041.2,0,0.0,90514799.29999995
2025-08-01 01:06:50 PM,2041.2,74,151048.80000000002,90665848.09999995
2025-08-01 01:06:59 PM,2043.3,0,0.0,90665848.09999995
2025-08-01 01:07:00 PM,2043.3,25,51082.5,90716930.59999995
2025-08-01 01:07:32 PM,2041.6,5,10208.0,90727138.59999995
2025-08-01 01:07:47 PM,2041.6,1,2041.6,90729180.19999994
2025-08-01 01:07:55 PM,2042.4,0,0.0,90729180.19999994
2025-08-01 01:07:57 PM,2042.4,2,4084.8,90733264.99999994
2025-08-01 01:08:03 PM,2042.9,0,0.0,90733264.99999994
2025-08-01 01:08:07 PM,2042.9,21,42900.9,90776165.89999995
2025-08-01 01:08:41 PM,2042.8,0,0.0,90776165.89999995
2025-08-01 01:08:42 PM,2042.8,15,30642.0,90806807.89999995
2025-08-01 01:08:49 PM,2041.3,1,2041.3,90808849.19999994
2025-08-01 01:09:21 PM,2041.1,0,0.0,90808849.19999994
2025-08-01 01:09:22 PM,2041.1,3,6123.299999999999,90814972.49999994
2025-08-01 01:09:39 PM,2042.4,0,0.0,90814972.49999994
2025-08-01 01:09:40 PM,2042.4,3,6127.200000000001,90821099.69999994
2025-08-01 01:09:42 PM,2040.8,0,0.0,90821099.69999994
2025-08-01 01:09:42 PM,2040.8,1,2040.8,90823140.49999994
2025-08-01 01:10:38 PM,2040.8,1,2040.8,90825181.29999994
2025-08-01 01:11:29 PM,2040.2,0,0.0,90825181.29999994
2025-08-01 01:11:29 PM,2040.2,11,22442.2,90847623.49999994
2025-08-01 01:11:48 PM,2040.2,1,2040.2,90849663.69999994
2025-08-01 01:12:10 PM,2040.3,0,0.0,90849663.69999994
2025-08-01 01:12:13 PM,2040.3,2,4080.6,90853744.29999994
2025-08-01 01:12:24 PM,2040.2,0,0.0,90853744.29999994
2025-08-01 01:12:24 PM,2040.2,1,2040.2,90855784.49999994
2025-08-01 01:13:18 PM,2040.1,0,0.0,90855784.49999994
2025-08-01 01:13:18 PM,2040.1,51,104045.09999999999,90959829.59999993
2025-08-01 01:13:31 PM,2041.0,0,0.0,90959829.59999993
2025-08-01 01:13:34 PM,2041.0,3,6123.0,90965952.59999993
2025-08-01 01:13:37 PM,2040.1,0,0.0,90965952.59999993
2025-08-01 01:13:39 PM,2040.1,2,4080.2,90970032.79999994
2025-08-01 01:13:54 PM,2040.1,1,2040.1,90972072.89999993
2025-08-01 01:14:12 PM,2040.1,1,2040.1,90974112.99999993
2025-08-01 01:15:06 PM,2040.1,1,2040.1,90976153.09999992
2025-08-01 01:15:11 PM,2040.1,5,10200.5,90986353.59999992
2025-08-01 01:15:31 PM,2040.1,1,2040.1,90988393.69999991
2025-08-01 01:16:00 PM,2040.1,1,2040.1,90990433.79999991
2025-08-01 01:16:10 PM,2041.9,0,0.0,90990433.79999991
2025-08-01 01:16:11 PM,2041.9,35,71466.5,91061900.29999991
2025-08-01 01:16:19 PM,2040.1,7,14280.699999999999,91076180.99999991
2025-08-01 01:16:34 PM,2040.1,10,20401.0,91096581.99999991
2025-08-01 01:16:43 PM,2041.9,0,0.0,91096581.99999991
2025-08-01 01:16:44 PM,2041.9,1,2041.9,91098623.89999992
2025-08-01 01:16:49 PM,2040.1,3,6120.299999999999,91104744.19999991
2025-08-01 01:16:54 PM,2040.1,1,2040.1,91106784.29999991
2025-08-01 01:17:48 PM,2040.1,1,2040.1,91108824.3999999
2025-08-01 01:18:41 PM,2040.1,11,22441.1,91131265.4999999
2025-08-01 01:18:42 PM,2039.0,1,2039.0,91133304.4999999
2025-08-01 01:18:56 PM,2039.0,3,6117.0,91139421.4999999
2025-08-01 01:19:11 PM,2040.1,0,0.0,91139421.4999999
2025-08-01 01:19:11 PM,2040.1,105,214210.5,91353631.9999999
2025-08-01 01:19:17 PM,2039.7,1,2039.7,91355671.6999999
2025-08-01 01:19:25 PM,2040.0,0,0.0,91355671.6999999
2025-08-01 01:19:26 PM,2040.0,22,44880.0,91400551.6999999
2025-08-01 01:19:35 PM,2039.0,1,2039.0,91402590.6999999
2025-08-01 01:20:31 PM,2040.0,0,0.0,91402590.6999999
2025-08-01 01:20:31 PM,2040.0,1,2040.0,91404630.6999999
2025-08-01 01:21:05 PM,2041.6,984,2008934.4,93413565.0999999
2025-08-01 01:21:19 PM,2041.4,0,0.0,93413565.0999999
2025-08-01 01:21:21 PM,2041.4,6,12248.400000000001,93425813.49999991
2025-08-01 01:21:25 PM,2041.2,0,0.0,93425813.49999991
2025-08-01 01:21:26 PM,2041.2,1,2041.2,93427854.69999991
2025-08-01 01:22:06 PM,2041.9,0,0.0,93427854.69999991
2025-08-01 01:22:09 PM,2041.9,1,2041.9,93429896.59999992
2025-08-01 01:22:18 PM,2040.6,1,2040.6,93431937.19999991
2025-08-01 01:22:35 PM,2040.1,0,0.0,93431937.19999991
2025-08-01 01:22:36 PM,2040.1,38,77523.8,93509460.99999991
2025-08-01 01:23:13 PM,2040.5,2,4081.0,93513541.99999991
2025-08-01 01:23:50 PM,2041.8,0,0.0,93513541.99999991
2025-08-01 01:23:52 PM,2041.8,3,6125.4,93519667.39999992
2025-08-01 01:24:03 PM,2040.2,0,0.0,93519667.39999992
2025-08-01 01:24:06 PM,2040.0,0,0.0,93519667.39999992
2025-08-01 01:24:06 PM,2040.0,11,22440.0,93542107.39999992
2025-08-01 01:24:17 PM,2040.4,0,0.0,93542107.39999992
2025-08-01 01:24:20 PM,2040.4,6,12242.400000000001,93554349.79999992
2025-08-01 01:24:54 PM,2040.4,16,32646.4,93586996.19999993
2025-08-01 01:25:00 PM,2040.0,0,0.0,93586996.19999993
2025-08-01 01:25:03 PM,2040.0,1,2040.0,93589036.19999993
2025-08-01 01:25:06 PM,2040.4,0,0.0,93589036.19999993
2025-08-01 01:25:09 PM,2040.4,1,2040.4,93591076.59999993
2025-08-01 01:25:54 PM,2040.0,0,0.0,93591076.59999993
2025-08-01 01:25:58 PM,2040.0,1,2040.0,93593116.59999993
2025-08-01 01:26:47 PM,2040.0,1,2040.0,93595156.59999993
2025-08-01 01:27:17 PM,2040.0,1,2040.0,93597196.59999993
2025-08-01 01:27:23 PM,2040.4,0,0.0,93597196.59999993
2025-08-01 01:27:27 PM,2040.4,12,24484.800000000003,93621681.39999993
2025-08-01 01:27:41 PM,2040.1,1,2040.1,93623721.49999993
2025-08-01 01:28:01 PM,2040.2,10,20402.0,93644123.49999993
2025-08-01 01:28:39 PM,2040.2,1,2040.2,93646163.69999993
2025-08-01 01:29:32 PM,2040.2,1,2040.2,93648203.89999993
2025-08-01 01:29:50 PM,2040.1,45,91804.5,93740008.39999993
2025-08-01 01:29:53 PM,2041.0,0,0.0,93740008.39999993
2025-08-01 01:29:55 PM,2041.0,1,2041.0,93742049.39999993
2025-08-01 01:30:23 PM,2040.0,0,0.0,93742049.39999993
2025-08-01 01:30:25 PM,2040.0,6,12240.0,93754289.39999993
2025-08-01 01:30:55 PM,2040.0,365,744600.0,94498889.39999993
2025-08-01 01:31:03 PM,2039.9,0,0.0,94498889.39999993
2025-08-01 01:31:04 PM,2039.9,20,40798.0,94539687.39999993
2025-08-01 01:31:18 PM,2039.6,0,0.0,94539687.39999993
2025-08-01 01:31:20 PM,2039.6,1,2039.6,94541726.99999993
2025-08-01 01:32:03 PM,2041.5,0,0.0,94541726.99999993
2025-08-01 01:32:04 PM,2041.5,169,345013.5,94886740.49999993
2025-08-01 01:32:11 PM,2041.4,0,0.0,94886740.49999993
2025-08-01 01:32:14 PM,2041.4,1,2041.4,94888781.89999993
2025-08-01 01:33:05 PM,2040.9,0,0.0,94888781.89999993
2025-08-01 01:33:08 PM,2040.9,1,2040.9,94890822.79999994
2025-08-01 01:33:41 PM,2043.4,0,0.0,94890822.79999994
2025-08-01 01:33:42 PM,2043.4,365,745841.0,95636663.79999994
2025-08-01 01:33:52 PM,2040.6,54,110192.4,95746856.19999994
2025-08-01 01:33:59 PM,2039.7,0,0.0,95746856.19999994
2025-08-01 01:34:01 PM,2039.7,1,2039.7,95748895.89999995
2025-08-01 01:34:09 PM,2042.0,0,0.0,95748895.89999995
2025-08-01 01:34:11 PM,2042.0,25,51050.0,95799945.89999995
2025-08-01 01:34:15 PM,2042.3,0,0.0,95799945.89999995
2025-08-01 01:34:16 PM,2042.3,20,40846.0,95840791.89999995
2025-08-01 01:34:47 PM,2040.7,0,0.0,95840791.89999995
2025-08-01 01:34:48 PM,2040.7,9,18366.3,95859158.19999994
2025-08-01 01:34:53 PM,2040.2,0,0.0,95859158.19999994
2025-08-01 01:34:54 PM,2040.2,1,2040.2,95861198.39999995
2025-08-01 01:35:16 PM,2040.1,0,0.0,95861198.39999995
2025-08-01 01:35:17 PM,2040.1,2,4080.2,95865278.59999995
2025-08-01 01:35:29 PM,2040.0,0,0.0,95865278.59999995
2025-08-01 01:35:32 PM,2040.0,22,44880.0,95910158.59999995
2025-08-01 01:35:41 PM,2039.6,3,6118.799999999999,95916277.39999995
2025-08-01 01:35:42 PM,2039.6,8,16316.8,95932594.19999994
2025-08-01 01:35:51 PM,2039.6,2,4079.2,95936673.39999995
2025-08-01 01:35:57 PM,2039.6,10,20396.0,95957069.39999995
2025-08-01 01:36:07 PM,2041.0,0,0.0,95957069.39999995
2025-08-01 01:36:08 PM,2039.6,0,0.0,95957069.39999995
2025-08-01 01:36:10 PM,2039.6,12,24475.199999999997,95981544.59999995
2025-08-01 01:36:45 PM,2039.6,4,8158.4,95989702.99999996
2025-08-01 01:36:51 PM,2040.8,0,0.0,95989702.99999996
2025-08-01 01:36:54 PM,2040.8,2,4081.6,95993784.59999995
2025-08-01 01:36:55 PM,2039.6,0,0.0,95993784.59999995
2025-08-01 01:36:59 PM,2039.6,5,10198.0,96003982.59999995
2025-08-01 01:37:09 PM,2039.6,12,24475.199999999997,96028457.79999995
2025-08-01 01:37:19 PM,2039.6,1,2039.6,96030497.39999995
2025-08-01 01:37:38 PM,2039.6,1,2039.6,96032536.99999994
2025-08-01 01:37:53 PM,2039.6,3,6118.799999999999,96038655.79999994
2025-08-01 01:37:59 PM,2039.6,10,20396.0,96059051.79999994
2025-08-01 01:38:20 PM,2039.6,2,4079.2,96063130.99999994
2025-08-01 01:38:31 PM,2039.6,1,2039.6,96065170.59999993
2025-08-01 01:38:43 PM,2040.7,0,0.0,96065170.59999993
2025-08-01 01:38:47 PM,2040.7,15,30610.5,96095781.09999993
2025-08-01 01:39:05 PM,2039.6,0,0.0,96095781.09999993
2025-08-01 01:39:09 PM,2039.6,2,4079.2,96099860.29999994
2025-08-01 01:39:25 PM,2039.6,1,2039.6,96101899.89999993
2025-08-01 01:39:45 PM,2039.6,2,4079.2,96105979.09999993
2025-08-01 01:40:00 PM,2039.6,1,2039.6,96108018.69999993
2025-08-01 01:40:16 PM,2039.6,1,2039.6,96110058.29999992
2025-08-01 01:40:21 PM,2039.6,1,2039.6,96112097.89999992
2025-08-01 01:40:55 PM,2040.6,0,0.0,96112097.89999992
2025-08-01 01:40:55 PM,2040.6,1,2040.6,96114138.49999991
2025-08-01 01:41:11 PM,2039.6,0,0.0,96114138.49999991
2025-08-01 01:41:12 PM,2039.6,2,4079.2,96118217.69999991
2025-08-01 01:41:16 PM,2039.6,25,50990.0,96169207.69999991
2025-08-01 01:41:20 PM,2039.6,1,2039.6,96171247.29999991
2025-08-01 01:41:26 PM,2039.0,4,8156.0,96179403.29999991
2025-08-01 01:41:34 PM,2039.0,6,12234.0,96191637.29999991
2025-08-01 01:41:49 PM,2039.0,2,4078.0,96195715.29999991
2025-08-01 01:42:09 PM,2039.0,2,4078.0,96199793.29999991
2025-08-01 01:42:34 PM,2039.0,200,407800.0,96607593.29999991
2025-08-01 01:42:43 PM,2038.8,1,2038.8,96609632.0999999
2025-08-01 01:42:48 PM,2038.8,30,61164.0,96670796.0999999
2025-08-01 01:42:53 PM,2040.0,0,0.0,96670796.0999999
2025-08-01 01:42:53 PM,2040.0,65,132600.0,96803396.0999999
2025-08-01 01:42:58 PM,2040.0,2,4080.0,96807476.0999999
2025-08-01 01:42:59 PM,2038.6,0,0.0,96807476.0999999
2025-08-01 01:43:01 PM,2040.0,0,0.0,96807476.0999999
2025-08-01 01:43:01 PM,2038.6,0,0.0,96807476.0999999
2025-08-01 01:43:03 PM,2040.0,0,0.0,96807476.0999999
2025-08-01 01:43:03 PM,2040.0,33,67320.0,96874796.0999999
2025-08-01 01:43:08 PM,2040.0,314,640560.0,97515356.0999999
2025-08-01 01:43:08 PM,2038.5,9,18346.5,97533702.5999999
2025-08-01 01:43:09 PM,2039.9,0,0.0,97533702.5999999
2025-08-01 01:43:13 PM,2039.9,21,42837.9,97576540.49999991
2025-08-01 01:43:14 PM,2039.9,11,22438.9,97598979.39999992
2025-08-01 01:43:18 PM,2039.9,34,69356.6,97668335.99999991
2025-08-01 01:43:19 PM,2038.1,64,130438.4,97798774.39999992
2025-08-01 01:43:20 PM,2039.9,0,0.0,97798774.39999992
2025-08-01 01:43:22 PM,2040.0,0,0.0,97798774.39999992
2025-08-01 01:43:23 PM,2040.0,9,18360.0,97817134.39999992
2025-08-01 01:43:24 PM,2040.0,3,6120.0,97823254.39999992
2025-08-01 01:43:28 PM,2040.0,16,32640.0,97855894.39999992
2025-08-01 01:43:33 PM,2040.0,6,12240.0,97868134.39999992
2025-08-01 01:43:34 PM,2040.0,79,161160.0,98029294.39999992
2025-08-01 01:43:39 PM,2038.8,3,6116.4,98035410.79999992
2025-08-01 01:43:41 PM,2040.7,0,0.0,98035410.79999992
2025-08-01 01:43:43 PM,2040.7,26,53058.200000000004,98088468.99999993
2025-08-01 01:43:49 PM,2038.8,21,42814.799999999996,98131283.79999992
2025-08-01 01:43:53 PM,2038.8,1,2038.8,98133322.59999992
2025-08-01 01:43:58 PM,2038.8,5,10194.0,98143516.59999992
2025-08-01 01:44:07 PM,2038.6,0,0.0,98143516.59999992
2025-08-01 01:44:07 PM,2038.6,3,6115.799999999999,98149632.39999992
2025-08-01 01:44:11 PM,2040.7,0,0.0,98149632.39999992
2025-08-01 01:44:12 PM,2040.7,246,502012.2,98651644.59999992
2025-08-01 01:44:15 PM,2038.7,0,0.0,98651644.59999992
2025-08-01 01:44:15 PM,2041.3,0,0.0,98651644.59999992
2025-08-01 01:44:17 PM,2041.8,0,0.0,98651644.59999992
2025-08-01 01:44:18 PM,2041.8,211,430819.8,99082464.39999992
2025-08-01 01:44:31 PM,2041.2,0,0.0,99082464.39999992
2025-08-01 01:44:32 PM,2041.3,0,0.0,99082464.39999992
2025-08-01 01:44:33 PM,2041.3,45,91858.5,99174322.89999992
2025-08-01 01:44:41 PM,2040.0,0,0.0,99174322.89999992
2025-08-01 01:44:43 PM,2040.0,1508,3076320.0,102250642.89999992
2025-08-01 01:44:45 PM,2038.8,0,0.0,102250642.89999992
2025-08-01 01:44:47 PM,2039.9,0,0.0,102250642.89999992
2025-08-01 01:44:48 PM,2039.9,302,616049.8,102866692.69999991
2025-08-01 01:44:48 PM,2039.9,26,53037.4,102919730.09999992
2025-08-01 01:44:53 PM,2039.9,189,385541.10000000003,103305271.19999991
2025-08-01 01:44:53 PM,2039.9,61,124433.90000000001,103429705.09999992
2025-08-01 01:44:55 PM,2039.3,0,0.0,103429705.09999992
2025-08-01 01:44:57 PM,2039.8,0,0.0,103429705.09999992
2025-08-01 01:44:58 PM,2039.8,97,197860.6,103627565.69999991
2025-08-01 01:44:58 PM,2039.8,4,8159.2,103635724.89999992
2025-08-01 01:45:03 PM,2039.8,21,42835.799999999996,103678560.69999991
2025-08-01 01:45:03 PM,2039.8,6,12238.8,103690799.49999991
2025-08-01 01:45:07 PM,2040.0,0,0.0,103690799.49999991
2025-08-01 01:45:08 PM,2040.0,37,75480.0,103766279.49999991
2025-08-01 01:45:13 PM,2040.0,30,61200.0,103827479.49999991
2025-08-01 01:45:21 PM,2040.1,0,0.0,103827479.49999991
2025-08-01 01:45:23 PM,2040.1,5,10200.5,103837679.99999991
2025-08-01 01:45:26 PM,2040.0,0,0.0,103837679.99999991
2025-08-01 01:45:28 PM,2040.0,5,10200.0,103847879.99999991
2025-08-01 01:45:38 PM,2040.0,1,2040.0,103849919.99999991
2025-08-01 01:45:43 PM,2040.0,1,2040.0,103851959.99999991
2025-08-01 01:45:56 PM,2040.6,0,0.0,103851959.99999991
2025-08-01 01:45:57 PM,2040.6,25,51015.0,103902974.99999991
2025-08-01 01:46:11 PM,2040.0,3,6120.0,103909094.99999991
2025-08-01 01:46:26 PM,2040.0,11,22440.0,103931534.99999991
2025-08-01 01:46:32 PM,2040.0,26,53040.0,103984574.99999991
2025-08-01 01:46:37 PM,2040.0,2,4080.0,103988654.99999991
2025-08-01 01:46:47 PM,2040.0,4,8160.0,103996814.99999991
2025-08-01 01:46:52 PM,2040.0,1,2040.0,103998854.99999991
2025-08-01 01:47:22 PM,2040.0,1,2040.0,104000894.99999991
2025-08-01 01:47:32 PM,2040.0,1,2040.0,104002934.99999991
2025-08-01 01:47:37 PM,2040.0,20,40800.0,104043734.99999991
2025-08-01 01:47:47 PM,2040.0,3,6120.0,104049854.99999991
2025-08-01 01:47:52 PM,2040.0,40,81600.0,104131454.99999991
2025-08-01 01:48:07 PM,2040.0,10,20400.0,104151854.99999991
2025-08-01 01:48:12 PM,2040.0,39,79560.0,104231414.99999991
2025-08-01 01:48:22 PM,2040.0,1,2040.0,104233454.99999991
2025-08-01 01:48:27 PM,2040.0,7,14280.0,104247734.99999991
2025-08-01 01:48:42 PM,2040.0,1,2040.0,104249774.99999991
2025-08-01 01:49:19 PM,2040.4,0,0.0,104249774.99999991
2025-08-01 01:49:21 PM,2040.4,2,4080.8,104253855.79999991
2025-08-01 01:49:28 PM,2040.3,0,0.0,104253855.79999991
2025-08-01 01:49:30 PM,2040.3,2,4080.6,104257936.3999999
2025-08-01 01:49:41 PM,2040.6,0,0.0,104257936.3999999
2025-08-01 01:49:44 PM,2040.6,24,48974.399999999994,104306910.79999991
2025-08-01 01:49:56 PM,2040.0,0,0.0,104306910.79999991
2025-08-01 01:49:59 PM,2040.0,10,20400.0,104327310.79999991
2025-08-01 01:50:11 PM,2040.6,0,0.0,104327310.79999991
2025-08-01 01:50:14 PM,2040.6,50,102030.0,104429340.79999991
2025-08-01 01:50:14 PM,2040.0,1,2040.0,104431380.79999991
2025-08-01 01:50:24 PM,2040.1,10,20401.0,104451781.79999991
2025-08-01 01:50:26 PM,2040.0,0,0.0,104451781.79999991
2025-08-01 01:50:27 PM,2043.6,0,0.0,104451781.79999991
2025-08-01 01:50:28 PM,2043.6,158,322888.8,104774670.5999999
2025-08-01 01:50:41 PM,2040.0,0,0.0,104774670.5999999
2025-08-01 01:50:43 PM,2040.0,24,48960.0,104823630.5999999
2025-08-01 01:50:57 PM,2040.1,0,0.0,104823630.5999999
2025-08-01 01:50:58 PM,2040.1,4,8160.4,104831790.99999991
2025-08-01 01:51:07 PM,2041.0,0,0.0,104831790.99999991
2025-08-01 01:51:08 PM,2041.0,20,40820.0,104872610.99999991
2025-08-01 01:51:21 PM,2040.2,0,0.0,104872610.99999991
2025-08-01 01:51:23 PM,2040.2,3,6120.6,104878731.5999999
2025-08-01 01:51:24 PM,2040.0,0,0.0,104878731.5999999
2025-08-01 01:51:24 PM,2040.0,51,104040.0,104982771.5999999
2025-08-01 01:51:32 PM,2040.0,15,30600.0,105013371.5999999
2025-08-01 01:51:37 PM,2040.0,5,10200.0,105023571.5999999
2025-08-01 01:51:42 PM,2040.0,110,224400.0,105247971.5999999
2025-08-01 01:51:46 PM,2040.0,5,10200.0,105258171.5999999
2025-08-01 01:51:51 PM,2040.0,38,77520.0,105335691.5999999
2025-08-01 01:51:56 PM,2040.0,1,2040.0,105337731.5999999
2025-08-01 01:52:01 PM,2040.0,9,18360.0,105356091.5999999
2025-08-01 01:52:06 PM,2040.0,6,12240.0,105368331.5999999
2025-08-01 01:52:17 PM,2040.0,1,2040.0,105370371.5999999
2025-08-01 01:52:21 PM,2040.0,3,6120.0,105376491.5999999
2025-08-01 01:52:37 PM,2040.0,11,22440.0,105398931.5999999
2025-08-01 01:52:45 PM,2040.0,11,22440.0,105421371.5999999
2025-08-01 01:52:51 PM,2040.0,3,6120.0,105427491.5999999
2025-08-01 01:52:55 PM,2040.0,1,2040.0,105429531.5999999
2025-08-01 01:53:01 PM,2040.0,2,4080.0,105433611.5999999
2025-08-01 01:53:05 PM,2040.0,1,2040.0,105435651.5999999
2025-08-01 01:53:18 PM,2040.0,1,2040.0,105437691.5999999
2025-08-01 01:53:48 PM,2040.0,1,2040.0,105439731.5999999
2025-08-01 01:54:16 PM,2040.0,21,42840.0,105482571.5999999
2025-08-01 01:54:27 PM,2040.0,3,6120.0,105488691.5999999
2025-08-01 01:54:30 PM,2040.0,5,10200.0,105498891.5999999
2025-08-01 01:54:31 PM,2040.0,3,6120.0,105505011.5999999
2025-08-01 01:54:44 PM,2040.0,4,8160.0,105513171.5999999
2025-08-01 01:54:50 PM,2040.0,1,2040.0,105515211.5999999
2025-08-01 01:54:58 PM,2040.0,1,2040.0,105517251.5999999
2025-08-01 01:55:39 PM,2040.0,1,2040.0,105519291.5999999
2025-08-01 01:55:44 PM,2040.0,8,16320.0,105535611.5999999
2025-08-01 01:55:48 PM,2040.0,15,30600.0,105566211.5999999
2025-08-01 01:55:54 PM,2040.0,2,4080.0,105570291.5999999
2025-08-01 01:56:04 PM,2040.0,4,8160.0,105578451.5999999
2025-08-01 01:56:04 PM,2040.0,3,6120.0,105584571.5999999
2025-08-01 01:56:18 PM,2040.0,1,2040.0,105586611.5999999
2025-08-01 01:56:18 PM,2040.0,60,122400.0,105709011.5999999
2025-08-01 01:56:33 PM,2040.0,10,20400.0,105729411.5999999
2025-08-01 01:56:38 PM,2040.0,10,20400.0,105749811.5999999
2025-08-01 01:56:43 PM,2040.0,13,26520.0,105776331.5999999
2025-08-01 01:56:48 PM,2040.0,63,128520.0,105904851.5999999
2025-08-01 01:56:53 PM,2040.0,12,24480.0,105929331.5999999
2025-08-01 01:56:58 PM,2040.0,2,4080.0,105933411.5999999
2025-08-01 01:57:03 PM,2040.0,10,20400.0,105953811.5999999
2025-08-01 01:57:08 PM,2040.0,217,442680.0,106396491.5999999
2025-08-01 01:57:13 PM,2040.0,22,44880.0,106441371.5999999
2025-08-01 01:57:18 PM,2040.0,1,2040.0,106443411.5999999
2025-08-01 01:57:23 PM,2040.0,33,67320.0,106510731.5999999
2025-08-01 01:57:28 PM,2040.0,8,16320.0,106527051.5999999
2025-08-01 01:57:37 PM,2040.5,1536,3134208.0,109661259.5999999
2025-08-01 01:57:37 PM,2040.0,0,0.0,109661259.5999999
2025-08-01 01:57:38 PM,2040.0,74,150960.0,109812219.5999999
2025-08-01 01:57:42 PM,2040.0,291,593640.0,110405859.5999999
2025-08-01 01:57:51 PM,2038.7,0,0.0,110405859.5999999
2025-08-01 01:57:52 PM,2038.7,267,544332.9,110950192.49999991
2025-08-01 01:57:53 PM,2039.9,0,0.0,110950192.49999991
2025-08-01 01:57:57 PM,2039.9,88,179511.2,111129703.69999991
2025-08-01 01:57:57 PM,2039.9,5,10199.5,111139903.19999991
2025-08-01 01:58:01 PM,2039.6,0,0.0,111139903.19999991
2025-08-01 01:58:01 PM,2039.8,59,120348.2,111260251.39999992
2025-08-01 01:58:01 PM,2039.9,0,0.0,111260251.39999992
2025-08-01 01:58:02 PM,2039.9,7,14279.300000000001,111274530.69999991
2025-08-01 01:58:07 PM,2039.9,28,57117.200000000004,111331647.89999992
2025-08-01 01:58:07 PM,2039.9,2,4079.8,111335727.69999991
2025-08-01 01:58:09 PM,2040.0,0,0.0,111335727.69999991
2025-08-01 01:58:11 PM,2039.9,0,0.0,111335727.69999991
2025-08-01 01:58:11 PM,2040.0,0,0.0,111335727.69999991
2025-08-01 01:58:12 PM,2040.0,43,87720.0,111423447.69999991
2025-08-01 01:58:12 PM,2040.0,1,2040.0,111425487.69999991
2025-08-01 01:58:17 PM,2040.0,3,6120.0,111431607.69999991
2025-08-01 01:58:21 PM,2039.9,0,0.0,111431607.69999991
2025-08-01 01:58:21 PM,2039.9,14,28558.600000000002,111460166.29999991
2025-08-01 01:58:21 PM,2040.0,0,0.0,111460166.29999991
2025-08-01 01:58:22 PM,2040.0,3,6120.0,111466286.29999991
2025-08-01 01:58:23 PM,2039.9,0,0.0,111466286.29999991
2025-08-01 01:58:26 PM,2039.9,8,16319.2,111482605.49999991
2025-08-01 01:58:27 PM,2040.0,0,0.0,111482605.49999991
2025-08-01 01:58:27 PM,2040.0,1,2040.0,111484645.49999991
2025-08-01 01:58:31 PM,2040.0,1,2040.0,111486685.49999991
2025-08-01 01:58:41 PM,2038.8,0,0.0,111486685.49999991
2025-08-01 01:58:41 PM,2038.8,1,2038.8,111488724.29999991
2025-08-01 01:58:42 PM,2040.0,1,2040.0,111490764.29999991
2025-08-01 01:58:59 PM,2040.1,0,0.0,111490764.29999991
2025-08-01 01:59:02 PM,2040.1,1,2040.1,111492804.3999999
2025-08-01 01:59:17 PM,2038.8,0,0.0,111492804.3999999
2025-08-01 01:59:17 PM,2038.8,2,4077.6,111496881.9999999
2025-08-01 01:59:53 PM,2040.0,0,0.0,111496881.9999999
2025-08-01 01:59:57 PM,2040.0,13,26520.0,111523401.9999999
2025-08-01 01:59:58 PM,2038.8,1,2038.8,111525440.7999999
2025-08-01 01:59:58 PM,2039.6,0,0.0,111525440.7999999
2025-08-01 02:00:00 PM,2039.8,0,0.0,111525440.7999999
2025-08-01 02:00:00 PM,2040.0,0,0.0,111525440.7999999
2025-08-01 02:00:02 PM,2040.0,426,869040.0,112394480.7999999
2025-08-01 02:00:04 PM,2038.8,0,0.0,112394480.7999999
2025-08-01 02:00:08 PM,2038.8,2,4077.6,112398558.39999989
2025-08-01 02:00:16 PM,2038.7,0,0.0,112398558.39999989
2025-08-01 02:00:18 PM,2038.7,62,126399.40000000001,112524957.7999999
2025-08-01 02:00:31 PM,2038.8,0,0.0,112524957.7999999
2025-08-01 02:00:32 PM,2038.8,10,20388.0,112545345.7999999
2025-08-01 02:00:42 PM,2038.8,105,214074.0,112759419.7999999
2025-08-01 02:00:46 PM,2038.7,0,0.0,112759419.7999999
2025-08-01 02:00:46 PM,2038.7,1,2038.7,112761458.4999999
2025-08-01 02:00:56 PM,2038.7,19,38735.3,112800193.7999999
2025-08-01 02:01:01 PM,2038.7,10,20387.0,112820580.7999999
2025-08-01 02:01:06 PM,2038.7,4,8154.8,112828735.59999989
2025-08-01 02:01:11 PM,2038.7,2,4077.4,112832812.9999999
2025-08-01 02:01:16 PM,2038.7,2,4077.4,112836890.3999999
2025-08-01 02:01:21 PM,2038.7,2,4077.4,112840967.79999991
2025-08-01 02:01:26 PM,2038.7,1,2038.7,112843006.49999991
2025-08-01 02:01:35 PM,2038.7,1,2038.7,112845045.19999991
2025-08-01 02:01:45 PM,2038.7,10,20387.0,112865432.19999991
2025-08-01 02:02:00 PM,2038.7,2,4077.4,112869509.59999992
2025-08-01 02:02:09 PM,2038.7,10,20387.0,112889896.59999992
2025-08-01 02:02:17 PM,2040.2,0,0.0,112889896.59999992
2025-08-01 02:02:19 PM,2040.2,2,4080.4,112893976.99999993
2025-08-01 02:02:21 PM,2038.7,0,0.0,112893976.99999993
2025-08-01 02:02:24 PM,2038.7,2,4077.4,112898054.39999993
2025-08-01 02:02:28 PM,2038.7,31,63199.700000000004,112961254.09999993
2025-08-01 02:02:35 PM,2040.0,0,0.0,112961254.09999993
2025-08-01 02:02:39 PM,2040.0,17,34680.0,112995934.09999993
2025-08-01 02:02:41 PM,2038.7,0,0.0,112995934.09999993
2025-08-01 02:02:44 PM,2038.7,5,10193.5,113006127.59999993
2025-08-01 02:02:51 PM,2040.0,0,0.0,113006127.59999993
2025-08-01 02:02:54 PM,2040.0,4,8160.0,113014287.59999993
2025-08-01 02:02:57 PM,2038.8,0,0.0,113014287.59999993
2025-08-01 02:02:59 PM,2038.8,1,2038.8,113016326.39999993
2025-08-01 02:03:06 PM,2040.0,0,0.0,113016326.39999993
2025-08-01 02:03:09 PM,2040.0,15,30600.0,113046926.39999993
