date,price,qty,trnvr,cum_trnvr
2025-08-01 09:15:02 AM,1490.0,277,412730.0,412730.0
2025-08-01 09:15:11 AM,1497.2,0,0.0,412730.0
2025-08-01 09:15:12 AM,1499.0,0,0.0,412730.0
2025-08-01 09:15:14 AM,1500.1,4526,6789452.6,7202182.6
2025-08-01 09:15:16 AM,1501.3,161,241709.3,7443891.899999999
2025-08-01 09:15:21 AM,1500.7,0,0.0,7443891.899999999
2025-08-01 09:15:24 AM,1500.7,216,324151.2,7768043.1
2025-08-01 09:15:28 AM,1497.3,0,0.0,7768043.1
2025-08-01 09:15:33 AM,1497.3,514,769612.2,8537655.299999999
2025-08-01 09:15:34 AM,1497.4,31,46419.4,8584074.7
2025-08-01 09:15:40 AM,1495.7,0,0.0,8584074.7
2025-08-01 09:15:41 AM,1495.7,898,1343138.6,9927213.299999999
2025-08-01 09:16:05 AM,1497.5,0,0.0,9927213.299999999
2025-08-01 09:16:06 AM,1497.5,2,2995.0,9930208.299999999
2025-08-01 09:16:10 AM,1497.1,0,0.0,9930208.299999999
2025-08-01 09:16:14 AM,1497.1,51,76352.09999999999,10006560.399999999
2025-08-01 09:16:15 AM,1496.6,327,489388.19999999995,10495948.599999998
2025-08-01 09:16:16 AM,1497.3,0,0.0,10495948.599999998
2025-08-01 09:16:19 AM,1497.8,0,0.0,10495948.599999998
2025-08-01 09:16:22 AM,1496.7,47,70344.90000000001,10566293.499999998
2025-08-01 09:16:29 AM,1498.4,0,0.0,10566293.499999998
2025-08-01 09:16:30 AM,1498.4,23,34463.200000000004,10600756.699999997
2025-08-01 09:16:32 AM,1499.5,23,34488.5,10635245.199999997
2025-08-01 09:16:47 AM,1498.7,10,14987.0,10650232.199999997
2025-08-01 09:16:55 AM,1496.8,145,217036.0,10867268.199999997
2025-08-01 09:16:59 AM,1497.1,0,0.0,10867268.199999997
2025-08-01 09:17:03 AM,1498.3,829,1242090.7,12109358.899999997
2025-08-01 09:17:05 AM,1496.8,36,53884.799999999996,12163243.699999997
2025-08-01 09:17:07 AM,1498.2,0,0.0,12163243.699999997
2025-08-01 09:17:12 AM,1498.2,14,20974.8,12184218.499999998
2025-08-01 09:17:17 AM,1496.5,0,0.0,12184218.499999998
2025-08-01 09:17:20 AM,1496.5,441,659956.5,12844174.999999998
2025-08-01 09:17:21 AM,1494.8,1,1494.8,12845669.799999999
2025-08-01 09:17:23 AM,1495.9,0,0.0,12845669.799999999
2025-08-01 09:17:25 AM,1496.5,0,0.0,12845669.799999999
2025-08-01 09:17:28 AM,1496.5,1379,2063673.5,14909343.299999999
2025-08-01 09:17:29 AM,1496.9,27,40416.3,14949759.6
2025-08-01 09:17:36 AM,1496.9,42,62869.8,15012629.4
2025-08-01 09:17:39 AM,1496.7,0,0.0,15012629.4
2025-08-01 09:17:45 AM,1495.7,179,267730.3,15280359.700000001
2025-08-01 09:17:49 AM,1494.7,0,0.0,15280359.700000001
2025-08-01 09:17:53 AM,1494.7,16,23915.2,15304274.9
2025-08-01 09:18:10 AM,1495.7,1,1495.7,15305770.6
2025-08-01 09:18:13 AM,1496.0,0,0.0,15305770.6
2025-08-01 09:18:15 AM,1496.2,0,0.0,15305770.6
2025-08-01 09:18:18 AM,1496.3,120,179556.0,15485326.6
2025-08-01 09:18:21 AM,1497.8,0,0.0,15485326.6
2025-08-01 09:18:26 AM,1497.8,57,85374.59999999999,15570701.2
2025-08-01 09:18:31 AM,1497.1,0,0.0,15570701.2
2025-08-01 09:18:34 AM,1497.1,155,232050.5,15802751.7
2025-08-01 09:18:37 AM,1498.1,0,0.0,15802751.7
2025-08-01 09:18:39 AM,1498.8,0,0.0,15802751.7
2025-08-01 09:18:43 AM,1498.8,17,25479.6,15828231.299999999
2025-08-01 09:18:47 AM,1496.7,0,0.0,15828231.299999999
2025-08-01 09:18:51 AM,1496.7,316,472957.2,16301188.499999998
2025-08-01 09:18:52 AM,1497.6,1,1497.6,16302686.099999998
2025-08-01 09:19:01 AM,1496.5,0,0.0,16302686.099999998
2025-08-01 09:19:03 AM,1496.6,0,0.0,16302686.099999998
2025-08-01 09:19:07 AM,1496.6,801,1198776.5999999999,17501462.7
2025-08-01 09:19:11 AM,1496.4,0,0.0,17501462.7
2025-08-01 09:19:15 AM,1496.4,1278,1912399.2000000002,19413861.9
2025-08-01 09:19:16 AM,1496.3,28,41896.4,19455758.299999997
2025-08-01 09:19:19 AM,1495.1,0,0.0,19455758.299999997
2025-08-01 09:19:23 AM,1495.1,42,62794.2,19518552.499999996
2025-08-01 09:19:33 AM,1493.2,22,32850.4,19551402.899999995
2025-08-01 09:19:39 AM,1492.3,865,1290839.5,20842242.399999995
2025-08-01 09:19:42 AM,1493.5,0,0.0,20842242.399999995
2025-08-01 09:19:47 AM,1493.4,245,365883.0,21208125.399999995
2025-08-01 09:19:49 AM,1492.4,21,31340.4,21239465.799999993
2025-08-01 09:20:04 AM,1493.7,0,0.0,21239465.799999993
2025-08-01 09:20:04 AM,1493.7,2,2987.4,21242453.19999999
2025-08-01 09:20:09 AM,1492.4,7,10446.800000000001,21252899.999999993
2025-08-01 09:20:12 AM,1493.5,0,0.0,21252899.999999993
2025-08-01 09:20:12 AM,1493.5,1,1493.5,21254393.499999993
2025-08-01 09:20:16 AM,1493.5,10,14935.0,21269328.499999993
2025-08-01 09:20:19 AM,1492.5,14,20895.0,21290223.499999993
2025-08-01 09:20:24 AM,1492.2,178,265611.60000000003,21555835.099999994
2025-08-01 09:20:25 AM,1490.5,22,32791.0,21588626.099999994
2025-08-01 09:20:26 AM,1490.2,25,37255.0,21625881.099999994
2025-08-01 09:20:26 AM,1489.9,0,0.0,21625881.099999994
2025-08-01 09:20:27 AM,1489.9,281,418661.9,22044542.999999993
2025-08-01 09:20:30 AM,1491.1,1,1491.1,22046034.099999994
2025-08-01 09:20:39 AM,1490.9,1,1490.9,22047524.999999993
2025-08-01 09:20:48 AM,1489.8,822,1224615.5999999999,23272140.599999994
2025-08-01 09:20:49 AM,1489.7,2,2979.4,23275119.999999993
2025-08-01 09:20:51 AM,1489.7,29,43201.3,23318321.299999993
2025-08-01 09:20:52 AM,1489.7,24,35752.8,23354074.099999994
2025-08-01 09:20:54 AM,1489.7,80,119176.0,23473250.099999994
2025-08-01 09:21:02 AM,1490.5,0,0.0,23473250.099999994
2025-08-01 09:21:04 AM,1491.0,0,0.0,23473250.099999994
2025-08-01 09:21:06 AM,1491.0,408,608328.0,24081578.099999994
2025-08-01 09:21:07 AM,1490.6,50,74530.0,24156108.099999994
2025-08-01 09:21:14 AM,1490.5,55,81977.5,24238085.599999994
2025-08-01 09:21:15 AM,1490.5,5,7452.5,24245538.099999994
2025-08-01 09:21:22 AM,1491.4,110,164054.0,24409592.099999994
2025-08-01 09:21:24 AM,1492.0,0,0.0,24409592.099999994
2025-08-01 09:21:26 AM,1491.9,0,0.0,24409592.099999994
2025-08-01 09:21:30 AM,1491.9,15,22378.5,24431970.599999994
2025-08-01 09:21:30 AM,1492.9,61,91066.90000000001,24523037.499999993
2025-08-01 09:21:36 AM,1493.5,0,0.0,24523037.499999993
2025-08-01 09:21:37 AM,1493.5,1,1493.5,24524530.999999993
2025-08-01 09:21:42 AM,1493.3,0,0.0,24524530.999999993
2025-08-01 09:21:45 AM,1493.3,1,1493.3,24526024.299999993
2025-08-01 09:21:45 AM,1493.0,0,0.0,24526024.299999993
2025-08-01 09:21:46 AM,1493.0,100,149300.0,24675324.299999993
2025-08-01 09:21:52 AM,1493.0,35,52255.0,24727579.299999993
2025-08-01 09:21:53 AM,1493.0,25,37325.0,24764904.299999993
2025-08-01 09:21:55 AM,1492.9,0,0.0,24764904.299999993
2025-08-01 09:22:00 AM,1492.9,54,80616.6,24845520.899999995
2025-08-01 09:22:23 AM,1491.9,2,2983.8,24848504.699999996
2025-08-01 09:22:26 AM,1491.1,1,1491.1,24849995.799999997
2025-08-01 09:22:33 AM,1491.0,5,7455.0,24857450.799999997
2025-08-01 09:22:37 AM,1491.1,0,0.0,24857450.799999997
2025-08-01 09:22:38 AM,1491.1,107,159547.69999999998,25016998.499999996
2025-08-01 09:22:43 AM,1492.1,0,0.0,25016998.499999996
2025-08-01 09:22:44 AM,1492.1,6,8952.599999999999,25025951.099999998
2025-08-01 09:23:17 AM,1493.3,1,1493.3,25027444.4
2025-08-01 09:23:29 AM,1492.6,0,0.0,25027444.4
2025-08-01 09:23:30 AM,1492.6,10,14926.0,25042370.4
2025-08-01 09:23:32 AM,1492.4,0,0.0,25042370.4
2025-08-01 09:23:33 AM,1492.4,124,185057.6,25227428.0
2025-08-01 09:23:35 AM,1492.8,1,1492.8,25228920.8
2025-08-01 09:23:43 AM,1493.0,0,0.0,25228920.8
2025-08-01 09:23:44 AM,1493.0,3,4479.0,25233399.8
2025-08-01 09:23:53 AM,1492.7,0,0.0,25233399.8
2025-08-01 09:23:54 AM,1492.7,30,44781.0,25278180.8
2025-08-01 09:23:57 AM,1492.8,0,0.0,25278180.8
2025-08-01 09:23:58 AM,1492.8,12,17913.6,25296094.400000002
2025-08-01 09:24:10 AM,1493.0,3,4479.0,25300573.400000002
2025-08-01 09:24:17 AM,1493.0,90,134370.0,25434943.400000002
2025-08-01 09:24:18 AM,1493.7,0,0.0,25434943.400000002
2025-08-01 09:24:19 AM,1493.7,2,2987.4,25437930.8
2025-08-01 09:24:40 AM,1493.2,280,418096.0,25856026.8
2025-08-01 09:24:42 AM,1492.8,0,0.0,25856026.8
2025-08-01 09:24:47 AM,1492.0,173,258116.0,26114142.8
2025-08-01 09:24:54 AM,1491.4,0,0.0,26114142.8
2025-08-01 09:24:55 AM,1491.4,1,1491.4,26115634.2
2025-08-01 09:25:00 AM,1491.4,6,8948.400000000001,26124582.599999998
2025-08-01 09:25:01 AM,1489.9,55,81944.5,26206527.099999998
2025-08-01 09:25:05 AM,1489.3,2,2978.6,26209505.7
2025-08-01 09:25:11 AM,1489.1,3,4467.299999999999,26213973.0
2025-08-01 09:25:19 AM,1489.2,3,4467.6,26218440.6
2025-08-01 09:25:25 AM,1490.8,114,169951.19999999998,26388391.8
2025-08-01 09:25:38 AM,1491.9,1,1491.9,26389883.7
2025-08-01 09:25:44 AM,1491.9,10,14919.0,26404802.7
2025-08-01 09:25:48 AM,1491.9,1,1491.9,26406294.599999998
2025-08-01 09:25:51 AM,1491.1,0,0.0,26406294.599999998
2025-08-01 09:25:52 AM,1491.1,20,29822.0,26436116.599999998
2025-08-01 09:25:54 AM,1491.9,0,0.0,26436116.599999998
2025-08-01 09:25:55 AM,1491.9,5,7459.5,26443576.099999998
2025-08-01 09:26:01 AM,1491.9,20,29838.0,26473414.099999998
2025-08-01 09:26:05 AM,1491.3,3,4473.9,26477887.999999996
2025-08-01 09:26:26 AM,1491.8,25,37295.0,26515182.999999996
2025-08-01 09:26:26 AM,1492.6,0,0.0,26515182.999999996
2025-08-01 09:26:27 AM,1492.6,1000,1492600.0,28007782.999999996
2025-08-01 09:26:33 AM,1493.5,1,1493.5,28009276.499999996
2025-08-01 09:26:54 AM,1494.2,103,153902.6,28163179.099999998
2025-08-01 09:27:01 AM,1493.9,13,19420.7,28182599.799999997
2025-08-01 09:27:09 AM,1494.0,0,0.0,28182599.799999997
2025-08-01 09:27:10 AM,1494.7,22,32883.4,28215483.199999996
2025-08-01 09:27:13 AM,1494.7,8,11957.6,28227440.799999997
2025-08-01 09:27:16 AM,1495.4,1958,2927993.2,31155433.999999996
2025-08-01 09:27:17 AM,1495.0,33,49335.0,31204768.999999996
2025-08-01 09:27:17 AM,1495.5,67,100198.5,31304967.499999996
2025-08-01 09:27:24 AM,1496.1,0,0.0,31304967.499999996
2025-08-01 09:27:25 AM,1496.1,200,299220.0,31604187.499999996
2025-08-01 09:27:27 AM,1495.5,16,23928.0,31628115.499999996
2025-08-01 09:27:36 AM,1497.1,0,0.0,31628115.499999996
2025-08-01 09:27:37 AM,1497.1,1,1497.1,31629612.599999998
2025-08-01 09:27:41 AM,1496.1,389,581982.8999999999,32211595.499999996
2025-08-01 09:27:53 AM,1495.1,0,0.0,32211595.499999996
2025-08-01 09:27:54 AM,1495.1,12,17941.199999999997,32229536.699999996
2025-08-01 09:27:56 AM,1495.9,0,0.0,32229536.699999996
2025-08-01 09:27:57 AM,1495.9,3,4487.700000000001,32234024.399999995
2025-08-01 09:28:05 AM,1495.5,7,10468.5,32244492.899999995
2025-08-01 09:28:08 AM,1495.5,62,92721.0,32337213.899999995
2025-08-01 09:28:21 AM,1495.7,1,1495.7,32338709.599999994
2025-08-01 09:28:26 AM,1495.0,0,0.0,32338709.599999994
2025-08-01 09:28:27 AM,1495.0,1559,2330705.0,34669414.599999994
2025-08-01 09:28:37 AM,1494.8,0,0.0,34669414.599999994
2025-08-01 09:28:38 AM,1494.8,2198,3285570.4,37954984.99999999
2025-08-01 09:28:39 AM,1494.6,0,0.0,37954984.99999999
2025-08-01 09:28:39 AM,1494.6,35,52311.0,38007295.99999999
2025-08-01 09:28:40 AM,1494.0,0,0.0,38007295.99999999
2025-08-01 09:28:41 AM,1494.0,31,46314.0,38053609.99999999
2025-08-01 09:29:10 AM,1493.6,400,597440.0,38651049.99999999
2025-08-01 09:29:11 AM,1493.7,42,62735.4,38713785.39999999
2025-08-01 09:29:20 AM,1494.0,0,0.0,38713785.39999999
2025-08-01 09:29:21 AM,1493.7,121,180737.7,38894523.099999994
2025-08-01 09:29:28 AM,1493.0,0,0.0,38894523.099999994
2025-08-01 09:29:28 AM,1493.0,83,123919.0,39018442.099999994
2025-08-01 09:29:54 AM,1493.1,9,13437.9,39031879.99999999
2025-08-01 09:29:55 AM,1493.1,17,25382.699999999997,39057262.699999996
2025-08-01 09:30:00 AM,1492.9,172,256778.80000000002,39314041.49999999
2025-08-01 09:30:02 AM,1493.9,3,4481.700000000001,39318523.199999996
2025-08-01 09:30:03 AM,1493.1,0,0.0,39318523.199999996
2025-08-01 09:30:03 AM,1493.1,2,2986.2,39321509.4
2025-08-01 09:30:04 AM,1493.0,0,0.0,39321509.4
2025-08-01 09:30:05 AM,1493.0,5,7465.0,39328974.4
2025-08-01 09:30:06 AM,1493.0,1,1493.0,39330467.4
2025-08-01 09:30:08 AM,1493.0,1,1493.0,39331960.4
2025-08-01 09:30:09 AM,1493.0,2,2986.0,39334946.4
2025-08-01 09:30:12 AM,1492.8,0,0.0,39334946.4
2025-08-01 09:30:13 AM,1492.8,193,288110.39999999997,39623056.8
2025-08-01 09:30:14 AM,1492.8,1,1492.8,39624549.599999994
2025-08-01 09:30:15 AM,1492.8,1,1492.8,39626042.39999999
2025-08-01 09:30:16 AM,1492.8,1,1492.8,39627535.19999999
2025-08-01 09:30:17 AM,1492.8,1,1492.8,39629027.999999985
2025-08-01 09:30:20 AM,1492.8,1,1492.8,39630520.79999998
2025-08-01 09:30:22 AM,1492.8,1,1492.8,39632013.59999998
2025-08-01 09:30:22 AM,1492.8,2,2985.6,39634999.19999998
2025-08-01 09:30:23 AM,1492.8,1,1492.8,39636491.99999998
2025-08-01 09:30:25 AM,1492.8,1,1492.8,39637984.799999975
2025-08-01 09:30:28 AM,1492.8,2,2985.6,39640970.399999976
2025-08-01 09:30:30 AM,1492.8,1,1492.8,39642463.19999997
2025-08-01 09:30:32 AM,1492.8,1,1492.8,39643955.99999997
2025-08-01 09:30:33 AM,1492.8,1,1492.8,39645448.79999997
2025-08-01 09:30:34 AM,1492.8,1,1492.8,39646941.599999964
2025-08-01 09:30:36 AM,1492.8,1,1492.8,39648434.39999996
2025-08-01 09:30:36 AM,1492.8,2,2985.6,39651419.99999996
2025-08-01 09:30:37 AM,1492.8,1,1492.8,39652912.79999996
2025-08-01 09:30:37 AM,1492.8,1,1492.8,39654405.59999996
2025-08-01 09:30:38 AM,1492.8,1,1492.8,39655898.399999954
2025-08-01 09:30:39 AM,1492.8,1,1492.8,39657391.19999995
2025-08-01 09:30:39 AM,1492.8,1,1492.8,39658883.99999995
2025-08-01 09:30:40 AM,1492.8,3,4478.4,39663362.39999995
2025-08-01 09:30:41 AM,1492.8,16,23884.8,39687247.19999994
2025-08-01 09:30:42 AM,1492.8,3,4478.4,39691725.59999994
2025-08-01 09:30:43 AM,1492.8,1,1492.8,39693218.39999994
2025-08-01 09:30:43 AM,1492.8,1,1492.8,39694711.199999936
2025-08-01 09:30:44 AM,1492.8,1,1492.8,39696203.99999993
2025-08-01 09:30:44 AM,1492.9,1,1492.9,39697696.89999993
2025-08-01 09:30:45 AM,1493.7,0,0.0,39697696.89999993
2025-08-01 09:30:46 AM,1493.7,2,2987.4,39700684.29999993
2025-08-01 09:30:46 AM,1492.9,0,0.0,39700684.29999993
2025-08-01 09:30:47 AM,1492.9,2,2985.8,39703670.09999993
2025-08-01 09:30:47 AM,1492.9,4,5971.6,39709641.69999993
2025-08-01 09:30:47 AM,1493.7,0,0.0,39709641.69999993
2025-08-01 09:30:48 AM,1493.7,8,11949.6,39721591.29999993
2025-08-01 09:30:48 AM,1492.9,0,0.0,39721591.29999993
2025-08-01 09:30:49 AM,1492.9,1,1492.9,39723084.19999993
2025-08-01 09:30:49 AM,1492.9,1,1492.9,39724577.09999993
2025-08-01 09:30:51 AM,1492.9,2,2985.8,39727562.899999924
2025-08-01 09:30:52 AM,1492.9,1,1492.9,39729055.79999992
2025-08-01 09:30:53 AM,1492.9,2,2985.8,39732041.59999992
2025-08-01 09:30:56 AM,1493.9,0,0.0,39732041.59999992
2025-08-01 09:30:56 AM,1493.9,3,4481.700000000001,39736523.29999992
2025-08-01 09:30:59 AM,1494.1,1,1494.1,39738017.399999924
2025-08-01 09:31:00 AM,1493.1,0,0.0,39738017.399999924
2025-08-01 09:31:01 AM,1493.1,12,17917.199999999997,39755934.59999993
2025-08-01 09:31:07 AM,1492.9,0,0.0,39755934.59999993
2025-08-01 09:31:07 AM,1492.9,22,32843.8,39788778.399999924
2025-08-01 09:31:12 AM,1494.1,0,0.0,39788778.399999924
2025-08-01 09:31:13 AM,1494.1,1,1494.1,39790272.499999925
2025-08-01 09:31:15 AM,1493.3,0,0.0,39790272.499999925
2025-08-01 09:31:16 AM,1493.3,26,38825.799999999996,39829098.29999992
2025-08-01 09:31:17 AM,1494.4,0,0.0,39829098.29999992
2025-08-01 09:31:17 AM,1494.4,4,5977.6,39835075.899999924
2025-08-01 09:31:21 AM,1494.9,2,2989.8,39838065.69999992
2025-08-01 09:31:21 AM,1494.0,0,0.0,39838065.69999992
2025-08-01 09:31:22 AM,1494.0,111,165834.0,40003899.69999992
2025-08-01 09:31:23 AM,1494.0,4,5976.0,40009875.69999992
2025-08-01 09:31:25 AM,1494.0,199,297306.0,40307181.69999992
2025-08-01 09:31:28 AM,1495.2,0,0.0,40307181.69999992
2025-08-01 09:31:29 AM,1495.2,130,194376.0,40501557.69999992
2025-08-01 09:31:55 AM,1494.3,0,0.0,40501557.69999992
2025-08-01 09:31:55 AM,1494.3,2,2988.6,40504546.29999992
2025-08-01 09:32:05 AM,1494.4,0,0.0,40504546.29999992
2025-08-01 09:32:09 AM,1494.4,7,10460.800000000001,40515007.09999992
2025-08-01 09:32:11 AM,1494.5,0,0.0,40515007.09999992
2025-08-01 09:32:16 AM,1494.5,89,133010.5,40648017.59999992
2025-08-01 09:32:23 AM,1494.8,0,0.0,40648017.59999992
2025-08-01 09:32:23 AM,1494.9,112,167428.80000000002,40815446.39999992
2025-08-01 09:32:29 AM,1495.1,0,0.0,40815446.39999992
2025-08-01 09:32:30 AM,1495.0,45,67275.0,40882721.39999992
2025-08-01 09:32:35 AM,1496.1,0,0.0,40882721.39999992
2025-08-01 09:32:36 AM,1496.1,81,121184.09999999999,41003905.49999992
2025-08-01 09:32:41 AM,1495.3,0,0.0,41003905.49999992
2025-08-01 09:32:44 AM,1496.0,119,178024.0,41181929.49999992
2025-08-01 09:32:47 AM,1496.7,0,0.0,41181929.49999992
2025-08-01 09:32:51 AM,1497.5,121,181197.5,41363126.99999992
2025-08-01 09:32:58 AM,1497.9,60,89874.0,41453000.99999992
2025-08-01 09:32:59 AM,1498.6,0,0.0,41453000.99999992
2025-08-01 09:33:04 AM,1497.5,246,368385.0,41821385.99999992
2025-08-01 09:33:05 AM,1495.8,0,0.0,41821385.99999992
2025-08-01 09:33:11 AM,1496.5,0,0.0,41821385.99999992
2025-08-01 09:33:12 AM,1496.5,10,14965.0,41836350.99999992
2025-08-01 09:33:16 AM,1495.7,0,0.0,41836350.99999992
2025-08-01 09:33:18 AM,1494.6,205,306393.0,42142743.99999992
2025-08-01 09:33:25 AM,1494.6,11,16440.6,42159184.59999992
2025-08-01 09:33:31 AM,1494.8,0,0.0,42159184.59999992
2025-08-01 09:33:32 AM,1494.8,817,1221251.5999999999,43380436.19999992
2025-08-01 09:33:41 AM,1496.2,0,0.0,43380436.19999992
2025-08-01 09:33:43 AM,1496.6,0,0.0,43380436.19999992
2025-08-01 09:33:46 AM,1497.5,156,233610.0,43614046.19999992
2025-08-01 09:33:53 AM,1497.9,2,2995.8,43617041.99999992
2025-08-01 09:34:02 AM,1497.9,2,2995.8,43620037.799999915
2025-08-01 09:34:04 AM,1497.9,6,8987.400000000001,43629025.19999991
2025-08-01 09:34:14 AM,1498.0,18,26964.0,43655989.19999991
2025-08-01 09:34:34 AM,1497.2,204,305428.8,43961417.99999991
2025-08-01 09:35:07 AM,1496.1,2,2992.2,43964410.19999991
2025-08-01 09:35:27 AM,1497.1,0,0.0,43964410.19999991
2025-08-01 09:35:27 AM,1497.1,10,14971.0,43979381.19999991
2025-08-01 09:35:33 AM,1497.0,3,4491.0,43983872.19999991
2025-08-01 09:35:42 AM,1496.2,0,0.0,43983872.19999991
2025-08-01 09:35:43 AM,1496.2,120,179544.0,44163416.19999991
2025-08-01 09:35:44 AM,1496.1,123,184020.3,44347436.49999991
2025-08-01 09:35:55 AM,1496.9,0,0.0,44347436.49999991
2025-08-01 09:35:56 AM,1496.9,1,1496.9,44348933.39999991
2025-08-01 09:36:12 AM,1496.3,0,0.0,44348933.39999991
2025-08-01 09:36:12 AM,1496.3,4,5985.2,44354918.59999991
2025-08-01 09:36:15 AM,1497.1,11,16468.1,44371386.69999991
2025-08-01 09:36:50 AM,1497.2,0,0.0,44371386.69999991
2025-08-01 09:36:51 AM,1497.2,2,2994.4,44374381.09999991
2025-08-01 09:36:59 AM,1497.2,3,4491.6,44378872.69999991
2025-08-01 09:37:02 AM,1496.5,0,0.0,44378872.69999991
2025-08-01 09:37:03 AM,1496.5,2,2993.0,44381865.69999991
2025-08-01 09:37:04 AM,1496.5,2,2993.0,44384858.69999991
2025-08-01 09:37:05 AM,1496.5,2,2993.0,44387851.69999991
2025-08-01 09:37:07 AM,1496.5,1,1496.5,44389348.19999991
2025-08-01 09:37:08 AM,1496.5,3,4489.5,44393837.69999991
2025-08-01 09:37:09 AM,1496.5,3,4489.5,44398327.19999991
2025-08-01 09:37:10 AM,1496.5,2,2993.0,44401320.19999991
2025-08-01 09:37:12 AM,1496.5,1,1496.5,44402816.69999991
2025-08-01 09:37:16 AM,1497.1,0,0.0,44402816.69999991
2025-08-01 09:37:17 AM,1497.1,1,1497.1,44404313.799999915
2025-08-01 09:37:21 AM,1497.1,1,1497.1,44405810.89999992
2025-08-01 09:37:25 AM,1496.4,96,143654.40000000002,44549465.299999915
2025-08-01 09:37:26 AM,1496.5,10,14965.0,44564430.299999915
2025-08-01 09:37:28 AM,1496.8,1,1496.8,44565927.09999991
2025-08-01 09:37:59 AM,1496.7,0,0.0,44565927.09999991
2025-08-01 09:37:59 AM,1496.7,73,109259.1,44675186.19999991
2025-08-01 09:38:04 AM,1496.4,0,0.0,44675186.19999991
2025-08-01 09:38:05 AM,1496.3,325,486297.5,45161483.69999991
2025-08-01 09:38:21 AM,1496.1,0,0.0,45161483.69999991
2025-08-01 09:38:26 AM,1495.8,299,447244.2,45608727.89999992
2025-08-01 09:38:52 AM,1496.5,2,2993.0,45611720.89999992
2025-08-01 09:38:53 AM,1496.1,0,0.0,45611720.89999992
2025-08-01 09:38:59 AM,1496.1,400,598440.0,46210160.89999992
2025-08-01 09:39:00 AM,1496.3,0,0.0,46210160.89999992
2025-08-01 09:39:06 AM,1496.2,14,20946.8,46231107.69999991
2025-08-01 09:39:07 AM,1495.2,0,0.0,46231107.69999991
2025-08-01 09:39:13 AM,1495.2,202,302030.4,46533138.09999991
2025-08-01 09:39:26 AM,1495.8,0,0.0,46533138.09999991
2025-08-01 09:39:26 AM,1495.8,7,10470.6,46543608.69999991
2025-08-01 09:39:45 AM,1496.4,0,0.0,46543608.69999991
2025-08-01 09:39:46 AM,1496.4,1,1496.4,46545105.09999991
2025-08-01 09:40:18 AM,1496.4,36,53870.4,46598975.49999991
2025-08-01 09:40:21 AM,1496.8,0,0.0,46598975.49999991
2025-08-01 09:40:22 AM,1496.8,2,2993.6,46601969.09999991
2025-08-01 09:41:00 AM,1496.4,13,19453.2,46621422.299999915
2025-08-01 09:41:05 AM,1497.5,0,0.0,46621422.299999915
2025-08-01 09:41:06 AM,1498.0,592,886816.0,47508238.299999915
2025-08-01 09:41:10 AM,1497.5,0,0.0,47508238.299999915
2025-08-01 09:41:11 AM,1497.5,13,19467.5,47527705.799999915
2025-08-01 09:41:24 AM,1498.0,7,10486.0,47538191.799999915
2025-08-01 09:41:28 AM,1498.0,1,1498.0,47539689.799999915
2025-08-01 09:41:31 AM,1497.8,10,14978.0,47554667.799999915
2025-08-01 09:41:32 AM,1498.0,22,32956.0,47587623.799999915
2025-08-01 09:41:37 AM,1498.0,2,2996.0,47590619.799999915
2025-08-01 09:41:37 AM,1497.9,0,0.0,47590619.799999915
2025-08-01 09:41:38 AM,1497.9,2,2995.8,47593615.59999991
2025-08-01 09:41:40 AM,1498.0,87,130326.0,47723941.59999991
2025-08-01 09:41:42 AM,1497.9,1,1497.9,47725439.49999991
2025-08-01 09:41:58 AM,1498.8,10,14988.0,47740427.49999991
2025-08-01 09:42:03 AM,1497.6,433,648460.7999999999,48388888.29999991
2025-08-01 09:42:25 AM,1497.4,0,0.0,48388888.29999991
2025-08-01 09:42:25 AM,1497.4,10,14974.0,48403862.29999991
2025-08-01 09:42:36 AM,1497.0,0,0.0,48403862.29999991
2025-08-01 09:42:36 AM,1497.0,10,14970.0,48418832.29999991
2025-08-01 09:42:43 AM,1497.5,120,179700.0,48598532.29999991
2025-08-01 09:43:04 AM,1497.1,3,4491.299999999999,48603023.599999905
2025-08-01 09:43:09 AM,1497.7,0,0.0,48603023.599999905
2025-08-01 09:43:10 AM,1497.7,2,2995.4,48606018.9999999
2025-08-01 09:43:29 AM,1497.7,2,2995.4,48609014.3999999
2025-08-01 09:43:33 AM,1497.7,1,1497.7,48610512.099999905
2025-08-01 09:43:38 AM,1497.1,0,0.0,48610512.099999905
2025-08-01 09:43:39 AM,1497.1,3,4491.299999999999,48615003.3999999
2025-08-01 09:43:40 AM,1497.8,0,0.0,48615003.3999999
2025-08-01 09:43:41 AM,1497.8,1,1497.8,48616501.1999999
2025-08-01 09:43:42 AM,1496.9,219,327821.10000000003,48944322.2999999
2025-08-01 09:43:58 AM,1496.4,0,0.0,48944322.2999999
2025-08-01 09:43:59 AM,1496.4,1,1496.4,48945818.6999999
2025-08-01 09:43:59 AM,1495.5,0,0.0,48945818.6999999
2025-08-01 09:44:00 AM,1495.5,24,35892.0,48981710.6999999
2025-08-01 09:44:17 AM,1495.5,1,1495.5,48983206.1999999
2025-08-01 09:45:01 AM,1495.5,1,1495.5,48984701.6999999
2025-08-01 09:45:06 AM,1494.9,0,0.0,48984701.6999999
2025-08-01 09:45:08 AM,1497.1,2194,3284637.4,52269339.0999999
2025-08-01 09:45:21 AM,1495.9,83,124159.70000000001,52393498.7999999
2025-08-01 09:45:22 AM,1495.6,144,215366.4,52608865.1999999
2025-08-01 09:45:39 AM,1494.8,0,0.0,52608865.1999999
2025-08-01 09:45:40 AM,1494.8,920,1375216.0,53984081.1999999
2025-08-01 09:45:59 AM,1494.8,109,162933.19999999998,54147014.3999999
2025-08-01 09:46:00 AM,1495.2,1,1495.2,54148509.599999905
2025-08-01 09:46:09 AM,1494.4,443,662019.2000000001,54810528.79999991
2025-08-01 09:46:10 AM,1493.7,40,59748.0,54870276.79999991
2025-08-01 09:46:13 AM,1493.7,12,17924.4,54888201.199999906
2025-08-01 09:46:29 AM,1491.6,0,0.0,54888201.199999906
2025-08-01 09:46:29 AM,1491.6,768,1145548.7999999998,56033749.9999999
2025-08-01 09:46:35 AM,1492.2,1,1492.2,56035242.199999906
2025-08-01 09:47:32 AM,1491.6,307,457921.19999999995,56493163.39999991
2025-08-01 09:47:33 AM,1491.6,2,2983.2,56496146.59999991
2025-08-01 09:47:34 AM,1492.0,301,449092.0,56945238.59999991
2025-08-01 09:47:36 AM,1491.7,301,449001.7,57394240.299999915
2025-08-01 09:47:38 AM,1491.3,187,278873.1,57673113.39999992
2025-08-01 09:47:42 AM,1491.6,1,1491.6,57674604.99999992
2025-08-01 09:47:46 AM,1492.6,2000,2985200.0,60659804.99999992
2025-08-01 09:47:51 AM,1491.7,110,164087.0,60823891.99999992
2025-08-01 09:48:00 AM,1492.0,1140,1700880.0,62524771.99999992
2025-08-01 09:48:03 AM,1492.0,50,74600.0,62599371.99999992
2025-08-01 09:48:07 AM,1492.0,608,907136.0,63506507.99999992
2025-08-01 09:48:11 AM,1492.1,0,0.0,63506507.99999992
2025-08-01 09:48:14 AM,1492.1,80,119368.0,63625875.99999992
2025-08-01 09:48:16 AM,1492.1,35,52223.5,63678099.49999992
2025-08-01 09:48:23 AM,1492.1,35,52223.5,63730322.99999992
2025-08-01 09:48:35 AM,1492.9,0,0.0,63730322.99999992
2025-08-01 09:48:36 AM,1492.9,1,1492.9,63731815.89999992
2025-08-01 09:48:59 AM,1492.7,0,0.0,63731815.89999992
2025-08-01 09:48:59 AM,1492.7,6,8956.2,63740772.09999992
2025-08-01 09:49:11 AM,1492.6,0,0.0,63740772.09999992
2025-08-01 09:49:12 AM,1492.6,9,13433.4,63754205.49999992
2025-08-01 09:49:34 AM,1492.5,0,0.0,63754205.49999992
2025-08-01 09:49:35 AM,1492.5,6,8955.0,63763160.49999992
2025-08-01 09:49:38 AM,1492.5,1,1492.5,63764652.99999992
2025-08-01 09:49:45 AM,1492.0,0,0.0,63764652.99999992
2025-08-01 09:49:46 AM,1492.0,400,596800.0,64361452.99999992
2025-08-01 09:49:57 AM,1491.9,31,46248.9,64407701.89999992
2025-08-01 09:50:11 AM,1491.9,2,2983.8,64410685.69999991
2025-08-01 09:50:21 AM,1491.4,0,0.0,64410685.69999991
2025-08-01 09:50:24 AM,1491.4,142,211778.80000000002,64622464.49999991
2025-08-01 09:50:27 AM,1491.3,0,0.0,64622464.49999991
2025-08-01 09:50:30 AM,1491.3,95,141673.5,64764137.99999991
2025-08-01 09:50:33 AM,1491.3,2,2982.6,64767120.59999991
2025-08-01 09:50:45 AM,1491.2,0,0.0,64767120.59999991
2025-08-01 09:50:46 AM,1491.2,24,35788.8,64802909.39999991
2025-08-01 09:50:54 AM,1491.1,0,0.0,64802909.39999991
2025-08-01 09:50:55 AM,1491.1,76,113323.59999999999,64916232.99999991
2025-08-01 09:51:00 AM,1491.1,70,104377.0,65020609.99999991
2025-08-01 09:51:06 AM,1492.3,622,928210.6,65948820.59999991
2025-08-01 09:51:06 AM,1491.9,0,0.0,65948820.59999991
2025-08-01 09:51:07 AM,1491.9,22,32821.8,65981642.39999991
2025-08-01 09:51:13 AM,1492.0,0,0.0,65981642.39999991
2025-08-01 09:51:14 AM,1492.5,73,108952.5,66090594.89999991
2025-08-01 09:51:18 AM,1491.1,836,1246559.5999999999,67337154.49999991
2025-08-01 09:51:19 AM,1490.7,24,35776.8,67372931.29999991
2025-08-01 09:51:20 AM,1490.8,5,7454.0,67380385.29999991
2025-08-01 09:51:37 AM,1490.4,18,26827.2,67407212.49999991
2025-08-01 09:51:52 AM,1489.0,617,918713.0,68325925.49999991
2025-08-01 09:51:53 AM,1487.7,0,0.0,68325925.49999991
2025-08-01 09:51:54 AM,1487.7,198,294564.60000000003,68620490.0999999
2025-08-01 09:51:57 AM,1487.2,0,0.0,68620490.0999999
2025-08-01 09:51:58 AM,1487.2,16,23795.2,68644285.29999991
2025-08-01 09:51:59 AM,1487.1,0,0.0,68644285.29999991
2025-08-01 09:51:59 AM,1486.9,43,63936.700000000004,68708221.99999991
2025-08-01 09:52:00 AM,1486.5,0,0.0,68708221.99999991
2025-08-01 09:52:01 AM,1486.5,88,130812.0,68839033.99999991
2025-08-01 09:52:01 AM,1486.5,20,29730.0,68868763.99999991
2025-08-01 09:52:02 AM,1485.9,0,0.0,68868763.99999991
2025-08-01 09:52:03 AM,1485.5,166,246593.0,69115356.99999991
2025-08-01 09:52:04 AM,1485.0,0,0.0,69115356.99999991
2025-08-01 09:52:04 AM,1484.9,9,13364.1,69128721.0999999
2025-08-01 09:52:04 AM,1485.0,33,49005.0,69177726.0999999
2025-08-01 09:52:05 AM,1484.7,0,0.0,69177726.0999999
2025-08-01 09:52:05 AM,1483.9,130,192907.0,69370633.0999999
2025-08-01 09:52:05 AM,1484.0,9,13356.0,69383989.0999999
2025-08-01 09:52:06 AM,1484.0,3,4452.0,69388441.0999999
2025-08-01 09:52:06 AM,1483.8,0,0.0,69388441.0999999
2025-08-01 09:52:07 AM,1483.8,4,5935.2,69394376.29999991
2025-08-01 09:52:07 AM,1483.8,1,1483.8,69395860.0999999
2025-08-01 09:52:08 AM,1484.0,49,72716.0,69468576.0999999
2025-08-01 09:52:09 AM,1484.0,9,13356.0,69481932.0999999
2025-08-01 09:52:09 AM,1484.1,5,7420.5,69489352.5999999
2025-08-01 09:52:10 AM,1484.1,10,14841.0,69504193.5999999
2025-08-01 09:52:11 AM,1484.1,1,1484.1,69505677.6999999
2025-08-01 09:52:11 AM,1484.0,0,0.0,69505677.6999999
2025-08-01 09:52:12 AM,1484.0,70,103880.0,69609557.6999999
2025-08-01 09:52:12 AM,1484.1,0,0.0,69609557.6999999
2025-08-01 09:52:12 AM,1484.1,11,16325.099999999999,69625882.7999999
2025-08-01 09:52:13 AM,1484.1,3,4452.299999999999,69630335.09999989
2025-08-01 09:52:21 AM,1486.0,0,0.0,69630335.09999989
2025-08-01 09:52:21 AM,1486.0,8,11888.0,69642223.09999989
2025-08-01 09:52:22 AM,1486.2,0,0.0,69642223.09999989
2025-08-01 09:52:23 AM,1486.2,6,8917.2,69651140.2999999
2025-08-01 09:52:28 AM,1485.7,0,0.0,69651140.2999999
2025-08-01 09:52:28 AM,1485.7,1,1485.7,69652625.9999999
2025-08-01 09:52:33 AM,1485.5,0,0.0,69652625.9999999
2025-08-01 09:52:34 AM,1485.5,319,473874.5,70126500.4999999
2025-08-01 09:52:39 AM,1484.6,0,0.0,70126500.4999999
2025-08-01 09:52:39 AM,1484.6,48,71260.79999999999,70197761.2999999
2025-08-01 09:52:41 AM,1485.1,133,197518.3,70395279.59999989
2025-08-01 09:52:46 AM,1484.5,0,0.0,70395279.59999989
2025-08-01 09:52:47 AM,1484.5,20,29690.0,70424969.59999989
2025-08-01 09:52:48 AM,1484.5,3,4453.5,70429423.09999989
2025-08-01 09:53:13 AM,1484.2,0,0.0,70429423.09999989
2025-08-01 09:53:13 AM,1484.2,161,238956.2,70668379.2999999
2025-08-01 09:53:17 AM,1483.2,0,0.0,70668379.2999999
2025-08-01 09:53:17 AM,1483.5,2,2967.0,70671346.2999999
2025-08-01 09:53:18 AM,1482.8,13,19276.399999999998,70690622.6999999
2025-08-01 09:53:22 AM,1482.0,5,7410.0,70698032.6999999
2025-08-01 09:53:23 AM,1482.0,14,20748.0,70718780.6999999
2025-08-01 09:53:24 AM,1482.0,26,38532.0,70757312.6999999
2025-08-01 09:53:24 AM,1482.0,5,7410.0,70764722.6999999
2025-08-01 09:53:25 AM,1482.0,1,1482.0,70766204.6999999
2025-08-01 09:53:28 AM,1482.0,29,42978.0,70809182.6999999
2025-08-01 09:53:28 AM,1482.6,0,0.0,70809182.6999999
2025-08-01 09:53:29 AM,1482.6,250,370650.0,71179832.6999999
2025-08-01 09:53:34 AM,1482.5,25,37062.5,71216895.1999999
2025-08-01 09:53:35 AM,1482.0,0,0.0,71216895.1999999
2025-08-01 09:53:35 AM,1482.0,7,10374.0,71227269.1999999
2025-08-01 09:53:35 AM,1482.0,2,2964.0,71230233.1999999
2025-08-01 09:53:36 AM,1482.0,1,1482.0,71231715.1999999
2025-08-01 09:53:39 AM,1482.0,5,7410.0,71239125.1999999
2025-08-01 09:53:41 AM,1482.6,100,148260.0,71387385.1999999
2025-08-01 09:53:43 AM,1481.2,151,223661.2,71611046.3999999
2025-08-01 09:53:43 AM,1481.2,21,31105.2,71642151.5999999
2025-08-01 09:53:44 AM,1481.3,4,5925.2,71648076.79999991
2025-08-01 09:53:46 AM,1481.4,16,23702.4,71671779.19999991
2025-08-01 09:53:47 AM,1481.4,4,5925.6,71677704.79999991
2025-08-01 09:54:02 AM,1482.2,2,2964.4,71680669.19999991
2025-08-01 09:54:31 AM,1482.1,1,1482.1,71682151.29999991
2025-08-01 09:54:41 AM,1482.6,3,4447.799999999999,71686599.0999999
2025-08-01 09:54:46 AM,1481.9,0,0.0,71686599.0999999
2025-08-01 09:54:47 AM,1480.9,220,325798.0,72012397.0999999
2025-08-01 09:54:52 AM,1480.5,0,0.0,72012397.0999999
2025-08-01 09:54:53 AM,1480.5,37,54778.5,72067175.5999999
2025-08-01 09:54:57 AM,1480.8,23,34058.4,72101233.99999991
2025-08-01 09:54:57 AM,1480.9,0,0.0,72101233.99999991
2025-08-01 09:54:58 AM,1480.9,4,5923.6,72107157.5999999
2025-08-01 09:55:02 AM,1480.7,42,62189.4,72169346.99999991
2025-08-01 09:55:03 AM,1480.7,7,10364.9,72179711.89999992
2025-08-01 09:55:07 AM,1480.2,0,0.0,72179711.89999992
2025-08-01 09:55:08 AM,1480.7,0,0.0,72179711.89999992
2025-08-01 09:55:08 AM,1480.7,34,50343.8,72230055.69999991
2025-08-01 09:55:08 AM,1480.7,3,4442.1,72234497.79999991
2025-08-01 09:55:13 AM,1480.3,0,0.0,72234497.79999991
2025-08-01 09:55:14 AM,1480.3,3,4440.9,72238938.69999991
2025-08-01 09:55:15 AM,1480.3,1,1480.3,72240418.99999991
2025-08-01 09:55:20 AM,1480.3,332,491459.6,72731878.5999999
2025-08-01 09:55:20 AM,1480.3,25,37007.5,72768886.0999999
2025-08-01 09:55:22 AM,1480.2,0,0.0,72768886.0999999
2025-08-01 09:55:23 AM,1480.2,8,11841.6,72780727.6999999
2025-08-01 09:55:25 AM,1479.6,25,36990.0,72817717.6999999
2025-08-01 09:55:25 AM,1479.3,0,0.0,72817717.6999999
2025-08-01 09:55:26 AM,1479.3,8,11834.4,72829552.0999999
2025-08-01 09:55:28 AM,1479.7,40,59188.0,72888740.0999999
2025-08-01 09:55:28 AM,1479.6,0,0.0,72888740.0999999
2025-08-01 09:55:29 AM,1479.6,30,44388.0,72933128.0999999
2025-08-01 09:55:29 AM,1479.6,1,1479.6,72934607.6999999
2025-08-01 09:55:41 AM,1480.0,0,0.0,72934607.6999999
2025-08-01 09:55:41 AM,1480.0,5,7400.0,72942007.6999999
2025-08-01 09:55:46 AM,1479.7,1,1479.7,72943487.3999999
2025-08-01 09:55:46 AM,1479.7,2,2959.4,72946446.79999991
2025-08-01 09:55:47 AM,1480.3,10,14803.0,72961249.79999991
2025-08-01 09:55:48 AM,1480.3,1,1480.3,72962730.0999999
2025-08-01 09:55:48 AM,1480.4,12,17764.800000000003,72980494.8999999
2025-08-01 09:55:49 AM,1480.4,1,1480.4,72981975.29999991
2025-08-01 09:56:07 AM,1481.5,124,183706.0,73165681.29999991
2025-08-01 09:56:09 AM,1480.7,0,0.0,73165681.29999991
2025-08-01 09:56:09 AM,1480.7,132,195452.4,73361133.69999991
2025-08-01 09:56:10 AM,1481.5,0,0.0,73361133.69999991
2025-08-01 09:56:10 AM,1481.5,86,127409.0,73488542.69999991
2025-08-01 09:56:13 AM,1480.8,0,0.0,73488542.69999991
2025-08-01 09:56:13 AM,1480.8,5,7404.0,73495946.69999991
2025-08-01 09:56:15 AM,1480.7,13,19249.100000000002,73515195.79999991
2025-08-01 09:56:15 AM,1480.7,2,2961.4,73518157.19999991
2025-08-01 09:56:16 AM,1480.7,1,1480.7,73519637.89999992
2025-08-01 09:56:38 AM,1481.7,1,1481.7,73521119.59999992
2025-08-01 09:56:50 AM,1481.3,67,99247.09999999999,73620366.69999991
2025-08-01 09:56:56 AM,1481.1,0,0.0,73620366.69999991
2025-08-01 09:56:56 AM,1481.1,7,10367.699999999999,73630734.39999992
2025-08-01 09:56:56 AM,1481.1,3,4443.299999999999,73635177.69999991
2025-08-01 09:56:57 AM,1481.1,2,2962.2,73638139.89999992
2025-08-01 09:56:59 AM,1480.9,0,0.0,73638139.89999992
2025-08-01 09:56:59 AM,1480.9,63,93296.70000000001,73731436.59999992
2025-08-01 09:57:03 AM,1480.9,2,2961.8,73734398.39999992
2025-08-01 09:57:04 AM,1480.9,1,1480.9,73735879.29999992
2025-08-01 09:57:05 AM,1480.7,0,0.0,73735879.29999992
2025-08-01 09:57:05 AM,1480.7,6,8884.2,73744763.49999993
2025-08-01 09:57:16 AM,1480.9,1,1480.9,73746244.39999993
2025-08-01 09:57:18 AM,1480.9,32,47388.8,73793633.19999993
2025-08-01 09:57:18 AM,1480.9,6,8885.400000000001,73802518.59999993
2025-08-01 09:57:19 AM,1480.9,1,1480.9,73803999.49999994
2025-08-01 09:57:24 AM,1480.9,6,8885.400000000001,73812884.89999995
2025-08-01 09:57:27 AM,1481.3,1,1481.3,73814366.19999994
2025-08-01 09:57:28 AM,1480.4,511,756484.4,74570850.59999995
2025-08-01 09:57:33 AM,1480.8,89,131791.19999999998,74702641.79999995
2025-08-01 09:57:34 AM,1480.9,0,0.0,74702641.79999995
2025-08-01 09:57:34 AM,1480.9,1,1480.9,74704122.69999996
2025-08-01 09:57:40 AM,1480.9,6,8885.400000000001,74713008.09999996
2025-08-01 09:57:42 AM,1481.0,7,10367.0,74723375.09999996
2025-08-01 09:57:43 AM,1481.0,1,1481.0,74724856.09999996
2025-08-01 09:57:56 AM,1482.2,2,2964.4,74727820.49999997
2025-08-01 09:58:00 AM,1482.3,5,7411.5,74735231.99999997
2025-08-01 09:58:02 AM,1481.4,0,0.0,74735231.99999997
2025-08-01 09:58:02 AM,1481.5,4,5926.0,74741157.99999997
2025-08-01 09:58:02 AM,1482.2,3,4446.6,74745604.59999996
2025-08-01 09:58:04 AM,1481.6,0,0.0,74745604.59999996
2025-08-01 09:58:04 AM,1481.6,3,4444.799999999999,74750049.39999996
2025-08-01 09:58:04 AM,1481.6,1,1481.6,74751530.99999996
2025-08-01 09:58:06 AM,1481.5,0,0.0,74751530.99999996
2025-08-01 09:58:06 AM,1481.5,1,1481.5,74753012.49999996
2025-08-01 09:58:10 AM,1481.8,72,106689.59999999999,74859702.09999995
2025-08-01 09:58:16 AM,1481.5,0,0.0,74859702.09999995
2025-08-01 09:58:16 AM,1481.5,10,14815.0,74874517.09999995
2025-08-01 09:58:16 AM,1481.5,1,1481.5,74875998.59999995
2025-08-01 09:58:35 AM,1481.5,1,1481.5,74877480.09999995
2025-08-01 09:58:46 AM,1481.5,5,7407.5,74884887.59999995
2025-08-01 09:58:47 AM,1482.2,39,57805.8,74942693.39999995
2025-08-01 09:58:53 AM,1481.5,0,0.0,74942693.39999995
2025-08-01 09:58:53 AM,1481.5,4,5926.0,74948619.39999995
2025-08-01 09:58:54 AM,1481.5,1,1481.5,74950100.89999995
2025-08-01 09:59:11 AM,1481.4,410,607374.0,75557474.89999995
2025-08-01 09:59:12 AM,1481.5,0,0.0,75557474.89999995
2025-08-01 09:59:14 AM,1481.5,387,573340.5,76130815.39999995
2025-08-01 09:59:17 AM,1481.3,69,102209.7,76233025.09999995
2025-08-01 09:59:23 AM,1481.4,102,151102.80000000002,76384127.89999995
2025-08-01 09:59:26 AM,1481.4,17,25183.800000000003,76409311.69999994
2025-08-01 09:59:45 AM,1481.4,7,10369.800000000001,76419681.49999994
2025-08-01 09:59:51 AM,1482.1,0,0.0,76419681.49999994
2025-08-01 09:59:51 AM,1482.1,5,7410.5,76427091.99999994
2025-08-01 09:59:56 AM,1481.4,0,0.0,76427091.99999994
2025-08-01 09:59:57 AM,1481.4,3,4444.200000000001,76431536.19999994
2025-08-01 10:00:03 AM,1481.4,148,219247.2,76650783.39999995
2025-08-01 10:00:10 AM,1481.8,0,0.0,76650783.39999995
2025-08-01 10:00:10 AM,1481.8,20,29636.0,76680419.39999995
2025-08-01 10:00:14 AM,1481.4,2,2962.8,76683382.19999994
2025-08-01 10:00:16 AM,1481.4,2,2962.8,76686344.99999994
2025-08-01 10:00:20 AM,1481.4,2,2962.8,76689307.79999994
2025-08-01 10:00:45 AM,1480.6,0,0.0,76689307.79999994
2025-08-01 10:00:45 AM,1480.6,1109,1641985.4,78331293.19999994
2025-08-01 10:00:48 AM,1481.6,632,936371.2,79267664.39999995
2025-08-01 10:00:51 AM,1481.6,9,13334.4,79280998.79999995
2025-08-01 10:01:00 AM,1483.5,16,23736.0,79304734.79999995
2025-08-01 10:01:01 AM,1483.1,1,1483.1,79306217.89999995
2025-08-01 10:01:05 AM,1483.1,5,7415.5,79313633.39999995
2025-08-01 10:01:05 AM,1483.1,4,5932.4,79319565.79999995
2025-08-01 10:01:06 AM,1483.2,0,0.0,79319565.79999995
2025-08-01 10:01:06 AM,1483.2,4,5932.8,79325498.59999995
2025-08-01 10:01:17 AM,1484.0,3,4452.0,79329950.59999995
2025-08-01 10:01:18 AM,1484.1,0,0.0,79329950.59999995
2025-08-01 10:01:18 AM,1484.1,2,2968.2,79332918.79999995
2025-08-01 10:01:19 AM,1484.1,1,1484.1,79334402.89999995
2025-08-01 10:01:22 AM,1485.4,3,4456.200000000001,79338859.09999995
2025-08-01 10:01:26 AM,1485.5,0,0.0,79338859.09999995
2025-08-01 10:01:26 AM,1485.5,2,2971.0,79341830.09999995
2025-08-01 10:01:27 AM,1485.5,3,4456.5,79346286.59999995
2025-08-01 10:01:33 AM,1485.1,0,0.0,79346286.59999995
2025-08-01 10:01:33 AM,1485.1,1,1485.1,79347771.69999994
2025-08-01 10:01:34 AM,1485.0,0,0.0,79347771.69999994
2025-08-01 10:01:34 AM,1485.0,2,2970.0,79350741.69999994
2025-08-01 10:01:36 AM,1485.0,7,10395.0,79361136.69999994
2025-08-01 10:01:51 AM,1485.2,45,66834.0,79427970.69999994
2025-08-01 10:01:51 AM,1485.2,9,13366.800000000001,79441337.49999994
2025-08-01 10:01:58 AM,1486.2,100,148620.0,79589957.49999994
2025-08-01 10:01:58 AM,1486.2,1,1486.2,79591443.69999994
2025-08-01 10:02:00 AM,1485.6,1,1485.6,79592929.29999994
2025-08-01 10:02:03 AM,1485.6,14,20798.399999999998,79613727.69999994
2025-08-01 10:02:03 AM,1485.7,1,1485.7,79615213.39999995
2025-08-01 10:02:04 AM,1485.7,22,32685.4,79647898.79999995
2025-08-01 10:02:05 AM,1485.7,4,5942.8,79653841.59999995
2025-08-01 10:02:31 AM,1485.4,0,0.0,79653841.59999995
2025-08-01 10:02:31 AM,1485.7,690,1025133.0,80678974.59999995
2025-08-01 10:02:32 AM,1485.8,15,22287.0,80701261.59999995
2025-08-01 10:02:33 AM,1485.8,1,1485.8,80702747.39999995
2025-08-01 10:02:37 AM,1485.8,49,72804.2,80775551.59999995
2025-08-01 10:02:38 AM,1485.3,0,0.0,80775551.59999995
2025-08-01 10:02:38 AM,1485.3,7,10397.1,80785948.69999994
2025-08-01 10:02:39 AM,1485.8,0,0.0,80785948.69999994
2025-08-01 10:02:39 AM,1485.8,157,233270.6,81019219.29999994
2025-08-01 10:02:40 AM,1485.8,4,5943.2,81025162.49999994
2025-08-01 10:02:59 AM,1486.4,0,0.0,81025162.49999994
2025-08-01 10:02:59 AM,1486.4,5,7432.0,81032594.49999994
2025-08-01 10:03:04 AM,1485.9,0,0.0,81032594.49999994
2025-08-01 10:03:04 AM,1485.9,1,1485.9,81034080.39999995
2025-08-01 10:03:21 AM,1486.7,30,44601.0,81078681.39999995
2025-08-01 10:03:27 AM,1486.2,0,0.0,81078681.39999995
2025-08-01 10:03:27 AM,1486.2,5,7431.0,81086112.39999995
2025-08-01 10:03:28 AM,1486.2,2,2972.4,81089084.79999995
2025-08-01 10:04:22 AM,1486.7,2,2973.4,81092058.19999996
2025-08-01 10:04:25 AM,1486.7,4,5946.8,81098004.99999996
2025-08-01 10:04:29 AM,1486.3,7,10404.1,81108409.09999995
2025-08-01 10:04:30 AM,1486.3,2,2972.6,81111381.69999994
2025-08-01 10:04:32 AM,1486.7,0,0.0,81111381.69999994
2025-08-01 10:04:32 AM,1486.7,1,1486.7,81112868.39999995
2025-08-01 10:04:39 AM,1486.7,56,83255.2,81196123.59999995
2025-08-01 10:04:44 AM,1486.7,76,112989.2,81309112.79999995
2025-08-01 10:04:46 AM,1486.7,5,7433.5,81316546.29999995
2025-08-01 10:04:48 AM,1486.7,1,1486.7,81318032.99999996
2025-08-01 10:04:49 AM,1486.3,12,17835.6,81335868.59999995
2025-08-01 10:04:52 AM,1486.4,0,0.0,81335868.59999995
2025-08-01 10:04:52 AM,1486.4,3,4459.200000000001,81340327.79999995
2025-08-01 10:04:59 AM,1486.5,218,324057.0,81664384.79999995
2025-08-01 10:05:06 AM,1486.7,0,0.0,81664384.79999995
2025-08-01 10:05:06 AM,1486.7,40,59468.0,81723852.79999995
2025-08-01 10:05:12 AM,1486.7,2,2973.4,81726826.19999996
2025-08-01 10:05:14 AM,1486.1,398,591467.7999999999,82318293.99999996
2025-08-01 10:05:18 AM,1486.5,537,798250.5,83116544.49999996
2025-08-01 10:05:20 AM,1485.3,1,1485.3,83118029.79999995
2025-08-01 10:05:23 AM,1485.2,0,0.0,83118029.79999995
2025-08-01 10:05:24 AM,1485.2,86,127727.2,83245756.99999996
2025-08-01 10:05:26 AM,1486.1,2,2972.2,83248729.19999996
2025-08-01 10:05:39 AM,1486.1,141,209540.09999999998,83458269.29999995
2025-08-01 10:05:43 AM,1486.1,3,4458.299999999999,83462727.59999995
2025-08-01 10:06:09 AM,1486.9,0,0.0,83462727.59999995
2025-08-01 10:06:09 AM,1486.9,3,4460.700000000001,83467188.29999995
2025-08-01 10:06:14 AM,1486.1,0,0.0,83467188.29999995
2025-08-01 10:06:14 AM,1486.1,1,1486.1,83468674.39999995
2025-08-01 10:06:24 AM,1486.1,7,10402.699999999999,83479077.09999995
2025-08-01 10:06:54 AM,1487.2,57,84770.40000000001,83563847.49999996
2025-08-01 10:06:59 AM,1486.2,11,16348.2,83580195.69999996
2025-08-01 10:07:16 AM,1487.7,64,95212.8,83675408.49999996
2025-08-01 10:07:21 AM,1487.1,0,0.0,83675408.49999996
2025-08-01 10:07:21 AM,1487.1,3,4461.299999999999,83679869.79999995
2025-08-01 10:07:25 AM,1487.1,8,11896.8,83691766.59999995
2025-08-01 10:07:29 AM,1488.7,0,0.0,83691766.59999995
2025-08-01 10:07:29 AM,1488.7,606,902152.2000000001,84593918.79999995
2025-08-01 10:07:30 AM,1488.6,0,0.0,84593918.79999995
2025-08-01 10:07:30 AM,1488.6,2,2977.2,84596895.99999996
2025-08-01 10:07:35 AM,1487.8,100,148780.0,84745675.99999996
2025-08-01 10:07:35 AM,1487.9,0,0.0,84745675.99999996
2025-08-01 10:07:36 AM,1487.9,7,10415.300000000001,84756091.29999995
2025-08-01 10:07:37 AM,1487.9,1,1487.9,84757579.19999996
2025-08-01 10:07:40 AM,1488.7,0,0.0,84757579.19999996
2025-08-01 10:07:40 AM,1488.5,168,250068.0,85007647.19999996
2025-08-01 10:07:45 AM,1488.1,29,43154.899999999994,85050802.09999996
2025-08-01 10:07:54 AM,1488.6,20,29772.0,85080574.09999996
2025-08-01 10:08:00 AM,1487.9,324,482079.60000000003,85562653.69999996
2025-08-01 10:08:05 AM,1487.7,0,0.0,85562653.69999996
2025-08-01 10:08:05 AM,1487.7,56,83311.2,85645964.89999996
2025-08-01 10:08:26 AM,1488.8,1,1488.8,85647453.69999996
2025-08-01 10:08:29 AM,1488.5,0,0.0,85647453.69999996
2025-08-01 10:08:29 AM,1488.5,2,2977.0,85650430.69999996
2025-08-01 10:08:34 AM,1488.8,40,59552.0,85709982.69999996
2025-08-01 10:08:34 AM,1488.9,6,8933.400000000001,85718916.09999996
2025-08-01 10:08:45 AM,1488.9,209,311180.10000000003,86030096.19999996
2025-08-01 10:08:45 AM,1488.9,14,20844.600000000002,86050940.79999995
2025-08-01 10:08:48 AM,1488.8,0,0.0,86050940.79999995
2025-08-01 10:08:48 AM,1488.8,35,52108.0,86103048.79999995
2025-08-01 10:08:49 AM,1488.7,0,0.0,86103048.79999995
2025-08-01 10:08:49 AM,1488.7,7,10420.9,86113469.69999996
2025-08-01 10:08:50 AM,1488.2,0,0.0,86113469.69999996
2025-08-01 10:08:50 AM,1488.2,20,29764.0,86143233.69999996
2025-08-01 10:08:50 AM,1488.2,3,4464.6,86147698.29999995
2025-08-01 10:08:53 AM,1488.2,4,5952.8,86153651.09999995
2025-08-01 10:08:54 AM,1488.2,1,1488.2,86155139.29999995
2025-08-01 10:08:54 AM,1488.2,2,2976.4,86158115.69999996
2025-08-01 10:09:03 AM,1489.2,0,0.0,86158115.69999996
2025-08-01 10:09:03 AM,1489.2,14,20848.8,86178964.49999996
2025-08-01 10:09:08 AM,1488.7,2,2977.4,86181941.89999996
2025-08-01 10:09:20 AM,1489.7,0,0.0,86181941.89999996
2025-08-01 10:09:20 AM,1489.7,1,1489.7,86183431.59999996
2025-08-01 10:09:22 AM,1489.2,55,81906.0,86265337.59999996
2025-08-01 10:09:24 AM,1489.2,5,7446.0,86272783.59999996
2025-08-01 10:09:43 AM,1488.9,0,0.0,86272783.59999996
2025-08-01 10:09:43 AM,1488.9,173,257579.7,86530363.29999997
2025-08-01 10:09:48 AM,1488.7,0,0.0,86530363.29999997
2025-08-01 10:09:48 AM,1488.7,31,46149.700000000004,86576512.99999997
2025-08-01 10:09:53 AM,1488.6,0,0.0,86576512.99999997
2025-08-01 10:09:53 AM,1488.6,33,49123.799999999996,86625636.79999997
2025-08-01 10:09:53 AM,1488.6,1,1488.6,86627125.39999996
2025-08-01 10:10:01 AM,1488.6,496,738345.6,87365470.99999996
2025-08-01 10:10:05 AM,1488.2,75,111615.0,87477085.99999996
2025-08-01 10:10:06 AM,1488.2,12,17858.4,87494944.39999996
2025-08-01 10:10:13 AM,1488.1,0,0.0,87494944.39999996
2025-08-01 10:10:13 AM,1487.8,56,83316.8,87578261.19999996
2025-08-01 10:10:18 AM,1486.9,9,13382.1,87591643.29999995
2025-08-01 10:10:19 AM,1486.9,3,4460.700000000001,87596103.99999996
2025-08-01 10:10:24 AM,1487.4,0,0.0,87596103.99999996
2025-08-01 10:10:24 AM,1487.4,1,1487.4,87597591.39999996
2025-08-01 10:10:30 AM,1487.4,4,5949.6,87603540.99999996
2025-08-01 10:10:41 AM,1486.9,24,35685.600000000006,87639226.59999995
2025-08-01 10:10:45 AM,1487.5,56,83300.0,87722526.59999995
2025-08-01 10:10:50 AM,1487.0,9,13383.0,87735909.59999995
2025-08-01 10:10:51 AM,1487.0,2,2974.0,87738883.59999995
2025-08-01 10:11:22 AM,1487.7,2,2975.4,87741858.99999996
2025-08-01 10:11:22 AM,1487.7,1,1487.7,87743346.69999996
2025-08-01 10:11:38 AM,1488.5,0,0.0,87743346.69999996
2025-08-01 10:11:38 AM,1487.9,0,0.0,87743346.69999996
2025-08-01 10:11:38 AM,1487.9,69,102665.1,87846011.79999995
2025-08-01 10:11:38 AM,1487.9,10,14879.0,87860890.79999995
2025-08-01 10:11:39 AM,1487.9,2,2975.8,87863866.59999995
2025-08-01 10:11:41 AM,1487.9,3,4463.700000000001,87868330.29999995
2025-08-01 10:11:46 AM,1488.6,0,0.0,87868330.29999995
2025-08-01 10:11:46 AM,1488.6,65,96759.0,87965089.29999995
2025-08-01 10:11:51 AM,1488.3,0,0.0,87965089.29999995
2025-08-01 10:11:51 AM,1488.3,12,17859.6,87982948.89999995
2025-08-01 10:11:51 AM,1488.3,1,1488.3,87984437.19999994
2025-08-01 10:11:52 AM,1488.3,1,1488.3,87985925.49999994
2025-08-01 10:12:02 AM,1488.3,1,1488.3,87987413.79999994
2025-08-01 10:12:03 AM,1488.6,0,0.0,87987413.79999994
2025-08-01 10:12:03 AM,1488.6,1,1488.6,87988902.39999993
2025-08-01 10:12:40 AM,1488.6,37,55078.2,88043980.59999993
2025-08-01 10:12:45 AM,1488.9,0,0.0,88043980.59999993
2025-08-01 10:12:45 AM,1488.9,58,86356.20000000001,88130336.79999994
2025-08-01 10:12:50 AM,1488.7,0,0.0,88130336.79999994
2025-08-01 10:12:50 AM,1488.9,0,0.0,88130336.79999994
2025-08-01 10:12:50 AM,1488.9,88,131023.20000000001,88261359.99999994
2025-08-01 10:12:50 AM,1488.9,9,13400.1,88274760.09999993
2025-08-01 10:12:51 AM,1488.9,3,4466.700000000001,88279226.79999994
2025-08-01 10:12:55 AM,1489.6,0,0.0,88279226.79999994
2025-08-01 10:12:55 AM,1489.6,29,43198.399999999994,88322425.19999994
2025-08-01 10:12:56 AM,1489.6,1,1489.6,88323914.79999994
2025-08-01 10:12:56 AM,1489.6,60,89376.0,88413290.79999994
2025-08-01 10:13:02 AM,1489.1,0,0.0,88413290.79999994
2025-08-01 10:13:02 AM,1489.1,6,8934.599999999999,88422225.39999993
2025-08-01 10:13:02 AM,1489.1,2,2978.2,88425203.59999993
2025-08-01 10:13:06 AM,1489.5,71,105754.5,88530958.09999993
2025-08-01 10:13:06 AM,1489.5,1,1489.5,88532447.59999993
2025-08-01 10:13:10 AM,1489.5,3,4468.5,88536916.09999993
2025-08-01 10:13:11 AM,1489.3,7,10425.1,88547341.19999993
2025-08-01 10:13:12 AM,1489.3,2,2978.6,88550319.79999992
2025-08-01 10:13:15 AM,1489.3,12,17871.6,88568191.39999992
2025-08-01 10:13:32 AM,1489.5,0,0.0,88568191.39999992
2025-08-01 10:13:32 AM,1489.5,12,17874.0,88586065.39999992
2025-08-01 10:13:34 AM,1489.5,2,2979.0,88589044.39999992
2025-08-01 10:13:35 AM,1489.9,1,1489.9,88590534.29999992
2025-08-01 10:13:42 AM,1489.5,7,10426.5,88600960.79999992
2025-08-01 10:13:43 AM,1489.5,2,2979.0,88603939.79999992
2025-08-01 10:13:49 AM,1490.5,0,0.0,88603939.79999992
2025-08-01 10:13:49 AM,1490.5,51,76015.5,88679955.29999992
2025-08-01 10:13:54 AM,1490.0,7,10430.0,88690385.29999992
2025-08-01 10:13:55 AM,1490.0,2,2980.0,88693365.29999992
2025-08-01 10:13:59 AM,1489.5,343,510898.5,89204263.79999992
2025-08-01 10:14:04 AM,1489.3,50,74465.0,89278728.79999992
2025-08-01 10:14:05 AM,1489.3,11,16382.3,89295111.09999992
2025-08-01 10:14:05 AM,1489.3,1,1489.3,89296600.39999992
2025-08-01 10:14:14 AM,1489.3,5,7446.5,89304046.89999992
2025-08-01 10:14:20 AM,1489.3,1,1489.3,89305536.19999991
2025-08-01 10:14:44 AM,1489.3,20,29786.0,89335322.19999991
2025-08-01 10:14:45 AM,1489.3,3,4467.9,89339790.09999992
2025-08-01 10:14:51 AM,1489.5,49,72985.5,89412775.59999992
2025-08-01 10:14:52 AM,1489.5,7,10426.5,89423202.09999992
2025-08-01 10:14:53 AM,1489.5,2,2979.0,89426181.09999992
2025-08-01 10:15:21 AM,1490.1,1,1490.1,89427671.19999991
2025-08-01 10:15:21 AM,1490.1,1,1490.1,89429161.29999991
2025-08-01 10:15:24 AM,1490.0,0,0.0,89429161.29999991
2025-08-01 10:15:24 AM,1490.0,375,558750.0,89987911.29999991
2025-08-01 10:15:24 AM,1490.0,7,10430.0,89998341.29999991
2025-08-01 10:15:25 AM,1490.0,35,52150.0,90050491.29999991
2025-08-01 10:15:30 AM,1489.9,0,0.0,90050491.29999991
2025-08-01 10:15:30 AM,1489.9,5,7449.5,90057940.79999991
2025-08-01 10:15:31 AM,1489.9,267,397803.30000000005,90455744.0999999
2025-08-01 10:15:36 AM,1489.6,0,0.0,90455744.0999999
2025-08-01 10:15:36 AM,1489.6,48,71500.79999999999,90527244.8999999
2025-08-01 10:15:39 AM,1489.6,2,2979.2,90530224.0999999
2025-08-01 10:15:39 AM,1489.7,1,1489.7,90531713.79999991
2025-08-01 10:15:40 AM,1489.6,0,0.0,90531713.79999991
2025-08-01 10:15:40 AM,1489.6,7,10427.199999999999,90542140.99999991
2025-08-01 10:15:51 AM,1490.3,1,1490.3,90543631.29999991
2025-08-01 10:15:57 AM,1490.3,43,64082.9,90607714.19999991
2025-08-01 10:16:02 AM,1489.8,8,11918.4,90619632.59999992
2025-08-01 10:16:03 AM,1489.8,1,1489.8,90621122.39999992
2025-08-01 10:16:33 AM,1489.9,429,639167.1000000001,91260289.49999991
2025-08-01 10:16:36 AM,1489.6,0,0.0,91260289.49999991
2025-08-01 10:16:37 AM,1489.5,164,244278.0,91504567.49999991
2025-08-01 10:16:37 AM,1489.5,4,5958.0,91510525.49999991
2025-08-01 10:16:38 AM,1489.5,12,17874.0,91528399.49999991
2025-08-01 10:16:39 AM,1489.5,3,4468.5,91532867.99999991
2025-08-01 10:16:40 AM,1489.5,185,275557.5,91808425.49999991
2025-08-01 10:16:40 AM,1489.5,18,26811.0,91835236.49999991
2025-08-01 10:16:41 AM,1489.5,3,4468.5,91839704.99999991
2025-08-01 10:16:42 AM,1489.6,0,0.0,91839704.99999991
2025-08-01 10:16:42 AM,1489.5,0,0.0,91839704.99999991
2025-08-01 10:16:42 AM,1489.5,15,22342.5,91862047.49999991
2025-08-01 10:16:45 AM,1489.5,9,13405.5,91875452.99999991
2025-08-01 10:16:45 AM,1489.5,3,4468.5,91879921.49999991
2025-08-01 10:16:50 AM,1489.5,9,13405.5,91893326.99999991
2025-08-01 10:17:10 AM,1489.3,491,731246.2999999999,92624573.29999991
2025-08-01 10:17:16 AM,1488.7,30,44661.0,92669234.29999991
2025-08-01 10:17:16 AM,1488.7,4,5954.8,92675189.0999999
2025-08-01 10:17:47 AM,1488.8,56,83372.8,92758561.8999999
2025-08-01 10:17:47 AM,1488.8,3,4466.4,92763028.29999991
2025-08-01 10:17:58 AM,1488.8,32,47641.6,92810669.8999999
2025-08-01 10:17:58 AM,1488.8,2,2977.6,92813647.4999999
2025-08-01 10:18:11 AM,1488.8,3,4466.4,92818113.8999999
2025-08-01 10:18:17 AM,1488.8,410,610408.0,93428521.8999999
2025-08-01 10:18:23 AM,1488.1,0,0.0,93428521.8999999
2025-08-01 10:18:23 AM,1488.1,677,1007443.7,94435965.5999999
2025-08-01 10:18:29 AM,1487.5,0,0.0,94435965.5999999
2025-08-01 10:18:29 AM,1487.5,95,141312.5,94577278.0999999
2025-08-01 10:18:29 AM,1487.5,1,1487.5,94578765.5999999
2025-08-01 10:18:32 AM,1488.1,0,0.0,94578765.5999999
2025-08-01 10:18:35 AM,1488.1,40,59524.0,94638289.5999999
2025-08-01 10:18:46 AM,1488.7,0,0.0,94638289.5999999
2025-08-01 10:18:46 AM,1488.9,24,35733.600000000006,94674023.1999999
2025-08-01 10:18:50 AM,1488.7,0,0.0,94674023.1999999
2025-08-01 10:18:52 AM,1488.7,173,257545.1,94931568.2999999
2025-08-01 10:18:52 AM,1488.7,2,2977.4,94934545.6999999
2025-08-01 10:18:57 AM,1488.7,43,64014.1,94998559.7999999
2025-08-01 10:19:00 AM,1488.5,0,0.0,94998559.7999999
2025-08-01 10:19:00 AM,1488.5,31,46143.5,95044703.2999999
2025-08-01 10:19:03 AM,1488.6,2,2977.2,95047680.4999999
2025-08-01 10:19:04 AM,1488.6,4,5954.4,95053634.8999999
2025-08-01 10:19:04 AM,1488.8,343,510658.39999999997,95564293.29999991
2025-08-01 10:19:05 AM,1489.4,0,0.0,95564293.29999991
2025-08-01 10:19:05 AM,1489.4,61,90853.40000000001,95655146.69999991
2025-08-01 10:19:05 AM,1489.4,1,1489.4,95656636.09999992
2025-08-01 10:19:09 AM,1489.6,0,0.0,95656636.09999992
2025-08-01 10:19:09 AM,1490.3,0,0.0,95656636.09999992
2025-08-01 10:19:09 AM,1490.3,5,7451.5,95664087.59999992
2025-08-01 10:19:28 AM,1490.1,11,16391.1,95680478.69999991
2025-08-01 10:19:28 AM,1490.1,1,1490.1,95681968.79999991
2025-08-01 10:19:32 AM,1490.3,1,1490.3,95683459.0999999
2025-08-01 10:19:33 AM,1490.1,11,16391.1,95699850.1999999
2025-08-01 10:19:34 AM,1490.1,2,2980.2,95702830.3999999
2025-08-01 10:19:37 AM,1490.1,1,1490.1,95704320.4999999
2025-08-01 10:19:38 AM,1490.1,1,1490.1,95705810.59999989
2025-08-01 10:19:39 AM,1490.1,1,1490.1,95707300.69999988
2025-08-01 10:19:46 AM,1490.3,0,0.0,95707300.69999988
2025-08-01 10:19:46 AM,1490.3,1,1490.3,95708790.99999988
2025-08-01 10:19:58 AM,1490.3,1,1490.3,95710281.29999988
2025-08-01 10:20:08 AM,1490.3,10,14903.0,95725184.29999988
2025-08-01 10:20:13 AM,1490.3,3,4470.9,95729655.19999988
2025-08-01 10:20:13 AM,1490.1,0,0.0,95729655.19999988
2025-08-01 10:20:13 AM,1490.1,1,1490.1,95731145.29999988
2025-08-01 10:20:16 AM,1490.3,1,1490.3,95732635.59999987
2025-08-01 10:20:28 AM,1490.1,0,0.0,95732635.59999987
2025-08-01 10:20:28 AM,1490.1,2,2980.2,95735615.79999988
2025-08-01 10:20:40 AM,1490.1,13,19371.3,95754987.09999987
2025-08-01 10:20:41 AM,1490.1,1,1490.1,95756477.19999987
2025-08-01 10:21:03 AM,1490.3,0,0.0,95756477.19999987
2025-08-01 10:21:03 AM,1490.3,36,53650.799999999996,95810127.99999987
2025-08-01 10:21:08 AM,1490.1,6,8940.599999999999,95819068.59999986
2025-08-01 10:21:12 AM,1490.3,0,0.0,95819068.59999986
2025-08-01 10:21:12 AM,1490.3,25,37257.5,95856326.09999986
2025-08-01 10:21:12 AM,1490.3,4,5961.2,95862287.29999986
2025-08-01 10:21:21 AM,1490.9,2,2981.8,95865269.09999986
2025-08-01 10:21:22 AM,1490.9,1,1490.9,95866759.99999987
2025-08-01 10:21:35 AM,1491.3,0,0.0,95866759.99999987
2025-08-01 10:21:35 AM,1489.0,1691,2517899.0,98384658.99999987
2025-08-01 10:21:41 AM,1487.8,0,0.0,98384658.99999987
2025-08-01 10:21:41 AM,1487.8,409,608510.2,98993169.19999987
2025-08-01 10:21:44 AM,1487.2,0,0.0,98993169.19999987
2025-08-01 10:21:44 AM,1487.2,1,1487.2,98994656.39999987
2025-08-01 10:21:44 AM,1487.2,1,1487.2,98996143.59999987
2025-08-01 10:21:46 AM,1487.2,119,176976.80000000002,99173120.39999987
2025-08-01 10:21:51 AM,1486.6,0,0.0,99173120.39999987
2025-08-01 10:21:51 AM,1486.6,57,84736.2,99257856.59999987
2025-08-01 10:22:12 AM,1487.5,10,14875.0,99272731.59999987
2025-08-01 10:22:13 AM,1486.8,7,10407.6,99283139.19999987
2025-08-01 10:22:14 AM,1486.8,1,1486.8,99284625.99999987
2025-08-01 10:22:17 AM,1486.8,4,5947.2,99290573.19999987
2025-08-01 10:22:21 AM,1486.8,37,55011.6,99345584.79999986
2025-08-01 10:22:21 AM,1486.8,5,7434.0,99353018.79999986
2025-08-01 10:23:04 AM,1487.4,96,142790.40000000002,99495809.19999987
2025-08-01 10:23:10 AM,1486.8,14,20815.2,99516624.39999987
2025-08-01 10:23:10 AM,1486.8,5,7434.0,99524058.39999987
2025-08-01 10:23:11 AM,1487.4,0,0.0,99524058.39999987
2025-08-01 10:23:11 AM,1487.4,2,2974.8,99527033.19999987
2025-08-01 10:23:22 AM,1487.3,0,0.0,99527033.19999987
2025-08-01 10:23:22 AM,1487.3,14,20822.2,99547855.39999987
2025-08-01 10:23:27 AM,1486.9,0,0.0,99547855.39999987
2025-08-01 10:23:27 AM,1486.9,1,1486.9,99549342.29999988
2025-08-01 10:23:40 AM,1487.2,0,0.0,99549342.29999988
2025-08-01 10:23:40 AM,1487.2,111,165079.2,99714421.49999988
2025-08-01 10:23:41 AM,1487.2,28,41641.6,99756063.09999987
2025-08-01 10:23:45 AM,1487.2,1,1487.2,99757550.29999988
2025-08-01 10:23:56 AM,1487.4,92,136840.80000000002,99894391.09999987
2025-08-01 10:23:58 AM,1487.4,18,26773.2,99921164.29999988
2025-08-01 10:24:03 AM,1487.2,0,0.0,99921164.29999988
2025-08-01 10:24:03 AM,1487.2,592,880422.4,100801586.69999988
2025-08-01 10:24:03 AM,1486.9,0,0.0,100801586.69999988
2025-08-01 10:24:03 AM,1486.9,725,1078002.5,101879589.19999988
2025-08-01 10:24:08 AM,1486.6,0,0.0,101879589.19999988
2025-08-01 10:24:08 AM,1486.6,27,40138.2,101919727.39999989
2025-08-01 10:24:09 AM,1486.6,70,104062.0,102023789.39999989
2025-08-01 10:24:10 AM,1485.2,0,0.0,102023789.39999989
2025-08-01 10:24:10 AM,1485.2,585,868842.0,102892631.39999989
2025-08-01 10:24:10 AM,1485.2,100,148520.0,103041151.39999989
2025-08-01 10:24:11 AM,1485.3,0,0.0,103041151.39999989
2025-08-01 10:24:11 AM,1485.6,74,109934.4,103151085.7999999
2025-08-01 10:24:12 AM,1485.6,13,19312.8,103170398.59999989
2025-08-01 10:24:12 AM,1485.7,0,0.0,103170398.59999989
2025-08-01 10:24:12 AM,1485.7,9,13371.300000000001,103183769.89999989
2025-08-01 10:24:13 AM,1485.7,2,2971.4,103186741.2999999
2025-08-01 10:24:13 AM,1485.7,184,273368.8,103460110.09999989
2025-08-01 10:24:18 AM,1485.5,30,44565.0,103504675.09999989
2025-08-01 10:24:23 AM,1485.3,3,4455.9,103509130.9999999
2025-08-01 10:24:28 AM,1485.0,84,124740.0,103633870.9999999
2025-08-01 10:24:29 AM,1485.0,43,63855.0,103697725.9999999
2025-08-01 10:24:29 AM,1485.0,18,26730.0,103724455.9999999
2025-08-01 10:24:32 AM,1485.0,11,16335.0,103740790.9999999
2025-08-01 10:24:32 AM,1485.0,5,7425.0,103748215.9999999
2025-08-01 10:24:33 AM,1485.0,6,8910.0,103757125.9999999
2025-08-01 10:24:33 AM,1485.0,2,2970.0,103760095.9999999
2025-08-01 10:24:34 AM,1485.1,0,0.0,103760095.9999999
2025-08-01 10:24:34 AM,1485.1,2,2970.2,103763066.1999999
2025-08-01 10:24:48 AM,1486.4,0,0.0,103763066.1999999
2025-08-01 10:24:48 AM,1486.4,3,4459.200000000001,103767525.3999999
2025-08-01 10:24:53 AM,1485.4,0,0.0,103767525.3999999
2025-08-01 10:24:53 AM,1485.5,4,5942.0,103773467.3999999
2025-08-01 10:25:06 AM,1485.5,1,1485.5,103774952.8999999
2025-08-01 10:25:06 AM,1485.5,2,2971.0,103777923.8999999
2025-08-01 10:25:09 AM,1485.5,3,4456.5,103782380.3999999
2025-08-01 10:25:18 AM,1485.0,0,0.0,103782380.3999999
2025-08-01 10:25:18 AM,1485.0,767,1138995.0,104921375.3999999
2025-08-01 10:25:23 AM,1484.4,10,14844.0,104936219.3999999
2025-08-01 10:25:25 AM,1484.4,110,163284.0,105099503.3999999
2025-08-01 10:25:28 AM,1483.9,408,605431.2000000001,105704934.5999999
2025-08-01 10:25:29 AM,1483.9,196,290844.4,105995778.99999991
2025-08-01 10:25:29 AM,1483.9,35,51936.5,106047715.49999991
2025-08-01 10:25:30 AM,1483.8,126,186958.8,106234674.29999991
2025-08-01 10:25:32 AM,1483.8,11,16321.8,106250996.0999999
2025-08-01 10:25:35 AM,1483.7,0,0.0,106250996.0999999
2025-08-01 10:25:35 AM,1483.7,15,22255.5,106273251.5999999
2025-08-01 10:25:35 AM,1483.7,3,4451.1,106277702.6999999
2025-08-01 10:25:36 AM,1483.7,16,23739.2,106301441.8999999
2025-08-01 10:25:36 AM,1483.7,3,4451.1,106305892.9999999
2025-08-01 10:25:37 AM,1483.6,0,0.0,106305892.9999999
2025-08-01 10:25:37 AM,1483.7,9,13353.300000000001,106319246.2999999
2025-08-01 10:25:38 AM,1483.7,4,5934.8,106325181.09999989
2025-08-01 10:25:52 AM,1484.2,0,0.0,106325181.09999989
2025-08-01 10:25:52 AM,1484.2,50,74210.0,106399391.09999989
2025-08-01 10:25:56 AM,1484.1,0,0.0,106399391.09999989
2025-08-01 10:25:56 AM,1484.1,172,255265.19999999998,106654656.2999999
2025-08-01 10:25:56 AM,1484.3,184,273111.2,106927767.4999999
2025-08-01 10:25:58 AM,1484.3,7,10390.1,106938157.59999989
2025-08-01 10:26:02 AM,1484.2,0,0.0,106938157.59999989
2025-08-01 10:26:02 AM,1484.2,2,2968.4,106941125.9999999
2025-08-01 10:26:04 AM,1484.1,0,0.0,106941125.9999999
2025-08-01 10:26:04 AM,1484.1,2,2968.2,106944094.1999999
2025-08-01 10:26:05 AM,1484.2,0,0.0,106944094.1999999
2025-08-01 10:26:05 AM,1484.2,50,74210.0,107018304.1999999
2025-08-01 10:26:06 AM,1484.1,0,0.0,107018304.1999999
2025-08-01 10:26:06 AM,1484.1,2,2968.2,107021272.3999999
2025-08-01 10:26:06 AM,1484.1,1,1484.1,107022756.4999999
2025-08-01 10:26:07 AM,1484.1,46,68268.59999999999,107091025.09999989
2025-08-01 10:26:07 AM,1484.1,8,11872.8,107102897.89999989
2025-08-01 10:26:08 AM,1484.1,5,7420.5,107110318.39999989
2025-08-01 10:26:10 AM,1484.1,30,44523.0,107154841.39999989
2025-08-01 10:26:11 AM,1484.1,14,20777.399999999998,107175618.7999999
2025-08-01 10:26:11 AM,1484.1,12,17809.199999999997,107193427.9999999
2025-08-01 10:26:12 AM,1484.1,3,4452.299999999999,107197880.2999999
2025-08-01 10:26:12 AM,1484.0,246,365064.0,107562944.2999999
2025-08-01 10:26:14 AM,1483.0,14,20762.0,107583706.2999999
2025-08-01 10:26:14 AM,1483.0,5,7415.0,107591121.2999999
2025-08-01 10:26:15 AM,1483.0,2,2966.0,107594087.2999999
2025-08-01 10:26:17 AM,1483.7,0,0.0,107594087.2999999
2025-08-01 10:26:17 AM,1483.7,1,1483.7,107595570.9999999
2025-08-01 10:26:18 AM,1483.0,0,0.0,107595570.9999999
2025-08-01 10:26:18 AM,1483.0,169,250627.0,107846197.9999999
2025-08-01 10:26:20 AM,1483.0,57,84531.0,107930728.9999999
2025-08-01 10:26:20 AM,1483.7,110,163207.0,108093935.9999999
2025-08-01 10:26:21 AM,1483.2,25,37080.0,108131015.9999999
2025-08-01 10:26:21 AM,1483.2,11,16315.2,108147331.1999999
2025-08-01 10:26:25 AM,1483.0,51,75633.0,108222964.1999999
2025-08-01 10:26:25 AM,1483.0,24,35592.0,108258556.1999999
2025-08-01 10:26:26 AM,1483.0,27,40041.0,108298597.1999999
2025-08-01 10:26:26 AM,1483.0,8,11864.0,108310461.1999999
2025-08-01 10:26:27 AM,1483.0,5,7415.0,108317876.1999999
2025-08-01 10:26:28 AM,1483.0,1,1483.0,108319359.1999999
2025-08-01 10:26:28 AM,1483.0,2,2966.0,108322325.1999999
2025-08-01 10:26:35 AM,1483.0,77,114191.0,108436516.1999999
2025-08-01 10:26:35 AM,1483.0,57,84531.0,108521047.1999999
2025-08-01 10:26:36 AM,1483.0,9,13347.0,108534394.1999999
2025-08-01 10:26:36 AM,1483.0,6,8898.0,108543292.1999999
2025-08-01 10:26:37 AM,1483.0,1,1483.0,108544775.1999999
2025-08-01 10:26:39 AM,1483.6,4,5934.4,108550709.5999999
2025-08-01 10:26:40 AM,1483.6,3,4450.799999999999,108555160.3999999
2025-08-01 10:26:40 AM,1483.6,2,2967.2,108558127.5999999
2025-08-01 10:26:41 AM,1483.6,2,2967.2,108561094.79999991
2025-08-01 10:26:42 AM,1484.4,39,57891.600000000006,108618986.3999999
2025-08-01 10:26:44 AM,1484.4,1,1484.4,108620470.79999991
2025-08-01 10:26:48 AM,1483.7,0,0.0,108620470.79999991
2025-08-01 10:26:48 AM,1483.7,4,5934.8,108626405.5999999
2025-08-01 10:26:48 AM,1483.7,17,25222.9,108651628.49999991
2025-08-01 10:26:49 AM,1483.7,14,20771.8,108672400.29999991
2025-08-01 10:26:49 AM,1483.7,2,2967.4,108675367.69999991
2025-08-01 10:26:53 AM,1484.4,0,0.0,108675367.69999991
2025-08-01 10:26:53 AM,1484.4,10,14844.0,108690211.69999991
2025-08-01 10:26:53 AM,1484.6,10,14846.0,108705057.69999991
2025-08-01 10:26:54 AM,1484.9,0,0.0,108705057.69999991
2025-08-01 10:26:54 AM,1484.9,14,20788.600000000002,108725846.29999991
2025-08-01 10:26:55 AM,1484.9,11,16333.900000000001,108742180.19999991
2025-08-01 10:26:55 AM,1484.8,105,155904.0,108898084.19999991
2025-08-01 10:26:56 AM,1484.8,10,14848.0,108912932.19999991
2025-08-01 10:26:56 AM,1484.9,0,0.0,108912932.19999991
2025-08-01 10:26:56 AM,1484.9,10,14849.0,108927781.19999991
2025-08-01 10:26:57 AM,1484.9,20,29698.0,108957479.19999991
2025-08-01 10:26:58 AM,1484.9,10,14849.0,108972328.19999991
2025-08-01 10:26:58 AM,1484.9,10,14849.0,108987177.19999991
2025-08-01 10:26:59 AM,1484.9,20,29698.0,109016875.19999991
2025-08-01 10:27:00 AM,1484.6,0,0.0,109016875.19999991
2025-08-01 10:27:00 AM,1484.9,32,47516.8,109064391.99999991
2025-08-01 10:27:01 AM,1484.9,10,14849.0,109079240.99999991
2025-08-01 10:27:02 AM,1485.0,0,0.0,109079240.99999991
2025-08-01 10:27:02 AM,1485.0,20,29700.0,109108940.99999991
2025-08-01 10:27:02 AM,1484.5,41,60864.5,109169805.49999991
2025-08-01 10:27:03 AM,1484.5,10,14845.0,109184650.49999991
2025-08-01 10:27:04 AM,1484.4,0,0.0,109184650.49999991
2025-08-01 10:27:04 AM,1484.4,162,240472.80000000002,109425123.29999991
2025-08-01 10:27:04 AM,1484.4,10,14844.0,109439967.29999991
2025-08-01 10:27:05 AM,1484.2,0,0.0,109439967.29999991
2025-08-01 10:27:05 AM,1484.2,71,105378.2,109545345.49999991
2025-08-01 10:27:05 AM,1484.3,0,0.0,109545345.49999991
2025-08-01 10:27:05 AM,1484.4,310,460164.0,110005509.49999991
2025-08-01 10:27:06 AM,1484.4,20,29688.0,110035197.49999991
2025-08-01 10:27:06 AM,1483.6,13,19286.8,110054484.29999991
2025-08-01 10:27:07 AM,1483.7,0,0.0,110054484.29999991
2025-08-01 10:27:07 AM,1484.4,22,32656.800000000003,110087141.0999999
2025-08-01 10:27:08 AM,1484.4,26,38594.4,110125735.49999991
2025-08-01 10:27:08 AM,1484.4,10,14844.0,110140579.49999991
2025-08-01 10:27:09 AM,1483.8,0,0.0,110140579.49999991
2025-08-01 10:27:09 AM,1484.4,61,90548.40000000001,110231127.89999992
2025-08-01 10:27:10 AM,1484.4,20,29688.0,110260815.89999992
2025-08-01 10:27:10 AM,1484.4,10,14844.0,110275659.89999992
2025-08-01 10:27:11 AM,1483.8,0,0.0,110275659.89999992
2025-08-01 10:27:11 AM,1483.8,104,154315.19999999998,110429975.09999992
2025-08-01 10:27:11 AM,1483.8,37,54900.6,110484875.69999991
2025-08-01 10:27:12 AM,1483.8,34,50449.2,110535324.89999992
2025-08-01 10:27:12 AM,1484.4,0,0.0,110535324.89999992
2025-08-01 10:27:12 AM,1484.4,39,57891.600000000006,110593216.49999991
2025-08-01 10:27:13 AM,1484.4,48,71251.20000000001,110664467.69999991
2025-08-01 10:27:13 AM,1484.4,10,14844.0,110679311.69999991
2025-08-01 10:27:14 AM,1484.4,10,14844.0,110694155.69999991
2025-08-01 10:27:14 AM,1484.4,20,29688.0,110723843.69999991
2025-08-01 10:27:15 AM,1484.4,10,14844.0,110738687.69999991
2025-08-01 10:27:16 AM,1484.8,0,0.0,110738687.69999991
2025-08-01 10:27:16 AM,1484.8,10,14848.0,110753535.69999991
2025-08-01 10:27:16 AM,1484.9,10,14849.0,110768384.69999991
2025-08-01 10:27:18 AM,1485.0,20,29700.0,110798084.69999991
2025-08-01 10:27:19 AM,1485.0,20,29700.0,110827784.69999991
2025-08-01 10:27:20 AM,1485.0,20,29700.0,110857484.69999991
2025-08-01 10:27:20 AM,1484.9,236,350436.4,111207921.09999992
2025-08-01 10:27:21 AM,1484.9,10,14849.0,111222770.09999992
2025-08-01 10:27:22 AM,1484.9,20,29698.0,111252468.09999992
2025-08-01 10:27:22 AM,1484.9,5,7424.5,111259892.59999992
2025-08-01 10:27:23 AM,1484.5,0,0.0,111259892.59999992
2025-08-01 10:27:23 AM,1484.5,28,41566.0,111301458.59999992
2025-08-01 10:27:23 AM,1484.5,21,31174.5,111332633.09999992
2025-08-01 10:27:24 AM,1484.5,24,35628.0,111368261.09999992
2025-08-01 10:27:24 AM,1484.5,4,5938.0,111374199.09999992
2025-08-01 10:27:25 AM,1484.4,0,0.0,111374199.09999992
2025-08-01 10:27:25 AM,1484.4,698,1036111.2000000001,112410310.29999992
2025-08-01 10:27:27 AM,1485.0,0,0.0,112410310.29999992
2025-08-01 10:27:27 AM,1485.0,1000,1485000.0,113895310.29999992
2025-08-01 10:27:32 AM,1483.8,0,0.0,113895310.29999992
2025-08-01 10:27:32 AM,1483.8,271,402109.8,114297420.09999992
2025-08-01 10:27:36 AM,1485.2,1000,1485200.0,115782620.09999992
2025-08-01 10:27:39 AM,1485.2,723,1073799.6,116856419.69999991
2025-08-01 10:27:40 AM,1485.2,348,516849.60000000003,117373269.29999991
2025-08-01 10:27:44 AM,1484.8,518,769126.4,118142395.69999991
2025-08-01 10:27:44 AM,1484.8,43,63846.4,118206242.09999992
2025-08-01 10:27:45 AM,1484.5,0,0.0,118206242.09999992
2025-08-01 10:27:45 AM,1484.5,598,887731.0,119093973.09999992
2025-08-01 10:27:45 AM,1484.5,426,632397.0,119726370.09999992
2025-08-01 10:27:47 AM,1485.5,0,0.0,119726370.09999992
2025-08-01 10:27:47 AM,1485.5,1000,1485500.0,121211870.09999992
2025-08-01 10:27:52 AM,1486.0,0,0.0,121211870.09999992
2025-08-01 10:27:52 AM,1486.0,1001,1487486.0,122699356.09999992
2025-08-01 10:27:53 AM,1485.9,0,0.0,122699356.09999992
2025-08-01 10:27:53 AM,1485.9,2,2971.8,122702327.89999992
2025-08-01 10:27:55 AM,1486.5,0,0.0,122702327.89999992
2025-08-01 10:27:55 AM,1486.5,1637,2433400.5,125135728.39999992
2025-08-01 10:27:55 AM,1486.5,273,405814.5,125541542.89999992
2025-08-01 10:27:56 AM,1486.5,206,306219.0,125847761.89999992
2025-08-01 10:27:56 AM,1486.5,4,5946.0,125853707.89999992
2025-08-01 10:27:59 AM,1486.7,114,169483.80000000002,126023191.69999991
2025-08-01 10:28:01 AM,1486.7,94,139749.80000000002,126162941.49999991
2025-08-01 10:28:01 AM,1486.8,45,66906.0,126229847.49999991
2025-08-01 10:28:02 AM,1487.2,0,0.0,126229847.49999991
2025-08-01 10:28:02 AM,1487.2,34,50564.8,126280412.29999991
2025-08-01 10:28:02 AM,1487.2,6,8923.2,126289335.49999991
2025-08-01 10:28:03 AM,1487.2,5,7436.0,126296771.49999991
2025-08-01 10:28:08 AM,1488.0,0,0.0,126296771.49999991
2025-08-01 10:28:08 AM,1487.5,17,25287.5,126322058.99999991
2025-08-01 10:28:08 AM,1487.5,4,5950.0,126328008.99999991
2025-08-01 10:28:09 AM,1487.5,3,4462.5,126332471.49999991
2025-08-01 10:28:13 AM,1487.7,5,7438.5,126339909.99999991
2025-08-01 10:28:13 AM,1487.7,4,5950.8,126345860.79999991
2025-08-01 10:28:18 AM,1488.5,0,0.0,126345860.79999991
2025-08-01 10:28:18 AM,1488.5,1,1488.5,126347349.29999991
2025-08-01 10:28:20 AM,1486.5,2115,3143947.5,129491296.79999991
2025-08-01 10:28:21 AM,1486.5,1589,2362048.5,131853345.29999991
2025-08-01 10:28:21 AM,1487.3,0,0.0,131853345.29999991
2025-08-01 10:28:21 AM,1487.3,323,480397.89999999997,132333743.19999991
2025-08-01 10:28:22 AM,1487.3,110,163603.0,132497346.19999991
2025-08-01 10:28:22 AM,1487.5,0,0.0,132497346.19999991
2025-08-01 10:28:22 AM,1487.5,59,87762.5,132585108.69999991
2025-08-01 10:28:23 AM,1487.3,0,0.0,132585108.69999991
2025-08-01 10:28:23 AM,1487.3,1,1487.3,132586595.99999991
2025-08-01 10:28:25 AM,1487.5,0,0.0,132586595.99999991
2025-08-01 10:28:25 AM,1487.5,42,62475.0,132649070.99999991
2025-08-01 10:28:27 AM,1487.3,11,16360.3,132665431.29999991
2025-08-01 10:28:28 AM,1487.3,5,7436.5,132672867.79999991
2025-08-01 10:29:08 AM,1488.3,0,0.0,132672867.79999991
2025-08-01 10:29:08 AM,1490.2,269,400863.8,133073731.5999999
2025-08-01 10:29:09 AM,1489.9,0,0.0,133073731.5999999
2025-08-01 10:29:09 AM,1490.1,39,58113.899999999994,133131845.49999991
2025-08-01 10:29:10 AM,1489.6,176,262169.6,133394015.0999999
2025-08-01 10:29:12 AM,1489.5,206,306837.0,133700852.0999999
2025-08-01 10:29:13 AM,1488.2,734,1092338.8,134793190.89999992
2025-08-01 10:29:14 AM,1487.7,171,254396.7,135047587.5999999
2025-08-01 10:29:14 AM,1487.5,39,58012.5,135105600.0999999
2025-08-01 10:29:15 AM,1487.5,484,719950.0,135825550.0999999
2025-08-01 10:29:17 AM,1487.3,530,788269.0,136613819.0999999
2025-08-01 10:29:18 AM,1487.3,531,789756.2999999999,137403575.39999992
2025-08-01 10:29:19 AM,1487.2,607,902730.4,138306305.79999992
2025-08-01 10:29:19 AM,1487.2,26,38667.200000000004,138344972.9999999
2025-08-01 10:29:20 AM,1487.0,0,0.0,138344972.9999999
2025-08-01 10:29:20 AM,1487.0,1,1487.0,138346459.9999999
2025-08-01 10:29:23 AM,1486.6,200,297320.0,138643779.9999999
2025-08-01 10:29:24 AM,1486.0,0,0.0,138643779.9999999
2025-08-01 10:29:24 AM,1486.0,153,227358.0,138871137.9999999
2025-08-01 10:29:24 AM,1486.5,1016,1510284.0,140381421.9999999
2025-08-01 10:29:25 AM,1486.5,2059,3060703.5,143442125.4999999
2025-08-01 10:29:25 AM,1486.5,2419,3595843.5,147037968.9999999
2025-08-01 10:29:29 AM,1485.9,559,830618.1000000001,147868587.0999999
2025-08-01 10:29:29 AM,1486.5,0,0.0,147868587.0999999
2025-08-01 10:29:29 AM,1486.5,574,853251.0,148721838.0999999
2025-08-01 10:29:31 AM,1486.0,0,0.0,148721838.0999999
2025-08-01 10:29:31 AM,1486.0,2437,3621382.0,152343220.0999999
2025-08-01 10:29:34 AM,1485.7,0,0.0,152343220.0999999
2025-08-01 10:29:34 AM,1485.7,2900,4308530.0,156651750.0999999
2025-08-01 10:29:34 AM,1485.7,378,561594.6,157213344.6999999
2025-08-01 10:29:36 AM,1485.6,120,178272.0,157391616.6999999
2025-08-01 10:29:39 AM,1485.4,30,44562.0,157436178.6999999
2025-08-01 10:29:40 AM,1485.0,3,4455.0,157440633.6999999
2025-08-01 10:29:42 AM,1484.5,0,0.0,157440633.6999999
2025-08-01 10:29:42 AM,1484.4,81,120236.40000000001,157560870.0999999
2025-08-01 10:29:43 AM,1484.4,1,1484.4,157562354.4999999
2025-08-01 10:29:44 AM,1484.1,0,0.0,157562354.4999999
2025-08-01 10:29:44 AM,1484.1,1,1484.1,157563838.5999999
2025-08-01 10:29:45 AM,1484.0,0,0.0,157563838.5999999
2025-08-01 10:29:45 AM,1484.0,403,598052.0,158161890.5999999
2025-08-01 10:29:46 AM,1483.5,49,72691.5,158234582.0999999
2025-08-01 10:29:46 AM,1483.6,50,74180.0,158308762.0999999
2025-08-01 10:29:47 AM,1483.6,48,71212.79999999999,158379974.89999992
2025-08-01 10:29:48 AM,1483.4,0,0.0,158379974.89999992
2025-08-01 10:29:48 AM,1483.4,2,2966.8,158382941.69999993
2025-08-01 10:29:49 AM,1483.1,0,0.0,158382941.69999993
2025-08-01 10:29:49 AM,1483.0,66,97878.0,158480819.69999993
2025-08-01 10:29:50 AM,1482.6,0,0.0,158480819.69999993
2025-08-01 10:29:50 AM,1482.6,29,42995.399999999994,158523815.09999993
2025-08-01 10:29:51 AM,1484.6,0,0.0,158523815.09999993
2025-08-01 10:29:51 AM,1483.8,3919,5815012.2,164338827.29999992
2025-08-01 10:29:52 AM,1484.6,0,0.0,164338827.29999992
2025-08-01 10:29:52 AM,1483.8,3341,4957375.8,169296203.09999993
2025-08-01 10:29:54 AM,1483.8,93,137993.4,169434196.49999994
2025-08-01 10:29:56 AM,1483.8,811,1203361.8,170637558.29999995
2025-08-01 10:29:56 AM,1485.2,0,0.0,170637558.29999995
2025-08-01 10:29:57 AM,1487.1,1136,1689345.5999999999,172326903.89999995
2025-08-01 10:29:57 AM,1487.7,0,0.0,172326903.89999995
2025-08-01 10:29:58 AM,1488.3,190,282777.0,172609680.89999995
2025-08-01 10:29:59 AM,1489.3,113,168290.9,172777971.79999995
2025-08-01 10:30:03 AM,1489.5,37,55111.5,172833083.29999995
2025-08-01 10:30:06 AM,1489.7,0,0.0,172833083.29999995
2025-08-01 10:30:06 AM,1489.7,2,2979.4,172836062.69999996
2025-08-01 10:30:07 AM,1490.1,0,0.0,172836062.69999996
2025-08-01 10:30:07 AM,1490.1,1,1490.1,172837552.79999995
2025-08-01 10:30:09 AM,1490.1,2,2980.2,172840532.99999994
2025-08-01 10:30:10 AM,1489.4,0,0.0,172840532.99999994
2025-08-01 10:30:10 AM,1489.4,1184,1763449.6,174603982.59999993
2025-08-01 10:30:10 AM,1489.4,172,256176.80000000002,174860159.39999995
2025-08-01 10:30:19 AM,1489.3,0,0.0,174860159.39999995
2025-08-01 10:30:19 AM,1489.3,40,59572.0,174919731.39999995
2025-08-01 10:30:27 AM,1489.5,136,202572.0,175122303.39999995
2025-08-01 10:30:43 AM,1490.0,100,149000.0,175271303.39999995
2025-08-01 10:30:47 AM,1489.7,0,0.0,175271303.39999995
2025-08-01 10:30:47 AM,1489.7,100,148970.0,175420273.39999995
2025-08-01 10:30:52 AM,1489.7,1,1489.7,175421763.09999993
2025-08-01 10:30:54 AM,1489.7,12,17876.4,175439639.49999994
2025-08-01 10:30:55 AM,1490.3,13,19373.899999999998,175459013.39999995
2025-08-01 10:31:00 AM,1490.2,1,1490.2,175460503.59999993
2025-08-01 10:31:02 AM,1490.2,2,2980.4,175463483.99999994
2025-08-01 10:31:08 AM,1490.2,32,47686.4,175511170.39999995
2025-08-01 10:31:28 AM,1491.0,0,0.0,175511170.39999995
2025-08-01 10:31:28 AM,1491.0,141,210231.0,175721401.39999995
2025-08-01 10:31:40 AM,1491.0,20,29820.0,175751221.39999995
2025-08-01 10:31:41 AM,1491.0,5,7455.0,175758676.39999995
2025-08-01 10:31:42 AM,1491.0,78,116298.0,175874974.39999995
2025-08-01 10:31:43 AM,1491.0,1,1491.0,175876465.39999995
2025-08-01 10:31:45 AM,1491.9,296,441602.4,176318067.79999995
2025-08-01 10:31:46 AM,1492.2,1,1492.2,176319559.99999994
2025-08-01 10:31:47 AM,1492.5,307,458197.5,176777757.49999994
2025-08-01 10:31:47 AM,1492.7,255,380638.5,177158395.99999994
2025-08-01 10:31:48 AM,1493.0,167,249331.0,177407726.99999994
2025-08-01 10:31:49 AM,1493.5,0,0.0,177407726.99999994
2025-08-01 10:31:49 AM,1493.5,4,5974.0,177413700.99999994
2025-08-01 10:31:55 AM,1493.7,0,0.0,177413700.99999994
2025-08-01 10:31:55 AM,1493.7,50,74685.0,177488385.99999994
2025-08-01 10:31:56 AM,1493.7,15,22405.5,177510791.49999994
2025-08-01 10:31:59 AM,1493.7,5,7468.5,177518259.99999994
2025-08-01 10:32:03 AM,1493.7,223,333095.10000000003,177851355.09999993
2025-08-01 10:32:04 AM,1493.7,2506,3743212.2,181594567.29999992
2025-08-01 10:32:05 AM,1494.1,0,0.0,181594567.29999992
2025-08-01 10:32:05 AM,1494.1,5,7470.5,181602037.79999992
2025-08-01 10:32:07 AM,1493.7,212,316664.4,181918702.19999993
2025-08-01 10:32:08 AM,1493.7,173,258410.1,182177112.29999992
2025-08-01 10:32:09 AM,1494.7,0,0.0,182177112.29999992
2025-08-01 10:32:09 AM,1494.7,20,29894.0,182207006.29999992
2025-08-01 10:32:09 AM,1494.1,7,10458.699999999999,182217464.9999999
2025-08-01 10:32:12 AM,1494.5,0,0.0,182217464.9999999
2025-08-01 10:32:12 AM,1494.5,5,7472.5,182224937.4999999
2025-08-01 10:32:13 AM,1494.5,5,7472.5,182232409.9999999
2025-08-01 10:32:15 AM,1495.0,0,0.0,182232409.9999999
2025-08-01 10:32:15 AM,1495.0,408,609960.0,182842369.9999999
2025-08-01 10:32:16 AM,1495.0,300,448500.0,183290869.9999999
2025-08-01 10:32:19 AM,1494.9,61,91188.90000000001,183382058.89999992
2025-08-01 10:32:22 AM,1494.9,39,58301.100000000006,183440359.9999999
2025-08-01 10:32:27 AM,1494.4,10,14944.0,183455303.9999999
2025-08-01 10:32:28 AM,1494.4,2,2988.8,183458292.79999992
2025-08-01 10:32:29 AM,1493.0,560,836080.0,184294372.79999992
2025-08-01 10:32:31 AM,1492.5,25,37312.5,184331685.29999992
2025-08-01 10:32:32 AM,1492.5,2,2985.0,184334670.29999992
2025-08-01 10:32:34 AM,1492.1,0,0.0,184334670.29999992
2025-08-01 10:32:34 AM,1492.1,100,149210.0,184483880.29999992
2025-08-01 10:32:39 AM,1492.8,1,1492.8,184485373.09999993
2025-08-01 10:32:45 AM,1492.1,32,47747.2,184533120.29999992
2025-08-01 10:32:46 AM,1491.9,100,149190.0,184682310.29999992
2025-08-01 10:32:47 AM,1492.0,10,14920.0,184697230.29999992
2025-08-01 10:32:48 AM,1492.4,1,1492.4,184698722.69999993
2025-08-01 10:32:50 AM,1492.5,0,0.0,184698722.69999993
2025-08-01 10:32:50 AM,1492.5,35,52237.5,184750960.19999993
2025-08-01 10:32:52 AM,1492.6,0,0.0,184750960.19999993
2025-08-01 10:32:52 AM,1492.5,117,174622.5,184925582.69999993
2025-08-01 10:32:54 AM,1492.5,87,129847.5,185055430.19999993
2025-08-01 10:32:55 AM,1492.5,1,1492.5,185056922.69999993
2025-08-01 10:32:58 AM,1492.7,202,301525.4,185358448.09999993
2025-08-01 10:32:58 AM,1492.7,1,1492.7,185359940.79999992
2025-08-01 10:32:59 AM,1492.7,1,1492.7,185361433.4999999
2025-08-01 10:33:01 AM,1492.5,50,74625.0,185436058.4999999
2025-08-01 10:33:03 AM,1493.0,201,300093.0,185736151.4999999
2025-08-01 10:33:09 AM,1493.5,50,74675.0,185810826.4999999
2025-08-01 10:33:10 AM,1493.5,151,225518.5,186036344.9999999
2025-08-01 10:33:10 AM,1493.5,50,74675.0,186111019.9999999
2025-08-01 10:33:11 AM,1493.4,201,300173.4,186411193.39999992
2025-08-01 10:33:11 AM,1493.6,0,0.0,186411193.39999992
2025-08-01 10:33:11 AM,1493.6,15,22404.0,186433597.39999992
2025-08-01 10:33:13 AM,1493.7,0,0.0,186433597.39999992
2025-08-01 10:33:13 AM,1493.7,15,22405.5,186456002.89999992
2025-08-01 10:33:17 AM,1493.5,12,17922.0,186473924.89999992
2025-08-01 10:33:27 AM,1494.1,0,0.0,186473924.89999992
2025-08-01 10:33:27 AM,1494.1,500,747050.0,187220974.89999992
2025-08-01 10:33:33 AM,1492.9,0,0.0,187220974.89999992
2025-08-01 10:33:33 AM,1492.9,10,14929.0,187235903.89999992
2025-08-01 10:33:38 AM,1493.0,100,149300.0,187385203.89999992
2025-08-01 10:33:42 AM,1493.0,10,14930.0,187400133.89999992
2025-08-01 10:33:44 AM,1493.0,1,1493.0,187401626.89999992
2025-08-01 10:33:45 AM,1493.0,10,14930.0,187416556.89999992
2025-08-01 10:33:46 AM,1493.0,11,16423.0,187432979.89999992
2025-08-01 10:33:47 AM,1492.6,0,0.0,187432979.89999992
2025-08-01 10:33:47 AM,1492.6,546,814959.6,188247939.4999999
2025-08-01 10:33:48 AM,1492.9,1,1492.9,188249432.39999992
2025-08-01 10:33:52 AM,1492.0,100,149200.0,188398632.39999992
2025-08-01 10:33:53 AM,1491.9,0,0.0,188398632.39999992
2025-08-01 10:33:53 AM,1491.9,10,14919.0,188413551.39999992
2025-08-01 10:33:55 AM,1491.8,0,0.0,188413551.39999992
2025-08-01 10:33:55 AM,1491.8,10,14918.0,188428469.39999992
2025-08-01 10:33:58 AM,1492.5,1,1492.5,188429961.89999992
2025-08-01 10:34:00 AM,1492.7,203,303018.10000000003,188732979.9999999
2025-08-01 10:34:01 AM,1493.1,1,1493.1,188734473.0999999
2025-08-01 10:34:09 AM,1492.3,8,11938.4,188746411.4999999
2025-08-01 10:34:11 AM,1493.1,2,2986.2,188749397.6999999
2025-08-01 10:34:21 AM,1493.1,3,4479.299999999999,188753876.9999999
2025-08-01 10:34:25 AM,1493.1,583,870477.2999999999,189624354.29999992
2025-08-01 10:34:31 AM,1493.5,2,2987.0,189627341.29999992
2025-08-01 10:34:39 AM,1493.2,25,37330.0,189664671.29999992
2025-08-01 10:34:40 AM,1493.6,0,0.0,189664671.29999992
2025-08-01 10:34:40 AM,1493.6,34,50782.399999999994,189715453.69999993
2025-08-01 10:34:41 AM,1494.0,4,5976.0,189721429.69999993
2025-08-01 10:34:42 AM,1493.5,57,85129.5,189806559.19999993
2025-08-01 10:34:50 AM,1493.8,0,0.0,189806559.19999993
2025-08-01 10:34:50 AM,1493.8,7,10456.6,189817015.79999992
2025-08-01 10:34:52 AM,1493.6,0,0.0,189817015.79999992
2025-08-01 10:34:52 AM,1493.6,2,2987.2,189820002.9999999
2025-08-01 10:35:00 AM,1493.6,7,10455.199999999999,189830458.1999999
2025-08-01 10:35:01 AM,1493.6,3,4480.799999999999,189834938.9999999
2025-08-01 10:35:02 AM,1493.6,47,70199.2,189905138.1999999
2025-08-01 10:35:10 AM,1493.6,7,10455.199999999999,189915593.3999999
2025-08-01 10:35:11 AM,1493.6,2,2987.2,189918580.59999987
2025-08-01 10:35:13 AM,1493.6,2,2987.2,189921567.79999986
2025-08-01 10:35:15 AM,1493.4,10,14934.0,189936501.79999986
2025-08-01 10:35:20 AM,1493.6,7,10455.199999999999,189946956.99999985
2025-08-01 10:35:21 AM,1493.6,4,5974.4,189952931.39999986
2025-08-01 10:35:28 AM,1493.4,0,0.0,189952931.39999986
2025-08-01 10:35:28 AM,1493.4,10,14934.0,189967865.39999986
2025-08-01 10:35:29 AM,1493.4,100,149340.0,190117205.39999986
2025-08-01 10:35:29 AM,1493.4,2,2986.8,190120192.19999987
2025-08-01 10:35:30 AM,1493.5,0,0.0,190120192.19999987
2025-08-01 10:35:30 AM,1493.5,7,10454.5,190130646.69999987
2025-08-01 10:35:30 AM,1493.4,110,164274.0,190294920.69999987
2025-08-01 10:35:31 AM,1493.6,0,0.0,190294920.69999987
2025-08-01 10:35:31 AM,1493.4,0,0.0,190294920.69999987
2025-08-01 10:35:31 AM,1493.4,11,16427.4,190311348.09999987
2025-08-01 10:35:31 AM,1493.4,3,4480.200000000001,190315828.29999986
2025-08-01 10:35:32 AM,1494.0,755,1127970.0,191443798.29999986
2025-08-01 10:35:32 AM,1493.6,2,2987.2,191446785.49999985
2025-08-01 10:35:33 AM,1493.4,0,0.0,191446785.49999985
2025-08-01 10:35:33 AM,1493.4,100,149340.0,191596125.49999985
2025-08-01 10:35:36 AM,1493.4,10,14934.0,191611059.49999985
2025-08-01 10:35:40 AM,1494.0,0,0.0,191611059.49999985
2025-08-01 10:35:40 AM,1494.0,7,10458.0,191621517.49999985
2025-08-01 10:35:41 AM,1493.9,0,0.0,191621517.49999985
2025-08-01 10:35:41 AM,1493.9,10,14939.0,191636456.49999985
2025-08-01 10:35:41 AM,1494.0,3,4482.0,191640938.49999985
2025-08-01 10:35:48 AM,1493.4,84,125445.6,191766384.09999985
2025-08-01 10:35:50 AM,1493.5,0,0.0,191766384.09999985
2025-08-01 10:35:50 AM,1493.5,98,146363.0,191912747.09999985
2025-08-01 10:35:51 AM,1493.5,11,16428.5,191929175.59999985
2025-08-01 10:35:51 AM,1493.5,2,2987.0,191932162.59999985
2025-08-01 10:35:53 AM,1493.4,20,29868.0,191962030.59999985
2025-08-01 10:35:54 AM,1493.4,10,14934.0,191976964.59999985
2025-08-01 10:35:54 AM,1493.4,10,14934.0,191991898.59999985
2025-08-01 10:35:55 AM,1493.4,10,14934.0,192006832.59999985
2025-08-01 10:35:55 AM,1493.4,20,29868.0,192036700.59999985
2025-08-01 10:35:56 AM,1493.4,10,14934.0,192051634.59999985
2025-08-01 10:35:56 AM,1493.1,242,361330.19999999995,192412964.79999983
2025-08-01 10:35:59 AM,1492.9,173,258271.7,192671236.49999982
2025-08-01 10:36:00 AM,1493.8,0,0.0,192671236.49999982
2025-08-01 10:36:00 AM,1493.8,7,10456.6,192681693.09999982
2025-08-01 10:36:01 AM,1493.7,0,0.0,192681693.09999982
2025-08-01 10:36:01 AM,1494.0,590,881460.0,193563153.09999982
2025-08-01 10:36:08 AM,1493.5,0,0.0,193563153.09999982
2025-08-01 10:36:08 AM,1493.5,8,11948.0,193575101.09999982
2025-08-01 10:36:10 AM,1494.2,0,0.0,193575101.09999982
2025-08-01 10:36:10 AM,1494.2,7,10459.4,193585560.49999982
2025-08-01 10:36:11 AM,1494.3,0,0.0,193585560.49999982
2025-08-01 10:36:11 AM,1494.3,10,14943.0,193600503.49999982
2025-08-01 10:36:12 AM,1494.3,2,2988.6,193603492.09999982
2025-08-01 10:36:20 AM,1494.1,0,0.0,193603492.09999982
2025-08-01 10:36:20 AM,1494.1,7,10458.699999999999,193613950.7999998
2025-08-01 10:36:21 AM,1494.2,0,0.0,193613950.7999998
2025-08-01 10:36:21 AM,1494.2,12,17930.4,193631881.1999998
2025-08-01 10:36:24 AM,1493.5,12,17922.0,193649803.1999998
2025-08-01 10:36:25 AM,1494.2,0,0.0,193649803.1999998
2025-08-01 10:36:25 AM,1494.2,36,53791.200000000004,193703594.3999998
2025-08-01 10:36:26 AM,1494.2,119,177809.80000000002,193881404.1999998
2025-08-01 10:36:27 AM,1494.7,103,153954.1,194035358.2999998
2025-08-01 10:36:30 AM,1494.6,0,0.0,194035358.2999998
2025-08-01 10:36:30 AM,1494.6,7,10462.199999999999,194045820.4999998
2025-08-01 10:36:30 AM,1494.6,11,16440.6,194062261.0999998
2025-08-01 10:36:31 AM,1494.7,0,0.0,194062261.0999998
2025-08-01 10:36:31 AM,1494.7,34,50819.8,194113080.8999998
2025-08-01 10:36:32 AM,1494.0,687,1026378.0,195139458.8999998
2025-08-01 10:36:33 AM,1493.9,47,70213.3,195209672.1999998
2025-08-01 10:36:34 AM,1493.8,0,0.0,195209672.1999998
2025-08-01 10:36:34 AM,1493.8,10,14938.0,195224610.1999998
2025-08-01 10:36:35 AM,1493.8,2,2987.6,195227597.7999998
2025-08-01 10:36:37 AM,1493.0,0,0.0,195227597.7999998
2025-08-01 10:36:37 AM,1493.0,1000,1493000.0,196720597.7999998
2025-08-01 10:36:37 AM,1493.8,0,0.0,196720597.7999998
2025-08-01 10:36:37 AM,1493.8,25,37345.0,196757942.7999998
2025-08-01 10:36:38 AM,1493.6,0,0.0,196757942.7999998
2025-08-01 10:36:38 AM,1493.6,1,1493.6,196759436.3999998
2025-08-01 10:36:40 AM,1493.6,1007,1504055.2,198263491.5999998
2025-08-01 10:36:41 AM,1493.8,10,14938.0,198278429.5999998
2025-08-01 10:36:41 AM,1493.7,4,5974.8,198284404.3999998
2025-08-01 10:36:43 AM,1492.8,0,0.0,198284404.3999998
2025-08-01 10:36:43 AM,1492.8,65,97032.0,198381436.3999998
2025-08-01 10:36:45 AM,1492.5,307,458197.5,198839633.8999998
2025-08-01 10:36:46 AM,1492.4,26,38802.4,198878436.2999998
2025-08-01 10:36:47 AM,1492.0,0,0.0,198878436.2999998
2025-08-01 10:36:47 AM,1492.0,225,335700.0,199214136.2999998
2025-08-01 10:36:48 AM,1491.7,0,0.0,199214136.2999998
2025-08-01 10:36:48 AM,1491.7,36,53701.200000000004,199267837.4999998
2025-08-01 10:36:50 AM,1491.5,7,10440.5,199278277.9999998
2025-08-01 10:36:51 AM,1491.5,13,19389.5,199297667.4999998
2025-08-01 10:36:53 AM,1491.0,781,1164471.0,200462138.4999998
2025-08-01 10:36:54 AM,1490.9,1368,2039551.2000000002,202501689.69999978
2025-08-01 10:36:56 AM,1490.0,0,0.0,202501689.69999978
2025-08-01 10:36:56 AM,1490.0,5000,7450000.0,209951689.69999978
2025-08-01 10:36:57 AM,1490.3,25,37257.5,209988947.19999978
2025-08-01 10:36:58 AM,1490.2,0,0.0,209988947.19999978
2025-08-01 10:36:58 AM,1490.2,25,37255.0,210026202.19999978
2025-08-01 10:37:00 AM,1490.8,0,0.0,210026202.19999978
2025-08-01 10:37:00 AM,1490.8,7,10435.6,210036637.79999977
2025-08-01 10:37:01 AM,1490.9,0,0.0,210036637.79999977
2025-08-01 10:37:01 AM,1490.8,13,19380.399999999998,210056018.19999978
2025-08-01 10:37:03 AM,1490.3,2,2980.6,210058998.79999977
2025-08-01 10:37:04 AM,1490.5,0,0.0,210058998.79999977
2025-08-01 10:37:04 AM,1490.5,1002,1493481.0,211552479.79999977
2025-08-01 10:37:04 AM,1490.7,2,2981.4,211555461.19999978
2025-08-01 10:37:05 AM,1491.2,0,0.0,211555461.19999978
2025-08-01 10:37:05 AM,1491.1,201,299711.1,211855172.29999977
2025-08-01 10:37:06 AM,1491.1,5,7455.5,211862627.79999977
2025-08-01 10:37:07 AM,1490.5,0,0.0,211862627.79999977
2025-08-01 10:37:07 AM,1490.5,2,2981.0,211865608.79999977
2025-08-01 10:37:08 AM,1490.5,4,5962.0,211871570.79999977
2025-08-01 10:37:09 AM,1491.2,0,0.0,211871570.79999977
2025-08-01 10:37:09 AM,1491.2,142,211750.4,212083321.19999978
2025-08-01 10:37:09 AM,1491.1,25,37277.5,212120598.69999978
2025-08-01 10:37:10 AM,1492.1,0,0.0,212120598.69999978
2025-08-01 10:37:10 AM,1491.3,33,49212.9,212169811.5999998
2025-08-01 10:37:11 AM,1492.1,0,0.0,212169811.5999998
2025-08-01 10:37:11 AM,1491.3,37,55178.1,212224989.69999978
2025-08-01 10:37:11 AM,1491.4,4,5965.6,212230955.29999977
2025-08-01 10:37:12 AM,1491.4,2,2982.8,212233938.0999998
2025-08-01 10:37:12 AM,1491.3,4,5965.2,212239903.29999977
2025-08-01 10:37:13 AM,1491.2,0,0.0,212239903.29999977
2025-08-01 10:37:14 AM,1491.2,4,5964.8,212245868.0999998
2025-08-01 10:37:14 AM,1491.1,0,0.0,212245868.0999998
2025-08-01 10:37:15 AM,1491.9,16,23870.4,212269738.4999998
2025-08-01 10:37:18 AM,1494.5,0,0.0,212269738.4999998
2025-08-01 10:37:18 AM,1494.5,1401,2093794.5,214363532.9999998
2025-08-01 10:37:19 AM,1493.7,0,0.0,214363532.9999998
2025-08-01 10:37:19 AM,1493.7,164,244966.80000000002,214608499.7999998
2025-08-01 10:37:20 AM,1493.7,7,10455.9,214618955.6999998
2025-08-01 10:37:21 AM,1493.7,16,23899.2,214642854.8999998
2025-08-01 10:37:30 AM,1493.9,0,0.0,214642854.8999998
2025-08-01 10:37:30 AM,1493.9,7,10457.300000000001,214653312.1999998
2025-08-01 10:37:31 AM,1493.8,0,0.0,214653312.1999998
2025-08-01 10:37:31 AM,1493.8,10,14938.0,214668250.1999998
2025-08-01 10:37:31 AM,1493.9,2,2987.8,214671237.99999982
2025-08-01 10:37:40 AM,1493.8,0,0.0,214671237.99999982
2025-08-01 10:37:40 AM,1493.8,7,10456.6,214681694.59999982
2025-08-01 10:37:41 AM,1493.9,0,0.0,214681694.59999982
2025-08-01 10:37:41 AM,1493.8,13,19419.399999999998,214701113.99999982
2025-08-01 10:37:51 AM,1494.0,0,0.0,214701113.99999982
2025-08-01 10:37:51 AM,1494.0,11,16434.0,214717547.99999982
2025-08-01 10:37:51 AM,1494.2,2,2988.4,214720536.39999983
2025-08-01 10:37:52 AM,1494.1,7,10458.699999999999,214730995.09999982
2025-08-01 10:38:01 AM,1494.5,0,0.0,214730995.09999982
2025-08-01 10:38:01 AM,1494.5,10,14945.0,214745940.09999982
2025-08-01 10:38:01 AM,1494.4,5,7472.0,214753412.09999982
2025-08-01 10:38:02 AM,1494.5,7,10461.5,214763873.59999982
2025-08-01 10:38:07 AM,1493.9,0,0.0,214763873.59999982
2025-08-01 10:38:07 AM,1493.9,8,11951.2,214775824.7999998
2025-08-01 10:38:10 AM,1494.6,29,43343.399999999994,214819168.1999998
2025-08-01 10:38:11 AM,1494.6,2,2989.2,214822157.3999998
2025-08-01 10:38:12 AM,1494.6,7,10462.199999999999,214832619.5999998
2025-08-01 10:38:17 AM,1493.8,458,684160.4,215516779.9999998
2025-08-01 10:38:21 AM,1493.6,0,0.0,215516779.9999998
2025-08-01 10:38:21 AM,1493.6,11,16429.6,215533209.5999998
2025-08-01 10:38:21 AM,1493.6,3,4480.799999999999,215537690.3999998
2025-08-01 10:38:22 AM,1493.6,7,10455.199999999999,215548145.5999998
2025-08-01 10:38:25 AM,1493.5,0,0.0,215548145.5999998
2025-08-01 10:38:25 AM,1493.5,43,64220.5,215612366.0999998
2025-08-01 10:38:31 AM,1494.5,10,14945.0,215627311.0999998
2025-08-01 10:38:31 AM,1494.5,2,2989.0,215630300.0999998
2025-08-01 10:38:32 AM,1494.5,7,10461.5,215640761.5999998
2025-08-01 10:38:41 AM,1494.4,0,0.0,215640761.5999998
2025-08-01 10:38:41 AM,1494.4,13,19427.2,215660188.79999977
2025-08-01 10:38:42 AM,1494.6,7,10462.199999999999,215670650.99999976
2025-08-01 10:38:44 AM,1493.9,6,8963.400000000001,215679614.39999977
2025-08-01 10:38:51 AM,1494.4,11,16438.4,215696052.79999977
2025-08-01 10:38:51 AM,1494.5,2,2989.0,215699041.79999977
2025-08-01 10:38:52 AM,1494.5,7,10461.5,215709503.29999977
2025-08-01 10:38:54 AM,1494.4,2,2988.8,215712492.0999998
2025-08-01 10:39:01 AM,1494.4,12,17932.800000000003,215730424.8999998
2025-08-01 10:39:03 AM,1494.6,0,0.0,215730424.8999998
2025-08-01 10:39:04 AM,1494.6,7,10462.199999999999,215740887.0999998
2025-08-01 10:39:07 AM,1494.6,1,1494.6,215742381.69999978
2025-08-01 10:39:12 AM,1494.8,0,0.0,215742381.69999978
2025-08-01 10:39:12 AM,1494.8,19,28401.2,215770782.89999977
2025-08-01 10:39:21 AM,1494.8,12,17937.6,215788720.49999976
2025-08-01 10:39:23 AM,1494.8,11,16442.8,215805163.29999977
2025-08-01 10:39:31 AM,1494.9,0,0.0,215805163.29999977
2025-08-01 10:39:32 AM,1494.9,12,17938.800000000003,215823102.0999998
2025-08-01 10:39:35 AM,1494.9,7,10464.300000000001,215833566.3999998
2025-08-01 10:39:40 AM,1494.7,1,1494.7,215835061.0999998
2025-08-01 10:39:42 AM,1494.9,0,0.0,215835061.0999998
2025-08-01 10:39:43 AM,1494.9,80,119592.0,215954653.0999998
2025-08-01 10:39:51 AM,1495.4,0,0.0,215954653.0999998
2025-08-01 10:39:51 AM,1495.4,13,19440.2,215974093.29999977
2025-08-01 10:39:54 AM,1495.5,0,0.0,215974093.29999977
2025-08-01 10:39:54 AM,1495.5,8,11964.0,215986057.29999977
2025-08-01 10:40:01 AM,1495.9,0,0.0,215986057.29999977
2025-08-01 10:40:02 AM,1496.4,17,25438.800000000003,216011496.0999998
2025-08-01 10:40:05 AM,1496.4,5,7482.0,216018978.0999998
2025-08-01 10:40:09 AM,1496.5,0,0.0,216018978.0999998
2025-08-01 10:40:10 AM,1494.6,0,0.0,216018978.0999998
2025-08-01 10:40:11 AM,1494.7,1500,2242050.0,218261028.0999998
2025-08-01 10:40:13 AM,1495.1,0,0.0,218261028.0999998
2025-08-01 10:40:13 AM,1495.1,14,20931.399999999998,218281959.4999998
2025-08-01 10:40:19 AM,1495.2,0,0.0,218281959.4999998
2025-08-01 10:40:19 AM,1495.2,131,195871.2,218477830.69999978
2025-08-01 10:40:21 AM,1495.9,0,0.0,218477830.69999978
2025-08-01 10:40:22 AM,1495.9,11,16454.9,218494285.5999998
2025-08-01 10:40:24 AM,1496.0,10,14960.0,218509245.5999998
2025-08-01 10:40:27 AM,1495.5,0,0.0,218509245.5999998
2025-08-01 10:40:27 AM,1495.5,5,7477.5,218516723.0999998
2025-08-01 10:40:30 AM,1495.5,18,26919.0,218543642.0999998
2025-08-01 10:40:31 AM,1496.0,0,0.0,218543642.0999998
2025-08-01 10:40:33 AM,1496.0,19,28424.0,218572066.0999998
2025-08-01 10:40:41 AM,1496.3,0,0.0,218572066.0999998
2025-08-01 10:40:41 AM,1496.2,14,20946.8,218593012.8999998
2025-08-01 10:40:43 AM,1496.3,0,0.0,218593012.8999998
2025-08-01 10:40:44 AM,1496.3,7,10474.1,218603486.9999998
2025-08-01 10:40:48 AM,1496.2,0,0.0,218603486.9999998
2025-08-01 10:40:49 AM,1496.2,1,1496.2,218604983.19999978
2025-08-01 10:40:51 AM,1496.3,0,0.0,218604983.19999978
2025-08-01 10:40:52 AM,1496.3,40,59852.0,218664835.19999978
2025-08-01 10:41:01 AM,1496.3,14,20948.2,218685783.39999977
2025-08-01 10:41:02 AM,1496.4,7,10474.800000000001,218696258.19999978
2025-08-01 10:41:11 AM,1496.6,0,0.0,218696258.19999978
2025-08-01 10:41:11 AM,1496.6,10,14966.0,218711224.19999978
2025-08-01 10:41:11 AM,1496.6,2,2993.2,218714217.39999977
2025-08-01 10:41:12 AM,1496.4,7,10474.800000000001,218724692.19999978
2025-08-01 10:41:21 AM,1496.6,0,0.0,218724692.19999978
2025-08-01 10:41:21 AM,1496.6,16,23945.6,218748637.79999977
2025-08-01 10:41:22 AM,1496.6,7,10476.199999999999,218759113.99999976
2025-08-01 10:41:31 AM,1495.1,0,0.0,218759113.99999976
2025-08-01 10:41:31 AM,1495.9,850,1271515.0,220030628.99999976
2025-08-01 10:41:32 AM,1495.8,7,10470.6,220041099.59999976
2025-08-01 10:41:41 AM,1495.2,0,0.0,220041099.59999976
2025-08-01 10:41:41 AM,1495.2,811,1212607.2,221253706.79999974
2025-08-01 10:41:42 AM,1495.6,0,0.0,221253706.79999974
2025-08-01 10:41:42 AM,1495.6,3,4486.799999999999,221258193.59999976
2025-08-01 10:41:43 AM,1495.6,7,10469.199999999999,221268662.79999974
2025-08-01 10:41:51 AM,1495.6,11,16451.6,221285114.39999974
2025-08-01 10:41:51 AM,1495.6,7,10469.199999999999,221295583.59999973
2025-08-01 10:41:52 AM,1495.6,7,10469.199999999999,221306052.7999997
2025-08-01 10:42:01 AM,1495.6,10,14956.0,221321008.7999997
2025-08-01 10:42:05 AM,1495.6,12,17947.199999999997,221338955.9999997
2025-08-01 10:42:09 AM,1495.1,0,0.0,221338955.9999997
2025-08-01 10:42:10 AM,1495.1,8,11960.8,221350916.7999997
2025-08-01 10:42:11 AM,1495.6,0,0.0,221350916.7999997
2025-08-01 10:42:12 AM,1495.6,12,17947.199999999997,221368863.9999997
2025-08-01 10:42:16 AM,1495.6,7,10469.199999999999,221379333.1999997
2025-08-01 10:42:18 AM,1495.2,19,28408.8,221407741.9999997
2025-08-01 10:42:21 AM,1495.6,0,0.0,221407741.9999997
2025-08-01 10:42:22 AM,1495.5,14,20937.0,221428678.9999997
2025-08-01 10:42:23 AM,1495.6,0,0.0,221428678.9999997
2025-08-01 10:42:24 AM,1495.6,7,10469.199999999999,221439148.1999997
2025-08-01 10:42:33 AM,1495.6,20,29912.0,221469060.1999997
2025-08-01 10:42:41 AM,1495.7,0,0.0,221469060.1999997
2025-08-01 10:42:44 AM,1496.0,17,25432.0,221494492.1999997
2025-08-01 10:42:46 AM,1495.9,4,5983.6,221500475.79999968
2025-08-01 10:42:51 AM,1496.0,0,0.0,221500475.79999968
2025-08-01 10:42:52 AM,1495.9,13,19446.7,221519922.49999967
2025-08-01 10:42:54 AM,1496.0,0,0.0,221519922.49999967
2025-08-01 10:42:55 AM,1496.0,7,10472.0,221530394.49999967
2025-08-01 10:43:02 AM,1496.0,20,29920.0,221560314.49999967
2025-08-01 10:43:11 AM,1496.0,29,43384.0,221603698.49999967
2025-08-01 10:43:13 AM,1496.0,7,10472.0,221614170.49999967
2025-08-01 10:43:22 AM,1496.0,16,23936.0,221638106.49999967
2025-08-01 10:43:24 AM,1496.0,7,10472.0,221648578.49999967
2025-08-01 10:43:33 AM,1496.2,19,28427.8,221677006.29999968
2025-08-01 10:43:41 AM,1496.3,10,14963.0,221691969.29999968
2025-08-01 10:43:44 AM,1496.3,10,14963.0,221706932.29999968
2025-08-01 10:43:51 AM,1496.4,11,16460.4,221723392.6999997
2025-08-01 10:43:54 AM,1496.4,9,13467.6,221736860.29999968
2025-08-01 10:44:00 AM,1496.2,0,0.0,221736860.29999968
2025-08-01 10:44:00 AM,1496.2,21,31420.2,221768280.49999967
2025-08-01 10:44:01 AM,1496.5,0,0.0,221768280.49999967
2025-08-01 10:44:01 AM,1496.5,10,14965.0,221783245.49999967
2025-08-01 10:44:04 AM,1496.7,7,10476.9,221793722.39999968
2025-08-01 10:44:05 AM,1496.7,5,7483.5,221801205.89999968
2025-08-01 10:44:08 AM,1496.9,20,29938.0,221831143.89999968
2025-08-01 10:44:10 AM,1496.9,10,14969.0,221846112.89999968
2025-08-01 10:44:13 AM,1497.3,0,0.0,221846112.89999968
2025-08-01 10:44:13 AM,1497.3,7,10481.1,221856593.99999967
2025-08-01 10:44:14 AM,1497.0,5,7485.0,221864078.99999967
2025-08-01 10:44:16 AM,1497.0,145,217065.0,222081143.99999967
2025-08-01 10:44:21 AM,1497.0,14,20958.0,222102101.99999967
2025-08-01 10:44:22 AM,1496.9,7,10478.300000000001,222112580.29999968
2025-08-01 10:44:27 AM,1496.7,18,26940.600000000002,222139520.89999968
2025-08-01 10:44:27 AM,1496.6,0,0.0,222139520.89999968
2025-08-01 10:44:27 AM,1496.5,0,0.0,222139520.89999968
2025-08-01 10:44:28 AM,1496.5,125,187062.5,222326583.39999968
2025-08-01 10:44:29 AM,1496.4,0,0.0,222326583.39999968
2025-08-01 10:44:29 AM,1496.4,8,11971.2,222338554.59999967
2025-08-01 10:44:31 AM,1497.0,0,0.0,222338554.59999967
2025-08-01 10:44:31 AM,1497.0,10,14970.0,222353524.59999967
2025-08-01 10:44:32 AM,1497.0,2,2994.0,222356518.59999967
2025-08-01 10:44:35 AM,1497.0,7,10479.0,222366997.59999967
2025-08-01 10:44:39 AM,1497.0,1,1497.0,222368494.59999967
2025-08-01 10:44:41 AM,1497.2,0,0.0,222368494.59999967
2025-08-01 10:44:41 AM,1497.2,14,20960.8,222389455.39999968
2025-08-01 10:44:42 AM,1497.1,7,10479.699999999999,222399935.09999967
2025-08-01 10:44:51 AM,1497.2,0,0.0,222399935.09999967
2025-08-01 10:44:51 AM,1497.2,13,19463.600000000002,222419398.69999966
2025-08-01 10:44:52 AM,1497.2,8,11977.6,222431376.29999965
2025-08-01 10:44:58 AM,1497.1,0,0.0,222431376.29999965
2025-08-01 10:44:58 AM,1497.1,1,1497.1,222432873.39999965
2025-08-01 10:45:01 AM,1497.2,3,4491.6,222437364.99999964
2025-08-01 10:45:02 AM,1497.1,7,10479.699999999999,222447844.69999963
2025-08-01 10:45:11 AM,1497.2,35,52402.0,222500246.69999963
2025-08-01 10:45:12 AM,1496.6,0,0.0,222500246.69999963
2025-08-01 10:45:12 AM,1496.6,289,432517.39999999997,222932764.09999964
2025-08-01 10:45:13 AM,1496.6,6,8979.599999999999,222941743.69999963
2025-08-01 10:45:15 AM,1496.5,105,157132.5,223098876.19999963
2025-08-01 10:45:21 AM,1497.3,4,5989.2,223104865.39999962
2025-08-01 10:45:22 AM,1497.3,7,10481.1,223115346.4999996
2025-08-01 10:45:31 AM,1497.2,2,2994.4,223118340.89999962
2025-08-01 10:45:32 AM,1497.1,0,0.0,223118340.89999962
2025-08-01 10:45:32 AM,1497.1,7,10479.699999999999,223128820.5999996
2025-08-01 10:45:40 AM,1496.4,0,0.0,223128820.5999996
2025-08-01 10:45:40 AM,1496.4,50,74820.0,223203640.5999996
2025-08-01 10:45:41 AM,1496.5,3,4489.5,223208130.0999996
2025-08-01 10:45:42 AM,1496.4,0,0.0,223208130.0999996
2025-08-01 10:45:42 AM,1496.4,50,74820.0,223282950.0999996
2025-08-01 10:45:44 AM,1496.4,62,92776.8,223375726.89999962
2025-08-01 10:45:47 AM,1496.0,131,195976.0,223571702.89999962
2025-08-01 10:45:51 AM,1495.5,0,0.0,223571702.89999962
2025-08-01 10:45:51 AM,1495.5,200,299100.0,223870802.89999962
2025-08-01 10:45:51 AM,1496.0,2,2992.0,223873794.89999962
2025-08-01 10:45:52 AM,1496.0,7,10472.0,223884266.89999962
2025-08-01 10:45:57 AM,1495.6,0,0.0,223884266.89999962
2025-08-01 10:45:57 AM,1495.6,50,74780.0,223959046.89999962
2025-08-01 10:45:58 AM,1495.6,37,55337.2,224014384.0999996
2025-08-01 10:45:59 AM,1495.5,4,5982.0,224020366.0999996
2025-08-01 10:46:01 AM,1495.1,0,0.0,224020366.0999996
2025-08-01 10:46:01 AM,1495.5,27,40378.5,224060744.5999996
2025-08-01 10:46:02 AM,1495.5,7,10468.5,224071213.0999996
2025-08-01 10:46:03 AM,1495.1,0,0.0,224071213.0999996
2025-08-01 10:46:03 AM,1495.1,252,376765.19999999995,224447978.2999996
2025-08-01 10:46:05 AM,1495.0,152,227240.0,224675218.2999996
