date,price,qty,trnvr,cum_trnvr
2025-08-01 09:15:02 AM,1364.4,1164,1588161.6,1588161.6
2025-08-01 09:15:03 AM,1364.5,0,0.0,1588161.6
2025-08-01 09:15:04 AM,1362.1,68,92622.79999999999,1680784.4000000001
2025-08-01 09:15:12 AM,1361.8,0,0.0,1680784.4000000001
2025-08-01 09:15:14 AM,1361.8,1890,2573802.0,4254586.4
2025-08-01 09:15:16 AM,1355.0,276,373980.0,4628566.4
2025-08-01 09:15:21 AM,1358.0,0,0.0,4628566.4
2025-08-01 09:15:23 AM,1357.4,0,0.0,4628566.4
2025-08-01 09:15:24 AM,1357.4,11,14931.400000000001,4643497.800000001
2025-08-01 09:15:26 AM,1356.9,20,27138.0,4670635.800000001
2025-08-01 09:15:28 AM,1357.6,0,0.0,4670635.800000001
2025-08-01 09:15:32 AM,1357.9,0,0.0,4670635.800000001
2025-08-01 09:15:33 AM,1357.9,160,217264.0,4887899.800000001
2025-08-01 09:15:35 AM,1357.0,229,310753.0,5198652.800000001
2025-08-01 09:15:36 AM,1358.6,0,0.0,5198652.800000001
2025-08-01 09:15:41 AM,1359.0,911,1238049.0,6436701.800000001
2025-08-01 09:15:43 AM,1359.7,57,77502.90000000001,6514204.700000001
2025-08-01 09:15:48 AM,1363.8,0,0.0,6514204.700000001
2025-08-01 09:15:50 AM,1365.8,1162,1587059.5999999999,8101264.300000001
2025-08-01 09:15:54 AM,1365.7,0,0.0,8101264.300000001
2025-08-01 09:15:56 AM,1365.2,0,0.0,8101264.300000001
2025-08-01 09:15:58 AM,1365.8,236,322328.8,8423593.100000001
2025-08-01 09:16:00 AM,1366.8,49,66973.2,8490566.3
2025-08-01 09:16:02 AM,1365.5,0,0.0,8490566.3
2025-08-01 09:16:05 AM,1365.3,0,0.0,8490566.3
2025-08-01 09:16:06 AM,1365.3,584,797335.2,9287901.5
2025-08-01 09:16:08 AM,1363.0,111,151293.0,9439194.5
2025-08-01 09:16:14 AM,1362.7,100,136270.0,9575464.5
2025-08-01 09:16:15 AM,1363.0,50,68150.0,9643614.5
2025-08-01 09:16:22 AM,1363.0,2,2726.0,9646340.5
2025-08-01 09:16:24 AM,1363.8,101,137743.8,9784084.3
2025-08-01 09:16:27 AM,1363.0,0,0.0,9784084.3
2025-08-01 09:16:31 AM,1363.0,50,68150.0,9852234.3
2025-08-01 09:16:37 AM,1363.7,0,0.0,9852234.3
2025-08-01 09:16:39 AM,1363.7,5,6818.5,9859052.8
2025-08-01 09:16:40 AM,1363.0,505,688315.0,10547367.8
2025-08-01 09:16:47 AM,1363.7,13,17728.100000000002,10565095.9
2025-08-01 09:16:47 AM,1363.8,0,0.0,10565095.9
2025-08-01 09:16:48 AM,1363.8,6,8182.799999999999,10573278.700000001
2025-08-01 09:16:49 AM,1363.7,0,0.0,10573278.700000001
2025-08-01 09:16:55 AM,1365.0,786,1072890.0,11646168.700000001
2025-08-01 09:16:57 AM,1364.7,92,125552.40000000001,11771721.100000001
2025-08-01 09:16:59 AM,1365.9,0,0.0,11771721.100000001
2025-08-01 09:17:03 AM,1365.9,71,96978.90000000001,11868700.000000002
2025-08-01 09:17:07 AM,1363.5,0,0.0,11868700.000000002
2025-08-01 09:17:12 AM,1364.4,455,620802.0,12489502.000000002
2025-08-01 09:17:13 AM,1365.4,492,671776.8,13161278.800000003
2025-08-01 09:17:17 AM,1365.8,0,0.0,13161278.800000003
2025-08-01 09:17:20 AM,1365.7,14,19119.8,13180398.600000003
2025-08-01 09:17:28 AM,1366.0,17,23222.0,13203620.600000003
2025-08-01 09:17:29 AM,1367.2,5,6836.0,13210456.600000003
2025-08-01 09:17:31 AM,1368.0,0,0.0,13210456.600000003
2025-08-01 09:17:33 AM,1367.5,0,0.0,13210456.600000003
2025-08-01 09:17:37 AM,1367.5,710,970925.0,14181381.600000003
2025-08-01 09:17:39 AM,1367.7,0,0.0,14181381.600000003
2025-08-01 09:17:41 AM,1366.5,0,0.0,14181381.600000003
2025-08-01 09:17:45 AM,1366.5,67,91555.5,14272937.100000003
2025-08-01 09:17:46 AM,1367.4,6,8204.400000000001,14281141.500000004
2025-08-01 09:17:51 AM,1367.0,0,0.0,14281141.500000004
2025-08-01 09:17:53 AM,1367.0,514,702638.0,14983779.500000004
2025-08-01 09:17:57 AM,1366.5,0,0.0,14983779.500000004
2025-08-01 09:17:59 AM,1366.7,0,0.0,14983779.500000004
2025-08-01 09:18:01 AM,1366.7,40,54668.0,15038447.500000004
2025-08-01 09:18:02 AM,1367.9,153,209288.7,15247736.200000003
2025-08-01 09:18:10 AM,1368.9,13,17795.7,15265531.900000002
2025-08-01 09:18:15 AM,1369.0,0,0.0,15265531.900000002
2025-08-01 09:18:18 AM,1369.9,2015,2760348.5,18025880.400000002
2025-08-01 09:18:19 AM,1368.9,200,273780.0,18299660.400000002
2025-08-01 09:18:21 AM,1369.9,0,0.0,18299660.400000002
2025-08-01 09:18:23 AM,1372.9,0,0.0,18299660.400000002
2025-08-01 09:18:26 AM,1372.9,415,569753.5,18869413.900000002
2025-08-01 09:18:29 AM,1369.4,0,0.0,18869413.900000002
2025-08-01 09:18:31 AM,1368.9,0,0.0,18869413.900000002
2025-08-01 09:18:34 AM,1368.9,179,245033.1,19114447.000000004
2025-08-01 09:18:36 AM,1369.0,7,9583.0,19124030.000000004
2025-08-01 09:18:37 AM,1367.1,0,0.0,19124030.000000004
2025-08-01 09:18:43 AM,1368.9,766,1048577.4000000001,20172607.400000002
2025-08-01 09:18:45 AM,1369.3,0,0.0,20172607.400000002
2025-08-01 09:18:51 AM,1370.0,134,183580.0,20356187.400000002
2025-08-01 09:18:59 AM,1370.2,105,143871.0,20500058.400000002
2025-08-01 09:19:03 AM,1369.7,0,0.0,20500058.400000002
2025-08-01 09:19:07 AM,1369.8,151,206839.8,20706898.200000003
2025-08-01 09:19:08 AM,1369.8,12,16437.6,20723335.800000004
2025-08-01 09:19:11 AM,1369.9,0,0.0,20723335.800000004
2025-08-01 09:19:15 AM,1369.8,20,27396.0,20750731.800000004
2025-08-01 09:19:19 AM,1369.4,0,0.0,20750731.800000004
2025-08-01 09:19:23 AM,1369.4,10,13694.0,20764425.800000004
2025-08-01 09:19:24 AM,1369.6,0,0.0,20764425.800000004
2025-08-01 09:19:24 AM,1369.6,10,13696.0,20778121.800000004
2025-08-01 09:19:31 AM,1370.9,751,1029545.9,21807667.700000003
2025-08-01 09:19:34 AM,1369.6,0,0.0,21807667.700000003
2025-08-01 09:19:39 AM,1369.0,274,375106.0,22182773.700000003
2025-08-01 09:19:41 AM,1369.6,53,72588.79999999999,22255362.500000004
2025-08-01 09:19:47 AM,1369.4,5,6847.0,22262209.500000004
2025-08-01 09:19:55 AM,1369.4,3,4108.200000000001,22266317.700000003
2025-08-01 09:20:03 AM,1369.9,213,291788.7,22558106.400000002
2025-08-01 09:20:10 AM,1370.9,0,0.0,22558106.400000002
2025-08-01 09:20:11 AM,1370.9,19,26047.100000000002,22584153.500000004
2025-08-01 09:20:17 AM,1370.5,0,0.0,22584153.500000004
2025-08-01 09:20:19 AM,1370.5,25,34262.5,22618416.000000004
2025-08-01 09:20:19 AM,1370.8,0,0.0,22618416.000000004
2025-08-01 09:20:21 AM,1369.1,284,388824.39999999997,23007240.400000002
2025-08-01 09:20:24 AM,1369.7,0,0.0,23007240.400000002
2025-08-01 09:20:27 AM,1369.3,11,15062.3,23022302.700000003
2025-08-01 09:20:31 AM,1369.4,0,0.0,23022302.700000003
2025-08-01 09:20:35 AM,1369.4,102,139678.80000000002,23161981.500000004
2025-08-01 09:20:37 AM,1369.8,0,0.0,23161981.500000004
2025-08-01 09:20:41 AM,1369.0,0,0.0,23161981.500000004
2025-08-01 09:20:43 AM,1369.0,231,316239.0,23478220.500000004
2025-08-01 09:20:44 AM,1368.1,300,410430.0,23888650.500000004
2025-08-01 09:20:51 AM,1369.4,50,68470.0,23957120.500000004
2025-08-01 09:20:56 AM,1369.8,0,0.0,23957120.500000004
2025-08-01 09:20:58 AM,1369.8,298,408200.39999999997,24365320.900000002
2025-08-01 09:21:03 AM,1369.5,0,0.0,24365320.900000002
2025-08-01 09:21:06 AM,1369.5,18,24651.0,24389971.900000002
2025-08-01 09:21:07 AM,1368.5,10,13685.0,24403656.900000002
2025-08-01 09:21:18 AM,1369.2,0,0.0,24403656.900000002
2025-08-01 09:21:22 AM,1370.2,50,68510.0,24472166.900000002
2025-08-01 09:21:30 AM,1369.5,1,1369.5,24473536.400000002
2025-08-01 09:21:30 AM,1369.2,168,230025.6,24703562.000000004
2025-08-01 09:21:36 AM,1367.5,0,0.0,24703562.000000004
2025-08-01 09:21:37 AM,1367.5,61,83417.5,24786979.500000004
2025-08-01 09:21:49 AM,1368.0,0,0.0,24786979.500000004
2025-08-01 09:21:53 AM,1368.3,40,54732.0,24841711.500000004
2025-08-01 09:21:56 AM,1368.9,0,0.0,24841711.500000004
2025-08-01 09:22:00 AM,1368.9,10,13689.0,24855400.500000004
2025-08-01 09:22:06 AM,1368.3,0,0.0,24855400.500000004
2025-08-01 09:22:08 AM,1368.3,1,1368.3,24856768.800000004
2025-08-01 09:22:12 AM,1368.0,0,0.0,24856768.800000004
2025-08-01 09:22:15 AM,1368.0,116,158688.0,25015456.800000004
2025-08-01 09:22:20 AM,1367.5,0,0.0,25015456.800000004
2025-08-01 09:22:23 AM,1367.5,19,25982.5,25041439.300000004
2025-08-01 09:22:27 AM,1367.0,0,0.0,25041439.300000004
2025-08-01 09:22:31 AM,1367.0,166,226922.0,25268361.300000004
2025-08-01 09:22:38 AM,1367.1,153,209166.3,25477527.600000005
2025-08-01 09:22:45 AM,1367.8,0,0.0,25477527.600000005
2025-08-01 09:22:46 AM,1367.1,11,15038.099999999999,25492565.700000007
2025-08-01 09:22:53 AM,1367.1,1,1367.1,25493932.80000001
2025-08-01 09:23:01 AM,1367.1,10,13671.0,25507603.80000001
2025-08-01 09:23:16 AM,1367.1,10,13671.0,25521274.80000001
2025-08-01 09:23:18 AM,1367.6,1,1367.6,25522642.40000001
2025-08-01 09:23:24 AM,1367.6,12,16411.199999999997,25539053.60000001
2025-08-01 09:23:32 AM,1367.0,349,477083.0,26016136.60000001
2025-08-01 09:23:38 AM,1366.0,0,0.0,26016136.60000001
2025-08-01 09:23:39 AM,1365.7,73,99696.1,26115832.70000001
2025-08-01 09:23:41 AM,1365.7,30,40971.0,26156803.70000001
2025-08-01 09:23:45 AM,1365.5,0,0.0,26156803.70000001
2025-08-01 09:23:47 AM,1365.6,111,151581.59999999998,26308385.300000012
2025-08-01 09:23:51 AM,1365.8,0,0.0,26308385.300000012
2025-08-01 09:23:54 AM,1365.8,56,76484.8,26384870.100000013
2025-08-01 09:23:56 AM,1365.1,10,13651.0,26398521.100000013
2025-08-01 09:23:58 AM,1364.9,0,0.0,26398521.100000013
2025-08-01 09:24:02 AM,1364.9,1150,1569635.0,27968156.100000013
2025-08-01 09:24:04 AM,1364.7,0,0.0,27968156.100000013
2025-08-01 09:24:10 AM,1364.6,3,4093.7999999999997,27972249.900000013
2025-08-01 09:24:11 AM,1364.6,2,2729.2,27974979.100000013
2025-08-01 09:24:17 AM,1365.1,202,275750.19999999995,28250729.300000012
2025-08-01 09:24:30 AM,1364.6,0,0.0,28250729.300000012
2025-08-01 09:24:33 AM,1364.1,256,349209.6,28599938.900000013
2025-08-01 09:24:36 AM,1364.9,0,0.0,28599938.900000013
2025-08-01 09:24:40 AM,1364.9,75,102367.5,28702306.400000013
2025-08-01 09:24:42 AM,1365.0,48,65520.0,28767826.400000013
2025-08-01 09:24:48 AM,1365.4,26,35500.4,28803326.800000012
2025-08-01 09:24:49 AM,1364.1,3,4092.2999999999997,28807419.100000013
2025-08-01 09:24:54 AM,1364.5,0,0.0,28807419.100000013
2025-08-01 09:24:55 AM,1364.5,112,152824.0,28960243.100000013
2025-08-01 09:25:02 AM,1364.9,25,34122.5,28994365.600000013
2025-08-01 09:25:09 AM,1364.4,0,0.0,28994365.600000013
2025-08-01 09:25:10 AM,1364.4,113,154177.2,29148542.800000012
2025-08-01 09:25:20 AM,1364.5,2,2729.0,29151271.800000012
2025-08-01 09:25:25 AM,1364.7,30,40941.0,29192212.800000012
2025-08-01 09:25:34 AM,1364.0,0,0.0,29192212.800000012
2025-08-01 09:25:35 AM,1364.0,50,68200.0,29260412.800000012
2025-08-01 09:25:42 AM,1364.3,201,274224.3,29534637.100000013
2025-08-01 09:25:56 AM,1366.0,0,0.0,29534637.100000013
2025-08-01 09:25:57 AM,1366.0,6,8196.0,29542833.100000013
2025-08-01 09:26:09 AM,1364.9,0,0.0,29542833.100000013
2025-08-01 09:26:10 AM,1364.9,110,150139.0,29692972.100000013
2025-08-01 09:26:22 AM,1364.8,0,0.0,29692972.100000013
2025-08-01 09:26:26 AM,1364.8,10,13648.0,29706620.100000013
2025-08-01 09:26:33 AM,1364.8,105,143304.0,29849924.100000013
2025-08-01 09:26:34 AM,1365.0,0,0.0,29849924.100000013
2025-08-01 09:26:35 AM,1365.0,5,6825.0,29856749.100000013
2025-08-01 09:26:43 AM,1364.0,0,0.0,29856749.100000013
2025-08-01 09:26:49 AM,1364.0,10,13640.0,29870389.100000013
2025-08-01 09:26:50 AM,1365.6,259,353690.39999999997,30224079.50000001
2025-08-01 09:26:55 AM,1365.7,0,0.0,30224079.50000001
2025-08-01 09:26:56 AM,1365.7,5,6828.5,30230908.00000001
2025-08-01 09:27:01 AM,1367.0,0,0.0,30230908.00000001
2025-08-01 09:27:04 AM,1367.0,236,322612.0,30553520.00000001
2025-08-01 09:27:05 AM,1366.7,1,1366.7,30554886.70000001
2025-08-01 09:27:11 AM,1366.8,5,6834.0,30561720.70000001
2025-08-01 09:27:20 AM,1365.4,100,136540.0,30698260.70000001
2025-08-01 09:27:23 AM,1366.7,0,0.0,30698260.70000001
2025-08-01 09:27:26 AM,1367.0,31,42377.0,30740637.70000001
2025-08-01 09:27:32 AM,1366.8,0,0.0,30740637.70000001
2025-08-01 09:27:33 AM,1366.8,18,24602.399999999998,30765240.10000001
2025-08-01 09:27:33 AM,1365.5,0,0.0,30765240.10000001
2025-08-01 09:27:34 AM,1365.5,10,13655.0,30778895.10000001
2025-08-01 09:27:41 AM,1365.5,56,76468.0,30855363.10000001
2025-08-01 09:27:47 AM,1365.6,0,0.0,30855363.10000001
2025-08-01 09:27:48 AM,1365.6,36,49161.6,30904524.70000001
2025-08-01 09:27:52 AM,1366.3,0,0.0,30904524.70000001
2025-08-01 09:27:56 AM,1366.5,85,116152.5,31020677.20000001
2025-08-01 09:27:57 AM,1365.0,0,0.0,31020677.20000001
2025-08-01 09:27:58 AM,1365.0,7,9555.0,31030232.20000001
2025-08-01 09:28:03 AM,1365.5,0,0.0,31030232.20000001
2025-08-01 09:28:04 AM,1365.5,148,202094.0,31232326.20000001
2025-08-01 09:28:05 AM,1365.0,115,156975.0,31389301.20000001
2025-08-01 09:28:09 AM,1362.8,0,0.0,31389301.20000001
2025-08-01 09:28:12 AM,1362.8,150,204420.0,31593721.20000001
2025-08-01 09:28:49 AM,1362.6,0,0.0,31593721.20000001
2025-08-01 09:28:50 AM,1363.5,11,14998.5,31608719.70000001
2025-08-01 09:28:51 AM,1362.5,25,34062.5,31642782.20000001
2025-08-01 09:28:57 AM,1364.4,26,35474.4,31678256.60000001
2025-08-01 09:29:12 AM,1364.3,0,0.0,31678256.60000001
2025-08-01 09:29:13 AM,1364.3,1,1364.3,31679620.90000001
2025-08-01 09:29:17 AM,1363.0,0,0.0,31679620.90000001
2025-08-01 09:29:20 AM,1363.0,35,47705.0,31727325.90000001
2025-08-01 09:29:29 AM,1363.1,15,20446.5,31747772.40000001
2025-08-01 09:29:35 AM,1364.4,1,1364.4,31749136.80000001
2025-08-01 09:29:53 AM,1363.6,0,0.0,31749136.80000001
2025-08-01 09:29:57 AM,1364.0,0,0.0,31749136.80000001
2025-08-01 09:29:58 AM,1364.0,102,139128.0,31888264.80000001
2025-08-01 09:29:59 AM,1363.1,20,27262.0,31915526.80000001
2025-08-01 09:30:05 AM,1363.0,1,1363.0,31916889.80000001
2025-08-01 09:30:11 AM,1361.9,0,0.0,31916889.80000001
2025-08-01 09:30:13 AM,1361.9,555,755854.5,32672744.30000001
2025-08-01 09:30:25 AM,1360.1,0,0.0,32672744.30000001
2025-08-01 09:30:28 AM,1360.1,15,20401.5,32693145.80000001
2025-08-01 09:30:39 AM,1361.6,0,0.0,32693145.80000001
2025-08-01 09:30:43 AM,1361.6,50,68080.0,32761225.80000001
2025-08-01 09:30:43 AM,1362.0,70,95340.0,32856565.80000001
2025-08-01 09:30:46 AM,1362.2,0,0.0,32856565.80000001
2025-08-01 09:30:50 AM,1362.2,1,1362.2,32857928.000000007
2025-08-01 09:30:57 AM,1362.0,1,1362.0,32859290.000000007
2025-08-01 09:31:01 AM,1362.2,0,0.0,32859290.000000007
2025-08-01 09:31:03 AM,1361.6,0,0.0,32859290.000000007
2025-08-01 09:31:05 AM,1361.6,4,5446.4,32864736.400000006
2025-08-01 09:31:07 AM,1359.7,0,0.0,32864736.400000006
2025-08-01 09:31:09 AM,1359.5,0,0.0,32864736.400000006
2025-08-01 09:31:12 AM,1358.1,1899,2579031.9,35443768.300000004
2025-08-01 09:31:13 AM,1358.1,1,1358.1,35445126.400000006
2025-08-01 09:31:19 AM,1358.3,157,213253.1,35658379.50000001
2025-08-01 09:31:21 AM,1359.0,0,0.0,35658379.50000001
2025-08-01 09:31:27 AM,1359.0,155,210645.0,35869024.50000001
2025-08-01 09:31:31 AM,1359.1,0,0.0,35869024.50000001
2025-08-01 09:31:33 AM,1359.0,0,0.0,35869024.50000001
2025-08-01 09:31:34 AM,1359.0,14,19026.0,35888050.50000001
2025-08-01 09:31:41 AM,1359.0,20,27180.0,35915230.50000001
2025-08-01 09:31:45 AM,1359.5,0,0.0,35915230.50000001
2025-08-01 09:31:48 AM,1359.5,1,1359.5,35916590.00000001
2025-08-01 09:31:48 AM,1359.9,14,19038.600000000002,35935628.60000001
2025-08-01 09:31:55 AM,1360.4,0,0.0,35935628.60000001
2025-08-01 09:31:55 AM,1360.4,100,136040.0,36071668.60000001
2025-08-01 09:32:00 AM,1360.0,0,0.0,36071668.60000001
2025-08-01 09:32:02 AM,1360.2,70,95214.0,36166882.60000001
2025-08-01 09:32:05 AM,1359.4,0,0.0,36166882.60000001
2025-08-01 09:32:09 AM,1361.2,165,224598.0,36391480.60000001
2025-08-01 09:32:23 AM,1362.1,0,0.0,36391480.60000001
2025-08-01 09:32:23 AM,1362.1,71,96709.09999999999,36488189.70000001
2025-08-01 09:32:53 AM,1362.6,0,0.0,36488189.70000001
2025-08-01 09:32:58 AM,1363.5,106,144531.0,36632720.70000001
2025-08-01 09:33:05 AM,1362.3,0,0.0,36632720.70000001
2025-08-01 09:33:05 AM,1362.3,104,141679.19999999998,36774399.90000001
2025-08-01 09:33:11 AM,1363.4,0,0.0,36774399.90000001
2025-08-01 09:33:12 AM,1363.4,31,42265.4,36816665.30000001
2025-08-01 09:33:16 AM,1363.0,0,0.0,36816665.30000001
2025-08-01 09:33:18 AM,1363.0,33,44979.0,36861644.30000001
2025-08-01 09:33:39 AM,1363.4,229,312218.60000000003,37173862.90000001
2025-08-01 09:33:41 AM,1363.6,0,0.0,37173862.90000001
2025-08-01 09:33:46 AM,1363.6,13,17726.8,37191589.70000001
2025-08-01 09:33:53 AM,1363.6,4,5454.4,37197044.10000001
2025-08-01 09:34:00 AM,1364.8,30,40944.0,37237988.10000001
2025-08-01 09:34:07 AM,1364.2,2,2728.4,37240716.50000001
2025-08-01 09:34:13 AM,1365.0,0,0.0,37240716.50000001
2025-08-01 09:34:14 AM,1365.0,10,13650.0,37254366.50000001
2025-08-01 09:34:16 AM,1365.2,0,0.0,37254366.50000001
2025-08-01 09:34:21 AM,1365.7,418,570862.6,37825229.10000001
2025-08-01 09:34:28 AM,1366.0,118,161188.0,37986417.10000001
2025-08-01 09:34:35 AM,1365.1,1,1365.1,37987782.20000001
2025-08-01 09:34:39 AM,1365.0,0,0.0,37987782.20000001
2025-08-01 09:34:42 AM,1365.0,96,131040.0,38118822.20000001
2025-08-01 09:34:49 AM,1365.0,105,143325.0,38262147.20000001
2025-08-01 09:34:54 AM,1364.2,0,0.0,38262147.20000001
2025-08-01 09:34:56 AM,1363.0,124,169012.0,38431159.20000001
2025-08-01 09:35:01 AM,1361.7,0,0.0,38431159.20000001
2025-08-01 09:35:03 AM,1360.7,68,92527.6,38523686.80000001
2025-08-01 09:35:06 AM,1360.0,0,0.0,38523686.80000001
2025-08-01 09:35:10 AM,1360.5,121,164620.5,38688307.30000001
2025-08-01 09:35:11 AM,1360.3,0,0.0,38688307.30000001
2025-08-01 09:35:17 AM,1360.3,34,46250.2,38734557.500000015
2025-08-01 09:35:21 AM,1360.1,0,0.0,38734557.500000015
2025-08-01 09:35:24 AM,1360.1,11,14961.099999999999,38749518.60000002
2025-08-01 09:35:26 AM,1359.8,0,0.0,38749518.60000002
2025-08-01 09:35:31 AM,1359.8,17,23116.6,38772635.20000002
2025-08-01 09:35:36 AM,1359.5,0,0.0,38772635.20000002
2025-08-01 09:35:38 AM,1359.5,11,14954.5,38787589.70000002
2025-08-01 09:35:45 AM,1359.7,17,23114.9,38810704.60000002
2025-08-01 09:35:56 AM,1360.1,0,0.0,38810704.60000002
2025-08-01 09:35:58 AM,1360.1,100,136010.0,38946714.60000002
2025-08-01 09:36:00 AM,1359.9,0,0.0,38946714.60000002
2025-08-01 09:36:04 AM,1359.7,0,0.0,38946714.60000002
2025-08-01 09:36:05 AM,1359.7,30,40791.0,38987505.60000002
2025-08-01 09:36:20 AM,1358.5,0,0.0,38987505.60000002
2025-08-01 09:36:24 AM,1359.7,0,0.0,38987505.60000002
2025-08-01 09:36:25 AM,1359.7,265,360320.5,39347826.10000002
2025-08-01 09:36:32 AM,1358.3,0,0.0,39347826.10000002
2025-08-01 09:36:37 AM,1358.3,9,12224.699999999999,39360050.80000002
2025-08-01 09:36:44 AM,1358.1,0,0.0,39360050.80000002
2025-08-01 09:36:44 AM,1358.1,4,5432.4,39365483.20000002
2025-08-01 09:36:48 AM,1359.2,0,0.0,39365483.20000002
2025-08-01 09:36:50 AM,1358.1,8,10864.8,39376348.000000015
2025-08-01 09:36:52 AM,1358.9,0,0.0,39376348.000000015
2025-08-01 09:36:57 AM,1359.9,251,341334.9,39717682.90000001
2025-08-01 09:36:58 AM,1359.5,5,6797.5,39724480.40000001
2025-08-01 09:37:04 AM,1359.5,2,2719.0,39727199.40000001
2025-08-01 09:37:10 AM,1357.2,0,0.0,39727199.40000001
2025-08-01 09:37:11 AM,1357.2,267,362372.4,40089571.80000001
2025-08-01 09:37:18 AM,1357.5,275,373312.5,40462884.30000001
2025-08-01 09:37:30 AM,1356.3,0,0.0,40462884.30000001
2025-08-01 09:37:32 AM,1356.3,183,248202.9,40711087.20000001
2025-08-01 09:37:34 AM,1357.9,0,0.0,40711087.20000001
2025-08-01 09:37:38 AM,1358.6,0,0.0,40711087.20000001
2025-08-01 09:37:39 AM,1358.6,1041,1414302.5999999999,42125389.80000001
2025-08-01 09:37:42 AM,1359.6,0,0.0,42125389.80000001
2025-08-01 09:37:45 AM,1359.9,151,205344.90000000002,42330734.70000001
2025-08-01 09:37:59 AM,1359.9,26,35357.4,42366092.10000001
2025-08-01 09:38:04 AM,1358.4,0,0.0,42366092.10000001
2025-08-01 09:38:05 AM,1358.4,49,66561.6,42432653.70000001
2025-08-01 09:38:10 AM,1358.2,0,0.0,42432653.70000001
2025-08-01 09:38:12 AM,1358.2,4,5432.8,42438086.50000001
2025-08-01 09:38:19 AM,1359.0,88,119592.0,42557678.50000001
2025-08-01 09:38:31 AM,1358.4,0,0.0,42557678.50000001
2025-08-01 09:38:33 AM,1358.4,198,268963.2,42826641.70000001
2025-08-01 09:38:39 AM,1358.4,3,4075.2000000000003,42830716.90000001
2025-08-01 09:38:44 AM,1359.9,0,0.0,42830716.90000001
2025-08-01 09:38:46 AM,1359.9,494,671790.6000000001,43502507.500000015
2025-08-01 09:38:52 AM,1359.3,18,24467.399999999998,43526974.90000001
2025-08-01 09:39:06 AM,1358.7,141,191576.7,43718551.60000002
2025-08-01 09:39:19 AM,1358.7,4,5434.8,43723986.40000001
2025-08-01 09:39:21 AM,1358.0,0,0.0,43723986.40000001
2025-08-01 09:39:25 AM,1358.8,0,0.0,43723986.40000001
2025-08-01 09:39:26 AM,1358.8,48,65222.399999999994,43789208.80000001
2025-08-01 09:39:39 AM,1357.7,48,65169.600000000006,43854378.40000001
2025-08-01 09:39:53 AM,1358.8,6,8152.799999999999,43862531.20000001
2025-08-01 09:39:57 AM,1358.0,0,0.0,43862531.20000001
2025-08-01 09:39:59 AM,1358.0,84,114072.0,43976603.20000001
2025-08-01 09:40:05 AM,1357.8,0,0.0,43976603.20000001
2025-08-01 09:40:06 AM,1357.8,55,74679.0,44051282.20000001
2025-08-01 09:40:09 AM,1357.7,0,0.0,44051282.20000001
2025-08-01 09:40:12 AM,1357.7,37,50234.9,44101517.10000001
2025-08-01 09:40:19 AM,1356.7,1,1356.7,44102873.80000001
2025-08-01 09:40:27 AM,1356.6,0,0.0,44102873.80000001
2025-08-01 09:40:32 AM,1356.8,15,20352.0,44123225.80000001
2025-08-01 09:40:48 AM,1358.9,0,0.0,44123225.80000001
2025-08-01 09:40:52 AM,1358.9,41,55714.9,44178940.70000001
2025-08-01 09:40:58 AM,1359.0,16,21744.0,44200684.70000001
2025-08-01 09:41:04 AM,1359.7,0,0.0,44200684.70000001
2025-08-01 09:41:05 AM,1359.9,8,10879.2,44211563.90000001
2025-08-01 09:41:18 AM,1359.9,266,361733.4,44573297.30000001
2025-08-01 09:41:19 AM,1359.8,2,2719.6,44576016.90000001
2025-08-01 09:41:25 AM,1359.8,12,16317.599999999999,44592334.500000015
2025-08-01 09:41:44 AM,1360.2,0,0.0,44592334.500000015
2025-08-01 09:41:45 AM,1360.2,2,2720.4,44595054.90000001
2025-08-01 09:41:56 AM,1360.5,0,0.0,44595054.90000001
2025-08-01 09:41:57 AM,1360.5,4,5442.0,44600496.90000001
2025-08-01 09:41:58 AM,1360.5,6,8163.0,44608659.90000001
2025-08-01 09:42:11 AM,1360.7,5,6803.5,44615463.40000001
2025-08-01 09:42:12 AM,1360.7,9,12246.300000000001,44627709.70000001
2025-08-01 09:42:17 AM,1360.7,5,6803.5,44634513.20000001
2025-08-01 09:42:22 AM,1360.6,0,0.0,44634513.20000001
2025-08-01 09:42:24 AM,1360.6,15,20409.0,44654922.20000001
2025-08-01 09:42:25 AM,1360.5,275,374137.5,45029059.70000001
2025-08-01 09:42:30 AM,1360.6,23,31293.8,45060353.50000001
2025-08-01 09:42:35 AM,1360.5,0,0.0,45060353.50000001
2025-08-01 09:42:37 AM,1360.5,105,142852.5,45203206.00000001
2025-08-01 09:42:38 AM,1361.5,506,688919.0,45892125.00000001
2025-08-01 09:42:47 AM,1361.1,0,0.0,45892125.00000001
2025-08-01 09:42:50 AM,1361.1,10,13611.0,45905736.00000001
2025-08-01 09:42:51 AM,1360.5,0,0.0,45905736.00000001
2025-08-01 09:42:56 AM,1360.5,300,408150.0,46313886.00000001
2025-08-01 09:43:07 AM,1361.2,0,0.0,46313886.00000001
2025-08-01 09:43:09 AM,1361.5,54,73521.0,46387407.00000001
2025-08-01 09:43:31 AM,1361.3,0,0.0,46387407.00000001
2025-08-01 09:43:36 AM,1361.4,160,217824.0,46605231.00000001
2025-08-01 09:43:47 AM,1360.5,0,0.0,46605231.00000001
2025-08-01 09:43:49 AM,1360.5,10,13605.0,46618836.00000001
2025-08-01 09:43:51 AM,1361.0,0,0.0,46618836.00000001
2025-08-01 09:43:55 AM,1361.4,0,0.0,46618836.00000001
2025-08-01 09:43:55 AM,1361.4,15,20421.0,46639257.00000001
2025-08-01 09:43:59 AM,1361.5,0,0.0,46639257.00000001
2025-08-01 09:44:02 AM,1361.0,228,310308.0,46949565.00000001
2025-08-01 09:44:08 AM,1359.6,0,0.0,46949565.00000001
2025-08-01 09:44:08 AM,1359.9,0,0.0,46949565.00000001
2025-08-01 09:44:09 AM,1359.9,638,867616.2000000001,47817181.20000001
2025-08-01 09:44:15 AM,1359.0,0,0.0,47817181.20000001
2025-08-01 09:44:16 AM,1359.0,1,1359.0,47818540.20000001
2025-08-01 09:44:27 AM,1358.9,0,0.0,47818540.20000001
2025-08-01 09:44:29 AM,1359.6,0,0.0,47818540.20000001
2025-08-01 09:44:29 AM,1359.6,52,70699.2,47889239.40000001
2025-08-01 09:44:41 AM,1359.6,100,135960.0,48025199.40000001
2025-08-01 09:44:43 AM,1358.9,95,129095.50000000001,48154294.90000001
2025-08-01 09:44:47 AM,1359.0,0,0.0,48154294.90000001
2025-08-01 09:44:48 AM,1359.0,100,135900.0,48290194.90000001
2025-08-01 09:44:49 AM,1358.9,17,23101.300000000003,48313296.20000001
2025-08-01 09:45:08 AM,1358.0,93,126294.0,48439590.20000001
2025-08-01 09:45:09 AM,1356.8,26,35276.799999999996,48474867.00000001
2025-08-01 09:45:15 AM,1356.5,0,0.0,48474867.00000001
2025-08-01 09:45:16 AM,1356.5,76,103094.0,48577961.00000001
2025-08-01 09:45:19 AM,1356.8,0,0.0,48577961.00000001
2025-08-01 09:45:21 AM,1356.8,10,13568.0,48591529.00000001
2025-08-01 09:45:27 AM,1356.0,247,334932.0,48926461.00000001
2025-08-01 09:45:33 AM,1356.1,25,33902.5,48960363.50000001
2025-08-01 09:45:35 AM,1356.4,1,1356.4,48961719.900000006
2025-08-01 09:45:39 AM,1355.7,0,0.0,48961719.900000006
2025-08-01 09:45:40 AM,1355.7,25,33892.5,48995612.400000006
2025-08-01 09:45:43 AM,1356.2,0,0.0,48995612.400000006
2025-08-01 09:45:47 AM,1355.1,243,329289.3,49324901.7
2025-08-01 09:45:51 AM,1355.0,0,0.0,49324901.7
2025-08-01 09:45:53 AM,1355.8,84,113887.2,49438788.900000006
2025-08-01 09:45:57 AM,1356.0,0,0.0,49438788.900000006
2025-08-01 09:45:59 AM,1356.0,5,6780.0,49445568.900000006
2025-08-01 09:46:06 AM,1355.1,0,0.0,49445568.900000006
2025-08-01 09:46:06 AM,1355.1,438,593533.7999999999,50039102.7
2025-08-01 09:46:12 AM,1355.1,10,13551.0,50052653.7
2025-08-01 09:46:19 AM,1355.1,90,121958.99999999999,50174612.7
2025-08-01 09:46:24 AM,1355.0,0,0.0,50174612.7
2025-08-01 09:46:25 AM,1355.0,4,5420.0,50180032.7
2025-08-01 09:46:27 AM,1354.9,1,1354.9,50181387.6
2025-08-01 09:46:37 AM,1354.1,0,0.0,50181387.6
2025-08-01 09:46:38 AM,1354.1,10,13541.0,50194928.6
2025-08-01 09:46:40 AM,1355.0,0,0.0,50194928.6
2025-08-01 09:46:40 AM,1355.0,500,677500.0,50872428.6
2025-08-01 09:46:46 AM,1354.4,16,21670.4,50894099.0
2025-08-01 09:46:51 AM,1354.4,8,10835.2,50904934.2
2025-08-01 09:46:56 AM,1354.1,0,0.0,50904934.2
2025-08-01 09:46:57 AM,1354.1,15,20311.5,50925245.7
2025-08-01 09:46:59 AM,1354.4,5,6772.0,50932017.7
2025-08-01 09:47:03 AM,1354.4,93,125959.20000000001,51057976.900000006
2025-08-01 09:47:05 AM,1354.4,243,329119.2,51387096.10000001
2025-08-01 09:47:11 AM,1354.0,15,20310.0,51407406.10000001
2025-08-01 09:47:15 AM,1354.4,5,6772.0,51414178.10000001
2025-08-01 09:47:24 AM,1354.4,25,33860.0,51448038.10000001
2025-08-01 09:47:28 AM,1354.4,273,369751.2,51817789.30000001
2025-08-01 09:47:33 AM,1354.0,0,0.0,51817789.30000001
2025-08-01 09:47:34 AM,1354.0,50,67700.0,51885489.30000001
2025-08-01 09:47:37 AM,1354.2,26,35209.200000000004,51920698.500000015
2025-08-01 09:47:54 AM,1354.0,0,0.0,51920698.500000015
2025-08-01 09:47:55 AM,1354.0,3,4062.0,51924760.500000015
2025-08-01 09:48:04 AM,1354.0,5,6770.0,51931530.500000015
2025-08-01 09:48:10 AM,1354.0,1,1354.0,51932884.500000015
2025-08-01 09:48:20 AM,1354.0,1,1354.0,51934238.500000015
2025-08-01 09:48:23 AM,1353.4,0,0.0,51934238.500000015
2025-08-01 09:48:23 AM,1353.4,83,112332.20000000001,52046570.70000002
2025-08-01 09:48:33 AM,1354.2,2,2708.4,52049279.10000002
2025-08-01 09:48:36 AM,1354.2,6,8125.200000000001,52057404.30000002
2025-08-01 09:48:42 AM,1354.4,41,55530.4,52112934.70000002
2025-08-01 09:48:49 AM,1355.4,75,101655.0,52214589.70000002
2025-08-01 09:48:51 AM,1354.5,0,0.0,52214589.70000002
2025-08-01 09:48:53 AM,1354.5,26,35217.0,52249806.70000002
2025-08-01 09:49:03 AM,1354.9,0,0.0,52249806.70000002
2025-08-01 09:49:05 AM,1354.9,10,13549.0,52263355.70000002
2025-08-01 09:49:18 AM,1354.9,18,24388.2,52287743.90000002
2025-08-01 09:49:20 AM,1354.9,50,67745.0,52355488.90000002
2025-08-01 09:49:32 AM,1354.9,100,135490.0,52490978.90000002
2025-08-01 09:49:49 AM,1354.9,50,67745.0,52558723.90000002
2025-08-01 09:49:52 AM,1354.8,120,162576.0,52721299.90000002
2025-08-01 09:49:55 AM,1354.0,0,0.0,52721299.90000002
2025-08-01 09:49:55 AM,1354.0,1,1354.0,52722653.90000002
2025-08-01 09:49:56 AM,1354.4,0,0.0,52722653.90000002
2025-08-01 09:49:58 AM,1354.4,50,67720.0,52790373.90000002
2025-08-01 09:50:03 AM,1354.2,0,0.0,52790373.90000002
2025-08-01 09:50:05 AM,1354.2,2,2708.4,52793082.30000002
2025-08-01 09:50:11 AM,1354.2,25,33855.0,52826937.30000002
2025-08-01 09:50:12 AM,1353.6,0,0.0,52826937.30000002
2025-08-01 09:50:15 AM,1353.6,6,8121.599999999999,52835058.90000002
2025-08-01 09:50:18 AM,1354.2,3,4062.6000000000004,52839121.50000002
2025-08-01 09:50:18 AM,1353.2,0,0.0,52839121.50000002
2025-08-01 09:50:21 AM,1353.2,192,259814.40000000002,53098935.90000002
2025-08-01 09:50:30 AM,1353.2,2,2706.4,53101642.30000002
2025-08-01 09:50:42 AM,1353.2,24,32476.800000000003,53134119.10000002
2025-08-01 09:50:52 AM,1353.0,11,14883.0,53149002.10000002
2025-08-01 09:51:03 AM,1353.1,0,0.0,53149002.10000002
2025-08-01 09:51:05 AM,1353.1,23,31121.3,53180123.40000001
2025-08-01 09:51:06 AM,1353.0,0,0.0,53180123.40000001
2025-08-01 09:51:07 AM,1353.0,22,29766.0,53209889.40000001
2025-08-01 09:51:13 AM,1353.1,0,0.0,53209889.40000001
2025-08-01 09:51:13 AM,1353.1,32,43299.2,53253188.60000002
2025-08-01 09:51:22 AM,1353.2,0,0.0,53253188.60000002
2025-08-01 09:51:24 AM,1353.2,71,96077.2,53349265.80000002
2025-08-01 09:51:26 AM,1353.2,1,1353.2,53350619.00000002
2025-08-01 09:51:32 AM,1353.2,5,6766.0,53357385.00000002
2025-08-01 09:51:46 AM,1352.8,0,0.0,53357385.00000002
2025-08-01 09:51:49 AM,1352.5,247,334067.5,53691452.50000002
2025-08-01 09:51:51 AM,1352.5,5,6762.5,53698215.00000002
2025-08-01 09:51:55 AM,1352.5,3,4057.5,53702272.50000002
2025-08-01 09:52:00 AM,1351.9,0,0.0,53702272.50000002
2025-08-01 09:52:01 AM,1351.2,798,1078257.6,54780530.100000024
2025-08-01 09:52:04 AM,1352.2,100,135220.0,54915750.100000024
2025-08-01 09:52:06 AM,1351.2,0,0.0,54915750.100000024
2025-08-01 09:52:07 AM,1351.2,1,1351.2,54917101.30000003
2025-08-01 09:52:13 AM,1350.0,3356,4530600.0,59447701.30000003
2025-08-01 09:52:14 AM,1350.7,0,0.0,59447701.30000003
2025-08-01 09:52:16 AM,1350.7,82,110757.40000000001,59558458.700000025
2025-08-01 09:52:17 AM,1350.0,0,0.0,59558458.700000025
2025-08-01 09:52:18 AM,1350.7,0,0.0,59558458.700000025
2025-08-01 09:52:19 AM,1350.0,41,55350.0,59613808.700000025
2025-08-01 09:52:22 AM,1350.7,0,0.0,59613808.700000025
2025-08-01 09:52:22 AM,1350.0,212,286200.0,59900008.700000025
2025-08-01 09:52:23 AM,1350.6,0,0.0,59900008.700000025
2025-08-01 09:52:26 AM,1350.0,0,0.0,59900008.700000025
2025-08-01 09:52:26 AM,1350.0,35,47250.0,59947258.700000025
2025-08-01 09:52:26 AM,1350.6,0,0.0,59947258.700000025
2025-08-01 09:52:28 AM,1350.2,5,6751.0,59954009.700000025
2025-08-01 09:52:44 AM,1350.0,0,0.0,59954009.700000025
2025-08-01 09:52:46 AM,1350.0,2,2700.0,59956709.700000025
2025-08-01 09:52:56 AM,1350.6,0,0.0,59956709.700000025
2025-08-01 09:52:56 AM,1350.6,9,12155.4,59968865.100000024
2025-08-01 09:52:59 AM,1350.0,0,0.0,59968865.100000024
2025-08-01 09:53:02 AM,1350.0,99,133650.0,60102515.100000024
2025-08-01 09:53:04 AM,1350.0,1,1350.0,60103865.100000024
2025-08-01 09:53:05 AM,1350.6,0,0.0,60103865.100000024
2025-08-01 09:53:08 AM,1349.9,0,0.0,60103865.100000024
2025-08-01 09:53:08 AM,1349.9,81,109341.90000000001,60213207.00000002
2025-08-01 09:53:10 AM,1349.5,5,6747.5,60219954.50000002
2025-08-01 09:53:11 AM,1350.6,0,0.0,60219954.50000002
2025-08-01 09:53:14 AM,1349.7,0,0.0,60219954.50000002
2025-08-01 09:53:14 AM,1350.7,202,272841.4,60492795.90000002
2025-08-01 09:53:27 AM,1349.5,0,0.0,60492795.90000002
2025-08-01 09:53:27 AM,1350.0,110,148500.0,60641295.90000002
2025-08-01 09:53:29 AM,1350.3,40,54012.0,60695307.90000002
2025-08-01 09:53:30 AM,1349.5,0,0.0,60695307.90000002
2025-08-01 09:53:33 AM,1350.3,0,0.0,60695307.90000002
2025-08-01 09:53:33 AM,1350.3,44,59413.2,60754721.100000024
2025-08-01 09:53:35 AM,1349.2,6,8095.200000000001,60762816.30000003
2025-08-01 09:53:36 AM,1348.9,0,0.0,60762816.30000003
2025-08-01 09:53:39 AM,1348.9,20,26978.0,60789794.30000003
2025-08-01 09:53:41 AM,1348.9,111,149727.90000000002,60939522.200000025
2025-08-01 09:53:46 AM,1348.9,10,13489.0,60953011.200000025
2025-08-01 09:53:47 AM,1348.0,58,78184.0,61031195.200000025
2025-08-01 09:53:51 AM,1348.6,0,0.0,61031195.200000025
2025-08-01 09:53:52 AM,1348.6,13,17531.8,61048727.00000002
2025-08-01 09:53:53 AM,1348.0,10,13480.0,61062207.00000002
2025-08-01 09:53:58 AM,1348.0,212,285776.0,61347983.00000002
2025-08-01 09:54:00 AM,1348.9,0,0.0,61347983.00000002
2025-08-01 09:54:04 AM,1348.9,6,8093.400000000001,61356076.40000002
2025-08-01 09:54:05 AM,1348.9,120,161868.0,61517944.40000002
2025-08-01 09:54:10 AM,1348.9,287,387134.30000000005,61905078.70000002
2025-08-01 09:54:17 AM,1349.2,5,6746.0,61911824.70000002
2025-08-01 09:54:18 AM,1348.6,0,0.0,61911824.70000002
2025-08-01 09:54:18 AM,1348.6,28,37760.799999999996,61949585.500000015
2025-08-01 09:54:23 AM,1348.6,90,121373.99999999999,62070959.500000015
2025-08-01 09:54:24 AM,1348.9,0,0.0,62070959.500000015
2025-08-01 09:54:24 AM,1349.2,22,29682.4,62100641.90000001
2025-08-01 09:54:35 AM,1349.2,26,35079.200000000004,62135721.10000002
2025-08-01 09:54:37 AM,1348.6,0,0.0,62135721.10000002
2025-08-01 09:54:41 AM,1348.6,45,60686.99999999999,62196408.10000002
2025-08-01 09:54:43 AM,1350.0,0,0.0,62196408.10000002
2025-08-01 09:54:47 AM,1350.0,756,1020600.0,63217008.10000002
2025-08-01 09:54:49 AM,1349.0,0,0.0,63217008.10000002
2025-08-01 09:54:52 AM,1349.9,0,0.0,63217008.10000002
2025-08-01 09:54:53 AM,1349.9,189,255131.1,63472139.20000002
2025-08-01 09:55:00 AM,1349.0,0,0.0,63472139.20000002
2025-08-01 09:55:00 AM,1348.6,155,209033.0,63681172.20000002
2025-08-01 09:55:00 AM,1350.0,0,0.0,63681172.20000002
2025-08-01 09:55:04 AM,1348.8,0,0.0,63681172.20000002
2025-08-01 09:55:04 AM,1349.9,185,249731.50000000003,63930903.70000002
2025-08-01 09:55:10 AM,1348.8,0,0.0,63930903.70000002
2025-08-01 09:55:10 AM,1348.8,7,9441.6,63940345.30000002
2025-08-01 09:55:11 AM,1349.9,5,6749.5,63947094.80000002
2025-08-01 09:55:16 AM,1349.7,0,0.0,63947094.80000002
2025-08-01 09:55:17 AM,1349.7,111,149816.7,64096911.50000002
2025-08-01 09:55:24 AM,1349.8,20,26996.0,64123907.50000002
2025-08-01 09:55:30 AM,1348.6,0,0.0,64123907.50000002
2025-08-01 09:55:30 AM,1348.6,397,535394.2,64659301.700000025
2025-08-01 09:55:34 AM,1348.2,18,24267.600000000002,64683569.30000003
2025-08-01 09:55:40 AM,1349.5,150,202425.0,64885994.30000003
2025-08-01 09:55:41 AM,1348.4,1,1348.4,64887342.700000025
2025-08-01 09:55:46 AM,1349.1,0,0.0,64887342.700000025
2025-08-01 09:55:47 AM,1349.1,25,33727.5,64921070.200000025
2025-08-01 09:55:49 AM,1348.2,0,0.0,64921070.200000025
2025-08-01 09:55:52 AM,1349.3,0,0.0,64921070.200000025
2025-08-01 09:55:53 AM,1349.3,31,41828.299999999996,64962898.50000002
2025-08-01 09:55:57 AM,1348.1,0,0.0,64962898.50000002
2025-08-01 09:55:59 AM,1348.1,76,102455.59999999999,65065354.100000024
2025-08-01 09:56:06 AM,1348.2,0,0.0,65065354.100000024
2025-08-01 09:56:06 AM,1348.2,1,1348.2,65066702.30000003
2025-08-01 09:56:10 AM,1348.1,0,0.0,65066702.30000003
2025-08-01 09:56:11 AM,1348.1,35,47183.5,65113885.80000003
2025-08-01 09:56:15 AM,1349.3,0,0.0,65113885.80000003
2025-08-01 09:56:17 AM,1349.3,20,26986.0,65140871.80000003
2025-08-01 09:56:39 AM,1348.9,0,0.0,65140871.80000003
2025-08-01 09:56:40 AM,1348.9,4,5395.6,65146267.40000003
2025-08-01 09:56:44 AM,1348.8,0,0.0,65146267.40000003
2025-08-01 09:56:47 AM,1349.1,21,28331.1,65174598.50000003
2025-08-01 09:56:53 AM,1348.3,0,0.0,65174598.50000003
2025-08-01 09:56:53 AM,1348.3,20,26966.0,65201564.50000003
2025-08-01 09:56:57 AM,1348.1,0,0.0,65201564.50000003
2025-08-01 09:56:59 AM,1348.1,55,74145.5,65275710.00000003
2025-08-01 09:57:01 AM,1348.3,0,0.0,65275710.00000003
2025-08-01 09:57:05 AM,1348.4,0,0.0,65275710.00000003
2025-08-01 09:57:05 AM,1348.4,35,47194.0,65322904.00000003
2025-08-01 09:57:12 AM,1348.1,11,14829.099999999999,65337733.10000003
2025-08-01 09:57:16 AM,1348.1,40,53924.0,65391657.10000003
2025-08-01 09:57:18 AM,1348.1,3,4044.2999999999997,65395701.40000003
2025-08-01 09:57:22 AM,1348.1,6,8088.599999999999,65403790.00000003
2025-08-01 09:57:28 AM,1348.1,277,373423.69999999995,65777213.70000003
2025-08-01 09:57:33 AM,1348.0,0,0.0,65777213.70000003
2025-08-01 09:57:33 AM,1348.0,1,1348.0,65778561.70000003
2025-08-01 09:57:40 AM,1348.1,158,212999.8,65991561.50000003
2025-08-01 09:57:53 AM,1347.8,0,0.0,65991561.50000003
2025-08-01 09:57:55 AM,1347.8,215,289777.0,66281338.50000003
2025-08-01 09:58:04 AM,1347.2,9,12124.800000000001,66293463.30000003
2025-08-01 09:58:10 AM,1347.1,38,51189.799999999996,66344653.100000024
2025-08-01 09:58:13 AM,1346.9,5,6734.5,66351387.600000024
2025-08-01 09:58:31 AM,1346.9,1,1346.9,66352734.50000002
2025-08-01 09:58:34 AM,1346.9,6,8081.400000000001,66360815.90000002
2025-08-01 09:58:37 AM,1346.0,112,150752.0,66511567.90000002
2025-08-01 09:58:42 AM,1346.8,0,0.0,66511567.90000002
2025-08-01 09:58:43 AM,1346.8,20,26936.0,66538503.90000002
2025-08-01 09:58:49 AM,1346.8,10,13468.0,66551971.90000002
2025-08-01 09:58:59 AM,1346.8,1,1346.8,66553318.70000002
2025-08-01 09:59:20 AM,1346.8,33,44444.4,66597763.10000002
2025-08-01 09:59:24 AM,1346.8,27,36363.6,66634126.70000002
2025-08-01 09:59:30 AM,1346.8,10,13468.0,66647594.70000002
2025-08-01 09:59:33 AM,1346.8,5,6734.0,66654328.70000002
2025-08-01 09:59:42 AM,1346.8,5,6734.0,66661062.70000002
2025-08-01 09:59:57 AM,1346.8,15,20202.0,66681264.70000002
2025-08-01 10:00:01 AM,1346.8,5,6734.0,66687998.70000002
2025-08-01 10:00:07 AM,1346.8,3,4040.3999999999996,66692039.10000002
2025-08-01 10:00:14 AM,1346.8,10,13468.0,66705507.10000002
2025-08-01 10:00:17 AM,1346.8,18,24242.399999999998,66729749.500000015
2025-08-01 10:00:20 AM,1346.1,17,22883.699999999997,66752633.20000002
2025-08-01 10:00:26 AM,1347.2,610,821792.0,67574425.20000002
2025-08-01 10:00:29 AM,1347.5,4,5390.0,67579815.20000002
2025-08-01 10:00:32 AM,1346.9,16,21550.4,67601365.60000002
2025-08-01 10:00:39 AM,1346.8,0,0.0,67601365.60000002
2025-08-01 10:00:39 AM,1346.8,50,67340.0,67668705.60000002
2025-08-01 10:00:45 AM,1347.5,145,195387.5,67864093.10000002
2025-08-01 10:00:48 AM,1348.8,400,539520.0,68403613.10000002
2025-08-01 10:01:01 AM,1347.6,19,25604.399999999998,68429217.50000003
2025-08-01 10:01:07 AM,1347.6,13,17518.8,68446736.30000003
2025-08-01 10:01:14 AM,1348.6,0,0.0,68446736.30000003
2025-08-01 10:01:14 AM,1348.6,51,68778.59999999999,68515514.90000002
2025-08-01 10:01:17 AM,1349.3,18,24287.399999999998,68539802.30000003
2025-08-01 10:01:27 AM,1349.5,0,0.0,68539802.30000003
2025-08-01 10:01:29 AM,1349.5,111,149794.5,68689596.80000003
2025-08-01 10:01:34 AM,1350.5,0,0.0,68689596.80000003
2025-08-01 10:01:35 AM,1350.5,32,43216.0,68732812.80000003
2025-08-01 10:01:38 AM,1351.0,0,0.0,68732812.80000003
2025-08-01 10:01:38 AM,1351.0,30,40530.0,68773342.80000003
2025-08-01 10:01:45 AM,1351.0,25,33775.0,68807117.80000003
2025-08-01 10:01:51 AM,1351.0,30,40530.0,68847647.80000003
2025-08-01 10:02:03 AM,1351.6,0,0.0,68847647.80000003
2025-08-01 10:02:03 AM,1351.6,5,6758.0,68854405.80000003
2025-08-01 10:02:07 AM,1351.1,0,0.0,68854405.80000003
2025-08-01 10:02:10 AM,1351.1,25,33777.5,68888183.30000003
2025-08-01 10:02:14 AM,1351.0,0,0.0,68888183.30000003
2025-08-01 10:02:16 AM,1351.0,457,617407.0,69505590.30000003
2025-08-01 10:02:22 AM,1350.0,0,0.0,69505590.30000003
2025-08-01 10:02:22 AM,1350.0,5,6750.0,69512340.30000003
2025-08-01 10:02:28 AM,1351.5,0,0.0,69512340.30000003
2025-08-01 10:02:29 AM,1351.5,359,485188.5,69997528.80000003
2025-08-01 10:02:30 AM,1351.6,1,1351.6,69998880.40000002
2025-08-01 10:02:36 AM,1351.6,10,13516.0,70012396.40000002
2025-08-01 10:02:40 AM,1352.5,0,0.0,70012396.40000002
2025-08-01 10:02:41 AM,1352.5,41,55452.5,70067848.90000002
2025-08-01 10:02:43 AM,1352.9,12,16234.800000000001,70084083.70000002
2025-08-01 10:02:54 AM,1354.0,100,135400.0,70219483.70000002
2025-08-01 10:02:56 AM,1354.5,150,203175.0,70422658.70000002
2025-08-01 10:03:26 AM,1354.2,0,0.0,70422658.70000002
2025-08-01 10:03:26 AM,1354.2,314,425218.8,70847877.50000001
2025-08-01 10:03:28 AM,1354.4,15,20316.0,70868193.50000001
2025-08-01 10:03:30 AM,1354.6,0,0.0,70868193.50000001
2025-08-01 10:03:33 AM,1353.1,31,41946.1,70910139.60000001
2025-08-01 10:03:45 AM,1353.6,210,284256.0,71194395.60000001
2025-08-01 10:03:51 AM,1353.6,6,8121.599999999999,71202517.2
2025-08-01 10:03:57 AM,1353.9,22,29785.800000000003,71232303.0
2025-08-01 10:04:02 AM,1352.9,0,0.0,71232303.0
2025-08-01 10:04:04 AM,1352.9,65,87938.5,71320241.5
2025-08-01 10:04:14 AM,1352.0,0,0.0,71320241.5
2025-08-01 10:04:16 AM,1353.6,306,414201.6,71734443.1
2025-08-01 10:04:25 AM,1352.7,119,160971.30000000002,71895414.39999999
2025-08-01 10:04:29 AM,1352.9,25,33822.5,71929236.89999999
2025-08-01 10:04:43 AM,1353.0,46,62238.0,71991474.89999999
2025-08-01 10:04:47 AM,1352.8,1,1352.8,71992827.69999999
2025-08-01 10:05:08 AM,1352.9,9,12176.1,72005003.79999998
2025-08-01 10:05:14 AM,1352.0,150,202800.0,72207803.79999998
2025-08-01 10:05:37 AM,1351.4,0,0.0,72207803.79999998
2025-08-01 10:05:37 AM,1351.4,26,35136.4,72242940.19999999
2025-08-01 10:05:55 AM,1350.8,0,0.0,72242940.19999999
2025-08-01 10:05:55 AM,1350.8,7,9455.6,72252395.79999998
2025-08-01 10:06:03 AM,1350.8,9,12157.199999999999,72264552.99999999
2025-08-01 10:06:24 AM,1350.3,0,0.0,72264552.99999999
2025-08-01 10:06:24 AM,1350.3,5,6751.5,72271304.49999999
2025-08-01 10:06:30 AM,1350.5,0,0.0,72271304.49999999
2025-08-01 10:06:30 AM,1350.5,2,2701.0,72274005.49999999
2025-08-01 10:06:33 AM,1350.4,0,0.0,72274005.49999999
2025-08-01 10:06:33 AM,1350.4,25,33760.0,72307765.49999999
2025-08-01 10:06:36 AM,1350.0,87,117450.0,72425215.49999999
2025-08-01 10:06:42 AM,1350.0,21,28350.0,72453565.49999999
2025-08-01 10:07:13 AM,1348.3,792,1067853.5999999999,73521419.09999998
2025-08-01 10:07:15 AM,1348.6,9,12137.4,73533556.49999999
2025-08-01 10:07:20 AM,1348.6,146,196895.59999999998,73730452.09999998
2025-08-01 10:07:22 AM,1349.6,0,0.0,73730452.09999998
2025-08-01 10:07:22 AM,1349.6,6,8097.599999999999,73738549.69999997
2025-08-01 10:07:26 AM,1348.7,0,0.0,73738549.69999997
2025-08-01 10:07:26 AM,1348.7,35,47204.5,73785754.19999997
2025-08-01 10:07:32 AM,1349.1,7,9443.699999999999,73795197.89999998
2025-08-01 10:07:48 AM,1348.9,0,0.0,73795197.89999998
2025-08-01 10:07:50 AM,1348.9,23,31024.7,73826222.59999998
2025-08-01 10:07:54 AM,1349.0,0,0.0,73826222.59999998
2025-08-01 10:07:57 AM,1349.0,20,26980.0,73853202.59999998
2025-08-01 10:08:04 AM,1348.7,0,0.0,73853202.59999998
2025-08-01 10:08:04 AM,1349.0,51,68799.0,73922001.59999998
2025-08-01 10:08:08 AM,1349.3,0,0.0,73922001.59999998
2025-08-01 10:08:09 AM,1349.3,3,4047.8999999999996,73926049.49999999
2025-08-01 10:08:11 AM,1348.0,190,256120.0,74182169.49999999
2025-08-01 10:08:13 AM,1349.4,0,0.0,74182169.49999999
2025-08-01 10:08:15 AM,1349.5,17,22941.5,74205110.99999999
2025-08-01 10:08:17 AM,1348.7,0,0.0,74205110.99999999
2025-08-01 10:08:17 AM,1348.7,5,6743.5,74211854.49999999
2025-08-01 10:08:27 AM,1349.5,0,0.0,74211854.49999999
2025-08-01 10:08:27 AM,1349.5,25,33737.5,74245591.99999999
2025-08-01 10:08:40 AM,1349.5,275,371112.5,74616704.49999999
2025-08-01 10:08:41 AM,1349.4,110,148434.0,74765138.49999999
2025-08-01 10:09:44 AM,1350.4,20,27008.0,74792146.49999999
2025-08-01 10:09:50 AM,1350.4,10,13504.0,74805650.49999999
2025-08-01 10:09:56 AM,1350.4,3,4051.2000000000003,74809701.69999999
2025-08-01 10:09:57 AM,1350.4,12,16204.800000000001,74825906.49999999
2025-08-01 10:10:01 AM,1350.9,2,2701.8,74828608.29999998
2025-08-01 10:10:07 AM,1350.9,40,54036.0,74882644.29999998
2025-08-01 10:10:12 AM,1350.4,0,0.0,74882644.29999998
2025-08-01 10:10:13 AM,1350.9,0,0.0,74882644.29999998
2025-08-01 10:10:13 AM,1350.9,36,48632.4,74931276.69999999
2025-08-01 10:10:25 AM,1350.9,9,12158.1,74943434.79999998
2025-08-01 10:10:37 AM,1350.9,33,44579.700000000004,74988014.49999999
2025-08-01 10:10:43 AM,1351.4,104,140545.6,75128560.09999998
2025-08-01 10:10:55 AM,1351.4,5,6757.0,75135317.09999998
2025-08-01 10:11:02 AM,1351.6,18,24328.8,75159645.89999998
2025-08-01 10:11:18 AM,1351.9,0,0.0,75159645.89999998
2025-08-01 10:11:18 AM,1351.9,1,1351.9,75160997.79999998
2025-08-01 10:11:37 AM,1351.9,15,20278.5,75181276.29999998
2025-08-01 10:11:51 AM,1352.0,0,0.0,75181276.29999998
2025-08-01 10:11:53 AM,1352.0,10,13520.0,75194796.29999998
2025-08-01 10:11:59 AM,1352.4,160,216384.0,75411180.29999998
2025-08-01 10:12:03 AM,1353.0,0,0.0,75411180.29999998
2025-08-01 10:12:05 AM,1353.0,100,135300.0,75546480.29999998
2025-08-01 10:12:11 AM,1353.5,1,1353.5,75547833.79999998
2025-08-01 10:12:15 AM,1352.8,0,0.0,75547833.79999998
2025-08-01 10:12:17 AM,1353.0,24,32472.0,75580305.79999998
2025-08-01 10:12:21 AM,1352.7,0,0.0,75580305.79999998
2025-08-01 10:12:22 AM,1352.7,1,1352.7,75581658.49999999
2025-08-01 10:12:29 AM,1352.8,25,33820.0,75615478.49999999
2025-08-01 10:12:34 AM,1352.8,4,5411.2,75620889.69999999
2025-08-01 10:12:45 AM,1353.0,0,0.0,75620889.69999999
2025-08-01 10:12:45 AM,1353.0,5,6765.0,75627654.69999999
2025-08-01 10:12:48 AM,1352.0,0,0.0,75627654.69999999
2025-08-01 10:12:51 AM,1352.0,56,75712.0,75703366.69999999
2025-08-01 10:12:52 AM,1352.0,25,33800.0,75737166.69999999
2025-08-01 10:12:57 AM,1352.0,4,5408.0,75742574.69999999
2025-08-01 10:13:00 AM,1351.3,0,0.0,75742574.69999999
2025-08-01 10:13:03 AM,1351.3,35,47295.5,75789870.19999999
2025-08-01 10:13:44 AM,1351.6,17,22977.199999999997,75812847.39999999
2025-08-01 10:13:54 AM,1353.0,0,0.0,75812847.39999999
2025-08-01 10:13:56 AM,1353.0,1,1353.0,75814200.39999999
2025-08-01 10:14:02 AM,1353.0,4,5412.0,75819612.39999999
2025-08-01 10:14:08 AM,1353.0,1,1353.0,75820965.39999999
2025-08-01 10:14:13 AM,1352.1,10,13521.0,75834486.39999999
2025-08-01 10:14:15 AM,1353.0,0,0.0,75834486.39999999
2025-08-01 10:14:19 AM,1353.0,100,135300.0,75969786.39999999
2025-08-01 10:14:30 AM,1353.0,10,13530.0,75983316.39999999
2025-08-01 10:14:42 AM,1352.1,0,0.0,75983316.39999999
2025-08-01 10:14:42 AM,1352.1,353,477291.3,76460607.69999999
2025-08-01 10:15:11 AM,1352.0,0,0.0,76460607.69999999
2025-08-01 10:15:11 AM,1352.0,65,87880.0,76548487.69999999
2025-08-01 10:15:15 AM,1352.4,0,0.0,76548487.69999999
2025-08-01 10:15:17 AM,1352.4,2,2704.8,76551192.49999999
2025-08-01 10:15:32 AM,1352.0,0,0.0,76551192.49999999
2025-08-01 10:15:35 AM,1352.0,152,205504.0,76756696.49999999
2025-08-01 10:15:51 AM,1352.4,0,0.0,76756696.49999999
2025-08-01 10:15:53 AM,1352.4,2,2704.8,76759401.29999998
2025-08-01 10:16:15 AM,1352.5,0,0.0,76759401.29999998
2025-08-01 10:16:16 AM,1352.4,28,37867.200000000004,76797268.49999999
2025-08-01 10:16:28 AM,1352.0,5,6760.0,76804028.49999999
2025-08-01 10:16:28 AM,1352.0,7,9464.0,76813492.49999999
2025-08-01 10:16:40 AM,1352.0,20,27040.0,76840532.49999999
2025-08-01 10:16:45 AM,1352.3,0,0.0,76840532.49999999
2025-08-01 10:16:45 AM,1352.3,100,135230.0,76975762.49999999
2025-08-01 10:16:53 AM,1352.4,0,0.0,76975762.49999999
2025-08-01 10:16:56 AM,1352.2,51,68962.2,77044724.69999999
2025-08-01 10:17:08 AM,1352.2,16,21635.2,77066359.89999999
2025-08-01 10:17:13 AM,1351.1,30,40533.0,77106892.89999999
2025-08-01 10:17:19 AM,1351.0,11,14861.0,77121753.89999999
2025-08-01 10:17:25 AM,1350.0,113,152550.0,77274303.89999999
2025-08-01 10:17:31 AM,1350.0,53,71550.0,77345853.89999999
2025-08-01 10:17:54 AM,1348.7,0,0.0,77345853.89999999
2025-08-01 10:17:54 AM,1348.7,342,461255.4,77807109.3
2025-08-01 10:17:59 AM,1348.6,0,0.0,77807109.3
2025-08-01 10:18:00 AM,1349.6,0,0.0,77807109.3
2025-08-01 10:18:00 AM,1349.6,86,116065.59999999999,77923174.89999999
2025-08-01 10:18:30 AM,1348.9,0,0.0,77923174.89999999
2025-08-01 10:18:35 AM,1348.9,80,107912.0,78031086.89999999
2025-08-01 10:18:36 AM,1349.6,0,0.0,78031086.89999999
2025-08-01 10:18:41 AM,1349.6,5,6748.0,78037834.89999999
2025-08-01 10:18:54 AM,1350.0,0,0.0,78037834.89999999
2025-08-01 10:18:57 AM,1350.0,5,6750.0,78044584.89999999
2025-08-01 10:19:00 AM,1351.0,0,0.0,78044584.89999999
2025-08-01 10:19:03 AM,1351.0,773,1044323.0,79088907.89999999
2025-08-01 10:19:09 AM,1351.0,2,2702.0,79091609.89999999
2025-08-01 10:19:21 AM,1351.0,2,2702.0,79094311.89999999
2025-08-01 10:19:26 AM,1351.2,30,40536.0,79134847.89999999
2025-08-01 10:19:28 AM,1350.9,0,0.0,79134847.89999999
2025-08-01 10:19:32 AM,1350.9,166,224249.40000000002,79359097.3
2025-08-01 10:19:37 AM,1351.4,0,0.0,79359097.3
2025-08-01 10:19:38 AM,1351.4,1,1351.4,79360448.7
2025-08-01 10:19:43 AM,1350.1,0,0.0,79360448.7
2025-08-01 10:19:43 AM,1350.1,9,12150.9,79372599.60000001
2025-08-01 10:19:52 AM,1350.0,0,0.0,79372599.60000001
2025-08-01 10:19:55 AM,1350.0,100,135000.0,79507599.60000001
2025-08-01 10:19:58 AM,1351.4,0,0.0,79507599.60000001
2025-08-01 10:20:00 AM,1351.4,200,270280.0,79777879.60000001
2025-08-01 10:20:04 AM,1351.8,0,0.0,79777879.60000001
2025-08-01 10:20:05 AM,1351.8,4,5407.2,79783286.80000001
2025-08-01 10:20:22 AM,1350.6,0,0.0,79783286.80000001
2025-08-01 10:20:23 AM,1350.6,4,5402.4,79788689.20000002
2025-08-01 10:20:30 AM,1350.3,0,0.0,79788689.20000002
2025-08-01 10:20:30 AM,1350.3,4,5401.2,79794090.40000002
2025-08-01 10:20:33 AM,1351.6,0,0.0,79794090.40000002
2025-08-01 10:20:34 AM,1351.6,1,1351.6,79795442.00000001
2025-08-01 10:20:51 AM,1350.2,0,0.0,79795442.00000001
2025-08-01 10:20:53 AM,1351.6,0,0.0,79795442.00000001
2025-08-01 10:20:53 AM,1351.6,405,547398.0,80342840.00000001
2025-08-01 10:21:00 AM,1352.0,101,136552.0,80479392.00000001
2025-08-01 10:21:03 AM,1350.9,0,0.0,80479392.00000001
2025-08-01 10:21:04 AM,1350.9,8,10807.2,80490199.20000002
2025-08-01 10:21:05 AM,1351.7,0,0.0,80490199.20000002
2025-08-01 10:21:06 AM,1351.7,2,2703.4,80492902.60000002
2025-08-01 10:21:15 AM,1351.1,0,0.0,80492902.60000002
2025-08-01 10:21:15 AM,1351.1,30,40533.0,80533435.60000002
2025-08-01 10:21:19 AM,1352.1,0,0.0,80533435.60000002
2025-08-01 10:21:21 AM,1352.1,2,2704.2,80536139.80000003
2025-08-01 10:21:26 AM,1351.1,50,67555.0,80603694.80000003
2025-08-01 10:21:29 AM,1352.3,0,0.0,80603694.80000003
2025-08-01 10:21:31 AM,1352.3,2,2704.6,80606399.40000002
2025-08-01 10:21:57 AM,1352.4,0,0.0,80606399.40000002
2025-08-01 10:22:00 AM,1352.4,6,8114.400000000001,80614513.80000003
2025-08-01 10:22:09 AM,1352.5,0,0.0,80614513.80000003
2025-08-01 10:22:11 AM,1353.2,135,182682.0,80797195.80000003
2025-08-01 10:22:21 AM,1353.3,0,0.0,80797195.80000003
2025-08-01 10:22:23 AM,1353.3,189,255773.69999999998,81052969.50000003
2025-08-01 10:22:31 AM,1353.3,1,1353.3,81054322.80000003
2025-08-01 10:22:37 AM,1353.3,1,1353.3,81055676.10000002
2025-08-01 10:22:42 AM,1353.7,20,27074.0,81082750.10000002
2025-08-01 10:22:51 AM,1353.5,0,0.0,81082750.10000002
2025-08-01 10:22:51 AM,1353.5,3,4060.5,81086810.60000002
2025-08-01 10:22:56 AM,1353.4,13,17594.2,81104404.80000003
2025-08-01 10:23:07 AM,1353.4,2,2706.8,81107111.60000002
2025-08-01 10:23:13 AM,1353.8,200,270760.0,81377871.60000002
2025-08-01 10:23:16 AM,1354.0,100,135400.0,81513271.60000002
2025-08-01 10:23:22 AM,1354.0,7,9478.0,81522749.60000002
2025-08-01 10:23:36 AM,1352.7,5,6763.5,81529513.10000002
2025-08-01 10:23:38 AM,1352.3,0,0.0,81529513.10000002
2025-08-01 10:23:39 AM,1353.8,0,0.0,81529513.10000002
2025-08-01 10:23:39 AM,1353.8,156,211192.8,81740705.90000002
2025-08-01 10:23:42 AM,1353.9,0,0.0,81740705.90000002
2025-08-01 10:23:45 AM,1353.9,100,135390.0,81876095.90000002
2025-08-01 10:23:48 AM,1353.6,0,0.0,81876095.90000002
2025-08-01 10:23:50 AM,1353.6,2,2707.2,81878803.10000002
2025-08-01 10:23:58 AM,1352.2,0,0.0,81878803.10000002
2025-08-01 10:23:58 AM,1352.2,106,143333.2,82022136.30000003
2025-08-01 10:24:25 AM,1352.1,15,20281.5,82042417.80000003
2025-08-01 10:24:50 AM,1353.0,0,0.0,82042417.80000003
2025-08-01 10:24:51 AM,1353.0,50,67650.0,82110067.80000003
2025-08-01 10:24:58 AM,1353.0,50,67650.0,82177717.80000003
2025-08-01 10:25:15 AM,1353.7,0,0.0,82177717.80000003
2025-08-01 10:25:16 AM,1354.0,0,0.0,82177717.80000003
2025-08-01 10:25:16 AM,1354.0,163,220702.0,82398419.80000003
2025-08-01 10:25:19 AM,1353.6,0,0.0,82398419.80000003
2025-08-01 10:25:20 AM,1353.6,1,1353.6,82399773.40000002
2025-08-01 10:25:30 AM,1353.4,0,0.0,82399773.40000002
2025-08-01 10:25:31 AM,1353.4,31,41955.4,82441728.80000003
2025-08-01 10:25:36 AM,1353.4,2,2706.8,82444435.60000002
2025-08-01 10:25:53 AM,1352.9,10,13529.0,82457964.60000002
2025-08-01 10:26:21 AM,1352.9,12,16234.800000000001,82474199.40000002
2025-08-01 10:26:32 AM,1352.9,6,8117.400000000001,82482316.80000003
2025-08-01 10:26:34 AM,1352.9,12,16234.800000000001,82498551.60000002
2025-08-01 10:27:09 AM,1353.9,0,0.0,82498551.60000002
2025-08-01 10:27:09 AM,1353.9,335,453556.50000000006,82952108.10000002
2025-08-01 10:27:18 AM,1352.2,4,5408.8,82957516.90000002
2025-08-01 10:27:25 AM,1353.0,0,0.0,82957516.90000002
2025-08-01 10:27:26 AM,1353.0,1,1353.0,82958869.90000002
2025-08-01 10:27:34 AM,1353.0,1,1353.0,82960222.90000002
2025-08-01 10:27:42 AM,1353.0,1,1353.0,82961575.90000002
2025-08-01 10:27:58 AM,1353.4,0,0.0,82961575.90000002
2025-08-01 10:27:59 AM,1353.4,30,40602.0,83002177.90000002
2025-08-01 10:28:20 AM,1353.4,1,1353.4,83003531.30000003
2025-08-01 10:28:23 AM,1353.0,0,0.0,83003531.30000003
2025-08-01 10:28:23 AM,1353.0,10,13530.0,83017061.30000003
2025-08-01 10:29:02 AM,1352.4,0,0.0,83017061.30000003
2025-08-01 10:29:02 AM,1352.4,1,1352.4,83018413.70000003
2025-08-01 10:29:14 AM,1352.5,10,13525.0,83031938.70000003
2025-08-01 10:29:18 AM,1352.8,0,0.0,83031938.70000003
2025-08-01 10:29:19 AM,1352.8,10,13528.0,83045466.70000003
2025-08-01 10:29:20 AM,1353.0,0,0.0,83045466.70000003
2025-08-01 10:29:21 AM,1353.0,23,31119.0,83076585.70000003
2025-08-01 10:29:42 AM,1352.9,0,0.0,83076585.70000003
2025-08-01 10:29:44 AM,1352.9,24,32469.600000000002,83109055.30000003
2025-08-01 10:29:46 AM,1353.6,0,0.0,83109055.30000003
2025-08-01 10:29:46 AM,1353.6,203,274780.8,83383836.10000002
2025-08-01 10:29:48 AM,1354.5,0,0.0,83383836.10000002
2025-08-01 10:29:49 AM,1355.8,180,244044.0,83627880.10000002
2025-08-01 10:29:52 AM,1354.5,0,0.0,83627880.10000002
2025-08-01 10:29:52 AM,1354.5,108,146286.0,83774166.10000002
2025-08-01 10:30:00 AM,1353.0,20,27060.0,83801226.10000002
2025-08-01 10:30:29 AM,1353.0,188,254364.0,84055590.10000002
2025-08-01 10:30:32 AM,1353.0,10,13530.0,84069120.10000002
2025-08-01 10:30:37 AM,1353.0,70,94710.0,84163830.10000002
2025-08-01 10:30:52 AM,1353.0,10,13530.0,84177360.10000002
2025-08-01 10:31:00 AM,1353.0,7,9471.0,84186831.10000002
2025-08-01 10:31:06 AM,1353.0,4,5412.0,84192243.10000002
2025-08-01 10:31:15 AM,1353.0,6,8118.0,84200361.10000002
2025-08-01 10:31:21 AM,1353.0,83,112299.0,84312660.10000002
2025-08-01 10:31:29 AM,1355.8,0,0.0,84312660.10000002
2025-08-01 10:31:29 AM,1355.8,16,21692.8,84334352.90000002
2025-08-01 10:31:34 AM,1355.9,1,1355.9,84335708.80000003
2025-08-01 10:31:37 AM,1355.9,2,2711.8,84338420.60000002
2025-08-01 10:31:40 AM,1354.7,131,177465.7,84515886.30000003
2025-08-01 10:31:45 AM,1355.2,0,0.0,84515886.30000003
2025-08-01 10:31:45 AM,1355.2,18,24393.600000000002,84540279.90000002
2025-08-01 10:31:48 AM,1355.0,200,271000.0,84811279.90000002
2025-08-01 10:31:52 AM,1355.9,0,0.0,84811279.90000002
2025-08-01 10:31:55 AM,1356.1,0,0.0,84811279.90000002
2025-08-01 10:31:55 AM,1356.1,80,108488.0,84919767.90000002
2025-08-01 10:31:58 AM,1357.8,0,0.0,84919767.90000002
2025-08-01 10:31:58 AM,1357.8,173,234899.4,85154667.30000003
2025-08-01 10:32:00 AM,1357.0,0,0.0,85154667.30000003
2025-08-01 10:32:01 AM,1358.0,181,245798.0,85400465.30000003
2025-08-01 10:32:04 AM,1357.2,0,0.0,85400465.30000003
2025-08-01 10:32:04 AM,1357.2,1,1357.2,85401822.50000003
2025-08-01 10:32:07 AM,1358.5,0,0.0,85401822.50000003
2025-08-01 10:32:08 AM,1359.0,1388,1886292.0,87288114.50000003
2025-08-01 10:32:10 AM,1359.7,0,0.0,87288114.50000003
2025-08-01 10:32:11 AM,1359.7,379,515326.3,87803440.80000003
2025-08-01 10:32:13 AM,1361.5,0,0.0,87803440.80000003
2025-08-01 10:32:13 AM,1360.2,0,0.0,87803440.80000003
2025-08-01 10:32:14 AM,1361.5,395,537792.5,88341233.30000003
2025-08-01 10:32:16 AM,1360.3,0,0.0,88341233.30000003
2025-08-01 10:32:16 AM,1361.5,0,0.0,88341233.30000003
2025-08-01 10:32:18 AM,1361.9,235,320046.5,88661279.80000003
2025-08-01 10:32:21 AM,1362.0,1,1362.0,88662641.80000003
2025-08-01 10:32:24 AM,1362.0,634,863508.0,89526149.80000003
2025-08-01 10:32:30 AM,1361.4,0,0.0,89526149.80000003
2025-08-01 10:32:31 AM,1361.4,50,68070.0,89594219.80000003
2025-08-01 10:32:33 AM,1358.5,0,0.0,89594219.80000003
2025-08-01 10:32:34 AM,1360.2,109,148261.80000000002,89742481.60000002
2025-08-01 10:32:36 AM,1359.9,0,0.0,89742481.60000002
2025-08-01 10:32:37 AM,1358.8,86,116856.8,89859338.40000002
2025-08-01 10:32:43 AM,1360.0,1,1360.0,89860698.40000002
2025-08-01 10:32:48 AM,1358.3,0,0.0,89860698.40000002
2025-08-01 10:32:49 AM,1358.3,12,16299.599999999999,89876998.00000001
2025-08-01 10:32:51 AM,1360.0,0,0.0,89876998.00000001
2025-08-01 10:32:51 AM,1360.0,15,20400.0,89897398.00000001
2025-08-01 10:32:54 AM,1359.5,0,0.0,89897398.00000001
2025-08-01 10:32:54 AM,1359.5,104,141388.0,90038786.00000001
2025-08-01 10:33:14 AM,1358.0,20,27160.0,90065946.00000001
2025-08-01 10:33:21 AM,1357.8,0,0.0,90065946.00000001
2025-08-01 10:33:23 AM,1357.8,4,5431.2,90071377.20000002
2025-08-01 10:33:33 AM,1358.9,5,6794.5,90078171.70000002
2025-08-01 10:33:38 AM,1359.0,0,0.0,90078171.70000002
2025-08-01 10:33:39 AM,1359.0,4,5436.0,90083607.70000002
2025-08-01 10:33:50 AM,1358.9,0,0.0,90083607.70000002
2025-08-01 10:33:50 AM,1358.9,20,27178.0,90110785.70000002
2025-08-01 10:34:04 AM,1358.7,0,0.0,90110785.70000002
2025-08-01 10:34:04 AM,1358.7,1,1358.7,90112144.40000002
2025-08-01 10:34:08 AM,1358.9,10,13589.0,90125733.40000002
2025-08-01 10:34:13 AM,1358.9,50,67945.0,90193678.40000002
2025-08-01 10:34:19 AM,1357.6,0,0.0,90193678.40000002
2025-08-01 10:34:19 AM,1357.6,1,1357.6,90195036.00000001
2025-08-01 10:34:24 AM,1357.6,5,6788.0,90201824.00000001
2025-08-01 10:34:49 AM,1358.8,0,0.0,90201824.00000001
2025-08-01 10:34:49 AM,1358.8,1,1358.8,90203182.80000001
2025-08-01 10:34:53 AM,1359.3,161,218847.3,90422030.10000001
2025-08-01 10:34:54 AM,1359.8,0,0.0,90422030.10000001
2025-08-01 10:34:55 AM,1358.1,700,950669.9999999999,91372700.10000001
2025-08-01 10:35:01 AM,1359.2,0,0.0,91372700.10000001
2025-08-01 10:35:04 AM,1359.2,250,339800.0,91712500.10000001
2025-08-01 10:35:08 AM,1358.2,0,0.0,91712500.10000001
2025-08-01 10:35:10 AM,1358.2,80,108656.0,91821156.10000001
2025-08-01 10:35:12 AM,1357.5,131,177832.5,91998988.60000001
2025-08-01 10:35:13 AM,1358.1,0,0.0,91998988.60000001
2025-08-01 10:35:16 AM,1358.1,10,13581.0,92012569.60000001
2025-08-01 10:35:18 AM,1358.0,0,0.0,92012569.60000001
2025-08-01 10:35:18 AM,1358.0,1,1358.0,92013927.60000001
2025-08-01 10:35:21 AM,1357.8,0,0.0,92013927.60000001
2025-08-01 10:35:21 AM,1357.8,34,46165.2,92060092.80000001
2025-08-01 10:35:28 AM,1357.6,0,0.0,92060092.80000001
2025-08-01 10:35:29 AM,1357.6,100,135760.0,92195852.80000001
2025-08-01 10:35:45 AM,1357.8,0,0.0,92195852.80000001
2025-08-01 10:35:46 AM,1357.8,10,13578.0,92209430.80000001
2025-08-01 10:35:49 AM,1356.7,0,0.0,92209430.80000001
2025-08-01 10:35:49 AM,1356.7,6,8140.200000000001,92217571.00000001
2025-08-01 10:35:55 AM,1357.5,11,14932.5,92232503.50000001
2025-08-01 10:35:59 AM,1356.4,0,0.0,92232503.50000001
2025-08-01 10:36:00 AM,1356.4,91,123432.40000000001,92355935.90000002
2025-08-01 10:36:28 AM,1357.1,25,33927.5,92389863.40000002
2025-08-01 10:36:34 AM,1356.4,6,8138.400000000001,92398001.80000003
2025-08-01 10:36:44 AM,1356.1,0,0.0,92398001.80000003
2025-08-01 10:36:45 AM,1356.1,1,1356.1,92399357.90000002
2025-08-01 10:36:52 AM,1356.1,1,1356.1,92400714.00000001
2025-08-01 10:36:56 AM,1356.1,7,9492.699999999999,92410206.70000002
2025-08-01 10:37:10 AM,1357.2,0,0.0,92410206.70000002
2025-08-01 10:37:12 AM,1356.7,16,21707.2,92431913.90000002
2025-08-01 10:37:22 AM,1357.7,0,0.0,92431913.90000002
2025-08-01 10:37:23 AM,1357.7,1,1357.7,92433271.60000002
2025-08-01 10:37:37 AM,1356.5,0,0.0,92433271.60000002
2025-08-01 10:37:37 AM,1356.5,14,18991.0,92452262.60000002
2025-08-01 10:37:39 AM,1357.5,0,0.0,92452262.60000002
2025-08-01 10:37:40 AM,1357.5,15,20362.5,92472625.10000002
2025-08-01 10:37:51 AM,1357.5,10,13575.0,92486200.10000002
2025-08-01 10:38:47 AM,1357.7,50,67885.0,92554085.10000002
2025-08-01 10:38:48 AM,1357.3,0,0.0,92554085.10000002
2025-08-01 10:38:49 AM,1357.7,0,0.0,92554085.10000002
2025-08-01 10:38:50 AM,1357.7,861,1168979.7,93723064.80000003
2025-08-01 10:38:52 AM,1357.5,0,0.0,93723064.80000003
2025-08-01 10:38:53 AM,1357.5,1,1357.5,93724422.30000003
2025-08-01 10:38:57 AM,1357.2,0,0.0,93724422.30000003
2025-08-01 10:38:58 AM,1357.2,5,6786.0,93731208.30000003
2025-08-01 10:39:01 AM,1357.2,5,6786.0,93737994.30000003
2025-08-01 10:39:19 AM,1357.1,0,0.0,93737994.30000003
2025-08-01 10:39:21 AM,1357.1,6,8142.599999999999,93746136.90000002
2025-08-01 10:39:45 AM,1356.7,0,0.0,93746136.90000002
2025-08-01 10:39:46 AM,1356.7,1,1356.7,93747493.60000002
2025-08-01 10:39:49 AM,1356.5,0,0.0,93747493.60000002
2025-08-01 10:39:52 AM,1356.5,3,4069.5,93751563.10000002
2025-08-01 10:39:57 AM,1356.7,0,0.0,93751563.10000002
2025-08-01 10:39:57 AM,1356.7,6,8140.200000000001,93759703.30000003
2025-08-01 10:40:25 AM,1356.0,105,142380.0,93902083.30000003
2025-08-01 10:41:32 AM,1356.7,0,0.0,93902083.30000003
2025-08-01 10:41:32 AM,1356.7,26,35274.200000000004,93937357.50000003
2025-08-01 10:41:39 AM,1356.7,35,47484.5,93984842.00000003
2025-08-01 10:41:55 AM,1356.0,0,0.0,93984842.00000003
2025-08-01 10:41:55 AM,1356.0,66,89496.0,94074338.00000003
2025-08-01 10:42:22 AM,1356.0,1,1356.0,94075694.00000003
2025-08-01 10:42:46 AM,1356.0,10,13560.0,94089254.00000003
2025-08-01 10:43:02 AM,1357.0,91,123487.0,94212741.00000003
2025-08-01 10:43:06 AM,1357.9,0,0.0,94212741.00000003
2025-08-01 10:43:06 AM,1356.8,0,0.0,94212741.00000003
2025-08-01 10:43:06 AM,1356.8,44,59699.2,94272440.20000003
2025-08-01 10:43:24 AM,1355.9,0,0.0,94272440.20000003
2025-08-01 10:43:24 AM,1355.9,11,14914.900000000001,94287355.10000004
2025-08-01 10:43:30 AM,1355.9,6,8135.400000000001,94295490.50000004
2025-08-01 10:43:33 AM,1355.9,20,27118.0,94322608.50000004
2025-08-01 10:44:01 AM,1355.4,7,9487.800000000001,94332096.30000004
2025-08-01 10:44:38 AM,1355.0,0,0.0,94332096.30000004
2025-08-01 10:44:39 AM,1355.0,16,21680.0,94353776.30000004
2025-08-01 10:44:45 AM,1355.0,26,35230.0,94389006.30000004
2025-08-01 10:44:55 AM,1355.0,1,1355.0,94390361.30000004
2025-08-01 10:45:01 AM,1355.0,49,66395.0,94456756.30000004
2025-08-01 10:45:06 AM,1355.0,29,39295.0,94496051.30000004
2025-08-01 10:45:34 AM,1354.9,1,1354.9,94497406.20000005
2025-08-01 10:45:55 AM,1354.9,3,4064.7000000000003,94501470.90000005
2025-08-01 10:46:03 AM,1355.0,0,0.0,94501470.90000005
2025-08-01 10:46:04 AM,1355.0,8,10840.0,94512310.90000005
2025-08-01 10:46:23 AM,1355.4,0,0.0,94512310.90000005
2025-08-01 10:46:23 AM,1355.0,194,262870.0,94775180.90000005
2025-08-01 10:46:44 AM,1355.4,57,77257.8,94852438.70000005
2025-08-01 10:46:49 AM,1355.0,0,0.0,94852438.70000005
2025-08-01 10:46:49 AM,1355.0,51,69105.0,94921543.70000005
2025-08-01 10:47:34 AM,1355.0,5,6775.0,94928318.70000005
2025-08-01 10:47:38 AM,1355.0,7,9485.0,94937803.70000005
2025-08-01 10:48:16 AM,1355.4,0,0.0,94937803.70000005
2025-08-01 10:48:18 AM,1355.4,1,1355.4,94939159.10000005
2025-08-01 10:48:38 AM,1355.0,0,0.0,94939159.10000005
2025-08-01 10:48:39 AM,1355.0,44,59620.0,94998779.10000005
2025-08-01 10:49:19 AM,1354.8,0,0.0,94998779.10000005
2025-08-01 10:49:21 AM,1354.8,10,13548.0,95012327.10000005
2025-08-01 10:49:27 AM,1354.1,0,0.0,95012327.10000005
2025-08-01 10:49:27 AM,1354.1,2,2708.2,95015035.30000006
2025-08-01 10:49:43 AM,1354.6,0,0.0,95015035.30000006
2025-08-01 10:49:43 AM,1354.6,22,29801.199999999997,95044836.50000006
2025-08-01 10:49:53 AM,1354.8,51,69094.8,95113931.30000006
2025-08-01 10:49:55 AM,1354.7,0,0.0,95113931.30000006
2025-08-01 10:49:57 AM,1355.0,0,0.0,95113931.30000006
2025-08-01 10:49:58 AM,1355.0,4,5420.0,95119351.30000006
2025-08-01 10:50:10 AM,1355.0,5,6775.0,95126126.30000006
2025-08-01 10:50:15 AM,1355.0,21,28455.0,95154581.30000006
2025-08-01 10:50:22 AM,1353.1,0,0.0,95154581.30000006
2025-08-01 10:50:22 AM,1353.1,150,202965.0,95357546.30000006
2025-08-01 10:51:00 AM,1353.1,65,87951.5,95445497.80000006
2025-08-01 10:51:02 AM,1352.8,0,0.0,95445497.80000006
2025-08-01 10:51:06 AM,1352.8,2105,2847644.0,98293141.80000006
2025-08-01 10:51:06 AM,1352.4,6,8114.400000000001,98301256.20000006
2025-08-01 10:51:08 AM,1350.0,0,0.0,98301256.20000006
2025-08-01 10:51:12 AM,1350.0,250,337500.0,98638756.20000006
2025-08-01 10:51:20 AM,1350.3,0,0.0,98638756.20000006
2025-08-01 10:51:22 AM,1351.8,0,0.0,98638756.20000006
2025-08-01 10:51:22 AM,1351.8,84,113551.2,98752307.40000007
2025-08-01 10:51:30 AM,1352.0,0,0.0,98752307.40000007
2025-08-01 10:51:33 AM,1352.0,7,9464.0,98761771.40000007
2025-08-01 10:51:38 AM,1352.9,0,0.0,98761771.40000007
2025-08-01 10:51:38 AM,1353.2,0,0.0,98761771.40000007
2025-08-01 10:51:39 AM,1353.2,4,5412.8,98767184.20000006
2025-08-01 10:52:01 AM,1353.7,50,67685.0,98834869.20000006
2025-08-01 10:52:02 AM,1352.5,0,0.0,98834869.20000006
2025-08-01 10:52:06 AM,1352.5,7,9467.5,98844336.70000006
2025-08-01 10:52:14 AM,1353.4,0,0.0,98844336.70000006
2025-08-01 10:52:17 AM,1353.4,1,1353.4,98845690.10000007
2025-08-01 10:52:22 AM,1353.5,0,0.0,98845690.10000007
2025-08-01 10:52:22 AM,1353.5,1,1353.5,98847043.60000007
2025-08-01 10:52:40 AM,1352.6,0,0.0,98847043.60000007
2025-08-01 10:52:43 AM,1352.6,20,27052.0,98874095.60000007
2025-08-01 10:52:58 AM,1354.0,0,0.0,98874095.60000007
2025-08-01 10:52:59 AM,1352.9,165,223228.50000000003,99097324.10000007
2025-08-01 10:53:05 AM,1353.7,18,24366.600000000002,99121690.70000006
2025-08-01 10:53:10 AM,1353.7,1,1353.7,99123044.40000007
2025-08-01 10:53:11 AM,1353.9,9,12185.1,99135229.50000006
2025-08-01 10:53:14 AM,1354.0,0,0.0,99135229.50000006
2025-08-01 10:53:15 AM,1354.0,150,203100.0,99338329.50000006
2025-08-01 10:53:42 AM,1354.0,202,273508.0,99611837.50000006
2025-08-01 10:54:35 AM,1353.5,57,77149.5,99688987.00000006
2025-08-01 10:54:46 AM,1354.3,2,2708.6,99691695.60000005
2025-08-01 10:54:56 AM,1353.6,0,0.0,99691695.60000005
2025-08-01 10:54:56 AM,1353.6,1,1353.6,99693049.20000005
2025-08-01 10:55:07 AM,1353.6,4,5414.4,99698463.60000005
2025-08-01 10:55:13 AM,1353.5,25,33837.5,99732301.10000005
2025-08-01 10:55:23 AM,1353.5,15,20302.5,99752603.60000005
2025-08-01 10:55:29 AM,1353.5,25,33837.5,99786441.10000005
2025-08-01 10:55:34 AM,1353.4,0,0.0,99786441.10000005
2025-08-01 10:55:34 AM,1353.4,91,123159.40000000001,99909600.50000006
2025-08-01 10:55:36 AM,1353.5,0,0.0,99909600.50000006
2025-08-01 10:55:40 AM,1353.5,1,1353.5,99910954.00000006
2025-08-01 10:55:44 AM,1353.4,0,0.0,99910954.00000006
2025-08-01 10:55:45 AM,1353.4,25,33835.0,99944789.00000006
2025-08-01 10:55:46 AM,1353.5,0,0.0,99944789.00000006
2025-08-01 10:55:50 AM,1353.5,31,41958.5,99986747.50000006
2025-08-01 10:55:54 AM,1353.4,0,0.0,99986747.50000006
2025-08-01 10:55:55 AM,1353.5,27,36544.5,100023292.00000006
2025-08-01 10:56:11 AM,1353.5,29,39251.5,100062543.50000006
2025-08-01 10:56:16 AM,1353.6,168,227404.8,100289948.30000006
2025-08-01 10:56:28 AM,1354.8,0,0.0,100289948.30000006
2025-08-01 10:56:28 AM,1354.8,29,39289.2,100329237.50000006
2025-08-01 10:56:33 AM,1354.6,33,44701.799999999996,100373939.30000006
2025-08-01 10:56:52 AM,1354.8,0,0.0,100373939.30000006
2025-08-01 10:56:53 AM,1354.8,17,23031.6,100396970.90000005
2025-08-01 10:56:54 AM,1355.9,0,0.0,100396970.90000005
2025-08-01 10:56:55 AM,1355.9,13,17626.7,100414597.60000005
2025-08-01 10:57:00 AM,1356.3,0,0.0,100414597.60000005
2025-08-01 10:57:00 AM,1356.3,16,21700.8,100436298.40000005
2025-08-01 10:58:07 AM,1356.0,11,14916.0,100451214.40000005
2025-08-01 10:58:10 AM,1356.7,0,0.0,100451214.40000005
2025-08-01 10:58:13 AM,1356.7,19,25777.3,100476991.70000005
2025-08-01 10:58:24 AM,1356.0,3,4068.0,100481059.70000005
2025-08-01 10:58:32 AM,1356.3,0,0.0,100481059.70000005
2025-08-01 10:58:35 AM,1356.3,11,14919.3,100495979.00000004
2025-08-01 10:58:40 AM,1356.8,30,40704.0,100536683.00000004
2025-08-01 10:59:04 AM,1356.3,0,0.0,100536683.00000004
2025-08-01 10:59:07 AM,1356.3,1,1356.3,100538039.30000004
2025-08-01 10:59:24 AM,1356.5,0,0.0,100538039.30000004
2025-08-01 10:59:27 AM,1356.5,69,93598.5,100631637.80000004
2025-08-01 10:59:59 AM,1356.5,100,135650.0,100767287.80000004
2025-08-01 11:00:05 AM,1355.6,3,4066.7999999999997,100771354.60000004
2025-08-01 11:00:11 AM,1356.5,0,0.0,100771354.60000004
2025-08-01 11:00:11 AM,1356.5,5,6782.5,100778137.10000004
2025-08-01 11:00:21 AM,1355.9,0,0.0,100778137.10000004
2025-08-01 11:00:22 AM,1355.9,4,5423.6,100783560.70000003
2025-08-01 11:00:37 AM,1356.5,0,0.0,100783560.70000003
2025-08-01 11:00:38 AM,1356.5,1,1356.5,100784917.20000003
2025-08-01 11:00:53 AM,1355.9,0,0.0,100784917.20000003
2025-08-01 11:00:54 AM,1355.9,4,5423.6,100790340.80000003
2025-08-01 11:01:21 AM,1356.5,0,0.0,100790340.80000003
2025-08-01 11:01:21 AM,1356.5,1,1356.5,100791697.30000003
2025-08-01 11:01:22 AM,1356.5,1,1356.5,100793053.80000003
2025-08-01 11:01:48 AM,1355.9,1,1355.9,100794409.70000003
2025-08-01 11:02:01 AM,1355.6,0,0.0,100794409.70000003
2025-08-01 11:02:02 AM,1355.6,3,4066.7999999999997,100798476.50000003
2025-08-01 11:02:24 AM,1355.4,29,39306.600000000006,100837783.10000002
2025-08-01 11:02:25 AM,1355.4,9,12198.6,100849981.70000002
2025-08-01 11:02:45 AM,1355.1,0,0.0,100849981.70000002
2025-08-01 11:02:46 AM,1355.1,22,29812.199999999997,100879793.90000002
2025-08-01 11:02:52 AM,1355.1,4,5420.4,100885214.30000003
2025-08-01 11:03:53 AM,1356.3,0,0.0,100885214.30000003
2025-08-01 11:03:54 AM,1356.3,1,1356.3,100886570.60000002
2025-08-01 11:04:03 AM,1355.4,0,0.0,100886570.60000002
2025-08-01 11:04:04 AM,1355.4,5,6777.0,100893347.60000002
2025-08-01 11:04:17 AM,1356.2,10,13562.0,100906909.60000002
2025-08-01 11:04:36 AM,1355.5,0,0.0,100906909.60000002
2025-08-01 11:04:37 AM,1355.5,4,5422.0,100912331.60000002
2025-08-01 11:04:57 AM,1356.3,0,0.0,100912331.60000002
2025-08-01 11:04:58 AM,1356.3,3,4068.8999999999996,100916400.50000003
2025-08-01 11:05:07 AM,1356.4,2,2712.8,100919113.30000003
2025-08-01 11:05:28 AM,1356.5,0,0.0,100919113.30000003
2025-08-01 11:05:28 AM,1356.5,11,14921.5,100934034.80000003
2025-08-01 11:05:34 AM,1356.5,1,1356.5,100935391.30000003
2025-08-01 11:05:38 AM,1356.4,0,0.0,100935391.30000003
2025-08-01 11:05:39 AM,1356.4,10,13564.0,100948955.30000003
2025-08-01 11:05:49 AM,1356.5,0,0.0,100948955.30000003
2025-08-01 11:05:50 AM,1356.5,2,2713.0,100951668.30000003
2025-08-01 11:06:13 AM,1356.4,1,1356.4,100953024.70000003
2025-08-01 11:06:37 AM,1356.4,2,2712.8,100955737.50000003
2025-08-01 11:06:47 AM,1356.5,0,0.0,100955737.50000003
2025-08-01 11:06:48 AM,1356.5,100,135650.0,101091387.50000003
2025-08-01 11:06:54 AM,1356.5,156,211614.0,101303001.50000003
2025-08-01 11:06:55 AM,1356.4,11,14920.400000000001,101317921.90000004
2025-08-01 11:06:59 AM,1356.4,6,8138.400000000001,101326060.30000004
2025-08-01 11:07:09 AM,1355.7,0,0.0,101326060.30000004
2025-08-01 11:07:09 AM,1355.7,20,27114.0,101353174.30000004
2025-08-01 11:07:55 AM,1355.3,0,0.0,101353174.30000004
2025-08-01 11:07:58 AM,1355.3,118,159925.4,101513099.70000005
2025-08-01 11:08:14 AM,1355.3,2,2710.6,101515810.30000004
2025-08-01 11:08:35 AM,1355.0,27,36585.0,101552395.30000004
2025-08-01 11:08:45 AM,1354.8,0,0.0,101552395.30000004
2025-08-01 11:08:45 AM,1354.8,3,4064.3999999999996,101556459.70000005
2025-08-01 11:08:58 AM,1353.4,18,24361.2,101580820.90000005
2025-08-01 11:09:00 AM,1353.7,0,0.0,101580820.90000005
2025-08-01 11:09:01 AM,1353.7,2,2707.4,101583528.30000006
2025-08-01 11:09:04 AM,1351.8,0,0.0,101583528.30000006
2025-08-01 11:09:04 AM,1351.8,50,67590.0,101651118.30000006
2025-08-01 11:09:05 AM,1352.5,0,0.0,101651118.30000006
2025-08-01 11:09:07 AM,1352.5,6,8115.0,101659233.30000006
2025-08-01 11:09:10 AM,1352.2,0,0.0,101659233.30000006
2025-08-01 11:09:11 AM,1352.2,2,2704.4,101661937.70000006
2025-08-01 11:09:29 AM,1351.8,0,0.0,101661937.70000006
2025-08-01 11:09:30 AM,1351.8,15,20277.0,101682214.70000006
2025-08-01 11:09:54 AM,1351.0,0,0.0,101682214.70000006
2025-08-01 11:09:57 AM,1351.0,28,37828.0,101720042.70000006
2025-08-01 11:10:12 AM,1350.1,0,0.0,101720042.70000006
2025-08-01 11:10:13 AM,1350.1,400,540040.0,102260082.70000006
2025-08-01 11:10:35 AM,1352.0,216,292032.0,102552114.70000006
2025-08-01 11:10:38 AM,1351.5,0,0.0,102552114.70000006
2025-08-01 11:10:40 AM,1350.7,0,0.0,102552114.70000006
2025-08-01 11:10:40 AM,1350.7,20,27014.0,102579128.70000006
2025-08-01 11:10:44 AM,1350.0,0,0.0,102579128.70000006
2025-08-01 11:10:45 AM,1350.0,50,67500.0,102646628.70000006
2025-08-01 11:10:48 AM,1350.1,0,0.0,102646628.70000006
2025-08-01 11:10:51 AM,1350.1,2548,3440054.8,106086683.50000006
2025-08-01 11:10:56 AM,1350.5,0,0.0,106086683.50000006
2025-08-01 11:10:56 AM,1350.5,1,1350.5,106088034.00000006
2025-08-01 11:11:03 AM,1351.6,0,0.0,106088034.00000006
2025-08-01 11:11:06 AM,1350.5,0,0.0,106088034.00000006
2025-08-01 11:11:08 AM,1350.5,132,178266.0,106266300.00000006
2025-08-01 11:11:14 AM,1350.0,100,135000.0,106401300.00000006
2025-08-01 11:11:35 AM,1350.0,6,8100.0,106409400.00000006
2025-08-01 11:12:16 AM,1350.1,0,0.0,106409400.00000006
2025-08-01 11:12:17 AM,1350.1,4,5400.4,106414800.40000007
2025-08-01 11:12:28 AM,1350.1,3,4050.2999999999997,106418850.70000006
2025-08-01 11:12:38 AM,1350.2,0,0.0,106418850.70000006
2025-08-01 11:12:39 AM,1350.2,10,13502.0,106432352.70000006
2025-08-01 11:12:44 AM,1350.1,0,0.0,106432352.70000006
2025-08-01 11:12:44 AM,1350.1,22,29702.199999999997,106462054.90000007
2025-08-01 11:12:50 AM,1351.1,10,13511.0,106475565.90000007
2025-08-01 11:13:02 AM,1351.3,0,0.0,106475565.90000007
2025-08-01 11:13:05 AM,1351.3,14,18918.2,106494484.10000007
2025-08-01 11:13:34 AM,1351.7,6,8110.200000000001,106502594.30000007
2025-08-01 11:13:48 AM,1351.7,10,13517.0,106516111.30000007
2025-08-01 11:13:59 AM,1351.7,1,1351.7,106517463.00000007
2025-08-01 11:14:06 AM,1351.7,3,4055.1000000000004,106521518.10000007
2025-08-01 11:14:21 AM,1351.7,40,54068.0,106575586.10000007
2025-08-01 11:14:33 AM,1351.7,5,6758.5,106582344.60000007
2025-08-01 11:14:42 AM,1352.1,25,33802.5,106616147.10000007
2025-08-01 11:14:47 AM,1351.9,0,0.0,106616147.10000007
2025-08-01 11:14:47 AM,1351.9,1,1351.9,106617499.00000007
2025-08-01 11:14:51 AM,1351.2,0,0.0,106617499.00000007
2025-08-01 11:14:53 AM,1351.2,14,18916.8,106636415.80000007
2025-08-01 11:15:07 AM,1351.0,0,0.0,106636415.80000007
2025-08-01 11:15:10 AM,1351.0,66,89166.0,106725581.80000007
2025-08-01 11:15:13 AM,1350.1,0,0.0,106725581.80000007
2025-08-01 11:15:15 AM,1350.1,1,1350.1,106726931.90000007
2025-08-01 11:15:17 AM,1349.7,0,0.0,106726931.90000007
2025-08-01 11:15:20 AM,1349.7,68,91779.6,106818711.50000006
2025-08-01 11:15:49 AM,1350.0,0,0.0,106818711.50000006
2025-08-01 11:15:51 AM,1350.0,50,67500.0,106886211.50000006
2025-08-01 11:16:41 AM,1351.2,0,0.0,106886211.50000006
2025-08-01 11:16:44 AM,1351.2,13,17565.600000000002,106903777.10000005
2025-08-01 11:16:47 AM,1352.2,0,0.0,106903777.10000005
2025-08-01 11:16:49 AM,1352.2,2,2704.4,106906481.50000006
2025-08-01 11:16:50 AM,1352.6,9,12173.4,106918654.90000007
2025-08-01 11:17:09 AM,1352.0,0,0.0,106918654.90000007
2025-08-01 11:17:10 AM,1352.0,5,6760.0,106925414.90000007
2025-08-01 11:17:12 AM,1351.9,13,17574.7,106942989.60000007
2025-08-01 11:17:48 AM,1349.9,330,445467.00000000006,107388456.60000007
2025-08-01 11:18:09 AM,1352.0,0,0.0,107388456.60000007
2025-08-01 11:18:09 AM,1352.0,365,493480.0,107881936.60000007
2025-08-01 11:18:15 AM,1352.0,147,198744.0,108080680.60000007
2025-08-01 11:18:19 AM,1351.8,0,0.0,108080680.60000007
2025-08-01 11:18:20 AM,1350.8,923,1246788.4,109327469.00000007
2025-08-01 11:18:31 AM,1350.3,0,0.0,109327469.00000007
2025-08-01 11:18:31 AM,1350.3,53,71565.9,109399034.90000008
2025-08-01 11:18:33 AM,1349.7,5,6748.5,109405783.40000008
2025-08-01 11:18:41 AM,1350.7,0,0.0,109405783.40000008
2025-08-01 11:18:43 AM,1350.7,5,6753.5,109412536.90000008
2025-08-01 11:19:14 AM,1350.5,0,0.0,109412536.90000008
2025-08-01 11:19:17 AM,1350.5,8,10804.0,109423340.90000008
2025-08-01 11:19:22 AM,1348.8,0,0.0,109423340.90000008
2025-08-01 11:19:23 AM,1348.8,425,573240.0,109996580.90000008
2025-08-01 11:20:03 AM,1349.4,0,0.0,109996580.90000008
2025-08-01 11:20:06 AM,1349.4,72,97156.8,110093737.70000008
2025-08-01 11:20:08 AM,1350.5,0,0.0,110093737.70000008
2025-08-01 11:20:11 AM,1350.5,1,1350.5,110095088.20000008
2025-08-01 11:20:18 AM,1349.9,0,0.0,110095088.20000008
2025-08-01 11:20:22 AM,1349.9,12,16198.800000000001,110111287.00000007
2025-08-01 11:20:26 AM,1350.0,0,0.0,110111287.00000007
2025-08-01 11:20:27 AM,1350.0,22,29700.0,110140987.00000007
2025-08-01 11:20:30 AM,1350.5,0,0.0,110140987.00000007
2025-08-01 11:20:32 AM,1350.5,100,135050.0,110276037.00000007
2025-08-01 11:20:46 AM,1350.0,0,0.0,110276037.00000007
2025-08-01 11:20:48 AM,1350.0,16,21600.0,110297637.00000007
2025-08-01 11:20:53 AM,1350.5,0,0.0,110297637.00000007
2025-08-01 11:20:58 AM,1349.9,62,83693.8,110381330.80000007
2025-08-01 11:21:14 AM,1348.8,100,134880.0,110516210.80000007
2025-08-01 11:21:30 AM,1348.8,9,12139.199999999999,110528350.00000007
2025-08-01 11:22:01 AM,1349.9,1,1349.9,110529699.90000008
2025-08-01 11:22:04 AM,1350.1,0,0.0,110529699.90000008
2025-08-01 11:22:05 AM,1350.1,625,843812.5,111373512.40000008
2025-08-01 11:22:51 AM,1350.6,0,0.0,111373512.40000008
2025-08-01 11:22:53 AM,1350.9,12,16210.800000000001,111389723.20000008
2025-08-01 11:22:59 AM,1350.9,1,1350.9,111391074.10000008
2025-08-01 11:23:02 AM,1350.7,0,0.0,111391074.10000008
2025-08-01 11:23:04 AM,1350.7,1,1350.7,111392424.80000009
2025-08-01 11:23:10 AM,1350.6,0,0.0,111392424.80000009
2025-08-01 11:23:15 AM,1350.6,5,6753.0,111399177.80000009
2025-08-01 11:23:23 AM,1350.7,0,0.0,111399177.80000009
2025-08-01 11:23:25 AM,1350.7,107,144524.9,111543702.70000009
2025-08-01 11:23:41 AM,1351.2,0,0.0,111543702.70000009
2025-08-01 11:23:41 AM,1351.2,2,2702.4,111546405.1000001
2025-08-01 11:23:46 AM,1351.2,2,2702.4,111549107.5000001
2025-08-01 11:24:00 AM,1351.2,1,1351.2,111550458.7000001
2025-08-01 11:24:05 AM,1351.2,10,13512.0,111563970.7000001
2025-08-01 11:24:37 AM,1351.7,0,0.0,111563970.7000001
2025-08-01 11:24:37 AM,1351.7,1,1351.7,111565322.40000011
2025-08-01 11:24:42 AM,1351.6,10,13516.0,111578838.40000011
2025-08-01 11:24:52 AM,1351.0,0,0.0,111578838.40000011
2025-08-01 11:24:53 AM,1351.0,2,2702.0,111581540.40000011
2025-08-01 11:25:00 AM,1350.1,0,0.0,111581540.40000011
2025-08-01 11:25:04 AM,1350.1,401,541390.1,112122930.5000001
2025-08-01 11:25:08 AM,1351.0,0,0.0,112122930.5000001
2025-08-01 11:25:09 AM,1351.0,229,309379.0,112432309.5000001
2025-08-01 11:26:08 AM,1351.8,0,0.0,112432309.5000001
2025-08-01 11:26:11 AM,1351.8,1,1351.8,112433661.3000001
2025-08-01 11:26:19 AM,1351.9,0,0.0,112433661.3000001
2025-08-01 11:26:21 AM,1351.9,1,1351.9,112435013.2000001
2025-08-01 11:26:26 AM,1352.9,0,0.0,112435013.2000001
2025-08-01 11:26:27 AM,1352.5,242,327305.0,112762318.2000001
2025-08-01 11:26:43 AM,1352.6,3,4057.7999999999997,112766376.0000001
2025-08-01 11:27:13 AM,1352.4,0,0.0,112766376.0000001
2025-08-01 11:27:13 AM,1352.4,1,1352.4,112767728.40000011
2025-08-01 11:27:15 AM,1351.5,0,0.0,112767728.40000011
2025-08-01 11:27:17 AM,1351.5,20,27030.0,112794758.40000011
2025-08-01 11:27:33 AM,1351.4,10,13514.0,112808272.40000011
2025-08-01 11:28:23 AM,1350.8,0,0.0,112808272.40000011
2025-08-01 11:28:25 AM,1350.8,199,268809.2,113077081.60000011
2025-08-01 11:28:35 AM,1351.1,0,0.0,113077081.60000011
2025-08-01 11:28:35 AM,1351.1,129,174291.9,113251373.50000012
2025-08-01 11:28:45 AM,1351.1,11,14862.099999999999,113266235.60000011
2025-08-01 11:29:19 AM,1351.2,0,0.0,113266235.60000011
2025-08-01 11:29:21 AM,1351.2,19,25672.8,113291908.40000011
2025-08-01 11:29:28 AM,1351.3,0,0.0,113291908.40000011
2025-08-01 11:29:29 AM,1351.3,1,1351.3,113293259.7000001
2025-08-01 11:30:07 AM,1351.9,0,0.0,113293259.7000001
2025-08-01 11:30:08 AM,1351.9,20,27038.0,113320297.7000001
2025-08-01 11:30:09 AM,1351.0,0,0.0,113320297.7000001
2025-08-01 11:30:10 AM,1351.0,2,2702.0,113322999.7000001
2025-08-01 11:30:13 AM,1350.8,0,0.0,113322999.7000001
2025-08-01 11:30:13 AM,1350.8,18,24314.399999999998,113347314.10000011
2025-08-01 11:30:35 AM,1351.1,0,0.0,113347314.10000011
2025-08-01 11:30:36 AM,1351.1,1,1351.1,113348665.2000001
2025-08-01 11:30:52 AM,1350.4,103,139091.2,113487756.40000011
2025-08-01 11:30:55 AM,1350.9,0,0.0,113487756.40000011
2025-08-01 11:30:55 AM,1350.9,3,4052.7000000000003,113491809.10000011
2025-08-01 11:31:55 AM,1352.0,0,0.0,113491809.10000011
2025-08-01 11:31:57 AM,1350.8,2001,2702950.8,116194759.90000011
2025-08-01 11:32:08 AM,1350.8,11,14858.8,116209618.7000001
2025-08-01 11:32:10 AM,1350.0,64,86400.0,116296018.7000001
2025-08-01 11:33:04 AM,1350.5,0,0.0,116296018.7000001
2025-08-01 11:33:05 AM,1350.0,0,0.0,116296018.7000001
2025-08-01 11:33:05 AM,1350.0,2,2700.0,116298718.7000001
2025-08-01 11:33:19 AM,1351.5,0,0.0,116298718.7000001
2025-08-01 11:33:20 AM,1349.0,0,0.0,116298718.7000001
2025-08-01 11:33:21 AM,1349.0,435,586815.0,116885533.7000001
2025-08-01 11:33:52 AM,1350.0,1,1350.0,116886883.7000001
2025-08-01 11:34:09 AM,1350.5,0,0.0,116886883.7000001
2025-08-01 11:34:11 AM,1349.4,0,0.0,116886883.7000001
2025-08-01 11:34:11 AM,1349.4,30,40482.0,116927365.7000001
2025-08-01 11:34:14 AM,1350.2,0,0.0,116927365.7000001
2025-08-01 11:34:17 AM,1350.2,27,36455.4,116963821.10000011
2025-08-01 11:34:24 AM,1351.2,0,0.0,116963821.10000011
2025-08-01 11:34:27 AM,1351.9,105,141949.5,117105770.60000011
2025-08-01 11:34:27 AM,1350.8,44,59435.2,117165205.80000012
2025-08-01 11:34:34 AM,1351.1,0,0.0,117165205.80000012
2025-08-01 11:34:37 AM,1351.1,7,9457.699999999999,117174663.50000012
2025-08-01 11:34:39 AM,1350.4,0,0.0,117174663.50000012
2025-08-01 11:34:41 AM,1351.9,0,0.0,117174663.50000012
2025-08-01 11:34:43 AM,1352.0,42,56784.0,117231447.50000012
2025-08-01 11:34:49 AM,1351.9,0,0.0,117231447.50000012
2025-08-01 11:34:51 AM,1352.0,0,0.0,117231447.50000012
2025-08-01 11:34:53 AM,1352.0,18,24336.0,117255783.50000012
2025-08-01 11:35:03 AM,1352.0,10,13520.0,117269303.50000012
2025-08-01 11:35:31 AM,1352.0,1,1352.0,117270655.50000012
2025-08-01 11:35:46 AM,1352.0,1,1352.0,117272007.50000012
2025-08-01 11:36:10 AM,1351.9,0,0.0,117272007.50000012
2025-08-01 11:36:12 AM,1351.9,1,1351.9,117273359.40000013
2025-08-01 11:36:15 AM,1351.4,0,0.0,117273359.40000013
2025-08-01 11:36:17 AM,1351.4,1,1351.4,117274710.80000013
2025-08-01 11:36:37 AM,1351.4,6,8108.400000000001,117282819.20000014
2025-08-01 11:36:39 AM,1351.3,0,0.0,117282819.20000014
2025-08-01 11:36:43 AM,1351.3,60,81078.0,117363897.20000014
2025-08-01 11:37:15 AM,1351.3,30,40539.0,117404436.20000014
2025-08-01 11:37:33 AM,1350.4,0,0.0,117404436.20000014
2025-08-01 11:37:35 AM,1350.4,1,1350.4,117405786.60000014
2025-08-01 11:37:51 AM,1351.3,2,2702.6,117408489.20000014
2025-08-01 11:37:56 AM,1351.3,1,1351.3,117409840.50000013
2025-08-01 11:38:16 AM,1351.3,1,1351.3,117411191.80000013
2025-08-01 11:38:35 AM,1351.4,0,0.0,117411191.80000013
2025-08-01 11:38:36 AM,1351.4,150,202710.0,117613901.80000013
2025-08-01 11:38:38 AM,1351.0,0,0.0,117613901.80000013
2025-08-01 11:38:41 AM,1351.0,5,6755.0,117620656.80000013
2025-08-01 11:38:46 AM,1351.1,0,0.0,117620656.80000013
2025-08-01 11:38:46 AM,1351.1,7,9457.699999999999,117630114.50000013
2025-08-01 11:38:55 AM,1350.2,0,0.0,117630114.50000013
2025-08-01 11:38:57 AM,1350.2,36,48607.200000000004,117678721.70000014
2025-08-01 11:38:58 AM,1350.0,0,0.0,117678721.70000014
2025-08-01 11:39:01 AM,1350.0,4,5400.0,117684121.70000014
2025-08-01 11:39:03 AM,1349.6,0,0.0,117684121.70000014
2025-08-01 11:39:05 AM,1349.9,0,0.0,117684121.70000014
2025-08-01 11:39:06 AM,1349.9,551,743794.9,118427916.60000014
2025-08-01 11:39:15 AM,1349.1,0,0.0,118427916.60000014
2025-08-01 11:39:16 AM,1349.1,1,1349.1,118429265.70000014
2025-08-01 11:39:33 AM,1348.5,294,396459.0,118825724.70000014
2025-08-01 11:39:43 AM,1348.5,50,67425.0,118893149.70000014
2025-08-01 11:39:49 AM,1349.0,50,67450.0,118960599.70000014
2025-08-01 11:39:50 AM,1349.1,5,6745.5,118967345.20000014
2025-08-01 11:39:55 AM,1349.1,1,1349.1,118968694.30000013
2025-08-01 11:39:59 AM,1349.1,10,13491.0,118982185.30000013
2025-08-01 11:40:03 AM,1348.0,0,0.0,118982185.30000013
2025-08-01 11:40:04 AM,1348.0,268,361264.0,119343449.30000013
2025-08-01 11:40:10 AM,1349.2,20,26984.0,119370433.30000013
2025-08-01 11:40:13 AM,1348.2,0,0.0,119370433.30000013
2025-08-01 11:40:14 AM,1348.2,9,12133.800000000001,119382567.10000013
2025-08-01 11:40:26 AM,1348.1,0,0.0,119382567.10000013
2025-08-01 11:40:29 AM,1348.1,100,134810.0,119517377.10000013
2025-08-01 11:40:55 AM,1348.3,5,6741.5,119524118.60000013
2025-08-01 11:40:57 AM,1348.2,0,0.0,119524118.60000013
2025-08-01 11:41:00 AM,1348.2,15,20223.0,119544341.60000013
2025-08-01 11:41:01 AM,1349.8,0,0.0,119544341.60000013
2025-08-01 11:41:05 AM,1349.8,100,134980.0,119679321.60000013
2025-08-01 11:41:19 AM,1350.2,0,0.0,119679321.60000013
2025-08-01 11:41:20 AM,1349.8,65,87737.0,119767058.60000013
2025-08-01 11:41:27 AM,1350.0,0,0.0,119767058.60000013
2025-08-01 11:41:30 AM,1350.0,3,4050.0,119771108.60000013
2025-08-01 11:41:47 AM,1349.1,0,0.0,119771108.60000013
2025-08-01 11:41:50 AM,1349.1,29,39123.899999999994,119810232.50000013
2025-08-01 11:41:53 AM,1349.0,0,0.0,119810232.50000013
2025-08-01 11:41:55 AM,1349.6,0,0.0,119810232.50000013
2025-08-01 11:41:56 AM,1349.6,55,74228.0,119884460.50000013
2025-08-01 11:42:06 AM,1349.6,4,5398.4,119889858.90000014
2025-08-01 11:42:23 AM,1348.8,0,0.0,119889858.90000014
2025-08-01 11:42:26 AM,1348.8,4,5395.2,119895254.10000014
2025-08-01 11:42:42 AM,1348.8,50,67440.0,119962694.10000014
2025-08-01 11:42:51 AM,1348.2,0,0.0,119962694.10000014
2025-08-01 11:42:53 AM,1348.2,7,9437.4,119972131.50000015
2025-08-01 11:43:05 AM,1348.0,0,0.0,119972131.50000015
2025-08-01 11:43:08 AM,1348.0,30,40440.0,120012571.50000015
2025-08-01 11:43:15 AM,1349.3,40,53972.0,120066543.50000015
2025-08-01 11:43:19 AM,1349.9,0,0.0,120066543.50000015
2025-08-01 11:43:19 AM,1349.9,4,5399.6,120071943.10000014
2025-08-01 11:43:20 AM,1348.5,61,82258.5,120154201.60000014
2025-08-01 11:43:27 AM,1348.0,0,0.0,120154201.60000014
2025-08-01 11:43:30 AM,1348.0,173,233204.0,120387405.60000014
2025-08-01 11:43:39 AM,1349.2,0,0.0,120387405.60000014
2025-08-01 11:43:40 AM,1349.2,50,67460.0,120454865.60000014
2025-08-01 11:43:47 AM,1348.2,0,0.0,120454865.60000014
2025-08-01 11:43:50 AM,1348.2,1,1348.2,120456213.80000015
2025-08-01 11:43:55 AM,1349.0,0,0.0,120456213.80000015
2025-08-01 11:43:56 AM,1349.0,3,4047.0,120460260.80000015
2025-08-01 11:44:07 AM,1348.0,26,35048.0,120495308.80000015
2025-08-01 11:44:08 AM,1347.8,0,0.0,120495308.80000015
2025-08-01 11:44:13 AM,1347.5,63,84892.5,120580201.30000015
2025-08-01 11:44:19 AM,1347.5,10,13475.0,120593676.30000015
2025-08-01 11:44:25 AM,1347.5,65,87587.5,120681263.80000015
2025-08-01 11:44:33 AM,1347.1,0,0.0,120681263.80000015
2025-08-01 11:44:36 AM,1347.1,21,28289.1,120709552.90000014
2025-08-01 11:44:40 AM,1346.2,0,0.0,120709552.90000014
2025-08-01 11:44:42 AM,1346.2,217,292125.4,121001678.30000015
2025-08-01 11:44:58 AM,1346.2,75,100965.0,121102643.30000015
2025-08-01 11:45:03 AM,1347.5,104,140140.0,121242783.30000015
2025-08-01 11:45:04 AM,1346.2,0,0.0,121242783.30000015
2025-08-01 11:45:08 AM,1346.2,14,18846.8,121261630.10000014
2025-08-01 11:45:15 AM,1346.4,0,0.0,121261630.10000014
2025-08-01 11:45:19 AM,1346.4,5,6732.0,121268362.10000014
2025-08-01 11:45:27 AM,1346.3,0,0.0,121268362.10000014
2025-08-01 11:45:28 AM,1347.5,0,0.0,121268362.10000014
2025-08-01 11:45:30 AM,1347.5,13,17517.5,121285879.60000014
2025-08-01 11:45:33 AM,1348.5,0,0.0,121285879.60000014
2025-08-01 11:45:35 AM,1348.5,1,1348.5,121287228.10000014
2025-08-01 11:45:37 AM,1346.5,0,0.0,121287228.10000014
2025-08-01 11:45:40 AM,1346.5,594,799821.0,122087049.10000014
2025-08-01 11:45:49 AM,1346.7,0,0.0,122087049.10000014
2025-08-01 11:45:51 AM,1346.7,21,28280.7,122115329.80000015
2025-08-01 11:46:07 AM,1347.9,50,67395.0,122182724.80000015
2025-08-01 11:46:12 AM,1347.4,10,13474.0,122196198.80000015
2025-08-01 11:46:23 AM,1347.6,0,0.0,122196198.80000015
2025-08-01 11:46:23 AM,1347.6,10,13476.0,122209674.80000015
2025-08-01 11:46:37 AM,1347.4,0,0.0,122209674.80000015
2025-08-01 11:46:39 AM,1347.4,11,14821.400000000001,122224496.20000015
2025-08-01 11:46:53 AM,1346.5,0,0.0,122224496.20000015
2025-08-01 11:46:55 AM,1346.5,68,91562.0,122316058.20000015
2025-08-01 11:47:05 AM,1347.1,1,1347.1,122317405.30000015
2025-08-01 11:47:06 AM,1347.1,3,4041.2999999999997,122321446.60000014
2025-08-01 11:47:15 AM,1347.1,29,39065.899999999994,122360512.50000015
2025-08-01 11:47:18 AM,1346.6,0,0.0,122360512.50000015
2025-08-01 11:47:20 AM,1346.6,20,26932.0,122387444.50000015
2025-08-01 11:47:33 AM,1347.9,0,0.0,122387444.50000015
2025-08-01 11:47:34 AM,1348.2,0,0.0,122387444.50000015
2025-08-01 11:47:36 AM,1348.2,30,40446.0,122427890.50000015
2025-08-01 11:47:39 AM,1348.5,0,0.0,122427890.50000015
2025-08-01 11:47:41 AM,1348.5,10,13485.0,122441375.50000015
2025-08-01 11:47:46 AM,1348.9,11,14837.900000000001,122456213.40000015
2025-08-01 11:47:47 AM,1348.0,0,0.0,122456213.40000015
2025-08-01 11:47:51 AM,1348.0,17,22916.0,122479129.40000015
2025-08-01 11:48:22 AM,1348.0,34,45832.0,122524961.40000015
2025-08-01 11:48:32 AM,1348.0,11,14828.0,122539789.40000015
2025-08-01 11:48:39 AM,1348.4,0,0.0,122539789.40000015
2025-08-01 11:48:42 AM,1348.4,178,240015.2,122779804.60000016
2025-08-01 11:49:14 AM,1350.1,0,0.0,122779804.60000016
2025-08-01 11:49:18 AM,1349.7,0,0.0,122779804.60000016
2025-08-01 11:49:18 AM,1349.7,30,40491.0,122820295.60000016
2025-08-01 11:49:39 AM,1351.1,34,45937.399999999994,122866233.00000016
2025-08-01 11:49:54 AM,1351.1,5,6755.5,122872988.50000016
2025-08-01 11:50:09 AM,1352.3,0,0.0,122872988.50000016
2025-08-01 11:50:10 AM,1352.3,235,317790.5,123190779.00000016
2025-08-01 11:50:19 AM,1351.2,0,0.0,123190779.00000016
2025-08-01 11:50:20 AM,1350.1,0,0.0,123190779.00000016
2025-08-01 11:50:20 AM,1350.1,12,16201.199999999999,123206980.20000017
2025-08-01 11:50:22 AM,1350.8,0,0.0,123206980.20000017
2025-08-01 11:50:23 AM,1349.4,0,0.0,123206980.20000017
2025-08-01 11:50:26 AM,1349.4,64,86361.6,123293341.80000016
2025-08-01 11:50:47 AM,1349.2,0,0.0,123293341.80000016
2025-08-01 11:50:50 AM,1349.2,1,1349.2,123294691.00000016
2025-08-01 11:51:10 AM,1349.3,0,0.0,123294691.00000016
2025-08-01 11:51:10 AM,1349.3,1,1349.3,123296040.30000016
2025-08-01 11:51:16 AM,1349.2,0,0.0,123296040.30000016
2025-08-01 11:51:20 AM,1349.2,1,1349.2,123297389.50000016
2025-08-01 11:51:22 AM,1348.2,0,0.0,123297389.50000016
2025-08-01 11:51:24 AM,1348.2,15,20223.0,123317612.50000016
2025-08-01 11:51:37 AM,1349.6,0,0.0,123317612.50000016
2025-08-01 11:51:40 AM,1349.6,10,13496.0,123331108.50000016
2025-08-01 11:52:04 AM,1349.5,0,0.0,123331108.50000016
2025-08-01 11:52:04 AM,1349.5,1,1349.5,123332458.00000016
2025-08-01 11:52:23 AM,1351.0,0,0.0,123332458.00000016
2025-08-01 11:52:25 AM,1351.0,351,474201.0,123806659.00000016
2025-08-01 11:52:47 AM,1350.1,0,0.0,123806659.00000016
2025-08-01 11:52:50 AM,1350.1,80,108008.0,123914667.00000016
2025-08-01 11:53:14 AM,1352.5,0,0.0,123914667.00000016
2025-08-01 11:53:16 AM,1352.5,211,285377.5,124200044.50000016
2025-08-01 11:53:34 AM,1351.6,0,0.0,124200044.50000016
2025-08-01 11:53:36 AM,1351.6,801,1082631.5999999999,125282676.10000016
2025-08-01 11:53:46 AM,1350.5,0,0.0,125282676.10000016
2025-08-01 11:53:46 AM,1351.3,43,58105.9,125340782.00000016
2025-08-01 11:54:11 AM,1352.3,0,0.0,125340782.00000016
2025-08-01 11:54:11 AM,1352.3,1,1352.3,125342134.30000016
2025-08-01 11:54:17 AM,1352.3,7,9466.1,125351600.40000015
2025-08-01 11:54:32 AM,1352.3,5,6761.5,125358361.90000015
2025-08-01 11:54:37 AM,1352.3,74,100070.2,125458432.10000016
2025-08-01 11:54:49 AM,1352.2,0,0.0,125458432.10000016
2025-08-01 11:54:51 AM,1351.1,0,0.0,125458432.10000016
2025-08-01 11:54:52 AM,1351.1,6,8106.599999999999,125466538.70000015
2025-08-01 11:55:05 AM,1350.3,0,0.0,125466538.70000015
2025-08-01 11:55:07 AM,1350.3,32,43209.6,125509748.30000015
2025-08-01 11:55:51 AM,1350.4,0,0.0,125509748.30000015
2025-08-01 11:55:52 AM,1350.4,5,6752.0,125516500.30000015
2025-08-01 11:56:12 AM,1350.0,0,0.0,125516500.30000015
2025-08-01 11:56:13 AM,1350.0,10,13500.0,125530000.30000015
2025-08-01 11:56:38 AM,1351.3,0,0.0,125530000.30000015
2025-08-01 11:56:38 AM,1351.3,15,20269.5,125550269.80000015
2025-08-01 11:56:41 AM,1351.2,0,0.0,125550269.80000015
2025-08-01 11:56:43 AM,1351.2,5,6756.0,125557025.80000015
2025-08-01 11:56:54 AM,1351.1,0,0.0,125557025.80000015
2025-08-01 11:56:55 AM,1351.0,3,4053.0,125561078.80000015
2025-08-01 11:56:58 AM,1350.2,0,0.0,125561078.80000015
2025-08-01 11:56:58 AM,1350.2,177,238985.4,125800064.20000015
2025-08-01 11:57:18 AM,1350.2,1,1350.2,125801414.40000015
2025-08-01 11:57:42 AM,1349.2,0,0.0,125801414.40000015
2025-08-01 11:57:43 AM,1349.2,11,14841.2,125816255.60000016
2025-08-01 11:57:45 AM,1350.2,9,12151.800000000001,125828407.40000015
2025-08-01 11:57:47 AM,1350.9,0,0.0,125828407.40000015
2025-08-01 11:57:48 AM,1350.9,1,1350.9,125829758.30000016
2025-08-01 11:58:11 AM,1351.4,0,0.0,125829758.30000016
2025-08-01 11:58:15 AM,1351.4,10,13514.0,125843272.30000016
2025-08-01 11:58:31 AM,1351.4,1,1351.4,125844623.70000017
2025-08-01 11:58:47 AM,1351.4,25,33785.0,125878408.70000017
2025-08-01 11:59:13 AM,1350.1,35,47253.5,125925662.20000017
2025-08-01 11:59:49 AM,1350.0,83,112050.0,126037712.20000017
2025-08-01 11:59:58 AM,1348.5,0,0.0,126037712.20000017
2025-08-01 11:59:59 AM,1348.5,72,97092.0,126134804.20000017
2025-08-01 12:00:17 PM,1348.4,0,0.0,126134804.20000017
2025-08-01 12:00:17 PM,1348.4,50,67420.0,126202224.20000017
2025-08-01 12:00:19 PM,1349.4,0,0.0,126202224.20000017
2025-08-01 12:00:20 PM,1349.4,254,342747.60000000003,126544971.80000016
2025-08-01 12:00:24 PM,1350.3,0,0.0,126544971.80000016
2025-08-01 12:00:26 PM,1350.3,202,272760.6,126817732.40000015
2025-08-01 12:00:29 PM,1349.4,0,0.0,126817732.40000015
2025-08-01 12:00:31 PM,1349.4,9,12144.6,126829877.00000015
2025-08-01 12:00:43 PM,1349.2,0,0.0,126829877.00000015
2025-08-01 12:00:45 PM,1349.2,11,14841.2,126844718.20000015
2025-08-01 12:01:03 PM,1349.8,0,0.0,126844718.20000015
2025-08-01 12:01:05 PM,1349.8,5,6749.0,126851467.20000015
2025-08-01 12:01:20 PM,1349.8,4,5399.2,126856866.40000015
2025-08-01 12:01:35 PM,1350.0,0,0.0,126856866.40000015
2025-08-01 12:01:36 PM,1350.0,25,33750.0,126890616.40000015
2025-08-01 12:01:58 PM,1350.3,0,0.0,126890616.40000015
2025-08-01 12:01:59 PM,1350.3,1,1350.3,126891966.70000015
2025-08-01 12:02:40 PM,1349.6,0,0.0,126891966.70000015
2025-08-01 12:02:42 PM,1349.6,3,4048.7999999999997,126896015.50000015
2025-08-01 12:02:49 PM,1349.3,12,16191.599999999999,126912207.10000014
2025-08-01 12:03:29 PM,1349.3,1,1349.3,126913556.40000014
2025-08-01 12:03:44 PM,1349.3,10,13493.0,126927049.40000014
2025-08-01 12:04:16 PM,1349.3,1,1349.3,126928398.70000014
2025-08-01 12:04:36 PM,1347.6,0,0.0,126928398.70000014
2025-08-01 12:04:37 PM,1347.6,510,687276.0,127615674.70000014
2025-08-01 12:04:38 PM,1349.0,0,0.0,127615674.70000014
2025-08-01 12:04:38 PM,1349.0,1,1349.0,127617023.70000014
2025-08-01 12:04:53 PM,1349.0,3,4047.0,127621070.70000014
2025-08-01 12:04:54 PM,1348.2,0,0.0,127621070.70000014
2025-08-01 12:04:56 PM,1348.2,25,33705.0,127654775.70000014
2025-08-01 12:05:10 PM,1349.1,0,0.0,127654775.70000014
2025-08-01 12:05:13 PM,1349.1,50,67455.0,127722230.70000014
2025-08-01 12:05:42 PM,1349.1,25,33727.5,127755958.20000014
2025-08-01 12:05:43 PM,1349.1,3,4047.2999999999997,127760005.50000013
2025-08-01 12:05:58 PM,1349.1,1,1349.1,127761354.60000013
2025-08-01 12:06:00 PM,1348.5,0,0.0,127761354.60000013
2025-08-01 12:06:03 PM,1348.5,37,49894.5,127811249.10000013
2025-08-01 12:06:08 PM,1348.5,25,33712.5,127844961.60000013
2025-08-01 12:06:12 PM,1347.5,0,0.0,127844961.60000013
2025-08-01 12:06:13 PM,1347.5,50,67375.0,127912336.60000013
2025-08-01 12:06:14 PM,1348.3,0,0.0,127912336.60000013
2025-08-01 12:06:17 PM,1348.3,6,8089.799999999999,127920426.40000013
2025-08-01 12:06:42 PM,1348.5,3,4045.5,127924471.90000013
2025-08-01 12:06:52 PM,1349.1,1,1349.1,127925821.00000012
2025-08-01 12:07:07 PM,1349.1,10,13491.0,127939312.00000012
2025-08-01 12:07:08 PM,1348.5,0,0.0,127939312.00000012
2025-08-01 12:07:12 PM,1348.5,24,32364.0,127971676.00000012
2025-08-01 12:07:20 PM,1349.1,0,0.0,127971676.00000012
2025-08-01 12:07:22 PM,1349.1,4,5396.4,127977072.40000013
2025-08-01 12:07:53 PM,1349.1,1,1349.1,127978421.50000012
2025-08-01 12:08:13 PM,1349.1,1,1349.1,127979770.60000011
2025-08-01 12:08:22 PM,1349.3,0,0.0,127979770.60000011
2025-08-01 12:08:23 PM,1349.3,7,9445.1,127989215.7000001
2025-08-01 12:08:32 PM,1349.2,0,0.0,127989215.7000001
2025-08-01 12:08:33 PM,1349.2,2,2698.4,127991914.10000011
2025-08-01 12:08:38 PM,1349.6,1,1349.6,127993263.7000001
2025-08-01 12:08:40 PM,1349.1,0,0.0,127993263.7000001
2025-08-01 12:08:43 PM,1349.1,49,66105.9,128059369.60000011
2025-08-01 12:08:47 PM,1349.1,10,13491.0,128072860.60000011
2025-08-01 12:09:27 PM,1349.1,3,4047.2999999999997,128076907.90000011
2025-08-01 12:09:28 PM,1349.1,1,1349.1,128078257.0000001
2025-08-01 12:09:48 PM,1349.0,0,0.0,128078257.0000001
2025-08-01 12:09:52 PM,1349.0,5,6745.0,128085002.0000001
2025-08-01 12:09:57 PM,1349.0,6,8094.0,128093096.0000001
2025-08-01 12:10:07 PM,1349.0,1,1349.0,128094445.0000001
2025-08-01 12:10:38 PM,1349.0,1,1349.0,128095794.0000001
2025-08-01 12:10:46 PM,1349.4,0,0.0,128095794.0000001
2025-08-01 12:10:47 PM,1349.4,20,26988.0,128122782.0000001
2025-08-01 12:11:02 PM,1349.3,1,1349.3,128124131.3000001
2025-08-01 12:11:48 PM,1348.8,0,0.0,128124131.3000001
2025-08-01 12:11:51 PM,1348.8,16,21580.8,128145712.1000001
2025-08-01 12:12:28 PM,1348.5,0,0.0,128145712.1000001
2025-08-01 12:12:31 PM,1348.5,12,16182.0,128161894.1000001
2025-08-01 12:12:41 PM,1348.5,37,49894.5,128211788.6000001
2025-08-01 12:12:48 PM,1348.3,0,0.0,128211788.6000001
2025-08-01 12:12:51 PM,1348.5,15,20227.5,128232016.1000001
2025-08-01 12:13:02 PM,1348.5,100,134850.0,128366866.1000001
2025-08-01 12:13:24 PM,1347.3,0,0.0,128366866.1000001
2025-08-01 12:13:26 PM,1347.3,211,284280.3,128651146.4000001
2025-08-01 12:13:30 PM,1349.4,0,0.0,128651146.4000001
2025-08-01 12:13:31 PM,1349.4,24,32385.600000000002,128683532.00000009
2025-08-01 12:13:46 PM,1349.7,0,0.0,128683532.00000009
2025-08-01 12:13:46 PM,1349.7,9,12147.300000000001,128695679.30000009
2025-08-01 12:14:20 PM,1348.6,0,0.0,128695679.30000009
2025-08-01 12:14:21 PM,1348.6,148,199592.8,128895272.10000008
2025-08-01 12:14:40 PM,1347.4,0,0.0,128895272.10000008
2025-08-01 12:14:41 PM,1347.4,13,17516.2,128912788.30000009
2025-08-01 12:14:50 PM,1348.1,0,0.0,128912788.30000009
2025-08-01 12:14:52 PM,1348.1,20,26962.0,128939750.30000009
2025-08-01 12:15:14 PM,1348.2,0,0.0,128939750.30000009
2025-08-01 12:15:17 PM,1348.2,10,13482.0,128953232.30000009
2025-08-01 12:15:50 PM,1347.1,0,0.0,128953232.30000009
2025-08-01 12:15:53 PM,1347.1,10,13471.0,128966703.30000009
2025-08-01 12:15:56 PM,1347.0,0,0.0,128966703.30000009
2025-08-01 12:15:58 PM,1347.0,69,92943.0,129059646.30000009
2025-08-01 12:16:08 PM,1347.0,80,107760.0,129167406.30000009
2025-08-01 12:16:27 PM,1348.1,1,1348.1,129168754.40000008
2025-08-01 12:16:32 PM,1348.1,356,479923.6,129648678.00000007
2025-08-01 12:16:46 PM,1346.9,0,0.0,129648678.00000007
2025-08-01 12:16:47 PM,1346.9,16,21550.4,129670228.40000008
2025-08-01 12:16:57 PM,1346.9,90,121221.00000000001,129791449.40000008
2025-08-01 12:17:16 PM,1346.6,0,0.0,129791449.40000008
2025-08-01 12:17:16 PM,1346.6,5,6733.0,129798182.40000008
2025-08-01 12:17:32 PM,1347.6,0,0.0,129798182.40000008
2025-08-01 12:17:32 PM,1346.5,0,0.0,129798182.40000008
2025-08-01 12:17:35 PM,1346.5,31,41741.5,129839923.90000008
2025-08-01 12:17:58 PM,1347.4,0,0.0,129839923.90000008
2025-08-01 12:17:59 PM,1346.1,185,249028.49999999997,130088952.40000008
2025-08-01 12:18:05 PM,1346.1,10,13461.0,130102413.40000008
2025-08-01 12:18:06 PM,1347.4,0,0.0,130102413.40000008
2025-08-01 12:18:08 PM,1347.0,0,0.0,130102413.40000008
2025-08-01 12:18:10 PM,1347.6,655,882677.9999999999,130985091.40000008
2025-08-01 12:18:14 PM,1347.6,1,1347.6,130986439.00000007
2025-08-01 12:18:16 PM,1347.0,0,0.0,130986439.00000007
2025-08-01 12:18:19 PM,1347.0,8,10776.0,130997215.00000007
2025-08-01 12:18:33 PM,1347.0,10,13470.0,131010685.00000007
2025-08-01 12:18:46 PM,1347.4,0,0.0,131010685.00000007
2025-08-01 12:18:48 PM,1347.5,0,0.0,131010685.00000007
2025-08-01 12:18:49 PM,1347.5,46,61985.0,131072670.00000007
