date,price,qty,trnvr,cum_trnvr
2025-08-01 09:15:06 AM,2799.8,269,753146.2000000001,753146.2000000001
2025-08-01 09:15:06 AM,2798.4,0,0.0,753146.2000000001
2025-08-01 09:15:08 AM,2795.2,109,304676.8,1057823.0
2025-08-01 09:15:15 AM,2783.1,0,0.0,1057823.0
2025-08-01 09:15:16 AM,2780.9,0,0.0,1057823.0
2025-08-01 09:15:18 AM,2780.2,3183,8849376.6,9907199.6
2025-08-01 09:15:20 AM,2781.4,763,2122208.2,12029407.8
2025-08-01 09:15:23 AM,2783.4,0,0.0,12029407.8
2025-08-01 09:15:25 AM,2778.0,0,0.0,12029407.8
2025-08-01 09:15:27 AM,2779.9,920,2557508.0,14586915.8
2025-08-01 09:15:29 AM,2787.0,465,1295955.0,15882870.8
2025-08-01 09:15:30 AM,2789.7,0,0.0,15882870.8
2025-08-01 09:15:35 AM,2784.3,0,0.0,15882870.8
2025-08-01 09:15:36 AM,2784.3,81,225528.30000000002,16108399.100000001
2025-08-01 09:15:37 AM,2784.6,3,8353.8,16116752.900000002
2025-08-01 09:15:44 AM,2784.6,991,2759538.6,18876291.500000004
2025-08-01 09:15:46 AM,2785.4,362,1008314.8,19884606.300000004
2025-08-01 09:15:48 AM,2785.6,0,0.0,19884606.300000004
2025-08-01 09:15:50 AM,2783.9,0,0.0,19884606.300000004
2025-08-01 09:15:52 AM,2783.9,1102,3067857.8000000003,22952464.100000005
2025-08-01 09:15:54 AM,2783.8,28,77946.40000000001,23030410.500000004
2025-08-01 09:15:57 AM,2783.9,0,0.0,23030410.500000004
2025-08-01 09:15:59 AM,2784.5,0,0.0,23030410.500000004
2025-08-01 09:16:00 AM,2784.5,691,1924089.5,24954500.000000004
2025-08-01 09:16:01 AM,2783.8,0,0.0,24954500.000000004
2025-08-01 09:16:02 AM,2783.8,275,765545.0,25720045.000000004
2025-08-01 09:16:02 AM,2786.8,0,0.0,25720045.000000004
2025-08-01 09:16:02 AM,2786.8,34,94751.20000000001,25814796.200000003
2025-08-01 09:16:03 AM,2786.5,280,780220.0,26595016.200000003
2025-08-01 09:16:04 AM,2785.8,49,136504.2,26731520.400000002
2025-08-01 09:16:06 AM,2785.8,165,459657.00000000006,27191177.400000002
2025-08-01 09:16:10 AM,2785.8,601,1674265.8,28865443.200000003
2025-08-01 09:16:11 AM,2788.5,0,0.0,28865443.200000003
2025-08-01 09:16:11 AM,2788.5,396,1104246.0,29969689.200000003
2025-08-01 09:16:11 AM,2790.8,0,0.0,29969689.200000003
2025-08-01 09:16:11 AM,2790.8,14,39071.200000000004,30008760.400000002
2025-08-01 09:16:12 AM,2790.9,23,64190.700000000004,30072951.1
2025-08-01 09:16:15 AM,2789.2,548,1528481.5999999999,31601432.700000003
2025-08-01 09:16:17 AM,2788.7,20,55774.0,31657206.700000003
2025-08-01 09:16:18 AM,2788.7,132,368108.39999999997,32025315.1
2025-08-01 09:16:20 AM,2785.0,1309,3645565.0,35670880.1
2025-08-01 09:16:21 AM,2785.0,19,52915.0,35723795.1
2025-08-01 09:16:25 AM,2783.7,71,197642.69999999998,35921437.800000004
2025-08-01 09:16:25 AM,2783.6,0,0.0,35921437.800000004
2025-08-01 09:16:26 AM,2783.6,27,75157.2,35996595.00000001
2025-08-01 09:16:27 AM,2784.1,2,5568.2,36002163.20000001
2025-08-01 09:16:30 AM,2785.0,100,278500.0,36280663.20000001
2025-08-01 09:16:31 AM,2783.6,917,2552561.1999999997,38833224.40000001
2025-08-01 09:16:31 AM,2782.8,0,0.0,38833224.40000001
2025-08-01 09:16:32 AM,2783.8,421,1171979.8,40005204.20000001
2025-08-01 09:16:34 AM,2782.0,145,403390.0,40408594.20000001
2025-08-01 09:16:34 AM,2779.5,3,8338.5,40416932.70000001
2025-08-01 09:16:38 AM,2778.9,100,277890.0,40694822.70000001
2025-08-01 09:16:42 AM,2783.2,0,0.0,40694822.70000001
2025-08-01 09:16:43 AM,2783.2,100,278320.0,40973142.70000001
2025-08-01 09:16:46 AM,2778.8,183,508520.4,41481663.10000001
2025-08-01 09:16:47 AM,2778.8,23,63912.4,41545575.50000001
2025-08-01 09:16:50 AM,2778.8,78,216746.40000000002,41762321.900000006
2025-08-01 09:16:51 AM,2779.4,29,80602.6,41842924.50000001
2025-08-01 09:16:52 AM,2780.1,9,25020.899999999998,41867945.400000006
2025-08-01 09:16:54 AM,2775.2,489,1357072.7999999998,43225018.2
2025-08-01 09:16:56 AM,2775.1,157,435690.7,43660708.900000006
2025-08-01 09:16:57 AM,2775.0,51,141525.0,43802233.900000006
2025-08-01 09:16:57 AM,2775.7,0,0.0,43802233.900000006
2025-08-01 09:16:58 AM,2775.7,80,222056.0,44024289.900000006
2025-08-01 09:17:03 AM,2775.7,311,863242.7,44887532.60000001
2025-08-01 09:17:03 AM,2775.2,0,0.0,44887532.60000001
2025-08-01 09:17:04 AM,2775.2,148,410729.6,45298262.20000001
2025-08-01 09:17:05 AM,2775.0,135,374625.0,45672887.20000001
2025-08-01 09:17:09 AM,2775.0,40,111000.0,45783887.20000001
2025-08-01 09:17:11 AM,2778.1,327,908438.7,46692325.90000001
2025-08-01 09:17:12 AM,2779.9,27,75057.3,46767383.20000001
2025-08-01 09:17:12 AM,2781.1,50,139055.0,46906438.20000001
2025-08-01 09:17:14 AM,2781.3,1,2781.3,46909219.50000001
2025-08-01 09:17:15 AM,2781.3,12,33375.600000000006,46942595.10000001
2025-08-01 09:17:17 AM,2781.2,0,0.0,46942595.10000001
2025-08-01 09:17:17 AM,2781.2,1268,3526561.5999999996,50469156.70000001
2025-08-01 09:17:18 AM,2779.7,1,2779.7,50471936.40000001
2025-08-01 09:17:19 AM,2779.7,1,2779.7,50474716.10000002
2025-08-01 09:17:21 AM,2779.2,5,13896.0,50488612.10000002
2025-08-01 09:17:25 AM,2777.8,55,152779.0,50641391.10000002
2025-08-01 09:17:26 AM,2778.2,0,0.0,50641391.10000002
2025-08-01 09:17:27 AM,2778.2,146,405617.19999999995,51047008.30000002
2025-08-01 09:17:29 AM,2778.0,3,8334.0,51055342.30000002
2025-08-01 09:17:39 AM,2779.9,16,44478.4,51099820.70000002
2025-08-01 09:17:40 AM,2778.6,60,166716.0,51266536.70000002
2025-08-01 09:17:44 AM,2781.1,0,0.0,51266536.70000002
2025-08-01 09:17:44 AM,2781.1,35,97338.5,51363875.20000002
2025-08-01 09:17:46 AM,2781.1,35,97338.5,51461213.70000002
2025-08-01 09:17:47 AM,2781.1,36,100119.59999999999,51561333.30000002
2025-08-01 09:17:47 AM,2781.0,0,0.0,51561333.30000002
2025-08-01 09:17:48 AM,2781.0,30,83430.0,51644763.30000002
2025-08-01 09:17:48 AM,2783.8,0,0.0,51644763.30000002
2025-08-01 09:17:49 AM,2783.8,126,350758.80000000005,51995522.10000002
2025-08-01 09:17:54 AM,2783.8,1,2783.8,51998305.90000001
2025-08-01 09:17:54 AM,2781.5,0,0.0,51998305.90000001
2025-08-01 09:17:54 AM,2782.4,0,0.0,51998305.90000001
2025-08-01 09:17:55 AM,2782.4,97,269892.8,52268198.70000001
2025-08-01 09:17:56 AM,2781.0,9,25029.0,52293227.70000001
2025-08-01 09:17:57 AM,2781.6,10,27816.0,52321043.70000001
2025-08-01 09:17:57 AM,2780.1,3,8340.3,52329384.00000001
2025-08-01 09:17:59 AM,2777.5,519,1441522.5,53770906.50000001
2025-08-01 09:17:59 AM,2778.3,0,0.0,53770906.50000001
2025-08-01 09:18:00 AM,2778.3,287,797372.1000000001,54568278.60000001
2025-08-01 09:18:04 AM,2778.7,0,0.0,54568278.60000001
2025-08-01 09:18:04 AM,2778.7,1,2778.7,54571057.30000001
2025-08-01 09:18:05 AM,2778.9,0,0.0,54571057.30000001
2025-08-01 09:18:05 AM,2778.9,156,433508.4,55004565.70000001
2025-08-01 09:18:07 AM,2779.9,12,33358.8,55037924.50000001
2025-08-01 09:18:09 AM,2779.9,1,2779.9,55040704.400000006
2025-08-01 09:18:09 AM,2779.0,10,27790.0,55068494.400000006
2025-08-01 09:18:10 AM,2779.7,146,405836.19999999995,55474330.60000001
2025-08-01 09:18:13 AM,2779.7,10,27797.0,55502127.60000001
2025-08-01 09:18:13 AM,2779.3,3,8337.900000000001,55510465.50000001
2025-08-01 09:18:14 AM,2779.7,37,102848.9,55613314.400000006
2025-08-01 09:18:15 AM,2779.3,3,8337.900000000001,55621652.300000004
2025-08-01 09:18:16 AM,2779.7,5,13898.5,55635550.800000004
2025-08-01 09:18:16 AM,2779.7,1,2779.7,55638330.50000001
2025-08-01 09:18:17 AM,2779.4,1137,3160177.8000000003,58798508.300000004
2025-08-01 09:18:17 AM,2779.4,202,561438.8,59359947.1
2025-08-01 09:18:19 AM,2779.6,2,5559.2,59365506.300000004
2025-08-01 09:18:19 AM,2780.9,1,2780.9,59368287.2
2025-08-01 09:18:24 AM,2781.8,0,0.0,59368287.2
2025-08-01 09:18:24 AM,2781.8,2,5563.6,59373850.800000004
2025-08-01 09:18:27 AM,2781.7,715,1988915.4999999998,61362766.300000004
2025-08-01 09:18:30 AM,2780.9,253,703567.7000000001,62066334.00000001
2025-08-01 09:18:30 AM,2779.9,0,0.0,62066334.00000001
2025-08-01 09:18:31 AM,2779.9,4,11119.6,62077453.60000001
2025-08-01 09:18:31 AM,2775.0,0,0.0,62077453.60000001
2025-08-01 09:18:31 AM,2775.0,212,588300.0,62665753.60000001
2025-08-01 09:18:40 AM,2778.5,0,0.0,62665753.60000001
2025-08-01 09:18:41 AM,2778.5,6,16671.0,62682424.60000001
2025-08-01 09:18:43 AM,2780.5,5,13902.5,62696327.10000001
2025-08-01 09:18:45 AM,2780.1,0,0.0,62696327.10000001
2025-08-01 09:18:46 AM,2780.1,1,2780.1,62699107.20000001
2025-08-01 09:18:51 AM,2779.1,0,0.0,62699107.20000001
2025-08-01 09:18:52 AM,2779.1,2,5558.2,62704665.40000001
2025-08-01 09:19:00 AM,2779.4,1,2779.4,62707444.80000001
2025-08-01 09:19:00 AM,2780.4,0,0.0,62707444.80000001
2025-08-01 09:19:02 AM,2780.4,11,30584.4,62738029.20000001
2025-08-01 09:19:10 AM,2780.0,1,2780.0,62740809.20000001
2025-08-01 09:19:13 AM,2779.5,0,0.0,62740809.20000001
2025-08-01 09:19:18 AM,2780.1,791,2199059.1,64939868.30000001
2025-08-01 09:19:19 AM,2779.4,399,1108980.6,66048848.90000001
2025-08-01 09:19:26 AM,2779.1,20,55582.0,66104430.90000001
2025-08-01 09:19:27 AM,2781.2,480,1334976.0,67439406.9
2025-08-01 09:19:33 AM,2779.7,0,0.0,67439406.9
2025-08-01 09:19:34 AM,2779.7,1045,2904786.5,70344193.4
2025-08-01 09:19:36 AM,2779.8,2,5559.6,70349753.0
2025-08-01 09:19:37 AM,2783.1,0,0.0,70349753.0
2025-08-01 09:19:41 AM,2781.5,0,0.0,70349753.0
2025-08-01 09:19:42 AM,2781.5,441,1226641.5,71576394.5
2025-08-01 09:19:49 AM,2782.9,0,0.0,71576394.5
2025-08-01 09:19:50 AM,2782.9,96,267158.4,71843552.9
2025-08-01 09:19:51 AM,2781.0,0,0.0,71843552.9
2025-08-01 09:19:52 AM,2781.0,275,764775.0,72608327.9
2025-08-01 09:19:57 AM,2782.3,0,0.0,72608327.9
2025-08-01 09:19:58 AM,2785.0,44,122540.0,72730867.9
2025-08-01 09:20:00 AM,2783.5,1,2783.5,72733651.4
2025-08-01 09:20:01 AM,2784.5,3,8353.5,72742004.9
2025-08-01 09:20:03 AM,2785.0,23,64055.0,72806059.9
2025-08-01 09:20:05 AM,2785.7,7,19499.899999999998,72825559.80000001
2025-08-01 09:20:06 AM,2784.8,3,8354.400000000001,72833914.20000002
2025-08-01 09:20:09 AM,2785.7,0,0.0,72833914.20000002
2025-08-01 09:20:10 AM,2785.7,27,75213.9,72909128.10000002
2025-08-01 09:20:14 AM,2784.9,0,0.0,72909128.10000002
2025-08-01 09:20:15 AM,2784.9,950,2645655.0,75554783.10000002
2025-08-01 09:20:18 AM,2784.6,10,27846.0,75582629.10000002
2025-08-01 09:20:20 AM,2784.6,24,66830.4,75649459.50000003
2025-08-01 09:20:20 AM,2785.9,0,0.0,75649459.50000003
2025-08-01 09:20:21 AM,2785.9,351,977850.9,76627310.40000004
2025-08-01 09:20:22 AM,2785.2,3,8355.599999999999,76635666.00000003
2025-08-01 09:20:26 AM,2786.0,0,0.0,76635666.00000003
2025-08-01 09:20:27 AM,2786.0,33,91938.0,76727604.00000003
2025-08-01 09:20:29 AM,2786.0,6,16716.0,76744320.00000003
2025-08-01 09:20:30 AM,2785.4,3,8356.2,76752676.20000003
2025-08-01 09:20:35 AM,2785.4,2,5570.8,76758247.00000003
2025-08-01 09:20:35 AM,2786.0,0,0.0,76758247.00000003
2025-08-01 09:20:36 AM,2786.0,10,27860.0,76786107.00000003
2025-08-01 09:20:41 AM,2786.0,10,27860.0,76813967.00000003
2025-08-01 09:20:41 AM,2785.4,2,5570.8,76819537.80000003
2025-08-01 09:20:50 AM,2786.0,0,0.0,76819537.80000003
2025-08-01 09:20:51 AM,2786.0,11,30646.0,76850183.80000003
2025-08-01 09:20:51 AM,2785.9,11,30644.9,76880828.70000003
2025-08-01 09:20:57 AM,2784.9,10,27849.0,76908677.70000003
2025-08-01 09:20:57 AM,2785.8,0,0.0,76908677.70000003
2025-08-01 09:20:58 AM,2785.8,5,13929.0,76922606.70000003
2025-08-01 09:20:59 AM,2784.8,3,8354.400000000001,76930961.10000004
2025-08-01 09:21:02 AM,2784.8,27,75189.6,77006150.70000003
2025-08-01 09:21:05 AM,2783.7,0,0.0,77006150.70000003
2025-08-01 09:21:09 AM,2783.7,54,150319.8,77156470.50000003
2025-08-01 09:21:18 AM,2783.6,2,5567.2,77162037.70000003
2025-08-01 09:21:19 AM,2782.1,0,0.0,77162037.70000003
2025-08-01 09:21:21 AM,2780.2,0,0.0,77162037.70000003
2025-08-01 09:21:24 AM,2779.3,1128,3135050.4000000004,80297088.10000004
2025-08-01 09:21:26 AM,2776.9,0,0.0,80297088.10000004
2025-08-01 09:21:32 AM,2778.3,269,747362.7000000001,81044450.80000004
2025-08-01 09:21:40 AM,2778.3,3,8334.900000000001,81052785.70000005
2025-08-01 09:21:44 AM,2778.4,0,0.0,81052785.70000005
2025-08-01 09:21:47 AM,2778.4,26,72238.40000000001,81125024.10000005
2025-08-01 09:21:51 AM,2779.1,0,0.0,81125024.10000005
2025-08-01 09:21:55 AM,2780.2,111,308602.19999999995,81433626.30000006
2025-08-01 09:22:02 AM,2780.1,20,55602.0,81489228.30000006
2025-08-01 09:22:08 AM,2780.2,5,13901.0,81503129.30000006
2025-08-01 09:22:14 AM,2781.3,63,175221.90000000002,81678351.20000006
2025-08-01 09:22:16 AM,2782.5,2,5565.0,81683916.20000006
2025-08-01 09:22:17 AM,2781.7,5,13908.5,81697824.70000006
2025-08-01 09:22:22 AM,2783.0,44,122452.0,81820276.70000006
2025-08-01 09:22:24 AM,2781.7,3,8345.099999999999,81828621.80000006
2025-08-01 09:22:25 AM,2781.7,633,1760816.0999999999,83589437.90000005
2025-08-01 09:22:27 AM,2781.0,327,909387.0,84498824.90000005
2025-08-01 09:22:28 AM,2780.6,5,13903.0,84512727.90000005
2025-08-01 09:22:32 AM,2781.2,6,16687.199999999997,84529415.10000005
2025-08-01 09:22:35 AM,2781.2,60,166872.0,84696287.10000005
2025-08-01 09:22:36 AM,2782.0,46,127972.0,84824259.10000005
2025-08-01 09:22:41 AM,2783.2,5,13916.0,84838175.10000005
2025-08-01 09:22:41 AM,2784.4,0,0.0,84838175.10000005
2025-08-01 09:22:42 AM,2784.4,1,2784.4,84840959.50000006
2025-08-01 09:22:43 AM,2783.1,5,13915.5,84854875.00000006
2025-08-01 09:22:53 AM,2784.0,0,0.0,84854875.00000006
2025-08-01 09:22:54 AM,2784.0,5,13920.0,84868795.00000006
2025-08-01 09:22:55 AM,2784.0,62,172608.0,85041403.00000006
2025-08-01 09:22:58 AM,2782.7,0,0.0,85041403.00000006
2025-08-01 09:22:59 AM,2782.7,5,13913.5,85055316.50000006
2025-08-01 09:23:04 AM,2782.2,1,2782.2,85058098.70000006
2025-08-01 09:23:06 AM,2781.3,434,1207084.2000000002,86265182.90000007
2025-08-01 09:23:07 AM,2781.4,0,0.0,86265182.90000007
2025-08-01 09:23:08 AM,2781.3,5,13906.5,86279089.40000007
2025-08-01 09:23:11 AM,2781.3,1,2781.3,86281870.70000006
2025-08-01 09:23:12 AM,2781.3,39,108470.70000000001,86390341.40000007
2025-08-01 09:23:14 AM,2781.4,4,11125.6,86401467.00000006
2025-08-01 09:23:15 AM,2779.0,442,1228318.0,87629785.00000006
2025-08-01 09:23:17 AM,2779.9,0,0.0,87629785.00000006
2025-08-01 09:23:18 AM,2781.4,116,322642.4,87952427.40000007
2025-08-01 09:23:19 AM,2779.1,25,69477.5,88021904.90000007
2025-08-01 09:23:23 AM,2780.1,2,5560.2,88027465.10000007
2025-08-01 09:23:29 AM,2778.8,8,22230.4,88049695.50000007
2025-08-01 09:23:32 AM,2780.6,120,333672.0,88383367.50000007
2025-08-01 09:23:32 AM,2778.9,0,0.0,88383367.50000007
2025-08-01 09:23:33 AM,2778.9,2,5557.8,88388925.30000007
2025-08-01 09:23:41 AM,2776.2,258,716259.6,89105184.90000007
2025-08-01 09:23:41 AM,2778.5,0,0.0,89105184.90000007
2025-08-01 09:23:42 AM,2778.5,42,116697.0,89221881.90000007
2025-08-01 09:23:44 AM,2777.3,3,8331.900000000001,89230213.80000007
2025-08-01 09:23:57 AM,2775.7,0,0.0,89230213.80000007
2025-08-01 09:23:58 AM,2775.7,20,55514.0,89285727.80000007
2025-08-01 09:23:58 AM,2776.0,3,8328.0,89294055.80000007
2025-08-01 09:23:59 AM,2776.0,21,58296.0,89352351.80000007
2025-08-01 09:24:05 AM,2777.3,0,0.0,89352351.80000007
2025-08-01 09:24:06 AM,2777.3,1,2777.3,89355129.10000007
2025-08-01 09:24:13 AM,2776.2,8,22209.6,89377338.70000006
2025-08-01 09:24:16 AM,2776.2,7,19433.399999999998,89396772.10000007
2025-08-01 09:24:17 AM,2777.3,25,69432.5,89466204.60000007
2025-08-01 09:24:20 AM,2776.3,275,763482.5,90229687.10000007
2025-08-01 09:24:22 AM,2777.7,0,0.0,90229687.10000007
2025-08-01 09:24:23 AM,2777.7,9,24999.3,90254686.40000007
2025-08-01 09:24:26 AM,2777.3,0,0.0,90254686.40000007
2025-08-01 09:24:27 AM,2777.3,297,824858.1000000001,91079544.50000006
2025-08-01 09:24:30 AM,2776.4,0,0.0,91079544.50000006
2025-08-01 09:24:31 AM,2776.4,275,763510.0,91843054.50000006
2025-08-01 09:24:33 AM,2776.4,3,8329.2,91851383.70000006
2025-08-01 09:24:49 AM,2776.5,3,8329.5,91859713.20000006
2025-08-01 09:24:53 AM,2775.3,155,430171.5,92289884.70000006
2025-08-01 09:24:54 AM,2775.3,20,55506.0,92345390.70000006
2025-08-01 09:24:56 AM,2775.3,6,16651.800000000003,92362042.50000006
2025-08-01 09:24:57 AM,2773.3,244,676685.2000000001,93038727.70000006
2025-08-01 09:24:58 AM,2775.6,70,194292.0,93233019.70000006
2025-08-01 09:25:03 AM,2774.1,0,0.0,93233019.70000006
2025-08-01 09:25:03 AM,2774.1,21,58256.1,93291275.80000006
2025-08-01 09:25:08 AM,2774.9,0,0.0,93291275.80000006
2025-08-01 09:25:08 AM,2774.9,15,41623.5,93332899.30000006
2025-08-01 09:25:20 AM,2774.8,0,0.0,93332899.30000006
2025-08-01 09:25:21 AM,2773.9,1147,3181663.3000000003,96514562.60000005
2025-08-01 09:25:22 AM,2773.2,324,898516.7999999999,97413079.40000005
2025-08-01 09:25:23 AM,2773.2,60,166392.0,97579471.40000005
2025-08-01 09:25:24 AM,2775.0,277,768675.0,98348146.40000005
2025-08-01 09:25:26 AM,2775.0,21,58275.0,98406421.40000005
2025-08-01 09:25:28 AM,2775.9,94,260934.6,98667356.00000004
2025-08-01 09:25:28 AM,2776.4,26,72186.40000000001,98739542.40000005
2025-08-01 09:25:37 AM,2777.6,1,2777.6,98742320.00000004
2025-08-01 09:25:44 AM,2778.9,2,5557.8,98747877.80000004
2025-08-01 09:25:48 AM,2779.4,1,2779.4,98750657.20000005
2025-08-01 09:25:50 AM,2777.0,0,0.0,98750657.20000005
2025-08-01 09:25:51 AM,2777.0,10,27770.0,98778427.20000005
2025-08-01 09:25:54 AM,2777.7,0,0.0,98778427.20000005
2025-08-01 09:25:55 AM,2777.7,1,2777.7,98781204.90000005
2025-08-01 09:25:57 AM,2776.9,0,0.0,98781204.90000005
2025-08-01 09:25:58 AM,2776.9,20,55538.0,98836742.90000005
2025-08-01 09:26:02 AM,2776.3,10,27763.0,98864505.90000005
2025-08-01 09:26:08 AM,2774.6,0,0.0,98864505.90000005
2025-08-01 09:26:09 AM,2774.6,13,36069.799999999996,98900575.70000005
2025-08-01 09:26:10 AM,2774.6,51,141504.6,99042080.30000004
2025-08-01 09:26:17 AM,2774.6,2,5549.2,99047629.50000004
2025-08-01 09:26:20 AM,2774.6,85,235841.0,99283470.50000004
2025-08-01 09:26:23 AM,2774.8,10,27748.0,99311218.50000004
2025-08-01 09:26:23 AM,2774.6,0,0.0,99311218.50000004
2025-08-01 09:26:24 AM,2774.6,338,937814.7999999999,100249033.30000004
2025-08-01 09:26:24 AM,2774.6,10,27746.0,100276779.30000004
2025-08-01 09:26:25 AM,2774.6,20,55492.0,100332271.30000004
2025-08-01 09:26:26 AM,2774.6,1,2774.6,100335045.90000004
2025-08-01 09:26:29 AM,2774.6,16,44393.6,100379439.50000003
2025-08-01 09:26:31 AM,2774.1,275,762877.5,101142317.00000003
2025-08-01 09:26:32 AM,2774.8,2,5549.6,101147866.60000002
2025-08-01 09:26:32 AM,2774.1,20,55482.0,101203348.60000002
2025-08-01 09:26:33 AM,2774.0,345,957030.0,102160378.60000002
2025-08-01 09:26:34 AM,2773.8,3,8321.400000000001,102168700.00000003
2025-08-01 09:26:40 AM,2773.7,20,55474.0,102224174.00000003
2025-08-01 09:26:43 AM,2772.2,19,52671.799999999996,102276845.80000003
2025-08-01 09:26:43 AM,2773.0,0,0.0,102276845.80000003
2025-08-01 09:26:44 AM,2773.0,1,2773.0,102279618.80000003
2025-08-01 09:26:50 AM,2773.9,284,787787.6,103067406.40000002
2025-08-01 09:26:52 AM,2772.2,0,0.0,103067406.40000002
2025-08-01 09:26:53 AM,2772.2,17,47127.399999999994,103114533.80000003
2025-08-01 09:26:56 AM,2773.7,0,0.0,103114533.80000003
2025-08-01 09:26:57 AM,2773.7,23,63795.1,103178328.90000002
2025-08-01 09:26:58 AM,2772.2,0,0.0,103178328.90000002
2025-08-01 09:26:59 AM,2772.2,10,27722.0,103206050.90000002
2025-08-01 09:26:59 AM,2773.8,3,8321.400000000001,103214372.30000003
2025-08-01 09:27:03 AM,2773.8,1,2773.8,103217146.10000002
2025-08-01 09:27:06 AM,2772.3,413,1144959.9000000001,104362106.00000003
2025-08-01 09:27:08 AM,2772.3,5,13861.5,104375967.50000003
2025-08-01 09:27:12 AM,2772.4,0,0.0,104375967.50000003
2025-08-01 09:27:13 AM,2772.4,20,55448.0,104431415.50000003
2025-08-01 09:27:16 AM,2772.8,0,0.0,104431415.50000003
2025-08-01 09:27:17 AM,2772.8,2,5545.6,104436961.10000002
2025-08-01 09:27:18 AM,2772.7,0,0.0,104436961.10000002
2025-08-01 09:27:19 AM,2772.7,5,13863.5,104450824.60000002
2025-08-01 09:27:22 AM,2773.8,2,5547.6,104456372.20000002
2025-08-01 09:27:23 AM,2774.1,0,0.0,104456372.20000002
2025-08-01 09:27:24 AM,2774.1,23,63804.299999999996,104520176.50000001
2025-08-01 09:27:26 AM,2772.9,0,0.0,104520176.50000001
2025-08-01 09:27:27 AM,2772.9,3,8318.7,104528495.20000002
2025-08-01 09:27:29 AM,2772.9,5,13864.5,104542359.70000002
2025-08-01 09:27:31 AM,2772.9,20,55458.0,104597817.70000002
2025-08-01 09:27:39 AM,2773.0,0,0.0,104597817.70000002
2025-08-01 09:27:40 AM,2773.0,15,41595.0,104639412.70000002
2025-08-01 09:27:52 AM,2773.8,0,0.0,104639412.70000002
2025-08-01 09:27:53 AM,2773.8,1,2773.8,104642186.50000001
2025-08-01 09:27:53 AM,2773.0,0,0.0,104642186.50000001
2025-08-01 09:27:54 AM,2773.0,4,11092.0,104653278.50000001
2025-08-01 09:27:55 AM,2773.0,13,36049.0,104689327.50000001
2025-08-01 09:27:55 AM,2773.7,0,0.0,104689327.50000001
2025-08-01 09:27:56 AM,2773.7,7,19415.899999999998,104708743.40000002
2025-08-01 09:28:00 AM,2773.7,1,2773.7,104711517.10000002
2025-08-01 09:28:05 AM,2773.9,0,0.0,104711517.10000002
2025-08-01 09:28:07 AM,2773.9,57,158112.30000000002,104869629.40000002
2025-08-01 09:28:11 AM,2770.0,0,0.0,104869629.40000002
2025-08-01 09:28:14 AM,2769.0,1616,4474704.0,109344333.40000002
2025-08-01 09:28:16 AM,2768.0,187,517616.0,109861949.40000002
2025-08-01 09:28:18 AM,2769.8,0,0.0,109861949.40000002
2025-08-01 09:28:22 AM,2769.8,12,33237.600000000006,109895187.00000001
2025-08-01 09:28:23 AM,2770.0,1,2770.0,109897957.00000001
2025-08-01 09:28:24 AM,2769.2,0,0.0,109897957.00000001
2025-08-01 09:28:28 AM,2770.0,0,0.0,109897957.00000001
2025-08-01 09:28:30 AM,2770.0,286,792220.0,110690177.00000001
2025-08-01 09:28:34 AM,2769.7,0,0.0,110690177.00000001
2025-08-01 09:28:37 AM,2768.9,43,119062.7,110809239.70000002
2025-08-01 09:28:38 AM,2768.8,1,2768.8,110812008.50000001
2025-08-01 09:28:45 AM,2768.8,202,559297.6000000001,111371306.10000001
2025-08-01 09:28:49 AM,2768.9,0,0.0,111371306.10000001
2025-08-01 09:28:52 AM,2768.9,9,24920.100000000002,111396226.2
2025-08-01 09:29:02 AM,2770.0,0,0.0,111396226.2
2025-08-01 09:29:02 AM,2770.0,10,27700.0,111423926.2
2025-08-01 09:29:04 AM,2770.0,20,55400.0,111479326.2
2025-08-01 09:29:07 AM,2769.5,7,19386.5,111498712.7
2025-08-01 09:29:10 AM,2769.5,40,110780.0,111609492.7
2025-08-01 09:29:13 AM,2770.1,0,0.0,111609492.7
2025-08-01 09:29:13 AM,2770.1,284,786708.4,112396201.10000001
2025-08-01 09:29:14 AM,2770.3,0,0.0,112396201.10000001
2025-08-01 09:29:14 AM,2770.3,20,55406.0,112451607.10000001
2025-08-01 09:29:16 AM,2769.5,0,0.0,112451607.10000001
2025-08-01 09:29:16 AM,2769.2,706,1955055.2,114406662.30000001
2025-08-01 09:29:16 AM,2768.8,95,263036.0,114669698.30000001
2025-08-01 09:29:16 AM,2768.2,0,0.0,114669698.30000001
2025-08-01 09:29:17 AM,2768.2,20,55364.0,114725062.30000001
2025-08-01 09:29:18 AM,2768.8,0,0.0,114725062.30000001
2025-08-01 09:29:19 AM,2768.8,2,5537.6,114730599.9
2025-08-01 09:29:20 AM,2768.2,15,41523.0,114772122.9
2025-08-01 09:29:21 AM,2768.2,1,2768.2,114774891.10000001
2025-08-01 09:29:23 AM,2768.2,257,711427.3999999999,115486318.50000001
2025-08-01 09:29:25 AM,2769.4,0,0.0,115486318.50000001
2025-08-01 09:29:25 AM,2770.0,105,290850.0,115777168.50000001
2025-08-01 09:29:26 AM,2769.4,5,13847.0,115791015.50000001
2025-08-01 09:29:31 AM,2768.3,0,0.0,115791015.50000001
2025-08-01 09:29:32 AM,2768.3,6,16609.800000000003,115807625.30000001
2025-08-01 09:29:34 AM,2768.1,28,77506.8,115885132.10000001
2025-08-01 09:29:34 AM,2768.0,0,0.0,115885132.10000001
2025-08-01 09:29:35 AM,2768.0,13,35984.0,115921116.10000001
2025-08-01 09:29:36 AM,2767.6,270,747252.0,116668368.10000001
2025-08-01 09:29:40 AM,2767.6,20,55352.0,116723720.10000001
2025-08-01 09:29:44 AM,2768.3,0,0.0,116723720.10000001
2025-08-01 09:29:45 AM,2768.3,4,11073.2,116734793.30000001
2025-08-01 09:29:50 AM,2768.3,48,132878.40000000002,116867671.70000002
2025-08-01 09:29:50 AM,2768.5,0,0.0,116867671.70000002
2025-08-01 09:29:51 AM,2768.5,2,5537.0,116873208.70000002
2025-08-01 09:29:52 AM,2769.6,8,22156.8,116895365.50000001
2025-08-01 09:30:02 AM,2769.9,1,2769.9,116898135.40000002
2025-08-01 09:30:04 AM,2769.2,0,0.0,116898135.40000002
2025-08-01 09:30:04 AM,2769.2,73,202151.59999999998,117100287.00000001
2025-08-01 09:30:06 AM,2769.4,1,2769.4,117103056.40000002
2025-08-01 09:30:13 AM,2769.2,35,96922.0,117199978.40000002
2025-08-01 09:30:17 AM,2769.2,691,1913517.2,119113495.60000002
2025-08-01 09:30:17 AM,2769.0,0,0.0,119113495.60000002
2025-08-01 09:30:17 AM,2769.0,2,5538.0,119119033.60000002
2025-08-01 09:30:18 AM,2768.9,3,8306.7,119127340.30000003
2025-08-01 09:30:20 AM,2769.0,8,22152.0,119149492.30000003
2025-08-01 09:30:20 AM,2769.3,0,0.0,119149492.30000003
2025-08-01 09:30:20 AM,2769.3,3,8307.900000000001,119157800.20000003
2025-08-01 09:30:23 AM,2768.8,8,22150.4,119179950.60000004
2025-08-01 09:30:24 AM,2768.8,1,2768.8,119182719.40000004
2025-08-01 09:30:27 AM,2768.8,1,2768.8,119185488.20000003
2025-08-01 09:30:30 AM,2768.8,1,2768.8,119188257.00000003
2025-08-01 09:30:33 AM,2768.8,1,2768.8,119191025.80000003
2025-08-01 09:30:41 AM,2768.8,4,11075.2,119202101.00000003
2025-08-01 09:30:42 AM,2768.8,2,5537.6,119207638.60000002
2025-08-01 09:30:45 AM,2768.8,1,2768.8,119210407.40000002
2025-08-01 09:30:55 AM,2768.3,0,0.0,119210407.40000002
2025-08-01 09:30:55 AM,2768.3,70,193781.0,119404188.40000002
2025-08-01 09:30:59 AM,2767.0,0,0.0,119404188.40000002
2025-08-01 09:31:00 AM,2767.0,5,13835.0,119418023.40000002
2025-08-01 09:31:11 AM,2767.6,0,0.0,119418023.40000002
2025-08-01 09:31:15 AM,2765.5,0,0.0,119418023.40000002
2025-08-01 09:31:15 AM,2765.5,1007,2784858.5,122202881.90000002
2025-08-01 09:31:15 AM,2763.1,279,770904.9,122973786.80000003
2025-08-01 09:31:17 AM,2764.3,0,0.0,122973786.80000003
2025-08-01 09:31:22 AM,2764.3,13,35935.9,123009722.70000003
2025-08-01 09:31:22 AM,2765.7,297,821412.8999999999,123831135.60000004
2025-08-01 09:31:27 AM,2764.5,0,0.0,123831135.60000004
2025-08-01 09:31:29 AM,2764.8,278,768614.4,124599750.00000004
2025-08-01 09:31:33 AM,2766.5,0,0.0,124599750.00000004
2025-08-01 09:31:35 AM,2765.1,0,0.0,124599750.00000004
2025-08-01 09:31:36 AM,2765.1,99,273744.89999999997,124873494.90000005
2025-08-01 09:31:39 AM,2764.7,0,0.0,124873494.90000005
2025-08-01 09:31:43 AM,2764.7,20,55294.0,124928788.90000005
2025-08-01 09:31:44 AM,2765.1,12,33181.2,124961970.10000005
2025-08-01 09:31:45 AM,2765.0,0,0.0,124961970.10000005
2025-08-01 09:31:50 AM,2765.0,7,19355.0,124981325.10000005
2025-08-01 09:31:50 AM,2765.1,318,879301.7999999999,125860626.90000005
2025-08-01 09:31:57 AM,2765.9,16,44254.4,125904881.30000006
2025-08-01 09:32:01 AM,2767.8,0,0.0,125904881.30000006
2025-08-01 09:32:04 AM,2767.8,73,202049.40000000002,126106930.70000006
2025-08-01 09:32:18 AM,2767.1,20,55342.0,126162272.70000006
2025-08-01 09:32:25 AM,2767.8,0,0.0,126162272.70000006
2025-08-01 09:32:25 AM,2767.8,32,88569.6,126250842.30000006
2025-08-01 09:32:31 AM,2768.1,0,0.0,126250842.30000006
2025-08-01 09:32:32 AM,2769.5,22,60929.0,126311771.30000006
2025-08-01 09:32:37 AM,2769.0,0,0.0,126311771.30000006
2025-08-01 09:32:39 AM,2768.4,304,841593.6,127153364.90000005
2025-08-01 09:32:43 AM,2768.6,0,0.0,127153364.90000005
2025-08-01 09:32:46 AM,2768.6,17,47066.2,127200431.10000005
2025-08-01 09:32:49 AM,2768.5,0,0.0,127200431.10000005
2025-08-01 09:32:53 AM,2768.5,2,5537.0,127205968.10000005
2025-08-01 09:33:03 AM,2768.7,0,0.0,127205968.10000005
2025-08-01 09:33:04 AM,2765.3,1185,3276880.5,130482848.60000005
2025-08-01 09:33:05 AM,2768.1,20,55362.0,130538210.60000005
2025-08-01 09:33:09 AM,2767.1,2,5534.2,130543744.80000006
2025-08-01 09:33:12 AM,2767.0,26,71942.0,130615686.80000006
2025-08-01 09:33:14 AM,2767.0,2,5534.0,130621220.80000006
2025-08-01 09:33:16 AM,2767.0,155,428885.0,131050105.80000006
2025-08-01 09:33:17 AM,2766.3,0,0.0,131050105.80000006
2025-08-01 09:33:18 AM,2766.3,1,2766.3,131052872.10000005
2025-08-01 09:33:19 AM,2767.0,2,5534.0,131058406.10000005
2025-08-01 09:33:21 AM,2767.0,3727,10312609.0,141371015.10000005
2025-08-01 09:33:22 AM,2767.5,0,0.0,141371015.10000005
2025-08-01 09:33:22 AM,2767.5,10,27675.0,141398690.10000005
2025-08-01 09:33:28 AM,2768.6,0,0.0,141398690.10000005
2025-08-01 09:33:28 AM,2768.6,8,22148.8,141420838.90000007
2025-08-01 09:33:38 AM,2769.9,1,2769.9,141423608.80000007
2025-08-01 09:33:38 AM,2771.4,0,0.0,141423608.80000007
2025-08-01 09:33:39 AM,2772.0,0,0.0,141423608.80000007
2025-08-01 09:33:39 AM,2772.0,78,216216.0,141639824.80000007
2025-08-01 09:33:40 AM,2770.3,210,581763.0,142221587.80000007
2025-08-01 09:33:40 AM,2771.5,1,2771.5,142224359.30000007
2025-08-01 09:33:50 AM,2771.7,0,0.0,142224359.30000007
2025-08-01 09:33:51 AM,2771.7,4,11086.8,142235446.10000008
2025-08-01 09:33:52 AM,2771.7,12,33260.399999999994,142268706.5000001
2025-08-01 09:33:53 AM,2772.8,0,0.0,142268706.5000001
2025-08-01 09:33:53 AM,2772.8,1,2772.8,142271479.3000001
2025-08-01 09:34:01 AM,2774.3,205,568731.5,142840210.8000001
2025-08-01 09:34:03 AM,2772.3,1,2772.3,142842983.1000001
2025-08-01 09:34:04 AM,2773.2,0,0.0,142842983.1000001
2025-08-01 09:34:05 AM,2773.2,36,99835.2,142942818.3000001
2025-08-01 09:34:07 AM,2773.6,19,52698.4,142995516.7000001
2025-08-01 09:34:08 AM,2773.7,2,5547.4,143001064.1000001
2025-08-01 09:34:08 AM,2773.7,74,205253.8,143206317.90000013
2025-08-01 09:34:09 AM,2773.9,6,16643.4,143222961.30000013
2025-08-01 09:34:14 AM,2774.7,0,0.0,143222961.30000013
2025-08-01 09:34:14 AM,2774.7,8,22197.6,143245158.90000013
2025-08-01 09:34:20 AM,2775.5,285,791017.5,144036176.40000013
2025-08-01 09:34:20 AM,2774.6,432,1198627.2,145234803.6000001
2025-08-01 09:34:26 AM,2774.1,5,13870.5,145248674.1000001
2025-08-01 09:34:26 AM,2773.7,0,0.0,145248674.1000001
2025-08-01 09:34:27 AM,2773.7,167,463207.89999999997,145711882.00000012
2025-08-01 09:34:27 AM,2770.5,178,493149.0,146205031.00000012
2025-08-01 09:34:32 AM,2773.1,1,2773.1,146207804.1000001
2025-08-01 09:34:40 AM,2773.0,1,2773.0,146210577.1000001
2025-08-01 09:34:41 AM,2773.0,1,2773.0,146213350.1000001
2025-08-01 09:34:42 AM,2773.0,8,22184.0,146235534.1000001
2025-08-01 09:34:45 AM,2773.0,5,13865.0,146249399.1000001
2025-08-01 09:34:48 AM,2772.9,9,24956.100000000002,146274355.2000001
2025-08-01 09:34:56 AM,2771.7,5,13858.5,146288213.7000001
2025-08-01 09:34:56 AM,2771.4,0,0.0,146288213.7000001
2025-08-01 09:34:57 AM,2771.4,463,1283158.2,147571371.9000001
2025-08-01 09:35:07 AM,2772.0,0,0.0,147571371.9000001
2025-08-01 09:35:08 AM,2772.0,1,2772.0,147574143.9000001
2025-08-01 09:35:11 AM,2771.9,1,2771.9,147576915.8000001
2025-08-01 09:35:20 AM,2770.6,0,0.0,147576915.8000001
2025-08-01 09:35:20 AM,2770.6,2,5541.2,147582457.0000001
2025-08-01 09:35:27 AM,2771.9,2,5543.8,147588000.8000001
2025-08-01 09:35:30 AM,2771.9,4,11087.6,147599088.4000001
2025-08-01 09:35:37 AM,2771.7,1,2771.7,147601860.10000008
2025-08-01 09:35:41 AM,2769.9,85,235441.5,147837301.60000008
2025-08-01 09:35:42 AM,2771.6,2,5543.2,147842844.80000007
2025-08-01 09:35:46 AM,2770.2,26,72025.2,147914870.00000006
2025-08-01 09:36:03 AM,2770.4,0,0.0,147914870.00000006
2025-08-01 09:36:04 AM,2770.4,207,573472.8,148488342.80000007
2025-08-01 09:36:10 AM,2771.8,0,0.0,148488342.80000007
2025-08-01 09:36:11 AM,2771.8,2,5543.6,148493886.40000007
2025-08-01 09:36:15 AM,2772.0,20,55440.0,148549326.40000007
2025-08-01 09:36:31 AM,2773.0,223,618379.0,149167705.40000007
2025-08-01 09:36:37 AM,2773.1,0,0.0,149167705.40000007
2025-08-01 09:36:38 AM,2773.1,2,5546.2,149173251.60000005
2025-08-01 09:36:39 AM,2773.9,1,2773.9,149176025.50000006
2025-08-01 09:36:43 AM,2773.9,1,2773.9,149178799.40000007
2025-08-01 09:36:45 AM,2773.2,0,0.0,149178799.40000007
2025-08-01 09:36:46 AM,2773.2,3,8319.599999999999,149187119.00000006
2025-08-01 09:36:51 AM,2773.0,4838,13415774.0,162602893.00000006
2025-08-01 09:36:51 AM,2770.5,0,0.0,162602893.00000006
2025-08-01 09:36:52 AM,2770.5,9,24934.5,162627827.50000006
2025-08-01 09:36:54 AM,2772.5,0,0.0,162627827.50000006
2025-08-01 09:36:54 AM,2772.5,3,8317.5,162636145.00000006
2025-08-01 09:36:55 AM,2772.8,0,0.0,162636145.00000006
2025-08-01 09:36:55 AM,2772.8,47,130321.6,162766466.60000005
2025-08-01 09:36:57 AM,2771.5,20,55430.0,162821896.60000005
2025-08-01 09:36:58 AM,2770.9,0,0.0,162821896.60000005
2025-08-01 09:36:58 AM,2770.9,8,22167.2,162844063.80000004
2025-08-01 09:37:00 AM,2771.6,0,0.0,162844063.80000004
2025-08-01 09:37:01 AM,2771.5,2,5543.0,162849606.80000004
2025-08-01 09:37:04 AM,2771.3,0,0.0,162849606.80000004
2025-08-01 09:37:05 AM,2770.9,65,180108.5,163029715.30000004
2025-08-01 09:37:06 AM,2770.9,37,102523.3,163132238.60000005
2025-08-01 09:37:07 AM,2770.0,0,0.0,163132238.60000005
2025-08-01 09:37:07 AM,2770.0,350,969500.0,164101738.60000005
2025-08-01 09:37:08 AM,2770.4,0,0.0,164101738.60000005
2025-08-01 09:37:08 AM,2770.4,4,11081.6,164112820.20000005
2025-08-01 09:37:09 AM,2770.0,72,199440.0,164312260.20000005
2025-08-01 09:37:11 AM,2769.8,0,0.0,164312260.20000005
2025-08-01 09:37:12 AM,2769.8,5,13849.0,164326109.20000005
2025-08-01 09:37:16 AM,2766.9,101,279456.9,164605566.10000005
2025-08-01 09:37:18 AM,2766.8,53,146640.40000000002,164752206.50000006
2025-08-01 09:37:20 AM,2767.4,16,44278.4,164796484.90000007
2025-08-01 09:37:24 AM,2767.3,12,33207.600000000006,164829692.50000006
2025-08-01 09:37:26 AM,2767.1,0,0.0,164829692.50000006
2025-08-01 09:37:27 AM,2767.1,1,2767.1,164832459.60000005
2025-08-01 09:37:29 AM,2765.9,170,470203.0,165302662.60000005
2025-08-01 09:37:30 AM,2766.5,0,0.0,165302662.60000005
2025-08-01 09:37:31 AM,2766.5,1,2766.5,165305429.10000005
2025-08-01 09:37:32 AM,2767.1,2,5534.2,165310963.30000004
2025-08-01 09:37:37 AM,2766.5,0,0.0,165310963.30000004
2025-08-01 09:37:38 AM,2766.5,11,30431.5,165341394.80000004
2025-08-01 09:37:40 AM,2767.0,0,0.0,165341394.80000004
2025-08-01 09:37:40 AM,2767.0,1,2767.0,165344161.80000004
2025-08-01 09:37:46 AM,2767.0,5,13835.0,165357996.80000004
2025-08-01 09:37:52 AM,2766.9,13,35969.700000000004,165393966.50000003
2025-08-01 09:37:56 AM,2766.8,2,5533.6,165399500.10000002
2025-08-01 09:37:58 AM,2766.8,1,2766.8,165402266.90000004
2025-08-01 09:38:00 AM,2765.7,489,1352427.2999999998,166754694.20000005
2025-08-01 09:38:00 AM,2765.7,56,154879.19999999998,166909573.40000004
2025-08-01 09:38:01 AM,2765.2,7,19356.399999999998,166928929.80000004
2025-08-01 09:38:04 AM,2762.9,19,52495.1,166981424.90000004
2025-08-01 09:38:07 AM,2763.1,0,0.0,166981424.90000004
2025-08-01 09:38:08 AM,2763.1,1,2763.1,166984188.00000003
2025-08-01 09:38:08 AM,2761.6,14,38662.4,167022850.40000004
2025-08-01 09:38:09 AM,2760.0,3900,10764000.0,177786850.40000004
2025-08-01 09:38:11 AM,2762.7,1,2762.7,177789613.10000002
2025-08-01 09:38:13 AM,2761.7,36,99421.2,177889034.3
2025-08-01 09:38:15 AM,2761.5,0,0.0,177889034.3
2025-08-01 09:38:15 AM,2761.5,283,781504.5,178670538.8
2025-08-01 09:38:15 AM,2762.7,2,5525.4,178676064.20000002
2025-08-01 09:38:18 AM,2762.1,6,16572.6,178692636.8
2025-08-01 09:38:24 AM,2762.1,4,11048.4,178703685.20000002
2025-08-01 09:38:26 AM,2760.0,200,552000.0,179255685.20000002
2025-08-01 09:38:30 AM,2762.1,0,0.0,179255685.20000002
2025-08-01 09:38:30 AM,2762.1,1,2762.1,179258447.3
2025-08-01 09:38:32 AM,2760.1,55,151805.5,179410252.8
2025-08-01 09:38:38 AM,2761.9,8,22095.2,179432348.0
2025-08-01 09:38:39 AM,2760.5,62,171151.0,179603499.0
2025-08-01 09:38:40 AM,2760.1,0,0.0,179603499.0
2025-08-01 09:38:40 AM,2760.1,5,13800.5,179617299.5
2025-08-01 09:38:40 AM,2760.0,0,0.0,179617299.5
2025-08-01 09:38:41 AM,2760.0,5,13800.0,179631099.5
2025-08-01 09:38:45 AM,2759.9,1,2759.9,179633859.4
2025-08-01 09:38:47 AM,2760.0,17,46920.0,179680779.4
2025-08-01 09:38:49 AM,2759.9,3,8279.7,179689059.1
2025-08-01 09:38:49 AM,2760.3,0,0.0,179689059.1
2025-08-01 09:38:50 AM,2760.3,25,69007.5,179758066.6
2025-08-01 09:38:50 AM,2759.0,0,0.0,179758066.6
2025-08-01 09:38:51 AM,2759.0,3,8277.0,179766343.6
2025-08-01 09:38:51 AM,2759.9,0,0.0,179766343.6
2025-08-01 09:38:52 AM,2759.9,1,2759.9,179769103.5
2025-08-01 09:38:54 AM,2759.9,9,24839.100000000002,179793942.6
2025-08-01 09:38:55 AM,2759.0,2,5518.0,179799460.6
2025-08-01 09:38:55 AM,2760.0,0,0.0,179799460.6
2025-08-01 09:38:56 AM,2760.0,27,74520.0,179873980.6
2025-08-01 09:38:56 AM,2759.2,0,0.0,179873980.6
2025-08-01 09:38:57 AM,2759.2,157,433194.39999999997,180307175.0
2025-08-01 09:38:57 AM,2760.0,42,115920.0,180423095.0
2025-08-01 09:38:58 AM,2760.0,80,220800.0,180643895.0
2025-08-01 09:39:01 AM,2759.4,0,0.0,180643895.0
2025-08-01 09:39:02 AM,2759.4,13,35872.200000000004,180679767.2
2025-08-01 09:39:04 AM,2760.0,0,0.0,180679767.2
2025-08-01 09:39:05 AM,2760.0,4,11040.0,180690807.2
2025-08-01 09:39:12 AM,2760.0,1,2760.0,180693567.2
2025-08-01 09:39:17 AM,2760.0,10,27600.0,180721167.2
2025-08-01 09:39:20 AM,2760.0,1,2760.0,180723927.2
2025-08-01 09:39:23 AM,2760.0,8,22080.0,180746007.2
2025-08-01 09:39:23 AM,2759.8,0,0.0,180746007.2
2025-08-01 09:39:23 AM,2759.8,13,35877.4,180781884.6
2025-08-01 09:39:27 AM,2759.3,0,0.0,180781884.6
2025-08-01 09:39:28 AM,2759.3,550,1517615.0,182299499.6
2025-08-01 09:39:29 AM,2760.3,0,0.0,182299499.6
2025-08-01 09:39:30 AM,2760.3,7,19322.100000000002,182318821.7
2025-08-01 09:39:36 AM,2760.4,0,0.0,182318821.7
2025-08-01 09:39:37 AM,2760.4,1,2760.4,182321582.1
2025-08-01 09:39:37 AM,2760.4,78,215311.2,182536893.29999998
2025-08-01 09:39:41 AM,2761.0,0,0.0,182536893.29999998
2025-08-01 09:39:41 AM,2761.0,8,22088.0,182558981.29999998
2025-08-01 09:39:50 AM,2762.7,90,248642.99999999997,182807624.29999998
2025-08-01 09:39:53 AM,2761.6,151,417001.6,183224625.89999998
2025-08-01 09:40:02 AM,2760.6,36,99381.59999999999,183324007.49999997
2025-08-01 09:40:04 AM,2760.6,1,2760.6,183326768.09999996
2025-08-01 09:40:04 AM,2760.4,0,0.0,183326768.09999996
2025-08-01 09:40:05 AM,2760.4,9,24843.600000000002,183351611.69999996
2025-08-01 09:40:06 AM,2761.4,0,0.0,183351611.69999996
2025-08-01 09:40:06 AM,2761.4,1,2761.4,183354373.09999996
2025-08-01 09:40:06 AM,2759.5,39,107620.5,183461993.59999996
2025-08-01 09:40:10 AM,2761.2,0,0.0,183461993.59999996
2025-08-01 09:40:11 AM,2761.2,20,55224.0,183517217.59999996
2025-08-01 09:40:17 AM,2761.6,0,0.0,183517217.59999996
2025-08-01 09:40:17 AM,2761.6,15,41424.0,183558641.59999996
2025-08-01 09:40:18 AM,2761.9,0,0.0,183558641.59999996
2025-08-01 09:40:19 AM,2761.9,54,149142.6,183707784.19999996
2025-08-01 09:40:24 AM,2761.6,0,0.0,183707784.19999996
2025-08-01 09:40:25 AM,2761.6,12,33139.2,183740923.39999995
2025-08-01 09:40:30 AM,2762.8,0,0.0,183740923.39999995
2025-08-01 09:40:31 AM,2762.8,5,13814.0,183754737.39999995
2025-08-01 09:40:36 AM,2761.9,3,8285.7,183763023.09999993
2025-08-01 09:40:45 AM,2763.2,50,138160.0,183901183.09999993
2025-08-01 09:40:45 AM,2763.9,0,0.0,183901183.09999993
2025-08-01 09:40:46 AM,2762.8,0,0.0,183901183.09999993
2025-08-01 09:40:46 AM,2762.8,6,16576.800000000003,183917759.89999995
2025-08-01 09:40:47 AM,2764.0,2,5528.0,183923287.89999995
2025-08-01 09:40:51 AM,2764.9,0,0.0,183923287.89999995
2025-08-01 09:40:51 AM,2764.9,3,8294.7,183931582.59999993
2025-08-01 09:40:52 AM,2765.4,1,2765.4,183934347.99999994
2025-08-01 09:40:55 AM,2766.2,0,0.0,183934347.99999994
2025-08-01 09:40:55 AM,2766.2,1,2766.2,183937114.19999993
2025-08-01 09:40:57 AM,2765.9,0,0.0,183937114.19999993
2025-08-01 09:40:57 AM,2765.9,25,69147.5,184006261.69999993
2025-08-01 09:41:04 AM,2768.2,5,13841.0,184020102.69999993
2025-08-01 09:41:19 AM,2767.8,6,16606.800000000003,184036709.49999994
2025-08-01 09:41:25 AM,2768.2,0,0.0,184036709.49999994
2025-08-01 09:41:26 AM,2768.2,1,2768.2,184039477.69999993
2025-08-01 09:41:31 AM,2768.6,0,0.0,184039477.69999993
2025-08-01 09:41:31 AM,2768.6,1,2768.6,184042246.29999992
2025-08-01 09:41:33 AM,2767.8,0,0.0,184042246.29999992
2025-08-01 09:41:34 AM,2767.8,354,979801.2000000001,185022047.4999999
2025-08-01 09:41:34 AM,2768.0,0,0.0,185022047.4999999
2025-08-01 09:41:35 AM,2768.0,10,27680.0,185049727.4999999
2025-08-01 09:41:35 AM,2768.1,0,0.0,185049727.4999999
2025-08-01 09:41:36 AM,2768.1,1,2768.1,185052495.5999999
2025-08-01 09:41:39 AM,2769.7,594,1645201.7999999998,186697697.39999992
2025-08-01 09:41:39 AM,2769.7,50,138485.0,186836182.39999992
2025-08-01 09:41:41 AM,2771.7,10,27717.0,186863899.39999992
2025-08-01 09:41:44 AM,2772.1,16,44353.6,186908252.9999999
2025-08-01 09:41:53 AM,2773.7,200,554740.0,187462992.9999999
2025-08-01 09:41:53 AM,2772.3,5,13861.5,187476854.4999999
2025-08-01 09:41:55 AM,2772.5,0,0.0,187476854.4999999
2025-08-01 09:41:55 AM,2772.5,25,69312.5,187546166.9999999
2025-08-01 09:42:00 AM,2773.5,0,0.0,187546166.9999999
2025-08-01 09:42:01 AM,2773.5,3,8320.5,187554487.4999999
2025-08-01 09:42:01 AM,2773.5,14,38829.0,187593316.4999999
2025-08-01 09:42:02 AM,2774.2,11,30516.199999999997,187623832.6999999
2025-08-01 09:42:03 AM,2772.5,324,898290.0,188522122.6999999
2025-08-01 09:42:09 AM,2774.1,2,5548.2,188527670.8999999
2025-08-01 09:42:10 AM,2773.1,4,11092.4,188538763.2999999
2025-08-01 09:42:11 AM,2772.3,0,0.0,188538763.2999999
2025-08-01 09:42:11 AM,2772.3,447,1239218.1,189777981.3999999
2025-08-01 09:42:14 AM,2770.3,10,27703.0,189805684.3999999
2025-08-01 09:42:14 AM,2774.0,0,0.0,189805684.3999999
2025-08-01 09:42:15 AM,2774.0,3903,10826922.0,200632606.3999999
2025-08-01 09:42:19 AM,2770.7,0,0.0,200632606.3999999
2025-08-01 09:42:20 AM,2770.5,17,47098.5,200679704.8999999
2025-08-01 09:42:26 AM,2769.9,0,0.0,200679704.8999999
2025-08-01 09:42:26 AM,2769.9,50,138495.0,200818199.8999999
2025-08-01 09:42:28 AM,2771.6,0,0.0,200818199.8999999
2025-08-01 09:42:29 AM,2771.6,2,5543.2,200823743.09999987
2025-08-01 09:42:33 AM,2770.7,281,778566.7,201602309.79999986
2025-08-01 09:42:34 AM,2771.5,13,36029.5,201638339.29999986
2025-08-01 09:42:37 AM,2771.6,1,2771.6,201641110.89999986
2025-08-01 09:42:44 AM,2771.6,1,2771.6,201643882.49999985
2025-08-01 09:42:48 AM,2771.8,1,2771.8,201646654.29999986
2025-08-01 09:42:59 AM,2771.2,0,0.0,201646654.29999986
2025-08-01 09:43:00 AM,2771.2,30,83136.0,201729790.29999986
2025-08-01 09:43:00 AM,2772.4,0,0.0,201729790.29999986
2025-08-01 09:43:01 AM,2772.4,1,2772.4,201732562.69999987
2025-08-01 09:43:02 AM,2772.3,0,0.0,201732562.69999987
2025-08-01 09:43:03 AM,2772.3,43,119208.90000000001,201851771.59999987
2025-08-01 09:43:10 AM,2773.1,0,0.0,201851771.59999987
2025-08-01 09:43:11 AM,2773.1,2,5546.2,201857317.79999986
2025-08-01 09:43:21 AM,2774.8,100,277480.0,202134797.79999986
2025-08-01 09:43:23 AM,2773.2,275,762630.0,202897427.79999986
2025-08-01 09:43:24 AM,2773.0,413,1145249.0,204042676.79999986
2025-08-01 09:43:25 AM,2772.4,0,0.0,204042676.79999986
2025-08-01 09:43:25 AM,2772.4,1,2772.4,204045449.19999987
2025-08-01 09:43:26 AM,2771.3,6,16627.800000000003,204062076.99999988
2025-08-01 09:43:34 AM,2772.0,12,33264.0,204095340.99999988
2025-08-01 09:43:44 AM,2771.6,0,0.0,204095340.99999988
2025-08-01 09:43:45 AM,2771.6,2,5543.2,204100884.19999987
2025-08-01 09:43:46 AM,2770.5,160,443280.0,204544164.19999987
2025-08-01 09:44:01 AM,2773.2,0,0.0,204544164.19999987
2025-08-01 09:44:01 AM,2773.2,45,124793.99999999999,204668958.19999987
2025-08-01 09:44:02 AM,2773.7,1,2773.7,204671731.89999986
2025-08-01 09:44:03 AM,2772.4,0,0.0,204671731.89999986
2025-08-01 09:44:06 AM,2772.4,1,2772.4,204674504.29999986
2025-08-01 09:44:10 AM,2772.1,0,0.0,204674504.29999986
2025-08-01 09:44:11 AM,2771.6,0,0.0,204674504.29999986
2025-08-01 09:44:12 AM,2771.6,443,1227818.8,205902323.09999987
2025-08-01 09:44:13 AM,2772.2,0,0.0,205902323.09999987
2025-08-01 09:44:14 AM,2772.2,7,19405.399999999998,205921728.49999988
2025-08-01 09:44:15 AM,2773.7,1,2773.7,205924502.19999987
2025-08-01 09:44:22 AM,2770.5,0,0.0,205924502.19999987
2025-08-01 09:44:23 AM,2770.5,36,99738.0,206024240.19999987
2025-08-01 09:44:26 AM,2771.9,0,0.0,206024240.19999987
2025-08-01 09:44:26 AM,2771.9,1,2771.9,206027012.09999987
2025-08-01 09:44:35 AM,2771.1,0,0.0,206027012.09999987
2025-08-01 09:44:40 AM,2771.1,4,11084.4,206038096.49999988
2025-08-01 09:44:42 AM,2770.9,0,0.0,206038096.49999988
2025-08-01 09:44:43 AM,2771.1,0,0.0,206038096.49999988
2025-08-01 09:44:44 AM,2771.1,44,121928.4,206160024.8999999
2025-08-01 09:44:53 AM,2770.1,0,0.0,206160024.8999999
2025-08-01 09:44:54 AM,2770.6,0,0.0,206160024.8999999
2025-08-01 09:44:57 AM,2771.4,0,0.0,206160024.8999999
2025-08-01 09:44:58 AM,2771.2,369,1022572.7999999999,207182597.6999999
2025-08-01 09:45:01 AM,2770.1,30,83103.0,207265700.6999999
2025-08-01 09:45:03 AM,2769.7,0,0.0,207265700.6999999
2025-08-01 09:45:04 AM,2769.7,80,221576.0,207487276.6999999
2025-08-01 09:45:13 AM,2768.0,0,0.0,207487276.6999999
2025-08-01 09:45:13 AM,2768.0,3,8304.0,207495580.6999999
2025-08-01 09:45:15 AM,2767.3,0,0.0,207495580.6999999
2025-08-01 09:45:15 AM,2767.3,4,11069.2,207506649.8999999
2025-08-01 09:45:17 AM,2767.2,2,5534.4,207512184.2999999
2025-08-01 09:45:22 AM,2767.1,0,0.0,207512184.2999999
2025-08-01 09:45:23 AM,2767.1,1,2767.1,207514951.3999999
2025-08-01 09:45:23 AM,2766.2,0,0.0,207514951.3999999
2025-08-01 09:45:24 AM,2766.2,20,55324.0,207570275.3999999
2025-08-01 09:45:25 AM,2766.1,0,0.0,207570275.3999999
2025-08-01 09:45:25 AM,2766.1,1,2766.1,207573041.49999988
2025-08-01 09:45:33 AM,2766.3,50,138315.0,207711356.49999988
2025-08-01 09:45:36 AM,2766.1,32,88515.2,207799871.69999987
2025-08-01 09:45:36 AM,2766.0,10,27660.0,207827531.69999987
2025-08-01 09:45:36 AM,2765.7,0,0.0,207827531.69999987
2025-08-01 09:45:37 AM,2765.7,21,58079.7,207885611.39999986
2025-08-01 09:45:38 AM,2765.7,222,613985.3999999999,208499596.79999986
2025-08-01 09:45:43 AM,2767.1,3,8301.3,208507898.09999987
2025-08-01 09:45:44 AM,2767.1,1,2767.1,208510665.19999987
2025-08-01 09:45:44 AM,2765.8,5,13829.0,208524494.19999987
2025-08-01 09:45:57 AM,2766.3,4,11065.2,208535559.39999986
2025-08-01 09:46:18 AM,2766.3,44,121717.20000000001,208657276.59999985
2025-08-01 09:46:18 AM,2767.1,1,2767.1,208660043.69999984
2025-08-01 09:46:22 AM,2767.1,3,8301.3,208668344.99999985
2025-08-01 09:46:26 AM,2767.1,2,5534.2,208673879.19999984
2025-08-01 09:46:31 AM,2766.4,237,655636.8,209329515.99999985
2025-08-01 09:46:32 AM,2767.1,3,8301.3,209337817.29999986
2025-08-01 09:46:33 AM,2766.4,0,0.0,209337817.29999986
2025-08-01 09:46:34 AM,2766.4,4,11065.6,209348882.89999986
2025-08-01 09:46:41 AM,2766.0,370,1023420.0,210372302.89999986
2025-08-01 09:46:42 AM,2765.9,0,0.0,210372302.89999986
2025-08-01 09:46:42 AM,2765.9,3,8297.7,210380600.59999985
2025-08-01 09:46:46 AM,2765.5,12,33186.0,210413786.59999985
2025-08-01 09:46:51 AM,2765.1,0,0.0,210413786.59999985
2025-08-01 09:46:52 AM,2765.1,1,2765.1,210416551.69999984
2025-08-01 09:46:53 AM,2764.3,249,688310.7000000001,211104862.39999983
2025-08-01 09:46:53 AM,2764.5,0,0.0,211104862.39999983
2025-08-01 09:46:54 AM,2764.5,12,33174.0,211138036.39999983
2025-08-01 09:46:55 AM,2766.1,0,0.0,211138036.39999983
2025-08-01 09:46:56 AM,2766.1,1,2766.1,211140802.49999982
2025-08-01 09:47:01 AM,2765.1,275,760402.5,211901204.99999982
2025-08-01 09:47:02 AM,2765.5,0,0.0,211901204.99999982
2025-08-01 09:47:03 AM,2765.5,46,127213.0,212028417.99999982
2025-08-01 09:47:08 AM,2766.4,0,0.0,212028417.99999982
2025-08-01 09:47:09 AM,2766.4,10,27664.0,212056081.99999982
2025-08-01 09:47:16 AM,2766.6,0,0.0,212056081.99999982
2025-08-01 09:47:17 AM,2766.6,1,2766.6,212058848.59999982
2025-08-01 09:47:20 AM,2766.1,4,11064.4,212069912.99999982
2025-08-01 09:47:27 AM,2766.1,1,2766.1,212072679.09999982
2025-08-01 09:47:32 AM,2766.1,2,5532.2,212078211.2999998
2025-08-01 09:47:35 AM,2766.1,2,5532.2,212083743.4999998
2025-08-01 09:47:36 AM,2767.9,464,1284305.6,213368049.0999998
2025-08-01 09:47:38 AM,2769.3,15,41539.5,213409588.5999998
2025-08-01 09:47:39 AM,2767.9,46,127323.40000000001,213536911.9999998
2025-08-01 09:47:40 AM,2767.8,41,113479.8,213650391.7999998
2025-08-01 09:47:43 AM,2767.4,1,2767.4,213653159.1999998
2025-08-01 09:47:47 AM,2767.6,0,0.0,213653159.1999998
2025-08-01 09:47:48 AM,2767.6,4,11070.4,213664229.59999982
2025-08-01 09:47:55 AM,2767.5,0,0.0,213664229.59999982
2025-08-01 09:47:55 AM,2767.5,2,5535.0,213669764.59999982
2025-08-01 09:47:59 AM,2766.8,16,44268.8,213714033.39999983
2025-08-01 09:48:00 AM,2767.3,1,2767.3,213716800.69999984
2025-08-01 09:48:04 AM,2766.8,285,788538.0,214505338.69999984
2025-08-01 09:48:06 AM,2766.9,1,2766.9,214508105.59999985
2025-08-01 09:48:12 AM,2766.9,5,13834.5,214521940.09999985
2025-08-01 09:48:18 AM,2766.9,1,2766.9,214524706.99999985
2025-08-01 09:48:18 AM,2766.9,265,733228.5,215257935.49999985
2025-08-01 09:48:18 AM,2767.6,0,0.0,215257935.49999985
2025-08-01 09:48:19 AM,2767.6,4,11070.4,215269005.89999986
2025-08-01 09:48:20 AM,2767.6,1,2767.6,215271773.49999985
2025-08-01 09:48:25 AM,2767.8,75,207585.0,215479358.49999985
2025-08-01 09:48:25 AM,2768.6,9,24917.399999999998,215504275.89999986
2025-08-01 09:48:33 AM,2768.4,15,41526.0,215545801.89999986
2025-08-01 09:48:40 AM,2769.3,0,0.0,215545801.89999986
2025-08-01 09:48:40 AM,2769.3,1,2769.3,215548571.19999987
2025-08-01 09:48:46 AM,2768.6,0,0.0,215548571.19999987
2025-08-01 09:48:46 AM,2768.6,3,8305.8,215556876.99999988
2025-08-01 09:48:49 AM,2769.3,1,2769.3,215559646.2999999
2025-08-01 09:48:55 AM,2764.1,932,2576141.1999999997,218135787.49999988
2025-08-01 09:48:58 AM,2765.4,0,0.0,218135787.49999988
2025-08-01 09:48:59 AM,2765.4,3,8296.2,218144083.69999987
2025-08-01 09:49:05 AM,2765.5,0,0.0,218144083.69999987
2025-08-01 09:49:06 AM,2765.5,275,760512.5,218904596.19999987
2025-08-01 09:49:14 AM,2766.2,0,0.0,218904596.19999987
2025-08-01 09:49:15 AM,2766.2,10,27662.0,218932258.19999987
2025-08-01 09:49:18 AM,2766.6,15,41499.0,218973757.19999987
2025-08-01 09:49:22 AM,2766.6,9,24899.399999999998,218998656.59999987
2025-08-01 09:49:23 AM,2767.8,0,0.0,218998656.59999987
2025-08-01 09:49:24 AM,2767.8,9,24910.2,219023566.79999986
2025-08-01 09:49:25 AM,2768.1,25,69202.5,219092769.29999986
2025-08-01 09:49:33 AM,2767.4,0,0.0,219092769.29999986
2025-08-01 09:49:33 AM,2767.4,1,2767.4,219095536.69999987
2025-08-01 09:49:36 AM,2767.4,1,2767.4,219098304.09999987
2025-08-01 09:49:39 AM,2766.4,78,215779.2,219314083.29999986
2025-08-01 09:49:43 AM,2766.4,2,5532.8,219319616.09999987
2025-08-01 09:49:43 AM,2765.3,0,0.0,219319616.09999987
2025-08-01 09:49:44 AM,2765.3,195,539233.5,219858849.59999987
2025-08-01 09:49:46 AM,2766.4,0,0.0,219858849.59999987
2025-08-01 09:49:46 AM,2766.4,1,2766.4,219861615.99999988
2025-08-01 09:49:54 AM,2765.8,0,0.0,219861615.99999988
2025-08-01 09:49:55 AM,2765.8,36,99568.8,219961184.7999999
2025-08-01 09:49:56 AM,2766.4,30,82992.0,220044176.7999999
2025-08-01 09:50:02 AM,2765.8,2,5531.6,220049708.3999999
2025-08-01 09:50:05 AM,2766.0,3,8298.0,220058006.3999999
2025-08-01 09:50:06 AM,2766.4,5,13832.0,220071838.3999999
2025-08-01 09:50:07 AM,2766.6,8,22132.8,220093971.1999999
2025-08-01 09:50:08 AM,2767.5,381,1054417.5,221148388.6999999
2025-08-01 09:50:10 AM,2768.5,0,0.0,221148388.6999999
2025-08-01 09:50:10 AM,2768.5,29,80286.5,221228675.1999999
2025-08-01 09:50:18 AM,2767.7,0,0.0,221228675.1999999
2025-08-01 09:50:19 AM,2767.7,38,105172.59999999999,221333847.7999999
2025-08-01 09:50:19 AM,2767.0,435,1203645.0,222537492.7999999
2025-08-01 09:50:20 AM,2766.6,0,0.0,222537492.7999999
2025-08-01 09:50:21 AM,2766.6,35,96831.0,222634323.7999999
2025-08-01 09:50:21 AM,2767.0,5,13835.0,222648158.7999999
2025-08-01 09:50:22 AM,2767.0,59,163253.0,222811411.7999999
2025-08-01 09:50:23 AM,2767.0,145,401215.0,223212626.7999999
2025-08-01 09:50:34 AM,2771.2,0,0.0,223212626.7999999
2025-08-01 09:50:35 AM,2771.2,986,2732403.1999999997,225945029.99999988
2025-08-01 09:50:35 AM,2772.7,0,0.0,225945029.99999988
2025-08-01 09:50:36 AM,2772.7,56,155271.19999999998,226100301.19999987
2025-08-01 09:50:42 AM,2773.0,0,0.0,226100301.19999987
2025-08-01 09:50:43 AM,2773.0,30,83190.0,226183491.19999987
2025-08-01 09:50:43 AM,2773.5,0,0.0,226183491.19999987
2025-08-01 09:50:44 AM,2773.5,5,13867.5,226197358.69999987
2025-08-01 09:50:47 AM,2773.0,0,0.0,226197358.69999987
2025-08-01 09:50:48 AM,2773.0,20,55460.0,226252818.69999987
2025-08-01 09:50:49 AM,2773.5,7,19414.5,226272233.19999987
2025-08-01 09:50:52 AM,2772.7,0,0.0,226272233.19999987
2025-08-01 09:50:52 AM,2772.7,47,130316.9,226402550.09999987
2025-08-01 09:50:53 AM,2772.0,369,1022868.0,227425418.09999987
2025-08-01 09:51:05 AM,2773.2,22,61010.399999999994,227486428.49999988
2025-08-01 09:51:06 AM,2773.2,35,97062.0,227583490.49999988
2025-08-01 09:51:10 AM,2773.2,1,2773.2,227586263.69999987
2025-08-01 09:51:14 AM,2773.3,10,27733.0,227613996.69999987
2025-08-01 09:51:20 AM,2773.5,1,2773.5,227616770.19999987
2025-08-01 09:51:21 AM,2773.5,50,138675.0,227755445.19999987
2025-08-01 09:51:23 AM,2772.1,1,2772.1,227758217.29999986
2025-08-01 09:51:26 AM,2772.2,1,2772.2,227760989.49999985
2025-08-01 09:51:30 AM,2770.5,93,257656.5,228018645.99999985
2025-08-01 09:51:31 AM,2769.6,0,0.0,228018645.99999985
2025-08-01 09:51:31 AM,2769.6,55,152328.0,228170973.99999985
2025-08-01 09:51:32 AM,2768.9,0,0.0,228170973.99999985
2025-08-01 09:51:32 AM,2768.9,1,2768.9,228173742.89999986
2025-08-01 09:51:35 AM,2769.8,0,0.0,228173742.89999986
2025-08-01 09:51:36 AM,2769.8,135,373923.0,228547665.89999986
2025-08-01 09:51:37 AM,2772.0,0,0.0,228547665.89999986
2025-08-01 09:51:38 AM,2772.0,712,1973664.0,230521329.89999986
2025-08-01 09:51:39 AM,2770.0,0,0.0,230521329.89999986
2025-08-01 09:51:40 AM,2770.0,9,24930.0,230546259.89999986
2025-08-01 09:51:48 AM,2770.9,0,0.0,230546259.89999986
2025-08-01 09:51:49 AM,2770.9,1,2770.9,230549030.79999986
2025-08-01 09:51:49 AM,2771.0,0,0.0,230549030.79999986
2025-08-01 09:51:50 AM,2771.0,12,33252.0,230582282.79999986
2025-08-01 09:51:51 AM,2770.2,0,0.0,230582282.79999986
2025-08-01 09:51:51 AM,2770.2,42,116348.4,230698631.19999987
2025-08-01 09:51:51 AM,2771.0,12,33252.0,230731883.19999987
2025-08-01 09:51:57 AM,2770.2,8,22161.6,230754044.79999986
2025-08-01 09:51:58 AM,2770.2,41,113578.2,230867622.99999985
2025-08-01 09:52:01 AM,2771.1,0,0.0,230867622.99999985
2025-08-01 09:52:01 AM,2771.1,1,2771.1,230870394.09999985
2025-08-01 09:52:05 AM,2771.3,0,0.0,230870394.09999985
2025-08-01 09:52:06 AM,2771.3,5,13856.5,230884250.59999985
2025-08-01 09:52:07 AM,2772.0,3,8316.0,230892566.59999985
2025-08-01 09:52:08 AM,2773.1,54,149747.4,231042313.99999985
2025-08-01 09:52:10 AM,2772.9,0,0.0,231042313.99999985
2025-08-01 09:52:11 AM,2772.9,1,2772.9,231045086.89999986
2025-08-01 09:52:11 AM,2771.0,275,762025.0,231807111.89999986
2025-08-01 09:52:13 AM,2771.6,3,8314.8,231815426.69999987
2025-08-01 09:52:13 AM,2772.4,0,0.0,231815426.69999987
2025-08-01 09:52:14 AM,2772.4,3,8317.2,231823743.89999986
2025-08-01 09:52:16 AM,2772.7,2,5545.4,231829289.29999986
2025-08-01 09:52:35 AM,2773.0,18,49914.0,231879203.29999986
2025-08-01 09:52:36 AM,2773.1,0,0.0,231879203.29999986
2025-08-01 09:52:37 AM,2773.1,38,105377.8,231984581.09999987
2025-08-01 09:52:43 AM,2772.9,0,0.0,231984581.09999987
2025-08-01 09:52:44 AM,2772.9,30,83187.0,232067768.09999987
2025-08-01 09:52:48 AM,2771.7,28,77607.59999999999,232145375.69999987
2025-08-01 09:52:49 AM,2771.1,484,1341212.4,233486588.09999987
2025-08-01 09:52:50 AM,2773.2,0,0.0,233486588.09999987
2025-08-01 09:52:51 AM,2773.2,2,5546.4,233492134.49999988
2025-08-01 09:52:55 AM,2771.9,0,0.0,233492134.49999988
2025-08-01 09:52:55 AM,2771.9,10,27719.0,233519853.49999988
2025-08-01 09:52:56 AM,2771.7,66,182932.19999999998,233702785.69999987
2025-08-01 09:53:00 AM,2771.5,1,2771.5,233705557.19999987
2025-08-01 09:53:04 AM,2771.7,0,0.0,233705557.19999987
2025-08-01 09:53:05 AM,2771.7,6,16630.199999999997,233722187.39999986
2025-08-01 09:53:05 AM,2771.8,0,0.0,233722187.39999986
2025-08-01 09:53:06 AM,2771.8,51,141361.80000000002,233863549.19999987
2025-08-01 09:53:06 AM,2771.5,10,27715.0,233891264.19999987
2025-08-01 09:53:14 AM,2771.2,65,180128.0,234071392.19999987
2025-08-01 09:53:15 AM,2770.5,0,0.0,234071392.19999987
2025-08-01 09:53:15 AM,2770.5,33,91426.5,234162818.69999987
2025-08-01 09:53:21 AM,2769.0,7,19383.0,234182201.69999987
2025-08-01 09:53:24 AM,2767.0,149,412283.0,234594484.69999987
2025-08-01 09:53:26 AM,2766.8,1,2766.8,234597251.49999988
2025-08-01 09:53:30 AM,2766.4,0,0.0,234597251.49999988
2025-08-01 09:53:31 AM,2766.4,22,60860.8,234658112.2999999
2025-08-01 09:53:34 AM,2765.7,0,0.0,234658112.2999999
2025-08-01 09:53:35 AM,2765.7,275,760567.5,235418679.7999999
2025-08-01 09:53:44 AM,2765.6,2,5531.2,235424210.99999988
2025-08-01 09:53:47 AM,2765.6,5,13828.0,235438038.99999988
2025-08-01 09:53:50 AM,2765.2,294,812968.7999999999,236251007.7999999
2025-08-01 09:53:52 AM,2765.2,49,135494.8,236386502.5999999
2025-08-01 09:54:06 AM,2765.9,0,0.0,236386502.5999999
2025-08-01 09:54:07 AM,2765.9,18,49786.200000000004,236436288.7999999
2025-08-01 09:54:07 AM,2766.4,38,105123.2,236541411.99999988
2025-08-01 09:54:08 AM,2765.8,8,22126.4,236563538.3999999
2025-08-01 09:54:10 AM,2766.5,5,13832.5,236577370.8999999
2025-08-01 09:54:13 AM,2765.7,9,24891.3,236602262.1999999
2025-08-01 09:54:19 AM,2765.7,1,2765.7,236605027.8999999
2025-08-01 09:54:21 AM,2766.1,0,0.0,236605027.8999999
2025-08-01 09:54:22 AM,2766.1,5,13830.5,236618858.3999999
2025-08-01 09:54:23 AM,2765.8,2,5531.6,236624389.99999988
2025-08-01 09:54:25 AM,2765.8,1,2765.8,236627155.7999999
2025-08-01 09:54:28 AM,2765.8,1,2765.8,236629921.5999999
2025-08-01 09:54:32 AM,2765.7,19,52548.299999999996,236682469.89999992
2025-08-01 09:54:32 AM,2765.6,0,0.0,236682469.89999992
2025-08-01 09:54:33 AM,2765.6,57,157639.19999999998,236840109.0999999
2025-08-01 09:54:40 AM,2765.1,0,0.0,236840109.0999999
2025-08-01 09:54:41 AM,2765.1,99,273744.89999999997,237113853.9999999
2025-08-01 09:54:43 AM,2765.0,0,0.0,237113853.9999999
2025-08-01 09:54:44 AM,2765.0,1,2765.0,237116618.9999999
2025-08-01 09:54:48 AM,2764.8,1,2764.8,237119383.79999992
2025-08-01 09:54:57 AM,2764.8,1,2764.8,237122148.59999993
2025-08-01 09:54:57 AM,2764.8,1,2764.8,237124913.39999995
2025-08-01 09:55:05 AM,2764.7,0,0.0,237124913.39999995
2025-08-01 09:55:06 AM,2764.7,56,154823.19999999998,237279736.59999993
2025-08-01 09:55:07 AM,2765.0,378,1045170.0,238324906.59999993
2025-08-01 09:55:12 AM,2765.3,0,0.0,238324906.59999993
2025-08-01 09:55:13 AM,2765.3,2,5530.6,238330437.19999993
2025-08-01 09:55:18 AM,2765.8,0,0.0,238330437.19999993
2025-08-01 09:55:18 AM,2765.8,4,11063.2,238341500.39999992
2025-08-01 09:55:21 AM,2765.3,0,0.0,238341500.39999992
2025-08-01 09:55:21 AM,2765.3,8,22122.4,238363622.79999992
2025-08-01 09:55:21 AM,2765.5,43,118916.5,238482539.29999992
2025-08-01 09:55:22 AM,2765.0,0,0.0,238482539.29999992
2025-08-01 09:55:22 AM,2764.5,351,970339.5,239452878.79999992
2025-08-01 09:55:24 AM,2764.5,1,2764.5,239455643.29999992
2025-08-01 09:55:27 AM,2764.5,5,13822.5,239469465.79999992
2025-08-01 09:55:29 AM,2764.5,277,765766.5,240235232.29999992
2025-08-01 09:55:33 AM,2764.5,2,5529.0,240240761.29999992
2025-08-01 09:55:35 AM,2764.4,6,16586.4,240257347.69999993
2025-08-01 09:55:36 AM,2764.5,0,0.0,240257347.69999993
2025-08-01 09:55:36 AM,2764.5,51,140989.5,240398337.19999993
2025-08-01 09:55:37 AM,2764.4,0,0.0,240398337.19999993
2025-08-01 09:55:37 AM,2764.4,8,22115.2,240420452.39999992
2025-08-01 09:55:38 AM,2764.5,5,13822.5,240434274.89999992
2025-08-01 09:55:43 AM,2763.9,9,24875.100000000002,240459149.9999999
2025-08-01 09:55:53 AM,2763.7,18,49746.6,240508896.5999999
2025-08-01 09:56:05 AM,2763.2,0,0.0,240508896.5999999
2025-08-01 09:56:05 AM,2763.2,56,154739.19999999998,240663635.7999999
2025-08-01 09:56:12 AM,2762.8,0,0.0,240663635.7999999
2025-08-01 09:56:12 AM,2762.8,4,11051.2,240674686.99999988
2025-08-01 09:56:14 AM,2763.5,2,5527.0,240680213.99999988
2025-08-01 09:56:16 AM,2763.6,1,2763.6,240682977.59999987
2025-08-01 09:56:24 AM,2763.7,500,1381850.0,242064827.59999987
2025-08-01 09:56:27 AM,2763.1,20,55262.0,242120089.59999987
2025-08-01 09:56:28 AM,2764.6,7,19352.2,242139441.79999986
2025-08-01 09:56:32 AM,2763.6,0,0.0,242139441.79999986
2025-08-01 09:56:32 AM,2763.6,23,63562.799999999996,242203004.59999987
2025-08-01 09:56:33 AM,2763.4,264,729537.6,242932542.19999987
2025-08-01 09:56:35 AM,2764.7,4,11058.8,242943600.99999988
2025-08-01 09:56:37 AM,2764.5,0,0.0,242943600.99999988
2025-08-01 09:56:37 AM,2764.5,10,27645.0,242971245.99999988
2025-08-01 09:56:38 AM,2764.1,5,13820.5,242985066.49999988
2025-08-01 09:56:42 AM,2764.1,103,284702.3,243269768.7999999
2025-08-01 09:56:43 AM,2762.8,0,0.0,243269768.7999999
2025-08-01 09:56:43 AM,2762.8,1,2762.8,243272531.5999999
2025-08-01 09:56:43 AM,2762.8,9,24865.2,243297396.7999999
2025-08-01 09:56:44 AM,2762.6,1,2762.6,243300159.3999999
2025-08-01 09:56:46 AM,2762.7,0,0.0,243300159.3999999
2025-08-01 09:56:46 AM,2762.7,10,27627.0,243327786.3999999
2025-08-01 09:56:46 AM,2762.0,1,2762.0,243330548.3999999
2025-08-01 09:56:47 AM,2763.1,157,433806.7,243764355.09999987
2025-08-01 09:56:52 AM,2763.2,0,0.0,243764355.09999987
2025-08-01 09:56:52 AM,2763.2,250,690800.0,244455155.09999987
2025-08-01 09:56:55 AM,2763.2,7,19342.399999999998,244474497.49999988
2025-08-01 09:56:58 AM,2762.9,19,52495.1,244526992.59999987
2025-08-01 09:56:59 AM,2762.6,0,0.0,244526992.59999987
2025-08-01 09:56:59 AM,2762.0,268,740216.0,245267208.59999987
2025-08-01 09:57:00 AM,2761.2,0,0.0,245267208.59999987
2025-08-01 09:57:01 AM,2761.2,265,731718.0,245998926.59999987
2025-08-01 09:57:01 AM,2761.5,10,27615.0,246026541.59999987
2025-08-01 09:57:04 AM,2762.8,0,0.0,246026541.59999987
2025-08-01 09:57:04 AM,2762.8,7,19339.600000000002,246045881.19999987
2025-08-01 09:57:06 AM,2763.3,0,0.0,246045881.19999987
2025-08-01 09:57:06 AM,2763.3,56,154744.80000000002,246200625.99999988
2025-08-01 09:57:12 AM,2761.8,349,963868.2000000001,247164494.19999987
2025-08-01 09:57:14 AM,2762.5,14,38675.0,247203169.19999987
2025-08-01 09:57:15 AM,2763.9,0,0.0,247203169.19999987
2025-08-01 09:57:15 AM,2763.9,4,11055.6,247214224.79999986
2025-08-01 09:57:19 AM,2764.0,16,44224.0,247258448.79999986
2025-08-01 09:57:20 AM,2764.7,0,0.0,247258448.79999986
2025-08-01 09:57:20 AM,2765.5,101,279315.5,247537764.29999986
2025-08-01 09:57:22 AM,2764.8,0,0.0,247537764.29999986
2025-08-01 09:57:22 AM,2764.8,10,27648.0,247565412.29999986
2025-08-01 09:57:25 AM,2764.1,0,0.0,247565412.29999986
2025-08-01 09:57:25 AM,2764.1,11,30405.1,247595817.39999986
2025-08-01 09:57:33 AM,2764.2,0,0.0,247595817.39999986
2025-08-01 09:57:33 AM,2764.2,12,33170.399999999994,247628987.79999986
2025-08-01 09:57:34 AM,2765.0,57,157605.0,247786592.79999986
2025-08-01 09:57:35 AM,2765.1,9,24885.899999999998,247811478.69999987
2025-08-01 09:57:40 AM,2765.0,3,8295.0,247819773.69999987
2025-08-01 09:57:45 AM,2765.0,1,2765.0,247822538.69999987
2025-08-01 09:57:47 AM,2764.1,2,5528.2,247828066.89999986
2025-08-01 09:57:49 AM,2764.0,274,757336.0,248585402.89999986
2025-08-01 09:57:53 AM,2765.3,1,2765.3,248588168.19999987
2025-08-01 09:57:54 AM,2765.4,0,0.0,248588168.19999987
2025-08-01 09:57:54 AM,2765.4,1,2765.4,248590933.59999987
2025-08-01 09:58:02 AM,2764.7,0,0.0,248590933.59999987
2025-08-01 09:58:02 AM,2764.7,9,24882.3,248615815.8999999
2025-08-01 09:58:06 AM,2764.9,0,0.0,248615815.8999999
2025-08-01 09:58:06 AM,2764.9,12,33178.8,248648994.6999999
2025-08-01 09:58:07 AM,2765.1,0,0.0,248648994.6999999
2025-08-01 09:58:07 AM,2765.1,11,30416.1,248679410.7999999
2025-08-01 09:58:08 AM,2765.3,0,0.0,248679410.7999999
2025-08-01 09:58:08 AM,2765.3,33,91254.90000000001,248770665.6999999
2025-08-01 09:58:13 AM,2765.1,4,11060.4,248781726.0999999
2025-08-01 09:58:16 AM,2764.1,0,0.0,248781726.0999999
2025-08-01 09:58:16 AM,2764.1,118,326163.8,249107889.89999992
2025-08-01 09:58:18 AM,2763.9,0,0.0,249107889.89999992
2025-08-01 09:58:18 AM,2763.9,12,33166.8,249141056.69999993
2025-08-01 09:58:22 AM,2764.2,1,2764.2,249143820.89999992
2025-08-01 09:58:25 AM,2763.8,1,2763.8,249146584.69999993
2025-08-01 09:58:27 AM,2763.8,1,2763.8,249149348.49999994
2025-08-01 09:58:29 AM,2763.0,2,5526.0,249154874.49999994
2025-08-01 09:58:35 AM,2763.4,67,185147.80000000002,249340022.29999995
2025-08-01 09:58:35 AM,2762.8,272,751481.6000000001,250091503.89999995
2025-08-01 09:58:37 AM,2763.7,152,420082.39999999997,250511586.29999995
2025-08-01 09:58:40 AM,2765.8,0,0.0,250511586.29999995
2025-08-01 09:58:40 AM,2765.8,5,13829.0,250525415.29999995
2025-08-01 09:58:41 AM,2765.8,2,5531.6,250530946.89999995
2025-08-01 09:58:43 AM,2767.1,13,35972.299999999996,250566919.19999996
2025-08-01 09:58:44 AM,2767.1,4,11068.4,250577987.59999996
2025-08-01 09:58:49 AM,2765.9,0,0.0,250577987.59999996
2025-08-01 09:58:49 AM,2765.9,72,199144.80000000002,250777132.39999998
2025-08-01 09:58:54 AM,2766.7,0,0.0,250777132.39999998
2025-08-01 09:58:54 AM,2766.7,3,8300.099999999999,250785432.49999997
2025-08-01 09:58:58 AM,2766.7,1,2766.7,250788199.19999996
2025-08-01 09:59:00 AM,2765.4,275,760485.0,251548684.19999996
2025-08-01 09:59:04 AM,2766.5,4,11066.0,251559750.19999996
2025-08-01 09:59:06 AM,2766.6,0,0.0,251559750.19999996
2025-08-01 09:59:06 AM,2766.6,57,157696.19999999998,251717446.39999995
2025-08-01 09:59:14 AM,2766.9,0,0.0,251717446.39999995
2025-08-01 09:59:14 AM,2766.9,1,2766.9,251720213.29999995
2025-08-01 09:59:18 AM,2765.5,0,0.0,251720213.29999995
2025-08-01 09:59:18 AM,2765.5,5,13827.5,251734040.79999995
2025-08-01 09:59:19 AM,2765.3,0,0.0,251734040.79999995
2025-08-01 09:59:19 AM,2765.3,4,11061.2,251745101.99999994
2025-08-01 09:59:27 AM,2766.9,10,27669.0,251772770.99999994
2025-08-01 09:59:31 AM,2766.5,0,0.0,251772770.99999994
2025-08-01 09:59:31 AM,2766.5,20,55330.0,251828100.99999994
2025-08-01 09:59:35 AM,2766.5,1,2766.5,251830867.49999994
2025-08-01 09:59:36 AM,2766.5,12,33198.0,251864065.49999994
2025-08-01 09:59:37 AM,2766.8,0,0.0,251864065.49999994
2025-08-01 09:59:37 AM,2766.8,44,121739.20000000001,251985804.69999993
2025-08-01 09:59:38 AM,2765.8,0,0.0,251985804.69999993
2025-08-01 09:59:38 AM,2766.8,3,8300.400000000001,251994105.09999993
2025-08-01 09:59:47 AM,2765.9,0,0.0,251994105.09999993
2025-08-01 09:59:47 AM,2765.9,1,2765.9,251996870.99999994
2025-08-01 09:59:47 AM,2766.8,40,110672.0,252107542.99999994
2025-08-01 09:59:53 AM,2764.7,806,2228348.1999999997,254335891.19999993
2025-08-01 09:59:57 AM,2765.9,0,0.0,254335891.19999993
2025-08-01 09:59:57 AM,2765.9,11,30424.9,254366316.09999993
2025-08-01 09:59:59 AM,2765.9,33,91274.7,254457590.79999992
2025-08-01 10:00:02 AM,2765.3,80,221224.0,254678814.79999992
2025-08-01 10:00:06 AM,2764.8,1,2764.8,254681579.59999993
2025-08-01 10:00:07 AM,2764.8,3,8294.400000000001,254689873.99999994
2025-08-01 10:00:09 AM,2764.4,0,0.0,254689873.99999994
2025-08-01 10:00:09 AM,2764.4,150,414660.0,255104533.99999994
2025-08-01 10:00:11 AM,2764.1,10,27641.0,255132174.99999994
2025-08-01 10:00:12 AM,2764.4,0,0.0,255132174.99999994
2025-08-01 10:00:12 AM,2764.4,2,5528.8,255137703.79999995
2025-08-01 10:00:22 AM,2764.4,1,2764.4,255140468.19999996
2025-08-01 10:00:24 AM,2764.1,0,0.0,255140468.19999996
2025-08-01 10:00:24 AM,2764.1,13,35933.299999999996,255176401.49999997
2025-08-01 10:00:25 AM,2763.9,1,2763.9,255179165.39999998
2025-08-01 10:00:29 AM,2763.7,0,0.0,255179165.39999998
2025-08-01 10:00:29 AM,2763.7,25,69092.5,255248257.89999998
2025-08-01 10:00:36 AM,2763.7,56,154767.19999999998,255403025.09999996
2025-08-01 10:00:40 AM,2763.7,1,2763.7,255405788.79999995
2025-08-01 10:00:41 AM,2763.6,0,0.0,255405788.79999995
2025-08-01 10:00:41 AM,2763.6,37,102253.2,255508041.99999994
2025-08-01 10:00:43 AM,2763.5,0,0.0,255508041.99999994
2025-08-01 10:00:43 AM,2763.5,2,5527.0,255513568.99999994
2025-08-01 10:00:47 AM,2763.6,2,5527.2,255519096.19999993
2025-08-01 10:00:49 AM,2763.6,1,2763.6,255521859.79999992
2025-08-01 10:00:50 AM,2763.5,245,677057.5,256198917.29999992
2025-08-01 10:00:52 AM,2763.5,1,2763.5,256201680.79999992
2025-08-01 10:00:54 AM,2763.5,2,5527.0,256207207.79999992
2025-08-01 10:00:55 AM,2763.5,19,52506.5,256259714.29999992
2025-08-01 10:00:57 AM,2765.2,0,0.0,256259714.29999992
2025-08-01 10:00:57 AM,2765.2,585,1617642.0,257877356.29999992
2025-08-01 10:01:04 AM,2766.0,0,0.0,257877356.29999992
2025-08-01 10:01:04 AM,2766.0,3,8298.0,257885654.29999992
2025-08-01 10:01:06 AM,2766.8,0,0.0,257885654.29999992
2025-08-01 10:01:06 AM,2766.8,3,8300.400000000001,257893954.69999993
2025-08-01 10:01:06 AM,2767.5,22,60885.0,257954839.69999993
2025-08-01 10:01:07 AM,2767.8,16,44284.8,257999124.49999994
2025-08-01 10:01:09 AM,2768.1,0,0.0,257999124.49999994
2025-08-01 10:01:09 AM,2768.1,29,80274.9,258079399.39999995
2025-08-01 10:01:10 AM,2768.1,275,761227.5,258840626.89999995
2025-08-01 10:01:12 AM,2768.5,0,0.0,258840626.89999995
2025-08-01 10:01:12 AM,2768.5,4,11074.0,258851700.89999995
2025-08-01 10:01:16 AM,2768.6,0,0.0,258851700.89999995
2025-08-01 10:01:16 AM,2768.3,0,0.0,258851700.89999995
2025-08-01 10:01:16 AM,2768.3,155,429086.5,259280787.39999995
2025-08-01 10:01:17 AM,2766.5,5,13832.5,259294619.89999995
2025-08-01 10:01:24 AM,2766.5,2,5533.0,259300152.89999995
2025-08-01 10:01:26 AM,2767.1,0,0.0,259300152.89999995
2025-08-01 10:01:26 AM,2767.1,277,766486.7,260066639.59999993
2025-08-01 10:01:31 AM,2769.8,0,0.0,260066639.59999993
2025-08-01 10:01:31 AM,2769.8,2,5539.6,260072179.19999993
2025-08-01 10:01:32 AM,2770.2,0,0.0,260072179.19999993
2025-08-01 10:01:32 AM,2770.2,10,27702.0,260099881.19999993
2025-08-01 10:01:33 AM,2770.0,2,5540.0,260105421.19999993
2025-08-01 10:01:34 AM,2769.5,56,155092.0,260260513.19999993
2025-08-01 10:01:35 AM,2767.7,50,138385.0,260398898.19999993
2025-08-01 10:01:59 AM,2769.4,1,2769.4,260401667.59999993
2025-08-01 10:02:00 AM,2769.4,11,30463.4,260432130.99999994
2025-08-01 10:02:02 AM,2770.0,0,0.0,260432130.99999994
2025-08-01 10:02:02 AM,2770.0,16,44320.0,260476450.99999994
2025-08-01 10:02:06 AM,2770.8,0,0.0,260476450.99999994
2025-08-01 10:02:06 AM,2770.8,16,44332.8,260520783.79999995
2025-08-01 10:02:07 AM,2771.5,0,0.0,260520783.79999995
2025-08-01 10:02:07 AM,2771.5,41,113631.5,260634415.29999995
2025-08-01 10:02:08 AM,2771.4,1,2771.4,260637186.69999996
2025-08-01 10:02:11 AM,2771.4,1,2771.4,260639958.09999996
2025-08-01 10:02:15 AM,2770.3,0,0.0,260639958.09999996
2025-08-01 10:02:15 AM,2770.3,350,969605.0000000001,261609563.09999996
2025-08-01 10:02:17 AM,2769.6,0,0.0,261609563.09999996
2025-08-01 10:02:17 AM,2769.6,3,8308.8,261617871.89999998
2025-08-01 10:02:21 AM,2767.5,272,752760.0,262370631.89999998
2025-08-01 10:02:33 AM,2768.0,350,968800.0,263339431.89999998
2025-08-01 10:02:37 AM,2768.0,1,2768.0,263342199.89999998
2025-08-01 10:02:38 AM,2769.1,0,0.0,263342199.89999998
2025-08-01 10:02:38 AM,2769.1,16,44305.6,263386505.49999997
2025-08-01 10:02:46 AM,2769.3,12,33231.600000000006,263419737.09999996
2025-08-01 10:02:47 AM,2770.6,276,764685.6,264184422.69999996
2025-08-01 10:02:47 AM,2770.6,1,2770.6,264187193.29999995
2025-08-01 10:02:49 AM,2770.3,0,0.0,264187193.29999995
2025-08-01 10:02:49 AM,2770.3,10,27703.0,264214896.29999995
2025-08-01 10:02:50 AM,2770.3,4,11081.2,264225977.49999994
2025-08-01 10:03:04 AM,2770.1,333,922443.2999999999,265148420.79999995
2025-08-01 10:03:09 AM,2769.0,0,0.0,265148420.79999995
2025-08-01 10:03:09 AM,2769.0,4,11076.0,265159496.79999995
2025-08-01 10:03:12 AM,2767.3,0,0.0,265159496.79999995
2025-08-01 10:03:12 AM,2767.3,271,749938.3,265909435.09999996
2025-08-01 10:03:17 AM,2768.9,6,16613.4,265926048.49999997
2025-08-01 10:03:18 AM,2769.9,1,2769.9,265928818.39999998
2025-08-01 10:03:25 AM,2770.6,0,0.0,265928818.39999998
2025-08-01 10:03:25 AM,2770.6,10,27706.0,265956524.39999998
2025-08-01 10:03:34 AM,2772.8,0,0.0,265956524.39999998
2025-08-01 10:03:34 AM,2772.8,350,970480.0000000001,266927004.39999998
2025-08-01 10:03:35 AM,2772.2,0,0.0,266927004.39999998
2025-08-01 10:03:35 AM,2772.2,57,158015.4,267085019.79999998
2025-08-01 10:03:36 AM,2772.2,9,24949.8,267109969.6
2025-08-01 10:03:36 AM,2772.2,1,2772.2,267112741.79999998
2025-08-01 10:03:49 AM,2771.1,374,1036391.4,268149133.2
2025-08-01 10:03:50 AM,2770.6,8,22164.8,268171298.0
2025-08-01 10:03:52 AM,2770.3,0,0.0,268171298.0
2025-08-01 10:03:52 AM,2770.3,290,803387.0,268974685.0
2025-08-01 10:03:57 AM,2772.0,26,72072.0,269046757.0
2025-08-01 10:03:59 AM,2772.9,0,0.0,269046757.0
2025-08-01 10:03:59 AM,2772.9,1,2772.9,269049529.9
2025-08-01 10:04:06 AM,2772.9,8,22183.2,269071713.09999996
2025-08-01 10:04:07 AM,2773.0,0,0.0,269071713.09999996
2025-08-01 10:04:07 AM,2773.0,48,133104.0,269204817.09999996
2025-08-01 10:04:14 AM,2773.0,9,24957.0,269229774.09999996
2025-08-01 10:04:19 AM,2773.0,1,2773.0,269232547.09999996
2025-08-01 10:04:19 AM,2773.0,1,2773.0,269235320.09999996
2025-08-01 10:04:28 AM,2773.0,41,113693.0,269349013.09999996
2025-08-01 10:04:29 AM,2773.2,0,0.0,269349013.09999996
2025-08-01 10:04:29 AM,2773.2,275,762630.0,270111643.09999996
2025-08-01 10:04:31 AM,2775.3,0,0.0,270111643.09999996
2025-08-01 10:04:31 AM,2775.3,37,102686.1,270214329.2
2025-08-01 10:04:33 AM,2774.6,57,158152.19999999998,270372481.4
2025-08-01 10:04:36 AM,2774.5,5,13872.5,270386353.9
2025-08-01 10:04:38 AM,2775.0,24,66600.0,270452953.9
2025-08-01 10:04:40 AM,2775.7,0,0.0,270452953.9
2025-08-01 10:04:40 AM,2775.7,256,710579.2,271163533.09999996
2025-08-01 10:04:41 AM,2775.4,0,0.0,271163533.09999996
2025-08-01 10:04:41 AM,2775.4,2,5550.8,271169083.9
2025-08-01 10:04:50 AM,2775.7,8,22205.6,271191289.5
2025-08-01 10:04:53 AM,2777.0,50,138850.0,271330139.5
2025-08-01 10:04:55 AM,2775.9,0,0.0,271330139.5
2025-08-01 10:04:55 AM,2775.9,20,55518.0,271385657.5
2025-08-01 10:05:04 AM,2775.9,514,1426812.6,272812470.1
2025-08-01 10:05:13 AM,2775.7,0,0.0,272812470.1
2025-08-01 10:05:14 AM,2775.7,24,66616.79999999999,272879086.90000004
2025-08-01 10:05:20 AM,2775.1,0,0.0,272879086.90000004
2025-08-01 10:05:21 AM,2775.1,1,2775.1,272881862.00000006
2025-08-01 10:05:29 AM,2773.7,26,72116.2,272953978.20000005
2025-08-01 10:05:32 AM,2773.4,0,0.0,272953978.20000005
2025-08-01 10:05:33 AM,2773.4,2,5546.8,272959525.00000006
2025-08-01 10:05:34 AM,2773.2,0,0.0,272959525.00000006
2025-08-01 10:05:35 AM,2773.0,60,166380.0,273125905.00000006
2025-08-01 10:05:39 AM,2773.0,2,5546.0,273131451.00000006
2025-08-01 10:05:50 AM,2772.6,0,0.0,273131451.00000006
2025-08-01 10:05:51 AM,2772.6,2,5545.2,273136996.20000005
2025-08-01 10:05:57 AM,2772.6,1,2772.6,273139768.8000001
2025-08-01 10:06:02 AM,2771.0,0,0.0,273139768.8000001
2025-08-01 10:06:02 AM,2771.0,287,795277.0,273935045.8000001
2025-08-01 10:06:04 AM,2772.0,0,0.0,273935045.8000001
2025-08-01 10:06:04 AM,2772.0,56,155232.0,274090277.8000001
2025-08-01 10:06:06 AM,2772.0,6,16632.0,274106909.8000001
2025-08-01 10:06:31 AM,2772.1,0,0.0,274106909.8000001
2025-08-01 10:06:31 AM,2772.1,315,873211.5,274980121.3000001
2025-08-01 10:06:35 AM,2771.5,0,0.0,274980121.3000001
2025-08-01 10:06:35 AM,2771.5,1,2771.5,274982892.8000001
2025-08-01 10:06:35 AM,2771.5,18,49887.0,275032779.8000001
2025-08-01 10:06:37 AM,2771.6,0,0.0,275032779.8000001
2025-08-01 10:06:37 AM,2771.6,39,108092.4,275140872.20000005
2025-08-01 10:06:40 AM,2771.6,5,13858.0,275154730.20000005
2025-08-01 10:06:40 AM,2771.3,10,27713.0,275182443.20000005
2025-08-01 10:06:44 AM,2771.2,0,0.0,275182443.20000005
2025-08-01 10:06:44 AM,2771.2,12,33254.399999999994,275215697.6
2025-08-01 10:06:49 AM,2770.0,0,0.0,275215697.6
2025-08-01 10:06:49 AM,2770.0,344,952880.0,276168577.6
2025-08-01 10:06:53 AM,2769.6,4,11078.4,276179656.0
2025-08-01 10:06:55 AM,2768.0,271,750128.0,276929784.0
2025-08-01 10:06:59 AM,2768.3,50,138415.0,277068199.0
2025-08-01 10:07:06 AM,2769.7,0,0.0,277068199.0
2025-08-01 10:07:06 AM,2769.7,17,47084.899999999994,277115283.9
2025-08-01 10:07:06 AM,2769.7,39,108018.29999999999,277223302.2
2025-08-01 10:07:09 AM,2768.3,26,71975.8,277295278.0
2025-08-01 10:07:12 AM,2768.3,1,2768.3,277298046.3
2025-08-01 10:07:19 AM,2770.0,0,0.0,277298046.3
2025-08-01 10:07:19 AM,2770.0,1,2770.0,277300816.3
2025-08-01 10:07:21 AM,2768.9,0,0.0,277300816.3
2025-08-01 10:07:21 AM,2768.9,44,121831.6,277422647.90000004
2025-08-01 10:07:27 AM,2770.2,258,714711.6,278137359.50000006
2025-08-01 10:07:28 AM,2770.9,110,304799.0,278442158.50000006
2025-08-01 10:07:31 AM,2771.0,0,0.0,278442158.50000006
2025-08-01 10:07:31 AM,2771.0,8,22168.0,278464326.50000006
2025-08-01 10:07:32 AM,2771.1,0,0.0,278464326.50000006
2025-08-01 10:07:32 AM,2771.1,1,2771.1,278467097.6000001
2025-08-01 10:07:36 AM,2771.8,0,0.0,278467097.6000001
2025-08-01 10:07:36 AM,2771.8,17,47120.600000000006,278514218.2000001
2025-08-01 10:07:37 AM,2772.3,0,0.0,278514218.2000001
2025-08-01 10:07:37 AM,2772.3,39,108119.70000000001,278622337.9000001
2025-08-01 10:07:38 AM,2771.8,0,0.0,278622337.9000001
2025-08-01 10:07:38 AM,2771.8,32,88697.6,278711035.5000001
2025-08-01 10:07:41 AM,2772.1,0,0.0,278711035.5000001
2025-08-01 10:07:41 AM,2772.1,6,16632.6,278727668.10000014
2025-08-01 10:07:46 AM,2771.5,0,0.0,278727668.10000014
2025-08-01 10:07:46 AM,2771.5,1,2771.5,278730439.60000014
2025-08-01 10:07:48 AM,2771.5,95,263292.5,278993732.10000014
2025-08-01 10:07:50 AM,2771.5,131,363066.5,279356798.60000014
2025-08-01 10:07:56 AM,2770.2,105,290871.0,279647669.60000014
2025-08-01 10:08:01 AM,2771.1,0,0.0,279647669.60000014
2025-08-01 10:08:01 AM,2771.1,10,27711.0,279675380.60000014
2025-08-01 10:08:06 AM,2771.1,17,47108.7,279722489.30000013
2025-08-01 10:08:07 AM,2771.4,0,0.0,279722489.30000013
2025-08-01 10:08:07 AM,2771.4,40,110856.0,279833345.30000013
2025-08-01 10:08:09 AM,2769.5,0,0.0,279833345.30000013
2025-08-01 10:08:09 AM,2769.5,1,2769.5,279836114.80000013
2025-08-01 10:08:33 AM,2770.2,0,0.0,279836114.80000013
2025-08-01 10:08:33 AM,2770.2,2,5540.4,279841655.2000001
2025-08-01 10:08:36 AM,2770.9,0,0.0,279841655.2000001
2025-08-01 10:08:36 AM,2770.9,14,38792.6,279880447.80000013
2025-08-01 10:08:37 AM,2771.2,0,0.0,279880447.80000013
2025-08-01 10:08:37 AM,2771.2,17,47110.399999999994,279927558.2000001
2025-08-01 10:08:38 AM,2771.6,25,69290.0,279996848.2000001
2025-08-01 10:08:41 AM,2770.9,1,2770.9,279999619.1000001
2025-08-01 10:08:46 AM,2771.8,0,0.0,279999619.1000001
2025-08-01 10:08:46 AM,2771.8,1,2771.8,280002390.9000001
2025-08-01 10:09:05 AM,2772.0,33,91476.0,280093866.9000001
2025-08-01 10:09:07 AM,2772.8,0,0.0,280093866.9000001
2025-08-01 10:09:07 AM,2772.8,24,66547.20000000001,280160414.1000001
2025-08-01 10:09:08 AM,2772.8,2,5545.6,280165959.7000001
2025-08-01 10:09:14 AM,2772.9,0,0.0,280165959.7000001
2025-08-01 10:09:14 AM,2772.9,56,155282.4,280321242.1000001
2025-08-01 10:09:21 AM,2772.4,0,0.0,280321242.1000001
2025-08-01 10:09:21 AM,2772.0,342,948024.0,281269266.1000001
2025-08-01 10:09:24 AM,2772.9,0,0.0,281269266.1000001
2025-08-01 10:09:24 AM,2772.9,200,554580.0,281823846.1000001
2025-08-01 10:09:26 AM,2772.9,6,16637.4,281840483.50000006
2025-08-01 10:09:28 AM,2772.9,1,2772.9,281843256.40000004
2025-08-01 10:09:35 AM,2772.9,41,113688.90000000001,281956945.3
2025-08-01 10:09:36 AM,2773.2,1,2773.2,281959718.5
2025-08-01 10:09:37 AM,2773.2,16,44371.2,282004089.7
2025-08-01 10:09:48 AM,2772.1,0,0.0,282004089.7
2025-08-01 10:09:48 AM,2772.1,4,11088.4,282015178.09999996
2025-08-01 10:09:59 AM,2772.0,0,0.0,282015178.09999996
2025-08-01 10:09:59 AM,2772.0,25,69300.0,282084478.09999996
2025-08-01 10:10:04 AM,2772.9,1,2772.9,282087250.99999994
2025-08-01 10:10:05 AM,2772.8,0,0.0,282087250.99999994
2025-08-01 10:10:05 AM,2772.8,6,16636.800000000003,282103887.79999995
2025-08-01 10:10:06 AM,2772.9,17,47139.3,282151027.09999996
2025-08-01 10:10:07 AM,2773.0,0,0.0,282151027.09999996
2025-08-01 10:10:07 AM,2773.0,8,22184.0,282173211.09999996
2025-08-01 10:10:08 AM,2773.2,0,0.0,282173211.09999996
2025-08-01 10:10:08 AM,2773.2,26,72103.2,282245314.29999995
2025-08-01 10:10:10 AM,2773.1,1,2773.1,282248087.4
2025-08-01 10:10:11 AM,2772.5,0,0.0,282248087.4
2025-08-01 10:10:11 AM,2772.5,217,601632.5,282849719.9
2025-08-01 10:10:11 AM,2772.0,67,185724.0,283035443.9
2025-08-01 10:10:18 AM,2770.4,0,0.0,283035443.9
2025-08-01 10:10:18 AM,2770.4,1,2770.4,283038214.29999995
2025-08-01 10:10:22 AM,2771.3,0,0.0,283038214.29999995
2025-08-01 10:10:22 AM,2771.3,3,8313.900000000001,283046528.1999999
2025-08-01 10:10:24 AM,2770.4,0,0.0,283046528.1999999
2025-08-01 10:10:24 AM,2770.4,7,19392.8,283065920.99999994
2025-08-01 10:10:36 AM,2771.3,0,0.0,283065920.99999994
2025-08-01 10:10:36 AM,2771.3,56,155192.80000000002,283221113.79999995
2025-08-01 10:10:37 AM,2771.3,1,2771.3,283223885.09999996
2025-08-01 10:11:01 AM,2772.2,0,0.0,283223885.09999996
2025-08-01 10:11:01 AM,2772.2,259,717999.7999999999,283941884.9
2025-08-01 10:11:03 AM,2772.8,3,8318.400000000001,283950203.29999995
2025-08-01 10:11:04 AM,2772.8,9,24955.2,283975158.49999994
2025-08-01 10:11:06 AM,2772.8,26,72092.8,284047251.29999995
2025-08-01 10:11:07 AM,2773.0,0,0.0,284047251.29999995
2025-08-01 10:11:07 AM,2773.0,18,49914.0,284097165.29999995
2025-08-01 10:11:08 AM,2773.8,0,0.0,284097165.29999995
2025-08-01 10:11:08 AM,2773.8,13,36059.4,284133224.6999999
2025-08-01 10:11:24 AM,2772.6,262,726421.2,284859645.8999999
2025-08-01 10:11:25 AM,2772.4,50,138620.0,284998265.8999999
2025-08-01 10:11:26 AM,2772.3,0,0.0,284998265.8999999
2025-08-01 10:11:26 AM,2772.4,59,163571.6,285161837.49999994
2025-08-01 10:11:30 AM,2772.7,0,0.0,285161837.49999994
2025-08-01 10:11:30 AM,2772.7,1,2772.7,285164610.1999999
2025-08-01 10:11:36 AM,2772.7,22,60999.399999999994,285225609.5999999
2025-08-01 10:11:37 AM,2772.8,0,0.0,285225609.5999999
2025-08-01 10:11:37 AM,2772.8,34,94275.20000000001,285319884.7999999
2025-08-01 10:11:39 AM,2772.7,0,0.0,285319884.7999999
2025-08-01 10:11:40 AM,2772.7,5,13863.5,285333748.2999999
2025-08-01 10:11:54 AM,2772.0,0,0.0,285333748.2999999
2025-08-01 10:11:54 AM,2772.0,204,565488.0,285899236.2999999
2025-08-01 10:11:56 AM,2772.0,67,185724.0,286084960.2999999
2025-08-01 10:12:05 AM,2771.0,24,66504.0,286151464.2999999
2025-08-01 10:12:05 AM,2771.1,0,0.0,286151464.2999999
2025-08-01 10:12:06 AM,2771.1,35,96988.5,286248452.7999999
2025-08-01 10:12:07 AM,2771.1,1,2771.1,286251223.8999999
2025-08-01 10:12:08 AM,2771.0,0,0.0,286251223.8999999
2025-08-01 10:12:08 AM,2771.0,10,27710.0,286278933.8999999
2025-08-01 10:12:12 AM,2770.5,0,0.0,286278933.8999999
2025-08-01 10:12:12 AM,2771.1,4,11084.4,286290018.2999999
2025-08-01 10:12:16 AM,2771.1,3,8313.3,286298331.5999999
2025-08-01 10:12:33 AM,2771.6,249,690128.4,286988459.9999999
2025-08-01 10:12:34 AM,2772.0,0,0.0,286988459.9999999
2025-08-01 10:12:34 AM,2772.0,1,2772.0,286991231.9999999
2025-08-01 10:12:35 AM,2773.3,43,119251.90000000001,287110483.89999986
2025-08-01 10:12:36 AM,2773.8,0,0.0,287110483.89999986
2025-08-01 10:12:36 AM,2773.8,16,44380.8,287154864.69999987
2025-08-01 10:12:37 AM,2774.5,0,0.0,287154864.69999987
2025-08-01 10:12:37 AM,2774.5,1,2774.5,287157639.19999987
2025-08-01 10:12:37 AM,2774.5,65,180342.5,287337981.69999987
2025-08-01 10:12:38 AM,2774.1,1,2774.1,287340755.7999999
2025-08-01 10:12:49 AM,2774.0,5,13870.0,287354625.7999999
2025-08-01 10:12:58 AM,2773.9,5,13869.5,287368495.2999999
2025-08-01 10:12:59 AM,2772.7,358,992626.6,288361121.8999999
2025-08-01 10:13:06 AM,2772.2,0,0.0,288361121.8999999
2025-08-01 10:13:06 AM,2772.2,56,155243.19999999998,288516365.0999999
2025-08-01 10:13:07 AM,2770.4,0,0.0,288516365.0999999
2025-08-01 10:13:07 AM,2770.4,219,606717.6,289123082.6999999
2025-08-01 10:13:16 AM,2771.0,1,2771.0,289125853.6999999
2025-08-01 10:13:30 AM,2772.6,15,41589.0,289167442.6999999
2025-08-01 10:13:35 AM,2772.8,0,0.0,289167442.6999999
2025-08-01 10:13:35 AM,2772.8,6,16636.800000000003,289184079.49999994
2025-08-01 10:13:36 AM,2773.0,0,0.0,289184079.49999994
2025-08-01 10:13:36 AM,2773.0,51,141423.0,289325502.49999994
2025-08-01 10:13:38 AM,2772.9,0,0.0,289325502.49999994
2025-08-01 10:13:38 AM,2772.9,17,47139.3,289372641.79999995
2025-08-01 10:13:44 AM,2773.7,0,0.0,289372641.79999995
2025-08-01 10:13:44 AM,2773.7,1,2773.7,289375415.49999994
2025-08-01 10:13:46 AM,2773.7,2,5547.4,289380962.8999999
2025-08-01 10:13:54 AM,2773.7,3,8321.099999999999,289389283.99999994
2025-08-01 10:14:06 AM,2774.1,26,72126.59999999999,289461410.59999996
2025-08-01 10:14:07 AM,2774.9,0,0.0,289461410.59999996
2025-08-01 10:14:07 AM,2774.9,31,86021.90000000001,289547432.49999994
2025-08-01 10:14:11 AM,2774.7,0,0.0,289547432.49999994
2025-08-01 10:14:11 AM,2774.7,1,2774.7,289550207.1999999
2025-08-01 10:14:14 AM,2774.9,0,0.0,289550207.1999999
2025-08-01 10:14:14 AM,2774.9,1,2774.9,289552982.0999999
2025-08-01 10:14:36 AM,2774.9,31,86021.90000000001,289639003.9999999
2025-08-01 10:14:37 AM,2774.5,0,0.0,289639003.9999999
2025-08-01 10:14:37 AM,2774.5,202,560449.0,290199452.9999999
2025-08-01 10:14:39 AM,2774.6,0,0.0,290199452.9999999
2025-08-01 10:14:39 AM,2774.6,3,8323.8,290207776.7999999
2025-08-01 10:14:40 AM,2774.6,90,249714.0,290457490.7999999
2025-08-01 10:14:43 AM,2774.9,1,2774.9,290460265.69999987
2025-08-01 10:15:06 AM,2775.7,0,0.0,290460265.69999987
2025-08-01 10:15:06 AM,2775.7,30,83271.0,290543536.69999987
2025-08-01 10:15:07 AM,2776.3,0,0.0,290543536.69999987
2025-08-01 10:15:07 AM,2776.3,76,210998.80000000002,290754535.4999999
2025-08-01 10:15:09 AM,2776.4,1,2776.4,290757311.89999986
2025-08-01 10:15:12 AM,2775.6,38,105472.8,290862784.69999987
2025-08-01 10:15:15 AM,2776.4,3,8329.2,290871113.89999986
2025-08-01 10:15:25 AM,2776.4,7,19434.8,290890548.69999987
2025-08-01 10:15:27 AM,2771.3,0,0.0,290890548.69999987
2025-08-01 10:15:27 AM,2771.3,859,2380546.7,293271095.39999986
2025-08-01 10:15:30 AM,2772.8,0,0.0,293271095.39999986
2025-08-01 10:15:30 AM,2772.8,19,52683.200000000004,293323778.59999985
2025-08-01 10:15:34 AM,2773.4,10,27734.0,293351512.59999985
2025-08-01 10:15:36 AM,2773.5,0,0.0,293351512.59999985
2025-08-01 10:15:36 AM,2774.2,0,0.0,293351512.59999985
2025-08-01 10:15:36 AM,2774.2,13,36064.6,293387577.19999987
2025-08-01 10:15:37 AM,2774.2,46,127613.2,293515190.39999986
2025-08-01 10:15:43 AM,2774.8,265,735322.0,294250512.39999986
2025-08-01 10:15:52 AM,2776.3,0,0.0,294250512.39999986
2025-08-01 10:15:52 AM,2776.3,1,2776.3,294253288.69999987
2025-08-01 10:15:54 AM,2775.2,0,0.0,294253288.69999987
2025-08-01 10:15:54 AM,2775.2,70,194264.0,294447552.69999987
2025-08-01 10:15:56 AM,2776.1,100,277610.0,294725162.69999987
2025-08-01 10:16:01 AM,2776.0,0,0.0,294725162.69999987
2025-08-01 10:16:01 AM,2776.0,2,5552.0,294730714.69999987
2025-08-01 10:16:04 AM,2776.8,1,2776.8,294733491.4999999
2025-08-01 10:16:04 AM,2776.8,8,22214.4,294755705.89999986
2025-08-01 10:16:05 AM,2776.7,56,155495.19999999998,294911201.09999985
2025-08-01 10:16:06 AM,2776.7,1,2776.7,294913977.79999983
2025-08-01 10:16:08 AM,2776.8,10,27768.0,294941745.79999983
2025-08-01 10:16:09 AM,2776.2,201,558016.2,295499761.9999998
2025-08-01 10:16:09 AM,2776.2,2,5552.4,295505314.3999998
2025-08-01 10:16:26 AM,2776.0,1,2776.0,295508090.3999998
2025-08-01 10:16:32 AM,2776.0,1,2776.0,295510866.3999998
2025-08-01 10:16:36 AM,2776.0,56,155456.0,295666322.3999998
2025-08-01 10:16:41 AM,2776.0,1,2776.0,295669098.3999998
2025-08-01 10:16:55 AM,2775.9,7,19431.3,295688529.6999998
2025-08-01 10:16:58 AM,2776.0,3,8328.0,295696857.6999998
2025-08-01 10:17:04 AM,2776.0,157,435832.0,296132689.6999998
2025-08-01 10:17:11 AM,2775.5,0,0.0,296132689.6999998
2025-08-01 10:17:15 AM,2775.5,413,1146281.5,297278971.1999998
2025-08-01 10:17:18 AM,2774.6,0,0.0,297278971.1999998
2025-08-01 10:17:21 AM,2774.6,14,38844.4,297317815.5999998
2025-08-01 10:17:30 AM,2774.5,0,0.0,297317815.5999998
2025-08-01 10:17:33 AM,2774.5,1,2774.5,297320590.0999998
2025-08-01 10:17:34 AM,2773.7,0,0.0,297320590.0999998
2025-08-01 10:17:36 AM,2774.2,0,0.0,297320590.0999998
2025-08-01 10:17:37 AM,2774.6,0,0.0,297320590.0999998
2025-08-01 10:17:39 AM,2774.6,56,155377.6,297475967.6999998
2025-08-01 10:17:41 AM,2774.0,0,0.0,297475967.6999998
2025-08-01 10:17:44 AM,2774.0,52,144248.0,297620215.6999998
2025-08-01 10:17:54 AM,2773.7,0,0.0,297620215.6999998
2025-08-01 10:17:56 AM,2773.0,39,108147.0,297728362.6999998
2025-08-01 10:17:58 AM,2772.3,0,0.0,297728362.6999998
2025-08-01 10:18:00 AM,2773.0,0,0.0,297728362.6999998
2025-08-01 10:18:00 AM,2773.0,9,24957.0,297753319.6999998
2025-08-01 10:18:02 AM,2774.0,0,0.0,297753319.6999998
2025-08-01 10:18:02 AM,2774.0,1,2774.0,297756093.6999998
2025-08-01 10:18:06 AM,2774.0,3,8322.0,297764415.6999998
2025-08-01 10:18:07 AM,2774.5,0,0.0,297764415.6999998
2025-08-01 10:18:07 AM,2774.5,54,149823.0,297914238.6999998
2025-08-01 10:18:08 AM,2774.5,1,2774.5,297917013.1999998
2025-08-01 10:18:21 AM,2774.5,1,2774.5,297919787.6999998
2025-08-01 10:18:26 AM,2774.5,1,2774.5,297922562.1999998
2025-08-01 10:18:29 AM,2774.5,25,69362.5,297991924.6999998
2025-08-01 10:18:31 AM,2774.5,1,2774.5,297994699.1999998
2025-08-01 10:18:36 AM,2774.5,56,155372.0,298150071.1999998
2025-08-01 10:18:41 AM,2774.3,1,2774.3,298152845.4999998
2025-08-01 10:18:53 AM,2774.3,1,2774.3,298155619.79999983
2025-08-01 10:18:57 AM,2774.9,0,0.0,298155619.79999983
2025-08-01 10:18:57 AM,2774.9,332,921266.8,299076886.59999985
2025-08-01 10:19:00 AM,2776.0,1,2776.0,299079662.59999985
2025-08-01 10:19:05 AM,2776.0,28,77728.0,299157390.59999985
2025-08-01 10:19:07 AM,2778.4,0,0.0,299157390.59999985
2025-08-01 10:19:11 AM,2777.4,238,661021.2000000001,299818411.79999983
2025-08-01 10:19:22 AM,2778.8,0,0.0,299818411.79999983
2025-08-01 10:19:23 AM,2778.8,4,11115.2,299829526.9999998
2025-08-01 10:19:23 AM,2779.1,50,138955.0,299968481.9999998
2025-08-01 10:19:25 AM,2778.0,0,0.0,299968481.9999998
2025-08-01 10:19:28 AM,2778.0,31,86118.0,300054599.9999998
2025-08-01 10:19:34 AM,2778.3,8,22226.4,300076826.3999998
2025-08-01 10:19:35 AM,2778.3,300,833490.0,300910316.3999998
2025-08-01 10:19:40 AM,2778.0,74,205572.0,301115888.3999998
2025-08-01 10:19:52 AM,2778.3,0,0.0,301115888.3999998
2025-08-01 10:19:52 AM,2778.3,1,2778.3,301118666.6999998
2025-08-01 10:19:58 AM,2778.0,0,0.0,301118666.6999998
2025-08-01 10:19:58 AM,2778.0,2,5556.0,301124222.6999998
2025-08-01 10:20:06 AM,2778.3,0,0.0,301124222.6999998
2025-08-01 10:20:06 AM,2778.3,7,19448.100000000002,301143670.79999983
2025-08-01 10:20:07 AM,2779.0,0,0.0,301143670.79999983
2025-08-01 10:20:07 AM,2779.0,50,138950.0,301282620.79999983
2025-08-01 10:20:16 AM,2778.3,0,0.0,301282620.79999983
2025-08-01 10:20:16 AM,2778.3,10,27783.0,301310403.79999983
2025-08-01 10:20:16 AM,2778.8,1,2778.8,301313182.59999985
2025-08-01 10:20:22 AM,2778.8,2,5557.6,301318740.19999987
2025-08-01 10:20:24 AM,2778.8,1,2778.8,301321518.9999999
2025-08-01 10:20:32 AM,2779.0,0,0.0,301321518.9999999
2025-08-01 10:20:32 AM,2779.0,7,19453.0,301340971.9999999
2025-08-01 10:20:33 AM,2779.4,0,0.0,301340971.9999999
2025-08-01 10:20:33 AM,2779.4,3,8338.2,301349310.19999987
2025-08-01 10:20:33 AM,2779.9,2,5559.8,301354869.9999999
2025-08-01 10:20:34 AM,2781.7,0,0.0,301354869.9999999
2025-08-01 10:20:34 AM,2781.7,610,1696837.0,303051706.9999999
2025-08-01 10:20:39 AM,2781.1,0,0.0,303051706.9999999
2025-08-01 10:20:39 AM,2781.1,20,55622.0,303107328.9999999
2025-08-01 10:20:39 AM,2782.0,6,16692.0,303124020.9999999
2025-08-01 10:20:42 AM,2777.0,825,2291025.0,305415045.9999999
2025-08-01 10:20:47 AM,2779.4,0,0.0,305415045.9999999
2025-08-01 10:20:47 AM,2779.4,40,111176.0,305526221.9999999
2025-08-01 10:20:52 AM,2778.4,0,0.0,305526221.9999999
2025-08-01 10:20:52 AM,2778.4,1,2778.4,305529000.39999986
2025-08-01 10:20:52 AM,2778.5,4,11114.0,305540114.39999986
2025-08-01 10:20:54 AM,2778.5,1,2778.5,305542892.89999986
2025-08-01 10:20:57 AM,2778.5,282,783537.0,306326429.89999986
2025-08-01 10:21:06 AM,2779.4,0,0.0,306326429.89999986
2025-08-01 10:21:06 AM,2779.4,6,16676.4,306343106.29999983
2025-08-01 10:21:07 AM,2779.8,0,0.0,306343106.29999983
2025-08-01 10:21:07 AM,2779.8,50,138990.0,306482096.29999983
2025-08-01 10:21:07 AM,2779.8,1,2779.8,306484876.09999985
2025-08-01 10:21:09 AM,2779.6,0,0.0,306484876.09999985
2025-08-01 10:21:09 AM,2779.6,5,13898.0,306498774.09999985
2025-08-01 10:21:16 AM,2779.9,50,138995.0,306637769.09999985
2025-08-01 10:21:18 AM,2779.8,0,0.0,306637769.09999985
2025-08-01 10:21:18 AM,2778.7,6,16672.199999999997,306654441.29999983
2025-08-01 10:21:22 AM,2779.8,10,27798.0,306682239.29999983
2025-08-01 10:21:25 AM,2778.7,38,105590.59999999999,306787829.89999986
2025-08-01 10:21:33 AM,2779.7,0,0.0,306787829.89999986
2025-08-01 10:21:33 AM,2779.7,1,2779.7,306790609.59999985
2025-08-01 10:21:36 AM,2779.7,57,158442.9,306949052.4999998
2025-08-01 10:21:40 AM,2780.4,100,278040.0,307227092.4999998
2025-08-01 10:21:43 AM,2780.2,0,0.0,307227092.4999998
2025-08-01 10:21:43 AM,2780.2,2,5560.4,307232652.8999998
2025-08-01 10:21:48 AM,2780.3,0,0.0,307232652.8999998
2025-08-01 10:21:48 AM,2780.3,2,5560.6,307238213.4999998
2025-08-01 10:21:50 AM,2780.6,0,0.0,307238213.4999998
2025-08-01 10:21:50 AM,2780.6,200,556120.0,307794333.4999998
2025-08-01 10:21:56 AM,2780.6,20,55612.0,307849945.4999998
2025-08-01 10:21:59 AM,2780.6,3,8341.8,307858287.29999983
2025-08-01 10:22:06 AM,2780.7,0,0.0,307858287.29999983
2025-08-01 10:22:06 AM,2780.7,31,86201.7,307944488.9999998
2025-08-01 10:22:06 AM,2781.9,20,55638.0,308000126.9999998
2025-08-01 10:22:10 AM,2780.6,45,125127.0,308125253.9999998
2025-08-01 10:22:10 AM,2780.4,308,856363.2000000001,308981617.1999998
2025-08-01 10:22:11 AM,2780.6,1,2780.6,308984397.79999983
2025-08-01 10:22:11 AM,2779.6,389,1081264.4,310065662.1999998
2025-08-01 10:22:13 AM,2777.5,0,0.0,310065662.1999998
2025-08-01 10:22:13 AM,2777.5,100,277750.0,310343412.1999998
2025-08-01 10:22:15 AM,2780.2,0,0.0,310343412.1999998
2025-08-01 10:22:15 AM,2780.2,14,38922.799999999996,310382334.9999998
2025-08-01 10:22:18 AM,2779.7,0,0.0,310382334.9999998
2025-08-01 10:22:18 AM,2779.7,1,2779.7,310385114.6999998
2025-08-01 10:22:19 AM,2778.6,0,0.0,310385114.6999998
2025-08-01 10:22:19 AM,2778.6,4,11114.4,310396229.0999998
2025-08-01 10:22:23 AM,2779.5,0,0.0,310396229.0999998
2025-08-01 10:22:23 AM,2779.5,5,13897.5,310410126.5999998
2025-08-01 10:22:29 AM,2780.2,3,8340.599999999999,310418467.1999998
2025-08-01 10:22:35 AM,2780.0,0,0.0,310418467.1999998
2025-08-01 10:22:35 AM,2780.0,57,158460.0,310576927.1999998
2025-08-01 10:22:35 AM,2779.7,0,0.0,310576927.1999998
2025-08-01 10:22:35 AM,2779.7,1,2779.7,310579706.8999998
2025-08-01 10:22:50 AM,2780.1,34,94523.4,310674230.2999998
2025-08-01 10:23:01 AM,2780.2,0,0.0,310674230.2999998
2025-08-01 10:23:01 AM,2780.2,2,5560.4,310679790.69999975
2025-08-01 10:23:02 AM,2780.1,0,0.0,310679790.69999975
2025-08-01 10:23:02 AM,2780.1,50,139005.0,310818795.69999975
2025-08-01 10:23:04 AM,2780.0,0,0.0,310818795.69999975
2025-08-01 10:23:04 AM,2779.7,59,164002.3,310982797.99999976
2025-08-01 10:23:05 AM,2779.3,0,0.0,310982797.99999976
2025-08-01 10:23:05 AM,2779.4,197,547541.8,311530339.7999998
2025-08-01 10:23:06 AM,2779.3,5,13896.5,311544236.2999998
2025-08-01 10:23:07 AM,2779.7,0,0.0,311544236.2999998
2025-08-01 10:23:07 AM,2779.7,3,8339.099999999999,311552575.3999998
2025-08-01 10:23:10 AM,2779.6,4,11118.4,311563693.7999998
2025-08-01 10:23:19 AM,2779.0,19,52801.0,311616494.7999998
2025-08-01 10:23:19 AM,2779.3,1,2779.3,311619274.0999998
2025-08-01 10:23:20 AM,2779.4,1,2779.4,311622053.49999976
2025-08-01 10:23:24 AM,2779.0,0,0.0,311622053.49999976
2025-08-01 10:23:24 AM,2779.0,9,25011.0,311647064.49999976
2025-08-01 10:23:25 AM,2777.9,100,277790.0,311924854.49999976
2025-08-01 10:23:34 AM,2779.2,0,0.0,311924854.49999976
2025-08-01 10:23:34 AM,2779.2,1,2779.2,311927633.69999975
2025-08-01 10:23:35 AM,2779.5,0,0.0,311927633.69999975
2025-08-01 10:23:35 AM,2779.5,6,16677.0,311944310.69999975
2025-08-01 10:23:35 AM,2779.5,12,33354.0,311977664.69999975
2025-08-01 10:23:36 AM,2779.5,39,108400.5,312086065.19999975
2025-08-01 10:23:55 AM,2779.6,1,2779.6,312088844.7999998
2025-08-01 10:24:05 AM,2779.6,1,2779.6,312091624.3999998
2025-08-01 10:24:06 AM,2779.9,0,0.0,312091624.3999998
2025-08-01 10:24:06 AM,2779.9,9,25019.100000000002,312116643.4999998
2025-08-01 10:24:07 AM,2780.0,0,0.0,312116643.4999998
2025-08-01 10:24:07 AM,2780.0,48,133440.0,312250083.4999998
2025-08-01 10:24:08 AM,2780.0,1,2780.0,312252863.4999998
2025-08-01 10:24:21 AM,2779.9,0,0.0,312252863.4999998
2025-08-01 10:24:21 AM,2779.9,1,2779.9,312255643.3999998
2025-08-01 10:24:31 AM,2779.9,10,27799.0,312283442.3999998
2025-08-01 10:24:31 AM,2780.0,3,8340.0,312291782.3999998
2025-08-01 10:24:33 AM,2780.0,57,158460.0,312450242.3999998
2025-08-01 10:24:35 AM,2780.0,1,2780.0,312453022.3999998
2025-08-01 10:24:38 AM,2779.4,0,0.0,312453022.3999998
2025-08-01 10:24:38 AM,2779.4,275,764335.0,313217357.3999998
2025-08-01 10:24:40 AM,2780.0,2,5560.0,313222917.3999998
2025-08-01 10:24:58 AM,2779.5,300,833850.0,314056767.3999998
2025-08-01 10:25:04 AM,2780.0,0,0.0,314056767.3999998
2025-08-01 10:25:06 AM,2780.1,0,0.0,314056767.3999998
2025-08-01 10:25:06 AM,2780.1,225,625522.5,314682289.8999998
2025-08-01 10:25:12 AM,2780.7,5,13903.5,314696193.3999998
2025-08-01 10:25:18 AM,2780.2,0,0.0,314696193.3999998
2025-08-01 10:25:18 AM,2780.2,1,2780.2,314698973.5999998
2025-08-01 10:25:24 AM,2780.5,0,0.0,314698973.5999998
2025-08-01 10:25:24 AM,2780.5,51,141805.5,314840779.0999998
2025-08-01 10:25:33 AM,2780.2,0,0.0,314840779.0999998
2025-08-01 10:25:33 AM,2780.2,17,47263.399999999994,314888042.49999976
2025-08-01 10:25:36 AM,2779.8,0,0.0,314888042.49999976
2025-08-01 10:25:38 AM,2779.8,152,422529.60000000003,315310572.0999998
2025-08-01 10:25:46 AM,2780.2,2,5560.4,315316132.49999976
2025-08-01 10:25:49 AM,2780.2,2,5560.4,315321692.89999974
2025-08-01 10:26:02 AM,2779.8,165,458667.00000000006,315780359.89999974
2025-08-01 10:26:05 AM,2779.6,0,0.0,315780359.89999974
2025-08-01 10:26:05 AM,2779.6,271,753271.6,316533631.49999976
2025-08-01 10:26:09 AM,2779.8,0,0.0,316533631.49999976
2025-08-01 10:26:11 AM,2778.5,8,22228.0,316555859.49999976
2025-08-01 10:26:12 AM,2779.4,0,0.0,316555859.49999976
2025-08-01 10:26:13 AM,2779.4,1,2779.4,316558638.89999974
2025-08-01 10:26:16 AM,2778.3,0,0.0,316558638.89999974
2025-08-01 10:26:17 AM,2778.3,3,8334.900000000001,316566973.7999997
2025-08-01 10:26:19 AM,2779.4,0,0.0,316566973.7999997
2025-08-01 10:26:19 AM,2779.4,5,13897.0,316580870.7999997
2025-08-01 10:26:22 AM,2778.5,0,0.0,316580870.7999997
2025-08-01 10:26:23 AM,2778.5,7,19449.5,316600320.2999997
2025-08-01 10:26:25 AM,2779.1,0,0.0,316600320.2999997
2025-08-01 10:26:25 AM,2779.1,10,27791.0,316628111.2999997
2025-08-01 10:26:28 AM,2779.4,0,0.0,316628111.2999997
2025-08-01 10:26:28 AM,2779.4,10,27794.0,316655905.2999997
2025-08-01 10:26:37 AM,2780.0,56,155680.0,316811585.2999997
2025-08-01 10:26:58 AM,2779.2,0,0.0,316811585.2999997
2025-08-01 10:27:00 AM,2779.0,0,0.0,316811585.2999997
2025-08-01 10:27:00 AM,2779.0,296,822584.0,317634169.2999997
2025-08-01 10:27:03 AM,2779.0,10,27790.0,317661959.2999997
2025-08-01 10:27:05 AM,2779.4,0,0.0,317661959.2999997
2025-08-01 10:27:05 AM,2779.4,100,277940.0,317939899.2999997
2025-08-01 10:27:08 AM,2779.4,57,158425.80000000002,318098325.0999997
2025-08-01 10:27:15 AM,2779.1,0,0.0,318098325.0999997
2025-08-01 10:27:16 AM,2779.4,0,0.0,318098325.0999997
2025-08-01 10:27:17 AM,2779.4,35,97279.0,318195604.0999997
2025-08-01 10:27:23 AM,2779.4,1,2779.4,318198383.4999997
2025-08-01 10:27:25 AM,2779.4,4,11117.6,318209501.0999997
2025-08-01 10:27:36 AM,2779.9,56,155674.4,318365175.4999997
2025-08-01 10:27:39 AM,2778.6,0,0.0,318365175.4999997
2025-08-01 10:27:39 AM,2778.6,5,13893.0,318379068.4999997
2025-08-01 10:27:41 AM,2778.5,0,0.0,318379068.4999997
2025-08-01 10:27:41 AM,2778.5,10,27785.0,318406853.4999997
2025-08-01 10:27:44 AM,2779.5,1,2779.5,318409632.9999997
2025-08-01 10:27:49 AM,2779.8,0,0.0,318409632.9999997
2025-08-01 10:27:50 AM,2779.8,4,11119.2,318420752.1999997
2025-08-01 10:27:52 AM,2779.8,22,61155.600000000006,318481907.7999997
2025-08-01 10:27:55 AM,2779.8,91,252961.80000000002,318734869.5999997
2025-08-01 10:28:01 AM,2779.8,2,5559.6,318740429.19999975
2025-08-01 10:28:02 AM,2780.0,0,0.0,318740429.19999975
2025-08-01 10:28:03 AM,2780.0,1,2780.0,318743209.19999975
2025-08-01 10:28:05 AM,2779.8,0,0.0,318743209.19999975
2025-08-01 10:28:06 AM,2779.8,205,569859.0,319313068.19999975
2025-08-01 10:28:11 AM,2779.8,2,5559.6,319318627.7999998
2025-08-01 10:28:23 AM,2779.7,0,0.0,319318627.7999998
2025-08-01 10:28:25 AM,2778.8,0,0.0,319318627.7999998
2025-08-01 10:28:25 AM,2778.8,38,105594.40000000001,319424222.19999975
2025-08-01 10:28:27 AM,2782.0,0,0.0,319424222.19999975
2025-08-01 10:28:28 AM,2782.0,2019,5616858.0,325041080.19999975
2025-08-01 10:28:37 AM,2782.3,0,0.0,325041080.19999975
2025-08-01 10:28:39 AM,2782.3,11,30605.300000000003,325071685.49999976
2025-08-01 10:28:41 AM,2781.8,140,389452.0,325461137.49999976
2025-08-01 10:28:44 AM,2781.0,0,0.0,325461137.49999976
2025-08-01 10:28:44 AM,2780.2,171,475414.19999999995,325936551.69999975
2025-08-01 10:28:47 AM,2780.7,0,0.0,325936551.69999975
2025-08-01 10:28:47 AM,2780.7,5,13903.5,325950455.19999975
2025-08-01 10:28:50 AM,2780.5,15,41707.5,325992162.69999975
