date,price,qty,trnvr,cum_trnvr
2025-08-01 09:15:00 AM,126.15,2175,274376.25,274376.25
2025-08-01 09:15:00 AM,126.25,0,0.0,274376.25
2025-08-01 09:15:08 AM,126.2,0,0.0,274376.25
2025-08-01 09:15:09 AM,126.29,12358,1560691.82,1835068.07
2025-08-01 09:15:11 AM,125.98,4375,551162.5,2386230.5700000003
2025-08-01 09:15:17 AM,125.7,0,0.0,2386230.5700000003
2025-08-01 09:15:18 AM,125.82,0,0.0,2386230.5700000003
2025-08-01 09:15:20 AM,125.87,3284,413357.08,2799587.6500000004
2025-08-01 09:15:25 AM,125.88,0,0.0,2799587.6500000004
2025-08-01 09:15:29 AM,125.88,1208,152063.04,2951650.6900000004
2025-08-01 09:15:32 AM,125.77,0,0.0,2951650.6900000004
2025-08-01 09:15:37 AM,125.75,10750,1351812.5,4303463.19
2025-08-01 09:15:37 AM,125.61,0,0.0,4303463.19
2025-08-01 09:15:39 AM,125.61,1173,147340.53,4450803.720000001
2025-08-01 09:15:41 AM,125.76,0,0.0,4450803.720000001
2025-08-01 09:15:45 AM,125.8,0,0.0,4450803.720000001
2025-08-01 09:15:46 AM,125.8,12295,1546711.0,5997514.720000001
2025-08-01 09:15:47 AM,125.75,44,5533.0,6003047.720000001
2025-08-01 09:15:53 AM,125.88,0,0.0,6003047.720000001
2025-08-01 09:15:54 AM,125.88,400,50352.0,6053399.720000001
2025-08-01 09:15:56 AM,125.75,254,31940.5,6085340.220000001
2025-08-01 09:16:02 AM,125.75,30595,3847321.25,9932661.47
2025-08-01 09:16:04 AM,125.63,100,12563.0,9945224.47
2025-08-01 09:16:07 AM,125.53,0,0.0,9945224.47
2025-08-01 09:16:10 AM,125.2,10868,1360673.6,11305898.07
2025-08-01 09:16:12 AM,125.31,625,78318.75,11384216.82
2025-08-01 09:16:15 AM,125.02,0,0.0,11384216.82
2025-08-01 09:16:18 AM,125.03,15487,1936339.61,13320556.43
2025-08-01 09:16:20 AM,125.0,5125,640625.0,13961181.43
2025-08-01 09:16:23 AM,124.99,0,0.0,13961181.43
2025-08-01 09:16:25 AM,125.0,0,0.0,13961181.43
2025-08-01 09:16:27 AM,125.0,4329,541125.0,14502306.43
2025-08-01 09:16:28 AM,125.0,258,32250.0,14534556.43
2025-08-01 09:16:35 AM,125.0,1295,161875.0,14696431.43
2025-08-01 09:16:36 AM,125.0,450,56250.0,14752681.43
2025-08-01 09:16:43 AM,125.0,2798,349750.0,15102431.43
2025-08-01 09:16:45 AM,125.0,2215,276875.0,15379306.43
2025-08-01 09:16:51 AM,125.06,13022,1628531.32,17007837.75
2025-08-01 09:17:00 AM,125.12,2622,328064.64,17335902.39
2025-08-01 09:17:02 AM,125.1,0,0.0,17335902.39
2025-08-01 09:17:04 AM,125.21,0,0.0,17335902.39
2025-08-01 09:17:08 AM,125.24,2094,262252.56,17598154.95
2025-08-01 09:17:09 AM,125.48,230,28860.4,17627015.349999998
2025-08-01 09:17:11 AM,125.51,0,0.0,17627015.349999998
2025-08-01 09:17:13 AM,125.46,0,0.0,17627015.349999998
2025-08-01 09:17:16 AM,125.48,5728,718749.4400000001,18345764.79
2025-08-01 09:17:17 AM,125.42,100,12542.0,18358306.79
2025-08-01 09:17:20 AM,125.54,0,0.0,18358306.79
2025-08-01 09:17:22 AM,125.47,0,0.0,18358306.79
2025-08-01 09:17:24 AM,125.47,743,93224.21,18451531.0
2025-08-01 09:17:25 AM,125.56,1325,166367.0,18617898.0
2025-08-01 09:17:28 AM,125.64,0,0.0,18617898.0
2025-08-01 09:17:30 AM,125.8,0,0.0,18617898.0
2025-08-01 09:17:33 AM,125.78,795,99995.1,18717893.1
2025-08-01 09:17:34 AM,125.71,100,12571.0,18730464.1
2025-08-01 09:17:36 AM,125.57,0,0.0,18730464.1
2025-08-01 09:17:38 AM,125.69,0,0.0,18730464.1
2025-08-01 09:17:41 AM,125.7,8680,1091076.0,19821540.1
2025-08-01 09:17:49 AM,125.63,325,40829.75,19862369.85
2025-08-01 09:17:50 AM,125.63,10,1256.3,19863626.150000002
2025-08-01 09:17:54 AM,125.62,0,0.0,19863626.150000002
2025-08-01 09:17:56 AM,125.63,0,0.0,19863626.150000002
2025-08-01 09:17:57 AM,125.62,1004,126122.48000000001,19989748.630000003
2025-08-01 09:17:59 AM,125.77,512,64394.24,20054142.87
2025-08-01 09:18:02 AM,125.74,0,0.0,20054142.87
2025-08-01 09:18:04 AM,125.78,0,0.0,20054142.87
2025-08-01 09:18:06 AM,125.84,2921,367578.64,20421721.51
2025-08-01 09:18:10 AM,125.87,0,0.0,20421721.51
2025-08-01 09:18:12 AM,125.93,0,0.0,20421721.51
2025-08-01 09:18:14 AM,125.99,1605,202213.94999999998,20623935.46
2025-08-01 09:18:15 AM,126.02,200,25204.0,20649139.46
2025-08-01 09:18:18 AM,125.95,0,0.0,20649139.46
2025-08-01 09:18:22 AM,125.95,502,63226.9,20712366.36
2025-08-01 09:18:31 AM,125.86,7856,988756.16,21701122.52
2025-08-01 09:18:32 AM,125.9,3,377.70000000000005,21701500.22
2025-08-01 09:18:34 AM,125.91,0,0.0,21701500.22
2025-08-01 09:18:39 AM,125.91,300,37773.0,21739273.22
2025-08-01 09:18:40 AM,126.02,1732,218266.63999999998,21957539.86
2025-08-01 09:18:47 AM,126.03,147,18526.41,21976066.27
2025-08-01 09:18:48 AM,126.13,14,1765.82,21977832.09
2025-08-01 09:18:50 AM,126.03,0,0.0,21977832.09
2025-08-01 09:18:52 AM,126.07,0,0.0,21977832.09
2025-08-01 09:18:55 AM,126.07,233,29374.309999999998,22007206.4
2025-08-01 09:18:58 AM,126.13,0,0.0,22007206.4
2025-08-01 09:19:00 AM,126.06,0,0.0,22007206.4
2025-08-01 09:19:03 AM,126.0,4320,544320.0,22551526.4
2025-08-01 09:19:04 AM,126.08,3254,410264.32,22961790.72
2025-08-01 09:19:06 AM,126.13,0,0.0,22961790.72
2025-08-01 09:19:08 AM,126.08,0,0.0,22961790.72
2025-08-01 09:19:11 AM,126.39,4413,557759.07,23519549.79
2025-08-01 09:19:12 AM,126.39,40,5055.6,23524605.39
2025-08-01 09:19:14 AM,126.4,0,0.0,23524605.39
2025-08-01 09:19:16 AM,126.5,0,0.0,23524605.39
2025-08-01 09:19:19 AM,126.71,10829,1372142.5899999999,24896747.98
2025-08-01 09:19:21 AM,126.59,0,0.0,24896747.98
2025-08-01 09:19:27 AM,126.62,8288,1049426.56,25946174.54
2025-08-01 09:19:35 AM,126.61,783,99135.63,26045310.169999998
2025-08-01 09:19:39 AM,126.59,0,0.0,26045310.169999998
2025-08-01 09:19:44 AM,126.62,2520,319082.4,26364392.569999997
2025-08-01 09:19:44 AM,126.67,0,0.0,26364392.569999997
2025-08-01 09:19:45 AM,126.67,183,23180.61,26387573.179999996
2025-08-01 09:19:46 AM,126.68,0,0.0,26387573.179999996
2025-08-01 09:19:52 AM,126.62,400,50648.0,26438221.179999996
2025-08-01 09:19:59 AM,126.59,2010,254445.9,26692667.079999994
2025-08-01 09:20:00 AM,126.6,0,0.0,26692667.079999994
2025-08-01 09:20:01 AM,126.5,3210,406065.0,27098732.079999994
2025-08-01 09:20:07 AM,126.24,0,0.0,27098732.079999994
2025-08-01 09:20:07 AM,126.24,3194,403210.56,27501942.639999993
2025-08-01 09:20:08 AM,126.23,0,0.0,27501942.639999993
2025-08-01 09:20:09 AM,126.23,856,108052.88,27609995.519999992
2025-08-01 09:20:14 AM,126.32,0,0.0,27609995.519999992
2025-08-01 09:20:15 AM,126.32,423,53433.36,27663428.87999999
2025-08-01 09:20:16 AM,126.3,0,0.0,27663428.87999999
2025-08-01 09:20:17 AM,126.18,692,87316.56,27750745.43999999
2025-08-01 09:20:21 AM,126.11,0,0.0,27750745.43999999
2025-08-01 09:20:24 AM,126.24,5103,644202.72,28394948.15999999
2025-08-01 09:20:31 AM,126.34,381,48135.54,28443083.699999988
2025-08-01 09:20:32 AM,126.45,0,0.0,28443083.699999988
2025-08-01 09:20:33 AM,126.45,50,6322.5,28449406.199999988
2025-08-01 09:20:35 AM,126.5,0,0.0,28449406.199999988
2025-08-01 09:20:39 AM,126.55,442,55935.1,28505341.29999999
2025-08-01 09:20:42 AM,126.58,0,0.0,28505341.29999999
2025-08-01 09:20:46 AM,126.62,0,0.0,28505341.29999999
2025-08-01 09:20:47 AM,126.55,9069,1147681.95,29653023.24999999
2025-08-01 09:20:48 AM,126.57,10,1265.6999999999998,29654288.949999988
2025-08-01 09:20:56 AM,126.58,50,6329.0,29660617.949999988
2025-08-01 09:21:00 AM,126.68,0,0.0,29660617.949999988
2025-08-01 09:21:02 AM,126.68,254,32176.72,29692794.669999987
2025-08-01 09:21:07 AM,126.59,0,0.0,29692794.669999987
2025-08-01 09:21:10 AM,126.59,86,10886.74,29703681.409999985
2025-08-01 09:21:14 AM,126.58,0,0.0,29703681.409999985
2025-08-01 09:21:16 AM,126.82,0,0.0,29703681.409999985
2025-08-01 09:21:18 AM,126.79,4342,550522.18,30254203.589999985
2025-08-01 09:21:19 AM,126.78,52,6592.56,30260796.149999984
2025-08-01 09:21:21 AM,126.85,0,0.0,30260796.149999984
2025-08-01 09:21:23 AM,127.0,0,0.0,30260796.149999984
2025-08-01 09:21:26 AM,126.85,5953,755138.0499999999,31015934.199999984
2025-08-01 09:21:30 AM,126.93,0,0.0,31015934.199999984
2025-08-01 09:21:34 AM,126.92,551,69932.92,31085867.119999986
2025-08-01 09:21:35 AM,126.92,147,18657.24,31104524.359999985
2025-08-01 09:21:37 AM,126.98,0,0.0,31104524.359999985
2025-08-01 09:21:40 AM,127.0,0,0.0,31104524.359999985
2025-08-01 09:21:41 AM,127.0,113,14351.0,31118875.359999985
2025-08-01 09:21:42 AM,127.06,2096,266317.76,31385193.119999986
2025-08-01 09:21:46 AM,127.12,0,0.0,31385193.119999986
2025-08-01 09:21:49 AM,127.23,1122,142752.06,31527945.179999985
2025-08-01 09:21:49 AM,127.06,0,0.0,31527945.179999985
2025-08-01 09:21:50 AM,127.06,5594,710773.64,32238718.819999985
2025-08-01 09:21:53 AM,127.18,0,0.0,32238718.819999985
2025-08-01 09:21:56 AM,127.06,0,0.0,32238718.819999985
2025-08-01 09:21:56 AM,127.06,3758,477491.48,32716210.299999986
2025-08-01 09:21:58 AM,127.07,15,1906.05,32718116.349999987
2025-08-01 09:22:00 AM,127.21,0,0.0,32718116.349999987
2025-08-01 09:22:03 AM,127.12,0,0.0,32718116.349999987
2025-08-01 09:22:04 AM,127.12,770,97882.40000000001,32815998.749999985
2025-08-01 09:22:05 AM,127.12,774,98390.88,32914389.629999984
2025-08-01 09:22:07 AM,127.25,0,0.0,32914389.629999984
2025-08-01 09:22:10 AM,127.16,0,0.0,32914389.629999984
2025-08-01 09:22:12 AM,127.26,5121,651698.4600000001,33566088.08999998
2025-08-01 09:22:13 AM,127.24,347,44152.28,33610240.36999998
2025-08-01 09:22:14 AM,127.17,0,0.0,33610240.36999998
2025-08-01 09:22:17 AM,127.2,0,0.0,33610240.36999998
2025-08-01 09:22:19 AM,127.2,5060,643632.0,34253872.36999998
2025-08-01 09:22:21 AM,127.18,220,27979.600000000002,34281851.969999984
2025-08-01 09:22:24 AM,127.13,0,0.0,34281851.969999984
2025-08-01 09:22:27 AM,127.03,13872,1762160.16,36044012.12999998
2025-08-01 09:22:28 AM,126.97,1205,152998.85,36197010.97999998
2025-08-01 09:22:31 AM,126.99,0,0.0,36197010.97999998
2025-08-01 09:22:35 AM,126.92,500,63460.0,36260470.97999998
2025-08-01 09:22:38 AM,126.87,0,0.0,36260470.97999998
2025-08-01 09:22:42 AM,126.87,4284,543511.0800000001,36803982.05999998
2025-08-01 09:22:44 AM,126.81,0,0.0,36803982.05999998
2025-08-01 09:22:50 AM,126.81,140,17753.4,36821735.45999998
2025-08-01 09:22:51 AM,126.81,20,2536.2,36824271.65999998
2025-08-01 09:22:55 AM,126.8,0,0.0,36824271.65999998
2025-08-01 09:22:57 AM,126.78,0,0.0,36824271.65999998
2025-08-01 09:22:57 AM,126.78,2117,268393.26,37092664.91999998
2025-08-01 09:23:04 AM,126.77,0,0.0,37092664.91999998
2025-08-01 09:23:05 AM,126.77,19,2408.63,37095073.54999998
2025-08-01 09:23:11 AM,126.78,0,0.0,37095073.54999998
2025-08-01 09:23:13 AM,126.78,8,1014.24,37096087.789999984
2025-08-01 09:23:16 AM,126.75,0,0.0,37096087.789999984
2025-08-01 09:23:17 AM,126.68,0,0.0,37096087.789999984
2025-08-01 09:23:20 AM,126.69,1305,165330.44999999998,37261418.23999999
2025-08-01 09:23:22 AM,126.68,200,25336.0,37286754.23999999
2025-08-01 09:23:23 AM,126.67,0,0.0,37286754.23999999
2025-08-01 09:23:28 AM,126.57,1401,177324.56999999998,37464078.80999999
2025-08-01 09:23:36 AM,126.63,300,37989.0,37502067.80999999
2025-08-01 09:23:43 AM,126.63,115,14562.449999999999,37516630.25999999
2025-08-01 09:23:51 AM,126.63,160,20260.8,37536891.05999999
2025-08-01 09:23:52 AM,126.63,1,126.63,37537017.68999999
2025-08-01 09:23:55 AM,126.66,0,0.0,37537017.68999999
2025-08-01 09:23:58 AM,126.86,7900,1002194.0,38539211.68999999
2025-08-01 09:24:00 AM,126.85,11,1395.35,38540607.03999999
2025-08-01 09:24:06 AM,126.9,182,23095.8,38563702.83999999
2025-08-01 09:24:08 AM,126.9,100,12690.0,38576392.83999999
2025-08-01 09:24:14 AM,126.95,1000,126950.0,38703342.83999999
2025-08-01 09:24:15 AM,126.96,55,6982.799999999999,38710325.639999986
2025-08-01 09:24:21 AM,127.02,175,22228.5,38732554.139999986
2025-08-01 09:24:28 AM,127.0,0,0.0,38732554.139999986
2025-08-01 09:24:29 AM,127.0,502,63754.0,38796308.139999986
2025-08-01 09:24:31 AM,127.0,150,19050.0,38815358.139999986
2025-08-01 09:24:34 AM,127.05,0,0.0,38815358.139999986
2025-08-01 09:24:37 AM,127.04,2618,332590.72000000003,39147948.859999985
2025-08-01 09:24:40 AM,127.07,0,0.0,39147948.859999985
2025-08-01 09:24:44 AM,127.15,12,1525.8000000000002,39149474.65999998
2025-08-01 09:24:46 AM,127.15,55,6993.25,39156467.90999998
2025-08-01 09:24:52 AM,127.14,9039,1149218.46,40305686.36999998
2025-08-01 09:24:52 AM,127.08,0,0.0,40305686.36999998
2025-08-01 09:24:53 AM,127.08,300,38124.0,40343810.36999998
2025-08-01 09:24:59 AM,126.82,29572,3750321.0399999996,44094131.40999998
2025-08-01 09:25:00 AM,126.8,0,0.0,44094131.40999998
2025-08-01 09:25:01 AM,126.79,125,15848.75,44109980.15999998
2025-08-01 09:25:06 AM,126.66,558,70676.28,44180656.43999998
2025-08-01 09:25:07 AM,126.7,0,0.0,44180656.43999998
2025-08-01 09:25:09 AM,126.7,5,633.5,44181289.93999998
2025-08-01 09:25:13 AM,126.63,0,0.0,44181289.93999998
2025-08-01 09:25:14 AM,126.63,70,8864.1,44190154.039999984
2025-08-01 09:25:14 AM,126.68,0,0.0,44190154.039999984
2025-08-01 09:25:16 AM,126.62,70,8863.4,44199017.43999998
2025-08-01 09:25:19 AM,126.57,0,0.0,44199017.43999998
2025-08-01 09:25:20 AM,126.65,0,0.0,44199017.43999998
2025-08-01 09:25:21 AM,126.55,4303,544544.65,44743562.08999998
2025-08-01 09:25:24 AM,126.62,25,3165.5,44746727.58999998
2025-08-01 09:25:29 AM,126.62,5,633.1,44747360.68999998
2025-08-01 09:25:31 AM,126.63,1139,144231.57,44891592.25999998
2025-08-01 09:25:32 AM,126.84,0,0.0,44891592.25999998
2025-08-01 09:25:36 AM,126.78,1053,133499.34,45025091.59999999
2025-08-01 09:25:37 AM,126.67,0,0.0,45025091.59999999
2025-08-01 09:25:38 AM,126.67,3635,460445.45,45485537.04999999
2025-08-01 09:25:43 AM,126.76,0,0.0,45485537.04999999
2025-08-01 09:25:44 AM,126.76,500,63380.0,45548917.04999999
2025-08-01 09:25:51 AM,126.76,74,9380.24,45558297.28999999
2025-08-01 09:26:00 AM,126.77,0,0.0,45558297.28999999
2025-08-01 09:26:01 AM,126.77,55,6972.349999999999,45565269.63999999
2025-08-01 09:26:07 AM,126.75,200,25350.0,45590619.63999999
2025-08-01 09:26:07 AM,126.76,0,0.0,45590619.63999999
2025-08-01 09:26:09 AM,126.76,50,6338.0,45596957.63999999
2025-08-01 09:26:14 AM,126.76,241,30549.16,45627506.79999999
2025-08-01 09:26:16 AM,126.76,100,12676.0,45640182.79999999
2025-08-01 09:26:20 AM,126.71,0,0.0,45640182.79999999
2025-08-01 09:26:22 AM,126.76,103,13056.28,45653239.07999999
2025-08-01 09:26:24 AM,126.76,100,12676.0,45665915.07999999
2025-08-01 09:26:26 AM,126.77,0,0.0,45665915.07999999
2025-08-01 09:26:30 AM,126.77,250,31692.5,45697607.57999999
2025-08-01 09:26:35 AM,126.71,0,0.0,45697607.57999999
2025-08-01 09:26:38 AM,126.7,4301,544936.7000000001,46242544.279999994
2025-08-01 09:26:39 AM,126.72,150,19008.0,46261552.279999994
2025-08-01 09:26:41 AM,126.77,0,0.0,46261552.279999994
2025-08-01 09:26:45 AM,126.77,400,50708.0,46312260.279999994
2025-08-01 09:26:53 AM,126.77,101,12803.77,46325064.05
2025-08-01 09:26:57 AM,126.67,0,0.0,46325064.05
2025-08-01 09:27:00 AM,126.67,3003,380390.01,46705454.059999995
2025-08-01 09:27:04 AM,126.76,0,0.0,46705454.059999995
2025-08-01 09:27:08 AM,126.67,105,13300.35,46718754.41
2025-08-01 09:27:11 AM,126.76,0,0.0,46718754.41
2025-08-01 09:27:15 AM,126.76,300,38028.0,46756782.41
2025-08-01 09:27:16 AM,126.67,6,760.02,46757542.43
2025-08-01 09:27:20 AM,126.77,0,0.0,46757542.43
2025-08-01 09:27:22 AM,126.77,500,63385.0,46820927.43
2025-08-01 09:27:30 AM,126.69,7,886.8299999999999,46821814.26
2025-08-01 09:27:31 AM,126.74,77,9758.98,46831573.239999995
2025-08-01 09:27:36 AM,126.75,0,0.0,46831573.239999995
2025-08-01 09:27:37 AM,126.75,255,32321.25,46863894.489999995
2025-08-01 09:27:45 AM,126.77,0,0.0,46863894.489999995
2025-08-01 09:27:46 AM,126.67,445,56368.15,46920262.63999999
2025-08-01 09:27:50 AM,126.75,0,0.0,46920262.63999999
2025-08-01 09:27:52 AM,126.75,32,4056.0,46924318.63999999
2025-08-01 09:27:55 AM,126.67,0,0.0,46924318.63999999
2025-08-01 09:28:00 AM,126.67,510,64601.700000000004,46988920.339999996
2025-08-01 09:28:06 AM,126.69,0,0.0,46988920.339999996
2025-08-01 09:28:07 AM,126.66,0,0.0,46988920.339999996
2025-08-01 09:28:08 AM,126.66,694,87902.04,47076822.379999995
2025-08-01 09:28:09 AM,126.67,550,69668.5,47146490.879999995
2025-08-01 09:28:16 AM,126.67,205,25967.35,47172458.23
2025-08-01 09:28:19 AM,126.6,0,0.0,47172458.23
2025-08-01 09:28:23 AM,126.7,2385,302179.5,47474637.73
2025-08-01 09:28:30 AM,126.65,0,0.0,47474637.73
2025-08-01 09:28:30 AM,126.64,0,0.0,47474637.73
2025-08-01 09:28:31 AM,126.64,1290,163365.6,47638003.33
2025-08-01 09:28:41 AM,126.6,0,0.0,47638003.33
2025-08-01 09:28:46 AM,126.68,0,0.0,47638003.33
2025-08-01 09:28:46 AM,126.68,188,23815.84,47661819.17
2025-08-01 09:28:57 AM,126.67,0,0.0,47661819.17
2025-08-01 09:29:01 AM,126.66,83,10512.779999999999,47672331.95
2025-08-01 09:29:09 AM,126.66,5,633.3,47672965.25
2025-08-01 09:29:10 AM,126.63,0,0.0,47672965.25
2025-08-01 09:29:11 AM,126.63,700,88641.0,47761606.25
2025-08-01 09:29:15 AM,126.67,0,0.0,47761606.25
2025-08-01 09:29:17 AM,126.67,775,98169.25,47859775.5
2025-08-01 09:29:24 AM,126.64,13,1646.32,47861421.82
2025-08-01 09:29:30 AM,126.66,0,0.0,47861421.82
2025-08-01 09:29:32 AM,126.66,1810,229254.6,48090676.42
2025-08-01 09:29:39 AM,126.67,86,10893.62,48101570.04
2025-08-01 09:29:47 AM,126.67,10,1266.7,48102836.74
2025-08-01 09:29:48 AM,126.67,133,16847.11,48119683.85
2025-08-01 09:29:54 AM,126.67,82,10386.94,48130070.79
2025-08-01 09:30:02 AM,126.67,44,5573.4800000000005,48135644.269999996
2025-08-01 09:30:15 AM,126.66,0,0.0,48135644.269999996
2025-08-01 09:30:17 AM,126.5,5971,755331.5,48890975.769999996
2025-08-01 09:30:25 AM,126.51,200,25302.0,48916277.769999996
2025-08-01 09:30:29 AM,126.5,0,0.0,48916277.769999996
2025-08-01 09:30:32 AM,126.51,601,76032.51000000001,48992310.279999994
2025-08-01 09:30:32 AM,126.49,400,50596.0,49042906.279999994
2025-08-01 09:30:36 AM,126.35,0,0.0,49042906.279999994
2025-08-01 09:30:39 AM,126.35,1241,156800.35,49199706.629999995
2025-08-01 09:30:45 AM,126.27,0,0.0,49199706.629999995
2025-08-01 09:30:46 AM,126.27,3000,378810.0,49578516.629999995
2025-08-01 09:30:47 AM,126.35,118,14909.3,49593425.92999999
2025-08-01 09:30:50 AM,126.34,0,0.0,49593425.92999999
2025-08-01 09:30:53 AM,126.36,0,0.0,49593425.92999999
2025-08-01 09:30:54 AM,126.27,2400,303048.0,49896473.92999999
2025-08-01 09:30:56 AM,126.26,0,0.0,49896473.92999999
2025-08-01 09:30:59 AM,126.33,0,0.0,49896473.92999999
2025-08-01 09:31:01 AM,126.33,527,66575.91,49963049.83999999
2025-08-01 09:31:07 AM,126.32,0,0.0,49963049.83999999
2025-08-01 09:31:09 AM,126.32,22,2779.04,49965828.87999999
2025-08-01 09:31:09 AM,126.24,526,66402.23999999999,50032231.11999999
2025-08-01 09:31:11 AM,126.13,0,0.0,50032231.11999999
2025-08-01 09:31:13 AM,126.14,0,0.0,50032231.11999999
2025-08-01 09:31:16 AM,126.14,102,12866.28,50045097.39999999
2025-08-01 09:31:23 AM,126.22,0,0.0,50045097.39999999
2025-08-01 09:31:23 AM,126.22,755,95296.1,50140393.49999999
2025-08-01 09:31:25 AM,126.15,0,0.0,50140393.49999999
2025-08-01 09:31:29 AM,126.22,0,0.0,50140393.49999999
2025-08-01 09:31:31 AM,126.11,1279,161294.69,50301688.18999999
2025-08-01 09:31:37 AM,126.15,0,0.0,50301688.18999999
2025-08-01 09:31:38 AM,126.15,1768,223033.2,50524721.38999999
2025-08-01 09:31:41 AM,126.02,0,0.0,50524721.38999999
2025-08-01 09:31:43 AM,126.35,0,0.0,50524721.38999999
2025-08-01 09:31:45 AM,126.35,3381,427189.35,50951910.739999995
2025-08-01 09:31:47 AM,126.18,0,0.0,50951910.739999995
2025-08-01 09:31:52 AM,126.28,7876,994581.28,51946492.019999996
2025-08-01 09:32:05 AM,126.25,275,34718.75,51981210.769999996
2025-08-01 09:32:09 AM,126.28,0,0.0,51981210.769999996
2025-08-01 09:32:13 AM,126.25,56,7070.0,51988280.769999996
2025-08-01 09:32:15 AM,126.36,0,0.0,51988280.769999996
2025-08-01 09:32:20 AM,126.36,2512,317416.32,52305697.089999996
2025-08-01 09:32:20 AM,126.45,5,632.25,52306329.339999996
2025-08-01 09:32:27 AM,126.39,0,0.0,52306329.339999996
2025-08-01 09:32:27 AM,126.39,53,6698.67,52313028.01
2025-08-01 09:32:33 AM,126.47,51,6449.97,52319477.98
2025-08-01 09:32:39 AM,126.5,0,0.0,52319477.98
2025-08-01 09:32:40 AM,126.49,216,27321.84,52346799.82
2025-08-01 09:32:48 AM,126.48,407,51477.36,52398277.18
2025-08-01 09:32:51 AM,126.56,0,0.0,52398277.18
2025-08-01 09:32:54 AM,126.56,6332,801377.92,53199655.1
2025-08-01 09:33:09 AM,126.5,0,0.0,53199655.1
2025-08-01 09:33:14 AM,126.56,0,0.0,53199655.1
2025-08-01 09:33:15 AM,126.56,39,4935.84,53204590.940000005
2025-08-01 09:33:22 AM,126.56,23,2910.88,53207501.82000001
2025-08-01 09:33:34 AM,126.6,0,0.0,53207501.82000001
2025-08-01 09:33:36 AM,126.6,129,16331.4,53223833.220000006
2025-08-01 09:33:39 AM,126.64,0,0.0,53223833.220000006
2025-08-01 09:33:43 AM,126.6,177,22408.2,53246241.42000001
2025-08-01 09:33:50 AM,126.6,134,16964.399999999998,53263205.82000001
2025-08-01 09:33:53 AM,126.61,0,0.0,53263205.82000001
2025-08-01 09:33:54 AM,126.7,0,0.0,53263205.82000001
2025-08-01 09:33:57 AM,126.73,822,104172.06,53367377.88000001
2025-08-01 09:34:04 AM,126.73,30,3801.9,53371179.78000001
2025-08-01 09:34:04 AM,126.8,0,0.0,53371179.78000001
2025-08-01 09:34:11 AM,126.8,260,32968.0,53404147.78000001
2025-08-01 09:34:14 AM,126.84,0,0.0,53404147.78000001
2025-08-01 09:34:17 AM,126.88,0,0.0,53404147.78000001
2025-08-01 09:34:18 AM,126.88,1322,167735.36,53571883.14000001
2025-08-01 09:34:22 AM,126.9,0,0.0,53571883.14000001
2025-08-01 09:34:25 AM,126.9,1122,142381.80000000002,53714264.940000005
2025-08-01 09:34:25 AM,126.96,607,77064.72,53791329.660000004
2025-08-01 09:34:29 AM,126.99,0,0.0,53791329.660000004
2025-08-01 09:34:32 AM,126.96,0,0.0,53791329.660000004
2025-08-01 09:34:32 AM,127.0,639,81153.0,53872482.660000004
2025-08-01 09:34:34 AM,127.02,0,0.0,53872482.660000004
2025-08-01 09:34:37 AM,127.07,0,0.0,53872482.660000004
2025-08-01 09:34:39 AM,127.07,80,10165.599999999999,53882648.260000005
2025-08-01 09:34:42 AM,126.96,0,0.0,53882648.260000005
2025-08-01 09:34:44 AM,126.92,0,0.0,53882648.260000005
2025-08-01 09:34:46 AM,126.93,7345,932300.8500000001,54814949.11000001
2025-08-01 09:34:53 AM,126.98,5749,730008.02,55544957.13000001
2025-08-01 09:34:54 AM,126.95,0,0.0,55544957.13000001
2025-08-01 09:34:59 AM,127.0,0,0.0,55544957.13000001
2025-08-01 09:34:59 AM,127.0,668,84836.0,55629793.13000001
2025-08-01 09:35:06 AM,127.08,580,73706.4,55703499.53000001
2025-08-01 09:35:09 AM,127.0,0,0.0,55703499.53000001
2025-08-01 09:35:13 AM,126.95,1034,131266.30000000002,55834765.830000006
2025-08-01 09:35:14 AM,127.0,177,22479.0,55857244.830000006
2025-08-01 09:35:19 AM,126.99,0,0.0,55857244.830000006
2025-08-01 09:35:21 AM,126.99,1855,235566.44999999998,56092811.28000001
2025-08-01 09:35:24 AM,126.95,0,0.0,56092811.28000001
2025-08-01 09:35:28 AM,126.96,1356,172157.75999999998,56264969.04000001
2025-08-01 09:35:29 AM,126.93,0,0.0,56264969.04000001
2025-08-01 09:35:29 AM,126.87,0,0.0,56264969.04000001
2025-08-01 09:35:35 AM,126.87,1880,238515.6,56503484.64000001
2025-08-01 09:35:39 AM,126.8,0,0.0,56503484.64000001
2025-08-01 09:35:39 AM,126.84,0,0.0,56503484.64000001
2025-08-01 09:35:41 AM,126.84,304,38559.36,56542044.00000001
2025-08-01 09:35:44 AM,126.77,0,0.0,56542044.00000001
2025-08-01 09:35:48 AM,126.79,358,45390.82,56587434.82000001
2025-08-01 09:36:01 AM,126.79,4,507.16,56587941.980000004
2025-08-01 09:36:03 AM,126.8,0,0.0,56587941.980000004
2025-08-01 09:36:07 AM,126.71,0,0.0,56587941.980000004
2025-08-01 09:36:08 AM,126.71,1435,181828.84999999998,56769770.830000006
2025-08-01 09:36:08 AM,126.8,1,126.8,56769897.63
2025-08-01 09:36:11 AM,126.83,0,0.0,56769897.63
2025-08-01 09:36:15 AM,126.84,0,0.0,56769897.63
2025-08-01 09:36:15 AM,126.84,708,89802.72,56859700.35
2025-08-01 09:36:19 AM,126.85,0,0.0,56859700.35
2025-08-01 09:36:21 AM,126.85,1,126.85,56859827.2
2025-08-01 09:36:23 AM,126.91,0,0.0,56859827.2
2025-08-01 09:36:27 AM,126.95,0,0.0,56859827.2
2025-08-01 09:36:28 AM,126.95,1252,158941.4,57018768.6
2025-08-01 09:36:31 AM,126.88,0,0.0,57018768.6
2025-08-01 09:36:34 AM,126.89,200,25378.0,57044146.6
2025-08-01 09:36:41 AM,126.96,1201,152478.96,57196625.56
2025-08-01 09:36:43 AM,126.9,0,0.0,57196625.56
2025-08-01 09:36:47 AM,126.98,0,0.0,57196625.56
2025-08-01 09:36:47 AM,126.98,3,380.94,57197006.5
2025-08-01 09:36:54 AM,126.98,35,4444.3,57201450.8
2025-08-01 09:37:01 AM,126.89,435,55197.15,57256647.949999996
2025-08-01 09:37:01 AM,126.8,1769,224309.19999999998,57480957.15
2025-08-01 09:37:03 AM,126.79,0,0.0,57480957.15
2025-08-01 09:37:07 AM,126.78,0,0.0,57480957.15
2025-08-01 09:37:08 AM,126.78,12,1521.3600000000001,57482478.51
2025-08-01 09:37:12 AM,126.69,0,0.0,57482478.51
2025-08-01 09:37:15 AM,126.69,570,72213.3,57554691.809999995
2025-08-01 09:37:17 AM,126.67,0,0.0,57554691.809999995
2025-08-01 09:37:22 AM,126.68,252,31923.36,57586615.169999994
2025-08-01 09:37:27 AM,126.6,0,0.0,57586615.169999994
2025-08-01 09:37:28 AM,126.61,0,0.0,57586615.169999994
2025-08-01 09:37:29 AM,126.61,868,109897.48,57696512.64999999
2025-08-01 09:37:36 AM,126.5,1461,184816.5,57881329.14999999
2025-08-01 09:37:36 AM,126.57,25,3164.25,57884493.39999999
2025-08-01 09:37:41 AM,126.5,0,0.0,57884493.39999999
2025-08-01 09:37:42 AM,126.5,150,18975.0,57903468.39999999
2025-08-01 09:37:49 AM,126.58,200,25316.0,57928784.39999999
2025-08-01 09:37:55 AM,126.58,15,1898.7,57930683.099999994
2025-08-01 09:38:02 AM,126.49,1308,165448.91999999998,58096132.019999996
2025-08-01 09:38:09 AM,126.48,1052,133056.96,58229188.98
2025-08-01 09:38:16 AM,126.48,100,12648.0,58241836.98
2025-08-01 09:38:29 AM,126.49,0,0.0,58241836.98
2025-08-01 09:38:29 AM,126.49,14,1770.86,58243607.839999996
2025-08-01 09:38:39 AM,126.38,0,0.0,58243607.839999996
2025-08-01 09:38:43 AM,126.39,9275,1172267.25,59415875.089999996
2025-08-01 09:38:47 AM,126.36,0,0.0,59415875.089999996
2025-08-01 09:38:49 AM,126.36,110,13899.6,59429774.69
2025-08-01 09:38:59 AM,126.33,0,0.0,59429774.69
2025-08-01 09:39:02 AM,126.33,256,32340.48,59462115.169999994
2025-08-01 09:39:10 AM,126.33,119,15033.27,59477148.44
2025-08-01 09:39:14 AM,126.25,0,0.0,59477148.44
2025-08-01 09:39:16 AM,126.25,1645,207681.25,59684829.69
2025-08-01 09:39:23 AM,126.26,84,10605.84,59695435.53
2025-08-01 09:39:30 AM,126.32,1500,189480.0,59884915.53
2025-08-01 09:39:32 AM,126.33,0,0.0,59884915.53
2025-08-01 09:39:36 AM,126.36,676,85419.36,59970334.89
2025-08-01 09:39:44 AM,126.31,0,0.0,59970334.89
2025-08-01 09:39:49 AM,126.31,203,25640.93,59995975.82
2025-08-01 09:39:56 AM,126.36,0,0.0,59995975.82
2025-08-01 09:39:57 AM,126.36,307,38792.52,60034768.34
2025-08-01 09:40:00 AM,126.27,0,0.0,60034768.34
2025-08-01 09:40:02 AM,126.27,160,20203.2,60054971.54000001
2025-08-01 09:40:04 AM,126.31,0,0.0,60054971.54000001
2025-08-01 09:40:09 AM,126.31,10,1263.1,60056234.64000001
2025-08-01 09:40:12 AM,126.3,0,0.0,60056234.64000001
2025-08-01 09:40:14 AM,126.26,0,0.0,60056234.64000001
2025-08-01 09:40:16 AM,126.26,3507,442793.82,60499028.46000001
2025-08-01 09:40:18 AM,126.28,0,0.0,60499028.46000001
2025-08-01 09:40:21 AM,126.2,0,0.0,60499028.46000001
2025-08-01 09:40:22 AM,126.2,4163,525370.6,61024399.06000001
2025-08-01 09:40:29 AM,126.19,10,1261.9,61025660.96000001
2025-08-01 09:40:35 AM,126.19,200,25238.0,61050898.96000001
2025-08-01 09:40:42 AM,126.23,3221,406586.83,61457485.79000001
2025-08-01 09:40:48 AM,126.25,490,61862.5,61519348.29000001
2025-08-01 09:40:57 AM,126.34,0,0.0,61519348.29000001
2025-08-01 09:41:02 AM,126.34,1,126.34,61519474.63000001
2025-08-01 09:41:08 AM,126.34,610,77067.40000000001,61596542.03000001
2025-08-01 09:41:15 AM,126.34,673,85026.82,61681568.85000001
2025-08-01 09:41:19 AM,126.42,0,0.0,61681568.85000001
2025-08-01 09:41:22 AM,126.42,214,27053.88,61708622.73000001
2025-08-01 09:41:23 AM,126.43,1,126.43,61708749.16000001
2025-08-01 09:41:23 AM,126.35,0,0.0,61708749.16000001
2025-08-01 09:41:28 AM,126.35,45,5685.75,61714434.91000001
2025-08-01 09:41:39 AM,126.44,0,0.0,61714434.91000001
2025-08-01 09:41:42 AM,126.44,10,1264.4,61715699.31000001
2025-08-01 09:41:51 AM,126.45,0,0.0,61715699.31000001
2025-08-01 09:41:55 AM,126.4,58,7331.200000000001,61723030.51000001
2025-08-01 09:41:55 AM,126.44,1,126.44,61723156.95000001
2025-08-01 09:41:59 AM,126.34,0,0.0,61723156.95000001
2025-08-01 09:42:01 AM,126.34,1542,194816.28,61917973.23000001
2025-08-01 09:42:14 AM,126.34,3,379.02,61918352.250000015
2025-08-01 09:42:20 AM,126.3,0,0.0,61918352.250000015
2025-08-01 09:42:21 AM,126.3,227,28670.1,61947022.35000002
2025-08-01 09:42:30 AM,126.29,0,0.0,61947022.35000002
2025-08-01 09:42:34 AM,126.29,20,2525.8,61949548.15000001
2025-08-01 09:42:35 AM,126.3,7,884.1,61950432.250000015
2025-08-01 09:42:46 AM,126.25,0,0.0,61950432.250000015
2025-08-01 09:42:46 AM,126.29,0,0.0,61950432.250000015
2025-08-01 09:42:47 AM,126.29,1002,126542.58,62076974.83000001
2025-08-01 09:42:48 AM,126.29,48,6061.92,62083036.750000015
2025-08-01 09:42:58 AM,126.22,0,0.0,62083036.750000015
2025-08-01 09:43:00 AM,126.22,108,13631.76,62096668.51000001
2025-08-01 09:43:01 AM,126.31,356,44966.36,62141634.87000001
2025-08-01 09:43:06 AM,126.37,0,0.0,62141634.87000001
2025-08-01 09:43:06 AM,126.37,365,46125.05,62187759.92000001
2025-08-01 09:43:13 AM,126.37,29,3664.73,62191424.650000006
2025-08-01 09:43:14 AM,126.44,0,0.0,62191424.650000006
2025-08-01 09:43:18 AM,126.35,0,0.0,62191424.650000006
2025-08-01 09:43:20 AM,126.35,1050,132667.5,62324092.150000006
2025-08-01 09:43:26 AM,126.44,0,0.0,62324092.150000006
2025-08-01 09:43:26 AM,126.44,226,28575.44,62352667.59
2025-08-01 09:43:30 AM,126.4,0,0.0,62352667.59
2025-08-01 09:43:33 AM,126.41,585,73949.84999999999,62426617.440000005
2025-08-01 09:43:42 AM,126.42,0,0.0,62426617.440000005
2025-08-01 09:43:46 AM,126.33,0,0.0,62426617.440000005
2025-08-01 09:43:46 AM,126.33,2984,376968.72,62803586.160000004
2025-08-01 09:43:52 AM,126.43,727,91914.61,62895500.77
2025-08-01 09:43:54 AM,126.45,5,632.25,62896133.02
2025-08-01 09:44:06 AM,126.45,5,632.25,62896765.27
2025-08-01 09:44:13 AM,126.35,231,29186.85,62925952.120000005
2025-08-01 09:44:18 AM,126.3,0,0.0,62925952.120000005
2025-08-01 09:44:19 AM,126.35,91,11497.85,62937449.970000006
2025-08-01 09:44:22 AM,126.36,0,0.0,62937449.970000006
2025-08-01 09:44:26 AM,126.3,105,13261.5,62950711.470000006
2025-08-01 09:44:27 AM,126.27,147,18561.69,62969273.160000004
2025-08-01 09:44:38 AM,126.34,1150,145291.0,63114564.160000004
2025-08-01 09:44:40 AM,126.35,113,14277.55,63128841.71
2025-08-01 09:45:04 AM,126.24,0,0.0,63128841.71
2025-08-01 09:45:04 AM,126.29,2180,275312.2,63404153.910000004
2025-08-01 09:45:18 AM,126.19,76,9590.44,63413744.35
2025-08-01 09:45:18 AM,126.3,0,0.0,63413744.35
2025-08-01 09:45:19 AM,126.3,5,631.5,63414375.85
2025-08-01 09:45:26 AM,126.29,0,0.0,63414375.85
2025-08-01 09:45:30 AM,126.29,20,2525.8,63416901.65
2025-08-01 09:45:32 AM,126.2,30,3786.0,63420687.65
2025-08-01 09:45:37 AM,126.26,54,6818.04,63427505.69
2025-08-01 09:45:42 AM,126.28,0,0.0,63427505.69
2025-08-01 09:45:44 AM,126.28,11,1389.08,63428894.769999996
2025-08-01 09:45:46 AM,126.26,0,0.0,63428894.769999996
2025-08-01 09:45:50 AM,126.26,192,24241.920000000002,63453136.69
2025-08-01 09:45:51 AM,126.27,10,1262.7,63454399.39
2025-08-01 09:46:09 AM,126.26,0,0.0,63454399.39
2025-08-01 09:46:09 AM,126.27,4100,517707.0,63972106.39
2025-08-01 09:46:11 AM,126.29,750,94717.5,64066823.89
2025-08-01 09:46:16 AM,126.26,100,12626.0,64079449.89
2025-08-01 09:46:22 AM,126.3,43,5430.9,64084880.79
2025-08-01 09:46:31 AM,126.3,2,252.6,64085133.39
2025-08-01 09:46:37 AM,126.3,465,58729.5,64143862.89
2025-08-01 09:46:43 AM,126.27,0,0.0,64143862.89
2025-08-01 09:46:43 AM,126.27,100,12627.0,64156489.89
2025-08-01 09:46:48 AM,126.27,1,126.27,64156616.160000004
2025-08-01 09:46:54 AM,126.3,505,63781.5,64220397.660000004
2025-08-01 09:47:02 AM,126.3,83,10482.9,64230880.56
2025-08-01 09:47:19 AM,126.28,5,631.4,64231511.96
2025-08-01 09:47:20 AM,126.3,0,0.0,64231511.96
2025-08-01 09:47:21 AM,126.3,2000,252600.0,64484111.96
2025-08-01 09:47:25 AM,126.3,183,23112.899999999998,64507224.86
2025-08-01 09:47:28 AM,126.39,0,0.0,64507224.86
2025-08-01 09:47:31 AM,126.39,400,50556.0,64557780.86
2025-08-01 09:47:32 AM,126.3,0,0.0,64557780.86
2025-08-01 09:47:33 AM,126.3,417,52667.1,64610447.96
2025-08-01 09:47:43 AM,126.2,0,0.0,64610447.96
2025-08-01 09:47:45 AM,126.2,24,3028.8,64613476.76
2025-08-01 09:47:47 AM,126.27,20,2525.4,64616002.16
2025-08-01 09:47:51 AM,126.27,24,3030.48,64619032.63999999
2025-08-01 09:48:24 AM,126.27,12,1515.24,64620547.879999995
2025-08-01 09:48:26 AM,126.32,0,0.0,64620547.879999995
2025-08-01 09:48:26 AM,126.32,50,6316.0,64626863.879999995
2025-08-01 09:48:33 AM,126.32,1,126.32,64626990.199999996
2025-08-01 09:48:37 AM,126.37,459,58003.83,64684994.029999994
2025-08-01 09:48:52 AM,126.44,4,505.76,64685499.78999999
2025-08-01 09:48:56 AM,126.44,1,126.44,64685626.22999999
2025-08-01 09:49:11 AM,126.38,6,758.28,64686384.50999999
2025-08-01 09:49:21 AM,126.38,113,14280.939999999999,64700665.44999999
2025-08-01 09:49:27 AM,126.38,100,12638.0,64713303.44999999
2025-08-01 09:49:36 AM,126.44,0,0.0,64713303.44999999
2025-08-01 09:49:36 AM,126.44,2,252.88,64713556.32999999
2025-08-01 09:49:42 AM,126.35,1000,126350.0,64839906.32999999
2025-08-01 09:49:45 AM,126.44,0,0.0,64839906.32999999
2025-08-01 09:49:46 AM,126.44,20,2528.8,64842435.12999999
2025-08-01 09:49:52 AM,126.44,1,126.44,64842561.569999985
2025-08-01 09:49:54 AM,126.46,0,0.0,64842561.569999985
2025-08-01 09:49:55 AM,126.46,1250,158075.0,65000636.569999985
2025-08-01 09:50:02 AM,126.35,0,0.0,65000636.569999985
2025-08-01 09:50:02 AM,126.35,356,44980.6,65045617.16999999
2025-08-01 09:50:08 AM,126.3,10,1263.0,65046880.16999999
2025-08-01 09:50:11 AM,126.38,0,0.0,65046880.16999999
2025-08-01 09:50:12 AM,126.38,1000,126380.0,65173260.16999999
2025-08-01 09:50:17 AM,126.39,0,0.0,65173260.16999999
2025-08-01 09:50:18 AM,126.39,100,12639.0,65185899.16999999
2025-08-01 09:50:26 AM,126.38,0,0.0,65185899.16999999
2025-08-01 09:50:27 AM,126.38,100,12638.0,65198537.16999999
2025-08-01 09:50:38 AM,126.42,0,0.0,65198537.16999999
2025-08-01 09:50:39 AM,126.42,200,25284.0,65223821.16999999
2025-08-01 09:50:44 AM,126.43,0,0.0,65223821.16999999
2025-08-01 09:50:46 AM,126.43,41,5183.63,65229004.79999999
2025-08-01 09:50:52 AM,126.4,0,0.0,65229004.79999999
2025-08-01 09:50:52 AM,126.4,140,17696.0,65246700.79999999
2025-08-01 09:50:56 AM,126.5,20,2530.0,65249230.79999999
2025-08-01 09:50:59 AM,126.4,0,0.0,65249230.79999999
2025-08-01 09:51:01 AM,126.56,0,0.0,65249230.79999999
2025-08-01 09:51:02 AM,126.56,1278,161743.68,65410974.47999999
2025-08-01 09:51:04 AM,126.56,10,1265.6,65412240.07999999
2025-08-01 09:51:08 AM,126.7,0,0.0,65412240.07999999
2025-08-01 09:51:08 AM,126.76,3000,380280.0,65792520.07999999
2025-08-01 09:51:13 AM,126.79,0,0.0,65792520.07999999
2025-08-01 09:51:15 AM,126.69,485,61444.65,65853964.72999999
2025-08-01 09:51:16 AM,126.83,0,0.0,65853964.72999999
2025-08-01 09:51:17 AM,126.83,2000,253660.0,66107624.72999999
2025-08-01 09:51:21 AM,126.76,550,69718.0,66177342.72999999
2025-08-01 09:51:21 AM,126.8,0,0.0,66177342.72999999
2025-08-01 09:51:23 AM,126.8,400,50720.0,66228062.72999999
2025-08-01 09:51:35 AM,126.7,0,0.0,66228062.72999999
2025-08-01 09:51:36 AM,126.7,150,19005.0,66247067.72999999
2025-08-01 09:51:37 AM,126.73,0,0.0,66247067.72999999
2025-08-01 09:51:39 AM,126.71,0,0.0,66247067.72999999
2025-08-01 09:51:40 AM,126.71,70,8869.699999999999,66255937.42999999
2025-08-01 09:51:42 AM,126.71,1,126.71,66256064.13999999
2025-08-01 09:51:46 AM,126.71,1,126.71,66256190.849999994
2025-08-01 09:51:47 AM,126.63,0,0.0,66256190.849999994
2025-08-01 09:51:48 AM,126.63,103,13042.89,66269233.739999995
2025-08-01 09:51:48 AM,126.61,0,0.0,66269233.739999995
2025-08-01 09:51:52 AM,126.61,50,6330.5,66275564.239999995
2025-08-01 09:52:04 AM,126.51,6,759.0600000000001,66276323.3
2025-08-01 09:52:05 AM,126.59,0,0.0,66276323.3
2025-08-01 09:52:07 AM,126.49,980,123960.2,66400283.5
2025-08-01 09:52:13 AM,126.58,0,0.0,66400283.5
2025-08-01 09:52:13 AM,126.58,20,2531.6,66402815.1
2025-08-01 09:52:16 AM,126.58,275,34809.5,66437624.6
2025-08-01 09:52:19 AM,126.58,1,126.58,66437751.18
2025-08-01 09:52:25 AM,126.59,1000,126590.0,66564341.18
2025-08-01 09:52:35 AM,126.59,40,5063.6,66569404.78
2025-08-01 09:52:49 AM,126.6,0,0.0,66569404.78
2025-08-01 09:52:50 AM,126.6,2,253.2,66569657.980000004
2025-08-01 09:52:55 AM,126.51,0,0.0,66569657.980000004
2025-08-01 09:52:55 AM,126.52,0,0.0,66569657.980000004
2025-08-01 09:52:56 AM,126.52,151,19104.52,66588762.50000001
2025-08-01 09:52:58 AM,126.61,0,0.0,66588762.50000001
2025-08-01 09:52:59 AM,126.61,20,2532.2,66591294.70000001
2025-08-01 09:53:04 AM,126.6,0,0.0,66591294.70000001
2025-08-01 09:53:05 AM,126.6,21,2658.6,66593953.30000001
2025-08-01 09:53:07 AM,126.49,0,0.0,66593953.30000001
2025-08-01 09:53:07 AM,126.49,1259,159250.91,66753204.21000001
2025-08-01 09:53:10 AM,126.48,0,0.0,66753204.21000001
2025-08-01 09:53:11 AM,126.48,201,25422.48,66778626.690000005
2025-08-01 09:53:13 AM,126.59,0,0.0,66778626.690000005
2025-08-01 09:53:13 AM,126.59,60,7595.400000000001,66786222.09
2025-08-01 09:53:29 AM,126.47,0,0.0,66786222.09
2025-08-01 09:53:30 AM,126.47,168,21246.96,66807469.050000004
2025-08-01 09:53:38 AM,126.51,1500,189765.0,66997234.050000004
2025-08-01 09:53:41 AM,126.3,0,0.0,66997234.050000004
2025-08-01 09:53:43 AM,126.35,1305,164886.75,67162120.80000001
2025-08-01 09:53:44 AM,126.35,50,6317.5,67168438.30000001
2025-08-01 09:53:49 AM,126.35,10,1263.5,67169701.80000001
2025-08-01 09:53:53 AM,126.36,0,0.0,67169701.80000001
2025-08-01 09:53:55 AM,126.36,100,12636.0,67182337.80000001
2025-08-01 09:54:01 AM,126.36,11,1389.96,67183727.76
2025-08-01 09:54:07 AM,126.36,257,32474.52,67216202.28
2025-08-01 09:54:08 AM,126.39,0,0.0,67216202.28
2025-08-01 09:54:09 AM,126.39,8,1011.12,67217213.4
2025-08-01 09:54:14 AM,126.39,50,6319.5,67223532.9
2025-08-01 09:54:20 AM,126.39,50,6319.5,67229852.4
2025-08-01 09:54:23 AM,126.3,0,0.0,67229852.4
2025-08-01 09:54:26 AM,126.3,1299,164063.69999999998,67393916.10000001
2025-08-01 09:54:30 AM,126.25,0,0.0,67393916.10000001
2025-08-01 09:54:32 AM,126.25,25,3156.25,67397072.35000001
2025-08-01 09:54:42 AM,126.32,0,0.0,67397072.35000001
2025-08-01 09:54:45 AM,126.32,189,23874.48,67420946.83000001
2025-08-01 09:54:48 AM,126.34,0,0.0,67420946.83000001
2025-08-01 09:54:50 AM,126.34,1,126.34,67421073.17000002
2025-08-01 09:54:56 AM,126.32,6,757.92,67421831.09000002
2025-08-01 09:55:02 AM,126.25,51,6438.75,67428269.84000002
2025-08-01 09:55:06 AM,126.32,0,0.0,67428269.84000002
2025-08-01 09:55:07 AM,126.32,100,12632.0,67440901.84000002
2025-08-01 09:55:09 AM,126.25,0,0.0,67440901.84000002
2025-08-01 09:55:14 AM,126.25,1,126.25,67441028.09000002
2025-08-01 09:55:20 AM,126.25,100,12625.0,67453653.09000002
2025-08-01 09:55:21 AM,126.32,0,0.0,67453653.09000002
2025-08-01 09:55:21 AM,126.32,60,7579.2,67461232.29000002
2025-08-01 09:55:30 AM,126.22,0,0.0,67461232.29000002
2025-08-01 09:55:31 AM,126.22,398,50235.56,67511467.85000002
2025-08-01 09:55:38 AM,126.27,0,0.0,67511467.85000002
2025-08-01 09:55:38 AM,126.27,100,12627.0,67524094.85000002
2025-08-01 09:55:50 AM,126.27,258,32577.66,67556672.51000002
2025-08-01 09:55:59 AM,126.25,0,0.0,67556672.51000002
2025-08-01 09:56:00 AM,126.27,0,0.0,67556672.51000002
2025-08-01 09:56:02 AM,126.22,0,0.0,67556672.51000002
2025-08-01 09:56:02 AM,126.22,432,54527.04,67611199.55000003
2025-08-01 09:56:08 AM,126.22,340,42914.8,67654114.35000002
2025-08-01 09:56:26 AM,126.27,0,0.0,67654114.35000002
2025-08-01 09:56:26 AM,126.27,681,85989.87,67740104.22000003
2025-08-01 09:56:32 AM,126.3,630,79569.0,67819673.22000003
2025-08-01 09:56:35 AM,126.31,0,0.0,67819673.22000003
2025-08-01 09:56:37 AM,126.31,3,378.93,67820052.15000004
2025-08-01 09:56:41 AM,126.2,0,0.0,67820052.15000004
2025-08-01 09:56:43 AM,126.16,0,0.0,67820052.15000004
2025-08-01 09:56:44 AM,126.16,3259,411155.44,68231207.59000003
2025-08-01 09:56:50 AM,126.22,50,6311.0,68237518.59000003
2025-08-01 09:56:56 AM,126.22,29,3660.38,68241178.97000003
2025-08-01 09:57:02 AM,126.23,36,4544.28,68245723.25000003
2025-08-01 09:57:15 AM,126.22,100,12622.0,68258345.25000003
2025-08-01 09:57:19 AM,126.22,750,94665.0,68353010.25000003
2025-08-01 09:57:25 AM,126.22,50,6311.0,68359321.25000003
2025-08-01 09:57:27 AM,126.2,1,126.2,68359447.45000003
2025-08-01 09:57:31 AM,126.15,152,19174.8,68378622.25000003
2025-08-01 09:57:32 AM,126.05,0,0.0,68378622.25000003
2025-08-01 09:57:33 AM,126.03,3183,401153.49,68779775.74000002
2025-08-01 09:57:43 AM,126.01,1050,132310.5,68912086.24000002
2025-08-01 09:57:44 AM,126.0,0,0.0,68912086.24000002
2025-08-01 09:57:45 AM,126.08,804,101368.31999999999,69013454.56000002
2025-08-01 09:57:49 AM,126.08,100,12608.0,69026062.56000002
2025-08-01 09:57:55 AM,126.0,5000,630000.0,69656062.56000002
2025-08-01 09:58:04 AM,126.07,0,0.0,69656062.56000002
2025-08-01 09:58:04 AM,126.07,100,12607.0,69668669.56000002
2025-08-01 09:58:07 AM,126.01,14,1764.14,69670433.70000002
2025-08-01 09:58:10 AM,126.0,500,63000.0,69733433.70000002
2025-08-01 09:58:13 AM,126.0,10,1260.0,69734693.70000002
2025-08-01 09:58:25 AM,126.0,140,17640.0,69752333.70000002
2025-08-01 09:58:28 AM,126.0,110,13860.0,69766193.70000002
2025-08-01 09:58:31 AM,126.0,43,5418.0,69771611.70000002
2025-08-01 09:58:33 AM,126.05,0,0.0,69771611.70000002
2025-08-01 09:58:34 AM,126.0,9962,1255212.0,71026823.70000002
2025-08-01 09:58:53 AM,125.99,0,0.0,71026823.70000002
2025-08-01 09:58:53 AM,125.99,5,629.9499999999999,71027453.65000002
2025-08-01 09:58:57 AM,125.93,0,0.0,71027453.65000002
2025-08-01 09:58:58 AM,125.93,2,251.86,71027705.51000002
2025-08-01 09:59:01 AM,125.92,0,0.0,71027705.51000002
2025-08-01 09:59:02 AM,125.92,187,23547.04,71051252.55000003
2025-08-01 09:59:05 AM,125.9,0,0.0,71051252.55000003
2025-08-01 09:59:05 AM,125.9,504,63453.600000000006,71114706.15000002
2025-08-01 09:59:14 AM,125.78,2715,341492.7,71456198.85000002
2025-08-01 09:59:17 AM,125.81,100,12581.0,71468779.85000002
2025-08-01 09:59:19 AM,125.72,0,0.0,71468779.85000002
2025-08-01 09:59:20 AM,125.72,1000,125720.0,71594499.85000002
2025-08-01 09:59:23 AM,125.81,0,0.0,71594499.85000002
2025-08-01 09:59:23 AM,125.81,14,1761.3400000000001,71596261.19000003
2025-08-01 09:59:27 AM,125.74,0,0.0,71596261.19000003
2025-08-01 09:59:27 AM,125.74,702,88269.48,71684530.67000003
2025-08-01 09:59:30 AM,125.8,546,68686.8,71753217.47000003
2025-08-01 09:59:33 AM,125.77,1351,169915.27,71923132.74000002
2025-08-01 09:59:35 AM,125.83,0,0.0,71923132.74000002
2025-08-01 09:59:36 AM,125.83,100,12583.0,71935715.74000002
2025-08-01 09:59:37 AM,125.76,0,0.0,71935715.74000002
2025-08-01 09:59:40 AM,125.76,200,25152.0,71960867.74000002
2025-08-01 09:59:47 AM,125.83,0,0.0,71960867.74000002
2025-08-01 09:59:48 AM,125.8,1552,195241.6,72156109.34000002
2025-08-01 09:59:52 AM,125.84,100,12584.0,72168693.34000002
2025-08-01 09:59:58 AM,125.84,1931,242997.04,72411690.38000003
2025-08-01 09:59:59 AM,125.77,0,0.0,72411690.38000003
2025-08-01 10:00:01 AM,125.87,1010,127128.70000000001,72538819.08000003
2025-08-01 10:00:04 AM,125.89,2,251.78,72539070.86000003
2025-08-01 10:00:05 AM,125.8,0,0.0,72539070.86000003
2025-08-01 10:00:07 AM,125.89,0,0.0,72539070.86000003
2025-08-01 10:00:07 AM,125.89,132,16617.48,72555688.34000003
2025-08-01 10:00:12 AM,125.72,0,0.0,72555688.34000003
2025-08-01 10:00:14 AM,125.74,910,114423.4,72670111.74000004
2025-08-01 10:00:17 AM,125.63,701,88066.62999999999,72758178.37000003
2025-08-01 10:00:19 AM,125.71,0,0.0,72758178.37000003
2025-08-01 10:00:20 AM,125.71,120,15085.199999999999,72773263.57000004
2025-08-01 10:00:23 AM,125.69,55,6912.95,72780176.52000004
2025-08-01 10:00:26 AM,125.68,79,9928.720000000001,72790105.24000004
2025-08-01 10:00:29 AM,125.74,21666,2724282.84,75514388.08000004
2025-08-01 10:00:31 AM,125.73,0,0.0,75514388.08000004
2025-08-01 10:00:32 AM,125.84,0,0.0,75514388.08000004
2025-08-01 10:00:32 AM,125.84,151,19001.84,75533389.92000005
2025-08-01 10:00:36 AM,125.84,10,1258.4,75534648.32000005
2025-08-01 10:00:43 AM,125.76,0,0.0,75534648.32000005
2025-08-01 10:00:45 AM,125.83,153,19251.989999999998,75553900.31000005
2025-08-01 10:00:52 AM,125.81,1,125.81,75554026.12000005
2025-08-01 10:00:55 AM,125.7,0,0.0,75554026.12000005
2025-08-01 10:00:55 AM,125.7,16,2011.2,75556037.32000005
2025-08-01 10:00:58 AM,125.78,1025,128924.5,75684961.82000005
2025-08-01 10:01:01 AM,125.83,0,0.0,75684961.82000005
2025-08-01 10:01:01 AM,125.83,400,50332.0,75735293.82000005
2025-08-01 10:01:17 AM,125.76,0,0.0,75735293.82000005
2025-08-01 10:01:17 AM,125.76,12,1509.1200000000001,75736802.94000006
2025-08-01 10:01:22 AM,125.83,0,0.0,75736802.94000006
2025-08-01 10:01:23 AM,125.83,2054,258454.82,75995257.76000005
2025-08-01 10:01:32 AM,125.82,100,12582.0,76007839.76000005
2025-08-01 10:01:58 AM,125.9,0,0.0,76007839.76000005
2025-08-01 10:02:00 AM,125.9,2,251.8,76008091.56000005
2025-08-01 10:02:08 AM,125.82,0,0.0,76008091.56000005
2025-08-01 10:02:08 AM,125.82,60,7549.2,76015640.76000005
2025-08-01 10:02:13 AM,125.9,0,0.0,76015640.76000005
2025-08-01 10:02:13 AM,125.9,1,125.9,76015766.66000006
2025-08-01 10:02:17 AM,125.82,0,0.0,76015766.66000006
2025-08-01 10:02:19 AM,125.82,57,7171.74,76022938.40000005
2025-08-01 10:02:26 AM,125.82,1,125.82,76023064.22000004
2025-08-01 10:02:27 AM,125.82,232,29190.239999999998,76052254.46000004
2025-08-01 10:02:33 AM,125.9,126,15863.400000000001,76068117.86000004
2025-08-01 10:02:38 AM,125.87,60,7552.200000000001,76075670.06000005
2025-08-01 10:02:51 AM,125.93,10,1259.3000000000002,76076929.36000004
2025-08-01 10:02:53 AM,125.96,0,0.0,76076929.36000004
2025-08-01 10:02:53 AM,125.96,1540,193978.4,76270907.76000005
2025-08-01 10:02:57 AM,125.92,0,0.0,76270907.76000005
2025-08-01 10:02:57 AM,125.92,1,125.92,76271033.68000005
2025-08-01 10:03:04 AM,125.99,11,1385.8899999999999,76272419.57000005
2025-08-01 10:03:12 AM,125.94,100,12594.0,76285013.57000005
2025-08-01 10:03:16 AM,126.0,1749,220374.0,76505387.57000005
2025-08-01 10:03:21 AM,126.09,0,0.0,76505387.57000005
2025-08-01 10:03:23 AM,126.19,244,30790.36,76536177.93000005
2025-08-01 10:03:29 AM,126.19,1,126.19,76536304.12000005
2025-08-01 10:03:36 AM,126.22,50,6311.0,76542615.12000005
2025-08-01 10:03:42 AM,126.19,100,12619.0,76555234.12000005
2025-08-01 10:03:50 AM,126.19,200,25238.0,76580472.12000005
2025-08-01 10:03:54 AM,126.19,144,18171.36,76598643.48000005
2025-08-01 10:03:57 AM,126.19,100,12619.0,76611262.48000005
2025-08-01 10:04:01 AM,126.19,12,1514.28,76612776.76000005
2025-08-01 10:04:13 AM,126.19,500,63095.0,76675871.76000005
2025-08-01 10:04:19 AM,126.08,1,126.08,76675997.84000005
2025-08-01 10:04:26 AM,126.08,76,9582.08,76685579.92000005
2025-08-01 10:04:38 AM,126.05,0,0.0,76685579.92000005
2025-08-01 10:04:38 AM,126.11,262,33040.82,76718620.74000004
2025-08-01 10:04:43 AM,126.15,0,0.0,76718620.74000004
2025-08-01 10:04:45 AM,126.15,5,630.75,76719251.49000004
2025-08-01 10:04:51 AM,126.08,0,0.0,76719251.49000004
2025-08-01 10:04:51 AM,126.08,200,25216.0,76744467.49000004
2025-08-01 10:04:55 AM,126.16,0,0.0,76744467.49000004
2025-08-01 10:04:57 AM,126.16,1604,202360.63999999998,76946828.13000004
2025-08-01 10:05:33 AM,126.13,0,0.0,76946828.13000004
2025-08-01 10:05:34 AM,126.13,10,1261.3,76948089.43000004
2025-08-01 10:05:46 AM,126.15,2285,288252.75,77236342.18000004
2025-08-01 10:05:48 AM,126.05,0,0.0,77236342.18000004
2025-08-01 10:05:48 AM,126.05,25,3151.25,77239493.43000004
2025-08-01 10:06:06 AM,126.07,13,1638.9099999999999,77241132.34000003
2025-08-01 10:06:10 AM,126.07,50,6303.5,77247435.84000003
2025-08-01 10:06:18 AM,126.05,510,64285.5,77311721.34000003
2025-08-01 10:06:20 AM,126.06,0,0.0,77311721.34000003
2025-08-01 10:06:21 AM,126.06,100,12606.0,77324327.34000003
2025-08-01 10:06:24 AM,126.0,710,89460.0,77413787.34000003
2025-08-01 10:06:29 AM,125.96,0,0.0,77413787.34000003
2025-08-01 10:06:30 AM,125.96,100,12596.0,77426383.34000003
2025-08-01 10:06:32 AM,125.9,0,0.0,77426383.34000003
2025-08-01 10:06:33 AM,125.9,53,6672.700000000001,77433056.04000004
2025-08-01 10:06:36 AM,125.84,0,0.0,77433056.04000004
2025-08-01 10:06:36 AM,125.84,2279,286789.36,77719845.40000004
2025-08-01 10:06:40 AM,125.84,20,2516.8,77722362.20000003
2025-08-01 10:06:42 AM,125.83,9,1132.47,77723494.67000003
2025-08-01 10:06:46 AM,125.83,38,4781.54,77728276.21000004
2025-08-01 10:06:50 AM,125.9,0,0.0,77728276.21000004
2025-08-01 10:06:52 AM,125.84,116,14597.44,77742873.65000004
2025-08-01 10:06:54 AM,125.81,2833,356419.73,78099293.38000004
2025-08-01 10:06:58 AM,125.84,678,85319.52,78184612.90000004
2025-08-01 10:07:04 AM,125.9,20,2518.0,78187130.90000004
2025-08-01 10:07:06 AM,125.84,246,30956.64,78218087.54000004
2025-08-01 10:07:10 AM,125.9,64,8057.6,78226145.14000003
2025-08-01 10:07:12 AM,125.83,213,26801.79,78252946.93000004
2025-08-01 10:07:15 AM,125.85,0,0.0,78252946.93000004
2025-08-01 10:07:17 AM,125.85,62,7802.7,78260749.63000004
2025-08-01 10:07:19 AM,125.85,48,6040.799999999999,78266790.43000004
2025-08-01 10:07:20 AM,125.83,0,0.0,78266790.43000004
2025-08-01 10:07:23 AM,125.83,1445,181824.35,78448614.78000003
2025-08-01 10:07:29 AM,125.85,0,0.0,78448614.78000003
2025-08-01 10:07:29 AM,125.85,84,10571.4,78459186.18000004
2025-08-01 10:07:31 AM,125.85,15,1887.75,78461073.93000004
2025-08-01 10:07:35 AM,125.85,365,45935.25,78507009.18000004
2025-08-01 10:07:37 AM,125.84,0,0.0,78507009.18000004
2025-08-01 10:07:37 AM,125.84,1086,136662.24,78643671.42000003
2025-08-01 10:07:41 AM,125.92,200,25184.0,78668855.42000003
2025-08-01 10:07:47 AM,125.8,175,22015.0,78690870.42000003
2025-08-01 10:07:55 AM,125.83,111,13967.13,78704837.55000003
2025-08-01 10:07:57 AM,125.8,0,0.0,78704837.55000003
2025-08-01 10:08:00 AM,125.75,1463,183972.25,78888809.80000003
2025-08-01 10:08:01 AM,125.7,0,0.0,78888809.80000003
2025-08-01 10:08:01 AM,125.7,594,74665.8,78963475.60000002
2025-08-01 10:08:06 AM,125.78,0,0.0,78963475.60000002
2025-08-01 10:08:06 AM,125.78,1,125.78,78963601.38000003
2025-08-01 10:08:11 AM,125.82,0,0.0,78963601.38000003
2025-08-01 10:08:12 AM,125.79,1195,150319.05000000002,79113920.43000002
2025-08-01 10:08:17 AM,125.85,0,0.0,79113920.43000002
2025-08-01 10:08:19 AM,125.85,149,18751.649999999998,79132672.08000003
2025-08-01 10:08:20 AM,125.88,160,20140.8,79152812.88000003
2025-08-01 10:08:25 AM,125.85,20,2517.0,79155329.88000003
2025-08-01 10:08:37 AM,125.85,100,12585.0,79167914.88000003
2025-08-01 10:08:50 AM,125.88,0,0.0,79167914.88000003
2025-08-01 10:08:50 AM,125.88,1,125.88,79168040.76000002
2025-08-01 10:08:56 AM,125.88,40,5035.2,79173075.96000002
2025-08-01 10:09:17 AM,125.99,0,0.0,79173075.96000002
2025-08-01 10:09:18 AM,125.99,13,1637.87,79174713.83000003
2025-08-01 10:09:24 AM,125.94,5,629.7,79175343.53000003
2025-08-01 10:09:26 AM,126.0,0,0.0,79175343.53000003
2025-08-01 10:09:26 AM,125.92,300,37776.0,79213119.53000003
2025-08-01 10:09:51 AM,126.05,0,0.0,79213119.53000003
2025-08-01 10:09:53 AM,126.03,0,0.0,79213119.53000003
2025-08-01 10:09:53 AM,126.03,510,64275.3,79277394.83000003
2025-08-01 10:10:06 AM,126.08,992,125071.36,79402466.19000003
2025-08-01 10:10:08 AM,126.0,0,0.0,79402466.19000003
2025-08-01 10:10:10 AM,126.08,823,103763.84,79506230.03000003
2025-08-01 10:10:14 AM,125.93,0,0.0,79506230.03000003
2025-08-01 10:10:16 AM,125.93,2200,277046.0,79783276.03000003
2025-08-01 10:10:44 AM,126.0,0,0.0,79783276.03000003
2025-08-01 10:10:46 AM,126.0,90,11340.0,79794616.03000003
2025-08-01 10:11:00 AM,126.06,0,0.0,79794616.03000003
2025-08-01 10:11:04 AM,126.06,11,1386.66,79796002.69000003
2025-08-01 10:11:14 AM,126.09,0,0.0,79796002.69000003
2025-08-01 10:11:16 AM,126.09,1000,126090.0,79922092.69000003
2025-08-01 10:11:26 AM,126.1,0,0.0,79922092.69000003
2025-08-01 10:11:27 AM,126.1,50,6305.0,79928397.69000003
2025-08-01 10:11:33 AM,126.1,100,12610.0,79941007.69000003
2025-08-01 10:11:38 AM,126.11,0,0.0,79941007.69000003
2025-08-01 10:11:38 AM,126.11,52,6557.72,79947565.41000003
2025-08-01 10:11:44 AM,126.12,0,0.0,79947565.41000003
2025-08-01 10:11:44 AM,126.14,1801,227178.14,80174743.55000003
2025-08-01 10:12:03 AM,126.13,2200,277486.0,80452229.55000003
2025-08-01 10:12:05 AM,126.1,0,0.0,80452229.55000003
2025-08-01 10:12:08 AM,126.19,0,0.0,80452229.55000003
2025-08-01 10:12:08 AM,126.19,4759,600538.21,81052767.76000002
2025-08-01 10:12:37 AM,126.17,33,4163.61,81056931.37000002
2025-08-01 10:12:41 AM,126.19,0,0.0,81056931.37000002
2025-08-01 10:12:42 AM,126.19,1,126.19,81057057.56000002
2025-08-01 10:13:02 AM,126.22,0,0.0,81057057.56000002
2025-08-01 10:13:06 AM,126.22,4,504.88,81057562.44000001
2025-08-01 10:13:12 AM,126.19,7851,990717.69,82048280.13000001
2025-08-01 10:13:24 AM,126.22,1,126.22,82048406.35000001
2025-08-01 10:13:29 AM,126.23,111,14011.53,82062417.88000001
2025-08-01 10:13:30 AM,126.18,30,3785.4,82066203.28000002
2025-08-01 10:13:41 AM,126.24,0,0.0,82066203.28000002
2025-08-01 10:13:41 AM,126.24,50,6312.0,82072515.28000002
2025-08-01 10:13:47 AM,126.24,2325,293508.0,82366023.28000002
2025-08-01 10:13:50 AM,126.25,0,0.0,82366023.28000002
2025-08-01 10:13:53 AM,126.21,612,77240.51999999999,82443263.80000001
2025-08-01 10:13:59 AM,126.25,7,883.75,82444147.55000001
2025-08-01 10:14:11 AM,126.25,13,1641.25,82445788.80000001
2025-08-01 10:14:14 AM,126.24,0,0.0,82445788.80000001
2025-08-01 10:14:16 AM,126.24,50,6312.0,82452100.80000001
2025-08-01 10:14:22 AM,126.26,229,28913.54,82481014.34000002
2025-08-01 10:14:33 AM,126.26,25,3156.5,82484170.84000002
2025-08-01 10:14:39 AM,126.27,3,378.81,82484549.65000002
2025-08-01 10:14:57 AM,126.26,0,0.0,82484549.65000002
2025-08-01 10:14:57 AM,126.26,15,1893.9,82486443.55000003
2025-08-01 10:15:02 AM,126.27,152,19193.04,82505636.59000003
2025-08-01 10:15:13 AM,126.3,0,0.0,82505636.59000003
2025-08-01 10:15:14 AM,126.3,1657,209279.1,82714915.69000003
2025-08-01 10:15:17 AM,126.27,0,0.0,82714915.69000003
2025-08-01 10:15:19 AM,126.24,0,0.0,82714915.69000003
2025-08-01 10:15:20 AM,126.24,372,46961.28,82761876.97000003
2025-08-01 10:15:23 AM,126.25,0,0.0,82761876.97000003
2025-08-01 10:15:26 AM,126.25,2000,252500.0,83014376.97000003
2025-08-01 10:15:37 AM,126.23,0,0.0,83014376.97000003
2025-08-01 10:15:39 AM,126.23,10,1262.3,83015639.27000003
2025-08-01 10:15:46 AM,126.21,0,0.0,83015639.27000003
2025-08-01 10:15:50 AM,126.21,100,12621.0,83028260.27000003
2025-08-01 10:15:53 AM,126.24,0,0.0,83028260.27000003
2025-08-01 10:15:56 AM,126.24,27,3408.48,83031668.75000003
2025-08-01 10:16:08 AM,126.24,3,378.71999999999997,83032047.47000003
2025-08-01 10:16:13 AM,126.25,0,0.0,83032047.47000003
2025-08-01 10:16:14 AM,126.25,548,69185.0,83101232.47000003
2025-08-01 10:16:20 AM,126.19,440,55523.6,83156756.07000002
2025-08-01 10:16:31 AM,126.19,2,252.38,83157008.45000002
2025-08-01 10:16:37 AM,126.19,8,1009.52,83158017.97000001
2025-08-01 10:16:43 AM,126.19,10,1261.9,83159279.87000002
2025-08-01 10:16:53 AM,126.15,0,0.0,83159279.87000002
2025-08-01 10:16:54 AM,126.15,50,6307.5,83165587.37000002
2025-08-01 10:17:10 AM,126.19,0,0.0,83165587.37000002
2025-08-01 10:17:10 AM,126.19,10,1261.9,83166849.27000003
2025-08-01 10:17:16 AM,126.21,0,0.0,83166849.27000003
2025-08-01 10:17:16 AM,126.21,1114,140597.94,83307447.21000002
2025-08-01 10:17:20 AM,126.1,0,0.0,83307447.21000002
2025-08-01 10:17:22 AM,126.1,975,122947.5,83430394.71000002
2025-08-01 10:17:25 AM,126.11,0,0.0,83430394.71000002
2025-08-01 10:17:28 AM,126.11,8,1008.88,83431403.59000002
2025-08-01 10:17:40 AM,126.18,0,0.0,83431403.59000002
2025-08-01 10:17:40 AM,126.18,25,3154.5,83434558.09000002
2025-08-01 10:17:51 AM,126.1,119,15005.9,83449563.99000002
2025-08-01 10:17:57 AM,126.14,20,2522.8,83452086.79000002
2025-08-01 10:18:09 AM,126.14,100,12614.0,83464700.79000002
2025-08-01 10:18:32 AM,126.07,8,1008.56,83465709.35000002
2025-08-01 10:18:44 AM,126.12,1,126.12,83465835.47000003
2025-08-01 10:18:45 AM,126.07,0,0.0,83465835.47000003
2025-08-01 10:18:49 AM,126.07,1000,126070.0,83591905.47000003
2025-08-01 10:18:51 AM,126.12,0,0.0,83591905.47000003
2025-08-01 10:18:55 AM,126.12,1,126.12,83592031.59000003
2025-08-01 10:19:00 AM,126.06,0,0.0,83592031.59000003
2025-08-01 10:19:00 AM,126.06,1202,151524.12,83743555.71000004
2025-08-01 10:19:02 AM,126.05,0,0.0,83743555.71000004
2025-08-01 10:19:06 AM,126.12,0,0.0,83743555.71000004
2025-08-01 10:19:06 AM,126.12,202,25476.24,83769031.95000003
2025-08-01 10:19:09 AM,126.2,0,0.0,83769031.95000003
2025-08-01 10:19:12 AM,126.2,1290,162798.0,83931829.95000003
2025-08-01 10:19:24 AM,126.21,0,0.0,83931829.95000003
2025-08-01 10:19:24 AM,126.21,3,378.63,83932208.58000003
2025-08-01 10:19:35 AM,126.26,3865,487994.9,84420203.48000003
2025-08-01 10:19:39 AM,126.28,0,0.0,84420203.48000003
2025-08-01 10:19:41 AM,126.28,30,3788.4,84423991.88000004
2025-08-01 10:19:47 AM,126.14,2150,271201.0,84695192.88000004
2025-08-01 10:19:48 AM,126.15,0,0.0,84695192.88000004
2025-08-01 10:19:48 AM,126.15,1000,126150.0,84821342.88000004
2025-08-01 10:20:16 AM,126.25,201,25376.25,84846719.13000004
2025-08-01 10:20:26 AM,126.25,529,66786.25,84913505.38000004
2025-08-01 10:20:50 AM,126.25,10,1262.5,84914767.88000004
2025-08-01 10:20:52 AM,126.25,6,757.5,84915525.38000004
2025-08-01 10:20:58 AM,126.26,100,12626.0,84928151.38000004
2025-08-01 10:21:09 AM,126.27,0,0.0,84928151.38000004
2025-08-01 10:21:09 AM,126.27,2,252.54,84928403.92000005
2025-08-01 10:21:12 AM,126.25,1,126.25,84928530.17000005
2025-08-01 10:21:14 AM,126.27,100,12627.0,84941157.17000005
2025-08-01 10:21:21 AM,126.21,0,0.0,84941157.17000005
2025-08-01 10:21:24 AM,126.21,59,7446.389999999999,84948603.56000005
2025-08-01 10:21:38 AM,126.28,0,0.0,84948603.56000005
2025-08-01 10:21:40 AM,126.28,250,31570.0,84980173.56000005
2025-08-01 10:21:44 AM,126.3,0,0.0,84980173.56000005
2025-08-01 10:21:44 AM,126.32,0,0.0,84980173.56000005
2025-08-01 10:21:45 AM,126.32,35,4421.2,84984594.76000005
2025-08-01 10:22:03 AM,126.35,250,31587.5,85016182.26000005
2025-08-01 10:22:10 AM,126.39,21,2654.19,85018836.45000005
2025-08-01 10:22:20 AM,126.39,1100,139029.0,85157865.45000005
2025-08-01 10:22:28 AM,126.35,35,4422.25,85162287.70000005
2025-08-01 10:22:32 AM,126.39,0,0.0,85162287.70000005
2025-08-01 10:22:32 AM,126.39,25,3159.75,85165447.45000005
2025-08-01 10:22:34 AM,126.4,634,80137.6,85245585.05000004
2025-08-01 10:22:40 AM,126.46,50,6323.0,85251908.05000004
2025-08-01 10:22:43 AM,126.39,100,12639.0,85264547.05000004
2025-08-01 10:22:50 AM,126.46,0,0.0,85264547.05000004
2025-08-01 10:22:50 AM,126.46,25,3161.5,85267708.55000004
2025-08-01 10:22:56 AM,126.4,0,0.0,85267708.55000004
2025-08-01 10:22:56 AM,126.4,3,379.20000000000005,85268087.75000004
2025-08-01 10:23:01 AM,126.39,0,0.0,85268087.75000004
2025-08-01 10:23:01 AM,126.39,1097,138649.83,85406737.58000004
2025-08-01 10:23:07 AM,126.32,0,0.0,85406737.58000004
2025-08-01 10:23:07 AM,126.32,754,95245.28,85501982.86000004
2025-08-01 10:23:10 AM,126.34,0,0.0,85501982.86000004
2025-08-01 10:23:10 AM,126.33,70,8843.1,85510825.96000004
2025-08-01 10:23:19 AM,126.32,0,0.0,85510825.96000004
2025-08-01 10:23:19 AM,126.3,552,69717.59999999999,85580543.56000003
2025-08-01 10:23:33 AM,126.32,1,126.32,85580669.88000003
2025-08-01 10:23:34 AM,126.33,0,0.0,85580669.88000003
2025-08-01 10:23:35 AM,126.34,0,0.0,85580669.88000003
2025-08-01 10:23:36 AM,126.34,152,19203.68,85599873.56000003
2025-08-01 10:23:53 AM,126.37,0,0.0,85599873.56000003
2025-08-01 10:23:53 AM,126.37,5,631.85,85600505.41000003
2025-08-01 10:24:04 AM,126.32,0,0.0,85600505.41000003
2025-08-01 10:24:04 AM,126.32,1,126.32,85600631.73000002
2025-08-01 10:24:13 AM,126.33,0,0.0,85600631.73000002
2025-08-01 10:24:15 AM,126.33,150,18949.5,85619581.23000002
2025-08-01 10:24:19 AM,126.37,0,0.0,85619581.23000002
2025-08-01 10:24:21 AM,126.37,9,1137.33,85620718.56000002
2025-08-01 10:24:25 AM,126.35,0,0.0,85620718.56000002
2025-08-01 10:24:26 AM,126.35,15,1895.25,85622613.81000002
2025-08-01 10:24:31 AM,126.42,0,0.0,85622613.81000002
2025-08-01 10:24:32 AM,126.35,0,0.0,85622613.81000002
2025-08-01 10:24:32 AM,126.35,510,64438.5,85687052.31000002
2025-08-01 10:24:44 AM,126.42,0,0.0,85687052.31000002
2025-08-01 10:24:45 AM,126.42,23,2907.66,85689959.97000001
2025-08-01 10:25:00 AM,126.3,0,0.0,85689959.97000001
2025-08-01 10:25:01 AM,126.31,5260,664390.6,86354350.57000001
2025-08-01 10:25:04 AM,126.21,0,0.0,86354350.57000001
2025-08-01 10:25:05 AM,126.21,140,17669.399999999998,86372019.97000001
2025-08-01 10:25:18 AM,126.28,0,0.0,86372019.97000001
2025-08-01 10:25:19 AM,126.28,20,2525.6,86374545.57000001
2025-08-01 10:25:21 AM,126.21,0,0.0,86374545.57000001
2025-08-01 10:25:23 AM,126.28,0,0.0,86374545.57000001
2025-08-01 10:25:23 AM,126.28,2109,266324.52,86640870.09
2025-08-01 10:25:33 AM,126.29,0,0.0,86640870.09
2025-08-01 10:25:34 AM,126.29,300,37887.0,86678757.09
2025-08-01 10:25:39 AM,126.3,0,0.0,86678757.09
2025-08-01 10:25:39 AM,126.3,1,126.3,86678883.39
2025-08-01 10:26:26 AM,126.3,20,2526.0,86681409.39
2025-08-01 10:26:35 AM,126.3,2,252.6,86681661.99
2025-08-01 10:26:38 AM,126.3,40,5052.0,86686713.99
2025-08-01 10:26:41 AM,126.25,0,0.0,86686713.99
2025-08-01 10:26:41 AM,126.25,1000,126250.0,86812963.99
2025-08-01 10:26:52 AM,126.3,100,12630.0,86825593.99
2025-08-01 10:27:09 AM,126.32,0,0.0,86825593.99
2025-08-01 10:27:10 AM,126.32,100,12632.0,86838225.99
2025-08-01 10:27:18 AM,126.33,0,0.0,86838225.99
2025-08-01 10:27:18 AM,126.25,518,65397.5,86903623.49
2025-08-01 10:27:24 AM,126.32,200,25264.0,86928887.49
2025-08-01 10:27:29 AM,126.25,305,38506.25,86967393.74
2025-08-01 10:27:36 AM,126.2,0,0.0,86967393.74
2025-08-01 10:27:37 AM,126.2,959,121025.8,87088419.53999999
2025-08-01 10:27:42 AM,126.11,0,0.0,87088419.53999999
2025-08-01 10:27:42 AM,126.11,38,4792.18,87093211.72
2025-08-01 10:27:44 AM,126.03,0,0.0,87093211.72
2025-08-01 10:27:45 AM,126.03,1707,215133.21,87308344.92999999
2025-08-01 10:27:48 AM,126.03,250,31507.5,87339852.42999999
2025-08-01 10:28:01 AM,126.01,0,0.0,87339852.42999999
2025-08-01 10:28:02 AM,126.09,28,3530.52,87343382.94999999
2025-08-01 10:28:12 AM,126.09,25,3152.25,87346535.19999999
2025-08-01 10:28:29 AM,126.09,100,12609.0,87359144.19999999
2025-08-01 10:28:37 AM,126.09,232,29252.88,87388397.07999998
2025-08-01 10:28:40 AM,126.05,300,37815.0,87426212.07999998
2025-08-01 10:28:57 AM,126.05,500,63025.0,87489237.07999998
2025-08-01 10:29:05 AM,126.09,14,1765.26,87491002.33999999
2025-08-01 10:29:30 AM,126.17,0,0.0,87491002.33999999
2025-08-01 10:29:30 AM,126.17,2,252.34,87491254.67999999
2025-08-01 10:29:36 AM,126.09,0,0.0,87491254.67999999
2025-08-01 10:29:38 AM,126.09,162,20426.58,87511681.25999999
2025-08-01 10:29:46 AM,126.16,0,0.0,87511681.25999999
2025-08-01 10:29:46 AM,126.16,104,13120.64,87524801.89999999
2025-08-01 10:29:55 AM,126.22,1000,126220.0,87651021.89999999
2025-08-01 10:29:56 AM,126.23,0,0.0,87651021.89999999
2025-08-01 10:29:58 AM,126.23,1,126.23,87651148.13
2025-08-01 10:30:06 AM,126.22,0,0.0,87651148.13
2025-08-01 10:30:06 AM,126.22,5,631.1,87651779.22999999
2025-08-01 10:30:09 AM,126.23,35,4418.05,87656197.27999999
2025-08-01 10:30:15 AM,126.23,2,252.46,87656449.73999998
2025-08-01 10:30:31 AM,126.27,0,0.0,87656449.73999998
2025-08-01 10:30:32 AM,126.27,1520,191930.4,87848380.13999999
2025-08-01 10:30:36 AM,126.25,0,0.0,87848380.13999999
2025-08-01 10:30:38 AM,126.25,10,1262.5,87849642.63999999
2025-08-01 10:30:44 AM,126.25,44,5555.0,87855197.63999999
2025-08-01 10:30:49 AM,126.25,50,6312.5,87861510.13999999
2025-08-01 10:30:55 AM,126.27,76,9596.52,87871106.65999998
2025-08-01 10:31:00 AM,126.27,500,63135.0,87934241.65999998
2025-08-01 10:31:05 AM,126.25,0,0.0,87934241.65999998
2025-08-01 10:31:07 AM,126.25,10,1262.5,87935504.15999998
2025-08-01 10:31:17 AM,126.33,0,0.0,87935504.15999998
2025-08-01 10:31:18 AM,126.33,265,33477.45,87968981.60999998
2025-08-01 10:31:19 AM,126.31,0,0.0,87968981.60999998
2025-08-01 10:31:21 AM,126.31,3,378.93,87969360.53999999
2025-08-01 10:31:24 AM,126.35,100,12635.0,87981995.53999999
2025-08-01 10:31:29 AM,126.28,0,0.0,87981995.53999999
2025-08-01 10:31:29 AM,126.28,60,7576.8,87989572.33999999
2025-08-01 10:31:31 AM,126.35,0,0.0,87989572.33999999
2025-08-01 10:31:32 AM,126.35,26,3285.1,87992857.43999998
2025-08-01 10:31:40 AM,126.35,1,126.35,87992983.78999998
2025-08-01 10:31:45 AM,126.35,100,12635.0,88005618.78999998
2025-08-01 10:31:48 AM,126.35,125,15793.75,88021412.53999998
2025-08-01 10:32:04 AM,126.34,2,252.68,88021665.21999998
2025-08-01 10:32:08 AM,126.35,593,74925.55,88096590.76999998
2025-08-01 10:32:37 AM,126.35,2,252.7,88096843.46999998
2025-08-01 10:32:52 AM,126.31,500,63155.0,88159998.46999998
2025-08-01 10:32:53 AM,126.37,0,0.0,88159998.46999998
2025-08-01 10:32:54 AM,126.37,500,63185.0,88223183.46999998
2025-08-01 10:32:56 AM,126.28,0,0.0,88223183.46999998
2025-08-01 10:32:57 AM,126.28,2,252.56,88223436.02999999
2025-08-01 10:33:03 AM,126.25,310,39137.5,88262573.52999999
2025-08-01 10:33:09 AM,126.25,5,631.25,88263204.77999999
2025-08-01 10:33:11 AM,126.35,0,0.0,88263204.77999999
2025-08-01 10:33:11 AM,126.35,300,37905.0,88301109.77999999
2025-08-01 10:33:14 AM,126.35,39,4927.65,88306037.42999999
2025-08-01 10:33:17 AM,126.36,0,0.0,88306037.42999999
2025-08-01 10:33:17 AM,126.36,10,1263.6,88307301.02999999
2025-08-01 10:33:20 AM,126.38,0,0.0,88307301.02999999
2025-08-01 10:33:20 AM,126.38,1276,161260.88,88468561.90999998
2025-08-01 10:33:33 AM,126.42,221,27938.82,88496500.72999997
2025-08-01 10:33:38 AM,126.45,0,0.0,88496500.72999997
2025-08-01 10:33:39 AM,126.45,180,22761.0,88519261.72999997
2025-08-01 10:33:56 AM,126.48,0,0.0,88519261.72999997
2025-08-01 10:33:58 AM,126.46,0,0.0,88519261.72999997
2025-08-01 10:33:59 AM,126.46,45,5690.7,88524952.42999998
2025-08-01 10:34:01 AM,126.48,19,2403.12,88527355.54999998
2025-08-01 10:34:07 AM,126.45,50,6322.5,88533678.04999998
2025-08-01 10:34:16 AM,126.48,100,12648.0,88546326.04999998
2025-08-01 10:34:27 AM,126.48,100,12648.0,88558974.04999998
2025-08-01 10:34:33 AM,126.48,25,3162.0,88562136.04999998
2025-08-01 10:34:40 AM,126.48,10,1264.8,88563400.84999998
2025-08-01 10:34:44 AM,126.45,1,126.45,88563527.29999998
2025-08-01 10:34:57 AM,126.48,0,0.0,88563527.29999998
2025-08-01 10:34:58 AM,126.48,10,1264.8,88564792.09999998
2025-08-01 10:35:01 AM,126.48,12,1517.76,88566309.85999998
2025-08-01 10:35:07 AM,126.48,200,25296.0,88591605.85999998
2025-08-01 10:35:09 AM,126.45,0,0.0,88591605.85999998
2025-08-01 10:35:09 AM,126.45,131,16564.95,88608170.80999999
2025-08-01 10:35:14 AM,126.48,0,0.0,88608170.80999999
2025-08-01 10:35:15 AM,126.48,1000,126480.0,88734650.80999999
2025-08-01 10:35:21 AM,126.48,8,1011.84,88735662.64999999
2025-08-01 10:35:24 AM,126.48,25,3162.0,88738824.64999999
2025-08-01 10:35:26 AM,126.48,108,13659.84,88752484.49
2025-08-01 10:35:27 AM,126.45,0,0.0,88752484.49
2025-08-01 10:35:30 AM,126.45,2668,337368.60000000003,89089853.08999999
2025-08-01 10:35:54 AM,126.44,45,5689.8,89095542.88999999
2025-08-01 10:36:03 AM,126.44,20,2528.8,89098071.68999998
2025-08-01 10:36:09 AM,126.4,124,15673.6,89113745.28999998
2025-08-01 10:36:20 AM,126.44,0,0.0,89113745.28999998
2025-08-01 10:36:20 AM,126.44,184,23264.96,89137010.24999997
2025-08-01 10:36:31 AM,126.44,1,126.44,89137136.68999997
2025-08-01 10:36:59 AM,126.45,50,6322.5,89143459.18999997
2025-08-01 10:37:10 AM,126.45,1050,132772.5,89276231.68999997
2025-08-01 10:37:15 AM,126.48,0,0.0,89276231.68999997
2025-08-01 10:37:15 AM,126.48,6,758.88,89276990.56999996
2025-08-01 10:37:20 AM,126.48,1,126.48,89277117.04999997
2025-08-01 10:37:23 AM,126.4,500,63200.0,89340317.04999997
2025-08-01 10:37:24 AM,126.47,0,0.0,89340317.04999997
2025-08-01 10:37:26 AM,126.37,204,25779.48,89366096.52999997
2025-08-01 10:37:27 AM,126.43,0,0.0,89366096.52999997
2025-08-01 10:37:28 AM,126.43,100,12643.0,89378739.52999997
2025-08-01 10:37:39 AM,126.35,0,0.0,89378739.52999997
2025-08-01 10:37:40 AM,126.43,0,0.0,89378739.52999997
2025-08-01 10:37:40 AM,126.43,209,26423.870000000003,89405163.39999998
2025-08-01 10:37:42 AM,126.42,0,0.0,89405163.39999998
2025-08-01 10:37:43 AM,126.42,10,1264.2,89406427.59999998
2025-08-01 10:37:45 AM,126.43,0,0.0,89406427.59999998
2025-08-01 10:37:46 AM,126.43,50,6321.5,89412749.09999998
2025-08-01 10:37:48 AM,126.46,169,21371.739999999998,89434120.83999997
2025-08-01 10:37:51 AM,126.43,0,0.0,89434120.83999997
2025-08-01 10:37:51 AM,126.43,3,379.29,89434500.12999998
2025-08-01 10:37:54 AM,126.43,10,1264.3000000000002,89435764.42999998
2025-08-01 10:38:04 AM,126.48,0,0.0,89435764.42999998
2025-08-01 10:38:06 AM,126.48,110,13912.800000000001,89449677.22999997
2025-08-01 10:38:15 AM,126.48,40,5059.2,89454736.42999998
2025-08-01 10:38:20 AM,126.43,0,0.0,89454736.42999998
2025-08-01 10:38:21 AM,126.48,0,0.0,89454736.42999998
2025-08-01 10:38:21 AM,126.48,425,53754.0,89508490.42999998
2025-08-01 10:38:31 AM,126.48,5,632.4,89509122.82999998
2025-08-01 10:38:39 AM,126.43,0,0.0,89509122.82999998
2025-08-01 10:38:39 AM,126.43,73,9229.390000000001,89518352.21999998
2025-08-01 10:38:48 AM,126.43,1000,126430.0,89644782.21999998
2025-08-01 10:38:50 AM,126.43,100,12643.0,89657425.21999998
2025-08-01 10:38:56 AM,126.43,131,16562.33,89673987.54999998
2025-08-01 10:39:13 AM,126.43,919,116189.17000000001,89790176.71999998
2025-08-01 10:39:15 AM,126.4,6,758.4000000000001,89790935.11999999
2025-08-01 10:39:23 AM,126.35,0,0.0,89790935.11999999
2025-08-01 10:39:24 AM,126.35,13,1642.55,89792577.66999999
2025-08-01 10:39:26 AM,126.4,0,0.0,89792577.66999999
2025-08-01 10:39:27 AM,126.4,193,24395.2,89816972.86999999
2025-08-01 10:39:54 AM,126.4,75,9480.0,89826452.86999999
2025-08-01 10:40:00 AM,126.4,40,5056.0,89831508.86999999
2025-08-01 10:40:03 AM,126.4,3,379.20000000000005,89831888.07
2025-08-01 10:40:09 AM,126.32,0,0.0,89831888.07
2025-08-01 10:40:11 AM,126.27,195,24622.649999999998,89856510.72
2025-08-01 10:40:12 AM,126.33,0,0.0,89856510.72
2025-08-01 10:40:14 AM,126.33,250,31582.5,89888093.22
2025-08-01 10:40:19 AM,126.34,50,6317.0,89894410.22
2025-08-01 10:40:25 AM,126.34,10,1263.4,89895673.62
2025-08-01 10:40:33 AM,126.34,250,31585.0,89927258.62
2025-08-01 10:40:35 AM,126.35,0,0.0,89927258.62
2025-08-01 10:40:36 AM,126.35,1,126.35,89927384.97
2025-08-01 10:40:44 AM,126.4,0,0.0,89927384.97
2025-08-01 10:40:45 AM,126.4,140,17696.0,89945080.97
2025-08-01 10:40:47 AM,126.32,0,0.0,89945080.97
2025-08-01 10:40:47 AM,126.32,1200,151584.0,90096664.97
2025-08-01 10:40:55 AM,126.4,0,0.0,90096664.97
2025-08-01 10:40:55 AM,126.4,1,126.4,90096791.37
2025-08-01 10:41:07 AM,126.4,10,1264.0,90098055.37
2025-08-01 10:41:18 AM,126.4,200,25280.0,90123335.37
2025-08-01 10:41:29 AM,126.4,30,3792.0,90127127.37
2025-08-01 10:41:35 AM,126.4,11,1390.4,90128517.77000001
2025-08-01 10:42:02 AM,126.4,90,11376.0,90139893.77000001
2025-08-01 10:42:04 AM,126.31,75,9473.25,90149367.02000001
2025-08-01 10:42:21 AM,126.3,0,0.0,90149367.02000001
2025-08-01 10:42:21 AM,126.3,1,126.3,90149493.32000001
2025-08-01 10:42:52 AM,126.2,4199,529913.8,90679407.12
2025-08-01 10:43:00 AM,126.21,0,0.0,90679407.12
2025-08-01 10:43:00 AM,126.21,15,1893.1499999999999,90681300.27000001
2025-08-01 10:43:14 AM,126.2,0,0.0,90681300.27000001
2025-08-01 10:43:14 AM,126.2,30,3786.0,90685086.27000001
2025-08-01 10:43:30 AM,126.28,23963,3026047.64,93711133.91000001
2025-08-01 10:43:36 AM,126.43,0,0.0,93711133.91000001
2025-08-01 10:43:36 AM,126.43,200,25286.0,93736419.91000001
2025-08-01 10:43:56 AM,126.38,0,0.0,93736419.91000001
2025-08-01 10:43:56 AM,126.38,800,101104.0,93837523.91000001
2025-08-01 10:44:18 AM,126.38,100,12638.0,93850161.91000001
2025-08-01 10:44:22 AM,126.48,0,0.0,93850161.91000001
2025-08-01 10:44:23 AM,126.48,10,1264.8,93851426.71000001
2025-08-01 10:44:34 AM,126.36,0,0.0,93851426.71000001
2025-08-01 10:44:34 AM,126.36,1050,132678.0,93984104.71000001
2025-08-01 10:44:35 AM,126.44,0,0.0,93984104.71000001
2025-08-01 10:44:37 AM,126.44,18,2275.92,93986380.63000001
2025-08-01 10:44:46 AM,126.47,0,0.0,93986380.63000001
2025-08-01 10:44:48 AM,126.47,72,9105.84,93995486.47000001
2025-08-01 10:44:50 AM,126.48,0,0.0,93995486.47000001
2025-08-01 10:44:50 AM,126.48,4,505.92,93995992.39000002
2025-08-01 10:44:53 AM,126.47,2,252.94,93996245.33000001
2025-08-01 10:44:57 AM,126.48,0,0.0,93996245.33000001
2025-08-01 10:44:58 AM,126.48,303,38323.44,94034568.77000001
2025-08-01 10:45:05 AM,126.38,0,0.0,94034568.77000001
2025-08-01 10:45:07 AM,126.38,546,69003.48,94103572.25000001
2025-08-01 10:45:19 AM,126.3,0,0.0,94103572.25000001
2025-08-01 10:45:20 AM,126.28,0,0.0,94103572.25000001
2025-08-01 10:45:21 AM,126.28,463,58467.64,94162039.89000002
2025-08-01 10:45:34 AM,126.32,3,378.96,94162418.85000001
2025-08-01 10:45:35 AM,126.24,0,0.0,94162418.85000001
2025-08-01 10:45:37 AM,126.24,125,15780.0,94178198.85000001
2025-08-01 10:45:42 AM,126.2,0,0.0,94178198.85000001
2025-08-01 10:45:42 AM,126.2,150,18930.0,94197128.85000001
2025-08-01 10:45:47 AM,126.32,0,0.0,94197128.85000001
2025-08-01 10:45:47 AM,126.32,1400,176848.0,94373976.85000001
2025-08-01 10:45:49 AM,126.19,0,0.0,94373976.85000001
2025-08-01 10:45:50 AM,126.19,500,63095.0,94437071.85000001
2025-08-01 10:45:52 AM,126.18,0,0.0,94437071.85000001
2025-08-01 10:45:52 AM,126.18,128,16151.04,94453222.89000002
2025-08-01 10:46:16 AM,126.2,0,0.0,94453222.89000002
2025-08-01 10:46:19 AM,126.2,150,18930.0,94472152.89000002
2025-08-01 10:46:28 AM,126.21,0,0.0,94472152.89000002
2025-08-01 10:46:30 AM,126.21,40,5048.4,94477201.29000002
2025-08-01 10:46:46 AM,126.2,0,0.0,94477201.29000002
2025-08-01 10:46:47 AM,126.2,50,6310.0,94483511.29000002
2025-08-01 10:46:48 AM,126.16,64,8074.24,94491585.53000002
2025-08-01 10:46:51 AM,126.21,0,0.0,94491585.53000002
2025-08-01 10:46:52 AM,126.21,82,10349.22,94501934.75000001
2025-08-01 10:47:03 AM,126.21,11,1388.31,94503323.06000002
2025-08-01 10:47:08 AM,126.16,0,0.0,94503323.06000002
2025-08-01 10:47:08 AM,126.16,555,70018.8,94573341.86000001
2025-08-01 10:47:13 AM,126.18,0,0.0,94573341.86000001
2025-08-01 10:47:14 AM,126.18,10,1261.8000000000002,94574603.66000001
2025-08-01 10:47:30 AM,126.18,1,126.18,94574729.84000002
2025-08-01 10:47:37 AM,126.18,30,3785.4,94578515.24000002
2025-08-01 10:47:44 AM,126.15,0,0.0,94578515.24000002
2025-08-01 10:47:46 AM,126.15,20,2523.0,94581038.24000002
2025-08-01 10:47:54 AM,126.19,165,20821.35,94601859.59000002
2025-08-01 10:47:59 AM,126.22,300,37866.0,94639725.59000002
2025-08-01 10:48:03 AM,126.14,0,0.0,94639725.59000002
2025-08-01 10:48:04 AM,126.14,153,19299.420000000002,94659025.01000002
2025-08-01 10:48:09 AM,126.05,0,0.0,94659025.01000002
2025-08-01 10:48:10 AM,126.05,2700,340335.0,94999360.01000002
2025-08-01 10:48:17 AM,126.14,0,0.0,94999360.01000002
2025-08-01 10:48:18 AM,126.14,71,8955.94,95008315.95000002
2025-08-01 10:48:20 AM,126.18,0,0.0,95008315.95000002
2025-08-01 10:48:20 AM,126.18,10,1261.8000000000002,95009577.75000001
2025-08-01 10:48:26 AM,126.18,10,1261.8000000000002,95010839.55000001
2025-08-01 10:48:36 AM,126.2,50,6310.0,95017149.55000001
2025-08-01 10:48:40 AM,126.2,5,631.0,95017780.55000001
2025-08-01 10:48:44 AM,126.14,0,0.0,95017780.55000001
2025-08-01 10:48:46 AM,126.14,21,2648.94,95020429.49000001
2025-08-01 10:48:58 AM,126.27,0,0.0,95020429.49000001
2025-08-01 10:48:58 AM,126.27,2500,315675.0,95336104.49000001
2025-08-01 10:49:10 AM,126.14,0,0.0,95336104.49000001
2025-08-01 10:49:13 AM,126.14,1,126.14,95336230.63000001
2025-08-01 10:49:35 AM,126.27,0,0.0,95336230.63000001
2025-08-01 10:49:36 AM,126.27,1,126.27,95336356.9
2025-08-01 10:49:56 AM,126.27,10,1262.7,95337619.60000001
2025-08-01 10:50:01 AM,126.2,0,0.0,95337619.60000001
2025-08-01 10:50:01 AM,126.2,520,65624.0,95403243.60000001
2025-08-01 10:50:07 AM,126.2,4,504.8,95403748.4
2025-08-01 10:50:09 AM,126.22,0,0.0,95403748.4
2025-08-01 10:50:12 AM,126.22,50,6311.0,95410059.4
2025-08-01 10:50:13 AM,126.14,0,0.0,95410059.4
2025-08-01 10:50:13 AM,126.14,600,75684.0,95485743.4
2025-08-01 10:50:33 AM,126.21,0,0.0,95485743.4
2025-08-01 10:50:35 AM,126.21,3,378.63,95486122.03
2025-08-01 10:50:50 AM,126.14,0,0.0,95486122.03
2025-08-01 10:50:51 AM,126.1,0,0.0,95486122.03
2025-08-01 10:50:52 AM,126.1,236,29759.6,95515881.63
2025-08-01 10:51:00 AM,126.09,0,0.0,95515881.63
2025-08-01 10:51:03 AM,126.01,6475,815914.75,96331796.38
2025-08-01 10:51:14 AM,126.0,0,0.0,96331796.38
2025-08-01 10:51:15 AM,126.0,2,252.0,96332048.38
2025-08-01 10:51:18 AM,126.04,0,0.0,96332048.38
2025-08-01 10:51:20 AM,126.04,135,17015.4,96349063.78
2025-08-01 10:51:26 AM,126.02,0,0.0,96349063.78
2025-08-01 10:51:28 AM,126.04,0,0.0,96349063.78
2025-08-01 10:51:30 AM,126.04,200,25208.0,96374271.78
2025-08-01 10:51:36 AM,126.04,200,25208.0,96399479.78
2025-08-01 10:51:42 AM,126.04,15,1890.6000000000001,96401370.38
2025-08-01 10:51:58 AM,126.04,195,24577.800000000003,96425948.17999999
2025-08-01 10:52:30 AM,126.04,400,50416.0,96476364.17999999
2025-08-01 10:52:41 AM,126.04,42,5293.68,96481657.86
2025-08-01 10:52:46 AM,126.04,10,1260.4,96482918.26
2025-08-01 10:52:54 AM,126.02,0,0.0,96482918.26
2025-08-01 10:52:56 AM,126.04,0,0.0,96482918.26
2025-08-01 10:52:57 AM,126.04,46,5797.84,96488716.10000001
2025-08-01 10:53:23 AM,126.04,100,12604.0,96501320.10000001
2025-08-01 10:53:34 AM,126.04,5,630.2,96501950.30000001
2025-08-01 10:53:38 AM,126.0,0,0.0,96501950.30000001
2025-08-01 10:53:39 AM,126.0,1000,126000.0,96627950.30000001
2025-08-01 10:53:48 AM,126.08,0,0.0,96627950.30000001
2025-08-01 10:53:50 AM,126.11,0,0.0,96627950.30000001
2025-08-01 10:53:50 AM,126.11,1941,244779.51,96872729.81000002
2025-08-01 10:53:54 AM,126.12,0,0.0,96872729.81000002
2025-08-01 10:53:55 AM,126.12,1,126.12,96872855.93000002
2025-08-01 10:54:00 AM,126.14,0,0.0,96872855.93000002
2025-08-01 10:54:00 AM,126.14,22,2775.08,96875631.01000002
2025-08-01 10:54:02 AM,126.12,0,0.0,96875631.01000002
2025-08-01 10:54:06 AM,126.12,1,126.12,96875757.13000003
2025-08-01 10:54:10 AM,126.19,0,0.0,96875757.13000003
2025-08-01 10:54:11 AM,126.19,100,12619.0,96888376.13000003
2025-08-01 10:54:22 AM,126.19,150,18928.5,96907304.63000003
2025-08-01 10:54:32 AM,126.22,0,0.0,96907304.63000003
2025-08-01 10:54:33 AM,126.22,341,43041.02,96950345.65000002
2025-08-01 10:54:38 AM,126.23,0,0.0,96950345.65000002
2025-08-01 10:54:38 AM,126.23,131,16536.13,96966881.78000002
2025-08-01 10:54:44 AM,126.2,0,0.0,96966881.78000002
2025-08-01 10:54:44 AM,126.2,5,631.0,96967512.78000002
2025-08-01 10:54:49 AM,126.2,100,12620.0,96980132.78000002
2025-08-01 10:54:54 AM,126.2,150,18930.0,96999062.78000002
2025-08-01 10:54:59 AM,126.2,45,5679.0,97004741.78000002
2025-08-01 10:55:05 AM,126.15,1372,173077.80000000002,97177819.58000001
2025-08-01 10:55:18 AM,126.14,0,0.0,97177819.58000001
2025-08-01 10:55:20 AM,126.14,9,1135.26,97178954.84000002
2025-08-01 10:56:14 AM,126.1,0,0.0,97178954.84000002
2025-08-01 10:56:15 AM,126.1,5,630.5,97179585.34000002
2025-08-01 10:56:20 AM,126.08,2,252.16,97179837.50000001
2025-08-01 10:56:26 AM,126.1,0,0.0,97179837.50000001
2025-08-01 10:56:26 AM,126.1,25,3152.5,97182990.00000001
2025-08-01 10:56:38 AM,125.99,0,0.0,97182990.00000001
2025-08-01 10:56:40 AM,125.99,4900,617351.0,97800341.00000001
2025-08-01 10:56:42 AM,126.1,0,0.0,97800341.00000001
2025-08-01 10:56:42 AM,126.1,500,63050.0,97863391.00000001
2025-08-01 10:56:58 AM,126.01,0,0.0,97863391.00000001
2025-08-01 10:57:01 AM,126.01,87,10962.87,97874353.87000002
2025-08-01 10:57:08 AM,126.07,3,378.21,97874732.08000001
2025-08-01 10:57:14 AM,126.06,0,0.0,97874732.08000001
2025-08-01 10:57:16 AM,125.96,0,0.0,97874732.08000001
2025-08-01 10:57:17 AM,125.96,1079,135910.84,98010642.92000002
2025-08-01 10:57:18 AM,126.07,0,0.0,98010642.92000002
2025-08-01 10:57:22 AM,126.07,39,4916.73,98015559.65000002
2025-08-01 10:57:44 AM,126.07,2945,371276.14999999997,98386835.80000003
2025-08-01 10:58:04 AM,126.1,0,0.0,98386835.80000003
2025-08-01 10:58:05 AM,126.1,2,252.2,98387088.00000003
2025-08-01 10:58:08 AM,126.03,0,0.0,98387088.00000003
2025-08-01 10:58:10 AM,126.03,106,13359.18,98400447.18000004
2025-08-01 10:58:24 AM,126.09,0,0.0,98400447.18000004
2025-08-01 10:58:27 AM,126.09,200,25218.0,98425665.18000004
2025-08-01 10:58:38 AM,126.09,5,630.45,98426295.63000004
2025-08-01 10:58:42 AM,126.0,0,0.0,98426295.63000004
2025-08-01 10:58:43 AM,126.0,200,25200.0,98451495.63000004
2025-08-01 10:58:50 AM,126.01,0,0.0,98451495.63000004
2025-08-01 10:58:52 AM,126.09,0,0.0,98451495.63000004
2025-08-01 10:58:54 AM,126.09,670,84480.3,98535975.93000004
2025-08-01 10:58:59 AM,126.09,1,126.09,98536102.02000004
2025-08-01 10:59:02 AM,125.99,0,0.0,98536102.02000004
2025-08-01 10:59:04 AM,125.99,10,1259.8999999999999,98537361.92000005
2025-08-01 10:59:06 AM,126.15,0,0.0,98537361.92000005
2025-08-01 10:59:09 AM,126.15,800,100920.0,98638281.92000005
2025-08-01 10:59:15 AM,126.05,269,33907.45,98672189.37000005
2025-08-01 10:59:32 AM,126.09,0,0.0,98672189.37000005
2025-08-01 10:59:35 AM,126.02,552,69563.04,98741752.41000006
2025-08-01 10:59:46 AM,126.0,500,63000.0,98804752.41000006
2025-08-01 11:00:02 AM,126.14,0,0.0,98804752.41000006
2025-08-01 11:00:02 AM,126.14,80,10091.2,98814843.61000006
2025-08-01 11:00:06 AM,126.13,0,0.0,98814843.61000006
2025-08-01 11:00:08 AM,126.13,51,6432.63,98821276.24000005
2025-08-01 11:00:20 AM,126.13,50,6306.5,98827582.74000005
2025-08-01 11:00:25 AM,126.15,0,0.0,98827582.74000005
2025-08-01 11:00:25 AM,126.15,157,19805.55,98847388.29000005
2025-08-01 11:00:25 AM,126.06,100,12606.0,98859994.29000005
2025-08-01 11:00:27 AM,126.14,0,0.0,98859994.29000005
2025-08-01 11:00:31 AM,126.14,1,126.14,98860120.43000005
2025-08-01 11:00:34 AM,126.13,0,0.0,98860120.43000005
2025-08-01 11:00:36 AM,126.13,100,12613.0,98872733.43000005
2025-08-01 11:00:41 AM,126.13,515,64956.95,98937690.38000005
2025-08-01 11:01:01 AM,126.12,0,0.0,98937690.38000005
2025-08-01 11:01:02 AM,126.04,136,17141.440000000002,98954831.82000005
2025-08-01 11:01:19 AM,126.12,0,0.0,98954831.82000005
2025-08-01 11:01:19 AM,126.12,10,1261.2,98956093.02000006
2025-08-01 11:01:34 AM,126.12,3,378.36,98956471.38000005
2025-08-01 11:01:39 AM,126.12,500,63060.0,99019531.38000005
2025-08-01 11:01:41 AM,126.15,0,0.0,99019531.38000005
2025-08-01 11:01:45 AM,126.15,1372,173077.80000000002,99192609.18000005
2025-08-01 11:01:45 AM,126.28,630,79556.4,99272165.58000006
2025-08-01 11:02:00 AM,126.28,204,25761.12,99297926.70000006
2025-08-01 11:02:05 AM,126.23,0,0.0,99297926.70000006
2025-08-01 11:02:05 AM,126.23,100,12623.0,99310549.70000006
2025-08-01 11:02:07 AM,126.26,0,0.0,99310549.70000006
2025-08-01 11:02:10 AM,126.2,23,2902.6,99313452.30000006
2025-08-01 11:02:15 AM,126.2,100,12620.0,99326072.30000006
2025-08-01 11:02:23 AM,126.22,0,0.0,99326072.30000006
2025-08-01 11:02:27 AM,126.22,1441,181883.02,99507955.32000005
2025-08-01 11:02:43 AM,126.24,0,0.0,99507955.32000005
2025-08-01 11:02:44 AM,126.24,25,3156.0,99511111.32000005
2025-08-01 11:02:49 AM,126.24,30,3787.2,99514898.52000006
2025-08-01 11:02:56 AM,126.24,14,1767.36,99516665.88000005
2025-08-01 11:02:59 AM,126.18,0,0.0,99516665.88000005
2025-08-01 11:02:59 AM,126.18,327,41260.86,99557926.74000005
2025-08-01 11:03:06 AM,126.25,1000,126250.0,99684176.74000005
2025-08-01 11:03:20 AM,126.18,35,4416.3,99688593.04000005
2025-08-01 11:03:27 AM,126.18,852,107505.36,99796098.40000005
2025-08-01 11:03:46 AM,126.2,30,3786.0,99799884.40000005
2025-08-01 11:03:49 AM,126.2,44,5552.8,99805437.20000005
2025-08-01 11:03:51 AM,126.21,79,9970.59,99815407.79000005
2025-08-01 11:04:02 AM,126.21,10,1262.1,99816669.89000005
2025-08-01 11:04:07 AM,126.21,20,2524.2,99819194.09000005
2025-08-01 11:04:32 AM,126.23,0,0.0,99819194.09000005
2025-08-01 11:04:33 AM,126.23,100,12623.0,99831817.09000005
2025-08-01 11:04:41 AM,126.21,0,0.0,99831817.09000005
2025-08-01 11:04:42 AM,126.27,0,0.0,99831817.09000005
2025-08-01 11:04:43 AM,126.27,1220,154049.4,99985866.49000005
2025-08-01 11:04:50 AM,126.25,0,0.0,99985866.49000005
2025-08-01 11:04:50 AM,126.25,69,8711.25,99994577.74000005
2025-08-01 11:04:55 AM,126.25,76,9595.0,100004172.74000005
2025-08-01 11:05:09 AM,126.29,0,0.0,100004172.74000005
2025-08-01 11:05:10 AM,126.29,201,25384.29,100029557.03000006
2025-08-01 11:05:11 AM,126.31,0,0.0,100029557.03000006
2025-08-01 11:05:11 AM,126.29,242,30562.18,100060119.21000007
2025-08-01 11:05:14 AM,126.37,0,0.0,100060119.21000007
2025-08-01 11:05:15 AM,126.37,9,1137.33,100061256.54000007
2025-08-01 11:05:30 AM,126.3,0,0.0,100061256.54000007
2025-08-01 11:05:31 AM,126.3,100,12630.0,100073886.54000007
2025-08-01 11:05:36 AM,126.36,0,0.0,100073886.54000007
2025-08-01 11:05:37 AM,126.36,50,6318.0,100080204.54000007
2025-08-01 11:05:49 AM,126.3,0,0.0,100080204.54000007
2025-08-01 11:05:49 AM,126.3,119,15029.699999999999,100095234.24000007
2025-08-01 11:05:56 AM,126.35,0,0.0,100095234.24000007
2025-08-01 11:05:58 AM,126.35,15,1895.25,100097129.49000007
2025-08-01 11:06:04 AM,126.3,0,0.0,100097129.49000007
2025-08-01 11:06:05 AM,126.3,30,3789.0,100100918.49000007
2025-08-01 11:06:19 AM,126.3,214,27028.2,100127946.69000007
2025-08-01 11:06:31 AM,126.21,0,0.0,100127946.69000007
2025-08-01 11:06:32 AM,126.21,150,18931.5,100146878.19000007
2025-08-01 11:06:39 AM,126.29,158,19953.82,100166832.01000006
2025-08-01 11:06:45 AM,126.21,1000,126210.0,100293042.01000006
2025-08-01 11:06:56 AM,126.22,771,97315.62,100390357.63000007
2025-08-01 11:07:07 AM,126.29,0,0.0,100390357.63000007
2025-08-01 11:07:07 AM,126.29,150,18943.5,100409301.13000007
2025-08-01 11:07:17 AM,126.28,0,0.0,100409301.13000007
2025-08-01 11:07:18 AM,126.28,17,2146.76,100411447.89000008
2025-08-01 11:07:24 AM,126.28,159,20078.52,100431526.41000007
2025-08-01 11:08:01 AM,126.27,50,6313.5,100437839.91000007
2025-08-01 11:08:17 AM,126.27,100,12627.0,100450466.91000007
2025-08-01 11:08:19 AM,126.27,51,6439.7699999999995,100456906.68000007
2025-08-01 11:08:37 AM,126.27,135,17046.45,100473953.13000007
2025-08-01 11:08:45 AM,126.27,158,19950.66,100493903.79000007
2025-08-01 11:08:49 AM,126.17,0,0.0,100493903.79000007
2025-08-01 11:08:50 AM,126.17,694,87561.98,100581465.77000007
2025-08-01 11:09:03 AM,126.21,0,0.0,100581465.77000007
2025-08-01 11:09:04 AM,126.21,5,631.05,100582096.82000007
2025-08-01 11:09:10 AM,126.22,0,0.0,100582096.82000007
2025-08-01 11:09:10 AM,126.22,3,378.65999999999997,100582475.48000006
2025-08-01 11:09:13 AM,126.25,0,0.0,100582475.48000006
2025-08-01 11:09:14 AM,126.2,1250,157750.0,100740225.48000006
2025-08-01 11:09:19 AM,126.21,0,0.0,100740225.48000006
2025-08-01 11:09:19 AM,126.21,1,126.21,100740351.69000006
2025-08-01 11:09:20 AM,126.2,0,0.0,100740351.69000006
2025-08-01 11:09:22 AM,126.2,50,6310.0,100746661.69000006
2025-08-01 11:09:27 AM,126.2,480,60576.0,100807237.69000006
2025-08-01 11:09:30 AM,126.2,96,12115.2,100819352.89000006
2025-08-01 11:09:35 AM,126.23,238,30042.74,100849395.63000005
2025-08-01 11:09:48 AM,126.24,0,0.0,100849395.63000005
2025-08-01 11:09:49 AM,126.24,18,2272.3199999999997,100851667.95000005
2025-08-01 11:09:59 AM,126.2,100,12620.0,100864287.95000005
2025-08-01 11:10:05 AM,126.2,1000,126200.0,100990487.95000005
2025-08-01 11:10:08 AM,126.24,0,0.0,100990487.95000005
2025-08-01 11:10:10 AM,126.24,10,1262.3999999999999,100991750.35000005
2025-08-01 11:10:27 AM,126.3,1500,189450.0,101181200.35000005
2025-08-01 11:10:28 AM,126.2,0,0.0,101181200.35000005
2025-08-01 11:10:31 AM,126.2,1,126.2,101181326.55000006
2025-08-01 11:11:04 AM,126.24,0,0.0,101181326.55000006
2025-08-01 11:11:05 AM,126.24,427,53904.479999999996,101235231.03000006
2025-08-01 11:11:08 AM,126.1,0,0.0,101235231.03000006
2025-08-01 11:11:11 AM,126.1,7000,882700.0,102117931.03000006
2025-08-01 11:11:16 AM,126.16,0,0.0,102117931.03000006
2025-08-01 11:11:16 AM,126.16,1,126.16,102118057.19000006
2025-08-01 11:11:24 AM,126.21,0,0.0,102118057.19000006
2025-08-01 11:11:26 AM,126.21,1,126.21,102118183.40000005
2025-08-01 11:11:38 AM,126.21,2,252.42,102118435.82000005
2025-08-01 11:11:52 AM,126.15,0,0.0,102118435.82000005
2025-08-01 11:11:53 AM,126.15,100,12615.0,102131050.82000005
2025-08-01 11:12:20 AM,126.15,50,6307.5,102137358.32000005
2025-08-01 11:12:28 AM,126.21,0,0.0,102137358.32000005
2025-08-01 11:12:31 AM,126.21,2,252.42,102137610.74000005
2025-08-01 11:12:47 AM,126.15,300,37845.0,102175455.74000005
2025-08-01 11:12:51 AM,126.15,83,10470.45,102185926.19000006
2025-08-01 11:13:13 AM,126.29,5000,631450.0,102817376.19000006
2025-08-01 11:13:20 AM,126.2,0,0.0,102817376.19000006
2025-08-01 11:13:20 AM,126.2,5,631.0,102818007.19000006
2025-08-01 11:13:35 AM,126.2,50,6310.0,102824317.19000006
2025-08-01 11:13:46 AM,126.2,100,12620.0,102836937.19000006
2025-08-01 11:13:47 AM,126.2,30,3786.0,102840723.19000006
2025-08-01 11:14:09 AM,126.15,0,0.0,102840723.19000006
2025-08-01 11:14:09 AM,126.15,10708,1350814.2,104191537.39000006
2025-08-01 11:14:49 AM,126.12,0,0.0,104191537.39000006
2025-08-01 11:14:50 AM,126.12,400,50448.0,104241985.39000006
2025-08-01 11:14:56 AM,126.05,750,94537.5,104336522.89000006
2025-08-01 11:14:59 AM,126.12,0,0.0,104336522.89000006
2025-08-01 11:15:01 AM,126.12,40,5044.8,104341567.69000006
2025-08-01 11:15:07 AM,126.12,5,630.6,104342198.29000005
2025-08-01 11:15:09 AM,126.05,0,0.0,104342198.29000005
2025-08-01 11:15:13 AM,126.05,5,630.25,104342828.54000005
2025-08-01 11:15:18 AM,126.05,1,126.05,104342954.59000005
2025-08-01 11:15:29 AM,126.13,0,0.0,104342954.59000005
2025-08-01 11:15:31 AM,126.05,0,0.0,104342954.59000005
2025-08-01 11:15:33 AM,126.05,130,16386.5,104359341.09000005
2025-08-01 11:15:37 AM,126.12,0,0.0,104359341.09000005
2025-08-01 11:15:39 AM,126.12,1,126.12,104359467.21000005
2025-08-01 11:15:44 AM,126.12,65,8197.800000000001,104367665.01000005
2025-08-01 11:15:59 AM,126.12,10,1261.2,104368926.21000005
2025-08-01 11:16:09 AM,126.15,0,0.0,104368926.21000005
2025-08-01 11:16:10 AM,126.15,829,104578.35,104473504.56000005
2025-08-01 11:16:21 AM,126.15,35,4415.25,104477919.81000005
2025-08-01 11:16:41 AM,126.2,0,0.0,104477919.81000005
2025-08-01 11:16:41 AM,126.2,689,86951.8,104564871.61000004
2025-08-01 11:16:47 AM,126.22,0,0.0,104564871.61000004
2025-08-01 11:16:48 AM,126.22,10,1262.2,104566133.81000005
2025-08-01 11:16:53 AM,126.2,0,0.0,104566133.81000005
2025-08-01 11:16:53 AM,126.2,4,504.8,104566638.61000004
2025-08-01 11:16:59 AM,126.24,0,0.0,104566638.61000004
2025-08-01 11:16:59 AM,126.24,150,18936.0,104585574.61000004
2025-08-01 11:17:08 AM,126.24,30,3787.2,104589361.81000005
2025-08-01 11:17:42 AM,126.25,329,41536.25,104630898.06000005
2025-08-01 11:18:06 AM,126.25,1214,153267.5,104784165.56000005
2025-08-01 11:18:11 AM,126.2,0,0.0,104784165.56000005
2025-08-01 11:18:12 AM,126.2,3,378.6,104784544.16000004
2025-08-01 11:18:17 AM,126.26,0,0.0,104784544.16000004
2025-08-01 11:18:17 AM,126.26,100,12626.0,104797170.16000004
2025-08-01 11:18:25 AM,126.2,0,0.0,104797170.16000004
2025-08-01 11:18:28 AM,126.2,7,883.4,104798053.56000005
2025-08-01 11:18:31 AM,126.26,0,0.0,104798053.56000005
2025-08-01 11:18:34 AM,126.26,100,12626.0,104810679.56000005
2025-08-01 11:18:53 AM,126.2,0,0.0,104810679.56000005
2025-08-01 11:18:57 AM,126.18,0,0.0,104810679.56000005
2025-08-01 11:18:58 AM,126.18,2505,316080.9,105126760.46000005
2025-08-01 11:19:01 AM,126.1,0,0.0,105126760.46000005
2025-08-01 11:19:03 AM,126.1,5,630.5,105127390.96000005
2025-08-01 11:19:11 AM,126.17,0,0.0,105127390.96000005
2025-08-01 11:19:12 AM,126.1,0,0.0,105127390.96000005
2025-08-01 11:19:15 AM,126.1,380,47918.0,105175308.96000005
2025-08-01 11:19:34 AM,126.14,0,0.0,105175308.96000005
2025-08-01 11:19:36 AM,126.14,125,15767.5,105191076.46000005
2025-08-01 11:19:47 AM,126.05,0,0.0,105191076.46000005
2025-08-01 11:19:47 AM,126.05,2081,262310.05,105453386.51000005
2025-08-01 11:19:56 AM,126.02,0,0.0,105453386.51000005
2025-08-01 11:19:58 AM,126.02,245,30874.899999999998,105484261.41000006
2025-08-01 11:20:03 AM,126.02,2,252.04,105484513.45000006
2025-08-01 11:20:14 AM,126.02,300,37806.0,105522319.45000006
2025-08-01 11:20:35 AM,126.06,42,5294.52,105527613.97000006
2025-08-01 11:20:40 AM,126.06,100,12606.0,105540219.97000006
2025-08-01 11:21:21 AM,126.03,0,0.0,105540219.97000006
2025-08-01 11:21:22 AM,126.05,0,0.0,105540219.97000006
2025-08-01 11:21:22 AM,126.05,167,21050.35,105561270.32000005
2025-08-01 11:21:38 AM,126.05,10,1260.5,105562530.82000005
2025-08-01 11:21:41 AM,126.1,0,0.0,105562530.82000005
2025-08-01 11:21:43 AM,126.1,1001,126226.09999999999,105688756.92000005
2025-08-01 11:21:48 AM,126.03,0,0.0,105688756.92000005
2025-08-01 11:21:49 AM,126.03,15,1890.45,105690647.37000005
2025-08-01 11:21:52 AM,126.1,0,0.0,105690647.37000005
2025-08-01 11:21:53 AM,126.1,161,20302.1,105710949.47000004
2025-08-01 11:22:00 AM,126.03,0,0.0,105710949.47000004
2025-08-01 11:22:03 AM,126.03,10,1260.3,105712209.77000004
2025-08-01 11:22:05 AM,126.02,0,0.0,105712209.77000004
2025-08-01 11:22:06 AM,126.1,0,0.0,105712209.77000004
2025-08-01 11:22:08 AM,126.1,1912,241103.19999999998,105953312.97000004
2025-08-01 11:22:12 AM,126.12,0,0.0,105953312.97000004
2025-08-01 11:22:14 AM,126.12,200,25224.0,105978536.97000004
2025-08-01 11:22:25 AM,126.03,810,102084.3,106080621.27000004
2025-08-01 11:22:30 AM,126.03,250,31507.5,106112128.77000004
2025-08-01 11:22:39 AM,126.09,0,0.0,106112128.77000004
2025-08-01 11:22:41 AM,126.09,100,12609.0,106124737.77000004
2025-08-01 11:22:46 AM,126.03,0,0.0,106124737.77000004
2025-08-01 11:22:46 AM,126.03,500,63015.0,106187752.77000004
2025-08-01 11:23:01 AM,126.03,1150,144934.5,106332687.27000004
2025-08-01 11:23:25 AM,126.09,0,0.0,106332687.27000004
2025-08-01 11:23:28 AM,126.09,10,1260.9,106333948.17000005
2025-08-01 11:23:33 AM,126.03,123,15501.69,106349449.86000004
2025-08-01 11:23:46 AM,126.08,0,0.0,106349449.86000004
2025-08-01 11:23:48 AM,126.08,86,10842.88,106360292.74000004
2025-08-01 11:23:58 AM,126.08,1,126.08,106360418.82000004
2025-08-01 11:24:26 AM,126.03,0,0.0,106360418.82000004
2025-08-01 11:24:27 AM,126.08,0,0.0,106360418.82000004
2025-08-01 11:24:30 AM,126.08,100,12608.0,106373026.82000004
2025-08-01 11:24:31 AM,126.03,0,0.0,106373026.82000004
2025-08-01 11:24:35 AM,126.03,131,16509.93,106389536.75000004
2025-08-01 11:24:54 AM,126.0,0,0.0,106389536.75000004
2025-08-01 11:24:56 AM,126.0,8951,1127826.0,107517362.75000004
2025-08-01 11:25:03 AM,125.99,0,0.0,107517362.75000004
2025-08-01 11:25:07 AM,125.99,50,6299.5,107523662.25000004
2025-08-01 11:25:16 AM,126.0,0,0.0,107523662.25000004
2025-08-01 11:25:17 AM,126.0,470,59220.0,107582882.25000004
2025-08-01 11:25:19 AM,126.02,0,0.0,107582882.25000004
2025-08-01 11:25:22 AM,126.02,22,2772.44,107585654.69000004
2025-08-01 11:25:38 AM,126.02,10,1260.2,107586914.89000005
2025-08-01 11:25:47 AM,126.0,0,0.0,107586914.89000005
2025-08-01 11:25:48 AM,126.02,16,2016.32,107588931.21000004
2025-08-01 11:26:14 AM,126.03,0,0.0,107588931.21000004
2025-08-01 11:26:15 AM,126.03,5,630.15,107589561.36000004
2025-08-01 11:26:19 AM,126.03,15,1890.45,107591451.81000005
2025-08-01 11:26:34 AM,126.03,50,6301.5,107597753.31000005
2025-08-01 11:26:44 AM,126.02,0,0.0,107597753.31000005
2025-08-01 11:26:45 AM,126.02,5,630.1,107598383.41000004
2025-08-01 11:26:50 AM,126.02,41,5166.82,107603550.23000003
2025-08-01 11:26:53 AM,126.06,0,0.0,107603550.23000003
2025-08-01 11:26:55 AM,126.06,1,126.06,107603676.29000004
2025-08-01 11:27:13 AM,126.03,0,0.0,107603676.29000004
2025-08-01 11:27:14 AM,126.03,10,1260.3,107604936.59000003
2025-08-01 11:27:25 AM,126.03,84,10586.52,107615523.11000003
2025-08-01 11:27:28 AM,126.06,0,0.0,107615523.11000003
2025-08-01 11:27:30 AM,126.06,40,5042.4,107620565.51000004
2025-08-01 11:27:34 AM,126.03,0,0.0,107620565.51000004
2025-08-01 11:27:35 AM,126.03,1,126.03,107620691.54000004
2025-08-01 11:27:47 AM,126.03,8,1008.24,107621699.78000003
2025-08-01 11:27:59 AM,126.07,0,0.0,107621699.78000003
2025-08-01 11:28:01 AM,126.07,200,25214.0,107646913.78000003
2025-08-01 11:28:06 AM,126.07,2,252.14,107647165.92000003
2025-08-01 11:28:22 AM,126.07,10,1260.6999999999998,107648426.62000003
2025-08-01 11:28:24 AM,125.93,3081,387990.33,108036416.95000003
2025-08-01 11:28:29 AM,125.94,100,12594.0,108049010.95000003
2025-08-01 11:28:32 AM,125.92,0,0.0,108049010.95000003
2025-08-01 11:28:32 AM,125.92,15,1888.8,108050899.75000003
2025-08-01 11:28:48 AM,125.92,1,125.92,108051025.67000003
2025-08-01 11:28:52 AM,125.93,38,4785.34,108055811.01000004
2025-08-01 11:28:55 AM,125.85,0,0.0,108055811.01000004
2025-08-01 11:28:57 AM,125.85,1492,187768.19999999998,108243579.21000004
2025-08-01 11:29:06 AM,125.9,0,0.0,108243579.21000004
2025-08-01 11:29:07 AM,125.9,50,6295.0,108249874.21000004
2025-08-01 11:29:16 AM,125.9,37,4658.3,108254532.51000004
2025-08-01 11:29:18 AM,125.9,7,881.3000000000001,108255413.81000003
2025-08-01 11:29:24 AM,125.9,100,12590.0,108268003.81000003
2025-08-01 11:29:27 AM,125.96,0,0.0,108268003.81000003
2025-08-01 11:29:27 AM,125.96,404,50887.84,108318891.65000004
2025-08-01 11:29:36 AM,125.9,0,0.0,108318891.65000004
2025-08-01 11:29:37 AM,125.9,580,73022.0,108391913.65000004
2025-08-01 11:29:46 AM,125.96,0,0.0,108391913.65000004
2025-08-01 11:29:47 AM,125.96,1,125.96,108392039.61000003
2025-08-01 11:29:50 AM,125.96,2,251.92,108392291.53000003
2025-08-01 11:30:31 AM,125.97,0,0.0,108392291.53000003
2025-08-01 11:30:31 AM,125.97,30,3779.1,108396070.63000003
2025-08-01 11:30:53 AM,125.96,0,0.0,108396070.63000003
2025-08-01 11:30:53 AM,125.96,1,125.96,108396196.59000002
2025-08-01 11:30:55 AM,125.96,164,20657.44,108416854.03000002
2025-08-01 11:31:00 AM,125.96,51,6423.96,108423277.99000001
2025-08-01 11:31:11 AM,125.96,25,3149.0,108426426.99000001
2025-08-01 11:31:21 AM,125.96,50,6298.0,108432724.99000001
2025-08-01 11:31:24 AM,125.96,100,12596.0,108445320.99000001
2025-08-01 11:31:50 AM,125.91,25,3147.75,108448468.74000001
2025-08-01 11:31:57 AM,125.95,0,0.0,108448468.74000001
2025-08-01 11:32:00 AM,125.95,5,629.75,108449098.49000001
2025-08-01 11:32:04 AM,125.88,0,0.0,108449098.49000001
2025-08-01 11:32:05 AM,125.88,300,37764.0,108486862.49000001
2025-08-01 11:32:21 AM,125.88,100,12588.0,108499450.49000001
2025-08-01 11:32:23 AM,125.88,5,629.4,108500079.89000002
2025-08-01 11:32:31 AM,125.88,1,125.88,108500205.77000001
2025-08-01 11:32:37 AM,125.84,496,62416.64,108562622.41000001
2025-08-01 11:32:47 AM,125.84,903,113633.52,108676255.93
2025-08-01 11:32:55 AM,125.86,0,0.0,108676255.93
2025-08-01 11:32:58 AM,125.86,1489,187405.54,108863661.47000001
2025-08-01 11:33:00 AM,125.88,0,0.0,108863661.47000001
2025-08-01 11:33:03 AM,125.88,9,1132.92,108864794.39000002
2025-08-01 11:33:25 AM,125.85,0,0.0,108864794.39000002
2025-08-01 11:33:28 AM,125.85,50,6292.5,108871086.89000002
2025-08-01 11:33:31 AM,125.87,0,0.0,108871086.89000002
2025-08-01 11:33:33 AM,125.87,10,1258.7,108872345.59000002
2025-08-01 11:33:44 AM,125.85,33,4153.05,108876498.64000002
2025-08-01 11:34:09 AM,125.85,110,13843.5,108890342.14000002
2025-08-01 11:34:14 AM,125.85,111,13969.349999999999,108904311.49000001
2025-08-01 11:34:16 AM,125.78,0,0.0,108904311.49000001
2025-08-01 11:34:19 AM,125.78,1000,125780.0,109030091.49000001
2025-08-01 11:34:23 AM,125.87,0,0.0,109030091.49000001
2025-08-01 11:34:24 AM,125.76,0,0.0,109030091.49000001
2025-08-01 11:34:24 AM,125.76,219,27541.440000000002,109057632.93
2025-08-01 11:34:35 AM,125.85,0,0.0,109057632.93
2025-08-01 11:34:35 AM,125.85,650,81802.5,109139435.43
2025-08-01 11:34:44 AM,125.84,0,0.0,109139435.43
2025-08-01 11:34:45 AM,125.84,100,12584.0,109152019.43
2025-08-01 11:35:13 AM,125.83,0,0.0,109152019.43
2025-08-01 11:35:17 AM,125.83,726,91352.58,109243372.01
2025-08-01 11:35:23 AM,125.83,100,12583.0,109255955.01
2025-08-01 11:35:28 AM,125.83,225,28311.75,109284266.76
2025-08-01 11:35:31 AM,125.8,0,0.0,109284266.76
2025-08-01 11:35:34 AM,125.8,196,24656.8,109308923.56
2025-08-01 11:35:34 AM,125.85,0,0.0,109308923.56
2025-08-01 11:35:39 AM,125.85,365,45935.25,109354858.81
2025-08-01 11:35:43 AM,125.87,0,0.0,109354858.81
2025-08-01 11:35:44 AM,125.87,2,251.74,109355110.55
2025-08-01 11:35:49 AM,125.87,10,1258.7,109356369.25
2025-08-01 11:35:50 AM,125.76,0,0.0,109356369.25
2025-08-01 11:35:54 AM,125.76,5400,679104.0,110035473.25
2025-08-01 11:35:54 AM,125.88,0,0.0,110035473.25
2025-08-01 11:35:54 AM,125.88,2530,318476.39999999997,110353949.65
2025-08-01 11:35:56 AM,125.93,0,0.0,110353949.65
2025-08-01 11:35:59 AM,125.93,10,1259.3000000000002,110355208.95
2025-08-01 11:36:04 AM,125.93,150,18889.5,110374098.45
2025-08-01 11:36:09 AM,125.93,20,2518.6000000000004,110376617.05
2025-08-01 11:36:29 AM,125.89,0,0.0,110376617.05
2025-08-01 11:36:30 AM,125.89,1,125.89,110376742.94
2025-08-01 11:36:35 AM,125.93,15,1888.95,110378631.89
2025-08-01 11:36:40 AM,125.93,2,251.86,110378883.75
2025-08-01 11:36:51 AM,125.93,100,12593.0,110391476.75
2025-08-01 11:37:01 AM,125.93,58,7303.9400000000005,110398780.69
