date,price,qty,trnvr,cum_trnvr
2025-08-01 09:15:02 AM,479.9,1172,562442.7999999999,562442.7999999999
2025-08-01 09:15:11 AM,479.8,0,0.0,562442.7999999999
2025-08-01 09:15:14 AM,479.8,295,141541.0,703983.7999999999
2025-08-01 09:15:21 AM,481.05,0,0.0,703983.7999999999
2025-08-01 09:15:22 AM,481.95,0,0.0,703983.7999999999
2025-08-01 09:15:24 AM,482.95,1332,643289.4,1347273.2
2025-08-01 09:15:28 AM,483.3,0,0.0,1347273.2
2025-08-01 09:15:32 AM,482.9,0,0.0,1347273.2
2025-08-01 09:15:33 AM,482.9,395,190745.5,1538018.7
2025-08-01 09:15:34 AM,482.05,90,43384.5,1581403.2
2025-08-01 09:15:48 AM,482.0,0,0.0,1581403.2
2025-08-01 09:15:49 AM,480.8,752,361561.60000000003,1942964.8
2025-08-01 09:15:59 AM,480.75,1,480.75,1943445.55
2025-08-01 09:16:02 AM,479.9,0,0.0,1943445.55
2025-08-01 09:16:05 AM,479.5,0,0.0,1943445.55
2025-08-01 09:16:06 AM,479.5,735,352432.5,2295878.05
2025-08-01 09:16:14 AM,478.55,1229,588137.9500000001,2884016.0
2025-08-01 09:16:22 AM,479.5,228,109326.0,2993342.0
2025-08-01 09:16:24 AM,480.5,351,168655.5,3161997.5
2025-08-01 09:16:30 AM,480.45,10,4804.5,3166802.0
2025-08-01 09:16:37 AM,480.7,0,0.0,3166802.0
2025-08-01 09:16:39 AM,481.05,319,153454.95,3320256.95
2025-08-01 09:16:39 AM,481.35,0,0.0,3320256.95
2025-08-01 09:16:40 AM,480.75,14,6730.5,3326987.45
2025-08-01 09:16:47 AM,480.95,42,20199.899999999998,3347187.35
2025-08-01 09:16:49 AM,481.0,0,0.0,3347187.35
2025-08-01 09:16:55 AM,481.8,831,400375.8,3747563.15
2025-08-01 09:16:56 AM,481.0,56,26936.0,3774499.15
2025-08-01 09:16:59 AM,481.05,0,0.0,3774499.15
2025-08-01 09:17:03 AM,481.7,56,26975.2,3801474.35
2025-08-01 09:17:05 AM,481.85,0,0.0,3801474.35
2025-08-01 09:17:11 AM,481.85,26,12528.1,3814002.45
2025-08-01 09:17:13 AM,481.95,50,24097.5,3838099.95
2025-08-01 09:17:23 AM,482.0,0,0.0,3838099.95
2025-08-01 09:17:25 AM,482.25,0,0.0,3838099.95
2025-08-01 09:17:28 AM,482.25,508,244983.0,4083082.95
2025-08-01 09:17:36 AM,481.5,119,57298.5,4140381.45
2025-08-01 09:17:37 AM,482.05,1,482.05,4140863.5
2025-08-01 09:17:41 AM,482.25,0,0.0,4140863.5
2025-08-01 09:17:45 AM,481.05,265,127478.25,4268341.75
2025-08-01 09:17:49 AM,481.0,0,0.0,4268341.75
2025-08-01 09:17:50 AM,481.4,0,0.0,4268341.75
2025-08-01 09:17:53 AM,481.4,252,121312.79999999999,4389654.55
2025-08-01 09:17:57 AM,481.0,0,0.0,4389654.55
2025-08-01 09:17:59 AM,480.35,0,0.0,4389654.55
2025-08-01 09:18:01 AM,480.35,77,36986.950000000004,4426641.5
2025-08-01 09:18:02 AM,481.1,15,7216.5,4433858.0
2025-08-01 09:18:13 AM,481.3,0,0.0,4433858.0
2025-08-01 09:18:15 AM,482.0,0,0.0,4433858.0
2025-08-01 09:18:18 AM,482.0,80,38560.0,4472418.0
2025-08-01 09:18:34 AM,482.25,2,964.5,4473382.5
2025-08-01 09:18:35 AM,482.25,100,48225.0,4521607.5
2025-08-01 09:18:42 AM,481.55,2,963.1,4522570.6
2025-08-01 09:18:53 AM,482.45,0,0.0,4522570.6
2025-08-01 09:18:59 AM,482.7,106,51166.2,4573736.8
2025-08-01 09:19:08 AM,482.4,31,14954.4,4588691.2
2025-08-01 09:19:09 AM,482.5,0,0.0,4588691.2
2025-08-01 09:19:15 AM,482.5,5,2412.5,4591103.7
2025-08-01 09:19:23 AM,482.5,95,45837.5,4636941.2
2025-08-01 09:19:26 AM,482.45,0,0.0,4636941.2
2025-08-01 09:19:31 AM,482.45,78,37631.1,4674572.3
2025-08-01 09:19:34 AM,483.6,0,0.0,4674572.3
2025-08-01 09:19:39 AM,483.6,145,70122.0,4744694.3
2025-08-01 09:19:41 AM,482.5,25,12062.5,4756756.8
2025-08-01 09:19:49 AM,482.5,26,12545.0,4769301.8
2025-08-01 09:19:55 AM,482.55,5,2412.75,4771714.55
2025-08-01 09:19:56 AM,483.15,0,0.0,4771714.55
2025-08-01 09:19:57 AM,483.15,500,241575.0,5013289.55
2025-08-01 09:20:05 AM,482.5,26,12545.0,5025834.55
2025-08-01 09:20:17 AM,483.0,0,0.0,5025834.55
2025-08-01 09:20:19 AM,483.0,10,4830.0,5030664.55
2025-08-01 09:20:19 AM,482.95,0,0.0,5030664.55
2025-08-01 09:20:21 AM,482.95,10,4829.5,5035494.05
2025-08-01 09:20:35 AM,482.45,120,57894.0,5093388.05
2025-08-01 09:20:41 AM,482.95,0,0.0,5093388.05
2025-08-01 09:20:43 AM,482.95,2,965.9,5094353.95
2025-08-01 09:20:56 AM,482.1,0,0.0,5094353.95
2025-08-01 09:20:58 AM,482.1,300,144630.0,5238983.95
2025-08-01 09:21:15 AM,483.05,321,155059.05000000002,5394043.0
2025-08-01 09:21:16 AM,483.5,0,0.0,5394043.0
2025-08-01 09:21:22 AM,483.5,3,1450.5,5395493.5
2025-08-01 09:21:36 AM,483.7,0,0.0,5395493.5
2025-08-01 09:21:37 AM,483.7,5,2418.5,5397912.0
2025-08-01 09:21:45 AM,484.3,50,24215.0,5422127.0
2025-08-01 09:21:51 AM,484.35,0,0.0,5422127.0
2025-08-01 09:21:52 AM,484.35,51,24701.850000000002,5446828.85
2025-08-01 09:21:59 AM,484.3,0,0.0,5446828.85
2025-08-01 09:22:00 AM,484.3,4,1937.2,5448766.05
2025-08-01 09:22:03 AM,483.75,0,0.0,5448766.05
2025-08-01 09:22:07 AM,483.7,17,8222.9,5456988.95
2025-08-01 09:22:34 AM,484.05,0,0.0,5456988.95
2025-08-01 09:22:38 AM,483.7,21,10157.699999999999,5467146.65
2025-08-01 09:22:38 AM,483.35,0,0.0,5467146.65
2025-08-01 09:22:40 AM,483.35,119,57518.65,5524665.300000001
2025-08-01 09:22:47 AM,483.05,75,36228.75,5560894.050000001
2025-08-01 09:22:51 AM,483.55,0,0.0,5560894.050000001
2025-08-01 09:22:53 AM,483.7,145,70136.5,5631030.550000001
2025-08-01 09:23:01 AM,483.7,200,96740.0,5727770.550000001
2025-08-01 09:23:02 AM,483.7,25,12092.5,5739863.050000001
2025-08-01 09:23:10 AM,483.0,1727,834141.0,6574004.050000001
2025-08-01 09:23:13 AM,482.95,0,0.0,6574004.050000001
2025-08-01 09:23:16 AM,482.95,63,30425.85,6604429.9
2025-08-01 09:23:39 AM,482.8,0,0.0,6604429.9
2025-08-01 09:23:41 AM,482.8,6,2896.8,6607326.7
2025-08-01 09:23:48 AM,482.7,50,24135.0,6631461.7
2025-08-01 09:23:51 AM,483.75,0,0.0,6631461.7
2025-08-01 09:23:54 AM,483.75,1485,718368.75,7349830.45
2025-08-01 09:24:02 AM,483.95,2,967.9,7350798.350000001
2025-08-01 09:24:19 AM,483.95,2,967.9,7351766.250000001
2025-08-01 09:24:42 AM,484.3,0,0.0,7351766.250000001
2025-08-01 09:24:47 AM,484.3,154,74582.2,7426348.450000001
2025-08-01 09:24:48 AM,484.05,0,0.0,7426348.450000001
2025-08-01 09:24:49 AM,484.05,200,96810.0,7523158.450000001
2025-08-01 09:24:57 AM,483.9,346,167429.4,7690587.8500000015
2025-08-01 09:25:01 AM,484.05,0,0.0,7690587.8500000015
2025-08-01 09:25:02 AM,484.05,137,66314.85,7756902.700000001
2025-08-01 09:25:09 AM,483.85,0,0.0,7756902.700000001
2025-08-01 09:25:10 AM,483.85,1,483.85,7757386.550000001
2025-08-01 09:25:15 AM,484.15,0,0.0,7757386.550000001
2025-08-01 09:25:16 AM,482.8,0,0.0,7757386.550000001
2025-08-01 09:25:17 AM,482.8,250,120700.0,7878086.550000001
2025-08-01 09:25:21 AM,482.9,0,0.0,7878086.550000001
2025-08-01 09:25:25 AM,483.45,16,7735.2,7885821.750000001
2025-08-01 09:25:56 AM,483.5,0,0.0,7885821.750000001
2025-08-01 09:25:57 AM,483.5,10,4835.0,7890656.750000001
2025-08-01 09:26:02 AM,483.5,10,4835.0,7895491.750000001
2025-08-01 09:26:04 AM,483.2,14,6764.8,7902256.550000001
2025-08-01 09:26:28 AM,483.4,0,0.0,7902256.550000001
2025-08-01 09:26:33 AM,483.4,1,483.4,7902739.950000001
2025-08-01 09:26:43 AM,483.3,2,966.6,7903706.550000001
2025-08-01 09:26:55 AM,484.1,0,0.0,7903706.550000001
2025-08-01 09:26:56 AM,484.1,100,48410.0,7952116.550000001
2025-08-01 09:27:11 AM,484.1,24,11618.400000000001,7963734.950000001
2025-08-01 09:27:42 AM,483.3,100,48330.0,8012064.950000001
2025-08-01 09:27:47 AM,483.65,0,0.0,8012064.950000001
2025-08-01 09:27:48 AM,483.65,5,2418.25,8014483.200000001
2025-08-01 09:28:08 AM,483.0,0,0.0,8014483.200000001
2025-08-01 09:28:11 AM,483.0,70,33810.0,8048293.200000001
2025-08-01 09:28:19 AM,483.0,500,241500.0,8289793.200000001
2025-08-01 09:28:27 AM,483.5,50,24175.0,8313968.200000001
2025-08-01 09:28:32 AM,483.75,0,0.0,8313968.200000001
2025-08-01 09:28:34 AM,483.75,103,49826.25,8363794.450000001
2025-08-01 09:29:05 AM,483.8,0,0.0,8363794.450000001
2025-08-01 09:29:05 AM,483.8,52,25157.600000000002,8388952.05
2025-08-01 09:29:06 AM,483.4,2,966.8,8389918.850000001
2025-08-01 09:29:20 AM,483.4,40,19336.0,8409254.850000001
2025-08-01 09:29:57 AM,484.1,0,0.0,8409254.850000001
2025-08-01 09:29:57 AM,484.1,502,243018.2,8652273.05
2025-08-01 09:30:17 AM,483.8,0,0.0,8652273.05
2025-08-01 09:30:20 AM,484.45,182,88169.9,8740442.950000001
2025-08-01 09:30:24 AM,485.0,0,0.0,8740442.950000001
2025-08-01 09:30:28 AM,485.0,145,70325.0,8810767.950000001
2025-08-01 09:30:35 AM,485.0,165,80025.0,8890792.950000001
2025-08-01 09:30:42 AM,485.0,85,41225.0,8932017.950000001
2025-08-01 09:30:45 AM,484.8,0,0.0,8932017.950000001
2025-08-01 09:30:50 AM,484.8,50,24240.0,8956257.950000001
2025-08-01 09:30:52 AM,485.5,0,0.0,8956257.950000001
2025-08-01 09:30:57 AM,485.5,68,33014.0,8989271.950000001
2025-08-01 09:31:25 AM,484.7,0,0.0,8989271.950000001
2025-08-01 09:31:27 AM,485.4,149,72324.59999999999,9061596.55
2025-08-01 09:31:33 AM,484.9,0,0.0,9061596.55
2025-08-01 09:31:34 AM,484.9,38,18426.2,9080022.75
2025-08-01 09:31:37 AM,485.1,0,0.0,9080022.75
2025-08-01 09:31:41 AM,485.1,5,2425.5,9082448.25
2025-08-01 09:32:23 AM,485.1,10,4851.0,9087299.25
2025-08-01 09:32:29 AM,484.75,0,0.0,9087299.25
2025-08-01 09:32:30 AM,484.75,1,484.75,9087784.0
2025-08-01 09:32:41 AM,484.7,0,0.0,9087784.0
2025-08-01 09:32:44 AM,484.7,1,484.7,9088268.7
2025-08-01 09:32:51 AM,485.0,28,13580.0,9101848.7
2025-08-01 09:33:16 AM,485.8,0,0.0,9101848.7
2025-08-01 09:33:18 AM,485.8,102,49551.6,9151400.299999999
2025-08-01 09:33:31 AM,485.85,0,0.0,9151400.299999999
2025-08-01 09:33:32 AM,485.85,1,485.85,9151886.149999999
2025-08-01 09:33:46 AM,486.1,623,302840.3,9454726.45
2025-08-01 09:33:51 AM,487.0,0,0.0,9454726.45
2025-08-01 09:33:53 AM,487.0,387,188469.0,9643195.45
2025-08-01 09:33:53 AM,486.1,528,256660.80000000002,9899856.25
2025-08-01 09:34:00 AM,486.65,10,4866.5,9904722.75
2025-08-01 09:34:00 AM,486.65,2,973.3,9905696.05
2025-08-01 09:34:01 AM,486.8,0,0.0,9905696.05
2025-08-01 09:34:06 AM,486.0,0,0.0,9905696.05
2025-08-01 09:34:07 AM,486.0,101,49086.0,9954782.05
2025-08-01 09:34:21 AM,486.15,0,0.0,9954782.05
2025-08-01 09:34:24 AM,486.0,0,0.0,9954782.05
2025-08-01 09:34:28 AM,486.0,16,7776.0,9962558.05
2025-08-01 09:34:41 AM,485.75,0,0.0,9962558.05
2025-08-01 09:34:42 AM,485.75,10,4857.5,9967415.55
2025-08-01 09:34:42 AM,485.75,12,5829.0,9973244.55
2025-08-01 09:34:46 AM,486.0,0,0.0,9973244.55
2025-08-01 09:34:49 AM,485.4,307,149017.8,10122262.350000001
2025-08-01 09:35:01 AM,485.55,0,0.0,10122262.350000001
2025-08-01 09:35:02 AM,485.55,61,29618.55,10151880.900000002
2025-08-01 09:35:16 AM,485.75,0,0.0,10151880.900000002
2025-08-01 09:35:17 AM,485.75,2,971.5,10152852.400000002
2025-08-01 09:35:21 AM,485.55,0,0.0,10152852.400000002
2025-08-01 09:35:24 AM,485.55,18,8739.9,10161592.300000003
2025-08-01 09:35:31 AM,485.0,0,0.0,10161592.300000003
2025-08-01 09:35:31 AM,485.0,219,106215.0,10267807.300000003
2025-08-01 09:35:44 AM,484.8,1,484.8,10268292.100000003
2025-08-01 09:35:50 AM,484.95,0,0.0,10268292.100000003
2025-08-01 09:35:51 AM,484.95,102,49464.9,10317757.000000004
2025-08-01 09:35:58 AM,484.85,1,484.85,10318241.850000003
2025-08-01 09:36:04 AM,485.1,0,0.0,10318241.850000003
2025-08-01 09:36:04 AM,485.15,108,52396.2,10370638.050000003
2025-08-01 09:36:18 AM,485.15,11,5336.65,10375974.700000003
2025-08-01 09:36:40 AM,485.2,0,0.0,10375974.700000003
2025-08-01 09:36:44 AM,485.2,20,9704.0,10385678.700000003
2025-08-01 09:37:08 AM,485.4,0,0.0,10385678.700000003
2025-08-01 09:37:11 AM,485.4,15,7281.0,10392959.700000003
2025-08-01 09:37:24 AM,484.9,0,0.0,10392959.700000003
2025-08-01 09:37:25 AM,484.9,21,10182.9,10403142.600000003
2025-08-01 09:37:58 AM,484.8,70,33936.0,10437078.600000003
2025-08-01 09:38:04 AM,484.1,0,0.0,10437078.600000003
2025-08-01 09:38:05 AM,484.1,923,446824.30000000005,10883902.900000004
2025-08-01 09:38:16 AM,483.5,0,0.0,10883902.900000004
2025-08-01 09:38:19 AM,483.5,2,967.0,10884869.900000004
2025-08-01 09:38:20 AM,483.8,0,0.0,10884869.900000004
2025-08-01 09:38:26 AM,483.7,92,44500.4,10929370.300000004
2025-08-01 09:38:40 AM,483.95,0,0.0,10929370.300000004
2025-08-01 09:38:46 AM,483.95,11,5323.45,10934693.750000004
2025-08-01 09:38:48 AM,484.65,0,0.0,10934693.750000004
2025-08-01 09:38:52 AM,484.65,492,238447.8,11173141.550000004
2025-08-01 09:38:56 AM,484.85,0,0.0,11173141.550000004
2025-08-01 09:38:59 AM,484.85,8,3878.8,11177020.350000005
2025-08-01 09:39:01 AM,484.8,0,0.0,11177020.350000005
2025-08-01 09:39:06 AM,484.8,2,969.6,11177989.950000005
2025-08-01 09:39:11 AM,484.05,0,0.0,11177989.950000005
2025-08-01 09:39:13 AM,484.05,92,44532.6,11222522.550000004
2025-08-01 09:39:19 AM,484.35,4,1937.4,11224459.950000005
2025-08-01 09:39:29 AM,484.2,0,0.0,11224459.950000005
2025-08-01 09:39:33 AM,484.2,9,4357.8,11228817.750000006
2025-08-01 09:40:05 AM,484.0,5,2420.0,11231237.750000006
2025-08-01 09:40:38 AM,484.0,1,484.0,11231721.750000006
2025-08-01 09:40:39 AM,484.0,1,484.0,11232205.750000006
2025-08-01 09:40:51 AM,484.15,95,45994.25,11278200.000000006
2025-08-01 09:40:58 AM,485.1,100,48510.0,11326710.000000006
2025-08-01 09:41:08 AM,485.2,0,0.0,11326710.000000006
2025-08-01 09:41:11 AM,485.2,9,4366.8,11331076.800000006
2025-08-01 09:41:16 AM,485.65,0,0.0,11331076.800000006
2025-08-01 09:41:18 AM,485.65,3,1456.9499999999998,11332533.750000006
2025-08-01 09:41:31 AM,485.95,50,24297.5,11356831.250000006
2025-08-01 09:41:51 AM,485.95,5,2429.75,11359261.000000006
2025-08-01 09:41:57 AM,485.95,21,10204.949999999999,11369465.950000005
2025-08-01 09:42:04 AM,485.65,25,12141.25,11381607.200000005
2025-08-01 09:42:09 AM,485.2,0,0.0,11381607.200000005
2025-08-01 09:42:11 AM,485.2,200,97040.0,11478647.200000005
2025-08-01 09:42:18 AM,485.95,105,51024.75,11529671.950000005
2025-08-01 09:42:24 AM,485.95,244,118571.8,11648243.750000006
2025-08-01 09:42:39 AM,485.25,0,0.0,11648243.750000006
2025-08-01 09:42:43 AM,485.25,4,1941.0,11650184.750000006
2025-08-01 09:42:56 AM,485.9,40,19436.0,11669620.750000006
2025-08-01 09:43:24 AM,485.15,144,69861.59999999999,11739482.350000005
2025-08-01 09:44:07 AM,485.05,0,0.0,11739482.350000005
2025-08-01 09:44:09 AM,485.05,50,24252.5,11763734.850000005
2025-08-01 09:44:11 AM,485.0,0,0.0,11763734.850000005
2025-08-01 09:44:16 AM,485.0,102,49470.0,11813204.850000005
2025-08-01 09:44:41 AM,485.0,25,12125.0,11825329.850000005
2025-08-01 09:45:07 AM,484.6,30,14538.0,11839867.850000005
2025-08-01 09:46:07 AM,483.9,37,17904.3,11857772.150000006
2025-08-01 09:46:29 AM,483.55,0,0.0,11857772.150000006
2025-08-01 09:46:32 AM,483.55,20,9671.0,11867443.150000006
2025-08-01 09:46:41 AM,483.5,0,0.0,11867443.150000006
2025-08-01 09:46:44 AM,483.5,5,2417.5,11869860.650000006
2025-08-01 09:46:57 AM,483.9,2,967.8,11870828.450000007
2025-08-01 09:47:40 AM,483.75,0,0.0,11870828.450000007
2025-08-01 09:47:41 AM,483.75,259,125291.25,11996119.700000007
2025-08-01 09:47:50 AM,483.85,0,0.0,11996119.700000007
2025-08-01 09:47:50 AM,483.85,1,483.85,11996603.550000006
2025-08-01 09:47:54 AM,483.65,0,0.0,11996603.550000006
2025-08-01 09:47:54 AM,483.65,100,48365.0,12044968.550000006
2025-08-01 09:48:15 AM,483.85,0,0.0,12044968.550000006
2025-08-01 09:48:16 AM,483.85,200,96770.0,12141738.550000006
2025-08-01 09:49:05 AM,484.35,39,18889.65,12160628.200000007
2025-08-01 09:49:14 AM,484.0,2,968.0,12161596.200000007
2025-08-01 09:49:55 AM,484.4,0,0.0,12161596.200000007
2025-08-01 09:49:55 AM,484.4,5,2422.0,12164018.200000007
2025-08-01 09:50:09 AM,484.55,0,0.0,12164018.200000007
2025-08-01 09:50:11 AM,484.55,2,969.1,12164987.300000006
2025-08-01 09:51:07 AM,485.0,180,87300.0,12252287.300000006
2025-08-01 09:51:09 AM,485.65,0,0.0,12252287.300000006
2025-08-01 09:51:10 AM,484.8,0,0.0,12252287.300000006
2025-08-01 09:51:11 AM,484.8,476,230764.80000000002,12483052.100000007
2025-08-01 09:51:17 AM,485.7,0,0.0,12483052.100000007
2025-08-01 09:51:18 AM,485.75,861,418230.75,12901282.850000007
2025-08-01 09:51:24 AM,485.75,2,971.5,12902254.350000007
2025-08-01 09:51:40 AM,484.8,0,0.0,12902254.350000007
2025-08-01 09:51:43 AM,484.8,51,24724.8,12926979.150000008
2025-08-01 09:52:06 AM,484.9,0,0.0,12926979.150000008
2025-08-01 09:52:07 AM,484.9,5,2424.5,12929403.650000008
2025-08-01 09:52:09 AM,485.5,10,4855.0,12934258.650000008
2025-08-01 09:52:16 AM,484.8,63,30542.4,12964801.050000008
2025-08-01 09:52:19 AM,484.1,100,48410.0,13013211.050000008
2025-08-01 09:52:32 AM,484.75,0,0.0,13013211.050000008
2025-08-01 09:52:34 AM,484.75,17,8240.75,13021451.800000008
2025-08-01 09:52:40 AM,484.25,144,69732.0,13091183.800000008
2025-08-01 09:53:04 AM,484.3,250,121075.0,13212258.800000008
2025-08-01 09:53:16 AM,484.8,4,1939.2,13214198.000000007
2025-08-01 09:53:21 AM,484.75,0,0.0,13214198.000000007
2025-08-01 09:53:21 AM,484.75,1,484.75,13214682.750000007
2025-08-01 09:53:41 AM,484.7,101,48954.7,13263637.450000007
2025-08-01 09:53:46 AM,484.7,40,19388.0,13283025.450000007
2025-08-01 09:54:03 AM,484.3,0,0.0,13283025.450000007
2025-08-01 09:54:04 AM,484.3,11,5327.3,13288352.750000007
2025-08-01 09:54:27 AM,484.25,0,0.0,13288352.750000007
2025-08-01 09:54:29 AM,484.25,1,484.25,13288837.000000007
2025-08-01 09:54:35 AM,484.25,20,9685.0,13298522.000000007
2025-08-01 09:54:39 AM,484.0,0,0.0,13298522.000000007
2025-08-01 09:54:41 AM,484.0,32,15488.0,13314010.000000007
2025-08-01 09:54:46 AM,484.3,0,0.0,13314010.000000007
2025-08-01 09:54:47 AM,484.3,10,4843.0,13318853.000000007
2025-08-01 09:54:58 AM,484.45,0,0.0,13318853.000000007
2025-08-01 09:54:59 AM,484.45,1,484.45,13319337.450000007
2025-08-01 09:55:22 AM,484.4,0,0.0,13319337.450000007
2025-08-01 09:55:22 AM,484.4,10,4844.0,13324181.450000007
2025-08-01 09:55:31 AM,484.0,0,0.0,13324181.450000007
2025-08-01 09:55:34 AM,484.0,2,968.0,13325149.450000007
2025-08-01 09:56:03 AM,483.5,0,0.0,13325149.450000007
2025-08-01 09:56:05 AM,483.5,500,241750.0,13566899.450000007
2025-08-01 09:56:34 AM,483.5,7,3384.5,13570283.950000007
2025-08-01 09:57:00 AM,483.5,2,967.0,13571250.950000007
2025-08-01 09:57:22 AM,483.5,9,4351.5,13575602.450000007
2025-08-01 09:57:24 AM,483.7,2,967.4,13576569.850000007
2025-08-01 09:57:48 AM,483.5,13,6285.5,13582855.350000007
2025-08-01 09:58:04 AM,483.4,786,379952.39999999997,13962807.750000007
2025-08-01 09:58:22 AM,483.1,0,0.0,13962807.750000007
2025-08-01 09:58:22 AM,483.1,6,2898.6000000000004,13965706.350000007
2025-08-01 09:58:25 AM,483.1,25,12077.5,13977783.850000007
2025-08-01 09:58:28 AM,482.8,536,258780.80000000002,14236564.650000008
2025-08-01 09:58:37 AM,482.6,11,5308.6,14241873.250000007
2025-08-01 09:58:46 AM,482.6,5,2413.0,14244286.250000007
2025-08-01 09:59:02 AM,482.5,0,0.0,14244286.250000007
2025-08-01 09:59:04 AM,482.5,100,48250.0,14292536.250000007
2025-08-01 09:59:07 AM,482.5,9,4342.5,14296878.750000007
2025-08-01 09:59:30 AM,482.5,45,21712.5,14318591.250000007
2025-08-01 09:59:36 AM,482.5,10,4825.0,14323416.250000007
2025-08-01 09:59:45 AM,482.5,7,3377.5,14326793.750000007
2025-08-01 10:00:07 AM,482.7,0,0.0,14326793.750000007
2025-08-01 10:00:07 AM,482.7,9,4344.3,14331138.050000008
2025-08-01 10:00:39 AM,482.5,0,0.0,14331138.050000008
2025-08-01 10:00:39 AM,482.5,171,82507.5,14413645.550000008
2025-08-01 10:00:48 AM,482.5,474,228705.0,14642350.550000008
2025-08-01 10:01:35 AM,482.0,0,0.0,14642350.550000008
2025-08-01 10:01:38 AM,482.1,0,0.0,14642350.550000008
2025-08-01 10:01:38 AM,482.1,212,102205.20000000001,14744555.750000007
2025-08-01 10:01:59 AM,482.15,0,0.0,14744555.750000007
2025-08-01 10:01:59 AM,482.15,1,482.15,14745037.900000008
2025-08-01 10:02:00 AM,481.95,0,0.0,14745037.900000008
2025-08-01 10:02:03 AM,481.95,2,963.9,14746001.800000008
2025-08-01 10:02:14 AM,482.5,0,0.0,14746001.800000008
2025-08-01 10:02:16 AM,482.5,10,4825.0,14750826.800000008
2025-08-01 10:02:22 AM,482.5,1,482.5,14751309.300000008
2025-08-01 10:02:43 AM,482.05,1,482.05,14751791.350000009
2025-08-01 10:03:06 AM,482.5,10,4825.0,14756616.350000009
2025-08-01 10:03:38 AM,482.4,0,0.0,14756616.350000009
2025-08-01 10:03:39 AM,482.4,100,48240.0,14804856.350000009
2025-08-01 10:03:59 AM,482.4,19,9165.6,14814021.950000009
2025-08-01 10:04:10 AM,482.75,0,0.0,14814021.950000009
2025-08-01 10:04:10 AM,482.75,9,4344.75,14818366.700000009
2025-08-01 10:04:22 AM,482.0,0,0.0,14818366.700000009
2025-08-01 10:04:22 AM,482.0,68,32776.0,14851142.700000009
2025-08-01 10:04:30 AM,482.65,0,0.0,14851142.700000009
2025-08-01 10:04:31 AM,482.65,10,4826.5,14855969.200000009
2025-08-01 10:04:47 AM,482.75,38,18344.5,14874313.700000009
2025-08-01 10:05:02 AM,483.0,5,2415.0,14876728.700000009
2025-08-01 10:05:37 AM,483.0,68,32844.0,14909572.700000009
2025-08-01 10:06:15 AM,483.0,964,465612.0,15375184.700000009
2025-08-01 10:06:30 AM,482.05,0,0.0,15375184.700000009
2025-08-01 10:06:30 AM,482.05,10,4820.5,15380005.200000009
2025-08-01 10:06:44 AM,481.75,45,21678.75,15401683.950000009
2025-08-01 10:06:48 AM,482.1,10,4821.0,15406504.950000009
2025-08-01 10:06:50 AM,481.55,10,4815.5,15411320.450000009
2025-08-01 10:06:51 AM,482.35,0,0.0,15411320.450000009
2025-08-01 10:06:55 AM,482.35,100,48235.0,15459555.450000009
2025-08-01 10:07:15 AM,482.2,577,278229.39999999997,15737784.850000009
2025-08-01 10:07:19 AM,481.85,47,22646.95,15760431.800000008
2025-08-01 10:07:34 AM,482.85,0,0.0,15760431.800000008
2025-08-01 10:07:34 AM,482.85,168,81118.8,15841550.600000009
2025-08-01 10:07:38 AM,482.25,0,0.0,15841550.600000009
2025-08-01 10:07:38 AM,482.25,15,7233.75,15848784.350000009
2025-08-01 10:07:44 AM,481.6,179,86206.40000000001,15934990.75000001
2025-08-01 10:07:46 AM,481.4,35,16849.0,15951839.75000001
2025-08-01 10:08:03 AM,481.9,29,13975.099999999999,15965814.850000009
2025-08-01 10:08:13 AM,481.7,0,0.0,15965814.850000009
2025-08-01 10:08:15 AM,481.7,30,14451.0,15980265.850000009
2025-08-01 10:08:27 AM,482.35,0,0.0,15980265.850000009
2025-08-01 10:08:27 AM,482.35,15,7235.25,15987501.100000009
2025-08-01 10:08:39 AM,483.05,0,0.0,15987501.100000009
2025-08-01 10:08:39 AM,483.05,100,48305.0,16035806.100000009
2025-08-01 10:09:28 AM,483.2,0,0.0,16035806.100000009
2025-08-01 10:09:29 AM,483.2,5,2416.0,16038222.100000009
2025-08-01 10:09:43 AM,483.25,0,0.0,16038222.100000009
2025-08-01 10:09:44 AM,483.25,10,4832.5,16043054.600000009
2025-08-01 10:09:50 AM,482.75,1,482.75,16043537.350000009
2025-08-01 10:10:15 AM,482.65,0,0.0,16043537.350000009
2025-08-01 10:10:15 AM,482.65,3,1447.9499999999998,16044985.300000008
2025-08-01 10:10:24 AM,482.65,2,965.3,16045950.600000009
2025-08-01 10:11:06 AM,482.55,0,0.0,16045950.600000009
2025-08-01 10:11:06 AM,482.55,18,8685.9,16054636.50000001
2025-08-01 10:11:18 AM,483.55,0,0.0,16054636.50000001
2025-08-01 10:11:18 AM,483.55,103,49805.65,16104442.15000001
2025-08-01 10:11:56 AM,483.3,0,0.0,16104442.15000001
2025-08-01 10:11:59 AM,483.3,2,966.6,16105408.75000001
2025-08-01 10:12:27 AM,483.15,0,0.0,16105408.75000001
2025-08-01 10:12:28 AM,483.15,1,483.15,16105891.90000001
2025-08-01 10:12:30 AM,483.9,0,0.0,16105891.90000001
2025-08-01 10:12:34 AM,483.9,1975,955702.5,17061594.40000001
2025-08-01 10:13:50 AM,483.9,24,11613.599999999999,17073208.00000001
2025-08-01 10:13:56 AM,484.2,1,484.2,17073692.20000001
2025-08-01 10:14:30 AM,484.2,5,2421.0,17076113.20000001
2025-08-01 10:14:33 AM,484.0,0,0.0,17076113.20000001
2025-08-01 10:14:36 AM,484.0,5,2420.0,17078533.20000001
2025-08-01 10:15:06 AM,483.8,2,967.6,17079500.800000012
2025-08-01 10:16:09 AM,484.0,0,0.0,17079500.800000012
2025-08-01 10:16:10 AM,484.0,12,5808.0,17085308.800000012
2025-08-01 10:16:34 AM,484.0,5,2420.0,17087728.800000012
2025-08-01 10:17:25 AM,484.0,51,24684.0,17112412.800000012
2025-08-01 10:17:29 AM,484.15,0,0.0,17112412.800000012
2025-08-01 10:17:31 AM,484.15,50,24207.5,17136620.300000012
2025-08-01 10:17:53 AM,484.55,0,0.0,17136620.300000012
2025-08-01 10:17:54 AM,484.55,10,4845.5,17141465.800000012
2025-08-01 10:17:57 AM,484.6,0,0.0,17141465.800000012
2025-08-01 10:18:00 AM,484.6,15,7269.0,17148734.800000012
2025-08-01 10:18:12 AM,484.65,0,0.0,17148734.800000012
2025-08-01 10:18:17 AM,484.65,2,969.3,17149704.100000013
2025-08-01 10:18:23 AM,484.65,5,2423.25,17152127.350000013
2025-08-01 10:18:39 AM,484.5,0,0.0,17152127.350000013
2025-08-01 10:18:41 AM,484.5,516,250002.0,17402129.350000013
2025-08-01 10:19:21 AM,484.75,5,2423.75,17404553.100000013
2025-08-01 10:20:10 AM,484.7,0,0.0,17404553.100000013
2025-08-01 10:20:11 AM,484.7,64,31020.8,17435573.900000013
2025-08-01 10:20:53 AM,484.35,0,0.0,17435573.900000013
2025-08-01 10:20:53 AM,484.35,43,20827.05,17456400.950000014
2025-08-01 10:20:55 AM,484.25,2,968.5,17457369.450000014
2025-08-01 10:21:09 AM,484.95,0,0.0,17457369.450000014
2025-08-01 10:21:09 AM,484.95,100,48495.0,17505864.450000014
2025-08-01 10:21:37 AM,484.95,16,7759.2,17513623.650000013
2025-08-01 10:22:03 AM,485.0,0,0.0,17513623.650000013
2025-08-01 10:22:05 AM,485.05,0,0.0,17513623.650000013
2025-08-01 10:22:05 AM,485.05,13,6305.650000000001,17519929.300000012
2025-08-01 10:22:25 AM,485.45,2,970.9,17520900.20000001
2025-08-01 10:22:33 AM,484.7,0,0.0,17520900.20000001
2025-08-01 10:22:34 AM,484.7,151,73189.7,17594089.90000001
2025-08-01 10:23:19 AM,484.7,52,25204.399999999998,17619294.30000001
2025-08-01 10:23:50 AM,484.8,0,0.0,17619294.30000001
2025-08-01 10:23:50 AM,484.8,50,24240.0,17643534.30000001
2025-08-01 10:24:01 AM,484.8,50,24240.0,17667774.30000001
2025-08-01 10:24:52 AM,485.45,0,0.0,17667774.30000001
2025-08-01 10:24:53 AM,485.45,150,72817.5,17740591.80000001
2025-08-01 10:24:56 AM,485.4,0,0.0,17740591.80000001
2025-08-01 10:24:56 AM,485.4,6,2912.3999999999996,17743504.200000007
2025-08-01 10:25:15 AM,485.45,0,0.0,17743504.200000007
2025-08-01 10:25:16 AM,485.45,29,14078.05,17757582.250000007
2025-08-01 10:26:26 AM,485.45,30,14563.5,17772145.750000007
2025-08-01 10:26:42 AM,485.0,0,0.0,17772145.750000007
2025-08-01 10:26:43 AM,485.0,6,2910.0,17775055.750000007
2025-08-01 10:26:49 AM,485.0,1,485.0,17775540.750000007
2025-08-01 10:27:03 AM,485.4,0,0.0,17775540.750000007
2025-08-01 10:27:03 AM,485.4,1,485.4,17776026.150000006
2025-08-01 10:27:15 AM,485.0,0,0.0,17776026.150000006
2025-08-01 10:27:15 AM,485.0,3,1455.0,17777481.150000006
2025-08-01 10:27:23 AM,485.0,12,5820.0,17783301.150000006
2025-08-01 10:28:45 AM,484.65,0,0.0,17783301.150000006
2025-08-01 10:28:45 AM,484.65,22,10662.3,17793963.450000007
2025-08-01 10:28:59 AM,484.65,5,2423.25,17796386.700000007
2025-08-01 10:29:38 AM,484.2,0,0.0,17796386.700000007
2025-08-01 10:29:38 AM,484.2,10,4842.0,17801228.700000007
2025-08-01 10:30:13 AM,484.5,0,0.0,17801228.700000007
2025-08-01 10:30:15 AM,484.5,101,48934.5,17850163.200000007
2025-08-01 10:31:51 AM,484.6,6,2907.6000000000004,17853070.80000001
2025-08-01 10:31:55 AM,485.1,239,115938.90000000001,17969009.700000007
2025-08-01 10:32:18 AM,485.3,12,5823.6,17974833.30000001
2025-08-01 10:32:48 AM,485.1,0,0.0,17974833.30000001
2025-08-01 10:32:49 AM,485.1,24,11642.400000000001,17986475.700000007
2025-08-01 10:32:57 AM,485.1,2,970.2,17987445.900000006
2025-08-01 10:33:03 AM,485.05,10,4850.5,17992296.400000006
2025-08-01 10:33:08 AM,485.95,82,39847.9,18032144.300000004
2025-08-01 10:34:35 AM,485.8,2,971.6,18033115.900000006
2025-08-01 10:34:49 AM,485.95,0,0.0,18033115.900000006
2025-08-01 10:34:49 AM,485.95,120,58314.0,18091429.900000006
2025-08-01 10:35:52 AM,485.6,0,0.0,18091429.900000006
2025-08-01 10:35:55 AM,485.6,30,14568.0,18105997.900000006
2025-08-01 10:36:41 AM,485.3,0,0.0,18105997.900000006
2025-08-01 10:36:41 AM,485.3,200,97060.0,18203057.900000006
2025-08-01 10:36:44 AM,485.6,0,0.0,18203057.900000006
2025-08-01 10:36:45 AM,485.6,10,4856.0,18207913.900000006
2025-08-01 10:37:12 AM,485.6,1,485.6,18208399.500000007
2025-08-01 10:37:27 AM,486.0,0,0.0,18208399.500000007
2025-08-01 10:37:28 AM,486.0,276,134136.0,18342535.500000007
2025-08-01 10:37:35 AM,486.1,0,0.0,18342535.500000007
2025-08-01 10:37:37 AM,486.1,301,146316.1,18488851.60000001
2025-08-01 10:38:27 AM,486.6,0,0.0,18488851.60000001
2025-08-01 10:38:27 AM,486.6,333,162037.80000000002,18650889.40000001
2025-08-01 10:38:36 AM,487.15,0,0.0,18650889.40000001
2025-08-01 10:38:39 AM,487.15,200,97430.0,18748319.40000001
2025-08-01 10:39:01 AM,486.4,0,0.0,18748319.40000001
2025-08-01 10:39:01 AM,486.4,201,97766.4,18846085.80000001
2025-08-01 10:39:09 AM,486.65,0,0.0,18846085.80000001
2025-08-01 10:39:09 AM,486.65,25,12166.25,18858252.05000001
2025-08-01 10:39:29 AM,486.75,0,0.0,18858252.05000001
2025-08-01 10:39:29 AM,486.75,1,486.75,18858738.80000001
2025-08-01 10:39:39 AM,486.95,0,0.0,18858738.80000001
2025-08-01 10:39:40 AM,486.0,434,210924.0,19069662.80000001
2025-08-01 10:39:57 AM,486.0,5,2430.0,19072092.80000001
2025-08-01 10:40:29 AM,485.5,0,0.0,19072092.80000001
2025-08-01 10:40:30 AM,485.5,216,104868.0,19176960.80000001
2025-08-01 10:40:33 AM,485.7,0,0.0,19176960.80000001
2025-08-01 10:40:33 AM,485.7,2,971.4,19177932.200000007
2025-08-01 10:40:45 AM,485.5,0,0.0,19177932.200000007
2025-08-01 10:40:47 AM,485.5,10,4855.0,19182787.200000007
2025-08-01 10:41:57 AM,485.45,0,0.0,19182787.200000007
2025-08-01 10:41:59 AM,485.45,10,4854.5,19187641.700000007
2025-08-01 10:43:22 AM,485.4,0,0.0,19187641.700000007
2025-08-01 10:43:22 AM,485.4,5,2427.0,19190068.700000007
2025-08-01 10:43:49 AM,485.4,1,485.4,19190554.100000005
2025-08-01 10:43:58 AM,485.2,0,0.0,19190554.100000005
2025-08-01 10:43:59 AM,485.2,20,9704.0,19200258.100000005
2025-08-01 10:44:17 AM,484.7,319,154619.3,19354877.400000006
2025-08-01 10:44:39 AM,485.05,0,0.0,19354877.400000006
2025-08-01 10:44:39 AM,485.05,5,2425.25,19357302.650000006
2025-08-01 10:45:39 AM,485.05,12,5820.6,19363123.250000007
2025-08-01 10:48:03 AM,484.9,0,0.0,19363123.250000007
2025-08-01 10:48:04 AM,484.9,15,7273.5,19370396.750000007
2025-08-01 10:48:26 AM,484.45,26,12595.699999999999,19382992.450000007
2025-08-01 10:51:06 AM,485.05,0,0.0,19382992.450000007
2025-08-01 10:51:06 AM,485.05,10,4850.5,19387842.950000007
2025-08-01 10:54:28 AM,484.9,0,0.0,19387842.950000007
2025-08-01 10:54:30 AM,484.9,10,4849.0,19392691.950000007
2025-08-01 10:54:34 AM,484.85,0,0.0,19392691.950000007
2025-08-01 10:54:35 AM,484.85,15,7272.75,19399964.700000007
2025-08-01 10:56:00 AM,484.5,0,0.0,19399964.700000007
2025-08-01 10:56:00 AM,484.5,1,484.5,19400449.200000007
2025-08-01 10:56:39 AM,485.0,66,32010.0,19432459.200000007
2025-08-01 10:56:58 AM,484.5,0,0.0,19432459.200000007
2025-08-01 10:56:58 AM,484.5,1,484.5,19432943.700000007
2025-08-01 10:57:15 AM,485.0,1,485.0,19433428.700000007
2025-08-01 10:58:10 AM,484.95,0,0.0,19433428.700000007
2025-08-01 10:58:13 AM,484.95,5,2424.75,19435853.450000007
2025-08-01 10:58:22 AM,484.45,0,0.0,19435853.450000007
2025-08-01 10:58:23 AM,484.45,121,58618.45,19494471.900000006
2025-08-01 10:59:20 AM,483.95,0,0.0,19494471.900000006
2025-08-01 10:59:22 AM,483.95,50,24197.5,19518669.400000006
2025-08-01 10:59:37 AM,484.4,1,484.4,19519153.800000004
2025-08-01 10:59:54 AM,484.4,1,484.4,19519638.200000003
2025-08-01 10:59:56 AM,483.9,0,0.0,19519638.200000003
2025-08-01 10:59:59 AM,483.9,2,967.8,19520606.000000004
2025-08-01 11:00:03 AM,484.4,0,0.0,19520606.000000004
2025-08-01 11:00:05 AM,484.4,1,484.4,19521090.400000002
2025-08-01 11:01:15 AM,484.4,2,968.8,19522059.200000003
2025-08-01 11:01:47 AM,484.4,1,484.4,19522543.6
2025-08-01 11:01:57 AM,484.4,13,6297.2,19528840.8
2025-08-01 11:02:35 AM,484.45,0,0.0,19528840.8
2025-08-01 11:02:36 AM,484.45,1,484.45,19529325.25
2025-08-01 11:04:01 AM,484.45,2,968.9,19530294.15
2025-08-01 11:04:09 AM,484.45,1,484.45,19530778.599999998
2025-08-01 11:04:45 AM,484.05,0,0.0,19530778.599999998
2025-08-01 11:04:45 AM,484.05,32,15489.6,19546268.2
2025-08-01 11:05:12 AM,484.5,0,0.0,19546268.2
2025-08-01 11:05:12 AM,484.5,294,142443.0,19688711.2
2025-08-01 11:05:58 AM,484.95,0,0.0,19688711.2
2025-08-01 11:06:00 AM,484.95,5,2424.75,19691135.95
2025-08-01 11:08:49 AM,484.45,0,0.0,19691135.95
2025-08-01 11:08:50 AM,484.45,36,17440.2,19708576.15
2025-08-01 11:09:12 AM,484.35,0,0.0,19708576.15
2025-08-01 11:09:13 AM,484.35,15,7265.25,19715841.4
2025-08-01 11:09:40 AM,484.35,1,484.35,19716325.75
2025-08-01 11:10:02 AM,484.0,6,2904.0,19719229.75
2025-08-01 11:10:06 AM,484.15,0,0.0,19719229.75
2025-08-01 11:10:07 AM,484.15,25,12103.75,19731333.5
2025-08-01 11:10:40 AM,484.1,3,1452.3000000000002,19732785.8
2025-08-01 11:11:22 AM,484.15,0,0.0,19732785.8
2025-08-01 11:11:23 AM,484.15,1,484.15,19733269.95
2025-08-01 11:11:29 AM,484.15,4,1936.6,19735206.55
2025-08-01 11:12:45 AM,484.2,25,12105.0,19747311.55
2025-08-01 11:13:26 AM,484.4,0,0.0,19747311.55
2025-08-01 11:13:26 AM,484.4,20,9688.0,19756999.55
2025-08-01 11:14:06 AM,484.4,3,1453.1999999999998,19758452.75
2025-08-01 11:14:09 AM,484.45,0,0.0,19758452.75
2025-08-01 11:14:10 AM,484.45,35,16955.75,19775408.5
2025-08-01 11:15:39 AM,484.55,0,0.0,19775408.5
2025-08-01 11:15:41 AM,484.55,25,12113.75,19787522.25
2025-08-01 11:16:49 AM,484.65,10,4846.5,19792368.75
2025-08-01 11:17:15 AM,484.65,20,9693.0,19802061.75
2025-08-01 11:17:19 AM,484.7,0,0.0,19802061.75
2025-08-01 11:17:20 AM,484.7,100,48470.0,19850531.75
2025-08-01 11:18:06 AM,484.5,0,0.0,19850531.75
2025-08-01 11:18:09 AM,484.5,16,7752.0,19858283.75
2025-08-01 11:19:06 AM,484.5,300,145350.0,20003633.75
2025-08-01 11:19:10 AM,484.65,0,0.0,20003633.75
2025-08-01 11:19:12 AM,484.65,15,7269.75,20010903.5
2025-08-01 11:19:12 AM,484.5,10,4845.0,20015748.5
2025-08-01 11:19:55 AM,484.5,101,48934.5,20064683.0
2025-08-01 11:20:40 AM,484.8,0,0.0,20064683.0
2025-08-01 11:20:42 AM,484.8,3,1454.4,20066137.4
2025-08-01 11:20:59 AM,484.85,0,0.0,20066137.4
2025-08-01 11:21:03 AM,484.85,6,2909.1000000000004,20069046.5
2025-08-01 11:21:50 AM,484.85,1,484.85,20069531.35
2025-08-01 11:22:08 AM,485.0,0,0.0,20069531.35
2025-08-01 11:22:11 AM,485.0,400,194000.0,20263531.35
2025-08-01 11:22:11 AM,485.0,1,485.0,20264016.35
2025-08-01 11:23:20 AM,485.0,1,485.0,20264501.35
2025-08-01 11:24:00 AM,485.0,11,5335.0,20269836.35
2025-08-01 11:24:05 AM,485.0,2,970.0,20270806.35
2025-08-01 11:24:06 AM,485.5,0,0.0,20270806.35
2025-08-01 11:24:10 AM,485.5,6,2913.0,20273719.35
2025-08-01 11:24:14 AM,485.65,0,0.0,20273719.35
2025-08-01 11:24:15 AM,485.65,25,12141.25,20285860.6
2025-08-01 11:24:23 AM,485.2,0,0.0,20285860.6
2025-08-01 11:24:27 AM,485.2,25,12130.0,20297990.6
2025-08-01 11:24:27 AM,485.2,5,2426.0,20300416.6
2025-08-01 11:24:28 AM,485.0,0,0.0,20300416.6
2025-08-01 11:24:32 AM,485.0,68,32980.0,20333396.6
2025-08-01 11:24:49 AM,484.7,0,0.0,20333396.6
2025-08-01 11:24:53 AM,484.7,9,4362.3,20337758.900000002
2025-08-01 11:25:29 AM,484.7,100,48470.0,20386228.900000002
2025-08-01 11:25:40 AM,485.0,100,48500.0,20434728.900000002
2025-08-01 11:26:26 AM,485.0,5,2425.0,20437153.900000002
2025-08-01 11:27:31 AM,484.65,0,0.0,20437153.900000002
2025-08-01 11:27:32 AM,484.65,6,2907.8999999999996,20440061.8
2025-08-01 11:27:36 AM,484.55,0,0.0,20440061.8
2025-08-01 11:27:38 AM,484.55,54,26165.7,20466227.5
2025-08-01 11:27:44 AM,484.4,0,0.0,20466227.5
2025-08-01 11:27:44 AM,484.4,100,48440.0,20514667.5
2025-08-01 11:27:54 AM,484.45,0,0.0,20514667.5
2025-08-01 11:27:55 AM,484.45,214,103672.3,20618339.8
2025-08-01 11:28:00 AM,484.1,0,0.0,20618339.8
2025-08-01 11:28:00 AM,484.1,22,10650.2,20628990.0
2025-08-01 11:28:55 AM,484.5,0,0.0,20628990.0
2025-08-01 11:28:57 AM,484.5,1,484.5,20629474.5
2025-08-01 11:29:57 AM,484.75,200,96950.0,20726424.5
2025-08-01 11:31:26 AM,484.25,0,0.0,20726424.5
2025-08-01 11:31:27 AM,484.25,15,7263.75,20733688.25
2025-08-01 11:31:29 AM,484.75,25,12118.75,20745807.0
2025-08-01 11:32:19 AM,484.75,1,484.75,20746291.75
2025-08-01 11:32:26 AM,484.95,0,0.0,20746291.75
2025-08-01 11:32:29 AM,484.95,70,33946.5,20780238.25
2025-08-01 11:33:02 AM,484.9,0,0.0,20780238.25
2025-08-01 11:33:05 AM,484.9,5,2424.5,20782662.75
2025-08-01 11:33:06 AM,484.6,574,278160.4,21060823.15
2025-08-01 11:35:03 AM,484.6,10,4846.0,21065669.15
2025-08-01 11:36:48 AM,484.6,10,4846.0,21070515.15
2025-08-01 11:37:15 AM,483.6,0,0.0,21070515.15
2025-08-01 11:37:17 AM,484.25,0,0.0,21070515.15
2025-08-01 11:37:20 AM,484.25,520,251810.0,21322325.15
2025-08-01 11:38:15 AM,484.2,0,0.0,21322325.15
2025-08-01 11:38:16 AM,484.2,15,7263.0,21329588.15
2025-08-01 11:40:29 AM,483.5,0,0.0,21329588.15
2025-08-01 11:40:29 AM,483.5,20,9670.0,21339258.15
2025-08-01 11:42:19 AM,483.85,0,0.0,21339258.15
2025-08-01 11:42:21 AM,483.85,3,1451.5500000000002,21340709.7
2025-08-01 11:42:35 AM,484.0,0,0.0,21340709.7
2025-08-01 11:42:37 AM,484.0,108,52272.0,21392981.7
2025-08-01 11:44:08 AM,483.4,0,0.0,21392981.7
2025-08-01 11:44:13 AM,483.4,12,5800.799999999999,21398782.5
2025-08-01 11:44:18 AM,483.5,0,0.0,21398782.5
2025-08-01 11:44:19 AM,483.5,1,483.5,21399266.0
2025-08-01 11:45:31 AM,483.15,0,0.0,21399266.0
2025-08-01 11:45:35 AM,483.15,5,2415.75,21401681.75
2025-08-01 11:46:07 AM,483.15,1,483.15,21402164.9
2025-08-01 11:51:35 AM,483.15,50,24157.5,21426322.4
2025-08-01 11:52:17 AM,483.45,0,0.0,21426322.4
2025-08-01 11:52:20 AM,483.45,1,483.45,21426805.849999998
2025-08-01 11:53:05 AM,483.5,5,2417.5,21429223.349999998
2025-08-01 11:55:28 AM,483.5,100,48350.0,21477573.349999998
2025-08-01 11:57:55 AM,483.5,320,154720.0,21632293.349999998
2025-08-01 11:58:25 AM,483.15,0,0.0,21632293.349999998
2025-08-01 11:58:26 AM,483.15,70,33820.5,21666113.849999998
2025-08-01 11:59:29 AM,483.15,20,9663.0,21675776.849999998
2025-08-01 11:59:32 AM,483.1,0,0.0,21675776.849999998
2025-08-01 11:59:33 AM,483.1,2,966.2,21676743.049999997
2025-08-01 11:59:59 AM,483.1,1,483.1,21677226.15
2025-08-01 12:00:37 PM,483.3,984,475567.2,22152793.349999998
2025-08-01 12:01:02 PM,483.3,7,3383.1,22156176.45
2025-08-01 12:01:11 PM,484.0,0,0.0,22156176.45
2025-08-01 12:01:12 PM,484.0,300,145200.0,22301376.45
2025-08-01 12:02:06 PM,484.0,100,48400.0,22349776.45
2025-08-01 12:02:20 PM,484.15,0,0.0,22349776.45
2025-08-01 12:02:22 PM,484.15,70,33890.5,22383666.95
2025-08-01 12:02:43 PM,484.1,0,0.0,22383666.95
2025-08-01 12:02:44 PM,484.1,2,968.2,22384635.15
2025-08-01 12:02:57 PM,484.15,0,0.0,22384635.15
2025-08-01 12:02:59 PM,484.15,5,2420.75,22387055.9
2025-08-01 12:03:15 PM,484.35,0,0.0,22387055.9
2025-08-01 12:03:17 PM,484.35,28,13561.800000000001,22400617.7
2025-08-01 12:03:18 PM,484.3,0,0.0,22400617.7
2025-08-01 12:03:19 PM,484.3,2,968.6,22401586.3
2025-08-01 12:04:33 PM,484.3,2,968.6,22402554.900000002
2025-08-01 12:04:36 PM,483.7,0,0.0,22402554.900000002
2025-08-01 12:04:37 PM,483.7,15,7255.5,22409810.400000002
2025-08-01 12:06:26 PM,483.4,0,0.0,22409810.400000002
2025-08-01 12:06:27 PM,483.4,75,36255.0,22446065.400000002
2025-08-01 12:06:52 PM,483.55,4,1934.2,22447999.6
2025-08-01 12:06:56 PM,484.05,0,0.0,22447999.6
2025-08-01 12:06:57 PM,484.05,18,8712.9,22456712.5
2025-08-01 12:07:00 PM,484.1,0,0.0,22456712.5
2025-08-01 12:07:02 PM,484.1,2,968.2,22457680.7
2025-08-01 12:07:12 PM,484.1,1,484.1,22458164.8
2025-08-01 12:07:48 PM,484.05,0,0.0,22458164.8
2025-08-01 12:07:52 PM,484.05,29,14037.45,22472202.25
2025-08-01 12:07:56 PM,484.0,0,0.0,22472202.25
2025-08-01 12:07:57 PM,484.0,3,1452.0,22473654.25
2025-08-01 12:08:07 PM,484.0,1,484.0,22474138.25
2025-08-01 12:09:22 PM,484.0,37,17908.0,22492046.25
2025-08-01 12:09:58 PM,484.7,0,0.0,22492046.25
2025-08-01 12:10:02 PM,484.7,150,72705.0,22564751.25
2025-08-01 12:10:37 PM,484.7,14,6785.8,22571537.05
2025-08-01 12:10:50 PM,484.35,0,0.0,22571537.05
2025-08-01 12:10:52 PM,484.35,1,484.35,22572021.400000002
2025-08-01 12:10:57 PM,484.85,3,1454.5500000000002,22573475.950000003
2025-08-01 12:12:41 PM,484.85,7,3393.9500000000003,22576869.900000002
2025-08-01 12:12:58 PM,484.9,0,0.0,22576869.900000002
2025-08-01 12:13:02 PM,484.9,21,10182.9,22587052.8
2025-08-01 12:13:22 PM,484.05,0,0.0,22587052.8
2025-08-01 12:13:26 PM,484.05,200,96810.0,22683862.8
2025-08-01 12:13:40 PM,484.9,0,0.0,22683862.8
2025-08-01 12:13:41 PM,484.9,100,48490.0,22732352.8
2025-08-01 12:15:48 PM,484.85,0,0.0,22732352.8
2025-08-01 12:15:48 PM,484.85,1,484.85,22732837.650000002
2025-08-01 12:16:04 PM,485.0,0,0.0,22732837.650000002
2025-08-01 12:16:08 PM,485.0,226,109610.0,22842447.650000002
2025-08-01 12:16:14 PM,485.45,0,0.0,22842447.650000002
2025-08-01 12:16:17 PM,485.45,6,2912.7,22845360.35
2025-08-01 12:16:22 PM,485.8,0,0.0,22845360.35
2025-08-01 12:16:22 PM,485.8,30,14574.0,22859934.35
2025-08-01 12:16:28 PM,486.0,0,0.0,22859934.35
2025-08-01 12:16:32 PM,486.0,1,486.0,22860420.35
2025-08-01 12:17:26 PM,485.35,39,18928.65,22879349.0
2025-08-01 12:17:40 PM,485.35,1,485.35,22879834.35
2025-08-01 12:17:50 PM,485.55,1,485.55,22880319.900000002
2025-08-01 12:18:18 PM,485.8,0,0.0,22880319.900000002
2025-08-01 12:18:19 PM,485.8,21,10201.800000000001,22890521.700000003
2025-08-01 12:18:36 PM,485.05,0,0.0,22890521.700000003
2025-08-01 12:18:38 PM,485.05,59,28617.95,22919139.650000002
2025-08-01 12:19:36 PM,485.7,0,0.0,22919139.650000002
2025-08-01 12:19:39 PM,485.7,100,48570.0,22967709.650000002
2025-08-01 12:20:42 PM,485.1,50,24255.0,22991964.650000002
2025-08-01 12:20:46 PM,485.6,1,485.6,22992450.250000004
2025-08-01 12:20:56 PM,485.6,1,485.6,22992935.850000005
2025-08-01 12:21:01 PM,485.1,0,0.0,22992935.850000005
2025-08-01 12:21:02 PM,485.1,30,14553.0,23007488.850000005
2025-08-01 12:21:03 PM,485.55,0,0.0,23007488.850000005
2025-08-01 12:21:07 PM,485.55,1,485.55,23007974.400000006
2025-08-01 12:21:25 PM,484.8,0,0.0,23007974.400000006
2025-08-01 12:21:26 PM,484.8,100,48480.0,23056454.400000006
2025-08-01 12:22:01 PM,484.75,0,0.0,23056454.400000006
2025-08-01 12:22:05 PM,484.75,4,1939.0,23058393.400000006
2025-08-01 12:23:01 PM,485.35,0,0.0,23058393.400000006
2025-08-01 12:23:01 PM,485.35,2,970.7,23059364.100000005
2025-08-01 12:26:04 PM,485.0,0,0.0,23059364.100000005
2025-08-01 12:26:06 PM,485.0,31,15035.0,23074399.100000005
2025-08-01 12:26:31 PM,485.35,4,1941.4,23076340.500000004
2025-08-01 12:26:37 PM,485.0,0,0.0,23076340.500000004
2025-08-01 12:26:41 PM,485.0,2,970.0,23077310.500000004
2025-08-01 12:26:56 PM,485.0,53,25705.0,23103015.500000004
2025-08-01 12:27:17 PM,485.0,3,1455.0,23104470.500000004
2025-08-01 12:29:19 PM,485.2,1,485.2,23104955.700000003
2025-08-01 12:30:00 PM,485.0,0,0.0,23104955.700000003
2025-08-01 12:30:02 PM,485.0,57,27645.0,23132600.700000003
2025-08-01 12:30:14 PM,484.15,0,0.0,23132600.700000003
2025-08-01 12:30:14 PM,484.15,264,127815.59999999999,23260416.300000004
2025-08-01 12:30:41 PM,484.15,8,3873.2,23264289.500000004
2025-08-01 12:31:18 PM,485.0,0,0.0,23264289.500000004
2025-08-01 12:31:18 PM,485.0,76,36860.0,23301149.500000004
2025-08-01 12:32:04 PM,485.35,0,0.0,23301149.500000004
2025-08-01 12:32:05 PM,485.35,10,4853.5,23306003.000000004
2025-08-01 12:32:36 PM,485.0,0,0.0,23306003.000000004
2025-08-01 12:32:36 PM,485.0,24,11640.0,23317643.000000004
2025-08-01 12:34:01 PM,485.0,5,2425.0,23320068.000000004
2025-08-01 12:34:32 PM,485.0,108,52380.0,23372448.000000004
2025-08-01 12:34:54 PM,484.0,0,0.0,23372448.000000004
2025-08-01 12:34:57 PM,484.0,468,226512.0,23598960.000000004
2025-08-01 12:36:06 PM,483.5,0,0.0,23598960.000000004
2025-08-01 12:36:10 PM,483.5,20,9670.0,23608630.000000004
2025-08-01 12:36:34 PM,483.85,0,0.0,23608630.000000004
2025-08-01 12:36:36 PM,483.85,20,9677.0,23618307.000000004
2025-08-01 12:36:57 PM,483.95,1,483.95,23618790.950000003
2025-08-01 12:37:51 PM,483.95,5,2419.75,23621210.700000003
2025-08-01 12:38:23 PM,483.3,0,0.0,23621210.700000003
2025-08-01 12:38:26 PM,483.3,104,50263.200000000004,23671473.900000002
2025-08-01 12:38:30 PM,483.7,0,0.0,23671473.900000002
2025-08-01 12:38:31 PM,483.7,10,4837.0,23676310.900000002
2025-08-01 12:39:29 PM,483.85,2,967.7,23677278.6
2025-08-01 12:39:33 PM,483.0,0,0.0,23677278.6
2025-08-01 12:39:34 PM,483.0,396,191268.0,23868546.6
2025-08-01 12:39:40 PM,482.5,0,0.0,23868546.6
2025-08-01 12:39:44 PM,482.5,500,241250.0,24109796.6
2025-08-01 12:39:49 PM,482.0,1005,484410.0,24594206.6
2025-08-01 12:40:36 PM,482.7,1,482.7,24594689.3
2025-08-01 12:40:56 PM,482.0,0,0.0,24594689.3
2025-08-01 12:40:57 PM,482.0,106,51092.0,24645781.3
2025-08-01 12:40:57 PM,480.5,3326,1598143.0,26243924.3
2025-08-01 12:41:12 PM,480.1,81,38888.1,26282812.400000002
2025-08-01 12:41:14 PM,481.0,0,0.0,26282812.400000002
2025-08-01 12:41:17 PM,481.0,200,96200.0,26379012.400000002
2025-08-01 12:41:28 PM,481.0,100,48100.0,26427112.400000002
2025-08-01 12:41:53 PM,481.0,50,24050.0,26451162.400000002
2025-08-01 12:42:46 PM,481.5,220,105930.0,26557092.400000002
2025-08-01 12:43:28 PM,481.0,0,0.0,26557092.400000002
2025-08-01 12:43:28 PM,481.0,179,86099.0,26643191.400000002
2025-08-01 12:44:48 PM,480.8,0,0.0,26643191.400000002
2025-08-01 12:44:49 PM,480.8,1,480.8,26643672.200000003
2025-08-01 12:44:56 PM,480.9,0,0.0,26643672.200000003
2025-08-01 12:44:59 PM,480.9,10,4809.0,26648481.200000003
2025-08-01 12:45:42 PM,480.45,0,0.0,26648481.200000003
2025-08-01 12:45:46 PM,480.45,50,24022.5,26672503.700000003
2025-08-01 12:45:54 PM,480.8,0,0.0,26672503.700000003
2025-08-01 12:45:56 PM,480.8,60,28848.0,26701351.700000003
2025-08-01 12:47:14 PM,480.9,0,0.0,26701351.700000003
2025-08-01 12:47:17 PM,480.9,10,4809.0,26706160.700000003
2025-08-01 12:47:24 PM,480.85,0,0.0,26706160.700000003
2025-08-01 12:47:27 PM,480.85,10,4808.5,26710969.200000003
2025-08-01 12:47:52 PM,480.85,66,31736.100000000002,26742705.300000004
2025-08-01 12:48:12 PM,480.8,0,0.0,26742705.300000004
2025-08-01 12:48:12 PM,480.8,500,240400.0,26983105.300000004
2025-08-01 12:48:53 PM,480.8,10,4808.0,26987913.300000004
2025-08-01 12:50:14 PM,480.85,0,0.0,26987913.300000004
2025-08-01 12:50:18 PM,480.85,3,1442.5500000000002,26989355.850000005
2025-08-01 12:50:40 PM,480.55,0,0.0,26989355.850000005
2025-08-01 12:50:44 PM,480.55,54,25949.7,27015305.550000004
2025-08-01 12:51:22 PM,480.8,0,0.0,27015305.550000004
2025-08-01 12:51:25 PM,480.8,1,480.8,27015786.350000005
2025-08-01 12:51:36 PM,480.35,1,480.35,27016266.700000007
2025-08-01 12:51:46 PM,480.9,21,10098.9,27026365.600000005
2025-08-01 12:52:46 PM,480.7,0,0.0,27026365.600000005
2025-08-01 12:52:49 PM,480.7,1,480.7,27026846.300000004
2025-08-01 12:55:44 PM,480.55,0,0.0,27026846.300000004
2025-08-01 12:55:47 PM,480.55,16,7688.8,27034535.100000005
2025-08-01 12:56:12 PM,479.45,0,0.0,27034535.100000005
2025-08-01 12:56:12 PM,479.45,3040,1457528.0,28492063.100000005
2025-08-01 12:56:16 PM,479.85,0,0.0,28492063.100000005
2025-08-01 12:56:16 PM,479.15,0,0.0,28492063.100000005
2025-08-01 12:56:18 PM,479.15,526,252032.9,28744096.000000004
2025-08-01 12:56:42 PM,479.15,1,479.15,28744575.150000002
2025-08-01 12:56:46 PM,479.8,0,0.0,28744575.150000002
2025-08-01 12:56:47 PM,479.8,30,14394.0,28758969.150000002
2025-08-01 12:57:34 PM,479.75,0,0.0,28758969.150000002
2025-08-01 12:57:37 PM,479.75,1,479.75,28759448.900000002
2025-08-01 12:58:40 PM,479.65,0,0.0,28759448.900000002
2025-08-01 12:58:43 PM,479.65,1,479.65,28759928.55
2025-08-01 12:58:43 PM,479.65,10,4796.5,28764725.05
2025-08-01 12:58:52 PM,479.75,0,0.0,28764725.05
2025-08-01 12:58:53 PM,479.75,100,47975.0,28812700.05
2025-08-01 12:59:42 PM,479.8,0,0.0,28812700.05
2025-08-01 12:59:44 PM,479.8,31,14873.800000000001,28827573.85
2025-08-01 12:59:48 PM,479.45,0,0.0,28827573.85
2025-08-01 12:59:49 PM,479.45,75,35958.75,28863532.6
2025-08-01 12:59:50 PM,479.25,0,0.0,28863532.6
2025-08-01 12:59:55 PM,479.25,10,4792.5,28868325.1
2025-08-01 01:00:26 PM,479.25,100,47925.0,28916250.1
2025-08-01 01:00:46 PM,479.7,2,959.4,28917209.5
2025-08-01 01:01:43 PM,479.65,0,0.0,28917209.5
2025-08-01 01:01:44 PM,479.65,4,1918.6,28919128.1
2025-08-01 01:02:23 PM,479.65,25,11991.25,28931119.35
2025-08-01 01:03:13 PM,479.85,0,0.0,28931119.35
2025-08-01 01:03:13 PM,479.85,4,1919.4,28933038.75
2025-08-01 01:03:24 PM,479.85,5,2399.25,28935438.0
2025-08-01 01:03:51 PM,478.9,0,0.0,28935438.0
2025-08-01 01:03:53 PM,478.9,1051,503323.89999999997,29438761.9
2025-08-01 01:03:55 PM,479.0,0,0.0,29438761.9
2025-08-01 01:03:58 PM,479.0,25,11975.0,29450736.9
2025-08-01 01:04:05 PM,478.75,0,0.0,29450736.9
2025-08-01 01:04:07 PM,478.75,1,478.75,29451215.65
2025-08-01 01:04:11 PM,479.05,0,0.0,29451215.65
2025-08-01 01:04:12 PM,479.05,115,55090.75,29506306.4
2025-08-01 01:04:39 PM,479.55,0,0.0,29506306.4
2025-08-01 01:04:41 PM,479.55,2,959.1,29507265.5
2025-08-01 01:05:06 PM,479.55,25,11988.75,29519254.25
2025-08-01 01:06:17 PM,479.0,0,0.0,29519254.25
2025-08-01 01:06:18 PM,479.0,50,23950.0,29543204.25
2025-08-01 01:06:27 PM,479.55,0,0.0,29543204.25
2025-08-01 01:06:28 PM,479.55,17,8152.35,29551356.6
2025-08-01 01:06:44 PM,479.65,3,1438.9499999999998,29552795.55
2025-08-01 01:06:49 PM,479.65,20,9593.0,29562388.55
2025-08-01 01:07:21 PM,479.2,3,1437.6,29563826.150000002
2025-08-01 01:07:29 PM,479.2,1,479.2,29564305.35
2025-08-01 01:07:30 PM,479.2,3,1437.6,29565742.950000003
2025-08-01 01:07:41 PM,479.45,0,0.0,29565742.950000003
2025-08-01 01:07:42 PM,479.45,5,2397.25,29568140.200000003
2025-08-01 01:08:39 PM,479.2,0,0.0,29568140.200000003
2025-08-01 01:08:39 PM,479.2,168,80505.59999999999,29648645.800000004
2025-08-01 01:08:48 PM,479.2,2,958.4,29649604.200000003
2025-08-01 01:09:00 PM,479.2,5,2396.0,29652000.200000003
2025-08-01 01:09:41 PM,479.55,0,0.0,29652000.200000003
2025-08-01 01:09:42 PM,479.2,0,0.0,29652000.200000003
2025-08-01 01:09:42 PM,479.2,8,3833.6,29655833.800000004
2025-08-01 01:10:48 PM,479.55,0,0.0,29655833.800000004
2025-08-01 01:10:49 PM,479.55,25,11988.75,29667822.550000004
2025-08-01 01:10:52 PM,479.55,9,4315.95,29672138.500000004
2025-08-01 01:10:54 PM,479.7,0,0.0,29672138.500000004
2025-08-01 01:10:57 PM,479.7,5,2398.5,29674537.000000004
2025-08-01 01:11:33 PM,479.85,0,0.0,29674537.000000004
2025-08-01 01:11:33 PM,479.85,15,7197.75,29681734.750000004
2025-08-01 01:11:38 PM,479.7,0,0.0,29681734.750000004
2025-08-01 01:11:41 PM,479.7,201,96419.7,29778154.450000003
2025-08-01 01:11:44 PM,479.55,0,0.0,29778154.450000003
2025-08-01 01:11:46 PM,479.55,2,959.1,29779113.550000004
2025-08-01 01:11:47 PM,479.7,0,0.0,29779113.550000004
2025-08-01 01:11:48 PM,479.7,51,24464.7,29803578.250000004
2025-08-01 01:12:14 PM,479.55,0,0.0,29803578.250000004
2025-08-01 01:12:16 PM,479.55,6,2877.3,29806455.550000004
2025-08-01 01:12:30 PM,479.85,0,0.0,29806455.550000004
2025-08-01 01:12:31 PM,479.85,5,2399.25,29808854.800000004
2025-08-01 01:13:04 PM,479.55,48,23018.4,29831873.200000003
2025-08-01 01:13:14 PM,479.45,31,14862.949999999999,29846736.150000002
2025-08-01 01:13:15 PM,478.95,0,0.0,29846736.150000002
2025-08-01 01:13:16 PM,479.0,0,0.0,29846736.150000002
2025-08-01 01:13:17 PM,479.0,2063,988177.0,30834913.150000002
2025-08-01 01:13:19 PM,479.0,1020,488580.0,31323493.150000002
2025-08-01 01:13:29 PM,479.0,164,78556.0,31402049.150000002
2025-08-01 01:13:53 PM,479.0,2,958.0,31403007.150000002
2025-08-01 01:14:00 PM,479.0,1562,748198.0,32151205.150000002
2025-08-01 01:14:11 PM,479.0,179,85741.0,32236946.150000002
2025-08-01 01:14:13 PM,479.0,1210,579590.0,32816536.150000002
2025-08-01 01:14:33 PM,479.0,5,2395.0,32818931.150000002
2025-08-01 01:14:47 PM,479.0,10,4790.0,32823721.150000002
2025-08-01 01:15:09 PM,479.0,7924,3795596.0,36619317.150000006
2025-08-01 01:15:14 PM,480.35,0,0.0,36619317.150000006
2025-08-01 01:15:14 PM,480.35,1,480.35,36619797.50000001
2025-08-01 01:16:14 PM,478.2,0,0.0,36619797.50000001
2025-08-01 01:16:14 PM,478.1,0,0.0,36619797.50000001
2025-08-01 01:16:15 PM,478.1,1286,614836.6,37234634.10000001
2025-08-01 01:16:16 PM,477.25,0,0.0,37234634.10000001
2025-08-01 01:16:18 PM,477.25,1979,944477.75,38179111.85000001
2025-08-01 01:16:23 PM,477.25,1,477.25,38179589.10000001
2025-08-01 01:16:28 PM,477.3,1,477.3,38180066.400000006
2025-08-01 01:16:40 PM,477.3,1,477.3,38180543.7
2025-08-01 01:16:46 PM,478.05,0,0.0,38180543.7
2025-08-01 01:16:48 PM,478.05,50,23902.5,38204446.2
2025-08-01 01:17:14 PM,477.4,0,0.0,38204446.2
2025-08-01 01:17:15 PM,477.4,25,11935.0,38216381.2
2025-08-01 01:17:22 PM,477.3,0,0.0,38216381.2
2025-08-01 01:17:23 PM,477.3,28,13364.4,38229745.6
2025-08-01 01:17:40 PM,477.95,0,0.0,38229745.6
2025-08-01 01:17:40 PM,477.95,5,2389.75,38232135.35
2025-08-01 01:17:50 PM,478.05,20,9561.0,38241696.35
2025-08-01 01:18:24 PM,478.15,0,0.0,38241696.35
2025-08-01 01:18:25 PM,478.15,30,14344.5,38256040.85
2025-08-01 01:18:35 PM,478.1,3,1434.3000000000002,38257475.15
2025-08-01 01:18:36 PM,477.5,0,0.0,38257475.15
2025-08-01 01:18:39 PM,477.5,209,99797.5,38357272.65
2025-08-01 01:19:00 PM,477.5,22,10505.0,38367777.65
2025-08-01 01:19:22 PM,477.9,0,0.0,38367777.65
2025-08-01 01:19:25 PM,477.9,18,8602.199999999999,38376379.85
2025-08-01 01:19:38 PM,477.6,0,0.0,38376379.85
2025-08-01 01:19:39 PM,477.6,31,14805.6,38391185.45
2025-08-01 01:19:44 PM,478.15,0,0.0,38391185.45
2025-08-01 01:19:45 PM,478.15,100,47815.0,38439000.45
2025-08-01 01:19:52 PM,477.9,0,0.0,38439000.45
2025-08-01 01:19:53 PM,477.9,25,11947.5,38450947.95
2025-08-01 01:20:06 PM,478.0,0,0.0,38450947.95
2025-08-01 01:20:08 PM,478.0,21,10038.0,38460985.95
2025-08-01 01:20:39 PM,478.0,1,478.0,38461463.95
2025-08-01 01:20:42 PM,478.05,0,0.0,38461463.95
2025-08-01 01:20:44 PM,478.05,501,239503.05000000002,38700967.0
2025-08-01 01:20:48 PM,478.0,0,0.0,38700967.0
2025-08-01 01:20:49 PM,478.0,10,4780.0,38705747.0
2025-08-01 01:20:50 PM,477.75,0,0.0,38705747.0
2025-08-01 01:20:54 PM,477.75,101,48252.75,38753999.75
2025-08-01 01:22:28 PM,477.85,0,0.0,38753999.75
2025-08-01 01:22:30 PM,477.85,1000,477850.0,39231849.75
2025-08-01 01:23:34 PM,477.3,0,0.0,39231849.75
2025-08-01 01:23:36 PM,477.3,500,238650.0,39470499.75
2025-08-01 01:23:56 PM,477.25,0,0.0,39470499.75
2025-08-01 01:24:00 PM,477.25,558,266305.5,39736805.25
2025-08-01 01:24:32 PM,478.0,0,0.0,39736805.25
2025-08-01 01:24:33 PM,478.0,1,478.0,39737283.25
2025-08-01 01:24:43 PM,478.0,25,11950.0,39749233.25
2025-08-01 01:24:54 PM,477.45,0,0.0,39749233.25
2025-08-01 01:24:57 PM,477.45,4,1909.8,39751143.05
2025-08-01 01:25:46 PM,477.45,55,26259.75,39777402.8
2025-08-01 01:26:16 PM,477.45,10,4774.5,39782177.3
2025-08-01 01:26:30 PM,477.5,0,0.0,39782177.3
2025-08-01 01:26:31 PM,477.5,26,12415.0,39794592.3
2025-08-01 01:27:27 PM,478.0,0,0.0,39794592.3
2025-08-01 01:27:30 PM,478.0,1,478.0,39795070.3
2025-08-01 01:27:45 PM,478.0,1,478.0,39795548.3
2025-08-01 01:28:24 PM,478.0,25,11950.0,39807498.3
2025-08-01 01:28:24 PM,478.25,82,39216.5,39846714.8
2025-08-01 01:28:38 PM,478.25,10,4782.5,39851497.3
2025-08-01 01:28:47 PM,479.0,934,447386.0,40298883.3
2025-08-01 01:28:54 PM,478.75,0,0.0,40298883.3
2025-08-01 01:28:57 PM,478.75,25,11968.75,40310852.05
2025-08-01 01:28:58 PM,478.15,0,0.0,40310852.05
2025-08-01 01:29:01 PM,478.15,73,34904.95,40345757.0
2025-08-01 01:29:03 PM,477.25,0,0.0,40345757.0
2025-08-01 01:29:06 PM,478.15,538,257244.69999999998,40603001.7
2025-08-01 01:29:25 PM,478.15,25,11953.75,40614955.45
2025-08-01 01:30:33 PM,478.15,1,478.15,40615433.6
2025-08-01 01:30:45 PM,478.6,0,0.0,40615433.6
2025-08-01 01:30:48 PM,478.6,16,7657.6,40623091.2
2025-08-01 01:30:52 PM,478.6,100,47860.0,40670951.2
2025-08-01 01:31:07 PM,478.0,49,23422.0,40694373.2
2025-08-01 01:31:24 PM,478.55,30,14356.5,40708729.7
2025-08-01 01:31:32 PM,478.2,0,0.0,40708729.7
2025-08-01 01:31:33 PM,478.2,2,956.4,40709686.1
2025-08-01 01:33:21 PM,478.65,1,478.65,40710164.75
2025-08-01 01:33:51 PM,478.65,1,478.65,40710643.4
2025-08-01 01:34:52 PM,478.65,1,478.65,40711122.05
2025-08-01 01:34:56 PM,478.45,0,0.0,40711122.05
2025-08-01 01:34:56 PM,478.45,102,48801.9,40759923.949999996
2025-08-01 01:35:06 PM,478.45,60,28707.0,40788630.949999996
2025-08-01 01:35:35 PM,478.55,8,3828.4,40792459.349999994
2025-08-01 01:35:46 PM,478.65,0,0.0,40792459.349999994
2025-08-01 01:35:49 PM,478.65,1,478.65,40792937.99999999
2025-08-01 01:36:20 PM,478.65,20,9573.0,40802510.99999999
2025-08-01 01:36:22 PM,478.8,0,0.0,40802510.99999999
2025-08-01 01:36:23 PM,478.8,100,47880.0,40850390.99999999
2025-08-01 01:36:27 PM,478.65,0,0.0,40850390.99999999
2025-08-01 01:36:29 PM,478.65,8,3829.2,40854220.199999996
2025-08-01 01:37:02 PM,478.3,137,65527.1,40919747.3
2025-08-01 01:37:12 PM,478.5,17,8134.5,40927881.8
2025-08-01 01:38:13 PM,477.9,364,173955.6,41101837.4
2025-08-01 01:38:34 PM,477.7,2,955.4,41102792.8
2025-08-01 01:39:14 PM,477.15,0,0.0,41102792.8
2025-08-01 01:39:18 PM,477.15,201,95907.15,41198699.949999996
2025-08-01 01:39:42 PM,477.6,0,0.0,41198699.949999996
2025-08-01 01:39:43 PM,477.6,1,477.6,41199177.55
2025-08-01 01:39:50 PM,477.65,0,0.0,41199177.55
2025-08-01 01:39:53 PM,477.65,10,4776.5,41203954.05
2025-08-01 01:40:09 PM,477.65,4,1910.6,41205864.65
2025-08-01 01:40:32 PM,477.75,0,0.0,41205864.65
2025-08-01 01:40:34 PM,477.75,10,4777.5,41210642.15
2025-08-01 01:40:36 PM,477.7,0,0.0,41210642.15
2025-08-01 01:40:39 PM,477.7,5,2388.5,41213030.65
2025-08-01 01:41:56 PM,477.3,0,0.0,41213030.65
2025-08-01 01:41:57 PM,477.3,36,17182.8,41230213.449999996
2025-08-01 01:41:58 PM,477.25,0,0.0,41230213.449999996
2025-08-01 01:41:58 PM,477.25,2,954.5,41231167.949999996
2025-08-01 01:42:08 PM,477.5,2,955.0,41232122.949999996
2025-08-01 01:42:54 PM,477.15,0,0.0,41232122.949999996
2025-08-01 01:42:57 PM,477.15,20,9543.0,41241665.949999996
2025-08-01 01:42:58 PM,477.45,0,0.0,41241665.949999996
2025-08-01 01:43:02 PM,477.45,1,477.45,41242143.4
2025-08-01 01:43:42 PM,477.45,7,3342.15,41245485.55
2025-08-01 01:44:24 PM,476.9,0,0.0,41245485.55
2025-08-01 01:44:26 PM,476.9,724,345275.6,41590761.15
2025-08-01 01:44:31 PM,476.8,1,476.8,41591237.949999996
2025-08-01 01:44:46 PM,476.7,2,953.4,41592191.349999994
2025-08-01 01:45:06 PM,476.7,1,476.7,41592668.05
2025-08-01 01:45:30 PM,476.5,0,0.0,41592668.05
2025-08-01 01:45:31 PM,476.5,35,16677.5,41609345.55
2025-08-01 01:45:36 PM,476.5,11,5241.5,41614587.05
2025-08-01 01:45:56 PM,476.5,25,11912.5,41626499.55
2025-08-01 01:46:01 PM,476.35,325,154813.75,41781313.3
2025-08-01 01:46:05 PM,476.35,3,1429.0500000000002,41782742.349999994
2025-08-01 01:46:06 PM,476.3,0,0.0,41782742.349999994
2025-08-01 01:46:10 PM,476.3,1,476.3,41783218.64999999
2025-08-01 01:46:11 PM,476.3,42,20004.600000000002,41803223.24999999
2025-08-01 01:46:28 PM,476.1,0,0.0,41803223.24999999
2025-08-01 01:46:30 PM,476.1,2,952.2,41804175.449999996
2025-08-01 01:46:31 PM,476.1,2,952.2,41805127.65
2025-08-01 01:46:50 PM,476.35,134,63830.9,41868958.55
2025-08-01 01:47:06 PM,476.35,10,4763.5,41873722.05
2025-08-01 01:47:41 PM,476.35,235,111942.25,41985664.3
2025-08-01 01:48:02 PM,476.1,0,0.0,41985664.3
2025-08-01 01:48:04 PM,476.05,0,0.0,41985664.3
2025-08-01 01:48:06 PM,476.05,281,133770.05000000002,42119434.349999994
2025-08-01 01:48:32 PM,476.7,0,0.0,42119434.349999994
2025-08-01 01:48:36 PM,476.7,7,3336.9,42122771.24999999
2025-08-01 01:49:40 PM,476.3,0,0.0,42122771.24999999
2025-08-01 01:49:43 PM,476.3,3,1428.9,42124200.14999999
2025-08-01 01:50:06 PM,476.0,0,0.0,42124200.14999999
2025-08-01 01:50:07 PM,476.0,858,408408.0,42532608.14999999
2025-08-01 01:50:22 PM,476.0,1,476.0,42533084.14999999
2025-08-01 01:50:32 PM,476.0,1,476.0,42533560.14999999
2025-08-01 01:50:46 PM,476.0,2,952.0,42534512.14999999
2025-08-01 01:51:07 PM,476.0,10,4760.0,42539272.14999999
2025-08-01 01:51:22 PM,476.0,1,476.0,42539748.14999999
2025-08-01 01:51:26 PM,476.0,5,2380.0,42542128.14999999
2025-08-01 01:51:34 PM,475.9,0,0.0,42542128.14999999
2025-08-01 01:51:35 PM,475.9,68,32361.199999999997,42574489.349999994
2025-08-01 01:52:05 PM,475.9,271,128968.9,42703458.24999999
2025-08-01 01:52:08 PM,475.05,0,0.0,42703458.24999999
2025-08-01 01:52:10 PM,475.05,500,237525.0,42940983.24999999
2025-08-01 01:52:19 PM,475.05,122,57956.1,42998939.349999994
2025-08-01 01:53:50 PM,475.4,100,47540.0,43046479.349999994
2025-08-01 01:54:28 PM,475.8,98,46628.4,43093107.74999999
2025-08-01 01:54:46 PM,476.2,0,0.0,43093107.74999999
2025-08-01 01:54:47 PM,476.2,65,30953.0,43124060.74999999
2025-08-01 01:54:53 PM,476.55,0,0.0,43124060.74999999
2025-08-01 01:54:53 PM,476.55,50,23827.5,43147888.24999999
2025-08-01 01:55:14 PM,476.6,0,0.0,43147888.24999999
2025-08-01 01:55:17 PM,476.6,1,476.6,43148364.849999994
2025-08-01 01:55:28 PM,476.6,32,15251.2,43163616.05
2025-08-01 01:55:32 PM,476.6,4,1906.4,43165522.449999996
2025-08-01 01:55:42 PM,476.6,31,14774.6,43180297.05
2025-08-01 01:55:50 PM,476.3,0,0.0,43180297.05
2025-08-01 01:55:52 PM,476.3,1,476.3,43180773.349999994
2025-08-01 01:56:22 PM,476.75,0,0.0,43180773.349999994
2025-08-01 01:56:27 PM,476.75,38,18116.5,43198889.849999994
2025-08-01 01:56:38 PM,476.8,0,0.0,43198889.849999994
2025-08-01 01:56:42 PM,476.8,1,476.8,43199366.64999999
2025-08-01 01:56:52 PM,476.75,15,7151.25,43206517.89999999
2025-08-01 01:57:06 PM,476.4,0,0.0,43206517.89999999
2025-08-01 01:57:07 PM,476.4,82,39064.799999999996,43245582.69999999
2025-08-01 01:57:22 PM,476.4,1,476.4,43246059.09999999
2025-08-01 01:58:00 PM,476.0,0,0.0,43246059.09999999
2025-08-01 01:58:00 PM,476.0,37,17612.0,43263671.09999999
2025-08-01 01:58:05 PM,476.0,1,476.0,43264147.09999999
2025-08-01 01:58:26 PM,476.45,0,0.0,43264147.09999999
2025-08-01 01:58:30 PM,476.45,12,5717.4,43269864.499999985
2025-08-01 01:58:32 PM,475.85,0,0.0,43269864.499999985
2025-08-01 01:58:35 PM,475.85,40,19034.0,43288898.499999985
2025-08-01 01:59:24 PM,476.3,0,0.0,43288898.499999985
2025-08-01 01:59:26 PM,476.3,1,476.3,43289374.79999998
2025-08-01 01:59:49 PM,476.4,0,0.0,43289374.79999998
2025-08-01 01:59:51 PM,476.4,1,476.4,43289851.19999998
2025-08-01 02:00:38 PM,475.9,0,0.0,43289851.19999998
2025-08-01 02:00:40 PM,475.9,8,3807.2,43293658.39999998
2025-08-01 02:01:05 PM,476.4,50,23820.0,43317478.39999998
2025-08-01 02:02:03 PM,476.4,35,16674.0,43334152.39999998
2025-08-01 02:02:38 PM,475.85,0,0.0,43334152.39999998
2025-08-01 02:02:42 PM,475.85,32,15227.2,43349379.59999999
2025-08-01 02:02:46 PM,476.25,0,0.0,43349379.59999999
2025-08-01 02:02:47 PM,476.25,10,4762.5,43354142.09999999
2025-08-01 02:03:08 PM,476.25,2,952.5,43355094.59999999
2025-08-01 02:03:18 PM,476.3,0,0.0,43355094.59999999
2025-08-01 02:03:23 PM,476.3,10,4763.0,43359857.59999999
2025-08-01 02:03:36 PM,475.85,0,0.0,43359857.59999999
2025-08-01 02:03:38 PM,475.85,83,39495.55,43399353.14999998
2025-08-01 02:03:52 PM,476.0,0,0.0,43399353.14999998
2025-08-01 02:03:53 PM,476.0,34,16184.0,43415537.14999998
2025-08-01 02:04:18 PM,475.6,10,4756.0,43420293.14999998
2025-08-01 02:04:46 PM,475.5,0,0.0,43420293.14999998
2025-08-01 02:04:49 PM,475.5,52,24726.0,43445019.14999998
2025-08-01 02:05:18 PM,475.45,0,0.0,43445019.14999998
2025-08-01 02:05:19 PM,475.45,529,251513.05,43696532.19999998
2025-08-01 02:05:43 PM,475.75,0,0.0,43696532.19999998
2025-08-01 02:05:44 PM,475.75,10,4757.5,43701289.69999998
2025-08-01 02:05:44 PM,475.5,25,11887.5,43713177.19999998
2025-08-01 02:06:24 PM,475.85,10,4758.5,43717935.69999998
2025-08-01 02:06:39 PM,475.5,3,1426.5,43719362.19999998
2025-08-01 02:07:42 PM,475.4,0,0.0,43719362.19999998
2025-08-01 02:07:46 PM,475.4,137,65129.799999999996,43784491.99999998
2025-08-01 02:08:29 PM,475.55,0,0.0,43784491.99999998
2025-08-01 02:08:32 PM,475.55,56,26630.8,43811122.799999975
2025-08-01 02:08:57 PM,475.6,0,0.0,43811122.799999975
2025-08-01 02:08:58 PM,475.6,1,475.6,43811598.399999976
2025-08-01 02:09:05 PM,475.4,0,0.0,43811598.399999976
2025-08-01 02:09:08 PM,475.4,7,3327.7999999999997,43814926.19999997
2025-08-01 02:09:30 PM,475.6,0,0.0,43814926.19999997
2025-08-01 02:09:33 PM,475.6,1,475.6,43815401.799999975
2025-08-01 02:09:40 PM,475.85,0,0.0,43815401.799999975
2025-08-01 02:09:42 PM,476.0,0,0.0,43815401.799999975
2025-08-01 02:09:43 PM,476.0,138,65688.0,43881089.799999975
2025-08-01 02:10:18 PM,475.55,0,0.0,43881089.799999975
2025-08-01 02:10:18 PM,475.55,55,26155.25,43907245.049999975
2025-08-01 02:11:41 PM,475.85,0,0.0,43907245.049999975
2025-08-01 02:11:41 PM,475.85,2,951.7,43908196.74999998
2025-08-01 02:12:12 PM,475.85,100,47585.0,43955781.74999998
2025-08-01 02:12:59 PM,475.85,38,18082.3,43973864.049999975
2025-08-01 02:13:13 PM,475.85,12,5710.200000000001,43979574.24999998
2025-08-01 02:13:28 PM,476.2,0,0.0,43979574.24999998
2025-08-01 02:13:28 PM,476.2,10,4762.0,43984336.24999998
2025-08-01 02:13:56 PM,475.8,0,0.0,43984336.24999998
2025-08-01 02:13:57 PM,475.8,30,14274.0,43998610.24999998
2025-08-01 02:14:05 PM,475.75,75,35681.25,44034291.49999998
2025-08-01 02:14:11 PM,475.8,10,4758.0,44039049.49999998
2025-08-01 02:14:34 PM,475.9,0,0.0,44039049.49999998
2025-08-01 02:14:34 PM,475.9,2,951.8,44040001.299999975
2025-08-01 02:14:39 PM,475.55,0,0.0,44040001.299999975
2025-08-01 02:14:39 PM,475.55,1,475.55,44040476.84999997
2025-08-01 02:14:54 PM,476.05,50,23802.5,44064279.34999997
2025-08-01 02:15:24 PM,475.6,0,0.0,44064279.34999997
2025-08-01 02:15:26 PM,475.6,2,951.2,44065230.549999975
2025-08-01 02:15:33 PM,476.1,20,9522.0,44074752.549999975
2025-08-01 02:16:39 PM,475.8,5,2379.0,44077131.549999975
2025-08-01 02:17:30 PM,475.95,0,0.0,44077131.549999975
2025-08-01 02:17:33 PM,475.95,25,11898.75,44089030.299999975
2025-08-01 02:18:40 PM,475.95,51,24273.45,44113303.74999998
2025-08-01 02:18:45 PM,476.0,10,4760.0,44118063.74999998
2025-08-01 02:18:48 PM,475.95,0,0.0,44118063.74999998
2025-08-01 02:18:49 PM,475.95,15,7139.25,44125202.99999998
2025-08-01 02:19:08 PM,476.0,0,0.0,44125202.99999998
2025-08-01 02:19:10 PM,476.0,50,23800.0,44149002.99999998
2025-08-01 02:19:20 PM,475.65,1,475.65,44149478.649999976
2025-08-01 02:19:24 PM,475.55,0,0.0,44149478.649999976
2025-08-01 02:19:26 PM,475.55,4,1902.2,44151380.84999998
2025-08-01 02:19:56 PM,475.25,0,0.0,44151380.84999998
2025-08-01 02:19:58 PM,475.25,50,23762.5,44175143.34999998
2025-08-01 02:20:38 PM,475.25,50,23762.5,44198905.84999998
2025-08-01 02:20:46 PM,475.75,0,0.0,44198905.84999998
2025-08-01 02:20:48 PM,475.25,0,0.0,44198905.84999998
2025-08-01 02:20:48 PM,475.25,71,33742.75,44232648.59999998
2025-08-01 02:21:19 PM,475.25,4,1901.0,44234549.59999998
2025-08-01 02:21:24 PM,475.25,440,209110.0,44443659.59999998
2025-08-01 02:21:37 PM,475.05,0,0.0,44443659.59999998
2025-08-01 02:21:40 PM,474.75,2476,1175481.0,45619140.59999998
2025-08-01 02:21:41 PM,474.5,0,0.0,45619140.59999998
2025-08-01 02:21:45 PM,475.0,223,105925.0,45725065.59999998
2025-08-01 02:21:47 PM,474.65,0,0.0,45725065.59999998
2025-08-01 02:21:51 PM,474.65,11,5221.15,45730286.74999998
2025-08-01 02:22:11 PM,474.6,0,0.0,45730286.74999998
2025-08-01 02:22:12 PM,474.6,1,474.6,45730761.34999998
2025-08-01 02:22:21 PM,474.5,0,0.0,45730761.34999998
2025-08-01 02:22:23 PM,474.5,5,2372.5,45733133.84999998
2025-08-01 02:22:30 PM,473.4,0,0.0,45733133.84999998
2025-08-01 02:22:32 PM,473.75,0,0.0,45733133.84999998
2025-08-01 02:22:34 PM,474.45,0,0.0,45733133.84999998
2025-08-01 02:22:34 PM,474.45,785,372443.25,46105577.09999998
2025-08-01 02:22:38 PM,474.6,0,0.0,46105577.09999998
2025-08-01 02:22:39 PM,474.6,4,1898.4,46107475.49999998
2025-08-01 02:22:44 PM,474.75,13,6171.75,46113647.24999998
2025-08-01 02:22:53 PM,474.3,0,0.0,46113647.24999998
2025-08-01 02:22:55 PM,474.3,1,474.3,46114121.549999975
2025-08-01 02:23:07 PM,474.1,0,0.0,46114121.549999975
2025-08-01 02:23:11 PM,474.1,43,20386.3,46134507.84999997
2025-08-01 02:23:12 PM,474.3,0,0.0,46134507.84999997
2025-08-01 02:23:17 PM,474.3,25,11857.5,46146365.34999997
2025-08-01 02:23:38 PM,474.3,150,71145.0,46217510.34999997
2025-08-01 02:23:57 PM,474.2,0,0.0,46217510.34999997
2025-08-01 02:23:59 PM,474.2,5,2371.0,46219881.34999997
2025-08-01 02:24:10 PM,474.35,25,11858.75,46231740.09999997
2025-08-01 02:24:24 PM,474.45,0,0.0,46231740.09999997
2025-08-01 02:24:25 PM,474.45,25,11861.25,46243601.34999997
2025-08-01 02:24:51 PM,474.45,50,23722.5,46267323.84999997
2025-08-01 02:25:19 PM,474.45,2,948.9,46268272.74999997
2025-08-01 02:25:24 PM,474.45,10,4744.5,46273017.24999997
2025-08-01 02:26:06 PM,474.5,0,0.0,46273017.24999997
2025-08-01 02:26:06 PM,474.5,25,11862.5,46284879.74999997
2025-08-01 02:26:17 PM,474.0,50,23700.0,46308579.74999997
2025-08-01 02:26:21 PM,474.5,0,0.0,46308579.74999997
2025-08-01 02:26:23 PM,474.5,30,14235.0,46322814.74999997
2025-08-01 02:26:34 PM,474.95,0,0.0,46322814.74999997
2025-08-01 02:26:38 PM,474.95,421,199953.94999999998,46522768.69999997
2025-08-01 02:27:18 PM,474.6,0,0.0,46522768.69999997
2025-08-01 02:27:21 PM,474.7,13,6171.099999999999,46528939.799999975
2025-08-01 02:27:44 PM,474.55,0,0.0,46528939.799999975
2025-08-01 02:27:48 PM,474.55,10,4745.5,46533685.299999975
2025-08-01 02:27:49 PM,474.6,0,0.0,46533685.299999975
2025-08-01 02:27:49 PM,474.6,5,2373.0,46536058.299999975
2025-08-01 02:27:59 PM,474.6,1,474.6,46536532.899999976
2025-08-01 02:28:37 PM,474.0,0,0.0,46536532.899999976
2025-08-01 02:28:37 PM,474.0,8,3792.0,46540324.899999976
2025-08-01 02:28:49 PM,474.0,5,2370.0,46542694.899999976
2025-08-01 02:28:52 PM,473.9,0,0.0,46542694.899999976
2025-08-01 02:28:53 PM,473.9,23,10899.699999999999,46553594.59999998
2025-08-01 02:28:55 PM,473.85,0,0.0,46553594.59999998
2025-08-01 02:28:59 PM,473.85,3,1421.5500000000002,46555016.149999976
2025-08-01 02:29:17 PM,473.85,6,2843.1000000000004,46557859.24999998
2025-08-01 02:29:32 PM,473.9,0,0.0,46557859.24999998
2025-08-01 02:29:34 PM,473.9,10,4739.0,46562598.24999998
2025-08-01 02:29:37 PM,473.85,0,0.0,46562598.24999998
2025-08-01 02:29:39 PM,473.85,4,1895.4,46564493.649999976
2025-08-01 02:29:49 PM,474.1,0,0.0,46564493.649999976
2025-08-01 02:29:49 PM,474.1,2,948.2,46565441.84999998
2025-08-01 02:29:50 PM,474.1,50,23705.0,46589146.84999998
2025-08-01 02:29:55 PM,474.1,1,474.1,46589620.94999998
2025-08-01 02:30:12 PM,474.1,10,4741.0,46594361.94999998
2025-08-01 02:30:23 PM,474.1,20,9482.0,46603843.94999998
2025-08-01 02:30:24 PM,474.1,4,1896.4,46605740.34999998
2025-08-01 02:31:12 PM,474.1,25,11852.5,46617592.84999998
2025-08-01 02:31:49 PM,474.1,88,41720.8,46659313.649999976
2025-08-01 02:32:08 PM,474.6,0,0.0,46659313.649999976
2025-08-01 02:32:11 PM,474.15,0,0.0,46659313.649999976
2025-08-01 02:32:11 PM,474.15,51,24181.649999999998,46683495.299999975
2025-08-01 02:32:12 PM,474.45,0,0.0,46683495.299999975
2025-08-01 02:32:12 PM,474.45,21,9963.449999999999,46693458.74999998
2025-08-01 02:32:38 PM,474.45,100,47445.0,46740903.74999998
2025-08-01 02:32:56 PM,474.6,0,0.0,46740903.74999998
2025-08-01 02:32:56 PM,474.6,6,2847.6000000000004,46743751.34999998
2025-08-01 02:33:16 PM,474.6,5,2373.0,46746124.34999998
2025-08-01 02:34:22 PM,474.6,13,6169.8,46752294.149999976
2025-08-01 02:34:36 PM,474.6,5,2373.0,46754667.149999976
2025-08-01 02:34:43 PM,474.5,0,0.0,46754667.149999976
2025-08-01 02:34:44 PM,474.5,9,4270.5,46758937.649999976
2025-08-01 02:34:58 PM,474.5,12,5694.0,46764631.649999976
2025-08-01 02:35:11 PM,474.5,1,474.5,46765106.149999976
2025-08-01 02:35:22 PM,474.5,1,474.5,46765580.649999976
2025-08-01 02:35:27 PM,474.5,10,4745.0,46770325.649999976
2025-08-01 02:35:51 PM,474.5,50,23725.0,46794050.649999976
2025-08-01 02:36:22 PM,474.35,0,0.0,46794050.649999976
2025-08-01 02:36:22 PM,474.35,230,109100.5,46903151.149999976
2025-08-01 02:36:28 PM,474.4,0,0.0,46903151.149999976
2025-08-01 02:36:28 PM,474.4,20,9488.0,46912639.149999976
2025-08-01 02:37:22 PM,474.4,1,474.4,46913113.549999975
2025-08-01 02:37:37 PM,474.45,50,23722.5,46936836.049999975
2025-08-01 02:38:00 PM,474.45,5,2372.25,46939208.299999975
2025-08-01 02:38:07 PM,474.4,0,0.0,46939208.299999975
2025-08-01 02:38:10 PM,474.4,1,474.4,46939682.69999997
2025-08-01 02:38:11 PM,474.0,0,0.0,46939682.69999997
2025-08-01 02:38:11 PM,474.0,1,474.0,46940156.69999997
2025-08-01 02:38:20 PM,474.05,0,0.0,46940156.69999997
2025-08-01 02:38:21 PM,474.05,5,2370.25,46942526.94999997
2025-08-01 02:38:29 PM,474.2,12,5690.4,46948217.34999997
2025-08-01 02:38:38 PM,474.2,42,19916.399999999998,46968133.74999997
2025-08-01 02:38:44 PM,474.5,0,0.0,46968133.74999997
2025-08-01 02:38:44 PM,474.5,26,12337.0,46980470.74999997
2025-08-01 02:38:58 PM,474.9,0,0.0,46980470.74999997
2025-08-01 02:39:01 PM,474.9,458,217504.19999999998,47197974.94999997
2025-08-01 02:40:02 PM,474.7,0,0.0,47197974.94999997
2025-08-01 02:40:04 PM,474.7,1,474.7,47198449.649999976
2025-08-01 02:40:26 PM,474.9,10,4749.0,47203198.649999976
2025-08-01 02:40:32 PM,475.0,0,0.0,47203198.649999976
2025-08-01 02:40:32 PM,475.0,421,199975.0,47403173.649999976
2025-08-01 02:40:46 PM,474.25,0,0.0,47403173.649999976
2025-08-01 02:40:48 PM,474.25,1000,474250.0,47877423.649999976
2025-08-01 02:41:02 PM,474.45,0,0.0,47877423.649999976
2025-08-01 02:41:05 PM,474.45,2,948.9,47878372.549999975
2025-08-01 02:41:28 PM,475.1,0,0.0,47878372.549999975
2025-08-01 02:41:30 PM,474.45,0,0.0,47878372.549999975
2025-08-01 02:41:32 PM,474.45,54,25620.3,47903992.84999997
2025-08-01 02:41:53 PM,470.9,12701,5980900.899999999,53884893.74999997
2025-08-01 02:41:54 PM,471.2,0,0.0,53884893.74999997
2025-08-01 02:41:56 PM,470.75,0,0.0,53884893.74999997
2025-08-01 02:41:58 PM,471.65,0,0.0,53884893.74999997
2025-08-01 02:41:58 PM,471.25,205,96606.25,53981499.99999997
2025-08-01 02:42:04 PM,470.15,1,470.15,53981970.14999997
2025-08-01 02:42:06 PM,470.2,0,0.0,53981970.14999997
2025-08-01 02:42:08 PM,470.95,0,0.0,53981970.14999997
2025-08-01 02:42:09 PM,470.95,16,7535.2,53989505.34999997
2025-08-01 02:42:18 PM,470.75,0,0.0,53989505.34999997
2025-08-01 02:42:20 PM,470.75,1,470.75,53989976.09999997
2025-08-01 02:42:24 PM,470.95,0,0.0,53989976.09999997
2025-08-01 02:42:25 PM,470.95,52,24489.399999999998,54014465.49999997
2025-08-01 02:42:28 PM,470.75,0,0.0,54014465.49999997
2025-08-01 02:42:30 PM,470.75,100,47075.0,54061540.49999997
2025-08-01 02:42:39 PM,471.05,0,0.0,54061540.49999997
2025-08-01 02:42:41 PM,471.05,5,2355.25,54063895.74999997
2025-08-01 02:42:46 PM,471.05,47,22139.350000000002,54086035.09999997
2025-08-01 02:42:52 PM,471.45,0,0.0,54086035.09999997
2025-08-01 02:42:52 PM,471.45,2,942.9,54086977.99999997
2025-08-01 02:42:57 PM,471.45,1,471.45,54087449.44999997
2025-08-01 02:43:01 PM,471.45,1,471.45,54087920.899999976
2025-08-01 02:43:21 PM,471.5,0,0.0,54087920.899999976
2025-08-01 02:43:24 PM,471.55,0,0.0,54087920.899999976
2025-08-01 02:43:24 PM,471.55,168,79220.40000000001,54167141.299999975
2025-08-01 02:43:51 PM,471.45,0,0.0,54167141.299999975
2025-08-01 02:43:51 PM,471.45,26,12257.699999999999,54179398.99999998
2025-08-01 02:43:55 PM,471.75,0,0.0,54179398.99999998
2025-08-01 02:43:56 PM,471.75,5,2358.75,54181757.74999998
2025-08-01 02:44:08 PM,471.75,1,471.75,54182229.49999998
2025-08-01 02:44:14 PM,471.45,0,0.0,54182229.49999998
2025-08-01 02:44:14 PM,471.45,50,23572.5,54205801.99999998
2025-08-01 02:44:24 PM,471.75,73,34437.75,54240239.74999998
2025-08-01 02:44:29 PM,471.85,0,0.0,54240239.74999998
2025-08-01 02:44:30 PM,471.85,100,47185.0,54287424.74999998
2025-08-01 02:44:41 PM,471.8,0,0.0,54287424.74999998
2025-08-01 02:44:41 PM,471.8,50,23590.0,54311014.74999998
2025-08-01 02:45:14 PM,471.85,0,0.0,54311014.74999998
2025-08-01 02:45:16 PM,471.85,1,471.85,54311486.59999998
2025-08-01 02:45:44 PM,471.85,1,471.85,54311958.44999998
2025-08-01 02:46:11 PM,472.1,201,94892.1,54406850.54999998
2025-08-01 02:46:22 PM,471.5,310,146165.0,54553015.54999998
2025-08-01 02:47:12 PM,472.25,50,23612.5,54576628.04999998
2025-08-01 02:47:18 PM,471.85,2,943.7,54577571.749999985
2025-08-01 02:48:12 PM,472.0,0,0.0,54577571.749999985
2025-08-01 02:48:16 PM,472.0,4,1888.0,54579459.749999985
2025-08-01 02:48:27 PM,471.5,549,258853.5,54838313.249999985
2025-08-01 02:48:30 PM,472.2,0,0.0,54838313.249999985
2025-08-01 02:48:32 PM,472.1,53,25021.300000000003,54863334.54999998
2025-08-01 02:48:48 PM,472.4,0,0.0,54863334.54999998
2025-08-01 02:48:49 PM,472.4,123,58105.2,54921439.749999985
2025-08-01 02:49:05 PM,472.4,100,47240.0,54968679.749999985
2025-08-01 02:49:44 PM,472.4,86,40626.4,55009306.14999998
2025-08-01 02:49:50 PM,472.4,10,4724.0,55014030.14999998
2025-08-01 02:50:04 PM,472.45,0,0.0,55014030.14999998
2025-08-01 02:50:06 PM,472.45,26,12283.699999999999,55026313.84999999
2025-08-01 02:50:27 PM,472.0,0,0.0,55026313.84999999
2025-08-01 02:50:28 PM,472.0,2,944.0,55027257.84999999
2025-08-01 02:50:55 PM,472.45,10,4724.5,55031982.34999999
2025-08-01 02:51:00 PM,472.45,10,4724.5,55036706.84999999
2025-08-01 02:51:06 PM,472.4,5,2362.0,55039068.84999999
2025-08-01 02:51:15 PM,471.8,0,0.0,55039068.84999999
2025-08-01 02:51:17 PM,471.8,22,10379.6,55049448.44999999
2025-08-01 02:51:20 PM,472.4,0,0.0,55049448.44999999
2025-08-01 02:51:22 PM,472.4,1,472.4,55049920.84999999
2025-08-01 02:51:38 PM,472.45,0,0.0,55049920.84999999
2025-08-01 02:51:39 PM,472.45,70,33071.5,55082992.34999999
2025-08-01 02:51:49 PM,472.4,4,1889.6,55084881.94999999
2025-08-01 02:52:21 PM,472.4,12,5668.799999999999,55090550.749999985
2025-08-01 02:52:26 PM,471.9,0,0.0,55090550.749999985
2025-08-01 02:52:27 PM,471.9,26,12269.4,55102820.14999998
2025-08-01 02:52:59 PM,471.9,11,5190.9,55108011.04999998
2025-08-01 02:53:01 PM,471.8,0,0.0,55108011.04999998
2025-08-01 02:53:04 PM,471.8,1,471.8,55108482.84999998
2025-08-01 02:53:28 PM,472.25,6,2833.5,55111316.34999998
2025-08-01 02:53:38 PM,471.9,9,4247.099999999999,55115563.44999998
2025-08-01 02:53:52 PM,471.9,70,33033.0,55148596.44999998
2025-08-01 02:54:01 PM,472.25,0,0.0,55148596.44999998
2025-08-01 02:54:02 PM,472.25,1,472.25,55149068.69999998
2025-08-01 02:54:24 PM,472.25,3,1416.75,55150485.44999998
2025-08-01 02:55:02 PM,472.25,1,472.25,55150957.69999998
2025-08-01 02:55:10 PM,472.25,10,4722.5,55155680.19999998
2025-08-01 02:55:21 PM,472.0,10,4720.0,55160400.19999998
2025-08-01 02:55:22 PM,472.25,0,0.0,55160400.19999998
2025-08-01 02:55:25 PM,472.25,1,472.25,55160872.44999998
2025-08-01 02:55:50 PM,472.2,0,0.0,55160872.44999998
2025-08-01 02:55:51 PM,472.25,0,0.0,55160872.44999998
2025-08-01 02:55:52 PM,472.25,83,39196.75,55200069.19999998
2025-08-01 02:56:53 PM,472.2,0,0.0,55200069.19999998
2025-08-01 02:56:53 PM,471.9,115,54268.5,55254337.69999998
2025-08-01 02:57:08 PM,472.25,0,0.0,55254337.69999998
2025-08-01 02:57:10 PM,471.9,97,45774.299999999996,55300111.99999998
2025-08-01 02:57:26 PM,471.9,6,2831.3999999999996,55302943.399999976
2025-08-01 02:57:31 PM,471.5,0,0.0,55302943.399999976
2025-08-01 02:57:32 PM,471.85,130,61340.5,55364283.899999976
2025-08-01 02:57:55 PM,472.15,107,50520.049999999996,55414803.94999997
2025-08-01 02:58:07 PM,471.7,0,0.0,55414803.94999997
2025-08-01 02:58:10 PM,471.7,17,8018.9,55422822.84999997
2025-08-01 02:58:41 PM,472.2,5,2361.0,55425183.84999997
2025-08-01 02:58:45 PM,472.2,8,3777.6,55428961.44999997
2025-08-01 02:58:56 PM,472.2,1,472.2,55429433.649999976
2025-08-01 02:59:21 PM,472.2,7,3305.4,55432739.049999975
2025-08-01 02:59:30 PM,472.2,29,13693.8,55446432.84999997
2025-08-01 02:59:41 PM,472.2,2,944.4,55447377.24999997
2025-08-01 02:59:47 PM,472.2,23,10860.6,55458237.84999997
2025-08-01 02:59:52 PM,472.25,0,0.0,55458237.84999997
2025-08-01 02:59:53 PM,472.25,159,75087.75,55533325.59999997
2025-08-01 03:00:06 PM,471.0,1047,493137.0,56026462.59999997
2025-08-01 03:00:12 PM,471.0,20,9420.0,56035882.59999997
2025-08-01 03:00:15 PM,471.7,0,0.0,56035882.59999997
2025-08-01 03:00:16 PM,471.7,72,33962.4,56069844.99999997
2025-08-01 03:00:18 PM,471.6,29,13676.400000000001,56083521.39999997
2025-08-01 03:00:22 PM,471.9,20,9438.0,56092959.39999997
2025-08-01 03:00:24 PM,472.25,214,101061.5,56194020.89999997
2025-08-01 03:00:34 PM,472.55,5,2362.75,56196383.64999997
2025-08-01 03:00:51 PM,471.6,0,0.0,56196383.64999997
2025-08-01 03:00:51 PM,471.6,400,188640.0,56385023.64999997
2025-08-01 03:01:03 PM,471.65,5,2358.25,56387381.89999997
2025-08-01 03:01:22 PM,472.05,0,0.0,56387381.89999997
2025-08-01 03:01:25 PM,472.05,15,7080.75,56394462.64999997
2025-08-01 03:01:40 PM,472.3,1,472.3,56394934.949999966
2025-08-01 03:02:26 PM,472.3,3,1416.9,56396351.849999964
2025-08-01 03:02:32 PM,471.8,14,6605.2,56402957.04999997
2025-08-01 03:02:36 PM,472.45,0,0.0,56402957.04999997
2025-08-01 03:02:38 PM,472.45,58,27402.1,56430359.14999997
2025-08-01 03:02:47 PM,472.5,10,4725.0,56435084.14999997
2025-08-01 03:03:03 PM,472.5,95,44887.5,56479971.64999997
2025-08-01 03:03:05 PM,472.65,6,2835.8999999999996,56482807.54999997
2025-08-01 03:03:12 PM,472.0,0,0.0,56482807.54999997
2025-08-01 03:03:12 PM,472.0,65,30680.0,56513487.54999997
2025-08-01 03:03:27 PM,472.35,27,12753.45,56526240.99999997
2025-08-01 03:03:48 PM,472.55,0,0.0,56526240.99999997
2025-08-01 03:03:48 PM,472.55,3,1417.65,56527658.64999997
2025-08-01 03:03:54 PM,471.65,0,0.0,56527658.64999997
2025-08-01 03:03:54 PM,471.65,200,94330.0,56621988.64999997
2025-08-01 03:04:03 PM,472.5,10,4725.0,56626713.64999997
2025-08-01 03:04:06 PM,472.45,0,0.0,56626713.64999997
2025-08-01 03:04:07 PM,472.45,2,944.9,56627658.54999997
2025-08-01 03:04:25 PM,472.45,12,5669.4,56633327.949999966
2025-08-01 03:04:40 PM,472.3,0,0.0,56633327.949999966
2025-08-01 03:04:40 PM,472.3,1,472.3,56633800.24999996
2025-08-01 03:04:43 PM,472.0,1,472.0,56634272.24999996
2025-08-01 03:04:55 PM,472.2,222,104828.4,56739100.64999996
2025-08-01 03:05:05 PM,472.2,49,23137.8,56762238.44999996
2025-08-01 03:05:20 PM,472.4,0,0.0,56762238.44999996
2025-08-01 03:05:21 PM,472.4,42,19840.8,56782079.249999955
2025-08-01 03:05:24 PM,472.5,0,0.0,56782079.249999955
2025-08-01 03:05:24 PM,472.5,39,18427.5,56800506.749999955
2025-08-01 03:05:52 PM,472.5,10,4725.0,56805231.749999955
2025-08-01 03:05:54 PM,472.2,0,0.0,56805231.749999955
2025-08-01 03:05:55 PM,472.5,27,12757.5,56817989.249999955
2025-08-01 03:06:04 PM,472.45,11,5196.95,56823186.19999996
2025-08-01 03:06:28 PM,472.2,0,0.0,56823186.19999996
2025-08-01 03:06:29 PM,472.2,5,2361.0,56825547.19999996
2025-08-01 03:06:35 PM,472.3,2,944.6,56826491.79999996
2025-08-01 03:06:48 PM,472.0,15,7080.0,56833571.79999996
2025-08-01 03:07:10 PM,472.25,26,12278.5,56845850.29999996
2025-08-01 03:07:23 PM,472.25,5,2361.25,56848211.54999996
2025-08-01 03:07:31 PM,472.3,50,23615.0,56871826.54999996
2025-08-01 03:07:38 PM,472.15,0,0.0,56871826.54999996
2025-08-01 03:07:41 PM,472.15,22,10387.3,56882213.84999996
2025-08-01 03:07:46 PM,472.25,0,0.0,56882213.84999996
2025-08-01 03:07:47 PM,472.25,5,2361.25,56884575.09999996
2025-08-01 03:07:52 PM,472.0,0,0.0,56884575.09999996
2025-08-01 03:07:53 PM,472.0,2,944.0,56885519.09999996
2025-08-01 03:07:59 PM,471.6,117,55177.200000000004,56940696.29999996
2025-08-01 03:08:05 PM,472.05,8,3776.4,56944472.69999996
2025-08-01 03:08:21 PM,472.05,20,9441.0,56953913.69999996
2025-08-01 03:08:22 PM,471.05,0,0.0,56953913.69999996
2025-08-01 03:08:25 PM,471.65,197,92915.04999999999,57046828.749999955
2025-08-01 03:08:29 PM,471.05,0,0.0,57046828.749999955
2025-08-01 03:08:31 PM,471.05,25,11776.25,57058604.999999955
2025-08-01 03:08:41 PM,471.3,0,0.0,57058604.999999955
2025-08-01 03:08:43 PM,471.3,44,20737.2,57079342.19999996
2025-08-01 03:08:56 PM,471.4,0,0.0,57079342.19999996
2025-08-01 03:08:58 PM,471.25,144,67860.0,57147202.19999996
2025-08-01 03:09:02 PM,471.4,36,16970.399999999998,57164172.59999996
2025-08-01 03:09:28 PM,471.35,0,0.0,57164172.59999996
2025-08-01 03:09:29 PM,471.35,1,471.35,57164643.94999996
2025-08-01 03:09:47 PM,471.25,442,208292.5,57372936.44999996
2025-08-01 03:09:52 PM,471.1,0,0.0,57372936.44999996
2025-08-01 03:09:54 PM,471.3,26,12253.800000000001,57385190.249999955
2025-08-01 03:09:57 PM,471.15,30,14134.5,57399324.749999955
2025-08-01 03:10:09 PM,471.3,12,5655.6,57404980.34999996
2025-08-01 03:10:23 PM,471.2,20,9424.0,57414404.34999996
2025-08-01 03:10:30 PM,471.0,1066,502086.0,57916490.34999996
2025-08-01 03:10:35 PM,470.6,0,0.0,57916490.34999996
2025-08-01 03:10:36 PM,470.6,37,17412.2,57933902.54999996
2025-08-01 03:10:45 PM,470.6,16,7529.6,57941432.14999996
2025-08-01 03:10:49 PM,470.65,1,470.65,57941902.79999996
2025-08-01 03:10:51 PM,470.55,68,31997.4,57973900.19999996
2025-08-01 03:10:55 PM,470.55,3,1411.65,57975311.84999996
2025-08-01 03:11:08 PM,470.55,20,9411.0,57984722.84999996
2025-08-01 03:11:10 PM,470.5,2,941.0,57985663.84999996
2025-08-01 03:11:15 PM,470.4,10,4704.0,57990367.84999996
2025-08-01 03:11:21 PM,470.4,1,470.4,57990838.249999955
2025-08-01 03:11:27 PM,470.55,644,303034.2,58293872.44999996
2025-08-01 03:11:34 PM,470.55,1,470.55,58294342.999999955
2025-08-01 03:11:40 PM,470.4,12,5644.799999999999,58299987.79999995
2025-08-01 03:11:46 PM,470.45,15,7056.75,58307044.54999995
2025-08-01 03:11:53 PM,470.4,2,940.8,58307985.34999995
2025-08-01 03:11:59 PM,470.4,3,1411.1999999999998,58309396.54999995
2025-08-01 03:12:06 PM,470.4,41,19286.399999999998,58328682.94999995
2025-08-01 03:12:12 PM,470.45,0,0.0,58328682.94999995
2025-08-01 03:12:13 PM,470.45,9,4234.05,58332916.99999995
2025-08-01 03:12:19 PM,470.45,9,4234.05,58337151.049999945
2025-08-01 03:12:25 PM,470.45,8,3763.6,58340914.64999995
2025-08-01 03:12:28 PM,470.9,50,23545.0,58364459.64999995
2025-08-01 03:12:45 PM,470.75,30,14122.5,58378582.14999995
2025-08-01 03:12:54 PM,470.05,1121,526926.05,58905508.19999994
2025-08-01 03:12:57 PM,470.2,0,0.0,58905508.19999994
2025-08-01 03:12:58 PM,470.2,4,1880.8,58907388.99999994
2025-08-01 03:13:03 PM,470.15,0,0.0,58907388.99999994
2025-08-01 03:13:04 PM,470.15,2,940.3,58908329.29999994
2025-08-01 03:13:05 PM,470.2,0,0.0,58908329.29999994
2025-08-01 03:13:08 PM,470.2,90,42318.0,58950647.29999994
2025-08-01 03:13:11 PM,470.2,5,2351.0,58952998.29999994
2025-08-01 03:13:27 PM,470.2,11,5172.2,58958170.49999994
2025-08-01 03:13:30 PM,470.25,0,0.0,58958170.49999994
2025-08-01 03:13:33 PM,470.25,14,6583.5,58964753.99999994
2025-08-01 03:13:37 PM,470.2,0,0.0,58964753.99999994
2025-08-01 03:13:38 PM,470.2,20,9404.0,58974157.99999994
2025-08-01 03:13:44 PM,470.2,4,1880.8,58976038.79999994
2025-08-01 03:13:53 PM,470.05,0,0.0,58976038.79999994
2025-08-01 03:13:53 PM,470.05,605,284380.25,59260419.04999994
2025-08-01 03:14:08 PM,470.2,0,0.0,59260419.04999994
2025-08-01 03:14:09 PM,470.2,42,19748.399999999998,59280167.449999936
2025-08-01 03:14:13 PM,470.45,0,0.0,59280167.449999936
2025-08-01 03:14:15 PM,470.45,12,5645.4,59285812.849999934
2025-08-01 03:14:24 PM,470.65,9,4235.849999999999,59290048.699999936
2025-08-01 03:14:30 PM,470.65,2,941.3,59290989.99999993
2025-08-01 03:14:48 PM,470.45,14,6586.3,59297576.29999993
2025-08-01 03:14:52 PM,470.45,13,6115.849999999999,59303692.14999993
2025-08-01 03:15:04 PM,470.45,195,91737.75,59395429.89999993
2025-08-01 03:15:07 PM,470.6,0,0.0,59395429.89999993
2025-08-01 03:15:07 PM,470.6,15,7059.0,59402488.89999993
2025-08-01 03:15:12 PM,470.5,9,4234.5,59406723.39999993
2025-08-01 03:15:17 PM,470.65,0,0.0,59406723.39999993
2025-08-01 03:15:19 PM,470.65,6,2823.8999999999996,59409547.29999993
2025-08-01 03:15:32 PM,470.7,0,0.0,59409547.29999993
2025-08-01 03:15:34 PM,470.7,532,250412.4,59659959.69999993
2025-08-01 03:15:42 PM,470.9,24,11301.599999999999,59671261.29999993
2025-08-01 03:15:46 PM,471.0,0,0.0,59671261.29999993
2025-08-01 03:15:49 PM,471.05,27,12718.35,59683979.64999993
2025-08-01 03:15:55 PM,470.9,0,0.0,59683979.64999993
2025-08-01 03:15:56 PM,471.0,555,261405.0,59945384.64999993
2025-08-01 03:15:58 PM,471.0,257,121047.0,60066431.64999993
2025-08-01 03:16:03 PM,471.0,335,157785.0,60224216.64999993
2025-08-01 03:16:10 PM,471.0,180,84780.0,60308996.64999993
2025-08-01 03:16:12 PM,471.05,12,5652.6,60314649.24999993
2025-08-01 03:16:15 PM,471.0,0,0.0,60314649.24999993
2025-08-01 03:16:17 PM,471.0,4,1884.0,60316533.24999993
2025-08-01 03:16:19 PM,471.05,14,6594.7,60323127.949999936
2025-08-01 03:16:45 PM,471.25,5,2356.25,60325484.199999936
2025-08-01 03:16:51 PM,471.05,0,0.0,60325484.199999936
2025-08-01 03:16:51 PM,471.25,10,4712.5,60330196.699999936
2025-08-01 03:16:58 PM,471.05,67,31560.350000000002,60361757.04999994
2025-08-01 03:17:01 PM,471.1,0,0.0,60361757.04999994
2025-08-01 03:17:05 PM,471.25,63,29688.75,60391445.79999994
2025-08-01 03:17:11 PM,471.1,0,0.0,60391445.79999994
2025-08-01 03:17:12 PM,471.1,29,13661.900000000001,60405107.699999936
2025-08-01 03:17:24 PM,471.25,0,0.0,60405107.699999936
2025-08-01 03:17:25 PM,471.25,5,2356.25,60407463.949999936
2025-08-01 03:17:38 PM,471.2,3,1413.6,60408877.54999994
2025-08-01 03:17:46 PM,471.2,46,21675.2,60430552.74999994
2025-08-01 03:17:49 PM,471.1,0,0.0,60430552.74999994
2025-08-01 03:17:51 PM,471.1,100,47110.0,60477662.74999994
2025-08-01 03:17:52 PM,471.2,46,21675.2,60499337.94999994
2025-08-01 03:18:06 PM,471.1,100,47110.0,60546447.94999994
2025-08-01 03:18:09 PM,471.2,0,0.0,60546447.94999994
2025-08-01 03:18:11 PM,471.1,729,343431.9,60889879.84999994
2025-08-01 03:18:24 PM,471.2,3,1413.6,60891293.44999994
2025-08-01 03:18:28 PM,471.25,0,0.0,60891293.44999994
2025-08-01 03:18:30 PM,471.2,74,34868.799999999996,60926162.24999994
2025-08-01 03:18:50 PM,471.2,110,51832.0,60977994.24999994
2025-08-01 03:19:10 PM,471.2,93,43821.6,61021815.84999994
2025-08-01 03:19:16 PM,471.3,102,48072.6,61069888.44999994
2025-08-01 03:19:25 PM,471.2,1,471.2,61070359.64999995
2025-08-01 03:19:31 PM,471.3,1,471.3,61070830.94999994
2025-08-01 03:19:36 PM,471.3,32,15081.6,61085912.549999945
2025-08-01 03:19:42 PM,471.3,2,942.6,61086855.14999995
2025-08-01 03:20:02 PM,471.1,379,178546.9,61265402.049999945
2025-08-01 03:20:03 PM,471.3,0,0.0,61265402.049999945
2025-08-01 03:20:04 PM,471.3,34,16024.2,61281426.24999995
2025-08-01 03:20:10 PM,471.3,10,4713.0,61286139.24999995
2025-08-01 03:20:12 PM,471.1,25,11777.5,61297916.74999995
2025-08-01 03:20:17 PM,471.3,101,47601.3,61345518.049999945
2025-08-01 03:20:27 PM,471.15,1,471.15,61345989.19999994
2025-08-01 03:20:31 PM,471.1,0,0.0,61345989.19999994
2025-08-01 03:20:31 PM,471.15,396,186575.4,61532564.59999994
2025-08-01 03:20:45 PM,471.2,10,4712.0,61537276.59999994
2025-08-01 03:21:01 PM,471.1,121,57003.100000000006,61594279.69999994
2025-08-01 03:21:20 PM,471.1,500,235550.0,61829829.69999994
2025-08-01 03:21:27 PM,471.15,12,5653.799999999999,61835483.49999994
2025-08-01 03:21:42 PM,471.15,20,9423.0,61844906.49999994
2025-08-01 03:21:47 PM,471.15,16,7538.4,61852444.89999994
2025-08-01 03:21:54 PM,471.1,1,471.1,61852915.99999994
2025-08-01 03:22:10 PM,471.15,0,0.0,61852915.99999994
2025-08-01 03:22:13 PM,471.1,1264,595470.4,62448386.39999994
2025-08-01 03:22:15 PM,471.1,10,4711.0,62453097.39999994
2025-08-01 03:22:27 PM,471.1,43,20257.3,62473354.699999936
2025-08-01 03:22:29 PM,471.1,100,47110.0,62520464.699999936
2025-08-01 03:22:36 PM,471.1,50,23555.0,62544019.699999936
2025-08-01 03:22:38 PM,471.15,0,0.0,62544019.699999936
2025-08-01 03:22:41 PM,471.15,37,17432.55,62561452.24999993
2025-08-01 03:22:42 PM,471.1,250,117775.0,62679227.24999993
2025-08-01 03:22:47 PM,471.1,255,120130.5,62799357.74999993
2025-08-01 03:23:00 PM,471.05,214,100804.7,62900162.449999936
2025-08-01 03:23:05 PM,471.15,0,0.0,62900162.449999936
2025-08-01 03:23:07 PM,471.15,10,4711.5,62904873.949999936
2025-08-01 03:23:09 PM,471.15,10,4711.5,62909585.449999936
2025-08-01 03:23:14 PM,471.0,129,60759.0,62970344.449999936
2025-08-01 03:23:36 PM,470.85,0,0.0,62970344.449999936
2025-08-01 03:23:40 PM,470.85,100,47085.0,63017429.449999936
2025-08-01 03:23:45 PM,470.95,0,0.0,63017429.449999936
2025-08-01 03:23:47 PM,470.5,105,49402.5,63066831.949999936
2025-08-01 03:23:53 PM,470.5,112,52696.0,63119527.949999936
2025-08-01 03:24:00 PM,470.05,250,117512.5,63237040.449999936
2025-08-01 03:24:04 PM,470.45,0,0.0,63237040.449999936
2025-08-01 03:24:07 PM,470.45,16,7527.2,63244567.64999994
2025-08-01 03:24:08 PM,470.45,7,3293.15,63247860.79999994
2025-08-01 03:24:14 PM,469.5,0,0.0,63247860.79999994
2025-08-01 03:24:14 PM,469.75,2961,1390929.75,64638790.54999994
2025-08-01 03:24:15 PM,469.55,1,469.55,64639260.099999934
2025-08-01 03:24:21 PM,469.75,209,98177.75,64737437.849999934
2025-08-01 03:24:22 PM,469.75,16,7516.0,64744953.849999934
2025-08-01 03:24:27 PM,469.55,0,0.0,64744953.849999934
2025-08-01 03:24:27 PM,469.55,25,11738.75,64756692.599999934
2025-08-01 03:24:29 PM,469.75,1,469.75,64757162.349999934
2025-08-01 03:24:34 PM,469.45,1,469.45,64757631.79999994
2025-08-01 03:24:41 PM,469.75,106,49793.5,64807425.29999994
2025-08-01 03:24:47 PM,469.05,0,0.0,64807425.29999994
2025-08-01 03:24:47 PM,469.5,134,62913.0,64870338.29999994
2025-08-01 03:24:54 PM,468.95,0,0.0,64870338.29999994
2025-08-01 03:24:54 PM,468.95,195,91445.25,64961783.54999994
2025-08-01 03:24:57 PM,468.7,0,0.0,64961783.54999994
2025-08-01 03:25:00 PM,469.0,311,145859.0,65107642.54999994
2025-08-01 03:25:03 PM,468.65,0,0.0,65107642.54999994
2025-08-01 03:25:07 PM,468.65,85,39835.25,65147477.79999994
2025-08-01 03:25:13 PM,469.0,9,4221.0,65151698.79999994
2025-08-01 03:25:15 PM,469.0,250,117250.0,65268948.79999994
2025-08-01 03:25:20 PM,469.0,12,5628.0,65274576.79999994
2025-08-01 03:25:21 PM,468.65,15,7029.75,65281606.54999994
2025-08-01 03:25:27 PM,468.65,468,219328.19999999998,65500934.74999994
2025-08-01 03:25:33 PM,468.65,74,34680.1,65535614.84999994
2025-08-01 03:25:41 PM,468.6,1,468.6,65536083.44999994
2025-08-01 03:25:54 PM,468.65,385,180430.25,65716513.69999994
2025-08-01 03:25:59 PM,468.8,33,15470.4,65731984.09999994
2025-08-01 03:26:00 PM,468.95,24,11254.8,65743238.89999994
2025-08-01 03:26:04 PM,469.0,0,0.0,65743238.89999994
2025-08-01 03:26:06 PM,469.0,7,3283.0,65746521.89999994
2025-08-01 03:26:13 PM,468.95,118,55336.1,65801857.99999994
2025-08-01 03:26:14 PM,469.0,0,0.0,65801857.99999994
2025-08-01 03:26:14 PM,469.0,10,4690.0,65806547.99999994
2025-08-01 03:26:19 PM,469.0,2,938.0,65807485.99999994
2025-08-01 03:26:21 PM,469.0,4,1876.0,65809361.99999994
2025-08-01 03:26:26 PM,469.0,80,37520.0,65846881.99999994
2025-08-01 03:26:28 PM,469.0,34,15946.0,65862827.99999994
2025-08-01 03:26:41 PM,468.95,34,15944.3,65878772.29999994
2025-08-01 03:26:44 PM,469.0,0,0.0,65878772.29999994
2025-08-01 03:26:46 PM,469.0,100,46900.0,65925672.29999994
2025-08-01 03:26:52 PM,469.0,100,46900.0,65972572.29999994
2025-08-01 03:26:59 PM,469.0,230,107870.0,66080442.29999994
2025-08-01 03:27:03 PM,468.95,0,0.0,66080442.29999994
2025-08-01 03:27:06 PM,469.0,38,17822.0,66098264.29999994
2025-08-01 03:27:07 PM,468.4,3,1405.1999999999998,66099669.49999994
2025-08-01 03:27:08 PM,468.1,0,0.0,66099669.49999994
2025-08-01 03:27:12 PM,468.0,121,56628.0,66156297.49999994
2025-08-01 03:27:22 PM,469.0,1,469.0,66156766.49999994
2025-08-01 03:27:25 PM,468.0,0,0.0,66156766.49999994
2025-08-01 03:27:27 PM,468.0,2424,1134432.0,67291198.49999994
2025-08-01 03:27:28 PM,468.0,54,25272.0,67316470.49999994
2025-08-01 03:27:34 PM,467.5,1892,884510.0,68200980.49999994
2025-08-01 03:27:39 PM,468.0,0,0.0,68200980.49999994
2025-08-01 03:27:41 PM,468.0,637,298116.0,68499096.49999994
2025-08-01 03:27:43 PM,468.0,17,7956.0,68507052.49999994
2025-08-01 03:27:46 PM,467.5,0,0.0,68507052.49999994
2025-08-01 03:27:48 PM,467.5,1,467.5,68507519.99999994
2025-08-01 03:27:55 PM,468.0,4,1872.0,68509391.99999994
2025-08-01 03:28:02 PM,468.0,14,6552.0,68515943.99999994
2025-08-01 03:28:03 PM,468.0,2688,1257984.0,69773927.99999994
2025-08-01 03:28:06 PM,467.5,0,0.0,69773927.99999994
2025-08-01 03:28:09 PM,468.0,179,83772.0,69857699.99999994
2025-08-01 03:28:16 PM,468.0,116,54288.0,69911987.99999994
2025-08-01 03:28:22 PM,468.0,480,224640.0,70136627.99999994
2025-08-01 03:28:29 PM,467.55,0,0.0,70136627.99999994
2025-08-01 03:28:30 PM,467.55,53,24780.15,70161408.14999995
2025-08-01 03:28:32 PM,467.55,5,2337.75,70163745.89999995
2025-08-01 03:28:37 PM,467.05,82,38298.1,70202043.99999994
2025-08-01 03:28:43 PM,468.65,15,7029.75,70209073.74999994
2025-08-01 03:28:45 PM,468.0,156,73008.0,70282081.74999994
2025-08-01 03:28:49 PM,467.05,0,0.0,70282081.74999994
2025-08-01 03:28:50 PM,467.7,172,80444.4,70362526.14999995
2025-08-01 03:28:55 PM,468.0,0,0.0,70362526.14999995
2025-08-01 03:28:57 PM,468.0,71,33228.0,70395754.14999995
2025-08-01 03:28:59 PM,468.0,1,468.0,70396222.14999995
2025-08-01 03:29:04 PM,468.0,193,90324.0,70486546.14999995
2025-08-01 03:29:06 PM,467.6,1,467.6,70487013.74999994
2025-08-01 03:29:09 PM,468.0,0,0.0,70487013.74999994
2025-08-01 03:29:12 PM,468.0,131,61308.0,70548321.74999994
2025-08-01 03:29:14 PM,469.0,1,469.0,70548790.74999994
2025-08-01 03:29:16 PM,468.05,0,0.0,70548790.74999994
2025-08-01 03:29:20 PM,470.0,101,47470.0,70596260.74999994
2025-08-01 03:29:28 PM,469.9,1,469.9,70596730.64999995
2025-08-01 03:29:35 PM,469.9,51,23964.899999999998,70620695.54999995
2025-08-01 03:29:43 PM,470.0,292,137240.0,70757935.54999995
2025-08-01 03:29:45 PM,470.0,10,4700.0,70762635.54999995
2025-08-01 03:29:50 PM,469.9,15,7048.5,70769684.04999995
2025-08-01 03:29:52 PM,469.9,5,2349.5,70772033.54999995
2025-08-01 03:29:57 PM,469.9,422,198297.8,70970331.34999995
2025-08-01 03:29:59 PM,469.9,74,34772.6,71005103.94999994
