date,price,qty,trnvr,cum_trnvr
2025-08-01 09:15:07 AM,812.55,1657,1346395.3499999999,1346395.3499999999
2025-08-01 09:15:09 AM,810.15,581,470697.14999999997,1817092.4999999998
2025-08-01 09:15:15 AM,807.55,0,0.0,1817092.4999999998
2025-08-01 09:15:18 AM,807.5,753,608047.5,2425140.0
2025-08-01 09:15:20 AM,809.0,451,364859.0,2789999.0
2025-08-01 09:15:24 AM,808.75,0,0.0,2789999.0
2025-08-01 09:15:25 AM,809.95,0,0.0,2789999.0
2025-08-01 09:15:27 AM,809.25,769,622313.25,3412312.25
2025-08-01 09:15:29 AM,810.35,185,149914.75,3562227.0
2025-08-01 09:15:35 AM,809.85,0,0.0,3562227.0
2025-08-01 09:15:36 AM,809.85,1395,1129740.75,4691967.75
2025-08-01 09:15:38 AM,810.8,468,379454.39999999997,5071422.15
2025-08-01 09:15:39 AM,810.45,0,0.0,5071422.15
2025-08-01 09:15:43 AM,810.65,0,0.0,5071422.15
2025-08-01 09:15:44 AM,810.65,262,212390.3,5283812.45
2025-08-01 09:15:46 AM,810.65,58,47017.7,5330830.15
2025-08-01 09:15:53 AM,809.55,20,16191.0,5347021.15
2025-08-01 09:15:54 AM,809.5,529,428225.5,5775246.65
2025-08-01 09:15:57 AM,810.55,0,0.0,5775246.65
2025-08-01 09:16:01 AM,810.55,28,22695.399999999998,5797942.050000001
2025-08-01 09:16:03 AM,810.35,52,42138.200000000004,5840080.250000001
2025-08-01 09:16:09 AM,810.5,184,149132.0,5989212.250000001
2025-08-01 09:16:09 AM,810.55,0,0.0,5989212.250000001
2025-08-01 09:16:10 AM,810.55,111,89971.04999999999,6079183.300000001
2025-08-01 09:16:17 AM,811.4,52,42192.799999999996,6121376.100000001
2025-08-01 09:16:18 AM,812.1,213,172977.30000000002,6294353.4
2025-08-01 09:16:23 AM,812.45,0,0.0,6294353.4
2025-08-01 09:16:25 AM,812.45,64,51996.8,6346350.2
2025-08-01 09:16:27 AM,812.8,173,140614.4,6486964.600000001
2025-08-01 09:16:35 AM,812.75,20,16255.0,6503219.600000001
2025-08-01 09:16:42 AM,812.75,865,703028.75,7206248.350000001
2025-08-01 09:16:43 AM,812.75,71,57705.25,7263953.600000001
2025-08-01 09:16:50 AM,811.45,250,202862.5,7466816.100000001
2025-08-01 09:16:50 AM,812.45,0,0.0,7466816.100000001
2025-08-01 09:16:51 AM,812.45,24,19498.800000000003,7486314.9
2025-08-01 09:17:00 AM,812.75,0,0.0,7486314.9
2025-08-01 09:17:06 AM,813.5,75,61012.5,7547327.4
2025-08-01 09:17:08 AM,813.5,7,5694.5,7553021.9
2025-08-01 09:17:09 AM,812.85,0,0.0,7553021.9
2025-08-01 09:17:15 AM,812.8,299,243027.19999999998,7796049.100000001
2025-08-01 09:17:16 AM,812.6,246,199899.6,7995948.7
2025-08-01 09:17:18 AM,811.85,0,0.0,7995948.7
2025-08-01 09:17:23 AM,813.9,1376,1119926.4,9115875.1
2025-08-01 09:17:24 AM,814.0,126,102564.0,9218439.1
2025-08-01 09:17:28 AM,813.3,0,0.0,9218439.1
2025-08-01 09:17:31 AM,813.3,102,82956.59999999999,9301395.7
2025-08-01 09:17:32 AM,815.4,232,189172.8,9490568.5
2025-08-01 09:17:34 AM,814.5,0,0.0,9490568.5
2025-08-01 09:17:36 AM,816.0,0,0.0,9490568.5
2025-08-01 09:17:40 AM,816.0,396,323136.0,9813704.5
2025-08-01 09:17:40 AM,817.2,234,191224.80000000002,10004929.3
2025-08-01 09:17:42 AM,815.75,0,0.0,10004929.3
2025-08-01 09:17:45 AM,815.8,0,0.0,10004929.3
2025-08-01 09:17:48 AM,814.9,561,457158.89999999997,10462088.200000001
2025-08-01 09:17:49 AM,814.75,1062,865264.5,11327352.700000001
2025-08-01 09:17:54 AM,814.7,0,0.0,11327352.700000001
2025-08-01 09:17:56 AM,814.35,353,287465.55,11614818.250000002
2025-08-01 09:17:57 AM,813.65,205,166798.25,11781616.500000002
2025-08-01 09:18:00 AM,813.35,0,0.0,11781616.500000002
2025-08-01 09:18:02 AM,814.0,0,0.0,11781616.500000002
2025-08-01 09:18:04 AM,814.05,241,196186.05,11977802.550000003
2025-08-01 09:18:06 AM,815.0,36,29340.0,12007142.550000003
2025-08-01 09:18:08 AM,815.6,0,0.0,12007142.550000003
2025-08-01 09:18:10 AM,816.6,0,0.0,12007142.550000003
2025-08-01 09:18:13 AM,816.6,295,240897.0,12248039.550000003
2025-08-01 09:18:14 AM,818.4,1264,1034457.6,13282497.150000002
2025-08-01 09:18:18 AM,819.45,0,0.0,13282497.150000002
2025-08-01 09:18:21 AM,818.05,720,588996.0,13871493.150000002
2025-08-01 09:18:22 AM,819.5,1408,1153856.0,15025349.150000002
2025-08-01 09:18:24 AM,819.65,0,0.0,15025349.150000002
2025-08-01 09:18:29 AM,819.65,418,342613.7,15367962.850000001
2025-08-01 09:18:31 AM,818.9,1022,836915.7999999999,16204878.650000002
2025-08-01 09:18:32 AM,819.0,0,0.0,16204878.650000002
2025-08-01 09:18:34 AM,817.85,0,0.0,16204878.650000002
2025-08-01 09:18:37 AM,817.4,894,730755.6,16935634.250000004
2025-08-01 09:18:39 AM,819.1,1001,819919.1,17755553.350000005
2025-08-01 09:18:42 AM,819.65,0,0.0,17755553.350000005
2025-08-01 09:18:46 AM,819.7,365,299190.5,18054743.850000005
2025-08-01 09:18:47 AM,819.65,231,189339.15,18244083.000000004
2025-08-01 09:18:54 AM,819.4,14,11471.6,18255554.600000005
2025-08-01 09:18:55 AM,819.55,19,15571.449999999999,18271126.050000004
2025-08-01 09:19:02 AM,819.65,242,198355.3,18469481.350000005
2025-08-01 09:19:03 AM,819.65,21,17212.649999999998,18486694.000000004
2025-08-01 09:19:04 AM,819.55,0,0.0,18486694.000000004
2025-08-01 09:19:10 AM,820.0,158,129560.0,18616254.000000004
2025-08-01 09:19:11 AM,820.55,41,33642.549999999996,18649896.550000004
2025-08-01 09:19:14 AM,820.35,0,0.0,18649896.550000004
2025-08-01 09:19:18 AM,821.1,967,794003.7000000001,19443900.250000004
2025-08-01 09:19:19 AM,822.0,291,239202.0,19683102.250000004
2025-08-01 09:19:19 AM,821.1,0,0.0,19683102.250000004
2025-08-01 09:19:21 AM,820.9,0,0.0,19683102.250000004
2025-08-01 09:19:26 AM,820.35,689,565221.15,20248323.400000002
2025-08-01 09:19:26 AM,820.4,0,0.0,20248323.400000002
2025-08-01 09:19:27 AM,820.85,1045,857788.25,21106111.650000002
2025-08-01 09:19:33 AM,820.6,0,0.0,21106111.650000002
2025-08-01 09:19:34 AM,820.6,10,8206.0,21114317.650000002
2025-08-01 09:19:36 AM,820.4,279,228891.6,21343209.250000004
2025-08-01 09:19:42 AM,821.75,2000,1643500.0,22986709.250000004
2025-08-01 09:19:42 AM,819.95,0,0.0,22986709.250000004
2025-08-01 09:19:44 AM,820.95,688,564813.6,23551522.850000005
2025-08-01 09:19:50 AM,821.55,105,86262.75,23637785.600000005
2025-08-01 09:19:50 AM,820.6,0,0.0,23637785.600000005
2025-08-01 09:19:51 AM,822.25,0,0.0,23637785.600000005
2025-08-01 09:19:52 AM,822.25,1326,1090303.5,24728089.100000005
2025-08-01 09:19:58 AM,820.55,125,102568.75,24830657.850000005
2025-08-01 09:19:58 AM,819.65,0,0.0,24830657.850000005
2025-08-01 09:20:00 AM,819.65,402,329499.3,25160157.150000006
2025-08-01 09:20:05 AM,820.7,0,0.0,25160157.150000006
2025-08-01 09:20:06 AM,820.7,39,32007.300000000003,25192164.450000007
2025-08-01 09:20:06 AM,820.0,0,0.0,25192164.450000007
2025-08-01 09:20:08 AM,820.0,340,278800.0,25470964.450000007
2025-08-01 09:20:12 AM,820.35,0,0.0,25470964.450000007
2025-08-01 09:20:14 AM,820.4,47,38558.799999999996,25509523.250000007
2025-08-01 09:20:14 AM,819.85,0,0.0,25509523.250000007
2025-08-01 09:20:16 AM,819.9,110,90189.0,25599712.250000007
2025-08-01 09:20:22 AM,819.95,0,0.0,25599712.250000007
2025-08-01 09:20:24 AM,819.95,22,18038.9,25617751.150000006
2025-08-01 09:20:26 AM,819.7,0,0.0,25617751.150000006
2025-08-01 09:20:30 AM,820.8,212,174009.59999999998,25791760.750000007
2025-08-01 09:20:30 AM,820.25,0,0.0,25791760.750000007
2025-08-01 09:20:31 AM,820.25,70,57417.5,25849178.250000007
2025-08-01 09:20:33 AM,819.7,0,0.0,25849178.250000007
2025-08-01 09:20:38 AM,819.7,15,12295.5,25861473.750000007
2025-08-01 09:20:39 AM,820.1,100,82010.0,25943483.750000007
2025-08-01 09:20:44 AM,819.75,0,0.0,25943483.750000007
2025-08-01 09:20:46 AM,820.3,5,4101.5,25947585.250000007
2025-08-01 09:20:47 AM,819.75,330,270517.5,26218102.750000007
2025-08-01 09:20:54 AM,819.65,0,0.0,26218102.750000007
2025-08-01 09:20:55 AM,819.65,39,31966.35,26250069.10000001
2025-08-01 09:20:58 AM,819.05,0,0.0,26250069.10000001
2025-08-01 09:21:01 AM,819.65,517,423759.05,26673828.15000001
2025-08-01 09:21:02 AM,819.65,55,45080.75,26718908.90000001
2025-08-01 09:21:07 AM,819.15,0,0.0,26718908.90000001
2025-08-01 09:21:09 AM,819.15,21,17202.149999999998,26736111.05000001
2025-08-01 09:21:10 AM,819.0,530,434070.0,27170181.05000001
2025-08-01 09:21:17 AM,820.0,199,163180.0,27333361.05000001
2025-08-01 09:21:18 AM,820.0,211,173020.0,27506381.05000001
2025-08-01 09:21:25 AM,819.8,119,97556.2,27603937.250000007
2025-08-01 09:21:26 AM,820.25,92,75463.0,27679400.250000007
2025-08-01 09:21:28 AM,820.3,0,0.0,27679400.250000007
2025-08-01 09:21:33 AM,820.0,141,115620.0,27795020.250000007
2025-08-01 09:21:33 AM,819.65,19,15573.35,27810593.60000001
2025-08-01 09:21:38 AM,819.25,0,0.0,27810593.60000001
2025-08-01 09:21:40 AM,819.0,4,3276.0,27813869.60000001
2025-08-01 09:21:48 AM,819.2,1,819.2,27814688.80000001
2025-08-01 09:21:48 AM,819.0,0,0.0,27814688.80000001
2025-08-01 09:21:49 AM,819.0,25,20475.0,27835163.80000001
2025-08-01 09:21:54 AM,819.35,0,0.0,27835163.80000001
2025-08-01 09:21:55 AM,819.35,66,54077.1,27889240.90000001
2025-08-01 09:22:04 AM,819.0,53,43407.0,27932647.90000001
2025-08-01 09:22:10 AM,819.0,13,10647.0,27943294.90000001
2025-08-01 09:22:19 AM,818.7,0,0.0,27943294.90000001
2025-08-01 09:22:20 AM,818.7,15,12280.5,27955575.40000001
2025-08-01 09:22:26 AM,818.35,474,387897.9,28343473.30000001
2025-08-01 09:22:26 AM,818.15,0,0.0,28343473.30000001
2025-08-01 09:22:27 AM,818.15,46,37634.9,28381108.200000007
2025-08-01 09:22:33 AM,818.0,77,62986.0,28444094.200000007
2025-08-01 09:22:47 AM,818.7,0,0.0,28444094.200000007
2025-08-01 09:22:49 AM,818.7,1534,1255885.8,29699980.000000007
2025-08-01 09:22:50 AM,820.0,132,108240.0,29808220.000000007
2025-08-01 09:22:53 AM,819.3,0,0.0,29808220.000000007
2025-08-01 09:22:55 AM,818.8,0,0.0,29808220.000000007
2025-08-01 09:22:56 AM,818.8,40,32752.0,29840972.000000007
2025-08-01 09:22:58 AM,819.25,14,11469.5,29852441.500000007
2025-08-01 09:23:07 AM,818.95,0,0.0,29852441.500000007
2025-08-01 09:23:09 AM,818.85,0,0.0,29852441.500000007
2025-08-01 09:23:11 AM,818.85,103,84341.55,29936783.05000001
2025-08-01 09:23:19 AM,818.85,79,64689.15,30001472.200000007
2025-08-01 09:23:21 AM,818.85,18,14739.300000000001,30016211.500000007
2025-08-01 09:23:27 AM,818.85,1,818.85,30017030.35000001
2025-08-01 09:23:34 AM,818.7,109,89238.3,30106268.65000001
2025-08-01 09:23:35 AM,817.95,0,0.0,30106268.65000001
2025-08-01 09:23:36 AM,818.7,12,9824.400000000001,30116093.05000001
2025-08-01 09:23:47 AM,818.15,0,0.0,30116093.05000001
2025-08-01 09:23:49 AM,818.15,808,661065.2,30777158.250000007
2025-08-01 09:23:51 AM,818.3,71,58099.299999999996,30835257.55000001
2025-08-01 09:24:05 AM,818.0,119,97342.0,30932599.55000001
2025-08-01 09:24:07 AM,818.35,16,13093.6,30945693.15000001
2025-08-01 09:24:13 AM,817.95,2,1635.9,30947329.05000001
2025-08-01 09:24:22 AM,818.0,152,124336.0,31071665.05000001
2025-08-01 09:24:29 AM,818.75,13,10643.75,31082308.80000001
2025-08-01 09:24:32 AM,817.95,0,0.0,31082308.80000001
2025-08-01 09:24:35 AM,817.15,409,334214.35,31416523.15000001
2025-08-01 09:24:37 AM,817.75,33,26985.75,31443508.90000001
2025-08-01 09:24:44 AM,816.85,0,0.0,31443508.90000001
2025-08-01 09:24:45 AM,816.85,1,816.85,31444325.75000001
2025-08-01 09:24:50 AM,817.75,78,63784.5,31508110.25000001
2025-08-01 09:24:58 AM,817.35,0,0.0,31508110.25000001
2025-08-01 09:25:00 AM,817.35,51,41684.85,31549795.100000013
2025-08-01 09:25:05 AM,817.55,0,0.0,31549795.100000013
2025-08-01 09:25:07 AM,817.55,13,10628.15,31560423.25000001
2025-08-01 09:25:17 AM,817.45,0,0.0,31560423.25000001
2025-08-01 09:25:20 AM,817.3,59,48220.7,31608643.95000001
2025-08-01 09:25:28 AM,817.3,8,6538.4,31615182.35000001
2025-08-01 09:25:29 AM,817.5,0,0.0,31615182.35000001
2025-08-01 09:25:30 AM,817.5,134,109545.0,31724727.35000001
2025-08-01 09:25:35 AM,817.15,45,36771.75,31761499.10000001
2025-08-01 09:25:35 AM,817.3,0,0.0,31761499.10000001
2025-08-01 09:25:37 AM,817.3,18,14711.4,31776210.500000007
2025-08-01 09:25:41 AM,817.1,0,0.0,31776210.500000007
2025-08-01 09:25:42 AM,816.85,0,0.0,31776210.500000007
2025-08-01 09:25:43 AM,816.85,145,118443.25,31894653.750000007
2025-08-01 09:25:58 AM,816.85,24,19604.4,31914258.150000006
2025-08-01 09:26:00 AM,816.85,14,11435.9,31925694.050000004
2025-08-01 09:26:05 AM,816.45,18,14696.1,31940390.150000006
2025-08-01 09:26:15 AM,816.6,2,1633.2,31942023.350000005
2025-08-01 09:26:21 AM,816.85,53,43293.05,31985316.400000006
2025-08-01 09:26:30 AM,817.35,430,351460.5,32336776.900000006
2025-08-01 09:26:36 AM,817.6,0,0.0,32336776.900000006
2025-08-01 09:26:38 AM,817.6,99,80942.40000000001,32417719.300000004
2025-08-01 09:26:45 AM,817.0,0,0.0,32417719.300000004
2025-08-01 09:26:45 AM,817.0,62,50654.0,32468373.300000004
2025-08-01 09:27:02 AM,817.85,0,0.0,32468373.300000004
2025-08-01 09:27:06 AM,817.85,909,743425.65,33211798.950000003
2025-08-01 09:27:08 AM,817.6,125,102200.0,33313998.950000003
2025-08-01 09:27:14 AM,818.0,5,4090.0,33318088.950000003
2025-08-01 09:27:20 AM,818.75,0,0.0,33318088.950000003
2025-08-01 09:27:21 AM,818.75,503,411831.25,33729920.2
2025-08-01 09:27:22 AM,818.7,48,39297.600000000006,33769217.800000004
2025-08-01 09:27:37 AM,818.1,60,49086.0,33818303.800000004
2025-08-01 09:27:38 AM,818.05,0,0.0,33818303.800000004
2025-08-01 09:27:43 AM,818.05,53,43356.649999999994,33861660.45
2025-08-01 09:27:43 AM,818.75,0,0.0,33861660.45
2025-08-01 09:27:44 AM,819.0,0,0.0,33861660.45
2025-08-01 09:27:45 AM,819.0,263,215397.0,34077057.45
2025-08-01 09:27:48 AM,817.6,0,0.0,34077057.45
2025-08-01 09:27:49 AM,817.85,0,0.0,34077057.45
2025-08-01 09:27:51 AM,817.9,173,141496.69999999998,34218554.150000006
2025-08-01 09:27:53 AM,817.9,33,26990.7,34245544.85000001
2025-08-01 09:28:07 AM,817.9,2,1635.8,34247180.650000006
2025-08-01 09:28:11 AM,817.7,0,0.0,34247180.650000006
2025-08-01 09:28:14 AM,817.7,51,41702.700000000004,34288883.35000001
2025-08-01 09:28:18 AM,817.2,0,0.0,34288883.35000001
2025-08-01 09:28:22 AM,817.9,81,66249.9,34355133.25000001
2025-08-01 09:28:23 AM,817.25,133,108694.25,34463827.50000001
2025-08-01 09:28:30 AM,817.25,103,84176.75,34548004.25000001
2025-08-01 09:28:31 AM,817.65,30,24529.5,34572533.75000001
2025-08-01 09:28:46 AM,817.35,54,44136.9,34616670.650000006
2025-08-01 09:28:46 AM,817.0,0,0.0,34616670.650000006
2025-08-01 09:28:50 AM,816.95,0,0.0,34616670.650000006
2025-08-01 09:28:53 AM,816.2,305,248941.0,34865611.650000006
2025-08-01 09:28:54 AM,817.0,29,23693.0,34889304.650000006
2025-08-01 09:29:07 AM,816.25,0,0.0,34889304.650000006
2025-08-01 09:29:08 AM,816.25,203,165698.75,35055003.400000006
2025-08-01 09:29:08 AM,816.95,0,0.0,35055003.400000006
2025-08-01 09:29:09 AM,816.95,19,15522.050000000001,35070525.45
2025-08-01 09:29:23 AM,816.7,54,44101.8,35114627.25
2025-08-01 09:29:28 AM,816.15,0,0.0,35114627.25
2025-08-01 09:29:31 AM,816.15,194,158333.1,35272960.35
2025-08-01 09:29:32 AM,816.4,20,16328.0,35289288.35
2025-08-01 09:29:39 AM,816.0,10,8160.0,35297448.35
2025-08-01 09:29:43 AM,815.95,0,0.0,35297448.35
2025-08-01 09:29:45 AM,815.95,23,18766.850000000002,35316215.2
2025-08-01 09:29:53 AM,815.45,1,815.45,35317030.650000006
2025-08-01 09:30:06 AM,815.95,0,0.0,35317030.650000006
2025-08-01 09:30:08 AM,815.95,12,9791.400000000001,35326822.050000004
2025-08-01 09:30:13 AM,814.7,0,0.0,35326822.050000004
2025-08-01 09:30:16 AM,814.7,584,475784.80000000005,35802606.85
2025-08-01 09:30:17 AM,814.7,113,92061.1,35894667.95
2025-08-01 09:30:23 AM,814.7,12,9776.400000000001,35904444.35
2025-08-01 09:30:31 AM,814.3,2,1628.6,35906072.95
2025-08-01 09:30:34 AM,814.7,0,0.0,35906072.95
2025-08-01 09:30:38 AM,814.0,503,409442.0,36315514.95
2025-08-01 09:30:39 AM,814.7,30,24441.0,36339955.95
2025-08-01 09:30:41 AM,814.95,0,0.0,36339955.95
2025-08-01 09:30:45 AM,814.85,272,221639.2,36561595.150000006
2025-08-01 09:30:48 AM,814.05,0,0.0,36561595.150000006
2025-08-01 09:30:53 AM,814.05,363,295500.14999999997,36857095.300000004
2025-08-01 09:30:59 AM,814.7,0,0.0,36857095.300000004
2025-08-01 09:31:00 AM,814.7,3,2444.1000000000004,36859539.400000006
2025-08-01 09:31:03 AM,814.2,0,0.0,36859539.400000006
2025-08-01 09:31:05 AM,814.1,0,0.0,36859539.400000006
2025-08-01 09:31:07 AM,814.1,187,152236.7,37011776.10000001
2025-08-01 09:31:10 AM,814.3,0,0.0,37011776.10000001
2025-08-01 09:31:11 AM,814.1,0,0.0,37011776.10000001
2025-08-01 09:31:15 AM,814.3,0,0.0,37011776.10000001
2025-08-01 09:31:15 AM,814.3,38,30943.399999999998,37042719.50000001
2025-08-01 09:31:17 AM,814.45,0,0.0,37042719.50000001
2025-08-01 09:31:21 AM,814.3,0,0.0,37042719.50000001
2025-08-01 09:31:22 AM,814.8,538,438362.39999999997,37481081.900000006
2025-08-01 09:31:23 AM,814.9,0,0.0,37481081.900000006
2025-08-01 09:31:29 AM,814.55,0,0.0,37481081.900000006
2025-08-01 09:31:29 AM,814.55,886,721691.2999999999,38202773.2
2025-08-01 09:31:35 AM,814.6,0,0.0,38202773.2
2025-08-01 09:31:37 AM,814.6,199,162105.4,38364878.6
2025-08-01 09:31:52 AM,814.35,0,0.0,38364878.6
2025-08-01 09:31:57 AM,814.35,1,814.35,38365692.95
2025-08-01 09:32:01 AM,814.2,0,0.0,38365692.95
2025-08-01 09:32:04 AM,814.2,1,814.2,38366507.150000006
2025-08-01 09:32:13 AM,814.55,0,0.0,38366507.150000006
2025-08-01 09:32:19 AM,815.05,0,0.0,38366507.150000006
2025-08-01 09:32:19 AM,815.05,151,123072.54999999999,38489579.7
2025-08-01 09:32:25 AM,815.45,0,0.0,38489579.7
2025-08-01 09:32:25 AM,815.4,0,0.0,38489579.7
2025-08-01 09:32:26 AM,815.4,180,146772.0,38636351.7
2025-08-01 09:32:31 AM,815.8,0,0.0,38636351.7
2025-08-01 09:32:32 AM,816.2,218,177931.6,38814283.300000004
2025-08-01 09:32:37 AM,816.7,0,0.0,38814283.300000004
2025-08-01 09:32:39 AM,816.7,3,2450.1000000000004,38816733.400000006
2025-08-01 09:32:43 AM,817.35,0,0.0,38816733.400000006
2025-08-01 09:32:46 AM,817.35,431,352277.85000000003,39169011.25000001
2025-08-01 09:32:49 AM,817.65,0,0.0,39169011.25000001
2025-08-01 09:32:53 AM,817.65,1485,1214210.25,40383221.50000001
2025-08-01 09:32:54 AM,817.65,49,40064.85,40423286.35000001
2025-08-01 09:33:00 AM,817.65,44,35976.6,40459262.95000001
2025-08-01 09:33:07 AM,816.65,0,0.0,40459262.95000001
2025-08-01 09:33:07 AM,816.65,107,87381.55,40546644.50000001
2025-08-01 09:33:21 AM,817.2,50,40860.0,40587504.50000001
2025-08-01 09:33:23 AM,816.85,0,0.0,40587504.50000001
2025-08-01 09:33:28 AM,816.85,1,816.85,40588321.35000001
2025-08-01 09:33:33 AM,817.6,0,0.0,40588321.35000001
2025-08-01 09:33:35 AM,817.6,6,4905.6,40593226.95000001
2025-08-01 09:33:42 AM,817.6,541,442321.60000000003,41035548.55000001
2025-08-01 09:33:47 AM,818.0,0,0.0,41035548.55000001
2025-08-01 09:33:49 AM,818.0,884,723112.0,41758660.55000001
2025-08-01 09:34:03 AM,818.25,0,0.0,41758660.55000001
2025-08-01 09:34:03 AM,818.25,261,213563.25,41972223.80000001
2025-08-01 09:34:03 AM,818.2,1,818.2,41973042.000000015
2025-08-01 09:34:08 AM,818.45,0,0.0,41973042.000000015
2025-08-01 09:34:10 AM,818.55,217,177625.34999999998,42150667.35000002
2025-08-01 09:34:21 AM,818.65,0,0.0,42150667.35000002
2025-08-01 09:34:24 AM,818.75,120,98250.0,42248917.35000002
2025-08-01 09:34:25 AM,818.65,0,0.0,42248917.35000002
2025-08-01 09:34:30 AM,818.4,0,0.0,42248917.35000002
2025-08-01 09:34:31 AM,818.4,107,87568.8,42336486.15000001
2025-08-01 09:34:44 AM,818.75,10,8187.5,42344673.65000001
2025-08-01 09:34:48 AM,818.85,0,0.0,42344673.65000001
2025-08-01 09:34:51 AM,818.3,0,0.0,42344673.65000001
2025-08-01 09:34:51 AM,818.3,453,370689.89999999997,42715363.55000001
2025-08-01 09:34:55 AM,818.35,0,0.0,42715363.55000001
2025-08-01 09:34:57 AM,818.4,0,0.0,42715363.55000001
2025-08-01 09:34:58 AM,817.9,107,87515.3,42802878.85000001
2025-08-01 09:35:07 AM,818.4,0,0.0,42802878.85000001
2025-08-01 09:35:12 AM,817.45,364,297551.8,43100430.650000006
2025-08-01 09:35:27 AM,817.4,0,0.0,43100430.650000006
2025-08-01 09:35:33 AM,817.9,68,55617.2,43156047.85000001
2025-08-01 09:35:37 AM,817.35,0,0.0,43156047.85000001
2025-08-01 09:35:40 AM,816.7,139,113521.3,43269569.150000006
2025-08-01 09:35:47 AM,816.6,0,0.0,43269569.150000006
2025-08-01 09:35:52 AM,817.45,0,0.0,43269569.150000006
2025-08-01 09:35:54 AM,817.45,1194,976035.3,44245604.45
2025-08-01 09:36:00 AM,817.0,15,12255.0,44257859.45
2025-08-01 09:36:10 AM,816.45,0,0.0,44257859.45
2025-08-01 09:36:14 AM,816.25,0,0.0,44257859.45
2025-08-01 09:36:14 AM,816.25,60,48975.0,44306834.45
2025-08-01 09:36:33 AM,816.6,1,816.6,44307651.050000004
2025-08-01 09:36:38 AM,816.95,0,0.0,44307651.050000004
2025-08-01 09:36:40 AM,816.95,137,111922.15000000001,44419573.2
2025-08-01 09:36:50 AM,816.7,0,0.0,44419573.2
2025-08-01 09:36:53 AM,816.7,3,2450.1000000000004,44422023.300000004
2025-08-01 09:37:00 AM,816.95,1,816.95,44422840.25000001
2025-08-01 09:37:06 AM,817.2,0,0.0,44422840.25000001
2025-08-01 09:37:07 AM,817.2,83,67827.6,44490667.85000001
2025-08-01 09:37:14 AM,816.1,450,367245.0,44857912.85000001
2025-08-01 09:37:26 AM,816.95,0,0.0,44857912.85000001
2025-08-01 09:37:28 AM,816.95,1,816.95,44858729.80000001
2025-08-01 09:37:34 AM,816.9,58,47380.2,44906110.000000015
2025-08-01 09:37:55 AM,816.95,101,82511.95000000001,44988621.95000002
2025-08-01 09:38:01 AM,816.95,3,2450.8500000000004,44991072.80000002
2025-08-01 09:38:06 AM,816.65,0,0.0,44991072.80000002
2025-08-01 09:38:08 AM,816.65,13,10616.449999999999,45001689.25000002
2025-08-01 09:38:15 AM,816.65,54,44099.1,45045788.350000024
2025-08-01 09:38:22 AM,816.65,5,4083.25,45049871.600000024
2025-08-01 09:38:32 AM,816.55,0,0.0,45049871.600000024
2025-08-01 09:38:35 AM,816.6,88,71860.8,45121732.40000002
2025-08-01 09:39:01 AM,816.15,27,22036.05,45143768.45000002
2025-08-01 09:39:07 AM,816.0,0,0.0,45143768.45000002
2025-08-01 09:39:09 AM,816.0,86,70176.0,45213944.45000002
2025-08-01 09:39:22 AM,815.8,72,58737.6,45272682.05000002
2025-08-01 09:39:27 AM,815.5,0,0.0,45272682.05000002
2025-08-01 09:39:29 AM,815.5,262,213661.0,45486343.05000002
2025-08-01 09:39:35 AM,815.0,146,118990.0,45605333.05000002
2025-08-01 09:39:49 AM,814.8,58,47258.399999999994,45652591.45000002
2025-08-01 09:40:01 AM,814.6,59,48061.4,45700652.85000002
2025-08-01 09:40:04 AM,814.8,0,0.0,45700652.85000002
2025-08-01 09:40:08 AM,814.8,20,16296.0,45716948.85000002
2025-08-01 09:40:19 AM,814.95,0,0.0,45716948.85000002
2025-08-01 09:40:21 AM,814.95,24,19558.800000000003,45736507.65000001
2025-08-01 09:40:28 AM,814.75,1,814.75,45737322.40000001
2025-08-01 09:40:29 AM,815.0,0,0.0,45737322.40000001
2025-08-01 09:40:34 AM,815.0,159,129585.0,45866907.40000001
2025-08-01 09:40:42 AM,815.05,1,815.05,45867722.45000001
2025-08-01 09:40:50 AM,815.7,0,0.0,45867722.45000001
2025-08-01 09:40:54 AM,815.7,9,7341.3,45875063.75000001
2025-08-01 09:41:00 AM,815.7,1,815.7,45875879.45000001
2025-08-01 09:41:01 AM,815.55,11,8971.05,45884850.50000001
2025-08-01 09:41:05 AM,816.0,0,0.0,45884850.50000001
2025-08-01 09:41:07 AM,816.0,25,20400.0,45905250.50000001
2025-08-01 09:41:10 AM,816.75,0,0.0,45905250.50000001
2025-08-01 09:41:14 AM,816.75,1,816.75,45906067.25000001
2025-08-01 09:41:22 AM,817.05,4,3268.2,45909335.45000001
2025-08-01 09:41:26 AM,816.4,0,0.0,45909335.45000001
2025-08-01 09:41:27 AM,816.4,7,5714.8,45915050.25000001
2025-08-01 09:41:29 AM,817.15,0,0.0,45915050.25000001
2025-08-01 09:41:34 AM,817.15,32,26148.8,45941199.050000004
2025-08-01 09:41:53 AM,816.8,0,0.0,45941199.050000004
2025-08-01 09:41:54 AM,816.8,1,816.8,45942015.85
2025-08-01 09:42:00 AM,816.8,5,4084.0,45946099.85
2025-08-01 09:42:06 AM,816.7,53,43285.100000000006,45989384.95
2025-08-01 09:42:36 AM,817.15,0,0.0,45989384.95
2025-08-01 09:42:39 AM,816.8,432,352857.6,46342242.550000004
2025-08-01 09:42:49 AM,817.35,0,0.0,46342242.550000004
2025-08-01 09:42:52 AM,817.35,18,14712.300000000001,46356954.85
2025-08-01 09:42:56 AM,816.65,0,0.0,46356954.85
2025-08-01 09:42:59 AM,816.65,101,82481.65,46439436.5
2025-08-01 09:43:25 AM,816.65,123,100447.95,46539884.45
2025-08-01 09:43:29 AM,816.25,0,0.0,46539884.45
2025-08-01 09:43:32 AM,816.25,68,55505.0,46595389.45
2025-08-01 09:43:41 AM,815.85,0,0.0,46595389.45
2025-08-01 09:43:45 AM,815.85,8,6526.8,46601916.25
2025-08-01 09:44:00 AM,816.1,0,0.0,46601916.25
2025-08-01 09:44:04 AM,816.1,102,83242.2,46685158.45
2025-08-01 09:44:09 AM,816.0,0,0.0,46685158.45
2025-08-01 09:44:11 AM,815.85,93,75874.05,46761032.5
2025-08-01 09:44:21 AM,815.6,0,0.0,46761032.5
2025-08-01 09:44:25 AM,815.5,53,43221.5,46804254.0
2025-08-01 09:44:37 AM,814.15,380,309377.0,47113631.0
2025-08-01 09:44:38 AM,814.7,51,41549.700000000004,47155180.7
2025-08-01 09:44:51 AM,814.7,2,1629.4,47156810.1
2025-08-01 09:44:56 AM,814.55,0,0.0,47156810.1
2025-08-01 09:44:57 AM,814.55,155,126255.25,47283065.35
2025-08-01 09:45:03 AM,814.2,0,0.0,47283065.35
2025-08-01 09:45:03 AM,814.2,6,4885.200000000001,47287950.550000004
2025-08-01 09:45:05 AM,814.3,54,43972.2,47331922.75000001
2025-08-01 09:45:17 AM,814.3,1,814.3,47332737.050000004
2025-08-01 09:45:18 AM,814.3,1,814.3,47333551.35
2025-08-01 09:45:21 AM,814.05,0,0.0,47333551.35
2025-08-01 09:45:23 AM,814.05,20,16281.0,47349832.35
2025-08-01 09:45:49 AM,814.45,58,47238.100000000006,47397070.45
2025-08-01 09:45:55 AM,814.05,0,0.0,47397070.45
2025-08-01 09:45:56 AM,814.05,1482,1206422.0999999999,48603492.550000004
2025-08-01 09:46:07 AM,813.2,0,0.0,48603492.550000004
2025-08-01 09:46:08 AM,813.2,56,45539.200000000004,48649031.75000001
2025-08-01 09:46:10 AM,812.7,13,10565.1,48659596.85000001
2025-08-01 09:46:34 AM,813.95,734,597439.3,49257036.150000006
2025-08-01 09:46:35 AM,813.3,0,0.0,49257036.150000006
2025-08-01 09:46:36 AM,813.3,50,40665.0,49297701.150000006
2025-08-01 09:46:39 AM,812.9,0,0.0,49297701.150000006
2025-08-01 09:46:40 AM,812.9,490,398321.0,49696022.150000006
2025-08-01 09:46:46 AM,813.3,0,0.0,49696022.150000006
2025-08-01 09:46:47 AM,813.3,21,17079.3,49713101.45
2025-08-01 09:46:54 AM,812.95,0,0.0,49713101.45
2025-08-01 09:46:55 AM,812.95,25,20323.75,49733425.2
2025-08-01 09:46:58 AM,812.55,0,0.0,49733425.2
2025-08-01 09:46:59 AM,812.55,79,64191.45,49797616.650000006
2025-08-01 09:47:01 AM,813.15,0,0.0,49797616.650000006
2025-08-01 09:47:01 AM,813.15,25,20328.75,49817945.400000006
2025-08-01 09:47:05 AM,812.55,166,134883.3,49952828.7
2025-08-01 09:47:07 AM,812.05,40,32482.0,49985310.7
2025-08-01 09:47:11 AM,812.55,1,812.55,49986123.25
2025-08-01 09:47:13 AM,812.05,0,0.0,49986123.25
2025-08-01 09:47:13 AM,812.05,5,4060.25,49990183.5
2025-08-01 09:47:20 AM,812.55,50,40627.5,50030811.0
2025-08-01 09:47:30 AM,812.55,25,20313.75,50051124.75
2025-08-01 09:47:32 AM,812.55,123,99943.65,50151068.4
2025-08-01 09:47:37 AM,812.55,1,812.55,50151880.949999996
2025-08-01 09:47:56 AM,812.0,0,0.0,50151880.949999996
2025-08-01 09:47:57 AM,812.0,219,177828.0,50329708.949999996
2025-08-01 09:47:59 AM,811.6,0,0.0,50329708.949999996
2025-08-01 09:47:59 AM,811.6,50,40580.0,50370288.949999996
2025-08-01 09:48:12 AM,811.7,0,0.0,50370288.949999996
2025-08-01 09:48:12 AM,811.7,5,4058.5,50374347.449999996
2025-08-01 09:48:17 AM,811.75,0,0.0,50374347.449999996
2025-08-01 09:48:19 AM,811.75,50,40587.5,50414934.949999996
2025-08-01 09:48:29 AM,811.1,0,0.0,50414934.949999996
2025-08-01 09:48:29 AM,811.1,464,376350.4,50791285.349999994
2025-08-01 09:48:42 AM,811.25,10,8112.5,50799397.849999994
2025-08-01 09:48:44 AM,811.0,0,0.0,50799397.849999994
2025-08-01 09:48:44 AM,811.0,300,243300.0,51042697.849999994
2025-08-01 09:48:56 AM,810.9,0,0.0,51042697.849999994
2025-08-01 09:48:57 AM,810.9,41,33246.9,51075944.74999999
2025-08-01 09:49:00 AM,811.55,0,0.0,51075944.74999999
2025-08-01 09:49:01 AM,811.55,1,811.55,51076756.29999999
2025-08-01 09:49:08 AM,811.7,0,0.0,51076756.29999999
2025-08-01 09:49:10 AM,811.7,10,8117.0,51084873.29999999
2025-08-01 09:49:14 AM,811.7,17,13798.900000000001,51098672.19999999
2025-08-01 09:49:20 AM,811.55,0,0.0,51098672.19999999
2025-08-01 09:49:20 AM,811.55,22,17854.1,51116526.29999999
2025-08-01 09:49:26 AM,811.55,200,162310.0,51278836.29999999
2025-08-01 09:49:35 AM,811.55,1,811.55,51279647.84999999
2025-08-01 09:49:53 AM,811.1,0,0.0,51279647.84999999
2025-08-01 09:49:54 AM,810.9,98,79468.2,51359116.04999999
2025-08-01 09:50:07 AM,810.65,2,1621.3,51360737.34999999
2025-08-01 09:50:14 AM,810.65,40,32426.0,51393163.34999999
2025-08-01 09:50:17 AM,810.65,10,8106.5,51401269.84999999
2025-08-01 09:50:20 AM,810.65,10,8106.5,51409376.34999999
2025-08-01 09:50:23 AM,810.65,202,163751.3,51573127.64999998
2025-08-01 09:50:30 AM,810.5,0,0.0,51573127.64999998
2025-08-01 09:50:30 AM,810.5,107,86723.5,51659851.14999998
2025-08-01 09:50:51 AM,810.5,100,81050.0,51740901.14999998
2025-08-01 09:51:00 AM,810.6,0,0.0,51740901.14999998
2025-08-01 09:51:00 AM,810.75,0,0.0,51740901.14999998
2025-08-01 09:51:01 AM,810.75,297,240792.75,51981693.89999998
2025-08-01 09:51:03 AM,810.75,20,16215.0,51997908.89999998
2025-08-01 09:51:07 AM,810.75,1,810.75,51998719.64999998
2025-08-01 09:51:09 AM,811.25,57,46241.25,52044960.89999998
2025-08-01 09:51:18 AM,812.05,0,0.0,52044960.89999998
2025-08-01 09:51:20 AM,812.05,7,5684.349999999999,52050645.249999985
2025-08-01 09:51:26 AM,812.0,0,0.0,52050645.249999985
2025-08-01 09:51:26 AM,812.0,20,16240.0,52066885.249999985
2025-08-01 09:51:41 AM,811.95,2,1623.9,52068509.14999998
2025-08-01 09:51:45 AM,811.95,21,17050.95,52085560.09999999
2025-08-01 09:51:49 AM,811.35,0,0.0,52085560.09999999
2025-08-01 09:51:51 AM,811.35,24,19472.4,52105032.499999985
2025-08-01 09:51:53 AM,811.3,0,0.0,52105032.499999985
2025-08-01 09:51:54 AM,811.3,20,16226.0,52121258.499999985
2025-08-01 09:52:00 AM,811.35,1,811.35,52122069.84999999
2025-08-01 09:52:01 AM,811.0,0,0.0,52122069.84999999
2025-08-01 09:52:03 AM,811.0,5,4055.0,52126124.84999999
2025-08-01 09:52:09 AM,811.0,8,6488.0,52132612.84999999
2025-08-01 09:52:09 AM,811.3,0,0.0,52132612.84999999
2025-08-01 09:52:12 AM,811.3,1,811.3,52133424.14999998
2025-08-01 09:52:15 AM,811.3,1,811.3,52134235.44999998
2025-08-01 09:52:18 AM,811.3,1,811.3,52135046.74999998
2025-08-01 09:52:22 AM,811.3,10,8113.0,52143159.74999998
2025-08-01 09:52:24 AM,811.35,15,12170.25,52155329.99999998
2025-08-01 09:52:30 AM,811.35,40,32454.0,52187783.99999998
2025-08-01 09:52:34 AM,811.35,1,811.35,52188595.34999998
2025-08-01 09:52:45 AM,811.05,0,0.0,52188595.34999998
2025-08-01 09:52:46 AM,811.05,56,45418.799999999996,52234014.149999976
2025-08-01 09:52:52 AM,811.05,1,811.05,52234825.19999997
2025-08-01 09:53:00 AM,811.0,37,30007.0,52264832.19999997
2025-08-01 09:53:10 AM,811.0,1,811.0,52265643.19999997
2025-08-01 09:53:12 AM,810.95,0,0.0,52265643.19999997
2025-08-01 09:53:12 AM,810.95,1,810.95,52266454.149999976
2025-08-01 09:53:15 AM,810.9,0,0.0,52266454.149999976
2025-08-01 09:53:15 AM,811.0,0,0.0,52266454.149999976
2025-08-01 09:53:17 AM,811.0,151,122461.0,52388915.149999976
2025-08-01 09:53:18 AM,810.9,0,0.0,52388915.149999976
2025-08-01 09:53:19 AM,810.9,18,14596.199999999999,52403511.34999998
2025-08-01 09:53:22 AM,811.0,0,0.0,52403511.34999998
2025-08-01 09:53:23 AM,811.0,300,243300.0,52646811.34999998
2025-08-01 09:53:25 AM,810.5,0,0.0,52646811.34999998
2025-08-01 09:53:25 AM,810.5,575,466037.5,53112848.84999998
2025-08-01 09:53:31 AM,809.9,607,491609.3,53604458.149999976
2025-08-01 09:53:42 AM,809.85,1,809.85,53605267.99999998
2025-08-01 09:53:43 AM,809.55,0,0.0,53605267.99999998
2025-08-01 09:53:43 AM,809.55,1,809.55,53606077.549999975
2025-08-01 09:53:48 AM,809.75,5,4048.75,53610126.299999975
2025-08-01 09:54:00 AM,809.75,1,809.75,53610936.049999975
2025-08-01 09:54:10 AM,809.4,0,0.0,53610936.049999975
2025-08-01 09:54:12 AM,809.4,5,4047.0,53614983.049999975
2025-08-01 09:54:19 AM,809.4,246,199112.4,53814095.44999997
2025-08-01 09:54:28 AM,808.5,0,0.0,53814095.44999997
2025-08-01 09:54:31 AM,808.65,639,516727.35,54330822.799999975
2025-08-01 09:54:32 AM,808.65,1,808.65,54331631.44999997
2025-08-01 09:54:44 AM,808.65,25,20216.25,54351847.69999997
2025-08-01 09:54:49 AM,808.65,1,808.65,54352656.34999997
2025-08-01 09:54:53 AM,808.3,0,0.0,54352656.34999997
2025-08-01 09:54:53 AM,808.1,0,0.0,54352656.34999997
2025-08-01 09:54:55 AM,808.55,0,0.0,54352656.34999997
2025-08-01 09:54:55 AM,808.55,78,63066.899999999994,54415723.24999997
2025-08-01 09:54:59 AM,808.1,0,0.0,54415723.24999997
2025-08-01 09:55:01 AM,808.1,1,808.1,54416531.34999997
2025-08-01 09:55:05 AM,808.55,0,0.0,54416531.34999997
2025-08-01 09:55:05 AM,807.7,0,0.0,54416531.34999997
2025-08-01 09:55:06 AM,808.2,1068,863157.6000000001,55279688.94999997
2025-08-01 09:55:12 AM,808.05,11,8888.55,55288577.49999997
2025-08-01 09:55:14 AM,807.85,0,0.0,55288577.49999997
2025-08-01 09:55:14 AM,807.85,250,201962.5,55490539.99999997
2025-08-01 09:55:24 AM,808.55,0,0.0,55490539.99999997
2025-08-01 09:55:25 AM,808.05,3,2424.1499999999996,55492964.14999997
2025-08-01 09:55:37 AM,808.25,329,265914.25,55758878.39999997
2025-08-01 09:55:38 AM,808.65,50,40432.5,55799310.89999997
2025-08-01 09:55:43 AM,808.65,1,808.65,55800119.54999997
2025-08-01 09:55:55 AM,808.65,22,17790.3,55817909.849999964
2025-08-01 09:55:56 AM,809.05,0,0.0,55817909.849999964
2025-08-01 09:55:56 AM,809.05,150,121357.5,55939267.349999964
2025-08-01 09:55:58 AM,809.2,0,0.0,55939267.349999964
2025-08-01 09:56:01 AM,809.2,1,809.2,55940076.54999997
2025-08-01 09:56:14 AM,808.65,15,12129.75,55952206.29999997
2025-08-01 09:56:16 AM,809.2,0,0.0,55952206.29999997
2025-08-01 09:56:19 AM,809.2,2,1618.4,55953824.699999966
2025-08-01 09:56:32 AM,809.15,0,0.0,55953824.699999966
2025-08-01 09:56:32 AM,809.15,1,809.15,55954633.849999964
2025-08-01 09:56:41 AM,808.65,0,0.0,55954633.849999964
2025-08-01 09:56:43 AM,808.65,14,11321.1,55965954.949999966
2025-08-01 09:56:49 AM,808.65,2,1617.3,55967572.24999996
2025-08-01 09:56:56 AM,808.1,2,1616.2,55969188.449999966
2025-08-01 09:57:07 AM,808.65,0,0.0,55969188.449999966
2025-08-01 09:57:07 AM,808.65,6,4851.9,55974040.349999964
2025-08-01 09:57:18 AM,808.65,5,4043.25,55978083.599999964
2025-08-01 09:57:24 AM,808.65,1,808.65,55978892.24999996
2025-08-01 09:57:32 AM,808.1,342,276370.2,56255262.449999966
2025-08-01 09:57:42 AM,808.3,0,0.0,56255262.449999966
2025-08-01 09:57:42 AM,808.3,1,808.3,56256070.74999996
2025-08-01 09:57:48 AM,808.1,3,2424.3,56258495.04999996
2025-08-01 09:57:51 AM,808.1,1,808.1,56259303.14999996
2025-08-01 09:57:57 AM,808.1,1,808.1,56260111.24999996
2025-08-01 09:58:03 AM,808.1,12,9697.2,56269808.449999966
2025-08-01 09:58:06 AM,807.85,630,508945.5,56778753.949999966
2025-08-01 09:58:15 AM,807.85,1,807.85,56779561.79999997
2025-08-01 09:58:27 AM,807.2,0,0.0,56779561.79999997
2025-08-01 09:58:27 AM,807.2,110,88792.0,56868353.79999997
2025-08-01 09:58:30 AM,807.6,1,807.6,56869161.39999997
2025-08-01 09:58:32 AM,807.0,0,0.0,56869161.39999997
2025-08-01 09:58:33 AM,807.0,331,267117.0,57136278.39999997
2025-08-01 09:58:39 AM,807.0,25,20175.0,57156453.39999997
2025-08-01 09:58:46 AM,807.35,80,64588.0,57221041.39999997
2025-08-01 09:58:49 AM,807.35,17,13724.95,57234766.34999997
2025-08-01 09:58:57 AM,806.7,1773,1430279.1,58665045.44999997
2025-08-01 09:59:00 AM,806.85,0,0.0,58665045.44999997
2025-08-01 09:59:01 AM,806.85,1,806.85,58665852.299999975
2025-08-01 09:59:07 AM,806.9,1,806.9,58666659.19999997
2025-08-01 09:59:10 AM,806.6,0,0.0,58666659.19999997
2025-08-01 09:59:10 AM,806.6,35,28231.0,58694890.19999997
2025-08-01 09:59:13 AM,806.4,0,0.0,58694890.19999997
2025-08-01 09:59:13 AM,806.4,79,63705.6,58758595.799999975
2025-08-01 09:59:20 AM,806.7,567,457398.9,59215994.69999997
2025-08-01 09:59:22 AM,806.9,0,0.0,59215994.69999997
2025-08-01 09:59:22 AM,806.9,30,24207.0,59240201.69999997
2025-08-01 09:59:25 AM,806.55,0,0.0,59240201.69999997
2025-08-01 09:59:26 AM,806.55,100,80655.0,59320856.69999997
2025-08-01 09:59:29 AM,806.6,0,0.0,59320856.69999997
2025-08-01 09:59:29 AM,806.6,71,57268.6,59378125.299999975
2025-08-01 09:59:38 AM,807.2,15,12108.0,59390233.299999975
2025-08-01 09:59:42 AM,806.75,0,0.0,59390233.299999975
2025-08-01 09:59:45 AM,806.75,213,171837.75,59562071.049999975
2025-08-01 09:59:49 AM,806.45,0,0.0,59562071.049999975
2025-08-01 09:59:51 AM,806.45,170,137096.5,59699167.549999975
2025-08-01 09:59:55 AM,805.95,0,0.0,59699167.549999975
2025-08-01 09:59:57 AM,805.85,0,0.0,59699167.549999975
2025-08-01 09:59:57 AM,805.85,802,646291.7000000001,60345459.24999998
2025-08-01 09:59:58 AM,805.8,0,0.0,60345459.24999998
2025-08-01 09:59:59 AM,805.8,25,20145.0,60365604.24999998
2025-08-01 10:00:03 AM,805.55,0,0.0,60365604.24999998
2025-08-01 10:00:03 AM,805.55,20,16111.0,60381715.24999998
2025-08-01 10:00:06 AM,805.55,26,20944.3,60402659.549999975
2025-08-01 10:00:09 AM,805.25,270,217417.5,60620077.049999975
2025-08-01 10:00:12 AM,805.15,2,1610.3,60621687.34999997
2025-08-01 10:00:16 AM,806.0,2139,1724034.0,62345721.34999997
2025-08-01 10:00:18 AM,805.85,0,0.0,62345721.34999997
2025-08-01 10:00:19 AM,806.35,21,16933.350000000002,62362654.69999997
2025-08-01 10:00:28 AM,806.35,2,1612.7,62364267.399999976
2025-08-01 10:00:31 AM,806.35,101,81441.35,62445708.74999998
2025-08-01 10:00:35 AM,806.35,1047,844248.4500000001,63289957.19999998
2025-08-01 10:00:41 AM,806.35,2,1612.7,63291569.89999998
2025-08-01 10:00:44 AM,806.35,1,806.35,63292376.249999985
2025-08-01 10:00:47 AM,806.3,0,0.0,63292376.249999985
2025-08-01 10:00:47 AM,806.3,167,134652.1,63427028.34999999
2025-08-01 10:00:51 AM,806.3,2,1612.6,63428640.94999999
2025-08-01 10:00:57 AM,806.45,40,32258.0,63460898.94999999
2025-08-01 10:01:00 AM,807.15,31,25021.649999999998,63485920.59999999
2025-08-01 10:01:03 AM,807.5,122,98515.0,63584435.59999999
2025-08-01 10:01:05 AM,807.45,0,0.0,63584435.59999999
2025-08-01 10:01:06 AM,807.45,1,807.45,63585243.04999999
2025-08-01 10:01:21 AM,807.55,0,0.0,63585243.04999999
2025-08-01 10:01:22 AM,807.55,1,807.55,63586050.59999999
2025-08-01 10:01:25 AM,807.55,73,58951.149999999994,63645001.749999985
2025-08-01 10:01:31 AM,808.0,0,0.0,63645001.749999985
2025-08-01 10:01:31 AM,808.0,2,1616.0,63646617.749999985
2025-08-01 10:01:34 AM,808.0,3,2424.0,63649041.749999985
2025-08-01 10:01:41 AM,808.0,1,808.0,63649849.749999985
2025-08-01 10:01:43 AM,808.0,1,808.0,63650657.749999985
2025-08-01 10:01:49 AM,808.1,94,75961.40000000001,63726619.14999998
2025-08-01 10:01:53 AM,808.55,35,28299.25,63754918.39999998
2025-08-01 10:01:55 AM,809.05,2,1618.1,63756536.499999985
2025-08-01 10:02:12 AM,809.0,1,809.0,63757345.499999985
2025-08-01 10:02:20 AM,809.0,1,809.0,63758154.499999985
2025-08-01 10:02:25 AM,809.0,4,3236.0,63761390.499999985
2025-08-01 10:02:29 AM,809.05,0,0.0,63761390.499999985
2025-08-01 10:02:31 AM,809.05,11,8899.55,63770290.04999998
2025-08-01 10:02:37 AM,808.85,13,10515.050000000001,63780805.09999998
2025-08-01 10:02:45 AM,808.85,1,808.85,63781613.94999998
2025-08-01 10:02:50 AM,808.95,100,80895.0,63862508.94999998
2025-08-01 10:03:03 AM,808.85,0,0.0,63862508.94999998
2025-08-01 10:03:03 AM,808.85,1,808.85,63863317.79999998
2025-08-01 10:03:04 AM,809.0,0,0.0,63863317.79999998
2025-08-01 10:03:04 AM,809.0,100,80900.0,63944217.79999998
2025-08-01 10:03:09 AM,808.8,1,808.8,63945026.59999998
2025-08-01 10:03:15 AM,808.85,2,1617.7,63946644.29999998
2025-08-01 10:03:22 AM,808.85,1,808.85,63947453.14999998
2025-08-01 10:03:28 AM,809.4,0,0.0,63947453.14999998
2025-08-01 10:03:28 AM,809.4,255,206397.0,64153850.14999998
2025-08-01 10:03:35 AM,810.0,250,202500.0,64356350.14999998
2025-08-01 10:03:37 AM,809.85,1,809.85,64357159.999999985
2025-08-01 10:03:41 AM,809.85,1,809.85,64357969.84999999
2025-08-01 10:03:44 AM,809.2,0,0.0,64357969.84999999
2025-08-01 10:03:47 AM,809.45,0,0.0,64357969.84999999
2025-08-01 10:03:47 AM,809.45,55,44519.75,64402489.59999999
2025-08-01 10:03:53 AM,809.45,1,809.45,64403299.04999999
2025-08-01 10:04:06 AM,809.45,21,16998.45,64420297.49999999
2025-08-01 10:04:07 AM,809.2,0,0.0,64420297.49999999
2025-08-01 10:04:08 AM,809.2,281,227385.2,64647682.699999996
2025-08-01 10:04:11 AM,809.5,0,0.0,64647682.699999996
2025-08-01 10:04:12 AM,809.5,1,809.5,64648492.199999996
2025-08-01 10:04:31 AM,809.65,0,0.0,64648492.199999996
2025-08-01 10:04:31 AM,809.65,53,42911.45,64691403.65
2025-08-01 10:04:33 AM,809.9,150,121485.0,64812888.65
2025-08-01 10:04:39 AM,810.5,37,29988.5,64842877.15
2025-08-01 10:04:44 AM,809.9,6,4859.4,64847736.55
2025-08-01 10:04:46 AM,810.5,0,0.0,64847736.55
2025-08-01 10:04:46 AM,810.5,1,810.5,64848547.05
2025-08-01 10:04:50 AM,810.65,0,0.0,64848547.05
2025-08-01 10:04:50 AM,810.65,15,12159.75,64860706.8
2025-08-01 10:04:56 AM,810.7,30,24321.0,64885027.8
2025-08-01 10:04:58 AM,810.6,0,0.0,64885027.8
2025-08-01 10:04:58 AM,810.6,12,9727.2,64894755.0
2025-08-01 10:05:02 AM,810.6,1,810.6,64895565.6
2025-08-01 10:05:13 AM,809.95,0,0.0,64895565.6
2025-08-01 10:05:14 AM,809.95,139,112583.05,65008148.65
2025-08-01 10:05:16 AM,809.95,2,1619.9,65009768.55
2025-08-01 10:05:21 AM,809.95,3,2429.8500000000004,65012198.4
2025-08-01 10:05:23 AM,809.95,500,404975.0,65417173.4
2025-08-01 10:05:29 AM,810.3,113,91563.9,65508737.3
2025-08-01 10:05:35 AM,810.65,1,810.65,65509547.949999996
2025-08-01 10:05:41 AM,810.1,0,0.0,65509547.949999996
2025-08-01 10:05:41 AM,810.1,4,3240.4,65512788.349999994
2025-08-01 10:05:50 AM,810.65,0,0.0,65512788.349999994
2025-08-01 10:05:51 AM,810.65,5,4053.25,65516841.599999994
2025-08-01 10:05:53 AM,810.65,1,810.65,65517652.24999999
2025-08-01 10:05:55 AM,810.2,0,0.0,65517652.24999999
2025-08-01 10:05:57 AM,810.2,3,2430.6000000000004,65520082.849999994
2025-08-01 10:06:03 AM,810.2,107,86691.40000000001,65606774.24999999
2025-08-01 10:06:09 AM,810.2,28,22685.600000000002,65629459.849999994
2025-08-01 10:06:11 AM,810.2,1,810.2,65630270.05
2025-08-01 10:06:26 AM,809.8,274,221885.19999999998,65852155.25
2025-08-01 10:06:38 AM,809.75,21,17004.75,65869160.0
2025-08-01 10:06:45 AM,809.85,1,809.85,65869969.85
2025-08-01 10:06:57 AM,809.75,12,9717.0,65879686.85
2025-08-01 10:07:03 AM,809.8,0,0.0,65879686.85
2025-08-01 10:07:03 AM,809.8,2,1619.6,65881306.45
2025-08-01 10:07:05 AM,809.8,10,8098.0,65889404.45
2025-08-01 10:07:15 AM,809.8,208,168438.4,66057842.85
2025-08-01 10:07:18 AM,809.75,0,0.0,66057842.85
2025-08-01 10:07:18 AM,809.75,1,809.75,66058652.6
2025-08-01 10:07:24 AM,809.05,120,97086.0,66155738.6
2025-08-01 10:07:28 AM,809.75,0,0.0,66155738.6
2025-08-01 10:07:28 AM,809.9,10,8099.0,66163837.6
2025-08-01 10:07:30 AM,809.1,13,10518.300000000001,66174355.9
2025-08-01 10:07:34 AM,809.8,1,809.8,66175165.699999996
2025-08-01 10:07:40 AM,808.55,0,0.0,66175165.699999996
2025-08-01 10:07:40 AM,808.55,1353,1093968.15,67269133.85
2025-08-01 10:07:48 AM,809.55,26,21048.3,67290182.14999999
2025-08-01 10:07:53 AM,809.1,2,1618.2,67291800.35
2025-08-01 10:08:04 AM,808.9,0,0.0,67291800.35
2025-08-01 10:08:05 AM,808.9,8,6471.2,67298271.55
2025-08-01 10:08:09 AM,809.55,0,0.0,67298271.55
2025-08-01 10:08:11 AM,809.55,1,809.55,67299081.1
2025-08-01 10:08:22 AM,809.9,0,0.0,67299081.1
2025-08-01 10:08:24 AM,809.9,96,77750.4,67376831.5
2025-08-01 10:08:25 AM,810.65,1,810.65,67377642.15
2025-08-01 10:08:28 AM,810.15,0,0.0,67377642.15
2025-08-01 10:08:30 AM,810.15,54,43748.1,67421390.25
2025-08-01 10:08:43 AM,810.5,0,0.0,67421390.25
2025-08-01 10:08:43 AM,810.5,1,810.5,67422200.75
2025-08-01 10:08:59 AM,810.5,1,810.5,67423011.25
2025-08-01 10:09:17 AM,810.45,0,0.0,67423011.25
2025-08-01 10:09:17 AM,810.45,1,810.45,67423821.7
2025-08-01 10:09:22 AM,810.4,0,0.0,67423821.7
2025-08-01 10:09:23 AM,810.4,1,810.4,67424632.10000001
2025-08-01 10:09:27 AM,810.45,0,0.0,67424632.10000001
2025-08-01 10:09:29 AM,810.45,6,4862.700000000001,67429494.80000001
2025-08-01 10:09:34 AM,810.4,0,0.0,67429494.80000001
2025-08-01 10:09:35 AM,810.4,1,810.4,67430305.20000002
2025-08-01 10:09:42 AM,810.65,332,269135.8,67699441.00000001
2025-08-01 10:09:51 AM,810.85,0,0.0,67699441.00000001
2025-08-01 10:09:52 AM,810.85,1,810.85,67700251.85000001
2025-08-01 10:10:05 AM,810.5,25,20262.5,67720514.35000001
2025-08-01 10:10:08 AM,810.85,0,0.0,67720514.35000001
2025-08-01 10:10:09 AM,810.85,1,810.85,67721325.2
2025-08-01 10:10:11 AM,810.5,0,0.0,67721325.2
2025-08-01 10:10:11 AM,810.5,92,74566.0,67795891.2
2025-08-01 10:10:13 AM,810.45,0,0.0,67795891.2
2025-08-01 10:10:15 AM,810.7,302,244831.40000000002,68040722.60000001
2025-08-01 10:10:17 AM,810.65,10,8106.5,68048829.10000001
2025-08-01 10:10:21 AM,810.65,19,15402.35,68064231.45
2025-08-01 10:10:27 AM,810.65,1,810.65,68065042.10000001
2025-08-01 10:10:30 AM,810.0,0,0.0,68065042.10000001
2025-08-01 10:10:33 AM,810.0,416,336960.0,68402002.10000001
2025-08-01 10:10:43 AM,810.05,0,0.0,68402002.10000001
2025-08-01 10:10:45 AM,810.05,1,810.05,68402812.15
2025-08-01 10:10:53 AM,810.2,305,247111.0,68649923.15
2025-08-01 10:10:58 AM,810.2,1,810.2,68650733.35000001
2025-08-01 10:11:07 AM,810.5,0,0.0,68650733.35000001
2025-08-01 10:11:08 AM,810.5,50,40525.0,68691258.35000001
2025-08-01 10:11:16 AM,810.5,1,810.5,68692068.85000001
2025-08-01 10:11:25 AM,810.2,0,0.0,68692068.85000001
2025-08-01 10:11:26 AM,810.2,5,4051.0,68696119.85000001
2025-08-01 10:11:33 AM,810.5,1,810.5,68696930.35000001
2025-08-01 10:11:37 AM,810.5,2,1621.0,68698551.35000001
2025-08-01 10:11:43 AM,810.5,13,10536.5,68709087.85000001
2025-08-01 10:11:49 AM,810.5,1,810.5,68709898.35000001
2025-08-01 10:12:01 AM,810.5,91,73755.5,68783653.85000001
2025-08-01 10:12:07 AM,810.5,2,1621.0,68785274.85000001
2025-08-01 10:12:08 AM,810.8,50,40540.0,68825814.85000001
2025-08-01 10:12:24 AM,810.8,101,81890.79999999999,68907705.65
2025-08-01 10:12:42 AM,810.8,1,810.8,68908516.45
2025-08-01 10:12:47 AM,810.85,20,16217.0,68924733.45
2025-08-01 10:12:59 AM,810.8,1,810.8,68925544.25
2025-08-01 10:13:11 AM,811.0,50,40550.0,68966094.25
2025-08-01 10:13:16 AM,810.8,0,0.0,68966094.25
2025-08-01 10:13:16 AM,810.8,3,2432.3999999999996,68968526.65
2025-08-01 10:13:21 AM,811.25,0,0.0,68968526.65
2025-08-01 10:13:22 AM,811.25,300,243375.0,69211901.65
2025-08-01 10:13:27 AM,811.05,0,0.0,69211901.65
2025-08-01 10:13:28 AM,811.05,70,56773.5,69268675.15
2025-08-01 10:13:33 AM,811.25,0,0.0,69268675.15
2025-08-01 10:13:34 AM,811.25,1,811.25,69269486.4
2025-08-01 10:13:52 AM,811.25,1,811.25,69270297.65
2025-08-01 10:13:58 AM,811.25,250,202812.5,69473110.15
2025-08-01 10:14:04 AM,810.25,0,0.0,69473110.15
2025-08-01 10:14:04 AM,810.25,129,104522.25,69577632.4
2025-08-01 10:14:06 AM,811.15,0,0.0,69577632.4
2025-08-01 10:14:10 AM,811.15,1,811.15,69578443.55000001
2025-08-01 10:14:19 AM,811.0,0,0.0,69578443.55000001
2025-08-01 10:14:21 AM,811.0,250,202750.0,69781193.55000001
2025-08-01 10:14:22 AM,810.9,1,810.9,69782004.45000002
2025-08-01 10:14:32 AM,810.85,50,40542.5,69822546.95000002
2025-08-01 10:14:40 AM,810.85,2,1621.7,69824168.65000002
2025-08-01 10:14:50 AM,810.85,12,9730.2,69833898.85000002
2025-08-01 10:14:51 AM,811.25,349,283126.25,70117025.10000002
2025-08-01 10:14:56 AM,811.0,0,0.0,70117025.10000002
2025-08-01 10:14:56 AM,811.0,142,115162.0,70232187.10000002
2025-08-01 10:14:57 AM,811.7,1,811.7,70232998.80000003
2025-08-01 10:15:13 AM,811.8,1,811.8,70233810.60000002
2025-08-01 10:15:19 AM,811.8,13,10553.4,70244364.00000003
2025-08-01 10:15:21 AM,812.0,0,0.0,70244364.00000003
2025-08-01 10:15:24 AM,812.2,0,0.0,70244364.00000003
2025-08-01 10:15:25 AM,812.2,767,622957.4,70867321.40000004
2025-08-01 10:15:31 AM,812.25,0,0.0,70867321.40000004
2025-08-01 10:15:31 AM,812.25,1,812.25,70868133.65000004
2025-08-01 10:15:37 AM,812.25,109,88535.25,70956668.90000004
2025-08-01 10:15:43 AM,812.25,1,812.25,70957481.15000004
2025-08-01 10:15:50 AM,812.25,1,812.25,70958293.40000004
2025-08-01 10:15:55 AM,812.25,44,35739.0,70994032.40000004
2025-08-01 10:16:01 AM,812.25,10,8122.5,71002154.90000004
2025-08-01 10:16:06 AM,812.7,0,0.0,71002154.90000004
2025-08-01 10:16:07 AM,812.7,1,812.7,71002967.60000004
2025-08-01 10:16:09 AM,812.15,0,0.0,71002967.60000004
2025-08-01 10:16:13 AM,812.15,84,68220.59999999999,71071188.20000003
2025-08-01 10:16:23 AM,812.65,0,0.0,71071188.20000003
2025-08-01 10:16:24 AM,812.65,1,812.65,71072000.85000004
2025-08-01 10:16:36 AM,812.5,1,812.5,71072813.35000004
2025-08-01 10:16:42 AM,812.5,1,812.5,71073625.85000004
2025-08-01 10:16:57 AM,812.15,0,0.0,71073625.85000004
2025-08-01 10:16:58 AM,812.15,24,19491.6,71093117.45000003
2025-08-01 10:17:15 AM,812.5,0,0.0,71093117.45000003
2025-08-01 10:17:15 AM,812.5,2,1625.0,71094742.45000003
2025-08-01 10:17:21 AM,812.5,1,812.5,71095554.95000003
2025-08-01 10:17:24 AM,812.2,0,0.0,71095554.95000003
2025-08-01 10:17:27 AM,812.2,4,3248.8,71098803.75000003
2025-08-01 10:17:33 AM,812.2,69,56041.8,71154845.55000003
2025-08-01 10:17:39 AM,812.85,0,0.0,71154845.55000003
2025-08-01 10:17:39 AM,812.85,800,650280.0,71805125.55000003
2025-08-01 10:17:45 AM,812.85,25,20321.25,71825446.80000003
2025-08-01 10:17:50 AM,812.85,1,812.85,71826259.65000002
2025-08-01 10:17:56 AM,811.4,405,328617.0,72154876.65000002
2025-08-01 10:17:58 AM,811.7,0,0.0,72154876.65000002
2025-08-01 10:18:02 AM,811.7,25,20292.5,72175169.15000002
2025-08-01 10:18:08 AM,811.7,1,811.7,72175980.85000002
2025-08-01 10:18:22 AM,811.05,0,0.0,72175980.85000002
2025-08-01 10:18:24 AM,811.3,0,0.0,72175980.85000002
2025-08-01 10:18:25 AM,811.3,42,34074.6,72210055.45000002
2025-08-01 10:18:37 AM,810.4,0,0.0,72210055.45000002
2025-08-01 10:18:37 AM,810.4,800,648320.0,72858375.45000002
2025-08-01 10:18:37 AM,811.4,1,811.4,72859186.85000002
2025-08-01 10:18:54 AM,811.4,1,811.4,72859998.25000003
2025-08-01 10:19:01 AM,811.65,0,0.0,72859998.25000003
2025-08-01 10:19:05 AM,811.7,54,43831.8,72903830.05000003
2025-08-01 10:19:11 AM,812.4,1,812.4,72904642.45000003
2025-08-01 10:19:28 AM,812.5,1,812.5,72905454.95000003
2025-08-01 10:19:46 AM,812.5,1,812.5,72906267.45000003
2025-08-01 10:20:02 AM,812.5,1,812.5,72907079.95000003
2025-08-01 10:20:03 AM,812.5,5,4062.5,72911142.45000003
2025-08-01 10:20:13 AM,812.5,2,1625.0,72912767.45000003
2025-08-01 10:20:19 AM,812.5,1,812.5,72913579.95000003
2025-08-01 10:20:23 AM,812.7,0,0.0,72913579.95000003
2025-08-01 10:20:25 AM,812.7,129,104838.3,73018418.25000003
2025-08-01 10:20:31 AM,812.3,0,0.0,73018418.25000003
2025-08-01 10:20:31 AM,812.3,15,12184.5,73030602.75000003
2025-08-01 10:20:37 AM,812.85,0,0.0,73030602.75000003
2025-08-01 10:20:37 AM,812.85,1,812.85,73031415.60000002
2025-08-01 10:20:46 AM,812.45,0,0.0,73031415.60000002
2025-08-01 10:20:49 AM,812.45,75,60933.75,73092349.35000002
2025-08-01 10:20:54 AM,812.85,0,0.0,73092349.35000002
2025-08-01 10:20:55 AM,812.85,1,812.85,73093162.20000002
2025-08-01 10:21:10 AM,812.9,0,0.0,73093162.20000002
2025-08-01 10:21:12 AM,812.85,8,6502.8,73099665.00000001
2025-08-01 10:21:14 AM,813.05,0,0.0,73099665.00000001
2025-08-01 10:21:17 AM,813.2,40,32528.0,73132193.00000001
2025-08-01 10:21:20 AM,812.35,0,0.0,73132193.00000001
2025-08-01 10:21:22 AM,813.2,0,0.0,73132193.00000001
2025-08-01 10:21:23 AM,813.2,101,82133.20000000001,73214326.20000002
2025-08-01 10:21:28 AM,813.2,1,813.2,73215139.40000002
2025-08-01 10:21:41 AM,813.2,2,1626.4,73216765.80000003
2025-08-01 10:21:44 AM,813.2,1,813.2,73217579.00000003
2025-08-01 10:21:46 AM,812.65,0,0.0,73217579.00000003
2025-08-01 10:21:46 AM,812.65,102,82890.3,73300469.30000003
2025-08-01 10:21:52 AM,812.85,0,0.0,73300469.30000003
2025-08-01 10:21:53 AM,812.85,1,812.85,73301282.15000002
2025-08-01 10:22:02 AM,812.85,1,812.85,73302095.00000001
2025-08-01 10:22:12 AM,813.4,0,0.0,73302095.00000001
2025-08-01 10:22:13 AM,813.4,1481,1204645.4,74506740.40000002
2025-08-01 10:22:15 AM,814.0,18,14652.0,74521392.40000002
2025-08-01 10:22:19 AM,814.0,2,1628.0,74523020.40000002
2025-08-01 10:22:21 AM,813.65,0,0.0,74523020.40000002
2025-08-01 10:22:21 AM,813.65,1,813.65,74523834.05000003
2025-08-01 10:22:30 AM,814.15,0,0.0,74523834.05000003
2025-08-01 10:22:31 AM,814.15,59,48034.85,74571868.90000002
2025-08-01 10:22:36 AM,814.35,87,70848.45,74642717.35000002
2025-08-01 10:22:45 AM,814.4,0,0.0,74642717.35000002
2025-08-01 10:22:47 AM,814.4,50,40720.0,74683437.35000002
2025-08-01 10:22:53 AM,814.2,2,1628.4,74685065.75000003
2025-08-01 10:22:58 AM,814.5,0,0.0,74685065.75000003
2025-08-01 10:22:58 AM,814.5,214,174303.0,74859368.75000003
2025-08-01 10:23:02 AM,814.35,0,0.0,74859368.75000003
2025-08-01 10:23:03 AM,814.35,1,814.35,74860183.10000002
2025-08-01 10:23:09 AM,814.5,1,814.5,74860997.60000002
2025-08-01 10:23:13 AM,814.05,0,0.0,74860997.60000002
2025-08-01 10:23:15 AM,814.05,2,1628.1,74862625.70000002
2025-08-01 10:23:27 AM,814.5,17,13846.5,74876472.20000002
2025-08-01 10:23:29 AM,814.05,0,0.0,74876472.20000002
2025-08-01 10:23:30 AM,814.05,2,1628.1,74878100.30000001
2025-08-01 10:23:35 AM,814.05,32,26049.6,74904149.9
2025-08-01 10:23:43 AM,814.0,0,0.0,74904149.9
2025-08-01 10:23:43 AM,814.4,291,236990.4,75141140.30000001
2025-08-01 10:23:48 AM,814.0,0,0.0,75141140.30000001
2025-08-01 10:23:49 AM,814.0,384,312576.0,75453716.30000001
2025-08-01 10:23:54 AM,813.85,0,0.0,75453716.30000001
2025-08-01 10:23:54 AM,813.85,1,813.85,75454530.15
2025-08-01 10:24:03 AM,813.95,0,0.0,75454530.15
2025-08-01 10:24:03 AM,813.95,9,7325.55,75461855.7
2025-08-01 10:24:06 AM,814.0,0,0.0,75461855.7
2025-08-01 10:24:09 AM,814.0,9,7326.0,75469181.7
2025-08-01 10:24:11 AM,814.0,9,7326.0,75476507.7
2025-08-01 10:24:20 AM,814.0,10,8140.0,75484647.7
2025-08-01 10:24:31 AM,814.0,237,192918.0,75677565.7
2025-08-01 10:24:35 AM,814.1,0,0.0,75677565.7
2025-08-01 10:24:36 AM,814.65,0,0.0,75677565.7
2025-08-01 10:24:36 AM,814.65,206,167817.9,75845383.60000001
2025-08-01 10:24:38 AM,814.4,5,4072.0,75849455.60000001
2025-08-01 10:24:52 AM,814.75,1,814.75,75850270.35000001
2025-08-01 10:25:10 AM,814.8,0,0.0,75850270.35000001
2025-08-01 10:25:10 AM,814.8,1,814.8,75851085.15
2025-08-01 10:25:16 AM,814.95,0,0.0,75851085.15
2025-08-01 10:25:16 AM,814.95,72,58676.4,75909761.55000001
2025-08-01 10:25:26 AM,814.85,0,0.0,75909761.55000001
2025-08-01 10:25:27 AM,814.85,1,814.85,75910576.4
2025-08-01 10:25:28 AM,815.0,0,0.0,75910576.4
2025-08-01 10:25:30 AM,815.0,10,8150.0,75918726.4
2025-08-01 10:25:38 AM,815.0,9,7335.0,75926061.4
2025-08-01 10:25:44 AM,815.0,1,815.0,75926876.4
2025-08-01 10:25:49 AM,815.15,769,626850.35,76553726.75
2025-08-01 10:25:59 AM,815.55,0,0.0,76553726.75
2025-08-01 10:26:00 AM,815.55,485,395541.75,76949268.5
2025-08-01 10:26:04 AM,816.0,0,0.0,76949268.5
2025-08-01 10:26:06 AM,816.2,196,159975.2,77109243.7
2025-08-01 10:26:10 AM,816.8,0,0.0,77109243.7
2025-08-01 10:26:11 AM,816.8,1,816.8,77110060.5
2025-08-01 10:26:14 AM,816.85,20,16337.0,77126397.5
2025-08-01 10:26:17 AM,816.8,0,0.0,77126397.5
2025-08-01 10:26:17 AM,816.8,1,816.8,77127214.3
2025-08-01 10:26:18 AM,816.85,0,0.0,77127214.3
2025-08-01 10:26:19 AM,816.85,60,49011.0,77176225.3
2025-08-01 10:26:30 AM,816.8,0,0.0,77176225.3
2025-08-01 10:26:31 AM,816.8,13,10618.4,77186843.7
2025-08-01 10:26:34 AM,816.8,31,25320.8,77212164.5
2025-08-01 10:26:36 AM,816.1,0,0.0,77212164.5
2025-08-01 10:26:37 AM,816.1,69,56310.9,77268475.4
2025-08-01 10:26:42 AM,816.45,20,16329.0,77284804.4
2025-08-01 10:26:43 AM,815.75,0,0.0,77284804.4
2025-08-01 10:26:46 AM,815.75,200,163150.0,77447954.4
2025-08-01 10:26:51 AM,816.65,0,0.0,77447954.4
2025-08-01 10:26:51 AM,816.65,9,7349.849999999999,77455304.25
2025-08-01 10:26:52 AM,815.95,0,0.0,77455304.25
2025-08-01 10:26:54 AM,815.95,60,48957.0,77504261.25
2025-08-01 10:26:57 AM,815.95,2,1631.9,77505893.15
2025-08-01 10:27:00 AM,816.1,0,0.0,77505893.15
2025-08-01 10:27:00 AM,816.1,125,102012.5,77607905.65
2025-08-01 10:27:08 AM,816.0,0,0.0,77607905.65
2025-08-01 10:27:09 AM,816.0,1,816.0,77608721.65
2025-08-01 10:27:14 AM,816.0,24,19584.0,77628305.65
2025-08-01 10:27:25 AM,816.15,2,1632.3,77629937.95
2025-08-01 10:27:39 AM,816.45,0,0.0,77629937.95
2025-08-01 10:27:39 AM,816.45,40,32658.0,77662595.95
2025-08-01 10:27:41 AM,816.4,1,816.4,77663412.35000001
2025-08-01 10:28:01 AM,816.4,1,816.4,77664228.75000001
2025-08-01 10:28:02 AM,816.55,0,0.0,77664228.75000001
2025-08-01 10:28:03 AM,816.55,25,20413.75,77684642.50000001
2025-08-01 10:28:10 AM,816.05,0,0.0,77684642.50000001
2025-08-01 10:28:11 AM,816.05,50,40802.5,77725445.00000001
2025-08-01 10:28:16 AM,816.7,0,0.0,77725445.00000001
2025-08-01 10:28:17 AM,816.7,1,816.7,77726261.70000002
2025-08-01 10:28:33 AM,816.1,20,16322.0,77742583.70000002
2025-08-01 10:28:42 AM,815.95,0,0.0,77742583.70000002
2025-08-01 10:28:42 AM,815.95,253,206435.35,77949019.05000001
2025-08-01 10:28:50 AM,815.85,0,0.0,77949019.05000001
2025-08-01 10:28:50 AM,815.85,1,815.85,77949834.9
2025-08-01 10:28:53 AM,815.85,1,815.85,77950650.75
2025-08-01 10:29:06 AM,815.85,1,815.85,77951466.6
2025-08-01 10:29:11 AM,816.1,0,0.0,77951466.6
2025-08-01 10:29:12 AM,816.1,50,40805.0,77992271.6
2025-08-01 10:29:18 AM,815.45,0,0.0,77992271.6
2025-08-01 10:29:18 AM,815.45,400,326180.0,78318451.6
2025-08-01 10:29:23 AM,816.25,1,816.25,78319267.85
2025-08-01 10:29:26 AM,816.25,5,4081.25,78323349.1
2025-08-01 10:29:32 AM,816.25,6,4897.5,78328246.6
2025-08-01 10:29:40 AM,816.25,1,816.25,78329062.85
2025-08-01 10:29:43 AM,816.55,117,95536.34999999999,78424599.19999999
2025-08-01 10:29:48 AM,816.6,1,816.6,78425415.79999998
2025-08-01 10:29:54 AM,816.6,9,7349.400000000001,78432765.19999999
2025-08-01 10:29:57 AM,816.55,1,816.55,78433581.74999999
2025-08-01 10:30:00 AM,816.55,1,816.55,78434398.29999998
2025-08-01 10:30:02 AM,816.55,13,10615.15,78445013.44999999
2025-08-01 10:30:14 AM,816.6,0,0.0,78445013.44999999
2025-08-01 10:30:14 AM,816.6,10,8166.0,78453179.44999999
2025-08-01 10:30:17 AM,816.6,1,816.6,78453996.04999998
2025-08-01 10:30:20 AM,816.9,270,220563.0,78674559.04999998
2025-08-01 10:30:30 AM,817.0,0,0.0,78674559.04999998
2025-08-01 10:30:31 AM,817.0,50,40850.0,78715409.04999998
2025-08-01 10:30:32 AM,816.6,0,0.0,78715409.04999998
2025-08-01 10:30:34 AM,816.6,10,8166.0,78723575.04999998
2025-08-01 10:30:39 AM,817.15,0,0.0,78723575.04999998
2025-08-01 10:30:39 AM,817.15,25,20428.75,78744003.79999998
2025-08-01 10:30:44 AM,816.6,0,0.0,78744003.79999998
2025-08-01 10:30:45 AM,816.6,93,75943.8,78819947.59999998
2025-08-01 10:30:48 AM,816.6,1,816.6,78820764.19999997
2025-08-01 10:30:51 AM,817.8,0,0.0,78820764.19999997
2025-08-01 10:30:51 AM,817.8,600,490680.0,79311444.19999997
2025-08-01 10:30:58 AM,816.7,0,0.0,79311444.19999997
2025-08-01 10:31:00 AM,816.7,55,44918.5,79356362.69999997
2025-08-01 10:31:06 AM,817.1,0,0.0,79356362.69999997
2025-08-01 10:31:06 AM,817.1,1,817.1,79357179.79999997
2025-08-01 10:31:18 AM,817.15,0,0.0,79357179.79999997
2025-08-01 10:31:20 AM,817.15,2,1634.3,79358814.09999996
2025-08-01 10:31:23 AM,817.15,1,817.15,79359631.24999997
2025-08-01 10:31:39 AM,817.15,1,817.15,79360448.39999998
2025-08-01 10:31:42 AM,817.1,50,40855.0,79401303.39999998
2025-08-01 10:31:47 AM,817.1,50,40855.0,79442158.39999998
2025-08-01 10:31:51 AM,817.1,14,11439.4,79453597.79999998
2025-08-01 10:31:57 AM,817.15,136,111132.4,79564730.19999999
2025-08-01 10:32:13 AM,817.3,23,18797.899999999998,79583528.1
2025-08-01 10:32:17 AM,817.3,3,2451.8999999999996,79585980.0
2025-08-01 10:32:31 AM,817.85,0,0.0,79585980.0
2025-08-01 10:32:33 AM,817.85,2,1635.7,79587615.7
2025-08-01 10:32:48 AM,817.85,1,817.85,79588433.55
2025-08-01 10:33:05 AM,817.8,1,817.8,79589251.35
2025-08-01 10:33:16 AM,817.7,1,817.7,79590069.05
2025-08-01 10:33:19 AM,817.8,53,43343.399999999994,79633412.45
2025-08-01 10:33:21 AM,817.9,130,106327.0,79739739.45
2025-08-01 10:33:30 AM,817.8,0,0.0,79739739.45
2025-08-01 10:33:30 AM,817.8,1,817.8,79740557.25
2025-08-01 10:33:39 AM,817.85,0,0.0,79740557.25
2025-08-01 10:33:41 AM,817.85,1,817.85,79741375.1
2025-08-01 10:33:52 AM,818.0,100,81800.0,79823175.1
2025-08-01 10:33:57 AM,817.85,0,0.0,79823175.1
2025-08-01 10:33:58 AM,817.85,1,817.85,79823992.94999999
2025-08-01 10:34:09 AM,818.0,0,0.0,79823992.94999999
2025-08-01 10:34:10 AM,818.0,50,40900.0,79864892.94999999
2025-08-01 10:34:12 AM,818.3,55,45006.5,79909899.44999999
2025-08-01 10:34:15 AM,818.3,26,21275.8,79931175.24999999
2025-08-01 10:34:23 AM,818.3,25,20457.5,79951632.74999999
2025-08-01 10:34:31 AM,817.0,0,0.0,79951632.74999999
2025-08-01 10:34:31 AM,816.7,0,0.0,79951632.74999999
2025-08-01 10:34:32 AM,816.7,190,155173.0,80106805.74999999
2025-08-01 10:34:39 AM,816.7,9,7350.3,80114156.04999998
2025-08-01 10:34:43 AM,816.35,0,0.0,80114156.04999998
2025-08-01 10:34:43 AM,816.35,167,136330.45,80250486.49999999
2025-08-01 10:34:45 AM,816.75,25,20418.75,80270905.24999999
2025-08-01 10:34:49 AM,816.75,1,816.75,80271721.99999999
2025-08-01 10:34:50 AM,816.95,0,0.0,80271721.99999999
2025-08-01 10:34:51 AM,816.95,52,42481.4,80314203.39999999
2025-08-01 10:34:55 AM,817.0,0,0.0,80314203.39999999
2025-08-01 10:34:57 AM,817.0,2,1634.0,80315837.39999999
2025-08-01 10:35:06 AM,816.65,26,21232.899999999998,80337070.3
2025-08-01 10:35:21 AM,817.0,0,0.0,80337070.3
2025-08-01 10:35:23 AM,817.0,1,817.0,80337887.3
2025-08-01 10:35:37 AM,816.9,0,0.0,80337887.3
2025-08-01 10:35:37 AM,816.9,200,163380.0,80501267.3
2025-08-01 10:35:40 AM,816.9,1,816.9,80502084.2
2025-08-01 10:35:51 AM,816.65,3,2449.95,80504534.15
2025-08-01 10:35:56 AM,816.85,0,0.0,80504534.15
2025-08-01 10:35:57 AM,816.85,1,816.85,80505351.0
2025-08-01 10:36:12 AM,816.9,0,0.0,80505351.0
2025-08-01 10:36:13 AM,816.7,173,141289.1,80646640.1
2025-08-01 10:36:24 AM,816.65,0,0.0,80646640.1
2025-08-01 10:36:25 AM,816.65,26,21232.899999999998,80667873.0
2025-08-01 10:36:30 AM,816.95,0,0.0,80667873.0
2025-08-01 10:36:30 AM,816.95,6,4901.700000000001,80672774.7
2025-08-01 10:36:46 AM,817.0,0,0.0,80672774.7
2025-08-01 10:36:47 AM,817.0,1,817.0,80673591.7
2025-08-01 10:36:58 AM,816.45,150,122467.5,80796059.2
2025-08-01 10:37:03 AM,816.9,1,816.9,80796876.10000001
2025-08-01 10:37:20 AM,816.85,1,816.85,80797692.95
2025-08-01 10:37:25 AM,817.2,0,0.0,80797692.95
2025-08-01 10:37:25 AM,817.2,714,583480.8,81381173.75
2025-08-01 10:37:36 AM,817.85,2,1635.7,81382809.45
2025-08-01 10:37:55 AM,817.45,0,0.0,81382809.45
2025-08-01 10:37:55 AM,817.45,1,817.45,81383626.9
2025-08-01 10:38:11 AM,817.45,1,817.45,81384444.35000001
2025-08-01 10:38:17 AM,817.45,1,817.45,81385261.80000001
2025-08-01 10:38:30 AM,817.45,1,817.45,81386079.25000001
2025-08-01 10:38:41 AM,817.2,103,84171.6,81470250.85000001
2025-08-01 10:38:45 AM,817.45,0,0.0,81470250.85000001
2025-08-01 10:38:47 AM,817.45,1,817.45,81471068.30000001
2025-08-01 10:39:03 AM,817.7,1,817.7,81471886.00000001
2025-08-01 10:39:15 AM,817.2,2100,1716120.0,83188006.00000001
2025-08-01 10:39:19 AM,817.15,0,0.0,83188006.00000001
2025-08-01 10:39:20 AM,817.15,21,17160.149999999998,83205166.15000002
2025-08-01 10:39:36 AM,816.25,0,0.0,83205166.15000002
2025-08-01 10:39:37 AM,816.25,8,6530.0,83211696.15000002
2025-08-01 10:39:43 AM,816.25,2,1632.5,83213328.65000002
2025-08-01 10:39:53 AM,816.6,0,0.0,83213328.65000002
2025-08-01 10:39:54 AM,816.6,1,816.6,83214145.25000001
2025-08-01 10:40:04 AM,816.7,0,0.0,83214145.25000001
2025-08-01 10:40:04 AM,816.7,54,44101.8,83258247.05000001
2025-08-01 10:40:10 AM,816.7,1,816.7,83259063.75000001
2025-08-01 10:40:27 AM,816.7,1,816.7,83259880.45000002
2025-08-01 10:40:29 AM,816.45,19,15512.550000000001,83275393.00000001
2025-08-01 10:40:41 AM,816.7,53,43285.100000000006,83318678.10000001
2025-08-01 10:40:44 AM,816.7,1,816.7,83319494.80000001
2025-08-01 10:41:00 AM,816.7,1,816.7,83320311.50000001
2025-08-01 10:41:08 AM,817.1,58,47391.8,83367703.30000001
2025-08-01 10:41:17 AM,816.5,0,0.0,83367703.30000001
2025-08-01 10:41:17 AM,817.1,15,12256.5,83379959.80000001
2025-08-01 10:41:28 AM,817.1,100,81710.0,83461669.80000001
2025-08-01 10:41:34 AM,817.15,29,23697.35,83485367.15
2025-08-01 10:41:47 AM,817.15,50,40857.5,83526224.65
2025-08-01 10:41:50 AM,817.1,0,0.0,83526224.65
2025-08-01 10:41:50 AM,817.1,18,14707.800000000001,83540932.45
2025-08-01 10:41:52 AM,817.15,0,0.0,83540932.45
2025-08-01 10:41:52 AM,817.15,1,817.15,83541749.60000001
2025-08-01 10:41:54 AM,817.1,0,0.0,83541749.60000001
2025-08-01 10:41:56 AM,817.1,30,24513.0,83566262.60000001
2025-08-01 10:42:08 AM,817.15,51,41674.65,83607937.25000001
2025-08-01 10:42:18 AM,817.05,0,0.0,83607937.25000001
2025-08-01 10:42:18 AM,817.05,210,171580.5,83779517.75000001
2025-08-01 10:42:26 AM,817.0,1,817.0,83780334.75000001
2025-08-01 10:42:43 AM,817.0,2,1634.0,83781968.75000001
2025-08-01 10:42:54 AM,817.0,16,13072.0,83795040.75000001
2025-08-01 10:42:59 AM,817.0,1,817.0,83795857.75000001
2025-08-01 10:43:05 AM,816.3,677,552635.1,84348492.85000001
2025-08-01 10:43:06 AM,816.15,0,0.0,84348492.85000001
2025-08-01 10:43:08 AM,815.35,91,74196.85,84422689.7
2025-08-01 10:43:17 AM,815.9,0,0.0,84422689.7
2025-08-01 10:43:19 AM,815.1,201,163835.1,84586524.8
2025-08-01 10:43:35 AM,815.75,0,0.0,84586524.8
2025-08-01 10:43:35 AM,815.75,1,815.75,84587340.55
2025-08-01 10:43:41 AM,816.25,0,0.0,84587340.55
2025-08-01 10:43:43 AM,816.25,611,498728.75,85086069.3
2025-08-01 10:43:51 AM,816.25,1,816.25,85086885.55
2025-08-01 10:44:08 AM,816.25,1,816.25,85087701.8
2025-08-01 10:44:19 AM,815.65,0,0.0,85087701.8
2025-08-01 10:44:19 AM,815.65,70,57095.5,85144797.3
2025-08-01 10:44:25 AM,816.25,0,0.0,85144797.3
2025-08-01 10:44:25 AM,816.25,1,816.25,85145613.55
2025-08-01 10:44:41 AM,816.25,1,816.25,85146429.8
2025-08-01 10:44:52 AM,816.25,53,43261.25,85189691.05
2025-08-01 10:44:55 AM,816.25,35,28568.75,85218259.8
2025-08-01 10:44:59 AM,816.3,0,0.0,85218259.8
2025-08-01 10:45:00 AM,816.3,1,816.3,85219076.1
2025-08-01 10:45:17 AM,816.3,1,816.3,85219892.39999999
2025-08-01 10:45:21 AM,816.25,0,0.0,85219892.39999999
2025-08-01 10:45:22 AM,816.25,20,16325.0,85236217.39999999
2025-08-01 10:45:28 AM,816.25,1,816.25,85237033.64999999
2025-08-01 10:45:32 AM,816.3,0,0.0,85237033.64999999
2025-08-01 10:45:33 AM,816.3,56,45712.799999999996,85282746.44999999
2025-08-01 10:45:39 AM,816.5,0,0.0,85282746.44999999
2025-08-01 10:45:41 AM,816.5,72,58788.0,85341534.44999999
2025-08-01 10:45:49 AM,816.85,1,816.85,85342351.29999998
2025-08-01 10:45:59 AM,817.0,0,0.0,85342351.29999998
2025-08-01 10:46:00 AM,817.0,103,84151.0,85426502.29999998
2025-08-01 10:46:07 AM,817.4,0,0.0,85426502.29999998
2025-08-01 10:46:08 AM,817.4,1,817.4,85427319.69999999
2025-08-01 10:46:09 AM,817.0,0,0.0,85427319.69999999
2025-08-01 10:46:12 AM,816.0,371,302736.0,85730055.69999999
2025-08-01 10:46:23 AM,816.4,1,816.4,85730872.1
2025-08-01 10:46:38 AM,816.6,0,0.0,85730872.1
2025-08-01 10:46:40 AM,816.05,113,92213.65,85823085.75
2025-08-01 10:46:51 AM,816.85,0,0.0,85823085.75
2025-08-01 10:46:51 AM,816.85,1,816.85,85823902.6
2025-08-01 10:46:58 AM,816.8,1,816.8,85824719.39999999
2025-08-01 10:47:00 AM,816.9,0,0.0,85824719.39999999
2025-08-01 10:47:02 AM,816.9,100,81690.0,85906409.39999999
2025-08-01 10:47:12 AM,818.4,0,0.0,85906409.39999999
2025-08-01 10:47:13 AM,818.4,1695,1387188.0,87293597.39999999
2025-08-01 10:47:14 AM,818.35,60,49101.0,87342698.39999999
2025-08-01 10:47:16 AM,817.15,0,0.0,87342698.39999999
2025-08-01 10:47:16 AM,818.45,0,0.0,87342698.39999999
2025-08-01 10:47:18 AM,818.45,2295,1878342.75,89221041.14999999
2025-08-01 10:47:22 AM,818.75,0,0.0,89221041.14999999
2025-08-01 10:47:23 AM,818.75,50,40937.5,89261978.64999999
2025-08-01 10:47:27 AM,819.8,0,0.0,89261978.64999999
2025-08-01 10:47:29 AM,819.8,858,703388.3999999999,89965367.05
2025-08-01 10:47:31 AM,819.4,0,0.0,89965367.05
2025-08-01 10:47:31 AM,819.4,10,8194.0,89973561.05
2025-08-01 10:47:31 AM,820.75,0,0.0,89973561.05
2025-08-01 10:47:33 AM,820.05,0,0.0,89973561.05
2025-08-01 10:47:34 AM,820.05,1311,1075085.55,91048646.6
2025-08-01 10:47:35 AM,819.75,0,0.0,91048646.6
2025-08-01 10:47:36 AM,819.75,264,216414.0,91265060.6
2025-08-01 10:47:37 AM,820.75,0,0.0,91265060.6
2025-08-01 10:47:40 AM,820.75,139,114084.25,91379144.85
2025-08-01 10:47:41 AM,820.45,0,0.0,91379144.85
2025-08-01 10:47:42 AM,820.75,82,67301.5,91446446.35
2025-08-01 10:47:43 AM,820.6,0,0.0,91446446.35
2025-08-01 10:47:45 AM,820.6,30,24618.0,91471064.35
2025-08-01 10:47:47 AM,820.6,22,18053.2,91489117.55
2025-08-01 10:47:49 AM,820.75,0,0.0,91489117.55
2025-08-01 10:47:50 AM,820.75,2,1641.5,91490759.05
2025-08-01 10:47:52 AM,820.7,0,0.0,91490759.05
2025-08-01 10:47:53 AM,820.7,2489,2042722.3,93533481.35
2025-08-01 10:47:55 AM,820.05,0,0.0,93533481.35
2025-08-01 10:47:56 AM,820.45,28,22972.600000000002,93556453.94999999
2025-08-01 10:47:56 AM,819.65,0,0.0,93556453.94999999
2025-08-01 10:47:58 AM,819.65,503,412283.95,93968737.89999999
2025-08-01 10:48:03 AM,818.15,1517,1241133.55,95209871.44999999
2025-08-01 10:48:07 AM,817.85,1,817.85,95210689.29999998
2025-08-01 10:48:09 AM,817.85,189,154573.65,95365262.94999999
2025-08-01 10:48:12 AM,818.7,8,6549.6,95371812.54999998
2025-08-01 10:48:14 AM,817.15,0,0.0,95371812.54999998
2025-08-01 10:48:14 AM,817.15,518,423283.7,95795096.24999999
2025-08-01 10:48:18 AM,817.8,0,0.0,95795096.24999999
2025-08-01 10:48:20 AM,817.7,142,116113.40000000001,95911209.64999999
2025-08-01 10:48:23 AM,817.8,1,817.8,95912027.44999999
2025-08-01 10:48:28 AM,817.0,80,65360.0,95977387.44999999
2025-08-01 10:48:39 AM,817.05,6,4902.299999999999,95982289.74999999
2025-08-01 10:48:44 AM,816.95,0,0.0,95982289.74999999
2025-08-01 10:48:45 AM,816.95,20,16339.0,95998628.74999999
2025-08-01 10:48:57 AM,817.05,0,0.0,95998628.74999999
2025-08-01 10:48:57 AM,817.05,7,5719.349999999999,96004348.09999998
2025-08-01 10:49:14 AM,817.05,2,1634.1,96005982.19999997
2025-08-01 10:49:33 AM,817.05,1,817.05,96006799.24999997
2025-08-01 10:49:35 AM,817.05,60,49023.0,96055822.24999997
2025-08-01 10:49:48 AM,817.1,0,0.0,96055822.24999997
2025-08-01 10:49:49 AM,817.1,1,817.1,96056639.34999996
2025-08-01 10:49:54 AM,816.35,0,0.0,96056639.34999996
2025-08-01 10:49:55 AM,816.35,85,69389.75,96126029.09999996
2025-08-01 10:50:05 AM,816.55,0,0.0,96126029.09999996
2025-08-01 10:50:06 AM,816.55,1,816.55,96126845.64999996
2025-08-01 10:50:11 AM,816.55,1,816.55,96127662.19999996
2025-08-01 10:50:22 AM,816.15,0,0.0,96127662.19999996
2025-08-01 10:50:23 AM,816.15,53,43255.95,96170918.14999996
2025-08-01 10:50:39 AM,816.5,0,0.0,96170918.14999996
2025-08-01 10:50:39 AM,816.5,1,816.5,96171734.64999996
2025-08-01 10:50:52 AM,815.15,0,0.0,96171734.64999996
2025-08-01 10:50:57 AM,815.65,155,126425.75,96298160.39999996
2025-08-01 10:51:13 AM,815.8,0,0.0,96298160.39999996
2025-08-01 10:51:14 AM,815.8,6,4894.799999999999,96303055.19999996
2025-08-01 10:51:29 AM,815.8,1,815.8,96303870.99999996
2025-08-01 10:51:47 AM,815.8,1,815.8,96304686.79999995
2025-08-01 10:52:08 AM,815.8,1,815.8,96305502.59999995
2025-08-01 10:52:21 AM,815.9,0,0.0,96305502.59999995
2025-08-01 10:52:24 AM,815.9,1,815.9,96306318.49999996
2025-08-01 10:52:33 AM,816.2,0,0.0,96306318.49999996
2025-08-01 10:52:35 AM,816.2,217,177115.40000000002,96483433.89999996
2025-08-01 10:52:39 AM,816.55,0,0.0,96483433.89999996
2025-08-01 10:52:40 AM,816.55,1,816.55,96484250.44999996
2025-08-01 10:52:45 AM,816.55,5,4082.75,96488333.19999996
2025-08-01 10:52:56 AM,816.55,2,1633.1,96489966.29999995
2025-08-01 10:53:12 AM,816.55,1,816.55,96490782.84999995
2025-08-01 10:53:29 AM,816.55,1,816.55,96491599.39999995
2025-08-01 10:53:31 AM,816.05,0,0.0,96491599.39999995
2025-08-01 10:53:33 AM,816.05,24,19585.199999999997,96511184.59999995
2025-08-01 10:53:47 AM,816.55,0,0.0,96511184.59999995
2025-08-01 10:53:49 AM,816.55,1,816.55,96512001.14999995
2025-08-01 10:54:05 AM,816.55,3,2449.6499999999996,96514450.79999995
2025-08-01 10:54:15 AM,816.0,0,0.0,96514450.79999995
2025-08-01 10:54:16 AM,816.0,135,110160.0,96624610.79999995
2025-08-01 10:54:21 AM,816.55,0,0.0,96624610.79999995
2025-08-01 10:54:21 AM,816.55,1,816.55,96625427.34999995
2025-08-01 10:54:25 AM,816.0,0,0.0,96625427.34999995
2025-08-01 10:54:27 AM,816.0,100,81600.0,96707027.34999995
2025-08-01 10:54:37 AM,816.5,0,0.0,96707027.34999995
2025-08-01 10:54:37 AM,816.5,1,816.5,96707843.84999995
2025-08-01 10:54:42 AM,816.0,17,13872.0,96721715.84999995
2025-08-01 10:54:54 AM,816.4,1,816.4,96722532.24999996
2025-08-01 10:54:55 AM,815.95,0,0.0,96722532.24999996
2025-08-01 10:54:59 AM,815.95,48,39165.600000000006,96761697.84999995
2025-08-01 10:55:09 AM,815.95,43,35085.85,96796783.69999994
2025-08-01 10:55:11 AM,816.0,0,0.0,96796783.69999994
2025-08-01 10:55:14 AM,816.0,1,816.0,96797599.69999994
2025-08-01 10:55:29 AM,815.95,0,0.0,96797599.69999994
2025-08-01 10:55:30 AM,815.95,17,13871.150000000001,96811470.84999995
2025-08-01 10:55:41 AM,816.7,0,0.0,96811470.84999995
2025-08-01 10:55:42 AM,816.7,1703,1390840.1,98202310.94999994
2025-08-01 10:55:45 AM,817.25,0,0.0,98202310.94999994
2025-08-01 10:55:47 AM,816.75,0,0.0,98202310.94999994
2025-08-01 10:55:47 AM,816.75,3,2450.25,98204761.19999994
2025-08-01 10:55:51 AM,816.2,0,0.0,98204761.19999994
2025-08-01 10:55:52 AM,816.2,96,78355.20000000001,98283116.39999995
2025-08-01 10:56:02 AM,815.85,0,0.0,98283116.39999995
2025-08-01 10:56:03 AM,815.85,60,48951.0,98332067.39999995
2025-08-01 10:56:07 AM,816.1,0,0.0,98332067.39999995
2025-08-01 10:56:08 AM,816.1,4,3264.4,98335331.79999995
2025-08-01 10:56:18 AM,816.55,1,816.55,98336148.34999995
2025-08-01 10:56:35 AM,817.0,766,625822.0,98961970.34999995
2025-08-01 10:56:39 AM,816.0,0,0.0,98961970.34999995
2025-08-01 10:56:39 AM,816.0,2131,1738896.0,100700866.34999995
2025-08-01 10:56:43 AM,815.25,0,0.0,100700866.34999995
2025-08-01 10:56:45 AM,815.25,57,46469.25,100747335.59999995
2025-08-01 10:56:47 AM,815.75,0,0.0,100747335.59999995
2025-08-01 10:56:50 AM,815.75,5,4078.75,100751414.34999995
2025-08-01 10:56:55 AM,815.75,2,1631.5,100753045.84999995
2025-08-01 10:57:11 AM,815.75,2,1631.5,100754677.34999995
2025-08-01 10:57:22 AM,815.15,44,35866.6,100790543.94999994
2025-08-01 10:57:25 AM,815.7,0,0.0,100790543.94999994
2025-08-01 10:57:27 AM,815.7,2,1631.4,100792175.34999995
2025-08-01 10:57:43 AM,815.7,1,815.7,100792991.04999995
2025-08-01 10:57:44 AM,815.7,1,815.7,100793806.74999996
2025-08-01 10:57:57 AM,815.75,0,0.0,100793806.74999996
2025-08-01 10:57:59 AM,815.75,8,6526.0,100800332.74999996
2025-08-01 10:58:01 AM,815.4,0,0.0,100800332.74999996
2025-08-01 10:58:03 AM,815.75,0,0.0,100800332.74999996
2025-08-01 10:58:04 AM,815.75,13,10604.75,100810937.49999996
2025-08-01 10:58:07 AM,814.7,0,0.0,100810937.49999996
2025-08-01 10:58:09 AM,814.7,1123,914908.1000000001,101725845.59999995
2025-08-01 10:58:13 AM,814.4,0,0.0,101725845.59999995
2025-08-01 10:58:15 AM,814.55,85,69236.75,101795082.34999995
2025-08-01 10:58:19 AM,814.75,0,0.0,101795082.34999995
2025-08-01 10:58:20 AM,814.75,1,814.75,101795897.09999995
2025-08-01 10:58:31 AM,814.75,2,1629.5,101797526.59999995
2025-08-01 10:58:37 AM,814.75,1,814.75,101798341.34999995
2025-08-01 10:58:48 AM,814.75,1,814.75,101799156.09999995
2025-08-01 10:58:53 AM,814.75,1,814.75,101799970.84999995
2025-08-01 10:58:58 AM,814.2,100,81420.0,101881390.84999995
2025-08-01 10:59:01 AM,814.75,0,0.0,101881390.84999995
2025-08-01 10:59:03 AM,814.75,1,814.75,101882205.59999995
2025-08-01 10:59:09 AM,814.75,1,814.75,101883020.34999995
2025-08-01 10:59:19 AM,814.75,5,4073.75,101887094.09999995
2025-08-01 10:59:24 AM,814.75,1,814.75,101887908.84999995
2025-08-01 10:59:29 AM,814.75,1,814.75,101888723.59999995
2025-08-01 10:59:34 AM,814.75,1,814.75,101889538.34999995
2025-08-01 10:59:45 AM,814.75,2,1629.5,101891167.84999995
2025-08-01 10:59:50 AM,814.75,21,17109.75,101908277.59999995
2025-08-01 10:59:56 AM,814.75,2,1629.5,101909907.09999995
2025-08-01 11:00:01 AM,814.75,1,814.75,101910721.84999995
2025-08-01 11:00:01 AM,814.75,1,814.75,101911536.59999995
2025-08-01 11:00:07 AM,814.75,1,814.75,101912351.34999995
2025-08-01 11:00:19 AM,814.75,1,814.75,101913166.09999995
2025-08-01 11:00:24 AM,814.75,1,814.75,101913980.84999995
2025-08-01 11:00:30 AM,814.75,1,814.75,101914795.59999995
2025-08-01 11:00:35 AM,814.75,1,814.75,101915610.34999995
2025-08-01 11:00:40 AM,814.75,1,814.75,101916425.09999995
2025-08-01 11:00:46 AM,814.75,5,4073.75,101920498.84999995
2025-08-01 11:00:51 AM,814.75,1,814.75,101921313.59999995
2025-08-01 11:00:56 AM,814.75,1,814.75,101922128.34999995
2025-08-01 11:01:00 AM,814.35,0,0.0,101922128.34999995
2025-08-01 11:01:01 AM,814.35,100,81435.0,102003563.34999995
2025-08-01 11:01:08 AM,814.75,0,0.0,102003563.34999995
2025-08-01 11:01:12 AM,814.75,3,2444.25,102006007.59999995
2025-08-01 11:01:28 AM,814.75,81,65994.75,102072002.34999995
2025-08-01 11:01:38 AM,814.75,4,3259.0,102075261.34999995
2025-08-01 11:01:44 AM,814.75,2,1629.5,102076890.84999995
2025-08-01 11:01:54 AM,814.75,15,12221.25,102089112.09999995
2025-08-01 11:01:55 AM,814.75,24,19554.0,102108666.09999995
2025-08-01 11:01:59 AM,814.75,2,1629.5,102110295.59999995
2025-08-01 11:02:02 AM,814.9,0,0.0,102110295.59999995
2025-08-01 11:02:04 AM,814.2,0,0.0,102110295.59999995
2025-08-01 11:02:04 AM,814.2,300,244260.0,102354555.59999995
2025-08-01 11:02:09 AM,814.3,5,4071.5,102358627.09999995
2025-08-01 11:02:12 AM,814.7,0,0.0,102358627.09999995
2025-08-01 11:02:12 AM,814.9,0,0.0,102358627.09999995
2025-08-01 11:02:14 AM,814.9,52,42374.799999999996,102401001.89999995
2025-08-01 11:02:16 AM,814.85,1,814.85,102401816.74999994
2025-08-01 11:02:30 AM,814.25,0,0.0,102401816.74999994
2025-08-01 11:02:32 AM,814.25,101,82239.25,102484055.99999994
2025-08-01 11:02:33 AM,814.7,1,814.7,102484870.69999994
2025-08-01 11:02:44 AM,814.8,1,814.8,102485685.49999994
2025-08-01 11:02:49 AM,814.8,3,2444.3999999999996,102488129.89999995
2025-08-01 11:02:52 AM,814.75,0,0.0,102488129.89999995
2025-08-01 11:02:54 AM,814.75,1,814.75,102488944.64999995
2025-08-01 11:03:00 AM,814.8,1,814.8,102489759.44999994
2025-08-01 11:03:05 AM,814.8,1,814.8,102490574.24999994
2025-08-01 11:03:09 AM,814.8,2,1629.6,102492203.84999993
2025-08-01 11:03:19 AM,814.8,1,814.8,102493018.64999993
2025-08-01 11:03:24 AM,814.75,0,0.0,102493018.64999993
2025-08-01 11:03:24 AM,814.75,1,814.75,102493833.39999993
2025-08-01 11:03:32 AM,814.25,0,0.0,102493833.39999993
2025-08-01 11:03:34 AM,814.25,4,3257.0,102497090.39999993
2025-08-01 11:03:42 AM,814.45,0,0.0,102497090.39999993
2025-08-01 11:03:42 AM,814.45,1,814.45,102497904.84999993
2025-08-01 11:03:50 AM,814.45,1,814.45,102498719.29999994
2025-08-01 11:03:53 AM,814.45,25,20361.25,102519080.54999994
2025-08-01 11:03:58 AM,814.45,6,4886.700000000001,102523967.24999994
2025-08-01 11:04:06 AM,814.45,1,814.45,102524781.69999994
2025-08-01 11:04:16 AM,814.6,0,0.0,102524781.69999994
2025-08-01 11:04:16 AM,814.6,1,814.6,102525596.29999994
2025-08-01 11:04:22 AM,814.6,1,814.6,102526410.89999993
2025-08-01 11:04:32 AM,814.6,1,814.6,102527225.49999993
2025-08-01 11:04:37 AM,814.6,1,814.6,102528040.09999992
2025-08-01 11:04:49 AM,814.6,1,814.6,102528854.69999991
2025-08-01 11:04:53 AM,814.6,2,1629.2,102530483.89999992
2025-08-01 11:05:04 AM,814.75,2,1629.5,102532113.39999992
2025-08-01 11:05:05 AM,814.75,1,814.75,102532928.14999992
2025-08-01 11:05:09 AM,814.75,1,814.75,102533742.89999992
2025-08-01 11:05:23 AM,814.7,0,0.0,102533742.89999992
2025-08-01 11:05:25 AM,814.7,2,1629.4,102535372.29999992
2025-08-01 11:05:41 AM,814.7,2,1629.4,102537001.69999993
2025-08-01 11:05:57 AM,814.7,2,1629.4,102538631.09999993
2025-08-01 11:06:04 AM,814.8,0,0.0,102538631.09999993
2025-08-01 11:06:04 AM,814.8,51,41554.799999999996,102580185.89999993
2025-08-01 11:06:13 AM,814.95,0,0.0,102580185.89999993
2025-08-01 11:06:13 AM,814.95,3,2444.8500000000004,102582630.74999993
2025-08-01 11:06:23 AM,814.55,0,0.0,102582630.74999993
2025-08-01 11:06:24 AM,814.55,31,25251.05,102607881.79999992
2025-08-01 11:06:29 AM,814.95,0,0.0,102607881.79999992
2025-08-01 11:06:31 AM,815.0,3,2445.0,102610326.79999992
2025-08-01 11:06:42 AM,814.6,0,0.0,102610326.79999992
2025-08-01 11:06:44 AM,814.95,61,49711.950000000004,102660038.74999993
2025-08-01 11:06:46 AM,814.95,1,814.95,102660853.69999993
2025-08-01 11:06:50 AM,814.95,1,814.95,102661668.64999993
2025-08-01 11:06:56 AM,814.95,1,814.95,102662483.59999993
2025-08-01 11:07:01 AM,814.95,17,13854.150000000001,102676337.74999994
2025-08-01 11:07:06 AM,814.95,1,814.95,102677152.69999994
2025-08-01 11:07:17 AM,814.95,2,1629.9,102678782.59999995
2025-08-01 11:07:22 AM,814.95,1,814.95,102679597.54999995
2025-08-01 11:07:27 AM,814.95,1,814.95,102680412.49999996
2025-08-01 11:07:29 AM,814.6,1,814.6,102681227.09999995
2025-08-01 11:07:32 AM,814.9,0,0.0,102681227.09999995
2025-08-01 11:07:33 AM,814.9,2,1629.8,102682856.89999995
2025-08-01 11:07:38 AM,814.95,1,814.95,102683671.84999995
2025-08-01 11:07:42 AM,814.9,0,0.0,102683671.84999995
2025-08-01 11:07:44 AM,814.9,1,814.9,102684486.74999996
2025-08-01 11:07:45 AM,814.95,10,8149.5,102692636.24999996
2025-08-01 11:07:46 AM,814.6,0,0.0,102692636.24999996
2025-08-01 11:07:48 AM,815.0,0,0.0,102692636.24999996
2025-08-01 11:07:49 AM,815.0,107,87205.0,102779841.24999996
2025-08-01 11:07:52 AM,815.3,0,0.0,102779841.24999996
2025-08-01 11:07:54 AM,815.3,2032,1656689.5999999999,104436530.84999995
2025-08-01 11:07:56 AM,816.15,0,0.0,104436530.84999995
2025-08-01 11:07:56 AM,816.15,2,1632.3,104438163.14999995
2025-08-01 11:07:58 AM,815.35,0,0.0,104438163.14999995
2025-08-01 11:08:00 AM,815.35,100,81535.0,104519698.14999995
2025-08-01 11:08:04 AM,815.9,0,0.0,104519698.14999995
2025-08-01 11:08:05 AM,815.9,10,8159.0,104527857.14999995
2025-08-01 11:08:07 AM,815.1,20,16302.0,104544159.14999995
2025-08-01 11:08:08 AM,815.85,0,0.0,104544159.14999995
2025-08-01 11:08:10 AM,815.9,0,0.0,104544159.14999995
2025-08-01 11:08:11 AM,815.9,2,1631.8,104545790.94999994
2025-08-01 11:08:13 AM,815.9,2,1631.8,104547422.74999994
2025-08-01 11:08:14 AM,815.95,0,0.0,104547422.74999994
2025-08-01 11:08:16 AM,815.95,30,24478.5,104571901.24999994
2025-08-01 11:08:20 AM,816.0,0,0.0,104571901.24999994
2025-08-01 11:08:21 AM,816.0,1,816.0,104572717.24999994
2025-08-01 11:08:26 AM,816.0,3,2448.0,104575165.24999994
2025-08-01 11:08:30 AM,815.95,0,0.0,104575165.24999994
2025-08-01 11:08:31 AM,815.95,1,815.95,104575981.19999994
2025-08-01 11:08:36 AM,814.85,0,0.0,104575981.19999994
2025-08-01 11:08:36 AM,814.85,269,219194.65,104795175.84999995
2025-08-01 11:08:38 AM,815.05,0,0.0,104795175.84999995
2025-08-01 11:08:39 AM,815.05,1,815.05,104795990.89999995
2025-08-01 11:08:42 AM,815.15,5,4075.75,104800066.64999995
2025-08-01 11:08:47 AM,815.15,1,815.15,104800881.79999995
2025-08-01 11:08:52 AM,815.1,2,1630.2,104802511.99999996
2025-08-01 11:08:59 AM,814.55,0,0.0,104802511.99999996
2025-08-01 11:09:01 AM,814.55,198,161280.9,104963792.89999996
2025-08-01 11:09:03 AM,814.7,1,814.7,104964607.59999996
2025-08-01 11:09:07 AM,814.7,1,814.7,104965422.29999997
2025-08-01 11:09:09 AM,814.75,0,0.0,104965422.29999997
2025-08-01 11:09:09 AM,814.3,65,52929.5,105018351.79999997
2025-08-01 11:09:21 AM,814.3,12,9771.599999999999,105028123.39999996
2025-08-01 11:09:26 AM,814.3,26,21171.8,105049295.19999996
2025-08-01 11:09:34 AM,814.3,1,814.3,105050109.49999996
2025-08-01 11:09:35 AM,814.5,0,0.0,105050109.49999996
2025-08-01 11:09:37 AM,814.5,305,248422.5,105298531.99999996
2025-08-01 11:09:41 AM,815.1,0,0.0,105298531.99999996
2025-08-01 11:09:43 AM,815.1,1,815.1,105299347.09999995
2025-08-01 11:09:48 AM,815.1,1,815.1,105300162.19999994
2025-08-01 11:09:50 AM,815.1,1,815.1,105300977.29999994
2025-08-01 11:09:55 AM,815.1,1,815.1,105301792.39999993
2025-08-01 11:09:59 AM,815.1,1,815.1,105302607.49999993
2025-08-01 11:10:04 AM,815.1,1,815.1,105303422.59999992
2025-08-01 11:10:13 AM,814.35,0,0.0,105303422.59999992
2025-08-01 11:10:15 AM,814.35,14,11400.9,105314823.49999993
2025-08-01 11:10:17 AM,815.1,0,0.0,105314823.49999993
2025-08-01 11:10:20 AM,815.1,21,17117.100000000002,105331940.59999992
2025-08-01 11:10:29 AM,815.05,0,0.0,105331940.59999992
2025-08-01 11:10:30 AM,815.05,2,1630.1,105333570.69999991
2025-08-01 11:10:32 AM,815.05,3,2445.1499999999996,105336015.84999992
2025-08-01 11:10:33 AM,815.1,0,0.0,105336015.84999992
2025-08-01 11:10:36 AM,815.1,100,81510.0,105417525.84999992
2025-08-01 11:10:37 AM,814.5,30,24435.0,105441960.84999992
2025-08-01 11:10:45 AM,815.1,0,0.0,105441960.84999992
2025-08-01 11:10:45 AM,815.05,0,0.0,105441960.84999992
2025-08-01 11:10:47 AM,815.05,3,2445.1499999999996,105444405.99999993
2025-08-01 11:10:59 AM,815.05,3,2445.1499999999996,105446851.14999993
2025-08-01 11:11:01 AM,815.1,0,0.0,105446851.14999993
2025-08-01 11:11:04 AM,815.1,2,1630.2,105448481.34999993
2025-08-01 11:11:10 AM,815.0,9,7335.0,105455816.34999993
2025-08-01 11:11:15 AM,815.0,1,815.0,105456631.34999993
2025-08-01 11:11:16 AM,814.95,1,814.95,105457446.29999994
2025-08-01 11:11:19 AM,815.0,0,0.0,105457446.29999994
2025-08-01 11:11:20 AM,815.0,1,815.0,105458261.29999994
2025-08-01 11:11:31 AM,815.0,1,815.0,105459076.29999994
2025-08-01 11:11:32 AM,815.0,1,815.0,105459891.29999994
2025-08-01 11:11:37 AM,815.0,1,815.0,105460706.29999994
2025-08-01 11:11:42 AM,815.0,1,815.0,105461521.29999994
2025-08-01 11:11:48 AM,815.0,1,815.0,105462336.29999994
2025-08-01 11:11:53 AM,815.0,10,8150.0,105470486.29999994
2025-08-01 11:11:53 AM,815.0,1,815.0,105471301.29999994
2025-08-01 11:11:58 AM,815.0,1,815.0,105472116.29999994
2025-08-01 11:12:08 AM,815.0,1,815.0,105472931.29999994
2025-08-01 11:12:14 AM,815.0,2,1630.0,105474561.29999994
2025-08-01 11:12:20 AM,815.0,1,815.0,105475376.29999994
2025-08-01 11:12:25 AM,815.0,11,8965.0,105484341.29999994
2025-08-01 11:12:30 AM,815.2,550,448360.0,105932701.29999994
2025-08-01 11:12:36 AM,815.95,1,815.95,105933517.24999994
2025-08-01 11:12:41 AM,815.95,1,815.95,105934333.19999994
2025-08-01 11:12:46 AM,815.95,1,815.95,105935149.14999995
2025-08-01 11:12:49 AM,815.05,0,0.0,105935149.14999995
2025-08-01 11:12:51 AM,815.05,295,240439.75,106175588.89999995
2025-08-01 11:12:51 AM,815.05,5,4075.25,106179664.14999995
2025-08-01 11:12:53 AM,815.55,0,0.0,106179664.14999995
2025-08-01 11:12:56 AM,815.55,2,1631.1,106181295.24999994
2025-08-01 11:13:01 AM,815.55,1,815.55,106182110.79999994
2025-08-01 11:13:05 AM,815.6,0,0.0,106182110.79999994
2025-08-01 11:13:07 AM,815.6,7,5709.2,106187819.99999994
2025-08-01 11:13:09 AM,815.65,0,0.0,106187819.99999994
2025-08-01 11:13:11 AM,815.7,0,0.0,106187819.99999994
2025-08-01 11:13:12 AM,815.7,31,25286.7,106213106.69999994
2025-08-01 11:13:15 AM,815.05,0,0.0,106213106.69999994
2025-08-01 11:13:18 AM,815.05,82,66834.09999999999,106279940.79999994
2025-08-01 11:13:19 AM,815.1,0,0.0,106279940.79999994
2025-08-01 11:13:19 AM,815.15,0,0.0,106279940.79999994
2025-08-01 11:13:19 AM,815.15,6,4890.9,106284831.69999994
2025-08-01 11:13:23 AM,815.15,4,3260.6,106288092.29999994
2025-08-01 11:13:25 AM,815.15,1,815.15,106288907.44999994
2025-08-01 11:13:29 AM,815.2,20,16304.0,106305211.44999994
2025-08-01 11:13:34 AM,815.2,1,815.2,106306026.64999995
2025-08-01 11:13:36 AM,815.2,31,25271.2,106331297.84999995
2025-08-01 11:13:41 AM,815.2,1,815.2,106332113.04999995
2025-08-01 11:13:46 AM,814.5,0,0.0,106332113.04999995
2025-08-01 11:13:47 AM,814.5,217,176746.5,106508859.54999995
2025-08-01 11:13:48 AM,814.65,0,0.0,106508859.54999995
2025-08-01 11:13:50 AM,814.65,1,814.65,106509674.19999996
2025-08-01 11:13:55 AM,814.65,1,814.65,106510488.84999996
2025-08-01 11:13:57 AM,814.65,1,814.65,106511303.49999997
2025-08-01 11:14:01 AM,814.65,1,814.65,106512118.14999998
2025-08-01 11:14:03 AM,814.65,1,814.65,106512932.79999998
2025-08-01 11:14:12 AM,814.65,2,1629.3,106514562.09999998
2025-08-01 11:14:16 AM,814.35,0,0.0,106514562.09999998
2025-08-01 11:14:18 AM,814.65,3,2443.95,106517006.04999998
2025-08-01 11:14:28 AM,814.65,2,1629.3,106518635.34999998
2025-08-01 11:14:33 AM,814.65,6,4887.9,106523523.24999999
2025-08-01 11:14:44 AM,814.65,2,1629.3,106525152.54999998
2025-08-01 11:14:45 AM,814.65,53,43176.45,106568328.99999999
2025-08-01 11:15:00 AM,814.65,3,2443.95,106570772.94999999
2025-08-01 11:15:06 AM,814.35,0,0.0,106570772.94999999
2025-08-01 11:15:06 AM,814.35,218,177528.30000000002,106748301.24999999
2025-08-01 11:15:14 AM,814.4,0,0.0,106748301.24999999
2025-08-01 11:15:17 AM,814.4,2,1628.8,106749930.04999998
2025-08-01 11:15:17 AM,814.4,1,814.4,106750744.44999999
2025-08-01 11:15:27 AM,814.4,1,814.4,106751558.85
2025-08-01 11:15:33 AM,814.4,21,17102.399999999998,106768661.25
2025-08-01 11:15:38 AM,814.05,2,1628.1,106770289.35
2025-08-01 11:15:42 AM,814.4,0,0.0,106770289.35
2025-08-01 11:15:43 AM,814.4,1,814.4,106771103.75
2025-08-01 11:15:44 AM,814.05,4,3256.2,106774359.95
2025-08-01 11:15:48 AM,814.4,0,0.0,106774359.95
2025-08-01 11:15:48 AM,814.4,1,814.4,106775174.35000001
2025-08-01 11:15:53 AM,814.4,1,814.4,106775988.75000001
2025-08-01 11:15:58 AM,814.4,1,814.4,106776803.15000002
2025-08-01 11:16:04 AM,814.4,2,1628.8,106778431.95000002
2025-08-01 11:16:09 AM,814.4,1,814.4,106779246.35000002
2025-08-01 11:16:10 AM,814.4,1,814.4,106780060.75000003
2025-08-01 11:16:21 AM,814.4,1,814.4,106780875.15000004
2025-08-01 11:16:25 AM,814.4,2,1628.8,106782503.95000003
2025-08-01 11:16:37 AM,814.4,1,814.4,106783318.35000004
2025-08-01 11:16:40 AM,814.4,1,814.4,106784132.75000004
2025-08-01 11:16:46 AM,814.4,1,814.4,106784947.15000005
2025-08-01 11:16:52 AM,814.4,2,1628.8,106786575.95000005
2025-08-01 11:16:58 AM,814.55,0,0.0,106786575.95000005
2025-08-01 11:16:58 AM,814.55,52,42356.6,106828932.55000004
2025-08-01 11:17:00 AM,814.7,0,0.0,106828932.55000004
2025-08-01 11:17:02 AM,814.7,1,814.7,106829747.25000004
2025-08-01 11:17:07 AM,814.7,1,814.7,106830561.95000005
2025-08-01 11:17:09 AM,814.7,1,814.7,106831376.65000005
2025-08-01 11:17:14 AM,814.7,2,1629.4,106833006.05000006
2025-08-01 11:17:17 AM,814.7,1,814.7,106833820.75000006
2025-08-01 11:17:19 AM,814.75,1,814.75,106834635.50000006
2025-08-01 11:17:25 AM,814.75,6,4888.5,106839524.00000006
2025-08-01 11:17:28 AM,814.75,8,6518.0,106846042.00000006
2025-08-01 11:17:30 AM,814.75,2,1629.5,106847671.50000006
2025-08-01 11:17:34 AM,814.75,3,2444.25,106850115.75000006
2025-08-01 11:17:38 AM,814.4,0,0.0,106850115.75000006
2025-08-01 11:17:39 AM,814.4,5,4072.0,106854187.75000006
2025-08-01 11:17:40 AM,814.75,0,0.0,106854187.75000006
2025-08-01 11:17:41 AM,814.75,1,814.75,106855002.50000006
2025-08-01 11:17:50 AM,814.75,1,814.75,106855817.25000006
2025-08-01 11:17:52 AM,814.75,1,814.75,106856632.00000006
2025-08-01 11:17:54 AM,815.0,0,0.0,106856632.00000006
2025-08-01 11:17:55 AM,815.0,128,104320.0,106960952.00000006
2025-08-01 11:17:57 AM,815.0,1,815.0,106961767.00000006
2025-08-01 11:18:02 AM,815.2,1,815.2,106962582.20000006
2025-08-01 11:18:07 AM,815.2,1,815.2,106963397.40000007
2025-08-01 11:18:13 AM,815.2,1,815.2,106964212.60000007
2025-08-01 11:18:17 AM,815.2,1,815.2,106965027.80000007
2025-08-01 11:18:28 AM,815.2,2,1630.4,106966658.20000008
2025-08-01 11:18:29 AM,815.2,1,815.2,106967473.40000008
2025-08-01 11:18:33 AM,815.2,1,815.2,106968288.60000008
2025-08-01 11:18:42 AM,814.7,0,0.0,106968288.60000008
2025-08-01 11:18:45 AM,814.7,66,53770.200000000004,107022058.80000009
2025-08-01 11:18:57 AM,814.7,100,81470.0,107103528.80000009
2025-08-01 11:19:02 AM,814.7,182,148275.4,107251804.20000009
2025-08-01 11:19:09 AM,814.55,12,9774.599999999999,107261578.80000009
2025-08-01 11:19:13 AM,814.7,0,0.0,107261578.80000009
2025-08-01 11:19:14 AM,814.7,96,78211.20000000001,107339790.00000009
2025-08-01 11:19:15 AM,814.85,0,0.0,107339790.00000009
2025-08-01 11:19:19 AM,814.85,2,1629.7,107341419.70000009
2025-08-01 11:19:24 AM,814.3,0,0.0,107341419.70000009
2025-08-01 11:19:25 AM,814.3,123,100158.9,107441578.6000001
2025-08-01 11:19:27 AM,814.8,0,0.0,107441578.6000001
2025-08-01 11:19:30 AM,814.8,1,814.8,107442393.4000001
2025-08-01 11:19:35 AM,814.8,2,1629.6,107444023.00000009
2025-08-01 11:19:37 AM,814.3,0,0.0,107444023.00000009
2025-08-01 11:19:41 AM,814.8,3,2444.3999999999996,107446467.4000001
2025-08-01 11:19:52 AM,814.8,2,1629.6,107448097.00000009
2025-08-01 11:19:57 AM,814.8,1,814.8,107448911.80000009
2025-08-01 11:20:08 AM,814.8,2,1629.6,107450541.40000008
2025-08-01 11:20:13 AM,814.8,1,814.8,107451356.20000008
2025-08-01 11:20:24 AM,814.8,3,2444.3999999999996,107453800.60000008
2025-08-01 11:20:25 AM,814.4,0,0.0,107453800.60000008
2025-08-01 11:20:29 AM,814.4,28,22803.2,107476603.80000009
2025-08-01 11:20:36 AM,814.75,0,0.0,107476603.80000009
2025-08-01 11:20:39 AM,814.75,81,65994.75,107542598.55000009
2025-08-01 11:20:41 AM,814.8,0,0.0,107542598.55000009
2025-08-01 11:20:44 AM,814.8,1,814.8,107543413.35000008
2025-08-01 11:20:47 AM,814.85,0,0.0,107543413.35000008
2025-08-01 11:20:49 AM,814.85,50,40742.5,107584155.85000008
2025-08-01 11:20:50 AM,814.8,0,0.0,107584155.85000008
2025-08-01 11:20:54 AM,814.8,4,3259.2,107587415.05000009
2025-08-01 11:20:57 AM,814.85,0,0.0,107587415.05000009
2025-08-01 11:21:00 AM,814.85,1,814.85,107588229.90000008
2025-08-01 11:21:05 AM,814.85,1,814.85,107589044.75000007
2025-08-01 11:21:10 AM,814.85,1,814.85,107589859.60000007
2025-08-01 11:21:15 AM,814.9,0,0.0,107589859.60000007
2025-08-01 11:21:16 AM,814.9,1,814.9,107590674.50000007
2025-08-01 11:21:21 AM,814.35,0,0.0,107590674.50000007
2025-08-01 11:21:21 AM,814.35,18,14658.300000000001,107605332.80000007
2025-08-01 11:21:25 AM,814.9,0,0.0,107605332.80000007
2025-08-01 11:21:26 AM,814.9,1,814.9,107606147.70000008
2025-08-01 11:21:29 AM,814.95,0,0.0,107606147.70000008
2025-08-01 11:21:32 AM,814.95,4,3259.8,107609407.50000007
2025-08-01 11:21:37 AM,814.95,1,814.95,107610222.45000008
2025-08-01 11:21:39 AM,814.3,0,0.0,107610222.45000008
2025-08-01 11:21:40 AM,814.85,0,0.0,107610222.45000008
2025-08-01 11:21:42 AM,814.85,8,6518.8,107616741.25000007
2025-08-01 11:21:47 AM,814.9,0,0.0,107616741.25000007
2025-08-01 11:21:48 AM,814.9,1,814.9,107617556.15000008
2025-08-01 11:21:49 AM,814.95,0,0.0,107617556.15000008
2025-08-01 11:21:52 AM,814.95,1,814.95,107618371.10000008
2025-08-01 11:21:54 AM,814.35,0,0.0,107618371.10000008
2025-08-01 11:21:56 AM,814.95,0,0.0,107618371.10000008
2025-08-01 11:21:57 AM,814.95,2,1629.9,107620001.00000009
2025-08-01 11:22:02 AM,814.95,1,814.95,107620815.95000009
2025-08-01 11:22:07 AM,815.05,0,0.0,107620815.95000009
2025-08-01 11:22:07 AM,815.05,51,41567.549999999996,107662383.50000009
2025-08-01 11:22:13 AM,815.15,1,815.15,107663198.6500001
2025-08-01 11:22:16 AM,814.95,0,0.0,107663198.6500001
2025-08-01 11:22:18 AM,814.95,1,814.95,107664013.6000001
2025-08-01 11:22:23 AM,815.0,0,0.0,107664013.6000001
2025-08-01 11:22:24 AM,814.6,11,8960.6,107672974.20000009
2025-08-01 11:22:29 AM,815.0,1,815.0,107673789.20000009
2025-08-01 11:22:29 AM,814.95,1,814.95,107674604.1500001
2025-08-01 11:22:37 AM,814.6,0,0.0,107674604.1500001
2025-08-01 11:22:39 AM,815.0,0,0.0,107674604.1500001
2025-08-01 11:22:40 AM,815.0,39,31785.0,107706389.1500001
2025-08-01 11:22:45 AM,815.0,2,1630.0,107708019.1500001
2025-08-01 11:22:56 AM,815.0,1,815.0,107708834.1500001
2025-08-01 11:23:00 AM,815.0,3,2445.0,107711279.1500001
2025-08-01 11:23:12 AM,815.0,1,815.0,107712094.1500001
2025-08-01 11:23:17 AM,815.0,2,1630.0,107713724.1500001
2025-08-01 11:23:20 AM,814.55,0,0.0,107713724.1500001
2025-08-01 11:23:22 AM,814.55,100,81455.0,107795179.1500001
2025-08-01 11:23:26 AM,815.0,0,0.0,107795179.1500001
2025-08-01 11:23:27 AM,815.0,1,815.0,107795994.1500001
2025-08-01 11:23:32 AM,815.0,3,2445.0,107798439.1500001
2025-08-01 11:23:35 AM,814.6,0,0.0,107798439.1500001
2025-08-01 11:23:38 AM,814.6,83,67611.8,107866050.95000009
2025-08-01 11:23:39 AM,814.55,0,0.0,107866050.95000009
2025-08-01 11:23:40 AM,814.6,0,0.0,107866050.95000009
2025-08-01 11:23:43 AM,814.6,7,5702.2,107871753.1500001
2025-08-01 11:23:48 AM,814.6,1,814.6,107872567.75000009
2025-08-01 11:23:52 AM,814.6,1,814.6,107873382.35000008
2025-08-01 11:23:57 AM,814.6,1,814.6,107874196.95000008
2025-08-01 11:24:07 AM,814.6,2,1629.2,107875826.15000008
2025-08-01 11:24:12 AM,814.6,1,814.6,107876640.75000007
2025-08-01 11:24:23 AM,814.6,3,2443.8,107879084.55000007
2025-08-01 11:24:29 AM,814.6,50,40730.0,107919814.55000007
2025-08-01 11:24:34 AM,814.6,1,814.6,107920629.15000007
2025-08-01 11:24:39 AM,814.6,3,2443.8,107923072.95000006
2025-08-01 11:24:55 AM,814.6,3,2443.8,107925516.75000006
2025-08-01 11:25:06 AM,814.6,3,2443.8,107927960.55000006
2025-08-01 11:25:11 AM,814.6,1,814.6,107928775.15000005
2025-08-01 11:25:16 AM,814.6,44,35842.4,107964617.55000006
2025-08-01 11:25:21 AM,814.6,1,814.6,107965432.15000005
2025-08-01 11:25:25 AM,814.7,0,0.0,107965432.15000005
2025-08-01 11:25:26 AM,814.7,1,814.7,107966246.85000005
2025-08-01 11:25:27 AM,814.55,0,0.0,107966246.85000005
2025-08-01 11:25:29 AM,814.8,0,0.0,107966246.85000005
2025-08-01 11:25:32 AM,814.8,4,3259.2,107969506.05000006
2025-08-01 11:25:37 AM,814.8,1,814.8,107970320.85000005
2025-08-01 11:25:42 AM,814.55,0,0.0,107970320.85000005
2025-08-01 11:25:42 AM,814.55,220,179201.0,108149521.85000005
2025-08-01 11:25:47 AM,814.8,0,0.0,108149521.85000005
2025-08-01 11:25:47 AM,814.8,2,1629.6,108151151.45000005
2025-08-01 11:25:57 AM,814.8,1,814.8,108151966.25000004
2025-08-01 11:26:01 AM,815.0,0,0.0,108151966.25000004
2025-08-01 11:26:02 AM,815.0,612,498780.0,108650746.25000004
2025-08-01 11:26:03 AM,814.8,0,0.0,108650746.25000004
2025-08-01 11:26:03 AM,814.8,1,814.8,108651561.05000004
2025-08-01 11:26:13 AM,814.8,1,814.8,108652375.85000004
2025-08-01 11:26:15 AM,815.0,0,0.0,108652375.85000004
2025-08-01 11:26:18 AM,815.0,1,815.0,108653190.85000004
2025-08-01 11:26:23 AM,815.0,6,4890.0,108658080.85000004
2025-08-01 11:26:28 AM,815.0,162,132030.0,108790110.85000004
2025-08-01 11:26:30 AM,815.0,1,815.0,108790925.85000004
2025-08-01 11:26:39 AM,815.0,1,815.0,108791740.85000004
2025-08-01 11:26:41 AM,814.75,0,0.0,108791740.85000004
2025-08-01 11:26:43 AM,815.0,0,0.0,108791740.85000004
2025-08-01 11:26:44 AM,815.0,53,43195.0,108834935.85000004
2025-08-01 11:26:55 AM,815.0,1,815.0,108835750.85000004
2025-08-01 11:26:59 AM,815.0,4,3260.0,108839010.85000004
2025-08-01 11:27:00 AM,815.0,1,815.0,108839825.85000004
2025-08-01 11:27:10 AM,815.0,5,4075.0,108843900.85000004
2025-08-01 11:27:13 AM,815.0,2,1630.0,108845530.85000004
2025-08-01 11:27:19 AM,815.0,1,815.0,108846345.85000004
2025-08-01 11:27:23 AM,814.75,0,0.0,108846345.85000004
2025-08-01 11:27:24 AM,814.75,25,20368.75,108866714.60000004
2025-08-01 11:27:26 AM,815.0,0,0.0,108866714.60000004
2025-08-01 11:27:26 AM,815.0,1,815.0,108867529.60000004
2025-08-01 11:27:29 AM,815.0,1,815.0,108868344.60000004
2025-08-01 11:27:34 AM,815.0,1,815.0,108869159.60000004
2025-08-01 11:27:38 AM,814.75,0,0.0,108869159.60000004
2025-08-01 11:27:40 AM,815.0,29,23635.0,108892794.60000004
2025-08-01 11:27:46 AM,815.0,1,815.0,108893609.60000004
2025-08-01 11:27:50 AM,815.0,1,815.0,108894424.60000004
2025-08-01 11:27:55 AM,815.0,1,815.0,108895239.60000004
2025-08-01 11:28:02 AM,815.0,1,815.0,108896054.60000004
2025-08-01 11:28:05 AM,815.0,1,815.0,108896869.60000004
2025-08-01 11:28:10 AM,815.0,1,815.0,108897684.60000004
2025-08-01 11:28:21 AM,815.0,6,4890.0,108902574.60000004
2025-08-01 11:28:23 AM,815.0,1,815.0,108903389.60000004
2025-08-01 11:28:37 AM,815.0,4,3260.0,108906649.60000004
2025-08-01 11:28:38 AM,814.8,0,0.0,108906649.60000004
2025-08-01 11:28:39 AM,814.8,30,24444.0,108931093.60000004
2025-08-01 11:28:51 AM,815.0,0,0.0,108931093.60000004
2025-08-01 11:28:52 AM,815.0,1,815.0,108931908.60000004
2025-08-01 11:28:53 AM,815.0,2,1630.0,108933538.60000004
2025-08-01 11:29:06 AM,815.0,1,815.0,108934353.60000004
2025-08-01 11:29:09 AM,815.0,1,815.0,108935168.60000004
2025-08-01 11:29:12 AM,815.0,1,815.0,108935983.60000004
2025-08-01 11:29:13 AM,815.25,0,0.0,108935983.60000004
2025-08-01 11:29:15 AM,815.25,835,680733.75,109616717.35000004
2025-08-01 11:29:19 AM,815.9,0,0.0,109616717.35000004
2025-08-01 11:29:20 AM,815.9,1,815.9,109617533.25000004
2025-08-01 11:29:25 AM,815.75,0,0.0,109617533.25000004
2025-08-01 11:29:26 AM,815.75,11,8973.25,109626506.50000004
2025-08-01 11:29:27 AM,816.3,0,0.0,109626506.50000004
2025-08-01 11:29:28 AM,816.3,8,6530.4,109633036.90000005
2025-08-01 11:29:33 AM,816.3,1,816.3,109633853.20000005
2025-08-01 11:29:41 AM,816.3,1,816.3,109634669.50000004
2025-08-01 11:29:43 AM,815.95,0,0.0,109634669.50000004
2025-08-01 11:29:44 AM,815.95,161,131367.95,109766037.45000005
2025-08-01 11:29:45 AM,816.1,0,0.0,109766037.45000005
2025-08-01 11:29:46 AM,816.1,2,1632.2,109767669.65000005
2025-08-01 11:29:54 AM,816.1,10,8161.0,109775830.65000005
2025-08-01 11:29:56 AM,816.1,1,816.1,109776646.75000004
2025-08-01 11:30:01 AM,816.25,0,0.0,109776646.75000004
2025-08-01 11:30:01 AM,816.25,2,1632.5,109778279.25000004
2025-08-01 11:30:10 AM,816.3,0,0.0,109778279.25000004
2025-08-01 11:30:10 AM,816.3,6,4897.799999999999,109783177.05000004
2025-08-01 11:30:12 AM,816.3,17,13877.099999999999,109797054.15000004
2025-08-01 11:30:15 AM,816.3,2,1632.6,109798686.75000003
2025-08-01 11:30:17 AM,816.3,30,24489.0,109823175.75000003
2025-08-01 11:30:18 AM,816.4,0,0.0,109823175.75000003
2025-08-01 11:30:20 AM,816.25,0,0.0,109823175.75000003
2025-08-01 11:30:20 AM,816.25,17,13876.25,109837052.00000003
2025-08-01 11:30:29 AM,816.35,0,0.0,109837052.00000003
2025-08-01 11:30:30 AM,816.3,0,0.0,109837052.00000003
