date,price,qty,trnvr,cum_trnvr
2025-08-01 09:15:00 AM,952.75,1806,1720666.5,1720666.5
2025-08-01 09:15:09 AM,950.0,0,0.0,1720666.5
2025-08-01 09:15:10 AM,949.6,1972,1872611.2,3593277.7
2025-08-01 09:15:12 AM,949.7,139,132008.30000000002,3725286.0
2025-08-01 09:15:18 AM,947.9,0,0.0,3725286.0
2025-08-01 09:15:19 AM,948.85,0,0.0,3725286.0
2025-08-01 09:15:21 AM,949.4,2229,2116212.6,5841498.6
2025-08-01 09:15:23 AM,948.05,32,30337.6,5871836.199999999
2025-08-01 09:15:26 AM,949.35,0,0.0,5871836.199999999
2025-08-01 09:15:29 AM,950.05,0,0.0,5871836.199999999
2025-08-01 09:15:30 AM,950.05,172,163408.6,6035244.799999999
2025-08-01 09:15:31 AM,950.75,1,950.75,6036195.549999999
2025-08-01 09:15:37 AM,949.5,0,0.0,6036195.549999999
2025-08-01 09:15:38 AM,949.5,1857,1763221.5,7799417.049999999
2025-08-01 09:15:40 AM,951.4,1,951.4,7800368.449999999
2025-08-01 09:15:45 AM,951.25,0,0.0,7800368.449999999
2025-08-01 09:15:46 AM,950.5,21,19960.5,7820328.949999999
2025-08-01 09:15:53 AM,949.6,0,0.0,7820328.949999999
2025-08-01 09:15:55 AM,949.6,26,24689.600000000002,7845018.549999999
2025-08-01 09:15:56 AM,949.65,406,385557.89999999997,8230576.449999999
2025-08-01 09:15:59 AM,949.25,0,0.0,8230576.449999999
2025-08-01 09:16:01 AM,947.7,0,0.0,8230576.449999999
2025-08-01 09:16:03 AM,948.5,589,558666.5,8789242.95
2025-08-01 09:16:08 AM,948.65,0,0.0,8789242.95
2025-08-01 09:16:11 AM,948.45,614,582348.3,9371591.25
2025-08-01 09:16:13 AM,948.45,5,4742.25,9376333.5
2025-08-01 09:16:16 AM,946.75,0,0.0,9376333.5
2025-08-01 09:16:19 AM,948.65,4777,4531701.05,13908034.55
2025-08-01 09:16:21 AM,947.5,16,15160.0,13923194.55
2025-08-01 09:16:24 AM,948.3,0,0.0,13923194.55
2025-08-01 09:16:25 AM,947.5,0,0.0,13923194.55
2025-08-01 09:16:27 AM,948.3,305,289231.5,14212426.05
2025-08-01 09:16:29 AM,948.35,1,948.35,14213374.4
2025-08-01 09:16:36 AM,948.0,351,332748.0,14546122.4
2025-08-01 09:16:37 AM,948.25,1,948.25,14547070.65
2025-08-01 09:16:44 AM,948.0,60,56880.0,14603950.65
2025-08-01 09:16:44 AM,947.5,0,0.0,14603950.65
2025-08-01 09:16:45 AM,947.0,1037,982039.0,15585989.65
2025-08-01 09:16:46 AM,947.05,0,0.0,15585989.65
2025-08-01 09:16:52 AM,945.85,20,18917.0,15604906.65
2025-08-01 09:16:53 AM,946.55,0,0.0,15604906.65
2025-08-01 09:16:54 AM,946.55,2,1893.1,15606799.75
2025-08-01 09:16:55 AM,945.6,0,0.0,15606799.75
2025-08-01 09:17:00 AM,946.65,557,527284.0499999999,16134083.8
2025-08-01 09:17:04 AM,945.4,0,0.0,16134083.8
2025-08-01 09:17:09 AM,945.8,1301,1230485.8,17364569.6
2025-08-01 09:17:11 AM,946.75,0,0.0,17364569.6
2025-08-01 09:17:13 AM,947.9,0,0.0,17364569.6
2025-08-01 09:17:17 AM,947.7,696,659599.2000000001,18024168.8
2025-08-01 09:17:20 AM,947.9,0,0.0,18024168.8
2025-08-01 09:17:22 AM,947.85,0,0.0,18024168.8
2025-08-01 09:17:25 AM,948.3,677,641999.1,18666167.900000002
2025-08-01 09:17:26 AM,948.15,10,9481.5,18675649.400000002
2025-08-01 09:17:34 AM,949.85,4000,3799400.0,22475049.400000002
2025-08-01 09:17:42 AM,947.2,400,378880.0,22853929.400000002
2025-08-01 09:17:45 AM,947.55,0,0.0,22853929.400000002
2025-08-01 09:17:47 AM,947.35,0,0.0,22853929.400000002
2025-08-01 09:17:50 AM,947.7,346,327904.2,23181833.6
2025-08-01 09:17:51 AM,947.55,37,35059.35,23216892.950000003
2025-08-01 09:17:54 AM,948.35,0,0.0,23216892.950000003
2025-08-01 09:17:58 AM,948.35,20,18967.0,23235859.950000003
2025-08-01 09:18:02 AM,948.05,0,0.0,23235859.950000003
2025-08-01 09:18:07 AM,949.0,685,650065.0,23885924.950000003
2025-08-01 09:18:08 AM,949.25,18,17086.5,23903011.450000003
2025-08-01 09:18:15 AM,949.15,22,20881.3,23923892.750000004
2025-08-01 09:18:20 AM,950.6,0,0.0,23923892.750000004
2025-08-01 09:18:23 AM,952.1,1329,1265340.9000000001,25189233.650000002
2025-08-01 09:18:28 AM,951.1,0,0.0,25189233.650000002
2025-08-01 09:18:31 AM,950.4,429,407721.6,25596955.250000004
2025-08-01 09:18:36 AM,950.75,0,0.0,25596955.250000004
2025-08-01 09:18:40 AM,950.45,16,15207.2,25612162.450000003
2025-08-01 09:18:41 AM,951.0,1,951.0,25613113.450000003
2025-08-01 09:18:42 AM,951.05,0,0.0,25613113.450000003
2025-08-01 09:18:44 AM,950.85,0,0.0,25613113.450000003
2025-08-01 09:18:48 AM,951.6,135,128466.0,25741579.450000003
2025-08-01 09:18:50 AM,951.4,0,0.0,25741579.450000003
2025-08-01 09:18:52 AM,951.15,0,0.0,25741579.450000003
2025-08-01 09:18:56 AM,950.0,1142,1084900.0,26826479.450000003
2025-08-01 09:18:57 AM,949.95,4,3799.8,26830279.250000004
2025-08-01 09:19:00 AM,949.45,0,0.0,26830279.250000004
2025-08-01 09:19:04 AM,948.5,393,372760.5,27203039.750000004
2025-08-01 09:19:05 AM,949.45,50,47472.5,27250512.250000004
2025-08-01 09:19:06 AM,949.0,0,0.0,27250512.250000004
2025-08-01 09:19:08 AM,949.15,0,0.0,27250512.250000004
2025-08-01 09:19:12 AM,949.15,730,692879.5,27943391.750000004
2025-08-01 09:19:13 AM,948.5,7,6639.5,27950031.250000004
2025-08-01 09:19:14 AM,949.0,0,0.0,27950031.250000004
2025-08-01 09:19:16 AM,949.1,0,0.0,27950031.250000004
2025-08-01 09:19:20 AM,948.7,329,312122.3,28262153.550000004
2025-08-01 09:19:21 AM,949.0,25,23725.0,28285878.550000004
2025-08-01 09:19:23 AM,949.35,0,0.0,28285878.550000004
2025-08-01 09:19:28 AM,950.25,29,27557.25,28313435.800000004
2025-08-01 09:19:31 AM,948.95,0,0.0,28313435.800000004
2025-08-01 09:19:36 AM,949.55,179,169969.44999999998,28483405.250000004
2025-08-01 09:19:38 AM,948.5,20,18970.0,28502375.250000004
2025-08-01 09:19:39 AM,949.35,0,0.0,28502375.250000004
2025-08-01 09:19:44 AM,950.0,56,53200.0,28555575.250000004
2025-08-01 09:19:46 AM,950.5,156,148278.0,28703853.250000004
2025-08-01 09:19:52 AM,951.05,512,486937.6,29190790.850000005
2025-08-01 09:20:00 AM,951.0,1,951.0,29191741.850000005
2025-08-01 09:20:08 AM,951.5,243,231214.5,29422956.350000005
2025-08-01 09:20:08 AM,950.9,0,0.0,29422956.350000005
2025-08-01 09:20:10 AM,950.9,1,950.9,29423907.250000004
2025-08-01 09:20:14 AM,950.25,0,0.0,29423907.250000004
2025-08-01 09:20:16 AM,950.25,84,79821.0,29503728.250000004
2025-08-01 09:20:21 AM,950.05,0,0.0,29503728.250000004
2025-08-01 09:20:24 AM,950.05,32,30401.6,29534129.850000005
2025-08-01 09:20:32 AM,950.8,0,0.0,29534129.850000005
2025-08-01 09:20:33 AM,950.8,1,950.8,29535080.650000006
2025-08-01 09:20:35 AM,950.25,0,0.0,29535080.650000006
2025-08-01 09:20:39 AM,950.1,0,0.0,29535080.650000006
2025-08-01 09:20:40 AM,950.1,98,93109.8,29628190.450000007
2025-08-01 09:20:41 AM,950.0,6,5700.0,29633890.450000007
2025-08-01 09:20:48 AM,950.0,14,13300.0,29647190.450000007
2025-08-01 09:20:49 AM,950.1,3,2850.3,29650040.750000007
2025-08-01 09:20:53 AM,950.85,0,0.0,29650040.750000007
2025-08-01 09:20:55 AM,950.85,362,344207.7,29994248.450000007
2025-08-01 09:21:02 AM,950.0,0,0.0,29994248.450000007
2025-08-01 09:21:03 AM,950.0,17,16150.0,30010398.450000007
2025-08-01 09:21:07 AM,949.7,0,0.0,30010398.450000007
2025-08-01 09:21:09 AM,948.95,0,0.0,30010398.450000007
2025-08-01 09:21:11 AM,949.0,68,64532.0,30074930.450000007
2025-08-01 09:21:12 AM,949.0,1,949.0,30075879.450000007
2025-08-01 09:21:16 AM,949.15,0,0.0,30075879.450000007
2025-08-01 09:21:19 AM,949.6,35,33236.0,30109115.450000007
2025-08-01 09:21:27 AM,948.8,173,164142.4,30273257.850000005
2025-08-01 09:21:28 AM,948.25,0,0.0,30273257.850000005
2025-08-01 09:21:34 AM,948.5,235,222897.5,30496155.350000005
2025-08-01 09:21:37 AM,947.7,0,0.0,30496155.350000005
2025-08-01 09:21:40 AM,947.65,0,0.0,30496155.350000005
2025-08-01 09:21:42 AM,947.65,1666,1578784.9,32074940.250000004
2025-08-01 09:21:43 AM,948.2,100,94820.0,32169760.250000004
2025-08-01 09:21:43 AM,947.35,0,0.0,32169760.250000004
2025-08-01 09:21:46 AM,947.95,0,0.0,32169760.250000004
2025-08-01 09:21:50 AM,947.95,18,17063.100000000002,32186823.350000005
2025-08-01 09:21:51 AM,947.95,2,1895.9,32188719.250000004
2025-08-01 09:21:56 AM,947.7,0,0.0,32188719.250000004
2025-08-01 09:21:57 AM,947.7,78,73920.6,32262639.850000005
2025-08-01 09:21:58 AM,947.65,1,947.65,32263587.500000004
2025-08-01 09:22:00 AM,946.6,0,0.0,32263587.500000004
2025-08-01 09:22:03 AM,947.15,0,0.0,32263587.500000004
2025-08-01 09:22:05 AM,947.65,2512,2380496.8,34644084.300000004
2025-08-01 09:22:06 AM,948.1,1,948.1,34645032.400000006
2025-08-01 09:22:07 AM,947.8,0,0.0,34645032.400000006
2025-08-01 09:22:10 AM,948.15,0,0.0,34645032.400000006
2025-08-01 09:22:12 AM,948.15,5,4740.75,34649773.150000006
2025-08-01 09:22:17 AM,947.7,0,0.0,34649773.150000006
2025-08-01 09:22:20 AM,947.65,11,10424.15,34660197.300000004
2025-08-01 09:22:24 AM,947.95,0,0.0,34660197.300000004
2025-08-01 09:22:28 AM,947.7,195,184801.5,34844998.800000004
2025-08-01 09:22:31 AM,948.0,0,0.0,34844998.800000004
2025-08-01 09:22:35 AM,947.7,56,53071.200000000004,34898070.00000001
2025-08-01 09:22:37 AM,947.7,20,18954.0,34917024.00000001
2025-08-01 09:22:43 AM,947.65,356,337363.39999999997,35254387.400000006
2025-08-01 09:22:49 AM,947.8,0,0.0,35254387.400000006
2025-08-01 09:22:50 AM,947.8,8,7582.4,35261969.800000004
2025-08-01 09:22:58 AM,947.65,14,13267.1,35275236.900000006
2025-08-01 09:23:00 AM,947.9,105,99529.5,35374766.400000006
2025-08-01 09:23:02 AM,947.8,0,0.0,35374766.400000006
2025-08-01 09:23:06 AM,948.15,3,2844.45,35377610.85000001
2025-08-01 09:23:07 AM,947.65,145,137409.25,35515020.10000001
2025-08-01 09:23:14 AM,947.65,13,12319.449999999999,35527339.55000001
2025-08-01 09:23:16 AM,948.1,0,0.0,35527339.55000001
2025-08-01 09:23:21 AM,947.4,984,932241.6,36459581.15000001
2025-08-01 09:23:23 AM,946.5,1539,1456663.5,37916244.65000001
2025-08-01 09:23:29 AM,946.35,10,9463.5,37925708.15000001
2025-08-01 09:23:29 AM,946.5,0,0.0,37925708.15000001
2025-08-01 09:23:30 AM,946.45,52,49215.4,37974923.55000001
2025-08-01 09:23:36 AM,946.5,18,17037.0,37991960.55000001
2025-08-01 09:23:37 AM,946.75,0,0.0,37991960.55000001
2025-08-01 09:23:38 AM,946.5,11,10411.5,38002372.05000001
2025-08-01 09:23:44 AM,946.5,37,35020.5,38037392.55000001
2025-08-01 09:23:49 AM,946.75,0,0.0,38037392.55000001
2025-08-01 09:23:51 AM,947.2,40,37888.0,38075280.55000001
2025-08-01 09:23:53 AM,943.75,6434,6072087.5,44147368.05000001
2025-08-01 09:23:55 AM,943.0,0,0.0,44147368.05000001
2025-08-01 09:23:59 AM,943.3,573,540510.9,44687878.95000001
2025-08-01 09:24:01 AM,943.65,32,30196.8,44718075.75000001
2025-08-01 09:24:02 AM,943.05,0,0.0,44718075.75000001
2025-08-01 09:24:07 AM,943.65,1111,1048395.15,45766470.900000006
2025-08-01 09:24:09 AM,944.35,50,47217.5,45813688.400000006
2025-08-01 09:24:15 AM,943.45,1330,1254788.5,47068476.900000006
2025-08-01 09:24:16 AM,943.45,1,943.45,47069420.35000001
2025-08-01 09:24:22 AM,943.2,4463,4209501.600000001,51278921.95000001
2025-08-01 09:24:22 AM,943.0,0,0.0,51278921.95000001
2025-08-01 09:24:24 AM,942.05,67,63117.35,51342039.30000001
2025-08-01 09:24:28 AM,942.8,0,0.0,51342039.30000001
2025-08-01 09:24:30 AM,942.75,125,117843.75,51459883.05000001
2025-08-01 09:24:31 AM,942.15,15,14132.25,51474015.30000001
2025-08-01 09:24:34 AM,942.75,0,0.0,51474015.30000001
2025-08-01 09:24:37 AM,942.75,52,49023.0,51523038.30000001
2025-08-01 09:24:39 AM,942.0,35,32970.0,51556008.30000001
2025-08-01 09:24:40 AM,942.55,0,0.0,51556008.30000001
2025-08-01 09:24:45 AM,941.6,1109,1044234.4,52600242.70000001
2025-08-01 09:24:46 AM,942.05,0,0.0,52600242.70000001
2025-08-01 09:24:47 AM,942.05,162,152612.1,52752854.80000001
2025-08-01 09:24:52 AM,942.15,4,3768.6,52756623.40000001
2025-08-01 09:24:53 AM,941.65,0,0.0,52756623.40000001
2025-08-01 09:24:54 AM,942.05,558,525663.9,53282287.30000001
2025-08-01 09:24:59 AM,941.75,0,0.0,53282287.30000001
2025-08-01 09:25:00 AM,941.75,557,524554.75,53806842.05000001
2025-08-01 09:25:02 AM,942.1,67,63120.700000000004,53869962.750000015
2025-08-01 09:25:06 AM,941.75,0,0.0,53869962.750000015
2025-08-01 09:25:07 AM,941.75,98,92291.5,53962254.250000015
2025-08-01 09:25:13 AM,941.6,0,0.0,53962254.250000015
2025-08-01 09:25:14 AM,941.65,0,0.0,53962254.250000015
2025-08-01 09:25:15 AM,941.65,90,84748.5,54047002.750000015
2025-08-01 09:25:17 AM,941.7,10,9417.0,54056419.750000015
2025-08-01 09:25:19 AM,941.65,0,0.0,54056419.750000015
2025-08-01 09:25:22 AM,941.65,1934,1821151.0999999999,55877570.85000002
2025-08-01 09:25:24 AM,941.65,1,941.65,55878512.500000015
2025-08-01 09:25:25 AM,942.0,0,0.0,55878512.500000015
2025-08-01 09:25:30 AM,942.15,538,506876.7,56385389.20000002
2025-08-01 09:25:32 AM,942.15,49,46165.35,56431554.55000002
2025-08-01 09:25:37 AM,942.5,386,363805.0,56795359.55000002
2025-08-01 09:25:39 AM,942.75,61,57507.75,56852867.30000002
2025-08-01 09:25:45 AM,942.75,272,256428.0,57109295.30000002
2025-08-01 09:25:47 AM,942.95,59,55634.05,57164929.35000002
2025-08-01 09:25:48 AM,943.0,0,0.0,57164929.35000002
2025-08-01 09:25:52 AM,943.0,885,834555.0,57999484.35000002
2025-08-01 09:25:54 AM,943.0,5,4715.0,58004199.35000002
2025-08-01 09:26:00 AM,943.2,197,185810.40000000002,58190009.750000015
2025-08-01 09:26:02 AM,943.2,1,943.2,58190952.95000002
2025-08-01 09:26:07 AM,943.15,1202,1133666.3,59324619.250000015
2025-08-01 09:26:14 AM,942.85,0,0.0,59324619.250000015
2025-08-01 09:26:15 AM,942.85,4,3771.4,59328390.65000001
2025-08-01 09:26:17 AM,943.65,1800,1698570.0,61026960.65000001
2025-08-01 09:26:20 AM,942.55,0,0.0,61026960.65000001
2025-08-01 09:26:23 AM,942.35,113,106485.55,61133446.20000001
2025-08-01 09:26:30 AM,943.6,0,0.0,61133446.20000001
2025-08-01 09:26:30 AM,943.6,45,42462.0,61175908.20000001
2025-08-01 09:26:38 AM,943.45,1001,944393.4500000001,62120301.65000001
2025-08-01 09:26:41 AM,943.5,0,0.0,62120301.65000001
2025-08-01 09:26:46 AM,943.3,18,16979.399999999998,62137281.05000001
2025-08-01 09:26:47 AM,943.15,35,33010.25,62170291.30000001
2025-08-01 09:26:50 AM,943.9,0,0.0,62170291.30000001
2025-08-01 09:26:53 AM,944.0,311,293584.0,62463875.30000001
2025-08-01 09:26:57 AM,943.75,0,0.0,62463875.30000001
2025-08-01 09:27:01 AM,943.75,19,17931.25,62481806.55000001
2025-08-01 09:27:02 AM,944.45,2,1888.9,62483695.45000001
2025-08-01 09:27:04 AM,944.15,0,0.0,62483695.45000001
2025-08-01 09:27:08 AM,944.05,57,53810.85,62537506.30000001
2025-08-01 09:27:10 AM,944.8,50,47240.0,62584746.30000001
2025-08-01 09:27:10 AM,944.0,0,0.0,62584746.30000001
2025-08-01 09:27:15 AM,944.3,0,0.0,62584746.30000001
2025-08-01 09:27:16 AM,944.3,6,5665.799999999999,62590412.10000001
2025-08-01 09:27:21 AM,944.5,0,0.0,62590412.10000001
2025-08-01 09:27:23 AM,944.5,41,38724.5,62629136.60000001
2025-08-01 09:27:24 AM,944.3,6,5665.799999999999,62634802.400000006
2025-08-01 09:27:25 AM,944.45,0,0.0,62634802.400000006
2025-08-01 09:27:30 AM,944.3,306,288955.8,62923758.2
2025-08-01 09:27:38 AM,944.3,10,9443.0,62933201.2
2025-08-01 09:27:45 AM,944.3,54,50992.2,62984193.400000006
2025-08-01 09:27:47 AM,943.25,500,471625.0,63455818.400000006
2025-08-01 09:27:50 AM,944.15,0,0.0,63455818.400000006
2025-08-01 09:27:53 AM,944.3,161,152032.3,63607850.7
2025-08-01 09:27:56 AM,944.0,0,0.0,63607850.7
2025-08-01 09:28:00 AM,944.25,0,0.0,63607850.7
2025-08-01 09:28:01 AM,944.25,84,79317.0,63687167.7
2025-08-01 09:28:02 AM,944.3,12,11331.599999999999,63698499.300000004
2025-08-01 09:28:07 AM,944.0,0,0.0,63698499.300000004
2025-08-01 09:28:09 AM,944.1,53,50037.3,63748536.6
2025-08-01 09:28:14 AM,944.0,0,0.0,63748536.6
2025-08-01 09:28:14 AM,943.8,0,0.0,63748536.6
2025-08-01 09:28:16 AM,943.8,1015,957957.0,64706493.6
2025-08-01 09:28:19 AM,943.15,0,0.0,64706493.6
2025-08-01 09:28:24 AM,943.6,23,21702.8,64728196.4
2025-08-01 09:28:30 AM,943.15,0,0.0,64728196.4
2025-08-01 09:28:32 AM,943.15,500,471575.0,65199771.4
2025-08-01 09:28:36 AM,943.85,0,0.0,65199771.4
2025-08-01 09:28:39 AM,943.3,85,80180.5,65279951.9
2025-08-01 09:28:42 AM,944.0,0,0.0,65279951.9
2025-08-01 09:28:46 AM,943.2,0,0.0,65279951.9
2025-08-01 09:28:47 AM,943.2,236,222595.2,65502547.1
2025-08-01 09:28:52 AM,943.95,0,0.0,65502547.1
2025-08-01 09:28:55 AM,943.35,3,2830.05,65505377.15
2025-08-01 09:28:58 AM,943.3,0,0.0,65505377.15
2025-08-01 09:29:02 AM,943.3,43,40561.9,65545939.05
2025-08-01 09:29:04 AM,943.9,1,943.9,65546882.949999996
2025-08-01 09:29:10 AM,943.3,53,49994.899999999994,65596877.849999994
2025-08-01 09:29:10 AM,943.2,0,0.0,65596877.849999994
2025-08-01 09:29:11 AM,943.2,61,57535.200000000004,65654413.05
2025-08-01 09:29:15 AM,943.15,0,0.0,65654413.05
2025-08-01 09:29:17 AM,943.15,11,10374.65,65664787.699999996
2025-08-01 09:29:19 AM,943.2,6,5659.200000000001,65670446.9
2025-08-01 09:29:20 AM,943.15,0,0.0,65670446.9
2025-08-01 09:29:25 AM,943.15,247,232958.05,65903404.949999996
2025-08-01 09:29:27 AM,943.15,15,14147.25,65917552.199999996
2025-08-01 09:29:30 AM,943.25,0,0.0,65917552.199999996
2025-08-01 09:29:33 AM,943.25,14,13205.5,65930757.699999996
2025-08-01 09:29:34 AM,943.0,270,254610.0,66185367.699999996
2025-08-01 09:29:35 AM,943.25,0,0.0,66185367.699999996
2025-08-01 09:29:40 AM,943.0,1628,1535204.0,67720571.69999999
2025-08-01 09:29:45 AM,943.3,0,0.0,67720571.69999999
2025-08-01 09:29:47 AM,943.3,3,2829.8999999999996,67723401.6
2025-08-01 09:29:55 AM,943.3,5,4716.5,67728118.1
2025-08-01 09:29:56 AM,943.3,1,943.3,67729061.39999999
2025-08-01 09:30:01 AM,943.2,0,0.0,67729061.39999999
2025-08-01 09:30:02 AM,943.2,3,2829.6000000000004,67731890.99999999
2025-08-01 09:30:08 AM,943.15,0,0.0,67731890.99999999
2025-08-01 09:30:10 AM,943.15,301,283888.14999999997,68015779.14999999
2025-08-01 09:30:18 AM,943.0,273,257439.0,68273218.14999999
2025-08-01 09:30:19 AM,942.9,3,2828.7,68276046.85
2025-08-01 09:30:22 AM,940.6,0,0.0,68276046.85
2025-08-01 09:30:25 AM,941.2,3683,3466439.6,71742486.44999999
2025-08-01 09:30:26 AM,941.05,48,45170.399999999994,71787656.85
2025-08-01 09:30:32 AM,940.15,482,453152.3,72240809.14999999
2025-08-01 09:30:33 AM,941.0,102,95982.0,72336791.14999999
2025-08-01 09:30:36 AM,941.15,0,0.0,72336791.14999999
2025-08-01 09:30:40 AM,940.95,520,489294.0,72826085.14999999
2025-08-01 09:30:43 AM,941.0,0,0.0,72826085.14999999
2025-08-01 09:30:47 AM,941.2,220,207064.0,73033149.14999999
2025-08-01 09:30:48 AM,941.25,2,1882.5,73035031.64999999
2025-08-01 09:30:53 AM,940.55,0,0.0,73035031.64999999
2025-08-01 09:30:55 AM,940.0,1937,1820780.0,74855811.64999999
2025-08-01 09:30:55 AM,940.5,20,18810.0,74874621.64999999
2025-08-01 09:31:05 AM,940.0,0,0.0,74874621.64999999
2025-08-01 09:31:07 AM,940.5,0,0.0,74874621.64999999
2025-08-01 09:31:09 AM,940.5,24,22572.0,74897193.64999999
2025-08-01 09:31:13 AM,939.65,0,0.0,74897193.64999999
2025-08-01 09:31:17 AM,939.9,0,0.0,74897193.64999999
2025-08-01 09:31:17 AM,939.9,1782,1674901.8,76572095.44999999
2025-08-01 09:31:19 AM,940.65,0,0.0,76572095.44999999
2025-08-01 09:31:23 AM,940.85,0,0.0,76572095.44999999
2025-08-01 09:31:24 AM,941.0,321,302061.0,76874156.44999999
2025-08-01 09:31:25 AM,940.5,20,18810.0,76892966.44999999
2025-08-01 09:31:25 AM,940.85,0,0.0,76892966.44999999
2025-08-01 09:31:29 AM,940.5,0,0.0,76892966.44999999
2025-08-01 09:31:31 AM,941.25,1310,1233037.5,78126003.94999999
2025-08-01 09:31:35 AM,941.35,0,0.0,78126003.94999999
2025-08-01 09:31:38 AM,940.65,138,129809.7,78255813.64999999
2025-08-01 09:31:41 AM,941.2,0,0.0,78255813.64999999
2025-08-01 09:31:43 AM,940.95,0,0.0,78255813.64999999
2025-08-01 09:31:45 AM,940.55,1027,965944.85,79221758.49999999
2025-08-01 09:31:47 AM,940.15,0,0.0,79221758.49999999
2025-08-01 09:31:48 AM,940.8,0,0.0,79221758.49999999
2025-08-01 09:31:52 AM,940.2,187,175817.4,79397575.89999999
2025-08-01 09:31:58 AM,940.5,0,0.0,79397575.89999999
2025-08-01 09:31:59 AM,940.95,17,15996.150000000001,79413572.05
2025-08-01 09:32:03 AM,940.85,0,0.0,79413572.05
2025-08-01 09:32:06 AM,941.5,174,163821.0,79577393.05
2025-08-01 09:32:09 AM,941.8,0,0.0,79577393.05
2025-08-01 09:32:13 AM,941.75,259,243913.25,79821306.3
2025-08-01 09:32:15 AM,942.0,0,0.0,79821306.3
2025-08-01 09:32:20 AM,942.0,7,6594.0,79827900.3
2025-08-01 09:32:27 AM,941.85,0,0.0,79827900.3
2025-08-01 09:32:27 AM,941.85,525,494471.25,80322371.55
2025-08-01 09:32:33 AM,942.0,0,0.0,80322371.55
2025-08-01 09:32:33 AM,941.8,0,0.0,80322371.55
2025-08-01 09:32:34 AM,941.8,207,194952.59999999998,80517324.14999999
2025-08-01 09:32:34 AM,942.05,1054,992920.7,81510244.85
2025-08-01 09:32:39 AM,942.45,0,0.0,81510244.85
2025-08-01 09:32:41 AM,942.4,104,98009.59999999999,81608254.44999999
2025-08-01 09:32:45 AM,942.55,0,0.0,81608254.44999999
2025-08-01 09:32:45 AM,941.9,0,0.0,81608254.44999999
2025-08-01 09:32:48 AM,941.9,206,194031.4,81802285.85
2025-08-01 09:32:51 AM,942.8,0,0.0,81802285.85
2025-08-01 09:32:55 AM,942.4,13,12251.199999999999,81814537.05
2025-08-01 09:32:57 AM,942.8,0,0.0,81814537.05
2025-08-01 09:33:02 AM,942.85,145,136713.25,81951250.3
2025-08-01 09:33:03 AM,942.8,0,0.0,81951250.3
2025-08-01 09:33:03 AM,942.1,0,0.0,81951250.3
2025-08-01 09:33:09 AM,942.75,0,0.0,81951250.3
2025-08-01 09:33:09 AM,942.75,173,163095.75,82114346.05
2025-08-01 09:33:14 AM,942.4,0,0.0,82114346.05
2025-08-01 09:33:16 AM,942.45,286,269540.7,82383886.75
2025-08-01 09:33:19 AM,942.65,0,0.0,82383886.75
2025-08-01 09:33:23 AM,942.65,131,123487.15,82507373.9
2025-08-01 09:33:29 AM,942.7,0,0.0,82507373.9
2025-08-01 09:33:30 AM,942.7,20,18854.0,82526227.9
2025-08-01 09:33:34 AM,942.8,0,0.0,82526227.9
2025-08-01 09:33:36 AM,942.65,167,157422.55,82683650.45
2025-08-01 09:33:39 AM,942.7,0,0.0,82683650.45
2025-08-01 09:33:43 AM,942.15,37,34859.549999999996,82718510.0
2025-08-01 09:33:47 AM,942.65,0,0.0,82718510.0
2025-08-01 09:33:51 AM,942.65,2,1885.3,82720395.3
2025-08-01 09:33:53 AM,943.95,0,0.0,82720395.3
2025-08-01 09:33:54 AM,943.7,0,0.0,82720395.3
2025-08-01 09:33:57 AM,943.75,1011,954131.25,83674526.55
2025-08-01 09:33:59 AM,943.2,0,0.0,83674526.55
2025-08-01 09:34:04 AM,943.75,3,2831.25,83677357.8
2025-08-01 09:34:09 AM,943.15,0,0.0,83677357.8
2025-08-01 09:34:12 AM,943.75,28,26425.0,83703782.8
2025-08-01 09:34:14 AM,943.6,0,0.0,83703782.8
2025-08-01 09:34:19 AM,943.6,6,5661.6,83709444.39999999
2025-08-01 09:34:24 AM,943.55,0,0.0,83709444.39999999
2025-08-01 09:34:26 AM,942.8,227,214015.59999999998,83923459.99999999
2025-08-01 09:34:29 AM,943.55,0,0.0,83923459.99999999
2025-08-01 09:34:33 AM,943.55,29,27362.949999999997,83950822.94999999
2025-08-01 09:34:37 AM,942.7,0,0.0,83950822.94999999
2025-08-01 09:34:39 AM,942.7,29,27338.300000000003,83978161.24999999
2025-08-01 09:34:42 AM,943.25,0,0.0,83978161.24999999
2025-08-01 09:34:44 AM,943.5,0,0.0,83978161.24999999
2025-08-01 09:34:46 AM,943.5,68,64158.0,84042319.24999999
2025-08-01 09:34:49 AM,943.75,0,0.0,84042319.24999999
2025-08-01 09:34:53 AM,943.8,23,21707.399999999998,84064026.64999999
2025-08-01 09:34:59 AM,943.75,0,0.0,84064026.64999999
2025-08-01 09:35:00 AM,943.75,2,1887.5,84065914.14999999
2025-08-01 09:35:01 AM,943.65,1,943.65,84066857.8
2025-08-01 09:35:04 AM,943.75,0,0.0,84066857.8
2025-08-01 09:35:07 AM,943.75,15,14156.25,84081014.05
2025-08-01 09:35:14 AM,943.8,0,0.0,84081014.05
2025-08-01 09:35:14 AM,943.8,63,59459.399999999994,84140473.45
2025-08-01 09:35:21 AM,944.0,70,66080.0,84206553.45
2025-08-01 09:35:24 AM,944.8,0,0.0,84206553.45
2025-08-01 09:35:24 AM,944.15,0,0.0,84206553.45
2025-08-01 09:35:28 AM,944.0,749,707056.0,84913609.45
2025-08-01 09:35:34 AM,944.35,0,0.0,84913609.45
2025-08-01 09:35:35 AM,944.35,192,181315.2,85094924.65
2025-08-01 09:35:42 AM,944.3,4,3777.2,85098701.85000001
2025-08-01 09:35:49 AM,943.6,0,0.0,85098701.85000001
2025-08-01 09:35:49 AM,943.6,2344,2211798.4,87310500.25000001
2025-08-01 09:35:54 AM,943.3,0,0.0,87310500.25000001
2025-08-01 09:35:55 AM,943.2,79,74512.8,87385013.05000001
2025-08-01 09:35:59 AM,943.85,0,0.0,87385013.05000001
2025-08-01 09:36:02 AM,943.6,55,51898.0,87436911.05000001
2025-08-01 09:36:03 AM,943.0,0,0.0,87436911.05000001
2025-08-01 09:36:03 AM,943.6,0,0.0,87436911.05000001
2025-08-01 09:36:07 AM,943.85,0,0.0,87436911.05000001
2025-08-01 09:36:09 AM,943.85,577,544601.4500000001,87981512.50000001
2025-08-01 09:36:11 AM,944.65,0,0.0,87981512.50000001
2025-08-01 09:36:15 AM,944.2,0,0.0,87981512.50000001
2025-08-01 09:36:16 AM,944.2,33,31158.600000000002,88012671.10000001
2025-08-01 09:36:27 AM,944.85,0,0.0,88012671.10000001
2025-08-01 09:36:27 AM,944.9,0,0.0,88012671.10000001
2025-08-01 09:36:29 AM,944.85,1109,1047838.65,89060509.75000001
2025-08-01 09:36:35 AM,945.0,0,0.0,89060509.75000001
2025-08-01 09:36:35 AM,945.0,61,57645.0,89118154.75000001
2025-08-01 09:36:39 AM,944.5,0,0.0,89118154.75000001
2025-08-01 09:36:41 AM,944.5,2,1889.0,89120043.75000001
2025-08-01 09:36:42 AM,945.0,25,23625.0,89143668.75000001
2025-08-01 09:36:43 AM,944.5,0,0.0,89143668.75000001
2025-08-01 09:36:47 AM,945.0,0,0.0,89143668.75000001
2025-08-01 09:36:48 AM,945.0,13,12285.0,89155953.75000001
2025-08-01 09:36:51 AM,945.25,0,0.0,89155953.75000001
2025-08-01 09:36:55 AM,945.5,0,0.0,89155953.75000001
2025-08-01 09:36:55 AM,945.5,50,47275.0,89203228.75000001
2025-08-01 09:36:55 AM,945.4,50,47270.0,89250498.75000001
2025-08-01 09:36:59 AM,945.45,0,0.0,89250498.75000001
2025-08-01 09:36:59 AM,944.85,0,0.0,89250498.75000001
2025-08-01 09:37:01 AM,944.8,63,59522.399999999994,89310021.15000002
2025-08-01 09:37:02 AM,944.8,1,944.8,89310965.95000002
2025-08-01 09:37:08 AM,944.8,2,1889.6,89312855.55000001
2025-08-01 09:37:12 AM,945.25,0,0.0,89312855.55000001
2025-08-01 09:37:16 AM,945.3,148,139904.4,89452759.95000002
2025-08-01 09:37:16 AM,945.15,26,24573.899999999998,89477333.85000002
2025-08-01 09:37:22 AM,944.55,0,0.0,89477333.85000002
2025-08-01 09:37:23 AM,944.85,7,6613.95,89483947.80000003
2025-08-01 09:37:32 AM,944.5,0,0.0,89483947.80000003
2025-08-01 09:37:36 AM,944.5,11,10389.5,89494337.30000003
2025-08-01 09:37:45 AM,944.4,0,0.0,89494337.30000003
2025-08-01 09:37:49 AM,944.5,0,0.0,89494337.30000003
2025-08-01 09:37:50 AM,944.5,75,70837.5,89565174.80000003
2025-08-01 09:37:55 AM,943.7,0,0.0,89565174.80000003
2025-08-01 09:37:56 AM,943.95,200,188790.0,89753964.80000003
2025-08-01 09:37:56 AM,944.15,52,49095.799999999996,89803060.60000002
2025-08-01 09:38:02 AM,944.0,0,0.0,89803060.60000002
2025-08-01 09:38:03 AM,944.0,3,2832.0,89805892.60000002
2025-08-01 09:38:08 AM,943.55,0,0.0,89805892.60000002
2025-08-01 09:38:10 AM,943.15,0,0.0,89805892.60000002
2025-08-01 09:38:10 AM,943.75,1131,1067381.25,90873273.85000002
2025-08-01 09:38:14 AM,943.7,0,0.0,90873273.85000002
2025-08-01 09:38:17 AM,943.75,117,110418.75,90983692.60000002
2025-08-01 09:38:23 AM,943.75,111,104756.25,91088448.85000002
2025-08-01 09:38:34 AM,943.5,0,0.0,91088448.85000002
2025-08-01 09:38:37 AM,943.5,114,107559.0,91196007.85000002
2025-08-01 09:38:43 AM,943.65,0,0.0,91196007.85000002
2025-08-01 09:38:44 AM,943.65,14,13211.1,91209218.95000002
2025-08-01 09:38:47 AM,943.5,0,0.0,91209218.95000002
2025-08-01 09:38:50 AM,943.5,195,183982.5,91393201.45000002
2025-08-01 09:38:51 AM,943.3,0,0.0,91393201.45000002
2025-08-01 09:38:57 AM,943.3,4,3773.2,91396974.65000002
2025-08-01 09:38:59 AM,943.25,0,0.0,91396974.65000002
2025-08-01 09:39:00 AM,943.3,0,0.0,91396974.65000002
2025-08-01 09:39:03 AM,943.3,111,104706.29999999999,91501680.95000002
2025-08-01 09:39:09 AM,942.7,0,0.0,91501680.95000002
2025-08-01 09:39:10 AM,942.9,7,6600.3,91508281.25000001
2025-08-01 09:39:10 AM,942.9,1,942.9,91509224.15000002
2025-08-01 09:39:17 AM,942.95,11,10372.45,91519596.60000002
2025-08-01 09:39:24 AM,942.95,9,8486.550000000001,91528083.15000002
2025-08-01 09:39:28 AM,942.7,0,0.0,91528083.15000002
2025-08-01 09:39:30 AM,942.7,49,46192.3,91574275.45000002
2025-08-01 09:39:32 AM,942.85,0,0.0,91574275.45000002
2025-08-01 09:39:36 AM,942.45,0,0.0,91574275.45000002
2025-08-01 09:39:37 AM,942.45,584,550390.8,92124666.25000001
2025-08-01 09:39:40 AM,942.5,0,0.0,92124666.25000001
2025-08-01 09:39:43 AM,942.5,12,11310.0,92135976.25000001
2025-08-01 09:39:44 AM,942.45,0,0.0,92135976.25000001
2025-08-01 09:39:48 AM,942.5,0,0.0,92135976.25000001
2025-08-01 09:39:50 AM,942.5,103,97077.5,92233053.75000001
2025-08-01 09:39:53 AM,942.85,0,0.0,92233053.75000001
2025-08-01 09:39:57 AM,942.85,1,942.85,92233996.60000001
2025-08-01 09:40:00 AM,943.4,0,0.0,92233996.60000001
2025-08-01 09:40:01 AM,942.5,0,0.0,92233996.60000001
2025-08-01 09:40:03 AM,942.5,305,287462.5,92521459.10000001
2025-08-01 09:40:08 AM,943.45,0,0.0,92521459.10000001
2025-08-01 09:40:10 AM,943.7,30,28311.0,92549770.10000001
2025-08-01 09:40:17 AM,943.7,5,4718.5,92554488.60000001
2025-08-01 09:40:18 AM,943.75,0,0.0,92554488.60000001
2025-08-01 09:40:21 AM,943.8,0,0.0,92554488.60000001
2025-08-01 09:40:23 AM,943.8,55,51909.0,92606397.60000001
2025-08-01 09:40:24 AM,943.85,5,4719.25,92611116.85000001
2025-08-01 09:40:26 AM,943.8,0,0.0,92611116.85000001
2025-08-01 09:40:28 AM,944.0,0,0.0,92611116.85000001
2025-08-01 09:40:29 AM,944.4,235,221934.0,92833050.85000001
2025-08-01 09:40:30 AM,943.65,16,15098.4,92848149.25000001
2025-08-01 09:40:31 AM,943.8,0,0.0,92848149.25000001
2025-08-01 09:40:36 AM,943.85,15,14157.75,92862307.00000001
2025-08-01 09:40:39 AM,943.25,0,0.0,92862307.00000001
2025-08-01 09:40:43 AM,943.9,66,62297.4,92924604.40000002
2025-08-01 09:40:48 AM,944.25,0,0.0,92924604.40000002
2025-08-01 09:40:49 AM,944.3,53,50047.899999999994,92974652.30000003
2025-08-01 09:40:52 AM,944.6,0,0.0,92974652.30000003
2025-08-01 09:40:56 AM,943.85,23,21708.55,92996360.85000002
2025-08-01 09:41:02 AM,944.4,25,23610.0,93019970.85000002
2025-08-01 09:41:03 AM,944.1,0,0.0,93019970.85000002
2025-08-01 09:41:03 AM,944.4,106,100106.4,93120077.25000003
2025-08-01 09:41:09 AM,944.4,14,13221.6,93133298.85000002
2025-08-01 09:41:10 AM,944.4,1,944.4,93134243.25000003
2025-08-01 09:41:15 AM,944.3,0,0.0,93134243.25000003
2025-08-01 09:41:16 AM,944.3,25,23607.5,93157850.75000003
2025-08-01 09:41:19 AM,944.65,0,0.0,93157850.75000003
2025-08-01 09:41:22 AM,944.0,86,81184.0,93239034.75000003
2025-08-01 09:41:27 AM,944.3,0,0.0,93239034.75000003
2025-08-01 09:41:29 AM,944.5,25,23612.5,93262647.25000003
2025-08-01 09:41:31 AM,944.55,0,0.0,93262647.25000003
2025-08-01 09:41:35 AM,944.55,2,1889.1,93264536.35000002
2025-08-01 09:41:42 AM,944.55,103,97288.65,93361825.00000003
2025-08-01 09:41:47 AM,944.7,0,0.0,93361825.00000003
2025-08-01 09:41:49 AM,944.7,102,96359.40000000001,93458184.40000004
2025-08-01 09:41:50 AM,944.55,5,4722.75,93462907.15000004
2025-08-01 09:41:55 AM,944.5,65,61392.5,93524299.65000004
2025-08-01 09:42:01 AM,944.5,17,16056.5,93540356.15000004
2025-08-01 09:42:03 AM,944.0,0,0.0,93540356.15000004
2025-08-01 09:42:08 AM,944.15,263,248311.44999999998,93788667.60000004
2025-08-01 09:42:15 AM,943.5,58,54723.0,93843390.60000004
2025-08-01 09:42:20 AM,943.2,0,0.0,93843390.60000004
2025-08-01 09:42:21 AM,943.5,11,10378.5,93853769.10000004
2025-08-01 09:42:23 AM,943.2,1,943.2,93854712.30000004
2025-08-01 09:42:28 AM,943.6,18,16984.8,93871697.10000004
2025-08-01 09:42:29 AM,943.0,566,533738.0,94405435.10000004
2025-08-01 09:42:34 AM,942.6,0,0.0,94405435.10000004
2025-08-01 09:42:34 AM,942.6,45,42417.0,94447852.10000004
2025-08-01 09:42:38 AM,943.0,0,0.0,94447852.10000004
2025-08-01 09:42:41 AM,943.0,57,53751.0,94501603.10000004
2025-08-01 09:42:42 AM,943.0,36,33948.0,94535551.10000004
2025-08-01 09:42:47 AM,943.0,237,223491.0,94759042.10000004
2025-08-01 09:42:58 AM,943.85,0,0.0,94759042.10000004
2025-08-01 09:43:00 AM,944.5,163,153953.5,94912995.60000004
2025-08-01 09:43:02 AM,943.95,0,0.0,94912995.60000004
2025-08-01 09:43:06 AM,944.6,0,0.0,94912995.60000004
2025-08-01 09:43:06 AM,944.7,0,0.0,94912995.60000004
2025-08-01 09:43:07 AM,944.7,62,58571.4,94971567.00000004
2025-08-01 09:43:13 AM,944.65,65,61402.25,95032969.25000004
2025-08-01 09:43:18 AM,944.2,0,0.0,95032969.25000004
2025-08-01 09:43:18 AM,943.85,0,0.0,95032969.25000004
2025-08-01 09:43:20 AM,943.85,164,154791.4,95187760.65000005
2025-08-01 09:43:27 AM,943.85,1,943.85,95188704.50000004
2025-08-01 09:43:28 AM,944.25,12,11331.0,95200035.50000004
2025-08-01 09:43:33 AM,944.25,132,124641.0,95324676.50000004
2025-08-01 09:43:40 AM,944.25,2,1888.5,95326565.00000004
2025-08-01 09:43:46 AM,944.75,0,0.0,95326565.00000004
2025-08-01 09:43:47 AM,944.75,24,22674.0,95349239.00000004
2025-08-01 09:43:50 AM,944.4,0,0.0,95349239.00000004
2025-08-01 09:43:53 AM,944.6,590,557314.0,95906553.00000004
2025-08-01 09:43:59 AM,944.6,14,13224.4,95919777.40000005
2025-08-01 09:44:01 AM,944.0,1,944.0,95920721.40000005
2025-08-01 09:44:14 AM,944.45,1,944.45,95921665.85000005
2025-08-01 09:44:18 AM,944.5,0,0.0,95921665.85000005
2025-08-01 09:44:20 AM,944.5,3,2833.5,95924499.35000005
2025-08-01 09:44:24 AM,944.45,0,0.0,95924499.35000005
2025-08-01 09:44:26 AM,944.4,71,67052.4,95991551.75000006
2025-08-01 09:44:27 AM,943.5,103,97180.5,96088732.25000006
2025-08-01 09:44:28 AM,944.3,0,0.0,96088732.25000006
2025-08-01 09:44:30 AM,943.4,0,0.0,96088732.25000006
2025-08-01 09:44:32 AM,944.15,0,0.0,96088732.25000006
2025-08-01 09:44:33 AM,944.15,121,114242.15,96202974.40000007
2025-08-01 09:44:34 AM,944.15,1,944.15,96203918.55000007
2025-08-01 09:44:44 AM,943.15,0,0.0,96203918.55000007
2025-08-01 09:44:45 AM,943.15,75,70736.25,96274654.80000007
2025-08-01 09:44:46 AM,943.85,0,0.0,96274654.80000007
2025-08-01 09:44:47 AM,943.85,2,1887.7,96276542.50000007
2025-08-01 09:44:50 AM,943.9,0,0.0,96276542.50000007
2025-08-01 09:44:52 AM,943.9,1,943.9,96277486.40000008
2025-08-01 09:44:58 AM,943.9,17,16046.3,96293532.70000008
2025-08-01 09:44:59 AM,943.75,1,943.75,96294476.45000008
2025-08-01 09:45:02 AM,943.8,0,0.0,96294476.45000008
2025-08-01 09:45:05 AM,943.8,24,22651.199999999997,96317127.65000008
2025-08-01 09:45:22 AM,943.55,0,0.0,96317127.65000008
2025-08-01 09:45:25 AM,942.7,99,93327.3,96410454.95000008
2025-08-01 09:45:30 AM,942.95,0,0.0,96410454.95000008
2025-08-01 09:45:31 AM,942.95,18,16973.100000000002,96427428.05000007
2025-08-01 09:45:34 AM,943.05,0,0.0,96427428.05000007
2025-08-01 09:45:37 AM,942.95,35,33003.25,96460431.30000007
2025-08-01 09:45:42 AM,943.05,0,0.0,96460431.30000007
2025-08-01 09:45:44 AM,943.05,13,12259.65,96472690.95000008
2025-08-01 09:45:46 AM,942.7,0,0.0,96472690.95000008
2025-08-01 09:45:50 AM,943.4,0,0.0,96472690.95000008
2025-08-01 09:45:51 AM,943.55,551,519896.05,96992587.00000007
2025-08-01 09:45:53 AM,943.4,0,0.0,96992587.00000007
2025-08-01 09:45:57 AM,943.4,1,943.4,96993530.40000008
2025-08-01 09:45:58 AM,943.5,14,13209.0,97006739.40000008
2025-08-01 09:46:03 AM,943.3,10,9433.0,97016172.40000008
2025-08-01 09:46:05 AM,942.7,3,2828.1000000000004,97019000.50000007
2025-08-01 09:46:05 AM,943.35,0,0.0,97019000.50000007
2025-08-01 09:46:10 AM,942.5,76,71630.0,97090630.50000007
2025-08-01 09:46:11 AM,942.9,1,942.9,97091573.40000008
2025-08-01 09:46:18 AM,942.85,2,1885.7,97093459.10000008
2025-08-01 09:46:28 AM,943.4,0,0.0,97093459.10000008
2025-08-01 09:46:29 AM,943.4,19,17924.6,97111383.70000008
2025-08-01 09:46:31 AM,942.6,82,77293.2,97188676.90000008
2025-08-01 09:46:38 AM,943.4,23,21698.2,97210375.10000008
2025-08-01 09:46:39 AM,943.35,0,0.0,97210375.10000008
2025-08-01 09:46:42 AM,943.35,1,943.35,97211318.45000008
2025-08-01 09:46:48 AM,943.6,150,141540.0,97352858.45000008
2025-08-01 09:46:50 AM,943.05,1,943.05,97353801.50000007
2025-08-01 09:46:52 AM,943.0,0,0.0,97353801.50000007
2025-08-01 09:46:55 AM,943.25,0,0.0,97353801.50000007
2025-08-01 09:46:55 AM,943.25,2,1886.5,97355688.00000007
2025-08-01 09:46:59 AM,943.0,0,0.0,97355688.00000007
2025-08-01 09:47:01 AM,943.0,1,943.0,97356631.00000007
2025-08-01 09:47:03 AM,943.4,1,943.4,97357574.40000008
2025-08-01 09:47:04 AM,943.5,0,0.0,97357574.40000008
2025-08-01 09:47:07 AM,943.5,14,13209.0,97370783.40000008
2025-08-01 09:47:13 AM,943.5,10,9435.0,97380218.40000008
2025-08-01 09:47:20 AM,943.6,0,0.0,97380218.40000008
2025-08-01 09:47:21 AM,943.05,20,18861.0,97399079.40000008
2025-08-01 09:47:28 AM,943.3,13,12262.9,97411342.30000009
2025-08-01 09:47:31 AM,943.35,0,0.0,97411342.30000009
2025-08-01 09:47:32 AM,942.9,34,32058.6,97443400.90000008
2025-08-01 09:47:43 AM,942.5,0,0.0,97443400.90000008
2025-08-01 09:47:45 AM,942.5,10,9425.0,97452825.90000008
2025-08-01 09:47:48 AM,942.5,2,1885.0,97454710.90000008
2025-08-01 09:47:59 AM,942.95,16,15087.2,97469798.10000008
2025-08-01 09:48:05 AM,942.9,1,942.9,97470741.00000009
2025-08-01 09:48:06 AM,942.1,0,0.0,97470741.00000009
2025-08-01 09:48:08 AM,942.1,250,235525.0,97706266.00000009
2025-08-01 09:48:10 AM,942.6,0,0.0,97706266.00000009
2025-08-01 09:48:11 AM,942.6,2,1885.2,97708151.20000009
2025-08-01 09:48:14 AM,942.6,1,942.6,97709093.80000009
2025-08-01 09:48:18 AM,942.6,2,1885.2,97710979.00000009
2025-08-01 09:48:21 AM,943.0,1,943.0,97711922.00000009
2025-08-01 09:48:22 AM,942.6,0,0.0,97711922.00000009
2025-08-01 09:48:24 AM,942.5,5,4712.5,97716634.50000009
2025-08-01 09:48:26 AM,942.6,0,0.0,97716634.50000009
2025-08-01 09:48:27 AM,943.0,11,10373.0,97727007.50000009
2025-08-01 09:48:30 AM,943.45,0,0.0,97727007.50000009
2025-08-01 09:48:30 AM,943.05,0,0.0,97727007.50000009
2025-08-01 09:48:31 AM,943.05,16,15088.8,97742096.30000009
2025-08-01 09:48:34 AM,943.0,0,0.0,97742096.30000009
2025-08-01 09:48:37 AM,943.05,4,3772.2,97745868.50000009
2025-08-01 09:48:38 AM,943.0,0,0.0,97745868.50000009
2025-08-01 09:48:40 AM,943.0,10,9430.0,97755298.50000009
2025-08-01 09:48:44 AM,943.0,20,18860.0,97774158.50000009
2025-08-01 09:48:58 AM,943.05,0,0.0,97774158.50000009
2025-08-01 09:48:59 AM,943.05,14,13202.699999999999,97787361.20000009
2025-08-01 09:49:10 AM,943.45,0,0.0,97787361.20000009
2025-08-01 09:49:11 AM,943.45,4,3773.8,97791135.00000009
2025-08-01 09:49:21 AM,943.4,0,0.0,97791135.00000009
2025-08-01 09:49:21 AM,943.4,1,943.4,97792078.4000001
2025-08-01 09:49:24 AM,942.5,0,0.0,97792078.4000001
2025-08-01 09:49:24 AM,942.5,143,134777.5,97926855.9000001
2025-08-01 09:49:27 AM,943.15,0,0.0,97926855.9000001
2025-08-01 09:49:28 AM,943.15,1,943.15,97927799.0500001
2025-08-01 09:49:30 AM,943.15,14,13204.1,97941003.1500001
2025-08-01 09:49:39 AM,942.85,0,0.0,97941003.1500001
2025-08-01 09:49:40 AM,942.85,344,324340.4,98265343.5500001
2025-08-01 09:49:42 AM,942.0,0,0.0,98265343.5500001
2025-08-01 09:49:43 AM,942.0,960,904320.0,99169663.5500001
2025-08-01 09:49:45 AM,942.5,0,0.0,99169663.5500001
2025-08-01 09:49:46 AM,942.5,2,1885.0,99171548.5500001
2025-08-01 09:49:48 AM,942.0,0,0.0,99171548.5500001
2025-08-01 09:49:49 AM,942.0,1,942.0,99172490.5500001
2025-08-01 09:49:54 AM,942.4,0,0.0,99172490.5500001
2025-08-01 09:49:56 AM,942.4,4,3769.6,99176260.1500001
2025-08-01 09:49:59 AM,942.45,34,32043.300000000003,99208303.45000009
2025-08-01 09:50:05 AM,942.35,0,0.0,99208303.45000009
2025-08-01 09:50:06 AM,942.35,1,942.35,99209245.80000009
2025-08-01 09:50:08 AM,942.55,0,0.0,99209245.80000009
2025-08-01 09:50:09 AM,942.55,6,5655.299999999999,99214901.10000008
2025-08-01 09:50:12 AM,942.0,335,315570.0,99530471.10000008
2025-08-01 09:50:23 AM,942.75,0,0.0,99530471.10000008
2025-08-01 09:50:25 AM,942.75,101,95217.75,99625688.85000008
2025-08-01 09:50:26 AM,942.2,0,0.0,99625688.85000008
2025-08-01 09:50:28 AM,942.9,0,0.0,99625688.85000008
2025-08-01 09:50:28 AM,942.9,16,15086.4,99640775.25000009
2025-08-01 09:50:29 AM,942.2,0,0.0,99640775.25000009
2025-08-01 09:50:31 AM,942.2,11,10364.2,99651139.45000009
2025-08-01 09:50:35 AM,942.0,0,0.0,99651139.45000009
2025-08-01 09:50:37 AM,942.65,0,0.0,99651139.45000009
2025-08-01 09:50:37 AM,942.65,25,23566.25,99674705.70000009
2025-08-01 09:50:40 AM,942.75,10,9427.5,99684133.20000009
2025-08-01 09:50:44 AM,942.0,295,277890.0,99962023.20000009
2025-08-01 09:50:50 AM,942.0,250,235500.0,100197523.20000009
2025-08-01 09:50:52 AM,942.7,1,942.7,100198465.9000001
2025-08-01 09:50:55 AM,942.0,0,0.0,100198465.9000001
2025-08-01 09:50:56 AM,942.05,344,324065.2,100522531.1000001
2025-08-01 09:50:58 AM,942.65,0,0.0,100522531.1000001
2025-08-01 09:50:59 AM,942.65,15,14139.75,100536670.8500001
2025-08-01 09:51:02 AM,942.75,0,0.0,100536670.8500001
2025-08-01 09:51:03 AM,942.75,1,942.75,100537613.6000001
2025-08-01 09:51:08 AM,942.7,0,0.0,100537613.6000001
2025-08-01 09:51:09 AM,942.7,3,2828.1000000000004,100540441.70000009
2025-08-01 09:51:15 AM,943.25,1,943.25,100541384.95000009
2025-08-01 09:51:16 AM,942.55,0,0.0,100541384.95000009
2025-08-01 09:51:17 AM,942.55,75,70691.25,100612076.20000009
2025-08-01 09:51:25 AM,943.25,0,0.0,100612076.20000009
2025-08-01 09:51:28 AM,943.25,18,16978.5,100629054.70000009
2025-08-01 09:51:40 AM,943.25,200,188650.0,100817704.70000009
2025-08-01 09:51:42 AM,943.0,0,0.0,100817704.70000009
2025-08-01 09:51:43 AM,943.0,1,943.0,100818647.70000009
2025-08-01 09:51:44 AM,943.2,0,0.0,100818647.70000009
2025-08-01 09:51:45 AM,943.15,0,0.0,100818647.70000009
2025-08-01 09:51:47 AM,943.15,29,27351.35,100845999.05000009
2025-08-01 09:51:49 AM,943.0,10,9430.0,100855429.05000009
2025-08-01 09:51:50 AM,943.3,0,0.0,100855429.05000009
2025-08-01 09:51:53 AM,943.3,1,943.3,100856372.35000008
2025-08-01 09:51:57 AM,942.3,0,0.0,100856372.35000008
2025-08-01 09:51:59 AM,943.0,316,297988.0,101154360.35000008
2025-08-01 09:52:05 AM,943.0,1,943.0,101155303.35000008
2025-08-01 09:52:11 AM,943.0,2,1886.0,101157189.35000008
2025-08-01 09:52:14 AM,943.0,12,11316.0,101168505.35000008
2025-08-01 09:52:22 AM,943.25,0,0.0,101168505.35000008
2025-08-01 09:52:23 AM,942.45,211,198856.95,101367362.30000009
2025-08-01 09:52:28 AM,942.9,0,0.0,101367362.30000009
2025-08-01 09:52:29 AM,942.9,1524,1436979.5999999999,102804341.90000008
2025-08-01 09:52:31 AM,942.0,0,0.0,102804341.90000008
2025-08-01 09:52:32 AM,942.0,511,481362.0,103285703.90000008
2025-08-01 09:52:35 AM,942.0,20,18840.0,103304543.90000008
2025-08-01 09:52:46 AM,941.85,0,0.0,103304543.90000008
2025-08-01 09:52:48 AM,941.85,15,14127.75,103318671.65000008
2025-08-01 09:52:49 AM,942.0,0,0.0,103318671.65000008
2025-08-01 09:52:50 AM,942.0,2,1884.0,103320555.65000008
2025-08-01 09:52:56 AM,941.85,202,190253.7,103510809.35000008
2025-08-01 09:52:58 AM,942.0,0,0.0,103510809.35000008
2025-08-01 09:52:58 AM,942.2,0,0.0,103510809.35000008
2025-08-01 09:53:00 AM,942.2,111,104584.20000000001,103615393.55000009
2025-08-01 09:53:04 AM,942.05,0,0.0,103615393.55000009
2025-08-01 09:53:06 AM,942.05,210,197830.5,103813224.05000009
2025-08-01 09:53:12 AM,942.7,2,1885.4,103815109.45000009
2025-08-01 09:53:14 AM,942.7,2,1885.4,103816994.8500001
2025-08-01 09:53:21 AM,942.7,4,3770.8,103820765.6500001
2025-08-01 09:53:29 AM,942.8,0,0.0,103820765.6500001
2025-08-01 09:53:31 AM,942.8,114,107479.2,103928244.8500001
2025-08-01 09:53:37 AM,942.85,36,33942.6,103962187.45000009
2025-08-01 09:53:38 AM,942.8,0,0.0,103962187.45000009
2025-08-01 09:53:39 AM,942.8,2,1885.6,103964073.05000009
2025-08-01 09:53:45 AM,942.2,3,2826.6000000000004,103966899.65000008
2025-08-01 09:53:50 AM,942.7,2,1885.4,103968785.05000009
2025-08-01 09:53:53 AM,942.0,0,0.0,103968785.05000009
2025-08-01 09:53:56 AM,942.0,34,32028.0,104000813.05000009
2025-08-01 09:53:59 AM,942.5,0,0.0,104000813.05000009
2025-08-01 09:54:02 AM,942.75,0,0.0,104000813.05000009
2025-08-01 09:54:02 AM,942.75,17,16026.75,104016839.80000009
2025-08-01 09:54:02 AM,942.85,0,0.0,104016839.80000009
2025-08-01 09:54:03 AM,942.85,100,94285.0,104111124.80000009
2025-08-01 09:54:05 AM,942.25,0,0.0,104111124.80000009
2025-08-01 09:54:08 AM,942.25,1,942.25,104112067.05000009
2025-08-01 09:54:11 AM,942.0,0,0.0,104112067.05000009
2025-08-01 09:54:14 AM,942.0,470,442740.0,104554807.05000009
2025-08-01 09:54:15 AM,942.8,1,942.8,104555749.85000008
2025-08-01 09:54:21 AM,942.8,2,1885.6,104557635.45000008
2025-08-01 09:54:23 AM,942.75,0,0.0,104557635.45000008
2025-08-01 09:54:26 AM,942.7,0,0.0,104557635.45000008
2025-08-01 09:54:27 AM,942.7,9,8484.300000000001,104566119.75000007
2025-08-01 09:54:28 AM,942.5,43,40527.5,104606647.25000007
2025-08-01 09:54:30 AM,941.7,0,0.0,104606647.25000007
2025-08-01 09:54:33 AM,941.7,1008,949233.6000000001,105555880.85000007
2025-08-01 09:54:36 AM,941.85,0,0.0,105555880.85000007
2025-08-01 09:54:39 AM,941.9,0,0.0,105555880.85000007
2025-08-01 09:54:39 AM,941.85,4,3767.4,105559648.25000007
2025-08-01 09:54:42 AM,941.05,0,0.0,105559648.25000007
2025-08-01 09:54:45 AM,941.05,124,116690.2,105676338.45000008
2025-08-01 09:54:48 AM,941.15,0,0.0,105676338.45000008
2025-08-01 09:54:51 AM,941.75,0,0.0,105676338.45000008
2025-08-01 09:54:51 AM,941.75,27,25427.25,105701765.70000008
2025-08-01 09:54:56 AM,941.75,1,941.75,105702707.45000008
2025-08-01 09:55:00 AM,941.8,0,0.0,105702707.45000008
2025-08-01 09:55:00 AM,941.85,0,0.0,105702707.45000008
2025-08-01 09:55:02 AM,941.75,29,27310.75,105730018.20000008
2025-08-01 09:55:03 AM,941.75,1,941.75,105730959.95000008
2025-08-01 09:55:08 AM,941.75,1,941.75,105731901.70000008
2025-08-01 09:55:14 AM,941.75,4,3767.0,105735668.70000008
2025-08-01 09:55:18 AM,941.7,0,0.0,105735668.70000008
2025-08-01 09:55:19 AM,941.2,0,0.0,105735668.70000008
2025-08-01 09:55:20 AM,941.75,9,8475.75,105744144.45000008
2025-08-01 09:55:25 AM,941.0,0,0.0,105744144.45000008
2025-08-01 09:55:26 AM,941.0,1713,1611933.0,107356077.45000008
2025-08-01 09:55:29 AM,941.5,0,0.0,107356077.45000008
2025-08-01 09:55:32 AM,941.5,15,14122.5,107370199.95000008
2025-08-01 09:55:38 AM,941.55,0,0.0,107370199.95000008
2025-08-01 09:55:38 AM,941.55,1,941.55,107371141.50000007
2025-08-01 09:55:44 AM,941.05,25,23526.25,107394667.75000007
2025-08-01 09:55:45 AM,941.45,0,0.0,107394667.75000007
2025-08-01 09:55:45 AM,941.45,1,941.45,107395609.20000008
2025-08-01 09:55:50 AM,941.55,6,5649.299999999999,107401258.50000007
2025-08-01 09:55:51 AM,941.55,13,12240.15,107413498.65000008
2025-08-01 09:55:59 AM,941.7,0,0.0,107413498.65000008
2025-08-01 09:56:02 AM,941.55,0,0.0,107413498.65000008
2025-08-01 09:56:03 AM,941.7,0,0.0,107413498.65000008
2025-08-01 09:56:03 AM,941.7,30,28251.0,107441749.65000008
2025-08-01 09:56:08 AM,941.75,0,0.0,107441749.65000008
2025-08-01 09:56:09 AM,941.55,81,76265.55,107518015.20000008
2025-08-01 09:56:14 AM,942.0,0,0.0,107518015.20000008
2025-08-01 09:56:15 AM,942.15,0,0.0,107518015.20000008
2025-08-01 09:56:15 AM,942.15,342,322215.3,107840230.50000007
2025-08-01 09:56:18 AM,942.25,0,0.0,107840230.50000007
2025-08-01 09:56:21 AM,942.25,11,10364.75,107850595.25000007
2025-08-01 09:56:27 AM,942.25,2,1884.5,107852479.75000007
2025-08-01 09:56:29 AM,941.6,0,0.0,107852479.75000007
2025-08-01 09:56:32 AM,941.85,0,0.0,107852479.75000007
2025-08-01 09:56:32 AM,941.85,675,635748.75,108488228.50000007
2025-08-01 09:56:38 AM,941.85,3,2825.55,108491054.05000007
2025-08-01 09:56:41 AM,941.55,0,0.0,108491054.05000007
2025-08-01 09:56:44 AM,941.35,540,508329.0,108999383.05000007
2025-08-01 09:56:51 AM,941.35,2,1882.7,109001265.75000007
2025-08-01 09:56:56 AM,941.4,0,0.0,109001265.75000007
2025-08-01 09:56:57 AM,941.4,11,10355.4,109011621.15000008
2025-08-01 09:56:58 AM,941.5,17,16005.5,109027626.65000008
2025-08-01 09:57:00 AM,941.05,0,0.0,109027626.65000008
2025-08-01 09:57:02 AM,941.05,15,14115.75,109041742.40000008
2025-08-01 09:57:08 AM,941.5,0,0.0,109041742.40000008
2025-08-01 09:57:08 AM,941.6,101,95101.6,109136844.00000007
2025-08-01 09:57:22 AM,941.0,100,94100.0,109230944.00000007
2025-08-01 09:57:24 AM,941.55,0,0.0,109230944.00000007
2025-08-01 09:57:25 AM,941.55,6,5649.299999999999,109236593.30000007
2025-08-01 09:57:28 AM,941.1,0,0.0,109236593.30000007
2025-08-01 09:57:28 AM,941.75,33,31077.75,109267671.05000007
2025-08-01 09:57:40 AM,941.85,0,0.0,109267671.05000007
2025-08-01 09:57:40 AM,941.85,5,4709.25,109272380.30000007
2025-08-01 09:57:46 AM,941.95,7,6593.650000000001,109278973.95000008
2025-08-01 09:57:48 AM,942.0,0,0.0,109278973.95000008
2025-08-01 09:57:49 AM,942.0,6,5652.0,109284625.95000008
2025-08-01 09:57:56 AM,942.0,9,8478.0,109293103.95000008
2025-08-01 09:57:58 AM,941.8,204,192127.19999999998,109485231.15000008
2025-08-01 09:58:01 AM,941.85,3,2825.55,109488056.70000008
2025-08-01 09:58:04 AM,941.45,1,941.45,109488998.15000008
2025-08-01 09:58:08 AM,941.45,3,2824.3500000000004,109491822.50000007
2025-08-01 09:58:09 AM,941.05,0,0.0,109491822.50000007
2025-08-01 09:58:11 AM,941.5,7,6590.5,109498413.00000007
2025-08-01 09:58:13 AM,941.55,0,0.0,109498413.00000007
2025-08-01 09:58:14 AM,941.55,1,941.55,109499354.55000007
2025-08-01 09:58:17 AM,940.7,0,0.0,109499354.55000007
2025-08-01 09:58:17 AM,940.7,2257,2123159.9,111622514.45000008
2025-08-01 09:58:17 AM,940.55,0,0.0,111622514.45000008
2025-08-01 09:58:20 AM,940.55,5,4702.75,111627217.20000008
2025-08-01 09:58:26 AM,940.5,19,17869.5,111645086.70000008
2025-08-01 09:58:28 AM,940.6,16,15049.6,111660136.30000007
2025-08-01 09:58:32 AM,940.65,2,1881.3,111662017.60000007
2025-08-01 09:58:35 AM,940.0,517,485980.0,112147997.60000007
2025-08-01 09:58:37 AM,940.1,0,0.0,112147997.60000007
2025-08-01 09:58:38 AM,940.1,1,940.1,112148937.70000006
2025-08-01 09:58:44 AM,940.55,51,47968.049999999996,112196905.75000006
2025-08-01 09:58:47 AM,940.45,40,37618.0,112234523.75000006
2025-08-01 09:58:53 AM,940.5,0,0.0,112234523.75000006
2025-08-01 09:58:53 AM,940.5,16,15048.0,112249571.75000006
2025-08-01 09:58:59 AM,940.45,16,15047.2,112264618.95000006
2025-08-01 09:59:02 AM,940.45,2,1880.9,112266499.85000007
2025-08-01 09:59:11 AM,940.45,2,1880.9,112268380.75000007
2025-08-01 09:59:21 AM,940.05,15,14100.75,112282481.50000007
2025-08-01 09:59:23 AM,940.45,0,0.0,112282481.50000007
2025-08-01 09:59:24 AM,940.45,10,9404.5,112291886.00000007
2025-08-01 09:59:27 AM,940.7,0,0.0,112291886.00000007
2025-08-01 09:59:28 AM,940.7,6,5644.200000000001,112297530.20000008
2025-08-01 09:59:30 AM,940.9,13,12231.699999999999,112309761.90000008
2025-08-01 09:59:34 AM,940.9,10,9409.0,112319170.90000008
2025-08-01 09:59:39 AM,940.85,0,0.0,112319170.90000008
2025-08-01 09:59:40 AM,940.85,1,940.85,112320111.75000007
2025-08-01 09:59:43 AM,940.85,8,7526.8,112327638.55000007
2025-08-01 09:59:46 AM,941.0,10,9410.0,112337048.55000007
2025-08-01 09:59:52 AM,941.0,1,941.0,112337989.55000007
2025-08-01 09:59:53 AM,940.45,0,0.0,112337989.55000007
2025-08-01 09:59:55 AM,940.3,0,0.0,112337989.55000007
2025-08-01 09:59:55 AM,940.3,100,94030.0,112432019.55000007
2025-08-01 09:59:58 AM,940.75,0,0.0,112432019.55000007
2025-08-01 09:59:58 AM,940.75,40,37630.0,112469649.55000007
2025-08-01 10:00:01 AM,940.7,0,0.0,112469649.55000007
2025-08-01 10:00:01 AM,940.7,2,1881.4,112471530.95000008
2025-08-01 10:00:07 AM,940.65,0,0.0,112471530.95000008
2025-08-01 10:00:07 AM,940.6,18,16930.8,112488461.75000007
2025-08-01 10:00:11 AM,940.6,12,11287.2,112499748.95000008
2025-08-01 10:00:12 AM,940.7,0,0.0,112499748.95000008
2025-08-01 10:00:14 AM,940.7,53,49857.100000000006,112549606.05000007
2025-08-01 10:00:21 AM,940.7,1,940.7,112550546.75000007
2025-08-01 10:00:24 AM,940.2,1,940.2,112551486.95000008
2025-08-01 10:00:30 AM,940.2,14,13162.800000000001,112564649.75000007
2025-08-01 10:00:33 AM,940.1,28,26322.8,112590972.55000007
2025-08-01 10:00:38 AM,940.2,0,0.0,112590972.55000007
2025-08-01 10:00:40 AM,940.2,6,5641.200000000001,112596613.75000007
2025-08-01 10:00:43 AM,940.2,2,1880.4,112598494.15000008
2025-08-01 10:00:46 AM,939.5,1980,1860210.0,114458704.15000008
2025-08-01 10:00:49 AM,939.35,0,0.0,114458704.15000008
2025-08-01 10:00:49 AM,939.35,15,14090.25,114472794.40000008
2025-08-01 10:00:52 AM,939.35,10,9393.5,114482187.90000008
2025-08-01 10:00:55 AM,939.35,2,1878.7,114484066.60000008
2025-08-01 10:00:59 AM,939.6,55,51678.0,114535744.60000008
2025-08-01 10:01:01 AM,939.35,0,0.0,114535744.60000008
2025-08-01 10:01:02 AM,939.35,15,14090.25,114549834.85000008
2025-08-01 10:01:05 AM,938.4,3278,3076075.1999999997,117625910.05000009
2025-08-01 10:01:06 AM,938.7,0,0.0,117625910.05000009
2025-08-01 10:01:08 AM,938.7,6,5632.200000000001,117631542.25000009
2025-08-01 10:01:11 AM,939.4,121,113667.4,117745209.6500001
2025-08-01 10:01:14 AM,938.65,131,122963.15,117868172.8000001
2025-08-01 10:01:17 AM,939.45,0,0.0,117868172.8000001
2025-08-01 10:01:18 AM,939.0,0,0.0,117868172.8000001
2025-08-01 10:01:18 AM,939.0,22,20658.0,117888830.8000001
2025-08-01 10:01:24 AM,939.9,10,9399.0,117898229.8000001
2025-08-01 10:01:29 AM,939.85,0,0.0,117898229.8000001
2025-08-01 10:01:30 AM,940.1,0,0.0,117898229.8000001
2025-08-01 10:01:30 AM,940.1,2,1880.2,117900110.0000001
2025-08-01 10:01:32 AM,940.3,11,10343.3,117910453.3000001
2025-08-01 10:01:36 AM,940.05,20,18801.0,117929254.3000001
2025-08-01 10:01:37 AM,940.1,0,0.0,117929254.3000001
2025-08-01 10:01:38 AM,940.1,6,5640.6,117934894.9000001
2025-08-01 10:01:42 AM,940.05,0,0.0,117934894.9000001
2025-08-01 10:01:42 AM,940.05,3,2820.1499999999996,117937715.0500001
2025-08-01 10:01:44 AM,940.5,402,378081.0,118315796.0500001
2025-08-01 10:01:54 AM,939.75,0,0.0,118315796.0500001
2025-08-01 10:01:55 AM,939.75,43,40409.25,118356205.3000001
2025-08-01 10:01:58 AM,939.85,0,0.0,118356205.3000001
2025-08-01 10:02:01 AM,939.95,25,23498.75,118379704.0500001
2025-08-01 10:02:02 AM,940.0,0,0.0,118379704.0500001
2025-08-01 10:02:02 AM,940.7,16,15051.2,118394755.2500001
2025-08-01 10:02:07 AM,940.45,10,9404.5,118404159.7500001
2025-08-01 10:02:10 AM,940.85,0,0.0,118404159.7500001
2025-08-01 10:02:13 AM,940.85,500,470425.0,118874584.7500001
2025-08-01 10:02:15 AM,940.55,1,940.55,118875525.3000001
2025-08-01 10:02:17 AM,939.95,0,0.0,118875525.3000001
2025-08-01 10:02:20 AM,940.0,58,54520.0,118930045.3000001
2025-08-01 10:02:22 AM,940.0,15,14100.0,118944145.3000001
2025-08-01 10:02:26 AM,940.0,185,173900.0,119118045.3000001
2025-08-01 10:02:28 AM,940.4,1013,952625.2,120070670.5000001
2025-08-01 10:02:31 AM,940.45,0,0.0,120070670.5000001
2025-08-01 10:02:32 AM,940.5,39,36679.5,120107350.0000001
2025-08-01 10:02:35 AM,940.55,0,0.0,120107350.0000001
2025-08-01 10:02:39 AM,940.35,0,0.0,120107350.0000001
2025-08-01 10:02:39 AM,940.35,42,39494.700000000004,120146844.7000001
2025-08-01 10:02:44 AM,940.0,0,0.0,120146844.7000001
2025-08-01 10:02:45 AM,940.0,80,75200.0,120222044.7000001
2025-08-01 10:02:47 AM,940.0,23,21620.0,120243664.7000001
2025-08-01 10:02:52 AM,940.0,60,56400.0,120300064.7000001
2025-08-01 10:02:53 AM,940.0,1,940.0,120301004.7000001
2025-08-01 10:02:58 AM,940.0,32,30080.0,120331084.7000001
2025-08-01 10:03:00 AM,940.0,15,14100.0,120345184.7000001
2025-08-01 10:03:04 AM,940.0,7,6580.0,120351764.7000001
2025-08-01 10:03:06 AM,940.0,11,10340.0,120362104.7000001
2025-08-01 10:03:10 AM,939.8,102,95859.59999999999,120457964.3000001
2025-08-01 10:03:12 AM,939.75,1,939.75,120458904.0500001
2025-08-01 10:03:19 AM,939.75,16,15036.0,120473940.0500001
2025-08-01 10:03:21 AM,940.05,0,0.0,120473940.0500001
2025-08-01 10:03:24 AM,940.05,1194,1122419.7,121596359.7500001
2025-08-01 10:03:25 AM,940.4,0,0.0,121596359.7500001
2025-08-01 10:03:26 AM,940.4,10,9404.0,121605763.7500001
2025-08-01 10:03:29 AM,941.0,0,0.0,121605763.7500001
2025-08-01 10:03:30 AM,941.0,13,12233.0,121617996.7500001
2025-08-01 10:03:32 AM,940.05,360,338418.0,121956414.7500001
2025-08-01 10:03:37 AM,940.2,0,0.0,121956414.7500001
2025-08-01 10:03:37 AM,940.2,5,4701.0,121961115.7500001
2025-08-01 10:03:37 AM,940.8,0,0.0,121961115.7500001
2025-08-01 10:03:39 AM,940.75,3,2822.25,121963938.0000001
2025-08-01 10:03:43 AM,940.85,20,18817.0,121982755.0000001
2025-08-01 10:03:45 AM,940.9,0,0.0,121982755.0000001
2025-08-01 10:03:45 AM,940.9,2,1881.8,121984636.8000001
2025-08-01 10:03:51 AM,940.9,1,940.9,121985577.7000001
2025-08-01 10:03:55 AM,940.9,6,5645.4,121991223.10000011
2025-08-01 10:03:57 AM,940.95,0,0.0,121991223.10000011
2025-08-01 10:03:57 AM,940.95,2,1881.9,121993105.00000012
2025-08-01 10:04:01 AM,940.95,65,61161.75,122054266.75000012
2025-08-01 10:04:03 AM,940.8,1,940.8,122055207.55000012
2025-08-01 10:04:07 AM,940.8,2,1881.6,122057089.15000011
2025-08-01 10:04:13 AM,940.95,0,0.0,122057089.15000011
2025-08-01 10:04:14 AM,940.95,50,47047.5,122104136.65000011
2025-08-01 10:04:20 AM,940.9,152,143016.8,122247153.4500001
2025-08-01 10:04:21 AM,940.15,0,0.0,122247153.4500001
2025-08-01 10:04:22 AM,940.75,19,17874.25,122265027.7000001
2025-08-01 10:04:25 AM,940.8,0,0.0,122265027.7000001
2025-08-01 10:04:26 AM,940.8,2,1881.6,122266909.3000001
2025-08-01 10:04:29 AM,940.8,14,13171.199999999999,122280080.5000001
2025-08-01 10:04:33 AM,940.85,0,0.0,122280080.5000001
2025-08-01 10:04:33 AM,940.85,1,940.85,122281021.3500001
2025-08-01 10:04:38 AM,940.1,0,0.0,122281021.3500001
2025-08-01 10:04:38 AM,940.7,0,0.0,122281021.3500001
2025-08-01 10:04:39 AM,940.7,152,142986.4,122424007.7500001
2025-08-01 10:04:41 AM,940.65,1,940.65,122424948.40000011
2025-08-01 10:04:47 AM,940.65,1,940.65,122425889.05000012
2025-08-01 10:04:51 AM,940.7,0,0.0,122425889.05000012
2025-08-01 10:04:51 AM,940.7,2,1881.4,122427770.45000012
2025-08-01 10:04:57 AM,940.0,25,23500.0,122451270.45000012
2025-08-01 10:04:59 AM,940.6,0,0.0,122451270.45000012
2025-08-01 10:05:00 AM,940.45,15,14106.75,122465377.20000012
2025-08-01 10:05:04 AM,940.0,100,94000.0,122559377.20000012
2025-08-01 10:05:10 AM,940.0,4,3760.0,122563137.20000012
2025-08-01 10:05:12 AM,940.0,1,940.0,122564077.20000012
2025-08-01 10:05:14 AM,940.45,0,0.0,122564077.20000012
2025-08-01 10:05:16 AM,940.45,23,21630.350000000002,122585707.55000012
2025-08-01 10:05:22 AM,940.45,2,1880.9,122587588.45000012
2025-08-01 10:05:28 AM,940.5,148,139194.0,122726782.45000012
2025-08-01 10:05:30 AM,940.45,0,0.0,122726782.45000012
2025-08-01 10:05:31 AM,940.45,16,15047.2,122741829.65000013
2025-08-01 10:05:35 AM,940.45,100,94045.0,122835874.65000013
2025-08-01 10:05:37 AM,940.0,489,459660.0,123295534.65000013
2025-08-01 10:05:43 AM,940.0,1,940.0,123296474.65000013
2025-08-01 10:05:49 AM,940.0,5,4700.0,123301174.65000013
2025-08-01 10:05:51 AM,939.9,0,0.0,123301174.65000013
2025-08-01 10:05:52 AM,940.15,281,264182.14999999997,123565356.80000013
2025-08-01 10:05:55 AM,940.15,2,1880.3,123567237.10000013
2025-08-01 10:05:57 AM,939.8,0,0.0,123567237.10000013
2025-08-01 10:05:58 AM,939.8,18,16916.399999999998,123584153.50000013
2025-08-01 10:06:00 AM,940.0,0,0.0,123584153.50000013
2025-08-01 10:06:01 AM,940.0,90,84600.0,123668753.50000013
2025-08-01 10:06:10 AM,940.45,3,2821.3500000000004,123671574.85000013
2025-08-01 10:06:16 AM,940.15,5,4700.75,123676275.60000013
2025-08-01 10:06:23 AM,940.4,0,0.0,123676275.60000013
2025-08-01 10:06:25 AM,940.4,1,940.4,123677216.00000013
2025-08-01 10:06:28 AM,940.1,68,63926.8,123741142.80000013
2025-08-01 10:06:32 AM,939.05,0,0.0,123741142.80000013
2025-08-01 10:06:34 AM,939.0,577,541803.0,124282945.80000013
2025-08-01 10:06:36 AM,939.0,13,12207.0,124295152.80000013
2025-08-01 10:06:42 AM,940.0,1000,940000.0,125235152.80000013
2025-08-01 10:06:48 AM,939.0,42,39438.0,125274590.80000013
2025-08-01 10:06:52 AM,939.55,28,26307.399999999998,125300898.20000014
2025-08-01 10:06:59 AM,939.15,554,520289.1,125821187.30000013
2025-08-01 10:07:00 AM,938.8,0,0.0,125821187.30000013
2025-08-01 10:07:01 AM,939.3,89,83597.7,125904785.00000013
2025-08-01 10:07:07 AM,939.05,1,939.05,125905724.05000013
2025-08-01 10:07:10 AM,939.0,0,0.0,125905724.05000013
2025-08-01 10:07:11 AM,939.4,104,97697.59999999999,126003421.65000013
2025-08-01 10:07:15 AM,939.55,0,0.0,126003421.65000013
2025-08-01 10:07:17 AM,939.15,526,493992.89999999997,126497414.55000013
2025-08-01 10:07:24 AM,939.95,28,26318.600000000002,126523733.15000013
2025-08-01 10:07:25 AM,939.25,136,127738.0,126651471.15000013
2025-08-01 10:07:29 AM,940.0,0,0.0,126651471.15000013
2025-08-01 10:07:30 AM,940.0,14,13160.0,126664631.15000013
2025-08-01 10:07:32 AM,939.2,100,93920.0,126758551.15000013
2025-08-01 10:07:33 AM,939.1,0,0.0,126758551.15000013
2025-08-01 10:07:36 AM,939.1,137,128656.7,126887207.85000013
2025-08-01 10:07:42 AM,939.9,0,0.0,126887207.85000013
2025-08-01 10:07:42 AM,939.9,47,44175.299999999996,126931383.15000013
2025-08-01 10:07:44 AM,940.0,125,117500.0,127048883.15000013
2025-08-01 10:07:47 AM,939.8,0,0.0,127048883.15000013
2025-08-01 10:07:47 AM,939.75,0,0.0,127048883.15000013
2025-08-01 10:07:48 AM,939.9,250,234975.0,127283858.15000013
2025-08-01 10:07:50 AM,939.9,12,11278.8,127295136.95000012
2025-08-01 10:08:00 AM,939.8,34,31953.199999999997,127327090.15000013
2025-08-01 10:08:06 AM,939.75,0,0.0,127327090.15000013
2025-08-01 10:08:07 AM,939.75,20,18795.0,127345885.15000013
2025-08-01 10:08:08 AM,939.2,13,12209.6,127358094.75000012
2025-08-01 10:08:11 AM,939.05,0,0.0,127358094.75000012
2025-08-01 10:08:13 AM,939.05,216,202834.8,127560929.55000012
2025-08-01 10:08:17 AM,939.55,0,0.0,127560929.55000012
2025-08-01 10:08:19 AM,939.55,5,4697.75,127565627.30000012
2025-08-01 10:08:20 AM,938.7,0,0.0,127565627.30000012
2025-08-01 10:08:21 AM,938.7,70,65709.0,127631336.30000012
2025-08-01 10:08:25 AM,939.5,1,939.5,127632275.80000012
2025-08-01 10:08:27 AM,939.65,0,0.0,127632275.80000012
2025-08-01 10:08:27 AM,939.65,2,1879.3,127634155.10000011
2025-08-01 10:08:29 AM,939.7,0,0.0,127634155.10000011
2025-08-01 10:08:31 AM,939.45,28,26304.600000000002,127660459.7000001
2025-08-01 10:08:32 AM,938.35,0,0.0,127660459.7000001
2025-08-01 10:08:33 AM,939.4,0,0.0,127660459.7000001
2025-08-01 10:08:33 AM,939.4,1001,940339.4,128600799.10000011
2025-08-01 10:08:35 AM,939.45,0,0.0,128600799.10000011
2025-08-01 10:08:37 AM,939.45,11,10333.95,128611133.05000012
2025-08-01 10:08:38 AM,939.4,0,0.0,128611133.05000012
2025-08-01 10:08:39 AM,939.35,0,0.0,128611133.05000012
2025-08-01 10:08:39 AM,939.0,7,6573.0,128617706.05000012
2025-08-01 10:08:41 AM,939.35,0,0.0,128617706.05000012
2025-08-01 10:08:42 AM,939.45,0,0.0,128617706.05000012
2025-08-01 10:08:43 AM,939.45,4,3757.8,128621463.85000011
2025-08-01 10:08:49 AM,939.45,100,93945.0,128715408.85000011
2025-08-01 10:08:55 AM,939.45,2,1878.9,128717287.75000012
2025-08-01 10:08:57 AM,939.35,5,4696.75,128721984.50000012
2025-08-01 10:08:59 AM,939.5,0,0.0,128721984.50000012
2025-08-01 10:09:01 AM,939.5,29,27245.5,128749230.00000012
2025-08-01 10:09:07 AM,939.5,14,13153.0,128762383.00000012
2025-08-01 10:09:08 AM,939.5,21,19729.5,128782112.50000012
2025-08-01 10:09:14 AM,939.5,7,6576.5,128788689.00000012
2025-08-01 10:09:20 AM,939.95,2,1879.9,128790568.90000013
2025-08-01 10:09:23 AM,939.5,0,0.0,128790568.90000013
2025-08-01 10:09:24 AM,939.9,0,0.0,128790568.90000013
2025-08-01 10:09:25 AM,939.9,22,20677.8,128811246.70000012
2025-08-01 10:09:29 AM,939.95,0,0.0,128811246.70000012
2025-08-01 10:09:30 AM,939.5,0,0.0,128811246.70000012
2025-08-01 10:09:30 AM,939.5,171,160654.5,128971901.20000012
2025-08-01 10:09:32 AM,939.35,5,4696.75,128976597.95000012
2025-08-01 10:09:35 AM,939.45,0,0.0,128976597.95000012
2025-08-01 10:09:36 AM,939.45,1,939.45,128977537.40000013
2025-08-01 10:09:41 AM,939.35,0,0.0,128977537.40000013
2025-08-01 10:09:42 AM,939.35,1,939.35,128978476.75000012
2025-08-01 10:09:44 AM,939.4,18,16909.2,128995385.95000012
2025-08-01 10:09:50 AM,939.5,0,0.0,128995385.95000012
2025-08-01 10:09:53 AM,939.5,17,15971.5,129011357.45000012
2025-08-01 10:09:55 AM,939.5,10,9395.0,129020752.45000012
2025-08-01 10:09:59 AM,939.5,44,41338.0,129062090.45000012
2025-08-01 10:10:01 AM,939.5,1,939.5,129063029.95000012
2025-08-01 10:10:05 AM,939.5,3,2818.5,129065848.45000012
2025-08-01 10:10:11 AM,939.35,65,61057.75,129126906.20000012
2025-08-01 10:10:15 AM,939.0,0,0.0,129126906.20000012
2025-08-01 10:10:16 AM,938.95,135,126758.25,129253664.45000012
2025-08-01 10:10:24 AM,938.75,10,9387.5,129263051.95000012
2025-08-01 10:10:28 AM,938.75,20,18775.0,129281826.95000012
2025-08-01 10:10:34 AM,938.75,1,938.75,129282765.70000012
2025-08-01 10:10:35 AM,938.35,0,0.0,129282765.70000012
2025-08-01 10:10:36 AM,938.35,30,28150.5,129310916.20000012
2025-08-01 10:10:38 AM,938.7,0,0.0,129310916.20000012
2025-08-01 10:10:40 AM,938.3,734,688712.2,129999628.40000013
2025-08-01 10:10:41 AM,938.7,0,0.0,129999628.40000013
2025-08-01 10:10:42 AM,938.7,1,938.7,130000567.10000013
2025-08-01 10:10:44 AM,938.3,0,0.0,130000567.10000013
2025-08-01 10:10:47 AM,938.7,31,29099.7,130029666.80000013
2025-08-01 10:10:48 AM,938.7,2,1877.4,130031544.20000014
2025-08-01 10:10:53 AM,939.0,57,53523.0,130085067.20000014
2025-08-01 10:10:58 AM,939.0,16,15024.0,130100091.20000014
2025-08-01 10:11:04 AM,939.5,45,42277.5,130142368.70000014
2025-08-01 10:11:27 AM,938.75,169,158648.75,130301017.45000014
2025-08-01 10:11:29 AM,939.5,0,0.0,130301017.45000014
2025-08-01 10:11:29 AM,939.5,163,153138.5,130454155.95000014
2025-08-01 10:11:32 AM,938.95,0,0.0,130454155.95000014
2025-08-01 10:11:33 AM,938.95,2,1877.9,130456033.85000014
2025-08-01 10:11:34 AM,939.45,10,9394.5,130465428.35000014
2025-08-01 10:11:35 AM,939.5,0,0.0,130465428.35000014
2025-08-01 10:11:39 AM,939.5,560,526120.0,130991548.35000014
2025-08-01 10:11:46 AM,939.5,5,4697.5,130996245.85000014
2025-08-01 10:11:51 AM,939.5,18,16911.0,131013156.85000014
2025-08-01 10:11:57 AM,939.5,1,939.5,131014096.35000014
2025-08-01 10:11:58 AM,939.5,15,14092.5,131028188.85000014
2025-08-01 10:12:10 AM,939.5,1,939.5,131029128.35000014
2025-08-01 10:12:14 AM,939.5,99,93010.5,131122138.85000014
2025-08-01 10:12:17 AM,939.8,0,0.0,131122138.85000014
2025-08-01 10:12:20 AM,940.0,7,6580.0,131128718.85000014
2025-08-01 10:12:32 AM,940.5,0,0.0,131128718.85000014
2025-08-01 10:12:32 AM,940.5,1116,1049598.0,132178316.85000014
2025-08-01 10:12:37 AM,940.45,1,940.45,132179257.30000015
2025-08-01 10:12:43 AM,940.5,1,940.5,132180197.80000015
2025-08-01 10:12:49 AM,940.45,2,1880.9,132182078.70000015
2025-08-01 10:12:55 AM,940.45,1,940.45,132183019.15000015
2025-08-01 10:12:59 AM,940.4,0,0.0,132183019.15000015
2025-08-01 10:13:00 AM,940.4,65,61126.0,132244145.15000015
2025-08-01 10:13:02 AM,939.8,0,0.0,132244145.15000015
2025-08-01 10:13:05 AM,940.25,0,0.0,132244145.15000015
2025-08-01 10:13:06 AM,940.25,52,48893.0,132293038.15000015
2025-08-01 10:13:07 AM,940.3,10,9403.0,132302441.15000015
2025-08-01 10:13:12 AM,940.3,6,5641.799999999999,132308082.95000015
2025-08-01 10:13:17 AM,940.35,0,0.0,132308082.95000015
2025-08-01 10:13:18 AM,940.35,67,63003.450000000004,132371086.40000015
2025-08-01 10:13:25 AM,940.45,1,940.45,132372026.85000016
2025-08-01 10:13:29 AM,940.35,0,0.0,132372026.85000016
2025-08-01 10:13:30 AM,940.35,84,78989.40000000001,132451016.25000016
2025-08-01 10:13:42 AM,940.35,2,1880.7,132452896.95000017
2025-08-01 10:13:43 AM,940.35,2,1880.7,132454777.65000017
2025-08-01 10:13:47 AM,940.0,0,0.0,132454777.65000017
2025-08-01 10:13:48 AM,940.0,9,8460.0,132463237.65000017
2025-08-01 10:13:54 AM,940.0,22,20680.0,132483917.65000017
2025-08-01 10:14:00 AM,940.0,22,20680.0,132504597.65000017
2025-08-01 10:14:11 AM,939.8,0,0.0,132504597.65000017
2025-08-01 10:14:11 AM,939.8,23,21615.399999999998,132526213.05000018
2025-08-01 10:14:14 AM,940.0,0,0.0,132526213.05000018
2025-08-01 10:14:17 AM,940.0,5,4700.0,132530913.05000018
2025-08-01 10:14:23 AM,940.0,1,940.0,132531853.05000018
2025-08-01 10:14:28 AM,940.0,23,21620.0,132553473.05000018
2025-08-01 10:14:34 AM,940.0,1,940.0,132554413.05000018
2025-08-01 10:14:35 AM,940.0,1,940.0,132555353.05000018
2025-08-01 10:14:46 AM,940.0,3,2820.0,132558173.05000018
2025-08-01 10:14:49 AM,939.8,0,0.0,132558173.05000018
2025-08-01 10:14:51 AM,940.0,0,0.0,132558173.05000018
2025-08-01 10:14:51 AM,940.0,340,319600.0,132877773.05000018
2025-08-01 10:14:53 AM,939.8,0,0.0,132877773.05000018
2025-08-01 10:14:53 AM,939.8,25,23495.0,132901268.05000018
2025-08-01 10:14:57 AM,940.0,0,0.0,132901268.05000018
2025-08-01 10:14:57 AM,940.0,16,15040.0,132916308.05000018
2025-08-01 10:14:58 AM,940.0,26,24440.0,132940748.05000018
2025-08-01 10:15:03 AM,939.9,10,9399.0,132950147.05000018
2025-08-01 10:15:09 AM,939.9,1,939.9,132951086.95000018
2025-08-01 10:15:09 AM,939.8,67,62966.6,133014053.55000018
2025-08-01 10:15:11 AM,939.9,0,0.0,133014053.55000018
2025-08-01 10:15:14 AM,939.2,0,0.0,133014053.55000018
2025-08-01 10:15:15 AM,939.2,501,470539.2,133484592.75000018
2025-08-01 10:15:28 AM,939.55,13,12214.15,133496806.90000018
2025-08-01 10:15:33 AM,939.55,2,1879.1,133498686.00000018
2025-08-01 10:15:38 AM,939.05,0,0.0,133498686.00000018
2025-08-01 10:15:39 AM,939.05,53,49769.649999999994,133548455.65000018
2025-08-01 10:15:41 AM,939.5,0,0.0,133548455.65000018
2025-08-01 10:15:43 AM,939.55,0,0.0,133548455.65000018
2025-08-01 10:15:45 AM,939.55,5,4697.75,133553153.40000018
2025-08-01 10:15:49 AM,938.8,0,0.0,133553153.40000018
2025-08-01 10:15:51 AM,938.8,1020,957576.0,134510729.40000018
2025-08-01 10:15:56 AM,939.2,0,0.0,134510729.40000018
2025-08-01 10:15:57 AM,939.2,3,2817.6000000000004,134513547.00000018
2025-08-01 10:15:59 AM,939.5,0,0.0,134513547.00000018
2025-08-01 10:16:03 AM,939.5,14,13153.0,134526700.00000018
2025-08-01 10:16:07 AM,939.6,0,0.0,134526700.00000018
2025-08-01 10:16:08 AM,939.55,0,0.0,134526700.00000018
2025-08-01 10:16:08 AM,939.55,161,151267.55,134677967.5500002
2025-08-01 10:16:13 AM,939.6,0,0.0,134677967.5500002
2025-08-01 10:16:14 AM,939.6,10,9396.0,134687363.5500002
2025-08-01 10:16:16 AM,939.55,0,0.0,134687363.5500002
2025-08-01 10:16:20 AM,939.55,4,3758.2,134691121.75000018
2025-08-01 10:16:28 AM,939.7,0,0.0,134691121.75000018
2025-08-01 10:16:32 AM,939.7,54,50743.8,134741865.5500002
2025-08-01 10:16:35 AM,939.9,0,0.0,134741865.5500002
2025-08-01 10:16:38 AM,939.9,7,6579.3,134748444.8500002
2025-08-01 10:16:41 AM,939.2,0,0.0,134748444.8500002
2025-08-01 10:16:43 AM,939.2,197,185022.40000000002,134933467.2500002
2025-08-01 10:16:46 AM,939.85,0,0.0,134933467.2500002
2025-08-01 10:16:49 AM,939.85,1,939.85,134934407.1000002
2025-08-01 10:16:58 AM,939.8,0,0.0,134934407.1000002
2025-08-01 10:17:00 AM,939.8,14,13157.199999999999,134947564.3000002
2025-08-01 10:17:05 AM,939.8,20,18796.0,134966360.3000002
2025-08-01 10:17:10 AM,939.9,0,0.0,134966360.3000002
2025-08-01 10:17:11 AM,939.9,6,5639.4,134971999.7000002
2025-08-01 10:17:17 AM,939.8,0,0.0,134971999.7000002
2025-08-01 10:17:17 AM,939.8,8,7518.4,134979518.1000002
2025-08-01 10:17:23 AM,939.5,0,0.0,134979518.1000002
2025-08-01 10:17:23 AM,939.5,46,43217.0,135022735.1000002
2025-08-01 10:17:28 AM,939.9,0,0.0,135022735.1000002
2025-08-01 10:17:29 AM,939.9,23,21617.7,135044352.8000002
2025-08-01 10:17:34 AM,939.9,5,4699.5,135049052.3000002
2025-08-01 10:17:40 AM,939.85,23,21616.55,135070668.8500002
2025-08-01 10:17:43 AM,940.0,0,0.0,135070668.8500002
2025-08-01 10:17:46 AM,940.0,15,14100.0,135084768.8500002
2025-08-01 10:17:52 AM,940.0,1,940.0,135085708.8500002
2025-08-01 10:17:55 AM,939.8,0,0.0,135085708.8500002
2025-08-01 10:17:58 AM,939.55,0,0.0,135085708.8500002
2025-08-01 10:17:58 AM,939.55,2782,2613828.1,137699536.9500002
2025-08-01 10:17:59 AM,939.5,0,0.0,137699536.9500002
2025-08-01 10:18:03 AM,939.5,3,2818.5,137702355.4500002
2025-08-01 10:18:07 AM,939.9,0,0.0,137702355.4500002
2025-08-01 10:18:09 AM,939.9,300,281970.0,137984325.4500002
2025-08-01 10:18:15 AM,939.65,1,939.65,137985265.1000002
2025-08-01 10:18:21 AM,939.65,10,9396.5,137994661.6000002
2025-08-01 10:18:32 AM,939.65,13,12215.449999999999,138006877.0500002
2025-08-01 10:18:37 AM,939.6,0,0.0,138006877.0500002
2025-08-01 10:18:38 AM,939.6,2,1879.2,138008756.25000018
2025-08-01 10:18:43 AM,939.85,0,0.0,138008756.25000018
2025-08-01 10:18:44 AM,939.85,1,939.85,138009696.10000017
2025-08-01 10:18:48 AM,940.0,0,0.0,138009696.10000017
2025-08-01 10:18:50 AM,940.0,1,940.0,138010636.10000017
2025-08-01 10:18:57 AM,940.05,0,0.0,138010636.10000017
2025-08-01 10:18:58 AM,940.1,0,0.0,138010636.10000017
2025-08-01 10:19:01 AM,940.1,22,20682.2,138031318.30000016
2025-08-01 10:19:04 AM,940.2,0,0.0,138031318.30000016
2025-08-01 10:19:07 AM,940.2,1,940.2,138032258.50000015
2025-08-01 10:19:13 AM,940.45,7,6583.150000000001,138038841.65000015
2025-08-01 10:19:13 AM,939.85,20,18797.0,138057638.65000015
2025-08-01 10:19:21 AM,940.6,0,0.0,138057638.65000015
2025-08-01 10:19:21 AM,940.05,0,0.0,138057638.65000015
2025-08-01 10:19:24 AM,940.05,354,332777.7,138390416.35000014
2025-08-01 10:19:25 AM,940.0,17,15980.0,138406396.35000014
2025-08-01 10:19:27 AM,940.55,0,0.0,138406396.35000014
2025-08-01 10:19:30 AM,940.55,23,21632.649999999998,138428029.00000015
2025-08-01 10:19:36 AM,940.0,10,9400.0,138437429.00000015
2025-08-01 10:19:36 AM,940.5,3,2821.5,138440250.50000015
2025-08-01 10:19:41 AM,940.5,10,9405.0,138449655.50000015
2025-08-01 10:19:47 AM,940.5,21,19750.5,138469406.00000015
2025-08-01 10:19:51 AM,940.9,0,0.0,138469406.00000015
2025-08-01 10:19:53 AM,940.85,111,104434.35,138573840.35000014
2025-08-01 10:19:57 AM,940.95,0,0.0,138573840.35000014
2025-08-01 10:19:58 AM,941.0,50,47050.0,138620890.35000014
2025-08-01 10:20:03 AM,940.85,1,940.85,138621831.20000014
2025-08-01 10:20:06 AM,940.9,0,0.0,138621831.20000014
2025-08-01 10:20:09 AM,940.9,1,940.9,138622772.10000014
2025-08-01 10:20:21 AM,940.9,1,940.9,138623713.00000015
2025-08-01 10:20:22 AM,940.9,1,940.9,138624653.90000015
2025-08-01 10:20:26 AM,940.2,0,0.0,138624653.90000015
2025-08-01 10:20:26 AM,940.2,10,9402.0,138634055.90000015
2025-08-01 10:20:28 AM,940.8,0,0.0,138634055.90000015
2025-08-01 10:20:28 AM,940.8,13,12230.4,138646286.30000016
2025-08-01 10:20:32 AM,940.75,0,0.0,138646286.30000016
2025-08-01 10:20:32 AM,940.75,7,6585.25,138652871.55000016
2025-08-01 10:20:34 AM,940.85,1,940.85,138653812.40000015
2025-08-01 10:20:38 AM,940.85,1,940.85,138654753.25000015
2025-08-01 10:20:40 AM,940.75,11,10348.25,138665101.50000015
2025-08-01 10:20:44 AM,940.55,0,0.0,138665101.50000015
2025-08-01 10:20:45 AM,940.55,12,11286.599999999999,138676388.10000014
2025-08-01 10:20:46 AM,940.7,101,95010.70000000001,138771398.80000013
2025-08-01 10:20:52 AM,940.65,10,9406.5,138780805.30000013
2025-08-01 10:20:56 AM,940.65,1,940.65,138781745.95000014
2025-08-01 10:20:58 AM,940.65,15,14109.75,138795855.70000014
2025-08-01 10:21:02 AM,941.25,852,801945.0,139597800.70000014
2025-08-01 10:21:04 AM,941.8,2,1883.6,139599684.30000013
2025-08-01 10:21:17 AM,942.1,0,0.0,139599684.30000013
2025-08-01 10:21:19 AM,942.1,5,4710.5,139604394.80000013
2025-08-01 10:21:23 AM,942.65,0,0.0,139604394.80000013
2025-08-01 10:21:24 AM,942.65,695,655141.75,140259536.55000013
2025-08-01 10:21:25 AM,943.0,0,0.0,140259536.55000013
2025-08-01 10:21:26 AM,942.95,1047,987268.65,141246805.20000014
2025-08-01 10:21:27 AM,943.3,0,0.0,141246805.20000014
2025-08-01 10:21:29 AM,942.8,0,0.0,141246805.20000014
2025-08-01 10:21:29 AM,942.1,815,767811.5,142014616.70000014
2025-08-01 10:21:35 AM,943.0,0,0.0,142014616.70000014
2025-08-01 10:21:35 AM,943.0,2500,2357500.0,144372116.70000014
2025-08-01 10:21:40 AM,942.5,1,942.5,144373059.20000014
2025-08-01 10:21:46 AM,942.5,6,5655.0,144378714.20000014
2025-08-01 10:21:50 AM,942.3,0,0.0,144378714.20000014
2025-08-01 10:21:52 AM,942.3,10,9423.0,144388137.20000014
2025-08-01 10:21:53 AM,942.45,0,0.0,144388137.20000014
2025-08-01 10:21:54 AM,942.45,25,23561.25,144411698.45000014
2025-08-01 10:21:58 AM,942.65,14,13197.1,144424895.55000013
2025-08-01 10:22:00 AM,942.75,19,17912.25,144442807.80000013
2025-08-01 10:22:02 AM,942.3,0,0.0,144442807.80000013
2025-08-01 10:22:03 AM,942.3,250,235575.0,144678382.80000013
2025-08-01 10:22:08 AM,943.0,0,0.0,144678382.80000013
2025-08-01 10:22:09 AM,943.0,2,1886.0,144680268.80000013
2025-08-01 10:22:11 AM,943.1,5,4715.5,144684984.30000013
2025-08-01 10:22:14 AM,942.4,0,0.0,144684984.30000013
2025-08-01 10:22:15 AM,942.4,3,2827.2,144687811.50000012
2025-08-01 10:22:16 AM,943.05,3,2829.1499999999996,144690640.65000013
2025-08-01 10:22:21 AM,943.05,7,6601.349999999999,144697242.00000012
2025-08-01 10:22:27 AM,943.05,1,943.05,144698185.05000013
2025-08-01 10:22:29 AM,943.05,14,13202.699999999999,144711387.75000012
2025-08-01 10:22:32 AM,943.5,0,0.0,144711387.75000012
2025-08-01 10:22:32 AM,943.5,300,283050.0,144994437.75000012
2025-08-01 10:22:40 AM,943.35,35,33017.25,145027455.00000012
2025-08-01 10:22:41 AM,943.3,0,0.0,145027455.00000012
2025-08-01 10:22:43 AM,942.7,12,11312.400000000001,145038767.40000013
2025-08-01 10:22:50 AM,943.15,0,0.0,145038767.40000013
2025-08-01 10:22:51 AM,943.15,1,943.15,145039710.55000013
2025-08-01 10:22:56 AM,943.2,1,943.2,145040653.75000012
2025-08-01 10:22:59 AM,943.25,0,0.0,145040653.75000012
2025-08-01 10:22:59 AM,943.15,29,27351.35,145068005.1000001
2025-08-01 10:23:04 AM,943.4,0,0.0,145068005.1000001
2025-08-01 10:23:05 AM,943.5,0,0.0,145068005.1000001
2025-08-01 10:23:05 AM,943.5,13,12265.5,145080270.6000001
2025-08-01 10:23:07 AM,943.45,0,0.0,145080270.6000001
2025-08-01 10:23:08 AM,943.45,1,943.45,145081214.0500001
2025-08-01 10:23:11 AM,943.6,0,0.0,145081214.0500001
2025-08-01 10:23:11 AM,943.6,69,65108.4,145146322.4500001
2025-08-01 10:23:14 AM,943.55,0,0.0,145146322.4500001
2025-08-01 10:23:14 AM,943.55,2,1887.1,145148209.5500001
2025-08-01 10:23:16 AM,942.85,0,0.0,145148209.5500001
2025-08-01 10:23:17 AM,942.85,5,4714.25,145152923.8000001
2025-08-01 10:23:22 AM,943.15,1,943.15,145153866.9500001
2025-08-01 10:23:28 AM,943.05,0,0.0,145153866.9500001
2025-08-01 10:23:28 AM,943.05,13,12259.65,145166126.6000001
2025-08-01 10:23:31 AM,943.2,0,0.0,145166126.6000001
2025-08-01 10:23:31 AM,943.2,3,2829.6000000000004,145168956.2000001
2025-08-01 10:23:34 AM,943.25,0,0.0,145168956.2000001
2025-08-01 10:23:37 AM,943.25,28,26411.0,145195367.2000001
2025-08-01 10:23:41 AM,943.15,0,0.0,145195367.2000001
2025-08-01 10:23:43 AM,943.15,5,4715.75,145200082.9500001
2025-08-01 10:23:58 AM,942.85,0,0.0,145200082.9500001
2025-08-01 10:23:59 AM,942.85,119,112199.15000000001,145312282.1000001
2025-08-01 10:24:01 AM,943.0,0,0.0,145312282.1000001
2025-08-01 10:24:01 AM,943.0,5,4715.0,145316997.1000001
2025-08-01 10:24:07 AM,942.95,1,942.95,145317940.0500001
2025-08-01 10:24:08 AM,943.0,0,0.0,145317940.0500001
2025-08-01 10:24:11 AM,943.0,100,94300.0,145412240.0500001
2025-08-01 10:24:12 AM,942.3,38,35807.4,145448047.4500001
2025-08-01 10:24:13 AM,942.95,0,0.0,145448047.4500001
2025-08-01 10:24:16 AM,942.95,1,942.95,145448990.4000001
2025-08-01 10:24:17 AM,943.0,0,0.0,145448990.4000001
2025-08-01 10:24:18 AM,943.0,1,943.0,145449933.4000001
2025-08-01 10:24:21 AM,942.95,2,1885.9,145451819.3000001
2025-08-01 10:24:23 AM,943.0,0,0.0,145451819.3000001
2025-08-01 10:24:23 AM,943.0,1,943.0,145452762.3000001
2025-08-01 10:24:27 AM,943.0,1,943.0,145453705.3000001
2025-08-01 10:24:29 AM,943.0,15,14145.0,145467850.3000001
2025-08-01 10:24:34 AM,942.85,0,0.0,145467850.3000001
2025-08-01 10:24:34 AM,942.85,10,9428.5,145477278.8000001
2025-08-01 10:24:40 AM,943.0,50,47150.0,145524428.8000001
2025-08-01 10:24:43 AM,943.0,20,18860.0,145543288.8000001
2025-08-01 10:24:52 AM,942.95,0,0.0,145543288.8000001
2025-08-01 10:24:54 AM,942.95,1,942.95,145544231.7500001
2025-08-01 10:24:56 AM,942.15,0,0.0,145544231.7500001
2025-08-01 10:24:56 AM,942.95,75,70721.25,145614953.0000001
2025-08-01 10:24:58 AM,943.0,0,0.0,145614953.0000001
2025-08-01 10:24:59 AM,943.0,14,13202.0,145628155.0000001
2025-08-01 10:25:00 AM,942.35,0,0.0,145628155.0000001
2025-08-01 10:25:02 AM,942.8,0,0.0,145628155.0000001
2025-08-01 10:25:02 AM,942.8,32,30169.6,145658324.60000008
2025-08-01 10:25:08 AM,942.9,0,0.0,145658324.60000008
2025-08-01 10:25:08 AM,942.9,1,942.9,145659267.5000001
2025-08-01 10:25:23 AM,942.0,0,0.0,145659267.5000001
2025-08-01 10:25:23 AM,942.0,100,94200.0,145753467.5000001
2025-08-01 10:25:29 AM,942.55,0,0.0,145753467.5000001
2025-08-01 10:25:29 AM,942.55,15,14138.25,145767605.7500001
2025-08-01 10:25:39 AM,942.6,0,0.0,145767605.7500001
2025-08-01 10:25:40 AM,942.6,21,19794.600000000002,145787400.35000008
2025-08-01 10:25:42 AM,942.75,0,0.0,145787400.35000008
2025-08-01 10:25:42 AM,942.75,1,942.75,145788343.10000008
2025-08-01 10:25:45 AM,942.95,0,0.0,145788343.10000008
2025-08-01 10:25:45 AM,942.95,50,47147.5,145835490.60000008
2025-08-01 10:25:51 AM,942.95,9,8486.550000000001,145843977.1500001
2025-08-01 10:25:56 AM,942.95,1,942.95,145844920.10000008
2025-08-01 10:25:57 AM,943.0,0,0.0,145844920.10000008
2025-08-01 10:25:58 AM,943.0,149,140507.0,145985427.10000008
2025-08-01 10:26:05 AM,943.5,0,0.0,145985427.10000008
2025-08-01 10:26:07 AM,943.15,396,373487.39999999997,146358914.5000001
2025-08-01 10:26:09 AM,943.5,0,0.0,146358914.5000001
2025-08-01 10:26:09 AM,943.5,100,94350.0,146453264.5000001
2025-08-01 10:26:15 AM,943.5,1,943.5,146454208.0000001
2025-08-01 10:26:20 AM,943.5,99,93406.5,146547614.5000001
2025-08-01 10:26:24 AM,943.5,292,275502.0,146823116.5000001
2025-08-01 10:26:26 AM,943.85,0,0.0,146823116.5000001
2025-08-01 10:26:26 AM,943.85,54,50967.9,146874084.4000001
2025-08-01 10:26:29 AM,944.1,0,0.0,146874084.4000001
2025-08-01 10:26:30 AM,944.1,502,473938.2,147348022.60000008
2025-08-01 10:26:32 AM,944.3,1,944.3,147348966.9000001
2025-08-01 10:26:35 AM,944.0,0,0.0,147348966.9000001
2025-08-01 10:26:36 AM,944.0,511,482384.0,147831350.9000001
2025-08-01 10:26:39 AM,944.1,0,0.0,147831350.9000001
2025-08-01 10:26:41 AM,944.1,5,4720.5,147836071.4000001
2025-08-01 10:26:44 AM,944.1,1,944.1,147837015.5000001
2025-08-01 10:26:48 AM,944.0,0,0.0,147837015.5000001
2025-08-01 10:26:50 AM,944.0,50,47200.0,147884215.5000001
2025-08-01 10:26:53 AM,944.35,0,0.0,147884215.5000001
2025-08-01 10:26:53 AM,944.35,51,48161.85,147932377.35000008
2025-08-01 10:26:59 AM,944.55,0,0.0,147932377.35000008
2025-08-01 10:26:59 AM,944.55,116,109567.79999999999,148041945.1500001
2025-08-01 10:27:04 AM,944.55,19,17946.45,148059891.60000008
2025-08-01 10:27:10 AM,944.85,501,473369.85000000003,148533261.45000008
2025-08-01 10:27:21 AM,944.95,25,23623.75,148556885.20000008
2025-08-01 10:27:23 AM,944.9,0,0.0,148556885.20000008
2025-08-01 10:27:24 AM,944.9,12,11338.8,148568224.0000001
2025-08-01 10:27:29 AM,944.95,0,0.0,148568224.0000001
2025-08-01 10:27:30 AM,944.95,13,12284.35,148580508.35000008
2025-08-01 10:27:32 AM,945.0,0,0.0,148580508.35000008
2025-08-01 10:27:32 AM,945.0,162,153090.0,148733598.35000008
2025-08-01 10:27:35 AM,945.0,7,6615.0,148740213.35000008
2025-08-01 10:27:37 AM,945.0,125,118125.0,148858338.35000008
2025-08-01 10:27:42 AM,944.55,0,0.0,148858338.35000008
2025-08-01 10:27:43 AM,944.95,505,477199.75,149335538.10000008
2025-08-01 10:27:46 AM,944.95,2,1889.9,149337428.0000001
2025-08-01 10:27:48 AM,944.05,500,472025.0,149809453.0000001
2025-08-01 10:27:57 AM,944.05,411,388004.55,150197457.5500001
2025-08-01 10:27:59 AM,944.05,652,615520.6,150812978.1500001
2025-08-01 10:28:03 AM,944.3,0,0.0,150812978.1500001
2025-08-01 10:28:04 AM,944.3,10,9443.0,150822421.1500001
2025-08-01 10:28:07 AM,944.85,0,0.0,150822421.1500001
2025-08-01 10:28:07 AM,944.85,2,1889.7,150824310.85000008
2025-08-01 10:28:10 AM,944.85,5,4724.25,150829035.10000008
2025-08-01 10:28:18 AM,944.85,8,7558.8,150836593.9000001
2025-08-01 10:28:20 AM,944.95,0,0.0,150836593.9000001
2025-08-01 10:28:21 AM,945.0,0,0.0,150836593.9000001
2025-08-01 10:28:21 AM,945.0,153,144585.0,150981178.9000001
2025-08-01 10:28:24 AM,945.0,2,1890.0,150983068.9000001
2025-08-01 10:28:28 AM,945.45,0,0.0,150983068.9000001
2025-08-01 10:28:29 AM,945.45,721,681669.4500000001,151664738.35000008
2025-08-01 10:28:31 AM,945.7,0,0.0,151664738.35000008
2025-08-01 10:28:32 AM,945.7,90,85113.0,151749851.35000008
2025-08-01 10:28:37 AM,945.25,0,0.0,151749851.35000008
2025-08-01 10:28:37 AM,945.25,1,945.25,151750796.60000008
2025-08-01 10:28:43 AM,945.25,12,11343.0,151762139.60000008
2025-08-01 10:28:45 AM,945.7,0,0.0,151762139.60000008
2025-08-01 10:28:46 AM,945.7,3,2837.1000000000004,151764976.70000008
2025-08-01 10:28:48 AM,945.8,0,0.0,151764976.70000008
2025-08-01 10:28:49 AM,945.8,82,77555.59999999999,151842532.30000007
2025-08-01 10:28:54 AM,945.75,0,0.0,151842532.30000007
2025-08-01 10:28:55 AM,945.8,2,1891.6,151844423.90000007
2025-08-01 10:29:00 AM,945.75,0,0.0,151844423.90000007
2025-08-01 10:29:00 AM,945.75,14,13240.5,151857664.40000007
2025-08-01 10:29:02 AM,945.8,0,0.0,151857664.40000007
2025-08-01 10:29:02 AM,945.8,55,52019.0,151909683.40000007
2025-08-01 10:29:06 AM,945.7,3,2837.1000000000004,151912520.50000006
2025-08-01 10:29:08 AM,945.05,0,0.0,151912520.50000006
2025-08-01 10:29:08 AM,945.05,60,56703.0,151969223.50000006
2025-08-01 10:29:10 AM,945.75,0,0.0,151969223.50000006
2025-08-01 10:29:11 AM,945.7,103,97407.1,152066630.60000005
2025-08-01 10:29:14 AM,945.7,1,945.7,152067576.30000004
2025-08-01 10:29:17 AM,945.75,103,97412.25,152164988.55000004
2025-08-01 10:29:22 AM,945.2,0,0.0,152164988.55000004
2025-08-01 10:29:22 AM,945.2,50,47260.0,152212248.55000004
2025-08-01 10:29:26 AM,945.7,0,0.0,152212248.55000004
2025-08-01 10:29:28 AM,945.65,0,0.0,152212248.55000004
2025-08-01 10:29:28 AM,945.65,14,13239.1,152225487.65000004
2025-08-01 10:29:30 AM,945.1,0,0.0,152225487.65000004
2025-08-01 10:29:30 AM,945.1,4,3780.4,152229268.05000004
2025-08-01 10:29:32 AM,945.65,0,0.0,152229268.05000004
2025-08-01 10:29:33 AM,945.65,23,21749.95,152251018.00000003
2025-08-01 10:29:39 AM,945.65,10,9456.5,152260474.50000003
2025-08-01 10:29:41 AM,945.65,4,3782.6,152264257.10000002
2025-08-01 10:29:44 AM,945.65,50,47282.5,152311539.60000002
2025-08-01 10:29:46 AM,945.5,0,0.0,152311539.60000002
2025-08-01 10:29:47 AM,945.5,4,3782.0,152315321.60000002
2025-08-01 10:29:48 AM,945.65,0,0.0,152315321.60000002
2025-08-01 10:29:50 AM,945.45,0,0.0,152315321.60000002
2025-08-01 10:29:50 AM,945.45,121,114399.45000000001,152429721.05
2025-08-01 10:29:52 AM,945.7,1,945.7,152430666.75
2025-08-01 10:29:58 AM,945.65,45,42554.25,152473221.0
2025-08-01 10:30:01 AM,945.65,50,47282.5,152520503.5
2025-08-01 10:30:04 AM,945.0,15,14175.0,152534678.5
2025-08-01 10:30:06 AM,945.25,0,0.0,152534678.5
2025-08-01 10:30:07 AM,945.25,11,10397.75,152545076.25
2025-08-01 10:30:10 AM,945.0,20,18900.0,152563976.25
2025-08-01 10:30:13 AM,945.4,0,0.0,152563976.25
2025-08-01 10:30:13 AM,945.4,100,94540.0,152658516.25
2025-08-01 10:30:18 AM,945.45,14,13236.300000000001,152671752.55
2025-08-01 10:30:27 AM,945.0,1,945.0,152672697.55
2025-08-01 10:30:29 AM,945.0,17,16065.0,152688762.55
2025-08-01 10:30:33 AM,945.0,30,28350.0,152717112.55
2025-08-01 10:30:38 AM,945.0,1,945.0,152718057.55
2025-08-01 10:30:55 AM,944.4,80,75552.0,152793609.55
2025-08-01 10:30:58 AM,944.9,14,13228.6,152806838.15
2025-08-01 10:30:59 AM,944.95,0,0.0,152806838.15
2025-08-01 10:31:01 AM,944.95,17,16064.150000000001,152822902.3
2025-08-01 10:31:04 AM,944.95,3,2834.8500000000004,152825737.15
2025-08-01 10:31:07 AM,944.95,5,4724.75,152830461.9
2025-08-01 10:31:10 AM,945.0,53,50085.0,152880546.9
2025-08-01 10:31:16 AM,945.05,1,945.05,152881491.95000002
2025-08-01 10:31:21 AM,945.05,1,945.05,152882437.00000003
2025-08-01 10:31:24 AM,945.0,17,16065.0,152898502.00000003
2025-08-01 10:31:29 AM,944.8,0,0.0,152898502.00000003
2025-08-01 10:31:30 AM,944.8,714,674587.2,153573089.20000002
2025-08-01 10:31:32 AM,944.95,50,47247.5,153620336.70000002
2025-08-01 10:31:43 AM,944.85,0,0.0,153620336.70000002
2025-08-01 10:31:43 AM,944.85,1,944.85,153621281.55
2025-08-01 10:31:46 AM,944.85,2,1889.7,153623171.25
2025-08-01 10:31:49 AM,944.85,1,944.85,153624116.1
2025-08-01 10:31:59 AM,944.85,14,13227.9,153637344.0
2025-08-01 10:32:22 AM,945.0,3589,3391605.0,157028949.0
2025-08-01 10:32:28 AM,945.0,14,13230.0,157042179.0
2025-08-01 10:32:31 AM,944.85,2,1889.7,157044068.7
2025-08-01 10:32:35 AM,945.0,0,0.0,157044068.7
2025-08-01 10:32:35 AM,945.0,250,236250.0,157280318.7
2025-08-01 10:32:41 AM,944.85,0,0.0,157280318.7
2025-08-01 10:32:41 AM,944.85,1,944.85,157281263.54999998
2025-08-01 10:32:44 AM,944.85,1,944.85,157282208.39999998
2025-08-01 10:32:58 AM,944.85,19,17952.15,157300160.54999998
2025-08-01 10:33:05 AM,944.6,0,0.0,157300160.54999998
2025-08-01 10:33:06 AM,944.6,3,2833.8,157302994.35
2025-08-01 10:33:08 AM,944.85,0,0.0,157302994.35
2025-08-01 10:33:09 AM,944.85,10,9448.5,157312442.85
2025-08-01 10:33:12 AM,944.85,1,944.85,157313387.7
2025-08-01 10:33:21 AM,944.85,7,6613.95,157320001.64999998
2025-08-01 10:33:28 AM,944.85,13,12283.050000000001,157332284.7
2025-08-01 10:33:34 AM,944.85,21,19841.850000000002,157352126.54999998
2025-08-01 10:33:37 AM,944.85,91,85981.35,157438107.89999998
2025-08-01 10:33:42 AM,944.85,53,50077.05,157488184.95
2025-08-01 10:33:48 AM,944.75,5,4723.75,157492908.7
2025-08-01 10:33:54 AM,944.85,0,0.0,157492908.7
2025-08-01 10:33:54 AM,944.85,4,3779.4,157496688.1
2025-08-01 10:34:00 AM,944.85,15,14172.75,157510860.85
2025-08-01 10:34:05 AM,944.85,3,2834.55,157513695.4
2025-08-01 10:34:17 AM,944.85,11,10393.35,157524088.75
2025-08-01 10:34:19 AM,944.85,26,24566.100000000002,157548654.85
2025-08-01 10:34:22 AM,944.85,11,10393.35,157559048.2
2025-08-01 10:34:28 AM,944.85,31,29290.350000000002,157588338.54999998
2025-08-01 10:34:29 AM,944.85,6,5669.1,157594007.64999998
2025-08-01 10:34:33 AM,944.85,1,944.85,157594952.49999997
2025-08-01 10:34:39 AM,944.85,1,944.85,157595897.34999996
2025-08-01 10:34:41 AM,945.2,914,863912.8,158459810.14999998
2025-08-01 10:34:42 AM,945.75,0,0.0,158459810.14999998
2025-08-01 10:34:45 AM,945.75,15,14186.25,158473996.39999998
2025-08-01 10:34:50 AM,945.9,500,472950.0,158946946.39999998
2025-08-01 10:34:58 AM,945.85,0,0.0,158946946.39999998
2025-08-01 10:34:59 AM,945.85,14,13241.9,158960188.29999998
2025-08-01 10:35:02 AM,945.85,12,11350.2,158971538.49999997
2025-08-01 10:35:04 AM,945.9,0,0.0,158971538.49999997
2025-08-01 10:35:04 AM,945.9,54,51078.6,159022617.09999996
2025-08-01 10:35:08 AM,945.9,3,2837.7,159025454.79999995
2025-08-01 10:35:23 AM,945.85,0,0.0,159025454.79999995
2025-08-01 10:35:24 AM,945.85,3,2837.55,159028292.34999996
2025-08-01 10:35:27 AM,945.0,200,189000.0,159217292.34999996
2025-08-01 10:35:29 AM,945.7,0,0.0,159217292.34999996
2025-08-01 10:35:30 AM,945.7,15,14185.5,159231477.84999996
2025-08-01 10:35:41 AM,945.65,0,0.0,159231477.84999996
2025-08-01 10:35:42 AM,945.65,3,2836.95,159234314.79999995
2025-08-01 10:35:44 AM,945.7,0,0.0,159234314.79999995
2025-08-01 10:35:44 AM,945.7,2,1891.4,159236206.19999996
2025-08-01 10:35:47 AM,945.7,1,945.7,159237151.89999995
2025-08-01 10:35:49 AM,945.2,1,945.2,159238097.09999993
2025-08-01 10:35:58 AM,945.75,15,14186.25,159252283.34999993
2025-08-01 10:36:04 AM,945.8,12,11349.599999999999,159263632.94999993
2025-08-01 10:36:06 AM,945.7,4,3782.8,159267415.74999994
2025-08-01 10:36:14 AM,945.65,0,0.0,159267415.74999994
2025-08-01 10:36:15 AM,945.7,4,3782.8,159271198.54999995
2025-08-01 10:36:18 AM,945.7,289,273307.3,159544505.84999996
2025-08-01 10:36:29 AM,945.7,13,12294.1,159556799.94999996
2025-08-01 10:36:34 AM,945.7,1,945.7,159557745.64999995
2025-08-01 10:36:37 AM,945.7,20,18914.0,159576659.64999995
2025-08-01 10:36:48 AM,945.05,0,0.0,159576659.64999995
2025-08-01 10:36:48 AM,945.65,72,68086.8,159644746.44999996
2025-08-01 10:36:54 AM,945.65,11,10402.15,159655148.59999996
2025-08-01 10:36:55 AM,945.55,20,18911.0,159674059.59999996
2025-08-01 10:36:58 AM,945.6,0,0.0,159674059.59999996
2025-08-01 10:36:59 AM,945.6,14,13238.4,159687297.99999997
2025-08-01 10:37:10 AM,945.6,19,17966.4,159705264.39999998
2025-08-01 10:37:18 AM,945.05,3,2835.1499999999996,159708099.54999998
2025-08-01 10:37:21 AM,945.45,0,0.0,159708099.54999998
2025-08-01 10:37:21 AM,945.45,1,945.45,159709044.99999997
2025-08-01 10:37:29 AM,945.45,15,14181.75,159723226.74999997
2025-08-01 10:37:35 AM,945.45,112,105890.40000000001,159829117.14999998
2025-08-01 10:37:38 AM,945.45,2,1890.9,159831008.04999998
2025-08-01 10:37:43 AM,945.1,0,0.0,159831008.04999998
2025-08-01 10:37:43 AM,945.1,7,6615.7,159837623.74999997
2025-08-01 10:37:49 AM,945.0,0,0.0,159837623.74999997
2025-08-01 10:37:51 AM,945.0,60,56700.0,159894323.74999997
2025-08-01 10:37:57 AM,945.1,0,0.0,159894323.74999997
2025-08-01 10:37:57 AM,945.1,1,945.1,159895268.84999996
2025-08-01 10:38:00 AM,945.1,14,13231.4,159908500.24999997
2025-08-01 10:38:03 AM,945.0,2,1890.0,159910390.24999997
2025-08-01 10:38:04 AM,945.1,0,0.0,159910390.24999997
2025-08-01 10:38:06 AM,944.6,0,0.0,159910390.24999997
2025-08-01 10:38:06 AM,944.6,366,345723.60000000003,160256113.84999996
2025-08-01 10:38:09 AM,944.6,10,9446.0,160265559.84999996
2025-08-01 10:38:10 AM,945.05,0,0.0,160265559.84999996
2025-08-01 10:38:12 AM,945.05,5,4725.25,160270285.09999996
2025-08-01 10:38:20 AM,944.6,0,0.0,160270285.09999996
2025-08-01 10:38:21 AM,944.6,40,37784.0,160308069.09999996
2025-08-01 10:38:28 AM,944.8,13,12282.4,160320351.49999997
2025-08-01 10:38:34 AM,944.5,50,47225.0,160367576.49999997
2025-08-01 10:38:35 AM,944.6,0,0.0,160367576.49999997
2025-08-01 10:38:37 AM,944.6,3,2833.8,160370410.29999998
2025-08-01 10:38:40 AM,944.6,14,13224.4,160383634.7
2025-08-01 10:38:41 AM,944.8,0,0.0,160383634.7
2025-08-01 10:38:42 AM,944.8,54,51019.2,160434653.89999998
2025-08-01 10:38:45 AM,944.15,141,133125.15,160567779.04999998
2025-08-01 10:38:47 AM,944.6,0,0.0,160567779.04999998
2025-08-01 10:38:48 AM,944.6,1,944.6,160568723.64999998
2025-08-01 10:38:50 AM,944.65,0,0.0,160568723.64999998
2025-08-01 10:38:51 AM,944.65,3,2833.95,160571557.59999996
2025-08-01 10:38:59 AM,944.65,16,15114.4,160586671.99999997
2025-08-01 10:39:05 AM,944.6,13,12279.800000000001,160598951.79999998
2025-08-01 10:39:06 AM,945.7,0,0.0,160598951.79999998
2025-08-01 10:39:07 AM,945.7,1000,945700.0,161544651.79999998
2025-08-01 10:39:13 AM,944.75,1,944.75,161545596.54999998
2025-08-01 10:39:20 AM,945.1,0,0.0,161545596.54999998
2025-08-01 10:39:21 AM,945.1,4,3780.4,161549376.95
2025-08-01 10:39:24 AM,945.1,6,5670.6,161555047.54999998
2025-08-01 10:39:26 AM,944.6,0,0.0,161555047.54999998
2025-08-01 10:39:27 AM,944.6,500,472300.0,162027347.54999998
2025-08-01 10:39:29 AM,945.15,0,0.0,162027347.54999998
2025-08-01 10:39:30 AM,945.15,13,12286.949999999999,162039634.49999997
2025-08-01 10:39:35 AM,945.35,0,0.0,162039634.49999997
2025-08-01 10:39:36 AM,945.25,734,693813.5,162733447.99999997
2025-08-01 10:39:54 AM,945.0,0,0.0,162733447.99999997
2025-08-01 10:39:55 AM,945.0,2,1890.0,162735337.99999997
2025-08-01 10:39:56 AM,944.6,0,0.0,162735337.99999997
2025-08-01 10:39:58 AM,944.6,1884,1779626.4000000001,164514964.39999998
2025-08-01 10:40:03 AM,944.6,10,9446.0,164524410.39999998
2025-08-01 10:40:11 AM,944.1,0,0.0,164524410.39999998
2025-08-01 10:40:11 AM,944.1,40,37764.0,164562174.39999998
2025-08-01 10:40:17 AM,944.0,0,0.0,164562174.39999998
2025-08-01 10:40:17 AM,944.0,100,94400.0,164656574.39999998
2025-08-01 10:40:20 AM,944.6,10,9446.0,164666020.39999998
2025-08-01 10:40:25 AM,944.0,124,117056.0,164783076.39999998
2025-08-01 10:40:28 AM,944.9,14,13228.6,164796304.99999997
2025-08-01 10:40:31 AM,945.0,0,0.0,164796304.99999997
2025-08-01 10:40:31 AM,945.0,3,2835.0,164799139.99999997
2025-08-01 10:40:33 AM,944.9,0,0.0,164799139.99999997
2025-08-01 10:40:34 AM,944.9,1,944.9,164800084.89999998
2025-08-01 10:40:35 AM,944.85,0,0.0,164800084.89999998
2025-08-01 10:40:36 AM,944.8,9,8503.199999999999,164808588.09999996
2025-08-01 10:40:39 AM,944.95,0,0.0,164808588.09999996
2025-08-01 10:40:39 AM,944.95,50,47247.5,164855835.59999996
2025-08-01 10:40:44 AM,944.85,0,0.0,164855835.59999996
2025-08-01 10:40:45 AM,944.85,1,944.85,164856780.44999996
2025-08-01 10:40:58 AM,944.95,0,0.0,164856780.44999996
2025-08-01 10:40:58 AM,944.95,15,14174.25,164870954.69999996
2025-08-01 10:41:10 AM,944.35,0,0.0,164870954.69999996
2025-08-01 10:41:13 AM,944.35,5,4721.75,164875676.44999996
2025-08-01 10:41:16 AM,944.9,0,0.0,164875676.44999996
2025-08-01 10:41:18 AM,944.9,9,8504.1,164884180.54999995
2025-08-01 10:41:27 AM,944.35,0,0.0,164884180.54999995
2025-08-01 10:41:30 AM,944.35,15,14165.25,164898345.79999995
2025-08-01 10:41:32 AM,944.35,1,944.35,164899290.14999995
2025-08-01 10:41:36 AM,944.35,2,1888.7,164901178.84999993
2025-08-01 10:41:37 AM,944.0,0,0.0,164901178.84999993
2025-08-01 10:41:37 AM,944.0,20,18880.0,164920058.84999993
2025-08-01 10:41:38 AM,944.35,0,0.0,164920058.84999993
2025-08-01 10:41:41 AM,944.35,17,16053.95,164936112.79999992
2025-08-01 10:41:43 AM,944.0,0,0.0,164936112.79999992
2025-08-01 10:41:43 AM,944.0,50,47200.0,164983312.79999992
2025-08-01 10:41:52 AM,944.0,500,472000.0,165455312.79999992
2025-08-01 10:41:57 AM,944.35,0,0.0,165455312.79999992
2025-08-01 10:41:57 AM,944.35,1,944.35,165456257.14999992
2025-08-01 10:41:59 AM,944.0,0,0.0,165456257.14999992
2025-08-01 10:41:59 AM,944.0,41,38704.0,165494961.14999992
2025-08-01 10:42:03 AM,944.0,50,47200.0,165542161.14999992
2025-08-01 10:42:04 AM,944.35,10,9443.5,165551604.64999992
2025-08-01 10:42:16 AM,944.35,1,944.35,165552548.9999999
2025-08-01 10:42:25 AM,944.35,24,22664.4,165575213.39999992
2025-08-01 10:42:27 AM,944.0,0,0.0,165575213.39999992
2025-08-01 10:42:27 AM,944.65,0,0.0,165575213.39999992
2025-08-01 10:42:27 AM,944.0,126,118944.0,165694157.39999992
2025-08-01 10:42:29 AM,944.4,0,0.0,165694157.39999992
2025-08-01 10:42:31 AM,944.4,13,12277.199999999999,165706434.5999999
2025-08-01 10:42:33 AM,944.5,1,944.5,165707379.0999999
2025-08-01 10:42:41 AM,944.35,0,0.0,165707379.0999999
2025-08-01 10:42:42 AM,944.35,12,11332.2,165718711.2999999
2025-08-01 10:42:55 AM,944.5,64,60448.0,165779159.2999999
2025-08-01 10:42:58 AM,944.55,0,0.0,165779159.2999999
2025-08-01 10:42:58 AM,944.55,14,13223.699999999999,165792382.99999988
2025-08-01 10:43:11 AM,944.5,1,944.5,165793327.49999988
2025-08-01 10:43:17 AM,944.05,12,11328.599999999999,165804656.09999987
2025-08-01 10:43:18 AM,944.0,0,0.0,165804656.09999987
2025-08-01 10:43:20 AM,944.0,100,94400.0,165899056.09999987
2025-08-01 10:43:22 AM,944.6,0,0.0,165899056.09999987
2025-08-01 10:43:22 AM,945.0,0,0.0,165899056.09999987
2025-08-01 10:43:22 AM,945.0,54,51030.0,165950086.09999987
2025-08-01 10:43:28 AM,945.0,14,13230.0,165963316.09999987
2025-08-01 10:43:33 AM,945.0,11,10395.0,165973711.09999987
2025-08-01 10:43:44 AM,945.0,1,945.0,165974656.09999987
2025-08-01 10:43:52 AM,945.0,9,8505.0,165983161.09999987
2025-08-01 10:43:59 AM,945.0,14,13230.0,165996391.09999987
2025-08-01 10:44:10 AM,945.0,1,945.0,165997336.09999987
2025-08-01 10:44:18 AM,945.0,1,945.0,165998281.09999987
2025-08-01 10:44:21 AM,944.6,1,944.6,165999225.69999987
2025-08-01 10:44:28 AM,945.0,0,0.0,165999225.69999987
2025-08-01 10:44:29 AM,945.0,13,12285.0,166011510.69999987
2025-08-01 10:44:40 AM,945.0,4,3780.0,166015290.69999987
2025-08-01 10:44:45 AM,944.55,0,0.0,166015290.69999987
2025-08-01 10:44:45 AM,944.55,1,944.55,166016235.24999988
2025-08-01 10:44:58 AM,945.0,0,0.0,166016235.24999988
2025-08-01 10:44:59 AM,945.0,15,14175.0,166030410.24999988
2025-08-01 10:45:00 AM,944.55,0,0.0,166030410.24999988
2025-08-01 10:45:01 AM,945.0,0,0.0,166030410.24999988
2025-08-01 10:45:01 AM,945.0,18,17010.0,166047420.24999988
2025-08-01 10:45:12 AM,944.55,0,0.0,166047420.24999988
2025-08-01 10:45:13 AM,944.55,20,18891.0,166066311.24999988
2025-08-01 10:45:19 AM,944.3,0,0.0,166066311.24999988
2025-08-01 10:45:21 AM,944.95,0,0.0,166066311.24999988
2025-08-01 10:45:21 AM,944.95,120,113394.0,166179705.24999988
2025-08-01 10:45:25 AM,944.25,0,0.0,166179705.24999988
2025-08-01 10:45:26 AM,944.25,2,1888.5,166181593.74999988
2025-08-01 10:45:28 AM,944.55,0,0.0,166181593.74999988
2025-08-01 10:45:29 AM,944.55,15,14168.25,166195761.99999988
2025-08-01 10:45:30 AM,944.75,0,0.0,166195761.99999988
2025-08-01 10:45:32 AM,944.75,10,9447.5,166205209.49999988
2025-08-01 10:45:35 AM,944.8,0,0.0,166205209.49999988
2025-08-01 10:45:37 AM,944.8,10,9448.0,166214657.49999988
2025-08-01 10:45:51 AM,944.8,50,47240.0,166261897.49999988
2025-08-01 10:45:58 AM,944.75,0,0.0,166261897.49999988
2025-08-01 10:45:58 AM,944.75,14,13226.5,166275123.99999988
2025-08-01 10:46:00 AM,944.8,0,0.0,166275123.99999988
2025-08-01 10:46:01 AM,944.8,51,48184.799999999996,166323308.7999999
2025-08-01 10:46:02 AM,944.7,0,0.0,166323308.7999999
2025-08-01 10:46:04 AM,944.7,260,245622.0,166568930.7999999
2025-08-01 10:46:06 AM,944.55,0,0.0,166568930.7999999
2025-08-01 10:46:07 AM,944.55,1,944.55,166569875.3499999
2025-08-01 10:46:13 AM,944.5,0,0.0,166569875.3499999
2025-08-01 10:46:13 AM,944.5,1,944.5,166570819.8499999
2025-08-01 10:46:25 AM,944.5,2,1889.0,166572708.8499999
2025-08-01 10:46:27 AM,944.5,1,944.5,166573653.3499999
2025-08-01 10:46:28 AM,944.55,0,0.0,166573653.3499999
2025-08-01 10:46:30 AM,945.15,781,738162.15,167311815.4999999
2025-08-01 10:46:32 AM,944.65,0,0.0,167311815.4999999
2025-08-01 10:46:32 AM,944.65,3,2833.95,167314649.4499999
2025-08-01 10:46:43 AM,944.15,32,30212.8,167344862.2499999
2025-08-01 10:46:58 AM,944.15,89,84029.34999999999,167428891.5999999
2025-08-01 10:47:03 AM,944.15,2,1888.3,167430779.89999992
2025-08-01 10:47:15 AM,943.6,0,0.0,167430779.89999992
2025-08-01 10:47:16 AM,943.6,2495,2354282.0,169785061.89999992
2025-08-01 10:47:28 AM,943.65,0,0.0,169785061.89999992
2025-08-01 10:47:30 AM,943.65,13,12267.449999999999,169797329.3499999
2025-08-01 10:47:46 AM,942.5,0,0.0,169797329.3499999
2025-08-01 10:47:46 AM,942.5,802,755885.0,170553214.3499999
