date,price,qty,trnvr,cum_trnvr
2025-08-01 09:15:04 AM,1390.8,908,1262846.4,1262846.4
2025-08-01 09:15:06 AM,1390.4,45,62568.00000000001,1325414.4
2025-08-01 09:15:13 AM,1395.0,0,0.0,1325414.4
2025-08-01 09:15:16 AM,1395.0,1121,1563795.0,2889209.4
2025-08-01 09:15:17 AM,1392.9,300,417870.0,3307079.4
2025-08-01 09:15:22 AM,1396.8,0,0.0,3307079.4
2025-08-01 09:15:23 AM,1396.2,0,0.0,3307079.4
2025-08-01 09:15:25 AM,1395.9,668,932461.2000000001,4239540.6
2025-08-01 09:15:27 AM,1396.7,177,247215.9,4486756.5
2025-08-01 09:15:29 AM,1395.9,0,0.0,4486756.5
2025-08-01 09:15:33 AM,1397.3,0,0.0,4486756.5
2025-08-01 09:15:34 AM,1397.3,59,82440.7,4569197.2
2025-08-01 09:15:36 AM,1397.0,23,32131.0,4601328.2
2025-08-01 09:15:37 AM,1395.3,0,0.0,4601328.2
2025-08-01 09:15:41 AM,1395.0,0,0.0,4601328.2
2025-08-01 09:15:42 AM,1395.0,552,770040.0,5371368.2
2025-08-01 09:15:46 AM,1394.6,0,0.0,5371368.2
2025-08-01 09:15:49 AM,1395.3,0,0.0,5371368.2
2025-08-01 09:15:51 AM,1394.0,45,62730.0,5434098.2
2025-08-01 09:15:57 AM,1395.0,0,0.0,5434098.2
2025-08-01 09:15:59 AM,1395.0,2,2790.0,5436888.2
2025-08-01 09:16:04 AM,1394.0,0,0.0,5436888.2
2025-08-01 09:16:04 AM,1394.0,563,784822.0,6221710.2
2025-08-01 09:16:06 AM,1394.0,360,501840.0,6723550.2
2025-08-01 09:16:13 AM,1393.7,0,0.0,6723550.2
2025-08-01 09:16:13 AM,1393.7,44,61322.8,6784873.0
2025-08-01 09:16:14 AM,1391.7,538,748734.6,7533607.6
2025-08-01 09:16:16 AM,1391.8,52,72373.59999999999,7605981.199999999
2025-08-01 09:16:39 AM,1392.7,0,0.0,7605981.199999999
2025-08-01 09:16:40 AM,1393.9,637,887914.3,8493895.5
2025-08-01 09:16:40 AM,1394.0,15,20910.0,8514805.5
2025-08-01 09:16:42 AM,1393.8,18,25088.399999999998,8539893.9
2025-08-01 09:16:48 AM,1395.5,0,0.0,8539893.9
2025-08-01 09:16:49 AM,1395.5,50,69775.0,8609668.9
2025-08-01 09:16:54 AM,1394.1,216,301125.6,8910794.5
2025-08-01 09:16:55 AM,1395.0,0,0.0,8910794.5
2025-08-01 09:16:56 AM,1395.0,81,112995.0,9023789.5
2025-08-01 09:16:57 AM,1394.1,21,29276.1,9053065.6
2025-08-01 09:16:57 AM,1395.2,0,0.0,9053065.6
2025-08-01 09:16:58 AM,1395.2,100,139520.0,9192585.6
2025-08-01 09:16:58 AM,1394.6,0,0.0,9192585.6
2025-08-01 09:16:59 AM,1394.6,90,125513.99999999999,9318099.6
2025-08-01 09:17:00 AM,1395.5,44,61402.0,9379501.6
2025-08-01 09:17:01 AM,1395.5,190,265145.0,9644646.6
2025-08-01 09:17:02 AM,1396.3,0,0.0,9644646.6
2025-08-01 09:17:02 AM,1396.3,1,1396.3,9646042.9
2025-08-01 09:17:04 AM,1395.3,6,8371.8,9654414.700000001
2025-08-01 09:17:13 AM,1395.7,24,33496.8,9687911.500000002
2025-08-01 09:17:17 AM,1394.1,168,234208.8,9922120.300000003
2025-08-01 09:17:18 AM,1395.3,0,0.0,9922120.300000003
2025-08-01 09:17:19 AM,1395.3,10,13953.0,9936073.300000003
2025-08-01 09:17:20 AM,1395.3,1,1395.3,9937468.600000003
2025-08-01 09:17:23 AM,1396.1,0,0.0,9937468.600000003
2025-08-01 09:17:24 AM,1396.1,96,134025.59999999998,10071494.200000003
2025-08-01 09:17:25 AM,1395.3,1,1395.3,10072889.500000004
2025-08-01 09:17:33 AM,1396.6,19,26535.399999999998,10099424.900000004
2025-08-01 09:17:36 AM,1395.6,375,523349.99999999994,10622774.900000004
2025-08-01 09:17:44 AM,1395.6,159,221900.4,10844675.300000004
2025-08-01 09:17:44 AM,1395.0,0,0.0,10844675.300000004
2025-08-01 09:17:45 AM,1395.0,22,30690.0,10875365.300000004
2025-08-01 09:17:48 AM,1395.8,25,34895.0,10910260.300000004
2025-08-01 09:18:05 AM,1396.4,123,171757.2,11082017.500000004
2025-08-01 09:18:19 AM,1398.8,0,0.0,11082017.500000004
2025-08-01 09:18:19 AM,1398.8,791,1106450.8,12188468.300000004
2025-08-01 09:18:21 AM,1399.3,12,16791.6,12205259.900000004
2025-08-01 09:18:22 AM,1398.5,10,13985.0,12219244.900000004
2025-08-01 09:18:22 AM,1398.4,0,0.0,12219244.900000004
2025-08-01 09:18:22 AM,1398.4,13,18179.2,12237424.100000003
2025-08-01 09:18:22 AM,1399.1,0,0.0,12237424.100000003
2025-08-01 09:18:23 AM,1399.1,2,2798.2,12240222.300000003
2025-08-01 09:18:24 AM,1398.2,0,0.0,12240222.300000003
2025-08-01 09:18:24 AM,1398.2,250,349550.0,12589772.300000003
2025-08-01 09:18:26 AM,1398.2,738,1031871.6,13621643.900000002
2025-08-01 09:18:27 AM,1399.0,0,0.0,13621643.900000002
2025-08-01 09:18:27 AM,1399.0,52,72748.0,13694391.900000002
2025-08-01 09:18:28 AM,1398.2,0,0.0,13694391.900000002
2025-08-01 09:18:28 AM,1398.2,60,83892.0,13778283.900000002
2025-08-01 09:18:29 AM,1398.7,0,0.0,13778283.900000002
2025-08-01 09:18:29 AM,1398.7,1532,2142808.4,15921092.300000003
2025-08-01 09:18:29 AM,1399.5,0,0.0,15921092.300000003
2025-08-01 09:18:30 AM,1399.5,286,400257.0,16321349.300000003
2025-08-01 09:18:30 AM,1398.2,0,0.0,16321349.300000003
2025-08-01 09:18:30 AM,1398.2,1,1398.2,16322747.500000002
2025-08-01 09:18:32 AM,1398.2,46,64317.200000000004,16387064.700000001
2025-08-01 09:18:33 AM,1398.2,8,11185.6,16398250.3
2025-08-01 09:18:34 AM,1398.0,94,131412.0,16529662.3
2025-08-01 09:18:34 AM,1398.2,0,0.0,16529662.3
2025-08-01 09:18:35 AM,1398.2,3,4194.6,16533856.9
2025-08-01 09:18:35 AM,1398.0,15,20970.0,16554826.9
2025-08-01 09:18:36 AM,1398.0,10,13980.0,16568806.9
2025-08-01 09:18:37 AM,1398.0,60,83880.0,16652686.9
2025-08-01 09:18:38 AM,1398.0,110,153780.0,16806466.9
2025-08-01 09:18:40 AM,1398.1,50,69905.0,16876371.9
2025-08-01 09:18:41 AM,1398.0,48,67104.0,16943475.9
2025-08-01 09:18:50 AM,1398.2,0,0.0,16943475.9
2025-08-01 09:18:50 AM,1398.2,1,1398.2,16944874.099999998
2025-08-01 09:18:51 AM,1398.2,1,1398.2,16946272.299999997
2025-08-01 09:18:52 AM,1397.7,0,0.0,16946272.299999997
2025-08-01 09:18:52 AM,1397.7,84,117406.8,17063679.099999998
2025-08-01 09:18:53 AM,1398.0,0,0.0,17063679.099999998
2025-08-01 09:18:54 AM,1398.0,1,1398.0,17065077.099999998
2025-08-01 09:18:55 AM,1398.0,9,12582.0,17077659.099999998
2025-08-01 09:18:55 AM,1397.0,0,0.0,17077659.099999998
2025-08-01 09:18:55 AM,1397.0,370,516890.0,17594549.099999998
2025-08-01 09:18:56 AM,1397.3,7,9781.1,17604330.2
2025-08-01 09:18:58 AM,1396.6,6,8379.599999999999,17612709.8
2025-08-01 09:19:05 AM,1395.0,38,53010.0,17665719.8
2025-08-01 09:19:08 AM,1396.0,36,50256.0,17715975.8
2025-08-01 09:19:09 AM,1396.0,5,6980.0,17722955.8
2025-08-01 09:19:10 AM,1396.0,137,191252.0,17914207.8
2025-08-01 09:19:10 AM,1396.4,150,209460.0,18123667.8
2025-08-01 09:19:23 AM,1397.0,0,0.0,18123667.8
2025-08-01 09:19:24 AM,1397.0,13,18161.0,18141828.8
2025-08-01 09:19:26 AM,1396.3,0,0.0,18141828.8
2025-08-01 09:19:27 AM,1396.3,3,4188.9,18146017.7
2025-08-01 09:19:29 AM,1396.7,68,94975.6,18240993.3
2025-08-01 09:19:33 AM,1396.7,6,8380.2,18249373.5
2025-08-01 09:19:34 AM,1396.7,6,8380.2,18257753.7
2025-08-01 09:19:35 AM,1396.7,6,8380.2,18266133.9
2025-08-01 09:19:38 AM,1396.9,0,0.0,18266133.9
2025-08-01 09:19:39 AM,1396.9,2,2793.8,18268927.7
2025-08-01 09:19:39 AM,1397.2,2,2794.4,18271722.099999998
2025-08-01 09:19:44 AM,1396.8,0,0.0,18271722.099999998
2025-08-01 09:19:45 AM,1396.8,2,2793.6,18274515.7
2025-08-01 09:19:47 AM,1396.5,0,0.0,18274515.7
2025-08-01 09:19:48 AM,1396.5,35,48877.5,18323393.2
2025-08-01 09:19:51 AM,1396.6,20,27932.0,18351325.2
2025-08-01 09:19:54 AM,1397.2,0,0.0,18351325.2
2025-08-01 09:19:55 AM,1397.2,1,1397.2,18352722.4
2025-08-01 09:20:04 AM,1397.0,1,1397.0,18354119.4
2025-08-01 09:20:14 AM,1396.7,921,1286360.7,19640480.099999998
2025-08-01 09:20:15 AM,1396.6,0,0.0,19640480.099999998
2025-08-01 09:20:16 AM,1396.6,53,74019.79999999999,19714499.9
2025-08-01 09:20:16 AM,1397.0,4,5588.0,19720087.9
2025-08-01 09:20:18 AM,1396.6,2,2793.2,19722881.099999998
2025-08-01 09:20:20 AM,1396.5,23,32119.5,19755000.599999998
2025-08-01 09:20:28 AM,1396.0,111,154956.0,19909956.599999998
2025-08-01 09:20:29 AM,1395.9,2,2791.8,19912748.4
2025-08-01 09:20:30 AM,1395.9,3,4187.700000000001,19916936.099999998
2025-08-01 09:20:31 AM,1395.2,47,65574.40000000001,19982510.499999996
2025-08-01 09:20:45 AM,1396.3,0,0.0,19982510.499999996
2025-08-01 09:20:45 AM,1396.3,129,180122.69999999998,20162633.199999996
2025-08-01 09:20:54 AM,1396.8,0,0.0,20162633.199999996
2025-08-01 09:20:55 AM,1396.8,4,5587.2,20168220.399999995
2025-08-01 09:21:28 AM,1396.3,0,0.0,20168220.399999995
2025-08-01 09:21:29 AM,1396.3,1,1396.3,20169616.699999996
2025-08-01 09:21:36 AM,1396.2,0,0.0,20169616.699999996
2025-08-01 09:21:37 AM,1396.2,177,247127.4,20416744.099999994
2025-08-01 09:21:48 AM,1395.8,402,561111.6,20977855.699999996
2025-08-01 09:21:50 AM,1395.3,41,57207.299999999996,21035062.999999996
2025-08-01 09:21:53 AM,1396.0,100,139600.0,21174662.999999996
2025-08-01 09:21:54 AM,1395.9,1,1395.9,21176058.899999995
2025-08-01 09:22:22 AM,1395.4,0,0.0,21176058.899999995
2025-08-01 09:22:23 AM,1395.4,32,44652.8,21220711.699999996
2025-08-01 09:22:39 AM,1396.1,117,163343.69999999998,21384055.399999995
2025-08-01 09:22:42 AM,1396.0,0,0.0,21384055.399999995
2025-08-01 09:22:42 AM,1396.0,349,487204.0,21871259.399999995
2025-08-01 09:22:43 AM,1396.0,1,1396.0,21872655.399999995
2025-08-01 09:22:43 AM,1395.8,100,139580.0,22012235.399999995
2025-08-01 09:22:47 AM,1397.0,0,0.0,22012235.399999995
2025-08-01 09:22:48 AM,1397.4,290,405246.0,22417481.399999995
2025-08-01 09:23:35 AM,1397.0,0,0.0,22417481.399999995
2025-08-01 09:23:36 AM,1397.0,37,51689.0,22469170.399999995
2025-08-01 09:23:50 AM,1395.6,67,93505.2,22562675.599999994
2025-08-01 09:23:54 AM,1395.3,0,0.0,22562675.599999994
2025-08-01 09:23:55 AM,1395.3,2,2790.6,22565466.199999996
2025-08-01 09:24:10 AM,1396.1,0,0.0,22565466.199999996
2025-08-01 09:24:11 AM,1396.1,108,150778.8,22716244.999999996
2025-08-01 09:24:17 AM,1395.2,10,13952.0,22730196.999999996
2025-08-01 09:24:26 AM,1394.4,222,309556.80000000005,23039753.799999997
2025-08-01 09:24:27 AM,1395.2,82,114406.40000000001,23154160.199999996
2025-08-01 09:26:05 AM,1391.5,0,0.0,23154160.199999996
2025-08-01 09:26:06 AM,1391.5,565,786197.5,23940357.699999996
2025-08-01 09:26:07 AM,1391.8,0,0.0,23940357.699999996
2025-08-01 09:26:08 AM,1391.8,21,29227.8,23969585.499999996
2025-08-01 09:26:09 AM,1391.1,1,1391.1,23970976.599999998
2025-08-01 09:26:09 AM,1391.8,0,0.0,23970976.599999998
2025-08-01 09:26:10 AM,1391.8,1,1391.8,23972368.4
2025-08-01 09:26:10 AM,1391.9,209,290907.10000000003,24263275.5
2025-08-01 09:26:13 AM,1391.9,18,25054.2,24288329.7
2025-08-01 09:26:14 AM,1391.9,9,12527.1,24300856.8
2025-08-01 09:26:15 AM,1391.9,16,22270.4,24323127.2
2025-08-01 09:26:16 AM,1391.7,15,20875.5,24344002.7
2025-08-01 09:26:26 AM,1391.7,16,22267.2,24366269.9
2025-08-01 09:26:51 AM,1391.9,0,0.0,24366269.9
2025-08-01 09:26:52 AM,1391.9,405,563719.5,24929989.4
2025-08-01 09:26:56 AM,1392.4,267,371770.80000000005,25301760.2
2025-08-01 09:27:15 AM,1393.6,25,34840.0,25336600.2
2025-08-01 09:27:27 AM,1393.0,0,0.0,25336600.2
2025-08-01 09:27:28 AM,1393.0,5,6965.0,25343565.2
2025-08-01 09:27:30 AM,1392.8,0,0.0,25343565.2
2025-08-01 09:27:31 AM,1392.8,154,214491.19999999998,25558056.4
2025-08-01 09:27:39 AM,1392.0,0,0.0,25558056.4
2025-08-01 09:27:39 AM,1392.9,0,0.0,25558056.4
2025-08-01 09:27:40 AM,1392.9,329,458264.10000000003,26016320.5
2025-08-01 09:27:40 AM,1392.1,0,0.0,26016320.5
2025-08-01 09:27:41 AM,1392.1,2,2784.2,26019104.7
2025-08-01 09:28:03 AM,1392.5,0,0.0,26019104.7
2025-08-01 09:28:03 AM,1392.5,1,1392.5,26020497.2
2025-08-01 09:28:07 AM,1392.0,27,37584.0,26058081.2
2025-08-01 09:28:10 AM,1392.0,7,9744.0,26067825.2
2025-08-01 09:28:18 AM,1391.6,234,325634.39999999997,26393459.599999998
2025-08-01 09:28:20 AM,1390.4,0,0.0,26393459.599999998
2025-08-01 09:28:21 AM,1390.4,84,116793.6,26510253.2
2025-08-01 09:28:29 AM,1390.4,8,11123.2,26521376.4
2025-08-01 09:28:46 AM,1390.4,15,20856.0,26542232.4
2025-08-01 09:28:47 AM,1390.4,10,13904.0,26556136.4
2025-08-01 09:28:48 AM,1390.4,15,20856.0,26576992.4
2025-08-01 09:28:49 AM,1390.4,43,59787.200000000004,26636779.599999998
2025-08-01 09:28:56 AM,1390.4,133,184923.2,26821702.799999997
2025-08-01 09:29:04 AM,1390.8,91,126562.8,26948265.599999998
2025-08-01 09:29:05 AM,1390.8,40,55632.0,27003897.599999998
2025-08-01 09:29:07 AM,1390.4,10,13904.0,27017801.599999998
2025-08-01 09:29:16 AM,1391.0,1,1391.0,27019192.599999998
2025-08-01 09:29:32 AM,1391.1,50,69555.0,27088747.599999998
2025-08-01 09:29:42 AM,1390.6,0,0.0,27088747.599999998
2025-08-01 09:29:42 AM,1390.6,10,13906.0,27102653.599999998
2025-08-01 09:29:52 AM,1391.3,0,0.0,27102653.599999998
2025-08-01 09:29:53 AM,1391.5,0,0.0,27102653.599999998
2025-08-01 09:29:53 AM,1390.8,515,716262.0,27818915.599999998
2025-08-01 09:29:58 AM,1390.9,1,1390.9,27820306.499999996
2025-08-01 09:30:00 AM,1390.8,0,0.0,27820306.499999996
2025-08-01 09:30:01 AM,1390.8,75,104310.0,27924616.499999996
2025-08-01 09:30:02 AM,1390.4,1,1390.4,27926006.899999995
2025-08-01 09:30:03 AM,1390.4,181,251662.40000000002,28177669.299999993
2025-08-01 09:30:03 AM,1390.7,39,54237.3,28231906.599999994
2025-08-01 09:30:04 AM,1390.9,0,0.0,28231906.599999994
2025-08-01 09:30:04 AM,1390.9,5,6954.5,28238861.099999994
2025-08-01 09:30:07 AM,1390.4,37,51444.8,28290305.899999995
2025-08-01 09:30:08 AM,1390.8,38,52850.4,28343156.299999993
2025-08-01 09:30:10 AM,1390.3,0,0.0,28343156.299999993
2025-08-01 09:30:10 AM,1390.3,8,11122.4,28354278.69999999
2025-08-01 09:30:15 AM,1390.3,17,23635.1,28377913.799999993
2025-08-01 09:30:17 AM,1389.9,140,194586.0,28572499.799999993
2025-08-01 09:30:23 AM,1390.2,0,0.0,28572499.799999993
2025-08-01 09:30:24 AM,1390.2,565,785463.0,29357962.799999993
2025-08-01 09:30:25 AM,1389.8,0,0.0,29357962.799999993
2025-08-01 09:30:26 AM,1389.8,6,8338.8,29366301.599999994
2025-08-01 09:30:31 AM,1389.7,4,5558.8,29371860.399999995
2025-08-01 09:30:34 AM,1389.2,0,0.0,29371860.399999995
2025-08-01 09:30:35 AM,1389.2,4,5556.8,29377417.199999996
2025-08-01 09:30:36 AM,1389.2,20,27784.0,29405201.199999996
2025-08-01 09:30:42 AM,1388.4,1001,1389788.4000000001,30794989.599999994
2025-08-01 09:30:43 AM,1388.8,69,95827.2,30890816.799999993
2025-08-01 09:30:49 AM,1389.7,0,0.0,30890816.799999993
2025-08-01 09:30:50 AM,1389.6,160,222336.0,31113152.799999993
2025-08-01 09:30:51 AM,1389.6,4,5558.4,31118711.19999999
2025-08-01 09:30:51 AM,1389.8,0,0.0,31118711.19999999
2025-08-01 09:30:52 AM,1389.8,1,1389.8,31120100.999999993
2025-08-01 09:30:53 AM,1389.8,1,1389.8,31121490.799999993
2025-08-01 09:30:54 AM,1390.0,2,2780.0,31124270.799999993
2025-08-01 09:31:01 AM,1388.6,0,0.0,31124270.799999993
2025-08-01 09:31:01 AM,1388.6,1000,1388600.0,32512870.799999993
2025-08-01 09:31:02 AM,1388.6,46,63875.6,32576746.399999995
2025-08-01 09:31:05 AM,1388.6,1,1388.6,32578134.999999996
2025-08-01 09:31:19 AM,1389.1,42,58342.2,32636477.199999996
2025-08-01 09:31:21 AM,1389.1,1,1389.1,32637866.299999997
2025-08-01 09:31:22 AM,1389.2,1,1389.2,32639255.499999996
2025-08-01 09:31:23 AM,1389.2,1,1389.2,32640644.699999996
2025-08-01 09:31:24 AM,1389.4,13,18062.2,32658706.899999995
2025-08-01 09:31:25 AM,1389.4,12,16672.800000000003,32675379.699999996
2025-08-01 09:31:26 AM,1389.4,12,16672.800000000003,32692052.499999996
2025-08-01 09:31:27 AM,1389.4,24,33345.600000000006,32725398.099999998
2025-08-01 09:31:28 AM,1389.6,13,18064.8,32743462.9
2025-08-01 09:31:29 AM,1389.4,5,6947.0,32750409.9
2025-08-01 09:31:29 AM,1389.6,0,0.0,32750409.9
2025-08-01 09:31:29 AM,1389.6,13,18064.8,32768474.7
2025-08-01 09:31:31 AM,1389.6,14,19454.399999999998,32787929.099999998
2025-08-01 09:31:38 AM,1389.8,0,0.0,32787929.099999998
2025-08-01 09:31:39 AM,1389.8,48,66710.4,32854639.499999996
2025-08-01 09:31:41 AM,1389.5,100,138950.0,32993589.499999996
2025-08-01 09:31:44 AM,1389.5,11,15284.5,33008873.999999996
2025-08-01 09:31:46 AM,1389.4,33,45850.200000000004,33054724.199999996
2025-08-01 09:32:00 AM,1389.7,48,66705.6,33121429.799999997
2025-08-01 09:32:01 AM,1391.3,0,0.0,33121429.799999997
2025-08-01 09:32:01 AM,1391.3,1797,2500166.1,35621595.9
2025-08-01 09:32:02 AM,1391.6,0,0.0,35621595.9
2025-08-01 09:32:02 AM,1391.6,32,44531.2,35666127.1
2025-08-01 09:32:02 AM,1391.4,0,0.0,35666127.1
2025-08-01 09:32:02 AM,1391.4,7,9739.800000000001,35675866.9
2025-08-01 09:32:03 AM,1391.3,0,0.0,35675866.9
2025-08-01 09:32:03 AM,1391.3,135,187825.5,35863692.4
2025-08-01 09:32:04 AM,1392.1,0,0.0,35863692.4
2025-08-01 09:32:04 AM,1392.1,9,12528.9,35876221.3
2025-08-01 09:32:05 AM,1391.3,0,0.0,35876221.3
2025-08-01 09:32:05 AM,1391.3,1,1391.3,35877612.599999994
2025-08-01 09:32:09 AM,1392.1,1,1392.1,35879004.699999996
2025-08-01 09:32:13 AM,1391.6,0,0.0,35879004.699999996
2025-08-01 09:32:13 AM,1391.6,50,69580.0,35948584.699999996
2025-08-01 09:32:44 AM,1392.3,1,1392.3,35949976.99999999
2025-08-01 09:32:44 AM,1392.3,1,1392.3,35951369.29999999
2025-08-01 09:32:49 AM,1392.3,1,1392.3,35952761.59999999
2025-08-01 09:32:55 AM,1392.3,10,13923.0,35966684.59999999
2025-08-01 09:32:57 AM,1392.4,3,4177.200000000001,35970861.79999999
2025-08-01 09:33:03 AM,1392.3,0,0.0,35970861.79999999
2025-08-01 09:33:03 AM,1392.3,79,109991.7,36080853.49999999
2025-08-01 09:33:04 AM,1392.3,9,12530.699999999999,36093384.199999996
2025-08-01 09:33:05 AM,1392.3,14,19492.2,36112876.4
2025-08-01 09:33:08 AM,1392.4,2,2784.8,36115661.199999996
2025-08-01 09:33:10 AM,1392.4,1,1392.4,36117053.599999994
2025-08-01 09:33:17 AM,1392.4,14,19493.600000000002,36136547.199999996
2025-08-01 09:33:18 AM,1392.4,7,9746.800000000001,36146293.99999999
2025-08-01 09:33:18 AM,1392.4,3,4177.200000000001,36150471.199999996
2025-08-01 09:33:19 AM,1392.4,23,32025.2,36182496.4
2025-08-01 09:33:20 AM,1392.7,0,0.0,36182496.4
2025-08-01 09:33:20 AM,1392.7,123,171302.1,36353798.5
2025-08-01 09:33:25 AM,1394.2,1,1394.2,36355192.7
2025-08-01 09:33:26 AM,1394.4,0,0.0,36355192.7
2025-08-01 09:33:26 AM,1394.4,9,12549.6,36367742.300000004
2025-08-01 09:33:26 AM,1395.0,0,0.0,36367742.300000004
2025-08-01 09:33:27 AM,1395.0,1,1395.0,36369137.300000004
2025-08-01 09:33:42 AM,1394.5,57,79486.5,36448623.800000004
2025-08-01 09:33:45 AM,1394.6,0,0.0,36448623.800000004
2025-08-01 09:33:46 AM,1394.6,1,1394.6,36450018.400000006
2025-08-01 09:34:08 AM,1394.7,0,0.0,36450018.400000006
2025-08-01 09:34:08 AM,1394.7,50,69735.0,36519753.400000006
2025-08-01 09:34:17 AM,1394.7,1,1394.7,36521148.10000001
2025-08-01 09:34:18 AM,1394.7,11,15341.7,36536489.80000001
2025-08-01 09:34:23 AM,1394.7,46,64156.200000000004,36600646.000000015
2025-08-01 09:34:41 AM,1394.6,282,393277.19999999995,36993923.20000002
2025-08-01 09:34:46 AM,1394.2,244,340184.8,37334108.000000015
2025-08-01 09:34:48 AM,1393.2,0,0.0,37334108.000000015
2025-08-01 09:34:49 AM,1393.2,25,34830.0,37368938.000000015
2025-08-01 09:35:28 AM,1392.3,226,314659.8,37683597.80000001
2025-08-01 09:35:50 AM,1392.0,1,1392.0,37684989.80000001
2025-08-01 09:35:54 AM,1392.1,0,0.0,37684989.80000001
2025-08-01 09:35:55 AM,1392.1,100,139210.0,37824199.80000001
2025-08-01 09:35:59 AM,1391.4,2,2782.8,37826982.60000001
2025-08-01 09:36:01 AM,1392.0,1,1392.0,37828374.60000001
2025-08-01 09:36:12 AM,1391.5,13,18089.5,37846464.10000001
2025-08-01 09:36:23 AM,1391.4,5,6957.0,37853421.10000001
2025-08-01 09:36:28 AM,1391.2,20,27824.0,37881245.10000001
2025-08-01 09:36:35 AM,1392.7,194,270183.8,38151428.900000006
2025-08-01 09:36:41 AM,1392.6,1,1392.6,38152821.50000001
2025-08-01 09:37:01 AM,1391.5,0,0.0,38152821.50000001
2025-08-01 09:37:05 AM,1391.5,9,12523.5,38165345.00000001
2025-08-01 09:37:19 AM,1391.0,0,0.0,38165345.00000001
2025-08-01 09:37:19 AM,1391.0,26,36166.0,38201511.00000001
2025-08-01 09:37:24 AM,1389.7,0,0.0,38201511.00000001
2025-08-01 09:37:26 AM,1389.7,146,202896.2,38404407.20000001
2025-08-01 09:37:30 AM,1390.1,0,0.0,38404407.20000001
2025-08-01 09:37:33 AM,1388.0,2063,2863444.0,41267851.20000001
2025-08-01 09:37:34 AM,1388.1,0,0.0,41267851.20000001
2025-08-01 09:37:39 AM,1387.3,0,0.0,41267851.20000001
2025-08-01 09:37:40 AM,1387.3,576,799084.7999999999,42066936.00000001
2025-08-01 09:37:40 AM,1387.0,67,92929.0,42159865.00000001
2025-08-01 09:37:43 AM,1387.3,0,0.0,42159865.00000001
2025-08-01 09:37:46 AM,1387.2,88,122073.6,42281938.60000001
2025-08-01 09:37:47 AM,1386.8,0,0.0,42281938.60000001
2025-08-01 09:37:51 AM,1386.9,0,0.0,42281938.60000001
2025-08-01 09:37:53 AM,1386.7,0,0.0,42281938.60000001
2025-08-01 09:37:53 AM,1386.7,23,31894.100000000002,42313832.70000001
2025-08-01 09:37:57 AM,1386.6,0,0.0,42313832.70000001
2025-08-01 09:37:59 AM,1385.8,1548,2145218.4,44459051.10000001
2025-08-01 09:38:00 AM,1386.5,81,112306.5,44571357.60000001
2025-08-01 09:38:02 AM,1385.6,201,278505.6,44849863.20000001
2025-08-01 09:38:02 AM,1386.1,1,1386.1,44851249.30000001
2025-08-01 09:38:03 AM,1386.0,5,6930.0,44858179.30000001
2025-08-01 09:38:03 AM,1386.2,39,54061.8,44912241.10000001
2025-08-01 09:38:05 AM,1385.6,138,191212.8,45103453.900000006
2025-08-01 09:38:05 AM,1385.6,18,24940.8,45128394.7
2025-08-01 09:38:07 AM,1385.6,9,12470.4,45140865.1
2025-08-01 09:38:08 AM,1385.6,34,47110.399999999994,45187975.5
2025-08-01 09:38:10 AM,1385.5,0,0.0,45187975.5
2025-08-01 09:38:10 AM,1385.2,3,4155.6,45192131.1
2025-08-01 09:38:11 AM,1385.6,29,40182.399999999994,45232313.5
2025-08-01 09:38:11 AM,1385.6,3,4156.799999999999,45236470.3
2025-08-01 09:38:12 AM,1385.6,5,6928.0,45243398.3
2025-08-01 09:38:13 AM,1385.6,6,8313.599999999999,45251711.9
2025-08-01 09:38:14 AM,1385.6,20,27712.0,45279423.9
2025-08-01 09:38:15 AM,1385.6,52,72051.2,45351475.1
2025-08-01 09:38:16 AM,1385.8,1,1385.8,45352860.9
2025-08-01 09:38:21 AM,1385.6,3,4156.799999999999,45357017.699999996
2025-08-01 09:38:21 AM,1385.4,0,0.0,45357017.699999996
2025-08-01 09:38:22 AM,1385.4,50,69270.0,45426287.699999996
2025-08-01 09:38:22 AM,1385.8,31,42959.799999999996,45469247.49999999
2025-08-01 09:38:23 AM,1385.8,37,51274.6,45520522.099999994
2025-08-01 09:38:23 AM,1385.8,69,95620.2,45616142.3
2025-08-01 09:38:26 AM,1385.4,0,0.0,45616142.3
2025-08-01 09:38:27 AM,1385.4,18,24937.2,45641079.5
2025-08-01 09:38:27 AM,1385.3,24,33247.2,45674326.7
2025-08-01 09:38:28 AM,1385.3,5,6926.5,45681253.2
2025-08-01 09:38:30 AM,1385.3,10,13853.0,45695106.2
2025-08-01 09:38:33 AM,1385.3,3,4155.9,45699262.1
2025-08-01 09:38:35 AM,1385.3,1,1385.3,45700647.4
2025-08-01 09:38:36 AM,1385.0,400,554000.0,46254647.4
2025-08-01 09:38:41 AM,1385.0,1,1385.0,46256032.4
2025-08-01 09:38:43 AM,1385.0,107,148195.0,46404227.4
2025-08-01 09:38:46 AM,1384.3,0,0.0,46404227.4
2025-08-01 09:38:47 AM,1384.3,100,138430.0,46542657.4
2025-08-01 09:38:47 AM,1384.2,1,1384.2,46544041.6
2025-08-01 09:38:48 AM,1384.9,0,0.0,46544041.6
2025-08-01 09:38:49 AM,1384.9,2,2769.8,46546811.4
2025-08-01 09:38:49 AM,1384.2,30,41526.0,46588337.4
2025-08-01 09:38:49 AM,1384.9,0,0.0,46588337.4
2025-08-01 09:38:50 AM,1384.9,5,6924.5,46595261.9
2025-08-01 09:38:50 AM,1384.1,0,0.0,46595261.9
2025-08-01 09:38:51 AM,1384.1,106,146714.59999999998,46741976.5
2025-08-01 09:38:53 AM,1384.1,14,19377.399999999998,46761353.9
2025-08-01 09:38:54 AM,1384.0,0,0.0,46761353.9
2025-08-01 09:38:55 AM,1384.0,5,6920.0,46768273.9
2025-08-01 09:38:56 AM,1384.1,6,8304.599999999999,46776578.5
2025-08-01 09:38:57 AM,1384.0,17,23528.0,46800106.5
2025-08-01 09:39:01 AM,1384.0,21,29064.0,46829170.5
2025-08-01 09:39:05 AM,1384.4,2,2768.8,46831939.3
2025-08-01 09:39:08 AM,1384.0,0,0.0,46831939.3
2025-08-01 09:39:08 AM,1384.0,2,2768.0,46834707.3
2025-08-01 09:39:10 AM,1383.8,0,0.0,46834707.3
2025-08-01 09:39:11 AM,1383.8,200,276760.0,47111467.3
2025-08-01 09:39:17 AM,1383.8,31,42897.799999999996,47154365.099999994
2025-08-01 09:39:20 AM,1383.8,5,6919.0,47161284.099999994
2025-08-01 09:39:23 AM,1383.5,58,80243.0,47241527.099999994
2025-08-01 09:39:25 AM,1383.0,2,2766.0,47244293.099999994
2025-08-01 09:39:27 AM,1383.1,6,8298.599999999999,47252591.699999996
2025-08-01 09:39:29 AM,1382.2,10,13822.0,47266413.699999996
2025-08-01 09:39:33 AM,1382.3,1,1382.3,47267795.99999999
2025-08-01 09:39:42 AM,1382.3,79,109201.7,47376997.699999996
2025-08-01 09:39:45 AM,1383.4,216,298814.4,47675812.099999994
2025-08-01 09:39:45 AM,1383.3,1,1383.3,47677195.39999999
2025-08-01 09:39:46 AM,1383.3,3,4149.9,47681345.29999999
2025-08-01 09:39:47 AM,1383.6,0,0.0,47681345.29999999
2025-08-01 09:39:48 AM,1383.6,50,69180.0,47750525.29999999
2025-08-01 09:39:53 AM,1383.5,0,0.0,47750525.29999999
2025-08-01 09:39:54 AM,1383.5,3,4150.5,47754675.79999999
2025-08-01 09:39:56 AM,1383.5,70,96845.0,47851520.79999999
2025-08-01 09:40:02 AM,1382.5,0,0.0,47851520.79999999
2025-08-01 09:40:06 AM,1383.1,14,19363.399999999998,47870884.19999999
2025-08-01 09:40:14 AM,1383.5,25,34587.5,47905471.69999999
2025-08-01 09:40:18 AM,1383.3,0,0.0,47905471.69999999
2025-08-01 09:40:19 AM,1383.3,51,70548.3,47976019.999999985
2025-08-01 09:40:20 AM,1382.6,2,2765.2,47978785.19999999
2025-08-01 09:40:25 AM,1383.2,0,0.0,47978785.19999999
2025-08-01 09:40:27 AM,1383.2,29,40112.8,48018897.999999985
2025-08-01 09:40:28 AM,1383.1,0,0.0,48018897.999999985
2025-08-01 09:40:33 AM,1383.1,24,33194.399999999994,48052092.39999998
2025-08-01 09:40:39 AM,1383.1,17,23512.699999999997,48075605.09999999
2025-08-01 09:40:40 AM,1384.3,1440,1993392.0,50068997.09999999
2025-08-01 09:40:41 AM,1384.5,0,0.0,50068997.09999999
2025-08-01 09:40:46 AM,1383.9,0,0.0,50068997.09999999
2025-08-01 09:40:46 AM,1383.9,513,709940.7000000001,50778937.79999999
2025-08-01 09:40:49 AM,1385.0,0,0.0,50778937.79999999
2025-08-01 09:40:52 AM,1385.0,360,498600.0,51277537.79999999
2025-08-01 09:40:54 AM,1385.9,0,0.0,51277537.79999999
2025-08-01 09:40:59 AM,1385.9,56,77610.40000000001,51355148.19999999
2025-08-01 09:41:04 AM,1386.3,8,11090.4,51366238.59999999
2025-08-01 09:41:05 AM,1386.3,1,1386.3,51367624.89999998
2025-08-01 09:41:06 AM,1386.7,16,22187.2,51389812.09999999
2025-08-01 09:41:07 AM,1386.7,4,5546.8,51395358.89999998
2025-08-01 09:41:08 AM,1386.7,3,4160.1,51399518.999999985
2025-08-01 09:41:08 AM,1386.2,10,13862.0,51413380.999999985
2025-08-01 09:41:09 AM,1386.7,46,63788.200000000004,51477169.19999999
2025-08-01 09:41:10 AM,1386.6,8,11092.8,51488261.999999985
2025-08-01 09:41:12 AM,1387.0,0,0.0,51488261.999999985
2025-08-01 09:41:13 AM,1387.0,50,69350.0,51557611.999999985
2025-08-01 09:41:13 AM,1386.9,0,0.0,51557611.999999985
2025-08-01 09:41:14 AM,1386.9,10,13869.0,51571480.999999985
2025-08-01 09:41:17 AM,1386.8,0,0.0,51571480.999999985
2025-08-01 09:41:18 AM,1386.8,1,1386.8,51572867.79999998
2025-08-01 09:41:19 AM,1386.5,0,0.0,51572867.79999998
2025-08-01 09:41:19 AM,1386.5,8,11092.0,51583959.79999998
2025-08-01 09:41:21 AM,1386.8,3,4160.4,51588120.19999998
2025-08-01 09:41:23 AM,1386.5,0,0.0,51588120.19999998
2025-08-01 09:41:24 AM,1386.5,15,20797.5,51608917.69999998
2025-08-01 09:41:24 AM,1386.8,4,5547.2,51614464.89999998
2025-08-01 09:41:26 AM,1386.6,0,0.0,51614464.89999998
2025-08-01 09:41:27 AM,1386.6,1,1386.6,51615851.499999985
2025-08-01 09:41:30 AM,1386.5,2,2773.0,51618624.499999985
2025-08-01 09:41:34 AM,1386.6,0,0.0,51618624.499999985
2025-08-01 09:41:35 AM,1386.6,1,1386.6,51620011.09999999
2025-08-01 09:41:35 AM,1386.5,0,0.0,51620011.09999999
2025-08-01 09:41:36 AM,1386.5,3,4159.5,51624170.59999999
2025-08-01 09:41:36 AM,1386.5,1,1386.5,51625557.09999999
2025-08-01 09:41:36 AM,1386.6,0,0.0,51625557.09999999
2025-08-01 09:41:37 AM,1386.6,15,20799.0,51646356.09999999
2025-08-01 09:41:37 AM,1386.5,3,4159.5,51650515.59999999
2025-08-01 09:41:37 AM,1386.6,0,0.0,51650515.59999999
2025-08-01 09:41:38 AM,1386.6,1,1386.6,51651902.19999999
2025-08-01 09:41:39 AM,1386.5,0,0.0,51651902.19999999
2025-08-01 09:41:40 AM,1386.5,2,2773.0,51654675.19999999
2025-08-01 09:41:42 AM,1386.5,1,1386.5,51656061.69999999
2025-08-01 09:41:42 AM,1386.6,1,1386.6,51657448.29999999
2025-08-01 09:41:43 AM,1386.6,3,4159.799999999999,51661608.09999999
2025-08-01 09:41:52 AM,1386.6,1,1386.6,51662994.69999999
2025-08-01 09:41:52 AM,1386.8,0,0.0,51662994.69999999
2025-08-01 09:41:53 AM,1386.8,25,34670.0,51697664.69999999
2025-08-01 09:41:53 AM,1386.9,1,1386.9,51699051.59999999
2025-08-01 09:41:59 AM,1386.5,3,4159.5,51703211.09999999
2025-08-01 09:41:59 AM,1386.9,0,0.0,51703211.09999999
2025-08-01 09:42:00 AM,1386.9,1,1386.9,51704597.999999985
2025-08-01 09:42:05 AM,1386.9,2,2773.8,51707371.79999998
2025-08-01 09:42:19 AM,1386.2,266,368729.2,52076100.999999985
2025-08-01 09:42:25 AM,1386.2,64,88716.8,52164817.79999998
2025-08-01 09:42:26 AM,1386.4,25,34660.0,52199477.79999998
2025-08-01 09:42:31 AM,1386.4,26,36046.4,52235524.19999998
2025-08-01 09:42:32 AM,1386.3,0,0.0,52235524.19999998
2025-08-01 09:42:32 AM,1386.3,5,6931.5,52242455.69999998
2025-08-01 09:42:35 AM,1386.4,0,0.0,52242455.69999998
2025-08-01 09:42:38 AM,1386.4,9,12477.6,52254933.29999998
2025-08-01 09:42:39 AM,1386.2,1,1386.2,52256319.499999985
2025-08-01 09:42:40 AM,1385.8,0,0.0,52256319.499999985
2025-08-01 09:42:44 AM,1385.8,30,41574.0,52297893.499999985
2025-08-01 09:42:45 AM,1385.8,1,1385.8,52299279.29999998
2025-08-01 09:42:48 AM,1386.0,0,0.0,52299279.29999998
2025-08-01 09:42:51 AM,1385.8,0,0.0,52299279.29999998
2025-08-01 09:42:51 AM,1385.8,55,76219.0,52375498.29999998
2025-08-01 09:42:55 AM,1385.9,0,0.0,52375498.29999998
2025-08-01 09:42:57 AM,1385.9,2,2771.8,52378270.09999998
2025-08-01 09:42:58 AM,1385.8,7,9700.6,52387970.69999998
2025-08-01 09:43:00 AM,1385.9,0,0.0,52387970.69999998
2025-08-01 09:43:00 AM,1385.9,15,20788.5,52408759.19999998
2025-08-01 09:43:01 AM,1386.3,223,309144.89999999997,52717904.09999998
2025-08-01 09:43:02 AM,1386.3,5,6931.5,52724835.59999998
2025-08-01 09:43:03 AM,1386.8,1,1386.8,52726222.399999976
2025-08-01 09:43:05 AM,1386.5,0,0.0,52726222.399999976
2025-08-01 09:43:05 AM,1386.5,10,13865.0,52740087.399999976
2025-08-01 09:43:07 AM,1386.5,41,56846.5,52796933.899999976
2025-08-01 09:43:10 AM,1386.3,1,1386.3,52798320.19999997
2025-08-01 09:43:12 AM,1386.3,2,2772.6,52801092.799999975
2025-08-01 09:43:15 AM,1386.3,1,1386.3,52802479.09999997
2025-08-01 09:43:34 AM,1386.5,1,1386.5,52803865.59999997
2025-08-01 09:43:48 AM,1386.5,39,54073.5,52857939.09999997
2025-08-01 09:43:55 AM,1386.3,7,9704.1,52867643.19999997
2025-08-01 09:43:58 AM,1386.3,23,31884.899999999998,52899528.09999997
2025-08-01 09:43:58 AM,1386.3,4,5545.2,52905073.299999975
2025-08-01 09:43:59 AM,1386.4,1,1386.4,52906459.69999997
2025-08-01 09:44:04 AM,1386.3,0,0.0,52906459.69999997
2025-08-01 09:44:04 AM,1386.3,79,109517.7,53015977.399999976
2025-08-01 09:44:04 AM,1386.2,4,5544.8,53021522.19999997
2025-08-01 09:44:10 AM,1386.0,12,16632.0,53038154.19999997
2025-08-01 09:44:14 AM,1386.2,0,0.0,53038154.19999997
2025-08-01 09:44:15 AM,1386.2,1,1386.2,53039540.399999976
2025-08-01 09:44:21 AM,1386.0,0,0.0,53039540.399999976
2025-08-01 09:44:21 AM,1386.0,1,1386.0,53040926.399999976
2025-08-01 09:44:22 AM,1386.0,82,113652.0,53154578.399999976
2025-08-01 09:44:22 AM,1385.8,34,47117.2,53201695.59999998
2025-08-01 09:44:23 AM,1385.8,6,8314.8,53210010.399999976
2025-08-01 09:44:24 AM,1387.4,0,0.0,53210010.399999976
2025-08-01 09:44:25 AM,1387.4,2413,3347796.2,56557806.59999998
2025-08-01 09:44:25 AM,1387.7,458,635566.6,57193373.19999998
2025-08-01 09:44:25 AM,1387.6,0,0.0,57193373.19999998
2025-08-01 09:44:26 AM,1387.6,19,26364.399999999998,57219737.59999998
2025-08-01 09:44:27 AM,1387.6,53,73542.79999999999,57293280.399999976
2025-08-01 09:44:27 AM,1387.6,5,6938.0,57300218.399999976
2025-08-01 09:44:27 AM,1387.7,0,0.0,57300218.399999976
2025-08-01 09:44:28 AM,1387.7,24,33304.8,57333523.19999997
2025-08-01 09:44:28 AM,1388.0,27,37476.0,57370999.19999997
2025-08-01 09:44:29 AM,1388.1,0,0.0,57370999.19999997
2025-08-01 09:44:30 AM,1388.1,23,31926.3,57402925.49999997
2025-08-01 09:44:30 AM,1388.1,46,63852.6,57466778.09999997
2025-08-01 09:44:31 AM,1388.0,7,9716.0,57476494.09999997
2025-08-01 09:44:32 AM,1388.0,137,190156.0,57666650.09999997
2025-08-01 09:44:33 AM,1387.9,61,84661.90000000001,57751311.99999997
2025-08-01 09:44:34 AM,1387.8,0,0.0,57751311.99999997
2025-08-01 09:44:34 AM,1387.8,21,29143.8,57780455.79999997
2025-08-01 09:44:34 AM,1387.8,27,37470.6,57817926.39999997
2025-08-01 09:44:36 AM,1387.2,337,467486.4,58285412.79999997
2025-08-01 09:44:38 AM,1384.7,316,437565.2,58722977.99999997
2025-08-01 09:44:39 AM,1384.7,6,8308.2,58731286.19999997
2025-08-01 09:44:39 AM,1385.2,12,16622.4,58747908.59999997
2025-08-01 09:44:41 AM,1384.4,7,9690.800000000001,58757599.39999997
2025-08-01 09:44:43 AM,1384.4,60,83064.0,58840663.39999997
2025-08-01 09:44:44 AM,1384.5,25,34612.5,58875275.89999997
2025-08-01 09:44:45 AM,1384.5,30,41535.0,58916810.89999997
2025-08-01 09:44:46 AM,1384.5,3,4153.5,58920964.39999997
2025-08-01 09:44:49 AM,1385.0,12,16620.0,58937584.39999997
2025-08-01 09:44:53 AM,1385.0,100,138500.0,59076084.39999997
2025-08-01 09:44:54 AM,1384.4,13,17997.2,59094081.59999997
2025-08-01 09:44:57 AM,1384.3,60,83058.0,59177139.59999997
2025-08-01 09:44:57 AM,1384.2,0,0.0,59177139.59999997
2025-08-01 09:44:57 AM,1384.2,1,1384.2,59178523.799999975
2025-08-01 09:44:59 AM,1384.3,13,17995.899999999998,59196519.69999997
2025-08-01 09:45:00 AM,1384.0,15,20760.0,59217279.69999997
2025-08-01 09:45:04 AM,1383.8,0,0.0,59217279.69999997
2025-08-01 09:45:05 AM,1383.8,48,66422.4,59283702.09999997
2025-08-01 09:45:06 AM,1384.1,0,0.0,59283702.09999997
2025-08-01 09:45:06 AM,1384.1,189,261594.9,59545296.99999997
2025-08-01 09:45:07 AM,1383.4,6,8300.400000000001,59553597.39999997
2025-08-01 09:45:08 AM,1384.1,10,13841.0,59567438.39999997
2025-08-01 09:45:09 AM,1384.2,0,0.0,59567438.39999997
2025-08-01 09:45:09 AM,1384.2,12,16610.4,59584048.79999997
2025-08-01 09:45:10 AM,1384.7,0,0.0,59584048.79999997
2025-08-01 09:45:11 AM,1384.7,336,465259.2,60049307.99999997
2025-08-01 09:45:11 AM,1384.7,23,31848.100000000002,60081156.09999997
2025-08-01 09:45:14 AM,1385.2,0,0.0,60081156.09999997
2025-08-01 09:45:15 AM,1385.2,13,18007.600000000002,60099163.69999997
2025-08-01 09:45:19 AM,1384.9,0,0.0,60099163.69999997
2025-08-01 09:45:20 AM,1384.9,12,16618.800000000003,60115782.49999997
2025-08-01 09:45:21 AM,1384.8,0,0.0,60115782.49999997
2025-08-01 09:45:22 AM,1384.8,185,256188.0,60371970.49999997
2025-08-01 09:45:24 AM,1384.8,14,19387.2,60391357.69999997
2025-08-01 09:45:26 AM,1384.8,64,88627.2,60479984.899999976
2025-08-01 09:45:29 AM,1384.7,0,0.0,60479984.899999976
2025-08-01 09:45:29 AM,1384.7,14,19385.8,60499370.69999997
2025-08-01 09:45:34 AM,1384.6,0,0.0,60499370.69999997
2025-08-01 09:45:35 AM,1384.6,12,16615.199999999997,60515985.899999976
2025-08-01 09:45:39 AM,1384.7,2,2769.4,60518755.299999975
2025-08-01 09:45:39 AM,1385.0,0,0.0,60518755.299999975
2025-08-01 09:45:40 AM,1385.3,468,648320.4,61167075.69999997
2025-08-01 09:45:44 AM,1385.4,11,15239.400000000001,61182315.09999997
2025-08-01 09:45:44 AM,1385.4,23,31864.2,61214179.299999975
2025-08-01 09:45:49 AM,1385.4,66,91436.40000000001,61305615.69999997
2025-08-01 09:45:54 AM,1385.7,3,4157.1,61309772.799999975
2025-08-01 09:45:58 AM,1386.1,39,54057.899999999994,61363830.69999997
2025-08-01 09:45:59 AM,1386.3,0,0.0,61363830.69999997
2025-08-01 09:45:59 AM,1386.3,3,4158.9,61367989.59999997
2025-08-01 09:45:59 AM,1386.9,0,0.0,61367989.59999997
2025-08-01 09:46:00 AM,1386.9,2,2773.8,61370763.39999997
2025-08-01 09:46:01 AM,1386.0,40,55440.0,61426203.39999997
2025-08-01 09:46:04 AM,1386.6,0,0.0,61426203.39999997
2025-08-01 09:46:05 AM,1386.6,3,4159.799999999999,61430363.199999966
2025-08-01 09:46:06 AM,1385.8,1,1385.8,61431748.99999996
2025-08-01 09:46:06 AM,1386.6,1,1386.6,61433135.599999964
2025-08-01 09:46:28 AM,1386.2,50,69310.0,61502445.599999964
2025-08-01 09:46:29 AM,1386.9,2,2773.8,61505219.39999996
2025-08-01 09:46:30 AM,1386.9,5,6934.5,61512153.89999996
2025-08-01 09:46:34 AM,1386.9,1,1386.9,61513540.79999996
2025-08-01 09:46:36 AM,1386.0,0,0.0,61513540.79999996
2025-08-01 09:46:37 AM,1386.0,52,72072.0,61585612.79999996
2025-08-01 09:46:39 AM,1385.6,2,2771.2,61588383.99999996
2025-08-01 09:46:40 AM,1385.6,1,1385.6,61589769.599999964
2025-08-01 09:46:45 AM,1385.6,50,69280.0,61659049.599999964
2025-08-01 09:46:49 AM,1386.1,3,4158.299999999999,61663207.89999996
2025-08-01 09:47:28 AM,1385.3,45,62338.5,61725546.39999996
2025-08-01 09:47:29 AM,1385.3,1,1385.3,61726931.69999996
2025-08-01 09:47:29 AM,1385.8,2,2771.6,61729703.29999996
2025-08-01 09:47:41 AM,1385.3,33,45714.9,61775418.19999996
2025-08-01 09:47:42 AM,1384.1,0,0.0,61775418.19999996
2025-08-01 09:47:42 AM,1384.1,56,77509.59999999999,61852927.79999996
2025-08-01 09:47:44 AM,1385.0,0,0.0,61852927.79999996
2025-08-01 09:47:44 AM,1384.6,78,107998.79999999999,61960926.59999996
2025-08-01 09:47:44 AM,1384.6,41,56768.6,62017695.19999996
2025-08-01 09:47:44 AM,1385.7,0,0.0,62017695.19999996
2025-08-01 09:47:45 AM,1385.7,62,85913.40000000001,62103608.59999996
2025-08-01 09:47:45 AM,1385.5,52,72046.0,62175654.59999996
2025-08-01 09:47:46 AM,1386.3,0,0.0,62175654.59999996
2025-08-01 09:47:46 AM,1386.3,153,212103.9,62387758.499999955
2025-08-01 09:47:47 AM,1386.3,36,49906.799999999996,62437665.29999995
2025-08-01 09:47:47 AM,1386.8,0,0.0,62437665.29999995
2025-08-01 09:47:47 AM,1386.9,252,349498.80000000005,62787164.09999995
2025-08-01 09:47:48 AM,1387.0,130,180310.0,62967474.09999995
2025-08-01 09:47:49 AM,1387.4,40,55496.0,63022970.09999995
2025-08-01 09:47:51 AM,1387.5,41,56887.5,63079857.59999995
2025-08-01 09:47:54 AM,1387.7,4,5550.8,63085408.39999995
2025-08-01 09:47:58 AM,1386.7,0,0.0,63085408.39999995
2025-08-01 09:47:59 AM,1386.7,2,2773.4,63088181.799999945
2025-08-01 09:48:01 AM,1387.2,0,0.0,63088181.799999945
2025-08-01 09:48:02 AM,1387.2,50,69360.0,63157541.799999945
2025-08-01 09:48:03 AM,1386.8,0,0.0,63157541.799999945
2025-08-01 09:48:04 AM,1386.4,47,65160.8,63222702.59999994
2025-08-01 09:48:07 AM,1387.2,3,4161.6,63226864.19999994
2025-08-01 09:48:09 AM,1387.3,2,2774.6,63229638.799999945
2025-08-01 09:48:12 AM,1387.3,7,9711.1,63239349.89999995
2025-08-01 09:48:13 AM,1387.3,5,6936.5,63246286.39999995
2025-08-01 09:48:14 AM,1387.4,0,0.0,63246286.39999995
2025-08-01 09:48:15 AM,1387.4,1,1387.4,63247673.799999945
2025-08-01 09:48:24 AM,1387.5,0,0.0,63247673.799999945
2025-08-01 09:48:25 AM,1387.5,44,61050.0,63308723.799999945
2025-08-01 09:48:29 AM,1388.0,1,1388.0,63310111.799999945
2025-08-01 09:48:32 AM,1388.3,1,1388.3,63311500.09999994
2025-08-01 09:48:37 AM,1388.6,1,1388.6,63312888.69999994
2025-08-01 09:48:43 AM,1387.8,0,0.0,63312888.69999994
2025-08-01 09:48:44 AM,1387.8,2,2775.6,63315664.299999945
2025-08-01 09:48:46 AM,1388.3,20,27766.0,63343430.299999945
2025-08-01 09:48:49 AM,1388.3,12,16659.6,63360089.89999995
2025-08-01 09:48:51 AM,1387.6,0,0.0,63360089.89999995
2025-08-01 09:48:51 AM,1387.6,2,2775.2,63362865.09999995
2025-08-01 09:49:02 AM,1387.4,1,1387.4,63364252.49999995
2025-08-01 09:49:05 AM,1387.6,1,1387.6,63365640.09999995
2025-08-01 09:49:05 AM,1387.4,0,0.0,63365640.09999995
2025-08-01 09:49:06 AM,1387.4,39,54108.600000000006,63419748.69999995
2025-08-01 09:49:09 AM,1387.3,2,2774.6,63422523.29999995
2025-08-01 09:49:10 AM,1387.3,1,1387.3,63423910.59999995
2025-08-01 09:49:14 AM,1387.8,1,1387.8,63425298.39999995
2025-08-01 09:49:33 AM,1387.9,0,0.0,63425298.39999995
2025-08-01 09:49:33 AM,1387.9,1,1387.9,63426686.299999945
2025-08-01 09:49:34 AM,1387.9,20,27758.0,63454444.299999945
2025-08-01 09:49:39 AM,1387.9,1,1387.9,63455832.19999994
2025-08-01 09:49:40 AM,1387.4,0,0.0,63455832.19999994
2025-08-01 09:49:40 AM,1387.4,1,1387.4,63457219.59999994
2025-08-01 09:49:47 AM,1387.4,1,1387.4,63458606.99999994
2025-08-01 09:49:54 AM,1387.8,2,2775.6,63461382.59999994
2025-08-01 09:50:09 AM,1387.0,0,0.0,63461382.59999994
2025-08-01 09:50:10 AM,1387.0,31,42997.0,63504379.59999994
2025-08-01 09:50:13 AM,1387.7,0,0.0,63504379.59999994
2025-08-01 09:50:14 AM,1387.7,1,1387.7,63505767.299999945
2025-08-01 09:50:14 AM,1387.6,0,0.0,63505767.299999945
2025-08-01 09:50:15 AM,1387.6,2,2775.2,63508542.49999995
2025-08-01 09:50:19 AM,1387.6,1,1387.6,63509930.09999995
2025-08-01 09:50:21 AM,1386.9,0,0.0,63509930.09999995
2025-08-01 09:50:22 AM,1386.9,17,23577.300000000003,63533507.39999995
2025-08-01 09:50:22 AM,1386.6,0,0.0,63533507.39999995
2025-08-01 09:50:23 AM,1386.6,66,91515.59999999999,63625022.99999995
2025-08-01 09:50:24 AM,1387.5,4,5550.0,63630572.99999995
2025-08-01 09:50:27 AM,1387.5,326,452325.0,64082897.99999995
2025-08-01 09:50:29 AM,1387.5,16,22200.0,64105097.99999995
2025-08-01 09:50:34 AM,1387.5,1,1387.5,64106485.49999995
2025-08-01 09:50:37 AM,1387.6,0,0.0,64106485.49999995
2025-08-01 09:50:38 AM,1387.6,80,111008.0,64217493.49999995
2025-08-01 09:50:39 AM,1387.8,4,5551.2,64223044.69999995
2025-08-01 09:50:43 AM,1387.8,1,1387.8,64224432.49999995
2025-08-01 09:51:09 AM,1387.8,79,109636.2,64334068.69999995
2025-08-01 09:51:11 AM,1387.8,22,30531.6,64364600.29999995
2025-08-01 09:51:11 AM,1388.7,129,179142.30000000002,64543742.59999995
2025-08-01 09:51:14 AM,1388.4,0,0.0,64543742.59999995
2025-08-01 09:51:15 AM,1388.4,12,16660.800000000003,64560403.39999995
2025-08-01 09:51:19 AM,1388.4,1,1388.4,64561791.799999945
2025-08-01 09:51:26 AM,1388.5,0,0.0,64561791.799999945
2025-08-01 09:51:27 AM,1388.5,10,13885.0,64575676.799999945
2025-08-01 09:51:38 AM,1387.6,294,407954.39999999997,64983631.19999994
2025-08-01 09:51:39 AM,1388.0,19,26372.0,65010003.19999994
2025-08-01 09:51:44 AM,1387.9,1,1387.9,65011391.09999994
2025-08-01 09:51:51 AM,1388.9,270,375003.0,65386394.09999994
2025-08-01 09:51:52 AM,1389.3,0,0.0,65386394.09999994
2025-08-01 09:51:52 AM,1389.3,138,191723.4,65578117.49999994
2025-08-01 09:51:53 AM,1390.0,0,0.0,65578117.49999994
2025-08-01 09:51:53 AM,1390.0,923,1282970.0,66861087.49999994
2025-08-01 09:51:53 AM,1389.7,0,0.0,66861087.49999994
2025-08-01 09:51:54 AM,1389.7,10,13897.0,66874984.49999994
2025-08-01 09:51:54 AM,1390.0,0,0.0,66874984.49999994
2025-08-01 09:51:54 AM,1390.0,2,2780.0,66877764.49999994
2025-08-01 09:51:55 AM,1389.7,1,1389.7,66879154.19999994
2025-08-01 09:51:57 AM,1390.7,0,0.0,66879154.19999994
2025-08-01 09:51:58 AM,1390.7,108,150195.6,67029349.799999945
2025-08-01 09:52:00 AM,1389.7,26,36132.200000000004,67065481.99999995
2025-08-01 09:52:04 AM,1390.7,0,0.0,67065481.99999995
2025-08-01 09:52:05 AM,1390.7,2,2781.4,67068263.39999995
2025-08-01 09:52:34 AM,1389.7,56,77823.2,67146086.59999995
2025-08-01 09:52:39 AM,1390.3,3,4170.9,67150257.49999996
2025-08-01 09:52:45 AM,1390.3,50,69515.0,67219772.49999996
2025-08-01 09:52:49 AM,1390.3,2,2780.6,67222553.09999995
2025-08-01 09:53:15 AM,1389.6,0,0.0,67222553.09999995
2025-08-01 09:53:15 AM,1390.2,71,98704.2,67321257.29999995
2025-08-01 09:53:19 AM,1390.2,4,5560.8,67326818.09999995
2025-08-01 09:53:26 AM,1389.6,1,1389.6,67328207.69999994
2025-08-01 09:53:27 AM,1389.2,50,69460.0,67397667.69999994
2025-08-01 09:53:28 AM,1390.0,0,0.0,67397667.69999994
2025-08-01 09:53:29 AM,1389.8,39,54202.2,67451869.89999995
2025-08-01 09:53:31 AM,1390.1,0,0.0,67451869.89999995
2025-08-01 09:53:32 AM,1390.1,8,11120.8,67462990.69999994
2025-08-01 09:53:33 AM,1390.1,1,1390.1,67464380.79999994
2025-08-01 09:53:35 AM,1390.1,2,2780.2,67467160.99999994
2025-08-01 09:53:40 AM,1389.9,0,0.0,67467160.99999994
2025-08-01 09:53:41 AM,1389.9,59,82004.1,67549165.09999993
2025-08-01 09:53:41 AM,1390.0,0,0.0,67549165.09999993
2025-08-01 09:53:42 AM,1390.0,15,20850.0,67570015.09999993
2025-08-01 09:53:53 AM,1390.1,1,1390.1,67571405.19999993
2025-08-01 09:53:54 AM,1389.3,0,0.0,67571405.19999993
2025-08-01 09:53:55 AM,1389.3,10,13893.0,67585298.19999993
2025-08-01 09:53:56 AM,1390.0,67,93130.0,67678428.19999993
2025-08-01 09:53:57 AM,1390.0,50,69500.0,67747928.19999993
2025-08-01 09:53:58 AM,1390.0,7,9730.0,67757658.19999993
2025-08-01 09:53:59 AM,1390.0,88,122320.0,67879978.19999993
2025-08-01 09:54:01 AM,1390.0,2,2780.0,67882758.19999993
2025-08-01 09:54:04 AM,1389.3,0,0.0,67882758.19999993
2025-08-01 09:54:05 AM,1389.3,20,27786.0,67910544.19999993
2025-08-01 09:54:06 AM,1390.0,50,69500.0,67980044.19999993
2025-08-01 09:54:08 AM,1390.0,1,1390.0,67981434.19999993
2025-08-01 09:54:14 AM,1389.3,0,0.0,67981434.19999993
2025-08-01 09:54:15 AM,1389.3,10,13893.0,67995327.19999993
2025-08-01 09:54:17 AM,1389.9,0,0.0,67995327.19999993
2025-08-01 09:54:18 AM,1389.9,72,100072.8,68095399.99999993
2025-08-01 09:54:29 AM,1390.0,0,0.0,68095399.99999993
2025-08-01 09:54:30 AM,1390.0,14,19460.0,68114859.99999993
2025-08-01 09:54:48 AM,1390.1,4,5560.4,68120420.39999993
2025-08-01 09:54:53 AM,1390.5,0,0.0,68120420.39999993
2025-08-01 09:54:53 AM,1390.5,100,139050.0,68259470.39999993
2025-08-01 09:54:58 AM,1390.6,0,0.0,68259470.39999993
2025-08-01 09:54:58 AM,1390.6,1,1390.6,68260860.99999993
2025-08-01 09:54:58 AM,1390.6,1,1390.6,68262251.59999992
2025-08-01 09:55:01 AM,1391.0,4,5564.0,68267815.59999992
2025-08-01 09:55:03 AM,1390.2,4,5560.8,68273376.39999992
2025-08-01 09:55:08 AM,1391.1,0,0.0,68273376.39999992
2025-08-01 09:55:09 AM,1391.1,1,1391.1,68274767.49999991
2025-08-01 09:55:12 AM,1390.7,0,0.0,68274767.49999991
2025-08-01 09:55:13 AM,1390.7,20,27814.0,68302581.49999991
2025-08-01 09:55:13 AM,1390.7,1,1390.7,68303972.19999991
2025-08-01 09:55:29 AM,1390.5,190,264195.0,68568167.19999991
2025-08-01 09:55:33 AM,1390.5,9,12514.5,68580681.69999991
2025-08-01 09:55:38 AM,1390.5,1,1390.5,68582072.19999991
2025-08-01 09:56:11 AM,1390.5,8,11124.0,68593196.19999991
2025-08-01 09:56:22 AM,1390.0,1,1390.0,68594586.19999991
2025-08-01 09:56:23 AM,1390.0,100,139000.0,68733586.19999991
2025-08-01 09:56:28 AM,1390.5,5,6952.5,68740538.69999991
2025-08-01 09:56:41 AM,1390.5,18,25029.0,68765567.69999991
2025-08-01 09:56:43 AM,1390.4,1,1390.4,68766958.09999992
2025-08-01 09:56:46 AM,1389.5,0,0.0,68766958.09999992
2025-08-01 09:56:46 AM,1389.5,107,148676.5,68915634.59999992
2025-08-01 09:56:47 AM,1389.8,0,0.0,68915634.59999992
2025-08-01 09:56:47 AM,1389.8,2,2779.6,68918414.19999991
2025-08-01 09:56:48 AM,1390.0,6,8340.0,68926754.19999991
2025-08-01 09:56:49 AM,1390.2,0,0.0,68926754.19999991
2025-08-01 09:56:49 AM,1390.2,345,479619.0,69406373.19999991
2025-08-01 09:56:51 AM,1390.1,0,0.0,69406373.19999991
2025-08-01 09:56:51 AM,1390.1,1,1390.1,69407763.29999991
2025-08-01 09:56:53 AM,1390.1,17,23631.699999999997,69431394.99999991
2025-08-01 09:56:58 AM,1389.2,48,66681.6,69498076.5999999
2025-08-01 09:56:59 AM,1389.2,1,1389.2,69499465.79999991
2025-08-01 09:56:59 AM,1389.6,0,0.0,69499465.79999991
2025-08-01 09:56:59 AM,1389.6,71,98661.59999999999,69598127.3999999
2025-08-01 09:57:00 AM,1390.1,65,90356.5,69688483.8999999
2025-08-01 09:57:01 AM,1388.8,227,315257.6,70003741.4999999
2025-08-01 09:57:01 AM,1389.1,93,129186.29999999999,70132927.7999999
2025-08-01 09:57:02 AM,1389.7,112,155646.4,70288574.1999999
2025-08-01 09:57:03 AM,1389.6,3,4168.799999999999,70292742.9999999
2025-08-01 09:57:06 AM,1390.1,22,30582.199999999997,70323325.1999999
2025-08-01 09:57:08 AM,1390.1,7,9730.699999999999,70333055.8999999
2025-08-01 09:57:09 AM,1390.0,109,151510.0,70484565.8999999
2025-08-01 09:57:12 AM,1390.0,115,159850.0,70644415.8999999
2025-08-01 09:57:13 AM,1390.0,6,8340.0,70652755.8999999
2025-08-01 09:57:13 AM,1390.0,27,37530.0,70690285.8999999
2025-08-01 09:57:18 AM,1390.1,7,9730.699999999999,70700016.5999999
2025-08-01 09:57:23 AM,1390.1,1,1390.1,70701406.6999999
2025-08-01 09:57:39 AM,1389.9,34,47256.600000000006,70748663.2999999
2025-08-01 09:57:42 AM,1390.0,20,27800.0,70776463.2999999
2025-08-01 09:57:43 AM,1390.0,2,2780.0,70779243.2999999
2025-08-01 09:57:44 AM,1390.0,20,27800.0,70807043.2999999
2025-08-01 09:57:45 AM,1390.0,1,1390.0,70808433.2999999
2025-08-01 09:57:48 AM,1390.1,2,2780.2,70811213.4999999
2025-08-01 09:57:54 AM,1389.9,0,0.0,70811213.4999999
2025-08-01 09:57:54 AM,1389.9,291,404460.9,71215674.3999999
2025-08-01 09:57:56 AM,1390.0,0,0.0,71215674.3999999
2025-08-01 09:57:56 AM,1390.0,109,151510.0,71367184.3999999
2025-08-01 09:57:57 AM,1390.1,0,0.0,71367184.3999999
2025-08-01 09:57:57 AM,1390.1,46,63944.6,71431128.9999999
2025-08-01 09:57:58 AM,1389.0,0,0.0,71431128.9999999
2025-08-01 09:57:58 AM,1389.4,140,194516.0,71625644.9999999
2025-08-01 09:57:59 AM,1389.8,0,0.0,71625644.9999999
2025-08-01 09:57:59 AM,1389.8,1011,1405087.8,73030732.7999999
2025-08-01 09:57:59 AM,1390.0,0,0.0,73030732.7999999
2025-08-01 09:57:59 AM,1390.0,101,140390.0,73171122.7999999
2025-08-01 09:58:01 AM,1388.5,0,0.0,73171122.7999999
2025-08-01 09:58:01 AM,1388.5,375,520687.5,73691810.2999999
2025-08-01 09:58:01 AM,1389.6,41,56973.6,73748783.89999989
2025-08-01 09:58:02 AM,1389.2,259,359802.8,74108586.69999988
2025-08-01 09:58:03 AM,1389.6,84,116726.4,74225313.09999989
2025-08-01 09:58:04 AM,1389.8,0,0.0,74225313.09999989
2025-08-01 09:58:04 AM,1389.8,13,18067.399999999998,74243380.4999999
2025-08-01 09:58:05 AM,1388.1,1079,1497759.9,75741140.3999999
2025-08-01 09:58:05 AM,1388.8,16,22220.8,75763361.1999999
2025-08-01 09:58:06 AM,1388.9,0,0.0,75763361.1999999
2025-08-01 09:58:06 AM,1388.9,43,59722.700000000004,75823083.8999999
2025-08-01 09:58:06 AM,1389.3,69,95861.7,75918945.5999999
2025-08-01 09:58:08 AM,1389.6,0,0.0,75918945.5999999
2025-08-01 09:58:08 AM,1389.5,427,593316.5,76512262.0999999
2025-08-01 09:58:09 AM,1389.7,0,0.0,76512262.0999999
2025-08-01 09:58:09 AM,1389.7,33,45860.1,76558122.1999999
2025-08-01 09:58:10 AM,1389.6,239,332114.39999999997,76890236.5999999
2025-08-01 09:58:11 AM,1388.9,111,154167.90000000002,77044404.49999991
2025-08-01 09:58:12 AM,1388.1,573,795381.2999999999,77839785.79999991
2025-08-01 09:58:13 AM,1389.4,0,0.0,77839785.79999991
2025-08-01 09:58:13 AM,1389.3,1192,1656045.5999999999,79495831.3999999
2025-08-01 09:58:14 AM,1388.3,41,56920.299999999996,79552751.6999999
2025-08-01 09:58:15 AM,1389.5,0,0.0,79552751.6999999
2025-08-01 09:58:15 AM,1389.5,120,166740.0,79719491.6999999
2025-08-01 09:58:16 AM,1389.0,0,0.0,79719491.6999999
2025-08-01 09:58:16 AM,1389.0,685,951465.0,80670956.6999999
2025-08-01 09:58:17 AM,1388.0,0,0.0,80670956.6999999
2025-08-01 09:58:17 AM,1388.0,850,1179800.0,81850756.6999999
2025-08-01 09:58:18 AM,1389.0,0,0.0,81850756.6999999
2025-08-01 09:58:18 AM,1388.9,318,441670.2,82292426.8999999
2025-08-01 09:58:19 AM,1389.2,190,263948.0,82556374.8999999
2025-08-01 09:58:20 AM,1389.5,0,0.0,82556374.8999999
2025-08-01 09:58:20 AM,1390.1,183,254388.3,82810763.1999999
2025-08-01 09:58:21 AM,1388.2,0,0.0,82810763.1999999
2025-08-01 09:58:21 AM,1388.2,417,578879.4,83389642.5999999
2025-08-01 09:58:21 AM,1389.0,1,1389.0,83391031.5999999
2025-08-01 09:58:22 AM,1389.4,0,0.0,83391031.5999999
2025-08-01 09:58:22 AM,1389.4,150,208410.0,83599441.5999999
2025-08-01 09:58:23 AM,1390.0,0,0.0,83599441.5999999
2025-08-01 09:58:23 AM,1389.2,195,270894.0,83870335.5999999
2025-08-01 09:58:25 AM,1389.8,69,95896.2,83966231.79999991
2025-08-01 09:58:27 AM,1390.0,0,0.0,83966231.79999991
2025-08-01 09:58:27 AM,1390.0,101,140390.0,84106621.79999991
2025-08-01 09:58:28 AM,1389.3,48,66686.4,84173308.19999991
2025-08-01 09:58:29 AM,1390.0,0,0.0,84173308.19999991
2025-08-01 09:58:29 AM,1390.0,106,147340.0,84320648.19999991
2025-08-01 09:58:30 AM,1390.1,0,0.0,84320648.19999991
2025-08-01 09:58:30 AM,1390.1,116,161251.59999999998,84481899.79999991
2025-08-01 09:58:32 AM,1390.2,300,417060.0,84898959.79999991
2025-08-01 09:58:33 AM,1390.4,29,40321.600000000006,84939281.3999999
2025-08-01 09:58:35 AM,1390.6,0,0.0,84939281.3999999
2025-08-01 09:58:35 AM,1390.6,50,69530.0,85008811.3999999
2025-08-01 09:58:38 AM,1390.6,4,5562.4,85014373.79999991
2025-08-01 09:58:47 AM,1389.5,391,543294.5,85557668.29999991
2025-08-01 09:58:48 AM,1390.6,20,27812.0,85585480.29999991
2025-08-01 09:58:53 AM,1390.4,1,1390.4,85586870.69999991
2025-08-01 09:58:59 AM,1390.0,0,0.0,85586870.69999991
2025-08-01 09:58:59 AM,1390.0,253,351670.0,85938540.69999991
2025-08-01 09:59:02 AM,1390.1,0,0.0,85938540.69999991
2025-08-01 09:59:02 AM,1390.1,50,69505.0,86008045.69999991
2025-08-01 09:59:03 AM,1390.1,15,20851.5,86028897.19999991
2025-08-01 09:59:08 AM,1389.2,28,38897.6,86067794.79999991
2025-08-01 09:59:10 AM,1389.7,233,323800.10000000003,86391594.8999999
2025-08-01 09:59:12 AM,1389.5,130,180635.0,86572229.8999999
2025-08-01 09:59:13 AM,1389.7,0,0.0,86572229.8999999
2025-08-01 09:59:13 AM,1389.1,84,116684.4,86688914.29999991
2025-08-01 09:59:13 AM,1389.7,354,491953.8,87180868.0999999
2025-08-01 09:59:15 AM,1390.0,0,0.0,87180868.0999999
2025-08-01 09:59:15 AM,1390.0,83,115370.0,87296238.0999999
2025-08-01 09:59:17 AM,1390.1,0,0.0,87296238.0999999
2025-08-01 09:59:17 AM,1390.1,233,323893.3,87620131.3999999
2025-08-01 09:59:18 AM,1390.1,44,61164.399999999994,87681295.79999991
2025-08-01 09:59:20 AM,1389.7,0,0.0,87681295.79999991
2025-08-01 09:59:20 AM,1389.7,2,2779.4,87684075.19999991
2025-08-01 09:59:20 AM,1389.2,27,37508.4,87721583.59999992
2025-08-01 09:59:22 AM,1389.9,0,0.0,87721583.59999992
2025-08-01 09:59:22 AM,1389.9,146,202925.40000000002,87924508.99999993
2025-08-01 09:59:23 AM,1389.5,53,73643.5,87998152.49999993
2025-08-01 09:59:26 AM,1389.9,2,2779.8,88000932.29999992
2025-08-01 09:59:28 AM,1390.2,3,4170.6,88005102.89999992
2025-08-01 09:59:29 AM,1390.2,71,98704.2,88103807.09999992
2025-08-01 09:59:33 AM,1390.5,3,4171.5,88107978.59999992
2025-08-01 09:59:41 AM,1390.2,47,65339.4,88173317.99999993
2025-08-01 09:59:43 AM,1390.0,5,6950.0,88180267.99999993
2025-08-01 09:59:44 AM,1389.5,12,16674.0,88196941.99999993
2025-08-01 09:59:45 AM,1390.0,0,0.0,88196941.99999993
2025-08-01 09:59:45 AM,1390.0,61,84790.0,88281731.99999993
2025-08-01 09:59:48 AM,1390.2,4,5560.8,88287292.79999992
2025-08-01 09:59:54 AM,1389.5,0,0.0,88287292.79999992
2025-08-01 09:59:54 AM,1389.5,6,8337.0,88295629.79999992
2025-08-01 09:59:54 AM,1390.0,170,236300.0,88531929.79999992
2025-08-01 09:59:58 AM,1390.1,9,12510.9,88544440.69999993
2025-08-01 10:00:00 AM,1390.0,0,0.0,88544440.69999993
2025-08-01 10:00:00 AM,1390.0,60,83400.0,88627840.69999993
2025-08-01 10:00:03 AM,1390.1,3,4170.299999999999,88632010.99999993
2025-08-01 10:00:03 AM,1390.0,14,19460.0,88651470.99999993
2025-08-01 10:00:06 AM,1390.0,29,40310.0,88691780.99999993
2025-08-01 10:00:08 AM,1390.0,20,27800.0,88719580.99999993
2025-08-01 10:00:09 AM,1390.0,30,41700.0,88761280.99999993
2025-08-01 10:00:10 AM,1390.0,9,12510.0,88773790.99999993
2025-08-01 10:00:11 AM,1389.2,618,858525.6,89632316.59999992
2025-08-01 10:00:12 AM,1389.4,0,0.0,89632316.59999992
2025-08-01 10:00:12 AM,1389.4,414,575211.6000000001,90207528.19999991
2025-08-01 10:00:12 AM,1389.9,186,258521.40000000002,90466049.59999992
2025-08-01 10:00:13 AM,1389.5,55,76422.5,90542472.09999992
2025-08-01 10:00:13 AM,1389.6,345,479411.99999999994,91021884.09999992
2025-08-01 10:00:14 AM,1388.7,0,0.0,91021884.09999992
2025-08-01 10:00:14 AM,1388.7,24,33328.8,91055212.89999992
2025-08-01 10:00:14 AM,1389.2,406,564015.2000000001,91619228.09999992
2025-08-01 10:00:15 AM,1390.0,548,761720.0,92380948.09999992
2025-08-01 10:00:16 AM,1388.9,0,0.0,92380948.09999992
2025-08-01 10:00:16 AM,1388.9,1,1388.9,92382336.99999993
2025-08-01 10:00:16 AM,1388.8,544,755507.2,93137844.19999993
2025-08-01 10:00:17 AM,1389.8,30,41694.0,93179538.19999993
2025-08-01 10:00:18 AM,1388.9,0,0.0,93179538.19999993
2025-08-01 10:00:18 AM,1389.8,129,179284.19999999998,93358822.39999993
2025-08-01 10:00:18 AM,1389.8,137,190402.6,93549224.99999993
2025-08-01 10:00:19 AM,1388.8,0,0.0,93549224.99999993
2025-08-01 10:00:19 AM,1388.8,31,43052.799999999996,93592277.79999992
2025-08-01 10:00:20 AM,1388.9,0,0.0,93592277.79999992
2025-08-01 10:00:20 AM,1388.9,833,1156953.7000000002,94749231.49999993
2025-08-01 10:00:20 AM,1389.0,1060,1472340.0,96221571.49999993
2025-08-01 10:00:21 AM,1389.0,252,350028.0,96571599.49999993
2025-08-01 10:00:21 AM,1388.9,732,1016674.8,97588274.29999992
2025-08-01 10:00:22 AM,1388.5,0,0.0,97588274.29999992
2025-08-01 10:00:22 AM,1388.5,581,806718.5,98394992.79999992
2025-08-01 10:00:23 AM,1388.6,0,0.0,98394992.79999992
2025-08-01 10:00:23 AM,1389.4,807,1121245.8,99516238.59999992
2025-08-01 10:00:23 AM,1389.4,48,66691.20000000001,99582929.79999992
2025-08-01 10:00:24 AM,1389.4,446,619672.4,100202602.19999993
2025-08-01 10:00:24 AM,1388.9,69,95834.1,100298436.29999992
2025-08-01 10:00:25 AM,1389.0,725,1007025.0,101305461.29999992
2025-08-01 10:00:26 AM,1388.9,604,838895.6000000001,102144356.89999992
2025-08-01 10:00:27 AM,1390.0,973,1352470.0,103496826.89999992
2025-08-01 10:00:28 AM,1390.1,14,19461.399999999998,103516288.29999992
2025-08-01 10:00:29 AM,1389.0,39,54171.0,103570459.29999992
2025-08-01 10:00:30 AM,1390.0,110,152900.0,103723359.29999992
2025-08-01 10:00:32 AM,1388.7,0,0.0,103723359.29999992
2025-08-01 10:00:32 AM,1388.7,536,744343.2000000001,104467702.49999993
2025-08-01 10:00:33 AM,1388.9,0,0.0,104467702.49999993
2025-08-01 10:00:33 AM,1388.9,2090,2902801.0,107370503.49999993
2025-08-01 10:00:34 AM,1390.0,0,0.0,107370503.49999993
2025-08-01 10:00:34 AM,1390.0,869,1207910.0,108578413.49999993
2025-08-01 10:00:34 AM,1388.9,197,273613.30000000005,108852026.79999992
2025-08-01 10:00:35 AM,1390.0,300,417000.0,109269026.79999992
2025-08-01 10:00:35 AM,1388.8,0,0.0,109269026.79999992
2025-08-01 10:00:35 AM,1388.8,64,88883.2,109357909.99999993
2025-08-01 10:00:36 AM,1386.5,0,0.0,109357909.99999993
2025-08-01 10:00:36 AM,1386.4,721,999594.4,110357504.39999993
2025-08-01 10:00:36 AM,1388.1,338,469177.8,110826682.19999993
2025-08-01 10:00:37 AM,1388.3,0,0.0,110826682.19999993
2025-08-01 10:00:37 AM,1388.3,375,520612.5,111347294.69999993
2025-08-01 10:00:37 AM,1389.8,0,0.0,111347294.69999993
2025-08-01 10:00:37 AM,1389.8,887,1232752.5999999999,112580047.29999992
2025-08-01 10:00:38 AM,1390.0,0,0.0,112580047.29999992
2025-08-01 10:00:38 AM,1390.0,27,37530.0,112617577.29999992
2025-08-01 10:00:40 AM,1389.2,0,0.0,112617577.29999992
2025-08-01 10:00:40 AM,1389.2,43,59735.6,112677312.89999992
2025-08-01 10:00:41 AM,1390.0,0,0.0,112677312.89999992
2025-08-01 10:00:41 AM,1390.0,22,30580.0,112707892.89999992
2025-08-01 10:00:42 AM,1390.0,1,1390.0,112709282.89999992
2025-08-01 10:00:43 AM,1390.1,15,20851.5,112730134.39999992
2025-08-01 10:00:48 AM,1390.1,13,18071.3,112748205.69999991
2025-08-01 10:00:51 AM,1389.8,395,548971.0,113297176.69999991
2025-08-01 10:00:52 AM,1389.0,104,144456.0,113441632.69999991
2025-08-01 10:00:52 AM,1390.0,51,70890.0,113512522.69999991
2025-08-01 10:00:53 AM,1389.9,14,19458.600000000002,113531981.29999991
2025-08-01 10:00:53 AM,1390.1,303,421200.3,113953181.5999999
2025-08-01 10:00:58 AM,1390.1,14,19461.399999999998,113972642.99999991
2025-08-01 10:01:03 AM,1390.1,14,19461.399999999998,113992104.39999992
2025-08-01 10:01:06 AM,1390.1,120,166812.0,114158916.39999992
2025-08-01 10:01:07 AM,1390.2,81,112606.2,114271522.59999992
2025-08-01 10:01:08 AM,1390.2,86,119557.2,114391079.79999992
2025-08-01 10:01:13 AM,1390.3,15,20854.5,114411934.29999992
2025-08-01 10:01:18 AM,1390.7,193,268405.10000000003,114680339.39999992
2025-08-01 10:01:19 AM,1390.8,0,0.0,114680339.39999992
2025-08-01 10:01:19 AM,1390.8,79,109873.2,114790212.59999992
2025-08-01 10:01:23 AM,1390.9,14,19472.600000000002,114809685.19999991
2025-08-01 10:01:28 AM,1390.9,14,19472.600000000002,114829157.79999991
2025-08-01 10:01:33 AM,1390.9,47,65372.3,114894530.0999999
2025-08-01 10:01:38 AM,1391.0,38,52858.0,114947388.0999999
2025-08-01 10:01:40 AM,1391.5,299,416058.5,115363446.5999999
2025-08-01 10:01:41 AM,1391.3,59,82086.7,115445533.29999991
2025-08-01 10:01:41 AM,1391.5,3,4174.5,115449707.79999991
2025-08-01 10:01:42 AM,1391.3,9,12521.699999999999,115462229.49999991
2025-08-01 10:01:43 AM,1391.5,14,19481.0,115481710.49999991
2025-08-01 10:01:44 AM,1391.6,0,0.0,115481710.49999991
2025-08-01 10:01:44 AM,1391.6,10,13916.0,115495626.49999991
2025-08-01 10:01:46 AM,1392.3,121,168468.3,115664094.79999991
2025-08-01 10:01:48 AM,1392.8,13,18106.399999999998,115682201.19999991
2025-08-01 10:01:53 AM,1392.8,14,19499.2,115701700.39999992
2025-08-01 10:01:58 AM,1392.8,14,19499.2,115721199.59999992
2025-08-01 10:02:03 AM,1392.8,18,25070.399999999998,115746269.99999993
2025-08-01 10:02:08 AM,1392.8,2,2785.6,115749055.59999992
2025-08-01 10:02:08 AM,1392.8,13,18106.399999999998,115767161.99999993
2025-08-01 10:02:13 AM,1392.8,10,13928.0,115781089.99999993
2025-08-01 10:02:16 AM,1393.3,5,6966.5,115788056.49999993
2025-08-01 10:02:18 AM,1393.3,1,1393.3,115789449.79999992
2025-08-01 10:02:19 AM,1393.4,0,0.0,115789449.79999992
2025-08-01 10:02:19 AM,1393.4,5,6967.0,115796416.79999992
2025-08-01 10:02:20 AM,1393.4,91,126799.40000000001,115923216.19999993
2025-08-01 10:02:21 AM,1394.0,42,58548.0,115981764.19999993
2025-08-01 10:02:23 AM,1394.0,14,19516.0,116001280.19999993
2025-08-01 10:02:28 AM,1394.0,8,11152.0,116012432.19999993
2025-08-01 10:02:31 AM,1394.4,6,8366.400000000001,116020798.59999993
2025-08-01 10:02:33 AM,1394.4,14,19521.600000000002,116040320.19999993
2025-08-01 10:02:37 AM,1393.4,122,169994.80000000002,116210314.99999993
2025-08-01 10:02:38 AM,1393.0,0,0.0,116210314.99999993
2025-08-01 10:02:38 AM,1393.0,10,13930.0,116224244.99999993
2025-08-01 10:02:41 AM,1393.4,3,4180.200000000001,116228425.19999993
2025-08-01 10:02:43 AM,1393.4,15,20901.0,116249326.19999993
2025-08-01 10:02:43 AM,1393.7,60,83622.0,116332948.19999993
2025-08-01 10:02:48 AM,1393.6,0,0.0,116332948.19999993
2025-08-01 10:02:48 AM,1393.6,13,18116.8,116351064.99999993
2025-08-01 10:02:52 AM,1393.6,100,139360.0,116490424.99999993
2025-08-01 10:02:53 AM,1393.6,14,19510.399999999998,116509935.39999993
2025-08-01 10:02:58 AM,1393.6,15,20904.0,116530839.39999993
2025-08-01 10:03:03 AM,1393.6,14,19510.399999999998,116550349.79999994
2025-08-01 10:03:08 AM,1393.6,13,18116.8,116568466.59999993
2025-08-01 10:03:12 AM,1393.5,10,13935.0,116582401.59999993
2025-08-01 10:03:13 AM,1393.5,16,22296.0,116604697.59999993
2025-08-01 10:03:18 AM,1393.6,0,0.0,116604697.59999993
2025-08-01 10:03:18 AM,1394.0,114,158916.0,116763613.59999993
2025-08-01 10:03:20 AM,1394.1,0,0.0,116763613.59999993
2025-08-01 10:03:20 AM,1394.1,23,32064.3,116795677.89999993
2025-08-01 10:03:21 AM,1394.1,9,12546.9,116808224.79999994
2025-08-01 10:03:23 AM,1394.1,34,47399.399999999994,116855624.19999994
2025-08-01 10:03:25 AM,1394.4,0,0.0,116855624.19999994
2025-08-01 10:03:25 AM,1394.4,340,474096.00000000006,117329720.19999994
2025-08-01 10:03:26 AM,1395.1,0,0.0,117329720.19999994
2025-08-01 10:03:26 AM,1395.0,0,0.0,117329720.19999994
2025-08-01 10:03:26 AM,1395.0,148,206460.0,117536180.19999994
2025-08-01 10:03:27 AM,1395.0,1,1395.0,117537575.19999994
2025-08-01 10:03:28 AM,1395.1,0,0.0,117537575.19999994
2025-08-01 10:03:28 AM,1395.1,14,19531.399999999998,117557106.59999995
2025-08-01 10:03:30 AM,1395.1,3,4185.299999999999,117561291.89999995
2025-08-01 10:03:33 AM,1395.5,0,0.0,117561291.89999995
2025-08-01 10:03:33 AM,1395.5,110,153505.0,117714796.89999995
2025-08-01 10:03:36 AM,1395.5,14,19537.0,117734333.89999995
2025-08-01 10:03:38 AM,1395.5,13,18141.5,117752475.39999995
2025-08-01 10:03:43 AM,1395.7,0,0.0,117752475.39999995
2025-08-01 10:03:43 AM,1395.9,122,170299.80000000002,117922775.19999994
2025-08-01 10:03:44 AM,1396.3,0,0.0,117922775.19999994
2025-08-01 10:03:44 AM,1396.3,600,837780.0,118760555.19999994
2025-08-01 10:03:48 AM,1396.1,0,0.0,118760555.19999994
2025-08-01 10:03:48 AM,1396.1,13,18149.3,118778704.49999994
2025-08-01 10:03:51 AM,1395.0,0,0.0,118778704.49999994
2025-08-01 10:03:51 AM,1395.0,275,383625.0,119162329.49999994
2025-08-01 10:03:52 AM,1394.7,0,0.0,119162329.49999994
2025-08-01 10:03:52 AM,1394.7,40,55788.0,119218117.49999994
2025-08-01 10:03:53 AM,1395.5,0,0.0,119218117.49999994
2025-08-01 10:03:53 AM,1395.5,15,20932.5,119239049.99999994
2025-08-01 10:03:56 AM,1395.6,9,12560.4,119251610.39999995
2025-08-01 10:03:58 AM,1395.6,14,19538.399999999998,119271148.79999995
2025-08-01 10:04:03 AM,1395.6,14,19538.399999999998,119290687.19999996
2025-08-01 10:04:06 AM,1395.7,0,0.0,119290687.19999996
2025-08-01 10:04:06 AM,1395.7,200,279140.0,119569827.19999996
2025-08-01 10:04:08 AM,1395.6,0,0.0,119569827.19999996
2025-08-01 10:04:08 AM,1394.7,45,62761.5,119632588.69999996
2025-08-01 10:04:13 AM,1395.2,0,0.0,119632588.69999996
2025-08-01 10:04:13 AM,1395.2,16,22323.2,119654911.89999996
2025-08-01 10:04:18 AM,1395.2,13,18137.600000000002,119673049.49999996
2025-08-01 10:04:23 AM,1394.7,0,0.0,119673049.49999996
2025-08-01 10:04:23 AM,1394.7,14,19525.8,119692575.29999995
2025-08-01 10:04:28 AM,1394.7,14,19525.8,119712101.09999995
2025-08-01 10:04:33 AM,1394.7,14,19525.8,119731626.89999995
2025-08-01 10:04:37 AM,1394.7,10,13947.0,119745573.89999995
2025-08-01 10:04:38 AM,1394.7,11,15341.7,119760915.59999995
2025-08-01 10:04:40 AM,1395.1,0,0.0,119760915.59999995
2025-08-01 10:04:40 AM,1395.1,204,284600.39999999997,120045515.99999996
2025-08-01 10:04:41 AM,1395.0,0,0.0,120045515.99999996
2025-08-01 10:04:41 AM,1395.0,1,1395.0,120046910.99999996
2025-08-01 10:04:43 AM,1395.1,0,0.0,120046910.99999996
2025-08-01 10:04:43 AM,1395.1,14,19531.399999999998,120066442.39999996
2025-08-01 10:04:44 AM,1395.4,0,0.0,120066442.39999996
2025-08-01 10:04:44 AM,1395.4,1,1395.4,120067837.79999997
2025-08-01 10:04:46 AM,1395.5,0,0.0,120067837.79999997
2025-08-01 10:04:46 AM,1395.5,1,1395.5,120069233.29999997
2025-08-01 10:04:49 AM,1395.5,14,19537.0,120088770.29999997
2025-08-01 10:04:53 AM,1395.4,0,0.0,120088770.29999997
2025-08-01 10:04:53 AM,1395.4,14,19535.600000000002,120108305.89999996
2025-08-01 10:04:54 AM,1395.3,2,2790.6,120111096.49999996
2025-08-01 10:04:58 AM,1395.5,0,0.0,120111096.49999996
2025-08-01 10:04:58 AM,1395.5,14,19537.0,120130633.49999996
2025-08-01 10:05:03 AM,1394.4,0,0.0,120130633.49999996
2025-08-01 10:05:03 AM,1394.4,170,237048.00000000003,120367681.49999996
2025-08-01 10:05:03 AM,1394.3,0,0.0,120367681.49999996
2025-08-01 10:05:03 AM,1394.3,14,19520.2,120387201.69999996
2025-08-01 10:05:04 AM,1393.6,0,0.0,120387201.69999996
2025-08-01 10:05:04 AM,1393.6,1,1393.6,120388595.29999995
2025-08-01 10:05:05 AM,1393.6,1,1393.6,120389988.89999995
2025-08-01 10:05:08 AM,1393.7,0,0.0,120389988.89999995
2025-08-01 10:05:08 AM,1393.7,244,340062.8,120730051.69999994
2025-08-01 10:05:11 AM,1393.6,0,0.0,120730051.69999994
2025-08-01 10:05:11 AM,1393.6,111,154689.59999999998,120884741.29999994
2025-08-01 10:05:13 AM,1393.7,0,0.0,120884741.29999994
2025-08-01 10:05:13 AM,1393.7,15,20905.5,120905646.79999994
2025-08-01 10:05:18 AM,1393.6,0,0.0,120905646.79999994
2025-08-01 10:05:18 AM,1393.6,13,18116.8,120923763.59999993
2025-08-01 10:05:23 AM,1393.1,0,0.0,120923763.59999993
2025-08-01 10:05:23 AM,1393.1,14,19503.399999999998,120943266.99999994
2025-08-01 10:05:28 AM,1393.1,14,19503.399999999998,120962770.39999995
2025-08-01 10:05:33 AM,1393.1,14,19503.399999999998,120982273.79999995
2025-08-01 10:05:36 AM,1392.2,7,9745.4,120992019.19999996
2025-08-01 10:05:38 AM,1393.1,0,0.0,120992019.19999996
2025-08-01 10:05:38 AM,1393.1,13,18110.3,121010129.49999996
2025-08-01 10:05:39 AM,1393.6,0,0.0,121010129.49999996
2025-08-01 10:05:39 AM,1393.6,209,291262.39999999997,121301391.89999996
2025-08-01 10:05:41 AM,1392.1,0,0.0,121301391.89999996
2025-08-01 10:05:41 AM,1392.1,972,1353121.2,122654513.09999996
2025-08-01 10:05:43 AM,1391.8,0,0.0,122654513.09999996
2025-08-01 10:05:43 AM,1392.4,0,0.0,122654513.09999996
2025-08-01 10:05:43 AM,1392.4,263,366201.2,123020714.29999997
2025-08-01 10:05:48 AM,1392.7,0,0.0,123020714.29999997
2025-08-01 10:05:49 AM,1392.7,13,18105.100000000002,123038819.39999996
2025-08-01 10:05:53 AM,1392.7,14,19497.8,123058317.19999996
2025-08-01 10:05:58 AM,1392.7,14,19497.8,123077814.99999996
2025-08-01 10:06:03 AM,1392.7,14,19497.8,123097312.79999995
2025-08-01 10:06:07 AM,1392.7,25,34817.5,123132130.29999995
2025-08-01 10:06:08 AM,1392.7,13,18105.100000000002,123150235.39999995
2025-08-01 10:06:13 AM,1392.7,15,20890.5,123171125.89999995
2025-08-01 10:06:16 AM,1392.5,3,4177.5,123175303.39999995
2025-08-01 10:06:17 AM,1392.6,0,0.0,123175303.39999995
2025-08-01 10:06:17 AM,1392.6,7,9748.199999999999,123185051.59999995
2025-08-01 10:06:18 AM,1392.4,0,0.0,123185051.59999995
2025-08-01 10:06:18 AM,1392.4,13,18101.2,123203152.79999995
2025-08-01 10:06:23 AM,1392.1,0,0.0,123203152.79999995
2025-08-01 10:06:23 AM,1392.1,14,19489.399999999998,123222642.19999996
2025-08-01 10:06:28 AM,1392.0,0,0.0,123222642.19999996
2025-08-01 10:06:28 AM,1392.0,14,19488.0,123242130.19999996
2025-08-01 10:06:32 AM,1391.2,0,0.0,123242130.19999996
2025-08-01 10:06:32 AM,1392.0,53,73776.0,123315906.19999996
2025-08-01 10:06:33 AM,1392.0,14,19488.0,123335394.19999996
2025-08-01 10:06:38 AM,1392.0,14,19488.0,123354882.19999996
2025-08-01 10:06:43 AM,1392.0,1,1392.0,123356274.19999996
2025-08-01 10:06:45 AM,1391.2,79,109904.8,123466178.99999996
2025-08-01 10:06:48 AM,1391.2,4,5564.8,123471743.79999995
2025-08-01 10:06:49 AM,1390.3,107,148762.1,123620505.89999995
2025-08-01 10:06:52 AM,1390.5,0,0.0,123620505.89999995
2025-08-01 10:06:52 AM,1390.5,52,72306.0,123692811.89999995
2025-08-01 10:06:53 AM,1391.2,0,0.0,123692811.89999995
2025-08-01 10:06:53 AM,1391.2,8,11129.6,123703941.49999994
2025-08-01 10:06:57 AM,1390.4,17,23636.800000000003,123727578.29999994
2025-08-01 10:06:58 AM,1391.2,0,0.0,123727578.29999994
2025-08-01 10:06:58 AM,1391.2,1,1391.2,123728969.49999994
2025-08-01 10:07:01 AM,1391.2,25,34780.0,123763749.49999994
2025-08-01 10:07:02 AM,1390.1,0,0.0,123763749.49999994
2025-08-01 10:07:02 AM,1390.1,49,68114.9,123831864.39999995
2025-08-01 10:07:03 AM,1391.2,0,0.0,123831864.39999995
2025-08-01 10:07:03 AM,1391.1,0,0.0,123831864.39999995
2025-08-01 10:07:03 AM,1391.1,54,75119.4,123906983.79999995
2025-08-01 10:07:08 AM,1391.1,3,4173.299999999999,123911157.09999995
2025-08-01 10:07:17 AM,1390.4,62,86204.8,123997361.89999995
2025-08-01 10:07:18 AM,1391.1,0,0.0,123997361.89999995
2025-08-01 10:07:18 AM,1391.1,3,4173.299999999999,124001535.19999994
2025-08-01 10:07:19 AM,1390.4,0,0.0,124001535.19999994
2025-08-01 10:07:19 AM,1390.4,44,61177.600000000006,124062712.79999994
2025-08-01 10:07:20 AM,1390.4,6,8342.400000000001,124071055.19999994
2025-08-01 10:07:23 AM,1391.1,0,0.0,124071055.19999994
2025-08-01 10:07:23 AM,1391.1,3,4173.299999999999,124075228.49999994
2025-08-01 10:07:31 AM,1390.6,0,0.0,124075228.49999994
2025-08-01 10:07:31 AM,1390.6,5,6953.0,124082181.49999994
2025-08-01 10:07:39 AM,1390.8,0,0.0,124082181.49999994
2025-08-01 10:07:39 AM,1391.1,24,33386.399999999994,124115567.89999995
2025-08-01 10:07:43 AM,1391.1,1,1391.1,124116958.99999994
2025-08-01 10:07:47 AM,1390.8,9,12517.199999999999,124129476.19999994
2025-08-01 10:07:48 AM,1391.1,0,0.0,124129476.19999994
2025-08-01 10:07:48 AM,1391.1,1,1391.1,124130867.29999994
2025-08-01 10:08:06 AM,1390.8,0,0.0,124130867.29999994
2025-08-01 10:08:06 AM,1390.8,1,1390.8,124132258.09999993
2025-08-01 10:08:09 AM,1391.1,25,34777.5,124167035.59999993
2025-08-01 10:08:13 AM,1391.1,1,1391.1,124168426.69999993
2025-08-01 10:08:39 AM,1390.5,110,152955.0,124321381.69999993
2025-08-01 10:08:43 AM,1391.1,0,0.0,124321381.69999993
2025-08-01 10:08:44 AM,1391.1,6,8346.599999999999,124329728.29999992
2025-08-01 10:08:49 AM,1390.4,0,0.0,124329728.29999992
2025-08-01 10:08:49 AM,1390.4,25,34760.0,124364488.29999992
2025-08-01 10:08:50 AM,1390.4,51,70910.40000000001,124435398.69999993
2025-08-01 10:08:53 AM,1391.1,0,0.0,124435398.69999993
2025-08-01 10:08:53 AM,1391.1,4,5564.4,124440963.09999993
2025-08-01 10:09:11 AM,1390.4,100,139040.0,124580003.09999993
2025-08-01 10:09:16 AM,1390.4,25,34760.0,124614763.09999993
2025-08-01 10:09:18 AM,1391.1,0,0.0,124614763.09999993
2025-08-01 10:09:19 AM,1390.5,0,0.0,124614763.09999993
2025-08-01 10:09:22 AM,1390.5,279,387949.5,125002712.59999993
2025-08-01 10:09:24 AM,1390.7,71,98739.7,125101452.29999994
2025-08-01 10:09:27 AM,1390.6,0,0.0,125101452.29999994
2025-08-01 10:09:28 AM,1390.6,157,218324.19999999998,125319776.49999994
2025-08-01 10:09:29 AM,1390.6,1,1390.6,125321167.09999993
2025-08-01 10:09:33 AM,1391.1,0,0.0,125321167.09999993
2025-08-01 10:09:33 AM,1391.1,102,141892.19999999998,125463059.29999994
2025-08-01 10:09:36 AM,1390.6,0,0.0,125463059.29999994
2025-08-01 10:09:37 AM,1390.7,0,0.0,125463059.29999994
2025-08-01 10:09:39 AM,1390.9,0,0.0,125463059.29999994
2025-08-01 10:09:39 AM,1390.9,115,159953.5,125623012.79999994
2025-08-01 10:09:41 AM,1390.2,3,4170.6,125627183.39999993
2025-08-01 10:09:45 AM,1390.9,0,0.0,125627183.39999993
2025-08-01 10:09:45 AM,1390.9,6,8345.400000000001,125635528.79999994
2025-08-01 10:09:52 AM,1390.4,14,19465.600000000002,125654994.39999993
2025-08-01 10:09:58 AM,1391.0,2,2782.0,125657776.39999993
2025-08-01 10:10:02 AM,1391.0,1,1391.0,125659167.39999993
2025-08-01 10:10:14 AM,1390.0,155,215450.0,125874617.39999993
2025-08-01 10:10:19 AM,1390.4,8,11123.2,125885740.59999993
2025-08-01 10:10:30 AM,1390.3,0,0.0,125885740.59999993
2025-08-01 10:10:31 AM,1390.3,3,4170.9,125889911.49999994
2025-08-01 10:10:50 AM,1390.3,2,2780.6,125892692.09999993
2025-08-01 10:10:51 AM,1390.3,10,13903.0,125906595.09999993
2025-08-01 10:10:55 AM,1390.3,58,80637.4,125987232.49999994
2025-08-01 10:10:57 AM,1390.0,0,0.0,125987232.49999994
2025-08-01 10:10:57 AM,1390.0,59,82010.0,126069242.49999994
2025-08-01 10:10:59 AM,1390.3,0,0.0,126069242.49999994
2025-08-01 10:11:01 AM,1390.4,0,0.0,126069242.49999994
2025-08-01 10:11:01 AM,1390.4,162,225244.80000000002,126294487.29999994
2025-08-01 10:11:03 AM,1390.8,0,0.0,126294487.29999994
2025-08-01 10:11:03 AM,1390.8,11,15298.8,126309786.09999993
2025-08-01 10:11:08 AM,1390.5,2,2781.0,126312567.09999993
2025-08-01 10:11:10 AM,1390.8,0,0.0,126312567.09999993
2025-08-01 10:11:10 AM,1390.8,1,1390.8,126313957.89999993
2025-08-01 10:11:13 AM,1391.1,151,210056.09999999998,126524013.99999993
2025-08-01 10:11:14 AM,1390.8,105,146034.0,126670047.99999993
2025-08-01 10:11:18 AM,1391.6,0,0.0,126670047.99999993
2025-08-01 10:11:18 AM,1391.6,13,18090.8,126688138.79999992
2025-08-01 10:11:23 AM,1391.6,1,1391.6,126689530.39999992
2025-08-01 10:11:30 AM,1390.8,0,0.0,126689530.39999992
2025-08-01 10:11:30 AM,1390.8,23,31988.399999999998,126721518.79999992
2025-08-01 10:11:33 AM,1390.7,0,0.0,126721518.79999992
2025-08-01 10:11:34 AM,1389.9,0,0.0,126721518.79999992
2025-08-01 10:11:34 AM,1389.9,64,88953.6,126810472.39999992
2025-08-01 10:11:38 AM,1390.4,0,0.0,126810472.39999992
2025-08-01 10:11:38 AM,1390.4,3,4171.200000000001,126814643.59999992
2025-08-01 10:12:01 AM,1390.4,100,139040.0,126953683.59999992
2025-08-01 10:12:02 AM,1389.7,55,76433.5,127030117.09999992
2025-08-01 10:12:03 AM,1390.4,0,0.0,127030117.09999992
2025-08-01 10:12:03 AM,1390.4,8,11123.2,127041240.29999992
2025-08-01 10:12:07 AM,1391.0,0,0.0,127041240.29999992
2025-08-01 10:12:07 AM,1391.1,1171,1628978.0999999999,128670218.39999992
2025-08-01 10:12:10 AM,1391.0,0,0.0,128670218.39999992
2025-08-01 10:12:10 AM,1391.0,34,47294.0,128717512.39999992
2025-08-01 10:12:10 AM,1390.8,77,107091.59999999999,128824603.99999991
2025-08-01 10:12:11 AM,1390.8,1,1390.8,128825994.79999991
2025-08-01 10:12:12 AM,1390.5,0,0.0,128825994.79999991
2025-08-01 10:12:12 AM,1390.5,156,216918.0,129042912.79999991
2025-08-01 10:12:12 AM,1390.5,36,50058.0,129092970.79999991
2025-08-01 10:12:13 AM,1390.5,73,101506.5,129194477.29999991
2025-08-01 10:12:18 AM,1390.8,0,0.0,129194477.29999991
2025-08-01 10:12:18 AM,1390.8,4,5563.2,129200040.49999991
2025-08-01 10:12:21 AM,1389.9,63,87563.70000000001,129287604.19999991
2025-08-01 10:12:23 AM,1390.1,0,0.0,129287604.19999991
2025-08-01 10:12:23 AM,1389.1,64,88902.4,129376506.59999992
2025-08-01 10:12:25 AM,1389.1,1,1389.1,129377895.69999991
2025-08-01 10:12:26 AM,1390.0,0,0.0,129377895.69999991
2025-08-01 10:12:26 AM,1390.0,72,100080.0,129477975.69999991
2025-08-01 10:12:27 AM,1390.0,70,97300.0,129575275.69999991
2025-08-01 10:12:31 AM,1390.1,0,0.0,129575275.69999991
2025-08-01 10:12:31 AM,1390.1,7,9730.699999999999,129585006.39999992
2025-08-01 10:12:33 AM,1390.1,4,5560.4,129590566.79999992
2025-08-01 10:12:34 AM,1389.5,10,13895.0,129604461.79999992
2025-08-01 10:12:38 AM,1390.1,0,0.0,129604461.79999992
2025-08-01 10:12:38 AM,1390.1,1,1390.1,129605851.89999992
2025-08-01 10:12:43 AM,1389.2,80,111136.0,129716987.89999992
2025-08-01 10:12:45 AM,1389.2,60,83352.0,129800339.89999992
2025-08-01 10:12:46 AM,1390.1,100,139010.0,129939349.89999992
2025-08-01 10:12:48 AM,1390.0,0,0.0,129939349.89999992
2025-08-01 10:12:48 AM,1390.0,12,16680.0,129956029.89999992
2025-08-01 10:12:52 AM,1390.0,5,6950.0,129962979.89999992
2025-08-01 10:12:53 AM,1390.0,1,1390.0,129964369.89999992
2025-08-01 10:12:54 AM,1390.0,14,19460.0,129983829.89999992
2025-08-01 10:13:02 AM,1390.0,44,61160.0,130044989.89999992
2025-08-01 10:13:03 AM,1390.0,190,264100.0,130309089.89999992
2025-08-01 10:13:06 AM,1389.4,61,84753.40000000001,130393843.29999992
2025-08-01 10:13:07 AM,1390.0,160,222400.0,130616243.29999992
2025-08-01 10:13:08 AM,1389.4,0,0.0,130616243.29999992
2025-08-01 10:13:08 AM,1389.4,4,5557.6,130621800.89999992
2025-08-01 10:13:11 AM,1390.1,23,31972.3,130653773.19999991
2025-08-01 10:13:13 AM,1390.1,1,1390.1,130655163.29999991
2025-08-01 10:13:55 AM,1389.5,0,0.0,130655163.29999991
2025-08-01 10:13:55 AM,1389.5,16,22232.0,130677395.29999991
2025-08-01 10:13:58 AM,1389.5,2,2779.0,130680174.29999991
2025-08-01 10:14:14 AM,1390.1,150,208515.0,130888689.29999991
2025-08-01 10:14:18 AM,1389.4,0,0.0,130888689.29999991
2025-08-01 10:14:20 AM,1389.2,79,109746.8,130998436.0999999
2025-08-01 10:14:21 AM,1389.8,0,0.0,130998436.0999999
2025-08-01 10:14:21 AM,1389.8,29,40304.2,131038740.29999991
2025-08-01 10:14:26 AM,1390.1,4,5560.4,131044300.69999991
2025-08-01 10:14:31 AM,1390.1,1,1390.1,131045690.79999991
2025-08-01 10:14:32 AM,1389.9,52,72274.8,131117965.5999999
2025-08-01 10:14:37 AM,1390.0,52,72280.0,131190245.5999999
2025-08-01 10:14:38 AM,1390.0,5,6950.0,131197195.5999999
2025-08-01 10:14:44 AM,1390.0,74,102860.0,131300055.5999999
2025-08-01 10:14:49 AM,1390.0,54,75060.0,131375115.5999999
2025-08-01 10:14:51 AM,1389.7,0,0.0,131375115.5999999
2025-08-01 10:14:54 AM,1389.8,0,0.0,131375115.5999999
2025-08-01 10:14:54 AM,1389.8,81,112573.8,131487689.3999999
2025-08-01 10:14:58 AM,1390.4,0,0.0,131487689.3999999
2025-08-01 10:15:00 AM,1390.4,2,2780.8,131490470.1999999
2025-08-01 10:15:01 AM,1390.7,0,0.0,131490470.1999999
2025-08-01 10:15:01 AM,1390.7,2,2781.4,131493251.5999999
2025-08-01 10:15:03 AM,1390.7,1,1390.7,131494642.29999991
2025-08-01 10:15:26 AM,1389.8,0,0.0,131494642.29999991
2025-08-01 10:15:26 AM,1389.8,1,1389.8,131496032.0999999
2025-08-01 10:15:41 AM,1389.5,0,0.0,131496032.0999999
2025-08-01 10:15:41 AM,1389.5,10,13895.0,131509927.0999999
2025-08-01 10:15:59 AM,1389.6,53,73648.79999999999,131583575.8999999
2025-08-01 10:16:05 AM,1389.6,3,4168.799999999999,131587744.6999999
2025-08-01 10:16:05 AM,1389.8,108,150098.4,131737843.0999999
2025-08-01 10:16:14 AM,1390.3,0,0.0,131737843.0999999
2025-08-01 10:16:17 AM,1390.3,30,41709.0,131779552.0999999
2025-08-01 10:16:20 AM,1389.5,0,0.0,131779552.0999999
2025-08-01 10:16:21 AM,1389.4,0,0.0,131779552.0999999
2025-08-01 10:16:23 AM,1389.4,35,48629.0,131828181.0999999
2025-08-01 10:16:23 AM,1389.8,30,41694.0,131869875.0999999
2025-08-01 10:16:32 AM,1390.2,0,0.0,131869875.0999999
2025-08-01 10:16:35 AM,1390.2,3,4170.6,131874045.6999999
2025-08-01 10:16:54 AM,1389.8,0,0.0,131874045.6999999
2025-08-01 10:16:57 AM,1389.8,1,1389.8,131875435.4999999
2025-08-01 10:17:00 AM,1389.4,0,0.0,131875435.4999999
2025-08-01 10:17:02 AM,1389.9,0,0.0,131875435.4999999
2025-08-01 10:17:03 AM,1389.9,176,244622.40000000002,132120057.8999999
2025-08-01 10:17:05 AM,1389.4,0,0.0,132120057.8999999
2025-08-01 10:17:08 AM,1389.4,53,73638.20000000001,132193696.0999999
2025-08-01 10:17:12 AM,1390.1,0,0.0,132193696.0999999
2025-08-01 10:17:14 AM,1390.1,2,2780.2,132196476.29999991
2025-08-01 10:17:17 AM,1390.2,0,0.0,132196476.29999991
2025-08-01 10:17:20 AM,1390.2,10,13902.0,132210378.29999991
2025-08-01 10:17:53 AM,1389.2,0,0.0,132210378.29999991
2025-08-01 10:17:54 AM,1389.0,0,0.0,132210378.29999991
2025-08-01 10:17:55 AM,1388.8,208,288870.39999999997,132499248.69999991
2025-08-01 10:17:56 AM,1389.1,0,0.0,132499248.69999991
2025-08-01 10:17:57 AM,1388.8,0,0.0,132499248.69999991
2025-08-01 10:17:59 AM,1388.7,0,0.0,132499248.69999991
2025-08-01 10:18:00 AM,1389.5,0,0.0,132499248.69999991
2025-08-01 10:18:00 AM,1389.5,345,479377.5,132978626.19999991
2025-08-01 10:18:02 AM,1389.9,0,0.0,132978626.19999991
2025-08-01 10:18:06 AM,1389.9,382,530941.8,133509567.99999991
2025-08-01 10:18:08 AM,1389.8,0,0.0,133509567.99999991
2025-08-01 10:18:09 AM,1389.7,0,0.0,133509567.99999991
2025-08-01 10:18:12 AM,1389.7,72,100058.40000000001,133609626.39999992
2025-08-01 10:18:12 AM,1390.0,117,162630.0,133772256.39999992
2025-08-01 10:18:15 AM,1390.1,0,0.0,133772256.39999992
2025-08-01 10:18:18 AM,1390.1,2,2780.2,133775036.59999992
2025-08-01 10:18:24 AM,1390.0,10,13900.0,133788936.59999992
2025-08-01 10:18:24 AM,1389.7,0,0.0,133788936.59999992
2025-08-01 10:18:24 AM,1389.7,27,37521.9,133826458.49999993
2025-08-01 10:18:30 AM,1390.0,0,0.0,133826458.49999993
2025-08-01 10:18:35 AM,1389.3,0,0.0,133826458.49999993
2025-08-01 10:18:35 AM,1389.3,328,455690.39999999997,134282148.89999992
2025-08-01 10:18:38 AM,1390.1,0,0.0,134282148.89999992
2025-08-01 10:18:39 AM,1389.4,0,0.0,134282148.89999992
2025-08-01 10:18:41 AM,1389.4,143,198684.2,134480833.0999999
2025-08-01 10:18:42 AM,1390.0,0,0.0,134480833.0999999
2025-08-01 10:18:47 AM,1390.0,222,308580.0,134789413.0999999
2025-08-01 10:18:49 AM,1389.6,0,0.0,134789413.0999999
2025-08-01 10:18:53 AM,1389.6,73,101440.79999999999,134890853.89999992
2025-08-01 10:18:53 AM,1389.8,20,27796.0,134918649.89999992
2025-08-01 10:18:55 AM,1389.6,0,0.0,134918649.89999992
2025-08-01 10:18:58 AM,1389.8,0,0.0,134918649.89999992
2025-08-01 10:18:58 AM,1389.8,52,72269.59999999999,134990919.4999999
2025-08-01 10:19:01 AM,1390.1,0,0.0,134990919.4999999
2025-08-01 10:19:02 AM,1390.1,4,5560.4,134996479.89999992
2025-08-01 10:19:03 AM,1390.1,3,4170.299999999999,135000650.19999993
2025-08-01 10:19:09 AM,1390.1,243,337794.3,135338444.49999994
2025-08-01 10:19:10 AM,1390.1,8,11120.8,135349565.29999995
2025-08-01 10:19:12 AM,1389.7,0,0.0,135349565.29999995
2025-08-01 10:19:12 AM,1390.1,2,2780.2,135352345.49999994
2025-08-01 10:19:13 AM,1389.7,0,0.0,135352345.49999994
2025-08-01 10:19:13 AM,1390.1,0,0.0,135352345.49999994
2025-08-01 10:19:13 AM,1390.1,94,130669.4,135483014.89999995
2025-08-01 10:19:18 AM,1390.1,2,2780.2,135485795.09999993
2025-08-01 10:19:21 AM,1390.4,0,0.0,135485795.09999993
2025-08-01 10:19:21 AM,1390.4,3,4171.200000000001,135489966.29999992
2025-08-01 10:19:39 AM,1390.4,36,50054.4,135540020.69999993
2025-08-01 10:19:43 AM,1390.1,1,1390.1,135541410.79999992
2025-08-01 10:19:43 AM,1390.1,2,2780.2,135544190.9999999
2025-08-01 10:19:50 AM,1389.7,0,0.0,135544190.9999999
2025-08-01 10:19:50 AM,1389.7,1,1389.7,135545580.6999999
2025-08-01 10:20:18 AM,1390.1,6,8340.599999999999,135553921.2999999
2025-08-01 10:20:23 AM,1390.1,1,1390.1,135555311.3999999
2025-08-01 10:20:24 AM,1389.8,0,0.0,135555311.3999999
2025-08-01 10:20:24 AM,1389.8,7,9728.6,135565039.99999988
2025-08-01 10:20:32 AM,1390.6,0,0.0,135565039.99999988
2025-08-01 10:20:32 AM,1390.6,488,678612.7999999999,136243652.7999999
2025-08-01 10:20:39 AM,1390.3,0,0.0,136243652.7999999
2025-08-01 10:20:39 AM,1390.3,42,58392.6,136302045.3999999
2025-08-01 10:20:45 AM,1390.2,0,0.0,136302045.3999999
2025-08-01 10:20:45 AM,1390.2,178,247455.6,136549500.99999988
2025-08-01 10:20:48 AM,1390.2,2,2780.4,136552281.3999999
2025-08-01 10:20:54 AM,1390.2,9,12511.800000000001,136564793.1999999
2025-08-01 10:21:18 AM,1389.8,0,0.0,136564793.1999999
2025-08-01 10:21:21 AM,1389.8,1,1389.8,136566182.9999999
2025-08-01 10:21:48 AM,1390.2,0,0.0,136566182.9999999
2025-08-01 10:21:49 AM,1390.2,46,63949.200000000004,136630132.1999999
2025-08-01 10:21:57 AM,1390.2,2,2780.4,136632912.5999999
2025-08-01 10:22:00 AM,1390.2,1,1390.2,136634302.7999999
2025-08-01 10:22:24 AM,1389.8,0,0.0,136634302.7999999
2025-08-01 10:22:24 AM,1389.8,96,133420.8,136767723.5999999
2025-08-01 10:22:30 AM,1390.2,0,0.0,136767723.5999999
2025-08-01 10:22:30 AM,1390.2,4,5560.8,136773284.39999992
2025-08-01 10:22:32 AM,1390.2,5,6951.0,136780235.39999992
2025-08-01 10:22:35 AM,1390.2,1,1390.2,136781625.5999999
2025-08-01 10:22:43 AM,1390.2,101,140410.2,136922035.7999999
2025-08-01 10:22:46 AM,1389.6,87,120895.2,137042930.99999988
2025-08-01 10:22:48 AM,1390.0,0,0.0,137042930.99999988
2025-08-01 10:22:48 AM,1390.0,5,6950.0,137049880.99999988
2025-08-01 10:22:54 AM,1390.1,0,0.0,137049880.99999988
2025-08-01 10:22:54 AM,1390.1,5,6950.5,137056831.49999988
2025-08-01 10:23:02 AM,1390.0,180,250200.0,137307031.49999988
2025-08-01 10:23:04 AM,1390.0,149,207110.0,137514141.49999988
2025-08-01 10:23:05 AM,1390.0,104,144560.0,137658701.49999988
2025-08-01 10:23:05 AM,1389.4,83,115320.20000000001,137774021.69999987
2025-08-01 10:23:07 AM,1389.3,0,0.0,137774021.69999987
2025-08-01 10:23:07 AM,1389.3,100,138930.0,137912951.69999987
2025-08-01 10:23:08 AM,1390.1,0,0.0,137912951.69999987
2025-08-01 10:23:08 AM,1390.1,31,43093.1,137956044.79999986
2025-08-01 10:23:13 AM,1390.1,1,1390.1,137957434.89999986
2025-08-01 10:23:19 AM,1390.0,261,362790.0,138320224.89999986
2025-08-01 10:23:21 AM,1389.4,40,55576.0,138375800.89999986
2025-08-01 10:23:22 AM,1389.4,81,112541.40000000001,138488342.29999986
2025-08-01 10:23:26 AM,1390.1,0,0.0,138488342.29999986
2025-08-01 10:23:27 AM,1390.1,15,20851.5,138509193.79999986
2025-08-01 10:23:28 AM,1390.1,5,6950.5,138516144.29999986
2025-08-01 10:24:14 AM,1389.4,0,0.0,138516144.29999986
2025-08-01 10:24:15 AM,1389.4,1,1389.4,138517533.69999987
2025-08-01 10:25:03 AM,1390.1,17,23631.699999999997,138541165.39999986
2025-08-01 10:25:03 AM,1390.1,1,1390.1,138542555.49999985
2025-08-01 10:25:12 AM,1390.1,50,69505.0,138612060.49999985
2025-08-01 10:25:13 AM,1390.1,3,4170.299999999999,138616230.79999986
2025-08-01 10:25:28 AM,1389.7,45,62536.5,138678767.29999986
2025-08-01 10:25:33 AM,1390.1,0,0.0,138678767.29999986
2025-08-01 10:25:33 AM,1390.1,2,2780.2,138681547.49999985
2025-08-01 10:25:42 AM,1389.7,0,0.0,138681547.49999985
2025-08-01 10:25:42 AM,1390.1,6,8340.599999999999,138689888.09999985
2025-08-01 10:25:43 AM,1390.1,1,1390.1,138691278.19999984
2025-08-01 10:25:47 AM,1390.1,106,147350.59999999998,138838628.79999983
2025-08-01 10:25:48 AM,1390.1,5,6950.5,138845579.29999983
2025-08-01 10:25:56 AM,1390.1,1,1390.1,138846969.39999983
2025-08-01 10:26:18 AM,1390.1,25,34752.5,138881721.89999983
2025-08-01 10:26:23 AM,1390.1,1,1390.1,138883111.99999982
2025-08-01 10:26:55 AM,1390.0,0,0.0,138883111.99999982
2025-08-01 10:26:56 AM,1390.0,1,1390.0,138884501.99999982
2025-08-01 10:26:58 AM,1390.1,0,0.0,138884501.99999982
2025-08-01 10:27:02 AM,1390.1,1,1390.1,138885892.09999982
2025-08-01 10:27:03 AM,1389.7,0,0.0,138885892.09999982
2025-08-01 10:27:04 AM,1389.7,112,155646.4,139041538.49999982
2025-08-01 10:27:07 AM,1389.7,1,1389.7,139042928.1999998
2025-08-01 10:27:09 AM,1389.9,0,0.0,139042928.1999998
2025-08-01 10:27:10 AM,1389.9,56,77834.40000000001,139120762.59999982
2025-08-01 10:27:15 AM,1390.1,0,0.0,139120762.59999982
2025-08-01 10:27:16 AM,1390.1,5,6950.5,139127713.09999982
2025-08-01 10:27:18 AM,1390.1,3,4170.299999999999,139131883.39999983
2025-08-01 10:27:25 AM,1390.0,0,0.0,139131883.39999983
2025-08-01 10:27:27 AM,1390.0,5,6950.0,139138833.39999983
2025-08-01 10:27:34 AM,1390.1,0,0.0,139138833.39999983
2025-08-01 10:27:35 AM,1390.1,1,1390.1,139140223.49999982
2025-08-01 10:27:38 AM,1390.1,3,4170.299999999999,139144393.79999983
2025-08-01 10:27:54 AM,1390.1,10,13901.0,139158294.79999983
2025-08-01 10:28:15 AM,1390.1,20,27802.0,139186096.79999983
2025-08-01 10:28:24 AM,1390.1,1,1390.1,139187486.89999983
2025-08-01 10:28:36 AM,1390.0,0,0.0,139187486.89999983
2025-08-01 10:28:38 AM,1390.0,6,8340.0,139195826.89999983
2025-08-01 10:28:40 AM,1389.7,0,0.0,139195826.89999983
2025-08-01 10:28:40 AM,1389.7,1,1389.7,139197216.59999982
2025-08-01 10:28:42 AM,1390.0,0,0.0,139197216.59999982
2025-08-01 10:28:43 AM,1390.0,7,9730.0,139206946.59999982
2025-08-01 10:29:01 AM,1390.1,0,0.0,139206946.59999982
2025-08-01 10:29:03 AM,1390.1,7,9730.699999999999,139216677.2999998
2025-08-01 10:29:05 AM,1389.7,0,0.0,139216677.2999998
2025-08-01 10:29:05 AM,1390.1,10,13901.0,139230578.2999998
2025-08-01 10:29:14 AM,1390.1,6,8340.599999999999,139238918.8999998
2025-08-01 10:29:21 AM,1390.0,0,0.0,139238918.8999998
2025-08-01 10:29:22 AM,1390.0,15,20850.0,139259768.8999998
2025-08-01 10:29:24 AM,1390.2,0,0.0,139259768.8999998
2025-08-01 10:29:25 AM,1390.2,306,425401.2,139685170.0999998
2025-08-01 10:29:27 AM,1390.0,0,0.0,139685170.0999998
2025-08-01 10:29:28 AM,1390.0,182,252980.0,139938150.0999998
2025-08-01 10:29:33 AM,1390.1,0,0.0,139938150.0999998
2025-08-01 10:29:33 AM,1390.1,25,34752.5,139972902.5999998
2025-08-01 10:29:36 AM,1390.1,1,1390.1,139974292.69999978
2025-08-01 10:29:38 AM,1390.0,0,0.0,139974292.69999978
2025-08-01 10:29:39 AM,1390.0,2,2780.0,139977072.69999978
2025-08-01 10:29:44 AM,1390.1,0,0.0,139977072.69999978
2025-08-01 10:29:44 AM,1390.1,36,50043.6,140027116.29999977
2025-08-01 10:29:47 AM,1390.1,5,6950.5,140034066.79999977
2025-08-01 10:29:50 AM,1390.1,2,2780.2,140036846.99999976
2025-08-01 10:30:07 AM,1389.9,1,1389.9,140038236.89999977
2025-08-01 10:30:16 AM,1390.1,1,1390.1,140039626.99999976
2025-08-01 10:30:20 AM,1390.2,0,0.0,140039626.99999976
2025-08-01 10:30:21 AM,1390.2,444,617248.8,140656875.79999977
2025-08-01 10:30:23 AM,1390.0,0,0.0,140656875.79999977
2025-08-01 10:30:24 AM,1390.0,34,47260.0,140704135.79999977
2025-08-01 10:30:30 AM,1390.0,132,183480.0,140887615.79999977
2025-08-01 10:30:41 AM,1390.2,0,0.0,140887615.79999977
2025-08-01 10:30:41 AM,1390.2,2,2780.4,140890396.19999978
2025-08-01 10:30:44 AM,1390.2,5,6951.0,140897347.19999978
2025-08-01 10:30:47 AM,1390.0,0,0.0,140897347.19999978
2025-08-01 10:30:47 AM,1390.0,10,13900.0,140911247.19999978
2025-08-01 10:30:51 AM,1390.5,0,0.0,140911247.19999978
2025-08-01 10:30:52 AM,1390.5,10,13905.0,140925152.19999978
2025-08-01 10:30:58 AM,1390.4,1,1390.4,140926542.5999998
2025-08-01 10:31:24 AM,1390.5,0,0.0,140926542.5999998
2025-08-01 10:31:24 AM,1390.5,23,31981.5,140958524.0999998
2025-08-01 10:31:30 AM,1390.5,1,1390.5,140959914.5999998
2025-08-01 10:31:34 AM,1390.0,0,0.0,140959914.5999998
2025-08-01 10:31:35 AM,1390.0,1,1390.0,140961304.5999998
2025-08-01 10:31:55 AM,1390.6,0,0.0,140961304.5999998
2025-08-01 10:31:56 AM,1390.6,50,69530.0,141030834.5999998
2025-08-01 10:32:04 AM,1390.5,0,0.0,141030834.5999998
2025-08-01 10:32:04 AM,1390.7,0,0.0,141030834.5999998
2025-08-01 10:32:05 AM,1390.7,5,6953.5,141037788.0999998
2025-08-01 10:32:07 AM,1390.9,0,0.0,141037788.0999998
2025-08-01 10:32:09 AM,1391.3,16,22260.8,141060048.8999998
2025-08-01 10:32:13 AM,1391.7,0,0.0,141060048.8999998
2025-08-01 10:32:15 AM,1391.9,306,425921.4,141485970.2999998
2025-08-01 10:32:25 AM,1391.9,15,20878.5,141506848.7999998
2025-08-01 10:32:28 AM,1391.9,1,1391.9,141508240.6999998
2025-08-01 10:32:32 AM,1391.9,3,4175.700000000001,141512416.3999998
2025-08-01 10:32:33 AM,1391.2,0,0.0,141512416.3999998
2025-08-01 10:32:35 AM,1391.2,3,4173.6,141516589.9999998
2025-08-01 10:32:54 AM,1391.8,0,0.0,141516589.9999998
2025-08-01 10:32:55 AM,1391.8,50,69590.0,141586179.9999998
2025-08-01 10:32:58 AM,1391.8,5,6959.0,141593138.9999998
2025-08-01 10:33:02 AM,1391.2,0,0.0,141593138.9999998
2025-08-01 10:33:02 AM,1391.2,1,1391.2,141594530.19999978
2025-08-01 10:33:03 AM,1391.2,18,25041.600000000002,141619571.79999977
2025-08-01 10:33:04 AM,1391.9,100,139190.0,141758761.79999977
2025-08-01 10:33:06 AM,1392.2,1,1392.2,141760153.99999976
2025-08-01 10:33:08 AM,1392.2,6,8353.2,141768507.19999975
2025-08-01 10:34:30 AM,1391.4,0,0.0,141768507.19999975
2025-08-01 10:34:31 AM,1391.4,1,1391.4,141769898.59999976
2025-08-01 10:35:42 AM,1391.3,0,0.0,141769898.59999976
2025-08-01 10:35:42 AM,1391.3,91,126608.3,141896506.89999977
2025-08-01 10:35:43 AM,1391.2,0,0.0,141896506.89999977
2025-08-01 10:35:43 AM,1391.2,5,6956.0,141903462.89999977
2025-08-01 10:35:47 AM,1391.0,0,0.0,141903462.89999977
2025-08-01 10:35:47 AM,1391.0,1,1391.0,141904853.89999977
2025-08-01 10:35:58 AM,1390.6,0,0.0,141904853.89999977
2025-08-01 10:35:59 AM,1390.6,1,1390.6,141906244.49999976
2025-08-01 10:36:01 AM,1391.0,10,13910.0,141920154.49999976
2025-08-01 10:36:03 AM,1391.0,1,1391.0,141921545.49999976
2025-08-01 10:36:37 AM,1391.0,38,52858.0,141974403.49999976
2025-08-01 10:36:39 AM,1391.0,2,2782.0,141977185.49999976
2025-08-01 10:36:47 AM,1391.3,0,0.0,141977185.49999976
2025-08-01 10:36:47 AM,1391.3,590,820867.0,142798052.49999976
2025-08-01 10:36:48 AM,1392.0,0,0.0,142798052.49999976
2025-08-01 10:36:48 AM,1392.0,29,40368.0,142838420.49999976
2025-08-01 10:36:53 AM,1392.0,2,2784.0,142841204.49999976
2025-08-01 10:36:57 AM,1392.0,2,2784.0,142843988.49999976
2025-08-01 10:37:26 AM,1391.4,0,0.0,142843988.49999976
2025-08-01 10:37:26 AM,1391.4,1,1391.4,142845379.89999977
2025-08-01 10:38:01 AM,1390.8,0,0.0,142845379.89999977
2025-08-01 10:38:01 AM,1390.8,100,139080.0,142984459.89999977
2025-08-01 10:38:03 AM,1391.2,0,0.0,142984459.89999977
2025-08-01 10:38:03 AM,1391.2,5,6956.0,142991415.89999977
2025-08-01 10:38:34 AM,1390.8,267,371343.6,143362759.49999976
2025-08-01 10:38:36 AM,1390.8,21,29206.8,143391966.29999977
2025-08-01 10:38:38 AM,1390.6,0,0.0,143391966.29999977
2025-08-01 10:38:38 AM,1390.6,61,84826.59999999999,143476792.89999977
2025-08-01 10:38:39 AM,1390.6,107,148794.19999999998,143625587.09999976
2025-08-01 10:38:43 AM,1390.7,0,0.0,143625587.09999976
2025-08-01 10:38:44 AM,1390.7,8,11125.6,143636712.69999975
2025-08-01 10:38:54 AM,1390.1,0,0.0,143636712.69999975
2025-08-01 10:38:54 AM,1390.1,1,1390.1,143638102.79999974
2025-08-01 10:38:58 AM,1390.1,178,247437.8,143885540.59999976
2025-08-01 10:39:03 AM,1390.1,9,12510.9,143898051.49999976
2025-08-01 10:39:08 AM,1390.1,1,1390.1,143899441.59999976
2025-08-01 10:39:12 AM,1390.0,0,0.0,143899441.59999976
2025-08-01 10:39:12 AM,1389.8,0,0.0,143899441.59999976
2025-08-01 10:39:12 AM,1389.8,324,450295.2,144349736.79999974
2025-08-01 10:39:13 AM,1390.0,40,55600.0,144405336.79999974
2025-08-01 10:39:14 AM,1390.0,11,15290.0,144420626.79999974
2025-08-01 10:39:15 AM,1389.8,35,48643.0,144469269.79999974
2025-08-01 10:39:15 AM,1389.7,23,31963.100000000002,144501232.89999974
2025-08-01 10:39:15 AM,1389.8,0,0.0,144501232.89999974
2025-08-01 10:39:15 AM,1390.0,0,0.0,144501232.89999974
2025-08-01 10:39:16 AM,1390.0,283,393370.0,144894602.89999974
2025-08-01 10:39:17 AM,1390.0,45,62550.0,144957152.89999974
2025-08-01 10:39:17 AM,1389.7,0,0.0,144957152.89999974
2025-08-01 10:39:18 AM,1389.7,197,273770.9,145230923.79999974
2025-08-01 10:39:21 AM,1390.1,22,30582.199999999997,145261505.99999973
2025-08-01 10:39:22 AM,1390.0,0,0.0,145261505.99999973
2025-08-01 10:39:22 AM,1390.0,8,11120.0,145272625.99999973
2025-08-01 10:39:23 AM,1390.1,0,0.0,145272625.99999973
2025-08-01 10:39:23 AM,1390.1,11,15291.099999999999,145287917.09999973
2025-08-01 10:39:24 AM,1389.5,0,0.0,145287917.09999973
2025-08-01 10:39:24 AM,1389.5,85,118107.5,145406024.59999973
2025-08-01 10:39:28 AM,1390.1,5,6950.5,145412975.09999973
2025-08-01 10:39:42 AM,1390.0,0,0.0,145412975.09999973
2025-08-01 10:39:43 AM,1390.0,9,12510.0,145425485.09999973
2025-08-01 10:39:44 AM,1390.0,52,72280.0,145497765.09999973
2025-08-01 10:39:44 AM,1390.1,0,0.0,145497765.09999973
2025-08-01 10:39:45 AM,1390.1,144,200174.4,145697939.49999973
2025-08-01 10:39:46 AM,1389.6,0,0.0,145697939.49999973
2025-08-01 10:39:46 AM,1389.6,1,1389.6,145699329.09999973
2025-08-01 10:39:48 AM,1390.1,0,0.0,145699329.09999973
2025-08-01 10:39:48 AM,1390.1,10,13901.0,145713230.09999973
2025-08-01 10:39:52 AM,1390.0,29,40310.0,145753540.09999973
2025-08-01 10:39:53 AM,1390.0,12,16680.0,145770220.09999973
2025-08-01 10:39:58 AM,1390.0,169,234910.0,146005130.09999973
2025-08-01 10:40:02 AM,1390.1,0,0.0,146005130.09999973
2025-08-01 10:40:03 AM,1390.1,11,15291.099999999999,146020421.19999972
2025-08-01 10:40:20 AM,1389.5,63,87538.5,146107959.69999972
2025-08-01 10:40:22 AM,1390.0,0,0.0,146107959.69999972
2025-08-01 10:40:22 AM,1388.0,0,0.0,146107959.69999972
2025-08-01 10:40:23 AM,1388.5,1303,1809215.5,147917175.19999972
2025-08-01 10:40:25 AM,1390.0,0,0.0,147917175.19999972
2025-08-01 10:40:25 AM,1390.0,1583,2200370.0,150117545.19999972
2025-08-01 10:40:28 AM,1388.8,0,0.0,150117545.19999972
2025-08-01 10:40:28 AM,1389.6,0,0.0,150117545.19999972
2025-08-01 10:40:28 AM,1389.6,766,1064433.5999999999,151181978.7999997
2025-08-01 10:40:29 AM,1390.0,0,0.0,151181978.7999997
2025-08-01 10:40:31 AM,1390.0,407,565730.0,151747708.7999997
2025-08-01 10:40:34 AM,1390.0,249,346110.0,152093818.7999997
2025-08-01 10:40:36 AM,1390.0,13,18070.0,152111888.7999997
2025-08-01 10:40:39 AM,1390.0,24,33360.0,152145248.7999997
2025-08-01 10:40:42 AM,1390.0,46,63940.0,152209188.7999997
2025-08-01 10:40:45 AM,1390.0,17,23630.0,152232818.7999997
2025-08-01 10:40:50 AM,1390.0,126,175140.0,152407958.7999997
2025-08-01 10:40:51 AM,1389.0,0,0.0,152407958.7999997
2025-08-01 10:40:53 AM,1390.0,191,265490.0,152673448.7999997
2025-08-01 10:40:56 AM,1390.0,24,33360.0,152706808.7999997
2025-08-01 10:40:59 AM,1390.0,16,22240.0,152729048.7999997
2025-08-01 10:41:00 AM,1390.0,120,166800.0,152895848.7999997
2025-08-01 10:41:02 AM,1390.0,41,56990.0,152952838.7999997
2025-08-01 10:41:03 AM,1390.0,41,56990.0,153009828.7999997
2025-08-01 10:41:03 AM,1390.0,10,13900.0,153023728.7999997
2025-08-01 10:41:04 AM,1390.0,24,33360.0,153057088.7999997
2025-08-01 10:41:04 AM,1390.1,0,0.0,153057088.7999997
2025-08-01 10:41:04 AM,1390.1,2,2780.2,153059868.9999997
2025-08-01 10:41:08 AM,1390.1,3,4170.299999999999,153064039.2999997
2025-08-01 10:41:12 AM,1390.0,11,15290.0,153079329.2999997
2025-08-01 10:41:13 AM,1390.0,1,1390.0,153080719.2999997
2025-08-01 10:41:15 AM,1390.0,43,59770.0,153140489.2999997
2025-08-01 10:41:18 AM,1390.1,0,0.0,153140489.2999997
2025-08-01 10:41:18 AM,1390.1,2,2780.2,153143269.4999997
2025-08-01 10:41:21 AM,1390.0,0,0.0,153143269.4999997
2025-08-01 10:41:21 AM,1390.0,11,15290.0,153158559.4999997
2025-08-01 10:41:22 AM,1390.0,169,234910.0,153393469.4999997
2025-08-01 10:41:23 AM,1390.0,100,139000.0,153532469.4999997
2025-08-01 10:41:24 AM,1390.0,9,12510.0,153544979.4999997
2025-08-01 10:41:28 AM,1390.0,1,1390.0,153546369.4999997
2025-08-01 10:41:28 AM,1390.1,0,0.0,153546369.4999997
2025-08-01 10:41:28 AM,1390.1,6,8340.599999999999,153554710.0999997
2025-08-01 10:41:31 AM,1389.5,42,58359.0,153613069.0999997
2025-08-01 10:41:33 AM,1390.1,0,0.0,153613069.0999997
2025-08-01 10:41:34 AM,1390.1,2,2780.2,153615849.29999968
2025-08-01 10:41:35 AM,1390.0,0,0.0,153615849.29999968
2025-08-01 10:41:35 AM,1390.0,76,105640.0,153721489.29999968
2025-08-01 10:41:36 AM,1390.0,11,15290.0,153736779.29999968
2025-08-01 10:41:38 AM,1390.1,0,0.0,153736779.29999968
2025-08-01 10:41:38 AM,1390.1,5,6950.5,153743729.79999968
2025-08-01 10:41:42 AM,1390.2,100,139020.0,153882749.79999968
2025-08-01 10:41:43 AM,1390.2,5,6951.0,153889700.79999968
2025-08-01 10:41:44 AM,1390.0,21,29190.0,153918890.79999968
2025-08-01 10:41:46 AM,1390.0,1,1390.0,153920280.79999968
2025-08-01 10:41:48 AM,1390.2,1,1390.2,153921670.99999967
2025-08-01 10:42:32 AM,1390.5,0,0.0,153921670.99999967
2025-08-01 10:42:33 AM,1391.0,391,543881.0,154465551.99999967
2025-08-01 10:42:34 AM,1391.3,0,0.0,154465551.99999967
2025-08-01 10:42:35 AM,1391.3,312,434085.6,154899637.59999967
2025-08-01 10:42:39 AM,1391.1,0,0.0,154899637.59999967
2025-08-01 10:42:39 AM,1391.0,331,460421.0,155360058.59999967
2025-08-01 10:42:40 AM,1392.0,0,0.0,155360058.59999967
2025-08-01 10:42:41 AM,1391.9,227,315961.30000000005,155676019.89999968
2025-08-01 10:42:44 AM,1391.9,32,44540.8,155720560.6999997
2025-08-01 10:42:45 AM,1392.0,0,0.0,155720560.6999997
2025-08-01 10:42:47 AM,1392.0,134,186528.0,155907088.6999997
2025-08-01 10:42:51 AM,1392.2,0,0.0,155907088.6999997
2025-08-01 10:42:52 AM,1392.2,13,18098.600000000002,155925187.29999968
2025-08-01 10:42:56 AM,1392.2,10,13922.0,155939109.29999968
2025-08-01 10:42:58 AM,1392.2,1,1392.2,155940501.49999967
2025-08-01 10:43:01 AM,1392.6,190,264594.0,156205095.49999967
2025-08-01 10:43:03 AM,1392.8,9,12535.199999999999,156217630.69999966
2025-08-01 10:43:08 AM,1392.8,1,1392.8,156219023.49999967
2025-08-01 10:43:13 AM,1392.4,36,50126.4,156269149.89999968
2025-08-01 10:43:15 AM,1392.4,4,5569.6,156274719.49999967
2025-08-01 10:43:17 AM,1392.1,3,4176.299999999999,156278895.79999968
2025-08-01 10:43:18 AM,1392.1,3,4176.299999999999,156283072.0999997
2025-08-01 10:43:20 AM,1392.0,0,0.0,156283072.0999997
2025-08-01 10:43:20 AM,1392.0,79,109968.0,156393040.0999997
