date,price,qty,trnvr,cum_trnvr
2025-08-01 09:15:03 AM,628.0,2015,1265420.0,1265420.0
2025-08-01 09:15:05 AM,628.0,329,206612.0,1472032.0
2025-08-01 09:15:12 AM,627.65,0,0.0,1472032.0
2025-08-01 09:15:15 AM,625.25,1396,872849.0,2344881.0
2025-08-01 09:15:22 AM,625.05,0,0.0,2344881.0
2025-08-01 09:15:25 AM,625.05,1073,670678.6499999999,3015559.65
2025-08-01 09:15:26 AM,625.25,55,34388.75,3049948.4
2025-08-01 09:15:33 AM,625.25,6,3751.5,3053699.9
2025-08-01 09:15:41 AM,626.65,0,0.0,3053699.9
2025-08-01 09:15:42 AM,626.65,150,93997.5,3147697.4
2025-08-01 09:15:45 AM,626.35,0,0.0,3147697.4
2025-08-01 09:15:48 AM,624.35,0,0.0,3147697.4
2025-08-01 09:15:50 AM,624.35,1114,695525.9,3843223.3
2025-08-01 09:15:57 AM,624.85,0,0.0,3843223.3
2025-08-01 09:15:58 AM,624.9,526,328697.39999999997,4171920.6999999997
2025-08-01 09:16:00 AM,625.15,105,65640.75,4237561.449999999
2025-08-01 09:16:03 AM,625.05,0,0.0,4237561.449999999
2025-08-01 09:16:06 AM,625.05,2061,1288228.0499999998,5525789.499999999
2025-08-01 09:16:06 AM,623.95,0,0.0,5525789.499999999
2025-08-01 09:16:08 AM,623.05,125,77881.25,5603670.749999999
2025-08-01 09:16:10 AM,624.05,0,0.0,5603670.749999999
2025-08-01 09:16:14 AM,623.9,388,242073.19999999998,5845743.949999999
2025-08-01 09:16:16 AM,624.05,1000,624050.0,6469793.949999999
2025-08-01 09:16:17 AM,623.9,0,0.0,6469793.949999999
2025-08-01 09:16:20 AM,623.8,0,0.0,6469793.949999999
2025-08-01 09:16:23 AM,623.8,181,112907.79999999999,6582701.749999999
2025-08-01 09:16:28 AM,624.15,0,0.0,6582701.749999999
2025-08-01 09:16:31 AM,624.15,200,124830.0,6707531.749999999
2025-08-01 09:16:32 AM,623.8,474,295681.19999999995,7003212.949999999
2025-08-01 09:16:38 AM,624.8,0,0.0,7003212.949999999
2025-08-01 09:16:39 AM,624.15,608,379483.2,7382696.149999999
2025-08-01 09:16:56 AM,624.75,93,58101.75,7440797.899999999
2025-08-01 09:16:57 AM,625.3,0,0.0,7440797.899999999
2025-08-01 09:17:04 AM,625.7,240,150168.0,7590965.899999999
2025-08-01 09:17:12 AM,625.75,41,25655.75,7616621.649999999
2025-08-01 09:17:15 AM,626.55,0,0.0,7616621.649999999
2025-08-01 09:17:17 AM,626.7,0,0.0,7616621.649999999
2025-08-01 09:17:20 AM,626.7,478,299562.60000000003,7916184.249999999
2025-08-01 09:17:22 AM,626.85,250,156712.5,8072896.749999999
2025-08-01 09:17:24 AM,626.7,0,0.0,8072896.749999999
2025-08-01 09:17:29 AM,626.7,433,271361.10000000003,8344257.849999999
2025-08-01 09:17:32 AM,627.85,0,0.0,8344257.849999999
2025-08-01 09:17:34 AM,628.0,0,0.0,8344257.849999999
2025-08-01 09:17:37 AM,628.0,80,50240.0,8394497.849999998
2025-08-01 09:17:38 AM,628.25,217,136330.25,8530828.099999998
2025-08-01 09:17:42 AM,628.8,0,0.0,8530828.099999998
2025-08-01 09:17:45 AM,627.05,1049,657775.45,9188603.549999997
2025-08-01 09:17:46 AM,628.8,1000,628800.0,9817403.549999997
2025-08-01 09:17:49 AM,627.55,0,0.0,9817403.549999997
2025-08-01 09:17:54 AM,627.55,69,43300.95,9860704.499999996
2025-08-01 09:18:06 AM,627.65,0,0.0,9860704.499999996
2025-08-01 09:18:10 AM,627.65,160,100424.0,9961128.499999996
2025-08-01 09:18:11 AM,627.55,580,363979.0,10325107.499999996
2025-08-01 09:18:16 AM,627.4,0,0.0,10325107.499999996
2025-08-01 09:18:19 AM,627.4,421,264135.39999999997,10589242.899999997
2025-08-01 09:18:22 AM,628.45,0,0.0,10589242.899999997
2025-08-01 09:18:27 AM,628.45,79,49647.55,10638890.449999997
2025-08-01 09:18:28 AM,628.5,25,15712.5,10654602.949999997
2025-08-01 09:18:35 AM,628.5,173,108730.5,10763333.449999997
2025-08-01 09:18:43 AM,628.5,70,43995.0,10807328.449999997
2025-08-01 09:18:44 AM,628.5,10,6285.0,10813613.449999997
2025-08-01 09:18:51 AM,628.5,18,11313.0,10824926.449999997
2025-08-01 09:18:59 AM,628.5,6,3771.0,10828697.449999997
2025-08-01 09:19:01 AM,628.55,0,0.0,10828697.449999997
2025-08-01 09:19:07 AM,628.5,1535,964747.5,11793444.949999997
2025-08-01 09:19:09 AM,628.65,105,66008.25,11859453.199999997
2025-08-01 09:19:16 AM,627.95,731,459031.45,12318484.649999997
2025-08-01 09:19:26 AM,628.2,0,0.0,12318484.649999997
2025-08-01 09:19:31 AM,628.9,0,0.0,12318484.649999997
2025-08-01 09:19:32 AM,628.9,70,44023.0,12362507.649999997
2025-08-01 09:19:35 AM,628.85,0,0.0,12362507.649999997
2025-08-01 09:19:39 AM,628.9,0,0.0,12362507.649999997
2025-08-01 09:19:40 AM,628.9,1217,765371.2999999999,13127878.949999997
2025-08-01 09:19:47 AM,628.25,0,0.0,13127878.949999997
2025-08-01 09:19:48 AM,628.25,443,278314.75,13406193.699999997
2025-08-01 09:19:55 AM,629.85,0,0.0,13406193.699999997
2025-08-01 09:19:56 AM,629.85,1530,963670.5,14369864.199999997
2025-08-01 09:19:58 AM,629.25,1000,629250.0,14999114.199999997
2025-08-01 09:20:03 AM,630.9,0,0.0,14999114.199999997
2025-08-01 09:20:04 AM,630.9,850,536265.0,15535379.199999997
2025-08-01 09:20:10 AM,631.0,0,0.0,15535379.199999997
2025-08-01 09:20:11 AM,631.1,0,0.0,15535379.199999997
2025-08-01 09:20:12 AM,631.1,2093,1320892.3,16856271.499999996
2025-08-01 09:20:13 AM,630.0,245,154350.0,17010621.499999996
2025-08-01 09:20:17 AM,630.15,0,0.0,17010621.499999996
2025-08-01 09:20:19 AM,630.2,0,0.0,17010621.499999996
2025-08-01 09:20:20 AM,630.2,632,398286.4,17408907.899999995
2025-08-01 09:20:28 AM,630.2,118,74363.6,17483271.499999996
2025-08-01 09:20:35 AM,629.4,100,62940.0,17546211.499999996
2025-08-01 09:20:42 AM,629.95,0,0.0,17546211.499999996
2025-08-01 09:20:43 AM,629.95,1418,893269.1000000001,18439480.599999998
2025-08-01 09:20:49 AM,630.9,0,0.0,18439480.599999998
2025-08-01 09:20:51 AM,630.9,129,81386.09999999999,18520866.7
2025-08-01 09:20:52 AM,630.9,901,568440.9,19089307.599999998
2025-08-01 09:20:56 AM,631.0,0,0.0,19089307.599999998
2025-08-01 09:20:59 AM,631.0,34,21454.0,19110761.599999998
2025-08-01 09:20:59 AM,631.65,0,0.0,19110761.599999998
2025-08-01 09:21:00 AM,630.4,2577,1624540.8,20735302.4
2025-08-01 09:21:05 AM,631.15,0,0.0,20735302.4
2025-08-01 09:21:06 AM,631.75,9,5685.75,20740988.15
2025-08-01 09:21:08 AM,631.85,50,31592.5,20772580.65
2025-08-01 09:21:10 AM,631.8,0,0.0,20772580.65
2025-08-01 09:21:14 AM,631.85,695,439135.75,21211716.4
2025-08-01 09:21:15 AM,631.9,246,155447.4,21367163.799999997
2025-08-01 09:21:22 AM,631.9,655,413894.5,21781058.299999997
2025-08-01 09:21:23 AM,632.1,150,94815.0,21875873.299999997
2025-08-01 09:21:26 AM,632.2,0,0.0,21875873.299999997
2025-08-01 09:21:30 AM,632.9,1080,683532.0,22559405.299999997
2025-08-01 09:21:36 AM,632.7,0,0.0,22559405.299999997
2025-08-01 09:21:38 AM,633.3,1034,654832.2,23214237.499999996
2025-08-01 09:21:39 AM,632.85,5,3164.25,23217401.749999996
2025-08-01 09:21:40 AM,633.6,0,0.0,23217401.749999996
2025-08-01 09:21:43 AM,632.9,0,0.0,23217401.749999996
2025-08-01 09:21:45 AM,632.8,2192,1387097.5999999999,24604499.349999998
2025-08-01 09:21:49 AM,633.4,0,0.0,24604499.349999998
2025-08-01 09:21:52 AM,632.8,0,0.0,24604499.349999998
2025-08-01 09:21:53 AM,633.0,1896,1200168.0,25804667.349999998
2025-08-01 09:21:54 AM,633.0,139,87987.0,25892654.349999998
2025-08-01 09:21:56 AM,633.35,0,0.0,25892654.349999998
2025-08-01 09:21:59 AM,633.3,0,0.0,25892654.349999998
2025-08-01 09:22:00 AM,633.3,265,167824.5,26060478.849999998
2025-08-01 09:22:02 AM,633.0,956,605148.0,26665626.849999998
2025-08-01 09:22:06 AM,632.95,0,0.0,26665626.849999998
2025-08-01 09:22:08 AM,632.95,409,258876.55000000002,26924503.4
2025-08-01 09:22:09 AM,631.75,763,482025.25,27406528.65
2025-08-01 09:22:16 AM,631.55,145,91574.75,27498103.4
2025-08-01 09:22:17 AM,631.5,50,31575.0,27529678.4
2025-08-01 09:22:23 AM,630.9,479,302201.1,27831879.5
2025-08-01 09:22:31 AM,629.8,1797,1131750.5999999999,28963630.1
2025-08-01 09:22:33 AM,630.3,456,287416.8,29251046.900000002
2025-08-01 09:22:34 AM,630.15,0,0.0,29251046.900000002
2025-08-01 09:22:39 AM,630.15,115,72467.25,29323514.150000002
2025-08-01 09:22:40 AM,629.45,83,52244.350000000006,29375758.500000004
2025-08-01 09:22:46 AM,629.4,111,69863.4,29445621.900000002
2025-08-01 09:22:46 AM,630.15,0,0.0,29445621.900000002
2025-08-01 09:22:48 AM,630.15,71,44740.65,29490362.55
2025-08-01 09:22:52 AM,629.25,0,0.0,29490362.55
2025-08-01 09:22:54 AM,629.75,1219,767665.25,30258027.8
2025-08-01 09:22:55 AM,629.75,26,16373.5,30274401.3
2025-08-01 09:23:01 AM,629.75,79,49750.25,30324151.55
2025-08-01 09:23:05 AM,629.85,0,0.0,30324151.55
2025-08-01 09:23:09 AM,629.9,563,354633.7,30678785.25
2025-08-01 09:23:12 AM,628.65,0,0.0,30678785.25
2025-08-01 09:23:14 AM,628.5,0,0.0,30678785.25
2025-08-01 09:23:17 AM,628.8,946,594844.7999999999,31273630.05
2025-08-01 09:23:19 AM,628.2,0,0.0,31273630.05
2025-08-01 09:23:20 AM,628.15,0,0.0,31273630.05
2025-08-01 09:23:24 AM,626.7,386,241906.2,31515536.25
2025-08-01 09:23:32 AM,626.2,66,41329.200000000004,31556865.45
2025-08-01 09:23:34 AM,626.2,4,2504.8,31559370.25
2025-08-01 09:23:39 AM,626.35,0,0.0,31559370.25
2025-08-01 09:23:39 AM,626.35,123,77041.05,31636411.3
2025-08-01 09:23:40 AM,626.6,0,0.0,31636411.3
2025-08-01 09:23:41 AM,626.05,88,55092.399999999994,31691503.7
2025-08-01 09:23:46 AM,625.15,0,0.0,31691503.7
2025-08-01 09:23:47 AM,625.2,260,162552.0,31854055.7
2025-08-01 09:23:49 AM,625.15,6,3750.8999999999996,31857806.599999998
2025-08-01 09:23:55 AM,626.0,151,94526.0,31952332.599999998
2025-08-01 09:23:56 AM,626.5,10,6265.0,31958597.599999998
2025-08-01 09:24:02 AM,625.95,5,3129.75,31961727.349999998
2025-08-01 09:24:04 AM,625.5,38,23769.0,31985496.349999998
2025-08-01 09:24:05 AM,626.0,0,0.0,31985496.349999998
2025-08-01 09:24:10 AM,626.75,384,240672.0,32226168.349999998
2025-08-01 09:24:18 AM,626.75,105,65808.75,32291977.099999998
2025-08-01 09:24:27 AM,625.95,23,14396.85,32306373.95
2025-08-01 09:24:30 AM,625.35,0,0.0,32306373.95
2025-08-01 09:24:33 AM,625.25,198,123799.5,32430173.45
2025-08-01 09:24:35 AM,625.2,35,21882.0,32452055.45
2025-08-01 09:24:36 AM,625.0,0,0.0,32452055.45
2025-08-01 09:24:41 AM,625.0,513,320625.0,32772680.45
2025-08-01 09:24:42 AM,625.0,43,26875.0,32799555.45
2025-08-01 09:24:48 AM,625.0,125,78125.0,32877680.45
2025-08-01 09:24:49 AM,625.55,0,0.0,32877680.45
2025-08-01 09:24:50 AM,625.55,25,15638.749999999998,32893319.2
2025-08-01 09:24:55 AM,625.4,64,40025.6,32933344.8
2025-08-01 09:24:57 AM,625.85,10,6258.5,32939603.3
2025-08-01 09:25:03 AM,625.85,22,13768.7,32953372.0
2025-08-01 09:25:05 AM,625.85,141,88244.85,33041616.85
2025-08-01 09:25:28 AM,625.85,9,5632.650000000001,33047249.5
2025-08-01 09:25:33 AM,626.35,6,3758.1000000000004,33051007.6
2025-08-01 09:25:35 AM,625.85,1,625.85,33051633.450000003
2025-08-01 09:25:40 AM,626.75,300,188025.0,33239658.450000003
2025-08-01 09:25:56 AM,626.75,50,31337.5,33270995.950000003
2025-08-01 09:26:03 AM,625.85,320,200272.0,33471267.950000003
2025-08-01 09:26:10 AM,626.3,0,0.0,33471267.950000003
2025-08-01 09:26:11 AM,626.3,1970,1233811.0,34705078.95
2025-08-01 09:26:13 AM,626.95,6,3761.7000000000003,34708840.650000006
2025-08-01 09:26:27 AM,627.1,0,0.0,34708840.650000006
2025-08-01 09:26:28 AM,627.1,31,19440.100000000002,34728280.75000001
2025-08-01 09:26:34 AM,628.25,0,0.0,34728280.75000001
2025-08-01 09:26:36 AM,628.25,400,251300.0,34979580.75000001
2025-08-01 09:26:42 AM,628.25,33,20732.25,35000313.00000001
2025-08-01 09:26:46 AM,629.5,0,0.0,35000313.00000001
2025-08-01 09:26:49 AM,629.5,502,316009.0,35316322.00000001
2025-08-01 09:27:00 AM,630.4,0,0.0,35316322.00000001
2025-08-01 09:27:04 AM,630.4,100,63040.0,35379362.00000001
2025-08-01 09:27:20 AM,629.4,682,429250.8,35808612.800000004
2025-08-01 09:27:26 AM,629.0,129,81141.0,35889753.800000004
2025-08-01 09:27:27 AM,629.15,0,0.0,35889753.800000004
2025-08-01 09:27:28 AM,629.15,20,12583.0,35902336.800000004
2025-08-01 09:27:50 AM,629.15,100,62915.0,35965251.800000004
2025-08-01 09:27:57 AM,629.15,1114,700873.1,36666124.900000006
2025-08-01 09:28:10 AM,628.55,0,0.0,36666124.900000006
2025-08-01 09:28:12 AM,628.55,54,33941.7,36700066.60000001
2025-08-01 09:28:21 AM,628.15,140,87941.0,36788007.60000001
2025-08-01 09:28:22 AM,628.2,0,0.0,36788007.60000001
2025-08-01 09:28:27 AM,628.2,120,75384.0,36863391.60000001
2025-08-01 09:28:32 AM,628.05,0,0.0,36863391.60000001
2025-08-01 09:28:35 AM,628.05,140,87927.0,36951318.60000001
2025-08-01 09:28:36 AM,628.55,100,62854.99999999999,37014173.60000001
2025-08-01 09:28:43 AM,628.3,0,0.0,37014173.60000001
2025-08-01 09:28:43 AM,628.3,492,309123.6,37323297.20000001
2025-08-01 09:28:48 AM,627.45,0,0.0,37323297.20000001
2025-08-01 09:28:50 AM,627.45,500,313725.0,37637022.20000001
2025-08-01 09:28:58 AM,628.0,3,1884.0,37638906.20000001
2025-08-01 09:29:13 AM,627.65,100,62765.0,37701671.20000001
2025-08-01 09:29:21 AM,627.65,129,80966.84999999999,37782638.05000001
2025-08-01 09:29:32 AM,627.5,0,0.0,37782638.05000001
2025-08-01 09:29:36 AM,627.5,1,627.5,37783265.55000001
2025-08-01 09:29:37 AM,627.45,1132,710273.4,38493538.95000001
2025-08-01 09:29:43 AM,627.1,230,144233.0,38637771.95000001
2025-08-01 09:29:58 AM,627.1,402,252094.2,38889866.15000001
2025-08-01 09:30:18 AM,627.4,0,0.0,38889866.15000001
2025-08-01 09:30:21 AM,627.4,10,6274.0,38896140.15000001
2025-08-01 09:30:36 AM,627.1,1,627.1,38896767.250000015
2025-08-01 09:30:43 AM,627.45,2,1254.9,38898022.15000001
2025-08-01 09:30:46 AM,627.1,0,0.0,38898022.15000001
2025-08-01 09:30:50 AM,627.1,280,175588.0,39073610.15000001
2025-08-01 09:30:51 AM,627.1,41,25711.100000000002,39099321.250000015
2025-08-01 09:30:58 AM,627.1,500,313550.0,39412871.250000015
2025-08-01 09:31:03 AM,627.0,0,0.0,39412871.250000015
2025-08-01 09:31:05 AM,627.0,714,447678.0,39860549.250000015
2025-08-01 09:31:08 AM,627.15,0,0.0,39860549.250000015
2025-08-01 09:31:13 AM,627.15,1,627.15,39861176.40000001
2025-08-01 09:31:20 AM,627.15,31,19441.649999999998,39880618.05000001
2025-08-01 09:31:27 AM,627.15,79,49544.85,39930162.90000001
2025-08-01 09:31:55 AM,627.75,0,0.0,39930162.90000001
2025-08-01 09:31:55 AM,627.75,100,62775.0,39992937.90000001
2025-08-01 09:32:00 AM,627.7,0,0.0,39992937.90000001
2025-08-01 09:32:02 AM,627.7,20,12554.0,40005491.90000001
2025-08-01 09:32:05 AM,627.75,0,0.0,40005491.90000001
2025-08-01 09:32:09 AM,627.35,82,51442.700000000004,40056934.60000002
2025-08-01 09:32:41 AM,627.3,0,0.0,40056934.60000002
2025-08-01 09:32:44 AM,627.3,500,313650.0,40370584.60000002
2025-08-01 09:33:16 AM,627.7,0,0.0,40370584.60000002
2025-08-01 09:33:19 AM,627.7,103,64653.100000000006,40435237.70000002
2025-08-01 09:33:26 AM,628.0,0,0.0,40435237.70000002
2025-08-01 09:33:26 AM,628.0,301,189028.0,40624265.70000002
2025-08-01 09:33:39 AM,628.55,7,4399.849999999999,40628665.55000002
2025-08-01 09:33:46 AM,628.75,528,331980.0,40960645.55000002
2025-08-01 09:34:00 AM,627.85,1023,642290.55,41602936.10000002
2025-08-01 09:34:06 AM,628.0,0,0.0,41602936.10000002
2025-08-01 09:34:08 AM,628.0,979,614812.0,42217748.10000002
2025-08-01 09:34:24 AM,628.4,0,0.0,42217748.10000002
2025-08-01 09:34:29 AM,628.4,18,11311.199999999999,42229059.30000002
2025-08-01 09:34:31 AM,628.7,0,0.0,42229059.30000002
2025-08-01 09:34:36 AM,628.7,50,31435.000000000004,42260494.30000002
2025-08-01 09:34:36 AM,628.75,0,0.0,42260494.30000002
2025-08-01 09:34:42 AM,628.75,14,8802.5,42269296.80000002
2025-08-01 09:34:49 AM,628.05,61,38311.049999999996,42307607.85000002
2025-08-01 09:34:58 AM,628.55,0,0.0,42307607.85000002
2025-08-01 09:35:01 AM,628.6,0,0.0,42307607.85000002
2025-08-01 09:35:03 AM,628.6,51,32058.600000000002,42339666.45000002
2025-08-01 09:35:16 AM,627.7,0,0.0,42339666.45000002
2025-08-01 09:35:17 AM,627.7,600,376620.0,42716286.45000002
2025-08-01 09:35:21 AM,627.9,0,0.0,42716286.45000002
2025-08-01 09:35:24 AM,628.5,130,81705.0,42797991.45000002
2025-08-01 09:35:36 AM,628.05,0,0.0,42797991.45000002
2025-08-01 09:35:38 AM,628.05,1,628.05,42798619.500000015
2025-08-01 09:35:45 AM,627.9,100,62790.0,42861409.500000015
2025-08-01 09:35:51 AM,627.95,0,0.0,42861409.500000015
2025-08-01 09:35:52 AM,627.95,9,5651.55,42867061.05000001
2025-08-01 09:36:12 AM,628.25,0,0.0,42867061.05000001
2025-08-01 09:36:12 AM,628.25,17,10680.25,42877741.30000001
2025-08-01 09:36:17 AM,628.5,0,0.0,42877741.30000001
2025-08-01 09:36:18 AM,628.5,5,3142.5,42880883.80000001
2025-08-01 09:36:25 AM,628.5,1,628.5,42881512.30000001
2025-08-01 09:36:40 AM,628.7,0,0.0,42881512.30000001
2025-08-01 09:36:44 AM,629.45,0,0.0,42881512.30000001
2025-08-01 09:36:44 AM,629.45,152,95676.40000000001,42977188.70000001
2025-08-01 09:37:00 AM,629.35,0,0.0,42977188.70000001
2025-08-01 09:37:04 AM,629.35,10,6293.5,42983482.20000001
2025-08-01 09:37:09 AM,628.65,0,0.0,42983482.20000001
2025-08-01 09:37:12 AM,628.65,62,38976.299999999996,43022458.50000001
2025-08-01 09:37:49 AM,628.7,0,0.0,43022458.50000001
2025-08-01 09:37:52 AM,628.7,104,65384.8,43087843.300000004
2025-08-01 09:37:59 AM,628.75,16,10060.0,43097903.300000004
2025-08-01 09:38:10 AM,628.3,0,0.0,43097903.300000004
2025-08-01 09:38:13 AM,628.3,55,34556.5,43132459.800000004
2025-08-01 09:38:16 AM,629.0,0,0.0,43132459.800000004
2025-08-01 09:38:20 AM,629.0,51,32079.0,43164538.800000004
2025-08-01 09:38:36 AM,628.35,0,0.0,43164538.800000004
2025-08-01 09:38:40 AM,628.35,199,125041.65000000001,43289580.45
2025-08-01 09:38:52 AM,628.3,0,0.0,43289580.45
2025-08-01 09:38:53 AM,628.3,50,31414.999999999996,43320995.45
2025-08-01 09:38:59 AM,628.5,94,59079.0,43380074.45
2025-08-01 09:39:06 AM,628.4,50,31420.0,43411494.45
2025-08-01 09:39:11 AM,628.35,0,0.0,43411494.45
2025-08-01 09:39:13 AM,628.35,1834,1152393.9000000001,44563888.35
2025-08-01 09:39:59 AM,627.9,547,343461.3,44907349.65
2025-08-01 09:40:00 AM,627.85,55,34531.75,44941881.4
2025-08-01 09:40:19 AM,627.65,1,627.65,44942509.05
2025-08-01 09:40:23 AM,627.15,0,0.0,44942509.05
2025-08-01 09:40:26 AM,627.05,115,72110.75,45014619.8
2025-08-01 09:40:32 AM,627.6,8,5020.8,45019640.599999994
2025-08-01 09:40:33 AM,627.1,0,0.0,45019640.599999994
2025-08-01 09:40:33 AM,627.05,199,124782.95,45144423.55
2025-08-01 09:40:36 AM,627.0,0,0.0,45144423.55
2025-08-01 09:40:39 AM,627.0,500,313500.0,45457923.55
2025-08-01 09:40:41 AM,626.8,0,0.0,45457923.55
2025-08-01 09:40:44 AM,626.7,0,0.0,45457923.55
2025-08-01 09:40:45 AM,626.7,664,416128.80000000005,45874052.349999994
2025-08-01 09:40:49 AM,626.35,0,0.0,45874052.349999994
2025-08-01 09:40:52 AM,626.35,120,75162.0,45949214.349999994
2025-08-01 09:40:54 AM,626.0,0,0.0,45949214.349999994
2025-08-01 09:40:59 AM,626.55,386,241848.3,46191062.64999999
2025-08-01 09:41:04 AM,626.5,0,0.0,46191062.64999999
2025-08-01 09:41:05 AM,626.5,5,3132.5,46194195.14999999
2025-08-01 09:41:12 AM,626.55,23,14410.65,46208605.79999999
2025-08-01 09:41:13 AM,626.6,1,626.6,46209232.39999999
2025-08-01 09:41:16 AM,627.1,0,0.0,46209232.39999999
2025-08-01 09:41:19 AM,626.95,3534,2215641.3000000003,48424873.69999999
2025-08-01 09:41:24 AM,626.05,0,0.0,48424873.69999999
2025-08-01 09:41:25 AM,626.05,2119,1326599.95,49751473.64999999
2025-08-01 09:41:33 AM,626.05,3,1878.1499999999999,49753351.79999999
2025-08-01 09:41:52 AM,626.45,10,6264.5,49759616.29999999
2025-08-01 09:42:04 AM,626.0,1196,748696.0,50508312.29999999
2025-08-01 09:42:11 AM,626.0,200,125200.0,50633512.29999999
2025-08-01 09:42:24 AM,626.0,30,18780.0,50652292.29999999
2025-08-01 09:42:32 AM,626.0,185,115810.0,50768102.29999999
2025-08-01 09:42:37 AM,626.4,2,1252.8,50769355.09999999
2025-08-01 09:42:55 AM,626.1,0,0.0,50769355.09999999
2025-08-01 09:42:57 AM,626.1,8,5008.8,50774363.89999998
2025-08-01 09:43:07 AM,626.4,0,0.0,50774363.89999998
2025-08-01 09:43:10 AM,626.4,1,626.4,50774990.29999998
2025-08-01 09:43:17 AM,626.4,18,11275.199999999999,50786265.499999985
2025-08-01 09:43:30 AM,626.45,82,51368.9,50837634.39999998
2025-08-01 09:43:43 AM,626.45,10,6264.5,50843898.89999998
2025-08-01 09:43:50 AM,626.4,25,15660.0,50859558.89999998
2025-08-01 09:43:55 AM,626.1,0,0.0,50859558.89999998
2025-08-01 09:43:56 AM,626.1,821,514028.10000000003,51373586.999999985
2025-08-01 09:44:08 AM,625.15,0,0.0,51373586.999999985
2025-08-01 09:44:09 AM,625.05,3660,2287683.0,53661269.999999985
2025-08-01 09:44:12 AM,624.55,0,0.0,53661269.999999985
2025-08-01 09:44:16 AM,624.55,698,435935.89999999997,54097205.89999998
2025-08-01 09:44:23 AM,624.35,160,99896.0,54197101.89999998
2025-08-01 09:44:27 AM,624.95,0,0.0,54197101.89999998
2025-08-01 09:44:29 AM,624.95,15,9374.25,54206476.14999998
2025-08-01 09:44:30 AM,624.3,222,138594.59999999998,54345070.749999985
2025-08-01 09:44:51 AM,624.1,0,0.0,54345070.749999985
2025-08-01 09:44:55 AM,624.1,21,13106.1,54358176.84999999
2025-08-01 09:44:59 AM,624.3,0,0.0,54358176.84999999
2025-08-01 09:45:01 AM,624.3,1,624.3,54358801.14999998
2025-08-01 09:45:21 AM,623.75,323,201471.25,54560272.39999998
2025-08-01 09:45:24 AM,623.55,0,0.0,54560272.39999998
2025-08-01 09:45:28 AM,624.3,1252,781623.6,55341895.999999985
2025-08-01 09:45:34 AM,624.3,20,12486.0,55354381.999999985
2025-08-01 09:45:40 AM,624.3,518,323387.39999999997,55677769.39999998
2025-08-01 09:45:54 AM,623.85,0,0.0,55677769.39999998
2025-08-01 09:45:55 AM,623.85,1229,766711.65,56444481.04999998
2025-08-01 09:45:57 AM,624.5,0,0.0,56444481.04999998
2025-08-01 09:46:00 AM,624.5,10,6245.0,56450726.04999998
2025-08-01 09:46:06 AM,627.0,0,0.0,56450726.04999998
2025-08-01 09:46:06 AM,627.0,4097,2568819.0,59019545.04999998
2025-08-01 09:46:12 AM,628.0,0,0.0,59019545.04999998
2025-08-01 09:46:13 AM,628.0,1318,827704.0,59847249.04999998
2025-08-01 09:46:19 AM,627.1,155,97200.5,59944449.54999998
2025-08-01 09:46:28 AM,631.0,5635,3555685.0,63500134.54999998
2025-08-01 09:46:28 AM,631.4,0,0.0,63500134.54999998
2025-08-01 09:46:32 AM,632.5,2998,1896235.0,65396369.54999998
2025-08-01 09:46:37 AM,631.7,0,0.0,65396369.54999998
2025-08-01 09:46:38 AM,629.75,828,521433.0,65917802.54999998
2025-08-01 09:46:40 AM,630.1,0,0.0,65917802.54999998
2025-08-01 09:46:40 AM,630.1,10,6301.0,65924103.54999998
2025-08-01 09:46:45 AM,629.5,100,62950.0,65987053.54999998
2025-08-01 09:46:47 AM,631.2,5167,3261410.4000000004,69248463.94999999
2025-08-01 09:46:50 AM,632.0,0,0.0,69248463.94999999
2025-08-01 09:46:51 AM,632.0,30,18960.0,69267423.94999999
2025-08-01 09:46:53 AM,632.0,100,63200.0,69330623.94999999
2025-08-01 09:46:57 AM,631.0,403,254293.0,69584916.94999999
2025-08-01 09:47:01 AM,631.45,0,0.0,69584916.94999999
2025-08-01 09:47:03 AM,631.7,187,118127.90000000001,69703044.85
2025-08-01 09:47:18 AM,631.05,10,6310.5,69709355.35
2025-08-01 09:47:20 AM,631.0,0,0.0,69709355.35
2025-08-01 09:47:21 AM,630.75,0,0.0,69709355.35
2025-08-01 09:47:22 AM,630.75,108,68121.0,69777476.35
2025-08-01 09:47:28 AM,631.0,803,506693.0,70284169.35
2025-08-01 09:47:35 AM,629.85,215,135417.75,70419587.1
2025-08-01 09:47:43 AM,629.8,0,0.0,70419587.1
2025-08-01 09:47:44 AM,631.1,1032,651295.2000000001,71070882.3
2025-08-01 09:47:58 AM,630.8,0,0.0,71070882.3
2025-08-01 09:48:01 AM,631.0,616,388696.0,71459578.3
2025-08-01 09:48:08 AM,631.05,0,0.0,71459578.3
2025-08-01 09:48:08 AM,631.05,240,151452.0,71611030.3
2025-08-01 09:48:14 AM,631.8,1514,956545.2,72567575.5
2025-08-01 09:48:15 AM,632.4,0,0.0,72567575.5
2025-08-01 09:48:17 AM,632.4,101,63872.399999999994,72631447.9
2025-08-01 09:48:23 AM,632.5,0,0.0,72631447.9
2025-08-01 09:48:23 AM,632.5,303,191647.5,72823095.4
2025-08-01 09:48:27 AM,632.4,25,15810.0,72838905.4
2025-08-01 09:48:30 AM,632.3,221,139738.3,72978643.7
2025-08-01 09:48:34 AM,632.7,500,316350.0,73294993.7
2025-08-01 09:48:35 AM,632.95,0,0.0,73294993.7
2025-08-01 09:48:36 AM,632.3,450,284535.0,73579528.7
2025-08-01 09:48:39 AM,632.9,0,0.0,73579528.7
2025-08-01 09:48:40 AM,633.1,1375,870512.5,74450041.2
2025-08-01 09:48:46 AM,632.25,643,406536.75,74856577.95
2025-08-01 09:48:51 AM,632.3,0,0.0,74856577.95
2025-08-01 09:48:53 AM,632.3,280,177044.0,75033621.95
2025-08-01 09:48:55 AM,630.7,0,0.0,75033621.95
2025-08-01 09:48:56 AM,630.7,801,505190.7,75538812.65
2025-08-01 09:48:59 AM,631.1,0,0.0,75538812.65
2025-08-01 09:48:59 AM,631.1,70,44177.0,75582989.65
2025-08-01 09:49:02 AM,631.3,180,113633.99999999999,75696623.65
2025-08-01 09:49:11 AM,630.5,0,0.0,75696623.65
2025-08-01 09:49:12 AM,630.5,514,324077.0,76020700.65
2025-08-01 09:49:14 AM,632.3,2350,1485905.0,77506605.65
2025-08-01 09:49:15 AM,632.5,0,0.0,77506605.65
2025-08-01 09:49:18 AM,632.5,60,37950.0,77544555.65
2025-08-01 09:49:19 AM,632.6,0,0.0,77544555.65
2025-08-01 09:49:20 AM,632.6,3613,2285583.8000000003,79830139.45
2025-08-01 09:49:24 AM,632.5,9,5692.5,79835831.95
2025-08-01 09:49:30 AM,633.85,5546,3515332.1,83351164.05
2025-08-01 09:49:33 AM,633.9,212,134386.8,83485550.85
2025-08-01 09:49:37 AM,633.9,42,26623.8,83512174.64999999
2025-08-01 09:49:43 AM,633.9,108,68461.2,83580635.85
2025-08-01 09:49:43 AM,634.9,0,0.0,83580635.85
2025-08-01 09:49:46 AM,634.45,0,0.0,83580635.85
2025-08-01 09:49:46 AM,634.45,6832,4334562.4,87915198.25
2025-08-01 09:49:46 AM,634.85,0,0.0,87915198.25
2025-08-01 09:49:49 AM,635.0,0,0.0,87915198.25
2025-08-01 09:49:49 AM,635.0,1028,652780.0,88567978.25
2025-08-01 09:49:52 AM,634.95,0,0.0,88567978.25
2025-08-01 09:49:52 AM,634.95,425,269853.75,88837832.0
2025-08-01 09:49:55 AM,634.7,0,0.0,88837832.0
2025-08-01 09:49:56 AM,634.55,713,452434.14999999997,89290266.15
2025-08-01 09:50:00 AM,634.6,0,0.0,89290266.15
2025-08-01 09:50:02 AM,634.6,52,32999.200000000004,89323265.35000001
2025-08-01 09:50:03 AM,634.65,0,0.0,89323265.35000001
2025-08-01 09:50:05 AM,633.55,570,361123.5,89684388.85000001
2025-08-01 09:50:06 AM,633.65,0,0.0,89684388.85000001
2025-08-01 09:50:08 AM,633.25,246,155779.5,89840168.35000001
2025-08-01 09:50:12 AM,635.0,3000,1905000.0,91745168.35000001
2025-08-01 09:50:12 AM,633.4,0,0.0,91745168.35000001
2025-08-01 09:50:15 AM,633.4,100,63340.0,91808508.35000001
2025-08-01 09:50:24 AM,634.1,100,63410.0,91871918.35000001
2025-08-01 09:50:27 AM,633.5,0,0.0,91871918.35000001
2025-08-01 09:50:28 AM,633.5,38,24073.0,91895991.35000001
2025-08-01 09:50:30 AM,634.05,1,634.05,91896625.4
2025-08-01 09:50:32 AM,634.2,0,0.0,91896625.4
2025-08-01 09:50:34 AM,633.7,189,119769.3,92016394.7
2025-08-01 09:50:35 AM,634.3,0,0.0,92016394.7
2025-08-01 09:50:36 AM,634.55,234,148484.69999999998,92164879.4
2025-08-01 09:50:40 AM,634.55,118,74876.9,92239756.30000001
2025-08-01 09:50:42 AM,634.7,0,0.0,92239756.30000001
2025-08-01 09:50:43 AM,634.7,300,190410.0,92430166.30000001
2025-08-01 09:50:45 AM,634.85,0,0.0,92430166.30000001
2025-08-01 09:50:46 AM,634.85,65,41265.25,92471431.55000001
2025-08-01 09:50:56 AM,634.0,0,0.0,92471431.55000001
2025-08-01 09:50:59 AM,634.0,139,88126.0,92559557.55000001
2025-08-01 09:51:00 AM,633.4,0,0.0,92559557.55000001
2025-08-01 09:51:01 AM,633.4,292,184952.8,92744510.35000001
2025-08-01 09:51:03 AM,633.85,0,0.0,92744510.35000001
2025-08-01 09:51:05 AM,633.85,100,63385.0,92807895.35000001
2025-08-01 09:51:12 AM,633.6,121,76665.6,92884560.95
2025-08-01 09:51:20 AM,633.85,1,633.85,92885194.8
2025-08-01 09:51:26 AM,633.75,167,105836.25,92991031.05
2025-08-01 09:51:29 AM,633.6,0,0.0,92991031.05
2025-08-01 09:51:30 AM,633.6,50,31680.0,93022711.05
2025-08-01 09:51:36 AM,633.4,0,0.0,93022711.05
2025-08-01 09:51:37 AM,633.4,143,90576.2,93113287.25
2025-08-01 09:51:45 AM,633.3,5,3166.5,93116453.75
2025-08-01 09:51:49 AM,632.65,203,128427.95,93244881.7
2025-08-01 09:51:51 AM,632.4,0,0.0,93244881.7
2025-08-01 09:51:52 AM,632.4,1,632.4,93245514.10000001
2025-08-01 09:52:00 AM,632.95,0,0.0,93245514.10000001
2025-08-01 09:52:01 AM,632.95,1,632.95,93246147.05000001
2025-08-01 09:52:04 AM,632.4,1,632.4,93246779.45000002
2025-08-01 09:52:04 AM,632.95,0,0.0,93246779.45000002
2025-08-01 09:52:07 AM,632.25,1165,736571.25,93983350.70000002
2025-08-01 09:52:16 AM,632.55,285,180276.75,94163627.45000002
2025-08-01 09:52:26 AM,632.6,0,0.0,94163627.45000002
2025-08-01 09:52:26 AM,632.6,15,9489.0,94173116.45000002
2025-08-01 09:52:32 AM,632.8,0,0.0,94173116.45000002
2025-08-01 09:52:32 AM,632.8,50,31639.999999999996,94204756.45000002
2025-08-01 09:52:44 AM,632.1,0,0.0,94204756.45000002
2025-08-01 09:52:44 AM,632.1,45,28444.5,94233200.95000002
2025-08-01 09:52:50 AM,632.9,0,0.0,94233200.95000002
2025-08-01 09:52:50 AM,632.9,280,177212.0,94410412.95000002
2025-08-01 09:53:02 AM,631.9,0,0.0,94410412.95000002
2025-08-01 09:53:02 AM,631.9,790,499201.0,94909613.95000002
2025-08-01 09:53:11 AM,632.2,0,0.0,94909613.95000002
2025-08-01 09:53:11 AM,632.05,0,0.0,94909613.95000002
2025-08-01 09:53:15 AM,632.05,216,136522.8,95046136.75000001
2025-08-01 09:53:27 AM,632.1,0,0.0,95046136.75000001
2025-08-01 09:53:27 AM,632.1,522,329956.2,95376092.95000002
2025-08-01 09:53:29 AM,632.8,391,247424.8,95623517.75000001
2025-08-01 09:53:33 AM,634.05,0,0.0,95623517.75000001
2025-08-01 09:53:33 AM,634.05,542,343655.1,95967172.85000001
2025-08-01 09:53:39 AM,633.65,0,0.0,95967172.85000001
2025-08-01 09:53:40 AM,633.65,802,508187.3,96475360.15
2025-08-01 09:53:41 AM,633.75,1,633.75,96475993.9
2025-08-01 09:53:43 AM,633.2,0,0.0,96475993.9
2025-08-01 09:53:46 AM,633.2,54,34192.8,96510186.7
2025-08-01 09:53:51 AM,634.05,0,0.0,96510186.7
2025-08-01 09:53:52 AM,634.05,158,100179.9,96610366.60000001
2025-08-01 09:53:54 AM,633.95,20,12679.0,96623045.60000001
2025-08-01 09:54:00 AM,632.5,0,0.0,96623045.60000001
2025-08-01 09:54:00 AM,632.5,2282,1443365.0,98066410.60000001
2025-08-01 09:54:04 AM,632.5,10,6325.0,98072735.60000001
2025-08-01 09:54:12 AM,632.8,0,0.0,98072735.60000001
2025-08-01 09:54:12 AM,632.8,636,402460.8,98475196.4
2025-08-01 09:54:15 AM,632.75,0,0.0,98475196.4
2025-08-01 09:54:17 AM,632.75,51,32270.25,98507466.65
2025-08-01 09:54:30 AM,632.55,3,1897.6499999999999,98509364.30000001
2025-08-01 09:54:36 AM,632.0,116,73312.0,98582676.30000001
2025-08-01 09:54:48 AM,632.0,528,333696.0,98916372.30000001
2025-08-01 09:54:49 AM,632.65,0,0.0,98916372.30000001
2025-08-01 09:54:53 AM,632.65,100,63265.0,98979637.30000001
2025-08-01 09:54:59 AM,632.6,75,47445.0,99027082.30000001
2025-08-01 09:55:10 AM,632.0,0,0.0,99027082.30000001
2025-08-01 09:55:11 AM,632.0,44,27808.0,99054890.30000001
2025-08-01 09:55:18 AM,632.0,209,132088.0,99186978.30000001
2025-08-01 09:55:24 AM,632.0,1000,632000.0,99818978.30000001
2025-08-01 09:55:29 AM,632.0,163,103016.0,99921994.30000001
2025-08-01 09:55:41 AM,631.5,1,631.5,99922625.80000001
2025-08-01 09:55:47 AM,631.5,6,3789.0,99926414.80000001
2025-08-01 09:55:48 AM,632.0,9,5688.0,99932102.80000001
2025-08-01 09:55:58 AM,631.5,0,0.0,99932102.80000001
2025-08-01 09:55:59 AM,631.5,69,43573.5,99975676.30000001
2025-08-01 09:56:07 AM,632.0,0,0.0,99975676.30000001
2025-08-01 09:56:10 AM,631.5,0,0.0,99975676.30000001
2025-08-01 09:56:11 AM,631.5,101,63781.5,100039457.80000001
2025-08-01 09:56:23 AM,631.55,20,12631.0,100052088.80000001
2025-08-01 09:56:33 AM,632.0,0,0.0,100052088.80000001
2025-08-01 09:56:35 AM,632.0,100,63200.0,100115288.80000001
2025-08-01 09:56:45 AM,631.5,0,0.0,100115288.80000001
2025-08-01 09:56:47 AM,631.65,1492,942421.7999999999,101057710.60000001
2025-08-01 09:56:53 AM,631.5,0,0.0,101057710.60000001
2025-08-01 09:56:53 AM,631.5,30,18945.0,101076655.60000001
2025-08-01 09:56:59 AM,631.5,406,256389.0,101333044.60000001
2025-08-01 09:57:05 AM,631.0,0,0.0,101333044.60000001
2025-08-01 09:57:05 AM,631.0,9,5679.0,101338723.60000001
2025-08-01 09:57:43 AM,630.7,328,206869.6,101545593.2
2025-08-01 09:57:46 AM,630.7,225,141907.5,101687500.7
2025-08-01 09:57:58 AM,630.7,777,490053.9,102177554.60000001
2025-08-01 09:58:13 AM,630.25,420,264705.0,102442259.60000001
2025-08-01 09:58:19 AM,630.5,10,6305.0,102448564.60000001
2025-08-01 09:58:23 AM,629.5,246,154857.0,102603421.60000001
2025-08-01 09:58:26 AM,630.0,0,0.0,102603421.60000001
2025-08-01 09:58:29 AM,629.6,136,85625.6,102689047.2
2025-08-01 09:58:34 AM,630.2,0,0.0,102689047.2
2025-08-01 09:58:35 AM,630.2,19,11973.800000000001,102701021.0
2025-08-01 09:58:39 AM,629.65,0,0.0,102701021.0
2025-08-01 09:58:41 AM,629.65,6,3777.8999999999996,102704798.9
2025-08-01 09:58:50 AM,629.5,0,0.0,102704798.9
2025-08-01 09:58:50 AM,629.5,4,2518.0,102707316.9
2025-08-01 09:58:53 AM,629.15,482,303250.3,103010567.2
2025-08-01 09:58:54 AM,629.3,0,0.0,103010567.2
2025-08-01 09:58:56 AM,629.3,5,3146.5,103013713.7
2025-08-01 09:59:08 AM,629.3,108,67964.4,103081678.10000001
2025-08-01 09:59:16 AM,630.2,0,0.0,103081678.10000001
2025-08-01 09:59:18 AM,630.2,438,276027.60000000003,103357705.7
2025-08-01 09:59:27 AM,632.0,1904,1203328.0,104561033.7
2025-08-01 09:59:30 AM,633.45,759,480788.55000000005,105041822.25
2025-08-01 09:59:32 AM,633.75,0,0.0,105041822.25
2025-08-01 09:59:33 AM,634.0,3144,1993296.0,107035118.25
2025-08-01 09:59:39 AM,633.2,20,12664.0,107047782.25
2025-08-01 09:59:46 AM,635.3,7017,4457900.1,111505682.35
2025-08-01 09:59:48 AM,634.85,0,0.0,111505682.35
2025-08-01 09:59:49 AM,634.85,69,43804.65,111549487.0
2025-08-01 09:59:55 AM,634.9,18,11428.199999999999,111560915.2
2025-08-01 10:00:00 AM,634.4,0,0.0,111560915.2
2025-08-01 10:00:01 AM,636.45,4307,2741190.1500000004,114302105.35000001
2025-08-01 10:00:04 AM,637.0,0,0.0,114302105.35000001
2025-08-01 10:00:04 AM,637.0,777,494949.0,114797054.35000001
2025-08-01 10:00:07 AM,634.8,2436,1546372.7999999998,116343427.15
2025-08-01 10:00:14 AM,636.1,562,357488.2,116700915.35000001
2025-08-01 10:00:17 AM,634.25,0,0.0,116700915.35000001
2025-08-01 10:00:17 AM,634.25,29,18393.25,116719308.60000001
2025-08-01 10:00:20 AM,634.3,100,63429.99999999999,116782738.60000001
2025-08-01 10:00:34 AM,633.7,0,0.0,116782738.60000001
2025-08-01 10:00:36 AM,633.85,401,254173.85,117036912.45
2025-08-01 10:00:39 AM,635.05,0,0.0,117036912.45
2025-08-01 10:00:39 AM,635.05,1029,653466.45,117690378.9
2025-08-01 10:00:42 AM,635.5,987,627238.5,118317617.4
2025-08-01 10:00:49 AM,634.4,18,11419.199999999999,118329036.60000001
2025-08-01 10:00:52 AM,633.2,0,0.0,118329036.60000001
2025-08-01 10:00:52 AM,633.2,201,127273.20000000001,118456309.80000001
2025-08-01 10:00:55 AM,633.9,20,12678.0,118468987.80000001
2025-08-01 10:00:57 AM,634.0,0,0.0,118468987.80000001
2025-08-01 10:00:57 AM,634.35,0,0.0,118468987.80000001
2025-08-01 10:00:58 AM,634.35,113,71681.55,118540669.35000001
2025-08-01 10:01:01 AM,634.85,0,0.0,118540669.35000001
2025-08-01 10:01:01 AM,634.85,100,63485.0,118604154.35000001
2025-08-01 10:01:04 AM,634.8,5,3174.0,118607328.35000001
2025-08-01 10:01:14 AM,635.0,0,0.0,118607328.35000001
2025-08-01 10:01:14 AM,635.0,16,10160.0,118617488.35000001
2025-08-01 10:01:16 AM,635.0,200,127000.0,118744488.35000001
2025-08-01 10:01:21 AM,634.6,0,0.0,118744488.35000001
2025-08-01 10:01:21 AM,634.6,1000,634600.0,119379088.35000001
2025-08-01 10:01:24 AM,633.65,0,0.0,119379088.35000001
2025-08-01 10:01:24 AM,633.65,169,107086.84999999999,119486175.2
2025-08-01 10:01:25 AM,633.5,0,0.0,119486175.2
2025-08-01 10:01:25 AM,634.3,0,0.0,119486175.2
2025-08-01 10:01:25 AM,634.3,244,154769.19999999998,119640944.4
2025-08-01 10:01:28 AM,633.4,150,95010.0,119735954.4
2025-08-01 10:01:30 AM,633.4,50,31670.0,119767624.4
2025-08-01 10:01:32 AM,634.0,0,0.0,119767624.4
2025-08-01 10:01:32 AM,634.0,50,31700.0,119799324.4
2025-08-01 10:01:33 AM,633.0,0,0.0,119799324.4
2025-08-01 10:01:33 AM,633.0,1316,833028.0,120632352.4
2025-08-01 10:01:39 AM,633.05,0,0.0,120632352.4
2025-08-01 10:01:39 AM,633.05,3,1899.1499999999999,120634251.55000001
2025-08-01 10:01:43 AM,632.55,0,0.0,120634251.55000001
2025-08-01 10:01:43 AM,632.55,73,46176.149999999994,120680427.70000002
2025-08-01 10:01:50 AM,632.5,100,63250.0,120743677.70000002
2025-08-01 10:01:57 AM,632.5,25,15812.5,120759490.20000002
2025-08-01 10:02:03 AM,632.0,645,407640.0,121167130.20000002
2025-08-01 10:02:05 AM,632.2,0,0.0,121167130.20000002
2025-08-01 10:02:05 AM,632.2,14,8850.800000000001,121175981.00000001
2025-08-01 10:02:10 AM,632.2,13,8218.6,121184199.60000001
2025-08-01 10:02:23 AM,632.0,0,0.0,121184199.60000001
2025-08-01 10:02:23 AM,632.0,143,90376.0,121274575.60000001
2025-08-01 10:02:28 AM,631.6,0,0.0,121274575.60000001
2025-08-01 10:02:29 AM,631.6,52,32843.200000000004,121307418.80000001
2025-08-01 10:02:41 AM,631.65,0,0.0,121307418.80000001
2025-08-01 10:02:41 AM,632.0,44,27808.0,121335226.80000001
2025-08-01 10:02:43 AM,632.0,176,111232.0,121446458.80000001
2025-08-01 10:02:54 AM,631.65,0,0.0,121446458.80000001
2025-08-01 10:02:54 AM,631.65,6,3789.8999999999996,121450248.70000002
2025-08-01 10:03:01 AM,632.0,50,31600.0,121481848.70000002
2025-08-01 10:03:02 AM,631.6,0,0.0,121481848.70000002
2025-08-01 10:03:02 AM,631.6,481,303799.60000000003,121785648.30000001
2025-08-01 10:03:13 AM,631.15,2,1262.3,121786910.60000001
2025-08-01 10:03:41 AM,631.2,25,15780.000000000002,121802690.60000001
2025-08-01 10:04:00 AM,631.8,50,31589.999999999996,121834280.60000001
2025-08-01 10:04:10 AM,631.8,110,69498.0,121903778.60000001
2025-08-01 10:04:25 AM,632.0,944,596608.0,122500386.60000001
2025-08-01 10:05:31 AM,632.7,0,0.0,122500386.60000001
2025-08-01 10:05:31 AM,632.7,1,632.7,122501019.30000001
2025-08-01 10:05:43 AM,633.2,0,0.0,122501019.30000001
2025-08-01 10:05:43 AM,633.2,500,316600.0,122817619.30000001
2025-08-01 10:05:52 AM,632.35,0,0.0,122817619.30000001
2025-08-01 10:05:55 AM,632.35,252,159352.2,122976971.50000001
2025-08-01 10:06:03 AM,632.1,54,34133.4,123011104.90000002
2025-08-01 10:06:07 AM,633.1,500,316550.0,123327654.90000002
2025-08-01 10:06:27 AM,632.35,0,0.0,123327654.90000002
2025-08-01 10:06:27 AM,632.35,164,103705.40000000001,123431360.30000003
2025-08-01 10:06:39 AM,631.3,510,321963.0,123753323.30000003
2025-08-01 10:07:01 AM,632.2,130,82186.0,123835509.30000003
2025-08-01 10:07:20 AM,632.55,230,145486.5,123980995.80000003
2025-08-01 10:07:22 AM,631.7,0,0.0,123980995.80000003
2025-08-01 10:07:22 AM,631.7,65,41060.5,124022056.30000003
2025-08-01 10:07:38 AM,631.8,20,12636.0,124034692.30000003
2025-08-01 10:07:44 AM,631.45,0,0.0,124034692.30000003
2025-08-01 10:07:44 AM,631.45,2,1262.9,124035955.20000003
2025-08-01 10:07:46 AM,631.2,69,43552.8,124079508.00000003
2025-08-01 10:07:49 AM,630.75,0,0.0,124079508.00000003
2025-08-01 10:07:51 AM,630.15,1298,817934.7,124897442.70000003
2025-08-01 10:07:57 AM,630.05,197,124119.84999999999,125021562.55000003
2025-08-01 10:08:13 AM,631.3,0,0.0,125021562.55000003
2025-08-01 10:08:16 AM,631.3,100,63129.99999999999,125084692.55000003
2025-08-01 10:08:27 AM,630.45,0,0.0,125084692.55000003
2025-08-01 10:08:28 AM,630.45,150,94567.5,125179260.05000003
2025-08-01 10:08:33 AM,631.15,0,0.0,125179260.05000003
2025-08-01 10:08:34 AM,631.15,13,8204.949999999999,125187465.00000003
2025-08-01 10:08:39 AM,631.5,0,0.0,125187465.00000003
2025-08-01 10:08:40 AM,631.5,583,368164.5,125555629.50000003
2025-08-01 10:08:59 AM,631.85,1,631.85,125556261.35000002
2025-08-01 10:09:05 AM,631.85,1,631.85,125556893.20000002
2025-08-01 10:09:17 AM,632.2,10,6322.0,125563215.20000002
2025-08-01 10:09:21 AM,631.85,0,0.0,125563215.20000002
2025-08-01 10:09:21 AM,631.85,44,27801.4,125591016.60000002
2025-08-01 10:09:39 AM,632.15,0,0.0,125591016.60000002
2025-08-01 10:09:39 AM,632.15,10,6321.5,125597338.10000002
2025-08-01 10:09:40 AM,631.9,0,0.0,125597338.10000002
2025-08-01 10:09:41 AM,632.5,90,56925.0,125654263.10000002
2025-08-01 10:09:57 AM,632.0,25,15800.0,125670063.10000002
2025-08-01 10:10:09 AM,631.85,4,2527.4,125672590.50000003
2025-08-01 10:10:33 AM,631.85,1,631.85,125673222.35000002
2025-08-01 10:10:43 AM,631.5,50,31575.0,125704797.35000002
2025-08-01 10:10:49 AM,631.45,497,313830.65,126018628.00000003
2025-08-01 10:10:54 AM,631.55,0,0.0,126018628.00000003
2025-08-01 10:10:55 AM,631.55,2,1263.1,126019891.10000002
2025-08-01 10:11:03 AM,632.35,0,0.0,126019891.10000002
2025-08-01 10:11:07 AM,632.35,750,474262.5,126494153.60000002
2025-08-01 10:11:30 AM,632.25,0,0.0,126494153.60000002
2025-08-01 10:11:30 AM,632.25,50,31612.5,126525766.10000002
2025-08-01 10:11:41 AM,631.7,22,13897.400000000001,126539663.50000003
2025-08-01 10:11:57 AM,631.45,0,0.0,126539663.50000003
2025-08-01 10:11:59 AM,631.45,135,85245.75,126624909.25000003
2025-08-01 10:12:05 AM,631.15,1,631.15,126625540.40000004
2025-08-01 10:12:27 AM,631.2,0,0.0,126625540.40000004
2025-08-01 10:12:28 AM,631.2,10,6312.0,126631852.40000004
2025-08-01 10:12:40 AM,631.6,2,1263.2,126633115.60000004
2025-08-01 10:12:51 AM,631.3,0,0.0,126633115.60000004
2025-08-01 10:12:52 AM,631.3,200,126259.99999999999,126759375.60000004
2025-08-01 10:13:06 AM,631.2,0,0.0,126759375.60000004
2025-08-01 10:13:09 AM,631.35,0,0.0,126759375.60000004
2025-08-01 10:13:09 AM,631.35,118,74499.3,126833874.90000004
2025-08-01 10:13:15 AM,630.95,101,63725.950000000004,126897600.85000004
2025-08-01 10:13:21 AM,630.95,20,12619.0,126910219.85000004
2025-08-01 10:13:39 AM,630.95,272,171618.40000000002,127081838.25000004
2025-08-01 10:14:14 AM,630.95,3,1892.8500000000001,127083731.10000004
2025-08-01 10:14:26 AM,630.25,246,155041.5,127238772.60000004
2025-08-01 10:14:36 AM,631.55,0,0.0,127238772.60000004
2025-08-01 10:14:37 AM,631.55,500,315775.0,127554547.60000004
2025-08-01 10:14:48 AM,631.2,2,1262.4,127555810.00000004
2025-08-01 10:14:59 AM,630.65,0,0.0,127555810.00000004
2025-08-01 10:15:00 AM,630.65,80,50452.0,127606262.00000004
2025-08-01 10:15:48 AM,631.2,0,0.0,127606262.00000004
2025-08-01 10:15:48 AM,631.2,400,252480.00000000003,127858742.00000004
2025-08-01 10:16:17 AM,631.2,4,2524.8,127861266.80000004
2025-08-01 10:16:40 AM,631.2,18,11361.6,127872628.40000004
2025-08-01 10:17:13 AM,631.2,5,3156.0,127875784.40000004
2025-08-01 10:17:41 AM,630.8,0,0.0,127875784.40000004
2025-08-01 10:17:42 AM,631.2,0,0.0,127875784.40000004
2025-08-01 10:17:43 AM,631.2,148,93417.6,127969202.00000003
2025-08-01 10:18:29 AM,631.1,0,0.0,127969202.00000003
2025-08-01 10:18:29 AM,631.1,517,326278.7,128295480.70000003
2025-08-01 10:19:00 AM,630.9,0,0.0,128295480.70000003
2025-08-01 10:19:03 AM,630.9,25,15772.5,128311253.20000003
2025-08-01 10:19:13 AM,629.0,0,0.0,128311253.20000003
2025-08-01 10:19:15 AM,629.0,5019,3156951.0,131468204.20000003
2025-08-01 10:19:19 AM,628.1,0,0.0,131468204.20000003
2025-08-01 10:19:21 AM,628.2,233,146370.6,131614574.80000003
2025-08-01 10:19:37 AM,628.85,0,0.0,131614574.80000003
2025-08-01 10:19:38 AM,628.85,23,14463.550000000001,131629038.35000002
2025-08-01 10:19:44 AM,628.85,3,1886.5500000000002,131630924.90000002
2025-08-01 10:19:46 AM,628.8,0,0.0,131630924.90000002
2025-08-01 10:19:50 AM,628.8,2,1257.6,131632182.50000001
2025-08-01 10:19:51 AM,629.0,166,104414.0,131736596.50000001
2025-08-01 10:19:58 AM,628.95,0,0.0,131736596.50000001
2025-08-01 10:20:00 AM,629.6,310,195176.0,131931772.50000001
2025-08-01 10:20:11 AM,629.6,450,283320.0,132215092.50000001
2025-08-01 10:20:17 AM,629.6,100,62960.0,132278052.50000001
2025-08-01 10:20:19 AM,629.05,0,0.0,132278052.50000001
2025-08-01 10:20:19 AM,629.05,45,28307.249999999996,132306359.75000001
2025-08-01 10:20:35 AM,629.0,400,251600.0,132557959.75000001
2025-08-01 10:20:53 AM,629.05,0,0.0,132557959.75000001
2025-08-01 10:20:53 AM,629.05,50,31452.499999999996,132589412.25000001
2025-08-01 10:21:29 AM,629.65,290,182598.5,132772010.75000001
2025-08-01 10:21:34 AM,629.65,208,130967.2,132902977.95000002
2025-08-01 10:21:37 AM,629.7,5,3148.5,132906126.45000002
2025-08-01 10:21:48 AM,636.95,0,0.0,132906126.45000002
2025-08-01 10:21:49 AM,636.95,27099,17260708.05,150166834.50000003
2025-08-01 10:21:54 AM,637.95,0,0.0,150166834.50000003
2025-08-01 10:21:55 AM,637.95,158,100796.1,150267630.60000002
2025-08-01 10:22:00 AM,637.1,0,0.0,150267630.60000002
2025-08-01 10:22:00 AM,637.1,113,71992.3,150339622.90000004
2025-08-01 10:22:06 AM,636.6,0,0.0,150339622.90000004
2025-08-01 10:22:06 AM,636.6,7,4456.2,150344079.10000002
2025-08-01 10:22:09 AM,636.35,0,0.0,150344079.10000002
2025-08-01 10:22:11 AM,636.35,100,63635.0,150407714.10000002
2025-08-01 10:22:15 AM,636.6,0,0.0,150407714.10000002
2025-08-01 10:22:17 AM,636.6,20,12732.0,150420446.10000002
2025-08-01 10:22:23 AM,636.6,151,96126.6,150516572.70000002
2025-08-01 10:22:25 AM,636.6,735,467901.0,150984473.70000002
2025-08-01 10:22:35 AM,635.9,50,31795.0,151016268.70000002
2025-08-01 10:22:42 AM,636.8,0,0.0,151016268.70000002
2025-08-01 10:22:42 AM,637.0,0,0.0,151016268.70000002
2025-08-01 10:22:42 AM,637.0,1050,668850.0,151685118.70000002
2025-08-01 10:22:51 AM,636.9,0,0.0,151685118.70000002
2025-08-01 10:22:51 AM,636.9,647,412074.3,152097193.00000003
2025-08-01 10:22:54 AM,636.3,0,0.0,152097193.00000003
2025-08-01 10:22:56 AM,636.3,50,31814.999999999996,152129008.00000003
2025-08-01 10:23:04 AM,636.75,1,636.75,152129644.75000003
2025-08-01 10:23:08 AM,635.65,0,0.0,152129644.75000003
2025-08-01 10:23:09 AM,636.2,0,0.0,152129644.75000003
2025-08-01 10:23:10 AM,636.2,35,22267.0,152151911.75000003
2025-08-01 10:23:13 AM,635.85,357,226998.45,152378910.20000002
2025-08-01 10:23:16 AM,636.2,114,72526.8,152451437.00000003
2025-08-01 10:23:17 AM,635.65,0,0.0,152451437.00000003
2025-08-01 10:23:18 AM,636.7,0,0.0,152451437.00000003
2025-08-01 10:23:19 AM,636.7,400,254680.00000000003,152706117.00000003
2025-08-01 10:23:20 AM,636.75,0,0.0,152706117.00000003
2025-08-01 10:23:22 AM,636.95,2786,1774542.7000000002,154480659.70000002
2025-08-01 10:23:23 AM,636.8,0,0.0,154480659.70000002
2025-08-01 10:23:24 AM,637.45,0,0.0,154480659.70000002
2025-08-01 10:23:25 AM,637.45,270,172111.5,154652771.20000002
2025-08-01 10:23:27 AM,637.75,0,0.0,154652771.20000002
2025-08-01 10:23:28 AM,637.95,800,510360.00000000006,155163131.20000002
2025-08-01 10:23:29 AM,637.5,0,0.0,155163131.20000002
2025-08-01 10:23:30 AM,637.0,0,0.0,155163131.20000002
2025-08-01 10:23:30 AM,637.0,126,80262.0,155243393.20000002
2025-08-01 10:23:32 AM,637.95,0,0.0,155243393.20000002
2025-08-01 10:23:33 AM,637.45,0,0.0,155243393.20000002
2025-08-01 10:23:34 AM,637.45,500,318725.0,155562118.20000002
2025-08-01 10:23:35 AM,637.9,0,0.0,155562118.20000002
2025-08-01 10:23:36 AM,637.0,0,0.0,155562118.20000002
2025-08-01 10:23:36 AM,637.0,330,210210.0,155772328.20000002
2025-08-01 10:23:38 AM,637.15,0,0.0,155772328.20000002
2025-08-01 10:23:39 AM,637.15,10,6371.5,155778699.70000002
2025-08-01 10:23:42 AM,636.95,568,361787.60000000003,156140487.3
2025-08-01 10:23:44 AM,637.45,0,0.0,156140487.3
2025-08-01 10:23:45 AM,637.3,0,0.0,156140487.3
2025-08-01 10:23:45 AM,637.3,20,12746.0,156153233.3
2025-08-01 10:23:47 AM,637.45,0,0.0,156153233.3
2025-08-01 10:23:47 AM,637.45,65,41434.25,156194667.55
2025-08-01 10:23:50 AM,637.3,616,392576.8,156587244.35000002
2025-08-01 10:23:56 AM,637.8,0,0.0,156587244.35000002
2025-08-01 10:23:56 AM,637.8,100,63779.99999999999,156651024.35000002
2025-08-01 10:23:58 AM,637.75,0,0.0,156651024.35000002
2025-08-01 10:23:58 AM,637.75,65,41453.75,156692478.10000002
2025-08-01 10:24:02 AM,637.75,4432,2826508.0,159518986.10000002
2025-08-01 10:24:03 AM,637.5,200,127500.0,159646486.10000002
2025-08-01 10:24:05 AM,637.35,0,0.0,159646486.10000002
2025-08-01 10:24:06 AM,637.3,0,0.0,159646486.10000002
2025-08-01 10:24:07 AM,637.75,1422,906880.5,160553366.60000002
2025-08-01 10:24:08 AM,637.7,0,0.0,160553366.60000002
2025-08-01 10:24:09 AM,637.75,40,25510.0,160578876.60000002
2025-08-01 10:24:11 AM,637.8,0,0.0,160578876.60000002
2025-08-01 10:24:13 AM,637.8,5,3189.0,160582065.60000002
2025-08-01 10:24:17 AM,637.75,0,0.0,160582065.60000002
2025-08-01 10:24:18 AM,638.4,0,0.0,160582065.60000002
2025-08-01 10:24:18 AM,638.4,402,256636.8,160838702.40000004
2025-08-01 10:24:20 AM,637.5,0,0.0,160838702.40000004
2025-08-01 10:24:20 AM,637.5,37,23587.5,160862289.90000004
2025-08-01 10:24:23 AM,637.8,0,0.0,160862289.90000004
2025-08-01 10:24:24 AM,637.8,1043,665225.3999999999,161527515.30000004
2025-08-01 10:24:29 AM,637.8,141,89929.79999999999,161617445.10000005
2025-08-01 10:24:31 AM,637.8,160,102048.0,161719493.10000005
2025-08-01 10:24:35 AM,637.8,6,3826.7999999999997,161723319.90000007
2025-08-01 10:24:40 AM,637.8,25,15944.999999999998,161739264.90000007
2025-08-01 10:24:42 AM,637.8,100,63779.99999999999,161803044.90000007
2025-08-01 10:24:45 AM,637.65,0,0.0,161803044.90000007
2025-08-01 10:24:45 AM,637.8,0,0.0,161803044.90000007
2025-08-01 10:24:45 AM,637.8,11,7015.799999999999,161810060.70000008
2025-08-01 10:24:47 AM,637.65,0,0.0,161810060.70000008
2025-08-01 10:24:48 AM,637.65,23,14665.949999999999,161824726.65000007
2025-08-01 10:24:50 AM,637.8,0,0.0,161824726.65000007
2025-08-01 10:24:51 AM,637.4,162,103258.8,161927985.45000008
2025-08-01 10:24:52 AM,637.0,0,0.0,161927985.45000008
2025-08-01 10:24:53 AM,637.0,204,129948.0,162057933.45000008
2025-08-01 10:25:02 AM,637.0,100,63700.0,162121633.45000008
2025-08-01 10:25:03 AM,636.55,0,0.0,162121633.45000008
2025-08-01 10:25:04 AM,636.15,0,0.0,162121633.45000008
2025-08-01 10:25:04 AM,636.15,436,277361.39999999997,162398994.85000008
2025-08-01 10:25:10 AM,636.55,0,0.0,162398994.85000008
2025-08-01 10:25:11 AM,636.95,515,328029.25,162727024.10000008
2025-08-01 10:25:12 AM,636.3,0,0.0,162727024.10000008
2025-08-01 10:25:14 AM,636.3,96,61084.799999999996,162788108.9000001
2025-08-01 10:25:16 AM,637.0,0,0.0,162788108.9000001
2025-08-01 10:25:17 AM,637.0,100,63700.0,162851808.9000001
2025-08-01 10:25:21 AM,636.4,0,0.0,162851808.9000001
2025-08-01 10:25:22 AM,636.4,100,63640.0,162915448.9000001
2025-08-01 10:25:27 AM,636.45,0,0.0,162915448.9000001
2025-08-01 10:25:28 AM,636.45,2,1272.9,162916721.8000001
2025-08-01 10:25:31 AM,636.4,0,0.0,162916721.8000001
2025-08-01 10:25:31 AM,636.4,30,19092.0,162935813.8000001
2025-08-01 10:25:33 AM,636.45,0,0.0,162935813.8000001
2025-08-01 10:25:33 AM,636.45,19,12092.550000000001,162947906.3500001
2025-08-01 10:25:39 AM,637.0,0,0.0,162947906.3500001
2025-08-01 10:25:39 AM,637.0,50,31850.0,162979756.3500001
2025-08-01 10:25:42 AM,636.4,0,0.0,162979756.3500001
2025-08-01 10:25:42 AM,636.4,78,49639.2,163029395.5500001
2025-08-01 10:25:43 AM,636.05,0,0.0,163029395.5500001
2025-08-01 10:25:44 AM,636.05,500,318025.0,163347420.5500001
2025-08-01 10:25:48 AM,636.85,0,0.0,163347420.5500001
2025-08-01 10:25:48 AM,636.85,50,31842.5,163379263.0500001
2025-08-01 10:25:53 AM,636.85,1,636.85,163379899.9000001
2025-08-01 10:25:59 AM,636.85,10,6368.5,163386268.4000001
2025-08-01 10:26:01 AM,636.85,927,590359.9500000001,163976628.35000008
2025-08-01 10:26:09 AM,636.5,130,82745.0,164059373.35000008
2025-08-01 10:26:10 AM,637.65,0,0.0,164059373.35000008
2025-08-01 10:26:12 AM,637.5,0,0.0,164059373.35000008
2025-08-01 10:26:12 AM,637.5,402,256275.0,164315648.35000008
2025-08-01 10:26:16 AM,637.65,0,0.0,164315648.35000008
2025-08-01 10:26:17 AM,637.0,428,272636.0,164588284.35000008
2025-08-01 10:26:21 AM,637.0,2,1274.0,164589558.35000008
2025-08-01 10:26:27 AM,637.1,0,0.0,164589558.35000008
2025-08-01 10:26:27 AM,637.1,15,9556.5,164599114.85000008
2025-08-01 10:26:28 AM,637.75,0,0.0,164599114.85000008
2025-08-01 10:26:29 AM,637.75,100,63775.0,164662889.85000008
2025-08-01 10:26:32 AM,637.75,20,12755.0,164675644.85000008
2025-08-01 10:26:34 AM,637.65,0,0.0,164675644.85000008
2025-08-01 10:26:35 AM,637.65,1,637.65,164676282.5000001
2025-08-01 10:26:39 AM,637.75,0,0.0,164676282.5000001
2025-08-01 10:26:41 AM,637.75,1000,637750.0,165314032.5000001
2025-08-01 10:26:46 AM,637.6,0,0.0,165314032.5000001
2025-08-01 10:26:46 AM,637.6,4,2550.4,165316582.9000001
2025-08-01 10:26:55 AM,637.1,0,0.0,165316582.9000001
2025-08-01 10:26:55 AM,637.1,229,145895.9,165462478.8000001
2025-08-01 10:26:58 AM,637.45,0,0.0,165462478.8000001
2025-08-01 10:26:58 AM,637.45,10,6374.5,165468853.3000001
2025-08-01 10:27:06 AM,637.6,0,0.0,165468853.3000001
2025-08-01 10:27:07 AM,637.6,8,5100.8,165473954.1000001
2025-08-01 10:27:10 AM,637.6,105,66948.0,165540902.1000001
2025-08-01 10:27:13 AM,637.05,4,2548.2,165543450.3000001
2025-08-01 10:27:15 AM,637.55,0,0.0,165543450.3000001
2025-08-01 10:27:15 AM,637.75,894,570148.5,166113598.8000001
2025-08-01 10:27:18 AM,637.6,0,0.0,166113598.8000001
2025-08-01 10:27:18 AM,637.6,5,3188.0,166116786.8000001
2025-08-01 10:27:19 AM,637.45,0,0.0,166116786.8000001
2025-08-01 10:27:21 AM,637.45,10,6374.5,166123161.3000001
2025-08-01 10:27:30 AM,637.5,0,0.0,166123161.3000001
2025-08-01 10:27:31 AM,637.55,0,0.0,166123161.3000001
2025-08-01 10:27:32 AM,637.55,102,65030.1,166188191.4000001
2025-08-01 10:27:34 AM,637.0,1201,765037.0,166953228.4000001
2025-08-01 10:27:40 AM,637.45,200,127490.00000000001,167080718.4000001
2025-08-01 10:27:46 AM,637.4,0,0.0,167080718.4000001
2025-08-01 10:27:48 AM,637.4,30,19122.0,167099840.4000001
2025-08-01 10:27:51 AM,637.4,9,5736.599999999999,167105577.0000001
2025-08-01 10:27:54 AM,637.5,100,63750.0,167169327.0000001
2025-08-01 10:27:56 AM,636.7,250,159175.0,167328502.0000001
2025-08-01 10:27:59 AM,636.75,0,0.0,167328502.0000001
2025-08-01 10:27:59 AM,636.75,100,63675.0,167392177.0000001
2025-08-01 10:28:09 AM,636.65,0,0.0,167392177.0000001
2025-08-01 10:28:10 AM,636.65,100,63665.0,167455842.0000001
2025-08-01 10:28:26 AM,637.15,0,0.0,167455842.0000001
2025-08-01 10:28:26 AM,637.15,61,38866.15,167494708.1500001
2025-08-01 10:28:28 AM,636.7,0,0.0,167494708.1500001
2025-08-01 10:28:29 AM,636.7,25,15917.500000000002,167510625.6500001
2025-08-01 10:28:34 AM,636.0,3767,2395812.0,169906437.6500001
2025-08-01 10:28:37 AM,636.0,200,127200.0,170033637.6500001
2025-08-01 10:28:42 AM,635.75,0,0.0,170033637.6500001
2025-08-01 10:28:43 AM,635.75,50,31787.5,170065425.1500001
2025-08-01 10:28:48 AM,636.0,487,309732.0,170375157.1500001
2025-08-01 10:28:57 AM,636.0,7,4452.0,170379609.1500001
2025-08-01 10:29:02 AM,635.05,0,0.0,170379609.1500001
2025-08-01 10:29:02 AM,635.05,1000,635050.0,171014659.1500001
2025-08-01 10:29:04 AM,635.9,0,0.0,171014659.1500001
2025-08-01 10:29:05 AM,635.9,47,29887.3,171044546.4500001
2025-08-01 10:29:10 AM,635.95,0,0.0,171044546.4500001
2025-08-01 10:29:11 AM,635.95,100,63595.00000000001,171108141.4500001
2025-08-01 10:29:25 AM,635.7,19,12078.300000000001,171120219.75000012
2025-08-01 10:29:30 AM,635.7,612,389048.4,171509268.15000013
2025-08-01 10:29:41 AM,635.65,1,635.65,171509903.80000013
2025-08-01 10:29:43 AM,635.7,0,0.0,171509903.80000013
2025-08-01 10:29:43 AM,635.05,0,0.0,171509903.80000013
2025-08-01 10:29:44 AM,635.05,325,206391.24999999997,171716295.05000013
2025-08-01 10:29:52 AM,635.05,7,4445.349999999999,171720740.40000013
2025-08-01 10:29:58 AM,634.85,0,0.0,171720740.40000013
2025-08-01 10:29:58 AM,634.85,97,61580.450000000004,171782320.8500001
2025-08-01 10:30:06 AM,634.95,2248,1427367.6,173209688.4500001
2025-08-01 10:30:09 AM,634.15,2,1268.3,173210956.75000012
2025-08-01 10:30:15 AM,634.05,300,190215.0,173401171.75000012
2025-08-01 10:30:29 AM,634.95,100,63495.00000000001,173464666.75000012
2025-08-01 10:30:35 AM,634.35,0,0.0,173464666.75000012
2025-08-01 10:30:35 AM,634.35,50,31717.5,173496384.25000012
2025-08-01 10:30:41 AM,634.65,0,0.0,173496384.25000012
2025-08-01 10:30:41 AM,634.65,20,12693.0,173509077.25000012
2025-08-01 10:30:49 AM,634.05,100,63404.99999999999,173572482.25000012
2025-08-01 10:30:57 AM,634.0,0,0.0,173572482.25000012
2025-08-01 10:30:58 AM,634.0,234,148356.0,173720838.25000012
2025-08-01 10:31:06 AM,634.65,0,0.0,173720838.25000012
2025-08-01 10:31:06 AM,634.65,500,317325.0,174038163.25000012
2025-08-01 10:31:09 AM,634.6,0,0.0,174038163.25000012
2025-08-01 10:31:10 AM,634.6,10,6346.0,174044509.25000012
2025-08-01 10:31:15 AM,634.05,0,0.0,174044509.25000012
2025-08-01 10:31:15 AM,634.05,30,19021.5,174063530.75000012
2025-08-01 10:31:24 AM,634.05,201,127444.04999999999,174190974.80000013
2025-08-01 10:31:35 AM,634.1,6,3804.6000000000004,174194779.40000013
2025-08-01 10:31:39 AM,634.55,0,0.0,174194779.40000013
2025-08-01 10:31:40 AM,634.55,13,8249.15,174203028.55000013
2025-08-01 10:31:45 AM,634.8,30,19044.0,174222072.55000013
2025-08-01 10:31:49 AM,635.35,150,95302.5,174317375.05000013
2025-08-01 10:31:49 AM,634.75,0,0.0,174317375.05000013
2025-08-01 10:31:52 AM,635.4,0,0.0,174317375.05000013
2025-08-01 10:31:52 AM,635.4,351,223025.4,174540400.45000014
2025-08-01 10:31:58 AM,635.6,0,0.0,174540400.45000014
2025-08-01 10:31:58 AM,635.6,25,15890.0,174556290.45000014
2025-08-01 10:32:01 AM,635.9,0,0.0,174556290.45000014
2025-08-01 10:32:01 AM,635.9,140,89026.0,174645316.45000014
2025-08-01 10:32:18 AM,636.0,319,202884.0,174848200.45000014
2025-08-01 10:32:24 AM,636.65,0,0.0,174848200.45000014
2025-08-01 10:32:25 AM,636.65,200,127330.0,174975530.45000014
2025-08-01 10:32:33 AM,636.1,0,0.0,174975530.45000014
2025-08-01 10:32:34 AM,636.1,12,7633.200000000001,174983163.65000013
2025-08-01 10:32:37 AM,636.2,24,15268.800000000001,174998432.45000014
2025-08-01 10:32:42 AM,636.4,0,0.0,174998432.45000014
2025-08-01 10:32:44 AM,636.7,101,64306.700000000004,175062739.15000013
2025-08-01 10:32:49 AM,636.95,761,484718.95,175547458.1000001
2025-08-01 10:32:54 AM,637.8,0,0.0,175547458.1000001
2025-08-01 10:32:55 AM,637.8,5000,3189000.0,178736458.1000001
2025-08-01 10:32:58 AM,636.7,67,42658.9,178779117.00000012
2025-08-01 10:33:00 AM,636.4,58,36911.2,178816028.2000001
2025-08-01 10:33:03 AM,637.6,0,0.0,178816028.2000001
2025-08-01 10:33:03 AM,637.6,606,386385.60000000003,179202413.8000001
2025-08-01 10:33:06 AM,636.55,19,12094.449999999999,179214508.2500001
2025-08-01 10:33:12 AM,636.9,50,31845.0,179246353.2500001
2025-08-01 10:33:14 AM,636.5,298,189677.0,179436030.2500001
2025-08-01 10:33:23 AM,636.5,5,3182.5,179439212.7500001
2025-08-01 10:33:27 AM,636.6,0,0.0,179439212.7500001
2025-08-01 10:33:28 AM,636.6,50,31830.0,179471042.7500001
2025-08-01 10:33:31 AM,636.45,63,40096.350000000006,179511139.10000008
2025-08-01 10:33:36 AM,636.45,40,25458.0,179536597.10000008
2025-08-01 10:33:47 AM,636.45,50,31822.500000000004,179568419.60000008
2025-08-01 10:33:51 AM,636.45,57,36277.65,179604697.2500001
2025-08-01 10:33:56 AM,636.45,1,636.45,179605333.70000008
2025-08-01 10:34:02 AM,636.45,10,6364.5,179611698.20000008
2025-08-01 10:34:04 AM,635.5,366,232593.0,179844291.20000008
2025-08-01 10:34:06 AM,635.0,0,0.0,179844291.20000008
2025-08-01 10:34:08 AM,635.0,180,114300.0,179958591.20000008
2025-08-01 10:34:14 AM,635.0,1,635.0,179959226.20000008
2025-08-01 10:34:16 AM,635.0,36,22860.0,179982086.20000008
2025-08-01 10:34:19 AM,635.4,0,0.0,179982086.20000008
2025-08-01 10:34:19 AM,635.4,160,101664.0,180083750.20000008
2025-08-01 10:34:21 AM,635.1,75,47632.5,180131382.70000008
2025-08-01 10:34:36 AM,635.1,20,12702.0,180144084.70000008
2025-08-01 10:34:40 AM,635.05,0,0.0,180144084.70000008
2025-08-01 10:34:41 AM,635.05,23,14606.15,180158690.85000008
2025-08-01 10:34:47 AM,635.0,350,222250.0,180380940.85000008
2025-08-01 10:34:52 AM,635.1,0,0.0,180380940.85000008
2025-08-01 10:34:53 AM,634.55,102,64724.1,180445664.95000008
2025-08-01 10:35:06 AM,635.1,0,0.0,180445664.95000008
2025-08-01 10:35:07 AM,635.1,181,114953.1,180560618.05000007
2025-08-01 10:35:10 AM,635.4,0,0.0,180560618.05000007
2025-08-01 10:35:10 AM,635.4,10,6354.0,180566972.05000007
2025-08-01 10:35:16 AM,635.05,0,0.0,180566972.05000007
2025-08-01 10:35:16 AM,635.05,40,25402.0,180592374.05000007
2025-08-01 10:35:18 AM,635.1,0,0.0,180592374.05000007
2025-08-01 10:35:18 AM,635.0,52,33020.0,180625394.05000007
2025-08-01 10:35:24 AM,635.1,1,635.1,180626029.15000007
2025-08-01 10:35:29 AM,635.1,10,6351.0,180632380.15000007
2025-08-01 10:35:33 AM,635.1,27,17147.7,180649527.85000005
2025-08-01 10:35:35 AM,635.0,166,105410.0,180754937.85000005
2025-08-01 10:35:43 AM,635.7,0,0.0,180754937.85000005
2025-08-01 10:35:44 AM,635.7,100,63570.00000000001,180818507.85000005
2025-08-01 10:35:48 AM,636.0,0,0.0,180818507.85000005
2025-08-01 10:35:49 AM,635.45,0,0.0,180818507.85000005
2025-08-01 10:35:50 AM,635.45,1513,961435.8500000001,181779943.70000005
2025-08-01 10:35:54 AM,635.3,0,0.0,181779943.70000005
2025-08-01 10:35:55 AM,635.3,5,3176.5,181783120.20000005
2025-08-01 10:36:08 AM,634.6,0,0.0,181783120.20000005
2025-08-01 10:36:09 AM,634.6,330,209418.0,181992538.20000005
2025-08-01 10:36:12 AM,634.6,50,31730.0,182024268.20000005
2025-08-01 10:36:14 AM,635.1,0,0.0,182024268.20000005
2025-08-01 10:36:14 AM,635.1,25,15877.5,182040145.70000005
2025-08-01 10:36:17 AM,634.6,0,0.0,182040145.70000005
2025-08-01 10:36:17 AM,634.6,24,15230.400000000001,182055376.10000005
2025-08-01 10:36:20 AM,634.55,0,0.0,182055376.10000005
2025-08-01 10:36:20 AM,634.55,35,22209.25,182077585.35000005
2025-08-01 10:36:23 AM,634.6,0,0.0,182077585.35000005
2025-08-01 10:36:23 AM,634.6,110,69806.0,182147391.35000005
2025-08-01 10:36:26 AM,634.2,40,25368.0,182172759.35000005
2025-08-01 10:36:26 AM,634.6,0,0.0,182172759.35000005
2025-08-01 10:36:29 AM,634.6,30,19038.0,182191797.35000005
2025-08-01 10:36:36 AM,634.6,100,63460.0,182255257.35000005
2025-08-01 10:36:47 AM,635.2,0,0.0,182255257.35000005
2025-08-01 10:36:47 AM,635.2,200,127040.00000000001,182382297.35000005
2025-08-01 10:37:07 AM,635.1,0,0.0,182382297.35000005
2025-08-01 10:37:07 AM,635.1,169,107331.90000000001,182489629.25000006
2025-08-01 10:37:10 AM,634.6,0,0.0,182489629.25000006
2025-08-01 10:37:12 AM,634.6,200,126920.0,182616549.25000006
2025-08-01 10:37:16 AM,635.2,0,0.0,182616549.25000006
2025-08-01 10:37:18 AM,635.2,100,63520.00000000001,182680069.25000006
2025-08-01 10:37:34 AM,635.2,15,9528.0,182689597.25000006
2025-08-01 10:37:54 AM,635.2,8,5081.6,182694678.85000005
2025-08-01 10:37:56 AM,634.7,0,0.0,182694678.85000005
2025-08-01 10:37:57 AM,634.7,15,9520.5,182704199.35000005
2025-08-01 10:37:59 AM,634.6,0,0.0,182704199.35000005
2025-08-01 10:37:59 AM,634.6,150,95190.0,182799389.35000005
2025-08-01 10:38:08 AM,635.2,0,0.0,182799389.35000005
2025-08-01 10:38:09 AM,635.2,165,104808.00000000001,182904197.35000005
2025-08-01 10:38:11 AM,634.7,0,0.0,182904197.35000005
2025-08-01 10:38:12 AM,634.7,10,6347.0,182910544.35000005
2025-08-01 10:38:17 AM,635.2,0,0.0,182910544.35000005
2025-08-01 10:38:18 AM,635.2,175,111160.00000000001,183021704.35000005
2025-08-01 10:38:22 AM,635.15,0,0.0,183021704.35000005
2025-08-01 10:38:24 AM,635.15,30,19054.5,183040758.85000005
2025-08-01 10:38:28 AM,634.85,0,0.0,183040758.85000005
2025-08-01 10:38:28 AM,634.85,50,31742.5,183072501.35000005
2025-08-01 10:38:31 AM,635.2,0,0.0,183072501.35000005
2025-08-01 10:38:34 AM,635.2,350,222320.00000000003,183294821.35000005
2025-08-01 10:38:42 AM,635.5,0,0.0,183294821.35000005
2025-08-01 10:38:42 AM,635.5,159,101044.5,183395865.85000005
2025-08-01 10:38:49 AM,635.2,0,0.0,183395865.85000005
2025-08-01 10:38:50 AM,635.2,137,87022.40000000001,183482888.25000006
2025-08-01 10:38:58 AM,635.75,0,0.0,183482888.25000006
2025-08-01 10:38:59 AM,635.3,33,20964.899999999998,183503853.15000007
2025-08-01 10:39:01 AM,635.2,0,0.0,183503853.15000007
2025-08-01 10:39:01 AM,635.2,541,343643.2,183847496.35000005
2025-08-01 10:39:04 AM,635.2,400,254080.00000000003,184101576.35000005
2025-08-01 10:39:07 AM,635.2,100,63520.00000000001,184165096.35000005
2025-08-01 10:39:09 AM,635.1,0,0.0,184165096.35000005
2025-08-01 10:39:10 AM,635.1,4,2540.4,184167636.75000006
2025-08-01 10:39:15 AM,635.05,0,0.0,184167636.75000006
2025-08-01 10:39:16 AM,635.05,444,281962.19999999995,184449598.95000005
2025-08-01 10:39:18 AM,634.75,0,0.0,184449598.95000005
2025-08-01 10:39:18 AM,634.75,500,317375.0,184766973.95000005
2025-08-01 10:39:35 AM,634.5,2,1269.0,184768242.95000005
2025-08-01 10:39:43 AM,634.5,71,45049.5,184813292.45000005
2025-08-01 10:39:48 AM,633.95,0,0.0,184813292.45000005
2025-08-01 10:39:49 AM,634.25,0,0.0,184813292.45000005
2025-08-01 10:39:49 AM,634.25,965,612051.25,185425343.70000005
2025-08-01 10:39:52 AM,634.35,0,0.0,185425343.70000005
2025-08-01 10:39:52 AM,634.35,10,6343.5,185431687.20000005
2025-08-01 10:39:57 AM,634.35,50,31717.5,185463404.70000005
2025-08-01 10:40:14 AM,634.2,1,634.2,185464038.90000004
2025-08-01 10:40:17 AM,633.7,150,95055.0,185559093.90000004
2025-08-01 10:40:19 AM,634.0,0,0.0,185559093.90000004
2025-08-01 10:40:19 AM,634.0,1,634.0,185559727.90000004
2025-08-01 10:40:22 AM,634.0,229,145186.0,185704913.90000004
2025-08-01 10:40:25 AM,634.2,0,0.0,185704913.90000004
2025-08-01 10:40:25 AM,634.2,1,634.2,185705548.10000002
2025-08-01 10:40:57 AM,633.7,0,0.0,185705548.10000002
2025-08-01 10:40:58 AM,634.2,0,0.0,185705548.10000002
2025-08-01 10:40:58 AM,634.2,460,291732.0,185997280.10000002
2025-08-01 10:41:09 AM,634.0,0,0.0,185997280.10000002
2025-08-01 10:41:10 AM,634.0,10,6340.0,186003620.10000002
2025-08-01 10:41:27 AM,634.7,400,253880.00000000003,186257500.10000002
2025-08-01 10:41:33 AM,634.65,10,6346.5,186263846.60000002
2025-08-01 10:42:05 AM,634.2,0,0.0,186263846.60000002
2025-08-01 10:42:05 AM,634.2,3,1902.6000000000001,186265749.20000002
2025-08-01 10:42:07 AM,634.65,15,9519.75,186275268.95000002
2025-08-01 10:42:11 AM,634.65,10,6346.5,186281615.45000002
2025-08-01 10:42:16 AM,634.65,201,127564.65,186409180.10000002
2025-08-01 10:42:42 AM,634.0,0,0.0,186409180.10000002
2025-08-01 10:42:44 AM,634.0,123,77982.0,186487162.10000002
2025-08-01 10:43:03 AM,633.6,0,0.0,186487162.10000002
2025-08-01 10:43:03 AM,633.6,300,190080.0,186677242.10000002
2025-08-01 10:43:15 AM,633.7,0,0.0,186677242.10000002
2025-08-01 10:43:17 AM,633.7,50,31685.000000000004,186708927.10000002
2025-08-01 10:43:22 AM,634.25,90,57082.5,186766009.60000002
2025-08-01 10:43:26 AM,633.65,0,0.0,186766009.60000002
2025-08-01 10:43:28 AM,633.65,7,4435.55,186770445.15000004
2025-08-01 10:43:46 AM,633.75,0,0.0,186770445.15000004
2025-08-01 10:43:46 AM,633.75,2,1267.5,186771712.65000004
2025-08-01 10:43:58 AM,633.05,0,0.0,186771712.65000004
2025-08-01 10:43:59 AM,633.3,365,231154.49999999997,187002867.15000004
2025-08-01 10:44:01 AM,633.65,67,42454.549999999996,187045321.70000005
2025-08-01 10:44:04 AM,633.65,5,3168.25,187048489.95000005
2025-08-01 10:44:18 AM,633.65,100,63365.0,187111854.95000005
2025-08-01 10:44:21 AM,634.0,550,348700.0,187460554.95000005
2025-08-01 10:44:26 AM,633.6,0,0.0,187460554.95000005
2025-08-01 10:44:26 AM,633.6,2,1267.2,187461822.15000004
2025-08-01 10:44:34 AM,633.5,0,0.0,187461822.15000004
2025-08-01 10:44:34 AM,633.5,62,39277.0,187501099.15000004
2025-08-01 10:44:53 AM,634.3,200,126859.99999999999,187627959.15000004
2025-08-01 10:45:05 AM,634.2,0,0.0,187627959.15000004
2025-08-01 10:45:07 AM,634.2,13,8244.6,187636203.75000003
2025-08-01 10:45:34 AM,634.0,0,0.0,187636203.75000003
2025-08-01 10:45:34 AM,634.0,14,8876.0,187645079.75000003
2025-08-01 10:45:47 AM,634.0,126,79884.0,187724963.75000003
2025-08-01 10:45:58 AM,634.0,374,237116.0,187962079.75000003
2025-08-01 10:46:00 AM,635.3,0,0.0,187962079.75000003
2025-08-01 10:46:00 AM,635.55,1677,1065817.3499999999,189027897.10000002
2025-08-01 10:46:03 AM,635.65,0,0.0,189027897.10000002
2025-08-01 10:46:04 AM,635.6,0,0.0,189027897.10000002
2025-08-01 10:46:04 AM,635.6,22,13983.2,189041880.3
2025-08-01 10:46:29 AM,636.0,0,0.0,189041880.3
2025-08-01 10:46:29 AM,636.0,100,63600.0,189105480.3
2025-08-01 10:46:34 AM,636.2,10,6362.0,189111842.3
2025-08-01 10:46:54 AM,635.75,0,0.0,189111842.3
2025-08-01 10:46:55 AM,635.75,47,29880.25,189141722.55
2025-08-01 10:46:59 AM,636.4,0,0.0,189141722.55
2025-08-01 10:47:00 AM,636.4,75,47730.0,189189452.55
2025-08-01 10:47:02 AM,636.4,3,1909.1999999999998,189191361.75
2025-08-01 10:47:09 AM,635.9,0,0.0,189191361.75
2025-08-01 10:47:11 AM,635.9,6,3815.3999999999996,189195177.15
2025-08-01 10:47:12 AM,636.4,0,0.0,189195177.15
2025-08-01 10:47:13 AM,636.4,1,636.4,189195813.55
2025-08-01 10:47:27 AM,636.4,175,111370.0,189307183.55
2025-08-01 10:47:38 AM,635.5,0,0.0,189307183.55
2025-08-01 10:47:38 AM,635.5,324,205902.0,189513085.55
2025-08-01 10:47:40 AM,635.6,0,0.0,189513085.55
2025-08-01 10:47:40 AM,635.6,1,635.6,189513721.15
2025-08-01 10:47:49 AM,635.6,68,43220.8,189556941.95000002
2025-08-01 10:47:54 AM,635.6,142,90255.2,189647197.15
2025-08-01 10:48:07 AM,635.7,0,0.0,189647197.15
2025-08-01 10:48:07 AM,635.7,289,183717.30000000002,189830914.45000002
2025-08-01 10:48:15 AM,635.9,0,0.0,189830914.45000002
2025-08-01 10:48:15 AM,635.9,300,190770.0,190021684.45000002
2025-08-01 10:48:42 AM,636.4,0,0.0,190021684.45000002
2025-08-01 10:48:43 AM,636.4,50,31820.0,190053504.45000002
2025-08-01 10:48:48 AM,635.85,0,0.0,190053504.45000002
2025-08-01 10:48:48 AM,635.85,320,203472.0,190256976.45000002
2025-08-01 10:48:59 AM,635.85,200,127170.0,190384146.45000002
2025-08-01 10:49:02 AM,635.4,0,0.0,190384146.45000002
2025-08-01 10:49:05 AM,635.4,678,430801.2,190814947.65
2025-08-01 10:49:08 AM,636.0,0,0.0,190814947.65
2025-08-01 10:49:10 AM,636.0,1050,667800.0,191482747.65
2025-08-01 10:49:16 AM,636.15,0,0.0,191482747.65
2025-08-01 10:49:16 AM,636.15,100,63615.0,191546362.65
2025-08-01 10:49:26 AM,635.45,2,1270.9,191547633.55
2025-08-01 10:49:35 AM,636.0,0,0.0,191547633.55
2025-08-01 10:49:37 AM,636.0,15,9540.0,191557173.55
2025-08-01 10:49:53 AM,636.0,1,636.0,191557809.55
2025-08-01 10:49:58 AM,636.0,6,3816.0,191561625.55
2025-08-01 10:50:25 AM,635.5,0,0.0,191561625.55
2025-08-01 10:50:26 AM,635.5,10,6355.0,191567980.55
2025-08-01 10:50:34 AM,635.1,0,0.0,191567980.55
2025-08-01 10:50:38 AM,635.1,100,63510.0,191631490.55
2025-08-01 10:50:41 AM,635.05,0,0.0,191631490.55
2025-08-01 10:50:43 AM,635.05,1,635.05,191632125.60000002
2025-08-01 10:50:52 AM,635.0,0,0.0,191632125.60000002
2025-08-01 10:50:55 AM,635.0,300,190500.0,191822625.60000002
2025-08-01 10:51:01 AM,635.1,1,635.1,191823260.70000002
2025-08-01 10:51:06 AM,635.1,50,31755.0,191855015.70000002
2025-08-01 10:51:22 AM,635.65,0,0.0,191855015.70000002
2025-08-01 10:51:23 AM,635.65,50,31782.5,191886798.20000002
2025-08-01 10:51:24 AM,635.05,0,0.0,191886798.20000002
2025-08-01 10:51:28 AM,635.05,100,63504.99999999999,191950303.20000002
2025-08-01 10:52:05 AM,635.95,0,0.0,191950303.20000002
2025-08-01 10:52:06 AM,635.95,100,63595.00000000001,192013898.20000002
2025-08-01 10:52:18 AM,635.9,100,63590.0,192077488.20000002
2025-08-01 10:52:33 AM,635.35,8,5082.8,192082571.00000003
2025-08-01 10:52:36 AM,635.2,0,0.0,192082571.00000003
2025-08-01 10:52:38 AM,635.2,100,63520.00000000001,192146091.00000003
2025-08-01 10:52:48 AM,635.95,0,0.0,192146091.00000003
2025-08-01 10:52:49 AM,635.95,19,12083.050000000001,192158174.05000004
2025-08-01 10:52:54 AM,635.4,0,0.0,192158174.05000004
2025-08-01 10:52:54 AM,635.4,24,15249.599999999999,192173423.65000004
2025-08-01 10:52:58 AM,635.95,0,0.0,192173423.65000004
2025-08-01 10:52:59 AM,635.95,5,3179.75,192176603.40000004
2025-08-01 10:53:02 AM,635.4,0,0.0,192176603.40000004
2025-08-01 10:53:05 AM,635.4,1,635.4,192177238.80000004
2025-08-01 10:53:08 AM,635.35,0,0.0,192177238.80000004
2025-08-01 10:53:10 AM,635.35,60,38121.0,192215359.80000004
2025-08-01 10:53:24 AM,635.4,0,0.0,192215359.80000004
2025-08-01 10:53:26 AM,635.4,50,31770.0,192247129.80000004
2025-08-01 10:53:32 AM,635.4,30,19062.0,192266191.80000004
2025-08-01 10:54:04 AM,635.4,100,63540.0,192329731.80000004
2025-08-01 10:54:08 AM,635.9,0,0.0,192329731.80000004
2025-08-01 10:54:09 AM,635.9,1,635.9,192330367.70000005
2025-08-01 10:54:15 AM,635.4,10,6354.0,192336721.70000005
2025-08-01 10:54:18 AM,635.9,0,0.0,192336721.70000005
2025-08-01 10:54:20 AM,635.9,45,28615.5,192365337.20000005
2025-08-01 10:54:34 AM,635.7,0,0.0,192365337.20000005
2025-08-01 10:54:36 AM,635.7,3,1907.1000000000001,192367244.30000004
2025-08-01 10:54:52 AM,635.85,0,0.0,192367244.30000004
2025-08-01 10:54:52 AM,635.85,2,1271.7,192368516.00000003
2025-08-01 10:55:07 AM,635.85,13,8266.050000000001,192376782.05000004
2025-08-01 10:55:08 AM,635.85,26,16532.100000000002,192393314.15000004
2025-08-01 10:55:08 AM,637.0,0,0.0,192393314.15000004
2025-08-01 10:55:12 AM,637.0,1245,793065.0,193186379.15000004
2025-08-01 10:55:13 AM,637.5,786,501075.0,193687454.15000004
2025-08-01 10:55:14 AM,636.45,0,0.0,193687454.15000004
2025-08-01 10:55:17 AM,635.85,627,398677.95,194086132.10000002
2025-08-01 10:55:22 AM,635.7,0,0.0,194086132.10000002
2025-08-01 10:55:23 AM,635.7,10,6357.0,194092489.10000002
2025-08-01 10:55:26 AM,635.85,0,0.0,194092489.10000002
2025-08-01 10:55:28 AM,636.25,0,0.0,194092489.10000002
2025-08-01 10:55:29 AM,636.25,123,78258.75,194170747.85000002
2025-08-01 10:55:40 AM,636.25,300,190875.0,194361622.85000002
2025-08-01 10:55:54 AM,636.3,0,0.0,194361622.85000002
2025-08-01 10:55:56 AM,636.3,220,139986.0,194501608.85000002
2025-08-01 10:56:07 AM,636.75,25,15918.75,194517527.60000002
2025-08-01 10:56:39 AM,636.75,100,63675.0,194581202.60000002
2025-08-01 10:56:40 AM,636.95,0,0.0,194581202.60000002
2025-08-01 10:56:43 AM,636.95,5,3184.75,194584387.35000002
2025-08-01 10:56:50 AM,636.2,0,0.0,194584387.35000002
2025-08-01 10:56:50 AM,636.2,10,6362.0,194590749.35000002
2025-08-01 10:56:59 AM,636.2,20,12724.0,194603473.35000002
2025-08-01 10:57:00 AM,636.15,20,12723.0,194616196.35000002
2025-08-01 10:57:02 AM,636.75,0,0.0,194616196.35000002
2025-08-01 10:57:04 AM,636.75,8,5094.0,194621290.35000002
2025-08-01 10:57:08 AM,636.1,0,0.0,194621290.35000002
2025-08-01 10:57:09 AM,636.05,43,27350.149999999998,194648640.50000003
2025-08-01 10:57:18 AM,636.9,0,0.0,194648640.50000003
2025-08-01 10:57:20 AM,636.9,100,63690.0,194712330.50000003
2025-08-01 10:57:30 AM,636.15,0,0.0,194712330.50000003
2025-08-01 10:57:31 AM,636.15,61,38805.15,194751135.65000004
2025-08-01 10:57:42 AM,636.55,21,13367.55,194764503.20000005
2025-08-01 10:57:44 AM,636.75,0,0.0,194764503.20000005
2025-08-01 10:57:47 AM,636.75,20,12735.0,194777238.20000005
2025-08-01 10:57:50 AM,636.15,0,0.0,194777238.20000005
2025-08-01 10:57:52 AM,636.0,264,167904.0,194945142.20000005
2025-08-01 10:57:56 AM,635.95,0,0.0,194945142.20000005
2025-08-01 10:57:57 AM,635.95,100,63595.00000000001,195008737.20000005
2025-08-01 10:58:04 AM,636.65,0,0.0,195008737.20000005
2025-08-01 10:58:08 AM,636.1,0,0.0,195008737.20000005
2025-08-01 10:58:08 AM,636.1,13,8269.300000000001,195017006.50000006
2025-08-01 10:58:19 AM,636.1,10,6361.0,195023367.50000006
2025-08-01 10:58:30 AM,635.85,40,25434.0,195048801.50000006
2025-08-01 10:58:57 AM,635.8,100,63579.99999999999,195112381.50000006
2025-08-01 10:59:04 AM,635.9,0,0.0,195112381.50000006
2025-08-01 10:59:07 AM,635.9,172,109374.8,195221756.30000007
2025-08-01 10:59:10 AM,635.55,0,0.0,195221756.30000007
2025-08-01 10:59:12 AM,635.55,20,12711.0,195234467.30000007
2025-08-01 10:59:22 AM,636.4,0,0.0,195234467.30000007
2025-08-01 10:59:22 AM,636.4,6,3818.3999999999996,195238285.70000008
2025-08-01 10:59:37 AM,636.3,29,18452.699999999997,195256738.40000007
2025-08-01 10:59:43 AM,635.5,226,143623.0,195400361.40000007
2025-08-01 10:59:50 AM,636.15,0,0.0,195400361.40000007
2025-08-01 10:59:54 AM,636.15,10,6361.5,195406722.90000007
2025-08-01 10:59:58 AM,635.55,0,0.0,195406722.90000007
2025-08-01 10:59:59 AM,635.55,100,63554.99999999999,195470277.90000007
2025-08-01 11:00:03 AM,636.35,0,0.0,195470277.90000007
2025-08-01 11:00:05 AM,636.35,13,8272.550000000001,195478550.45000008
2025-08-01 11:00:14 AM,636.65,0,0.0,195478550.45000008
2025-08-01 11:00:17 AM,636.65,200,127330.0,195605880.45000008
2025-08-01 11:00:23 AM,636.55,57,36283.35,195642163.80000007
2025-08-01 11:00:39 AM,636.55,1,636.55,195642800.35000008
2025-08-01 11:00:49 AM,635.85,0,0.0,195642800.35000008
2025-08-01 11:00:49 AM,635.85,170,108094.5,195750894.85000008
2025-08-01 11:00:57 AM,635.6,0,0.0,195750894.85000008
2025-08-01 11:01:00 AM,635.6,400,254240.0,196005134.85000008
2025-08-01 11:01:19 AM,636.35,0,0.0,196005134.85000008
2025-08-01 11:01:21 AM,636.35,25,15908.75,196021043.60000008
2025-08-01 11:01:37 AM,635.5,504,320292.0,196341335.60000008
2025-08-01 11:01:37 AM,636.35,0,0.0,196341335.60000008
2025-08-01 11:01:37 AM,636.35,100,63635.0,196404970.60000008
2025-08-01 11:01:39 AM,635.9,0,0.0,196404970.60000008
2025-08-01 11:01:42 AM,635.9,9,5723.099999999999,196410693.70000008
2025-08-01 11:01:43 AM,635.9,2,1271.8,196411965.5000001
2025-08-01 11:01:57 AM,635.9,110,69949.0,196481914.5000001
2025-08-01 11:02:02 AM,636.0,20,12720.0,196494634.5000001
2025-08-01 11:02:13 AM,636.0,500,318000.0,196812634.5000001
2025-08-01 11:02:31 AM,636.0,5,3180.0,196815814.5000001
2025-08-01 11:02:41 AM,635.5,0,0.0,196815814.5000001
2025-08-01 11:02:41 AM,635.5,10,6355.0,196822169.5000001
2025-08-01 11:02:58 AM,636.0,1,636.0,196822805.5000001
2025-08-01 11:03:29 AM,635.95,0,0.0,196822805.5000001
2025-08-01 11:03:29 AM,635.95,78,49604.100000000006,196872409.60000008
2025-08-01 11:03:40 AM,635.95,5,3179.75,196875589.35000008
2025-08-01 11:03:51 AM,635.5,0,0.0,196875589.35000008
2025-08-01 11:03:51 AM,635.5,5,3177.5,196878766.85000008
2025-08-01 11:04:30 AM,635.5,42,26691.0,196905457.85000008
2025-08-01 11:04:37 AM,635.5,5,3177.5,196908635.35000008
2025-08-01 11:04:42 AM,635.45,9,5719.05,196914354.4000001
2025-08-01 11:04:48 AM,635.5,1,635.5,196914989.9000001
2025-08-01 11:04:53 AM,635.5,2,1271.0,196916260.9000001
2025-08-01 11:05:17 AM,635.45,0,0.0,196916260.9000001
2025-08-01 11:05:18 AM,635.45,17,10802.650000000001,196927063.5500001
2025-08-01 11:05:22 AM,635.5,0,0.0,196927063.5500001
2025-08-01 11:05:23 AM,635.5,10,6355.0,196933418.5500001
2025-08-01 11:05:30 AM,635.4,150,95310.0,197028728.5500001
2025-08-01 11:05:38 AM,634.55,0,0.0,197028728.5500001
2025-08-01 11:05:40 AM,634.55,786,498756.3,197527484.8500001
2025-08-01 11:05:45 AM,635.0,0,0.0,197527484.8500001
2025-08-01 11:05:45 AM,635.0,100,63500.0,197590984.8500001
2025-08-01 11:06:06 AM,635.0,70,44450.0,197635434.8500001
2025-08-01 11:06:29 AM,635.15,491,311858.64999999997,197947293.50000012
2025-08-01 11:06:47 AM,635.05,0,0.0,197947293.50000012
2025-08-01 11:06:48 AM,635.05,150,95257.5,198042551.00000012
2025-08-01 11:07:09 AM,635.05,10,6350.5,198048901.50000012
2025-08-01 11:07:15 AM,635.05,1,635.05,198049536.55000013
2025-08-01 11:07:31 AM,635.05,25,15876.249999999998,198065412.80000013
2025-08-01 11:07:32 AM,635.0,50,31750.0,198097162.80000013
2025-08-01 11:07:45 AM,635.05,0,0.0,198097162.80000013
2025-08-01 11:07:47 AM,635.05,100,63504.99999999999,198160667.80000013
2025-08-01 11:07:51 AM,635.5,0,0.0,198160667.80000013
2025-08-01 11:07:53 AM,635.5,40,25420.0,198186087.80000013
2025-08-01 11:08:03 AM,635.05,0,0.0,198186087.80000013
2025-08-01 11:08:04 AM,635.05,120,76206.0,198262293.80000013
2025-08-01 11:08:13 AM,635.5,0,0.0,198262293.80000013
2025-08-01 11:08:14 AM,635.5,50,31775.0,198294068.80000013
2025-08-01 11:08:19 AM,635.55,0,0.0,198294068.80000013
2025-08-01 11:08:19 AM,635.55,19,12075.449999999999,198306144.25000012
2025-08-01 11:08:50 AM,635.6,0,0.0,198306144.25000012
2025-08-01 11:08:50 AM,635.6,25,15890.0,198322034.25000012
2025-08-01 11:08:52 AM,635.0,0,0.0,198322034.25000012
2025-08-01 11:08:53 AM,635.05,0,0.0,198322034.25000012
2025-08-01 11:08:53 AM,635.05,208,132090.4,198454124.65000013
2025-08-01 11:08:56 AM,634.5,100,63450.0,198517574.65000013
2025-08-01 11:09:05 AM,634.5,4252,2697894.0,201215468.65000013
2025-08-01 11:09:11 AM,634.5,105,66622.5,201282091.15000013
2025-08-01 11:09:14 AM,634.15,1,634.15,201282725.30000013
2025-08-01 11:09:32 AM,634.1,0,0.0,201282725.30000013
2025-08-01 11:09:33 AM,634.1,5,3170.5,201285895.80000013
2025-08-01 11:09:35 AM,634.1,11,6975.1,201292870.90000013
2025-08-01 11:09:44 AM,634.15,0,0.0,201292870.90000013
2025-08-01 11:09:46 AM,634.15,1,634.15,201293505.05000013
2025-08-01 11:09:52 AM,634.0,528,334752.0,201628257.05000013
2025-08-01 11:09:56 AM,633.6,0,0.0,201628257.05000013
2025-08-01 11:09:57 AM,633.6,49,31046.4,201659303.45000014
2025-08-01 11:10:02 AM,634.0,0,0.0,201659303.45000014
2025-08-01 11:10:02 AM,634.0,50,31700.0,201691003.45000014
2025-08-01 11:10:16 AM,633.55,0,0.0,201691003.45000014
2025-08-01 11:10:18 AM,633.35,0,0.0,201691003.45000014
2025-08-01 11:10:18 AM,633.35,235,148837.25,201839840.70000014
2025-08-01 11:10:29 AM,633.0,0,0.0,201839840.70000014
2025-08-01 11:10:29 AM,633.0,786,497538.0,202337378.70000014
2025-08-01 11:10:32 AM,633.35,0,0.0,202337378.70000014
2025-08-01 11:10:35 AM,633.35,120,76002.0,202413380.70000014
2025-08-01 11:10:36 AM,633.6,25,15840.0,202429220.70000014
2025-08-01 11:10:51 AM,633.6,100,63360.0,202492580.70000014
2025-08-01 11:11:13 AM,633.6,22,13939.2,202506519.90000013
2025-08-01 11:11:14 AM,633.6,100,63360.0,202569879.90000013
2025-08-01 11:11:18 AM,633.85,0,0.0,202569879.90000013
2025-08-01 11:11:19 AM,633.85,2,1267.7,202571147.6000001
2025-08-01 11:11:24 AM,634.15,141,89415.15,202660562.75000012
2025-08-01 11:11:30 AM,634.0,0,0.0,202660562.75000012
2025-08-01 11:11:30 AM,634.0,400,253600.0,202914162.75000012
2025-08-01 11:11:35 AM,634.0,4,2536.0,202916698.75000012
2025-08-01 11:11:46 AM,634.35,0,0.0,202916698.75000012
2025-08-01 11:11:46 AM,634.35,57,36157.950000000004,202952856.7000001
2025-08-01 11:12:07 AM,634.35,13,8246.550000000001,202961103.25000012
2025-08-01 11:12:16 AM,634.55,0,0.0,202961103.25000012
2025-08-01 11:12:18 AM,634.55,256,162444.8,203123548.05000013
2025-08-01 11:12:44 AM,634.3,30,19029.0,203142577.05000013
2025-08-01 11:13:16 AM,634.3,25,15857.499999999998,203158434.55000013
2025-08-01 11:13:34 AM,634.3,10,6343.0,203164777.55000013
2025-08-01 11:14:07 AM,634.15,0,0.0,203164777.55000013
2025-08-01 11:14:11 AM,634.15,50,31707.5,203196485.05000013
2025-08-01 11:14:25 AM,634.6,0,0.0,203196485.05000013
2025-08-01 11:14:26 AM,634.6,5,3173.0,203199658.05000013
2025-08-01 11:14:53 AM,634.2,1,634.2,203200292.25000012
2025-08-01 11:14:55 AM,634.2,75,47565.0,203247857.25000012
2025-08-01 11:14:57 AM,634.3,0,0.0,203247857.25000012
2025-08-01 11:14:59 AM,634.1,0,0.0,203247857.25000012
2025-08-01 11:14:59 AM,634.1,244,154720.4,203402577.65000013
2025-08-01 11:15:47 AM,634.1,131,83067.1,203485644.75000012
2025-08-01 11:15:52 AM,634.0,176,111584.0,203597228.75000012
2025-08-01 11:16:27 AM,634.05,0,0.0,203597228.75000012
2025-08-01 11:16:29 AM,634.05,40,25362.0,203622590.75000012
2025-08-01 11:16:33 AM,634.0,0,0.0,203622590.75000012
2025-08-01 11:16:34 AM,634.0,200,126800.0,203749390.75000012
2025-08-01 11:16:35 AM,633.6,0,0.0,203749390.75000012
2025-08-01 11:16:35 AM,633.6,50,31680.0,203781070.75000012
2025-08-01 11:16:51 AM,633.85,50,31692.5,203812763.25000012
2025-08-01 11:17:03 AM,633.5,0,0.0,203812763.25000012
2025-08-01 11:17:05 AM,633.5,100,63350.0,203876113.25000012
2025-08-01 11:17:27 AM,633.3,0,0.0,203876113.25000012
2025-08-01 11:17:27 AM,633.3,100,63329.99999999999,203939443.25000012
2025-08-01 11:17:37 AM,633.0,0,0.0,203939443.25000012
2025-08-01 11:17:37 AM,633.0,800,506400.0,204445843.25000012
2025-08-01 11:17:43 AM,633.4,742,469982.8,204915826.05000013
2025-08-01 11:18:04 AM,633.4,165,104511.0,205020337.05000013
2025-08-01 11:18:15 AM,633.4,196,124146.4,205144483.45000014
2025-08-01 11:18:20 AM,633.4,153,96910.2,205241393.65000013
2025-08-01 11:18:22 AM,634.15,0,0.0,205241393.65000013
2025-08-01 11:18:22 AM,634.15,349,221318.35,205462712.00000012
2025-08-01 11:18:35 AM,634.5,0,0.0,205462712.00000012
2025-08-01 11:18:37 AM,634.5,197,124996.5,205587708.50000012
2025-08-01 11:18:53 AM,634.15,0,0.0,205587708.50000012
2025-08-01 11:18:55 AM,634.15,2,1268.3,205588976.80000013
2025-08-01 11:19:16 AM,634.85,0,0.0,205588976.80000013
2025-08-01 11:19:18 AM,634.85,370,234894.5,205823871.30000013
2025-08-01 11:20:03 AM,634.8,0,0.0,205823871.30000013
2025-08-01 11:20:06 AM,634.8,199,126325.2,205950196.50000012
2025-08-01 11:20:08 AM,634.7,0,0.0,205950196.50000012
2025-08-01 11:20:11 AM,634.7,60,38082.0,205988278.50000012
2025-08-01 11:20:16 AM,634.75,0,0.0,205988278.50000012
2025-08-01 11:20:17 AM,634.75,242,153609.5,206141888.00000012
2025-08-01 11:20:22 AM,634.7,0,0.0,206141888.00000012
2025-08-01 11:20:22 AM,634.7,10,6347.0,206148235.00000012
2025-08-01 11:20:33 AM,634.7,23,14598.1,206162833.1000001
2025-08-01 11:20:34 AM,634.2,0,0.0,206162833.1000001
2025-08-01 11:20:38 AM,634.2,7,4439.400000000001,206167272.50000012
2025-08-01 11:21:12 AM,633.7,0,0.0,206167272.50000012
2025-08-01 11:21:14 AM,633.7,300,190110.0,206357382.50000012
2025-08-01 11:21:45 AM,633.45,100,63345.00000000001,206420727.50000012
2025-08-01 11:21:52 AM,634.15,0,0.0,206420727.50000012
2025-08-01 11:21:54 AM,634.2,0,0.0,206420727.50000012
2025-08-01 11:21:55 AM,634.2,296,187723.2,206608450.7000001
2025-08-01 11:22:29 AM,633.35,0,0.0,206608450.7000001
2025-08-01 11:22:30 AM,634.0,0,0.0,206608450.7000001
2025-08-01 11:22:33 AM,634.0,1078,683452.0,207291902.7000001
2025-08-01 11:22:43 AM,634.0,100,63400.0,207355302.7000001
2025-08-01 11:22:59 AM,633.4,0,0.0,207355302.7000001
2025-08-01 11:22:59 AM,633.4,85,53839.0,207409141.7000001
2025-08-01 11:23:00 AM,633.25,0,0.0,207409141.7000001
2025-08-01 11:23:04 AM,633.25,80,50660.0,207459801.7000001
2025-08-01 11:23:10 AM,633.9,99,62756.1,207522557.8000001
2025-08-01 11:23:29 AM,633.95,0,0.0,207522557.8000001
2025-08-01 11:23:31 AM,633.55,24,15205.199999999999,207537763.0000001
2025-08-01 11:23:41 AM,633.3,0,0.0,207537763.0000001
2025-08-01 11:23:41 AM,633.3,100,63329.99999999999,207601093.0000001
2025-08-01 11:23:50 AM,633.45,0,0.0,207601093.0000001
2025-08-01 11:23:51 AM,633.45,9,5701.05,207606794.0500001
2025-08-01 11:24:33 AM,633.45,196,124156.20000000001,207730950.2500001
2025-08-01 11:24:40 AM,634.0,0,0.0,207730950.2500001
2025-08-01 11:24:43 AM,634.0,24,15216.0,207746166.2500001
2025-08-01 11:24:49 AM,633.5,0,0.0,207746166.2500001
2025-08-01 11:24:54 AM,633.5,50,31675.0,207777841.2500001
2025-08-01 11:25:22 AM,634.2,0,0.0,207777841.2500001
2025-08-01 11:25:25 AM,634.2,200,126840.00000000001,207904681.2500001
2025-08-01 11:26:20 AM,633.45,0,0.0,207904681.2500001
2025-08-01 11:26:22 AM,633.45,5,3167.25,207907848.5000001
2025-08-01 11:26:32 AM,633.45,2,1266.9,207909115.4000001
2025-08-01 11:26:35 AM,633.05,0,0.0,207909115.4000001
2025-08-01 11:26:36 AM,633.5,0,0.0,207909115.4000001
2025-08-01 11:26:37 AM,633.5,815,516302.5,208425417.9000001
2025-08-01 11:26:47 AM,633.5,107,67784.5,208493202.4000001
2025-08-01 11:26:50 AM,633.55,0,0.0,208493202.4000001
2025-08-01 11:26:52 AM,633.55,30,19006.5,208512208.9000001
2025-08-01 11:26:54 AM,634.6,1200,761520.0,209273728.9000001
2025-08-01 11:27:26 AM,634.0,0,0.0,209273728.9000001
2025-08-01 11:27:28 AM,634.0,157,99538.0,209373266.9000001
2025-08-01 11:27:29 AM,634.0,10,6340.0,209379606.9000001
2025-08-01 11:28:04 AM,634.0,100,63400.0,209443006.9000001
2025-08-01 11:28:11 AM,634.0,200,126800.0,209569806.9000001
2025-08-01 11:28:14 AM,634.0,3,1902.0,209571708.9000001
2025-08-01 11:28:40 AM,634.0,30,19020.0,209590728.9000001
2025-08-01 11:28:54 AM,633.5,0,0.0,209590728.9000001
2025-08-01 11:28:55 AM,633.5,50,31675.0,209622403.9000001
2025-08-01 11:29:14 AM,633.45,0,0.0,209622403.9000001
2025-08-01 11:29:16 AM,633.45,100,63345.00000000001,209685748.9000001
2025-08-01 11:29:21 AM,633.1,0,0.0,209685748.9000001
2025-08-01 11:29:21 AM,633.1,100,63310.0,209749058.9000001
2025-08-01 11:29:45 AM,633.7,5,3168.5,209752227.4000001
2025-08-01 11:29:50 AM,633.7,1,633.7,209752861.10000008
2025-08-01 11:29:52 AM,633.3,0,0.0,209752861.10000008
2025-08-01 11:29:53 AM,633.3,15,9499.5,209762360.60000008
2025-08-01 11:31:12 AM,633.25,29,18364.25,209780724.85000008
2025-08-01 11:31:17 AM,633.05,400,253219.99999999997,210033944.85000008
2025-08-01 11:31:27 AM,632.95,400,253180.00000000003,210287124.85000008
2025-08-01 11:31:32 AM,632.95,100,63295.00000000001,210350419.85000008
2025-08-01 11:31:39 AM,632.85,0,0.0,210350419.85000008
2025-08-01 11:31:39 AM,632.85,13,8227.050000000001,210358646.9000001
2025-08-01 11:31:50 AM,633.45,0,0.0,210358646.9000001
2025-08-01 11:31:52 AM,633.45,69,43708.05,210402354.9500001
2025-08-01 11:31:57 AM,633.45,80,50676.0,210453030.9500001
2025-08-01 11:32:14 AM,632.95,15,9494.25,210462525.2000001
2025-08-01 11:32:41 AM,632.95,2,1265.9,210463791.1000001
2025-08-01 11:32:51 AM,632.95,8,5063.6,210468854.7000001
2025-08-01 11:32:53 AM,632.8,0,0.0,210468854.7000001
2025-08-01 11:32:55 AM,632.8,12,7593.599999999999,210476448.3000001
2025-08-01 11:33:23 AM,632.7,0,0.0,210476448.3000001
2025-08-01 11:33:26 AM,632.7,125,79087.5,210555535.8000001
2025-08-01 11:33:31 AM,632.7,103,65168.100000000006,210620703.9000001
2025-08-01 11:34:12 AM,632.7,100,63270.00000000001,210683973.9000001
2025-08-01 11:34:14 AM,632.75,0,0.0,210683973.9000001
2025-08-01 11:34:17 AM,632.75,357,225891.75,210909865.6500001
2025-08-01 11:34:39 AM,633.15,0,0.0,210909865.6500001
2025-08-01 11:34:43 AM,633.15,200,126630.0,211036495.6500001
2025-08-01 11:34:50 AM,633.3,0,0.0,211036495.6500001
2025-08-01 11:34:53 AM,633.3,2,1266.6,211037762.2500001
2025-08-01 11:36:03 AM,633.85,0,0.0,211037762.2500001
2025-08-01 11:36:07 AM,633.85,100,63385.0,211101147.2500001
2025-08-01 11:36:31 AM,633.8,0,0.0,211101147.2500001
2025-08-01 11:36:32 AM,633.8,17,10774.599999999999,211111921.85000008
2025-08-01 11:37:07 AM,633.35,0,0.0,211111921.85000008
2025-08-01 11:37:09 AM,633.85,0,0.0,211111921.85000008
2025-08-01 11:37:09 AM,633.85,110,69723.5,211181645.35000008
2025-08-01 11:37:18 AM,634.15,0,0.0,211181645.35000008
2025-08-01 11:37:20 AM,634.15,250,158537.5,211340182.85000008
2025-08-01 11:38:29 AM,633.25,0,0.0,211340182.85000008
2025-08-01 11:38:31 AM,633.25,160,101320.0,211441502.85000008
2025-08-01 11:38:45 AM,633.0,0,0.0,211441502.85000008
2025-08-01 11:38:47 AM,633.0,200,126600.0,211568102.85000008
2025-08-01 11:38:50 AM,633.1,0,0.0,211568102.85000008
2025-08-01 11:38:52 AM,633.1,30,18993.0,211587095.85000008
2025-08-01 11:38:54 AM,633.6,0,0.0,211587095.85000008
2025-08-01 11:38:57 AM,633.6,20,12672.0,211599767.85000008
2025-08-01 11:39:23 AM,632.8,0,0.0,211599767.85000008
2025-08-01 11:39:23 AM,632.8,200,126559.99999999999,211726327.85000008
2025-08-01 11:39:25 AM,633.0,0,0.0,211726327.85000008
2025-08-01 11:39:27 AM,633.0,15,9495.0,211735822.85000008
2025-08-01 11:39:33 AM,633.0,94,59502.0,211795324.85000008
2025-08-01 11:39:36 AM,632.7,0,0.0,211795324.85000008
2025-08-01 11:39:37 AM,632.9,0,0.0,211795324.85000008
2025-08-01 11:39:37 AM,632.9,52,32910.799999999996,211828235.6500001
2025-08-01 11:39:47 AM,632.25,0,0.0,211828235.6500001
2025-08-01 11:39:49 AM,632.25,25,15806.25,211844041.9000001
2025-08-01 11:40:00 AM,632.2,21,13276.2,211857318.10000008
2025-08-01 11:40:04 AM,632.2,50,31610.000000000004,211888928.10000008
2025-08-01 11:40:19 AM,632.65,0,0.0,211888928.10000008
2025-08-01 11:40:20 AM,632.65,98,61999.7,211950927.80000007
2025-08-01 11:40:34 AM,632.6,0,0.0,211950927.80000007
2025-08-01 11:40:35 AM,632.6,1,632.6,211951560.40000007
2025-08-01 11:40:45 AM,632.6,100,63260.0,212014820.40000007
2025-08-01 11:41:15 AM,632.2,0,0.0,212014820.40000007
2025-08-01 11:41:16 AM,632.2,50,31610.000000000004,212046430.40000007
2025-08-01 11:41:25 AM,632.15,0,0.0,212046430.40000007
2025-08-01 11:41:25 AM,632.15,117,73961.55,212120391.95000008
2025-08-01 11:41:43 AM,632.05,0,0.0,212120391.95000008
2025-08-01 11:41:45 AM,632.1,0,0.0,212120391.95000008
2025-08-01 11:41:45 AM,632.1,127,80276.7,212200668.65000007
2025-08-01 11:41:51 AM,632.05,0,0.0,212200668.65000007
2025-08-01 11:41:53 AM,632.0,0,0.0,212200668.65000007
2025-08-01 11:41:56 AM,632.0,259,163688.0,212364356.65000007
2025-08-01 11:42:26 AM,631.85,97,61289.450000000004,212425646.10000005
2025-08-01 11:42:41 AM,631.5,0,0.0,212425646.10000005
2025-08-01 11:42:43 AM,631.5,1,631.5,212426277.60000005
2025-08-01 11:42:47 AM,631.3,0,0.0,212426277.60000005
2025-08-01 11:42:48 AM,631.3,201,126891.29999999999,212553168.90000007
2025-08-01 11:42:53 AM,631.2,2,1262.4,212554431.30000007
2025-08-01 11:42:57 AM,632.1,0,0.0,212554431.30000007
2025-08-01 11:42:58 AM,632.1,1131,714905.1,213269336.40000007
2025-08-01 11:43:23 AM,632.3,0,0.0,213269336.40000007
2025-08-01 11:43:25 AM,632.3,2,1264.6,213270601.00000006
2025-08-01 11:43:46 AM,632.3,100,63229.99999999999,213333831.00000006
2025-08-01 11:44:01 AM,632.9,0,0.0,213333831.00000006
2025-08-01 11:44:01 AM,632.9,48,30379.199999999997,213364210.20000005
2025-08-01 11:44:18 AM,632.6,0,0.0,213364210.20000005
2025-08-01 11:44:19 AM,632.6,26,16447.600000000002,213380657.80000004
2025-08-01 11:44:28 AM,632.55,0,0.0,213380657.80000004
2025-08-01 11:44:31 AM,632.55,8,5060.4,213385718.20000005
2025-08-01 11:44:43 AM,631.8,0,0.0,213385718.20000005
2025-08-01 11:44:48 AM,631.8,50,31589.999999999996,213417308.20000005
2025-08-01 11:44:58 AM,632.0,0,0.0,213417308.20000005
2025-08-01 11:44:58 AM,632.0,1,632.0,213417940.20000005
2025-08-01 11:45:35 AM,631.85,0,0.0,213417940.20000005
2025-08-01 11:45:35 AM,631.85,50,31592.5,213449532.70000005
2025-08-01 11:45:51 AM,631.85,49,30960.65,213480493.35000005
2025-08-01 11:45:56 AM,631.8,0,0.0,213480493.35000005
2025-08-01 11:45:57 AM,631.8,3,1895.3999999999999,213482388.75000006
2025-08-01 11:46:04 AM,631.5,0,0.0,213482388.75000006
2025-08-01 11:46:07 AM,631.5,200,126300.0,213608688.75000006
2025-08-01 11:46:12 AM,632.0,0,0.0,213608688.75000006
2025-08-01 11:46:13 AM,632.0,465,293880.0,213902568.75000006
2025-08-01 11:46:27 AM,631.5,0,0.0,213902568.75000006
2025-08-01 11:46:28 AM,631.5,50,31575.0,213934143.75000006
2025-08-01 11:46:45 AM,631.9,0,0.0,213934143.75000006
2025-08-01 11:46:45 AM,631.9,2,1263.8,213935407.55000007
2025-08-01 11:47:00 AM,631.6,0,0.0,213935407.55000007
2025-08-01 11:47:01 AM,631.6,20,12632.0,213948039.55000007
2025-08-01 11:47:09 AM,632.0,0,0.0,213948039.55000007
2025-08-01 11:47:11 AM,632.0,25,15800.0,213963839.55000007
2025-08-01 11:47:11 AM,632.0,15,9480.0,213973319.55000007
2025-08-01 11:47:16 AM,632.0,107,67624.0,214040943.55000007
2025-08-01 11:47:41 AM,632.25,25,15806.25,214056749.80000007
2025-08-01 11:48:03 AM,632.8,0,0.0,214056749.80000007
2025-08-01 11:48:07 AM,632.8,50,31639.999999999996,214088389.80000007
2025-08-01 11:49:29 AM,632.8,34,21515.199999999997,214109905.00000006
2025-08-01 11:49:51 AM,632.2,0,0.0,214109905.00000006
2025-08-01 11:49:55 AM,632.2,1122,709328.4,214819233.40000007
2025-08-01 11:50:10 AM,632.2,20,12644.0,214831877.40000007
2025-08-01 11:50:40 AM,632.9,0,0.0,214831877.40000007
2025-08-01 11:50:41 AM,632.9,24,15189.599999999999,214847067.00000006
2025-08-01 11:51:11 AM,632.9,86,54429.4,214901496.40000007
2025-08-01 11:51:26 AM,632.8,0,0.0,214901496.40000007
2025-08-01 11:51:30 AM,632.8,9,5695.2,214907191.60000005
2025-08-01 11:51:44 AM,632.5,0,0.0,214907191.60000005
2025-08-01 11:51:45 AM,632.5,2,1265.0,214908456.60000005
2025-08-01 11:51:55 AM,632.5,1,632.5,214909089.10000005
2025-08-01 11:52:01 AM,632.4,30,18972.0,214928061.10000005
2025-08-01 11:52:20 AM,632.4,2,1264.8,214929325.90000007
2025-08-01 11:52:35 AM,632.4,48,30355.199999999997,214959681.10000005
2025-08-01 11:52:36 AM,633.3,0,0.0,214959681.10000005
2025-08-01 11:52:36 AM,633.3,80,50664.0,215010345.10000005
2025-08-01 11:52:48 AM,633.35,0,0.0,215010345.10000005
2025-08-01 11:52:50 AM,633.35,45,28500.75,215038845.85000005
2025-08-01 11:53:21 AM,633.35,5,3166.75,215042012.60000005
2025-08-01 11:53:26 AM,632.8,12,7593.599999999999,215049606.20000005
2025-08-01 11:54:31 AM,633.05,0,0.0,215049606.20000005
2025-08-01 11:54:33 AM,633.05,1,633.05,215050239.25000006
2025-08-01 11:55:04 AM,632.6,0,0.0,215050239.25000006
2025-08-01 11:55:05 AM,632.85,0,0.0,215050239.25000006
2025-08-01 11:55:08 AM,632.85,24,15188.400000000001,215065427.65000007
2025-08-01 11:55:17 AM,632.6,0,0.0,215065427.65000007
2025-08-01 11:55:18 AM,632.6,2503,1583397.8,216648825.45000008
2025-08-01 11:55:19 AM,632.55,10,6325.5,216655150.95000008
2025-08-01 11:55:53 AM,632.25,0,0.0,216655150.95000008
2025-08-01 11:55:54 AM,632.25,9,5690.25,216660841.20000008
2025-08-01 11:56:03 AM,632.45,0,0.0,216660841.20000008
2025-08-01 11:56:04 AM,632.45,34,21503.300000000003,216682344.5000001
2025-08-01 11:56:17 AM,632.25,0,0.0,216682344.5000001
2025-08-01 11:56:18 AM,632.25,20,12645.0,216694989.5000001
2025-08-01 11:56:26 AM,632.65,0,0.0,216694989.5000001
2025-08-01 11:56:28 AM,632.65,50,31632.5,216726622.0000001
2025-08-01 11:56:33 AM,632.25,0,0.0,216726622.0000001
2025-08-01 11:56:34 AM,632.25,10,6322.5,216732944.5000001
2025-08-01 11:56:39 AM,632.75,0,0.0,216732944.5000001
2025-08-01 11:56:40 AM,632.75,157,99341.75,216832286.2500001
2025-08-01 11:56:42 AM,632.65,0,0.0,216832286.2500001
2025-08-01 11:56:44 AM,632.65,1,632.65,216832918.9000001
2025-08-01 11:57:00 AM,632.7,100,63270.00000000001,216896188.9000001
2025-08-01 11:57:31 AM,632.65,0,0.0,216896188.9000001
2025-08-01 11:57:34 AM,632.65,50,31632.5,216927821.4000001
2025-08-01 11:57:37 AM,632.75,0,0.0,216927821.4000001
2025-08-01 11:57:38 AM,632.7,0,0.0,216927821.4000001
2025-08-01 11:57:39 AM,632.7,73,46187.100000000006,216974008.5000001
2025-08-01 11:57:44 AM,632.25,0,0.0,216974008.5000001
2025-08-01 11:57:45 AM,632.25,15,9483.75,216983492.2500001
2025-08-01 11:58:04 AM,632.95,100,63295.00000000001,217046787.2500001
2025-08-01 11:58:21 AM,632.25,0,0.0,217046787.2500001
2025-08-01 11:58:22 AM,632.25,50,31612.5,217078399.7500001
2025-08-01 11:58:48 AM,632.25,40,25290.0,217103689.7500001
2025-08-01 11:58:56 AM,632.2,0,0.0,217103689.7500001
2025-08-01 11:58:57 AM,632.2,32,20230.4,217123920.1500001
2025-08-01 11:59:28 AM,632.2,20,12644.0,217136564.1500001
2025-08-01 11:59:34 AM,632.0,0,0.0,217136564.1500001
2025-08-01 11:59:35 AM,632.0,75,47400.0,217183964.1500001
2025-08-01 11:59:48 AM,632.2,0,0.0,217183964.1500001
2025-08-01 11:59:49 AM,632.2,20,12644.0,217196608.1500001
2025-08-01 12:00:17 PM,632.25,0,0.0,217196608.1500001
2025-08-01 12:00:18 PM,632.25,1,632.25,217197240.4000001
2025-08-01 12:00:26 PM,632.55,10,6325.5,217203565.9000001
2025-08-01 12:00:56 PM,632.25,0,0.0,217203565.9000001
2025-08-01 12:00:58 PM,632.25,13,8219.25,217211785.1500001
2025-08-01 12:01:21 PM,632.2,0,0.0,217211785.1500001
2025-08-01 12:01:22 PM,632.2,73,46150.600000000006,217257935.7500001
2025-08-01 12:02:09 PM,632.2,10,6322.0,217264257.7500001
2025-08-01 12:02:27 PM,632.2,1,632.2,217264889.95000008
2025-08-01 12:02:47 PM,632.25,0,0.0,217264889.95000008
2025-08-01 12:02:47 PM,632.25,24,15174.0,217280063.95000008
2025-08-01 12:02:50 PM,632.8,0,0.0,217280063.95000008
2025-08-01 12:02:52 PM,632.8,112,70873.59999999999,217350937.55000007
2025-08-01 12:03:24 PM,632.8,200,126559.99999999999,217477497.55000007
2025-08-01 12:03:37 PM,632.8,27,17085.6,217494583.15000007
2025-08-01 12:03:55 PM,632.1,450,284445.0,217779028.15000007
2025-08-01 12:04:04 PM,632.7,0,0.0,217779028.15000007
2025-08-01 12:04:05 PM,632.7,50,31635.000000000004,217810663.15000007
2025-08-01 12:04:07 PM,632.15,0,0.0,217810663.15000007
2025-08-01 12:04:08 PM,632.15,51,32239.649999999998,217842902.80000007
2025-08-01 12:04:22 PM,632.7,0,0.0,217842902.80000007
2025-08-01 12:04:24 PM,632.7,10,6327.0,217849229.80000007
2025-08-01 12:04:27 PM,632.7,10,6327.0,217855556.80000007
2025-08-01 12:04:57 PM,632.5,199,125867.5,217981424.30000007
2025-08-01 12:04:58 PM,632.7,0,0.0,217981424.30000007
2025-08-01 12:04:59 PM,632.7,3,1898.1000000000001,217983322.40000007
2025-08-01 12:05:23 PM,632.7,7,4428.900000000001,217987751.30000007
2025-08-01 12:05:40 PM,632.2,0,0.0,217987751.30000007
2025-08-01 12:05:43 PM,632.2,100,63220.00000000001,218050971.30000007
2025-08-01 12:05:58 PM,632.2,9,5689.8,218056661.10000008
2025-08-01 12:06:26 PM,632.7,0,0.0,218056661.10000008
2025-08-01 12:06:27 PM,632.7,2,1265.4,218057926.5000001
2025-08-01 12:06:37 PM,632.2,17,10747.400000000001,218068673.9000001
2025-08-01 12:07:04 PM,632.25,0,0.0,218068673.9000001
2025-08-01 12:07:07 PM,632.25,2,1264.5,218069938.4000001
2025-08-01 12:07:17 PM,632.7,958,606126.6000000001,218676065.0000001
2025-08-01 12:07:38 PM,633.0,50,31650.0,218707715.0000001
2025-08-01 12:08:53 PM,633.0,400,253200.0,218960915.0000001
2025-08-01 12:08:58 PM,634.1,0,0.0,218960915.0000001
2025-08-01 12:08:58 PM,634.1,1136,720337.6,219681252.60000008
2025-08-01 12:09:04 PM,634.0,0,0.0,219681252.60000008
2025-08-01 12:09:08 PM,634.0,1,634.0,219681886.60000008
2025-08-01 12:09:52 PM,634.05,0,0.0,219681886.60000008
2025-08-01 12:09:52 PM,634.05,100,63404.99999999999,219745291.60000008
2025-08-01 12:10:02 PM,634.5,0,0.0,219745291.60000008
2025-08-01 12:10:02 PM,634.5,150,95175.0,219840466.60000008
2025-08-01 12:10:08 PM,634.5,200,126900.0,219967366.60000008
2025-08-01 12:10:14 PM,633.9,0,0.0,219967366.60000008
2025-08-01 12:10:16 PM,634.5,0,0.0,219967366.60000008
2025-08-01 12:10:18 PM,634.5,202,128169.0,220095535.60000008
2025-08-01 12:10:28 PM,634.45,100,63445.00000000001,220158980.60000008
2025-08-01 12:10:34 PM,634.5,0,0.0,220158980.60000008
2025-08-01 12:10:38 PM,634.5,666,422577.0,220581557.60000008
2025-08-01 12:10:38 PM,634.8,0,0.0,220581557.60000008
2025-08-01 12:10:42 PM,634.9,0,0.0,220581557.60000008
2025-08-01 12:10:43 PM,634.9,182,115551.8,220697109.4000001
2025-08-01 12:10:57 PM,634.9,18,11428.199999999999,220708537.60000008
2025-08-01 12:11:02 PM,634.9,18,11428.199999999999,220719965.80000007
2025-08-01 12:11:07 PM,634.9,18,11428.199999999999,220731394.00000006
2025-08-01 12:11:18 PM,634.9,16,10158.4,220741552.40000007
2025-08-01 12:11:50 PM,634.85,0,0.0,220741552.40000007
