date,price,qty,trnvr,cum_trnvr
2025-08-01 09:15:02 AM,1545.7,23,35551.1,35551.1
2025-08-01 09:15:12 AM,1546.7,0,0.0,35551.1
2025-08-01 09:15:14 AM,1546.7,2,3093.4,38644.5
2025-08-01 09:15:16 AM,1554.4,81,125906.40000000001,164550.90000000002
2025-08-01 09:15:21 AM,1547.0,0,0.0,164550.90000000002
2025-08-01 09:15:24 AM,1547.0,25,38675.0,203225.90000000002
2025-08-01 09:15:32 AM,1554.2,0,0.0,203225.90000000002
2025-08-01 09:15:33 AM,1554.2,6,9325.2,212551.10000000003
2025-08-01 09:15:36 AM,1549.7,0,0.0,212551.10000000003
2025-08-01 09:15:41 AM,1556.7,2,3113.4,215664.50000000003
2025-08-01 09:15:45 AM,1549.4,0,0.0,215664.50000000003
2025-08-01 09:15:50 AM,1548.1,3,4644.299999999999,220308.80000000002
2025-08-01 09:15:56 AM,1547.4,0,0.0,220308.80000000002
2025-08-01 09:15:58 AM,1547.4,1,1547.4,221856.2
2025-08-01 09:16:02 AM,1547.2,0,0.0,221856.2
2025-08-01 09:16:05 AM,1544.1,0,0.0,221856.2
2025-08-01 09:16:06 AM,1541.6,130,200408.0,422264.2
2025-08-01 09:16:16 AM,1541.0,3,4623.0,426887.2
2025-08-01 09:16:22 AM,1539.9,2,3079.8,429967.0
2025-08-01 09:16:27 AM,1536.8,0,0.0,429967.0
2025-08-01 09:16:31 AM,1536.8,6,9220.8,439187.8
2025-08-01 09:16:37 AM,1536.1,0,0.0,439187.8
2025-08-01 09:16:39 AM,1536.2,2,3072.4,442260.2
2025-08-01 09:16:47 AM,1536.5,1,1536.5,443796.7
2025-08-01 09:17:07 AM,1543.9,0,0.0,443796.7
2025-08-01 09:17:12 AM,1543.9,32,49404.8,493201.5
2025-08-01 09:17:15 AM,1541.3,0,0.0,493201.5
2025-08-01 09:17:20 AM,1541.3,1,1541.3,494742.8
2025-08-01 09:17:57 AM,1541.5,0,0.0,494742.8
2025-08-01 09:18:01 AM,1541.5,1,1541.5,496284.3
2025-08-01 09:18:51 AM,1545.1,1,1545.1,497829.39999999997
2025-08-01 09:19:07 AM,1546.4,2,3092.8,500922.19999999995
2025-08-01 09:21:30 AM,1553.0,63,97839.0,598761.2
2025-08-01 09:21:54 AM,1553.0,1,1553.0,600314.2
2025-08-01 09:22:12 AM,1554.7,0,0.0,600314.2
2025-08-01 09:22:15 AM,1554.7,1,1554.7,601868.8999999999
2025-08-01 09:22:34 AM,1552.9,0,0.0,601868.8999999999
2025-08-01 09:22:38 AM,1552.9,3,4658.700000000001,606527.5999999999
2025-08-01 09:23:32 AM,1551.6,1,1551.6,608079.1999999998
2025-08-01 09:23:54 AM,1551.3,1,1551.3,609630.4999999999
2025-08-01 09:24:40 AM,1551.3,1,1551.3,611181.7999999999
2025-08-01 09:25:02 AM,1548.4,16,24774.4,635956.2
2025-08-01 09:26:28 AM,1548.5,0,0.0,635956.2
2025-08-01 09:26:34 AM,1548.5,10,15485.0,651441.2
2025-08-01 09:26:40 AM,1548.1,0,0.0,651441.2
2025-08-01 09:26:41 AM,1548.1,1,1548.1,652989.2999999999
2025-08-01 09:28:19 AM,1550.3,1,1550.3,654539.6
2025-08-01 09:29:47 AM,1549.5,0,0.0,654539.6
2025-08-01 09:29:50 AM,1549.5,3,4648.5,659188.1
2025-08-01 09:30:14 AM,1551.4,2,3102.8,662290.9
2025-08-01 09:30:43 AM,1551.4,10,15514.0,677804.9
2025-08-01 09:31:01 AM,1551.2,0,0.0,677804.9
2025-08-01 09:31:05 AM,1551.2,1,1551.2,679356.1
2025-08-01 09:31:25 AM,1548.8,0,0.0,679356.1
2025-08-01 09:31:27 AM,1548.8,26,40268.799999999996,719624.9
2025-08-01 09:31:33 AM,1551.8,0,0.0,719624.9
2025-08-01 09:31:34 AM,1551.8,1,1551.8,721176.7000000001
2025-08-01 09:31:55 AM,1549.8,0,0.0,721176.7000000001
2025-08-01 09:31:55 AM,1549.8,2,3099.6,724276.3
2025-08-01 09:32:11 AM,1551.8,0,0.0,724276.3
2025-08-01 09:32:16 AM,1551.8,2,3103.6,727379.9
2025-08-01 09:32:17 AM,1553.6,0,0.0,727379.9
2025-08-01 09:32:23 AM,1553.6,4,6214.4,733594.3
2025-08-01 09:32:59 AM,1555.1,0,0.0,733594.3
2025-08-01 09:33:05 AM,1555.1,1,1555.1,735149.4
2025-08-01 09:33:39 AM,1556.6,1,1556.6,736706.0
2025-08-01 09:34:00 AM,1555.9,3,4667.700000000001,741373.7
2025-08-01 09:34:26 AM,1558.4,0,0.0,741373.7
2025-08-01 09:34:28 AM,1558.4,1,1558.4,742932.1
2025-08-01 09:35:21 AM,1554.3,0,0.0,742932.1
2025-08-01 09:35:24 AM,1554.3,20,31086.0,774018.1
2025-08-01 09:36:36 AM,1552.3,0,0.0,774018.1
2025-08-01 09:36:37 AM,1552.3,5,7761.5,781779.6
2025-08-01 09:36:44 AM,1552.6,0,0.0,781779.6
2025-08-01 09:36:44 AM,1552.6,1,1552.6,783332.2
2025-08-01 09:37:59 AM,1551.7,0,0.0,783332.2
2025-08-01 09:38:05 AM,1551.7,4,6206.8,789539.0
2025-08-01 09:38:52 AM,1546.6,0,0.0,789539.0
2025-08-01 09:38:52 AM,1546.6,5,7733.0,797272.0
2025-08-01 09:39:39 AM,1549.3,3,4647.9,801919.9
2025-08-01 09:40:00 AM,1548.2,2,3096.4,805016.3
2025-08-01 09:40:23 AM,1550.8,0,0.0,805016.3
2025-08-01 09:40:25 AM,1550.8,1,1550.8,806567.1000000001
2025-08-01 09:42:22 AM,1548.9,0,0.0,806567.1000000001
2025-08-01 09:42:24 AM,1548.9,8,12391.2,818958.3
2025-08-01 09:43:03 AM,1551.0,0,0.0,818958.3
2025-08-01 09:43:03 AM,1551.0,50,77550.0,896508.3
2025-08-01 09:45:02 AM,1550.8,5,7754.0,904262.3
2025-08-01 09:45:09 AM,1547.5,1,1547.5,905809.8
2025-08-01 09:47:04 AM,1549.2,0,0.0,905809.8
2025-08-01 09:47:05 AM,1549.2,1,1549.2,907359.0
2025-08-01 09:47:50 AM,1551.2,1,1551.2,908910.2
2025-08-01 09:48:10 AM,1552.0,32,49664.0,958574.2
2025-08-01 09:49:18 AM,1548.9,15,23233.5,981807.7
2025-08-01 09:54:00 AM,1551.6,0,0.0,981807.7
2025-08-01 09:54:04 AM,1551.6,53,82234.79999999999,1064042.5
2025-08-01 09:54:23 AM,1551.0,1,1551.0,1065593.5
2025-08-01 09:55:59 AM,1553.0,120,186360.0,1251953.5
2025-08-01 09:58:38 AM,1552.8,0,0.0,1251953.5
2025-08-01 09:58:40 AM,1552.8,7,10869.6,1262823.1
2025-08-01 09:59:01 AM,1552.4,1,1552.4,1264375.5
2025-08-01 10:01:35 AM,1550.1,49,75954.9,1340330.4
2025-08-01 10:01:51 AM,1550.4,0,0.0,1340330.4
2025-08-01 10:01:51 AM,1550.4,10,15504.0,1355834.4
2025-08-01 10:02:16 AM,1550.4,4,6201.6,1362036.0
2025-08-01 10:02:19 AM,1549.0,0,0.0,1362036.0
2025-08-01 10:02:22 AM,1549.0,3,4647.0,1366683.0
2025-08-01 10:02:48 AM,1548.5,1,1548.5,1368231.5
2025-08-01 10:03:26 AM,1550.8,0,0.0,1368231.5
2025-08-01 10:03:26 AM,1550.8,31,48074.799999999996,1416306.3
2025-08-01 10:04:35 AM,1552.4,0,0.0,1416306.3
2025-08-01 10:04:35 AM,1552.4,1,1552.4,1417858.7
2025-08-01 10:05:02 AM,1550.1,1,1550.1,1419408.8
2025-08-01 10:05:06 AM,1552.4,0,0.0,1419408.8
2025-08-01 10:05:06 AM,1552.4,20,31048.0,1450456.8
2025-08-01 10:05:55 AM,1551.5,0,0.0,1450456.8
2025-08-01 10:05:55 AM,1551.5,2,3103.0,1453559.8
2025-08-01 10:06:18 AM,1551.2,0,0.0,1453559.8
2025-08-01 10:06:18 AM,1551.2,2,3102.4,1456662.2
2025-08-01 10:06:30 AM,1548.9,0,0.0,1456662.2
2025-08-01 10:06:30 AM,1548.9,4,6195.6,1462857.8
2025-08-01 10:07:03 AM,1547.1,12,18565.199999999997,1481423.0
2025-08-01 10:07:28 AM,1546.1,19,29375.899999999998,1510798.9
2025-08-01 10:07:38 AM,1545.0,108,166860.0,1677658.9
2025-08-01 10:09:00 AM,1547.1,0,0.0,1677658.9
2025-08-01 10:09:03 AM,1547.1,10,15471.0,1693129.9
2025-08-01 10:11:12 AM,1550.5,0,0.0,1693129.9
2025-08-01 10:11:13 AM,1550.5,1,1550.5,1694680.4
2025-08-01 10:11:15 AM,1548.2,0,0.0,1694680.4
2025-08-01 10:11:19 AM,1548.2,10,15482.0,1710162.4
2025-08-01 10:12:57 AM,1547.9,0,0.0,1710162.4
2025-08-01 10:12:57 AM,1547.9,2,3095.8,1713258.2
2025-08-01 10:17:08 AM,1547.9,28,43341.200000000004,1756599.4
2025-08-01 10:22:09 AM,1550.5,0,0.0,1756599.4
2025-08-01 10:22:11 AM,1550.5,3,4651.5,1761250.9
2025-08-01 10:23:25 AM,1550.0,1,1550.0,1762800.9
2025-08-01 10:23:38 AM,1547.9,0,0.0,1762800.9
2025-08-01 10:23:39 AM,1547.9,3,4643.700000000001,1767444.5999999999
2025-08-01 10:24:00 AM,1549.8,0,0.0,1767444.5999999999
2025-08-01 10:24:01 AM,1549.8,1,1549.8,1768994.4
2025-08-01 10:24:27 AM,1549.7,0,0.0,1768994.4
2025-08-01 10:24:29 AM,1549.7,1,1549.7,1770544.0999999999
2025-08-01 10:24:56 AM,1549.8,0,0.0,1770544.0999999999
2025-08-01 10:24:56 AM,1549.8,1,1549.8,1772093.9
2025-08-01 10:25:27 AM,1548.9,0,0.0,1772093.9
2025-08-01 10:25:28 AM,1548.9,2,3097.8,1775191.7
2025-08-01 10:26:04 AM,1551.0,1,1551.0,1776742.7
2025-08-01 10:27:37 AM,1551.7,3,4655.1,1781397.8
2025-08-01 10:27:39 AM,1551.8,0,0.0,1781397.8
2025-08-01 10:27:39 AM,1551.8,3,4655.4,1786053.2
2025-08-01 10:28:12 AM,1551.9,0,0.0,1786053.2
2025-08-01 10:28:12 AM,1551.9,6,9311.400000000001,1795364.5999999999
2025-08-01 10:28:59 AM,1552.0,14,21728.0,1817092.5999999999
2025-08-01 10:29:34 AM,1550.5,0,0.0,1817092.5999999999
2025-08-01 10:29:35 AM,1550.5,110,170555.0,1987647.5999999999
2025-08-01 10:33:00 AM,1550.5,22,34111.0,2021758.5999999999
2025-08-01 10:35:01 AM,1549.3,10,15493.0,2037251.5999999999
2025-08-01 10:36:49 AM,1551.2,0,0.0,2037251.5999999999
2025-08-01 10:36:50 AM,1551.2,1,1551.2,2038802.7999999998
2025-08-01 10:39:18 AM,1550.8,0,0.0,2038802.7999999998
2025-08-01 10:39:18 AM,1550.8,1,1550.8,2040353.5999999999
2025-08-01 10:43:27 AM,1549.1,1,1549.1,2041902.7
2025-08-01 10:44:20 AM,1551.2,0,0.0,2041902.7
2025-08-01 10:44:21 AM,1551.2,4,6204.8,2048107.5
2025-08-01 10:45:14 AM,1548.1,0,0.0,2048107.5
2025-08-01 10:45:15 AM,1548.1,8,12384.8,2060492.3
2025-08-01 10:45:20 AM,1548.1,6,9288.599999999999,2069780.9000000001
2025-08-01 10:45:45 AM,1547.7,0,0.0,2069780.9000000001
2025-08-01 10:45:47 AM,1547.7,2,3095.4,2072876.3
2025-08-01 10:46:27 AM,1547.9,0,0.0,2072876.3
2025-08-01 10:46:27 AM,1547.9,3,4643.700000000001,2077520.0
2025-08-01 10:47:15 AM,1554.2,0,0.0,2077520.0
2025-08-01 10:47:16 AM,1554.2,205,318611.0,2396131.0
2025-08-01 10:47:21 AM,1556.0,0,0.0,2396131.0
2025-08-01 10:47:21 AM,1557.8,10,15578.0,2411709.0
2025-08-01 10:47:32 AM,1559.1,0,0.0,2411709.0
2025-08-01 10:47:32 AM,1559.1,226,352356.6,2764065.6
2025-08-01 10:47:37 AM,1561.0,0,0.0,2764065.6
2025-08-01 10:47:38 AM,1561.0,77,120197.0,2884262.6
2025-08-01 10:47:42 AM,1574.9,0,0.0,2884262.6
2025-08-01 10:47:43 AM,1574.9,454,715004.6000000001,3599267.2
2025-08-01 10:47:46 AM,1567.2,0,0.0,3599267.2
2025-08-01 10:47:48 AM,1567.2,126,197467.2,3796734.4000000004
2025-08-01 10:47:52 AM,1575.0,0,0.0,3796734.4000000004
2025-08-01 10:47:54 AM,1575.0,619,974925.0,4771659.4
2025-08-01 10:47:56 AM,1568.9,392,615008.8,5386668.2
2025-08-01 10:48:01 AM,1567.5,7,10972.5,5397640.7
2025-08-01 10:48:09 AM,1563.1,0,0.0,5397640.7
2025-08-01 10:48:10 AM,1563.1,23,35951.299999999996,5433592.0
2025-08-01 10:48:11 AM,1561.1,0,0.0,5433592.0
2025-08-01 10:48:12 AM,1561.1,83,129571.29999999999,5563163.3
2025-08-01 10:49:12 AM,1560.6,2,3121.2,5566284.5
2025-08-01 10:49:27 AM,1559.3,0,0.0,5566284.5
2025-08-01 10:49:27 AM,1559.3,1,1559.3,5567843.8
2025-08-01 10:50:28 AM,1557.1,0,0.0,5567843.8
2025-08-01 10:50:31 AM,1559.8,0,0.0,5567843.8
2025-08-01 10:50:32 AM,1559.8,45,70191.0,5638034.8
2025-08-01 10:50:43 AM,1557.1,10,15571.0,5653605.8
2025-08-01 10:51:22 AM,1557.1,3,4671.299999999999,5658277.1
2025-08-01 10:51:27 AM,1555.2,29,45100.8,5703377.899999999
2025-08-01 10:52:00 AM,1555.1,0,0.0,5703377.899999999
2025-08-01 10:52:00 AM,1555.1,13,20216.3,5723594.199999999
2025-08-01 10:52:04 AM,1555.5,0,0.0,5723594.199999999
2025-08-01 10:52:06 AM,1555.5,2,3111.0,5726705.199999999
2025-08-01 10:52:16 AM,1559.5,0,0.0,5726705.199999999
2025-08-01 10:52:17 AM,1559.5,50,77975.0,5804680.199999999
2025-08-01 10:52:33 AM,1559.3,1,1559.3,5806239.499999999
2025-08-01 10:52:34 AM,1554.4,119,184973.6,5991213.099999999
2025-08-01 10:53:04 AM,1557.1,0,0.0,5991213.099999999
2025-08-01 10:53:04 AM,1557.1,4,6228.4,5997441.499999999
2025-08-01 10:53:24 AM,1558.3,0,0.0,5997441.499999999
2025-08-01 10:53:26 AM,1558.3,1,1558.3,5998999.799999999
2025-08-01 10:53:58 AM,1558.3,1,1558.3,6000558.099999999
2025-08-01 10:54:14 AM,1558.3,1,1558.3,6002116.3999999985
2025-08-01 10:54:44 AM,1556.0,0,0.0,6002116.3999999985
2025-08-01 10:54:46 AM,1556.0,25,38900.0,6041016.3999999985
2025-08-01 10:54:50 AM,1556.2,0,0.0,6041016.3999999985
2025-08-01 10:54:51 AM,1556.2,2,3112.4,6044128.799999999
2025-08-01 10:54:57 AM,1556.2,1,1556.2,6045684.999999999
2025-08-01 10:55:12 AM,1556.2,1,1556.2,6047241.199999999
2025-08-01 10:56:12 AM,1556.3,0,0.0,6047241.199999999
2025-08-01 10:56:12 AM,1556.3,1,1556.3,6048797.499999999
2025-08-01 10:56:26 AM,1553.3,0,0.0,6048797.499999999
2025-08-01 10:56:27 AM,1553.3,20,31066.0,6079863.499999999
2025-08-01 10:56:36 AM,1555.7,0,0.0,6079863.499999999
2025-08-01 10:56:37 AM,1555.7,1,1555.7,6081419.199999999
2025-08-01 10:56:58 AM,1555.9,0,0.0,6081419.199999999
2025-08-01 10:56:59 AM,1555.9,1,1555.9,6082975.1
2025-08-01 10:57:38 AM,1556.0,0,0.0,6082975.1
2025-08-01 10:57:41 AM,1556.0,1,1556.0,6084531.1
2025-08-01 10:57:57 AM,1555.5,1,1555.5,6086086.6
2025-08-01 10:59:10 AM,1556.2,0,0.0,6086086.6
2025-08-01 10:59:12 AM,1556.2,1,1556.2,6087642.8
2025-08-01 10:59:24 AM,1556.1,0,0.0,6087642.8
2025-08-01 10:59:27 AM,1556.1,1,1556.1,6089198.899999999
2025-08-01 11:00:11 AM,1556.2,0,0.0,6089198.899999999
2025-08-01 11:00:11 AM,1556.2,8,12449.6,6101648.499999999
2025-08-01 11:00:33 AM,1556.2,1,1556.2,6103204.699999999
2025-08-01 11:00:49 AM,1556.2,1,1556.2,6104760.899999999
2025-08-01 11:00:59 AM,1556.2,5,7781.0,6112541.899999999
2025-08-01 11:01:16 AM,1556.2,1,1556.2,6114098.1
2025-08-01 11:02:55 AM,1555.1,0,0.0,6114098.1
2025-08-01 11:02:57 AM,1555.1,5,7775.5,6121873.6
2025-08-01 11:04:20 AM,1554.4,2,3108.8,6124982.399999999
2025-08-01 11:04:49 AM,1555.7,0,0.0,6124982.399999999
2025-08-01 11:04:51 AM,1555.7,1,1555.7,6126538.1
2025-08-01 11:05:11 AM,1554.1,0,0.0,6126538.1
2025-08-01 11:05:13 AM,1554.1,34,52839.399999999994,6179377.5
2025-08-01 11:06:44 AM,1556.0,1,1556.0,6180933.5
2025-08-01 11:08:09 AM,1555.0,2,3110.0,6184043.5
2025-08-01 11:08:26 AM,1555.0,10,15550.0,6199593.5
2025-08-01 11:09:11 AM,1555.0,5,7775.0,6207368.5
2025-08-01 11:10:28 AM,1555.6,0,0.0,6207368.5
2025-08-01 11:10:29 AM,1555.6,14,21778.399999999998,6229146.9
2025-08-01 11:13:45 AM,1556.6,0,0.0,6229146.9
2025-08-01 11:13:45 AM,1556.6,122,189905.19999999998,6419052.100000001
2025-08-01 11:14:15 AM,1553.9,0,0.0,6419052.100000001
2025-08-01 11:14:16 AM,1553.9,51,79248.90000000001,6498301.000000001
2025-08-01 11:14:43 AM,1556.6,0,0.0,6498301.000000001
2025-08-01 11:14:43 AM,1556.6,3,4669.799999999999,6502970.800000001
2025-08-01 11:15:04 AM,1555.0,1,1555.0,6504525.800000001
2025-08-01 11:15:23 AM,1554.0,0,0.0,6504525.800000001
2025-08-01 11:15:25 AM,1554.0,2,3108.0,6507633.800000001
2025-08-01 11:15:45 AM,1555.9,0,0.0,6507633.800000001
2025-08-01 11:15:46 AM,1555.9,1,1555.9,6509189.700000001
2025-08-01 11:15:59 AM,1554.5,0,0.0,6509189.700000001
2025-08-01 11:16:01 AM,1554.5,3,4663.5,6513853.200000001
2025-08-01 11:16:56 AM,1552.5,49,76072.5,6589925.700000001
2025-08-01 11:17:17 AM,1550.5,4,6202.0,6596127.700000001
2025-08-01 11:18:19 AM,1549.0,0,0.0,6596127.700000001
2025-08-01 11:18:20 AM,1549.0,2,3098.0,6599225.700000001
2025-08-01 11:18:27 AM,1550.0,0,0.0,6599225.700000001
2025-08-01 11:18:27 AM,1550.0,3,4650.0,6603875.700000001
2025-08-01 11:19:09 AM,1549.0,0,0.0,6603875.700000001
2025-08-01 11:19:12 AM,1549.0,1,1549.0,6605424.700000001
2025-08-01 11:19:16 AM,1549.9,0,0.0,6605424.700000001
2025-08-01 11:19:17 AM,1549.9,13,20148.7,6625573.400000001
2025-08-01 11:19:21 AM,1550.7,0,0.0,6625573.400000001
2025-08-01 11:19:23 AM,1550.7,3,4652.1,6630225.500000001
2025-08-01 11:20:10 AM,1553.3,0,0.0,6630225.500000001
2025-08-01 11:20:11 AM,1553.3,1,1553.3,6631778.800000001
2025-08-01 11:21:51 AM,1553.3,1,1553.3,6633332.100000001
2025-08-01 11:22:07 AM,1554.6,0,0.0,6633332.100000001
2025-08-01 11:22:11 AM,1554.6,1,1554.6,6634886.7
2025-08-01 11:22:22 AM,1554.0,2,3108.0,6637994.7
2025-08-01 11:26:22 AM,1554.0,1,1554.0,6639548.7
2025-08-01 11:29:08 AM,1549.6,0,0.0,6639548.7
2025-08-01 11:29:10 AM,1549.6,120,185952.0,6825500.7
2025-08-01 11:31:24 AM,1550.7,2,3101.4,6828602.100000001
2025-08-01 11:31:58 AM,1552.0,2,3104.0,6831706.100000001
2025-08-01 11:33:43 AM,1547.5,0,0.0,6831706.100000001
2025-08-01 11:33:46 AM,1547.5,71,109872.5,6941578.600000001
2025-08-01 11:33:51 AM,1549.8,0,0.0,6941578.600000001
2025-08-01 11:33:51 AM,1549.8,5,7749.0,6949327.600000001
2025-08-01 11:34:41 AM,1550.3,0,0.0,6949327.600000001
2025-08-01 11:34:43 AM,1550.3,9,13952.699999999999,6963280.300000001
2025-08-01 11:39:57 AM,1550.6,0,0.0,6963280.300000001
2025-08-01 11:39:59 AM,1550.6,4,6202.4,6969482.700000001
2025-08-01 11:40:14 AM,1550.0,1,1550.0,6971032.700000001
2025-08-01 11:43:50 AM,1548.9,18,27880.2,6998912.900000001
2025-08-01 11:45:51 AM,1548.7,3,4646.1,7003559.000000001
2025-08-01 11:50:10 AM,1548.7,7,10840.9,7014399.900000001
2025-08-01 11:56:19 AM,1546.3,15,23194.5,7037594.400000001
2025-08-01 11:57:33 AM,1546.4,0,0.0,7037594.400000001
2025-08-01 11:57:33 AM,1546.4,4,6185.6,7043780.000000001
2025-08-01 11:58:30 AM,1546.3,0,0.0,7043780.000000001
2025-08-01 11:58:31 AM,1546.3,3,4638.9,7048418.900000001
2025-08-01 12:00:16 PM,1547.8,0,0.0,7048418.900000001
2025-08-01 12:00:17 PM,1547.8,1,1547.8,7049966.700000001
2025-08-01 12:06:22 PM,1546.3,0,0.0,7049966.700000001
2025-08-01 12:06:22 PM,1546.3,60,92778.0,7142744.700000001
2025-08-01 12:07:22 PM,1547.6,1,1547.6,7144292.300000001
2025-08-01 12:08:26 PM,1546.3,0,0.0,7144292.300000001
2025-08-01 12:08:28 PM,1546.3,4,6185.2,7150477.500000001
2025-08-01 12:09:08 PM,1546.3,3,4638.9,7155116.400000001
2025-08-01 12:09:12 PM,1546.3,6,9277.8,7164394.200000001
2025-08-01 12:09:27 PM,1546.3,5,7731.5,7172125.700000001
2025-08-01 12:09:46 PM,1548.0,0,0.0,7172125.700000001
2025-08-01 12:09:47 PM,1548.0,10,15480.0,7187605.700000001
2025-08-01 12:11:58 PM,1546.0,0,0.0,7187605.700000001
2025-08-01 12:12:01 PM,1546.0,64,98944.0,7286549.700000001
2025-08-01 12:14:26 PM,1546.1,0,0.0,7286549.700000001
2025-08-01 12:14:26 PM,1546.1,5,7730.5,7294280.200000001
2025-08-01 12:14:48 PM,1547.1,0,0.0,7294280.200000001
2025-08-01 12:14:52 PM,1547.1,101,156257.09999999998,7450537.300000001
2025-08-01 12:17:20 PM,1546.0,0,0.0,7450537.300000001
2025-08-01 12:17:21 PM,1546.0,6,9276.0,7459813.300000001
2025-08-01 12:18:14 PM,1546.0,7,10822.0,7470635.300000001
2025-08-01 12:18:30 PM,1547.3,0,0.0,7470635.300000001
2025-08-01 12:18:33 PM,1547.3,35,54155.5,7524790.800000001
2025-08-01 12:19:24 PM,1548.5,1017,1574824.5,9099615.3
2025-08-01 12:21:23 PM,1547.7,0,0.0,9099615.3
2025-08-01 12:21:26 PM,1547.7,1,1547.7,9101163.0
2025-08-01 12:22:19 PM,1549.5,0,0.0,9101163.0
2025-08-01 12:22:21 PM,1549.5,1,1549.5,9102712.5
2025-08-01 12:23:05 PM,1551.6,0,0.0,9102712.5
2025-08-01 12:23:07 PM,1551.6,1,1551.6,9104264.1
2025-08-01 12:23:33 PM,1549.5,0,0.0,9104264.1
2025-08-01 12:23:36 PM,1549.5,43,66628.5,9170892.6
2025-08-01 12:24:01 PM,1549.5,20,30990.0,9201882.6
2025-08-01 12:24:03 PM,1551.1,0,0.0,9201882.6
2025-08-01 12:24:06 PM,1551.1,2,3102.2,9204984.799999999
2025-08-01 12:24:16 PM,1549.5,5,7747.5,9212732.299999999
2025-08-01 12:25:10 PM,1549.5,6,9297.0,9222029.299999999
2025-08-01 12:26:16 PM,1549.5,6,9297.0,9231326.299999999
2025-08-01 12:26:56 PM,1549.5,45,69727.5,9301053.799999999
2025-08-01 12:27:22 PM,1549.5,9,13945.5,9314999.299999999
2025-08-01 12:27:28 PM,1546.2,0,0.0,9314999.299999999
2025-08-01 12:27:29 PM,1548.2,0,0.0,9314999.299999999
2025-08-01 12:27:31 PM,1548.2,21,32512.2,9347511.499999998
2025-08-01 12:30:14 PM,1547.5,0,0.0,9347511.499999998
2025-08-01 12:30:15 PM,1547.5,4,6190.0,9353701.499999998
2025-08-01 12:30:16 PM,1549.0,0,0.0,9353701.499999998
2025-08-01 12:30:17 PM,1549.0,29,44921.0,9398622.499999998
2025-08-01 12:33:04 PM,1549.6,0,0.0,9398622.499999998
2025-08-01 12:33:05 PM,1549.6,10,15496.0,9414118.499999998
2025-08-01 12:37:06 PM,1557.4,119,185330.6,9599449.099999998
2025-08-01 12:37:11 PM,1560.0,111,173160.0,9772609.099999998
2025-08-01 12:37:13 PM,1560.5,0,0.0,9772609.099999998
2025-08-01 12:37:15 PM,1558.5,0,0.0,9772609.099999998
2025-08-01 12:37:16 PM,1559.6,95,148162.0,9920771.099999998
2025-08-01 12:37:21 PM,1558.5,26,40521.0,9961292.099999998
2025-08-01 12:37:31 PM,1558.4,26,40518.4,10001810.499999998
2025-08-01 12:37:35 PM,1559.6,0,0.0,10001810.499999998
2025-08-01 12:37:36 PM,1559.6,1,1559.6,10003370.099999998
2025-08-01 12:37:36 PM,1557.2,1,1557.2,10004927.299999997
2025-08-01 12:37:47 PM,1559.6,26,40549.6,10045476.899999997
2025-08-01 12:38:12 PM,1556.3,0,0.0,10045476.899999997
2025-08-01 12:38:12 PM,1556.3,8,12450.4,10057927.299999997
2025-08-01 12:38:13 PM,1554.1,0,0.0,10057927.299999997
2025-08-01 12:38:17 PM,1554.1,16,24865.6,10082792.899999997
2025-08-01 12:39:05 PM,1553.4,8,12427.2,10095220.099999996
2025-08-01 12:41:08 PM,1552.2,0,0.0,10095220.099999996
2025-08-01 12:41:10 PM,1550.4,0,0.0,10095220.099999996
2025-08-01 12:41:12 PM,1550.4,100,155040.0,10250260.099999996
2025-08-01 12:47:12 PM,1549.6,0,0.0,10250260.099999996
2025-08-01 12:47:12 PM,1549.6,3,4648.799999999999,10254908.899999997
2025-08-01 12:49:41 PM,1549.6,8,12396.8,10267305.699999997
2025-08-01 12:52:25 PM,1549.6,121,187501.59999999998,10454807.299999997
2025-08-01 12:54:12 PM,1547.3,0,0.0,10454807.299999997
2025-08-01 12:54:15 PM,1547.3,2,3094.6,10457901.899999997
2025-08-01 12:55:07 PM,1546.0,2,3092.0,10460993.899999997
2025-08-01 12:55:38 PM,1545.0,0,0.0,10460993.899999997
2025-08-01 12:55:42 PM,1545.0,25,38625.0,10499618.899999997
2025-08-01 12:56:00 PM,1545.4,0,0.0,10499618.899999997
2025-08-01 12:56:02 PM,1545.4,1,1545.4,10501164.299999997
2025-08-01 12:56:08 PM,1547.0,9,13923.0,10515087.299999997
2025-08-01 12:56:47 PM,1547.8,1,1547.8,10516635.099999998
2025-08-01 12:57:06 PM,1546.2,0,0.0,10516635.099999998
2025-08-01 12:57:07 PM,1546.2,2,3092.4,10519727.499999998
2025-08-01 12:59:48 PM,1548.4,0,0.0,10519727.499999998
2025-08-01 12:59:49 PM,1548.4,1,1548.4,10521275.899999999
2025-08-01 01:00:31 PM,1548.4,6,9290.400000000001,10530566.299999999
2025-08-01 01:01:03 PM,1549.9,12,18598.800000000003,10549165.1
2025-08-01 01:01:37 PM,1550.9,0,0.0,10549165.1
2025-08-01 01:01:39 PM,1550.9,20,31018.0,10580183.1
2025-08-01 01:05:45 PM,1546.6,0,0.0,10580183.1
2025-08-01 01:05:47 PM,1546.6,58,89702.79999999999,10669885.9
2025-08-01 01:06:13 PM,1550.8,0,0.0,10669885.9
2025-08-01 01:06:13 PM,1550.8,58,89946.4,10759832.3
2025-08-01 01:07:36 PM,1546.4,0,0.0,10759832.3
2025-08-01 01:07:37 PM,1546.4,18,27835.2,10787667.5
2025-08-01 01:09:48 PM,1549.5,4,6198.0,10793865.5
2025-08-01 01:10:33 PM,1546.5,121,187126.5,10980992.0
2025-08-01 01:12:24 PM,1550.4,0,0.0,10980992.0
2025-08-01 01:12:26 PM,1550.4,24,37209.600000000006,11018201.6
2025-08-01 01:12:52 PM,1550.4,2,3100.8,11021302.4
2025-08-01 01:13:09 PM,1550.3,1,1550.3,11022852.700000001
2025-08-01 01:13:23 PM,1546.7,0,0.0,11022852.700000001
2025-08-01 01:13:24 PM,1546.7,11,17013.7,11039866.4
2025-08-01 01:14:10 PM,1550.1,0,0.0,11039866.4
2025-08-01 01:14:11 PM,1550.1,2,3100.2,11042966.6
2025-08-01 01:14:16 PM,1549.8,0,0.0,11042966.6
2025-08-01 01:14:16 PM,1549.8,1,1549.8,11044516.4
2025-08-01 01:14:44 PM,1550.1,0,0.0,11044516.4
2025-08-01 01:14:44 PM,1550.1,2,3100.2,11047616.6
2025-08-01 01:14:56 PM,1546.7,0,0.0,11047616.6
2025-08-01 01:14:57 PM,1546.7,56,86615.2,11134231.799999999
2025-08-01 01:22:49 PM,1549.1,1,1549.1,11135780.899999999
2025-08-01 01:26:29 PM,1548.1,0,0.0,11135780.899999999
2025-08-01 01:26:32 PM,1548.1,2,3096.2,11138877.099999998
2025-08-01 01:27:54 PM,1547.0,0,0.0,11138877.099999998
2025-08-01 01:27:54 PM,1547.0,55,85085.0,11223962.099999998
2025-08-01 01:32:55 PM,1550.0,0,0.0,11223962.099999998
2025-08-01 01:32:57 PM,1550.0,20,31000.0,11254962.099999998
2025-08-01 01:33:51 PM,1550.0,17,26350.0,11281312.099999998
2025-08-01 01:36:29 PM,1550.0,3,4650.0,11285962.099999998
2025-08-01 01:39:06 PM,1547.0,0,0.0,11285962.099999998
2025-08-01 01:39:07 PM,1547.0,166,256802.0,11542764.099999998
2025-08-01 01:39:16 PM,1546.5,0,0.0,11542764.099999998
2025-08-01 01:39:18 PM,1546.5,89,137638.5,11680402.599999998
2025-08-01 01:39:24 PM,1547.7,0,0.0,11680402.599999998
2025-08-01 01:39:26 PM,1546.5,0,0.0,11680402.599999998
2025-08-01 01:39:28 PM,1546.5,32,49488.0,11729890.599999998
2025-08-01 01:39:38 PM,1546.5,27,41755.5,11771646.099999998
2025-08-01 01:39:48 PM,1546.5,27,41755.5,11813401.599999998
2025-08-01 01:40:26 PM,1550.0,0,0.0,11813401.599999998
2025-08-01 01:40:29 PM,1550.0,15,23250.0,11836651.599999998
2025-08-01 01:45:08 PM,1550.1,0,0.0,11836651.599999998
2025-08-01 01:45:11 PM,1550.1,150,232515.0,12069166.599999998
2025-08-01 01:46:52 PM,1551.8,0,0.0,12069166.599999998
2025-08-01 01:46:52 PM,1551.8,1,1551.8,12070718.399999999
2025-08-01 01:48:26 PM,1551.8,1,1551.8,12072270.2
2025-08-01 01:49:06 PM,1550.0,0,0.0,12072270.2
2025-08-01 01:49:10 PM,1550.0,4,6200.0,12078470.2
2025-08-01 01:49:48 PM,1550.0,6,9300.0,12087770.2
2025-08-01 01:50:32 PM,1550.0,6,9300.0,12097070.2
2025-08-01 01:54:46 PM,1551.8,0,0.0,12097070.2
2025-08-01 01:54:47 PM,1551.8,6,9310.8,12106381.0
2025-08-01 01:55:13 PM,1550.0,20,31000.0,12137381.0
2025-08-01 01:55:28 PM,1550.0,2,3100.0,12140481.0
2025-08-01 01:56:27 PM,1550.0,2,3100.0,12143581.0
2025-08-01 01:57:27 PM,1550.0,2,3100.0,12146681.0
2025-08-01 01:58:25 PM,1550.0,3,4650.0,12151331.0
2025-08-01 01:58:55 PM,1550.2,1,1550.2,12152881.2
2025-08-01 01:59:31 PM,1550.0,0,0.0,12152881.2
2025-08-01 01:59:31 PM,1550.0,29,44950.0,12197831.2
2025-08-01 01:59:45 PM,1549.8,0,0.0,12197831.2
2025-08-01 01:59:46 PM,1549.8,2,3099.6,12200930.799999999
2025-08-01 02:00:24 PM,1548.2,0,0.0,12200930.799999999
2025-08-01 02:00:27 PM,1548.2,2,3096.4,12204027.2
2025-08-01 02:01:24 PM,1548.1,4,6192.4,12210219.6
2025-08-01 02:02:24 PM,1548.2,0,0.0,12210219.6
2025-08-01 02:02:27 PM,1548.2,3,4644.6,12214864.2
2025-08-01 02:03:22 PM,1547.5,0,0.0,12214864.2
2025-08-01 02:03:23 PM,1547.5,8,12380.0,12227244.2
2025-08-01 02:03:28 PM,1547.5,2,3095.0,12230339.2
2025-08-01 02:04:24 PM,1547.6,2,3095.2,12233434.399999999
2025-08-01 02:04:30 PM,1547.1,0,0.0,12233434.399999999
2025-08-01 02:04:34 PM,1547.1,4,6188.4,12239622.799999999
2025-08-01 02:05:24 PM,1547.1,2,3094.2,12242716.999999998
2025-08-01 02:06:24 PM,1547.1,3,4641.299999999999,12247358.299999999
2025-08-01 02:07:23 PM,1547.2,0,0.0,12247358.299999999
2025-08-01 02:07:24 PM,1547.1,0,0.0,12247358.299999999
2025-08-01 02:07:25 PM,1547.1,2,3094.2,12250452.499999998
2025-08-01 02:08:07 PM,1547.1,4,6188.4,12256640.899999999
2025-08-01 02:08:27 PM,1547.1,2,3094.2,12259735.099999998
2025-08-01 02:09:24 PM,1547.1,2,3094.2,12262829.299999997
2025-08-01 02:10:24 PM,1547.2,3,4641.6,12267470.899999997
2025-08-01 02:10:24 PM,1547.1,0,0.0,12267470.899999997
2025-08-01 02:10:28 PM,1547.1,1,1547.1,12269017.999999996
2025-08-01 02:11:24 PM,1547.2,0,0.0,12269017.999999996
2025-08-01 02:11:26 PM,1547.2,2,3094.4,12272112.399999997
2025-08-01 02:12:24 PM,1547.6,0,0.0,12272112.399999997
2025-08-01 02:12:27 PM,1547.6,2,3095.2,12275207.599999996
2025-08-01 02:12:46 PM,1548.8,0,0.0,12275207.599999996
2025-08-01 02:12:47 PM,1548.8,12,18585.6,12293793.199999996
2025-08-01 02:12:49 PM,1551.5,10,15515.0,12309308.199999996
2025-08-01 02:13:28 PM,1546.8,0,0.0,12309308.199999996
2025-08-01 02:13:29 PM,1546.8,258,399074.39999999997,12708382.599999996
2025-08-01 02:14:24 PM,1546.5,0,0.0,12708382.599999996
2025-08-01 02:14:27 PM,1546.5,2,3093.0,12711475.599999996
2025-08-01 02:14:34 PM,1546.5,3,4639.5,12716115.099999996
2025-08-01 02:14:38 PM,1546.5,45,69592.5,12785707.599999996
2025-08-01 02:15:09 PM,1546.7,0,0.0,12785707.599999996
2025-08-01 02:15:11 PM,1546.7,1,1546.7,12787254.299999995
2025-08-01 02:15:23 PM,1546.5,3,4639.5,12791893.799999995
2025-08-01 02:15:26 PM,1546.5,5,7732.5,12799626.299999995
2025-08-01 02:16:24 PM,1546.5,3,4639.5,12804265.799999995
2025-08-01 02:16:28 PM,1546.5,3,4639.5,12808905.299999995
2025-08-01 02:17:07 PM,1546.5,40,61860.0,12870765.299999995
2025-08-01 02:17:13 PM,1546.5,3,4639.5,12875404.799999995
2025-08-01 02:17:24 PM,1546.5,2,3093.0,12878497.799999995
2025-08-01 02:18:04 PM,1546.5,2,3093.0,12881590.799999995
2025-08-01 02:18:25 PM,1546.5,3,4639.5,12886230.299999995
2025-08-01 02:18:35 PM,1546.5,2,3093.0,12889323.299999995
2025-08-01 02:19:15 PM,1546.5,4,6186.0,12895509.299999995
2025-08-01 02:19:26 PM,1546.5,2,3093.0,12898602.299999995
2025-08-01 02:19:31 PM,1547.4,0,0.0,12898602.299999995
2025-08-01 02:19:31 PM,1547.4,1,1547.4,12900149.699999996
2025-08-01 02:20:18 PM,1548.8,0,0.0,12900149.699999996
2025-08-01 02:20:18 PM,1548.8,45,69696.0,12969845.699999996
2025-08-01 02:21:24 PM,1546.7,0,0.0,12969845.699999996
2025-08-01 02:21:25 PM,1546.7,2,3093.4,12972939.099999996
2025-08-01 02:22:24 PM,1546.7,5,7733.5,12980672.599999996
2025-08-01 02:23:28 PM,1546.7,2,3093.4,12983765.999999996
2025-08-01 02:24:26 PM,1546.7,2,3093.4,12986859.399999997
2025-08-01 02:25:24 PM,1546.8,0,0.0,12986859.399999997
2025-08-01 02:25:24 PM,1546.8,2,3093.6,12989952.999999996
2025-08-01 02:26:28 PM,1546.8,6,9280.8,12999233.799999997
2025-08-01 02:26:43 PM,1546.8,2,3093.6,13002327.399999997
2025-08-01 02:26:48 PM,1548.3,0,0.0,13002327.399999997
2025-08-01 02:26:48 PM,1548.3,10,15483.0,13017810.399999997
2025-08-01 02:27:43 PM,1547.8,0,0.0,13017810.399999997
2025-08-01 02:27:43 PM,1547.8,9,13930.199999999999,13031740.599999996
2025-08-01 02:28:25 PM,1546.8,0,0.0,13031740.599999996
2025-08-01 02:28:26 PM,1546.8,3,4640.4,13036380.999999996
2025-08-01 02:28:32 PM,1546.8,7,10827.6,13047208.599999996
2025-08-01 02:28:37 PM,1546.8,18,27842.399999999998,13075050.999999996
2025-08-01 02:29:28 PM,1546.5,0,0.0,13075050.999999996
2025-08-01 02:29:28 PM,1546.5,164,253626.0,13328676.999999996
2025-08-01 02:29:34 PM,1546.5,57,88150.5,13416827.499999996
2025-08-01 02:29:44 PM,1546.5,127,196405.5,13613232.999999996
2025-08-01 02:30:24 PM,1546.5,3,4639.5,13617872.499999996
2025-08-01 02:30:36 PM,1543.0,0,0.0,13617872.499999996
2025-08-01 02:30:39 PM,1543.0,485,748355.0,14366227.499999996
2025-08-01 02:31:24 PM,1543.0,2,3086.0,14369313.499999996
2025-08-01 02:32:27 PM,1543.0,2,3086.0,14372399.499999996
2025-08-01 02:32:40 PM,1542.4,15,23136.0,14395535.499999996
2025-08-01 02:33:25 PM,1542.4,2,3084.8,14398620.299999997
2025-08-01 02:34:02 PM,1541.0,0,0.0,14398620.299999997
2025-08-01 02:34:03 PM,1541.0,55,84755.0,14483375.299999997
2025-08-01 02:34:25 PM,1541.1,3,4623.299999999999,14487998.599999998
2025-08-01 02:35:00 PM,1541.0,8,12328.0,14500326.599999998
2025-08-01 02:35:05 PM,1543.0,0,0.0,14500326.599999998
2025-08-01 02:35:06 PM,1543.0,23,35489.0,14535815.599999998
2025-08-01 02:36:25 PM,1541.3,0,0.0,14535815.599999998
2025-08-01 02:36:25 PM,1541.3,2,3082.6,14538898.199999997
2025-08-01 02:37:25 PM,1541.2,0,0.0,14538898.199999997
2025-08-01 02:37:27 PM,1541.2,4,6164.8,14545062.999999998
2025-08-01 02:38:24 PM,1541.3,0,0.0,14545062.999999998
2025-08-01 02:38:27 PM,1541.3,4,6165.2,14551228.199999997
2025-08-01 02:39:25 PM,1541.3,2,3082.6,14554310.799999997
2025-08-01 02:39:53 PM,1541.3,5,7706.5,14562017.299999997
2025-08-01 02:40:26 PM,1541.3,5,7706.5,14569723.799999997
2025-08-01 02:40:59 PM,1541.3,8,12330.4,14582054.199999997
2025-08-01 02:41:27 PM,1541.3,2,3082.6,14585136.799999997
2025-08-01 02:42:24 PM,1541.4,0,0.0,14585136.799999997
2025-08-01 02:42:25 PM,1541.4,4,6165.6,14591302.399999997
2025-08-01 02:42:30 PM,1540.0,0,0.0,14591302.399999997
2025-08-01 02:42:30 PM,1540.0,95,146300.0,14737602.399999997
2025-08-01 02:42:41 PM,1540.0,100,154000.0,14891602.399999997
2025-08-01 02:43:06 PM,1538.2,0,0.0,14891602.399999997
2025-08-01 02:43:07 PM,1538.2,59,90753.8,14982356.199999997
2025-08-01 02:43:39 PM,1536.3,0,0.0,14982356.199999997
2025-08-01 02:43:40 PM,1536.3,7,10754.1,14993110.299999997
2025-08-01 02:44:23 PM,1536.0,0,0.0,14993110.299999997
2025-08-01 02:44:25 PM,1536.0,10,15360.0,15008470.299999997
2025-08-01 02:44:47 PM,1536.0,40,61440.0,15069910.299999997
2025-08-01 02:45:21 PM,1536.0,7,10752.0,15080662.299999997
2025-08-01 02:45:27 PM,1536.0,2,3072.0,15083734.299999997
2025-08-01 02:46:12 PM,1536.1,0,0.0,15083734.299999997
2025-08-01 02:46:12 PM,1536.1,9,13824.9,15097559.199999997
2025-08-01 02:46:16 PM,1537.5,0,0.0,15097559.199999997
2025-08-01 02:46:17 PM,1537.6,33,50740.799999999996,15148299.999999998
2025-08-01 02:46:23 PM,1539.0,10,15390.0,15163689.999999998
2025-08-01 02:47:24 PM,1536.4,3,4609.200000000001,15168299.199999997
2025-08-01 02:47:31 PM,1538.8,0,0.0,15168299.199999997
2025-08-01 02:47:35 PM,1538.8,4,6155.2,15174454.399999997
2025-08-01 02:48:24 PM,1536.5,0,0.0,15174454.399999997
2025-08-01 02:48:27 PM,1536.5,2,3073.0,15177527.399999997
2025-08-01 02:49:24 PM,1536.1,0,0.0,15177527.399999997
2025-08-01 02:49:25 PM,1536.3,0,0.0,15177527.399999997
2025-08-01 02:49:27 PM,1536.3,4,6145.2,15183672.599999996
2025-08-01 02:49:43 PM,1538.4,0,0.0,15183672.599999996
2025-08-01 02:49:44 PM,1538.4,16,24614.4,15208286.999999996
2025-08-01 02:49:58 PM,1540.4,0,0.0,15208286.999999996
2025-08-01 02:50:01 PM,1540.4,4,6161.6,15214448.599999996
2025-08-01 02:50:12 PM,1540.3,0,0.0,15214448.599999996
2025-08-01 02:50:12 PM,1540.3,5,7701.5,15222150.099999996
2025-08-01 02:50:16 PM,1537.5,0,0.0,15222150.099999996
2025-08-01 02:50:18 PM,1537.5,5,7687.5,15229837.599999996
2025-08-01 02:50:27 PM,1539.5,0,0.0,15229837.599999996
2025-08-01 02:50:28 PM,1539.5,7,10776.5,15240614.099999996
2025-08-01 02:50:37 PM,1539.4,0,0.0,15240614.099999996
2025-08-01 02:50:39 PM,1539.4,8,12315.2,15252929.299999995
2025-08-01 02:52:24 PM,1538.0,0,0.0,15252929.299999995
2025-08-01 02:52:27 PM,1538.0,2,3076.0,15256005.299999995
2025-08-01 02:52:43 PM,1538.0,23,35374.0,15291379.299999995
2025-08-01 02:52:52 PM,1538.2,0,0.0,15291379.299999995
2025-08-01 02:52:53 PM,1538.2,10,15382.0,15306761.299999995
2025-08-01 02:53:03 PM,1538.1,0,0.0,15306761.299999995
2025-08-01 02:53:04 PM,1538.1,5,7690.5,15314451.799999995
2025-08-01 02:53:24 PM,1536.0,0,0.0,15314451.799999995
2025-08-01 02:53:26 PM,1536.0,2,3072.0,15317523.799999995
2025-08-01 02:54:13 PM,1537.9,0,0.0,15317523.799999995
2025-08-01 02:54:14 PM,1537.9,13,19992.7,15337516.499999994
2025-08-01 02:54:24 PM,1535.6,0,0.0,15337516.499999994
2025-08-01 02:54:24 PM,1535.6,2,3071.2,15340587.699999994
2025-08-01 02:55:25 PM,1535.4,5,7677.0,15348264.699999994
2025-08-01 02:55:39 PM,1535.0,0,0.0,15348264.699999994
2025-08-01 02:55:41 PM,1535.9,5,7679.5,15355944.199999994
2025-08-01 02:55:46 PM,1535.0,0,0.0,15355944.199999994
2025-08-01 02:55:47 PM,1535.0,1,1535.0,15357479.199999994
2025-08-01 02:55:57 PM,1535.0,1,1535.0,15359014.199999994
2025-08-01 02:56:07 PM,1531.4,0,0.0,15359014.199999994
2025-08-01 02:56:09 PM,1531.4,40,61256.0,15420270.199999994
2025-08-01 02:56:26 PM,1534.5,0,0.0,15420270.199999994
2025-08-01 02:56:26 PM,1534.5,2,3069.0,15423339.199999994
2025-08-01 02:56:50 PM,1534.4,0,0.0,15423339.199999994
2025-08-01 02:56:53 PM,1534.4,136,208678.40000000002,15632017.599999994
2025-08-01 02:57:24 PM,1534.5,0,0.0,15632017.599999994
2025-08-01 02:57:26 PM,1534.5,2,3069.0,15635086.599999994
2025-08-01 02:58:07 PM,1534.4,0,0.0,15635086.599999994
2025-08-01 02:58:09 PM,1535.2,0,0.0,15635086.599999994
2025-08-01 02:58:10 PM,1535.2,40,61408.0,15696494.599999994
2025-08-01 02:58:24 PM,1535.2,4,6140.8,15702635.399999995
2025-08-01 03:00:01 PM,1536.0,0,0.0,15702635.399999995
2025-08-01 03:00:04 PM,1536.0,3,4608.0,15707243.399999995
2025-08-01 03:02:26 PM,1537.6,33,50740.799999999996,15757984.199999996
2025-08-01 03:06:28 PM,1531.8,0,0.0,15757984.199999996
2025-08-01 03:06:29 PM,1531.8,3,4595.4,15762579.599999996
2025-08-01 03:06:35 PM,1532.0,1,1532.0,15764111.599999996
2025-08-01 03:06:38 PM,1531.1,0,0.0,15764111.599999996
2025-08-01 03:06:39 PM,1531.1,1,1531.1,15765642.699999996
2025-08-01 03:07:06 PM,1532.3,0,0.0,15765642.699999996
2025-08-01 03:07:07 PM,1532.3,6,9193.8,15774836.499999996
2025-08-01 03:07:29 PM,1532.6,1,1532.6,15776369.099999996
2025-08-01 03:08:37 PM,1535.5,5,7677.5,15784046.599999996
2025-08-01 03:09:23 PM,1536.3,80,122904.0,15906950.599999996
2025-08-01 03:09:54 PM,1536.3,141,216618.3,16123568.899999997
2025-08-01 03:10:01 PM,1539.3,0,0.0,16123568.899999997
2025-08-01 03:10:01 PM,1539.3,1,1539.3,16125108.199999997
2025-08-01 03:10:04 PM,1538.3,2,3076.6,16128184.799999997
2025-08-01 03:10:12 PM,1540.0,276,425040.0,16553224.799999997
2025-08-01 03:10:30 PM,1541.8,1,1541.8,16554766.599999998
2025-08-01 03:11:17 PM,1540.2,2,3080.4,16557846.999999998
2025-08-01 03:12:35 PM,1540.2,8,12321.6,16570168.599999998
2025-08-01 03:13:18 PM,1540.1,27,41582.7,16611751.299999997
2025-08-01 03:13:21 PM,1540.1,8,12320.8,16624072.099999998
2025-08-01 03:13:27 PM,1540.0,134,206360.0,16830432.099999998
2025-08-01 03:13:39 PM,1540.2,6,9241.2,16839673.299999997
2025-08-01 03:13:45 PM,1540.0,295,454300.0,17293973.299999997
2025-08-01 03:14:09 PM,1540.0,14,21560.0,17315533.299999997
2025-08-01 03:14:18 PM,1540.0,111,170940.0,17486473.299999997
2025-08-01 03:14:46 PM,1540.0,23,35420.0,17521893.299999997
2025-08-01 03:15:05 PM,1542.6,15,23139.0,17545032.299999997
2025-08-01 03:15:23 PM,1540.0,0,0.0,17545032.299999997
2025-08-01 03:15:27 PM,1540.0,11,16940.0,17561972.299999997
2025-08-01 03:15:59 PM,1540.0,9,13860.0,17575832.299999997
2025-08-01 03:16:31 PM,1540.0,8,12320.0,17588152.299999997
2025-08-01 03:16:38 PM,1542.4,6,9254.400000000001,17597406.699999996
2025-08-01 03:16:45 PM,1542.4,10,15424.0,17612830.699999996
2025-08-01 03:16:46 PM,1540.1,10,15401.0,17628231.699999996
2025-08-01 03:17:12 PM,1540.1,4,6160.4,17634392.099999994
2025-08-01 03:17:27 PM,1540.2,8,12321.6,17646713.699999996
2025-08-01 03:17:44 PM,1542.3,0,0.0,17646713.699999996
2025-08-01 03:17:44 PM,1542.3,17,26219.1,17672932.799999997
2025-08-01 03:18:24 PM,1540.6,9,13865.4,17686798.199999996
2025-08-01 03:18:55 PM,1542.2,0,0.0,17686798.199999996
2025-08-01 03:18:56 PM,1542.2,2,3084.4,17689882.599999994
2025-08-01 03:19:12 PM,1543.2,52,80246.40000000001,17770128.999999993
2025-08-01 03:19:58 PM,1543.0,81,124983.0,17895111.999999993
2025-08-01 03:20:05 PM,1543.0,1,1543.0,17896654.999999993
2025-08-01 03:21:13 PM,1543.0,10,15430.0,17912084.999999993
2025-08-01 03:21:15 PM,1545.0,1,1545.0,17913629.999999993
2025-08-01 03:21:55 PM,1543.0,57,87951.0,18001580.999999993
2025-08-01 03:22:14 PM,1540.8,7,10785.6,18012366.599999994
2025-08-01 03:22:34 PM,1540.2,2,3080.4,18015446.999999993
2025-08-01 03:22:54 PM,1540.2,4,6160.8,18021607.799999993
2025-08-01 03:23:00 PM,1540.1,4,6160.4,18027768.19999999
2025-08-01 03:23:21 PM,1540.4,4,6161.6,18033929.799999993
2025-08-01 03:24:09 PM,1544.2,5,7721.0,18041650.799999993
2025-08-01 03:24:14 PM,1544.4,0,0.0,18041650.799999993
2025-08-01 03:24:14 PM,1544.4,39,60231.600000000006,18101882.399999995
2025-08-01 03:24:22 PM,1540.5,3,4621.5,18106503.899999995
2025-08-01 03:24:29 PM,1544.3,1,1544.3,18108048.199999996
2025-08-01 03:25:07 PM,1544.3,7,10810.1,18118858.299999997
2025-08-01 03:25:20 PM,1541.6,3,4624.799999999999,18123483.099999998
2025-08-01 03:25:33 PM,1541.6,3,4624.799999999999,18128107.9
2025-08-01 03:25:37 PM,1541.9,0,0.0,18128107.9
2025-08-01 03:25:40 PM,1541.9,26,40089.4,18168197.299999997
2025-08-01 03:27:04 PM,1541.0,0,0.0,18168197.299999997
2025-08-01 03:27:06 PM,1541.0,1,1541.0,18169738.299999997
2025-08-01 03:27:22 PM,1540.3,11,16943.3,18186681.599999998
2025-08-01 03:27:27 PM,1540.3,2,3080.6,18189762.2
2025-08-01 03:27:29 PM,1546.6,3,4639.799999999999,18194402.0
2025-08-01 03:27:34 PM,1540.1,5,7700.5,18202102.5
2025-08-01 03:28:00 PM,1540.0,0,0.0,18202102.5
2025-08-01 03:28:02 PM,1540.0,12,18480.0,18220582.5
2025-08-01 03:28:11 PM,1540.8,0,0.0,18220582.5
2025-08-01 03:28:16 PM,1540.8,2,3081.6,18223664.1
2025-08-01 03:28:23 PM,1540.0,10,15400.0,18239064.1
2025-08-01 03:28:30 PM,1540.0,25,38500.0,18277564.1
2025-08-01 03:28:36 PM,1540.8,0,0.0,18277564.1
2025-08-01 03:28:37 PM,1540.8,10,15408.0,18292972.1
2025-08-01 03:28:57 PM,1540.8,101,155620.8,18448592.900000002
2025-08-01 03:29:03 PM,1540.0,0,0.0,18448592.900000002
2025-08-01 03:29:04 PM,1540.0,33,50820.0,18499412.900000002
2025-08-01 03:29:12 PM,1540.0,4,6160.0,18505572.900000002
2025-08-01 03:29:15 PM,1540.0,11,16940.0,18522512.900000002
2025-08-01 03:29:21 PM,1540.0,4,6160.0,18528672.900000002
2025-08-01 03:29:22 PM,1540.0,2,3080.0,18531752.900000002
2025-08-01 03:29:28 PM,1540.0,53,81620.0,18613372.900000002
2025-08-01 03:29:29 PM,1538.0,0,0.0,18613372.900000002
2025-08-01 03:29:30 PM,1538.0,2,3076.0,18616448.900000002
2025-08-01 03:29:36 PM,1538.0,4,6152.0,18622600.900000002
2025-08-01 03:29:38 PM,1535.0,1,1535.0,18624135.900000002
2025-08-01 03:29:43 PM,1535.0,2,3070.0,18627205.900000002
2025-08-01 03:29:45 PM,1535.0,3,4605.0,18631810.900000002
2025-08-01 03:29:50 PM,1535.0,5,7675.0,18639485.900000002
2025-08-01 03:29:52 PM,1535.0,2,3070.0,18642555.900000002
2025-08-01 03:29:57 PM,1535.0,32,49120.0,18691675.900000002
2025-08-01 03:29:59 PM,1535.0,1,1535.0,18693210.900000002
