date,price,qty,trnvr,cum_trnvr
2025-08-01 09:15:00 AM,847.9,691,585898.9,585898.9
2025-08-01 09:15:01 AM,847.95,0,0.0,585898.9
2025-08-01 09:15:09 AM,848.0,0,0.0,585898.9
2025-08-01 09:15:10 AM,848.0,519,440112.0,1026010.9
2025-08-01 09:15:12 AM,848.0,100,84800.0,1110810.9
2025-08-01 09:15:23 AM,848.6,458,388658.8,1499469.7
2025-08-01 09:15:26 AM,848.85,0,0.0,1499469.7
2025-08-01 09:15:29 AM,849.4,0,0.0,1499469.7
2025-08-01 09:15:30 AM,849.4,723,614116.2,2113585.9
2025-08-01 09:15:38 AM,850.0,232,197200.0,2310785.9
2025-08-01 09:15:40 AM,850.55,10,8505.5,2319291.4
2025-08-01 09:15:42 AM,851.4,0,0.0,2319291.4
2025-08-01 09:15:46 AM,849.55,0,0.0,2319291.4
2025-08-01 09:15:47 AM,849.55,262,222582.09999999998,2541873.5
2025-08-01 09:15:48 AM,849.4,15,12741.0,2554614.5
2025-08-01 09:15:53 AM,849.95,0,0.0,2554614.5
2025-08-01 09:15:55 AM,849.95,100,84995.0,2639609.5
2025-08-01 09:15:57 AM,848.9,57,48387.299999999996,2687996.8
2025-08-01 09:16:00 AM,848.8,0,0.0,2687996.8
2025-08-01 09:16:02 AM,846.3,0,0.0,2687996.8
2025-08-01 09:16:03 AM,846.3,722,611028.6,3299025.4
2025-08-01 09:16:08 AM,846.4,0,0.0,3299025.4
2025-08-01 09:16:11 AM,844.8,129,108979.2,3408004.6
2025-08-01 09:16:13 AM,844.75,3,2534.25,3410538.85
2025-08-01 09:16:16 AM,844.7,0,0.0,3410538.85
2025-08-01 09:16:19 AM,844.65,103,86998.95,3497537.8000000003
2025-08-01 09:16:21 AM,844.65,100,84465.0,3582002.8000000003
2025-08-01 09:16:26 AM,845.1,0,0.0,3582002.8000000003
2025-08-01 09:16:28 AM,845.1,383,323673.3,3905676.1
2025-08-01 09:16:34 AM,846.65,0,0.0,3905676.1
2025-08-01 09:16:36 AM,846.65,90,76198.5,3981874.6
2025-08-01 09:16:44 AM,846.65,235,198962.75,4180837.35
2025-08-01 09:16:46 AM,846.55,50,42327.5,4223164.85
2025-08-01 09:16:52 AM,846.6,138,116830.8,4339995.649999999
2025-08-01 09:16:54 AM,847.45,113,95761.85,4435757.499999999
2025-08-01 09:17:03 AM,847.55,0,0.0,4435757.499999999
2025-08-01 09:17:09 AM,847.55,5,4237.75,4439995.249999999
2025-08-01 09:17:10 AM,847.55,15,12713.25,4452708.499999999
2025-08-01 09:17:17 AM,848.95,220,186769.0,4639477.499999999
2025-08-01 09:17:25 AM,848.35,25,21208.75,4660686.249999999
2025-08-01 09:17:26 AM,849.0,200,169800.0,4830486.249999999
2025-08-01 09:17:28 AM,848.85,0,0.0,4830486.249999999
2025-08-01 09:17:34 AM,847.55,802,679735.1,5510221.349999999
2025-08-01 09:17:42 AM,847.5,42,35595.0,5545816.349999999
2025-08-01 09:17:43 AM,847.0,2,1694.0,5547510.349999999
2025-08-01 09:17:46 AM,847.45,0,0.0,5547510.349999999
2025-08-01 09:17:50 AM,847.45,90,76270.5,5623780.849999999
2025-08-01 09:17:55 AM,846.05,0,0.0,5623780.849999999
2025-08-01 09:17:58 AM,846.05,138,116754.9,5740535.749999999
2025-08-01 09:18:00 AM,847.05,1,847.05,5741382.799999999
2025-08-01 09:18:07 AM,847.05,58,49128.899999999994,5790511.699999999
2025-08-01 09:18:08 AM,847.05,29,24564.449999999997,5815076.149999999
2025-08-01 09:18:12 AM,847.3,0,0.0,5815076.149999999
2025-08-01 09:18:15 AM,847.3,314,266052.2,6081128.35
2025-08-01 09:18:21 AM,847.6,0,0.0,6081128.35
2025-08-01 09:18:23 AM,848.35,140,118769.0,6199897.35
2025-08-01 09:18:34 AM,847.1,0,0.0,6199897.35
2025-08-01 09:18:40 AM,847.8,327,277230.6,6477127.949999999
2025-08-01 09:18:49 AM,848.15,148,125526.2,6602654.149999999
2025-08-01 09:18:58 AM,848.9,0,0.0,6602654.149999999
2025-08-01 09:19:04 AM,848.8,3,2546.3999999999996,6605200.55
2025-08-01 09:19:12 AM,849.2,962,816930.4,7422130.95
2025-08-01 09:19:20 AM,850.05,2,1700.1,7423831.05
2025-08-01 09:19:28 AM,851.3,64,54483.2,7478314.25
2025-08-01 09:19:32 AM,851.6,0,0.0,7478314.25
2025-08-01 09:19:36 AM,850.85,0,0.0,7478314.25
2025-08-01 09:19:36 AM,850.85,114,96996.90000000001,7575311.15
2025-08-01 09:19:38 AM,850.75,23,19567.25,7594878.4
2025-08-01 09:19:39 AM,851.6,0,0.0,7594878.4
2025-08-01 09:19:44 AM,851.8,0,0.0,7594878.4
2025-08-01 09:19:44 AM,851.8,1163,990643.3999999999,8585521.8
2025-08-01 09:19:52 AM,853.55,0,0.0,8585521.8
2025-08-01 09:19:52 AM,853.55,52,44384.6,8629906.4
2025-08-01 09:20:02 AM,852.85,110,93813.5,8723719.9
2025-08-01 09:20:07 AM,852.7,0,0.0,8723719.9
2025-08-01 09:20:08 AM,852.7,1,852.7,8724572.6
2025-08-01 09:20:10 AM,852.65,1,852.65,8725425.25
2025-08-01 09:20:14 AM,852.1,0,0.0,8725425.25
2025-08-01 09:20:16 AM,852.1,11,9373.1,8734798.35
2025-08-01 09:20:24 AM,852.1,69,58794.9,8793593.25
2025-08-01 09:20:26 AM,852.65,15,12789.75,8806383.0
2025-08-01 09:20:40 AM,852.65,46,39221.9,8845604.9
2025-08-01 09:20:41 AM,852.65,10,8526.5,8854131.4
2025-08-01 09:20:48 AM,852.65,8,6821.2,8860952.6
2025-08-01 09:20:49 AM,852.65,53,45190.45,8906143.049999999
2025-08-01 09:20:55 AM,852.65,4,3410.6,8909553.649999999
2025-08-01 09:20:57 AM,852.65,27,23021.55,8932575.2
2025-08-01 09:21:00 AM,852.3,0,0.0,8932575.2
2025-08-01 09:21:03 AM,852.3,26,22159.8,8954735.0
2025-08-01 09:21:09 AM,852.6,0,0.0,8954735.0
2025-08-01 09:21:11 AM,852.6,16,13641.6,8968376.6
2025-08-01 09:21:19 AM,852.6,56,47745.6,9016122.2
2025-08-01 09:21:20 AM,852.6,4,3410.4,9019532.6
2025-08-01 09:21:27 AM,852.6,1,852.6,9020385.2
2025-08-01 09:21:30 AM,852.85,0,0.0,9020385.2
2025-08-01 09:21:35 AM,852.85,238,202978.30000000002,9223363.5
2025-08-01 09:21:42 AM,852.85,21,17909.850000000002,9241273.35
2025-08-01 09:21:49 AM,853.3,0,0.0,9241273.35
2025-08-01 09:21:50 AM,853.3,57,48638.1,9289911.45
2025-08-01 09:21:51 AM,852.85,27,23026.95,9312938.399999999
2025-08-01 09:21:57 AM,852.85,17,14498.45,9327436.849999998
2025-08-01 09:22:00 AM,854.35,0,0.0,9327436.849999998
2025-08-01 09:22:05 AM,854.35,1003,856913.05,10184349.899999999
2025-08-01 09:22:07 AM,854.4,0,0.0,10184349.899999999
2025-08-01 09:22:13 AM,854.4,17,14524.8,10198874.7
2025-08-01 09:22:20 AM,855.05,801,684895.0499999999,10883769.75
2025-08-01 09:22:24 AM,854.4,0,0.0,10883769.75
2025-08-01 09:22:28 AM,853.75,131,111841.25,10995611.0
2025-08-01 09:22:31 AM,853.6,0,0.0,10995611.0
2025-08-01 09:22:35 AM,852.8,233,198702.4,11194313.4
2025-08-01 09:22:45 AM,852.6,61,52008.6,11246322.0
2025-08-01 09:22:49 AM,853.0,0,0.0,11246322.0
2025-08-01 09:22:51 AM,853.0,109,92977.0,11339299.0
2025-08-01 09:22:55 AM,852.8,0,0.0,11339299.0
2025-08-01 09:22:57 AM,853.05,0,0.0,11339299.0
2025-08-01 09:22:58 AM,853.05,349,297714.45,11637013.45
2025-08-01 09:23:02 AM,852.8,0,0.0,11637013.45
2025-08-01 09:23:06 AM,852.8,10,8528.0,11645541.45
2025-08-01 09:23:08 AM,852.95,25,21323.75,11666865.2
2025-08-01 09:23:14 AM,852.95,105,89559.75,11756424.95
2025-08-01 09:23:15 AM,851.95,105,89454.75,11845879.7
2025-08-01 09:23:16 AM,852.0,0,0.0,11845879.7
2025-08-01 09:23:21 AM,851.15,32,27236.8,11873116.5
2025-08-01 09:23:29 AM,851.15,1,851.15,11873967.65
2025-08-01 09:23:36 AM,851.0,0,0.0,11873967.65
2025-08-01 09:23:36 AM,851.0,155,131905.0,12005872.65
2025-08-01 09:23:43 AM,850.85,0,0.0,12005872.65
2025-08-01 09:23:44 AM,850.85,44,37437.4,12043310.05
2025-08-01 09:23:46 AM,850.85,2,1701.7,12045011.75
2025-08-01 09:23:52 AM,850.85,2,1701.7,12046713.45
2025-08-01 09:23:53 AM,850.85,1,850.85,12047564.299999999
2025-08-01 09:23:55 AM,850.5,0,0.0,12047564.299999999
2025-08-01 09:23:59 AM,850.85,23,19569.55,12067133.85
2025-08-01 09:24:01 AM,850.85,3,2552.55,12069686.4
2025-08-01 09:24:07 AM,850.65,81,68902.65,12138589.05
2025-08-01 09:24:15 AM,850.65,6,5103.9,12143692.950000001
2025-08-01 09:24:24 AM,850.6,3,2551.8,12146244.750000002
2025-08-01 09:24:28 AM,850.05,0,0.0,12146244.750000002
2025-08-01 09:24:30 AM,850.3,63,53568.899999999994,12199813.650000002
2025-08-01 09:24:38 AM,850.05,28,23801.399999999998,12223615.050000003
2025-08-01 09:24:40 AM,850.3,0,0.0,12223615.050000003
2025-08-01 09:24:45 AM,850.3,3,2550.8999999999996,12226165.950000003
2025-08-01 09:24:46 AM,850.0,0,0.0,12226165.950000003
2025-08-01 09:24:47 AM,850.0,224,190400.0,12416565.950000003
2025-08-01 09:24:52 AM,849.2,33,28023.600000000002,12444589.550000003
2025-08-01 09:24:59 AM,848.9,0,0.0,12444589.550000003
2025-08-01 09:25:00 AM,848.9,71,60271.9,12504861.450000003
2025-08-01 09:25:06 AM,849.65,0,0.0,12504861.450000003
2025-08-01 09:25:07 AM,849.65,719,610898.35,13115759.800000003
2025-08-01 09:25:09 AM,849.3,4,3397.2,13119157.000000002
2025-08-01 09:25:13 AM,849.9,0,0.0,13119157.000000002
2025-08-01 09:25:15 AM,849.9,13,11048.699999999999,13130205.700000001
2025-08-01 09:25:19 AM,849.3,0,0.0,13130205.700000001
2025-08-01 09:25:22 AM,849.3,100,84930.0,13215135.700000001
2025-08-01 09:25:24 AM,849.85,9,7648.650000000001,13222784.350000001
2025-08-01 09:25:30 AM,849.6,63,53524.8,13276309.150000002
2025-08-01 09:25:37 AM,849.8,16,13596.8,13289905.950000003
2025-08-01 09:25:45 AM,849.8,31,26343.8,13316249.750000004
2025-08-01 09:25:47 AM,849.8,7,5948.599999999999,13322198.350000003
2025-08-01 09:25:52 AM,849.4,41,34825.4,13357023.750000004
2025-08-01 09:26:00 AM,848.65,1012,858833.7999999999,14215857.550000004
2025-08-01 09:26:07 AM,847.6,0,0.0,14215857.550000004
2025-08-01 09:26:07 AM,847.6,414,350906.4,14566763.950000005
2025-08-01 09:26:15 AM,847.55,10,8475.5,14575239.450000005
2025-08-01 09:26:17 AM,847.55,40,33902.0,14609141.450000005
2025-08-01 09:26:25 AM,847.55,1,847.55,14609989.000000006
2025-08-01 09:26:31 AM,847.55,89,75431.95,14685420.950000005
2025-08-01 09:26:35 AM,846.9,0,0.0,14685420.950000005
2025-08-01 09:26:38 AM,847.3,114,96592.2,14782013.150000004
2025-08-01 09:26:40 AM,847.3,30,25419.0,14807432.150000004
2025-08-01 09:26:44 AM,847.0,0,0.0,14807432.150000004
2025-08-01 09:26:46 AM,847.0,7,5929.0,14813361.150000004
2025-08-01 09:26:47 AM,847.0,38,32186.0,14845547.150000004
2025-08-01 09:26:53 AM,847.0,106,89782.0,14935329.150000004
2025-08-01 09:26:57 AM,847.15,0,0.0,14935329.150000004
2025-08-01 09:27:01 AM,847.15,1,847.15,14936176.300000004
2025-08-01 09:27:08 AM,847.15,2,1694.3,14937870.600000005
2025-08-01 09:27:10 AM,846.55,210,177775.5,15115646.100000005
2025-08-01 09:27:11 AM,847.0,0,0.0,15115646.100000005
2025-08-01 09:27:15 AM,846.85,0,0.0,15115646.100000005
2025-08-01 09:27:16 AM,846.85,3,2540.55,15118186.650000006
2025-08-01 09:27:26 AM,846.8,0,0.0,15118186.650000006
2025-08-01 09:27:31 AM,846.8,24,20323.199999999997,15138509.850000005
2025-08-01 09:27:32 AM,846.8,20,16936.0,15155445.850000005
2025-08-01 09:27:38 AM,846.8,1,846.8,15156292.650000006
2025-08-01 09:27:53 AM,845.85,312,263905.2,15420197.850000005
2025-08-01 09:27:55 AM,845.3,50,42265.0,15462462.850000005
2025-08-01 09:27:56 AM,846.05,0,0.0,15462462.850000005
2025-08-01 09:28:01 AM,846.05,14,11844.699999999999,15474307.550000004
2025-08-01 09:28:07 AM,845.6,0,0.0,15474307.550000004
2025-08-01 09:28:07 AM,846.05,0,0.0,15474307.550000004
2025-08-01 09:28:09 AM,846.05,93,78682.65,15552990.200000005
2025-08-01 09:28:14 AM,845.95,0,0.0,15552990.200000005
2025-08-01 09:28:17 AM,845.95,20,16919.0,15569909.200000005
2025-08-01 09:28:18 AM,845.85,3,2537.55,15572446.750000006
2025-08-01 09:28:24 AM,844.55,1103,931538.6499999999,16503985.400000006
2025-08-01 09:28:33 AM,844.7,35,29564.5,16533549.900000006
2025-08-01 09:28:39 AM,844.7,495,418126.5,16951676.400000006
2025-08-01 09:28:42 AM,844.8,0,0.0,16951676.400000006
2025-08-01 09:28:47 AM,844.75,35,29566.25,16981242.650000006
2025-08-01 09:28:55 AM,844.75,10,8447.5,16989690.150000006
2025-08-01 09:28:56 AM,845.2,190,160588.0,17150278.150000006
2025-08-01 09:28:57 AM,845.85,0,0.0,17150278.150000006
2025-08-01 09:28:58 AM,845.05,0,0.0,17150278.150000006
2025-08-01 09:29:02 AM,845.85,5,4229.25,17154507.400000006
2025-08-01 09:29:04 AM,845.1,0,0.0,17154507.400000006
2025-08-01 09:29:09 AM,845.75,0,0.0,17154507.400000006
2025-08-01 09:29:10 AM,845.85,58,49059.3,17203566.700000007
2025-08-01 09:29:11 AM,846.1,5,4230.5,17207797.200000007
2025-08-01 09:29:25 AM,847.3,301,255037.3,17462834.500000007
2025-08-01 09:29:34 AM,847.25,55,46598.75,17509433.250000007
2025-08-01 09:29:48 AM,847.85,5,4239.25,17513672.500000007
2025-08-01 09:29:55 AM,847.25,0,0.0,17513672.500000007
2025-08-01 09:29:56 AM,847.25,50,42362.5,17556035.000000007
2025-08-01 09:30:01 AM,847.65,0,0.0,17556035.000000007
2025-08-01 09:30:02 AM,847.55,23,19493.649999999998,17575528.650000006
2025-08-01 09:30:10 AM,847.75,200,169550.0,17745078.650000006
2025-08-01 09:30:22 AM,847.0,0,0.0,17745078.650000006
2025-08-01 09:30:25 AM,847.1,105,88945.5,17834024.150000006
2025-08-01 09:30:33 AM,847.15,2,1694.3,17835718.450000007
2025-08-01 09:30:40 AM,846.2,6,5077.200000000001,17840795.650000006
2025-08-01 09:30:45 AM,846.3,0,0.0,17840795.650000006
2025-08-01 09:30:47 AM,846.8,12,10161.599999999999,17850957.250000007
2025-08-01 09:30:55 AM,846.45,23,19468.350000000002,17870425.60000001
2025-08-01 09:31:05 AM,846.8,0,0.0,17870425.60000001
2025-08-01 09:31:09 AM,846.8,31,26250.8,17896676.40000001
2025-08-01 09:31:17 AM,846.8,21,17782.8,17914459.20000001
2025-08-01 09:31:24 AM,846.8,16,13548.8,17928008.00000001
2025-08-01 09:31:25 AM,846.75,0,0.0,17928008.00000001
2025-08-01 09:31:29 AM,846.7,0,0.0,17928008.00000001
2025-08-01 09:31:32 AM,846.7,73,61809.100000000006,17989817.100000013
2025-08-01 09:31:43 AM,846.65,0,0.0,17989817.100000013
2025-08-01 09:31:45 AM,845.85,21,17762.850000000002,18007579.950000014
2025-08-01 09:31:48 AM,846.6,0,0.0,18007579.950000014
2025-08-01 09:31:52 AM,845.8,153,129407.4,18136987.350000013
2025-08-01 09:31:53 AM,845.45,0,0.0,18136987.350000013
2025-08-01 09:31:59 AM,845.45,57,48190.65,18185178.00000001
2025-08-01 09:32:06 AM,846.2,4,3384.8,18188562.800000012
2025-08-01 09:32:09 AM,846.25,0,0.0,18188562.800000012
2025-08-01 09:32:13 AM,846.25,108,91395.0,18279957.800000012
2025-08-01 09:32:15 AM,845.85,0,0.0,18279957.800000012
2025-08-01 09:32:15 AM,845.8,0,0.0,18279957.800000012
2025-08-01 09:32:20 AM,845.75,168,142086.0,18422043.800000012
2025-08-01 09:32:27 AM,845.2,160,135232.0,18557275.800000012
2025-08-01 09:32:33 AM,845.7,0,0.0,18557275.800000012
2025-08-01 09:32:34 AM,845.7,16,13531.2,18570807.00000001
2025-08-01 09:32:41 AM,845.7,80,67656.0,18638463.00000001
2025-08-01 09:32:48 AM,845.1,82,69298.2,18707761.20000001
2025-08-01 09:32:56 AM,845.6,16,13529.6,18721290.800000012
2025-08-01 09:33:02 AM,845.6,4,3382.4,18724673.20000001
2025-08-01 09:33:09 AM,845.6,120,101472.0,18826145.20000001
2025-08-01 09:33:14 AM,844.5,0,0.0,18826145.20000001
2025-08-01 09:33:16 AM,844.5,844,712758.0,19538903.20000001
2025-08-01 09:33:23 AM,844.25,45,37991.25,19576894.45000001
2025-08-01 09:33:30 AM,844.25,52,43901.0,19620795.45000001
2025-08-01 09:33:34 AM,844.1,0,0.0,19620795.45000001
2025-08-01 09:33:37 AM,844.2,43,36300.6,19657096.050000012
2025-08-01 09:33:43 AM,844.2,160,135072.0,19792168.050000012
2025-08-01 09:33:47 AM,844.15,0,0.0,19792168.050000012
2025-08-01 09:33:49 AM,844.0,0,0.0,19792168.050000012
2025-08-01 09:33:51 AM,844.0,61,51484.0,19843652.050000012
2025-08-01 09:33:54 AM,844.15,0,0.0,19843652.050000012
2025-08-01 09:33:58 AM,844.15,3,2532.45,19846184.50000001
2025-08-01 09:34:04 AM,844.15,1,844.15,19847028.65000001
2025-08-01 09:34:09 AM,844.0,0,0.0,19847028.65000001
2025-08-01 09:34:11 AM,844.1,0,0.0,19847028.65000001
2025-08-01 09:34:12 AM,844.1,202,170508.2,20017536.85000001
2025-08-01 09:34:14 AM,844.0,0,0.0,20017536.85000001
2025-08-01 09:34:19 AM,844.0,32,27008.0,20044544.85000001
2025-08-01 09:34:24 AM,843.8,0,0.0,20044544.85000001
2025-08-01 09:34:26 AM,843.8,3,2531.3999999999996,20047076.250000007
2025-08-01 09:34:27 AM,843.7,0,0.0,20047076.250000007
2025-08-01 09:34:32 AM,843.75,0,0.0,20047076.250000007
2025-08-01 09:34:33 AM,843.75,680,573750.0,20620826.250000007
2025-08-01 09:34:40 AM,843.75,9,7593.75,20628420.000000007
2025-08-01 09:34:46 AM,843.75,32,27000.0,20655420.000000007
2025-08-01 09:34:47 AM,843.75,210,177187.5,20832607.500000007
2025-08-01 09:34:53 AM,843.75,15,12656.25,20845263.750000007
2025-08-01 09:34:54 AM,843.6,0,0.0,20845263.750000007
2025-08-01 09:34:59 AM,843.0,0,0.0,20845263.750000007
2025-08-01 09:35:00 AM,843.0,332,279876.0,21125139.750000007
2025-08-01 09:35:04 AM,843.05,0,0.0,21125139.750000007
2025-08-01 09:35:07 AM,843.05,2,1686.1,21126825.85000001
2025-08-01 09:35:09 AM,843.0,0,0.0,21126825.85000001
2025-08-01 09:35:14 AM,841.95,0,0.0,21126825.85000001
2025-08-01 09:35:14 AM,841.95,371,312363.45,21439189.30000001
2025-08-01 09:35:19 AM,841.85,0,0.0,21439189.30000001
2025-08-01 09:35:21 AM,841.8,19,15994.199999999999,21455183.500000007
2025-08-01 09:35:24 AM,841.75,0,0.0,21455183.500000007
2025-08-01 09:35:24 AM,840.5,0,0.0,21455183.500000007
2025-08-01 09:35:28 AM,840.35,1736,1458847.6,22914031.10000001
2025-08-01 09:35:29 AM,839.65,1,839.65,22914870.750000007
2025-08-01 09:35:34 AM,840.0,0,0.0,22914870.750000007
2025-08-01 09:35:35 AM,840.0,44,36960.0,22951830.750000007
2025-08-01 09:35:39 AM,840.55,0,0.0,22951830.750000007
2025-08-01 09:35:42 AM,840.55,1422,1195262.0999999999,24147092.85000001
2025-08-01 09:35:44 AM,841.3,0,0.0,24147092.85000001
2025-08-01 09:35:49 AM,841.05,0,0.0,24147092.85000001
2025-08-01 09:35:49 AM,841.05,231,194282.55,24341375.40000001
2025-08-01 09:35:54 AM,840.5,0,0.0,24341375.40000001
2025-08-01 09:35:55 AM,840.5,98,82369.0,24423744.40000001
2025-08-01 09:35:59 AM,841.0,0,0.0,24423744.40000001
2025-08-01 09:36:02 AM,841.0,92,77372.0,24501116.40000001
2025-08-01 09:36:03 AM,841.05,0,0.0,24501116.40000001
2025-08-01 09:36:07 AM,841.3,0,0.0,24501116.40000001
2025-08-01 09:36:07 AM,841.65,0,0.0,24501116.40000001
2025-08-01 09:36:09 AM,841.65,430,361909.5,24863025.90000001
2025-08-01 09:36:15 AM,841.8,0,0.0,24863025.90000001
2025-08-01 09:36:16 AM,841.8,10,8418.0,24871443.90000001
2025-08-01 09:36:19 AM,841.65,0,0.0,24871443.90000001
2025-08-01 09:36:19 AM,842.4,0,0.0,24871443.90000001
2025-08-01 09:36:22 AM,842.45,464,390896.80000000005,25262340.70000001
2025-08-01 09:36:23 AM,842.4,0,0.0,25262340.70000001
2025-08-01 09:36:27 AM,842.5,0,0.0,25262340.70000001
2025-08-01 09:36:29 AM,842.5,56,47180.0,25309520.70000001
2025-08-01 09:36:31 AM,843.35,0,0.0,25309520.70000001
2025-08-01 09:36:35 AM,842.5,0,0.0,25309520.70000001
2025-08-01 09:36:35 AM,842.5,490,412825.0,25722345.70000001
2025-08-01 09:36:39 AM,843.25,0,0.0,25722345.70000001
2025-08-01 09:36:41 AM,843.25,1,843.25,25723188.95000001
2025-08-01 09:36:47 AM,842.55,0,0.0,25723188.95000001
2025-08-01 09:36:48 AM,842.55,252,212322.59999999998,25935511.550000012
2025-08-01 09:36:55 AM,842.35,0,0.0,25935511.550000012
2025-08-01 09:36:55 AM,842.35,302,254389.7,26189901.25000001
2025-08-01 09:36:59 AM,842.4,0,0.0,26189901.25000001
2025-08-01 09:37:01 AM,841.65,80,67332.0,26257233.25000001
2025-08-01 09:37:03 AM,841.7,0,0.0,26257233.25000001
2025-08-01 09:37:07 AM,841.0,0,0.0,26257233.25000001
2025-08-01 09:37:08 AM,841.05,0,0.0,26257233.25000001
2025-08-01 09:37:09 AM,841.05,130,109336.5,26366569.75000001
2025-08-01 09:37:12 AM,840.85,0,0.0,26366569.75000001
2025-08-01 09:37:13 AM,841.05,0,0.0,26366569.75000001
2025-08-01 09:37:16 AM,841.05,287,241381.34999999998,26607951.100000013
2025-08-01 09:37:18 AM,840.15,0,0.0,26607951.100000013
2025-08-01 09:37:22 AM,841.0,0,0.0,26607951.100000013
2025-08-01 09:37:23 AM,841.0,22,18502.0,26626453.100000013
2025-08-01 09:37:28 AM,840.25,0,0.0,26626453.100000013
2025-08-01 09:37:29 AM,840.95,67,56343.65,26682796.75000001
2025-08-01 09:37:32 AM,840.25,0,0.0,26682796.75000001
2025-08-01 09:37:36 AM,840.25,188,157967.0,26840763.75000001
2025-08-01 09:37:37 AM,840.8,30,25224.0,26865987.75000001
2025-08-01 09:37:41 AM,840.85,0,0.0,26865987.75000001
2025-08-01 09:37:43 AM,840.85,151,126968.35,26992956.100000013
2025-08-01 09:37:50 AM,840.85,65,54655.25,27047611.350000013
2025-08-01 09:37:55 AM,840.8,0,0.0,27047611.350000013
2025-08-01 09:37:56 AM,840.8,21,17656.8,27065268.150000013
2025-08-01 09:37:59 AM,839.9,0,0.0,27065268.150000013
2025-08-01 09:38:02 AM,839.5,0,0.0,27065268.150000013
2025-08-01 09:38:03 AM,839.5,729,611995.5,27677263.650000013
2025-08-01 09:38:04 AM,839.55,0,0.0,27677263.650000013
2025-08-01 09:38:08 AM,839.05,0,0.0,27677263.650000013
2025-08-01 09:38:10 AM,839.5,0,0.0,27677263.650000013
2025-08-01 09:38:10 AM,839.5,74,62123.0,27739386.650000013
2025-08-01 09:38:15 AM,839.05,0,0.0,27739386.650000013
2025-08-01 09:38:17 AM,839.05,40,33562.0,27772948.650000013
2025-08-01 09:38:19 AM,839.0,0,0.0,27772948.650000013
2025-08-01 09:38:24 AM,838.9,614,515084.6,28288033.250000015
2025-08-01 09:38:24 AM,838.8,0,0.0,28288033.250000015
2025-08-01 09:38:29 AM,839.3,0,0.0,28288033.250000015
2025-08-01 09:38:30 AM,839.3,164,137645.19999999998,28425678.450000014
2025-08-01 09:38:39 AM,838.8,0,0.0,28425678.450000014
2025-08-01 09:38:43 AM,838.5,0,0.0,28425678.450000014
2025-08-01 09:38:44 AM,838.5,135,113197.5,28538875.950000014
2025-08-01 09:38:47 AM,839.2,0,0.0,28538875.950000014
2025-08-01 09:38:48 AM,838.8,0,0.0,28538875.950000014
2025-08-01 09:38:50 AM,839.2,27,22658.4,28561534.350000013
2025-08-01 09:38:57 AM,839.2,9,7552.8,28569087.150000013
2025-08-01 09:39:03 AM,839.2,299,250920.80000000002,28820007.950000014
2025-08-01 09:39:10 AM,839.2,117,98186.40000000001,28918194.350000013
2025-08-01 09:39:14 AM,839.0,0,0.0,28918194.350000013
2025-08-01 09:39:17 AM,839.2,189,158608.80000000002,29076803.150000013
2025-08-01 09:39:17 AM,839.2,25,20980.0,29097783.150000013
2025-08-01 09:39:24 AM,839.2,59,49512.8,29147295.950000014
2025-08-01 09:39:28 AM,839.85,0,0.0,29147295.950000014
2025-08-01 09:39:31 AM,839.7,107,89847.90000000001,29237143.850000013
2025-08-01 09:39:32 AM,840.1,0,0.0,29237143.850000013
2025-08-01 09:39:36 AM,839.85,0,0.0,29237143.850000013
2025-08-01 09:39:37 AM,839.35,168,141010.80000000002,29378154.650000013
2025-08-01 09:39:40 AM,839.65,0,0.0,29378154.650000013
2025-08-01 09:39:43 AM,838.5,772,647322.0,30025476.650000013
2025-08-01 09:39:48 AM,838.35,0,0.0,30025476.650000013
2025-08-01 09:39:50 AM,838.75,53,44453.75,30069930.400000013
2025-08-01 09:39:51 AM,838.75,7,5871.25,30075801.650000013
2025-08-01 09:39:56 AM,838.3,0,0.0,30075801.650000013
2025-08-01 09:39:57 AM,838.3,327,274124.1,30349925.750000015
2025-08-01 09:40:00 AM,838.0,0,0.0,30349925.750000015
2025-08-01 09:40:03 AM,838.6,90,75474.0,30425399.750000015
2025-08-01 09:40:10 AM,838.6,68,57024.8,30482424.550000016
2025-08-01 09:40:14 AM,838.3,0,0.0,30482424.550000016
2025-08-01 09:40:16 AM,837.95,459,384619.05000000005,30867043.600000016
2025-08-01 09:40:17 AM,838.0,22,18436.0,30885479.600000016
2025-08-01 09:40:23 AM,838.0,95,79610.0,30965089.600000016
2025-08-01 09:40:30 AM,838.0,48,40224.0,31005313.600000016
2025-08-01 09:40:36 AM,838.0,625,523750.0,31529063.600000016
2025-08-01 09:40:37 AM,838.1,170,142477.0,31671540.600000016
2025-08-01 09:40:39 AM,838.0,0,0.0,31671540.600000016
2025-08-01 09:40:43 AM,838.0,19,15922.0,31687462.600000016
2025-08-01 09:40:47 AM,839.25,0,0.0,31687462.600000016
2025-08-01 09:40:49 AM,839.25,444,372627.0,32060089.600000016
2025-08-01 09:40:50 AM,839.25,1,839.25,32060928.850000016
2025-08-01 09:40:56 AM,839.25,5,4196.25,32065125.100000016
2025-08-01 09:41:07 AM,839.95,0,0.0,32065125.100000016
2025-08-01 09:41:09 AM,839.95,8,6719.6,32071844.700000018
2025-08-01 09:41:10 AM,839.65,1,839.65,32072684.350000016
2025-08-01 09:41:11 AM,839.95,0,0.0,32072684.350000016
2025-08-01 09:41:15 AM,840.15,0,0.0,32072684.350000016
2025-08-01 09:41:16 AM,840.15,51,42847.65,32115532.000000015
2025-08-01 09:41:23 AM,840.15,23,19323.45,32134855.450000014
2025-08-01 09:41:31 AM,840.4,0,0.0,32134855.450000014
2025-08-01 09:41:35 AM,840.35,0,0.0,32134855.450000014
2025-08-01 09:41:36 AM,840.35,724,608413.4,32743268.850000013
2025-08-01 09:41:39 AM,840.4,0,0.0,32743268.850000013
2025-08-01 09:41:42 AM,840.35,72,60505.200000000004,32803774.050000012
2025-08-01 09:41:47 AM,840.45,0,0.0,32803774.050000012
2025-08-01 09:41:49 AM,840.45,19,15968.550000000001,32819742.600000013
2025-08-01 09:41:50 AM,840.5,26,21853.0,32841595.600000013
2025-08-01 09:41:55 AM,840.4,253,212621.19999999998,33054216.800000012
2025-08-01 09:42:01 AM,840.4,18,15127.199999999999,33069344.00000001
2025-08-01 09:42:03 AM,839.25,0,0.0,33069344.00000001
2025-08-01 09:42:08 AM,839.55,551,462592.05,33531936.050000012
2025-08-01 09:42:15 AM,839.6,26,21829.600000000002,33553765.650000013
2025-08-01 09:42:16 AM,839.55,5,4197.75,33557963.40000001
2025-08-01 09:42:20 AM,839.4,0,0.0,33557963.40000001
2025-08-01 09:42:21 AM,839.45,13,10912.85,33568876.250000015
2025-08-01 09:42:23 AM,839.45,11,9233.95,33578110.20000002
2025-08-01 09:42:26 AM,838.6,0,0.0,33578110.20000002
2025-08-01 09:42:28 AM,839.0,173,145147.0,33723257.20000002
2025-08-01 09:42:29 AM,839.2,50,41960.0,33765217.20000002
2025-08-01 09:42:30 AM,840.4,0,0.0,33765217.20000002
2025-08-01 09:42:34 AM,840.0,0,0.0,33765217.20000002
2025-08-01 09:42:35 AM,840.0,1542,1295280.0,35060497.20000002
2025-08-01 09:42:36 AM,840.4,1,840.4,35061337.60000002
2025-08-01 09:42:38 AM,841.55,0,0.0,35061337.60000002
2025-08-01 09:42:41 AM,841.55,269,226376.94999999998,35287714.55000002
2025-08-01 09:42:46 AM,840.85,0,0.0,35287714.55000002
2025-08-01 09:42:47 AM,840.85,100,84085.0,35371799.55000002
2025-08-01 09:42:49 AM,840.85,73,61382.05,35433181.60000002
2025-08-01 09:42:50 AM,840.15,0,0.0,35433181.60000002
2025-08-01 09:42:54 AM,840.15,5,4200.75,35437382.35000002
2025-08-01 09:43:06 AM,840.7,0,0.0,35437382.35000002
2025-08-01 09:43:07 AM,840.7,3,2522.1000000000004,35439904.45000002
2025-08-01 09:43:18 AM,840.65,0,0.0,35439904.45000002
2025-08-01 09:43:21 AM,840.65,14,11769.1,35451673.55000002
2025-08-01 09:43:30 AM,841.2,0,0.0,35451673.55000002
2025-08-01 09:43:34 AM,841.2,43,36171.6,35487845.15000002
2025-08-01 09:43:40 AM,841.2,6,5047.200000000001,35492892.350000024
2025-08-01 09:43:47 AM,841.2,1,841.2,35493733.55000003
2025-08-01 09:43:53 AM,841.2,114,95896.8,35589630.350000024
2025-08-01 09:43:54 AM,841.2,17,14300.400000000001,35603930.75000002
2025-08-01 09:43:58 AM,841.25,0,0.0,35603930.75000002
2025-08-01 09:44:00 AM,841.25,93,78236.25,35682167.00000002
2025-08-01 09:44:10 AM,841.3,0,0.0,35682167.00000002
2025-08-01 09:44:13 AM,841.25,17,14301.25,35696468.25000002
2025-08-01 09:44:15 AM,841.25,12,10095.0,35706563.25000002
2025-08-01 09:44:20 AM,841.25,1,841.25,35707404.50000002
2025-08-01 09:44:24 AM,841.15,0,0.0,35707404.50000002
2025-08-01 09:44:26 AM,841.2,0,0.0,35707404.50000002
2025-08-01 09:44:27 AM,841.2,20,16824.0,35724228.50000002
2025-08-01 09:44:30 AM,841.15,0,0.0,35724228.50000002
2025-08-01 09:44:33 AM,841.15,1,841.15,35725069.65000002
2025-08-01 09:44:36 AM,840.5,0,0.0,35725069.65000002
2025-08-01 09:44:38 AM,840.65,0,0.0,35725069.65000002
2025-08-01 09:44:39 AM,840.65,91,76499.15,35801568.80000002
2025-08-01 09:44:44 AM,840.0,0,0.0,35801568.80000002
2025-08-01 09:44:46 AM,840.0,165,138600.0,35940168.80000002
2025-08-01 09:44:50 AM,839.7,0,0.0,35940168.80000002
2025-08-01 09:44:52 AM,839.7,11,9236.7,35949405.50000002
2025-08-01 09:44:58 AM,839.7,14,11755.800000000001,35961161.30000002
2025-08-01 09:44:59 AM,839.7,123,103283.1,36064444.40000002
2025-08-01 09:45:05 AM,839.7,20,16794.0,36081238.40000002
2025-08-01 09:45:12 AM,839.7,51,42824.700000000004,36124063.100000024
2025-08-01 09:45:18 AM,839.35,0,0.0,36124063.100000024
2025-08-01 09:45:19 AM,839.35,27,22662.45,36146725.55000003
2025-08-01 09:45:22 AM,839.7,0,0.0,36146725.55000003
2025-08-01 09:45:25 AM,839.15,70,58740.5,36205466.05000003
2025-08-01 09:45:30 AM,839.5,0,0.0,36205466.05000003
2025-08-01 09:45:31 AM,839.5,5,4197.5,36209663.55000003
2025-08-01 09:45:38 AM,839.5,2,1679.0,36211342.55000003
2025-08-01 09:45:51 AM,839.5,17,14271.5,36225614.05000003
2025-08-01 09:45:58 AM,839.5,135,113332.5,36338946.55000003
2025-08-01 09:46:04 AM,839.5,15,12592.5,36351539.05000003
2025-08-01 09:46:10 AM,839.5,9,7555.5,36359094.55000003
2025-08-01 09:46:17 AM,839.5,1,839.5,36359934.05000003
2025-08-01 09:46:18 AM,839.5,1,839.5,36360773.55000003
2025-08-01 09:46:23 AM,839.5,50,41975.0,36402748.55000003
2025-08-01 09:46:30 AM,839.0,179,150181.0,36552929.55000003
2025-08-01 09:46:32 AM,839.35,0,0.0,36552929.55000003
2025-08-01 09:46:36 AM,839.35,15,12590.25,36565519.80000003
2025-08-01 09:46:38 AM,838.45,54,45276.3,36610796.100000024
2025-08-01 09:46:39 AM,838.85,0,0.0,36610796.100000024
2025-08-01 09:46:42 AM,838.9,286,239925.4,36850721.50000002
2025-08-01 09:46:48 AM,838.85,5,4194.25,36854915.75000002
2025-08-01 09:46:48 AM,838.9,0,0.0,36854915.75000002
2025-08-01 09:46:50 AM,838.9,39,32717.1,36887632.850000024
2025-08-01 09:46:52 AM,838.3,0,0.0,36887632.850000024
2025-08-01 09:46:55 AM,838.85,0,0.0,36887632.850000024
2025-08-01 09:46:55 AM,838.85,79,66269.15000000001,36953902.00000002
2025-08-01 09:47:00 AM,838.55,0,0.0,36953902.00000002
2025-08-01 09:47:01 AM,838.55,27,22640.85,36976542.850000024
2025-08-01 09:47:04 AM,838.85,0,0.0,36976542.850000024
2025-08-01 09:47:07 AM,838.85,13,10905.050000000001,36987447.90000002
2025-08-01 09:47:09 AM,838.85,15,12582.75,37000030.65000002
2025-08-01 09:47:12 AM,838.35,0,0.0,37000030.65000002
2025-08-01 09:47:13 AM,838.35,3,2515.05,37002545.70000002
2025-08-01 09:47:15 AM,838.85,0,0.0,37002545.70000002
2025-08-01 09:47:15 AM,838.85,10,8388.5,37010934.20000002
2025-08-01 09:47:19 AM,838.85,24,20132.4,37031066.60000002
2025-08-01 09:47:23 AM,838.3,0,0.0,37031066.60000002
2025-08-01 09:47:26 AM,838.3,100,83830.0,37114896.60000002
2025-08-01 09:47:32 AM,838.3,11,9221.3,37124117.90000001
2025-08-01 09:47:36 AM,838.25,0,0.0,37124117.90000001
2025-08-01 09:47:38 AM,838.85,0,0.0,37124117.90000001
2025-08-01 09:47:39 AM,838.85,4,3355.4,37127473.30000001
2025-08-01 09:47:41 AM,838.85,11,9227.35,37136700.65000001
2025-08-01 09:47:46 AM,838.85,12,10066.2,37146766.85000002
2025-08-01 09:47:48 AM,838.3,135,113170.5,37259937.35000002
2025-08-01 09:47:55 AM,838.3,82,68740.59999999999,37328677.95000002
2025-08-01 09:47:57 AM,838.2,0,0.0,37328677.95000002
2025-08-01 09:47:57 AM,838.75,0,0.0,37328677.95000002
2025-08-01 09:47:59 AM,838.75,34,28517.5,37357195.45000002
2025-08-01 09:48:05 AM,838.2,23,19278.600000000002,37376474.05000002
2025-08-01 09:48:10 AM,838.75,0,0.0,37376474.05000002
2025-08-01 09:48:12 AM,838.75,1,838.75,37377312.80000002
2025-08-01 09:48:24 AM,838.75,212,177815.0,37555127.80000002
2025-08-01 09:48:26 AM,838.05,0,0.0,37555127.80000002
2025-08-01 09:48:27 AM,838.05,1498,1255398.9,38810526.70000002
2025-08-01 09:48:30 AM,838.7,0,0.0,38810526.70000002
2025-08-01 09:48:31 AM,838.7,50,41935.0,38852461.70000002
2025-08-01 09:48:34 AM,838.65,0,0.0,38852461.70000002
2025-08-01 09:48:34 AM,838.65,110,92251.5,38944713.20000002
2025-08-01 09:48:38 AM,838.6,75,62895.0,39007608.20000002
2025-08-01 09:48:40 AM,838.65,15,12579.75,39020187.95000002
2025-08-01 09:48:44 AM,838.65,62,51996.299999999996,39072184.250000015
2025-08-01 09:48:50 AM,838.55,0,0.0,39072184.250000015
2025-08-01 09:48:50 AM,838.55,1,838.55,39073022.80000001
2025-08-01 09:48:53 AM,838.55,1,838.55,39073861.35000001
2025-08-01 09:48:57 AM,838.55,2,1677.1,39075538.45000001
2025-08-01 09:49:06 AM,838.3,0,0.0,39075538.45000001
2025-08-01 09:49:09 AM,838.3,1,838.3,39076376.75000001
2025-08-01 09:49:15 AM,838.55,60,50313.0,39126689.75000001
2025-08-01 09:49:18 AM,838.55,5,4192.75,39130882.50000001
2025-08-01 09:49:22 AM,838.55,5,4192.75,39135075.25000001
2025-08-01 09:49:27 AM,838.3,0,0.0,39135075.25000001
2025-08-01 09:49:28 AM,838.3,30,25149.0,39160224.25000001
2025-08-01 09:49:30 AM,838.0,0,0.0,39160224.25000001
2025-08-01 09:49:30 AM,838.0,100,83800.0,39244024.25000001
2025-08-01 09:49:39 AM,837.8,0,0.0,39244024.25000001
2025-08-01 09:49:40 AM,837.8,64,53619.2,39297643.45000001
2025-08-01 09:49:43 AM,837.8,11,9215.8,39306859.25000001
2025-08-01 09:49:45 AM,836.8,0,0.0,39306859.25000001
2025-08-01 09:49:45 AM,837.2,0,0.0,39306859.25000001
2025-08-01 09:49:47 AM,837.2,708,592737.6,39899596.85000001
2025-08-01 09:49:48 AM,836.8,0,0.0,39899596.85000001
2025-08-01 09:49:49 AM,837.65,264,221139.6,40120736.45000001
2025-08-01 09:49:51 AM,837.2,0,0.0,40120736.45000001
2025-08-01 09:49:53 AM,837.2,111,92929.20000000001,40213665.65000001
2025-08-01 09:49:56 AM,837.2,25,20930.0,40234595.65000001
2025-08-01 09:49:58 AM,837.15,0,0.0,40234595.65000001
2025-08-01 09:49:59 AM,837.15,25,20928.75,40255524.40000001
2025-08-01 09:50:02 AM,836.8,0,0.0,40255524.40000001
2025-08-01 09:50:02 AM,837.15,111,92923.65,40348448.05000001
2025-08-01 09:50:05 AM,837.1,0,0.0,40348448.05000001
2025-08-01 09:50:06 AM,837.1,4,3348.4,40351796.45000001
2025-08-01 09:50:12 AM,837.1,6,5022.6,40356819.05000001
2025-08-01 09:50:19 AM,837.1,1,837.1,40357656.15000001
2025-08-01 09:50:22 AM,837.1,10,8371.0,40366027.15000001
2025-08-01 09:50:23 AM,837.0,0,0.0,40366027.15000001
2025-08-01 09:50:25 AM,837.05,46,38504.299999999996,40404531.45000001
2025-08-01 09:50:28 AM,837.05,10,8370.5,40412901.95000001
2025-08-01 09:50:29 AM,837.0,0,0.0,40412901.95000001
2025-08-01 09:50:31 AM,836.9,205,171564.5,40584466.45000001
2025-08-01 09:50:32 AM,836.85,0,0.0,40584466.45000001
2025-08-01 09:50:34 AM,836.4,0,0.0,40584466.45000001
2025-08-01 09:50:34 AM,836.4,105,87822.0,40672288.45000001
2025-08-01 09:50:37 AM,836.8,0,0.0,40672288.45000001
2025-08-01 09:50:37 AM,836.8,40,33472.0,40705760.45000001
2025-08-01 09:50:38 AM,836.4,0,0.0,40705760.45000001
2025-08-01 09:50:40 AM,836.75,0,0.0,40705760.45000001
2025-08-01 09:50:40 AM,836.75,43,35980.25,40741740.70000001
2025-08-01 09:50:44 AM,836.4,9,7527.599999999999,40749268.30000001
2025-08-01 09:50:47 AM,836.75,0,0.0,40749268.30000001
2025-08-01 09:50:50 AM,836.75,17,14224.75,40763493.05000001
2025-08-01 09:50:50 AM,836.7,0,0.0,40763493.05000001
2025-08-01 09:50:52 AM,836.7,1,836.7,40764329.750000015
2025-08-01 09:50:56 AM,836.7,6,5020.200000000001,40769349.95000002
2025-08-01 09:51:03 AM,836.7,51,42671.700000000004,40812021.65000002
2025-08-01 09:51:09 AM,836.7,10,8367.0,40820388.65000002
2025-08-01 09:51:15 AM,836.7,7,5856.900000000001,40826245.55000002
2025-08-01 09:51:20 AM,836.55,0,0.0,40826245.55000002
2025-08-01 09:51:21 AM,836.5,0,0.0,40826245.55000002
2025-08-01 09:51:22 AM,836.5,9,7528.5,40833774.05000002
2025-08-01 09:51:24 AM,836.4,57,47674.799999999996,40881448.85000002
2025-08-01 09:51:25 AM,836.5,0,0.0,40881448.85000002
2025-08-01 09:51:27 AM,836.45,0,0.0,40881448.85000002
2025-08-01 09:51:28 AM,836.45,255,213294.75,41094743.60000002
2025-08-01 09:51:30 AM,836.45,50,41822.5,41136566.10000002
2025-08-01 09:51:34 AM,836.45,71,59387.950000000004,41195954.05000002
2025-08-01 09:51:39 AM,836.4,0,0.0,41195954.05000002
2025-08-01 09:51:41 AM,836.4,85,71094.0,41267048.05000002
2025-08-01 09:51:43 AM,836.4,10,8364.0,41275412.05000002
2025-08-01 09:51:47 AM,836.4,19,15891.6,41291303.65000002
2025-08-01 09:51:49 AM,836.4,1,836.4,41292140.05000002
2025-08-01 09:51:53 AM,836.4,11,9200.4,41301340.45000002
2025-08-01 09:51:59 AM,836.4,256,214118.4,41515458.85000002
2025-08-01 09:52:03 AM,836.35,0,0.0,41515458.85000002
2025-08-01 09:52:05 AM,836.3,0,0.0,41515458.85000002
2025-08-01 09:52:05 AM,836.3,38,31779.399999999998,41547238.250000015
2025-08-01 09:52:07 AM,836.35,250,209087.5,41756325.750000015
2025-08-01 09:52:11 AM,836.35,26,21745.100000000002,41778070.85000002
2025-08-01 09:52:14 AM,836.35,21,17563.350000000002,41795634.20000002
2025-08-01 09:52:17 AM,836.35,26,21745.100000000002,41817379.30000002
2025-08-01 09:52:19 AM,836.3,0,0.0,41817379.30000002
2025-08-01 09:52:20 AM,836.3,1,836.3,41818215.60000002
2025-08-01 09:52:23 AM,836.3,3,2508.8999999999996,41820724.500000015
2025-08-01 09:52:30 AM,836.3,20,16726.0,41837450.500000015
2025-08-01 09:52:32 AM,836.3,40,33452.0,41870902.500000015
2025-08-01 09:52:34 AM,836.25,0,0.0,41870902.500000015
2025-08-01 09:52:36 AM,836.25,10,8362.5,41879265.000000015
2025-08-01 09:52:42 AM,836.25,7,5853.75,41885118.750000015
2025-08-01 09:52:44 AM,836.25,1,836.25,41885955.000000015
2025-08-01 09:52:48 AM,836.25,3,2508.75,41888463.750000015
2025-08-01 09:52:50 AM,836.25,21,17561.25,41906025.000000015
2025-08-01 09:52:54 AM,836.25,9,7526.25,41913551.250000015
2025-08-01 09:52:56 AM,836.25,59,49338.75,41962890.000000015
2025-08-01 09:53:00 AM,836.25,3,2508.75,41965398.750000015
2025-08-01 09:53:02 AM,836.25,20,16725.0,41982123.750000015
2025-08-01 09:53:06 AM,836.25,61,51011.25,42033135.000000015
2025-08-01 09:53:08 AM,836.35,68,56871.8,42090006.80000001
2025-08-01 09:53:10 AM,836.4,0,0.0,42090006.80000001
2025-08-01 09:53:12 AM,836.45,169,141360.05000000002,42231366.85000001
2025-08-01 09:53:13 AM,836.5,0,0.0,42231366.85000001
2025-08-01 09:53:14 AM,837.4,113,94626.2,42325993.05000001
2025-08-01 09:53:23 AM,837.8,0,0.0,42325993.05000001
2025-08-01 09:53:25 AM,837.8,5,4189.0,42330182.05000001
2025-08-01 09:53:29 AM,837.4,0,0.0,42330182.05000001
2025-08-01 09:53:31 AM,837.6,62,51931.200000000004,42382113.250000015
2025-08-01 09:53:33 AM,836.7,467,390738.9,42772852.15000001
2025-08-01 09:53:35 AM,836.45,0,0.0,42772852.15000001
2025-08-01 09:53:37 AM,836.45,391,327051.95,43099904.10000002
2025-08-01 09:53:38 AM,836.6,0,0.0,43099904.10000002
2025-08-01 09:53:38 AM,836.8,0,0.0,43099904.10000002
2025-08-01 09:53:39 AM,836.8,12,10041.599999999999,43109945.70000002
2025-08-01 09:53:43 AM,836.8,46,38492.799999999996,43148438.500000015
2025-08-01 09:53:46 AM,837.2,0,0.0,43148438.500000015
2025-08-01 09:53:50 AM,837.2,163,136463.6,43284902.10000002
2025-08-01 09:53:51 AM,837.2,5,4186.0,43289088.10000002
2025-08-01 09:53:56 AM,837.0,16,13392.0,43302480.10000002
2025-08-01 09:54:09 AM,837.0,99,82863.0,43385343.10000002
2025-08-01 09:54:11 AM,837.1,0,0.0,43385343.10000002
2025-08-01 09:54:14 AM,837.35,193,161608.55000000002,43546951.65000001
2025-08-01 09:54:17 AM,837.9,0,0.0,43546951.65000001
2025-08-01 09:54:21 AM,837.9,21,17595.899999999998,43564547.55000001
2025-08-01 09:54:26 AM,838.0,0,0.0,43564547.55000001
2025-08-01 09:54:27 AM,838.0,296,248048.0,43812595.55000001
2025-08-01 09:54:30 AM,838.25,0,0.0,43812595.55000001
2025-08-01 09:54:33 AM,838.0,0,0.0,43812595.55000001
2025-08-01 09:54:33 AM,838.0,10,8380.0,43820975.55000001
2025-08-01 09:54:36 AM,838.3,0,0.0,43820975.55000001
2025-08-01 09:54:39 AM,838.3,83,69578.9,43890554.45000001
2025-08-01 09:54:42 AM,838.25,0,0.0,43890554.45000001
2025-08-01 09:54:45 AM,838.35,0,0.0,43890554.45000001
2025-08-01 09:54:45 AM,838.35,104,87188.40000000001,43977742.85000001
2025-08-01 09:54:48 AM,838.55,0,0.0,43977742.85000001
2025-08-01 09:54:51 AM,838.55,11,9224.05,43986966.900000006
2025-08-01 09:54:54 AM,839.15,0,0.0,43986966.900000006
2025-08-01 09:54:57 AM,839.15,12,10069.8,43997036.7
2025-08-01 09:55:00 AM,838.5,0,0.0,43997036.7
2025-08-01 09:55:02 AM,838.35,878,736071.3,44733108.0
2025-08-01 09:55:03 AM,838.35,20,16767.0,44749875.0
2025-08-01 09:55:08 AM,838.35,5,4191.75,44754066.75
2025-08-01 09:55:09 AM,838.3,10,8383.0,44762449.75
2025-08-01 09:55:14 AM,838.3,6,5029.799999999999,44767479.55
2025-08-01 09:55:20 AM,838.3,7,5868.099999999999,44773347.65
2025-08-01 09:55:22 AM,837.8,0,0.0,44773347.65
2025-08-01 09:55:22 AM,837.8,361,302445.8,45075793.449999996
2025-08-01 09:55:25 AM,837.7,0,0.0,45075793.449999996
2025-08-01 09:55:26 AM,837.7,2,1675.4,45077468.849999994
2025-08-01 09:55:32 AM,837.7,28,23455.600000000002,45100924.449999996
2025-08-01 09:55:38 AM,837.7,31,25968.7,45126893.15
2025-08-01 09:55:44 AM,836.95,426,356540.7,45483433.85
2025-08-01 09:55:51 AM,837.65,0,0.0,45483433.85
2025-08-01 09:55:51 AM,837.65,10,8376.5,45491810.35
2025-08-01 09:56:02 AM,837.55,0,0.0,45491810.35
2025-08-01 09:56:03 AM,837.6,0,0.0,45491810.35
2025-08-01 09:56:03 AM,837.6,15,12564.0,45504374.35
2025-08-01 09:56:11 AM,837.55,0,0.0,45504374.35
2025-08-01 09:56:15 AM,837.55,25,20938.75,45525313.1
2025-08-01 09:56:21 AM,837.55,1,837.55,45526150.65
2025-08-01 09:56:27 AM,837.55,4,3350.2,45529500.85
2025-08-01 09:56:32 AM,837.55,45,37689.75,45567190.6
2025-08-01 09:56:38 AM,837.55,13,10888.15,45578078.75
2025-08-01 09:56:39 AM,837.55,40,33502.0,45611580.75
2025-08-01 09:56:44 AM,837.5,0,0.0,45611580.75
2025-08-01 09:56:45 AM,837.45,43,36010.35,45647591.1
2025-08-01 09:56:56 AM,837.4,0,0.0,45647591.1
2025-08-01 09:56:57 AM,837.4,109,91276.59999999999,45738867.7
2025-08-01 09:56:58 AM,837.4,10,8374.0,45747241.7
2025-08-01 09:57:02 AM,837.4,13,10886.199999999999,45758127.900000006
2025-08-01 09:57:10 AM,837.55,125,104693.75,45862821.650000006
2025-08-01 09:57:20 AM,837.4,0,0.0,45862821.650000006
2025-08-01 09:57:20 AM,837.4,61,51081.4,45913903.050000004
2025-08-01 09:57:26 AM,837.65,86,72037.9,45985940.95
2025-08-01 09:57:28 AM,838.3,0,0.0,45985940.95
2025-08-01 09:57:28 AM,838.3,1303,1092304.9,47078245.85
2025-08-01 09:57:31 AM,839.15,10,8391.5,47086637.35
2025-08-01 09:57:40 AM,839.2,0,0.0,47086637.35
2025-08-01 09:57:40 AM,839.2,256,214835.2,47301472.550000004
2025-08-01 09:57:48 AM,838.4,0,0.0,47301472.550000004
2025-08-01 09:57:50 AM,838.2,141,118186.20000000001,47419658.75000001
2025-08-01 09:57:52 AM,838.25,0,0.0,47419658.75000001
2025-08-01 09:57:52 AM,838.25,17,14250.25,47433909.00000001
2025-08-01 09:57:56 AM,838.55,0,0.0,47433909.00000001
2025-08-01 09:57:56 AM,838.55,15,12578.25,47446487.25000001
2025-08-01 09:58:02 AM,838.0,41,34358.0,47480845.25000001
2025-08-01 09:58:04 AM,837.75,0,0.0,47480845.25000001
2025-08-01 09:58:04 AM,837.75,15,12566.25,47493411.50000001
2025-08-01 09:58:08 AM,837.9,14,11730.6,47505142.10000001
2025-08-01 09:58:14 AM,837.9,27,22623.3,47527765.400000006
2025-08-01 09:58:17 AM,837.9,1,837.9,47528603.300000004
2025-08-01 09:58:20 AM,837.9,22,18433.8,47547037.1
2025-08-01 09:58:23 AM,837.85,74,62000.9,47609038.0
2025-08-01 09:58:26 AM,837.15,326,272910.89999999997,47881948.9
2025-08-01 09:58:29 AM,837.25,0,0.0,47881948.9
2025-08-01 09:58:29 AM,837.25,15,12558.75,47894507.65
2025-08-01 09:58:32 AM,837.2,5,4186.0,47898693.65
2025-08-01 09:58:35 AM,837.2,10,8372.0,47907065.65
2025-08-01 09:58:37 AM,836.4,0,0.0,47907065.65
2025-08-01 09:58:38 AM,836.4,210,175644.0,48082709.65
2025-08-01 09:58:53 AM,836.8,0,0.0,48082709.65
2025-08-01 09:58:53 AM,836.8,12,10041.599999999999,48092751.25
2025-08-01 09:58:56 AM,836.8,2,1673.6,48094424.85
2025-08-01 09:59:05 AM,836.7,0,0.0,48094424.85
2025-08-01 09:59:05 AM,836.7,12,10040.400000000001,48104465.25
2025-08-01 09:59:09 AM,836.65,5,4183.25,48108648.5
2025-08-01 09:59:40 AM,836.65,32,26772.8,48135421.3
2025-08-01 09:59:44 AM,835.65,0,0.0,48135421.3
2025-08-01 09:59:47 AM,835.2,1059,884476.8,49019898.099999994
2025-08-01 09:59:50 AM,835.45,0,0.0,49019898.099999994
2025-08-01 09:59:53 AM,835.4,23,19214.2,49039112.3
2025-08-01 09:59:55 AM,835.1,0,0.0,49039112.3
2025-08-01 09:59:55 AM,834.8,2232,1863273.5999999999,50902385.9
2025-08-01 09:59:56 AM,834.1,0,0.0,50902385.9
2025-08-01 09:59:58 AM,834.45,0,0.0,50902385.9
2025-08-01 09:59:59 AM,834.45,181,151035.45,51053421.35
2025-08-01 09:59:59 AM,833.8,0,0.0,51053421.35
2025-08-01 10:00:01 AM,833.8,150,125070.0,51178491.35
2025-08-01 10:00:07 AM,834.35,0,0.0,51178491.35
2025-08-01 10:00:08 AM,834.35,80,66748.0,51245239.35
2025-08-01 10:00:11 AM,833.8,392,326849.6,51572088.95
2025-08-01 10:00:12 AM,834.4,0,0.0,51572088.95
2025-08-01 10:00:14 AM,834.5,0,0.0,51572088.95
2025-08-01 10:00:14 AM,834.5,640,534080.0,52106168.95
2025-08-01 10:00:18 AM,835.0,2,1670.0,52107838.95
2025-08-01 10:00:30 AM,834.8,25,20870.0,52128708.95
2025-08-01 10:00:36 AM,834.8,2,1669.6,52130378.550000004
2025-08-01 10:00:43 AM,834.8,22,18365.6,52148744.150000006
2025-08-01 10:00:49 AM,834.7,0,0.0,52148744.150000006
2025-08-01 10:00:49 AM,834.7,82,68445.40000000001,52217189.550000004
2025-08-01 10:00:52 AM,834.0,33,27522.0,52244711.550000004
2025-08-01 10:01:06 AM,834.7,0,0.0,52244711.550000004
2025-08-01 10:01:07 AM,834.1,0,0.0,52244711.550000004
2025-08-01 10:01:08 AM,834.1,241,201018.1,52445729.650000006
2025-08-01 10:01:11 AM,834.8,400,333920.0,52779649.650000006
2025-08-01 10:01:27 AM,834.8,273,227900.4,53007550.050000004
2025-08-01 10:01:30 AM,834.8,23,19200.399999999998,53026750.45
2025-08-01 10:01:42 AM,834.85,0,0.0,53026750.45
2025-08-01 10:01:42 AM,834.8,46,38400.799999999996,53065151.25
2025-08-01 10:01:45 AM,835.25,1318,1100859.5,54166010.75
2025-08-01 10:02:01 AM,836.4,71,59384.4,54225395.15
2025-08-01 10:02:06 AM,835.75,0,0.0,54225395.15
2025-08-01 10:02:07 AM,835.75,25,20893.75,54246288.9
2025-08-01 10:02:15 AM,836.0,20,16720.0,54263008.9
2025-08-01 10:02:21 AM,835.75,0,0.0,54263008.9
2025-08-01 10:02:22 AM,835.75,5,4178.75,54267187.65
2025-08-01 10:02:26 AM,835.8,0,0.0,54267187.65
2025-08-01 10:02:26 AM,835.8,16,13372.8,54280560.449999996
2025-08-01 10:02:32 AM,835.8,33,27581.399999999998,54308141.849999994
2025-08-01 10:02:39 AM,835.8,1,835.8,54308977.64999999
2025-08-01 10:02:41 AM,835.75,10,8357.5,54317335.14999999
2025-08-01 10:02:44 AM,835.7,0,0.0,54317335.14999999
2025-08-01 10:02:45 AM,835.7,11,9192.7,54326527.849999994
2025-08-01 10:02:49 AM,835.75,0,0.0,54326527.849999994
2025-08-01 10:02:52 AM,835.75,124,103633.0,54430160.849999994
2025-08-01 10:02:58 AM,835.75,79,66024.25,54496185.099999994
2025-08-01 10:03:00 AM,835.7,50,41785.0,54537970.099999994
2025-08-01 10:03:04 AM,835.35,61,50956.35,54588926.449999996
2025-08-01 10:03:09 AM,835.7,0,0.0,54588926.449999996
2025-08-01 10:03:11 AM,835.7,94,78555.8,54667482.24999999
2025-08-01 10:03:19 AM,835.7,35,29249.5,54696731.74999999
2025-08-01 10:03:24 AM,835.7,10,8357.0,54705088.74999999
2025-08-01 10:03:26 AM,835.8,327,273306.6,54978395.349999994
2025-08-01 10:03:29 AM,836.95,0,0.0,54978395.349999994
2025-08-01 10:03:30 AM,836.95,1,836.95,54979232.3
2025-08-01 10:03:37 AM,836.95,20,16739.0,54995971.3
2025-08-01 10:03:39 AM,836.6,12,10039.2,55006010.5
2025-08-01 10:03:41 AM,836.75,0,0.0,55006010.5
2025-08-01 10:03:43 AM,836.75,34,28449.5,55034460.0
2025-08-01 10:03:55 AM,836.85,100,83685.0,55118145.0
2025-08-01 10:03:57 AM,836.25,0,0.0,55118145.0
2025-08-01 10:03:57 AM,836.45,44,36803.8,55154948.8
2025-08-01 10:04:08 AM,836.45,5,4182.25,55159131.05
2025-08-01 10:04:14 AM,836.55,7,5855.849999999999,55164986.9
2025-08-01 10:04:20 AM,836.15,1,836.15,55165823.05
2025-08-01 10:04:25 AM,836.55,0,0.0,55165823.05
2025-08-01 10:04:26 AM,836.55,131,109588.04999999999,55275411.099999994
2025-08-01 10:04:33 AM,836.5,0,0.0,55275411.099999994
2025-08-01 10:04:33 AM,836.5,9,7528.5,55282939.599999994
2025-08-01 10:04:45 AM,836.5,6,5019.0,55287958.599999994
2025-08-01 10:04:47 AM,836.5,14,11711.0,55299669.599999994
2025-08-01 10:04:51 AM,836.55,0,0.0,55299669.599999994
2025-08-01 10:04:51 AM,836.55,250,209137.5,55508807.099999994
2025-08-01 10:04:58 AM,836.95,119,99597.05,55608404.14999999
2025-08-01 10:05:02 AM,836.5,0,0.0,55608404.14999999
2025-08-01 10:05:04 AM,836.75,13,10877.75,55619281.89999999
2025-08-01 10:05:08 AM,836.65,0,0.0,55619281.89999999
2025-08-01 10:05:10 AM,836.65,8,6693.2,55625975.099999994
2025-08-01 10:05:14 AM,836.15,0,0.0,55625975.099999994
2025-08-01 10:05:16 AM,836.35,46,38472.1,55664447.199999996
2025-08-01 10:05:18 AM,836.0,0,0.0,55664447.199999996
2025-08-01 10:05:18 AM,836.0,5,4180.0,55668627.199999996
2025-08-01 10:05:22 AM,836.05,0,0.0,55668627.199999996
2025-08-01 10:05:22 AM,836.05,7,5852.349999999999,55674479.55
2025-08-01 10:05:41 AM,836.05,5,4180.25,55678659.8
2025-08-01 10:05:43 AM,836.05,3,2508.1499999999996,55681167.949999996
2025-08-01 10:05:53 AM,836.05,2,1672.1,55682840.05
2025-08-01 10:05:54 AM,835.7,0,0.0,55682840.05
2025-08-01 10:05:55 AM,835.7,22,18385.4,55701225.449999996
2025-08-01 10:05:57 AM,835.85,0,0.0,55701225.449999996
2025-08-01 10:05:59 AM,835.85,1,835.85,55702061.3
2025-08-01 10:06:03 AM,835.5,0,0.0,55702061.3
2025-08-01 10:06:05 AM,835.6,15,12534.0,55714595.3
2025-08-01 10:06:07 AM,835.6,11,9191.6,55723786.9
2025-08-01 10:06:10 AM,835.6,100,83560.0,55807346.9
2025-08-01 10:06:13 AM,835.6,9,7520.400000000001,55814867.3
2025-08-01 10:06:14 AM,835.15,0,0.0,55814867.3
2025-08-01 10:06:16 AM,835.15,26,21713.899999999998,55836581.199999996
2025-08-01 10:06:19 AM,835.6,8,6684.8,55843265.99999999
2025-08-01 10:06:22 AM,835.2,3,2505.6000000000004,55845771.599999994
2025-08-01 10:06:34 AM,835.2,118,98553.6,55944325.199999996
2025-08-01 10:06:36 AM,835.2,17,14198.400000000001,55958523.599999994
2025-08-01 10:06:40 AM,835.2,422,352454.4,56310977.99999999
2025-08-01 10:06:42 AM,834.8,1,834.8,56311812.79999999
2025-08-01 10:06:45 AM,835.0,0,0.0,56311812.79999999
2025-08-01 10:06:46 AM,835.0,1,835.0,56312647.79999999
2025-08-01 10:06:48 AM,834.9,10,8349.0,56320996.79999999
2025-08-01 10:06:50 AM,834.85,0,0.0,56320996.79999999
2025-08-01 10:06:52 AM,834.0,438,365292.0,56686288.79999999
2025-08-01 10:06:59 AM,834.4,123,102631.2,56788919.99999999
2025-08-01 10:07:01 AM,833.85,66,55034.1,56843954.099999994
2025-08-01 10:07:05 AM,834.4,0,0.0,56843954.099999994
2025-08-01 10:07:05 AM,834.4,11,9178.4,56853132.49999999
2025-08-01 10:07:07 AM,834.0,58,48372.0,56901504.49999999
2025-08-01 10:07:11 AM,834.35,11,9177.85,56910682.349999994
2025-08-01 10:07:17 AM,835.2,503,420105.60000000003,57330787.949999996
2025-08-01 10:07:19 AM,835.2,22,18374.4,57349162.349999994
2025-08-01 10:07:24 AM,834.65,33,27543.45,57376705.8
2025-08-01 10:07:25 AM,834.7,0,0.0,57376705.8
2025-08-01 10:07:26 AM,834.7,6,5008.200000000001,57381714.0
2025-08-01 10:07:29 AM,834.55,0,0.0,57381714.0
2025-08-01 10:07:30 AM,834.55,331,276236.05,57657950.05
2025-08-01 10:07:32 AM,834.4,58,48395.2,57706345.25
2025-08-01 10:07:36 AM,834.6,10,8346.0,57714691.25
2025-08-01 10:07:37 AM,835.1,0,0.0,57714691.25
2025-08-01 10:07:38 AM,835.1,8,6680.8,57721372.05
2025-08-01 10:07:42 AM,834.6,0,0.0,57721372.05
2025-08-01 10:07:42 AM,834.6,3,2503.8,57723875.849999994
2025-08-01 10:07:47 AM,835.1,0,0.0,57723875.849999994
2025-08-01 10:07:48 AM,834.45,182,151869.9,57875745.74999999
2025-08-01 10:07:52 AM,834.95,0,0.0,57875745.74999999
2025-08-01 10:07:54 AM,834.95,18,15029.1,57890774.849999994
2025-08-01 10:07:56 AM,834.4,5,4172.0,57894946.849999994
2025-08-01 10:08:01 AM,834.1,12,10009.2,57904956.05
2025-08-01 10:08:02 AM,834.05,0,0.0,57904956.05
2025-08-01 10:08:02 AM,834.05,7,5838.349999999999,57910794.4
2025-08-01 10:08:06 AM,834.5,0,0.0,57910794.4
2025-08-01 10:08:07 AM,834.5,4,3338.0,57914132.4
2025-08-01 10:08:08 AM,834.35,58,48392.3,57962524.699999996
2025-08-01 10:08:12 AM,835.0,0,0.0,57962524.699999996
2025-08-01 10:08:13 AM,835.0,414,345690.0,58308214.699999996
2025-08-01 10:08:16 AM,835.4,0,0.0,58308214.699999996
2025-08-01 10:08:19 AM,835.4,30,25062.0,58333276.699999996
2025-08-01 10:08:25 AM,835.4,7,5847.8,58339124.49999999
2025-08-01 10:08:31 AM,835.4,3,2506.2,58341630.699999996
2025-08-01 10:08:37 AM,835.4,101,84375.4,58426006.099999994
2025-08-01 10:08:43 AM,835.4,10,8354.0,58434360.099999994
2025-08-01 10:08:49 AM,835.4,5,4177.0,58438537.099999994
2025-08-01 10:09:01 AM,835.4,10,8354.0,58446891.099999994
2025-08-01 10:09:13 AM,835.4,192,160396.8,58607287.89999999
2025-08-01 10:09:19 AM,835.4,23,19214.2,58626502.099999994
2025-08-01 10:09:25 AM,835.4,1,835.4,58627337.49999999
2025-08-01 10:09:27 AM,835.4,5,4177.0,58631514.49999999
2025-08-01 10:09:53 AM,835.4,25,20885.0,58652399.49999999
2025-08-01 10:09:59 AM,835.4,2,1670.8,58654070.29999999
2025-08-01 10:10:01 AM,834.95,74,61786.3,58715856.59999999
2025-08-01 10:10:05 AM,834.8,0,0.0,58715856.59999999
2025-08-01 10:10:05 AM,834.8,33,27548.399999999998,58743404.999999985
2025-08-01 10:10:07 AM,834.85,7,5843.95,58749248.94999999
2025-08-01 10:10:11 AM,834.5,151,126009.5,58875258.44999999
2025-08-01 10:10:14 AM,834.8,0,0.0,58875258.44999999
2025-08-01 10:10:17 AM,834.8,36,30052.8,58905311.249999985
2025-08-01 10:10:22 AM,834.8,17,14191.599999999999,58919502.84999999
2025-08-01 10:10:28 AM,834.8,23,19200.399999999998,58938703.249999985
2025-08-01 10:10:30 AM,834.8,4,3339.2,58942042.44999999
2025-08-01 10:10:47 AM,834.8,1,834.8,58942877.249999985
2025-08-01 10:10:53 AM,834.8,10,8348.0,58951225.249999985
2025-08-01 10:10:54 AM,834.8,20,16696.0,58967921.249999985
2025-08-01 10:10:58 AM,834.8,2,1669.6,58969590.84999999
2025-08-01 10:11:00 AM,834.8,5,4174.0,58973764.84999999
2025-08-01 10:11:04 AM,834.75,12,10017.0,58983781.84999999
2025-08-01 10:11:10 AM,834.75,65,54258.75,59038040.59999999
2025-08-01 10:11:16 AM,834.5,2,1669.0,59039709.59999999
2025-08-01 10:11:18 AM,834.7,6,5008.200000000001,59044717.79999999
2025-08-01 10:11:22 AM,834.65,11,9181.15,59053898.94999999
2025-08-01 10:11:23 AM,834.5,3,2503.5,59056402.44999999
2025-08-01 10:11:26 AM,834.65,0,0.0,59056402.44999999
2025-08-01 10:11:28 AM,834.65,43,35889.95,59092292.39999999
2025-08-01 10:11:29 AM,834.65,4,3338.6,59095630.99999999
2025-08-01 10:11:35 AM,834.65,2,1669.3,59097300.29999999
2025-08-01 10:11:39 AM,834.65,2,1669.3,59098969.59999999
2025-08-01 10:11:50 AM,834.35,0,0.0,59098969.59999999
2025-08-01 10:11:50 AM,834.65,0,0.0,59098969.59999999
2025-08-01 10:11:51 AM,834.3,243,202734.9,59301704.499999985
2025-08-01 10:11:53 AM,835.25,0,0.0,59301704.499999985
2025-08-01 10:11:57 AM,835.25,489,408437.25,59710141.749999985
2025-08-01 10:11:59 AM,835.95,0,0.0,59710141.749999985
2025-08-01 10:12:02 AM,836.0,0,0.0,59710141.749999985
2025-08-01 10:12:03 AM,836.0,8,6688.0,59716829.749999985
2025-08-01 10:12:05 AM,835.6,0,0.0,59716829.749999985
2025-08-01 10:12:05 AM,836.0,0,0.0,59716829.749999985
2025-08-01 10:12:09 AM,836.0,50,41800.0,59758629.749999985
2025-08-01 10:12:10 AM,836.0,5,4180.0,59762809.749999985
2025-08-01 10:12:11 AM,836.4,0,0.0,59762809.749999985
2025-08-01 10:12:11 AM,837.0,0,0.0,59762809.749999985
2025-08-01 10:12:14 AM,837.0,615,514755.0,60277564.749999985
2025-08-01 10:12:15 AM,837.2,8,6697.6,60284262.34999999
2025-08-01 10:12:17 AM,837.65,0,0.0,60284262.34999999
2025-08-01 10:12:20 AM,837.65,16,13402.4,60297664.749999985
2025-08-01 10:12:37 AM,837.65,2,1675.3,60299340.04999998
2025-08-01 10:12:41 AM,837.6,0,0.0,60299340.04999998
2025-08-01 10:12:43 AM,837.6,26,21777.600000000002,60321117.64999998
2025-08-01 10:12:55 AM,837.6,1,837.6,60321955.249999985
2025-08-01 10:13:01 AM,837.0,1074,898938.0,61220893.249999985
2025-08-01 10:13:05 AM,835.8,0,0.0,61220893.249999985
2025-08-01 10:13:06 AM,835.8,115,96117.0,61317010.249999985
2025-08-01 10:13:14 AM,836.4,0,0.0,61317010.249999985
2025-08-01 10:13:17 AM,836.25,0,0.0,61317010.249999985
2025-08-01 10:13:18 AM,836.25,271,226623.75,61543633.999999985
2025-08-01 10:13:19 AM,836.25,10,8362.5,61551996.499999985
2025-08-01 10:13:23 AM,836.4,0,0.0,61551996.499999985
2025-08-01 10:13:24 AM,836.5,249,208288.5,61760284.999999985
2025-08-01 10:13:25 AM,836.5,25,20912.5,61781197.499999985
2025-08-01 10:13:29 AM,836.2,0,0.0,61781197.499999985
2025-08-01 10:13:30 AM,836.2,23,19232.600000000002,61800430.09999999
2025-08-01 10:13:35 AM,836.8,0,0.0,61800430.09999999
2025-08-01 10:13:36 AM,836.8,22,18409.6,61818839.69999999
2025-08-01 10:13:42 AM,836.8,10,8368.0,61827207.69999999
2025-08-01 10:13:43 AM,836.6,100,83660.0,61910867.69999999
2025-08-01 10:13:48 AM,836.55,12,10038.599999999999,61920906.29999999
2025-08-01 10:13:53 AM,836.9,0,0.0,61920906.29999999
2025-08-01 10:13:54 AM,836.9,50,41845.0,61962751.29999999
2025-08-01 10:13:56 AM,836.8,0,0.0,61962751.29999999
2025-08-01 10:13:59 AM,836.9,0,0.0,61962751.29999999
2025-08-01 10:14:00 AM,836.9,8,6695.2,61969446.49999999
2025-08-01 10:14:04 AM,836.9,50,41845.0,62011291.49999999
2025-08-01 10:14:05 AM,836.8,0,0.0,62011291.49999999
2025-08-01 10:14:05 AM,836.8,2,1673.6,62012965.099999994
2025-08-01 10:14:06 AM,836.0,18,15048.0,62028013.099999994
2025-08-01 10:14:08 AM,836.8,15,12552.0,62040565.099999994
2025-08-01 10:14:12 AM,837.1,244,204252.4,62244817.49999999
2025-08-01 10:14:14 AM,837.55,0,0.0,62244817.49999999
2025-08-01 10:14:14 AM,837.55,6,5025.299999999999,62249842.79999999
2025-08-01 10:14:17 AM,837.6,0,0.0,62249842.79999999
2025-08-01 10:14:17 AM,837.6,28,23452.8,62273295.59999999
2025-08-01 10:14:19 AM,837.6,12,10051.2,62283346.79999999
2025-08-01 10:14:22 AM,837.6,27,22615.2,62305961.99999999
2025-08-01 10:14:23 AM,837.6,1,837.6,62306799.599999994
2025-08-01 10:14:24 AM,837.6,7,5863.2,62312662.8
2025-08-01 10:14:34 AM,837.6,1,837.6,62313500.4
2025-08-01 10:14:35 AM,837.95,0,0.0,62313500.4
2025-08-01 10:14:35 AM,837.95,310,259764.5,62573264.9
2025-08-01 10:14:37 AM,837.65,0,0.0,62573264.9
2025-08-01 10:14:38 AM,837.2,0,0.0,62573264.9
2025-08-01 10:14:38 AM,837.2,75,62790.0,62636054.9
2025-08-01 10:14:39 AM,837.9,4,3351.6,62639406.5
2025-08-01 10:14:46 AM,837.95,0,0.0,62639406.5
2025-08-01 10:14:46 AM,837.95,2,1675.9,62641082.4
2025-08-01 10:14:46 AM,837.9,2,1675.8,62642758.199999996
2025-08-01 10:14:49 AM,837.95,50,41897.5,62684655.699999996
2025-08-01 10:14:54 AM,837.9,0,0.0,62684655.699999996
2025-08-01 10:14:54 AM,838.25,0,0.0,62684655.699999996
2025-08-01 10:14:54 AM,838.25,90,75442.5,62760098.199999996
2025-08-01 10:14:55 AM,838.2,0,0.0,62760098.199999996
2025-08-01 10:14:55 AM,838.2,10,8382.0,62768480.199999996
2025-08-01 10:15:01 AM,838.3,0,0.0,62768480.199999996
2025-08-01 10:15:03 AM,838.3,7,5868.099999999999,62774348.3
2025-08-01 10:15:07 AM,838.15,0,0.0,62774348.3
2025-08-01 10:15:09 AM,838.15,40,33526.0,62807874.3
2025-08-01 10:15:10 AM,838.35,3401,2851228.35,65659102.65
2025-08-01 10:15:13 AM,837.85,0,0.0,65659102.65
2025-08-01 10:15:15 AM,837.85,10,8378.5,65667481.15
2025-08-01 10:15:19 AM,838.45,0,0.0,65667481.15
2025-08-01 10:15:21 AM,838.45,2,1676.9,65669158.05
2025-08-01 10:15:23 AM,838.4,0,0.0,65669158.05
2025-08-01 10:15:27 AM,838.4,60,50304.0,65719462.05
2025-08-01 10:15:37 AM,838.2,0,0.0,65719462.05
2025-08-01 10:15:39 AM,838.2,2,1676.4,65721138.449999996
2025-08-01 10:15:45 AM,838.05,18,15084.9,65736223.349999994
2025-08-01 10:16:03 AM,838.0,1,838.0,65737061.349999994
2025-08-01 10:16:07 AM,837.35,0,0.0,65737061.349999994
2025-08-01 10:16:08 AM,837.35,2,1674.7,65738736.05
2025-08-01 10:16:10 AM,837.95,0,0.0,65738736.05
2025-08-01 10:16:14 AM,837.95,15,12569.25,65751305.3
2025-08-01 10:16:17 AM,837.9,0,0.0,65751305.3
2025-08-01 10:16:19 AM,837.4,0,0.0,65751305.3
2025-08-01 10:16:20 AM,837.4,36,30146.399999999998,65781451.699999996
2025-08-01 10:16:22 AM,837.9,0,0.0,65781451.699999996
2025-08-01 10:16:26 AM,837.9,206,172607.4,65954059.099999994
2025-08-01 10:16:32 AM,837.9,1,837.9,65954896.99999999
2025-08-01 10:16:38 AM,837.9,142,118981.8,66073878.79999999
2025-08-01 10:16:43 AM,837.9,125,104737.5,66178616.29999999
2025-08-01 10:16:47 AM,837.6,0,0.0,66178616.29999999
2025-08-01 10:16:49 AM,837.6,10,8376.0,66186992.29999999
2025-08-01 10:16:52 AM,837.8,0,0.0,66186992.29999999
2025-08-01 10:16:54 AM,837.95,238,199432.1,66386424.39999999
2025-08-01 10:16:58 AM,838.0,0,0.0,66386424.39999999
2025-08-01 10:17:00 AM,838.0,3,2514.0,66388938.39999999
2025-08-01 10:17:05 AM,838.0,5,4190.0,66393128.39999999
2025-08-01 10:17:28 AM,837.9,0,0.0,66393128.39999999
2025-08-01 10:17:29 AM,837.9,32,26812.8,66419941.19999999
2025-08-01 10:17:34 AM,837.9,5,4189.5,66424130.69999999
2025-08-01 10:17:52 AM,837.9,1,837.9,66424968.59999999
2025-08-01 10:17:58 AM,837.9,130,108927.0,66533895.59999999
2025-08-01 10:18:04 AM,837.9,1,837.9,66534733.499999985
2025-08-01 10:18:09 AM,837.5,14,11725.0,66546458.499999985
2025-08-01 10:18:13 AM,837.9,0,0.0,66546458.499999985
2025-08-01 10:18:14 AM,837.5,0,0.0,66546458.499999985
2025-08-01 10:18:15 AM,837.9,24,20109.6,66566568.09999999
2025-08-01 10:18:21 AM,837.9,1,837.9,66567405.999999985
2025-08-01 10:18:33 AM,837.9,29,24299.1,66591705.09999999
2025-08-01 10:18:39 AM,837.9,2,1675.8,66593380.89999998
2025-08-01 10:18:44 AM,837.9,1,837.9,66594218.79999998
2025-08-01 10:18:48 AM,837.85,0,0.0,66594218.79999998
2025-08-01 10:18:50 AM,837.85,10,8378.5,66602597.29999998
2025-08-01 10:18:55 AM,837.85,1,837.85,66603435.14999998
2025-08-01 10:19:07 AM,837.85,7,5864.95,66609300.09999999
2025-08-01 10:19:13 AM,837.85,33,27649.05,66636949.14999998
2025-08-01 10:19:19 AM,837.85,3,2513.55,66639462.69999998
2025-08-01 10:19:21 AM,837.8,0,0.0,66639462.69999998
2025-08-01 10:19:24 AM,837.8,2,1675.6,66641138.29999998
2025-08-01 10:19:30 AM,837.8,25,20945.0,66662083.29999998
2025-08-01 10:19:36 AM,837.55,0,0.0,66662083.29999998
2025-08-01 10:19:36 AM,837.55,5,4187.75,66666271.04999998
2025-08-01 10:19:39 AM,837.3,0,0.0,66666271.04999998
2025-08-01 10:19:41 AM,837.5,187,156612.5,66822883.54999998
2025-08-01 10:19:45 AM,836.8,0,0.0,66822883.54999998
2025-08-01 10:19:47 AM,836.8,330,276144.0,67099027.54999998
2025-08-01 10:19:51 AM,834.85,0,0.0,67099027.54999998
2025-08-01 10:19:53 AM,834.9,1209,1009394.1,68108421.64999998
2025-08-01 10:19:57 AM,834.4,0,0.0,68108421.64999998
2025-08-01 10:19:58 AM,834.9,572,477562.8,68585984.44999997
2025-08-01 10:20:03 AM,834.9,151,126069.9,68712054.34999998
2025-08-01 10:20:15 AM,835.5,16,13368.0,68725422.34999998
2025-08-01 10:20:16 AM,835.5,62,51801.0,68777223.34999998
2025-08-01 10:20:21 AM,835.0,0,0.0,68777223.34999998
2025-08-01 10:20:21 AM,835.0,40,33400.0,68810623.34999998
2025-08-01 10:20:22 AM,835.3,6,5011.799999999999,68815635.14999998
2025-08-01 10:20:26 AM,835.0,0,0.0,68815635.14999998
2025-08-01 10:20:27 AM,835.0,168,140280.0,68955915.14999998
2025-08-01 10:20:34 AM,835.2,3,2505.6000000000004,68958420.74999997
2025-08-01 10:20:38 AM,835.65,0,0.0,68958420.74999997
2025-08-01 10:20:39 AM,835.65,349,291641.85,69250062.59999996
2025-08-01 10:20:45 AM,835.65,65,54317.25,69304379.84999996
2025-08-01 10:20:47 AM,836.2,0,0.0,69304379.84999996
2025-08-01 10:20:47 AM,836.2,31,25922.2,69330302.04999997
2025-08-01 10:20:49 AM,836.55,0,0.0,69330302.04999997
2025-08-01 10:20:51 AM,836.55,5,4182.75,69334484.79999997
2025-08-01 10:20:53 AM,836.9,1,836.9,69335321.69999997
2025-08-01 10:20:57 AM,836.85,0,0.0,69335321.69999997
2025-08-01 10:20:58 AM,836.85,1,836.85,69336158.54999997
2025-08-01 10:21:02 AM,836.9,7,5858.3,69342016.84999996
2025-08-01 10:21:05 AM,836.55,0,0.0,69342016.84999996
2025-08-01 10:21:07 AM,836.85,0,0.0,69342016.84999996
2025-08-01 10:21:07 AM,836.85,55,46026.75,69388043.59999996
2025-08-01 10:21:09 AM,836.9,0,0.0,69388043.59999996
2025-08-01 10:21:10 AM,836.5,26,21749.0,69409792.59999996
2025-08-01 10:21:21 AM,836.7,0,0.0,69409792.59999996
2025-08-01 10:21:23 AM,836.5,0,0.0,69409792.59999996
2025-08-01 10:21:24 AM,836.5,4,3346.0,69413138.59999996
2025-08-01 10:21:40 AM,836.5,1,836.5,69413975.09999996
2025-08-01 10:21:42 AM,836.5,14,11711.0,69425686.09999996
2025-08-01 10:21:48 AM,836.7,3,2510.1000000000004,69428196.19999996
2025-08-01 10:21:58 AM,836.7,3,2510.1000000000004,69430706.29999995
2025-08-01 10:22:14 AM,836.3,0,0.0,69430706.29999995
2025-08-01 10:22:15 AM,836.3,29,24252.699999999997,69454958.99999996
2025-08-01 10:22:17 AM,836.7,1,836.7,69455795.69999996
2025-08-01 10:22:23 AM,836.7,1,836.7,69456632.39999996
2025-08-01 10:22:27 AM,836.7,12,10040.400000000001,69466672.79999997
2025-08-01 10:22:29 AM,836.7,15,12550.5,69479223.29999997
2025-08-01 10:22:33 AM,836.7,1,836.7,69480059.99999997
2025-08-01 10:22:43 AM,836.0,70,58520.0,69538579.99999997
2025-08-01 10:22:49 AM,836.7,1,836.7,69539416.69999997
2025-08-01 10:22:59 AM,836.7,3,2510.1000000000004,69541926.79999997
2025-08-01 10:23:19 AM,836.0,0,0.0,69541926.79999997
2025-08-01 10:23:20 AM,836.0,7,5852.0,69547778.79999997
2025-08-01 10:23:26 AM,836.0,7,5852.0,69553630.79999997
2025-08-01 10:23:28 AM,835.35,0,0.0,69553630.79999997
2025-08-01 10:23:28 AM,835.35,50,41767.5,69595398.29999997
2025-08-01 10:23:31 AM,835.95,0,0.0,69595398.29999997
2025-08-01 10:23:31 AM,835.95,1,835.95,69596234.24999997
2025-08-01 10:23:34 AM,835.85,10,8358.5,69604592.74999997
2025-08-01 10:23:37 AM,835.8,0,0.0,69604592.74999997
2025-08-01 10:23:37 AM,835.8,2,1671.6,69606264.34999996
2025-08-01 10:23:43 AM,835.7,0,0.0,69606264.34999996
2025-08-01 10:23:45 AM,835.7,1,835.7,69607100.04999997
2025-08-01 10:23:56 AM,835.2,51,42595.200000000004,69649695.24999997
2025-08-01 10:23:59 AM,835.1,12,10021.2,69659716.44999997
2025-08-01 10:24:04 AM,835.65,0,0.0,69659716.44999997
2025-08-01 10:24:05 AM,835.65,10,8356.5,69668072.94999997
2025-08-01 10:24:07 AM,835.65,26,21726.899999999998,69689799.84999998
2025-08-01 10:24:14 AM,835.45,0,0.0,69689799.84999998
2025-08-01 10:24:16 AM,835.45,2,1670.9,69691470.74999999
2025-08-01 10:24:17 AM,835.1,0,0.0,69691470.74999999
2025-08-01 10:24:18 AM,835.1,14,11691.4,69703162.14999999
2025-08-01 10:24:19 AM,835.6,0,0.0,69703162.14999999
2025-08-01 10:24:21 AM,835.7,851,711180.7000000001,70414342.85
2025-08-01 10:24:23 AM,835.95,7,5851.650000000001,70420194.5
2025-08-01 10:24:38 AM,836.5,0,0.0,70420194.5
2025-08-01 10:24:38 AM,836.5,11,9201.5,70429396.0
2025-08-01 10:24:40 AM,836.05,0,0.0,70429396.0
2025-08-01 10:24:40 AM,836.05,90,75244.5,70504640.5
2025-08-01 10:24:42 AM,836.6,0,0.0,70504640.5
2025-08-01 10:24:43 AM,836.6,3,2509.8,70507150.3
2025-08-01 10:24:49 AM,836.6,7,5856.2,70513006.5
2025-08-01 10:24:52 AM,836.8,0,0.0,70513006.5
2025-08-01 10:24:53 AM,836.9,0,0.0,70513006.5
2025-08-01 10:24:54 AM,836.9,105,87874.5,70600881.0
2025-08-01 10:24:56 AM,836.9,4,3347.6,70604228.6
2025-08-01 10:25:14 AM,836.9,1,836.9,70605065.5
2025-08-01 10:25:17 AM,836.9,3,2510.7,70607576.2
2025-08-01 10:25:29 AM,836.9,100,83690.0,70691266.2
2025-08-01 10:25:34 AM,836.9,18,15064.199999999999,70706330.4
2025-08-01 10:25:42 AM,836.9,1,836.9,70707167.30000001
2025-08-01 10:25:45 AM,836.5,0,0.0,70707167.30000001
2025-08-01 10:25:45 AM,836.5,20,16730.0,70723897.30000001
2025-08-01 10:25:48 AM,836.85,0,0.0,70723897.30000001
2025-08-01 10:25:48 AM,836.85,2,1673.7,70725571.00000001
2025-08-01 10:25:56 AM,836.5,10,8365.0,70733936.00000001
2025-08-01 10:26:02 AM,836.5,1,836.5,70734772.50000001
2025-08-01 10:26:13 AM,836.5,7,5855.5,70740628.00000001
2025-08-01 10:26:27 AM,836.5,288,240912.0,70981540.00000001
2025-08-01 10:26:30 AM,836.5,4,3346.0,70984886.00000001
2025-08-01 10:26:32 AM,836.5,7,5855.5,70990741.50000001
2025-08-01 10:26:38 AM,836.55,0,0.0,70990741.50000001
2025-08-01 10:26:38 AM,836.55,11,9202.05,70999943.55000001
2025-08-01 10:26:50 AM,836.55,16,13384.8,71013328.35000001
2025-08-01 10:26:53 AM,836.55,4,3346.2,71016674.55000001
2025-08-01 10:26:56 AM,836.65,47,39322.549999999996,71055997.10000001
2025-08-01 10:26:57 AM,836.55,0,0.0,71055997.10000001
2025-08-01 10:26:59 AM,836.55,24,20077.199999999997,71076074.30000001
2025-08-01 10:27:01 AM,836.9,5,4184.5,71080258.80000001
2025-08-01 10:27:04 AM,836.9,4,3347.6,71083606.4
2025-08-01 10:27:13 AM,836.05,2973,2485576.65,73569183.05000001
2025-08-01 10:27:16 AM,836.15,62,51841.299999999996,73621024.35000001
2025-08-01 10:27:17 AM,836.05,0,0.0,73621024.35000001
2025-08-01 10:27:19 AM,836.05,12,10032.599999999999,73631056.95
2025-08-01 10:27:20 AM,835.6,0,0.0,73631056.95
2025-08-01 10:27:21 AM,835.6,30,25068.0,73656124.95
2025-08-01 10:27:26 AM,836.1,0,0.0,73656124.95
2025-08-01 10:27:26 AM,836.1,10,8361.0,73664485.95
2025-08-01 10:27:30 AM,836.1,20,16722.0,73681207.95
2025-08-01 10:27:33 AM,836.15,0,0.0,73681207.95
2025-08-01 10:27:35 AM,836.15,91,76089.65,73757297.60000001
2025-08-01 10:27:41 AM,836.2,19,15887.800000000001,73773185.4
2025-08-01 10:27:52 AM,836.2,12,10034.400000000001,73783219.80000001
2025-08-01 10:27:54 AM,836.2,5,4181.0,73787400.80000001
2025-08-01 10:27:59 AM,836.2,5,4181.0,73791581.80000001
2025-08-01 10:28:08 AM,836.2,25,20905.0,73812486.80000001
2025-08-01 10:28:18 AM,836.2,30,25086.0,73837572.80000001
2025-08-01 10:28:24 AM,836.2,32,26758.4,73864331.20000002
2025-08-01 10:28:34 AM,836.0,0,0.0,73864331.20000002
2025-08-01 10:28:35 AM,836.0,29,24244.0,73888575.20000002
2025-08-01 10:28:38 AM,836.1,32,26755.2,73915330.40000002
2025-08-01 10:28:40 AM,836.1,12,10033.2,73925363.60000002
2025-08-01 10:28:42 AM,835.5,0,0.0,73925363.60000002
2025-08-01 10:28:43 AM,836.0,43,35948.0,73961311.60000002
2025-08-01 10:28:45 AM,835.95,0,0.0,73961311.60000002
2025-08-01 10:28:46 AM,835.95,13,10867.35,73972178.95000002
2025-08-01 10:28:51 AM,835.85,0,0.0,73972178.95000002
2025-08-01 10:28:52 AM,835.85,8,6686.8,73978865.75000001
2025-08-01 10:28:57 AM,835.85,32,26747.2,74005612.95000002
2025-08-01 10:29:06 AM,835.85,167,139586.95,74145199.90000002
2025-08-01 10:29:08 AM,835.8,0,0.0,74145199.90000002
2025-08-01 10:29:08 AM,835.8,11,9193.8,74154393.70000002
2025-08-01 10:29:17 AM,835.8,1,835.8,74155229.50000001
2025-08-01 10:29:19 AM,835.8,10,8358.0,74163587.50000001
2025-08-01 10:29:33 AM,835.8,4,3343.2,74166930.70000002
2025-08-01 10:29:46 AM,835.6,0,0.0,74166930.70000002
2025-08-01 10:29:47 AM,835.6,1,835.6,74167766.30000001
2025-08-01 10:29:50 AM,835.7,0,0.0,74167766.30000001
2025-08-01 10:29:50 AM,835.7,1,835.7,74168602.00000001
2025-08-01 10:29:52 AM,835.7,12,10028.400000000001,74178630.40000002
2025-08-01 10:30:00 AM,835.6,0,0.0,74178630.40000002
2025-08-01 10:30:01 AM,835.6,5,4178.0,74182808.40000002
2025-08-01 10:30:10 AM,835.5,0,0.0,74182808.40000002
2025-08-01 10:30:10 AM,835.5,44,36762.0,74219570.40000002
2025-08-01 10:30:13 AM,835.5,5,4177.5,74223747.90000002
2025-08-01 10:30:21 AM,835.5,14,11697.0,74235444.90000002
2025-08-01 10:30:24 AM,835.25,10,8352.5,74243797.40000002
2025-08-01 10:30:27 AM,835.5,52,43446.0,74287243.40000002
2025-08-01 10:30:33 AM,835.75,2152,1798534.0,76085777.40000002
2025-08-01 10:30:35 AM,836.65,1,836.65,76086614.05000003
2025-08-01 10:30:37 AM,836.2,0,0.0,76086614.05000003
2025-08-01 10:30:39 AM,836.2,1,836.2,76087450.25000003
2025-08-01 10:30:43 AM,836.75,0,0.0,76087450.25000003
2025-08-01 10:30:44 AM,836.75,104,87022.0,76174472.25000003
2025-08-01 10:30:55 AM,837.25,18,15070.5,76189542.75000003
2025-08-01 10:31:01 AM,836.7,6,5020.200000000001,76194562.95000003
2025-08-01 10:31:04 AM,837.05,5,4185.25,76198748.20000003
2025-08-01 10:31:08 AM,837.15,0,0.0,76198748.20000003
2025-08-01 10:31:10 AM,837.15,10,8371.5,76207119.70000003
2025-08-01 10:31:13 AM,837.05,0,0.0,76207119.70000003
2025-08-01 10:31:13 AM,837.05,101,84542.04999999999,76291661.75000003
2025-08-01 10:31:15 AM,837.0,0,0.0,76291661.75000003
2025-08-01 10:31:16 AM,837.0,19,15903.0,76307564.75000003
2025-08-01 10:31:19 AM,837.0,8,6696.0,76314260.75000003
2025-08-01 10:31:23 AM,836.5,0,0.0,76314260.75000003
2025-08-01 10:31:24 AM,837.0,36,30132.0,76344392.75000003
2025-08-01 10:31:27 AM,837.0,23,19251.0,76363643.75000003
2025-08-01 10:31:30 AM,837.0,9,7533.0,76371176.75000003
2025-08-01 10:31:35 AM,836.55,0,0.0,76371176.75000003
2025-08-01 10:31:35 AM,836.55,5,4182.75,76375359.50000003
2025-08-01 10:31:48 AM,837.0,0,0.0,76375359.50000003
2025-08-01 10:31:49 AM,837.0,1,837.0,76376196.50000003
2025-08-01 10:32:05 AM,836.95,22,18412.9,76394609.40000004
2025-08-01 10:32:12 AM,836.6,0,0.0,76394609.40000004
2025-08-01 10:32:12 AM,836.6,8,6692.8,76401302.20000003
2025-08-01 10:32:15 AM,837.0,0,0.0,76401302.20000003
2025-08-01 10:32:15 AM,837.0,1,837.0,76402139.20000003
2025-08-01 10:32:19 AM,837.0,60,50220.0,76452359.20000003
2025-08-01 10:32:22 AM,837.0,1,837.0,76453196.20000003
2025-08-01 10:32:29 AM,836.45,0,0.0,76453196.20000003
2025-08-01 10:32:31 AM,836.45,77,64406.65,76517602.85000004
2025-08-01 10:32:38 AM,836.95,0,0.0,76517602.85000004
2025-08-01 10:32:38 AM,836.95,4,3347.8,76520950.65000004
2025-08-01 10:32:44 AM,836.5,0,0.0,76520950.65000004
2025-08-01 10:32:44 AM,836.5,5,4182.5,76525133.15000004
2025-08-01 10:32:49 AM,836.95,2,1673.9,76526807.05000004
2025-08-01 10:32:52 AM,836.95,4,3347.8,76530154.85000004
2025-08-01 10:33:09 AM,836.85,2,1673.7,76531828.55000004
2025-08-01 10:33:14 AM,836.45,0,0.0,76531828.55000004
2025-08-01 10:33:15 AM,836.45,110,92009.5,76623838.05000004
2025-08-01 10:33:20 AM,836.4,0,0.0,76623838.05000004
2025-08-01 10:33:21 AM,836.45,51,42658.950000000004,76666497.00000004
2025-08-01 10:33:26 AM,836.45,11,9200.95,76675697.95000005
2025-08-01 10:33:31 AM,836.45,5,4182.25,76679880.20000005
2025-08-01 10:33:42 AM,836.0,1,836.0,76680716.20000005
2025-08-01 10:33:44 AM,836.45,0,0.0,76680716.20000005
2025-08-01 10:33:45 AM,836.45,6,5018.700000000001,76685734.90000005
2025-08-01 10:34:04 AM,836.35,0,0.0,76685734.90000005
2025-08-01 10:34:05 AM,836.35,10,8363.5,76694098.40000005
2025-08-01 10:34:06 AM,836.3,0,0.0,76694098.40000005
2025-08-01 10:34:07 AM,836.3,6,5017.799999999999,76699116.20000005
2025-08-01 10:34:10 AM,836.1,0,0.0,76699116.20000005
2025-08-01 10:34:11 AM,836.1,28,23410.8,76722527.00000004
2025-08-01 10:34:17 AM,836.1,82,68560.2,76791087.20000005
2025-08-01 10:34:22 AM,836.1,3,2508.3,76793595.50000004
2025-08-01 10:34:28 AM,836.1,35,29263.5,76822859.00000004
2025-08-01 10:34:30 AM,836.35,193,161415.55000000002,76984274.55000004
2025-08-01 10:34:35 AM,837.1,9,7533.900000000001,76991808.45000005
2025-08-01 10:34:53 AM,836.6,80,66928.0,77058736.45000005
2025-08-01 10:34:58 AM,836.9,0,0.0,77058736.45000005
2025-08-01 10:34:59 AM,836.9,1,836.9,77059573.35000005
2025-08-01 10:35:10 AM,836.9,1,836.9,77060410.25000006
2025-08-01 10:35:19 AM,836.9,32,26780.8,77087191.05000006
2025-08-01 10:35:21 AM,836.9,60,50214.0,77137405.05000006
2025-08-01 10:35:25 AM,836.5,50,41825.0,77179230.05000006
2025-08-01 10:35:27 AM,836.5,20,16730.0,77195960.05000006
2025-08-01 10:35:29 AM,836.35,0,0.0,77195960.05000006
2025-08-01 10:35:30 AM,836.35,27,22581.45,77218541.50000006
2025-08-01 10:35:33 AM,836.5,0,0.0,77218541.50000006
2025-08-01 10:35:36 AM,836.5,22,18403.0,77236944.50000006
2025-08-01 10:35:38 AM,836.5,14,11711.0,77248655.50000006
2025-08-01 10:35:42 AM,836.5,10,8365.0,77257020.50000006
2025-08-01 10:35:44 AM,836.5,1,836.5,77257857.00000006
2025-08-01 10:35:47 AM,836.5,62,51863.0,77309720.00000006
2025-08-01 10:35:53 AM,836.35,0,0.0,77309720.00000006
2025-08-01 10:35:53 AM,836.35,8,6690.8,77316410.80000006
2025-08-01 10:36:00 AM,836.35,5,4181.75,77320592.55000006
2025-08-01 10:36:07 AM,836.0,0,0.0,77320592.55000006
2025-08-01 10:36:09 AM,836.0,12,10032.0,77330624.55000006
2025-08-01 10:36:20 AM,836.3,0,0.0,77330624.55000006
2025-08-01 10:36:21 AM,836.45,74,61897.3,77392521.85000005
2025-08-01 10:36:22 AM,836.5,0,0.0,77392521.85000005
2025-08-01 10:36:23 AM,836.5,20,16730.0,77409251.85000005
2025-08-01 10:36:39 AM,836.5,10,8365.0,77417616.85000005
2025-08-01 10:36:43 AM,836.5,2,1673.0,77419289.85000005
2025-08-01 10:36:50 AM,836.5,2,1673.0,77420962.85000005
2025-08-01 10:36:59 AM,836.5,5,4182.5,77425145.35000005
2025-08-01 10:37:06 AM,836.0,200,167200.0,77592345.35000005
2025-08-01 10:37:12 AM,836.5,0,0.0,77592345.35000005
2025-08-01 10:37:12 AM,836.5,14,11711.0,77604056.35000005
2025-08-01 10:37:16 AM,836.5,65,54372.5,77658428.85000005
2025-08-01 10:37:18 AM,836.5,6,5019.0,77663447.85000005
2025-08-01 10:37:39 AM,836.05,0,0.0,77663447.85000005
2025-08-01 10:37:41 AM,836.05,14,11704.699999999999,77675152.55000006
2025-08-01 10:37:42 AM,836.5,0,0.0,77675152.55000006
2025-08-01 10:37:43 AM,836.5,5,4182.5,77679335.05000006
2025-08-01 10:37:52 AM,836.5,1,836.5,77680171.55000006
2025-08-01 10:38:00 AM,836.5,2,1673.0,77681844.55000006
2025-08-01 10:38:15 AM,836.5,13,10874.5,77692719.05000006
2025-08-01 10:38:19 AM,836.5,1,836.5,77693555.55000006
2025-08-01 10:38:30 AM,836.4,0,0.0,77693555.55000006
2025-08-01 10:38:31 AM,836.4,10,8364.0,77701919.55000006
2025-08-01 10:38:34 AM,836.4,3,2509.2,77704428.75000006
2025-08-01 10:38:43 AM,836.4,5,4182.0,77708610.75000006
2025-08-01 10:38:45 AM,836.4,30,25092.0,77733702.75000006
2025-08-01 10:38:51 AM,836.4,3,2509.2,77736211.95000006
2025-08-01 10:38:59 AM,836.4,2,1672.8,77737884.75000006
2025-08-01 10:39:05 AM,836.4,115,96186.0,77834070.75000006
2025-08-01 10:39:08 AM,836.4,6,5018.4,77839089.15000007
2025-08-01 10:39:13 AM,836.35,8,6690.8,77845779.95000006
2025-08-01 10:39:15 AM,836.3,0,0.0,77845779.95000006
2025-08-01 10:39:16 AM,836.3,10,8363.0,77854142.95000006
2025-08-01 10:39:22 AM,836.3,5,4181.5,77858324.45000006
2025-08-01 10:39:24 AM,836.25,2,1672.5,77859996.95000006
2025-08-01 10:39:27 AM,836.3,0,0.0,77859996.95000006
2025-08-01 10:39:27 AM,836.3,10,8363.0,77868359.95000006
2025-08-01 10:39:29 AM,835.75,0,0.0,77868359.95000006
2025-08-01 10:39:30 AM,835.75,835,697851.25,78566211.20000006
2025-08-01 10:39:32 AM,835.5,0,0.0,78566211.20000006
2025-08-01 10:39:33 AM,835.5,32,26736.0,78592947.20000006
2025-08-01 10:39:41 AM,835.5,7,5848.5,78598795.70000006
2025-08-01 10:39:44 AM,835.5,29,24229.5,78623025.20000006
2025-08-01 10:39:47 AM,835.5,21,17545.5,78640570.70000006
2025-08-01 10:39:52 AM,835.4,2,1670.8,78642241.50000006
2025-08-01 10:39:58 AM,835.4,4,3341.6,78645583.10000005
2025-08-01 10:40:01 AM,835.4,60,50124.0,78695707.10000005
2025-08-01 10:40:03 AM,835.4,14,11695.6,78707402.70000005
2025-08-01 10:40:05 AM,835.1,0,0.0,78707402.70000005
2025-08-01 10:40:06 AM,835.1,10,8351.0,78715753.70000005
2025-08-01 10:40:09 AM,835.4,1,835.4,78716589.10000005
2025-08-01 10:40:12 AM,835.4,10,8354.0,78724943.10000005
2025-08-01 10:40:25 AM,835.1,37,30898.7,78755841.80000006
2025-08-01 10:40:27 AM,834.75,0,0.0,78755841.80000006
2025-08-01 10:40:28 AM,834.75,832,694512.0,79450353.80000006
2025-08-01 10:40:33 AM,834.85,0,0.0,79450353.80000006
2025-08-01 10:40:34 AM,834.85,23,19201.55,79469555.35000005
2025-08-01 10:40:37 AM,834.8,2,1669.6,79471224.95000005
2025-08-01 10:40:42 AM,834.8,1,834.8,79472059.75000004
2025-08-01 10:40:44 AM,834.75,0,0.0,79472059.75000004
2025-08-01 10:40:45 AM,834.75,169,141072.75,79613132.50000004
2025-08-01 10:40:47 AM,834.1,0,0.0,79613132.50000004
2025-08-01 10:40:48 AM,834.1,192,160147.2,79773279.70000005
2025-08-01 10:40:49 AM,834.7,0,0.0,79773279.70000005
2025-08-01 10:40:51 AM,834.25,0,0.0,79773279.70000005
2025-08-01 10:40:51 AM,834.25,19,15850.75,79789130.45000005
2025-08-01 10:40:55 AM,834.85,0,0.0,79789130.45000005
2025-08-01 10:40:56 AM,834.95,0,0.0,79789130.45000005
2025-08-01 10:40:56 AM,834.95,812,677979.4,80467109.85000005
2025-08-01 10:41:02 AM,834.95,40,33398.0,80500507.85000005
2025-08-01 10:41:04 AM,835.4,0,0.0,80500507.85000005
2025-08-01 10:41:04 AM,835.4,58,48453.2,80548961.05000006
2025-08-01 10:41:07 AM,835.35,0,0.0,80548961.05000006
2025-08-01 10:41:07 AM,835.35,10,8353.5,80557314.55000006
2025-08-01 10:41:10 AM,835.35,4,3341.4,80560655.95000006
2025-08-01 10:41:13 AM,835.35,10,8353.5,80569009.45000006
2025-08-01 10:41:36 AM,835.35,12,10024.2,80579033.65000007
2025-08-01 10:41:37 AM,835.3,0,0.0,80579033.65000007
2025-08-01 10:41:37 AM,835.35,5,4176.75,80583210.40000007
2025-08-01 10:41:47 AM,835.35,2,1670.7,80584881.10000007
2025-08-01 10:41:52 AM,835.35,26,21719.100000000002,80606600.20000006
2025-08-01 10:41:53 AM,835.35,7,5847.45,80612447.65000007
2025-08-01 10:42:03 AM,835.35,5,4176.75,80616624.40000007
2025-08-01 10:42:05 AM,835.3,0,0.0,80616624.40000007
2025-08-01 10:42:09 AM,835.3,32,26729.6,80643354.00000006
2025-08-01 10:42:10 AM,835.3,2,1670.6,80645024.60000005
2025-08-01 10:42:20 AM,835.3,1,835.3,80645859.90000005
2025-08-01 10:42:41 AM,835.25,0,0.0,80645859.90000005
2025-08-01 10:42:42 AM,835.25,25,20881.25,80666741.15000005
2025-08-01 10:42:44 AM,835.25,10,8352.5,80675093.65000005
2025-08-01 10:42:50 AM,835.25,12,10023.0,80685116.65000005
2025-08-01 10:42:58 AM,835.25,11,9187.75,80694304.40000005
2025-08-01 10:43:01 AM,835.25,10,8352.5,80702656.90000005
2025-08-01 10:43:04 AM,835.25,2,1670.5,80704327.40000005
2025-08-01 10:43:10 AM,835.25,40,33410.0,80737737.40000005
2025-08-01 10:43:15 AM,835.25,20,16705.0,80754442.40000005
2025-08-01 10:43:22 AM,835.25,1,835.25,80755277.65000005
2025-08-01 10:43:28 AM,835.25,71,59302.75,80814580.40000005
2025-08-01 10:43:33 AM,835.25,145,121111.25,80935691.65000005
2025-08-01 10:43:39 AM,835.25,10,8352.5,80944044.15000005
2025-08-01 10:43:44 AM,835.0,0,0.0,80944044.15000005
2025-08-01 10:43:44 AM,835.15,24,20043.6,80964087.75000004
2025-08-01 10:43:47 AM,835.2,60,50112.0,81014199.75000004
2025-08-01 10:43:54 AM,835.15,0,0.0,81014199.75000004
2025-08-01 10:43:54 AM,835.15,9,7516.349999999999,81021716.10000004
2025-08-01 10:43:56 AM,834.7,0,0.0,81021716.10000004
2025-08-01 10:43:57 AM,834.7,81,67610.7,81089326.80000004
2025-08-01 10:44:02 AM,834.7,5,4173.5,81093500.30000004
2025-08-01 10:44:07 AM,834.7,19,15859.300000000001,81109359.60000004
2025-08-01 10:44:15 AM,834.7,12,10016.400000000001,81119376.00000004
2025-08-01 10:44:19 AM,834.7,50,41735.0,81161111.00000004
2025-08-01 10:44:20 AM,834.5,0,0.0,81161111.00000004
2025-08-01 10:44:21 AM,834.5,1,834.5,81161945.50000004
2025-08-01 10:44:26 AM,834.7,9,7512.3,81169457.80000004
2025-08-01 10:44:29 AM,834.7,3,2504.1000000000004,81171961.90000004
2025-08-01 10:44:37 AM,834.7,2,1669.4,81173631.30000004
2025-08-01 10:44:40 AM,834.7,167,139394.9,81313026.20000005
2025-08-01 10:44:43 AM,834.2,0,0.0,81313026.20000005
2025-08-01 10:44:43 AM,834.2,50,41710.0,81354736.20000005
2025-08-01 10:44:48 AM,834.7,0,0.0,81354736.20000005
2025-08-01 10:44:48 AM,834.7,11,9181.7,81363917.90000005
2025-08-01 10:44:59 AM,834.7,25,20867.5,81384785.40000005
2025-08-01 10:45:02 AM,834.7,1,834.7,81385620.10000005
2025-08-01 10:45:05 AM,834.5,0,0.0,81385620.10000005
2025-08-01 10:45:07 AM,834.5,59,49235.5,81434855.60000005
2025-08-01 10:45:18 AM,834.5,10,8345.0,81443200.60000005
2025-08-01 10:45:21 AM,834.5,59,49235.5,81492436.10000005
2025-08-01 10:45:32 AM,834.5,5,4172.5,81496608.60000005
2025-08-01 10:45:34 AM,834.5,209,174410.5,81671019.10000005
2025-08-01 10:45:36 AM,834.7,0,0.0,81671019.10000005
2025-08-01 10:45:37 AM,834.7,28,23371.600000000002,81694390.70000005
2025-08-01 10:45:44 AM,834.5,0,0.0,81694390.70000005
2025-08-01 10:45:45 AM,834.5,2,1669.0,81696059.70000005
2025-08-01 10:45:49 AM,834.7,0,0.0,81696059.70000005
2025-08-01 10:45:51 AM,834.7,38,31718.600000000002,81727778.30000004
2025-08-01 10:45:52 AM,834.5,0,0.0,81727778.30000004
2025-08-01 10:45:53 AM,834.7,0,0.0,81727778.30000004
2025-08-01 10:45:53 AM,834.7,71,59263.700000000004,81787042.00000004
2025-08-01 10:45:57 AM,834.1,0,0.0,81787042.00000004
2025-08-01 10:45:58 AM,834.1,406,338644.60000000003,82125686.60000004
2025-08-01 10:46:03 AM,834.7,0,0.0,82125686.60000004
2025-08-01 10:46:04 AM,834.7,1,834.7,82126521.30000004
2025-08-01 10:46:16 AM,834.7,30,25041.0,82151562.30000004
2025-08-01 10:46:30 AM,834.7,11,9181.7,82160744.00000004
2025-08-01 10:46:32 AM,834.7,4,3338.8,82164082.80000004
2025-08-01 10:46:41 AM,834.1,0,0.0,82164082.80000004
2025-08-01 10:46:42 AM,834.7,122,101833.40000000001,82265916.20000005
2025-08-01 10:46:46 AM,835.0,0,0.0,82265916.20000005
2025-08-01 10:46:47 AM,835.0,240,200400.0,82466316.20000005
2025-08-01 10:46:53 AM,834.9,5,4174.5,82470490.70000005
2025-08-01 10:46:54 AM,835.0,50,41750.0,82512240.70000005
2025-08-01 10:46:55 AM,834.0,0,0.0,82512240.70000005
2025-08-01 10:46:57 AM,834.15,0,0.0,82512240.70000005
2025-08-01 10:46:58 AM,834.4,526,438894.39999999997,82951135.10000005
2025-08-01 10:46:59 AM,834.55,0,0.0,82951135.10000005
2025-08-01 10:46:59 AM,834.55,9,7510.95,82958646.05000006
2025-08-01 10:47:05 AM,834.55,17,14187.349999999999,82972833.40000005
2025-08-01 10:47:07 AM,834.4,0,0.0,82972833.40000005
2025-08-01 10:47:09 AM,834.4,15,12516.0,82985349.40000005
2025-08-01 10:47:27 AM,834.4,10,8344.0,82993693.40000005
2025-08-01 10:47:30 AM,835.0,0,0.0,82993693.40000005
2025-08-01 10:47:30 AM,835.0,100,83500.0,83077193.40000005
2025-08-01 10:47:33 AM,834.9,0,0.0,83077193.40000005
2025-08-01 10:47:36 AM,834.9,15,12523.5,83089716.90000005
2025-08-01 10:47:39 AM,834.85,0,0.0,83089716.90000005
2025-08-01 10:47:41 AM,834.85,11,9183.35,83098900.25000004
2025-08-01 10:47:46 AM,834.85,55,45916.75,83144817.00000004
2025-08-01 10:47:52 AM,834.85,2,1669.7,83146486.70000005
2025-08-01 10:48:00 AM,834.85,1,834.85,83147321.55000004
2025-08-01 10:48:05 AM,834.85,41,34228.85,83181550.40000004
2025-08-01 10:48:10 AM,834.85,47,39237.950000000004,83220788.35000004
2025-08-01 10:48:12 AM,834.8,0,0.0,83220788.35000004
2025-08-01 10:48:13 AM,834.8,10,8348.0,83229136.35000004
2025-08-01 10:48:14 AM,834.85,0,0.0,83229136.35000004
2025-08-01 10:48:16 AM,834.85,12,10018.2,83239154.55000004
2025-08-01 10:48:24 AM,834.85,50,41742.5,83280897.05000004
2025-08-01 10:48:26 AM,834.8,7,5843.599999999999,83286740.65000004
2025-08-01 10:48:30 AM,834.85,70,58439.5,83345180.15000004
2025-08-01 10:48:32 AM,834.85,6,5009.1,83350189.25000003
2025-08-01 10:48:41 AM,834.85,13,10853.050000000001,83361042.30000003
2025-08-01 10:48:43 AM,834.85,15,12522.75,83373565.05000003
2025-08-01 10:48:46 AM,834.6,0,0.0,83373565.05000003
2025-08-01 10:48:46 AM,834.6,4,3338.4,83376903.45000003
2025-08-01 10:48:52 AM,834.6,10,8346.0,83385249.45000003
2025-08-01 10:48:57 AM,834.6,2,1669.2,83386918.65000004
2025-08-01 10:49:03 AM,834.6,25,20865.0,83407783.65000004
2025-08-01 10:49:10 AM,834.6,12,10015.2,83417798.85000004
2025-08-01 10:49:14 AM,834.6,52,43399.200000000004,83461198.05000004
2025-08-01 10:49:21 AM,834.6,11,9180.6,83470378.65000004
2025-08-01 10:49:24 AM,834.6,50,41730.0,83512108.65000004
2025-08-01 10:49:26 AM,834.6,3,2503.8,83514612.45000003
2025-08-01 10:49:31 AM,833.4,3758,3131917.1999999997,86646529.65000004
2025-08-01 10:49:35 AM,833.4,6,5000.4,86651530.05000004
2025-08-01 10:49:36 AM,833.05,15,12495.75,86664025.80000004
2025-08-01 10:49:43 AM,833.25,0,0.0,86664025.80000004
2025-08-01 10:49:45 AM,833.2,0,0.0,86664025.80000004
2025-08-01 10:49:46 AM,833.2,20,16664.0,86680689.80000004
2025-08-01 10:49:47 AM,833.25,0,0.0,86680689.80000004
2025-08-01 10:49:51 AM,833.25,2,1666.5,86682356.30000004
2025-08-01 10:49:54 AM,833.45,0,0.0,86682356.30000004
2025-08-01 10:49:55 AM,833.25,0,0.0,86682356.30000004
2025-08-01 10:49:56 AM,833.3,0,0.0,86682356.30000004
2025-08-01 10:49:56 AM,833.3,424,353319.19999999995,87035675.50000004
2025-08-01 10:50:02 AM,833.45,0,0.0,87035675.50000004
2025-08-01 10:50:02 AM,833.45,28,23336.600000000002,87059012.10000004
2025-08-01 10:50:04 AM,834.1,0,0.0,87059012.10000004
2025-08-01 10:50:07 AM,834.1,13,10843.300000000001,87069855.40000004
2025-08-01 10:50:10 AM,834.0,0,0.0,87069855.40000004
2025-08-01 10:50:13 AM,834.0,45,37530.0,87107385.40000004
2025-08-01 10:50:17 AM,833.95,0,0.0,87107385.40000004
2025-08-01 10:50:19 AM,833.95,16,13343.2,87120728.60000004
2025-08-01 10:50:24 AM,833.95,26,21682.7,87142411.30000004
2025-08-01 10:50:26 AM,833.9,0,0.0,87142411.30000004
2025-08-01 10:50:30 AM,833.9,17,14176.3,87156587.60000004
2025-08-01 10:50:33 AM,833.85,0,0.0,87156587.60000004
2025-08-01 10:50:35 AM,833.85,5,4169.25,87160756.85000004
2025-08-01 10:50:36 AM,833.85,5,4169.25,87164926.10000004
2025-08-01 10:50:41 AM,833.85,7,5836.95,87170763.05000004
2025-08-01 10:50:42 AM,833.9,170,141763.0,87312526.05000004
2025-08-01 10:50:45 AM,833.85,0,0.0,87312526.05000004
2025-08-01 10:50:46 AM,833.85,102,85052.7,87397578.75000004
2025-08-01 10:50:49 AM,833.9,0,0.0,87397578.75000004
2025-08-01 10:50:51 AM,833.95,0,0.0,87397578.75000004
2025-08-01 10:50:52 AM,833.85,0,0.0,87397578.75000004
2025-08-01 10:50:52 AM,833.85,807,672916.9500000001,88070495.70000005
2025-08-01 10:50:56 AM,833.9,0,0.0,88070495.70000005
2025-08-01 10:50:58 AM,833.9,36,30020.399999999998,88100516.10000005
2025-08-01 10:51:02 AM,834.55,0,0.0,88100516.10000005
2025-08-01 10:51:02 AM,833.9,0,0.0,88100516.10000005
2025-08-01 10:51:04 AM,833.9,134,111742.59999999999,88212258.70000005
2025-08-01 10:51:30 AM,834.6,0,0.0,88212258.70000005
2025-08-01 10:51:31 AM,834.6,3,2503.8,88214762.50000004
2025-08-01 10:51:34 AM,833.9,0,0.0,88214762.50000004
2025-08-01 10:51:37 AM,833.9,2,1667.8,88216430.30000004
2025-08-01 10:51:43 AM,834.5,1,834.5,88217264.80000004
2025-08-01 10:51:48 AM,834.5,2,1669.0,88218933.80000004
2025-08-01 10:51:53 AM,834.5,30,25035.0,88243968.80000004
2025-08-01 10:52:02 AM,834.45,0,0.0,88243968.80000004
2025-08-01 10:52:04 AM,834.45,3,2503.3500000000004,88246472.15000004
2025-08-01 10:52:09 AM,834.45,4,3337.8,88249809.95000003
2025-08-01 10:52:20 AM,834.45,75,62583.75,88312393.70000003
2025-08-01 10:52:26 AM,834.45,6,5006.700000000001,88317400.40000004
2025-08-01 10:52:31 AM,834.55,34,28374.699999999997,88345775.10000004
2025-08-01 10:52:36 AM,834.55,2,1669.1,88347444.20000003
2025-08-01 10:52:47 AM,834.55,50,41727.5,88389171.70000003
2025-08-01 10:52:58 AM,834.55,50,41727.5,88430899.20000003
2025-08-01 10:53:02 AM,834.55,57,47569.35,88478468.55000003
2025-08-01 10:53:08 AM,834.55,169,141038.94999999998,88619507.50000003
2025-08-01 10:53:14 AM,834.6,77,64264.200000000004,88683771.70000003
2025-08-01 10:53:18 AM,834.9,0,0.0,88683771.70000003
2025-08-01 10:53:18 AM,834.9,4,3339.6,88687111.30000003
2025-08-01 10:53:22 AM,835.2,0,0.0,88687111.30000003
2025-08-01 10:53:24 AM,835.2,170,141984.0,88829095.30000003
2025-08-01 10:53:29 AM,835.2,4,3340.8,88832436.10000002
2025-08-01 10:53:35 AM,835.2,50,41760.0,88874196.10000002
2025-08-01 10:53:45 AM,835.2,1,835.2,88875031.30000003
2025-08-01 10:53:51 AM,835.2,50,41760.0,88916791.30000003
2025-08-01 10:53:51 AM,834.9,10,8349.0,88925140.30000003
2025-08-01 10:53:54 AM,835.2,0,0.0,88925140.30000003
2025-08-01 10:53:56 AM,835.2,52,43430.4,88968570.70000003
2025-08-01 10:54:06 AM,835.2,8,6681.6,88975252.30000003
2025-08-01 10:54:12 AM,835.2,51,42595.200000000004,89017847.50000003
2025-08-01 10:54:17 AM,835.2,40,33408.0,89051255.50000003
2025-08-01 10:54:23 AM,835.2,50,41760.0,89093015.50000003
2025-08-01 10:54:24 AM,834.7,0,0.0,89093015.50000003
2025-08-01 10:54:24 AM,834.7,19,15859.300000000001,89108874.80000003
2025-08-01 10:54:26 AM,835.2,0,0.0,89108874.80000003
2025-08-01 10:54:28 AM,835.2,14,11692.800000000001,89120567.60000002
2025-08-01 10:54:36 AM,835.15,0,0.0,89120567.60000002
2025-08-01 10:54:39 AM,835.15,1,835.15,89121402.75000003
2025-08-01 10:54:44 AM,835.15,7,5846.05,89127248.80000003
2025-08-01 10:55:00 AM,835.15,52,43427.799999999996,89170676.60000002
2025-08-01 10:55:05 AM,835.15,5,4175.75,89174852.35000002
2025-08-01 10:55:10 AM,835.15,5,4175.75,89179028.10000002
2025-08-01 10:55:18 AM,835.0,0,0.0,89179028.10000002
2025-08-01 10:55:20 AM,835.1,0,0.0,89179028.10000002
2025-08-01 10:55:21 AM,835.1,11,9186.1,89188214.20000002
2025-08-01 10:55:24 AM,835.05,0,0.0,89188214.20000002
2025-08-01 10:55:27 AM,835.05,1,835.05,89189049.25000001
2025-08-01 10:55:27 AM,835.05,1,835.05,89189884.30000001
2025-08-01 10:55:49 AM,834.75,3,2504.25,89192388.55000001
2025-08-01 10:55:54 AM,834.7,6,5008.200000000001,89197396.75000001
2025-08-01 10:55:58 AM,834.75,0,0.0,89197396.75000001
2025-08-01 10:55:59 AM,834.75,184,153594.0,89350990.75000001
2025-08-01 10:56:04 AM,834.75,13,10851.75,89361842.50000001
2025-08-01 10:56:10 AM,834.75,12,10017.0,89371859.50000001
2025-08-01 10:56:14 AM,834.75,2,1669.5,89373529.00000001
2025-08-01 10:56:30 AM,834.75,11,9182.25,89382711.25000001
2025-08-01 10:56:35 AM,834.75,5,4173.75,89386885.00000001
2025-08-01 10:56:41 AM,834.75,2,1669.5,89388554.50000001
2025-08-01 10:56:44 AM,834.55,0,0.0,89388554.50000001
2025-08-01 10:56:46 AM,834.55,29,24201.949999999997,89412756.45000002
2025-08-01 10:56:48 AM,834.7,0,0.0,89412756.45000002
2025-08-01 10:56:51 AM,834.65,57,47575.049999999996,89460331.50000001
2025-08-01 10:56:54 AM,834.55,0,0.0,89460331.50000001
2025-08-01 10:56:57 AM,834.55,6,5007.299999999999,89465338.80000001
2025-08-01 10:56:58 AM,834.5,0,0.0,89465338.80000001
2025-08-01 10:56:58 AM,834.5,6,5007.0,89470345.80000001
2025-08-01 10:57:00 AM,834.4,0,0.0,89470345.80000001
2025-08-01 10:57:02 AM,834.5,0,0.0,89470345.80000001
2025-08-01 10:57:02 AM,834.5,119,99305.5,89569651.30000001
2025-08-01 10:57:06 AM,834.45,0,0.0,89569651.30000001
2025-08-01 10:57:07 AM,834.45,1,834.45,89570485.75000001
2025-08-01 10:57:29 AM,834.05,11,9174.55,89579660.30000001
2025-08-01 10:57:32 AM,834.5,0,0.0,89579660.30000001
2025-08-01 10:57:34 AM,834.5,2,1669.0,89581329.30000001
2025-08-01 10:57:46 AM,834.45,0,0.0,89581329.30000001
2025-08-01 10:57:50 AM,834.1,112,93419.2,89674748.50000001
2025-08-01 10:57:55 AM,834.1,299,249395.9,89924144.40000002
2025-08-01 10:58:00 AM,834.1,1,834.1,89924978.50000001
2025-08-01 10:58:02 AM,834.05,0,0.0,89924978.50000001
2025-08-01 10:58:04 AM,834.1,0,0.0,89924978.50000001
2025-08-01 10:58:06 AM,834.1,37,30861.7,89955840.20000002
2025-08-01 10:58:11 AM,834.1,20,16682.0,89972522.20000002
2025-08-01 10:58:16 AM,834.1,4,3336.4,89975858.60000002
2025-08-01 10:58:27 AM,834.1,2,1668.2,89977526.80000003
2025-08-01 10:58:30 AM,834.05,0,0.0,89977526.80000003
2025-08-01 10:58:33 AM,834.05,4,3336.2,89980863.00000003
2025-08-01 10:58:36 AM,834.1,0,0.0,89980863.00000003
2025-08-01 10:58:38 AM,834.1,32,26691.2,90007554.20000003
2025-08-01 10:58:44 AM,834.1,26,21686.600000000002,90029240.80000003
2025-08-01 10:58:49 AM,834.1,2,1668.2,90030909.00000003
2025-08-01 10:59:00 AM,834.1,55,45875.5,90076784.50000003
2025-08-01 10:59:05 AM,834.1,5,4170.5,90080955.00000003
2025-08-01 10:59:10 AM,834.1,1,834.1,90081789.10000002
2025-08-01 10:59:15 AM,834.1,7,5838.7,90087627.80000003
2025-08-01 10:59:20 AM,834.05,0,0.0,90087627.80000003
2025-08-01 10:59:20 AM,834.05,39,32527.949999999997,90120155.75000003
2025-08-01 10:59:25 AM,834.05,3,2502.1499999999996,90122657.90000004
2025-08-01 10:59:30 AM,834.05,1,834.05,90123491.95000003
2025-08-01 10:59:35 AM,834.05,16,13344.8,90136836.75000003
2025-08-01 10:59:41 AM,834.05,112,93413.59999999999,90230250.35000002
2025-08-01 10:59:57 AM,834.05,15,12510.75,90242761.10000002
2025-08-01 11:00:03 AM,834.05,126,105090.29999999999,90347851.40000002
2025-08-01 11:00:03 AM,834.05,1,834.05,90348685.45000002
2025-08-01 11:00:09 AM,834.1,28,23354.8,90372040.25000001
2025-08-01 11:00:15 AM,834.1,33,27525.3,90399565.55000001
2025-08-01 11:00:19 AM,835.0,0,0.0,90399565.55000001
2025-08-01 11:00:20 AM,835.0,2,1670.0,90401235.55000001
2025-08-01 11:00:23 AM,835.05,0,0.0,90401235.55000001
2025-08-01 11:00:26 AM,835.05,5,4175.25,90405410.80000001
2025-08-01 11:00:37 AM,835.1,1,835.1,90406245.9
2025-08-01 11:00:41 AM,834.45,0,0.0,90406245.9
2025-08-01 11:00:42 AM,834.45,153,127670.85,90533916.75
2025-08-01 11:00:53 AM,834.6,0,0.0,90533916.75
2025-08-01 11:00:53 AM,834.6,3,2503.8,90536420.55
2025-08-01 11:00:58 AM,834.6,26,21699.600000000002,90558120.14999999
2025-08-01 11:01:03 AM,834.05,3,2502.1499999999996,90560622.3
2025-08-01 11:01:05 AM,834.45,0,0.0,90560622.3
2025-08-01 11:01:05 AM,834.55,0,0.0,90560622.3
2025-08-01 11:01:08 AM,834.55,76,63425.799999999996,90624048.1
2025-08-01 11:01:14 AM,834.55,1,834.55,90624882.64999999
2025-08-01 11:01:19 AM,834.55,5,4172.75,90629055.39999999
2025-08-01 11:01:35 AM,834.55,5,4172.75,90633228.14999999
2025-08-01 11:01:45 AM,834.55,20,16691.0,90649919.14999999
2025-08-01 11:01:50 AM,834.55,12,10014.599999999999,90659933.74999999
2025-08-01 11:01:55 AM,834.45,0,0.0,90659933.74999999
2025-08-01 11:01:55 AM,834.45,5,4172.25,90664105.99999999
2025-08-01 11:02:00 AM,834.45,1,834.45,90664940.44999999
2025-08-01 11:02:07 AM,834.55,0,0.0,90664940.44999999
2025-08-01 11:02:11 AM,834.55,10,8345.5,90673285.94999999
2025-08-01 11:02:16 AM,834.55,10,8345.5,90681631.44999999
2025-08-01 11:02:22 AM,834.55,3,2503.6499999999996,90684135.1
2025-08-01 11:02:25 AM,834.5,0,0.0,90684135.1
2025-08-01 11:02:25 AM,834.55,0,0.0,90684135.1
2025-08-01 11:02:27 AM,834.55,36,30043.8,90714178.89999999
2025-08-01 11:02:34 AM,834.7,156,130213.20000000001,90844392.1
2025-08-01 11:02:44 AM,834.7,3,2504.1000000000004,90846896.19999999
2025-08-01 11:02:45 AM,834.7,10,8347.0,90855243.19999999
2025-08-01 11:03:10 AM,834.7,13,10851.1,90866094.29999998
2025-08-01 11:03:35 AM,835.25,150,125287.5,90991381.79999998
2025-08-01 11:03:53 AM,834.45,0,0.0,90991381.79999998
2025-08-01 11:03:54 AM,834.45,100,83445.0,91074826.79999998
2025-08-01 11:04:15 AM,835.15,0,0.0,91074826.79999998
2025-08-01 11:04:15 AM,835.15,2,1670.3,91076497.09999998
2025-08-01 11:04:46 AM,835.15,1,835.15,91077332.24999999
2025-08-01 11:04:56 AM,835.15,1,835.15,91078167.39999999
2025-08-01 11:05:01 AM,835.15,4,3340.6,91081507.99999999
2025-08-01 11:05:11 AM,835.15,2,1670.3,91083178.29999998
2025-08-01 11:05:16 AM,835.3,0,0.0,91083178.29999998
2025-08-01 11:05:16 AM,835.3,73,60976.899999999994,91144155.19999999
2025-08-01 11:05:26 AM,835.3,6,5011.799999999999,91149166.99999999
2025-08-01 11:05:28 AM,835.3,2,1670.6,91150837.59999998
2025-08-01 11:05:36 AM,835.45,0,0.0,91150837.59999998
2025-08-01 11:05:37 AM,835.45,10,8354.5,91159192.09999998
2025-08-01 11:05:44 AM,835.45,3,2506.3500000000004,91161698.44999997
2025-08-01 11:05:47 AM,835.2,0,0.0,91161698.44999997
2025-08-01 11:05:48 AM,835.2,4,3340.8,91165039.24999997
2025-08-01 11:05:50 AM,835.15,10,8351.5,91173390.74999997
2025-08-01 11:06:02 AM,835.25,0,0.0,91173390.74999997
2025-08-01 11:06:04 AM,835.25,8,6682.0,91180072.74999997
2025-08-01 11:06:08 AM,835.45,0,0.0,91180072.74999997
2025-08-01 11:06:09 AM,835.45,50,41772.5,91221845.24999997
2025-08-01 11:06:11 AM,835.45,50,41772.5,91263617.74999997
2025-08-01 11:06:22 AM,835.4,0,0.0,91263617.74999997
2025-08-01 11:06:26 AM,835.4,8,6683.2,91270300.94999997
2025-08-01 11:06:28 AM,835.4,100,83540.0,91353840.94999997
2025-08-01 11:06:33 AM,835.4,12,10024.8,91363865.74999997
2025-08-01 11:06:40 AM,835.4,4,3341.6,91367207.34999996
2025-08-01 11:06:51 AM,835.4,5,4177.0,91371384.34999996
2025-08-01 11:06:57 AM,835.4,1,835.4,91372219.74999997
2025-08-01 11:06:58 AM,835.05,0,0.0,91372219.74999997
2025-08-01 11:06:58 AM,835.05,50,41752.5,91413972.24999997
2025-08-01 11:07:01 AM,835.4,0,0.0,91413972.24999997
2025-08-01 11:07:02 AM,835.4,26,21720.399999999998,91435692.64999998
2025-08-01 11:07:13 AM,835.4,25,20885.0,91456577.64999998
2025-08-01 11:07:18 AM,835.4,2,1670.8,91458248.44999997
2025-08-01 11:07:25 AM,835.4,50,41770.0,91500018.44999997
2025-08-01 11:07:29 AM,835.4,4,3341.6,91503360.04999997
2025-08-01 11:07:37 AM,835.0,0,0.0,91503360.04999997
2025-08-01 11:07:40 AM,835.0,86,71810.0,91575170.04999997
2025-08-01 11:07:41 AM,835.0,23,19205.0,91594375.04999997
2025-08-01 11:07:45 AM,835.0,40,33400.0,91627775.04999997
2025-08-01 11:07:57 AM,834.5,0,0.0,91627775.04999997
2025-08-01 11:07:58 AM,834.5,80,66760.0,91694535.04999997
2025-08-01 11:08:03 AM,834.6,0,0.0,91694535.04999997
2025-08-01 11:08:07 AM,834.6,1,834.6,91695369.64999996
2025-08-01 11:08:09 AM,834.6,80,66768.0,91762137.64999996
2025-08-01 11:08:27 AM,834.6,5,4173.0,91766310.64999996
2025-08-01 11:08:33 AM,834.45,961,801906.4500000001,92568217.09999996
2025-08-01 11:08:35 AM,834.6,0,0.0,92568217.09999996
2025-08-01 11:08:35 AM,834.6,37,30880.2,92599097.29999997
2025-08-01 11:08:37 AM,834.75,0,0.0,92599097.29999997
2025-08-01 11:08:38 AM,834.75,12,10017.0,92609114.29999997
2025-08-01 11:08:53 AM,834.75,5,4173.75,92613288.04999997
2025-08-01 11:08:57 AM,833.8,0,0.0,92613288.04999997
2025-08-01 11:08:58 AM,833.7,0,0.0,92613288.04999997
2025-08-01 11:08:59 AM,833.7,2406,2005882.2000000002,94619170.24999997
2025-08-01 11:09:00 AM,833.2,0,0.0,94619170.24999997
2025-08-01 11:09:02 AM,833.2,46,38327.200000000004,94657497.44999997
2025-08-01 11:09:05 AM,833.35,632,526677.2000000001,95184174.64999998
2025-08-01 11:09:07 AM,833.5,0,0.0,95184174.64999998
2025-08-01 11:09:08 AM,833.5,2,1667.0,95185841.64999998
2025-08-01 11:09:11 AM,833.5,13,10835.5,95196677.14999998
2025-08-01 11:09:14 AM,833.5,6,5001.0,95201678.14999998
2025-08-01 11:09:17 AM,833.5,21,17503.5,95219181.64999998
2025-08-01 11:09:19 AM,833.8,0,0.0,95219181.64999998
2025-08-01 11:09:20 AM,833.8,5,4169.0,95223350.64999998
2025-08-01 11:09:20 AM,833.5,0,0.0,95223350.64999998
2025-08-01 11:09:22 AM,833.5,8,6668.0,95230018.64999998
2025-08-01 11:09:32 AM,833.8,0,0.0,95230018.64999998
2025-08-01 11:09:33 AM,833.8,34,28349.199999999997,95258367.84999998
2025-08-01 11:09:36 AM,833.8,1,833.8,95259201.64999998
2025-08-01 11:09:42 AM,833.4,0,0.0,95259201.64999998
2025-08-01 11:09:44 AM,833.4,25,20835.0,95280036.64999998
2025-08-01 11:10:36 AM,833.8,0,0.0,95280036.64999998
2025-08-01 11:10:38 AM,833.8,1,833.8,95280870.44999997
2025-08-01 11:10:43 AM,833.4,5,4167.0,95285037.44999997
2025-08-01 11:11:02 AM,833.75,0,0.0,95285037.44999997
2025-08-01 11:11:05 AM,833.75,1,833.75,95285871.19999997
2025-08-01 11:11:34 AM,833.4,151,125843.4,95411714.59999998
2025-08-01 11:11:34 AM,833.45,0,0.0,95411714.59999998
2025-08-01 11:11:38 AM,833.45,15,12501.75,95424216.34999998
2025-08-01 11:11:40 AM,833.7,0,0.0,95424216.34999998
2025-08-01 11:11:42 AM,834.3,0,0.0,95424216.34999998
2025-08-01 11:11:44 AM,834.3,647,539792.1,95964008.44999997
2025-08-01 11:11:54 AM,835.2,0,0.0,95964008.44999997
2025-08-01 11:11:54 AM,835.2,29,24220.800000000003,95988229.24999997
2025-08-01 11:12:02 AM,835.0,0,0.0,95988229.24999997
2025-08-01 11:12:04 AM,834.45,0,0.0,95988229.24999997
2025-08-01 11:12:04 AM,835.0,4,3340.0,95991569.24999997
2025-08-01 11:12:12 AM,835.05,0,0.0,95991569.24999997
2025-08-01 11:12:15 AM,835.05,5,4175.25,95995744.49999997
2025-08-01 11:12:26 AM,834.4,0,0.0,95995744.49999997
2025-08-01 11:12:26 AM,834.4,1,834.4,95996578.89999998
2025-08-01 11:12:32 AM,834.4,1,834.4,95997413.29999998
