date,price,qty,trnvr,cum_trnvr
2025-08-01 09:15:07 AM,1917.9,1765,3385093.5,3385093.5
2025-08-01 09:15:09 AM,1921.6,423,812836.7999999999,4197930.3
2025-08-01 09:15:15 AM,1920.0,0,0.0,4197930.3
2025-08-01 09:15:19 AM,1923.0,77,148071.0,4346001.3
2025-08-01 09:15:21 AM,1924.1,22,42330.2,4388331.5
2025-08-01 09:15:24 AM,1924.0,0,0.0,4388331.5
2025-08-01 09:15:28 AM,1925.4,1686,3246224.4000000004,7634555.9
2025-08-01 09:15:30 AM,1925.2,59,113586.8,7748142.7
2025-08-01 09:15:30 AM,1926.3,0,0.0,7748142.7
2025-08-01 09:15:35 AM,1932.0,0,0.0,7748142.7
2025-08-01 09:15:36 AM,1928.7,3133,6042617.100000001,13790759.8
2025-08-01 09:15:38 AM,1928.1,1152,2221171.1999999997,16011931.0
2025-08-01 09:15:39 AM,1930.0,0,0.0,16011931.0
2025-08-01 09:15:45 AM,1932.0,299,577668.0,16589599.0
2025-08-01 09:15:46 AM,1932.4,80,154592.0,16744191.0
2025-08-01 09:15:48 AM,1938.3,0,0.0,16744191.0
2025-08-01 09:15:51 AM,1939.9,0,0.0,16744191.0
2025-08-01 09:15:53 AM,1939.7,988,1916423.6,18660614.6
2025-08-01 09:15:55 AM,1939.8,174,337525.2,18998139.8
2025-08-01 09:15:57 AM,1936.6,0,0.0,18998139.8
2025-08-01 09:15:59 AM,1936.3,0,0.0,18998139.8
2025-08-01 09:16:01 AM,1927.3,1079,2079556.7,21077696.5
2025-08-01 09:16:03 AM,1929.1,50,96455.0,21174151.5
2025-08-01 09:16:05 AM,1926.1,0,0.0,21174151.5
2025-08-01 09:16:09 AM,1926.2,1609,3099255.8000000003,24273407.3
2025-08-01 09:16:10 AM,1925.9,0,0.0,24273407.3
2025-08-01 09:16:11 AM,1924.9,595,1145315.5,25418722.8
2025-08-01 09:16:13 AM,1924.8,0,0.0,25418722.8
2025-08-01 09:16:17 AM,1921.2,190,365028.0,25783750.8
2025-08-01 09:16:19 AM,1924.4,22,42336.8,25826087.6
2025-08-01 09:16:21 AM,1925.4,0,0.0,25826087.6
2025-08-01 09:16:23 AM,1923.0,0,0.0,25826087.6
2025-08-01 09:16:26 AM,1923.0,2596,4992108.0,30818195.6
2025-08-01 09:16:27 AM,1918.8,184,353059.2,31171254.8
2025-08-01 09:16:31 AM,1920.0,0,0.0,31171254.8
2025-08-01 09:16:34 AM,1920.0,239,458880.0,31630134.8
2025-08-01 09:16:41 AM,1924.0,0,0.0,31630134.8
2025-08-01 09:16:42 AM,1922.5,286,549835.0,32179969.8
2025-08-01 09:16:50 AM,1925.9,188,362069.2,32542039.0
2025-08-01 09:16:51 AM,1924.4,0,0.0,32542039.0
2025-08-01 09:16:52 AM,1924.4,29,55807.600000000006,32597846.6
2025-08-01 09:16:59 AM,1926.0,113,217638.0,32815484.6
2025-08-01 09:17:00 AM,1923.2,200,384640.0,33200124.6
2025-08-01 09:17:03 AM,1925.0,0,0.0,33200124.6
2025-08-01 09:17:07 AM,1924.7,382,735235.4,33935360.0
2025-08-01 09:17:08 AM,1924.7,31,59665.700000000004,33995025.7
2025-08-01 09:17:09 AM,1925.0,0,0.0,33995025.7
2025-08-01 09:17:11 AM,1929.0,0,0.0,33995025.7
2025-08-01 09:17:15 AM,1926.7,181,348732.7,34343758.400000006
2025-08-01 09:17:16 AM,1926.3,48,92462.4,34436220.800000004
2025-08-01 09:17:18 AM,1926.4,0,0.0,34436220.800000004
2025-08-01 09:17:23 AM,1929.9,553,1067234.7,35503455.50000001
2025-08-01 09:17:24 AM,1930.0,37,71410.0,35574865.50000001
2025-08-01 09:17:26 AM,1929.9,0,0.0,35574865.50000001
2025-08-01 09:17:28 AM,1927.8,0,0.0,35574865.50000001
2025-08-01 09:17:32 AM,1927.1,262,504900.19999999995,36079765.70000001
2025-08-01 09:17:33 AM,1927.8,5,9639.0,36089404.70000001
2025-08-01 09:17:34 AM,1926.9,0,0.0,36089404.70000001
2025-08-01 09:17:36 AM,1926.1,0,0.0,36089404.70000001
2025-08-01 09:17:40 AM,1927.1,192,370003.19999999995,36459407.90000001
2025-08-01 09:17:41 AM,1930.0,229,441970.0,36901377.90000001
2025-08-01 09:17:43 AM,1929.6,0,0.0,36901377.90000001
2025-08-01 09:17:45 AM,1930.0,0,0.0,36901377.90000001
2025-08-01 09:17:48 AM,1928.5,386,744401.0,37645778.90000001
2025-08-01 09:17:49 AM,1928.5,7,13499.5,37659278.40000001
2025-08-01 09:17:52 AM,1928.0,0,0.0,37659278.40000001
2025-08-01 09:17:54 AM,1926.7,0,0.0,37659278.40000001
2025-08-01 09:17:57 AM,1930.0,1661,3205730.0,40865008.40000001
2025-08-01 09:17:58 AM,1927.5,43,82882.5,40947890.90000001
2025-08-01 09:18:01 AM,1935.0,0,0.0,40947890.90000001
2025-08-01 09:18:05 AM,1933.4,771,1490651.4000000001,42438542.30000001
2025-08-01 09:18:06 AM,1931.5,5,9657.5,42448199.80000001
2025-08-01 09:18:08 AM,1931.1,0,0.0,42448199.80000001
2025-08-01 09:18:10 AM,1933.4,0,0.0,42448199.80000001
2025-08-01 09:18:13 AM,1933.1,97,187510.69999999998,42635710.500000015
2025-08-01 09:18:15 AM,1933.3,249,481391.7,43117102.20000002
2025-08-01 09:18:18 AM,1934.8,0,0.0,43117102.20000002
2025-08-01 09:18:22 AM,1934.5,25,48362.5,43165464.70000002
2025-08-01 09:18:23 AM,1934.2,15,29013.0,43194477.70000002
2025-08-01 09:18:26 AM,1938.6,0,0.0,43194477.70000002
2025-08-01 09:18:30 AM,1937.7,209,404979.3,43599457.000000015
2025-08-01 09:18:31 AM,1940.2,3232,6270726.4,49870183.40000001
2025-08-01 09:18:32 AM,1939.3,0,0.0,49870183.40000001
2025-08-01 09:18:34 AM,1940.4,0,0.0,49870183.40000001
2025-08-01 09:18:38 AM,1940.3,195,378358.5,50248541.90000001
2025-08-01 09:18:39 AM,1940.4,5,9702.0,50258243.90000001
2025-08-01 09:18:40 AM,1943.8,0,0.0,50258243.90000001
2025-08-01 09:18:42 AM,1941.8,0,0.0,50258243.90000001
2025-08-01 09:18:46 AM,1943.0,102,198186.0,50456429.90000001
2025-08-01 09:18:47 AM,1942.6,85,165121.0,50621550.90000001
2025-08-01 09:18:48 AM,1941.8,0,0.0,50621550.90000001
2025-08-01 09:18:54 AM,1942.5,359,697357.5,51318908.40000001
2025-08-01 09:18:55 AM,1943.0,20,38860.0,51357768.40000001
2025-08-01 09:18:58 AM,1941.1,0,0.0,51357768.40000001
2025-08-01 09:19:02 AM,1936.4,633,1225741.2,52583509.60000002
2025-08-01 09:19:03 AM,1941.5,215,417422.5,53000932.10000002
2025-08-01 09:19:04 AM,1943.0,0,0.0,53000932.10000002
2025-08-01 09:19:07 AM,1944.0,0,0.0,53000932.10000002
2025-08-01 09:19:10 AM,1944.4,438,851647.2000000001,53852579.30000002
2025-08-01 09:19:12 AM,1944.6,4,7778.4,53860357.70000002
2025-08-01 09:19:14 AM,1939.1,0,0.0,53860357.70000002
2025-08-01 09:19:18 AM,1941.4,396,768794.4,54629152.10000002
2025-08-01 09:19:20 AM,1941.2,0,0.0,54629152.10000002
2025-08-01 09:19:27 AM,1937.1,1085,2101753.5,56730905.60000002
2025-08-01 09:19:29 AM,1940.7,0,0.0,56730905.60000002
2025-08-01 09:19:34 AM,1938.8,0,0.0,56730905.60000002
2025-08-01 09:19:35 AM,1938.8,259,502149.2,57233054.80000002
2025-08-01 09:19:36 AM,1935.6,114,220658.4,57453713.20000002
2025-08-01 09:19:42 AM,1937.0,0,0.0,57453713.20000002
2025-08-01 09:19:43 AM,1937.0,64,123968.0,57577681.20000002
2025-08-01 09:19:44 AM,1937.2,28,54241.6,57631922.80000002
2025-08-01 09:19:45 AM,1937.7,0,0.0,57631922.80000002
2025-08-01 09:19:50 AM,1937.8,0,0.0,57631922.80000002
2025-08-01 09:19:51 AM,1937.8,75,145335.0,57777257.80000002
2025-08-01 09:19:51 AM,1937.9,0,0.0,57777257.80000002
2025-08-01 09:19:52 AM,1937.9,23,44571.700000000004,57821829.50000002
2025-08-01 09:19:58 AM,1939.9,0,0.0,57821829.50000002
2025-08-01 09:19:59 AM,1939.9,396,768200.4,58590029.90000002
2025-08-01 09:20:00 AM,1939.4,36,69818.40000000001,58659848.30000002
2025-08-01 09:20:06 AM,1942.9,0,0.0,58659848.30000002
2025-08-01 09:20:06 AM,1940.7,0,0.0,58659848.30000002
2025-08-01 09:20:06 AM,1940.7,72,139730.4,58799578.70000002
2025-08-01 09:20:08 AM,1943.5,33,64135.5,58863714.20000002
2025-08-01 09:20:13 AM,1942.0,0,0.0,58863714.20000002
2025-08-01 09:20:14 AM,1942.6,0,0.0,58863714.20000002
2025-08-01 09:20:15 AM,1941.0,273,529893.0,59393607.20000002
2025-08-01 09:20:16 AM,1940.7,62,120323.40000000001,59513930.60000002
2025-08-01 09:20:20 AM,1940.8,0,0.0,59513930.60000002
2025-08-01 09:20:22 AM,1939.7,0,0.0,59513930.60000002
2025-08-01 09:20:23 AM,1939.7,143,277377.10000000003,59791307.70000002
2025-08-01 09:20:27 AM,1941.1,0,0.0,59791307.70000002
2025-08-01 09:20:30 AM,1941.1,135,262048.5,60053356.20000002
2025-08-01 09:20:38 AM,1941.2,33,64059.6,60117415.80000002
2025-08-01 09:20:40 AM,1943.0,0,0.0,60117415.80000002
2025-08-01 09:20:44 AM,1940.7,0,0.0,60117415.80000002
2025-08-01 09:20:46 AM,1943.4,169,328434.60000000003,60445850.40000002
2025-08-01 09:20:47 AM,1940.9,0,0.0,60445850.40000002
2025-08-01 09:20:47 AM,1940.9,6,11645.400000000001,60457495.80000002
2025-08-01 09:20:54 AM,1940.9,86,166917.4,60624413.20000002
2025-08-01 09:20:58 AM,1942.5,0,0.0,60624413.20000002
2025-08-01 09:21:01 AM,1942.2,341,662290.2000000001,61286703.40000002
2025-08-01 09:21:03 AM,1940.3,5,9701.5,61296404.90000002
2025-08-01 09:21:05 AM,1940.7,0,0.0,61296404.90000002
2025-08-01 09:21:07 AM,1941.0,0,0.0,61296404.90000002
2025-08-01 09:21:09 AM,1942.4,169,328265.60000000003,61624670.50000002
2025-08-01 09:21:10 AM,1942.5,30,58275.0,61682945.50000002
2025-08-01 09:21:14 AM,1942.2,0,0.0,61682945.50000002
2025-08-01 09:21:17 AM,1943.8,30,58314.0,61741259.50000002
2025-08-01 09:21:21 AM,1944.0,0,0.0,61741259.50000002
2025-08-01 09:21:25 AM,1943.0,298,579014.0,62320273.50000002
2025-08-01 09:21:26 AM,1944.0,7,13608.0,62333881.50000002
2025-08-01 09:21:33 AM,1943.4,722,1403134.8,63737016.30000002
2025-08-01 09:21:35 AM,1940.0,0,0.0,63737016.30000002
2025-08-01 09:21:38 AM,1935.9,0,0.0,63737016.30000002
2025-08-01 09:21:41 AM,1935.9,768,1486771.2000000002,65223787.50000002
2025-08-01 09:21:42 AM,1935.5,0,0.0,65223787.50000002
2025-08-01 09:21:45 AM,1935.4,0,0.0,65223787.50000002
2025-08-01 09:21:48 AM,1937.0,35,67795.0,65291582.50000002
2025-08-01 09:21:48 AM,1937.5,0,0.0,65291582.50000002
2025-08-01 09:21:49 AM,1936.2,3,5808.6,65297391.100000024
2025-08-01 09:21:51 AM,1935.0,0,0.0,65297391.100000024
2025-08-01 09:21:54 AM,1935.8,0,0.0,65297391.100000024
2025-08-01 09:21:56 AM,1935.8,116,224552.8,65521943.90000002
2025-08-01 09:22:02 AM,1936.7,0,0.0,65521943.90000002
2025-08-01 09:22:03 AM,1936.7,397,768869.9,66290813.80000002
2025-08-01 09:22:04 AM,1937.1,25,48427.5,66339241.30000002
2025-08-01 09:22:06 AM,1935.1,0,0.0,66339241.30000002
2025-08-01 09:22:08 AM,1936.8,0,0.0,66339241.30000002
2025-08-01 09:22:11 AM,1936.8,3,5810.4,66345051.70000002
2025-08-01 09:22:18 AM,1935.3,34,65800.2,66410851.90000002
2025-08-01 09:22:19 AM,1935.8,0,0.0,66410851.90000002
2025-08-01 09:22:20 AM,1935.8,21,40651.799999999996,66451503.70000002
2025-08-01 09:22:22 AM,1936.3,0,0.0,66451503.70000002
2025-08-01 09:22:26 AM,1933.0,105,202965.0,66654468.70000002
2025-08-01 09:22:34 AM,1933.6,12,23203.199999999997,66677671.90000002
2025-08-01 09:22:37 AM,1933.7,0,0.0,66677671.90000002
2025-08-01 09:22:41 AM,1931.8,177,341928.6,67019600.50000002
2025-08-01 09:22:48 AM,1932.9,0,0.0,67019600.50000002
2025-08-01 09:22:49 AM,1932.9,14,27060.600000000002,67046661.100000024
2025-08-01 09:22:51 AM,1931.8,55,106249.0,67152910.10000002
2025-08-01 09:22:54 AM,1934.0,0,0.0,67152910.10000002
2025-08-01 09:22:57 AM,1934.0,402,777468.0,67930378.10000002
2025-08-01 09:22:58 AM,1934.3,15,29014.5,67959392.60000002
2025-08-01 09:23:06 AM,1934.5,30,58035.0,68017427.60000002
2025-08-01 09:23:08 AM,1934.4,0,0.0,68017427.60000002
2025-08-01 09:23:09 AM,1933.2,0,0.0,68017427.60000002
2025-08-01 09:23:12 AM,1934.8,76,147044.8,68164472.40000002
2025-08-01 09:23:14 AM,1936.8,182,352497.6,68516970.00000001
2025-08-01 09:23:16 AM,1936.4,0,0.0,68516970.00000001
2025-08-01 09:23:20 AM,1936.4,1,1936.4,68518906.40000002
2025-08-01 09:23:21 AM,1936.4,1,1936.4,68520842.80000003
2025-08-01 09:23:27 AM,1936.6,2,3873.2,68524716.00000003
2025-08-01 09:23:34 AM,1936.8,0,0.0,68524716.00000003
2025-08-01 09:23:35 AM,1936.8,220,426096.0,68950812.00000003
2025-08-01 09:23:36 AM,1935.7,55,106463.5,69057275.50000003
2025-08-01 09:23:41 AM,1937.9,0,0.0,69057275.50000003
2025-08-01 09:23:42 AM,1937.9,55,106584.5,69163860.00000003
2025-08-01 09:23:47 AM,1938.0,0,0.0,69163860.00000003
2025-08-01 09:23:50 AM,1938.0,16,31008.0,69194868.00000003
2025-08-01 09:23:54 AM,1937.0,0,0.0,69194868.00000003
2025-08-01 09:23:58 AM,1937.0,78,151086.0,69345954.00000003
2025-08-01 09:23:59 AM,1936.9,1,1936.9,69347890.90000004
2025-08-01 09:24:00 AM,1937.0,0,0.0,69347890.90000004
2025-08-01 09:24:05 AM,1937.2,29,56178.8,69404069.70000003
2025-08-01 09:24:07 AM,1937.1,1,1937.1,69406006.80000003
2025-08-01 09:24:13 AM,1936.9,15,29053.5,69435060.30000003
2025-08-01 09:24:20 AM,1937.0,0,0.0,69435060.30000003
2025-08-01 09:24:21 AM,1937.0,27,52299.0,69487359.30000003
2025-08-01 09:24:26 AM,1936.9,0,0.0,69487359.30000003
2025-08-01 09:24:28 AM,1936.0,3,5808.0,69493167.30000003
2025-08-01 09:24:33 AM,1935.0,0,0.0,69493167.30000003
2025-08-01 09:24:36 AM,1932.6,493,952771.7999999999,70445939.10000002
2025-08-01 09:24:38 AM,1931.5,57,110095.5,70556034.60000002
2025-08-01 09:24:43 AM,1933.3,15,28999.5,70585034.10000002
2025-08-01 09:24:44 AM,1939.9,0,0.0,70585034.10000002
2025-08-01 09:24:44 AM,1942.4,0,0.0,70585034.10000002
2025-08-01 09:24:45 AM,1942.4,731,1419894.4000000001,72004928.50000003
2025-08-01 09:24:51 AM,1940.7,93,180485.1,72185413.60000002
2025-08-01 09:24:51 AM,1942.7,0,0.0,72185413.60000002
2025-08-01 09:24:53 AM,1942.7,65,126275.5,72311689.10000002
2025-08-01 09:25:00 AM,1944.0,268,520992.0,72832681.10000002
2025-08-01 09:25:04 AM,1940.1,0,0.0,72832681.10000002
2025-08-01 09:25:05 AM,1940.1,250,485025.0,73317706.10000002
2025-08-01 09:25:08 AM,1941.8,25,48545.0,73366251.10000002
2025-08-01 09:25:11 AM,1940.1,0,0.0,73366251.10000002
2025-08-01 09:25:12 AM,1941.8,0,0.0,73366251.10000002
2025-08-01 09:25:13 AM,1941.8,23,44661.4,73410912.50000003
2025-08-01 09:25:15 AM,1941.8,3,5825.4,73416737.90000004
2025-08-01 09:25:18 AM,1942.0,0,0.0,73416737.90000004
2025-08-01 09:25:21 AM,1942.0,14,27188.0,73443925.90000004
2025-08-01 09:25:23 AM,1942.1,0,0.0,73443925.90000004
2025-08-01 09:25:28 AM,1942.0,27,52434.0,73496359.90000004
2025-08-01 09:25:29 AM,1942.6,0,0.0,73496359.90000004
2025-08-01 09:25:30 AM,1942.6,20,38852.0,73535211.90000004
2025-08-01 09:25:35 AM,1941.1,0,0.0,73535211.90000004
2025-08-01 09:25:36 AM,1941.1,4,7764.4,73542976.30000004
2025-08-01 09:25:36 AM,1942.4,0,0.0,73542976.30000004
2025-08-01 09:25:38 AM,1942.4,3,5827.200000000001,73548803.50000004
2025-08-01 09:25:41 AM,1942.0,0,0.0,73548803.50000004
2025-08-01 09:25:43 AM,1942.0,247,479674.0,74028477.50000004
2025-08-01 09:25:45 AM,1942.4,12,23308.800000000003,74051786.30000004
2025-08-01 09:25:51 AM,1942.6,5,9713.0,74061499.30000004
2025-08-01 09:25:53 AM,1943.1,46,89382.59999999999,74150881.90000004
2025-08-01 09:25:58 AM,1943.9,61,118577.90000000001,74269459.80000004
2025-08-01 09:25:59 AM,1944.0,0,0.0,74269459.80000004
2025-08-01 09:26:00 AM,1944.0,19,36936.0,74306395.80000004
2025-08-01 09:26:08 AM,1943.8,1,1943.8,74308339.60000004
2025-08-01 09:26:12 AM,1942.0,0,0.0,74308339.60000004
2025-08-01 09:26:13 AM,1941.4,25,48535.0,74356874.60000004
2025-08-01 09:26:15 AM,1941.9,1,1941.9,74358816.50000004
2025-08-01 09:26:21 AM,1941.9,2,3883.8,74362700.30000004
2025-08-01 09:26:29 AM,1942.0,1,1942.0,74364642.30000004
2025-08-01 09:26:34 AM,1943.0,0,0.0,74364642.30000004
2025-08-01 09:26:36 AM,1941.1,0,0.0,74364642.30000004
2025-08-01 09:26:37 AM,1941.1,30,58233.0,74422875.30000004
2025-08-01 09:26:38 AM,1942.0,1,1942.0,74424817.30000004
2025-08-01 09:26:39 AM,1943.0,0,0.0,74424817.30000004
2025-08-01 09:26:44 AM,1943.0,32,62176.0,74486993.30000004
2025-08-01 09:26:46 AM,1943.0,2,3886.0,74490879.30000004
2025-08-01 09:26:48 AM,1941.7,0,0.0,74490879.30000004
2025-08-01 09:26:52 AM,1942.1,322,625356.2,75116235.50000004
2025-08-01 09:26:53 AM,1942.7,32,62166.4,75178401.90000005
2025-08-01 09:26:55 AM,1941.1,0,0.0,75178401.90000005
2025-08-01 09:26:59 AM,1941.1,11,21352.1,75199754.00000004
2025-08-01 09:27:01 AM,1942.1,23,44668.299999999996,75244422.30000004
2025-08-01 09:27:07 AM,1942.2,50,97110.0,75341532.30000004
2025-08-01 09:27:08 AM,1942.2,3,5826.6,75347358.90000004
2025-08-01 09:27:09 AM,1940.7,0,0.0,75347358.90000004
2025-08-01 09:27:14 AM,1940.5,23,44631.5,75391990.40000004
2025-08-01 09:27:14 AM,1941.9,0,0.0,75391990.40000004
2025-08-01 09:27:16 AM,1941.9,1,1941.9,75393932.30000004
2025-08-01 09:27:23 AM,1941.9,1,1941.9,75395874.20000005
2025-08-01 09:27:24 AM,1940.5,0,0.0,75395874.20000005
2025-08-01 09:27:25 AM,1941.8,0,0.0,75395874.20000005
2025-08-01 09:27:28 AM,1940.5,0,0.0,75395874.20000005
2025-08-01 09:27:29 AM,1940.5,40,77620.0,75473494.20000005
2025-08-01 09:27:30 AM,1939.4,164,318061.60000000003,75791555.80000004
2025-08-01 09:27:33 AM,1940.1,0,0.0,75791555.80000004
2025-08-01 09:27:36 AM,1940.1,33,64023.299999999996,75855579.10000004
2025-08-01 09:27:38 AM,1940.5,9,17464.5,75873043.60000004
2025-08-01 09:27:44 AM,1940.5,25,48512.5,75921556.10000004
2025-08-01 09:27:45 AM,1940.6,12,23287.199999999997,75944843.30000004
2025-08-01 09:27:49 AM,1944.8,0,0.0,75944843.30000004
2025-08-01 09:27:52 AM,1942.2,4113,7988268.600000001,83933111.90000004
2025-08-01 09:27:53 AM,1945.5,69,134239.5,84067351.40000004
2025-08-01 09:27:59 AM,1944.0,1809,3516696.0,87584047.40000004
2025-08-01 09:28:00 AM,1945.1,0,0.0,87584047.40000004
2025-08-01 09:28:01 AM,1945.1,96,186729.59999999998,87770777.00000003
2025-08-01 09:28:05 AM,1947.0,0,0.0,87770777.00000003
2025-08-01 09:28:07 AM,1947.7,362,705067.4,88475844.40000004
2025-08-01 09:28:08 AM,1947.8,32,62329.6,88538174.00000003
2025-08-01 09:28:12 AM,1947.7,0,0.0,88538174.00000003
2025-08-01 09:28:15 AM,1947.0,34,66198.0,88604372.00000003
2025-08-01 09:28:16 AM,1946.5,6,11679.0,88616051.00000003
2025-08-01 09:28:18 AM,1947.1,0,0.0,88616051.00000003
2025-08-01 09:28:22 AM,1946.0,104,202384.0,88818435.00000003
2025-08-01 09:28:23 AM,1947.0,0,0.0,88818435.00000003
2025-08-01 09:28:24 AM,1947.0,15,29205.0,88847640.00000003
2025-08-01 09:28:31 AM,1947.0,1,1947.0,88849587.00000003
2025-08-01 09:28:38 AM,1944.1,192,373267.19999999995,89222854.20000003
2025-08-01 09:28:39 AM,1945.2,9,17506.8,89240361.00000003
2025-08-01 09:28:46 AM,1944.3,0,0.0,89240361.00000003
2025-08-01 09:28:46 AM,1944.3,1,1944.3,89242305.30000003
2025-08-01 09:28:53 AM,1939.3,484,938621.2,90180926.50000003
2025-08-01 09:28:54 AM,1941.9,24,46605.600000000006,90227532.10000002
2025-08-01 09:29:01 AM,1940.3,135,261940.5,90489472.60000002
2025-08-01 09:29:02 AM,1941.5,0,0.0,90489472.60000002
2025-08-01 09:29:02 AM,1941.5,8,15532.0,90505004.60000002
2025-08-01 09:29:07 AM,1939.9,0,0.0,90505004.60000002
2025-08-01 09:29:08 AM,1941.4,13,25238.2,90530242.80000003
2025-08-01 09:29:09 AM,1941.5,0,0.0,90530242.80000003
2025-08-01 09:29:10 AM,1941.5,6,11649.0,90541891.80000003
2025-08-01 09:29:14 AM,1940.1,0,0.0,90541891.80000003
2025-08-01 09:29:16 AM,1940.1,11,21341.1,90563232.90000002
2025-08-01 09:29:17 AM,1941.4,21,40769.4,90604002.30000003
2025-08-01 09:29:23 AM,1939.2,151,292819.2,90896821.50000003
2025-08-01 09:29:24 AM,1940.1,0,0.0,90896821.50000003
2025-08-01 09:29:25 AM,1940.1,9,17460.899999999998,90914282.40000004
2025-08-01 09:29:28 AM,1937.8,0,0.0,90914282.40000004
2025-08-01 09:29:31 AM,1937.8,40,77512.0,90991794.40000004
2025-08-01 09:29:32 AM,1940.4,54,104781.6,91096576.00000003
2025-08-01 09:29:33 AM,1940.0,0,0.0,91096576.00000003
2025-08-01 09:29:38 AM,1940.0,11,21340.0,91117916.00000003
2025-08-01 09:29:39 AM,1938.8,5,9694.0,91127610.00000003
2025-08-01 09:29:43 AM,1940.0,0,0.0,91127610.00000003
2025-08-01 09:29:46 AM,1940.0,3,5820.0,91133430.00000003
2025-08-01 09:29:47 AM,1940.0,9,17460.0,91150890.00000003
2025-08-01 09:29:49 AM,1939.0,0,0.0,91150890.00000003
2025-08-01 09:29:53 AM,1940.0,551,1068940.0,92219830.00000003
2025-08-01 09:29:54 AM,1939.9,9,17459.100000000002,92237289.10000002
2025-08-01 09:29:59 AM,1938.3,0,0.0,92237289.10000002
2025-08-01 09:30:01 AM,1938.3,214,414796.2,92652085.30000003
2025-08-01 09:30:02 AM,1937.8,16,31004.8,92683090.10000002
2025-08-01 09:30:06 AM,1938.3,0,0.0,92683090.10000002
2025-08-01 09:30:09 AM,1938.4,118,228731.2,92911821.30000003
2025-08-01 09:30:09 AM,1939.2,48,93081.6,93004902.90000002
2025-08-01 09:30:14 AM,1938.3,0,0.0,93004902.90000002
2025-08-01 09:30:16 AM,1938.4,93,180271.2,93185174.10000002
2025-08-01 09:30:17 AM,1940.2,7,13581.4,93198755.50000003
2025-08-01 09:30:20 AM,1938.3,0,0.0,93198755.50000003
2025-08-01 09:30:24 AM,1937.6,46,89129.59999999999,93287885.10000002
2025-08-01 09:30:24 AM,1939.1,2,3878.2,93291763.30000003
2025-08-01 09:30:28 AM,1937.3,0,0.0,93291763.30000003
2025-08-01 09:30:31 AM,1937.3,62,120112.59999999999,93411875.90000002
2025-08-01 09:30:32 AM,1938.9,3,5816.700000000001,93417692.60000002
2025-08-01 09:30:35 AM,1937.3,0,0.0,93417692.60000002
2025-08-01 09:30:38 AM,1937.3,24,46495.2,93464187.80000003
2025-08-01 09:30:39 AM,1938.3,2,3876.6,93468064.40000002
2025-08-01 09:30:42 AM,1939.0,0,0.0,93468064.40000002
2025-08-01 09:30:46 AM,1937.8,21,40693.799999999996,93508758.20000002
2025-08-01 09:30:46 AM,1939.5,1,1939.5,93510697.70000002
2025-08-01 09:30:49 AM,1939.3,0,0.0,93510697.70000002
2025-08-01 09:30:51 AM,1937.7,0,0.0,93510697.70000002
2025-08-01 09:30:53 AM,1937.6,28,54252.799999999996,93564950.50000001
2025-08-01 09:30:54 AM,1939.2,1,1939.2,93566889.70000002
2025-08-01 09:30:55 AM,1937.4,0,0.0,93566889.70000002
2025-08-01 09:31:00 AM,1935.8,123,238103.4,93804993.10000002
2025-08-01 09:31:00 AM,1936.6,0,0.0,93804993.10000002
2025-08-01 09:31:01 AM,1936.6,7,13556.199999999999,93818549.30000003
2025-08-01 09:31:06 AM,1936.9,0,0.0,93818549.30000003
2025-08-01 09:31:08 AM,1935.6,24,46454.399999999994,93865003.70000003
2025-08-01 09:31:08 AM,1936.9,1,1936.9,93866940.60000004
2025-08-01 09:31:11 AM,1936.3,0,0.0,93866940.60000004
2025-08-01 09:31:15 AM,1935.1,0,0.0,93866940.60000004
2025-08-01 09:31:15 AM,1935.1,118,228341.8,94095282.40000004
2025-08-01 09:31:16 AM,1935.0,16,30960.0,94126242.40000004
2025-08-01 09:31:23 AM,1935.0,396,766260.0,94892502.40000004
2025-08-01 09:31:23 AM,1935.2,9,17416.8,94909919.20000003
2025-08-01 09:31:29 AM,1935.0,0,0.0,94909919.20000003
2025-08-01 09:31:30 AM,1935.0,192,371520.0,95281439.20000003
2025-08-01 09:31:30 AM,1935.0,10,19350.0,95300789.20000003
2025-08-01 09:31:33 AM,1934.0,0,0.0,95300789.20000003
2025-08-01 09:31:35 AM,1935.0,0,0.0,95300789.20000003
2025-08-01 09:31:37 AM,1935.0,36,69660.0,95370449.20000003
2025-08-01 09:31:37 AM,1935.2,220,425744.0,95796193.20000003
2025-08-01 09:31:39 AM,1934.7,0,0.0,95796193.20000003
2025-08-01 09:31:41 AM,1931.5,0,0.0,95796193.20000003
2025-08-01 09:31:44 AM,1931.5,431,832476.5,96628669.70000003
2025-08-01 09:31:44 AM,1933.1,33,63792.299999999996,96692462.00000003
2025-08-01 09:31:45 AM,1931.0,0,0.0,96692462.00000003
2025-08-01 09:31:47 AM,1932.3,0,0.0,96692462.00000003
2025-08-01 09:31:51 AM,1931.8,0,0.0,96692462.00000003
2025-08-01 09:31:51 AM,1931.8,379,732152.2,97424614.20000003
2025-08-01 09:31:51 AM,1933.1,12,23197.199999999997,97447811.40000004
2025-08-01 09:31:56 AM,1934.0,0,0.0,97447811.40000004
2025-08-01 09:31:58 AM,1931.5,92,177698.0,97625509.40000004
2025-08-01 09:31:58 AM,1932.7,5,9663.5,97635172.90000004
2025-08-01 09:32:02 AM,1932.8,0,0.0,97635172.90000004
2025-08-01 09:32:05 AM,1931.6,9,17384.399999999998,97652557.30000004
2025-08-01 09:32:07 AM,1933.0,0,0.0,97652557.30000004
2025-08-01 09:32:07 AM,1931.7,0,0.0,97652557.30000004
2025-08-01 09:32:12 AM,1933.0,47,90851.0,97743408.30000004
2025-08-01 09:32:13 AM,1934.2,0,0.0,97743408.30000004
2025-08-01 09:32:13 AM,1933.1,0,0.0,97743408.30000004
2025-08-01 09:32:19 AM,1933.0,0,0.0,97743408.30000004
2025-08-01 09:32:19 AM,1933.0,8,15464.0,97758872.30000004
2025-08-01 09:32:19 AM,1934.2,1,1934.2,97760806.50000004
2025-08-01 09:32:19 AM,1932.8,0,0.0,97760806.50000004
2025-08-01 09:32:25 AM,1932.9,0,0.0,97760806.50000004
2025-08-01 09:32:25 AM,1932.8,0,0.0,97760806.50000004
2025-08-01 09:32:26 AM,1932.8,256,494796.8,98255603.30000004
2025-08-01 09:32:26 AM,1934.4,8,15475.2,98271078.50000004
2025-08-01 09:32:31 AM,1932.8,0,0.0,98271078.50000004
2025-08-01 09:32:33 AM,1932.8,35,67648.0,98338726.50000004
2025-08-01 09:32:33 AM,1935.0,3,5805.0,98344531.50000004
2025-08-01 09:32:37 AM,1933.7,0,0.0,98344531.50000004
2025-08-01 09:32:37 AM,1935.0,0,0.0,98344531.50000004
2025-08-01 09:32:39 AM,1933.5,93,179815.5,98524347.00000004
2025-08-01 09:32:40 AM,1934.6,5,9673.0,98534020.00000004
2025-08-01 09:32:47 AM,1934.6,39,75449.4,98609469.40000005
2025-08-01 09:32:47 AM,1935.0,2,3870.0,98613339.40000005
2025-08-01 09:32:49 AM,1933.8,0,0.0,98613339.40000005
2025-08-01 09:32:54 AM,1935.2,83,160621.6,98773961.00000004
2025-08-01 09:32:54 AM,1936.8,4,7747.2,98781708.20000005
2025-08-01 09:32:55 AM,1935.5,0,0.0,98781708.20000005
2025-08-01 09:33:00 AM,1935.5,3,5806.5,98787514.70000005
2025-08-01 09:33:07 AM,1934.2,0,0.0,98787514.70000005
2025-08-01 09:33:07 AM,1934.1,0,0.0,98787514.70000005
2025-08-01 09:33:07 AM,1934.1,17,32879.7,98820394.40000005
2025-08-01 09:33:08 AM,1935.4,1,1935.4,98822329.80000006
2025-08-01 09:33:13 AM,1935.6,0,0.0,98822329.80000006
2025-08-01 09:33:13 AM,1936.1,0,0.0,98822329.80000006
2025-08-01 09:33:14 AM,1934.2,19,36749.8,98859079.60000005
2025-08-01 09:33:15 AM,1935.5,1,1935.5,98861015.10000005
2025-08-01 09:33:18 AM,1934.1,0,0.0,98861015.10000005
2025-08-01 09:33:18 AM,1934.3,0,0.0,98861015.10000005
2025-08-01 09:33:21 AM,1934.4,14,27081.600000000002,98888096.70000005
2025-08-01 09:33:21 AM,1935.5,1,1935.5,98890032.20000005
2025-08-01 09:33:23 AM,1934.5,0,0.0,98890032.20000005
2025-08-01 09:33:23 AM,1934.4,0,0.0,98890032.20000005
2025-08-01 09:33:28 AM,1934.5,0,0.0,98890032.20000005
2025-08-01 09:33:28 AM,1934.5,31,59969.5,98950001.70000005
2025-08-01 09:33:28 AM,1936.2,2,3872.4,98953874.10000005
2025-08-01 09:33:33 AM,1934.6,0,0.0,98953874.10000005
2025-08-01 09:33:35 AM,1934.6,1,1934.6,98955808.70000005
2025-08-01 09:33:38 AM,1937.1,0,0.0,98955808.70000005
2025-08-01 09:33:42 AM,1937.7,176,341035.2,99296843.90000005
2025-08-01 09:33:49 AM,1937.7,2,3875.4,99300719.30000006
2025-08-01 09:33:53 AM,1937.1,0,0.0,99300719.30000006
2025-08-01 09:33:56 AM,1937.1,32,61987.2,99362706.50000006
2025-08-01 09:33:57 AM,1937.6,0,0.0,99362706.50000006
2025-08-01 09:33:58 AM,1936.5,0,0.0,99362706.50000006
2025-08-01 09:34:03 AM,1937.4,7,13561.800000000001,99376268.30000006
2025-08-01 09:34:03 AM,1938.0,0,0.0,99376268.30000006
2025-08-01 09:34:08 AM,1937.6,0,0.0,99376268.30000006
2025-08-01 09:34:10 AM,1937.6,5,9688.0,99385956.30000006
2025-08-01 09:34:10 AM,1936.5,30,58095.0,99444051.30000006
2025-08-01 09:34:13 AM,1938.0,0,0.0,99444051.30000006
2025-08-01 09:34:17 AM,1935.6,48,92908.79999999999,99536960.10000005
2025-08-01 09:34:18 AM,1937.7,0,0.0,99536960.10000005
2025-08-01 09:34:23 AM,1937.1,0,0.0,99536960.10000005
2025-08-01 09:34:24 AM,1937.1,38,73609.8,99610569.90000005
2025-08-01 09:34:26 AM,1938.1,0,0.0,99610569.90000005
2025-08-01 09:34:31 AM,1938.1,13,25195.3,99635765.20000005
2025-08-01 09:34:33 AM,1935.9,0,0.0,99635765.20000005
2025-08-01 09:34:36 AM,1937.2,0,0.0,99635765.20000005
2025-08-01 09:34:38 AM,1937.6,150,290640.0,99926405.20000005
2025-08-01 09:34:45 AM,1938.1,0,0.0,99926405.20000005
2025-08-01 09:34:45 AM,1938.1,15,29071.5,99955476.70000005
2025-08-01 09:34:52 AM,1938.1,3,5814.299999999999,99961291.00000004
2025-08-01 09:34:57 AM,1935.7,0,0.0,99961291.00000004
2025-08-01 09:34:59 AM,1938.0,0,0.0,99961291.00000004
2025-08-01 09:34:59 AM,1937.8,295,571651.0,100532942.00000004
2025-08-01 09:35:03 AM,1937.5,0,0.0,100532942.00000004
2025-08-01 09:35:06 AM,1937.5,2,3875.0,100536817.00000004
2025-08-01 09:35:08 AM,1937.4,0,0.0,100536817.00000004
2025-08-01 09:35:13 AM,1937.4,1,1937.4,100538754.40000005
2025-08-01 09:35:20 AM,1938.7,42,81425.40000000001,100620179.80000006
2025-08-01 09:35:23 AM,1938.6,0,0.0,100620179.80000006
2025-08-01 09:35:27 AM,1939.0,112,217168.0,100837347.80000006
2025-08-01 09:35:34 AM,1939.0,40,77560.0,100914907.80000006
2025-08-01 09:35:41 AM,1939.0,35,67865.0,100982772.80000006
2025-08-01 09:35:42 AM,1937.6,0,0.0,100982772.80000006
2025-08-01 09:35:47 AM,1939.0,163,316057.0,101298829.80000006
2025-08-01 09:35:54 AM,1937.7,65,125950.5,101424780.30000006
2025-08-01 09:35:57 AM,1937.3,0,0.0,101424780.30000006
2025-08-01 09:36:01 AM,1938.7,52,100812.40000000001,101525592.70000006
2025-08-01 09:36:06 AM,1939.0,0,0.0,101525592.70000006
2025-08-01 09:36:07 AM,1939.0,13,25207.0,101550799.70000006
2025-08-01 09:36:21 AM,1939.0,51,98889.0,101649688.70000006
2025-08-01 09:36:29 AM,1939.5,0,0.0,101649688.70000006
2025-08-01 09:36:33 AM,1940.0,0,0.0,101649688.70000006
2025-08-01 09:36:34 AM,1940.0,137,265780.0,101915468.70000006
2025-08-01 09:36:40 AM,1940.0,1,1940.0,101917408.70000006
2025-08-01 09:36:42 AM,1938.9,0,0.0,101917408.70000006
2025-08-01 09:36:46 AM,1938.9,4,7755.6,101925164.30000006
2025-08-01 09:36:50 AM,1939.3,0,0.0,101925164.30000006
2025-08-01 09:36:53 AM,1938.4,47,91104.8,102016269.10000005
2025-08-01 09:36:58 AM,1936.7,0,0.0,102016269.10000005
2025-08-01 09:37:00 AM,1934.4,813,1572667.2000000002,103588936.30000006
2025-08-01 09:37:02 AM,1934.7,0,0.0,103588936.30000006
2025-08-01 09:37:06 AM,1933.6,0,0.0,103588936.30000006
2025-08-01 09:37:07 AM,1933.6,32,61875.2,103650811.50000006
2025-08-01 09:37:10 AM,1933.5,0,0.0,103650811.50000006
2025-08-01 09:37:12 AM,1933.8,0,0.0,103650811.50000006
2025-08-01 09:37:14 AM,1933.8,102,197247.6,103848059.10000005
2025-08-01 09:37:21 AM,1933.8,282,545331.6,104393390.70000005
2025-08-01 09:37:26 AM,1933.7,0,0.0,104393390.70000005
2025-08-01 09:37:28 AM,1933.7,2,3867.4,104397258.10000005
2025-08-01 09:37:32 AM,1934.1,0,0.0,104397258.10000005
2025-08-01 09:37:35 AM,1934.1,4,7736.4,104404994.50000006
2025-08-01 09:37:40 AM,1935.1,0,0.0,104404994.50000006
2025-08-01 09:37:42 AM,1935.1,14,27091.399999999998,104432085.90000007
2025-08-01 09:37:48 AM,1934.0,590,1141060.0,105573145.90000007
2025-08-01 09:37:52 AM,1933.8,0,0.0,105573145.90000007
2025-08-01 09:37:55 AM,1933.8,9,17404.2,105590550.10000007
2025-08-01 09:37:56 AM,1934.0,0,0.0,105590550.10000007
2025-08-01 09:38:00 AM,1934.2,0,0.0,105590550.10000007
2025-08-01 09:38:01 AM,1934.2,24,46420.8,105636970.90000007
2025-08-01 09:38:08 AM,1933.1,0,0.0,105636970.90000007
2025-08-01 09:38:08 AM,1933.1,1,1933.1,105638904.00000006
2025-08-01 09:38:18 AM,1934.5,0,0.0,105638904.00000006
2025-08-01 09:38:22 AM,1933.5,16,30936.0,105669840.00000006
2025-08-01 09:38:28 AM,1932.7,0,0.0,105669840.00000006
2025-08-01 09:38:29 AM,1932.7,25,48317.5,105718157.50000006
2025-08-01 09:38:32 AM,1934.5,0,0.0,105718157.50000006
2025-08-01 09:38:35 AM,1931.7,312,602690.4,106320847.90000007
2025-08-01 09:38:37 AM,1932.2,0,0.0,106320847.90000007
2025-08-01 09:38:42 AM,1929.1,1291,2490468.1,108811316.00000006
2025-08-01 09:38:46 AM,1927.2,0,0.0,108811316.00000006
2025-08-01 09:38:49 AM,1928.1,55,106045.5,108917361.50000006
2025-08-01 09:38:49 AM,1928.1,120,231372.0,109148733.50000006
2025-08-01 09:38:50 AM,1929.1,0,0.0,109148733.50000006
2025-08-01 09:38:55 AM,1929.1,2,3858.2,109152591.70000006
2025-08-01 09:38:58 AM,1930.3,0,0.0,109152591.70000006
2025-08-01 09:39:02 AM,1930.6,293,565665.7999999999,109718257.50000006
2025-08-01 09:39:02 AM,1931.0,0,0.0,109718257.50000006
2025-08-01 09:39:08 AM,1931.3,0,0.0,109718257.50000006
2025-08-01 09:39:09 AM,1931.3,28,54076.4,109772333.90000007
2025-08-01 09:39:13 AM,1931.7,0,0.0,109772333.90000007
2025-08-01 09:39:16 AM,1931.7,1,1931.7,109774265.60000007
2025-08-01 09:39:22 AM,1931.2,3,5793.6,109780059.20000006
2025-08-01 09:39:27 AM,1931.1,0,0.0,109780059.20000006
2025-08-01 09:39:29 AM,1930.0,305,588650.0,110368709.20000006
2025-08-01 09:39:36 AM,1930.0,31,59830.0,110428539.20000006
2025-08-01 09:39:42 AM,1931.1,47,90761.7,110519300.90000007
2025-08-01 09:39:47 AM,1930.4,0,0.0,110519300.90000007
2025-08-01 09:39:49 AM,1930.4,384,741273.6000000001,111260574.50000006
2025-08-01 09:39:59 AM,1930.1,0,0.0,111260574.50000006
2025-08-01 09:40:02 AM,1930.1,4,7720.4,111268294.90000007
2025-08-01 09:40:11 AM,1930.5,0,0.0,111268294.90000007
2025-08-01 09:40:15 AM,1930.1,54,104225.4,111372520.30000007
2025-08-01 09:40:26 AM,1931.3,0,0.0,111372520.30000007
2025-08-01 09:40:28 AM,1931.3,19,36694.7,111409215.00000007
2025-08-01 09:40:39 AM,1931.9,0,0.0,111409215.00000007
2025-08-01 09:40:41 AM,1931.3,130,251069.0,111660284.00000007
2025-08-01 09:40:46 AM,1933.0,0,0.0,111660284.00000007
2025-08-01 09:40:48 AM,1933.0,1,1933.0,111662217.00000007
2025-08-01 09:40:54 AM,1933.0,3,5799.0,111668016.00000007
2025-08-01 09:41:00 AM,1931.6,0,0.0,111668016.00000007
2025-08-01 09:41:01 AM,1931.6,11,21247.6,111689263.60000007
2025-08-01 09:41:08 AM,1931.6,9,17384.399999999998,111706648.00000007
2025-08-01 09:41:10 AM,1933.4,0,0.0,111706648.00000007
2025-08-01 09:41:14 AM,1933.5,16,30936.0,111737584.00000007
2025-08-01 09:41:21 AM,1934.2,38,73499.6,111811083.60000007
2025-08-01 09:41:28 AM,1934.8,22,42565.6,111853649.20000006
2025-08-01 09:41:28 AM,1935.2,9,17416.8,111871066.00000006
2025-08-01 09:41:34 AM,1935.5,5,9677.5,111880743.50000006
2025-08-01 09:41:38 AM,1935.0,0,0.0,111880743.50000006
2025-08-01 09:41:41 AM,1933.6,65,125684.0,112006427.50000006
2025-08-01 09:41:42 AM,1934.0,2,3868.0,112010295.50000006
2025-08-01 09:41:46 AM,1934.7,0,0.0,112010295.50000006
2025-08-01 09:41:47 AM,1934.7,25,48367.5,112058663.00000006
2025-08-01 09:41:48 AM,1934.1,10,19341.0,112078004.00000006
2025-08-01 09:41:54 AM,1933.3,22,42532.6,112120536.60000005
2025-08-01 09:41:55 AM,1933.3,1,1933.3,112122469.90000005
2025-08-01 09:42:00 AM,1933.3,1,1933.3,112124403.20000005
2025-08-01 09:42:02 AM,1931.8,0,0.0,112124403.20000005
2025-08-01 09:42:03 AM,1931.7,0,0.0,112124403.20000005
2025-08-01 09:42:06 AM,1931.9,0,0.0,112124403.20000005
2025-08-01 09:42:07 AM,1931.9,365,705143.5,112829546.70000005
2025-08-01 09:42:19 AM,1932.1,0,0.0,112829546.70000005
2025-08-01 09:42:20 AM,1932.1,16,30913.6,112860460.30000004
2025-08-01 09:42:27 AM,1934.4,100,193440.0,113053900.30000004
2025-08-01 09:42:33 AM,1934.0,0,0.0,113053900.30000004
2025-08-01 09:42:33 AM,1934.0,6,11604.0,113065504.30000004
2025-08-01 09:42:36 AM,1934.5,0,0.0,113065504.30000004
2025-08-01 09:42:36 AM,1935.3,0,0.0,113065504.30000004
2025-08-01 09:42:40 AM,1935.3,9,17417.7,113082922.00000004
2025-08-01 09:42:56 AM,1935.2,0,0.0,113082922.00000004
2025-08-01 09:42:59 AM,1935.2,2,3870.4,113086792.40000005
2025-08-01 09:43:00 AM,1935.4,1,1935.4,113088727.80000006
2025-08-01 09:43:05 AM,1935.5,0,0.0,113088727.80000006
2025-08-01 09:43:05 AM,1935.5,3,5806.5,113094534.30000006
2025-08-01 09:43:06 AM,1935.5,12,23226.0,113117760.30000006
2025-08-01 09:43:12 AM,1935.5,4,7742.0,113125502.30000006
2025-08-01 09:43:40 AM,1935.5,30,58065.0,113183567.30000006
2025-08-01 09:43:44 AM,1938.9,0,0.0,113183567.30000006
2025-08-01 09:43:45 AM,1938.9,604,1171095.6,114354662.90000005
2025-08-01 09:43:49 AM,1937.7,0,0.0,114354662.90000005
2025-08-01 09:43:52 AM,1939.8,227,440334.6,114794997.50000004
2025-08-01 09:43:53 AM,1938.4,0,0.0,114794997.50000004
2025-08-01 09:43:58 AM,1938.4,25,48460.0,114843457.50000004
2025-08-01 09:44:09 AM,1939.4,0,0.0,114843457.50000004
2025-08-01 09:44:12 AM,1939.4,25,48485.0,114891942.50000004
2025-08-01 09:44:19 AM,1938.5,0,0.0,114891942.50000004
2025-08-01 09:44:19 AM,1938.5,8,15508.0,114907450.50000004
2025-08-01 09:44:20 AM,1939.5,17,32971.5,114940422.00000004
2025-08-01 09:44:25 AM,1939.5,1,1939.5,114942361.50000004
2025-08-01 09:44:26 AM,1939.5,29,56245.5,114998607.00000004
2025-08-01 09:44:31 AM,1939.5,2,3879.0,115002486.00000004
2025-08-01 09:44:39 AM,1939.0,29,56231.0,115058717.00000004
2025-08-01 09:45:01 AM,1938.9,0,0.0,115058717.00000004
2025-08-01 09:45:04 AM,1938.9,2,3877.8,115062594.80000004
2025-08-01 09:45:11 AM,1939.0,0,0.0,115062594.80000004
2025-08-01 09:45:12 AM,1939.0,10,19390.0,115081984.80000004
2025-08-01 09:45:17 AM,1938.6,0,0.0,115081984.80000004
2025-08-01 09:45:17 AM,1938.6,5,9693.0,115091677.80000004
2025-08-01 09:45:19 AM,1938.3,32,62025.6,115153703.40000004
2025-08-01 09:45:29 AM,1938.2,0,0.0,115153703.40000004
2025-08-01 09:45:30 AM,1938.2,5,9691.0,115163394.40000004
2025-08-01 09:45:31 AM,1936.1,49,94868.9,115258263.30000004
2025-08-01 09:45:33 AM,1936.6,0,0.0,115258263.30000004
2025-08-01 09:45:36 AM,1937.2,66,127855.2,115386118.50000004
2025-08-01 09:45:37 AM,1937.8,0,0.0,115386118.50000004
2025-08-01 09:45:37 AM,1937.8,5,9689.0,115395807.50000004
2025-08-01 09:45:41 AM,1936.6,0,0.0,115395807.50000004
2025-08-01 09:45:43 AM,1936.6,2,3873.2,115399680.70000005
2025-08-01 09:45:44 AM,1938.0,2,3876.0,115403556.70000005
2025-08-01 09:45:49 AM,1938.2,4,7752.8,115411309.50000004
2025-08-01 09:45:55 AM,1938.3,0,0.0,115411309.50000004
2025-08-01 09:45:56 AM,1938.3,2,3876.6,115415186.10000004
2025-08-01 09:46:02 AM,1937.8,4,7751.2,115422937.30000004
2025-08-01 09:46:13 AM,1936.8,0,0.0,115422937.30000004
2025-08-01 09:46:15 AM,1936.8,33,63914.4,115486851.70000005
2025-08-01 09:46:18 AM,1938.2,0,0.0,115486851.70000005
2025-08-01 09:46:22 AM,1938.2,5,9691.0,115496542.70000005
2025-08-01 09:46:23 AM,1935.6,350,677460.0,116174002.70000005
2025-08-01 09:46:26 AM,1938.2,0,0.0,116174002.70000005
2025-08-01 09:46:28 AM,1938.2,2,3876.4,116177879.10000005
2025-08-01 09:46:30 AM,1938.4,0,0.0,116177879.10000005
2025-08-01 09:46:30 AM,1938.4,1,1938.4,116179817.50000006
2025-08-01 09:46:39 AM,1937.0,0,0.0,116179817.50000006
2025-08-01 09:46:41 AM,1937.0,48,92976.0,116272793.50000006
2025-08-01 09:46:43 AM,1936.0,0,0.0,116272793.50000006
2025-08-01 09:46:46 AM,1938.4,0,0.0,116272793.50000006
2025-08-01 09:46:47 AM,1938.4,318,616411.2000000001,116889204.70000006
2025-08-01 09:46:53 AM,1938.4,10,19384.0,116908588.70000006
2025-08-01 09:46:55 AM,1938.4,1,1938.4,116910527.10000007
2025-08-01 09:46:59 AM,1936.8,0,0.0,116910527.10000007
2025-08-01 09:47:00 AM,1936.8,102,197553.6,117108080.70000006
2025-08-01 09:47:01 AM,1938.0,0,0.0,117108080.70000006
2025-08-01 09:47:01 AM,1938.0,150,290700.0,117398780.70000006
2025-08-01 09:47:03 AM,1937.3,0,0.0,117398780.70000006
2025-08-01 09:47:06 AM,1937.3,13,25184.899999999998,117423965.60000007
2025-08-01 09:47:10 AM,1938.0,0,0.0,117423965.60000007
2025-08-01 09:47:12 AM,1937.4,6,11624.400000000001,117435590.00000007
2025-08-01 09:47:18 AM,1938.0,0,0.0,117435590.00000007
2025-08-01 09:47:18 AM,1938.0,1,1938.0,117437528.00000007
2025-08-01 09:47:24 AM,1938.0,1,1938.0,117439466.00000007
2025-08-01 09:47:26 AM,1937.4,0,0.0,117439466.00000007
2025-08-01 09:47:26 AM,1937.4,9,17436.600000000002,117456902.60000007
2025-08-01 09:47:30 AM,1938.0,50,96900.0,117553802.60000007
2025-08-01 09:47:37 AM,1938.0,7,13566.0,117567368.60000007
2025-08-01 09:47:44 AM,1938.0,3,5814.0,117573182.60000007
2025-08-01 09:47:46 AM,1937.4,21,40685.4,117613868.00000007
2025-08-01 09:47:51 AM,1937.0,0,0.0,117613868.00000007
2025-08-01 09:47:53 AM,1937.0,2,3874.0,117617742.00000007
2025-08-01 09:47:56 AM,1938.0,0,0.0,117617742.00000007
2025-08-01 09:47:57 AM,1938.0,2,3876.0,117621618.00000007
2025-08-01 09:47:59 AM,1937.0,0,0.0,117621618.00000007
2025-08-01 09:47:59 AM,1938.0,0,0.0,117621618.00000007
2025-08-01 09:48:00 AM,1937.0,14,27118.0,117648736.00000007
2025-08-01 09:48:04 AM,1938.2,0,0.0,117648736.00000007
2025-08-01 09:48:04 AM,1938.2,14,27134.8,117675870.80000007
2025-08-01 09:48:06 AM,1937.0,111,215007.0,117890877.80000007
2025-08-01 09:48:09 AM,1938.4,0,0.0,117890877.80000007
2025-08-01 09:48:10 AM,1938.4,107,207408.80000000002,118098286.60000007
2025-08-01 09:48:12 AM,1937.5,0,0.0,118098286.60000007
2025-08-01 09:48:12 AM,1936.2,0,0.0,118098286.60000007
2025-08-01 09:48:13 AM,1936.2,76,147151.2,118245437.80000007
2025-08-01 09:48:17 AM,1937.5,43,83312.5,118328750.30000007
2025-08-01 09:48:19 AM,1937.0,2,3874.0,118332624.30000007
2025-08-01 09:48:23 AM,1937.4,2,3874.8,118336499.10000007
2025-08-01 09:48:30 AM,1937.4,10,19374.0,118355873.10000007
2025-08-01 09:48:39 AM,1937.4,5,9687.0,118365560.10000007
2025-08-01 09:48:45 AM,1937.4,2,3874.8,118369434.90000007
2025-08-01 09:48:49 AM,1937.0,0,0.0,118369434.90000007
2025-08-01 09:48:49 AM,1937.0,9,17433.0,118386867.90000007
2025-08-01 09:48:55 AM,1936.0,13,25168.0,118412035.90000007
2025-08-01 09:48:58 AM,1936.7,5,9683.5,118421719.40000007
2025-08-01 09:49:00 AM,1936.8,0,0.0,118421719.40000007
2025-08-01 09:49:00 AM,1935.8,0,0.0,118421719.40000007
2025-08-01 09:49:01 AM,1935.8,17,32908.6,118454628.00000006
2025-08-01 09:49:05 AM,1937.0,0,0.0,118454628.00000006
2025-08-01 09:49:08 AM,1935.1,0,0.0,118454628.00000006
2025-08-01 09:49:08 AM,1935.1,35,67728.5,118522356.50000006
2025-08-01 09:49:13 AM,1936.7,0,0.0,118522356.50000006
2025-08-01 09:49:14 AM,1936.7,12,23240.4,118545596.90000007
2025-08-01 09:49:16 AM,1937.4,32,61996.8,118607593.70000006
2025-08-01 09:49:20 AM,1937.4,5,9687.0,118617280.70000006
2025-08-01 09:49:32 AM,1936.1,0,0.0,118617280.70000006
2025-08-01 09:49:32 AM,1936.4,0,0.0,118617280.70000006
2025-08-01 09:49:33 AM,1936.4,53,102629.20000000001,118719909.90000007
2025-08-01 09:49:35 AM,1936.9,0,0.0,118719909.90000007
2025-08-01 09:49:39 AM,1936.9,10239,19831919.1,138551829.00000006
2025-08-01 09:49:44 AM,1937.0,0,0.0,138551829.00000006
2025-08-01 09:49:45 AM,1937.0,692,1340404.0,139892233.00000006
2025-08-01 09:49:48 AM,1937.4,62,120118.8,140012351.80000007
2025-08-01 09:49:51 AM,1937.4,62,120118.8,140132470.60000008
2025-08-01 09:49:54 AM,1937.6,943,1827156.7999999998,141959627.4000001
2025-08-01 09:49:57 AM,1937.8,0,0.0,141959627.4000001
2025-08-01 09:49:58 AM,1937.8,6,11626.8,141971254.2000001
2025-08-01 09:50:10 AM,1938.1,0,0.0,141971254.2000001
2025-08-01 09:50:11 AM,1938.1,3,5814.299999999999,141977068.50000012
2025-08-01 09:50:14 AM,1938.1,1,1938.1,141979006.6000001
2025-08-01 09:50:19 AM,1939.4,0,0.0,141979006.6000001
2025-08-01 09:50:20 AM,1938.0,13,25194.0,142004200.6000001
2025-08-01 09:50:26 AM,1938.0,5,9690.0,142013890.6000001
2025-08-01 09:50:28 AM,1940.1,0,0.0,142013890.6000001
2025-08-01 09:50:30 AM,1940.1,119,230871.9,142244762.50000012
2025-08-01 09:50:32 AM,1940.2,1,1940.2,142246702.7000001
2025-08-01 09:50:36 AM,1940.4,0,0.0,142246702.7000001
2025-08-01 09:50:36 AM,1940.4,8,15523.2,142262225.9000001
2025-08-01 09:50:39 AM,1940.2,0,0.0,142262225.9000001
2025-08-01 09:50:39 AM,1940.2,12,23282.4,142285508.3000001
2025-08-01 09:50:40 AM,1941.9,0,0.0,142285508.3000001
2025-08-01 09:50:42 AM,1941.9,20,38838.0,142324346.3000001
2025-08-01 09:50:43 AM,1940.7,0,0.0,142324346.3000001
2025-08-01 09:50:45 AM,1942.0,31,60202.0,142384548.3000001
2025-08-01 09:50:46 AM,1940.4,0,0.0,142384548.3000001
2025-08-01 09:50:48 AM,1939.3,0,0.0,142384548.3000001
2025-08-01 09:50:49 AM,1939.3,603,1169397.9,143553946.2000001
2025-08-01 09:50:49 AM,1940.7,0,0.0,143553946.2000001
2025-08-01 09:50:51 AM,1940.7,1,1940.7,143555886.9000001
2025-08-01 09:50:54 AM,1939.9,0,0.0,143555886.9000001
2025-08-01 09:50:55 AM,1939.9,1,1939.9,143557826.8000001
2025-08-01 09:51:00 AM,1940.4,0,0.0,143557826.8000001
2025-08-01 09:51:01 AM,1940.4,100,194040.0,143751866.8000001
2025-08-01 09:51:06 AM,1940.7,0,0.0,143751866.8000001
2025-08-01 09:51:08 AM,1940.7,11,21347.7,143773214.5000001
2025-08-01 09:51:11 AM,1941.2,0,0.0,143773214.5000001
2025-08-01 09:51:14 AM,1941.3,0,0.0,143773214.5000001
2025-08-01 09:51:14 AM,1941.3,104,201895.19999999998,143975109.70000008
2025-08-01 09:51:23 AM,1940.3,0,0.0,143975109.70000008
2025-08-01 09:51:26 AM,1941.6,5,9708.0,143984817.70000008
2025-08-01 09:51:29 AM,1941.9,2,3883.8,143988701.5000001
2025-08-01 09:51:38 AM,1940.7,0,0.0,143988701.5000001
2025-08-01 09:51:39 AM,1940.7,5,9703.5,143998405.0000001
2025-08-01 09:51:41 AM,1942.0,1,1942.0,144000347.0000001
2025-08-01 09:51:45 AM,1942.0,30,58260.0,144058607.0000001
2025-08-01 09:51:47 AM,1942.7,0,0.0,144058607.0000001
2025-08-01 09:51:48 AM,1942.7,40,77708.0,144136315.0000001
2025-08-01 09:51:57 AM,1941.9,0,0.0,144136315.0000001
2025-08-01 09:51:58 AM,1941.9,50,97095.0,144233410.0000001
2025-08-01 09:51:59 AM,1940.8,0,0.0,144233410.0000001
2025-08-01 09:52:00 AM,1940.8,16,31052.8,144264462.8000001
2025-08-01 09:52:01 AM,1942.9,0,0.0,144264462.8000001
2025-08-01 09:52:03 AM,1942.8,105,203994.0,144468456.8000001
2025-08-01 09:52:06 AM,1944.1,463,900118.2999999999,145368575.1000001
2025-08-01 09:52:09 AM,1941.0,85,164985.0,145533560.1000001
2025-08-01 09:52:12 AM,1938.3,312,604749.6,146138309.7000001
2025-08-01 09:52:27 AM,1940.1,0,0.0,146138309.7000001
2025-08-01 09:52:27 AM,1939.0,0,0.0,146138309.7000001
2025-08-01 09:52:28 AM,1940.3,48,93134.4,146231444.1000001
2025-08-01 09:52:31 AM,1940.8,39,75691.2,146307135.3000001
2025-08-01 09:52:33 AM,1940.4,0,0.0,146307135.3000001
2025-08-01 09:52:34 AM,1940.4,96,186278.40000000002,146493413.7000001
2025-08-01 09:52:36 AM,1939.8,0,0.0,146493413.7000001
2025-08-01 09:52:37 AM,1939.8,56,108628.8,146602042.50000012
2025-08-01 09:52:42 AM,1940.1,0,0.0,146602042.50000012
2025-08-01 09:52:43 AM,1940.1,1,1940.1,146603982.6000001
2025-08-01 09:52:45 AM,1938.1,0,0.0,146603982.6000001
2025-08-01 09:52:46 AM,1938.1,100,193810.0,146797792.6000001
2025-08-01 09:52:54 AM,1940.3,0,0.0,146797792.6000001
2025-08-01 09:52:55 AM,1940.3,36,69850.8,146867643.40000013
2025-08-01 09:52:57 AM,1939.7,0,0.0,146867643.40000013
2025-08-01 09:52:58 AM,1939.7,165,320050.5,147187693.90000013
2025-08-01 09:53:03 AM,1939.9,0,0.0,147187693.90000013
2025-08-01 09:53:04 AM,1939.9,4,7759.6,147195453.50000012
2025-08-01 09:53:25 AM,1939.8,0,0.0,147195453.50000012
2025-08-01 09:53:25 AM,1939.8,10,19398.0,147214851.50000012
2025-08-01 09:53:34 AM,1939.5,0,0.0,147214851.50000012
2025-08-01 09:53:35 AM,1939.5,60,116370.0,147331221.50000012
2025-08-01 09:53:40 AM,1941.7,0,0.0,147331221.50000012
2025-08-01 09:53:42 AM,1941.7,50,97085.0,147428306.50000012
2025-08-01 09:53:43 AM,1939.6,0,0.0,147428306.50000012
2025-08-01 09:53:44 AM,1939.6,13,25214.8,147453521.30000013
2025-08-01 09:53:48 AM,1940.0,54,104760.0,147558281.30000013
2025-08-01 09:53:52 AM,1940.4,0,0.0,147558281.30000013
2025-08-01 09:53:52 AM,1940.5,0,0.0,147558281.30000013
2025-08-01 09:53:55 AM,1940.5,2,3881.0,147562162.30000013
2025-08-01 09:53:55 AM,1940.4,0,0.0,147562162.30000013
2025-08-01 09:53:56 AM,1940.4,5,9702.0,147571864.30000013
2025-08-01 09:54:10 AM,1938.6,0,0.0,147571864.30000013
2025-08-01 09:54:13 AM,1940.0,0,0.0,147571864.30000013
2025-08-01 09:54:13 AM,1940.0,13,25220.0,147597084.30000013
2025-08-01 09:54:25 AM,1939.7,0,0.0,147597084.30000013
2025-08-01 09:54:26 AM,1939.7,7,13577.9,147610662.20000014
2025-08-01 09:54:28 AM,1940.2,0,0.0,147610662.20000014
2025-08-01 09:54:32 AM,1940.2,13,25222.600000000002,147635884.80000013
2025-08-01 09:54:38 AM,1940.0,0,0.0,147635884.80000013
2025-08-01 09:54:39 AM,1940.0,2,3880.0,147639764.80000013
2025-08-01 09:54:44 AM,1941.1,0,0.0,147639764.80000013
2025-08-01 09:54:44 AM,1941.1,31,60174.1,147699938.90000013
2025-08-01 09:54:50 AM,1940.0,0,0.0,147699938.90000013
2025-08-01 09:54:50 AM,1940.0,17,32980.0,147732918.90000013
2025-08-01 09:54:50 AM,1939.2,9,17452.8,147750371.70000014
2025-08-01 09:54:50 AM,1939.0,0,0.0,147750371.70000014
2025-08-01 09:54:53 AM,1940.8,0,0.0,147750371.70000014
2025-08-01 09:54:55 AM,1939.5,57,110551.5,147860923.20000014
2025-08-01 09:54:56 AM,1941.3,0,0.0,147860923.20000014
2025-08-01 09:54:56 AM,1941.3,5,9706.5,147870629.70000014
2025-08-01 09:55:05 AM,1942.1,0,0.0,147870629.70000014
2025-08-01 09:55:07 AM,1942.1,55,106815.5,147977445.20000014
2025-08-01 09:55:08 AM,1941.6,0,0.0,147977445.20000014
2025-08-01 09:55:08 AM,1941.6,7,13591.199999999999,147991036.40000013
2025-08-01 09:55:37 AM,1941.6,40,77664.0,148068700.40000013
2025-08-01 09:55:49 AM,1941.0,2,3882.0,148072582.40000013
2025-08-01 09:55:51 AM,1939.8,0,0.0,148072582.40000013
2025-08-01 09:55:55 AM,1941.5,0,0.0,148072582.40000013
2025-08-01 09:55:55 AM,1941.5,34,66011.0,148138593.40000013
2025-08-01 09:56:14 AM,1940.0,3,5820.0,148144413.40000013
2025-08-01 09:56:25 AM,1941.7,10,19417.0,148163830.40000013
2025-08-01 09:56:37 AM,1940.0,7,13580.0,148177410.40000013
2025-08-01 09:56:40 AM,1940.1,0,0.0,148177410.40000013
2025-08-01 09:56:43 AM,1940.1,2,3880.2,148181290.6000001
2025-08-01 09:56:46 AM,1940.0,0,0.0,148181290.6000001
2025-08-01 09:56:49 AM,1940.0,25,48500.0,148229790.6000001
2025-08-01 09:56:55 AM,1940.0,2,3880.0,148233670.6000001
2025-08-01 09:56:57 AM,1940.0,2,3880.0,148237550.6000001
2025-08-01 09:57:01 AM,1940.0,5,9700.0,148247250.6000001
2025-08-01 09:57:07 AM,1940.0,2,3880.0,148251130.6000001
2025-08-01 09:57:13 AM,1940.0,30,58200.0,148309330.6000001
2025-08-01 09:57:15 AM,1939.4,5,9697.0,148319027.6000001
2025-08-01 09:57:24 AM,1939.4,21,40727.4,148359755.00000012
2025-08-01 09:57:30 AM,1939.4,39,75636.6,148435391.6000001
2025-08-01 09:57:32 AM,1940.0,16,31040.0,148466431.6000001
2025-08-01 09:57:36 AM,1940.0,1,1940.0,148468371.6000001
2025-08-01 09:57:42 AM,1941.0,0,0.0,148468371.6000001
2025-08-01 09:57:42 AM,1941.0,90,174690.0,148643061.6000001
2025-08-01 09:57:48 AM,1941.0,12,23292.0,148666353.6000001
2025-08-01 09:57:54 AM,1942.3,0,0.0,148666353.6000001
2025-08-01 09:57:54 AM,1941.0,0,0.0,148666353.6000001
2025-08-01 09:57:54 AM,1941.0,22,42702.0,148709055.6000001
2025-08-01 09:57:57 AM,1942.5,2,3885.0,148712940.6000001
2025-08-01 09:57:58 AM,1940.8,0,0.0,148712940.6000001
2025-08-01 09:58:00 AM,1940.8,5,9704.0,148722644.6000001
2025-08-01 09:58:03 AM,1941.9,0,0.0,148722644.6000001
2025-08-01 09:58:03 AM,1941.9,3,5825.700000000001,148728470.3000001
2025-08-01 09:58:12 AM,1941.8,0,0.0,148728470.3000001
2025-08-01 09:58:13 AM,1942.4,14,27193.600000000002,148755663.9000001
2025-08-01 09:58:23 AM,1941.9,0,0.0,148755663.9000001
2025-08-01 09:58:25 AM,1941.9,1,1941.9,148757605.8000001
2025-08-01 09:58:33 AM,1940.0,129,250260.0,149007865.8000001
2025-08-01 09:58:43 AM,1939.7,0,0.0,149007865.8000001
2025-08-01 09:58:43 AM,1940.0,0,0.0,149007865.8000001
2025-08-01 09:58:43 AM,1940.0,1728,3352320.0,152360185.8000001
2025-08-01 09:58:48 AM,1942.0,0,0.0,152360185.8000001
2025-08-01 09:58:49 AM,1942.0,69,133998.0,152494183.8000001
2025-08-01 09:58:55 AM,1942.2,143,277734.60000000003,152771918.4000001
2025-08-01 09:59:00 AM,1944.0,0,0.0,152771918.4000001
2025-08-01 09:59:01 AM,1942.2,396,769111.2000000001,153541029.60000008
2025-08-01 09:59:07 AM,1943.2,124,240956.80000000002,153781986.4000001
2025-08-01 09:59:14 AM,1943.0,0,0.0,153781986.4000001
2025-08-01 09:59:14 AM,1943.0,13,25259.0,153807245.4000001
2025-08-01 09:59:18 AM,1943.7,0,0.0,153807245.4000001
2025-08-01 09:59:20 AM,1943.9,7,13607.300000000001,153820852.7000001
2025-08-01 09:59:26 AM,1944.0,0,0.0,153820852.7000001
2025-08-01 09:59:26 AM,1944.0,33,64152.0,153885004.7000001
2025-08-01 09:59:32 AM,1944.7,77,149741.9,154034746.6000001
2025-08-01 09:59:33 AM,1944.8,0,0.0,154034746.6000001
2025-08-01 09:59:35 AM,1944.8,108,210038.4,154244785.00000012
2025-08-01 09:59:37 AM,1945.0,0,0.0,154244785.00000012
2025-08-01 09:59:39 AM,1944.0,0,0.0,154244785.00000012
2025-08-01 09:59:39 AM,1944.0,284,552096.0,154796881.00000012
2025-08-01 09:59:42 AM,1945.0,44,85580.0,154882461.00000012
2025-08-01 09:59:45 AM,1945.1,170,330667.0,155213128.00000012
2025-08-01 09:59:48 AM,1945.0,14,27230.0,155240358.00000012
2025-08-01 09:59:49 AM,1945.1,0,0.0,155240358.00000012
2025-08-01 09:59:51 AM,1944.1,44,85540.4,155325898.40000013
2025-08-01 09:59:54 AM,1945.9,302,587661.8,155913560.20000014
2025-08-01 09:59:55 AM,1945.3,0,0.0,155913560.20000014
2025-08-01 09:59:57 AM,1945.4,0,0.0,155913560.20000014
2025-08-01 09:59:57 AM,1945.4,91,177031.4,156090591.60000014
2025-08-01 10:00:00 AM,1946.0,0,0.0,156090591.60000014
2025-08-01 10:00:00 AM,1946.0,65,126490.0,156217081.60000014
2025-08-01 10:00:03 AM,1946.0,216,420336.0,156637417.60000014
2025-08-01 10:00:06 AM,1947.5,0,0.0,156637417.60000014
2025-08-01 10:00:06 AM,1947.5,119,231752.5,156869170.10000014
2025-08-01 10:00:10 AM,1948.0,0,0.0,156869170.10000014
2025-08-01 10:00:10 AM,1948.0,129,251292.0,157120462.10000014
2025-08-01 10:00:13 AM,1948.0,24,46752.0,157167214.10000014
2025-08-01 10:00:16 AM,1948.4,23,44813.200000000004,157212027.30000013
2025-08-01 10:00:19 AM,1948.0,0,0.0,157212027.30000013
2025-08-01 10:00:19 AM,1948.0,2262,4406376.0,161618403.30000013
2025-08-01 10:00:23 AM,1945.4,856,1665262.4000000001,163283665.70000014
2025-08-01 10:00:24 AM,1943.8,0,0.0,163283665.70000014
2025-08-01 10:00:26 AM,1945.9,28,54485.200000000004,163338150.90000013
2025-08-01 10:00:29 AM,1945.4,0,0.0,163338150.90000013
2025-08-01 10:00:29 AM,1945.4,32,62252.8,163400403.70000014
2025-08-01 10:00:35 AM,1945.4,55,106997.0,163507400.70000014
2025-08-01 10:00:36 AM,1946.8,0,0.0,163507400.70000014
2025-08-01 10:00:38 AM,1946.9,58,112920.20000000001,163620320.90000013
2025-08-01 10:00:41 AM,1946.7,0,0.0,163620320.90000013
2025-08-01 10:00:41 AM,1947.1,56,109037.59999999999,163729358.50000012
2025-08-01 10:00:45 AM,1947.0,40,77880.0,163807238.50000012
2025-08-01 10:00:48 AM,1945.2,0,0.0,163807238.50000012
2025-08-01 10:00:48 AM,1945.2,64,124492.8,163931731.30000013
2025-08-01 10:00:51 AM,1946.7,8,15573.6,163947304.90000013
2025-08-01 10:00:53 AM,1944.1,0,0.0,163947304.90000013
2025-08-01 10:00:54 AM,1946.3,108,210200.4,164157505.30000013
2025-08-01 10:00:57 AM,1946.8,203,395200.39999999997,164552705.70000014
2025-08-01 10:00:59 AM,1945.1,0,0.0,164552705.70000014
2025-08-01 10:01:00 AM,1945.1,43,83639.3,164636345.00000015
2025-08-01 10:01:04 AM,1945.1,26,50572.6,164686917.60000014
2025-08-01 10:01:05 AM,1945.0,0,0.0,164686917.60000014
2025-08-01 10:01:07 AM,1945.0,4,7780.0,164694697.60000014
2025-08-01 10:01:10 AM,1946.6,30,58398.0,164753095.60000014
2025-08-01 10:01:16 AM,1946.9,0,0.0,164753095.60000014
2025-08-01 10:01:16 AM,1946.9,1,1946.9,164755042.50000015
2025-08-01 10:01:19 AM,1946.9,35,68141.5,164823184.00000015
2025-08-01 10:01:21 AM,1946.1,0,0.0,164823184.00000015
2025-08-01 10:01:23 AM,1946.9,0,0.0,164823184.00000015
2025-08-01 10:01:23 AM,1946.9,15,29203.5,164852387.50000015
2025-08-01 10:01:29 AM,1946.9,2,3893.8,164856281.30000016
2025-08-01 10:01:31 AM,1945.5,101,196495.5,165052776.80000016
2025-08-01 10:01:37 AM,1944.6,211,410310.6,165463087.40000015
2025-08-01 10:01:40 AM,1945.9,0,0.0,165463087.40000015
2025-08-01 10:01:41 AM,1945.9,29,56431.100000000006,165519518.50000015
2025-08-01 10:01:43 AM,1944.0,61,118584.0,165638102.50000015
2025-08-01 10:01:47 AM,1945.8,59,114802.2,165752904.70000014
2025-08-01 10:01:52 AM,1946.3,0,0.0,165752904.70000014
2025-08-01 10:01:54 AM,1944.0,98,190512.0,165943416.70000014
2025-08-01 10:01:55 AM,1945.1,5,9725.5,165953142.20000014
2025-08-01 10:02:14 AM,1942.7,1,1942.7,165955084.90000013
2025-08-01 10:02:20 AM,1943.7,10,19437.0,165974521.90000013
2025-08-01 10:02:24 AM,1942.6,0,0.0,165974521.90000013
2025-08-01 10:02:25 AM,1942.6,80,155408.0,166129929.90000013
2025-08-01 10:02:39 AM,1944.4,11,21388.4,166151318.30000013
2025-08-01 10:02:44 AM,1943.1,13,25260.3,166176578.60000014
2025-08-01 10:02:46 AM,1944.3,5,9721.5,166186300.10000014
2025-08-01 10:02:50 AM,1944.3,15,29164.5,166215464.60000014
2025-08-01 10:02:52 AM,1944.4,0,0.0,166215464.60000014
2025-08-01 10:02:52 AM,1944.4,4,7777.6,166223242.20000014
2025-08-01 10:02:56 AM,1943.5,0,0.0,166223242.20000014
2025-08-01 10:02:57 AM,1943.5,4,7774.0,166231016.20000014
2025-08-01 10:02:58 AM,1944.6,4,7778.4,166238794.60000014
2025-08-01 10:03:03 AM,1943.2,0,0.0,166238794.60000014
2025-08-01 10:03:03 AM,1943.2,3,5829.6,166244624.20000014
2025-08-01 10:03:04 AM,1944.6,0,0.0,166244624.20000014
2025-08-01 10:03:05 AM,1944.6,1,1944.6,166246568.80000013
2025-08-01 10:03:09 AM,1944.9,36,70016.40000000001,166316585.20000014
2025-08-01 10:03:12 AM,1945.1,0,0.0,166316585.20000014
2025-08-01 10:03:16 AM,1943.4,0,0.0,166316585.20000014
2025-08-01 10:03:16 AM,1943.4,76,147698.4,166464283.60000014
2025-08-01 10:03:18 AM,1944.0,100,194400.0,166658683.60000014
2025-08-01 10:03:20 AM,1944.1,0,0.0,166658683.60000014
2025-08-01 10:03:22 AM,1944.1,3,5832.299999999999,166664515.90000015
2025-08-01 10:03:24 AM,1944.5,6,11667.0,166676182.90000015
2025-08-01 10:03:35 AM,1944.7,3,5834.1,166682017.00000015
2025-08-01 10:03:50 AM,1944.9,10,19449.0,166701466.00000015
2025-08-01 10:03:52 AM,1944.7,0,0.0,166701466.00000015
2025-08-01 10:03:54 AM,1944.7,38,73898.6,166775364.60000014
2025-08-01 10:03:56 AM,1945.1,0,0.0,166775364.60000014
2025-08-01 10:03:56 AM,1945.1,4,7780.4,166783145.00000015
2025-08-01 10:04:00 AM,1944.7,0,0.0,166783145.00000015
2025-08-01 10:04:00 AM,1944.7,8,15557.6,166798702.60000014
2025-08-01 10:04:02 AM,1944.0,6,11664.0,166810366.60000014
2025-08-01 10:04:08 AM,1944.6,0,0.0,166810366.60000014
2025-08-01 10:04:08 AM,1944.6,90,175014.0,166985380.60000014
2025-08-01 10:04:15 AM,1943.4,25,48585.0,167033965.60000014
2025-08-01 10:04:19 AM,1943.4,5,9717.0,167043682.60000014
2025-08-01 10:04:20 AM,1942.6,0,0.0,167043682.60000014
2025-08-01 10:04:20 AM,1942.0,0,0.0,167043682.60000014
2025-08-01 10:04:21 AM,1942.0,67,130114.0,167173796.60000014
2025-08-01 10:04:24 AM,1943.4,0,0.0,167173796.60000014
2025-08-01 10:04:25 AM,1943.4,15,29151.0,167202947.60000014
2025-08-01 10:04:27 AM,1942.2,31,60208.200000000004,167263155.80000013
2025-08-01 10:04:44 AM,1942.3,34,66038.2,167329194.00000012
2025-08-01 10:04:46 AM,1943.4,0,0.0,167329194.00000012
2025-08-01 10:04:46 AM,1943.4,1,1943.4,167331137.40000013
2025-08-01 10:04:50 AM,1943.7,0,0.0,167331137.40000013
2025-08-01 10:04:50 AM,1943.7,37,71916.90000000001,167403054.30000013
2025-08-01 10:04:54 AM,1942.9,0,0.0,167403054.30000013
2025-08-01 10:04:56 AM,1942.2,38,73803.6,167476857.90000013
2025-08-01 10:04:58 AM,1943.5,0,0.0,167476857.90000013
2025-08-01 10:04:58 AM,1943.5,2,3887.0,167480744.90000013
2025-08-01 10:05:02 AM,1943.9,24,46653.600000000006,167527398.50000012
2025-08-01 10:05:04 AM,1942.7,2,3885.4,167531283.90000013
2025-08-01 10:05:10 AM,1942.3,0,0.0,167531283.90000013
2025-08-01 10:05:11 AM,1942.5,60,116550.0,167647833.90000013
2025-08-01 10:05:21 AM,1942.3,0,0.0,167647833.90000013
2025-08-01 10:05:21 AM,1942.3,10,19423.0,167667256.90000013
2025-08-01 10:05:27 AM,1942.9,1,1942.9,167669199.80000013
2025-08-01 10:05:32 AM,1941.6,0,0.0,167669199.80000013
2025-08-01 10:05:33 AM,1941.6,100,194160.0,167863359.80000013
2025-08-01 10:05:38 AM,1942.3,0,0.0,167863359.80000013
2025-08-01 10:05:39 AM,1941.6,32,62131.2,167925491.00000012
2025-08-01 10:05:41 AM,1941.0,15,29115.0,167954606.00000012
2025-08-01 10:05:44 AM,1941.3,0,0.0,167954606.00000012
2025-08-01 10:05:45 AM,1940.4,10,19404.0,167974010.00000012
2025-08-01 10:05:51 AM,1940.0,2,3880.0,167977890.00000012
2025-08-01 10:06:00 AM,1939.1,5,9695.5,167987585.50000012
2025-08-01 10:06:02 AM,1939.9,0,0.0,167987585.50000012
2025-08-01 10:06:03 AM,1939.9,2,3879.8,167991465.30000013
2025-08-01 10:06:09 AM,1940.0,5,9700.0,168001165.30000013
2025-08-01 10:06:12 AM,1940.0,1,1940.0,168003105.30000013
2025-08-01 10:06:15 AM,1940.0,34,65960.0,168069065.30000013
2025-08-01 10:06:17 AM,1937.8,613,1187871.4,169256936.70000014
2025-08-01 10:06:27 AM,1939.9,5,9699.5,169266636.20000014
2025-08-01 10:06:33 AM,1940.0,3,5820.0,169272456.20000014
2025-08-01 10:06:39 AM,1938.9,0,0.0,169272456.20000014
2025-08-01 10:06:39 AM,1940.4,0,0.0,169272456.20000014
2025-08-01 10:06:39 AM,1940.4,78,151351.2,169423807.40000013
2025-08-01 10:06:41 AM,1940.5,26,50453.0,169474260.40000013
2025-08-01 10:06:45 AM,1940.5,1,1940.5,169476200.90000013
2025-08-01 10:06:47 AM,1939.4,13,25212.2,169501413.1000001
2025-08-01 10:06:51 AM,1938.0,144,279072.0,169780485.1000001
2025-08-01 10:06:58 AM,1938.6,0,0.0,169780485.1000001
2025-08-01 10:06:59 AM,1938.6,1,1938.6,169782423.7000001
2025-08-01 10:07:22 AM,1939.9,2,3879.8,169786303.50000012
2025-08-01 10:07:36 AM,1938.8,4,7755.2,169794058.7000001
2025-08-01 10:07:40 AM,1938.6,0,0.0,169794058.7000001
2025-08-01 10:07:40 AM,1938.6,20,38772.0,169832830.7000001
2025-08-01 10:07:42 AM,1939.8,5,9699.0,169842529.7000001
2025-08-01 10:07:45 AM,1939.9,0,0.0,169842529.7000001
2025-08-01 10:07:47 AM,1938.8,4,7755.2,169850284.9000001
2025-08-01 10:07:53 AM,1938.2,19,36825.8,169887110.7000001
2025-08-01 10:07:55 AM,1938.7,2,3877.4,169890988.1000001
2025-08-01 10:07:59 AM,1938.2,18,34887.6,169925875.7000001
2025-08-01 10:08:04 AM,1937.8,0,0.0,169925875.7000001
2025-08-01 10:08:05 AM,1937.8,4,7751.2,169933626.9000001
2025-08-01 10:08:10 AM,1937.7,0,0.0,169933626.9000001
2025-08-01 10:08:12 AM,1937.7,24,46504.8,169980131.7000001
2025-08-01 10:08:13 AM,1939.4,139,269576.60000000003,170249708.3000001
2025-08-01 10:08:24 AM,1937.6,20,38752.0,170288460.3000001
2025-08-01 10:08:38 AM,1936.4,0,0.0,170288460.3000001
2025-08-01 10:08:38 AM,1936.4,453,877189.2000000001,171165649.5000001
2025-08-01 10:08:42 AM,1938.5,1,1938.5,171167588.0000001
2025-08-01 10:08:44 AM,1938.5,5,9692.5,171177280.5000001
2025-08-01 10:08:50 AM,1938.5,137,265574.5,171442855.0000001
2025-08-01 10:08:55 AM,1936.5,0,0.0,171442855.0000001
2025-08-01 10:08:55 AM,1936.5,1,1936.5,171444791.5000001
2025-08-01 10:08:58 AM,1937.9,0,0.0,171444791.5000001
2025-08-01 10:09:00 AM,1933.1,1413,2731470.3,174176261.8000001
2025-08-01 10:09:00 AM,1934.0,0,0.0,174176261.8000001
2025-08-01 10:09:01 AM,1935.5,65,125807.5,174302069.3000001
2025-08-01 10:09:04 AM,1935.8,0,0.0,174302069.3000001
2025-08-01 10:09:06 AM,1935.8,11,21293.8,174323363.1000001
2025-08-01 10:09:07 AM,1937.7,0,0.0,174323363.1000001
2025-08-01 10:09:07 AM,1937.7,196,379789.2,174703152.3000001
2025-08-01 10:09:10 AM,1938.7,0,0.0,174703152.3000001
2025-08-01 10:09:12 AM,1938.7,2,3877.4,174707029.7000001
2025-08-01 10:09:13 AM,1937.6,0,0.0,174707029.7000001
2025-08-01 10:09:13 AM,1937.6,3,5812.799999999999,174712842.50000012
2025-08-01 10:09:24 AM,1937.2,6,11623.2,174724465.7000001
2025-08-01 10:09:28 AM,1938.7,0,0.0,174724465.7000001
2025-08-01 10:09:29 AM,1938.7,51,98873.7,174823339.4000001
2025-08-01 10:09:43 AM,1938.8,1,1938.8,174825278.2000001
2025-08-01 10:09:58 AM,1940.4,0,0.0,174825278.2000001
2025-08-01 10:09:58 AM,1940.4,100,194040.0,175019318.2000001
2025-08-01 10:09:59 AM,1938.8,0,0.0,175019318.2000001
2025-08-01 10:10:00 AM,1938.7,21,40712.700000000004,175060030.9000001
2025-08-01 10:10:07 AM,1937.3,0,0.0,175060030.9000001
2025-08-01 10:10:09 AM,1938.0,142,275196.0,175335226.9000001
2025-08-01 10:10:21 AM,1938.6,0,0.0,175335226.9000001
2025-08-01 10:10:21 AM,1938.6,45,87237.0,175422463.9000001
2025-08-01 10:10:24 AM,1939.3,0,0.0,175422463.9000001
2025-08-01 10:10:27 AM,1939.3,2,3878.6,175426342.5000001
2025-08-01 10:11:07 AM,1938.1,0,0.0,175426342.5000001
2025-08-01 10:11:09 AM,1938.1,1,1938.1,175428280.60000008
2025-08-01 10:11:15 AM,1939.9,25,48497.5,175476778.10000008
2025-08-01 10:11:21 AM,1939.9,13,25218.7,175501996.80000007
2025-08-01 10:11:28 AM,1938.8,0,0.0,175501996.80000007
2025-08-01 10:11:28 AM,1938.8,7,13571.6,175515568.40000007
2025-08-01 10:11:30 AM,1939.9,0,0.0,175515568.40000007
2025-08-01 10:11:31 AM,1940.2,0,0.0,175515568.40000007
2025-08-01 10:11:32 AM,1940.2,22,42684.4,175558252.80000007
2025-08-01 10:11:43 AM,1938.7,0,0.0,175558252.80000007
2025-08-01 10:11:44 AM,1938.7,2,3877.4,175562130.20000008
2025-08-01 10:11:49 AM,1939.0,0,0.0,175562130.20000008
2025-08-01 10:11:50 AM,1939.0,65,126035.0,175688165.20000008
2025-08-01 10:11:51 AM,1940.3,1,1940.3,175690105.5000001
2025-08-01 10:12:07 AM,1939.1,1,1939.1,175692044.60000008
2025-08-01 10:12:12 AM,1940.5,0,0.0,175692044.60000008
2025-08-01 10:12:13 AM,1940.5,2,3881.0,175695925.60000008
2025-08-01 10:12:19 AM,1940.5,10,19405.0,175715330.60000008
2025-08-01 10:12:24 AM,1940.2,0,0.0,175715330.60000008
2025-08-01 10:12:25 AM,1940.2,1,1940.2,175717270.80000007
2025-08-01 10:12:34 AM,1940.3,0,0.0,175717270.80000007
2025-08-01 10:12:36 AM,1940.3,5,9701.5,175726972.30000007
2025-08-01 10:12:48 AM,1941.4,3,5824.200000000001,175732796.50000006
2025-08-01 10:13:01 AM,1941.7,0,0.0,175732796.50000006
2025-08-01 10:13:05 AM,1941.7,12,23300.4,175756096.90000007
2025-08-01 10:13:16 AM,1940.5,0,0.0,175756096.90000007
2025-08-01 10:13:17 AM,1940.5,17,32988.5,175789085.40000007
2025-08-01 10:13:19 AM,1939.9,0,0.0,175789085.40000007
2025-08-01 10:13:22 AM,1941.9,0,0.0,175789085.40000007
2025-08-01 10:13:23 AM,1941.9,119,231086.1,176020171.50000006
2025-08-01 10:13:29 AM,1940.6,2,3881.2,176024052.70000005
2025-08-01 10:13:35 AM,1940.6,5,9703.0,176033755.70000005
2025-08-01 10:13:46 AM,1941.8,0,0.0,176033755.70000005
2025-08-01 10:13:47 AM,1940.7,5,9703.5,176043459.20000005
2025-08-01 10:13:49 AM,1941.8,0,0.0,176043459.20000005
2025-08-01 10:13:52 AM,1942.0,0,0.0,176043459.20000005
2025-08-01 10:13:53 AM,1942.0,22,42724.0,176086183.20000005
2025-08-01 10:13:57 AM,1942.4,0,0.0,176086183.20000005
2025-08-01 10:13:59 AM,1941.1,34,65997.4,176152180.60000005
2025-08-01 10:14:04 AM,1941.2,0,0.0,176152180.60000005
2025-08-01 10:14:04 AM,1941.2,30,58236.0,176210416.60000005
2025-08-01 10:14:07 AM,1939.8,0,0.0,176210416.60000005
2025-08-01 10:14:10 AM,1939.8,26,50434.799999999996,176260851.40000007
2025-08-01 10:14:19 AM,1939.6,0,0.0,176260851.40000007
2025-08-01 10:14:22 AM,1939.6,11,21335.6,176282187.00000006
2025-08-01 10:14:25 AM,1941.1,0,0.0,176282187.00000006
2025-08-01 10:14:27 AM,1940.0,6,11640.0,176293827.00000006
2025-08-01 10:14:36 AM,1938.6,0,0.0,176293827.00000006
2025-08-01 10:14:39 AM,1938.6,200,387720.0,176681547.00000006
2025-08-01 10:14:43 AM,1940.7,0,0.0,176681547.00000006
2025-08-01 10:14:45 AM,1940.7,2,3881.4,176685428.40000007
2025-08-01 10:14:56 AM,1939.2,0,0.0,176685428.40000007
2025-08-01 10:14:56 AM,1939.2,15,29088.0,176714516.40000007
2025-08-01 10:14:58 AM,1937.0,0,0.0,176714516.40000007
2025-08-01 10:15:02 AM,1937.0,974,1886638.0,178601154.40000007
2025-08-01 10:15:03 AM,1940.2,5,9701.0,178610855.40000007
2025-08-01 10:15:13 AM,1940.2,67,129993.40000000001,178740848.80000007
2025-08-01 10:15:20 AM,1939.7,2,3879.4,178744728.20000008
2025-08-01 10:15:24 AM,1940.0,0,0.0,178744728.20000008
2025-08-01 10:15:26 AM,1940.0,50,97000.0,178841728.20000008
2025-08-01 10:15:32 AM,1940.0,2,3880.0,178845608.20000008
2025-08-01 10:15:38 AM,1940.0,3,5820.0,178851428.20000008
2025-08-01 10:15:44 AM,1940.0,20,38800.0,178890228.20000008
2025-08-01 10:15:50 AM,1940.0,2,3880.0,178894108.20000008
2025-08-01 10:15:56 AM,1939.7,5,9698.5,178903806.70000008
2025-08-01 10:16:01 AM,1939.7,5,9698.5,178913505.20000008
2025-08-01 10:16:07 AM,1939.7,6,11638.2,178925143.40000007
2025-08-01 10:16:13 AM,1939.7,5,9698.5,178934841.90000007
2025-08-01 10:16:19 AM,1939.7,4,7758.8,178942600.70000008
2025-08-01 10:16:25 AM,1940.0,50,97000.0,179039600.70000008
2025-08-01 10:16:40 AM,1939.7,0,0.0,179039600.70000008
2025-08-01 10:16:42 AM,1939.7,5,9698.5,179049299.20000008
2025-08-01 10:16:48 AM,1939.7,11,21336.7,179070635.90000007
2025-08-01 10:16:53 AM,1939.7,9,17457.3,179088093.20000008
2025-08-01 10:16:59 AM,1939.7,2,3879.4,179091972.60000008
2025-08-01 10:17:04 AM,1939.7,7,13577.9,179105550.5000001
2025-08-01 10:17:12 AM,1938.7,0,0.0,179105550.5000001
2025-08-01 10:17:13 AM,1939.0,0,0.0,179105550.5000001
2025-08-01 10:17:15 AM,1939.3,0,0.0,179105550.5000001
2025-08-01 10:17:16 AM,1939.3,149,288955.7,179394506.20000008
2025-08-01 10:17:19 AM,1939.5,0,0.0,179394506.20000008
2025-08-01 10:17:22 AM,1939.5,2,3879.0,179398385.20000008
2025-08-01 10:17:25 AM,1939.4,0,0.0,179398385.20000008
2025-08-01 10:17:27 AM,1939.4,17,32969.8,179431355.0000001
2025-08-01 10:17:36 AM,1939.7,0,0.0,179431355.0000001
2025-08-01 10:17:39 AM,1939.7,13,25216.100000000002,179456571.10000008
2025-08-01 10:17:43 AM,1938.7,0,0.0,179456571.10000008
2025-08-01 10:17:45 AM,1938.7,1,1938.7,179458509.80000007
2025-08-01 10:17:51 AM,1938.6,4,7754.4,179466264.20000008
2025-08-01 10:17:52 AM,1939.4,0,0.0,179466264.20000008
2025-08-01 10:17:56 AM,1939.4,13,25212.2,179491476.40000007
2025-08-01 10:18:02 AM,1939.4,1,1939.4,179493415.80000007
2025-08-01 10:18:10 AM,1938.2,0,0.0,179493415.80000007
2025-08-01 10:18:13 AM,1939.3,0,0.0,179493415.80000007
2025-08-01 10:18:14 AM,1939.3,5,9696.5,179503112.30000007
2025-08-01 10:18:27 AM,1937.7,0,0.0,179503112.30000007
2025-08-01 10:18:31 AM,1939.4,0,0.0,179503112.30000007
2025-08-01 10:18:31 AM,1939.4,33,64000.200000000004,179567112.50000006
2025-08-01 10:18:46 AM,1939.7,0,0.0,179567112.50000006
2025-08-01 10:18:49 AM,1939.7,1,1939.7,179569052.20000005
2025-08-01 10:18:54 AM,1939.7,15,29095.5,179598147.70000005
2025-08-01 10:19:00 AM,1939.7,2,3879.4,179602027.10000005
2025-08-01 10:19:05 AM,1938.8,0,0.0,179602027.10000005
2025-08-01 10:19:05 AM,1938.8,1,1938.8,179603965.90000007
2025-08-01 10:19:07 AM,1939.6,0,0.0,179603965.90000007
2025-08-01 10:19:11 AM,1939.6,1,1939.6,179605905.50000006
2025-08-01 10:19:13 AM,1938.8,0,0.0,179605905.50000006
2025-08-01 10:19:17 AM,1938.2,39,75589.8,179681495.30000007
2025-08-01 10:19:23 AM,1939.5,0,0.0,179681495.30000007
2025-08-01 10:19:23 AM,1939.5,1,1939.5,179683434.80000007
2025-08-01 10:19:28 AM,1938.1,0,0.0,179683434.80000007
2025-08-01 10:19:29 AM,1938.1,5,9690.5,179693125.30000007
2025-08-01 10:19:34 AM,1938.9,1,1938.9,179695064.20000008
2025-08-01 10:19:44 AM,1939.3,0,0.0,179695064.20000008
2025-08-01 10:19:46 AM,1937.9,24,46509.600000000006,179741573.80000007
2025-08-01 10:19:58 AM,1938.8,68,131838.4,179873412.20000008
2025-08-01 10:20:02 AM,1939.6,29,56248.399999999994,179929660.60000008
2025-08-01 10:20:08 AM,1939.6,1,1939.6,179931600.20000008
2025-08-01 10:20:10 AM,1939.7,0,0.0,179931600.20000008
2025-08-01 10:20:13 AM,1939.7,4,7758.8,179939359.0000001
2025-08-01 10:20:14 AM,1939.6,0,0.0,179939359.0000001
2025-08-01 10:20:15 AM,1939.6,1,1939.6,179941298.60000008
2025-08-01 10:20:23 AM,1939.3,0,0.0,179941298.60000008
2025-08-01 10:20:25 AM,1939.3,1,1939.3,179943237.9000001
2025-08-01 10:20:31 AM,1939.4,0,0.0,179943237.9000001
2025-08-01 10:20:31 AM,1939.4,18,34909.200000000004,179978147.10000008
2025-08-01 10:20:37 AM,1939.7,0,0.0,179978147.10000008
2025-08-01 10:20:37 AM,1939.7,3,5819.1,179983966.20000008
2025-08-01 10:20:54 AM,1939.4,0,0.0,179983966.20000008
2025-08-01 10:20:55 AM,1939.4,2,3878.8,179987845.0000001
2025-08-01 10:21:20 AM,1938.9,0,0.0,179987845.0000001
2025-08-01 10:21:23 AM,1938.9,6,11633.400000000001,179999478.4000001
2025-08-01 10:21:36 AM,1938.5,2,3877.0,180003355.4000001
2025-08-01 10:21:41 AM,1938.9,1,1938.9,180005294.3000001
2025-08-01 10:21:45 AM,1939.6,30,58188.0,180063482.3000001
2025-08-01 10:21:51 AM,1939.0,1,1939.0,180065421.3000001
2025-08-01 10:21:53 AM,1939.0,2,3878.0,180069299.3000001
2025-08-01 10:22:02 AM,1939.0,1,1939.0,180071238.3000001
2025-08-01 10:22:06 AM,1939.7,0,0.0,180071238.3000001
2025-08-01 10:22:08 AM,1939.7,234,453889.8,180525128.1000001
2025-08-01 10:22:13 AM,1940.0,0,0.0,180525128.1000001
2025-08-01 10:22:13 AM,1940.0,15,29100.0,180554228.1000001
2025-08-01 10:22:19 AM,1938.9,0,0.0,180554228.1000001
2025-08-01 10:22:19 AM,1938.9,25,48472.5,180602700.6000001
2025-08-01 10:22:25 AM,1940.0,0,0.0,180602700.6000001
2025-08-01 10:22:26 AM,1940.0,5,9700.0,180612400.6000001
2025-08-01 10:22:31 AM,1940.0,1,1940.0,180614340.6000001
2025-08-01 10:22:37 AM,1939.9,0,0.0,180614340.6000001
2025-08-01 10:22:37 AM,1939.9,37,71776.3,180686116.90000013
2025-08-01 10:22:40 AM,1939.7,0,0.0,180686116.90000013
2025-08-01 10:22:42 AM,1939.7,13,25216.100000000002,180711333.00000012
2025-08-01 10:22:50 AM,1939.7,3,5819.1,180717152.1000001
2025-08-01 10:22:53 AM,1938.6,5,9693.0,180726845.1000001
2025-08-01 10:22:58 AM,1938.6,8,15508.8,180742353.90000013
2025-08-01 10:23:10 AM,1938.6,14,27140.399999999998,180769494.30000013
2025-08-01 10:23:18 AM,1939.4,13,25212.2,180794706.50000012
2025-08-01 10:23:21 AM,1939.9,0,0.0,180794706.50000012
2025-08-01 10:23:21 AM,1939.9,9,17459.100000000002,180812165.6000001
2025-08-01 10:23:27 AM,1938.7,8,15509.6,180827675.2000001
2025-08-01 10:23:36 AM,1939.9,2,3879.8,180831555.00000012
2025-08-01 10:23:41 AM,1939.9,9,17459.100000000002,180849014.1000001
2025-08-01 10:23:44 AM,1938.8,11,21326.8,180870340.90000013
2025-08-01 10:23:47 AM,1939.9,1,1939.9,180872280.80000013
2025-08-01 10:23:53 AM,1940.0,10,19400.0,180891680.80000013
2025-08-01 10:24:00 AM,1940.0,7,13580.0,180905260.80000013
2025-08-01 10:24:03 AM,1940.0,36,69840.0,180975100.80000013
2025-08-01 10:24:07 AM,1940.3,0,0.0,180975100.80000013
2025-08-01 10:24:09 AM,1940.3,49,95074.7,181070175.50000012
2025-08-01 10:24:11 AM,1939.3,13,25210.899999999998,181095386.40000013
2025-08-01 10:24:15 AM,1940.3,0,0.0,181095386.40000013
2025-08-01 10:24:15 AM,1940.3,2,3880.6,181099267.00000012
2025-08-01 10:24:22 AM,1938.6,0,0.0,181099267.00000012
2025-08-01 10:24:22 AM,1938.6,110,213246.0,181312513.00000012
2025-08-01 10:24:26 AM,1940.2,1,1940.2,181314453.2000001
2025-08-01 10:24:27 AM,1938.5,0,0.0,181314453.2000001
2025-08-01 10:24:27 AM,1938.5,13,25200.5,181339653.7000001
2025-08-01 10:24:33 AM,1939.9,0,0.0,181339653.7000001
2025-08-01 10:24:33 AM,1939.9,10,19399.0,181359052.7000001
2025-08-01 10:24:35 AM,1938.5,0,0.0,181359052.7000001
2025-08-01 10:24:36 AM,1938.5,100,193850.0,181552902.7000001
2025-08-01 10:24:39 AM,1940.0,0,0.0,181552902.7000001
2025-08-01 10:24:42 AM,1940.0,36,69840.0,181622742.7000001
2025-08-01 10:24:44 AM,1940.0,1,1940.0,181624682.7000001
2025-08-01 10:24:52 AM,1938.7,0,0.0,181624682.7000001
2025-08-01 10:24:53 AM,1938.7,9,17448.3,181642131.00000012
2025-08-01 10:24:55 AM,1938.5,0,0.0,181642131.00000012
2025-08-01 10:24:55 AM,1938.5,25,48462.5,181690593.50000012
2025-08-01 10:25:01 AM,1937.6,0,0.0,181690593.50000012
2025-08-01 10:25:01 AM,1937.6,39,75566.4,181766159.90000013
2025-08-01 10:25:10 AM,1939.2,0,0.0,181766159.90000013
2025-08-01 10:25:10 AM,1939.2,25,48480.0,181814639.90000013
2025-08-01 10:25:19 AM,1939.2,3,5817.6,181820457.50000012
2025-08-01 10:25:22 AM,1939.1,5,9695.5,181830153.00000012
2025-08-01 10:25:24 AM,1939.6,4,7758.4,181837911.40000013
2025-08-01 10:25:32 AM,1939.8,0,0.0,181837911.40000013
2025-08-01 10:25:33 AM,1939.8,2,3879.6,181841791.00000012
2025-08-01 10:25:44 AM,1939.8,20,38796.0,181880587.00000012
2025-08-01 10:25:46 AM,1939.7,0,0.0,181880587.00000012
2025-08-01 10:25:47 AM,1939.7,6,11638.2,181892225.2000001
2025-08-01 10:25:55 AM,1939.9,0,0.0,181892225.2000001
2025-08-01 10:25:55 AM,1939.9,26,50437.4,181942662.6000001
2025-08-01 10:25:56 AM,1940.0,0,0.0,181942662.6000001
2025-08-01 10:25:57 AM,1940.0,9,17460.0,181960122.6000001
2025-08-01 10:26:07 AM,1939.9,0,0.0,181960122.6000001
2025-08-01 10:26:08 AM,1939.9,1,1939.9,181962062.50000012
2025-08-01 10:26:10 AM,1939.0,0,0.0,181962062.50000012
2025-08-01 10:26:11 AM,1939.0,1,1939.0,181964001.50000012
2025-08-01 10:26:19 AM,1939.0,17,32963.0,181996964.50000012
2025-08-01 10:26:23 AM,1939.0,155,300545.0,182297509.50000012
2025-08-01 10:26:25 AM,1939.0,12,23268.0,182320777.50000012
2025-08-01 10:26:29 AM,1938.3,0,0.0,182320777.50000012
2025-08-01 10:26:29 AM,1938.3,4,7753.2,182328530.7000001
2025-08-01 10:26:34 AM,1938.9,0,0.0,182328530.7000001
2025-08-01 10:26:35 AM,1938.9,3,5816.700000000001,182334347.4000001
2025-08-01 10:26:40 AM,1939.0,0,0.0,182334347.4000001
2025-08-01 10:26:40 AM,1939.0,2,3878.0,182338225.4000001
2025-08-01 10:26:48 AM,1939.0,63,122157.0,182460382.4000001
2025-08-01 10:27:06 AM,1939.0,4,7756.0,182468138.4000001
2025-08-01 10:27:09 AM,1939.0,1,1939.0,182470077.4000001
2025-08-01 10:27:13 AM,1939.4,0,0.0,182470077.4000001
2025-08-01 10:27:14 AM,1939.4,72,139636.80000000002,182609714.2000001
2025-08-01 10:27:17 AM,1940.0,13,25220.0,182634934.2000001
2025-08-01 10:27:23 AM,1940.0,4,7760.0,182642694.2000001
2025-08-01 10:27:25 AM,1939.0,0,0.0,182642694.2000001
2025-08-01 10:27:25 AM,1939.0,28,54292.0,182696986.2000001
2025-08-01 10:27:41 AM,1939.8,0,0.0,182696986.2000001
2025-08-01 10:27:42 AM,1939.8,10,19398.0,182716384.2000001
2025-08-01 10:27:43 AM,1940.0,0,0.0,182716384.2000001
2025-08-01 10:27:45 AM,1940.0,4,7760.0,182724144.2000001
2025-08-01 10:27:50 AM,1940.0,1,1940.0,182726084.2000001
2025-08-01 10:27:53 AM,1940.0,3,5820.0,182731904.2000001
2025-08-01 10:28:03 AM,1940.0,1,1940.0,182733844.2000001
2025-08-01 10:28:09 AM,1940.0,3,5820.0,182739664.2000001
2025-08-01 10:28:13 AM,1939.1,0,0.0,182739664.2000001
2025-08-01 10:28:14 AM,1939.1,1,1939.1,182741603.3000001
2025-08-01 10:28:19 AM,1940.0,0,0.0,182741603.3000001
2025-08-01 10:28:20 AM,1940.0,10,19400.0,182761003.3000001
2025-08-01 10:28:23 AM,1940.0,1,1940.0,182762943.3000001
2025-08-01 10:28:25 AM,1940.0,21,40740.0,182803683.3000001
2025-08-01 10:28:28 AM,1940.0,3,5820.0,182809503.3000001
2025-08-01 10:28:39 AM,1940.0,2,3880.0,182813383.3000001
2025-08-01 10:28:41 AM,1939.2,0,0.0,182813383.3000001
2025-08-01 10:28:42 AM,1940.0,0,0.0,182813383.3000001
2025-08-01 10:28:42 AM,1940.0,2,3880.0,182817263.3000001
2025-08-01 10:28:45 AM,1940.0,85,164900.0,182982163.3000001
2025-08-01 10:28:48 AM,1940.0,51,98940.0,183081103.3000001
2025-08-01 10:28:50 AM,1940.0,217,420980.0,183502083.3000001
2025-08-01 10:29:01 AM,1940.6,0,0.0,183502083.3000001
2025-08-01 10:29:01 AM,1940.6,3,5821.799999999999,183507905.1000001
2025-08-01 10:29:09 AM,1940.0,0,0.0,183507905.1000001
2025-08-01 10:29:10 AM,1940.0,10,19400.0,183527305.1000001
2025-08-01 10:29:13 AM,1940.0,4,7760.0,183535065.1000001
2025-08-01 10:29:27 AM,1942.0,0,0.0,183535065.1000001
2025-08-01 10:29:27 AM,1942.0,575,1116650.0,184651715.1000001
2025-08-01 10:29:31 AM,1940.8,0,0.0,184651715.1000001
2025-08-01 10:29:32 AM,1940.3,15,29104.5,184680819.6000001
2025-08-01 10:29:38 AM,1940.3,38,73731.4,184754551.00000012
2025-08-01 10:29:39 AM,1941.1,0,0.0,184754551.00000012
2025-08-01 10:29:40 AM,1941.1,3,5823.299999999999,184760374.30000013
2025-08-01 10:29:54 AM,1939.8,106,205618.8,184965993.10000014
2025-08-01 10:30:00 AM,1941.6,2,3883.2,184969876.30000013
2025-08-01 10:30:05 AM,1941.6,4,7766.4,184977642.70000014
2025-08-01 10:30:08 AM,1941.8,0,0.0,184977642.70000014
2025-08-01 10:30:08 AM,1941.8,4,7767.2,184985409.90000013
2025-08-01 10:30:24 AM,1941.6,0,0.0,184985409.90000013
2025-08-01 10:30:25 AM,1941.7,4,7766.8,184993176.70000014
2025-08-01 10:30:40 AM,1941.8,2,3883.6,184997060.30000013
2025-08-01 10:30:49 AM,1942.0,21,40782.0,185037842.30000013
2025-08-01 10:31:01 AM,1941.8,0,0.0,185037842.30000013
2025-08-01 10:31:02 AM,1941.9,2,3883.8,185041726.10000014
2025-08-01 10:31:08 AM,1939.9,100,193990.0,185235716.10000014
2025-08-01 10:31:14 AM,1942.3,140,271922.0,185507638.10000014
2025-08-01 10:31:22 AM,1940.2,0,0.0,185507638.10000014
2025-08-01 10:31:23 AM,1941.2,198,384357.60000000003,185891995.70000014
2025-08-01 10:31:53 AM,1940.9,0,0.0,185891995.70000014
2025-08-01 10:31:54 AM,1940.9,25,48522.5,185940518.20000014
2025-08-01 10:31:57 AM,1940.0,5,9700.0,185950218.20000014
2025-08-01 10:32:20 AM,1940.0,3,5820.0,185956038.20000014
2025-08-01 10:32:30 AM,1940.0,4,7760.0,185963798.20000014
2025-08-01 10:32:43 AM,1940.0,3,5820.0,185969618.20000014
2025-08-01 10:32:46 AM,1940.0,3,5820.0,185975438.20000014
2025-08-01 10:32:48 AM,1940.0,1,1940.0,185977378.20000014
2025-08-01 10:32:51 AM,1940.0,2,3880.0,185981258.20000014
2025-08-01 10:32:57 AM,1940.0,3,5820.0,185987078.20000014
2025-08-01 10:33:02 AM,1940.0,1,1940.0,185989018.20000014
2025-08-01 10:33:04 AM,1939.2,0,0.0,185989018.20000014
2025-08-01 10:33:05 AM,1939.2,5,9696.0,185998714.20000014
2025-08-01 10:33:10 AM,1938.1,0,0.0,185998714.20000014
2025-08-01 10:33:11 AM,1938.1,7,13566.699999999999,186012280.90000013
2025-08-01 10:33:16 AM,1939.0,0,0.0,186012280.90000013
2025-08-01 10:33:16 AM,1939.0,2,3878.0,186016158.90000013
2025-08-01 10:33:19 AM,1938.3,105,203521.5,186219680.40000013
2025-08-01 10:33:22 AM,1938.7,0,0.0,186219680.40000013
2025-08-01 10:33:22 AM,1938.7,5,9693.5,186229373.90000013
2025-08-01 10:33:25 AM,1938.7,2,3877.4,186233251.30000013
2025-08-01 10:33:27 AM,1938.8,1,1938.8,186235190.10000014
2025-08-01 10:33:43 AM,1938.7,0,0.0,186235190.10000014
2025-08-01 10:33:43 AM,1938.7,10,19387.0,186254577.10000014
2025-08-01 10:33:49 AM,1937.4,0,0.0,186254577.10000014
2025-08-01 10:33:49 AM,1937.4,31,60059.4,186314636.50000015
2025-08-01 10:34:05 AM,1938.6,0,0.0,186314636.50000015
2025-08-01 10:34:06 AM,1938.6,77,149272.19999999998,186463908.70000014
2025-08-01 10:34:10 AM,1939.6,84,162926.4,186626835.10000014
2025-08-01 10:34:12 AM,1938.4,1,1938.4,186628773.50000015
2025-08-01 10:34:20 AM,1938.1,0,0.0,186628773.50000015
2025-08-01 10:34:21 AM,1938.1,15,29071.5,186657845.00000015
2025-08-01 10:34:27 AM,1938.2,1,1938.2,186659783.20000014
2025-08-01 10:34:28 AM,1938.2,4,7752.8,186667536.00000015
2025-08-01 10:34:34 AM,1939.5,10,19395.0,186686931.00000015
2025-08-01 10:34:37 AM,1937.9,0,0.0,186686931.00000015
2025-08-01 10:34:38 AM,1937.9,1,1937.9,186688868.90000015
2025-08-01 10:34:40 AM,1937.8,1,1937.8,186690806.70000017
2025-08-01 10:34:44 AM,1939.2,10,19392.0,186710198.70000017
2025-08-01 10:34:46 AM,1940.0,103,199820.0,186910018.70000017
2025-08-01 10:34:49 AM,1939.5,100,193950.0,187103968.70000017
2025-08-01 10:34:50 AM,1937.8,0,0.0,187103968.70000017
2025-08-01 10:34:51 AM,1937.8,2,3875.6,187107844.30000016
2025-08-01 10:34:55 AM,1937.6,22,42627.2,187150471.50000015
2025-08-01 10:34:57 AM,1937.6,1,1937.6,187152409.10000014
2025-08-01 10:34:59 AM,1937.5,0,0.0,187152409.10000014
2025-08-01 10:35:01 AM,1939.0,0,0.0,187152409.10000014
2025-08-01 10:35:01 AM,1939.0,25,48475.0,187200884.10000014
2025-08-01 10:35:11 AM,1937.9,0,0.0,187200884.10000014
2025-08-01 10:35:12 AM,1937.9,3,5813.700000000001,187206697.80000013
2025-08-01 10:35:14 AM,1939.3,0,0.0,187206697.80000013
2025-08-01 10:35:15 AM,1939.3,9,17453.7,187224151.50000012
2025-08-01 10:35:20 AM,1939.4,2,3878.8,187228030.30000013
2025-08-01 10:35:29 AM,1939.4,20,38788.0,187266818.30000013
2025-08-01 10:35:31 AM,1937.0,0,0.0,187266818.30000013
2025-08-01 10:35:31 AM,1937.0,4,7748.0,187274566.30000013
2025-08-01 10:35:35 AM,1938.5,8,15508.0,187290074.30000013
2025-08-01 10:35:37 AM,1938.9,0,0.0,187290074.30000013
2025-08-01 10:35:37 AM,1938.9,26,50411.4,187340485.70000014
2025-08-01 10:35:40 AM,1935.6,254,491642.39999999997,187832128.10000014
2025-08-01 10:35:43 AM,1934.8,0,0.0,187832128.10000014
2025-08-01 10:35:43 AM,1934.8,145,280546.0,188112674.10000014
2025-08-01 10:35:50 AM,1933.4,0,0.0,188112674.10000014
2025-08-01 10:35:52 AM,1933.1,0,0.0,188112674.10000014
2025-08-01 10:35:52 AM,1933.1,5,9665.5,188122339.60000014
2025-08-01 10:35:57 AM,1933.1,1,1933.1,188124272.70000014
2025-08-01 10:35:59 AM,1933.1,1,1933.1,188126205.80000013
2025-08-01 10:36:03 AM,1934.0,251,485434.0,188611639.80000013
2025-08-01 10:36:05 AM,1934.0,1,1934.0,188613573.80000013
2025-08-01 10:36:08 AM,1935.3,113,218688.9,188832262.70000014
2025-08-01 10:36:11 AM,1935.1,4,7740.4,188840003.10000014
2025-08-01 10:36:14 AM,1935.1,3,5805.299999999999,188845808.40000015
2025-08-01 10:36:20 AM,1936.0,2,3872.0,188849680.40000015
2025-08-01 10:36:22 AM,1936.0,13,25168.0,188874848.40000015
2025-08-01 10:36:28 AM,1936.0,1,1936.0,188876784.40000015
2025-08-01 10:36:30 AM,1936.1,0,0.0,188876784.40000015
2025-08-01 10:36:31 AM,1936.1,4,7744.4,188884528.80000016
2025-08-01 10:36:38 AM,1937.1,7,13559.699999999999,188898088.50000015
2025-08-01 10:36:40 AM,1936.0,0,0.0,188898088.50000015
2025-08-01 10:36:41 AM,1936.0,4,7744.0,188905832.50000015
2025-08-01 10:36:49 AM,1937.4,0,0.0,188905832.50000015
2025-08-01 10:36:49 AM,1937.4,45,87183.0,188993015.50000015
2025-08-01 10:36:53 AM,1936.0,5,9680.0,189002695.50000015
2025-08-01 10:36:58 AM,1936.0,1,1936.0,189004631.50000015
2025-08-01 10:37:00 AM,1936.0,1,1936.0,189006567.50000015
2025-08-01 10:37:03 AM,1936.0,2,3872.0,189010439.50000015
2025-08-01 10:37:11 AM,1936.0,4,7744.0,189018183.50000015
2025-08-01 10:37:12 AM,1935.8,0,0.0,189018183.50000015
2025-08-01 10:37:14 AM,1935.8,1,1935.8,189020119.30000016
2025-08-01 10:37:19 AM,1936.0,0,0.0,189020119.30000016
2025-08-01 10:37:20 AM,1936.0,31,60016.0,189080135.30000016
2025-08-01 10:37:22 AM,1936.0,3,5808.0,189085943.30000016
2025-08-01 10:37:28 AM,1936.0,2,3872.0,189089815.30000016
2025-08-01 10:37:31 AM,1936.0,4,7744.0,189097559.30000016
2025-08-01 10:37:40 AM,1936.1,0,0.0,189097559.30000016
2025-08-01 10:37:42 AM,1936.1,4,7744.4,189105303.70000017
2025-08-01 10:37:48 AM,1937.1,0,0.0,189105303.70000017
2025-08-01 10:37:48 AM,1937.1,2,3874.2,189109177.90000015
2025-08-01 10:37:52 AM,1936.5,0,0.0,189109177.90000015
2025-08-01 10:37:53 AM,1936.5,5,9682.5,189118860.40000015
2025-08-01 10:37:59 AM,1936.5,6,11619.0,189130479.40000015
2025-08-01 10:38:01 AM,1936.5,2,3873.0,189134352.40000015
2025-08-01 10:38:05 AM,1936.5,1,1936.5,189136288.90000015
2025-08-01 10:38:06 AM,1937.8,0,0.0,189136288.90000015
2025-08-01 10:38:08 AM,1937.8,15,29067.0,189165355.90000015
2025-08-01 10:38:11 AM,1936.6,0,0.0,189165355.90000015
2025-08-01 10:38:11 AM,1936.6,8,15492.8,189180848.70000017
2025-08-01 10:38:12 AM,1936.5,0,0.0,189180848.70000017
2025-08-01 10:38:14 AM,1936.5,3,5809.5,189186658.20000017
2025-08-01 10:38:23 AM,1937.6,0,0.0,189186658.20000017
2025-08-01 10:38:24 AM,1937.6,7,13563.199999999999,189200221.40000015
2025-08-01 10:38:26 AM,1936.5,1,1936.5,189202157.90000015
2025-08-01 10:38:32 AM,1936.6,0,0.0,189202157.90000015
2025-08-01 10:38:32 AM,1936.6,5,9683.0,189211840.90000015
2025-08-01 10:38:37 AM,1938.2,0,0.0,189211840.90000015
2025-08-01 10:38:38 AM,1938.2,50,96910.0,189308750.90000015
2025-08-01 10:38:41 AM,1936.6,0,0.0,189308750.90000015
2025-08-01 10:38:41 AM,1936.6,2,3873.2,189312624.10000014
2025-08-01 10:38:43 AM,1935.9,0,0.0,189312624.10000014
2025-08-01 10:38:44 AM,1935.9,130,251667.0,189564291.10000014
2025-08-01 10:38:47 AM,1935.0,1,1935.0,189566226.10000014
2025-08-01 10:38:53 AM,1935.0,5,9675.0,189575901.10000014
2025-08-01 10:38:58 AM,1935.0,1,1935.0,189577836.10000014
2025-08-01 10:39:01 AM,1936.5,22,42603.0,189620439.10000014
2025-08-01 10:39:03 AM,1935.0,1,1935.0,189622374.10000014
2025-08-01 10:39:09 AM,1936.2,0,0.0,189622374.10000014
2025-08-01 10:39:09 AM,1936.2,25,48405.0,189670779.10000014
2025-08-01 10:39:11 AM,1935.0,0,0.0,189670779.10000014
2025-08-01 10:39:12 AM,1935.0,3,5805.0,189676584.10000014
2025-08-01 10:39:15 AM,1935.0,2,3870.0,189680454.10000014
2025-08-01 10:39:19 AM,1936.5,0,0.0,189680454.10000014
2025-08-01 10:39:20 AM,1936.2,25,48405.0,189728859.10000014
2025-08-01 10:39:22 AM,1935.1,0,0.0,189728859.10000014
2025-08-01 10:39:23 AM,1935.1,4,7740.4,189736599.50000015
2025-08-01 10:39:26 AM,1935.1,1,1935.1,189738534.60000014
2025-08-01 10:39:32 AM,1936.4,0,0.0,189738534.60000014
2025-08-01 10:39:32 AM,1935.1,5,9675.5,189748210.10000014
2025-08-01 10:39:39 AM,1936.6,0,0.0,189748210.10000014
2025-08-01 10:39:40 AM,1936.6,12,23239.199999999997,189771449.30000013
2025-08-01 10:39:43 AM,1935.2,0,0.0,189771449.30000013
2025-08-01 10:39:43 AM,1935.2,4,7740.8,189779190.10000014
2025-08-01 10:39:49 AM,1935.0,788,1524780.0,191303970.10000014
2025-08-01 10:39:51 AM,1933.2,3,5799.6,191309769.70000014
2025-08-01 10:39:54 AM,1933.2,2,3866.4,191313636.10000014
2025-08-01 10:39:57 AM,1933.2,1,1933.2,191315569.30000013
2025-08-01 10:40:01 AM,1933.1,0,0.0,191315569.30000013
2025-08-01 10:40:02 AM,1933.1,4,7732.4,191323301.70000014
2025-08-01 10:40:07 AM,1934.7,0,0.0,191323301.70000014
2025-08-01 10:40:07 AM,1934.7,43,83192.1,191406493.80000013
2025-08-01 10:40:11 AM,1933.2,0,0.0,191406493.80000013
2025-08-01 10:40:13 AM,1933.2,5,9666.0,191416159.80000013
2025-08-01 10:40:21 AM,1934.0,3,5802.0,191421961.80000013
2025-08-01 10:40:24 AM,1934.0,1,1934.0,191423895.80000013
2025-08-01 10:40:27 AM,1934.0,1,1934.0,191425829.80000013
2025-08-01 10:40:30 AM,1934.0,9,17406.0,191443235.80000013
2025-08-01 10:40:32 AM,1934.0,75,145050.0,191588285.80000013
2025-08-01 10:40:34 AM,1934.6,0,0.0,191588285.80000013
2025-08-01 10:40:35 AM,1934.6,20,38692.0,191626977.80000013
2025-08-01 10:40:41 AM,1934.0,2,3868.0,191630845.80000013
2025-08-01 10:40:44 AM,1934.0,2,3868.0,191634713.80000013
2025-08-01 10:40:48 AM,1934.6,0,0.0,191634713.80000013
2025-08-01 10:40:49 AM,1934.6,5,9673.0,191644386.80000013
2025-08-01 10:40:51 AM,1934.0,0,0.0,191644386.80000013
2025-08-01 10:40:52 AM,1934.0,3,5802.0,191650188.80000013
2025-08-01 10:40:55 AM,1934.0,2,3868.0,191654056.80000013
2025-08-01 10:40:57 AM,1934.0,2,3868.0,191657924.80000013
2025-08-01 10:41:02 AM,1935.4,0,0.0,191657924.80000013
2025-08-01 10:41:03 AM,1934.1,45,87034.5,191744959.30000013
2025-08-01 10:41:08 AM,1935.9,23,44525.700000000004,191789485.00000012
2025-08-01 10:41:11 AM,1934.4,0,0.0,191789485.00000012
2025-08-01 10:41:12 AM,1934.4,3,5803.200000000001,191795288.2000001
2025-08-01 10:41:13 AM,1934.0,0,0.0,191795288.2000001
2025-08-01 10:41:14 AM,1934.0,2,3868.0,191799156.2000001
2025-08-01 10:41:15 AM,1934.6,0,0.0,191799156.2000001
2025-08-01 10:41:17 AM,1935.5,0,0.0,191799156.2000001
2025-08-01 10:41:17 AM,1935.5,49,94839.5,191893995.7000001
2025-08-01 10:41:19 AM,1936.0,0,0.0,191893995.7000001
2025-08-01 10:41:19 AM,1936.0,7,13552.0,191907547.7000001
2025-08-01 10:41:21 AM,1934.3,0,0.0,191907547.7000001
2025-08-01 10:41:23 AM,1935.0,0,0.0,191907547.7000001
2025-08-01 10:41:23 AM,1935.0,4,7740.0,191915287.7000001
2025-08-01 10:41:25 AM,1936.0,2,3872.0,191919159.7000001
2025-08-01 10:41:27 AM,1935.0,0,0.0,191919159.7000001
2025-08-01 10:41:29 AM,1935.0,1,1935.0,191921094.7000001
2025-08-01 10:41:30 AM,1936.0,0,0.0,191921094.7000001
2025-08-01 10:41:30 AM,1936.0,407,787952.0,192709046.7000001
2025-08-01 10:41:31 AM,1935.0,0,0.0,192709046.7000001
2025-08-01 10:41:34 AM,1935.9,0,0.0,192709046.7000001
2025-08-01 10:41:35 AM,1935.9,15,29038.5,192738085.2000001
2025-08-01 10:41:36 AM,1936.3,0,0.0,192738085.2000001
2025-08-01 10:41:36 AM,1936.3,1502,2908322.6,195646407.8000001
2025-08-01 10:41:41 AM,1935.7,0,0.0,195646407.8000001
2025-08-01 10:41:42 AM,1935.7,4,7742.8,195654150.6000001
2025-08-01 10:41:46 AM,1935.7,1,1935.7,195656086.3000001
2025-08-01 10:41:50 AM,1935.1,0,0.0,195656086.3000001
2025-08-01 10:41:51 AM,1935.2,225,435420.0,196091506.3000001
2025-08-01 10:41:52 AM,1936.8,0,0.0,196091506.3000001
2025-08-01 10:41:52 AM,1935.7,0,0.0,196091506.3000001
2025-08-01 10:41:52 AM,1935.7,7,13549.9,196105056.2000001
2025-08-01 10:41:56 AM,1935.7,11,21292.7,196126348.9000001
2025-08-01 10:42:02 AM,1935.7,2,3871.4,196130220.3000001
2025-08-01 10:42:03 AM,1935.7,1,1935.7,196132156.0000001
2025-08-01 10:42:12 AM,1935.6,0,0.0,196132156.0000001
2025-08-01 10:42:13 AM,1935.6,6,11613.599999999999,196143769.60000008
2025-08-01 10:42:22 AM,1935.5,0,0.0,196143769.60000008
2025-08-01 10:42:24 AM,1935.5,4,7742.0,196151511.60000008
2025-08-01 10:42:26 AM,1935.5,1,1935.5,196153447.10000008
2025-08-01 10:42:32 AM,1936.0,2,3872.0,196157319.10000008
2025-08-01 10:42:35 AM,1936.0,2,3872.0,196161191.10000008
2025-08-01 10:42:38 AM,1937.0,0,0.0,196161191.10000008
2025-08-01 10:42:41 AM,1937.0,99,191763.0,196352954.10000008
2025-08-01 10:42:43 AM,1937.0,2,3874.0,196356828.10000008
2025-08-01 10:42:48 AM,1939.0,0,0.0,196356828.10000008
2025-08-01 10:42:48 AM,1938.0,37,71706.0,196428534.10000008
2025-08-01 10:42:52 AM,1938.0,3,5814.0,196434348.10000008
2025-08-01 10:42:54 AM,1939.0,7,13573.0,196447921.10000008
2025-08-01 10:42:57 AM,1938.0,0,0.0,196447921.10000008
2025-08-01 10:42:57 AM,1938.0,1,1938.0,196449859.10000008
2025-08-01 10:43:01 AM,1937.3,0,0.0,196449859.10000008
2025-08-01 10:43:03 AM,1937.3,3,5811.9,196455671.0000001
2025-08-01 10:43:05 AM,1937.2,6,11623.2,196467294.20000008
2025-08-01 10:43:06 AM,1937.0,0,0.0,196467294.20000008
2025-08-01 10:43:08 AM,1937.0,16,30992.0,196498286.20000008
2025-08-01 10:43:11 AM,1937.9,0,0.0,196498286.20000008
2025-08-01 10:43:13 AM,1938.2,0,0.0,196498286.20000008
2025-08-01 10:43:14 AM,1938.2,10,19382.0,196517668.20000008
2025-08-01 10:43:15 AM,1937.0,0,0.0,196517668.20000008
2025-08-01 10:43:16 AM,1937.0,3,5811.0,196523479.20000008
2025-08-01 10:43:21 AM,1937.0,3,5811.0,196529290.20000008
2025-08-01 10:43:24 AM,1937.0,1,1937.0,196531227.20000008
2025-08-01 10:43:27 AM,1937.0,1,1937.0,196533164.20000008
2025-08-01 10:43:30 AM,1937.9,3,5813.700000000001,196538977.90000007
2025-08-01 10:43:31 AM,1937.0,0,0.0,196538977.90000007
2025-08-01 10:43:32 AM,1937.0,4,7748.0,196546725.90000007
2025-08-01 10:43:35 AM,1937.0,10087,19538519.0,216085244.90000007
2025-08-01 10:43:41 AM,1937.3,25,48432.5,216133677.40000007
2025-08-01 10:43:43 AM,1937.4,0,0.0,216133677.40000007
2025-08-01 10:43:43 AM,1937.4,3,5812.200000000001,216139489.60000005
2025-08-01 10:43:45 AM,1937.5,0,0.0,216139489.60000005
2025-08-01 10:43:46 AM,1937.4,13,25186.2,216164675.80000004
2025-08-01 10:43:48 AM,1938.6,1,1938.6,216166614.40000004
2025-08-01 10:43:51 AM,1937.6,0,0.0,216166614.40000004
2025-08-01 10:43:51 AM,1937.6,3,5812.799999999999,216172427.20000005
2025-08-01 10:43:53 AM,1937.5,0,0.0,216172427.20000005
2025-08-01 10:43:53 AM,1938.9,0,0.0,216172427.20000005
2025-08-01 10:43:53 AM,1938.9,4,7755.6,216180182.80000004
2025-08-01 10:43:57 AM,1937.5,0,0.0,216180182.80000004
2025-08-01 10:43:58 AM,1937.5,1,1937.5,216182120.30000004
2025-08-01 10:44:01 AM,1937.7,0,0.0,216182120.30000004
2025-08-01 10:44:01 AM,1937.7,2,3875.4,216185995.70000005
2025-08-01 10:44:03 AM,1937.7,1,1937.7,216187933.40000004
2025-08-01 10:44:05 AM,1937.4,0,0.0,216187933.40000004
2025-08-01 10:44:06 AM,1937.4,19,36810.6,216224744.00000003
2025-08-01 10:44:07 AM,1938.7,0,0.0,216224744.00000003
2025-08-01 10:44:09 AM,1938.7,1,1938.7,216226682.70000002
2025-08-01 10:44:11 AM,1937.4,0,0.0,216226682.70000002
2025-08-01 10:44:12 AM,1937.4,3,5812.200000000001,216232494.9
2025-08-01 10:44:14 AM,1937.4,2,3874.8,216236369.70000002
2025-08-01 10:44:23 AM,1937.4,5,9687.0,216246056.70000002
2025-08-01 10:44:25 AM,1937.0,0,0.0,216246056.70000002
2025-08-01 10:44:25 AM,1936.8,0,0.0,216246056.70000002
2025-08-01 10:44:25 AM,1936.8,38,73598.4,216319655.10000002
2025-08-01 10:44:27 AM,1936.9,0,0.0,216319655.10000002
2025-08-01 10:44:28 AM,1938.4,9,17445.600000000002,216337100.70000002
2025-08-01 10:44:31 AM,1936.7,5,9683.5,216346784.20000002
2025-08-01 10:44:35 AM,1937.3,0,0.0,216346784.20000002
2025-08-01 10:44:36 AM,1939.5,0,0.0,216346784.20000002
2025-08-01 10:44:36 AM,1939.5,43,83398.5,216430182.70000002
2025-08-01 10:44:40 AM,1939.0,0,0.0,216430182.70000002
2025-08-01 10:44:41 AM,1937.9,0,0.0,216430182.70000002
2025-08-01 10:44:41 AM,1937.9,5,9689.5,216439872.20000002
2025-08-01 10:44:43 AM,1937.5,0,0.0,216439872.20000002
2025-08-01 10:44:44 AM,1937.5,1,1937.5,216441809.70000002
2025-08-01 10:44:47 AM,1939.2,0,0.0,216441809.70000002
2025-08-01 10:44:47 AM,1939.2,3,5817.6,216447627.3
2025-08-01 10:44:50 AM,1939.1,0,0.0,216447627.3
2025-08-01 10:44:51 AM,1937.9,0,0.0,216447627.3
2025-08-01 10:44:52 AM,1937.8,8,15502.4,216463129.70000002
2025-08-01 10:44:57 AM,1939.0,0,0.0,216463129.70000002
2025-08-01 10:44:58 AM,1939.0,1,1939.0,216465068.70000002
2025-08-01 10:45:00 AM,1939.0,13,25207.0,216490275.70000002
2025-08-01 10:45:01 AM,1940.0,0,0.0,216490275.70000002
2025-08-01 10:45:03 AM,1939.0,0,0.0,216490275.70000002
2025-08-01 10:45:03 AM,1939.0,2,3878.0,216494153.70000002
2025-08-01 10:45:06 AM,1940.0,0,0.0,216494153.70000002
2025-08-01 10:45:06 AM,1940.0,2,3880.0,216498033.70000002
2025-08-01 10:45:11 AM,1939.9,0,0.0,216498033.70000002
2025-08-01 10:45:11 AM,1939.0,2,3878.0,216501911.70000002
2025-08-01 10:45:14 AM,1939.9,7,13579.300000000001,216515491.00000003
2025-08-01 10:45:23 AM,1939.2,1,1939.2,216517430.20000002
2025-08-01 10:45:28 AM,1939.2,1,1939.2,216519369.4
2025-08-01 10:45:33 AM,1939.2,3,5817.6,216525187.0
2025-08-01 10:45:34 AM,1939.9,0,0.0,216525187.0
2025-08-01 10:45:36 AM,1939.9,1,1939.9,216527126.9
2025-08-01 10:45:41 AM,1939.2,1,1939.2,216529066.1
2025-08-01 10:45:44 AM,1939.2,1,1939.2,216531005.29999998
2025-08-01 10:45:49 AM,1939.2,3,5817.6,216536822.89999998
2025-08-01 10:45:52 AM,1939.2,14,27148.8,216563971.7
2025-08-01 10:45:55 AM,1939.9,0,0.0,216563971.7
2025-08-01 10:45:57 AM,1939.2,0,0.0,216563971.7
2025-08-01 10:45:57 AM,1939.2,2,3878.4,216567850.1
2025-08-01 10:46:01 AM,1940.0,0,0.0,216567850.1
2025-08-01 10:46:02 AM,1939.2,2,3878.4,216571728.5
2025-08-01 10:46:12 AM,1939.2,116,224947.2,216796675.7
2025-08-01 10:46:13 AM,1938.0,0,0.0,216796675.7
2025-08-01 10:46:14 AM,1938.0,8,15504.0,216812179.7
2025-08-01 10:46:15 AM,1938.9,0,0.0,216812179.7
2025-08-01 10:46:16 AM,1939.8,0,0.0,216812179.7
2025-08-01 10:46:18 AM,1939.8,9,17458.2,216829637.89999998
2025-08-01 10:46:24 AM,1938.8,1,1938.8,216831576.7
2025-08-01 10:46:24 AM,1939.9,0,0.0,216831576.7
2025-08-01 10:46:26 AM,1939.9,1,1939.9,216833516.6
2025-08-01 10:46:27 AM,1938.8,0,0.0,216833516.6
2025-08-01 10:46:29 AM,1938.8,1,1938.8,216835455.4
2025-08-01 10:46:35 AM,1938.8,2,3877.6,216839333.0
2025-08-01 10:46:36 AM,1938.8,4,7755.2,216847088.2
2025-08-01 10:46:42 AM,1938.8,1,1938.8,216849027.0
2025-08-01 10:46:43 AM,1938.0,0,0.0,216849027.0
2025-08-01 10:46:46 AM,1938.9,0,0.0,216849027.0
2025-08-01 10:46:46 AM,1938.9,28,54289.200000000004,216903316.2
2025-08-01 10:46:47 AM,1939.0,1,1939.0,216905255.2
2025-08-01 10:46:52 AM,1937.6,0,0.0,216905255.2
2025-08-01 10:46:53 AM,1937.6,2,3875.2,216909130.39999998
2025-08-01 10:46:57 AM,1937.5,0,0.0,216909130.39999998
2025-08-01 10:46:57 AM,1937.5,1,1937.5,216911067.89999998
2025-08-01 10:46:58 AM,1938.9,0,0.0,216911067.89999998
2025-08-01 10:46:58 AM,1938.9,1,1938.9,216913006.79999998
2025-08-01 10:47:02 AM,1937.6,0,0.0,216913006.79999998
2025-08-01 10:47:02 AM,1937.6,1,1937.6,216914944.39999998
2025-08-01 10:47:04 AM,1937.7,1,1937.7,216916882.09999996
2025-08-01 10:47:08 AM,1937.5,0,0.0,216916882.09999996
2025-08-01 10:47:09 AM,1937.5,3,5812.5,216922694.59999996
2025-08-01 10:47:13 AM,1937.5,3,5812.5,216928507.09999996
2025-08-01 10:47:22 AM,1937.7,0,0.0,216928507.09999996
2025-08-01 10:47:24 AM,1937.7,222,430169.4,217358676.49999997
2025-08-01 10:47:25 AM,1939.4,0,0.0,217358676.49999997
2025-08-01 10:47:25 AM,1939.4,9,17454.600000000002,217376131.09999996
2025-08-01 10:47:29 AM,1939.4,1,1939.4,217378070.49999997
2025-08-01 10:47:31 AM,1941.0,0,0.0,217378070.49999997
2025-08-01 10:47:31 AM,1941.0,36,69876.0,217447946.49999997
2025-08-01 10:47:33 AM,1940.1,0,0.0,217447946.49999997
2025-08-01 10:47:34 AM,1940.1,2,3880.2,217451826.69999996
2025-08-01 10:47:35 AM,1941.7,0,0.0,217451826.69999996
2025-08-01 10:47:37 AM,1941.7,55,106793.5,217558620.19999996
2025-08-01 10:47:42 AM,1940.1,2,3880.2,217562500.39999995
2025-08-01 10:47:43 AM,1941.4,0,0.0,217562500.39999995
2025-08-01 10:47:45 AM,1941.5,0,0.0,217562500.39999995
2025-08-01 10:47:45 AM,1941.5,3,5824.5,217568324.89999995
2025-08-01 10:47:53 AM,1941.5,31,60186.5,217628511.39999995
2025-08-01 10:47:56 AM,1941.5,5,9707.5,217638218.89999995
2025-08-01 10:47:58 AM,1942.0,13,25246.0,217663464.89999995
2025-08-01 10:48:01 AM,1943.0,0,0.0,217663464.89999995
2025-08-01 10:48:01 AM,1943.0,183,355569.0,218019033.89999995
2025-08-01 10:48:04 AM,1944.0,150,291600.0,218310633.89999995
2025-08-01 10:48:05 AM,1943.1,0,0.0,218310633.89999995
2025-08-01 10:48:07 AM,1943.1,20,38862.0,218349495.89999995
2025-08-01 10:48:09 AM,1944.0,0,0.0,218349495.89999995
2025-08-01 10:48:09 AM,1944.0,2,3888.0,218353383.89999995
2025-08-01 10:48:12 AM,1943.2,0,0.0,218353383.89999995
2025-08-01 10:48:12 AM,1943.2,2,3886.4,218357270.29999995
2025-08-01 10:48:23 AM,1943.2,11,21375.2,218378645.49999994
2025-08-01 10:48:30 AM,1942.8,0,0.0,218378645.49999994
2025-08-01 10:48:31 AM,1942.8,20,38856.0,218417501.49999994
2025-08-01 10:48:34 AM,1942.8,2,3885.6,218421387.09999993
2025-08-01 10:48:39 AM,1942.8,3,5828.4,218427215.49999994
2025-08-01 10:48:41 AM,1942.8,21,40798.799999999996,218468014.29999995
2025-08-01 10:48:42 AM,1942.4,0,0.0,218468014.29999995
2025-08-01 10:48:45 AM,1942.4,1,1942.4,218469956.69999996
2025-08-01 10:48:48 AM,1942.7,0,0.0,218469956.69999996
2025-08-01 10:48:50 AM,1942.7,2,3885.4,218473842.09999996
2025-08-01 10:48:54 AM,1941.9,0,0.0,218473842.09999996
2025-08-01 10:48:56 AM,1941.9,12,23302.800000000003,218497144.89999998
2025-08-01 10:48:57 AM,1942.7,0,0.0,218497144.89999998
2025-08-01 10:48:57 AM,1942.7,2,3885.4,218501030.29999998
2025-08-01 10:49:02 AM,1941.9,0,0.0,218501030.29999998
2025-08-01 10:49:03 AM,1941.9,1,1941.9,218502972.2
2025-08-01 10:49:08 AM,1941.9,3,5825.700000000001,218508797.89999998
2025-08-01 10:49:12 AM,1941.9,4,7767.6,218516565.49999997
2025-08-01 10:49:13 AM,1942.6,0,0.0,218516565.49999997
2025-08-01 10:49:14 AM,1942.6,1,1942.6,218518508.09999996
2025-08-01 10:49:22 AM,1941.9,0,0.0,218518508.09999996
2025-08-01 10:49:23 AM,1941.9,1,1941.9,218520449.99999997
2025-08-01 10:49:27 AM,1942.6,0,0.0,218520449.99999997
2025-08-01 10:49:28 AM,1942.6,5,9713.0,218530162.99999997
2025-08-01 10:49:30 AM,1942.6,10,19426.0,218549588.99999997
2025-08-01 10:49:32 AM,1941.7,0,0.0,218549588.99999997
2025-08-01 10:49:34 AM,1941.7,2,3883.4,218553472.39999998
2025-08-01 10:49:34 AM,1942.6,0,0.0,218553472.39999998
2025-08-01 10:49:35 AM,1942.6,1,1942.6,218555414.99999997
2025-08-01 10:49:39 AM,1942.6,5,9713.0,218565127.99999997
2025-08-01 10:49:42 AM,1941.9,0,0.0,218565127.99999997
2025-08-01 10:49:44 AM,1941.9,1,1941.9,218567069.89999998
