date,price,qty,trnvr,cum_trnvr
2025-08-01 09:15:08 AM,186.0,875,162750.0,162750.0
2025-08-01 09:15:10 AM,186.4,2000,372800.0,535550.0
2025-08-01 09:15:16 AM,186.11,0,0.0,535550.0
2025-08-01 09:15:19 AM,186.11,81,15074.910000000002,550624.91
2025-08-01 09:15:28 AM,185.76,1351,250961.75999999998,801586.67
2025-08-01 09:15:36 AM,186.33,0,0.0,801586.67
2025-08-01 09:15:37 AM,186.33,20,3726.6000000000004,805313.27
2025-08-01 09:15:44 AM,186.37,0,0.0,805313.27
2025-08-01 09:15:45 AM,186.37,10,1863.7,807176.97
2025-08-01 09:15:58 AM,186.36,0,0.0,807176.97
2025-08-01 09:16:00 AM,185.98,0,0.0,807176.97
2025-08-01 09:16:02 AM,185.92,1032,191869.43999999997,999046.4099999999
2025-08-01 09:16:03 AM,185.5,203,37656.5,1036702.9099999999
2025-08-01 09:16:06 AM,185.32,0,0.0,1036702.9099999999
2025-08-01 09:16:10 AM,185.32,301,55781.32,1092484.23
2025-08-01 09:16:32 AM,185.13,0,0.0,1092484.23
2025-08-01 09:16:34 AM,185.13,120,22215.6,1114699.83
2025-08-01 09:16:41 AM,185.5,0,0.0,1114699.83
2025-08-01 09:16:43 AM,185.5,68,12614.0,1127313.83
2025-08-01 09:16:59 AM,185.51,132,24487.32,1151801.1500000001
2025-08-01 09:17:09 AM,185.63,108,20048.04,1171849.1900000002
2025-08-01 09:17:19 AM,185.82,0,0.0,1171849.1900000002
2025-08-01 09:17:24 AM,185.82,35,6503.7,1178352.8900000001
2025-08-01 09:17:35 AM,185.73,0,0.0,1178352.8900000001
2025-08-01 09:17:37 AM,185.72,0,0.0,1178352.8900000001
2025-08-01 09:17:41 AM,185.72,144,26743.68,1205096.57
2025-08-01 09:18:01 AM,185.51,0,0.0,1205096.57
2025-08-01 09:18:05 AM,185.51,85,15768.349999999999,1220864.9200000002
2025-08-01 09:18:22 AM,186.08,331,61592.48,1282457.4000000001
2025-08-01 09:18:27 AM,186.55,0,0.0,1282457.4000000001
2025-08-01 09:18:30 AM,186.55,1306,243634.30000000002,1526091.7000000002
2025-08-01 09:18:47 AM,186.55,5,932.75,1527024.4500000002
2025-08-01 09:18:55 AM,186.66,911,170047.26,1697071.7100000002
2025-08-01 09:19:05 AM,186.61,0,0.0,1697071.7100000002
2025-08-01 09:19:11 AM,186.6,169,31535.399999999998,1728607.11
2025-08-01 09:19:27 AM,186.27,68,12666.36,1741273.4700000002
2025-08-01 09:19:42 AM,186.28,0,0.0,1741273.4700000002
2025-08-01 09:19:43 AM,186.28,356,66315.68000000001,1807589.1500000001
2025-08-01 09:19:50 AM,186.6,0,0.0,1807589.1500000001
2025-08-01 09:19:51 AM,186.6,30,5598.0,1813187.1500000001
2025-08-01 09:19:58 AM,186.28,0,0.0,1813187.1500000001
2025-08-01 09:19:59 AM,186.28,68,12667.04,1825854.1900000002
2025-08-01 09:20:20 AM,186.4,0,0.0,1825854.1900000002
2025-08-01 09:20:23 AM,186.4,100,18640.0,1844494.1900000002
2025-08-01 09:20:30 AM,186.6,0,0.0,1844494.1900000002
2025-08-01 09:20:31 AM,186.6,3,559.8,1845053.9900000002
2025-08-01 09:20:47 AM,186.6,126,23511.6,1868565.5900000003
2025-08-01 09:21:10 AM,186.6,303,56539.799999999996,1925105.3900000004
2025-08-01 09:21:39 AM,186.31,0,0.0,1925105.3900000004
2025-08-01 09:21:41 AM,186.31,2460,458322.6,2383427.99
2025-08-01 09:23:28 AM,186.41,263,49025.83,2432453.8200000003
2025-08-01 09:24:00 AM,186.43,35,6525.05,2438978.87
2025-08-01 09:24:14 AM,186.5,30,5595.0,2444573.87
2025-08-01 09:24:15 AM,186.4,1064,198329.6,2642903.47
2025-08-01 09:24:21 AM,186.42,64,11930.88,2654834.35
2025-08-01 09:25:43 AM,186.68,2000,373360.0,3028194.35
2025-08-01 09:25:46 AM,186.25,50,9312.5,3037506.85
2025-08-01 09:26:05 AM,186.44,0,0.0,3037506.85
2025-08-01 09:26:06 AM,186.44,5,932.2,3038439.0500000003
2025-08-01 09:26:12 AM,186.17,0,0.0,3038439.0500000003
2025-08-01 09:26:14 AM,186.17,116,21595.719999999998,3060034.7700000005
2025-08-01 09:26:37 AM,186.29,0,0.0,3060034.7700000005
2025-08-01 09:26:39 AM,186.29,268,49925.72,3109960.4900000007
2025-08-01 09:26:45 AM,186.3,0,0.0,3109960.4900000007
2025-08-01 09:26:46 AM,186.3,4,745.2,3110705.690000001
2025-08-01 09:26:52 AM,186.56,2,373.12,3111078.810000001
2025-08-01 09:26:54 AM,186.61,25,4665.25,3115744.060000001
2025-08-01 09:27:14 AM,186.32,0,0.0,3115744.060000001
2025-08-01 09:27:15 AM,186.32,100,18632.0,3134376.060000001
2025-08-01 09:27:49 AM,186.47,0,0.0,3134376.060000001
2025-08-01 09:27:52 AM,186.47,50,9323.5,3143699.560000001
2025-08-01 09:27:54 AM,186.32,10,1863.1999999999998,3145562.760000001
2025-08-01 09:28:15 AM,186.32,293,54591.759999999995,3200154.520000001
2025-08-01 09:28:24 AM,186.17,0,0.0,3200154.520000001
2025-08-01 09:28:24 AM,186.17,10,1861.6999999999998,3202016.220000001
2025-08-01 09:28:31 AM,186.17,6,1117.02,3203133.240000001
2025-08-01 09:28:50 AM,186.2,0,0.0,3203133.240000001
2025-08-01 09:28:53 AM,186.2,25,4655.0,3207788.240000001
2025-08-01 09:29:01 AM,186.47,20,3729.4,3211517.640000001
2025-08-01 09:29:24 AM,186.49,1,186.49,3211704.1300000013
2025-08-01 09:29:46 AM,186.74,1000,186740.0,3398444.1300000013
2025-08-01 09:30:00 AM,186.8,0,0.0,3398444.1300000013
2025-08-01 09:30:01 AM,186.8,530,99004.0,3497448.1300000013
2025-08-01 09:30:24 AM,186.89,1,186.89,3497635.0200000014
2025-08-01 09:30:46 AM,186.71,100,18671.0,3516306.0200000014
2025-08-01 09:30:53 AM,186.71,60,11202.6,3527508.6200000015
2025-08-01 09:31:22 AM,186.25,0,0.0,3527508.6200000015
2025-08-01 09:31:23 AM,186.25,2894,539007.5,4066516.1200000015
2025-08-01 09:31:28 AM,186.57,0,0.0,4066516.1200000015
2025-08-01 09:31:29 AM,186.49,0,0.0,4066516.1200000015
2025-08-01 09:31:30 AM,186.49,102,19021.98,4085538.1000000015
2025-08-01 09:31:31 AM,186.68,1,186.68,4085724.7800000017
2025-08-01 09:31:33 AM,186.74,0,0.0,4085724.7800000017
2025-08-01 09:31:37 AM,186.74,250,46685.0,4132409.7800000017
2025-08-01 09:32:07 AM,186.76,0,0.0,4132409.7800000017
2025-08-01 09:32:07 AM,186.79,0,0.0,4132409.7800000017
2025-08-01 09:32:12 AM,186.79,28,5230.12,4137639.900000002
2025-08-01 09:32:38 AM,186.64,0,0.0,4137639.900000002
2025-08-01 09:32:40 AM,186.64,86,16051.039999999999,4153690.940000002
2025-08-01 09:32:44 AM,186.62,0,0.0,4153690.940000002
2025-08-01 09:32:47 AM,186.62,25,4665.5,4158356.440000002
2025-08-01 09:33:13 AM,186.66,0,0.0,4158356.440000002
2025-08-01 09:33:15 AM,186.83,13,2428.79,4160785.230000002
2025-08-01 09:33:22 AM,186.84,2,373.68,4161158.910000002
2025-08-01 09:33:28 AM,186.85,0,0.0,4161158.910000002
2025-08-01 09:33:28 AM,186.73,0,0.0,4161158.910000002
2025-08-01 09:33:28 AM,186.73,16,2987.68,4164146.590000002
2025-08-01 09:33:35 AM,186.85,5,934.25,4165080.840000002
2025-08-01 09:33:56 AM,186.85,20,3737.0,4168817.840000002
2025-08-01 09:34:08 AM,186.75,0,0.0,4168817.840000002
2025-08-01 09:34:11 AM,186.97,145,27110.65,4195928.490000002
2025-08-01 09:34:21 AM,187.0,0,0.0,4195928.490000002
2025-08-01 09:34:25 AM,187.0,3933,735471.0,4931399.490000002
2025-08-01 09:34:28 AM,187.38,0,0.0,4931399.490000002
2025-08-01 09:34:31 AM,187.43,0,0.0,4931399.490000002
2025-08-01 09:34:32 AM,187.43,485,90903.55,5022303.040000002
2025-08-01 09:34:33 AM,187.26,0,0.0,5022303.040000002
2025-08-01 09:34:36 AM,187.25,0,0.0,5022303.040000002
2025-08-01 09:34:38 AM,187.25,46,8613.5,5030916.540000002
2025-08-01 09:34:48 AM,187.15,0,0.0,5030916.540000002
2025-08-01 09:34:51 AM,187.19,0,0.0,5030916.540000002
2025-08-01 09:34:52 AM,187.19,184,34442.96,5065359.500000002
2025-08-01 09:35:06 AM,187.24,15,2808.6000000000004,5068168.1000000015
2025-08-01 09:35:20 AM,187.13,129,24139.77,5092307.870000001
2025-08-01 09:35:27 AM,187.13,42,7859.46,5100167.330000001
2025-08-01 09:35:33 AM,187.24,0,0.0,5100167.330000001
2025-08-01 09:35:34 AM,187.24,3,561.72,5100729.050000001
2025-08-01 09:35:41 AM,187.19,375,70196.25,5170925.300000001
2025-08-01 09:36:08 AM,187.19,5,935.95,5171861.250000001
2025-08-01 09:36:30 AM,187.24,0,0.0,5171861.250000001
2025-08-01 09:36:34 AM,187.24,60,11234.400000000001,5183095.650000001
2025-08-01 09:37:00 AM,187.24,25,4681.0,5187776.650000001
2025-08-01 09:37:36 AM,187.16,0,0.0,5187776.650000001
2025-08-01 09:37:42 AM,187.16,10,1871.6,5189648.250000001
2025-08-01 09:37:44 AM,187.39,0,0.0,5189648.250000001
2025-08-01 09:37:49 AM,187.39,800,149912.0,5339560.250000001
2025-08-01 09:37:49 AM,187.16,500,93580.0,5433140.250000001
2025-08-01 09:37:52 AM,187.26,0,0.0,5433140.250000001
2025-08-01 09:37:55 AM,187.26,40,7490.4,5440630.650000001
2025-08-01 09:38:07 AM,187.15,0,0.0,5440630.650000001
2025-08-01 09:38:09 AM,187.15,600,112290.0,5552920.650000001
2025-08-01 09:38:28 AM,187.02,0,0.0,5552920.650000001
2025-08-01 09:38:29 AM,187.02,16,2992.32,5555912.970000002
2025-08-01 09:38:49 AM,186.86,5,934.3000000000001,5556847.270000001
2025-08-01 09:39:16 AM,186.86,100,18686.0,5575533.270000001
2025-08-01 09:40:03 AM,186.57,25,4664.25,5580197.520000001
2025-08-01 09:40:11 AM,186.79,0,0.0,5580197.520000001
2025-08-01 09:40:15 AM,186.58,220,41047.600000000006,5621245.120000001
2025-08-01 09:40:48 AM,186.57,100,18657.0,5639902.120000001
2025-08-01 09:41:38 AM,186.76,0,0.0,5639902.120000001
2025-08-01 09:41:41 AM,186.76,528,98609.28,5738511.400000001
2025-08-01 09:42:14 AM,186.9,10,1869.0,5740380.400000001
2025-08-01 09:42:15 AM,186.9,1,186.9,5740567.300000002
2025-08-01 09:42:24 AM,186.99,0,0.0,5740567.300000002
2025-08-01 09:42:27 AM,186.99,5,934.95,5741502.250000002
2025-08-01 09:42:37 AM,186.97,0,0.0,5741502.250000002
2025-08-01 09:42:40 AM,186.97,1,186.97,5741689.220000002
2025-08-01 09:42:59 AM,187.02,100,18702.0,5760391.220000002
2025-08-01 09:43:07 AM,186.86,14,2616.04,5763007.260000002
2025-08-01 09:43:17 AM,186.8,0,0.0,5763007.260000002
2025-08-01 09:43:19 AM,186.8,2,373.6,5763380.860000001
2025-08-01 09:43:33 AM,186.8,10,1868.0,5765248.860000001
2025-08-01 09:44:05 AM,186.76,0,0.0,5765248.860000001
2025-08-01 09:44:05 AM,186.76,213,39779.88,5805028.740000001
2025-08-01 09:44:06 AM,186.78,47,8778.66,5813807.400000001
2025-08-01 09:44:09 AM,186.8,0,0.0,5813807.400000001
2025-08-01 09:44:12 AM,186.8,200,37360.0,5851167.400000001
2025-08-01 09:44:35 AM,186.5,0,0.0,5851167.400000001
2025-08-01 09:44:38 AM,186.5,137,25550.5,5876717.900000001
2025-08-01 09:45:04 AM,186.42,509,94887.78,5971605.680000002
2025-08-01 09:45:06 AM,186.31,0,0.0,5971605.680000002
2025-08-01 09:45:11 AM,186.31,554,103215.74,6074821.420000002
2025-08-01 09:46:09 AM,186.31,1092,203450.52,6278271.940000001
2025-08-01 09:46:18 AM,186.03,0,0.0,6278271.940000001
2025-08-01 09:46:22 AM,186.03,1166,216910.98,6495182.920000002
2025-08-01 09:46:26 AM,185.88,0,0.0,6495182.920000002
2025-08-01 09:46:27 AM,186.06,0,0.0,6495182.920000002
2025-08-01 09:46:28 AM,186.06,355,66051.3,6561234.220000002
2025-08-01 09:46:31 AM,186.0,0,0.0,6561234.220000002
2025-08-01 09:46:34 AM,185.98,0,0.0,6561234.220000002
2025-08-01 09:46:35 AM,185.98,531,98755.37999999999,6659989.6000000015
2025-08-01 09:46:49 AM,185.86,279,51854.94,6711844.540000002
2025-08-01 09:46:58 AM,185.82,0,0.0,6711844.540000002
2025-08-01 09:47:00 AM,185.82,40,7432.799999999999,6719277.340000002
2025-08-01 09:47:11 AM,185.73,0,0.0,6719277.340000002
2025-08-01 09:47:12 AM,185.73,148,27488.039999999997,6746765.380000002
2025-08-01 09:49:17 AM,185.5,0,0.0,6746765.380000002
2025-08-01 09:49:17 AM,185.5,500,92750.0,6839515.380000002
2025-08-01 09:49:20 AM,185.61,0,0.0,6839515.380000002
2025-08-01 09:49:21 AM,185.61,1,185.61,6839700.990000002
2025-08-01 09:49:23 AM,185.61,1,185.61,6839886.600000002
2025-08-01 09:49:35 AM,185.68,0,0.0,6839886.600000002
2025-08-01 09:49:36 AM,185.68,1014,188279.52000000002,7028166.120000003
2025-08-01 09:49:58 AM,185.65,252,46783.8,7074949.920000003
2025-08-01 09:50:19 AM,185.46,0,0.0,7074949.920000003
2025-08-01 09:50:21 AM,185.46,300,55638.0,7130587.920000003
2025-08-01 09:51:39 AM,185.57,22,4082.54,7134670.460000003
2025-08-01 09:51:46 AM,185.39,78,14460.419999999998,7149130.880000003
2025-08-01 09:52:18 AM,185.74,0,0.0,7149130.880000003
2025-08-01 09:52:19 AM,185.74,500,92870.0,7242000.880000003
2025-08-01 09:52:36 AM,185.8,0,0.0,7242000.880000003
2025-08-01 09:52:37 AM,185.8,500,92900.0,7334900.880000003
2025-08-01 09:53:07 AM,185.8,5,929.0,7335829.880000003
2025-08-01 09:53:31 AM,185.64,0,0.0,7335829.880000003
2025-08-01 09:53:32 AM,185.64,50,9282.0,7345111.880000003
2025-08-01 09:53:40 AM,185.78,0,0.0,7345111.880000003
2025-08-01 09:53:42 AM,185.78,61,11332.58,7356444.460000003
2025-08-01 09:54:19 AM,185.6,0,0.0,7356444.460000003
2025-08-01 09:54:20 AM,185.6,50,9280.0,7365724.460000003
2025-08-01 09:55:07 AM,185.6,1649,306054.39999999997,7671778.860000003
2025-08-01 09:56:02 AM,185.54,500,92770.0,7764548.860000003
2025-08-01 09:56:43 AM,185.65,0,0.0,7764548.860000003
2025-08-01 09:56:43 AM,185.65,250,46412.5,7810961.360000003
2025-08-01 09:57:02 AM,185.5,0,0.0,7810961.360000003
2025-08-01 09:57:03 AM,185.5,640,118720.0,7929681.360000003
2025-08-01 09:57:07 AM,185.35,0,0.0,7929681.360000003
2025-08-01 09:57:08 AM,185.35,36,6672.599999999999,7936353.960000003
2025-08-01 09:57:13 AM,185.35,464,86002.4,8022356.360000003
2025-08-01 09:57:19 AM,185.07,0,0.0,8022356.360000003
2025-08-01 09:57:19 AM,185.07,150,27760.5,8050116.860000003
2025-08-01 09:57:42 AM,185.0,0,0.0,8050116.860000003
2025-08-01 09:57:42 AM,185.0,862,159470.0,8209586.860000003
2025-08-01 09:58:03 AM,184.81,0,0.0,8209586.860000003
2025-08-01 09:58:03 AM,184.81,40,7392.4,8216979.2600000035
2025-08-01 09:58:07 AM,184.98,0,0.0,8216979.2600000035
2025-08-01 09:58:07 AM,184.98,1,184.98,8217164.240000004
2025-08-01 09:58:19 AM,184.77,138,25498.260000000002,8242662.500000004
2025-08-01 09:58:46 AM,184.99,50,9249.5,8251912.000000004
2025-08-01 09:59:09 AM,184.7,0,0.0,8251912.000000004
2025-08-01 09:59:11 AM,184.45,1377,253987.65,8505899.650000004
2025-08-01 09:59:58 AM,184.45,10,1844.5,8507744.150000004
2025-08-01 10:00:48 AM,184.45,22,4057.8999999999996,8511802.050000004
2025-08-01 10:00:54 AM,184.46,0,0.0,8511802.050000004
2025-08-01 10:00:54 AM,184.46,50,9223.0,8521025.050000004
2025-08-01 10:01:01 AM,184.55,1,184.55,8521209.600000005
2025-08-01 10:01:21 AM,184.62,0,0.0,8521209.600000005
2025-08-01 10:01:23 AM,184.62,4,738.48,8521948.080000006
2025-08-01 10:02:05 AM,184.84,0,0.0,8521948.080000006
2025-08-01 10:02:06 AM,184.84,785,145099.4,8667047.480000006
2025-08-01 10:02:38 AM,184.64,0,0.0,8667047.480000006
2025-08-01 10:02:38 AM,184.64,1,184.64,8667232.120000007
2025-08-01 10:02:57 AM,184.64,32,5908.48,8673140.600000007
2025-08-01 10:03:09 AM,184.64,68,12555.519999999999,8685696.120000007
2025-08-01 10:03:54 AM,184.72,512,94576.64,8780272.760000007
2025-08-01 10:05:50 AM,184.68,0,0.0,8780272.760000007
2025-08-01 10:05:52 AM,184.68,26,4801.68,8785074.440000007
2025-08-01 10:06:21 AM,184.64,235,43390.399999999994,8828464.840000007
2025-08-01 10:06:41 AM,184.75,100,18475.0,8846939.840000007
2025-08-01 10:07:16 AM,184.5,500,92250.0,8939189.840000007
2025-08-01 10:07:18 AM,184.49,36,6641.64,8945831.480000008
2025-08-01 10:07:29 AM,184.45,200,36890.0,8982721.480000008
2025-08-01 10:07:37 AM,184.45,943,173936.34999999998,9156657.830000008
2025-08-01 10:08:30 AM,184.4,25,4610.0,9161267.830000008
2025-08-01 10:09:04 AM,184.31,0,0.0,9161267.830000008
2025-08-01 10:09:06 AM,184.31,1,184.31,9161452.140000008
2025-08-01 10:09:08 AM,184.3,0,0.0,9161452.140000008
2025-08-01 10:09:08 AM,184.3,100,18430.0,9179882.140000008
2025-08-01 10:09:26 AM,184.4,0,0.0,9179882.140000008
2025-08-01 10:09:26 AM,184.4,10,1844.0,9181726.140000008
2025-08-01 10:12:40 AM,184.63,0,0.0,9181726.140000008
2025-08-01 10:12:42 AM,184.63,50,9231.5,9190957.640000008
2025-08-01 10:13:13 AM,184.51,0,0.0,9190957.640000008
2025-08-01 10:13:17 AM,184.51,1,184.51,9191142.150000008
2025-08-01 10:13:18 AM,184.63,31,5723.53,9196865.680000007
2025-08-01 10:15:55 AM,184.77,0,0.0,9196865.680000007
2025-08-01 10:15:56 AM,184.77,100,18477.0,9215342.680000007
2025-08-01 10:16:43 AM,184.81,50,9240.5,9224583.180000007
2025-08-01 10:17:27 AM,184.88,0,0.0,9224583.180000007
2025-08-01 10:17:28 AM,184.88,554,102423.52,9327006.700000007
2025-08-01 10:17:30 AM,184.9,0,0.0,9327006.700000007
2025-08-01 10:17:31 AM,185.13,0,0.0,9327006.700000007
2025-08-01 10:17:33 AM,185.13,106,19623.78,9346630.480000006
2025-08-01 10:17:43 AM,185.14,0,0.0,9346630.480000006
2025-08-01 10:17:45 AM,185.14,10,1851.3999999999999,9348481.880000006
2025-08-01 10:17:57 AM,185.0,0,0.0,9348481.880000006
2025-08-01 10:17:57 AM,185.0,150,27750.0,9376231.880000006
2025-08-01 10:21:14 AM,185.0,80,14800.0,9391031.880000006
2025-08-01 10:21:34 AM,185.1,2,370.2,9391402.080000006
2025-08-01 10:22:10 AM,185.3,0,0.0,9391402.080000006
2025-08-01 10:22:10 AM,185.3,100,18530.0,9409932.080000006
2025-08-01 10:23:33 AM,185.1,0,0.0,9409932.080000006
2025-08-01 10:23:33 AM,185.1,76,14067.6,9423999.680000005
2025-08-01 10:23:36 AM,185.15,0,0.0,9423999.680000005
2025-08-01 10:23:36 AM,185.15,40,7406.0,9431405.680000005
2025-08-01 10:24:33 AM,185.03,0,0.0,9431405.680000005
2025-08-01 10:24:33 AM,185.03,1,185.03,9431590.710000005
2025-08-01 10:25:49 AM,185.23,0,0.0,9431590.710000005
2025-08-01 10:25:50 AM,185.23,9,1667.07,9433257.780000005
2025-08-01 10:26:28 AM,185.25,0,0.0,9433257.780000005
2025-08-01 10:26:29 AM,185.25,125,23156.25,9456414.030000005
2025-08-01 10:27:40 AM,185.24,0,0.0,9456414.030000005
2025-08-01 10:27:40 AM,185.24,1,185.24,9456599.270000005
2025-08-01 10:27:41 AM,185.25,0,0.0,9456599.270000005
2025-08-01 10:27:42 AM,185.25,3,555.75,9457155.020000005
2025-08-01 10:27:45 AM,185.25,1,185.25,9457340.270000005
2025-08-01 10:28:14 AM,185.25,70,12967.5,9470307.770000005
2025-08-01 10:28:25 AM,185.24,0,0.0,9470307.770000005
2025-08-01 10:28:26 AM,185.24,2,370.48,9470678.250000006
2025-08-01 10:28:27 AM,185.22,0,0.0,9470678.250000006
2025-08-01 10:28:28 AM,185.22,18,3333.96,9474012.210000006
2025-08-01 10:30:20 AM,185.14,27,4998.78,9479010.990000006
2025-08-01 10:31:00 AM,185.29,10,1852.8999999999999,9480863.890000006
2025-08-01 10:32:11 AM,185.16,0,0.0,9480863.890000006
2025-08-01 10:32:11 AM,185.16,22,4073.52,9484937.410000006
2025-08-01 10:33:03 AM,185.3,1,185.3,9485122.710000006
2025-08-01 10:33:05 AM,185.16,26,4814.16,9489936.870000007
2025-08-01 10:34:01 AM,185.16,75,13887.0,9503823.870000007
2025-08-01 10:35:35 AM,185.35,0,0.0,9503823.870000007
2025-08-01 10:35:35 AM,185.35,500,92675.0,9596498.870000007
2025-08-01 10:35:47 AM,185.6,0,0.0,9596498.870000007
2025-08-01 10:35:49 AM,185.6,500,92800.0,9689298.870000007
2025-08-01 10:37:29 AM,185.64,0,0.0,9689298.870000007
2025-08-01 10:37:31 AM,185.64,376,69800.64,9759099.510000007
2025-08-01 10:38:30 AM,185.5,211,39140.5,9798240.010000007
2025-08-01 10:38:36 AM,185.5,16,2968.0,9801208.010000007
2025-08-01 10:38:37 AM,185.24,0,0.0,9801208.010000007
2025-08-01 10:38:39 AM,185.24,273,50570.520000000004,9851778.530000007
2025-08-01 10:39:25 AM,185.36,0,0.0,9851778.530000007
2025-08-01 10:39:26 AM,185.36,20,3707.2000000000003,9855485.730000006
2025-08-01 10:40:10 AM,185.24,0,0.0,9855485.730000006
2025-08-01 10:40:11 AM,185.24,15,2778.6000000000004,9858264.330000006
2025-08-01 10:40:54 AM,185.34,0,0.0,9858264.330000006
2025-08-01 10:40:55 AM,185.34,1,185.34,9858449.670000006
2025-08-01 10:41:32 AM,185.16,0,0.0,9858449.670000006
2025-08-01 10:41:33 AM,185.2,0,0.0,9858449.670000006
2025-08-01 10:41:35 AM,185.2,265,49078.0,9907527.670000006
2025-08-01 10:43:17 AM,185.19,0,0.0,9907527.670000006
2025-08-01 10:43:19 AM,185.19,1,185.19,9907712.860000005
2025-08-01 10:44:06 AM,185.19,50,9259.5,9916972.360000005
2025-08-01 10:44:33 AM,185.26,0,0.0,9916972.360000005
2025-08-01 10:44:34 AM,185.26,35,6484.099999999999,9923456.460000005
2025-08-01 10:44:53 AM,185.19,15,2777.85,9926234.310000004
2025-08-01 10:45:36 AM,185.08,1,185.08,9926419.390000004
2025-08-01 10:45:58 AM,185.19,0,0.0,9926419.390000004
2025-08-01 10:46:01 AM,185.19,15,2777.85,9929197.240000004
2025-08-01 10:46:03 AM,185.19,25,4629.75,9933826.990000004
2025-08-01 10:46:10 AM,185.08,0,0.0,9933826.990000004
2025-08-01 10:46:13 AM,185.08,55,10179.400000000001,9944006.390000004
2025-08-01 10:47:16 AM,185.0,0,0.0,9944006.390000004
2025-08-01 10:47:19 AM,185.0,122,22570.0,9966576.390000004
2025-08-01 10:47:23 AM,185.08,0,0.0,9966576.390000004
2025-08-01 10:47:24 AM,185.08,135,24985.800000000003,9991562.190000005
2025-08-01 10:47:47 AM,184.93,0,0.0,9991562.190000005
2025-08-01 10:47:48 AM,184.93,8,1479.44,9993041.630000005
2025-08-01 10:49:07 AM,185.08,0,0.0,9993041.630000005
2025-08-01 10:49:07 AM,185.08,9,1665.72,9994707.350000005
2025-08-01 10:50:50 AM,184.97,0,0.0,9994707.350000005
2025-08-01 10:50:51 AM,184.97,6,1109.82,9995817.170000006
2025-08-01 10:52:04 AM,184.86,0,0.0,9995817.170000006
2025-08-01 10:52:08 AM,184.86,4,739.44,9996556.610000005
2025-08-01 10:52:17 AM,184.65,0,0.0,9996556.610000005
2025-08-01 10:52:19 AM,184.65,500,92325.0,10088881.610000005
2025-08-01 10:53:34 AM,184.81,5,924.05,10089805.660000006
2025-08-01 10:53:55 AM,184.67,0,0.0,10089805.660000006
2025-08-01 10:53:55 AM,184.67,470,86794.9,10176600.560000006
2025-08-01 10:55:48 AM,184.78,46,8499.88,10185100.440000007
2025-08-01 10:56:11 AM,184.67,0,0.0,10185100.440000007
2025-08-01 10:56:13 AM,184.67,21,3878.0699999999997,10188978.510000007
2025-08-01 10:57:39 AM,184.67,24,4432.08,10193410.590000007
2025-08-01 10:59:19 AM,184.67,13,2400.71,10195811.300000008
2025-08-01 10:59:33 AM,184.83,0,0.0,10195811.300000008
2025-08-01 10:59:34 AM,184.83,30,5544.900000000001,10201356.200000009
2025-08-01 11:00:05 AM,184.85,0,0.0,10201356.200000009
2025-08-01 11:00:08 AM,184.85,5,924.25,10202280.450000009
2025-08-01 11:00:24 AM,184.68,0,0.0,10202280.450000009
2025-08-01 11:00:25 AM,184.68,101,18652.68,10220933.130000008
2025-08-01 11:00:42 AM,184.79,0,0.0,10220933.130000008
2025-08-01 11:00:46 AM,184.79,1,184.79,10221117.920000007
2025-08-01 11:00:56 AM,184.78,0,0.0,10221117.920000007
2025-08-01 11:00:57 AM,184.78,2,369.56,10221487.480000008
2025-08-01 11:01:28 AM,185.1,0,0.0,10221487.480000008
2025-08-01 11:01:29 AM,185.1,1980,366498.0,10587985.480000008
2025-08-01 11:02:59 AM,185.1,500,92550.0,10680535.480000008
2025-08-01 11:03:04 AM,185.1,200,37020.0,10717555.480000008
2025-08-01 11:06:27 AM,185.29,0,0.0,10717555.480000008
2025-08-01 11:06:27 AM,185.29,1,185.29,10717740.770000007
2025-08-01 11:07:40 AM,185.0,3035,561475.0,11279215.770000007
2025-08-01 11:07:42 AM,184.7,0,0.0,11279215.770000007
2025-08-01 11:07:44 AM,184.91,0,0.0,11279215.770000007
2025-08-01 11:07:44 AM,184.91,457,84503.87,11363719.640000006
2025-08-01 11:08:00 AM,184.81,5,924.05,11364643.690000007
2025-08-01 11:09:06 AM,184.73,0,0.0,11364643.690000007
2025-08-01 11:09:07 AM,184.73,260,48029.799999999996,11412673.490000008
2025-08-01 11:10:39 AM,184.6,0,0.0,11412673.490000008
2025-08-01 11:10:42 AM,184.6,41,7568.599999999999,11420242.090000007
2025-08-01 11:11:22 AM,184.55,9,1660.95,11421903.040000007
2025-08-01 11:11:31 AM,184.74,0,0.0,11421903.040000007
2025-08-01 11:11:32 AM,184.74,1,184.74,11422087.780000007
2025-08-01 11:12:01 AM,184.73,0,0.0,11422087.780000007
2025-08-01 11:12:03 AM,184.73,2,369.46,11422457.240000008
2025-08-01 11:13:11 AM,184.5,0,0.0,11422457.240000008
2025-08-01 11:13:13 AM,184.5,540,99630.0,11522087.240000008
2025-08-01 11:13:14 AM,184.59,20,3691.8,11525779.040000008
2025-08-01 11:14:07 AM,184.59,3,553.77,11526332.810000008
2025-08-01 11:15:02 AM,184.5,0,0.0,11526332.810000008
2025-08-01 11:15:02 AM,184.5,150,27675.0,11554007.810000008
2025-08-01 11:15:26 AM,184.43,0,0.0,11554007.810000008
2025-08-01 11:15:28 AM,184.43,28,5164.04,11559171.850000007
2025-08-01 11:15:58 AM,184.4,0,0.0,11559171.850000007
2025-08-01 11:15:59 AM,184.4,150,27660.0,11586831.850000007
2025-08-01 11:16:27 AM,184.4,2,368.8,11587200.650000008
2025-08-01 11:16:38 AM,184.3,0,0.0,11587200.650000008
2025-08-01 11:16:41 AM,184.3,98,18061.4,11605262.050000008
2025-08-01 11:16:51 AM,184.37,135,24889.95,11630152.000000007
2025-08-01 11:16:53 AM,184.4,4,737.6,11630889.600000007
2025-08-01 11:17:02 AM,184.4,2,368.8,11631258.400000008
2025-08-01 11:17:36 AM,184.4,5,922.0,11632180.400000008
2025-08-01 11:17:40 AM,184.4,135,24894.0,11657074.400000008
2025-08-01 11:19:00 AM,184.56,0,0.0,11657074.400000008
2025-08-01 11:19:03 AM,184.56,50,9228.0,11666302.400000008
2025-08-01 11:19:43 AM,184.41,0,0.0,11666302.400000008
2025-08-01 11:19:47 AM,184.41,25,4610.25,11670912.650000008
2025-08-01 11:20:40 AM,184.53,0,0.0,11670912.650000008
2025-08-01 11:20:40 AM,184.53,50,9226.5,11680139.150000008
2025-08-01 11:20:43 AM,184.42,0,0.0,11680139.150000008
2025-08-01 11:20:44 AM,184.41,0,0.0,11680139.150000008
2025-08-01 11:20:45 AM,184.41,120,22129.2,11702268.350000007
2025-08-01 11:21:11 AM,184.41,1,184.41,11702452.760000007
2025-08-01 11:22:11 AM,184.43,0,0.0,11702452.760000007
2025-08-01 11:22:14 AM,184.43,100,18443.0,11720895.760000007
2025-08-01 11:25:32 AM,184.52,0,0.0,11720895.760000007
2025-08-01 11:25:32 AM,184.52,98,18082.960000000003,11738978.720000008
2025-08-01 11:25:40 AM,184.34,0,0.0,11738978.720000008
2025-08-01 11:25:43 AM,184.34,52,9585.68,11748564.400000008
2025-08-01 11:27:20 AM,184.5,10,1845.0,11750409.400000008
2025-08-01 11:27:21 AM,184.31,0,0.0,11750409.400000008
2025-08-01 11:27:21 AM,184.31,100,18431.0,11768840.400000008
2025-08-01 11:27:23 AM,184.3,0,0.0,11768840.400000008
2025-08-01 11:27:25 AM,184.3,274,50498.200000000004,11819338.600000007
2025-08-01 11:27:37 AM,184.31,0,0.0,11819338.600000007
2025-08-01 11:27:40 AM,184.31,86,15850.66,11835189.260000007
2025-08-01 11:28:19 AM,184.3,0,0.0,11835189.260000007
2025-08-01 11:28:22 AM,184.3,20,3686.0,11838875.260000007
2025-08-01 11:28:27 AM,184.3,3,552.9000000000001,11839428.160000008
2025-08-01 11:30:41 AM,184.3,30,5529.0,11844957.160000008
2025-08-01 11:30:50 AM,184.5,0,0.0,11844957.160000008
2025-08-01 11:30:50 AM,184.5,773,142618.5,11987575.660000008
2025-08-01 11:30:55 AM,184.5,2285,421582.5,12409158.160000008
2025-08-01 11:31:08 AM,184.46,0,0.0,12409158.160000008
2025-08-01 11:31:09 AM,184.46,20,3689.2000000000003,12412847.360000007
2025-08-01 11:31:59 AM,184.46,10,1844.6000000000001,12414691.960000006
2025-08-01 11:32:15 AM,184.11,0,0.0,12414691.960000006
2025-08-01 11:32:16 AM,184.11,1000,184110.0,12598801.960000006
2025-08-01 11:32:21 AM,184.11,81,14912.910000000002,12613714.870000007
2025-08-01 11:33:13 AM,184.11,100,18411.0,12632125.870000007
2025-08-01 11:35:02 AM,184.0,0,0.0,12632125.870000007
2025-08-01 11:35:06 AM,184.0,1513,278392.0,12910517.870000007
2025-08-01 11:35:19 AM,184.29,0,0.0,12910517.870000007
2025-08-01 11:35:22 AM,184.29,1001,184474.28999999998,13094992.160000006
2025-08-01 11:36:06 AM,184.12,0,0.0,13094992.160000006
2025-08-01 11:36:09 AM,184.12,1,184.12,13095176.280000005
2025-08-01 11:36:14 AM,184.12,1,184.12,13095360.400000004
2025-08-01 11:37:28 AM,183.98,0,0.0,13095360.400000004
2025-08-01 11:37:33 AM,183.98,100,18398.0,13113758.400000004
2025-08-01 11:39:34 AM,183.98,46,8463.08,13122221.480000004
2025-08-01 11:39:38 AM,184.01,0,0.0,13122221.480000004
2025-08-01 11:39:40 AM,184.01,3,552.03,13122773.510000004
2025-08-01 11:39:47 AM,183.86,8,1470.88,13124244.390000004
2025-08-01 11:39:56 AM,183.86,37,6802.820000000001,13131047.210000005
2025-08-01 11:40:57 AM,183.86,1,183.86,13131231.070000004
2025-08-01 11:41:48 AM,183.81,0,0.0,13131231.070000004
2025-08-01 11:41:53 AM,183.81,1,183.81,13131414.880000005
2025-08-01 11:42:36 AM,183.8,0,0.0,13131414.880000005
2025-08-01 11:42:39 AM,183.8,30,5514.0,13136928.880000005
2025-08-01 11:43:00 AM,183.77,0,0.0,13136928.880000005
2025-08-01 11:43:00 AM,183.77,187,34364.990000000005,13171293.870000005
2025-08-01 11:43:04 AM,183.6,0,0.0,13171293.870000005
2025-08-01 11:43:05 AM,183.6,100,18360.0,13189653.870000005
2025-08-01 11:44:02 AM,183.62,0,0.0,13189653.870000005
2025-08-01 11:44:04 AM,183.62,10,1836.2,13191490.070000004
2025-08-01 11:44:09 AM,183.5,656,120376.0,13311866.070000004
2025-08-01 11:45:14 AM,183.46,0,0.0,13311866.070000004
2025-08-01 11:45:16 AM,183.46,110,20180.600000000002,13332046.670000004
2025-08-01 11:45:17 AM,183.19,81,14838.39,13346885.060000004
2025-08-01 11:46:18 AM,183.35,0,0.0,13346885.060000004
2025-08-01 11:46:20 AM,183.35,3,550.05,13347435.110000005
2025-08-01 11:46:37 AM,183.38,70,12836.6,13360271.710000005
2025-08-01 11:46:42 AM,183.36,200,36672.0,13396943.710000005
2025-08-01 11:46:44 AM,183.35,0,0.0,13396943.710000005
2025-08-01 11:46:47 AM,183.35,50,9167.5,13406111.210000005
2025-08-01 11:49:32 AM,183.49,0,0.0,13406111.210000005
2025-08-01 11:49:36 AM,183.49,268,49175.32,13455286.530000005
2025-08-01 11:50:48 AM,183.52,15,2752.8,13458039.330000006
2025-08-01 11:51:00 AM,183.51,0,0.0,13458039.330000006
2025-08-01 11:51:02 AM,183.51,20,3670.2,13461709.530000005
2025-08-01 11:51:22 AM,183.51,1,183.51,13461893.040000005
2025-08-01 11:53:13 AM,183.78,0,0.0,13461893.040000005
2025-08-01 11:53:14 AM,183.78,1,183.78,13462076.820000004
2025-08-01 11:53:20 AM,183.65,0,0.0,13462076.820000004
2025-08-01 11:53:23 AM,183.65,189,34709.85,13496786.670000004
2025-08-01 11:53:44 AM,183.64,15,2754.6,13499541.270000003
2025-08-01 11:53:58 AM,183.62,0,0.0,13499541.270000003
2025-08-01 11:53:59 AM,183.62,5,918.1,13500459.370000003
2025-08-01 11:54:14 AM,183.62,5,918.1,13501377.470000003
2025-08-01 11:54:35 AM,183.76,0,0.0,13501377.470000003
2025-08-01 11:54:36 AM,183.76,75,13782.0,13515159.470000003
2025-08-01 11:54:45 AM,183.76,500,91880.0,13607039.470000003
2025-08-01 11:54:45 AM,183.76,18,3307.68,13610347.150000002
2025-08-01 11:54:50 AM,183.8,0,0.0,13610347.150000002
2025-08-01 11:54:50 AM,183.8,56,10292.800000000001,13620639.950000003
2025-08-01 11:54:52 AM,183.81,0,0.0,13620639.950000003
2025-08-01 11:54:55 AM,183.81,432,79405.92,13700045.870000003
2025-08-01 11:55:56 AM,183.76,60,11025.599999999999,13711071.470000003
2025-08-01 11:56:12 AM,183.71,0,0.0,13711071.470000003
2025-08-01 11:56:15 AM,183.71,1,183.71,13711255.180000003
2025-08-01 11:56:17 AM,183.72,0,0.0,13711255.180000003
2025-08-01 11:56:21 AM,183.72,1,183.72,13711438.900000004
2025-08-01 11:57:00 AM,183.74,0,0.0,13711438.900000004
2025-08-01 11:57:01 AM,183.74,20,3674.8,13715113.700000005
2025-08-01 11:57:19 AM,183.66,0,0.0,13715113.700000005
2025-08-01 11:57:21 AM,183.66,1,183.66,13715297.360000005
2025-08-01 11:57:28 AM,183.51,0,0.0,13715297.360000005
2025-08-01 11:57:31 AM,183.51,100,18351.0,13733648.360000005
2025-08-01 11:59:20 AM,183.7,40,7348.0,13740996.360000005
2025-08-01 11:59:23 AM,183.52,0,0.0,13740996.360000005
2025-08-01 11:59:25 AM,183.52,10,1835.2,13742831.560000004
2025-08-01 12:00:30 PM,183.66,74,13590.84,13756422.400000004
2025-08-01 12:01:08 PM,183.51,0,0.0,13756422.400000004
2025-08-01 12:01:10 PM,183.51,130,23856.3,13780278.700000005
2025-08-01 12:02:04 PM,183.65,5,918.25,13781196.950000005
2025-08-01 12:02:06 PM,183.65,11,2020.15,13783217.100000005
2025-08-01 12:02:10 PM,183.51,0,0.0,13783217.100000005
2025-08-01 12:02:11 PM,183.51,112,20553.12,13803770.220000004
2025-08-01 12:04:13 PM,183.51,5,917.55,13804687.770000005
2025-08-01 12:04:51 PM,183.4,1669,306094.60000000003,14110782.370000005
2025-08-01 12:05:15 PM,183.16,1,183.16,14110965.530000005
2025-08-01 12:05:16 PM,183.32,1,183.32,14111148.850000005
2025-08-01 12:06:17 PM,183.18,0,0.0,14111148.850000005
2025-08-01 12:06:20 PM,183.18,120,21981.600000000002,14133130.450000005
2025-08-01 12:06:27 PM,183.35,0,0.0,14133130.450000005
2025-08-01 12:06:30 PM,183.35,2,366.7,14133497.150000004
2025-08-01 12:08:01 PM,183.34,0,0.0,14133497.150000004
2025-08-01 12:08:05 PM,183.34,1,183.34,14133680.490000004
2025-08-01 12:09:35 PM,183.34,7,1283.38,14134963.870000005
2025-08-01 12:09:49 PM,183.34,52,9533.68,14144497.550000004
2025-08-01 12:09:54 PM,183.35,2,366.7,14144864.250000004
2025-08-01 12:09:59 PM,183.4,0,0.0,14144864.250000004
2025-08-01 12:09:59 PM,183.4,500,91700.0,14236564.250000004
2025-08-01 12:10:15 PM,183.4,125,22925.0,14259489.250000004
2025-08-01 12:11:47 PM,183.42,0,0.0,14259489.250000004
2025-08-01 12:11:49 PM,183.42,2,366.84,14259856.090000004
2025-08-01 12:12:53 PM,183.28,0,0.0,14259856.090000004
2025-08-01 12:12:54 PM,183.28,30,5498.4,14265354.490000004
2025-08-01 12:13:01 PM,183.25,0,0.0,14265354.490000004
2025-08-01 12:13:04 PM,183.25,320,58640.0,14323994.490000004
2025-08-01 12:13:37 PM,183.4,0,0.0,14323994.490000004
2025-08-01 12:13:39 PM,183.4,10,1834.0,14325828.490000004
2025-08-01 12:14:39 PM,183.34,0,0.0,14325828.490000004
2025-08-01 12:14:39 PM,183.34,52,9533.68,14335362.170000004
2025-08-01 12:19:25 PM,183.22,0,0.0,14335362.170000004
2025-08-01 12:19:27 PM,183.22,21,3847.62,14339209.790000003
2025-08-01 12:20:31 PM,183.18,0,0.0,14339209.790000003
2025-08-01 12:20:32 PM,183.22,0,0.0,14339209.790000003
2025-08-01 12:20:34 PM,183.22,145,26566.9,14365776.690000003
2025-08-01 12:21:12 PM,183.23,0,0.0,14365776.690000003
2025-08-01 12:21:14 PM,183.23,3,549.6899999999999,14366326.380000003
2025-08-01 12:23:36 PM,183.2,0,0.0,14366326.380000003
2025-08-01 12:23:38 PM,183.2,255,46716.0,14413042.380000003
2025-08-01 12:24:27 PM,183.23,0,0.0,14413042.380000003
2025-08-01 12:24:28 PM,183.23,55,10077.65,14423120.030000003
2025-08-01 12:24:57 PM,183.23,146,26751.579999999998,14449871.610000003
2025-08-01 12:25:09 PM,183.25,0,0.0,14449871.610000003
2025-08-01 12:25:13 PM,183.25,5,916.25,14450787.860000003
2025-08-01 12:25:58 PM,183.25,3,549.75,14451337.610000003
2025-08-01 12:26:28 PM,183.25,63,11544.75,14462882.360000003
2025-08-01 12:27:10 PM,183.15,0,0.0,14462882.360000003
2025-08-01 12:27:14 PM,183.15,2,366.3,14463248.660000004
2025-08-01 12:27:19 PM,183.15,1,183.15,14463431.810000004
2025-08-01 12:28:34 PM,183.15,15,2747.25,14466179.060000004
2025-08-01 12:29:12 PM,183.15,5,915.75,14467094.810000004
2025-08-01 12:29:20 PM,183.02,0,0.0,14467094.810000004
2025-08-01 12:29:22 PM,183.02,37,6771.740000000001,14473866.550000004
2025-08-01 12:29:44 PM,183.0,0,0.0,14473866.550000004
2025-08-01 12:29:45 PM,183.0,446,81618.0,14555484.550000004
2025-08-01 12:29:57 PM,183.0,10,1830.0,14557314.550000004
2025-08-01 12:30:03 PM,182.78,0,0.0,14557314.550000004
2025-08-01 12:30:05 PM,182.78,23,4203.94,14561518.490000004
2025-08-01 12:31:14 PM,182.99,50,9149.5,14570667.990000004
2025-08-01 12:31:55 PM,183.17,0,0.0,14570667.990000004
2025-08-01 12:31:57 PM,183.17,92,16851.64,14587519.630000005
2025-08-01 12:32:11 PM,182.98,0,0.0,14587519.630000005
2025-08-01 12:32:13 PM,183.17,25,4579.25,14592098.880000005
2025-08-01 12:32:29 PM,183.25,10,1832.5,14593931.380000005
2025-08-01 12:32:47 PM,183.09,0,0.0,14593931.380000005
2025-08-01 12:32:48 PM,183.09,1,183.09,14594114.470000004
2025-08-01 12:33:39 PM,183.01,100,18301.0,14612415.470000004
2025-08-01 12:33:41 PM,183.0,0,0.0,14612415.470000004
2025-08-01 12:33:44 PM,183.0,506,92598.0,14705013.470000004
2025-08-01 12:33:44 PM,183.13,1,183.13,14705196.600000005
2025-08-01 12:35:49 PM,182.85,0,0.0,14705196.600000005
2025-08-01 12:35:52 PM,182.85,352,64363.2,14769559.800000004
2025-08-01 12:35:55 PM,182.7,0,0.0,14769559.800000004
2025-08-01 12:35:57 PM,182.7,100,18270.0,14787829.800000004
2025-08-01 12:36:02 PM,182.7,970,177219.0,14965048.800000004
2025-08-01 12:36:17 PM,182.63,0,0.0,14965048.800000004
2025-08-01 12:36:18 PM,182.63,7,1278.4099999999999,14966327.210000005
2025-08-01 12:36:23 PM,182.63,4,730.52,14967057.730000004
2025-08-01 12:36:38 PM,182.56,0,0.0,14967057.730000004
2025-08-01 12:36:39 PM,182.56,198,36146.88,15003204.610000005
2025-08-01 12:37:10 PM,182.6,0,0.0,15003204.610000005
2025-08-01 12:37:13 PM,182.6,5,913.0,15004117.610000005
2025-08-01 12:37:38 PM,182.6,2,365.2,15004482.810000004
2025-08-01 12:39:08 PM,182.74,1,182.74,15004665.550000004
2025-08-01 12:39:41 PM,182.74,35,6395.900000000001,15011061.450000005
2025-08-01 12:39:54 PM,182.73,0,0.0,15011061.450000005
2025-08-01 12:39:57 PM,182.73,5,913.65,15011975.100000005
2025-08-01 12:40:17 PM,182.79,0,0.0,15011975.100000005
2025-08-01 12:40:18 PM,182.79,257,46977.03,15058952.130000005
2025-08-01 12:40:27 PM,182.81,0,0.0,15058952.130000005
2025-08-01 12:40:28 PM,182.81,228,41680.68,15100632.810000004
2025-08-01 12:40:35 PM,183.02,0,0.0,15100632.810000004
2025-08-01 12:40:38 PM,183.02,350,64057.0,15164689.810000004
2025-08-01 12:41:13 PM,183.04,0,0.0,15164689.810000004
2025-08-01 12:41:14 PM,183.04,92,16839.68,15181529.490000004
2025-08-01 12:41:37 PM,183.08,0,0.0,15181529.490000004
2025-08-01 12:41:41 PM,183.08,100,18308.0,15199837.490000004
2025-08-01 12:42:31 PM,183.18,0,0.0,15199837.490000004
2025-08-01 12:42:32 PM,183.18,275,50374.5,15250211.990000004
2025-08-01 12:42:33 PM,183.06,0,0.0,15250211.990000004
2025-08-01 12:42:33 PM,183.06,22,4027.32,15254239.310000004
2025-08-01 12:42:52 PM,183.06,167,30571.02,15284810.330000004
2025-08-01 12:43:20 PM,183.0,335,61305.0,15346115.330000004
2025-08-01 12:43:41 PM,182.92,0,0.0,15346115.330000004
2025-08-01 12:43:42 PM,182.92,5,914.5999999999999,15347029.930000003
2025-08-01 12:43:51 PM,182.93,0,0.0,15347029.930000003
2025-08-01 12:43:53 PM,182.93,53,9695.29,15356725.220000003
2025-08-01 12:43:57 PM,183.15,0,0.0,15356725.220000003
2025-08-01 12:43:59 PM,183.15,590,108058.5,15464783.720000003
2025-08-01 12:44:26 PM,183.15,138,25274.7,15490058.420000002
2025-08-01 12:44:53 PM,183.38,0,0.0,15490058.420000002
2025-08-01 12:44:57 PM,183.38,590,108194.2,15598252.620000001
2025-08-01 12:45:48 PM,182.86,666,121784.76000000001,15720037.38
2025-08-01 12:45:49 PM,182.75,0,0.0,15720037.38
2025-08-01 12:45:49 PM,182.75,251,45870.25,15765907.63
2025-08-01 12:45:57 PM,183.2,0,0.0,15765907.63
2025-08-01 12:45:59 PM,183.2,1143,209397.59999999998,15975305.23
2025-08-01 12:46:41 PM,182.96,0,0.0,15975305.23
2025-08-01 12:46:44 PM,182.96,104,19027.84,15994333.07
2025-08-01 12:49:07 PM,182.86,0,0.0,15994333.07
2025-08-01 12:49:10 PM,182.86,60,10971.6,16005304.67
2025-08-01 12:49:41 PM,182.75,0,0.0,16005304.67
2025-08-01 12:49:44 PM,182.75,351,64145.25,16069449.92
2025-08-01 12:50:13 PM,182.86,0,0.0,16069449.92
2025-08-01 12:50:15 PM,182.86,5,914.3000000000001,16070364.22
2025-08-01 12:51:17 PM,182.86,20,3657.2000000000003,16074021.42
2025-08-01 12:53:36 PM,182.86,50,9143.0,16083164.42
2025-08-01 12:54:07 PM,182.86,92,16823.120000000003,16099987.54
2025-08-01 12:55:07 PM,182.82,0,0.0,16099987.54
2025-08-01 12:55:10 PM,182.82,100,18282.0,16118269.54
2025-08-01 12:55:15 PM,182.82,1,182.82,16118452.36
2025-08-01 12:55:43 PM,183.0,0,0.0,16118452.36
2025-08-01 12:55:45 PM,183.0,2010,367830.0,16486282.36
2025-08-01 12:56:23 PM,183.05,0,0.0,16486282.36
2025-08-01 12:56:25 PM,183.05,1,183.05,16486465.41
2025-08-01 12:56:51 PM,182.9,231,42249.9,16528715.31
2025-08-01 12:57:17 PM,182.75,0,0.0,16528715.31
2025-08-01 12:57:19 PM,182.75,1788,326757.0,16855472.310000002
2025-08-01 12:57:37 PM,182.5,0,0.0,16855472.310000002
2025-08-01 12:57:40 PM,182.5,692,126290.0,16981762.310000002
2025-08-01 12:58:53 PM,182.3,0,0.0,16981762.310000002
2025-08-01 12:58:55 PM,182.3,10,1823.0,16983585.310000002
2025-08-01 12:59:36 PM,182.3,12,2187.6000000000004,16985772.910000004
2025-08-01 12:59:41 PM,182.3,278,50679.4,17036452.310000002
2025-08-01 01:00:18 PM,182.2,0,0.0,17036452.310000002
2025-08-01 01:00:18 PM,182.2,14,2550.7999999999997,17039003.110000003
2025-08-01 01:00:59 PM,182.2,18,3279.6,17042282.710000005
2025-08-01 01:01:08 PM,182.26,0,0.0,17042282.710000005
2025-08-01 01:01:11 PM,182.26,5,911.3,17043194.010000005
2025-08-01 01:01:16 PM,182.26,3,546.78,17043740.790000007
2025-08-01 01:01:24 PM,182.0,0,0.0,17043740.790000007
2025-08-01 01:01:26 PM,182.0,500,91000.0,17134740.790000007
2025-08-01 01:01:37 PM,182.0,343,62426.0,17197166.790000007
2025-08-01 01:01:40 PM,181.99,0,0.0,17197166.790000007
2025-08-01 01:01:41 PM,181.99,117,21292.83,17218459.620000005
2025-08-01 01:01:58 PM,182.08,0,0.0,17218459.620000005
2025-08-01 01:01:58 PM,182.13,0,0.0,17218459.620000005
2025-08-01 01:02:00 PM,182.13,50,9106.5,17227566.120000005
2025-08-01 01:02:05 PM,182.01,3,546.03,17228112.150000006
2025-08-01 01:05:00 PM,182.01,400,72804.0,17300916.150000006
2025-08-01 01:05:06 PM,182.24,0,0.0,17300916.150000006
2025-08-01 01:05:09 PM,182.24,4,728.96,17301645.110000007
2025-08-01 01:05:32 PM,182.01,0,0.0,17301645.110000007
2025-08-01 01:05:34 PM,182.01,97,17654.969999999998,17319300.080000006
2025-08-01 01:05:36 PM,182.26,0,0.0,17319300.080000006
2025-08-01 01:05:36 PM,182.26,274,49939.24,17369239.320000004
2025-08-01 01:05:42 PM,182.5,0,0.0,17369239.320000004
2025-08-01 01:05:44 PM,182.5,600,109500.0,17478739.320000004
2025-08-01 01:06:00 PM,182.29,0,0.0,17478739.320000004
2025-08-01 01:06:01 PM,182.29,5,911.4499999999999,17479650.770000003
2025-08-01 01:06:49 PM,182.58,0,0.0,17479650.770000003
2025-08-01 01:06:51 PM,182.58,3220,587907.6000000001,18067558.370000005
2025-08-01 01:07:49 PM,183.05,0,0.0,18067558.370000005
2025-08-01 01:07:49 PM,183.05,29,5308.450000000001,18072866.820000004
2025-08-01 01:07:51 PM,183.08,0,0.0,18072866.820000004
2025-08-01 01:07:53 PM,183.08,1,183.08,18073049.900000002
2025-08-01 01:07:59 PM,183.17,1,183.17,18073233.070000004
2025-08-01 01:08:04 PM,182.92,150,27437.999999999996,18100671.070000004
2025-08-01 01:09:45 PM,183.03,0,0.0,18100671.070000004
2025-08-01 01:09:46 PM,183.14,178,32598.92,18133269.990000006
2025-08-01 01:09:48 PM,183.14,217,39741.38,18173011.370000005
2025-08-01 01:10:03 PM,183.14,3,549.42,18173560.790000007
2025-08-01 01:10:33 PM,183.05,0,0.0,18173560.790000007
2025-08-01 01:10:34 PM,183.05,138,25260.9,18198821.690000005
2025-08-01 01:11:21 PM,182.85,2,365.7,18199187.390000004
2025-08-01 01:11:53 PM,183.23,0,0.0,18199187.390000004
2025-08-01 01:11:54 PM,183.23,465,85201.95,18284389.340000004
2025-08-01 01:12:08 PM,183.23,70,12826.099999999999,18297215.440000005
2025-08-01 01:12:25 PM,183.37,154,28238.98,18325454.420000006
2025-08-01 01:12:44 PM,183.37,2,366.74,18325821.160000004
2025-08-01 01:12:51 PM,183.37,15,2750.55,18328571.710000005
2025-08-01 01:13:52 PM,183.43,100,18343.0,18346914.710000005
2025-08-01 01:14:11 PM,183.5,0,0.0,18346914.710000005
2025-08-01 01:14:13 PM,183.5,16,2936.0,18349850.710000005
2025-08-01 01:15:39 PM,183.57,0,0.0,18349850.710000005
2025-08-01 01:15:40 PM,183.57,20,3671.3999999999996,18353522.110000003
2025-08-01 01:15:51 PM,183.56,0,0.0,18353522.110000003
2025-08-01 01:15:53 PM,183.59,0,0.0,18353522.110000003
2025-08-01 01:15:53 PM,183.59,6,1101.54,18354623.650000002
2025-08-01 01:16:13 PM,183.42,0,0.0,18354623.650000002
2025-08-01 01:16:15 PM,183.42,10,1834.1999999999998,18356457.85
2025-08-01 01:16:22 PM,183.42,4,733.68,18357191.53
2025-08-01 01:16:52 PM,183.42,1,183.42,18357374.950000003
2025-08-01 01:18:11 PM,183.37,0,0.0,18357374.950000003
2025-08-01 01:18:12 PM,183.37,1,183.37,18357558.320000004
2025-08-01 01:18:15 PM,183.42,0,0.0,18357558.320000004
2025-08-01 01:18:17 PM,183.42,1,183.42,18357741.740000006
2025-08-01 01:18:55 PM,183.37,0,0.0,18357741.740000006
2025-08-01 01:18:57 PM,183.37,20,3667.4,18361409.140000004
2025-08-01 01:19:17 PM,183.24,0,0.0,18361409.140000004
2025-08-01 01:19:17 PM,183.24,50,9162.0,18370571.140000004
2025-08-01 01:21:11 PM,183.21,0,0.0,18370571.140000004
2025-08-01 01:21:11 PM,183.21,354,64856.340000000004,18435427.480000004
2025-08-01 01:22:01 PM,183.07,0,0.0,18435427.480000004
2025-08-01 01:22:05 PM,183.07,1,183.07,18435610.550000004
2025-08-01 01:22:31 PM,183.06,0,0.0,18435610.550000004
2025-08-01 01:22:32 PM,183.06,1,183.06,18435793.610000003
2025-08-01 01:23:58 PM,183.06,9,1647.54,18437441.150000002
2025-08-01 01:24:23 PM,182.99,0,0.0,18437441.150000002
2025-08-01 01:24:26 PM,182.99,16,2927.84,18440368.990000002
2025-08-01 01:25:39 PM,182.99,13,2378.87,18442747.860000003
2025-08-01 01:28:09 PM,183.3,0,0.0,18442747.860000003
2025-08-01 01:28:11 PM,183.3,1216,222892.80000000002,18665640.660000004
2025-08-01 01:29:06 PM,183.57,0,0.0,18665640.660000004
2025-08-01 01:29:08 PM,183.3,0,0.0,18665640.660000004
2025-08-01 01:29:09 PM,183.3,309,56639.700000000004,18722280.360000003
2025-08-01 01:30:26 PM,183.3,17,3116.1000000000004,18725396.460000005
2025-08-01 01:31:18 PM,183.33,0,0.0,18725396.460000005
2025-08-01 01:31:21 PM,183.33,1,183.33,18725579.790000003
2025-08-01 01:31:43 PM,183.5,0,0.0,18725579.790000003
2025-08-01 01:31:46 PM,183.5,2229,409021.5,19134601.290000003
2025-08-01 01:31:50 PM,183.5,51,9358.5,19143959.790000003
2025-08-01 01:31:51 PM,183.41,0,0.0,19143959.790000003
2025-08-01 01:31:55 PM,183.41,221,40533.61,19184493.400000002
2025-08-01 01:32:15 PM,183.35,10,1833.5,19186326.900000002
2025-08-01 01:33:18 PM,183.51,1,183.51,19186510.410000004
2025-08-01 01:33:50 PM,183.36,0,0.0,19186510.410000004
2025-08-01 01:33:53 PM,183.36,89,16319.04,19202829.450000003
2025-08-01 01:34:17 PM,183.36,54,9901.44,19212730.890000004
2025-08-01 01:34:35 PM,183.36,49,8984.640000000001,19221715.530000005
2025-08-01 01:35:39 PM,183.41,1,183.41,19221898.940000005
2025-08-01 01:37:01 PM,183.3,0,0.0,19221898.940000005
2025-08-01 01:37:05 PM,183.3,772,141507.6,19363406.540000007
2025-08-01 01:38:04 PM,183.3,469,85967.70000000001,19449374.240000006
2025-08-01 01:38:44 PM,183.01,0,0.0,19449374.240000006
2025-08-01 01:38:48 PM,183.01,6,1098.06,19450472.300000004
2025-08-01 01:39:15 PM,183.01,400,73204.0,19523676.300000004
2025-08-01 01:39:25 PM,183.01,25,4575.25,19528251.550000004
2025-08-01 01:39:30 PM,183.01,17,3111.17,19531362.720000006
2025-08-01 01:39:46 PM,183.01,5,915.05,19532277.770000007
2025-08-01 01:39:56 PM,183.01,10,1830.1,19534107.87000001
2025-08-01 01:40:19 PM,182.95,0,0.0,19534107.87000001
2025-08-01 01:40:22 PM,182.95,42,7683.9,19541791.770000007
2025-08-01 01:41:51 PM,183.0,0,0.0,19541791.770000007
2025-08-01 01:41:55 PM,182.95,0,0.0,19541791.770000007
2025-08-01 01:41:55 PM,182.95,554,101354.29999999999,19643146.070000008
2025-08-01 01:42:15 PM,182.85,0,0.0,19643146.070000008
2025-08-01 01:42:15 PM,182.85,25,4571.25,19647717.320000008
2025-08-01 01:42:59 PM,182.85,51,9325.35,19657042.67000001
2025-08-01 01:43:21 PM,182.62,0,0.0,19657042.67000001
2025-08-01 01:43:24 PM,182.62,452,82544.24,19739586.910000008
2025-08-01 01:43:25 PM,182.65,0,0.0,19739586.910000008
2025-08-01 01:43:29 PM,182.65,1,182.65,19739769.560000006
2025-08-01 01:43:35 PM,182.63,0,0.0,19739769.560000006
2025-08-01 01:43:35 PM,182.63,117,21367.71,19761137.270000007
2025-08-01 01:44:08 PM,182.63,17,3104.71,19764241.980000008
2025-08-01 01:44:39 PM,182.58,0,0.0,19764241.980000008
2025-08-01 01:44:40 PM,182.58,19,3469.0200000000004,19767711.000000007
2025-08-01 01:45:47 PM,182.48,0,0.0,19767711.000000007
2025-08-01 01:45:48 PM,182.48,11,2007.28,19769718.28000001
2025-08-01 01:46:29 PM,182.41,0,0.0,19769718.28000001
2025-08-01 01:46:33 PM,182.41,17,3100.97,19772819.250000007
2025-08-01 01:46:35 PM,182.56,0,0.0,19772819.250000007
2025-08-01 01:46:38 PM,182.56,94,17160.64,19789979.890000008
2025-08-01 01:47:55 PM,182.48,0,0.0,19789979.890000008
2025-08-01 01:47:58 PM,182.48,5,912.4,19790892.290000007
2025-08-01 01:48:37 PM,182.63,0,0.0,19790892.290000007
2025-08-01 01:48:38 PM,182.63,5,913.15,19791805.440000005
2025-08-01 01:50:10 PM,182.63,7,1278.4099999999999,19793083.850000005
2025-08-01 01:50:57 PM,182.01,0,0.0,19793083.850000005
2025-08-01 01:50:59 PM,182.01,1900,345819.0,20138902.850000005
2025-08-01 01:51:45 PM,182.32,0,0.0,20138902.850000005
2025-08-01 01:51:47 PM,182.32,100,18232.0,20157134.850000005
2025-08-01 01:52:55 PM,182.5,0,0.0,20157134.850000005
2025-08-01 01:52:56 PM,182.5,414,75555.0,20232689.850000005
2025-08-01 01:54:00 PM,182.58,0,0.0,20232689.850000005
2025-08-01 01:54:02 PM,182.58,15,2738.7000000000003,20235428.550000004
2025-08-01 01:55:37 PM,182.53,0,0.0,20235428.550000004
2025-08-01 01:55:40 PM,182.53,10,1825.3,20237253.850000005
2025-08-01 01:57:09 PM,182.98,1463,267699.74,20504953.590000004
2025-08-01 01:58:13 PM,182.77,244,44595.880000000005,20549549.470000003
2025-08-01 01:59:15 PM,182.38,0,0.0,20549549.470000003
2025-08-01 01:59:18 PM,182.38,5,911.9,20550461.37
2025-08-01 01:59:50 PM,182.54,0,0.0,20550461.37
2025-08-01 01:59:54 PM,182.54,10,1825.3999999999999,20552286.77
2025-08-01 02:01:09 PM,182.38,0,0.0,20552286.77
2025-08-01 02:01:12 PM,182.38,50,9119.0,20561405.77
2025-08-01 02:02:55 PM,182.38,10,1823.8,20563229.57
2025-08-01 02:02:57 PM,182.3,0,0.0,20563229.57
2025-08-01 02:03:00 PM,182.3,160,29168.0,20592397.57
2025-08-01 02:03:29 PM,182.1,0,0.0,20592397.57
2025-08-01 02:03:30 PM,182.1,700,127470.0,20719867.57
2025-08-01 02:03:41 PM,182.07,0,0.0,20719867.57
2025-08-01 02:03:43 PM,182.01,0,0.0,20719867.57
2025-08-01 02:03:45 PM,182.01,1347,245167.47,20965035.04
2025-08-01 02:07:47 PM,182.26,0,0.0,20965035.04
2025-08-01 02:07:49 PM,182.26,23,4191.98,20969227.02
2025-08-01 02:07:59 PM,182.26,51,9295.26,20978522.28
2025-08-01 02:08:48 PM,182.28,0,0.0,20978522.28
2025-08-01 02:08:50 PM,182.28,10,1822.8,20980345.080000002
2025-08-01 02:09:14 PM,182.14,0,0.0,20980345.080000002
2025-08-01 02:09:16 PM,182.14,16,2914.24,20983259.32
2025-08-01 02:09:51 PM,182.14,44,8014.16,20991273.48
2025-08-01 02:09:56 PM,182.14,20,3642.7999999999997,20994916.28
2025-08-01 02:10:31 PM,182.02,50,9101.0,21004017.28
2025-08-01 02:11:01 PM,182.05,0,0.0,21004017.28
2025-08-01 02:11:01 PM,182.01,0,0.0,21004017.28
2025-08-01 02:11:01 PM,182.01,210,38222.1,21042239.380000003
2025-08-01 02:11:44 PM,182.14,0,0.0,21042239.380000003
2025-08-01 02:11:44 PM,182.14,4,728.56,21042967.94
2025-08-01 02:12:12 PM,182.03,0,0.0,21042967.94
2025-08-01 02:12:15 PM,182.03,28,5096.84,21048064.78
2025-08-01 02:12:35 PM,182.01,1236,224964.36,21273029.14
2025-08-01 02:13:07 PM,182.02,16,2912.32,21275941.46
2025-08-01 02:13:09 PM,182.14,0,0.0,21275941.46
2025-08-01 02:13:10 PM,182.14,204,37156.56,21313098.02
2025-08-01 02:13:41 PM,182.33,0,0.0,21313098.02
2025-08-01 02:13:42 PM,182.33,1,182.33,21313280.349999998
2025-08-01 02:13:52 PM,182.33,28,5105.240000000001,21318385.589999996
2025-08-01 02:14:04 PM,182.33,1,182.33,21318567.919999994
2025-08-01 02:14:47 PM,182.33,1,182.33,21318750.249999993
2025-08-01 02:15:18 PM,182.33,50,9116.5,21327866.749999993
2025-08-01 02:16:41 PM,182.18,0,0.0,21327866.749999993
2025-08-01 02:16:42 PM,182.18,10,1821.8000000000002,21329688.549999993
2025-08-01 02:17:29 PM,182.14,0,0.0,21329688.549999993
2025-08-01 02:17:30 PM,182.14,436,79413.04,21409101.589999992
2025-08-01 02:17:31 PM,182.01,0,0.0,21409101.589999992
2025-08-01 02:17:31 PM,182.01,10,1820.1,21410921.689999994
2025-08-01 02:18:25 PM,182.14,0,0.0,21410921.689999994
2025-08-01 02:18:27 PM,182.14,15,2732.1,21413653.789999995
2025-08-01 02:19:22 PM,181.9,0,0.0,21413653.789999995
2025-08-01 02:19:23 PM,181.9,1579,287220.10000000003,21700873.889999997
2025-08-01 02:19:57 PM,181.88,0,0.0,21700873.889999997
2025-08-01 02:20:00 PM,181.88,30,5456.4,21706330.289999995
2025-08-01 02:20:05 PM,181.88,2,363.76,21706694.049999997
2025-08-01 02:20:21 PM,181.88,32,5820.16,21712514.209999997
2025-08-01 02:20:36 PM,182.09,250,45522.5,21758036.709999997
2025-08-01 02:20:37 PM,182.17,0,0.0,21758036.709999997
2025-08-01 02:20:41 PM,182.17,1,182.17,21758218.88
2025-08-01 02:20:46 PM,182.09,218,39695.62,21797914.5
2025-08-01 02:20:56 PM,182.09,140,25492.600000000002,21823407.1
2025-08-01 02:21:09 PM,181.85,0,0.0,21823407.1
2025-08-01 02:21:11 PM,181.85,10,1818.5,21825225.6
2025-08-01 02:22:15 PM,181.85,125,22731.25,21847956.85
2025-08-01 02:22:20 PM,181.92,0,0.0,21847956.85
2025-08-01 02:22:20 PM,181.92,68,12370.56,21860327.41
2025-08-01 02:23:05 PM,181.8,0,0.0,21860327.41
2025-08-01 02:23:09 PM,181.8,1,181.8,21860509.21
2025-08-01 02:23:19 PM,181.8,39,7090.200000000001,21867599.41
2025-08-01 02:23:28 PM,181.78,0,0.0,21867599.41
2025-08-01 02:23:30 PM,181.78,5,908.9,21868508.31
2025-08-01 02:24:07 PM,181.66,0,0.0,21868508.31
2025-08-01 02:24:07 PM,181.66,13,2361.58,21870869.889999997
2025-08-01 02:24:23 PM,181.78,400,72712.0,21943581.889999997
2025-08-01 02:24:28 PM,181.6,0,0.0,21943581.889999997
2025-08-01 02:24:28 PM,181.6,100,18160.0,21961741.889999997
2025-08-01 02:24:33 PM,181.6,130,23608.0,21985349.889999997
2025-08-01 02:25:11 PM,181.6,200,36320.0,22021669.889999997
2025-08-01 02:25:11 PM,181.81,25,4545.25,22026215.139999997
2025-08-01 02:25:16 PM,181.46,1200,217752.0,22243967.139999997
2025-08-01 02:25:25 PM,181.5,0,0.0,22243967.139999997
2025-08-01 02:25:27 PM,181.5,11,1996.5,22245963.639999997
2025-08-01 02:25:38 PM,181.5,100,18150.0,22264113.639999997
2025-08-01 02:26:56 PM,181.48,0,0.0,22264113.639999997
2025-08-01 02:26:56 PM,181.48,179,32484.92,22296598.56
2025-08-01 02:27:46 PM,181.48,2,362.96,22296961.52
2025-08-01 02:27:51 PM,181.48,250,45370.0,22342331.52
2025-08-01 02:27:51 PM,181.66,75,13624.5,22355956.02
2025-08-01 02:28:00 PM,181.69,0,0.0,22355956.02
2025-08-01 02:28:01 PM,181.69,250,45422.5,22401378.52
2025-08-01 02:28:05 PM,181.58,0,0.0,22401378.52
2025-08-01 02:28:07 PM,181.58,5,907.9000000000001,22402286.419999998
2025-08-01 02:28:39 PM,181.63,0,0.0,22402286.419999998
2025-08-01 02:28:40 PM,181.63,10,1816.3,22404102.72
2025-08-01 02:28:46 PM,181.64,3,544.92,22404647.64
2025-08-01 02:29:00 PM,181.47,0,0.0,22404647.64
2025-08-01 02:29:02 PM,181.47,11,1996.17,22406643.810000002
2025-08-01 02:29:08 PM,181.48,20,3629.6,22410273.410000004
2025-08-01 02:29:42 PM,181.48,201,36477.479999999996,22446750.890000004
2025-08-01 02:29:51 PM,181.39,0,0.0,22446750.890000004
2025-08-01 02:29:52 PM,181.39,400,72556.0,22519306.890000004
2025-08-01 02:30:24 PM,181.5,0,0.0,22519306.890000004
2025-08-01 02:30:25 PM,181.5,62,11253.0,22530559.890000004
2025-08-01 02:30:41 PM,181.39,10,1813.8999999999999,22532373.790000003
2025-08-01 02:31:20 PM,181.39,200,36278.0,22568651.790000003
2025-08-01 02:31:47 PM,181.52,397,72063.44,22640715.230000004
2025-08-01 02:32:19 PM,181.58,0,0.0,22640715.230000004
2025-08-01 02:32:19 PM,181.58,1,181.58,22640896.810000002
2025-08-01 02:33:32 PM,181.61,10,1816.1000000000001,22642712.910000004
2025-08-01 02:34:08 PM,181.64,15,2724.6,22645437.510000005
2025-08-01 02:34:30 PM,181.6,0,0.0,22645437.510000005
2025-08-01 02:34:30 PM,181.6,109,19794.399999999998,22665231.910000004
2025-08-01 02:34:39 PM,181.6,25,4540.0,22669771.910000004
2025-08-01 02:34:57 PM,181.5,20,3630.0,22673401.910000004
2025-08-01 02:35:04 PM,181.36,0,0.0,22673401.910000004
2025-08-01 02:35:06 PM,181.36,200,36272.0,22709673.910000004
2025-08-01 02:35:10 PM,181.6,0,0.0,22709673.910000004
2025-08-01 02:35:11 PM,181.6,18,3268.7999999999997,22712942.710000005
2025-08-01 02:35:14 PM,181.59,0,0.0,22712942.710000005
2025-08-01 02:35:14 PM,181.59,1,181.59,22713124.300000004
2025-08-01 02:35:20 PM,181.6,0,0.0,22713124.300000004
2025-08-01 02:35:22 PM,181.6,5,908.0,22714032.300000004
2025-08-01 02:35:25 PM,181.6,5,908.0,22714940.300000004
2025-08-01 02:35:27 PM,181.6,89,16162.4,22731102.700000003
2025-08-01 02:35:35 PM,181.8,0,0.0,22731102.700000003
2025-08-01 02:35:36 PM,181.8,415,75447.0,22806549.700000003
2025-08-01 02:35:55 PM,181.76,0,0.0,22806549.700000003
2025-08-01 02:35:57 PM,181.76,6,1090.56,22807640.26
2025-08-01 02:36:12 PM,181.61,0,0.0,22807640.26
2025-08-01 02:36:14 PM,181.61,1,181.61,22807821.87
2025-08-01 02:36:36 PM,181.61,239,43404.79,22851226.66
2025-08-01 02:36:41 PM,181.61,199,36140.39,22887367.05
2025-08-01 02:37:20 PM,181.62,0,0.0,22887367.05
2025-08-01 02:37:20 PM,181.62,30,5448.6,22892815.650000002
2025-08-01 02:37:50 PM,181.59,0,0.0,22892815.650000002
2025-08-01 02:37:50 PM,181.59,613,111314.67,23004130.320000004
2025-08-01 02:37:53 PM,181.61,0,0.0,23004130.320000004
2025-08-01 02:37:56 PM,181.61,1,181.61,23004311.930000003
2025-08-01 02:38:19 PM,181.59,0,0.0,23004311.930000003
2025-08-01 02:38:20 PM,181.59,60,10895.4,23015207.330000002
2025-08-01 02:38:36 PM,181.5,63,11434.5,23026641.830000002
2025-08-01 02:38:41 PM,181.5,504,91476.0,23118117.830000002
2025-08-01 02:38:53 PM,181.5,68,12342.0,23130459.830000002
2025-08-01 02:38:58 PM,181.5,1,181.5,23130641.330000002
2025-08-01 02:39:00 PM,181.3,0,0.0,23130641.330000002
2025-08-01 02:39:04 PM,181.3,155,28101.5,23158742.830000002
2025-08-01 02:39:05 PM,181.1,1200,217320.0,23376062.830000002
2025-08-01 02:40:53 PM,181.23,0,0.0,23376062.830000002
2025-08-01 02:40:56 PM,181.23,50,9061.5,23385124.330000002
2025-08-01 02:41:07 PM,181.39,0,0.0,23385124.330000002
2025-08-01 02:41:08 PM,181.39,5,906.9499999999999,23386031.28
2025-08-01 02:41:45 PM,181.39,4,725.56,23386756.84
2025-08-01 02:42:04 PM,181.41,0,0.0,23386756.84
2025-08-01 02:42:06 PM,181.41,150,27211.5,23413968.34
2025-08-01 02:42:16 PM,181.42,0,0.0,23413968.34
2025-08-01 02:42:17 PM,181.42,100,18142.0,23432110.34
2025-08-01 02:42:58 PM,181.23,0,0.0,23432110.34
2025-08-01 02:42:59 PM,181.23,50,9061.5,23441171.84
2025-08-01 02:43:26 PM,181.26,206,37339.56,23478511.4
2025-08-01 02:44:03 PM,181.19,0,0.0,23478511.4
2025-08-01 02:44:05 PM,181.19,68,12320.92,23490832.32
2025-08-01 02:44:15 PM,181.1,0,0.0,23490832.32
2025-08-01 02:44:16 PM,181.1,2354,426309.39999999997,23917141.72
2025-08-01 02:44:48 PM,181.28,0,0.0,23917141.72
2025-08-01 02:44:50 PM,181.28,88,15952.64,23933094.36
2025-08-01 02:45:07 PM,181.28,252,45682.56,23978776.919999998
2025-08-01 02:45:54 PM,181.21,0,0.0,23978776.919999998
2025-08-01 02:45:56 PM,181.21,1,181.21,23978958.13
2025-08-01 02:46:14 PM,181.11,0,0.0,23978958.13
2025-08-01 02:46:14 PM,181.11,1,181.11,23979139.24
2025-08-01 02:46:20 PM,181.11,19,3441.09,23982580.33
2025-08-01 02:46:52 PM,181.11,10,1811.1000000000001,23984391.43
2025-08-01 02:47:15 PM,181.31,146,26471.260000000002,24010862.69
2025-08-01 02:49:13 PM,181.24,0,0.0,24010862.69
2025-08-01 02:49:14 PM,181.31,30,5439.3,24016301.990000002
2025-08-01 02:49:37 PM,181.52,0,0.0,24016301.990000002
2025-08-01 02:49:41 PM,181.52,90,16336.800000000001,24032638.790000003
2025-08-01 02:49:45 PM,181.43,0,0.0,24032638.790000003
2025-08-01 02:49:47 PM,181.43,10,1814.3000000000002,24034453.090000004
2025-08-01 02:50:19 PM,181.66,0,0.0,24034453.090000004
2025-08-01 02:50:20 PM,181.66,50,9083.0,24043536.090000004
2025-08-01 02:50:36 PM,181.66,10,1816.6,24045352.690000005
2025-08-01 02:50:42 PM,181.09,2000,362180.0,24407532.690000005
2025-08-01 02:51:33 PM,181.27,0,0.0,24407532.690000005
2025-08-01 02:51:36 PM,181.27,5,906.35,24408439.040000007
2025-08-01 02:51:52 PM,181.39,308,55868.119999999995,24464307.160000008
2025-08-01 02:52:22 PM,181.28,0,0.0,24464307.160000008
2025-08-01 02:52:24 PM,181.28,500,90640.0,24554947.160000008
2025-08-01 02:52:33 PM,181.27,0,0.0,24554947.160000008
2025-08-01 02:52:35 PM,181.27,2,362.54,24555309.700000007
2025-08-01 02:53:22 PM,181.3,0,0.0,24555309.700000007
2025-08-01 02:53:23 PM,181.3,148,26832.4,24582142.100000005
2025-08-01 02:53:35 PM,181.28,0,0.0,24582142.100000005
2025-08-01 02:53:36 PM,181.28,229,41513.12,24623655.220000006
2025-08-01 02:54:00 PM,181.28,72,13052.16,24636707.380000006
2025-08-01 02:54:22 PM,181.33,5,906.6500000000001,24637614.030000005
2025-08-01 02:54:49 PM,181.28,0,0.0,24637614.030000005
2025-08-01 02:54:51 PM,181.28,50,9064.0,24646678.030000005
2025-08-01 02:54:54 PM,181.28,162,29367.36,24676045.390000004
2025-08-01 02:55:28 PM,181.14,38,6883.32,24682928.710000005
2025-08-01 02:55:41 PM,181.26,0,0.0,24682928.710000005
2025-08-01 02:55:44 PM,181.26,30,5437.799999999999,24688366.510000005
2025-08-01 02:56:00 PM,181.26,10,1812.6,24690179.110000007
2025-08-01 02:56:35 PM,181.26,10,1812.6,24691991.71000001
2025-08-01 02:56:50 PM,181.25,2,362.5,24692354.21000001
2025-08-01 02:57:19 PM,181.25,30,5437.5,24697791.71000001
2025-08-01 02:57:40 PM,181.25,2,362.5,24698154.21000001
2025-08-01 02:58:07 PM,181.25,2,362.5,24698516.71000001
2025-08-01 02:58:25 PM,181.25,100,18125.0,24716641.71000001
2025-08-01 02:58:31 PM,181.15,30,5434.5,24722076.21000001
2025-08-01 02:58:51 PM,181.1,0,0.0,24722076.21000001
2025-08-01 02:58:52 PM,181.09,0,0.0,24722076.21000001
2025-08-01 02:58:53 PM,181.09,1206,218394.54,24940470.750000007
2025-08-01 02:58:59 PM,181.05,12,2172.6000000000004,24942643.35000001
2025-08-01 02:59:15 PM,181.2,0,0.0,24942643.35000001
2025-08-01 02:59:17 PM,181.2,1,181.2,24942824.55000001
2025-08-01 02:59:44 PM,181.19,10,1811.9,24944636.450000007
2025-08-01 03:00:33 PM,181.09,24,4346.16,24948982.610000007
2025-08-01 03:00:42 PM,181.05,0,0.0,24948982.610000007
2025-08-01 03:00:42 PM,181.05,271,49064.55,24998047.160000008
2025-08-01 03:00:47 PM,181.01,0,0.0,24998047.160000008
2025-08-01 03:00:48 PM,181.01,10,1810.1,24999857.26000001
2025-08-01 03:00:57 PM,181.01,11,1991.11,25001848.37000001
2025-08-01 03:01:16 PM,181.01,23,4163.23,25006011.60000001
2025-08-01 03:01:25 PM,181.01,50,9050.5,25015062.10000001
2025-08-01 03:01:39 PM,181.05,0,0.0,25015062.10000001
2025-08-01 03:01:40 PM,181.05,97,17561.850000000002,25032623.95000001
2025-08-01 03:01:42 PM,181.01,0,0.0,25032623.95000001
2025-08-01 03:01:43 PM,181.01,692,125258.92,25157882.870000012
2025-08-01 03:02:35 PM,181.01,138,24979.379999999997,25182862.25000001
2025-08-01 03:02:53 PM,181.01,10,1810.1,25184672.350000013
2025-08-01 03:02:59 PM,181.01,100,18101.0,25202773.350000013
2025-08-01 03:03:02 PM,181.01,5,905.05,25203678.400000013
2025-08-01 03:03:26 PM,181.0,0,0.0,25203678.400000013
2025-08-01 03:03:27 PM,181.0,790,142990.0,25346668.400000013
2025-08-01 03:03:36 PM,181.0,266,48146.0,25394814.400000013
2025-08-01 03:03:48 PM,180.95,75,13571.25,25408385.650000013
2025-08-01 03:03:54 PM,180.86,272,49193.920000000006,25457579.570000015
2025-08-01 03:04:00 PM,180.82,1,180.82,25457760.390000015
2025-08-01 03:04:06 PM,180.82,1,180.82,25457941.210000016
2025-08-01 03:04:10 PM,180.82,3,542.46,25458483.670000017
2025-08-01 03:04:13 PM,180.82,50,9041.0,25467524.670000017
2025-08-01 03:04:23 PM,180.67,0,0.0,25467524.670000017
2025-08-01 03:04:25 PM,180.67,18,3252.06,25470776.730000015
2025-08-01 03:04:30 PM,180.71,0,0.0,25470776.730000015
2025-08-01 03:04:31 PM,180.71,151,27287.210000000003,25498063.940000016
2025-08-01 03:04:34 PM,180.67,15,2710.0499999999997,25500773.990000017
2025-08-01 03:04:37 PM,180.67,3,542.01,25501316.00000002
2025-08-01 03:04:46 PM,180.55,1217,219729.35,25721045.35000002
2025-08-01 03:04:48 PM,180.73,0,0.0,25721045.35000002
2025-08-01 03:04:49 PM,180.73,1,180.73,25721226.08000002
2025-08-01 03:05:06 PM,180.68,0,0.0,25721226.08000002
2025-08-01 03:05:08 PM,180.68,95,17164.600000000002,25738390.680000022
2025-08-01 03:05:13 PM,180.72,0,0.0,25738390.680000022
2025-08-01 03:05:15 PM,180.69,176,31801.44,25770192.120000023
2025-08-01 03:06:05 PM,180.7,5,903.5,25771095.620000023
2025-08-01 03:06:20 PM,180.7,1,180.7,25771276.320000023
2025-08-01 03:06:23 PM,180.69,31,5601.39,25776877.710000023
2025-08-01 03:06:25 PM,180.68,0,0.0,25776877.710000023
2025-08-01 03:06:26 PM,180.68,133,24030.440000000002,25800908.150000025
2025-08-01 03:06:30 PM,180.6,5,903.0,25801811.150000025
2025-08-01 03:06:32 PM,180.66,0,0.0,25801811.150000025
2025-08-01 03:06:32 PM,180.66,300,54198.0,25856009.150000025
2025-08-01 03:06:41 PM,180.64,0,0.0,25856009.150000025
2025-08-01 03:06:42 PM,180.64,2,361.28,25856370.430000026
2025-08-01 03:06:48 PM,180.6,0,0.0,25856370.430000026
2025-08-01 03:06:48 PM,180.6,6,1083.6,25857454.030000027
2025-08-01 03:06:53 PM,180.56,0,0.0,25857454.030000027
2025-08-01 03:06:54 PM,180.56,34,6139.04,25863593.070000026
2025-08-01 03:07:01 PM,180.6,1,180.6,25863773.670000028
2025-08-01 03:07:03 PM,180.6,18,3250.7999999999997,25867024.47000003
2025-08-01 03:07:19 PM,180.6,6,1083.6,25868108.07000003
2025-08-01 03:07:28 PM,180.44,50,9022.0,25877130.07000003
2025-08-01 03:07:34 PM,180.6,100,18060.0,25895190.07000003
2025-08-01 03:07:44 PM,180.55,21,3791.55,25898981.62000003
2025-08-01 03:07:46 PM,180.54,2,361.08,25899342.70000003
2025-08-01 03:08:02 PM,180.51,25,4512.75,25903855.45000003
2025-08-01 03:08:03 PM,180.5,0,0.0,25903855.45000003
2025-08-01 03:08:04 PM,180.5,10,1805.0,25905660.45000003
2025-08-01 03:08:09 PM,180.5,1,180.5,25905840.95000003
2025-08-01 03:08:21 PM,180.45,60,10827.0,25916667.95000003
2025-08-01 03:08:24 PM,180.45,25,4511.25,25921179.20000003
2025-08-01 03:08:25 PM,180.4,0,0.0,25921179.20000003
2025-08-01 03:08:28 PM,180.4,231,41672.4,25962851.600000028
2025-08-01 03:08:36 PM,180.4,362,65304.8,26028156.40000003
2025-08-01 03:08:40 PM,180.4,71,12808.4,26040964.800000027
2025-08-01 03:08:42 PM,180.45,73,13172.849999999999,26054137.65000003
2025-08-01 03:08:44 PM,180.55,0,0.0,26054137.65000003
2025-08-01 03:08:46 PM,180.55,1778,321017.9,26375155.550000027
2025-08-01 03:08:53 PM,181.22,0,0.0,26375155.550000027
2025-08-01 03:08:55 PM,181.33,4587,831760.7100000001,27206916.260000028
2025-08-01 03:08:59 PM,181.19,724,131181.56,27338097.820000026
2025-08-01 03:09:05 PM,181.01,52,9412.52,27347510.340000026
2025-08-01 03:09:14 PM,181.02,2,362.04,27347872.380000025
2025-08-01 03:09:56 PM,181.0,0,0.0,27347872.380000025
2025-08-01 03:09:58 PM,181.0,1999,361819.0,27709691.380000025
2025-08-01 03:10:24 PM,181.02,0,0.0,27709691.380000025
2025-08-01 03:10:26 PM,181.02,4,724.08,27710415.460000023
2025-08-01 03:10:30 PM,181.0,0,0.0,27710415.460000023
2025-08-01 03:10:33 PM,181.0,162,29322.0,27739737.460000023
2025-08-01 03:10:39 PM,181.02,1,181.02,27739918.480000023
2025-08-01 03:10:42 PM,180.73,200,36146.0,27776064.480000023
2025-08-01 03:11:05 PM,180.73,20,3614.6,27779679.080000024
2025-08-01 03:11:30 PM,180.61,0,0.0,27779679.080000024
2025-08-01 03:11:30 PM,180.61,20,3612.2000000000003,27783291.280000024
2025-08-01 03:11:54 PM,180.57,0,0.0,27783291.280000024
2025-08-01 03:11:56 PM,180.5,161,29060.5,27812351.780000024
2025-08-01 03:12:02 PM,180.5,32,5776.0,27818127.780000024
2025-08-01 03:12:05 PM,180.5,100,18050.0,27836177.780000024
2025-08-01 03:12:09 PM,180.5,10,1805.0,27837982.780000024
2025-08-01 03:12:22 PM,180.5,21,3790.5,27841773.280000024
2025-08-01 03:12:35 PM,180.5,154,27797.0,27869570.280000024
2025-08-01 03:12:41 PM,180.5,32,5776.0,27875346.280000024
2025-08-01 03:12:57 PM,180.49,350,63171.5,27938517.780000024
2025-08-01 03:13:14 PM,180.4,40,7216.0,27945733.780000024
2025-08-01 03:13:18 PM,180.42,19,3427.9799999999996,27949161.760000024
2025-08-01 03:13:24 PM,180.42,5,902.0999999999999,27950063.860000025
2025-08-01 03:13:26 PM,180.42,2,360.84,27950424.700000025
2025-08-01 03:13:30 PM,180.42,1,180.42,27950605.120000027
2025-08-01 03:13:43 PM,180.43,0,0.0,27950605.120000027
2025-08-01 03:13:44 PM,180.43,2,360.86,27950965.980000027
2025-08-01 03:13:47 PM,180.31,15,2704.65,27953670.630000025
2025-08-01 03:14:02 PM,180.37,185,33368.450000000004,27987039.080000024
2025-08-01 03:14:12 PM,180.36,0,0.0,27987039.080000024
2025-08-01 03:14:12 PM,180.36,24,4328.64,27991367.720000025
2025-08-01 03:14:30 PM,180.36,100,18036.0,28009403.720000025
2025-08-01 03:14:33 PM,180.29,31,5588.99,28014992.710000023
2025-08-01 03:14:55 PM,180.28,0,0.0,28014992.710000023
2025-08-01 03:14:57 PM,180.31,105,18932.55,28033925.260000024
2025-08-01 03:15:01 PM,180.35,27,4869.45,28038794.710000023
2025-08-01 03:15:03 PM,180.36,0,0.0,28038794.710000023
2025-08-01 03:15:03 PM,180.36,18,3246.4800000000005,28042041.190000024
2025-08-01 03:15:05 PM,180.86,0,0.0,28042041.190000024
2025-08-01 03:15:08 PM,180.34,58,10459.72,28052500.910000023
2025-08-01 03:15:16 PM,180.46,54,9744.84,28062245.750000022
2025-08-01 03:15:18 PM,180.43,0,0.0,28062245.750000022
2025-08-01 03:15:18 PM,180.43,116,20929.88,28083175.63000002
2025-08-01 03:15:23 PM,180.45,81,14616.449999999999,28097792.08000002
2025-08-01 03:15:38 PM,180.44,10,1804.4,28099596.48000002
2025-08-01 03:15:40 PM,180.44,133,23998.52,28123595.00000002
2025-08-01 03:15:53 PM,180.44,10,1804.4,28125399.400000017
2025-08-01 03:16:00 PM,180.28,600,108168.0,28233567.400000017
2025-08-01 03:16:02 PM,180.28,265,47774.2,28281341.600000016
2025-08-01 03:16:08 PM,180.27,475,85628.25,28366969.850000016
2025-08-01 03:16:14 PM,180.27,110,19829.7,28386799.550000016
2025-08-01 03:16:28 PM,180.27,250,45067.5,28431867.050000016
2025-08-01 03:16:29 PM,180.27,982,177025.14,28608892.190000016
2025-08-01 03:16:35 PM,180.27,26,4687.02,28613579.210000016
2025-08-01 03:16:41 PM,180.27,5,901.35,28614480.560000017
2025-08-01 03:16:43 PM,180.37,138,24891.06,28639371.620000016
2025-08-01 03:16:49 PM,180.56,1243,224436.08000000002,28863807.700000014
2025-08-01 03:17:01 PM,180.56,174,31417.44,28895225.140000015
2025-08-01 03:17:28 PM,180.38,0,0.0,28895225.140000015
2025-08-01 03:17:28 PM,180.38,80,14430.4,28909655.540000014
2025-08-01 03:17:30 PM,180.38,2,360.76,28910016.300000016
2025-08-01 03:17:47 PM,180.36,19,3426.84,28913443.140000015
2025-08-01 03:18:21 PM,180.36,10,1803.6000000000001,28915246.740000017
2025-08-01 03:18:23 PM,180.35,18,3246.2999999999997,28918493.040000018
2025-08-01 03:18:27 PM,180.36,165,29759.4,28948252.440000016
2025-08-01 03:18:34 PM,180.36,10,1803.6000000000001,28950056.040000018
2025-08-01 03:18:47 PM,180.36,20,3607.2000000000003,28953663.240000017
2025-08-01 03:18:48 PM,180.35,10,1803.5,28955466.740000017
2025-08-01 03:18:59 PM,180.36,0,0.0,28955466.740000017
2025-08-01 03:18:59 PM,180.36,11,1983.96,28957450.700000018
2025-08-01 03:19:03 PM,180.27,0,0.0,28957450.700000018
2025-08-01 03:19:06 PM,180.38,575,103718.5,29061169.200000018
2025-08-01 03:19:07 PM,180.27,0,0.0,29061169.200000018
2025-08-01 03:19:08 PM,180.26,170,30644.199999999997,29091813.400000017
2025-08-01 03:19:15 PM,180.27,1204,217045.08000000002,29308858.480000015
2025-08-01 03:19:17 PM,180.31,0,0.0,29308858.480000015
2025-08-01 03:19:20 PM,180.31,749,135052.19,29443910.670000017
2025-08-01 03:19:28 PM,180.32,24,4327.68,29448238.350000016
2025-08-01 03:19:33 PM,180.31,0,0.0,29448238.350000016
2025-08-01 03:19:33 PM,180.31,1,180.31,29448418.660000015
2025-08-01 03:19:41 PM,180.31,24,4327.4400000000005,29452746.100000016
2025-08-01 03:19:46 PM,180.31,4,721.24,29453467.340000015
2025-08-01 03:19:47 PM,180.31,109,19653.79,29473121.130000014
2025-08-01 03:19:52 PM,180.37,48,8657.76,29481778.890000015
2025-08-01 03:19:57 PM,180.31,0,0.0,29481778.890000015
2025-08-01 03:19:58 PM,180.31,1,180.31,29481959.200000014
2025-08-01 03:20:01 PM,180.26,487,87786.62,29569745.820000015
2025-08-01 03:20:13 PM,180.42,120,21650.399999999998,29591396.220000014
2025-08-01 03:20:25 PM,180.26,0,0.0,29591396.220000014
2025-08-01 03:20:28 PM,180.26,350,63091.0,29654487.220000014
2025-08-01 03:20:35 PM,180.26,10,1802.6,29656289.820000015
2025-08-01 03:20:37 PM,180.44,0,0.0,29656289.820000015
2025-08-01 03:20:37 PM,180.44,70,12630.8,29668920.620000016
2025-08-01 03:20:43 PM,180.42,0,0.0,29668920.620000016
2025-08-01 03:20:44 PM,180.42,100,18042.0,29686962.620000016
2025-08-01 03:20:48 PM,180.25,716,129059.0,29816021.620000016
2025-08-01 03:20:55 PM,180.2,2,360.4,29816382.020000014
2025-08-01 03:21:07 PM,180.23,0,0.0,29816382.020000014
2025-08-01 03:21:09 PM,180.23,2,360.46,29816742.480000015
2025-08-01 03:21:12 PM,180.2,53,9550.599999999999,29826293.080000017
2025-08-01 03:21:16 PM,180.15,0,0.0,29826293.080000017
2025-08-01 03:21:16 PM,180.15,620,111693.0,29937986.080000017
2025-08-01 03:21:20 PM,180.2,0,0.0,29937986.080000017
2025-08-01 03:21:23 PM,180.2,10,1802.0,29939788.080000017
2025-08-01 03:21:30 PM,180.11,10,1801.1000000000001,29941589.18000002
2025-08-01 03:21:50 PM,180.11,18,3241.9800000000005,29944831.16000002
2025-08-01 03:22:03 PM,180.12,0,0.0,29944831.16000002
2025-08-01 03:22:03 PM,180.12,695,125183.40000000001,30070014.560000017
2025-08-01 03:22:10 PM,180.17,111,19998.87,30090013.43000002
2025-08-01 03:22:31 PM,180.17,1,180.17,30090193.60000002
2025-08-01 03:22:44 PM,180.31,40,7212.4,30097406.00000002
2025-08-01 03:22:52 PM,180.34,10,1803.4,30099209.400000017
2025-08-01 03:22:59 PM,180.17,2,360.34,30099569.740000017
2025-08-01 03:23:04 PM,180.17,10,1801.6999999999998,30101371.440000016
2025-08-01 03:23:20 PM,180.22,0,0.0,30101371.440000016
2025-08-01 03:23:24 PM,180.22,156,28114.32,30129485.760000017
2025-08-01 03:23:26 PM,180.29,30,5408.7,30134894.460000016
2025-08-01 03:23:41 PM,180.2,0,0.0,30134894.460000016
2025-08-01 03:23:44 PM,180.2,317,57123.399999999994,30192017.860000014
2025-08-01 03:23:45 PM,180.2,20,3604.0,30195621.860000014
2025-08-01 03:23:50 PM,180.2,308,55501.6,30251123.460000016
2025-08-01 03:24:03 PM,180.24,256,46141.44,30297264.900000017
2025-08-01 03:24:05 PM,180.21,256,46133.76,30343398.66000002
2025-08-01 03:24:10 PM,180.2,0,0.0,30343398.66000002
2025-08-01 03:24:10 PM,180.2,59,10631.8,30354030.46000002
2025-08-01 03:24:17 PM,180.21,20,3604.2000000000003,30357634.66000002
2025-08-01 03:24:19 PM,180.21,50,9010.5,30366645.16000002
2025-08-01 03:24:24 PM,180.21,10,1802.1000000000001,30368447.26000002
2025-08-01 03:24:30 PM,180.15,10,1801.5,30370248.76000002
2025-08-01 03:24:37 PM,180.15,393,70798.95,30441047.71000002
2025-08-01 03:24:39 PM,180.28,0,0.0,30441047.71000002
2025-08-01 03:24:39 PM,180.28,238,42906.64,30483954.35000002
2025-08-01 03:24:44 PM,180.13,55,9907.15,30493861.50000002
2025-08-01 03:24:51 PM,180.3,400,72120.0,30565981.50000002
2025-08-01 03:24:57 PM,180.21,10,1802.1000000000001,30567783.60000002
2025-08-01 03:24:58 PM,180.29,10,1802.8999999999999,30569586.50000002
2025-08-01 03:25:17 PM,180.28,20,3605.6,30573192.10000002
2025-08-01 03:25:24 PM,180.21,191,34420.11,30607612.21000002
2025-08-01 03:25:29 PM,180.2,0,0.0,30607612.21000002
2025-08-01 03:25:30 PM,180.2,52,9370.4,30616982.610000018
2025-08-01 03:25:31 PM,180.11,100,18011.0,30634993.610000018
2025-08-01 03:25:38 PM,180.18,10,1801.8000000000002,30636795.41000002
2025-08-01 03:25:43 PM,180.18,10,1801.8000000000002,30638597.21000002
2025-08-01 03:25:44 PM,180.1,1584,285278.39999999997,30923875.610000018
2025-08-01 03:25:51 PM,180.18,0,0.0,30923875.610000018
2025-08-01 03:25:56 PM,180.1,328,59072.799999999996,30982948.41000002
2025-08-01 03:26:02 PM,180.05,0,0.0,30982948.41000002
2025-08-01 03:26:02 PM,180.05,54,9722.7,30992671.110000018
2025-08-01 03:26:08 PM,180.04,0,0.0,30992671.110000018
2025-08-01 03:26:09 PM,180.02,58,10441.16,31003112.27000002
2025-08-01 03:26:12 PM,180.01,0,0.0,31003112.27000002
2025-08-01 03:26:16 PM,180.05,170,30608.500000000004,31033720.77000002
2025-08-01 03:26:21 PM,180.1,0,0.0,31033720.77000002
2025-08-01 03:26:23 PM,180.1,355,63935.5,31097656.27000002
2025-08-01 03:26:28 PM,180.01,0,0.0,31097656.27000002
2025-08-01 03:26:29 PM,180.01,13,2340.13,31099996.400000017
2025-08-01 03:26:36 PM,180.01,10,1800.1,31101796.50000002
2025-08-01 03:26:38 PM,180.1,10,1801.0,31103597.50000002
2025-08-01 03:26:56 PM,180.0,5539,997020.0,32100617.50000002
2025-08-01 03:26:57 PM,180.0,10,1800.0,32102417.50000002
2025-08-01 03:27:02 PM,179.9,1524,274167.60000000003,32376585.10000002
2025-08-01 03:27:09 PM,179.9,566,101823.40000000001,32478408.50000002
2025-08-01 03:27:16 PM,179.9,495,89050.5,32567459.00000002
2025-08-01 03:27:18 PM,179.92,18,3238.56,32570697.560000017
2025-08-01 03:27:19 PM,179.93,0,0.0,32570697.560000017
2025-08-01 03:27:23 PM,179.93,50,8996.5,32579694.060000017
2025-08-01 03:27:25 PM,179.99,46,8279.54,32587973.600000016
2025-08-01 03:27:30 PM,179.98,0,0.0,32587973.600000016
2025-08-01 03:27:30 PM,179.98,6,1079.8799999999999,32589053.480000015
2025-08-01 03:27:34 PM,179.9,0,0.0,32589053.480000015
2025-08-01 03:27:38 PM,179.9,3,539.7,32589593.180000015
2025-08-01 03:27:40 PM,179.9,1,179.9,32589773.080000013
2025-08-01 03:27:52 PM,179.95,4,719.8,32590492.880000014
2025-08-01 03:27:53 PM,179.99,200,35998.0,32626490.880000014
2025-08-01 03:27:54 PM,179.85,0,0.0,32626490.880000014
2025-08-01 03:27:58 PM,179.85,61,10970.85,32637461.730000015
2025-08-01 03:28:12 PM,179.85,67,12049.949999999999,32649511.680000015
2025-08-01 03:28:15 PM,179.5,0,0.0,32649511.680000015
2025-08-01 03:28:19 PM,179.5,2031,364564.5,33014076.180000015
2025-08-01 03:28:21 PM,179.3,58,10399.400000000001,33024475.580000013
2025-08-01 03:28:24 PM,179.5,0,0.0,33024475.580000013
2025-08-01 03:28:26 PM,179.5,42,7539.0,33032014.580000013
2025-08-01 03:28:28 PM,179.3,59,10578.7,33042593.280000012
2025-08-01 03:28:33 PM,179.5,0,0.0,33042593.280000012
2025-08-01 03:28:33 PM,179.5,10,1795.0,33044388.280000012
2025-08-01 03:28:40 PM,179.5,5,897.5,33045285.780000012
2025-08-01 03:28:42 PM,179.5,2015,361692.5,33406978.280000012
2025-08-01 03:28:44 PM,179.49,0,0.0,33406978.280000012
2025-08-01 03:28:47 PM,179.49,4,717.96,33407696.240000013
2025-08-01 03:28:54 PM,179.49,103,18487.47,33426183.710000012
2025-08-01 03:29:08 PM,179.0,426,76254.0,33502437.710000012
2025-08-01 03:29:16 PM,179.3,0,0.0,33502437.710000012
2025-08-01 03:29:16 PM,179.3,127,22771.100000000002,33525208.810000014
2025-08-01 03:29:19 PM,179.49,1,179.49,33525388.300000012
2025-08-01 03:29:31 PM,179.3,50,8965.0,33534353.300000012
2025-08-01 03:29:39 PM,179.48,0,0.0,33534353.300000012
2025-08-01 03:29:39 PM,179.48,30,5384.4,33539737.70000001
2025-08-01 03:29:49 PM,179.5,13,2333.5,33542071.20000001
2025-08-01 03:29:53 PM,179.5,38,6821.0,33548892.20000001
2025-08-01 03:29:56 PM,179.5,82,14719.0,33563611.20000001
