date,price,qty,trnvr,cum_trnvr
2025-08-01 09:15:08 AM,426.6,1780,759348.0,759348.0
2025-08-01 09:15:10 AM,426.25,277,118071.25,877419.25
2025-08-01 09:15:16 AM,426.2,0,0.0,877419.25
2025-08-01 09:15:19 AM,426.2,2,852.4,878271.65
2025-08-01 09:15:21 AM,426.2,308,131269.6,1009541.25
2025-08-01 09:15:24 AM,427.25,0,0.0,1009541.25
2025-08-01 09:15:26 AM,426.35,0,0.0,1009541.25
2025-08-01 09:15:29 AM,426.35,220,93797.0,1103338.25
2025-08-01 09:15:30 AM,427.0,100,42700.0,1146038.25
2025-08-01 09:15:36 AM,427.05,0,0.0,1146038.25
2025-08-01 09:15:37 AM,427.05,202,86264.1,1232302.35
2025-08-01 09:15:47 AM,427.0,100,42700.0,1275002.35
2025-08-01 09:15:49 AM,427.25,0,0.0,1275002.35
2025-08-01 09:15:51 AM,427.7,0,0.0,1275002.35
2025-08-01 09:15:53 AM,427.7,543,232241.1,1507243.4500000002
2025-08-01 09:15:58 AM,427.75,0,0.0,1507243.4500000002
2025-08-01 09:16:00 AM,427.25,0,0.0,1507243.4500000002
2025-08-01 09:16:02 AM,426.8,873,372596.4,1879839.85
2025-08-01 09:16:04 AM,427.0,734,313418.0,2193257.85
2025-08-01 09:16:10 AM,427.0,500,213500.0,2406757.85
2025-08-01 09:16:18 AM,426.95,350,149432.5,2556190.35
2025-08-01 09:16:24 AM,426.25,0,0.0,2556190.35
2025-08-01 09:16:26 AM,426.8,290,123772.0,2679962.35
2025-08-01 09:16:28 AM,427.35,215,91880.25,2771842.6
2025-08-01 09:16:41 AM,428.75,0,0.0,2771842.6
2025-08-01 09:16:43 AM,429.0,1370,587730.0,3359572.6
2025-08-01 09:16:51 AM,428.35,889,380803.15,3740375.75
2025-08-01 09:16:59 AM,428.0,260,111280.0,3851655.75
2025-08-01 09:17:03 AM,427.75,0,0.0,3851655.75
2025-08-01 09:17:07 AM,427.75,5,2138.75,3853794.5
2025-08-01 09:17:16 AM,428.5,121,51848.5,3905643.0
2025-08-01 09:17:17 AM,428.1,100,42810.0,3948453.0
2025-08-01 09:17:24 AM,428.95,100,42895.0,3991348.0
2025-08-01 09:17:27 AM,428.5,0,0.0,3991348.0
2025-08-01 09:17:32 AM,428.5,5,2142.5,3993490.5
2025-08-01 09:17:41 AM,428.5,5,2142.5,3995633.0
2025-08-01 09:17:43 AM,428.15,0,0.0,3995633.0
2025-08-01 09:17:46 AM,428.4,0,0.0,3995633.0
2025-08-01 09:17:49 AM,427.85,1567,670440.9500000001,4666073.95
2025-08-01 09:18:01 AM,428.9,0,0.0,4666073.95
2025-08-01 09:18:05 AM,428.9,659,282645.1,4948719.05
2025-08-01 09:18:07 AM,429.7,834,358369.8,5307088.85
2025-08-01 09:18:11 AM,428.7,0,0.0,5307088.85
2025-08-01 09:18:14 AM,428.7,568,243501.6,5550590.449999999
2025-08-01 09:18:15 AM,428.45,136,58269.2,5608859.649999999
2025-08-01 09:18:23 AM,429.25,1,429.25,5609288.899999999
2025-08-01 09:18:32 AM,429.7,200,85940.0,5695228.899999999
2025-08-01 09:18:33 AM,429.55,0,0.0,5695228.899999999
2025-08-01 09:18:38 AM,429.55,1537,660218.35,6355447.249999999
2025-08-01 09:18:47 AM,429.7,243,104417.09999999999,6459864.349999999
2025-08-01 09:18:55 AM,429.7,110,47267.0,6507131.349999999
2025-08-01 09:19:14 AM,429.8,0,0.0,6507131.349999999
2025-08-01 09:19:19 AM,429.8,136,58452.8,6565584.1499999985
2025-08-01 09:19:27 AM,429.7,0,0.0,6565584.1499999985
2025-08-01 09:19:28 AM,429.7,31,13320.699999999999,6578904.849999999
2025-08-01 09:19:29 AM,429.65,0,0.0,6578904.849999999
2025-08-01 09:19:34 AM,430.05,0,0.0,6578904.849999999
2025-08-01 09:19:35 AM,430.05,2522,1084586.1,7663490.949999999
2025-08-01 09:19:37 AM,429.85,25,10746.25,7674237.199999999
2025-08-01 09:19:42 AM,429.3,0,0.0,7674237.199999999
2025-08-01 09:19:43 AM,429.3,100,42930.0,7717167.199999999
2025-08-01 09:19:50 AM,429.9,0,0.0,7717167.199999999
2025-08-01 09:19:51 AM,429.9,170,73083.0,7790250.199999999
2025-08-01 09:19:58 AM,429.4,0,0.0,7790250.199999999
2025-08-01 09:19:59 AM,429.4,351,150719.4,7940969.6
2025-08-01 09:20:01 AM,430.15,15198,6537419.699999999,14478389.299999999
2025-08-01 09:20:09 AM,432.0,1394,602208.0,15080597.299999999
2025-08-01 09:20:13 AM,432.4,0,0.0,15080597.299999999
2025-08-01 09:20:15 AM,432.4,552,238684.8,15319282.1
2025-08-01 09:20:17 AM,433.15,1561,676147.1499999999,15995429.25
2025-08-01 09:20:20 AM,433.3,0,0.0,15995429.25
2025-08-01 09:20:23 AM,433.0,3196,1383868.0,17379297.25
2025-08-01 09:20:23 AM,433.05,0,0.0,17379297.25
2025-08-01 09:20:25 AM,433.6,959,415822.4,17795119.65
2025-08-01 09:20:30 AM,433.85,0,0.0,17795119.65
2025-08-01 09:20:31 AM,433.85,175,75923.75,17871043.4
2025-08-01 09:20:32 AM,433.95,163,70733.84999999999,17941777.25
2025-08-01 09:20:34 AM,433.85,0,0.0,17941777.25
2025-08-01 09:20:39 AM,433.85,62,26898.7,17968675.95
2025-08-01 09:20:40 AM,433.85,139,60305.15,18028981.099999998
2025-08-01 09:20:44 AM,432.85,0,0.0,18028981.099999998
2025-08-01 09:20:47 AM,433.25,616,266882.0,18295863.099999998
2025-08-01 09:20:54 AM,433.0,25,10825.0,18306688.099999998
2025-08-01 09:21:01 AM,433.15,0,0.0,18306688.099999998
2025-08-01 09:21:02 AM,432.4,874,377917.6,18684605.7
2025-08-01 09:21:03 AM,432.2,7,3025.4,18687631.099999998
2025-08-01 09:21:10 AM,432.45,527,227901.15,18915532.249999996
2025-08-01 09:21:19 AM,433.0,115,49795.0,18965327.249999996
2025-08-01 09:21:39 AM,432.3,0,0.0,18965327.249999996
2025-08-01 09:21:41 AM,432.95,235,101743.25,19067070.499999996
2025-08-01 09:21:52 AM,432.7,0,0.0,19067070.499999996
2025-08-01 09:21:56 AM,432.7,8,3461.6,19070532.099999998
2025-08-01 09:22:04 AM,432.6,75,32445.0,19102977.099999998
2025-08-01 09:22:05 AM,433.0,25,10825.0,19113802.099999998
2025-08-01 09:22:09 AM,432.7,0,0.0,19113802.099999998
2025-08-01 09:22:11 AM,432.7,116,50193.2,19163995.299999997
2025-08-01 09:22:15 AM,432.95,0,0.0,19163995.299999997
2025-08-01 09:22:19 AM,432.95,10,4329.5,19168324.799999997
2025-08-01 09:22:27 AM,431.95,188,81206.59999999999,19249531.4
2025-08-01 09:22:34 AM,431.85,50,21592.5,19271123.9
2025-08-01 09:22:42 AM,431.15,351,151333.65,19422457.549999997
2025-08-01 09:22:42 AM,430.85,0,0.0,19422457.549999997
2025-08-01 09:22:43 AM,431.7,0,0.0,19422457.549999997
2025-08-01 09:22:44 AM,431.7,150,64755.0,19487212.549999997
2025-08-01 09:22:49 AM,431.15,0,0.0,19487212.549999997
2025-08-01 09:22:49 AM,431.15,200,86230.0,19573442.549999997
2025-08-01 09:22:57 AM,431.5,350,151025.0,19724467.549999997
2025-08-01 09:23:03 AM,431.65,0,0.0,19724467.549999997
2025-08-01 09:23:05 AM,431.65,17,7338.049999999999,19731805.599999998
2025-08-01 09:23:20 AM,432.85,5261,2277223.85,22009029.45
2025-08-01 09:23:28 AM,432.45,501,216657.44999999998,22225686.9
2025-08-01 09:23:35 AM,432.4,1136,491206.39999999997,22716893.299999997
2025-08-01 09:23:41 AM,433.3,0,0.0,22716893.299999997
2025-08-01 09:23:43 AM,433.3,500,216650.0,22933543.299999997
2025-08-01 09:23:50 AM,432.5,554,239605.0,23173148.299999997
2025-08-01 09:23:52 AM,433.8,1000,433800.0,23606948.299999997
2025-08-01 09:23:58 AM,433.4,1,433.4,23607381.699999996
2025-08-01 09:24:06 AM,433.05,1267,548674.35,24156056.049999997
2025-08-01 09:24:14 AM,433.75,250,108437.5,24264493.549999997
2025-08-01 09:24:15 AM,433.05,100,43305.0,24307798.549999997
2025-08-01 09:24:26 AM,433.4,0,0.0,24307798.549999997
2025-08-01 09:24:29 AM,433.4,301,130453.4,24438251.949999996
2025-08-01 09:24:38 AM,432.85,143,61897.55,24500149.499999996
2025-08-01 09:24:44 AM,432.35,161,69608.35,24569757.849999998
2025-08-01 09:24:51 AM,432.05,2,864.1,24570621.95
2025-08-01 09:24:59 AM,432.0,76,32832.0,24603453.95
2025-08-01 09:25:05 AM,431.7,0,0.0,24603453.95
2025-08-01 09:25:06 AM,431.7,107,46191.9,24649645.849999998
2025-08-01 09:25:14 AM,431.7,9,3885.2999999999997,24653531.15
2025-08-01 09:25:21 AM,432.2,1,432.2,24653963.349999998
2025-08-01 09:25:36 AM,432.2,7,3025.4,24656988.749999996
2025-08-01 09:25:38 AM,432.5,100,43250.0,24700238.749999996
2025-08-01 09:25:42 AM,432.85,0,0.0,24700238.749999996
2025-08-01 09:25:44 AM,433.35,256,110937.6,24811176.349999998
2025-08-01 09:25:51 AM,432.55,17,7353.35,24818529.7
2025-08-01 09:25:59 AM,432.35,108,46693.8,24865223.5
2025-08-01 09:26:19 AM,432.55,0,0.0,24865223.5
2025-08-01 09:26:22 AM,432.55,7,3027.85,24868251.35
2025-08-01 09:26:37 AM,432.6,17,7354.200000000001,24875605.55
2025-08-01 09:26:43 AM,433.0,0,0.0,24875605.55
2025-08-01 09:26:45 AM,433.0,2,866.0,24876471.55
2025-08-01 09:27:00 AM,433.5,15,6502.5,24882974.05
2025-08-01 09:27:07 AM,433.05,40,17322.0,24900296.05
2025-08-01 09:27:14 AM,433.65,0,0.0,24900296.05
2025-08-01 09:27:15 AM,433.65,35,15177.75,24915473.8
2025-08-01 09:27:29 AM,433.35,10,4333.5,24919807.3
2025-08-01 09:27:34 AM,433.65,0,0.0,24919807.3
2025-08-01 09:27:37 AM,433.65,2,867.3,24920674.6
2025-08-01 09:27:54 AM,433.35,0,0.0,24920674.6
2025-08-01 09:28:00 AM,433.35,93,40301.55,24960976.150000002
2025-08-01 09:28:05 AM,432.95,0,0.0,24960976.150000002
2025-08-01 09:28:08 AM,432.95,259,112134.05,25073110.200000003
2025-08-01 09:28:12 AM,433.2,0,0.0,25073110.200000003
2025-08-01 09:28:15 AM,433.2,11,4765.2,25077875.400000002
2025-08-01 09:28:19 AM,433.0,0,0.0,25077875.400000002
2025-08-01 09:28:23 AM,433.0,1,433.0,25078308.400000002
2025-08-01 09:28:31 AM,432.95,39,16885.05,25095193.450000003
2025-08-01 09:28:39 AM,432.95,10,4329.5,25099522.950000003
2025-08-01 09:28:46 AM,432.95,17,7360.15,25106883.1
2025-08-01 09:28:55 AM,433.0,26,11258.0,25118141.1
2025-08-01 09:29:09 AM,433.0,24,10392.0,25128533.1
2025-08-01 09:29:10 AM,433.0,40,17320.0,25145853.1
2025-08-01 09:29:24 AM,433.0,5,2165.0,25148018.1
2025-08-01 09:29:31 AM,433.0,45,19485.0,25167503.1
2025-08-01 09:29:39 AM,433.0,7,3031.0,25170534.1
2025-08-01 09:29:44 AM,432.8,0,0.0,25170534.1
2025-08-01 09:29:46 AM,432.8,15,6492.0,25177026.1
2025-08-01 09:30:00 AM,432.95,0,0.0,25177026.1
2025-08-01 09:30:01 AM,432.95,38,16452.1,25193478.200000003
2025-08-01 09:30:06 AM,433.0,0,0.0,25193478.200000003
2025-08-01 09:30:09 AM,433.0,3,1299.0,25194777.200000003
2025-08-01 09:30:31 AM,433.0,426,184458.0,25379235.200000003
2025-08-01 09:30:35 AM,433.2,0,0.0,25379235.200000003
2025-08-01 09:30:39 AM,433.2,6,2599.2,25381834.400000002
2025-08-01 09:30:53 AM,433.2,1,433.2,25382267.6
2025-08-01 09:31:01 AM,433.2,76,32923.2,25415190.8
2025-08-01 09:31:01 AM,433.2,1,433.2,25415624.0
2025-08-01 09:31:18 AM,433.05,0,0.0,25415624.0
2025-08-01 09:31:23 AM,433.05,187,80980.35,25496604.35
2025-08-01 09:31:37 AM,433.05,2,866.1,25497470.450000003
2025-08-01 09:31:44 AM,433.2,397,171980.4,25669450.85
2025-08-01 09:31:47 AM,433.9,0,0.0,25669450.85
2025-08-01 09:31:51 AM,433.45,844,365831.8,26035282.650000002
2025-08-01 09:31:52 AM,435.25,0,0.0,26035282.650000002
2025-08-01 09:31:58 AM,435.25,4667,2031311.75,28066594.400000002
2025-08-01 09:32:02 AM,434.9,0,0.0,28066594.400000002
2025-08-01 09:32:05 AM,434.9,930,404457.0,28471051.400000002
2025-08-01 09:32:07 AM,434.25,0,0.0,28471051.400000002
2025-08-01 09:32:12 AM,434.3,246,106837.8,28577889.200000003
2025-08-01 09:32:13 AM,434.8,0,0.0,28577889.200000003
2025-08-01 09:32:19 AM,435.0,501,217935.0,28795824.200000003
2025-08-01 09:32:25 AM,435.2,0,0.0,28795824.200000003
2025-08-01 09:32:26 AM,435.2,21,9139.199999999999,28804963.400000002
2025-08-01 09:32:33 AM,435.0,10,4350.0,28809313.400000002
2025-08-01 09:32:38 AM,435.25,0,0.0,28809313.400000002
2025-08-01 09:32:40 AM,435.25,9,3917.25,28813230.650000002
2025-08-01 09:32:44 AM,435.0,0,0.0,28813230.650000002
2025-08-01 09:32:47 AM,434.85,690,300046.5,29113277.150000002
2025-08-01 09:33:08 AM,434.45,25,10861.25,29124138.400000002
2025-08-01 09:33:13 AM,436.3,0,0.0,29124138.400000002
2025-08-01 09:33:13 AM,436.2,0,0.0,29124138.400000002
2025-08-01 09:33:15 AM,435.9,6649,2898299.0999999996,32022437.5
2025-08-01 09:33:18 AM,436.0,0,0.0,32022437.5
2025-08-01 09:33:22 AM,436.0,15,6540.0,32028977.5
2025-08-01 09:33:23 AM,436.45,0,0.0,32028977.5
2025-08-01 09:33:28 AM,436.1,0,0.0,32028977.5
2025-08-01 09:33:29 AM,436.1,50,21805.0,32050782.5
2025-08-01 09:33:43 AM,436.45,0,0.0,32050782.5
2025-08-01 09:33:49 AM,436.45,151,65903.95,32116686.45
2025-08-01 09:33:58 AM,436.15,0,0.0,32116686.45
2025-08-01 09:34:03 AM,436.6,0,0.0,32116686.45
2025-08-01 09:34:03 AM,436.6,1154,503836.4,32620522.849999998
2025-08-01 09:34:08 AM,436.4,0,0.0,32620522.849999998
2025-08-01 09:34:11 AM,436.35,811,353879.85000000003,32974402.7
2025-08-01 09:34:13 AM,436.45,0,0.0,32974402.7
2025-08-01 09:34:15 AM,436.4,0,0.0,32974402.7
2025-08-01 09:34:18 AM,436.7,170,74239.0,33048641.7
2025-08-01 09:34:21 AM,436.35,0,0.0,33048641.7
2025-08-01 09:34:25 AM,436.35,22,9599.7,33058241.4
2025-08-01 09:34:28 AM,436.7,0,0.0,33058241.4
2025-08-01 09:34:32 AM,436.7,1,436.7,33058678.099999998
2025-08-01 09:34:33 AM,436.0,0,0.0,33058678.099999998
2025-08-01 09:34:38 AM,436.5,0,0.0,33058678.099999998
2025-08-01 09:34:38 AM,436.5,1564,682686.0,33741364.099999994
2025-08-01 09:34:43 AM,436.0,0,0.0,33741364.099999994
2025-08-01 09:34:45 AM,436.0,1269,553284.0,34294648.099999994
2025-08-01 09:34:48 AM,435.35,0,0.0,34294648.099999994
2025-08-01 09:34:52 AM,435.35,1,435.35,34295083.449999996
2025-08-01 09:34:53 AM,435.05,0,0.0,34295083.449999996
2025-08-01 09:34:58 AM,434.55,0,0.0,34295083.449999996
2025-08-01 09:34:59 AM,434.55,454,197285.7,34492369.15
2025-08-01 09:35:13 AM,434.9,0,0.0,34492369.15
2025-08-01 09:35:13 AM,434.9,14,6088.599999999999,34498457.75
2025-08-01 09:35:20 AM,435.0,413,179655.0,34678112.75
2025-08-01 09:35:23 AM,435.1,0,0.0,34678112.75
2025-08-01 09:35:23 AM,434.55,0,0.0,34678112.75
2025-08-01 09:35:27 AM,435.05,1012,440270.60000000003,35118383.35
2025-08-01 09:35:34 AM,434.55,670,291148.5,35409531.85
2025-08-01 09:35:38 AM,434.0,0,0.0,35409531.85
2025-08-01 09:35:38 AM,434.15,0,0.0,35409531.85
2025-08-01 09:35:41 AM,433.7,1062,460589.39999999997,35870121.25
2025-08-01 09:35:43 AM,433.75,0,0.0,35870121.25
2025-08-01 09:35:48 AM,433.7,0,0.0,35870121.25
2025-08-01 09:35:48 AM,433.7,2,867.4,35870988.65
2025-08-01 09:35:54 AM,434.35,345,149850.75,36020839.4
2025-08-01 09:36:14 AM,434.0,0,0.0,36020839.4
2025-08-01 09:36:15 AM,434.0,253,109802.0,36130641.4
2025-08-01 09:36:21 AM,434.0,7,3038.0,36133679.4
2025-08-01 09:36:28 AM,433.85,190,82431.5,36216110.9
2025-08-01 09:36:34 AM,434.3,0,0.0,36216110.9
2025-08-01 09:36:34 AM,434.3,1,434.3,36216545.199999996
2025-08-01 09:36:38 AM,434.1,0,0.0,36216545.199999996
2025-08-01 09:36:40 AM,434.1,1,434.1,36216979.3
2025-08-01 09:36:50 AM,434.35,0,0.0,36216979.3
2025-08-01 09:36:54 AM,434.35,1,434.35,36217413.65
2025-08-01 09:37:00 AM,434.2,10,4342.0,36221755.65
2025-08-01 09:37:06 AM,434.4,0,0.0,36221755.65
2025-08-01 09:37:06 AM,434.35,0,0.0,36221755.65
2025-08-01 09:37:07 AM,434.35,33,14333.550000000001,36236089.199999996
2025-08-01 09:37:10 AM,434.5,0,0.0,36236089.199999996
2025-08-01 09:37:15 AM,434.5,20,8690.0,36244779.199999996
2025-08-01 09:37:21 AM,434.85,0,0.0,36244779.199999996
2025-08-01 09:37:22 AM,434.55,11,4780.05,36249559.24999999
2025-08-01 09:37:22 AM,434.5,0,0.0,36249559.24999999
2025-08-01 09:37:28 AM,434.5,603,262003.5,36511562.74999999
2025-08-01 09:37:44 AM,432.2,0,0.0,36511562.74999999
2025-08-01 09:37:48 AM,431.85,0,0.0,36511562.74999999
2025-08-01 09:37:49 AM,431.85,9572,4133668.2,40645230.949999996
2025-08-01 09:38:01 AM,432.45,0,0.0,40645230.949999996
2025-08-01 09:38:02 AM,432.45,50,21622.5,40666853.449999996
2025-08-01 09:38:29 AM,432.0,354,152928.0,40819781.449999996
2025-08-01 09:38:33 AM,432.2,0,0.0,40819781.449999996
2025-08-01 09:38:36 AM,432.2,5,2161.0,40821942.449999996
2025-08-01 09:38:42 AM,432.35,0,0.0,40821942.449999996
2025-08-01 09:38:43 AM,432.35,100,43235.0,40865177.449999996
2025-08-01 09:38:46 AM,432.45,0,0.0,40865177.449999996
2025-08-01 09:38:49 AM,432.45,19,8216.55,40873393.99999999
2025-08-01 09:38:54 AM,432.2,0,0.0,40873393.99999999
2025-08-01 09:38:56 AM,432.2,10,4322.0,40877715.99999999
2025-08-01 09:38:58 AM,432.45,0,0.0,40877715.99999999
2025-08-01 09:39:02 AM,432.45,33,14270.85,40891986.849999994
2025-08-01 09:39:08 AM,432.5,0,0.0,40891986.849999994
2025-08-01 09:39:09 AM,432.5,131,56657.5,40948644.349999994
2025-08-01 09:39:16 AM,432.75,37,16011.75,40964656.099999994
2025-08-01 09:39:35 AM,432.5,0,0.0,40964656.099999994
2025-08-01 09:39:36 AM,432.5,50,21625.0,40986281.099999994
2025-08-01 09:40:16 AM,432.95,46,19915.7,41006196.8
2025-08-01 09:40:19 AM,433.05,0,0.0,41006196.8
2025-08-01 09:40:22 AM,433.05,202,87476.1,41093672.9
2025-08-01 09:40:29 AM,433.4,121,52441.399999999994,41146114.3
2025-08-01 09:40:51 AM,434.15,0,0.0,41146114.3
2025-08-01 09:40:55 AM,434.15,337,146308.55,41292422.849999994
2025-08-01 09:41:01 AM,434.4,132,57340.799999999996,41349763.64999999
2025-08-01 09:41:14 AM,434.5,0,0.0,41349763.64999999
2025-08-01 09:41:15 AM,434.5,285,123832.5,41473596.14999999
2025-08-01 09:41:18 AM,434.75,0,0.0,41473596.14999999
2025-08-01 09:41:22 AM,434.75,12,5217.0,41478813.14999999
2025-08-01 09:41:46 AM,434.3,0,0.0,41478813.14999999
2025-08-01 09:41:48 AM,434.3,1466,636683.8,42115496.94999999
2025-08-01 09:41:49 AM,433.7,1,433.7,42115930.64999999
2025-08-01 09:41:58 AM,434.0,0,0.0,42115930.64999999
2025-08-01 09:42:00 AM,434.0,24,10416.0,42126346.64999999
2025-08-01 09:42:07 AM,433.9,140,60746.0,42187092.64999999
2025-08-01 09:42:19 AM,434.1,0,0.0,42187092.64999999
2025-08-01 09:42:20 AM,434.1,1,434.1,42187526.74999999
2025-08-01 09:42:22 AM,433.9,46,19959.399999999998,42207486.14999999
2025-08-01 09:42:24 AM,434.0,0,0.0,42207486.14999999
2025-08-01 09:42:27 AM,434.0,3,1302.0,42208788.14999999
2025-08-01 09:42:34 AM,434.0,30,13020.0,42221808.14999999
2025-08-01 09:42:37 AM,433.9,0,0.0,42221808.14999999
2025-08-01 09:42:40 AM,433.9,5,2169.5,42223977.64999999
2025-08-01 09:42:48 AM,434.0,247,107198.0,42331175.64999999
2025-08-01 09:43:05 AM,434.1,0,0.0,42331175.64999999
2025-08-01 09:43:06 AM,434.1,100,43410.0,42374585.64999999
2025-08-01 09:43:07 AM,434.1,10,4341.0,42378926.64999999
2025-08-01 09:43:13 AM,434.1,4,1736.4,42380663.04999999
2025-08-01 09:43:49 AM,434.05,0,0.0,42380663.04999999
2025-08-01 09:43:52 AM,434.05,1,434.05,42381097.09999999
2025-08-01 09:44:01 AM,434.4,0,0.0,42381097.09999999
2025-08-01 09:44:05 AM,434.45,0,0.0,42381097.09999999
2025-08-01 09:44:05 AM,434.2,361,156746.19999999998,42537843.29999999
2025-08-01 09:44:09 AM,433.85,0,0.0,42537843.29999999
2025-08-01 09:44:12 AM,433.85,633,274627.05,42812470.34999999
2025-08-01 09:44:17 AM,434.0,0,0.0,42812470.34999999
2025-08-01 09:44:19 AM,434.0,50,21700.0,42834170.34999999
2025-08-01 09:44:21 AM,433.9,0,0.0,42834170.34999999
2025-08-01 09:44:26 AM,433.9,8,3471.2,42837641.54999999
2025-08-01 09:44:35 AM,433.6,0,0.0,42837641.54999999
2025-08-01 09:44:38 AM,433.6,70,30352.0,42867993.54999999
2025-08-01 09:44:45 AM,433.3,0,0.0,42867993.54999999
2025-08-01 09:44:46 AM,433.3,86,37263.8,42905257.34999999
2025-08-01 09:44:51 AM,433.3,23,9965.9,42915223.249999985
2025-08-01 09:44:57 AM,432.9,1000,432900.0,43348123.249999985
2025-08-01 09:45:57 AM,433.35,235,101837.25,43449960.499999985
2025-08-01 09:46:27 AM,433.55,0,0.0,43449960.499999985
2025-08-01 09:46:29 AM,433.55,73,31649.15,43481609.64999998
2025-08-01 09:46:35 AM,433.55,4,1734.2,43483343.84999999
2025-08-01 09:47:03 AM,433.6,0,0.0,43483343.84999999
2025-08-01 09:47:06 AM,433.6,1,433.6,43483777.44999999
2025-08-01 09:47:22 AM,434.05,0,0.0,43483777.44999999
2025-08-01 09:47:25 AM,433.95,203,88091.84999999999,43571869.29999999
2025-08-01 09:47:38 AM,433.95,20,8679.0,43580548.29999999
2025-08-01 09:47:40 AM,434.25,0,0.0,43580548.29999999
2025-08-01 09:47:40 AM,434.25,1,434.25,43580982.54999999
2025-08-01 09:47:42 AM,434.0,0,0.0,43580982.54999999
2025-08-01 09:47:44 AM,434.0,23,9982.0,43590964.54999999
2025-08-01 09:47:51 AM,434.25,1,434.25,43591398.79999999
2025-08-01 09:47:56 AM,433.95,0,0.0,43591398.79999999
2025-08-01 09:47:58 AM,433.95,851,369291.45,43960690.24999999
2025-08-01 09:48:05 AM,434.0,0,0.0,43960690.24999999
2025-08-01 09:48:07 AM,434.0,190,82460.0,44043150.24999999
2025-08-01 09:48:09 AM,434.05,0,0.0,44043150.24999999
2025-08-01 09:48:11 AM,434.05,20,8681.0,44051831.24999999
2025-08-01 09:48:13 AM,434.1,0,0.0,44051831.24999999
2025-08-01 09:48:13 AM,434.1,15,6511.5,44058342.74999999
2025-08-01 09:48:45 AM,433.75,0,0.0,44058342.74999999
2025-08-01 09:48:45 AM,433.75,1,433.75,44058776.49999999
2025-08-01 09:48:49 AM,433.75,10,4337.5,44063113.99999999
2025-08-01 09:48:53 AM,433.6,0,0.0,44063113.99999999
2025-08-01 09:48:56 AM,433.6,39,16910.4,44080024.39999999
2025-08-01 09:49:08 AM,433.6,328,142220.80000000002,44222245.19999999
2025-08-01 09:49:13 AM,433.9,0,0.0,44222245.19999999
2025-08-01 09:49:14 AM,433.9,28,12149.199999999999,44234394.39999999
2025-08-01 09:49:23 AM,433.65,0,0.0,44234394.39999999
2025-08-01 09:49:23 AM,433.65,54,23417.1,44257811.49999999
2025-08-01 09:49:46 AM,433.65,130,56374.5,44314185.99999999
2025-08-01 09:49:50 AM,433.9,0,0.0,44314185.99999999
2025-08-01 09:49:52 AM,433.9,1,433.9,44314619.89999999
2025-08-01 09:50:04 AM,433.7,0,0.0,44314619.89999999
2025-08-01 09:50:05 AM,433.7,2,867.4,44315487.29999999
2025-08-01 09:50:27 AM,433.7,1,433.7,44315920.99999999
2025-08-01 09:50:36 AM,433.7,70,30359.0,44346279.99999999
2025-08-01 09:51:07 AM,434.15,0,0.0,44346279.99999999
2025-08-01 09:51:08 AM,434.15,16,6946.4,44353226.39999999
2025-08-01 09:51:14 AM,434.5,0,0.0,44353226.39999999
2025-08-01 09:51:14 AM,434.5,2,869.0,44354095.39999999
2025-08-01 09:51:29 AM,435.0,0,0.0,44354095.39999999
2025-08-01 09:51:29 AM,435.0,359,156165.0,44510260.39999999
2025-08-01 09:51:35 AM,435.25,2,870.5,44511130.89999999
2025-08-01 09:51:38 AM,435.5,0,0.0,44511130.89999999
2025-08-01 09:51:39 AM,435.5,5,2177.5,44513308.39999999
2025-08-01 09:51:44 AM,435.75,0,0.0,44513308.39999999
2025-08-01 09:51:46 AM,435.75,154,67105.5,44580413.89999999
2025-08-01 09:51:50 AM,435.9,0,0.0,44580413.89999999
2025-08-01 09:51:52 AM,435.9,3,1307.6999999999998,44581721.599999994
2025-08-01 09:51:54 AM,435.5,632,275236.0,44856957.599999994
2025-08-01 09:51:58 AM,435.6,1,435.6,44857393.199999996
2025-08-01 09:52:04 AM,435.7,0,0.0,44857393.199999996
2025-08-01 09:52:04 AM,435.7,9,3921.2999999999997,44861314.49999999
2025-08-01 09:52:21 AM,435.6,0,0.0,44861314.49999999
2025-08-01 09:52:22 AM,435.5,819,356674.5,45217988.99999999
2025-08-01 09:52:29 AM,435.8,5,2179.0,45220167.99999999
2025-08-01 09:52:42 AM,435.45,0,0.0,45220167.99999999
2025-08-01 09:52:43 AM,435.45,80,34836.0,45255003.99999999
2025-08-01 09:52:45 AM,435.7,0,0.0,45255003.99999999
2025-08-01 09:52:47 AM,435.7,10,4357.0,45259360.99999999
2025-08-01 09:52:54 AM,435.2,0,0.0,45259360.99999999
2025-08-01 09:52:55 AM,435.45,1327,577842.15,45837203.14999999
2025-08-01 09:52:57 AM,435.5,0,0.0,45837203.14999999
2025-08-01 09:52:59 AM,435.5,204,88842.0,45926045.14999999
2025-08-01 09:53:22 AM,435.55,0,0.0,45926045.14999999
2025-08-01 09:53:24 AM,435.45,1689,735475.0499999999,46661520.19999999
2025-08-01 09:53:26 AM,435.5,3,1306.5,46662826.69999999
2025-08-01 09:53:28 AM,435.2,0,0.0,46662826.69999999
2025-08-01 09:53:30 AM,435.2,1573,684569.6,47347396.29999999
2025-08-01 09:53:34 AM,435.25,0,0.0,47347396.29999999
2025-08-01 09:53:36 AM,435.25,2,870.5,47348266.79999999
2025-08-01 09:53:37 AM,435.75,0,0.0,47348266.79999999
2025-08-01 09:53:38 AM,435.75,50,21787.5,47370054.29999999
2025-08-01 09:53:44 AM,435.7,5,2178.5,47372232.79999999
2025-08-01 09:53:55 AM,435.75,0,0.0,47372232.79999999
2025-08-01 09:53:55 AM,435.75,41,17865.75,47390098.54999999
2025-08-01 09:54:20 AM,435.75,191,83228.25,47473326.79999999
2025-08-01 09:54:38 AM,435.45,45,19595.25,47492922.04999999
2025-08-01 09:54:44 AM,435.9,0,0.0,47492922.04999999
2025-08-01 09:54:45 AM,435.9,133,57974.7,47550896.74999999
2025-08-01 09:54:47 AM,436.5,0,0.0,47550896.74999999
2025-08-01 09:54:50 AM,436.25,0,0.0,47550896.74999999
2025-08-01 09:54:50 AM,436.25,788,343765.0,47894661.74999999
2025-08-01 09:55:08 AM,436.7,0,0.0,47894661.74999999
2025-08-01 09:55:08 AM,436.7,27,11790.9,47906452.64999999
2025-08-01 09:55:19 AM,436.3,200,87260.0,47993712.64999999
2025-08-01 09:55:37 AM,436.3,10,4363.0,47998075.64999999
2025-08-01 09:55:47 AM,436.35,0,0.0,47998075.64999999
2025-08-01 09:55:50 AM,436.65,0,0.0,47998075.64999999
2025-08-01 09:55:50 AM,436.65,63,27508.949999999997,48025584.599999994
2025-08-01 09:56:08 AM,436.65,1,436.65,48026021.24999999
2025-08-01 09:56:26 AM,436.9,480,209712.0,48235733.24999999
2025-08-01 09:56:28 AM,437.25,0,0.0,48235733.24999999
2025-08-01 09:56:31 AM,437.5,0,0.0,48235733.24999999
2025-08-01 09:56:31 AM,437.5,1565,684687.5,48920420.74999999
2025-08-01 09:56:43 AM,437.5,300,131250.0,49051670.74999999
2025-08-01 09:56:54 AM,437.4,0,0.0,49051670.74999999
2025-08-01 09:56:56 AM,437.4,75,32805.0,49084475.74999999
2025-08-01 09:56:59 AM,436.85,0,0.0,49084475.74999999
2025-08-01 09:56:59 AM,437.1,0,0.0,49084475.74999999
2025-08-01 09:57:01 AM,437.1,3442,1504498.2000000002,50588973.949999996
2025-08-01 09:57:03 AM,437.3,0,0.0,50588973.949999996
2025-08-01 09:57:03 AM,437.3,70,30611.0,50619584.949999996
2025-08-01 09:57:15 AM,436.7,0,0.0,50619584.949999996
2025-08-01 09:57:15 AM,436.7,1160,506572.0,51126156.949999996
2025-08-01 09:57:19 AM,436.55,0,0.0,51126156.949999996
2025-08-01 09:57:19 AM,436.55,2809,1226268.95,52352425.9
2025-08-01 09:57:30 AM,436.85,182,79506.7,52431932.6
2025-08-01 09:57:36 AM,437.0,39,17043.0,52448975.6
2025-08-01 09:57:55 AM,437.0,100,43700.0,52492675.6
2025-08-01 09:57:57 AM,436.75,5,2183.75,52494859.35
2025-08-01 09:58:03 AM,437.0,0,0.0,52494859.35
2025-08-01 09:58:03 AM,437.0,116,50692.0,52545551.35
2025-08-01 09:58:07 AM,437.0,1,437.0,52545988.35
2025-08-01 09:58:10 AM,437.0,60,26220.0,52572208.35
2025-08-01 09:58:13 AM,437.0,40,17480.0,52589688.35
2025-08-01 09:58:22 AM,437.0,75,32775.0,52622463.35
2025-08-01 09:58:24 AM,436.6,0,0.0,52622463.35
2025-08-01 09:58:25 AM,436.6,636,277677.60000000003,52900140.95
2025-08-01 09:58:28 AM,436.5,0,0.0,52900140.95
2025-08-01 09:58:28 AM,436.5,219,95593.5,52995734.45
2025-08-01 09:58:31 AM,434.6,15464,6720654.4,59716388.85
2025-08-01 09:58:37 AM,434.55,109,47365.950000000004,59763754.800000004
2025-08-01 09:58:48 AM,434.65,0,0.0,59763754.800000004
2025-08-01 09:58:49 AM,434.45,70,30411.5,59794166.300000004
2025-08-01 09:58:52 AM,434.35,0,0.0,59794166.300000004
2025-08-01 09:58:52 AM,434.35,17,7383.950000000001,59801550.25000001
2025-08-01 09:59:08 AM,434.5,300,130350.0,59931900.25000001
2025-08-01 09:59:10 AM,434.25,0,0.0,59931900.25000001
2025-08-01 09:59:11 AM,434.25,5,2171.25,59934071.50000001
2025-08-01 09:59:26 AM,434.2,0,0.0,59934071.50000001
2025-08-01 09:59:27 AM,434.2,200,86840.0,60020911.50000001
2025-08-01 09:59:30 AM,434.35,0,0.0,60020911.50000001
2025-08-01 09:59:33 AM,434.1,0,0.0,60020911.50000001
2025-08-01 09:59:33 AM,434.1,129,55998.9,60076910.400000006
2025-08-01 09:59:39 AM,433.95,0,0.0,60076910.400000006
2025-08-01 09:59:39 AM,433.95,3098,1344377.0999999999,61421287.50000001
2025-08-01 09:59:42 AM,434.0,0,0.0,61421287.50000001
2025-08-01 09:59:42 AM,434.0,100,43400.0,61464687.50000001
2025-08-01 09:59:46 AM,433.7,6,2602.2,61467289.70000001
2025-08-01 09:59:48 AM,433.55,70,30348.5,61497638.20000001
2025-08-01 09:59:58 AM,433.4,75,32505.0,61530143.20000001
2025-08-01 10:00:06 AM,432.75,0,0.0,61530143.20000001
2025-08-01 10:00:07 AM,432.75,330,142807.5,61672950.70000001
2025-08-01 10:00:10 AM,432.95,100,43295.0,61716245.70000001
2025-08-01 10:00:19 AM,433.05,0,0.0,61716245.70000001
2025-08-01 10:00:20 AM,433.05,1,433.05,61716678.75000001
2025-08-01 10:00:23 AM,432.55,210,90835.5,61807514.25000001
2025-08-01 10:00:29 AM,432.5,214,92555.0,61900069.25000001
2025-08-01 10:00:32 AM,432.55,50,21627.5,61921696.75000001
2025-08-01 10:00:35 AM,432.55,108,46715.4,61968412.150000006
2025-08-01 10:00:39 AM,433.05,938,406200.9,62374613.050000004
2025-08-01 10:00:48 AM,432.85,0,0.0,62374613.050000004
2025-08-01 10:00:48 AM,432.85,61,26403.850000000002,62401016.900000006
2025-08-01 10:01:01 AM,433.2,10,4332.0,62405348.900000006
2025-08-01 10:01:20 AM,433.65,0,0.0,62405348.900000006
2025-08-01 10:01:20 AM,433.65,100,43365.0,62448713.900000006
2025-08-01 10:01:24 AM,433.8,0,0.0,62448713.900000006
2025-08-01 10:01:26 AM,433.8,57,24726.600000000002,62473440.50000001
2025-08-01 10:01:32 AM,433.3,0,0.0,62473440.50000001
2025-08-01 10:01:32 AM,433.3,300,129990.0,62603430.50000001
2025-08-01 10:01:44 AM,433.35,196,84936.6,62688367.10000001
2025-08-01 10:01:53 AM,433.4,0,0.0,62688367.10000001
2025-08-01 10:01:54 AM,433.4,12,5200.799999999999,62693567.900000006
2025-08-01 10:02:05 AM,432.8,0,0.0,62693567.900000006
2025-08-01 10:02:06 AM,432.8,509,220295.2,62913863.10000001
2025-08-01 10:02:09 AM,433.15,0,0.0,62913863.10000001
2025-08-01 10:02:13 AM,432.85,198,85704.3,62999567.400000006
2025-08-01 10:02:38 AM,433.0,0,0.0,62999567.400000006
2025-08-01 10:02:38 AM,433.0,10,4330.0,63003897.400000006
2025-08-01 10:02:39 AM,432.7,250,108175.0,63112072.400000006
2025-08-01 10:03:23 AM,433.0,10,4330.0,63116402.400000006
2025-08-01 10:03:44 AM,433.25,0,0.0,63116402.400000006
2025-08-01 10:03:44 AM,433.25,17,7365.25,63123767.650000006
2025-08-01 10:03:48 AM,433.25,1,433.25,63124200.900000006
2025-08-01 10:03:52 AM,433.05,0,0.0,63124200.900000006
2025-08-01 10:03:54 AM,433.05,28,12125.4,63136326.300000004
2025-08-01 10:04:00 AM,433.35,0,0.0,63136326.300000004
2025-08-01 10:04:00 AM,432.8,497,215101.6,63351427.900000006
2025-08-01 10:04:07 AM,432.95,26,11256.699999999999,63362684.60000001
2025-08-01 10:04:28 AM,432.85,1,432.85,63363117.45000001
2025-08-01 10:04:32 AM,433.1,0,0.0,63363117.45000001
2025-08-01 10:04:32 AM,433.1,1,433.1,63363550.55000001
2025-08-01 10:04:54 AM,433.45,0,0.0,63363550.55000001
2025-08-01 10:04:57 AM,433.45,15,6501.75,63370052.30000001
2025-08-01 10:05:03 AM,433.45,122,52880.9,63422933.20000001
2025-08-01 10:05:13 AM,433.4,0,0.0,63422933.20000001
2025-08-01 10:05:15 AM,433.4,5,2167.0,63425100.20000001
2025-08-01 10:05:17 AM,432.4,0,0.0,63425100.20000001
2025-08-01 10:05:17 AM,432.4,534,230901.59999999998,63656001.80000001
2025-08-01 10:05:21 AM,432.6,0,0.0,63656001.80000001
2025-08-01 10:05:21 AM,432.6,7,3028.2000000000003,63659030.000000015
2025-08-01 10:05:27 AM,432.6,1,432.6,63659462.60000002
2025-08-01 10:05:29 AM,432.9,0,0.0,63659462.60000002
2025-08-01 10:05:30 AM,432.9,106,45887.399999999994,63705350.000000015
2025-08-01 10:05:47 AM,433.2,0,0.0,63705350.000000015
2025-08-01 10:05:48 AM,433.2,4,1732.8,63707082.80000001
2025-08-01 10:05:50 AM,432.85,0,0.0,63707082.80000001
2025-08-01 10:05:52 AM,432.95,388,167984.6,63875067.40000001
2025-08-01 10:06:04 AM,432.95,5,2164.75,63877232.15000001
2025-08-01 10:06:12 AM,432.9,7,3030.2999999999997,63880262.45000001
2025-08-01 10:06:18 AM,432.95,14,6061.3,63886323.75000001
2025-08-01 10:06:27 AM,432.95,10,4329.5,63890653.25000001
2025-08-01 10:06:39 AM,432.75,30,12982.5,63903635.75000001
2025-08-01 10:06:44 AM,432.95,0,0.0,63903635.75000001
2025-08-01 10:06:45 AM,432.95,2,865.9,63904501.650000006
2025-08-01 10:06:47 AM,432.75,15,6491.25,63910992.900000006
2025-08-01 10:06:51 AM,432.75,15,6491.25,63917484.150000006
2025-08-01 10:06:53 AM,432.75,9,3894.75,63921378.900000006
2025-08-01 10:06:54 AM,432.8,0,0.0,63921378.900000006
2025-08-01 10:06:58 AM,432.4,0,0.0,63921378.900000006
2025-08-01 10:06:58 AM,432.4,306,132314.4,64053693.300000004
2025-08-01 10:07:00 AM,432.1,134,57901.4,64111594.7
2025-08-01 10:07:04 AM,432.1,26,11234.6,64122829.300000004
2025-08-01 10:07:06 AM,432.3,50,21615.0,64144444.300000004
2025-08-01 10:07:10 AM,432.3,17,7349.1,64151793.400000006
2025-08-01 10:07:14 AM,432.5,0,0.0,64151793.400000006
2025-08-01 10:07:16 AM,432.75,698,302059.5,64453852.900000006
2025-08-01 10:07:18 AM,432.55,61,26385.55,64480238.45
2025-08-01 10:07:23 AM,432.45,0,0.0,64480238.45
2025-08-01 10:07:23 AM,432.45,12,5189.4,64485427.85
2025-08-01 10:08:00 AM,431.8,556,240080.80000000002,64725508.65
2025-08-01 10:08:06 AM,431.8,16,6908.8,64732417.449999996
2025-08-01 10:08:22 AM,432.2,0,0.0,64732417.449999996
2025-08-01 10:08:24 AM,432.2,176,76067.2,64808484.65
2025-08-01 10:08:40 AM,432.15,0,0.0,64808484.65
2025-08-01 10:08:42 AM,432.15,33,14260.949999999999,64822745.6
2025-08-01 10:08:43 AM,432.3,0,0.0,64822745.6
2025-08-01 10:08:44 AM,432.3,1,432.3,64823177.9
2025-08-01 10:08:59 AM,432.15,0,0.0,64823177.9
2025-08-01 10:09:00 AM,432.15,2,864.3,64824042.199999996
2025-08-01 10:09:20 AM,433.1,0,0.0,64824042.199999996
2025-08-01 10:09:20 AM,433.1,529,229109.90000000002,65053152.099999994
2025-08-01 10:09:24 AM,432.95,200,86590.0,65139742.099999994
2025-08-01 10:09:35 AM,433.1,10,4331.0,65144073.099999994
2025-08-01 10:09:49 AM,433.1,178,77091.8,65221164.89999999
2025-08-01 10:10:04 AM,433.1,9,3897.9,65225062.79999999
2025-08-01 10:10:07 AM,433.3,0,0.0,65225062.79999999
2025-08-01 10:10:10 AM,433.3,18,7799.400000000001,65232862.19999999
2025-08-01 10:10:16 AM,433.15,25,10828.75,65243690.94999999
2025-08-01 10:10:21 AM,433.15,150,64972.5,65308663.44999999
2025-08-01 10:10:31 AM,435.0,0,0.0,65308663.44999999
2025-08-01 10:10:33 AM,435.0,5617,2443395.0,67752058.44999999
2025-08-01 10:10:35 AM,434.65,658,285999.7,68038058.14999999
2025-08-01 10:10:37 AM,434.9,0,0.0,68038058.14999999
2025-08-01 10:10:40 AM,434.9,23,10002.699999999999,68048060.85
2025-08-01 10:10:57 AM,435.05,0,0.0,68048060.85
2025-08-01 10:10:57 AM,435.45,0,0.0,68048060.85
2025-08-01 10:10:57 AM,435.45,60,26127.0,68074187.85
2025-08-01 10:11:05 AM,435.15,2,870.3,68075058.14999999
2025-08-01 10:11:09 AM,435.4,1,435.4,68075493.55
2025-08-01 10:11:15 AM,435.4,32,13932.8,68089426.35
2025-08-01 10:11:21 AM,435.4,133,57908.2,68147334.55
2025-08-01 10:11:34 AM,435.4,18,7837.2,68155171.75
2025-08-01 10:11:39 AM,435.05,558,242757.9,68397929.65
2025-08-01 10:11:43 AM,435.25,0,0.0,68397929.65
2025-08-01 10:11:44 AM,435.15,306,133155.9,68531085.55000001
2025-08-01 10:11:46 AM,435.2,0,0.0,68531085.55000001
2025-08-01 10:11:46 AM,435.2,18,7833.599999999999,68538919.15
2025-08-01 10:11:51 AM,435.0,10,4350.0,68543269.15
2025-08-01 10:12:01 AM,435.2,0,0.0,68543269.15
2025-08-01 10:12:02 AM,435.2,5,2176.0,68545445.15
2025-08-01 10:12:20 AM,435.3,2,870.6,68546315.75
2025-08-01 10:12:31 AM,434.85,0,0.0,68546315.75
2025-08-01 10:12:31 AM,434.85,61,26525.850000000002,68572841.6
2025-08-01 10:12:54 AM,434.8,401,174354.80000000002,68747196.39999999
2025-08-01 10:13:07 AM,435.1,0,0.0,68747196.39999999
2025-08-01 10:13:11 AM,435.1,21,9137.1,68756333.49999999
2025-08-01 10:13:16 AM,435.15,0,0.0,68756333.49999999
2025-08-01 10:13:17 AM,435.15,47,20452.05,68776785.54999998
2025-08-01 10:13:46 AM,434.75,0,0.0,68776785.54999998
2025-08-01 10:13:47 AM,434.75,5,2173.75,68778959.29999998
2025-08-01 10:13:53 AM,434.75,1,434.75,68779394.04999998
2025-08-01 10:13:59 AM,434.75,1,434.75,68779828.79999998
2025-08-01 10:14:04 AM,434.75,100,43475.0,68823303.79999998
2025-08-01 10:14:10 AM,435.0,0,0.0,68823303.79999998
2025-08-01 10:14:10 AM,435.0,19,8265.0,68831568.79999998
2025-08-01 10:14:40 AM,434.7,449,195180.3,69026749.09999998
2025-08-01 10:14:43 AM,434.75,0,0.0,69026749.09999998
2025-08-01 10:14:45 AM,434.75,64,27824.0,69054573.09999998
2025-08-01 10:15:26 AM,434.75,41,17824.75,69072397.84999998
2025-08-01 10:15:37 AM,434.6,0,0.0,69072397.84999998
2025-08-01 10:15:38 AM,434.6,72,31291.2,69103689.04999998
2025-08-01 10:15:42 AM,434.85,0,0.0,69103689.04999998
2025-08-01 10:15:44 AM,434.85,3,1304.5500000000002,69104993.59999998
2025-08-01 10:16:02 AM,434.85,5,2174.25,69107167.84999998
2025-08-01 10:16:13 AM,434.6,158,68666.8,69175834.64999998
2025-08-01 10:16:19 AM,434.6,2,869.2,69176703.84999998
2025-08-01 10:16:31 AM,434.8,0,0.0,69176703.84999998
2025-08-01 10:16:31 AM,434.8,7,3043.6,69179747.44999997
2025-08-01 10:16:40 AM,435.3,0,0.0,69179747.44999997
2025-08-01 10:16:43 AM,435.3,700,304710.0,69484457.44999997
2025-08-01 10:16:45 AM,434.8,0,0.0,69484457.44999997
2025-08-01 10:16:46 AM,434.85,0,0.0,69484457.44999997
2025-08-01 10:16:48 AM,434.85,505,219599.25,69704056.69999997
2025-08-01 10:16:59 AM,434.9,15,6523.5,69710580.19999997
2025-08-01 10:17:15 AM,435.1,0,0.0,69710580.19999997
2025-08-01 10:17:16 AM,435.1,30,13053.0,69723633.19999997
2025-08-01 10:17:22 AM,435.15,20,8703.0,69732336.19999997
2025-08-01 10:17:43 AM,434.8,0,0.0,69732336.19999997
2025-08-01 10:17:45 AM,434.8,45,19566.0,69751902.19999997
2025-08-01 10:17:57 AM,434.85,0,0.0,69751902.19999997
2025-08-01 10:17:57 AM,434.85,1,434.85,69752337.04999997
2025-08-01 10:18:06 AM,435.25,0,0.0,69752337.04999997
2025-08-01 10:18:09 AM,435.25,35,15233.75,69767570.79999997
2025-08-01 10:18:14 AM,434.95,130,56543.5,69824114.29999997
2025-08-01 10:18:26 AM,434.95,128,55673.6,69879787.89999996
2025-08-01 10:19:11 AM,434.8,0,0.0,69879787.89999996
2025-08-01 10:19:12 AM,434.8,600,260880.0,70140667.89999996
2025-08-01 10:19:18 AM,434.8,6,2608.8,70143276.69999996
2025-08-01 10:19:23 AM,434.8,93,40436.4,70183713.09999996
2025-08-01 10:19:29 AM,434.8,20,8696.0,70192409.09999996
2025-08-01 10:19:35 AM,434.8,4,1739.2,70194148.29999997
2025-08-01 10:19:40 AM,434.7,166,72160.2,70266308.49999997
2025-08-01 10:20:03 AM,434.8,1,434.8,70266743.29999997
2025-08-01 10:20:56 AM,434.8,50,21740.0,70288483.29999997
2025-08-01 10:21:01 AM,434.8,49,21305.2,70309788.49999997
2025-08-01 10:21:12 AM,434.8,26,11304.800000000001,70321093.29999997
2025-08-01 10:21:25 AM,434.85,100,43485.0,70364578.29999997
2025-08-01 10:21:53 AM,434.95,9,3914.5499999999997,70368492.84999996
2025-08-01 10:22:07 AM,434.7,0,0.0,70368492.84999996
2025-08-01 10:22:08 AM,434.7,600,260820.0,70629312.84999996
2025-08-01 10:22:10 AM,434.7,25,10867.5,70640180.34999996
2025-08-01 10:22:13 AM,434.95,0,0.0,70640180.34999996
2025-08-01 10:22:14 AM,434.95,14,6089.3,70646269.64999996
2025-08-01 10:22:25 AM,435.1,0,0.0,70646269.64999996
2025-08-01 10:22:26 AM,435.1,220,95722.0,70741991.64999996
2025-08-01 10:22:49 AM,434.8,0,0.0,70741991.64999996
2025-08-01 10:22:50 AM,434.8,13,5652.400000000001,70747644.04999997
2025-08-01 10:23:04 AM,434.8,88,38262.4,70785906.44999997
2025-08-01 10:23:07 AM,434.8,37,16087.6,70801994.04999997
2025-08-01 10:23:13 AM,434.7,0,0.0,70801994.04999997
2025-08-01 10:23:13 AM,434.7,5,2173.5,70804167.54999997
2025-08-01 10:23:21 AM,434.8,0,0.0,70804167.54999997
2025-08-01 10:23:22 AM,434.8,801,348274.8,71152442.34999996
2025-08-01 10:23:22 AM,434.65,0,0.0,71152442.34999996
2025-08-01 10:23:24 AM,434.35,0,0.0,71152442.34999996
2025-08-01 10:23:25 AM,434.35,505,219346.75,71371789.09999996
2025-08-01 10:23:56 AM,434.0,0,0.0,71371789.09999996
2025-08-01 10:23:59 AM,434.0,7,3038.0,71374827.09999996
2025-08-01 10:24:01 AM,434.2,0,0.0,71374827.09999996
2025-08-01 10:24:04 AM,434.2,6,2605.2,71377432.29999997
2025-08-01 10:24:17 AM,434.2,40,17368.0,71394800.29999997
2025-08-01 10:24:25 AM,434.05,0,0.0,71394800.29999997
2025-08-01 10:24:26 AM,434.05,37,16059.85,71410860.14999996
2025-08-01 10:24:39 AM,434.0,0,0.0,71410860.14999996
2025-08-01 10:24:39 AM,434.0,109,47306.0,71458166.14999996
2025-08-01 10:24:42 AM,434.0,64,27776.0,71485942.14999996
2025-08-01 10:24:43 AM,433.95,0,0.0,71485942.14999996
2025-08-01 10:24:44 AM,433.95,36,15622.199999999999,71501564.34999996
2025-08-01 10:25:05 AM,433.6,0,0.0,71501564.34999996
2025-08-01 10:25:07 AM,433.65,186,80658.9,71582223.24999997
2025-08-01 10:25:26 AM,433.45,0,0.0,71582223.24999997
2025-08-01 10:25:28 AM,433.45,52,22539.399999999998,71604762.64999998
2025-08-01 10:26:31 AM,433.95,0,0.0,71604762.64999998
2025-08-01 10:26:32 AM,433.95,120,52074.0,71656836.64999998
2025-08-01 10:26:37 AM,433.95,11,4773.45,71661610.09999998
2025-08-01 10:26:55 AM,433.75,59,25591.25,71687201.34999998
2025-08-01 10:27:08 AM,433.7,0,0.0,71687201.34999998
2025-08-01 10:27:09 AM,433.7,5,2168.5,71689369.84999998
2025-08-01 10:27:22 AM,433.75,0,0.0,71689369.84999998
2025-08-01 10:27:23 AM,433.75,4,1735.0,71691104.84999998
2025-08-01 10:27:34 AM,433.75,262,113642.5,71804747.34999998
2025-08-01 10:27:37 AM,433.65,0,0.0,71804747.34999998
2025-08-01 10:27:37 AM,433.65,41,17779.649999999998,71822526.99999999
2025-08-01 10:27:38 AM,433.45,0,0.0,71822526.99999999
2025-08-01 10:27:40 AM,433.5,0,0.0,71822526.99999999
2025-08-01 10:27:40 AM,433.5,440,190740.0,72013266.99999999
2025-08-01 10:27:45 AM,433.6,14,6070.400000000001,72019337.39999999
2025-08-01 10:28:22 AM,433.35,0,0.0,72019337.39999999
2025-08-01 10:28:23 AM,433.0,0,0.0,72019337.39999999
2025-08-01 10:28:23 AM,433.0,101,43733.0,72063070.39999999
2025-08-01 10:28:45 AM,432.95,30,12988.5,72076058.89999999
2025-08-01 10:28:54 AM,432.95,11,4762.45,72080821.35
2025-08-01 10:29:05 AM,432.65,2,865.3,72081686.64999999
2025-08-01 10:29:29 AM,433.0,0,0.0,72081686.64999999
2025-08-01 10:29:29 AM,433.0,100,43300.0,72124986.64999999
2025-08-01 10:29:32 AM,432.65,2,865.3,72125851.94999999
2025-08-01 10:29:49 AM,432.6,0,0.0,72125851.94999999
2025-08-01 10:29:49 AM,432.6,66,28551.600000000002,72154403.54999998
2025-08-01 10:29:57 AM,432.15,0,0.0,72154403.54999998
2025-08-01 10:29:57 AM,432.15,1000,432150.0,72586553.54999998
2025-08-01 10:30:12 AM,432.25,0,0.0,72586553.54999998
2025-08-01 10:30:12 AM,432.25,50,21612.5,72608166.04999998
2025-08-01 10:30:46 AM,432.25,26,11238.5,72619404.54999998
2025-08-01 10:31:18 AM,432.65,0,0.0,72619404.54999998
2025-08-01 10:31:18 AM,432.65,55,23795.75,72643200.29999998
2025-08-01 10:31:23 AM,432.75,35,15146.25,72658346.54999998
2025-08-01 10:31:26 AM,432.75,1,432.75,72658779.29999998
2025-08-01 10:31:35 AM,432.05,1700,734485.0,73393264.29999998
2025-08-01 10:31:40 AM,432.0,0,0.0,73393264.29999998
2025-08-01 10:31:40 AM,432.0,471,203472.0,73596736.29999998
2025-08-01 10:31:45 AM,432.35,2,864.7,73597600.99999999
2025-08-01 10:31:51 AM,432.5,48,20760.0,73618360.99999999
2025-08-01 10:32:24 AM,432.4,7,3026.7999999999997,73621387.79999998
2025-08-01 10:32:49 AM,432.55,100,43255.0,73664642.79999998
2025-08-01 10:32:54 AM,432.75,5,2163.75,73666806.54999998
2025-08-01 10:33:38 AM,432.75,4,1731.0,73668537.54999998
2025-08-01 10:33:50 AM,432.4,2,864.8,73669402.34999998
2025-08-01 10:33:59 AM,432.4,101,43672.399999999994,73713074.74999999
2025-08-01 10:34:05 AM,432.6,81,35040.6,73748115.34999998
2025-08-01 10:34:06 AM,432.15,429,185392.34999999998,73933507.69999997
2025-08-01 10:34:09 AM,432.4,0,0.0,73933507.69999997
2025-08-01 10:34:11 AM,432.4,26,11242.4,73944750.09999998
2025-08-01 10:34:16 AM,432.05,159,68695.95,74013446.04999998
2025-08-01 10:34:34 AM,432.05,111,47957.55,74061403.59999998
2025-08-01 10:35:13 AM,432.4,0,0.0,74061403.59999998
2025-08-01 10:35:13 AM,432.4,5,2162.0,74063565.59999998
2025-08-01 10:35:18 AM,432.4,9,3891.6,74067457.19999997
2025-08-01 10:35:54 AM,432.4,2,864.8,74068321.99999997
2025-08-01 10:36:30 AM,432.15,0,0.0,74068321.99999997
2025-08-01 10:36:31 AM,432.15,104,44943.6,74113265.59999996
2025-08-01 10:36:37 AM,432.35,0,0.0,74113265.59999996
2025-08-01 10:36:39 AM,432.35,4,1729.4,74114994.99999997
2025-08-01 10:36:53 AM,432.35,18,7782.3,74122777.29999997
2025-08-01 10:36:56 AM,432.55,0,0.0,74122777.29999997
2025-08-01 10:36:58 AM,432.4,293,126693.2,74249470.49999997
2025-08-01 10:37:02 AM,432.35,0,0.0,74249470.49999997
2025-08-01 10:37:04 AM,432.35,1,432.35,74249902.84999996
2025-08-01 10:37:05 AM,432.4,100,43240.0,74293142.84999996
2025-08-01 10:37:08 AM,432.0,0,0.0,74293142.84999996
2025-08-01 10:37:09 AM,432.0,946,408672.0,74701814.84999996
2025-08-01 10:37:11 AM,431.9,0,0.0,74701814.84999996
2025-08-01 10:37:11 AM,431.9,14,6046.599999999999,74707861.44999996
2025-08-01 10:37:38 AM,431.8,0,0.0,74707861.44999996
2025-08-01 10:37:40 AM,431.8,7,3022.6,74710884.04999995
2025-08-01 10:37:44 AM,431.55,0,0.0,74710884.04999995
2025-08-01 10:37:45 AM,431.55,28,12083.4,74722967.44999996
2025-08-01 10:37:51 AM,431.75,7,3022.25,74725989.69999996
2025-08-01 10:37:59 AM,431.4,0,0.0,74725989.69999996
2025-08-01 10:37:59 AM,431.4,740,319236.0,75045225.69999996
2025-08-01 10:38:01 AM,431.3,0,0.0,75045225.69999996
2025-08-01 10:38:02 AM,431.3,4,1725.2,75046950.89999996
2025-08-01 10:38:08 AM,431.35,3,1294.0500000000002,75048244.94999996
2025-08-01 10:38:09 AM,431.2,0,0.0,75048244.94999996
2025-08-01 10:38:12 AM,431.3,126,54343.8,75102588.74999996
2025-08-01 10:38:17 AM,431.25,0,0.0,75102588.74999996
2025-08-01 10:38:18 AM,431.25,9,3881.25,75106469.99999996
2025-08-01 10:38:20 AM,431.3,7,3019.1,75109489.09999995
2025-08-01 10:38:30 AM,431.25,22,9487.5,75118976.59999995
2025-08-01 10:38:34 AM,431.3,0,0.0,75118976.59999995
2025-08-01 10:38:36 AM,431.2,41,17679.2,75136655.79999995
2025-08-01 10:38:41 AM,431.3,0,0.0,75136655.79999995
2025-08-01 10:38:42 AM,431.3,115,49599.5,75186255.29999995
2025-08-01 10:38:43 AM,431.1,0,0.0,75186255.29999995
2025-08-01 10:38:45 AM,431.1,45,19399.5,75205654.79999995
2025-08-01 10:38:49 AM,431.05,0,0.0,75205654.79999995
2025-08-01 10:38:50 AM,431.3,0,0.0,75205654.79999995
2025-08-01 10:38:50 AM,431.3,14,6038.2,75211692.99999996
2025-08-01 10:38:53 AM,431.0,100,43100.0,75254792.99999996
2025-08-01 10:38:56 AM,431.0,392,168952.0,75423744.99999996
2025-08-01 10:39:04 AM,431.3,100,43130.0,75466874.99999996
2025-08-01 10:39:07 AM,431.3,2,862.6,75467737.59999995
2025-08-01 10:39:12 AM,431.0,81,34911.0,75502648.59999995
2025-08-01 10:39:15 AM,430.7,40,17228.0,75519876.59999995
2025-08-01 10:39:47 AM,430.95,0,0.0,75519876.59999995
2025-08-01 10:39:49 AM,430.95,100,43095.0,75562971.59999995
2025-08-01 10:40:06 AM,430.85,0,0.0,75562971.59999995
2025-08-01 10:40:08 AM,430.85,7,3015.9500000000003,75565987.54999995
2025-08-01 10:40:20 AM,430.45,0,0.0,75565987.54999995
2025-08-01 10:40:22 AM,430.45,490,210920.5,75776908.04999995
2025-08-01 10:40:30 AM,430.6,0,0.0,75776908.04999995
2025-08-01 10:40:30 AM,430.6,1,430.6,75777338.64999995
2025-08-01 10:40:44 AM,430.5,0,0.0,75777338.64999995
2025-08-01 10:40:44 AM,430.75,228,98211.0,75875549.64999995
2025-08-01 10:40:52 AM,430.75,3,1292.25,75876841.89999995
2025-08-01 10:41:35 AM,430.75,25,10768.75,75887610.64999995
2025-08-01 10:41:41 AM,430.85,1,430.85,75888041.49999994
2025-08-01 10:41:44 AM,430.95,0,0.0,75888041.49999994
2025-08-01 10:41:46 AM,430.95,4,1723.8,75889765.29999994
2025-08-01 10:41:51 AM,431.0,5,2155.0,75891920.29999994
2025-08-01 10:41:54 AM,430.45,0,0.0,75891920.29999994
2025-08-01 10:41:57 AM,430.45,1597,687428.65,76579348.94999994
2025-08-01 10:41:58 AM,430.4,0,0.0,76579348.94999994
2025-08-01 10:41:58 AM,430.4,5,2152.0,76581500.94999994
2025-08-01 10:42:02 AM,430.4,11,4734.4,76586235.34999995
2025-08-01 10:42:03 AM,430.65,100,43065.0,76629300.34999995
2025-08-01 10:42:24 AM,430.25,0,0.0,76629300.34999995
2025-08-01 10:42:24 AM,430.25,50,21512.5,76650812.84999995
2025-08-01 10:42:49 AM,430.25,8,3442.0,76654254.84999995
2025-08-01 10:42:54 AM,430.45,6,2582.7,76656837.54999995
2025-08-01 10:43:05 AM,430.65,3,1291.9499999999998,76658129.49999996
2025-08-01 10:44:09 AM,430.25,0,0.0,76658129.49999996
2025-08-01 10:44:09 AM,430.25,534,229753.5,76887882.99999996
2025-08-01 10:44:11 AM,430.35,0,0.0,76887882.99999996
2025-08-01 10:44:12 AM,430.35,1,430.35,76888313.34999995
2025-08-01 10:44:23 AM,430.55,0,0.0,76888313.34999995
2025-08-01 10:44:23 AM,430.55,11,4736.05,76893049.39999995
2025-08-01 10:44:25 AM,430.65,0,0.0,76893049.39999995
2025-08-01 10:44:26 AM,430.65,18,7751.7,76900801.09999995
2025-08-01 10:44:47 AM,430.55,0,0.0,76900801.09999995
2025-08-01 10:44:47 AM,430.55,1,430.55,76901231.64999995
2025-08-01 10:44:53 AM,430.55,1,430.55,76901662.19999994
2025-08-01 10:44:58 AM,430.55,10,4305.5,76905967.69999994
2025-08-01 10:45:20 AM,430.55,1,430.55,76906398.24999994
2025-08-01 10:45:28 AM,430.55,15,6458.25,76912856.49999994
2025-08-01 10:46:16 AM,430.35,0,0.0,76912856.49999994
2025-08-01 10:46:18 AM,430.35,407,175152.45,77088008.94999994
2025-08-01 10:46:35 AM,430.1,1000,430100.0,77518108.94999994
2025-08-01 10:46:41 AM,430.1,37,15913.7,77534022.64999995
2025-08-01 10:46:47 AM,430.4,7,3012.7999999999997,77537035.44999994
2025-08-01 10:46:59 AM,430.3,624,268507.2,77805542.64999995
2025-08-01 10:47:23 AM,430.2,0,0.0,77805542.64999995
2025-08-01 10:47:24 AM,430.2,1,430.2,77805972.84999995
2025-08-01 10:47:30 AM,430.2,60,25812.0,77831784.84999995
2025-08-01 10:47:35 AM,430.2,33,14196.6,77845981.44999994
2025-08-01 10:47:37 AM,430.55,0,0.0,77845981.44999994
2025-08-01 10:47:37 AM,430.55,26,11194.300000000001,77857175.74999994
2025-08-01 10:47:46 AM,430.55,13,5597.150000000001,77862772.89999995
2025-08-01 10:48:12 AM,430.95,0,0.0,77862772.89999995
2025-08-01 10:48:12 AM,430.95,50,21547.5,77884320.39999995
2025-08-01 10:48:14 AM,430.85,0,0.0,77884320.39999995
2025-08-01 10:48:15 AM,430.85,1,430.85,77884751.24999994
2025-08-01 10:48:27 AM,430.8,0,0.0,77884751.24999994
2025-08-01 10:48:29 AM,430.8,66,28432.8,77913184.04999994
2025-08-01 10:48:33 AM,430.85,0,0.0,77913184.04999994
2025-08-01 10:48:34 AM,430.85,24,10340.400000000001,77923524.44999994
2025-08-01 10:48:35 AM,431.8,0,0.0,77923524.44999994
2025-08-01 10:48:36 AM,431.8,3000,1295400.0,79218924.44999994
2025-08-01 10:48:54 AM,431.0,0,0.0,79218924.44999994
2025-08-01 10:48:56 AM,431.0,9,3879.0,79222803.44999994
2025-08-01 10:49:16 AM,430.9,0,0.0,79222803.44999994
2025-08-01 10:49:18 AM,431.25,0,0.0,79222803.44999994
2025-08-01 10:49:18 AM,431.25,61,26306.25,79249109.69999994
2025-08-01 10:49:34 AM,431.25,100,43125.0,79292234.69999994
2025-08-01 10:50:04 AM,430.85,0,0.0,79292234.69999994
2025-08-01 10:50:07 AM,430.9,336,144782.4,79437017.09999995
2025-08-01 10:50:26 AM,430.95,0,0.0,79437017.09999995
2025-08-01 10:50:29 AM,430.95,40,17238.0,79454255.09999995
2025-08-01 10:50:30 AM,430.75,0,0.0,79454255.09999995
2025-08-01 10:50:32 AM,430.65,0,0.0,79454255.09999995
2025-08-01 10:50:34 AM,430.65,120,51678.0,79505933.09999995
2025-08-01 10:50:37 AM,430.75,0,0.0,79505933.09999995
2025-08-01 10:50:40 AM,430.75,4,1723.0,79507656.09999995
2025-08-01 10:50:57 AM,430.45,0,0.0,79507656.09999995
2025-08-01 10:50:57 AM,430.45,631,271613.95,79779270.04999995
2025-08-01 10:51:14 AM,430.05,200,86010.0,79865280.04999995
2025-08-01 10:51:17 AM,429.9,0,0.0,79865280.04999995
2025-08-01 10:51:20 AM,429.9,542,233005.8,80098285.84999995
2025-08-01 10:51:25 AM,430.0,0,0.0,80098285.84999995
2025-08-01 10:51:25 AM,430.0,1,430.0,80098715.84999995
2025-08-01 10:51:35 AM,430.2,0,0.0,80098715.84999995
2025-08-01 10:51:36 AM,430.2,26,11185.199999999999,80109901.04999995
2025-08-01 10:51:42 AM,430.2,126,54205.2,80164106.24999996
2025-08-01 10:51:47 AM,430.2,618,265863.6,80429969.84999995
2025-08-01 10:51:49 AM,429.55,0,0.0,80429969.84999995
2025-08-01 10:51:51 AM,429.7,0,0.0,80429969.84999995
2025-08-01 10:51:52 AM,429.7,520,223444.0,80653413.84999995
2025-08-01 10:52:06 AM,430.15,0,0.0,80653413.84999995
2025-08-01 10:52:07 AM,429.8,0,0.0,80653413.84999995
2025-08-01 10:52:08 AM,430.2,0,0.0,80653413.84999995
2025-08-01 10:52:08 AM,430.2,105,45171.0,80698584.84999995
2025-08-01 10:52:23 AM,430.0,0,0.0,80698584.84999995
2025-08-01 10:52:25 AM,430.0,37,15910.0,80714494.84999995
2025-08-01 10:54:03 AM,429.95,0,0.0,80714494.84999995
2025-08-01 10:54:05 AM,429.95,4,1719.8,80716214.64999995
2025-08-01 10:54:13 AM,429.75,0,0.0,80716214.64999995
2025-08-01 10:54:17 AM,429.75,30,12892.5,80729107.14999995
2025-08-01 10:54:25 AM,429.95,0,0.0,80729107.14999995
2025-08-01 10:54:27 AM,429.95,1,429.95,80729537.09999995
2025-08-01 10:54:35 AM,430.0,0,0.0,80729537.09999995
2025-08-01 10:54:38 AM,430.0,1,430.0,80729967.09999995
2025-08-01 10:54:57 AM,429.7,0,0.0,80729967.09999995
2025-08-01 10:54:59 AM,429.7,109,46837.299999999996,80776804.39999995
2025-08-01 10:55:03 AM,429.8,0,0.0,80776804.39999995
2025-08-01 10:55:04 AM,429.8,100,42980.0,80819784.39999995
2025-08-01 10:55:07 AM,429.5,0,0.0,80819784.39999995
2025-08-01 10:55:09 AM,429.5,2,859.0,80820643.39999995
2025-08-01 10:55:17 AM,429.4,0,0.0,80820643.39999995
2025-08-01 10:55:20 AM,429.4,131,56251.399999999994,80876894.79999995
2025-08-01 10:55:21 AM,429.3,0,0.0,80876894.79999995
2025-08-01 10:55:26 AM,429.3,227,97451.1,80974345.89999995
2025-08-01 10:55:51 AM,428.95,0,0.0,80974345.89999995
2025-08-01 10:55:53 AM,428.65,0,0.0,80974345.89999995
2025-08-01 10:55:53 AM,428.65,2213,948602.45,81922948.34999995
2025-08-01 10:55:58 AM,428.75,23,9861.25,81932809.59999995
2025-08-01 10:56:13 AM,428.8,0,0.0,81932809.59999995
2025-08-01 10:56:13 AM,428.8,2,857.6,81933667.19999994
2025-08-01 10:56:19 AM,428.65,0,0.0,81933667.19999994
2025-08-01 10:56:19 AM,428.65,100,42865.0,81976532.19999994
2025-08-01 10:56:24 AM,428.55,100,42855.0,82019387.19999994
2025-08-01 10:56:27 AM,428.8,0,0.0,82019387.19999994
2025-08-01 10:56:29 AM,428.8,296,126924.8,82146311.99999994
2025-08-01 10:56:40 AM,428.75,10,4287.5,82150599.49999994
2025-08-01 10:57:01 AM,429.1,0,0.0,82150599.49999994
2025-08-01 10:57:01 AM,429.1,428,183654.80000000002,82334254.29999994
2025-08-01 10:57:31 AM,428.7,0,0.0,82334254.29999994
2025-08-01 10:57:33 AM,428.7,126,54016.2,82388270.49999994
2025-08-01 10:57:41 AM,428.65,0,0.0,82388270.49999994
2025-08-01 10:57:41 AM,428.45,0,0.0,82388270.49999994
2025-08-01 10:57:43 AM,428.5,0,0.0,82388270.49999994
2025-08-01 10:57:44 AM,428.5,1947,834289.5,83222559.99999994
2025-08-01 10:57:54 AM,428.5,20,8570.0,83231129.99999994
2025-08-01 10:58:57 AM,428.15,0,0.0,83231129.99999994
2025-08-01 10:58:59 AM,428.15,45,19266.75,83250396.74999994
2025-08-01 10:59:24 AM,428.15,91,38961.65,83289358.39999995
2025-08-01 10:59:31 AM,428.3,0,0.0,83289358.39999995
2025-08-01 10:59:34 AM,428.3,2,856.6,83290214.99999994
2025-08-01 10:59:55 AM,428.05,0,0.0,83290214.99999994
2025-08-01 10:59:56 AM,428.0,4627,1980356.0,85270570.99999994
2025-08-01 10:59:59 AM,428.75,0,0.0,85270570.99999994
2025-08-01 11:00:01 AM,428.45,0,0.0,85270570.99999994
2025-08-01 11:00:02 AM,428.45,1917,821338.65,86091909.64999995
2025-08-01 11:00:25 AM,427.95,28,11982.6,86103892.24999994
2025-08-01 11:00:54 AM,428.35,0,0.0,86103892.24999994
2025-08-01 11:00:56 AM,428.45,0,0.0,86103892.24999994
2025-08-01 11:00:57 AM,428.45,4,1713.8,86105606.04999994
2025-08-01 11:01:06 AM,428.15,0,0.0,86105606.04999994
2025-08-01 11:01:07 AM,428.15,253,108321.95,86213927.99999994
2025-08-01 11:01:13 AM,428.2,2,856.4,86214784.39999995
2025-08-01 11:01:14 AM,428.0,0,0.0,86214784.39999995
2025-08-01 11:01:18 AM,428.0,180,77040.0,86291824.39999995
2025-08-01 11:01:44 AM,428.4,0,0.0,86291824.39999995
2025-08-01 11:01:44 AM,428.4,144,61689.6,86353513.99999994
2025-08-01 11:02:00 AM,427.95,130,55633.5,86409147.49999994
2025-08-01 11:02:11 AM,427.9,162,69319.8,86478467.29999994
2025-08-01 11:02:26 AM,427.85,139,59471.15,86537938.44999994
2025-08-01 11:02:30 AM,428.25,0,0.0,86537938.44999994
2025-08-01 11:02:33 AM,428.25,8,3426.0,86541364.44999994
2025-08-01 11:02:36 AM,428.15,0,0.0,86541364.44999994
2025-08-01 11:02:38 AM,428.15,69,29542.35,86570906.79999994
2025-08-01 11:02:40 AM,428.5,0,0.0,86570906.79999994
2025-08-01 11:02:43 AM,428.5,15,6427.5,86577334.29999994
2025-08-01 11:02:46 AM,428.2,0,0.0,86577334.29999994
2025-08-01 11:02:49 AM,428.2,100,42820.0,86620154.29999994
2025-08-01 11:02:54 AM,428.5,0,0.0,86620154.29999994
2025-08-01 11:02:54 AM,428.5,1,428.5,86620582.79999994
2025-08-01 11:02:58 AM,428.65,0,0.0,86620582.79999994
2025-08-01 11:02:59 AM,428.65,138,59153.7,86679736.49999994
2025-08-01 11:03:04 AM,428.65,340,145741.0,86825477.49999994
2025-08-01 11:03:08 AM,428.5,0,0.0,86825477.49999994
2025-08-01 11:03:09 AM,428.6,103,44145.8,86869623.29999994
2025-08-01 11:03:16 AM,428.65,0,0.0,86869623.29999994
2025-08-01 11:03:16 AM,428.65,1,428.65,86870051.94999994
2025-08-01 11:03:24 AM,428.55,0,0.0,86870051.94999994
2025-08-01 11:03:25 AM,428.55,100,42855.0,86912906.94999994
2025-08-01 11:03:34 AM,428.5,0,0.0,86912906.94999994
2025-08-01 11:03:35 AM,428.5,100,42850.0,86955756.94999994
2025-08-01 11:03:40 AM,428.55,0,0.0,86955756.94999994
2025-08-01 11:03:40 AM,428.55,26,11142.300000000001,86966899.24999994
2025-08-01 11:03:44 AM,428.5,0,0.0,86966899.24999994
2025-08-01 11:03:46 AM,428.5,100,42850.0,87009749.24999994
2025-08-01 11:03:50 AM,428.55,0,0.0,87009749.24999994
2025-08-01 11:03:51 AM,428.55,10,4285.5,87014034.74999994
2025-08-01 11:03:54 AM,428.45,100,42845.0,87056879.74999994
2025-08-01 11:04:07 AM,428.55,1,428.55,87057308.29999994
2025-08-01 11:04:08 AM,428.5,0,0.0,87057308.29999994
2025-08-01 11:04:09 AM,428.5,100,42850.0,87100158.29999994
2025-08-01 11:04:16 AM,428.55,0,0.0,87100158.29999994
2025-08-01 11:04:17 AM,428.55,1,428.55,87100586.84999993
2025-08-01 11:04:22 AM,428.4,0,0.0,87100586.84999993
2025-08-01 11:04:22 AM,428.4,95,40698.0,87141284.84999993
2025-08-01 11:04:24 AM,428.55,0,0.0,87141284.84999993
2025-08-01 11:04:24 AM,428.55,2,857.1,87142141.94999993
2025-08-01 11:04:32 AM,428.25,0,0.0,87142141.94999993
2025-08-01 11:04:32 AM,428.25,75,32118.75,87174260.69999993
2025-08-01 11:04:37 AM,428.55,0,0.0,87174260.69999993
2025-08-01 11:04:37 AM,428.55,4,1714.2,87175974.89999993
2025-08-01 11:04:45 AM,428.3,65,27839.5,87203814.39999993
2025-08-01 11:04:59 AM,428.3,65,27839.5,87231653.89999993
2025-08-01 11:05:15 AM,428.3,35,14990.5,87246644.39999993
2025-08-01 11:05:19 AM,428.55,0,0.0,87246644.39999993
2025-08-01 11:05:20 AM,428.55,11,4714.05,87251358.44999993
2025-08-01 11:06:45 AM,428.9,216,92642.4,87344000.84999993
2025-08-01 11:06:48 AM,429.0,0,0.0,87344000.84999993
2025-08-01 11:06:51 AM,428.85,775,332358.75,87676359.59999993
2025-08-01 11:06:56 AM,428.85,14,6003.900000000001,87682363.49999994
2025-08-01 11:07:01 AM,428.8,1,428.8,87682792.29999994
2025-08-01 11:07:06 AM,428.95,0,0.0,87682792.29999994
2025-08-01 11:07:06 AM,428.95,7,3002.65,87685794.94999994
2025-08-01 11:07:08 AM,428.8,0,0.0,87685794.94999994
2025-08-01 11:07:08 AM,428.8,40,17152.0,87702946.94999994
2025-08-01 11:07:12 AM,429.35,0,0.0,87702946.94999994
2025-08-01 11:07:12 AM,429.35,190,81576.5,87784523.44999994
2025-08-01 11:07:16 AM,429.15,0,0.0,87784523.44999994
2025-08-01 11:07:17 AM,429.15,7,3004.0499999999997,87787527.49999994
2025-08-01 11:07:44 AM,429.35,0,0.0,87787527.49999994
2025-08-01 11:07:45 AM,429.35,17,7298.950000000001,87794826.44999994
2025-08-01 11:08:20 AM,429.25,0,0.0,87794826.44999994
2025-08-01 11:08:22 AM,429.35,231,99179.85,87894006.29999994
2025-08-01 11:08:27 AM,429.35,4,1717.4,87895723.69999994
2025-08-01 11:08:37 AM,428.85,563,241442.55000000002,88137166.24999994
2025-08-01 11:08:40 AM,429.25,0,0.0,88137166.24999994
2025-08-01 11:08:42 AM,429.25,250,107312.5,88244478.74999994
2025-08-01 11:08:47 AM,429.15,20,8583.0,88253061.74999994
2025-08-01 11:09:26 AM,428.6,0,0.0,88253061.74999994
2025-08-01 11:09:27 AM,428.6,250,107150.0,88360211.74999994
2025-08-01 11:10:15 AM,428.65,0,0.0,88360211.74999994
2025-08-01 11:10:15 AM,428.65,25,10716.25,88370927.99999994
2025-08-01 11:10:35 AM,428.6,0,0.0,88370927.99999994
2025-08-01 11:10:37 AM,428.6,39,16715.4,88387643.39999995
2025-08-01 11:11:05 AM,428.6,35,15001.0,88402644.39999995
2025-08-01 11:11:37 AM,428.95,15,6434.25,88409078.64999995
2025-08-01 11:12:17 AM,428.6,0,0.0,88409078.64999995
2025-08-01 11:12:20 AM,428.6,40,17144.0,88426222.64999995
2025-08-01 11:13:13 AM,429.1,20,8582.0,88434804.64999995
2025-08-01 11:13:19 AM,429.1,11,4720.1,88439524.74999994
2025-08-01 11:14:12 AM,429.2,0,0.0,88439524.74999994
2025-08-01 11:14:13 AM,429.2,111,47641.2,88487165.94999994
2025-08-01 11:14:16 AM,429.35,0,0.0,88487165.94999994
2025-08-01 11:14:18 AM,429.35,108,46369.8,88533535.74999994
2025-08-01 11:14:23 AM,429.8,247,106160.6,88639696.34999993
2025-08-01 11:14:24 AM,429.2,0,0.0,88639696.34999993
2025-08-01 11:14:25 AM,429.0,503,215787.0,88855483.34999993
2025-08-01 11:14:34 AM,429.0,10,4290.0,88859773.34999993
2025-08-01 11:14:57 AM,429.0,60,25740.0,88885513.34999993
2025-08-01 11:15:18 AM,428.7,0,0.0,88885513.34999993
2025-08-01 11:15:18 AM,428.7,693,297089.1,89182602.44999993
2025-08-01 11:15:26 AM,428.8,0,0.0,89182602.44999993
2025-08-01 11:15:28 AM,428.8,42,18009.600000000002,89200612.04999992
2025-08-01 11:15:49 AM,428.8,15,6432.0,89207044.04999992
2025-08-01 11:15:54 AM,428.8,5,2144.0,89209188.04999992
2025-08-01 11:15:56 AM,428.7,0,0.0,89209188.04999992
2025-08-01 11:15:59 AM,428.7,1,428.7,89209616.74999993
2025-08-01 11:16:10 AM,428.65,0,0.0,89209616.74999993
2025-08-01 11:16:10 AM,428.65,70,30005.5,89239622.24999993
2025-08-01 11:16:36 AM,428.9,0,0.0,89239622.24999993
2025-08-01 11:16:36 AM,428.9,1,428.9,89240051.14999993
2025-08-01 11:17:06 AM,428.55,0,0.0,89240051.14999993
2025-08-01 11:17:08 AM,428.5,0,0.0,89240051.14999993
2025-08-01 11:17:08 AM,428.5,27,11569.5,89251620.64999993
2025-08-01 11:17:38 AM,428.8,0,0.0,89251620.64999993
2025-08-01 11:17:40 AM,428.8,7,3001.6,89254622.24999993
2025-08-01 11:17:56 AM,428.8,19,8147.2,89262769.44999993
2025-08-01 11:19:07 AM,428.9,0,0.0,89262769.44999993
2025-08-01 11:19:09 AM,428.9,36,15440.4,89278209.84999993
2025-08-01 11:19:41 AM,428.7,0,0.0,89278209.84999993
2025-08-01 11:19:42 AM,428.7,22,9431.4,89287641.24999994
2025-08-01 11:19:52 AM,428.7,2,857.4,89288498.64999995
2025-08-01 11:19:57 AM,429.15,0,0.0,89288498.64999995
2025-08-01 11:19:58 AM,429.15,26,11157.9,89299656.54999995
2025-08-01 11:20:45 AM,429.35,21,9016.35,89308672.89999995
2025-08-01 11:20:48 AM,428.75,0,0.0,89308672.89999995
2025-08-01 11:20:49 AM,429.0,0,0.0,89308672.89999995
2025-08-01 11:20:50 AM,429.0,983,421707.0,89730379.89999995
2025-08-01 11:20:50 AM,428.9,2,857.8,89731237.69999994
2025-08-01 11:21:06 AM,428.65,0,0.0,89731237.69999994
2025-08-01 11:21:11 AM,428.65,2,857.3,89732094.99999994
2025-08-01 11:21:33 AM,428.65,232,99446.79999999999,89831541.79999994
2025-08-01 11:21:42 AM,428.35,0,0.0,89831541.79999994
2025-08-01 11:21:43 AM,428.35,10,4283.5,89835825.29999994
2025-08-01 11:21:54 AM,428.55,0,0.0,89835825.29999994
2025-08-01 11:21:58 AM,428.55,7,2999.85,89838825.14999993
2025-08-01 11:22:05 AM,428.65,0,0.0,89838825.14999993
2025-08-01 11:22:08 AM,428.65,50,21432.5,89860257.64999993
2025-08-01 11:22:09 AM,428.65,50,21432.5,89881690.14999993
2025-08-01 11:22:14 AM,428.65,18,7715.7,89889405.84999993
2025-08-01 11:23:33 AM,428.65,687,294482.55,90183888.39999993
2025-08-01 11:23:36 AM,428.6,0,0.0,90183888.39999993
2025-08-01 11:23:38 AM,428.65,210,90016.5,90273904.89999993
2025-08-01 11:23:43 AM,428.65,24,10287.599999999999,90284192.49999993
2025-08-01 11:23:55 AM,428.9,0,0.0,90284192.49999993
2025-08-01 11:23:58 AM,428.9,200,85780.0,90369972.49999993
2025-08-01 11:24:01 AM,428.65,0,0.0,90369972.49999993
2025-08-01 11:24:03 AM,428.65,8,3429.2,90373401.69999993
2025-08-01 11:24:24 AM,428.65,5,2143.25,90375544.94999993
2025-08-01 11:24:50 AM,428.65,22,9430.3,90384975.24999993
2025-08-01 11:25:27 AM,428.65,1,428.65,90385403.89999993
2025-08-01 11:25:32 AM,428.65,331,141883.15,90527287.04999994
2025-08-01 11:25:34 AM,428.7,0,0.0,90527287.04999994
2025-08-01 11:25:35 AM,428.85,0,0.0,90527287.04999994
2025-08-01 11:25:36 AM,428.65,0,0.0,90527287.04999994
2025-08-01 11:25:37 AM,428.65,431,184748.15,90712035.19999994
2025-08-01 11:25:43 AM,428.65,32,13716.8,90725751.99999994
2025-08-01 11:26:29 AM,428.55,0,0.0,90725751.99999994
2025-08-01 11:26:29 AM,428.55,261,111851.55,90837603.54999994
2025-08-01 11:26:30 AM,428.55,66,28284.3,90865887.84999993
2025-08-01 11:26:31 AM,428.65,0,0.0,90865887.84999993
2025-08-01 11:26:34 AM,428.65,14,6001.099999999999,90871888.94999993
2025-08-01 11:26:54 AM,428.95,285,122250.75,90994139.69999993
2025-08-01 11:26:55 AM,428.65,0,0.0,90994139.69999993
2025-08-01 11:26:56 AM,428.65,371,159029.15,91153168.84999993
2025-08-01 11:27:04 AM,428.65,25,10716.25,91163885.09999993
2025-08-01 11:27:47 AM,428.65,278,119164.7,91283049.79999994
2025-08-01 11:27:51 AM,428.45,1585,679093.25,91962143.04999994
2025-08-01 11:27:52 AM,428.55,0,0.0,91962143.04999994
2025-08-01 11:27:52 AM,428.55,4,1714.2,91963857.24999994
2025-08-01 11:28:31 AM,428.5,0,0.0,91963857.24999994
2025-08-01 11:28:32 AM,428.5,6,2571.0,91966428.24999994
2025-08-01 11:29:17 AM,428.25,0,0.0,91966428.24999994
2025-08-01 11:29:18 AM,428.25,14,5995.5,91972423.74999994
2025-08-01 11:29:28 AM,428.65,0,0.0,91972423.74999994
2025-08-01 11:29:29 AM,428.65,463,198464.94999999998,92170888.69999994
2025-08-01 11:29:32 AM,428.65,588,252046.19999999998,92422934.89999995
2025-08-01 11:29:34 AM,428.65,117,50152.049999999996,92473086.94999994
2025-08-01 11:29:36 AM,428.65,32,13716.8,92486803.74999994
2025-08-01 11:29:39 AM,428.65,298,127737.7,92614541.44999994
2025-08-01 11:29:42 AM,428.65,72,30862.8,92645404.24999994
2025-08-01 11:29:50 AM,428.65,13,5572.45,92650976.69999994
2025-08-01 11:31:05 AM,428.65,19,8144.349999999999,92659121.04999994
2025-08-01 11:31:18 AM,428.55,0,0.0,92659121.04999994
2025-08-01 11:31:19 AM,428.55,52,22284.600000000002,92681405.64999993
2025-08-01 11:31:29 AM,428.55,1002,429407.10000000003,93110812.74999993
2025-08-01 11:31:41 AM,428.55,1,428.55,93111241.29999992
2025-08-01 11:31:54 AM,428.55,1,428.55,93111669.84999992
2025-08-01 11:32:05 AM,428.55,200,85710.0,93197379.84999992
2025-08-01 11:32:12 AM,428.65,0,0.0,93197379.84999992
2025-08-01 11:32:12 AM,428.65,20,8573.0,93205952.84999992
2025-08-01 11:32:48 AM,428.65,47,20146.55,93226099.39999992
2025-08-01 11:33:08 AM,428.65,30,12859.5,93238958.89999992
2025-08-01 11:33:41 AM,428.55,0,0.0,93238958.89999992
2025-08-01 11:33:42 AM,428.65,0,0.0,93238958.89999992
2025-08-01 11:33:43 AM,428.65,90,38578.5,93277537.39999992
2025-08-01 11:34:24 AM,428.65,20,8573.0,93286110.39999992
2025-08-01 11:34:34 AM,428.65,49,21003.85,93307114.24999991
2025-08-01 11:34:40 AM,428.65,54,23147.1,93330261.3499999
2025-08-01 11:34:40 AM,428.4,0,0.0,93330261.3499999
2025-08-01 11:34:40 AM,428.4,1648,706003.2,94036264.54999991
2025-08-01 11:36:34 AM,428.4,40,17136.0,94053400.54999991
2025-08-01 11:37:22 AM,428.8,132,56601.6,94110002.1499999
2025-08-01 11:37:25 AM,428.9,0,0.0,94110002.1499999
2025-08-01 11:37:28 AM,428.9,95,40745.5,94150747.6499999
2025-08-01 11:37:32 AM,429.0,0,0.0,94150747.6499999
2025-08-01 11:37:33 AM,428.6,225,96435.0,94247182.6499999
2025-08-01 11:37:50 AM,428.4,0,0.0,94247182.6499999
2025-08-01 11:37:52 AM,428.55,0,0.0,94247182.6499999
2025-08-01 11:37:54 AM,428.55,1263,541258.65,94788441.29999991
2025-08-01 11:38:11 AM,428.7,0,0.0,94788441.29999991
2025-08-01 11:38:13 AM,428.7,50,21435.0,94809876.29999991
2025-08-01 11:38:59 AM,428.65,5,2143.25,94812019.54999991
2025-08-01 11:39:08 AM,428.3,0,0.0,94812019.54999991
2025-08-01 11:39:09 AM,428.3,200,85660.0,94897679.54999991
2025-08-01 11:39:51 AM,428.35,33,14135.550000000001,94911815.0999999
2025-08-01 11:40:22 AM,428.8,74,31731.2,94943546.29999991
2025-08-01 11:42:08 AM,428.8,25,10720.0,94954266.29999991
2025-08-01 11:42:10 AM,428.9,0,0.0,94954266.29999991
2025-08-01 11:42:13 AM,428.85,97,41598.450000000004,94995864.74999991
2025-08-01 11:42:42 AM,428.65,0,0.0,94995864.74999991
2025-08-01 11:42:45 AM,428.65,679,291053.35,95286918.0999999
2025-08-01 11:42:45 AM,428.55,70,29998.5,95316916.5999999
2025-08-01 11:45:23 AM,428.95,0,0.0,95316916.5999999
2025-08-01 11:45:27 AM,428.95,93,39892.35,95356808.9499999
2025-08-01 11:45:46 AM,429.25,0,0.0,95356808.9499999
2025-08-01 11:45:47 AM,428.95,0,0.0,95356808.9499999
2025-08-01 11:45:48 AM,428.95,112,48042.4,95404851.3499999
2025-08-01 11:46:41 AM,428.9,30,12867.0,95417718.3499999
2025-08-01 11:46:52 AM,428.95,5,2144.75,95419863.0999999
2025-08-01 11:46:58 AM,428.95,1,428.95,95420292.04999991
2025-08-01 11:46:59 AM,428.95,1,428.95,95420720.99999991
2025-08-01 11:47:03 AM,428.95,50,21447.5,95442168.49999991
2025-08-01 11:47:16 AM,429.55,0,0.0,95442168.49999991
2025-08-01 11:47:18 AM,429.55,85,36511.75,95478680.24999991
2025-08-01 11:47:42 AM,429.8,0,0.0,95478680.24999991
2025-08-01 11:47:43 AM,429.8,127,54584.6,95533264.8499999
2025-08-01 11:48:32 AM,429.95,0,0.0,95533264.8499999
2025-08-01 11:48:34 AM,429.95,103,44284.85,95577549.6999999
2025-08-01 11:48:54 AM,429.55,0,0.0,95577549.6999999
2025-08-01 11:48:54 AM,429.55,304,130583.2,95708132.8999999
2025-08-01 11:49:50 AM,429.4,0,0.0,95708132.8999999
2025-08-01 11:49:52 AM,429.4,100,42940.0,95751072.8999999
2025-08-01 11:50:13 AM,429.4,5,2147.0,95753219.8999999
2025-08-01 11:50:36 AM,429.3,0,0.0,95753219.8999999
2025-08-01 11:50:38 AM,429.3,52,22323.600000000002,95775543.4999999
2025-08-01 11:50:52 AM,429.4,0,0.0,95775543.4999999
2025-08-01 11:50:53 AM,429.4,25,10735.0,95786278.4999999
2025-08-01 11:51:31 AM,429.05,0,0.0,95786278.4999999
2025-08-01 11:51:32 AM,429.3,587,251999.1,96038277.59999989
2025-08-01 11:51:34 AM,429.5,0,0.0,96038277.59999989
2025-08-01 11:51:37 AM,429.5,8,3436.0,96041713.59999989
2025-08-01 11:52:06 AM,429.0,0,0.0,96041713.59999989
2025-08-01 11:52:07 AM,429.0,1000,429000.0,96470713.59999989
2025-08-01 11:52:42 AM,429.35,0,0.0,96470713.59999989
2025-08-01 11:52:42 AM,429.35,3,1288.0500000000002,96472001.64999989
2025-08-01 11:53:35 AM,429.8,0,0.0,96472001.64999989
2025-08-01 11:53:39 AM,429.8,50,21490.0,96493491.64999989
2025-08-01 11:53:49 AM,429.75,1,429.75,96493921.39999989
2025-08-01 11:55:18 AM,429.65,0,0.0,96493921.39999989
2025-08-01 11:55:20 AM,429.65,189,81203.84999999999,96575125.24999988
2025-08-01 11:56:00 AM,429.65,835,358757.75,96933882.99999988
2025-08-01 11:56:27 AM,429.65,30,12889.5,96946772.49999988
2025-08-01 11:56:37 AM,429.65,82,35231.299999999996,96982003.79999988
2025-08-01 11:57:41 AM,429.65,15,6444.75,96988448.54999988
2025-08-01 11:59:09 AM,429.75,0,0.0,96988448.54999988
2025-08-01 11:59:10 AM,429.75,1,429.75,96988878.29999988
2025-08-01 11:59:15 AM,429.9,0,0.0,96988878.29999988
2025-08-01 11:59:15 AM,429.9,39,16766.1,97005644.39999987
2025-08-01 11:59:32 AM,429.95,99,42565.049999999996,97048209.44999987
2025-08-01 12:00:07 PM,429.95,4,1719.8,97049929.24999987
2025-08-01 12:00:34 PM,430.0,0,0.0,97049929.24999987
2025-08-01 12:00:35 PM,430.0,50,21500.0,97071429.24999987
2025-08-01 12:00:38 PM,430.0,2,860.0,97072289.24999987
2025-08-01 12:00:48 PM,430.0,100,43000.0,97115289.24999987
2025-08-01 12:00:50 PM,430.1,545,234404.5,97349693.74999987
2025-08-01 12:01:06 PM,430.6,0,0.0,97349693.74999987
2025-08-01 12:01:07 PM,430.1,0,0.0,97349693.74999987
2025-08-01 12:01:07 PM,430.1,558,239995.80000000002,97589689.54999986
2025-08-01 12:01:12 PM,430.25,408,175542.0,97765231.54999986
2025-08-01 12:01:19 PM,430.25,5,2151.25,97767382.79999986
2025-08-01 12:02:47 PM,430.15,0,0.0,97767382.79999986
2025-08-01 12:02:49 PM,430.15,26,11183.9,97778566.69999987
2025-08-01 12:02:59 PM,430.4,0,0.0,97778566.69999987
2025-08-01 12:02:59 PM,430.4,16,6886.4,97785453.09999987
2025-08-01 12:03:49 PM,430.6,1001,431030.60000000003,98216483.69999987
2025-08-01 12:04:04 PM,430.4,0,0.0,98216483.69999987
2025-08-01 12:04:05 PM,430.4,17,7316.799999999999,98223800.49999987
2025-08-01 12:04:24 PM,430.05,0,0.0,98223800.49999987
2025-08-01 12:04:25 PM,429.85,0,0.0,98223800.49999987
2025-08-01 12:04:26 PM,429.85,1679,721718.15,98945518.64999987
2025-08-01 12:04:27 PM,429.95,0,0.0,98945518.64999987
2025-08-01 12:04:28 PM,429.7,0,0.0,98945518.64999987
2025-08-01 12:04:29 PM,429.7,18,7734.599999999999,98953253.24999987
2025-08-01 12:04:53 PM,429.95,0,0.0,98953253.24999987
2025-08-01 12:04:54 PM,429.55,2,859.1,98954112.34999986
2025-08-01 12:06:31 PM,429.95,0,0.0,98954112.34999986
2025-08-01 12:06:34 PM,429.95,50,21497.5,98975609.84999986
2025-08-01 12:07:24 PM,429.6,26,11169.6,98986779.44999985
2025-08-01 12:07:35 PM,429.6,20,8592.0,98995371.44999985
2025-08-01 12:07:35 PM,429.6,26,11169.6,99006541.04999985
2025-08-01 12:08:15 PM,429.95,0,0.0,99006541.04999985
2025-08-01 12:08:15 PM,429.95,69,29666.55,99036207.59999985
2025-08-01 12:08:25 PM,429.65,0,0.0,99036207.59999985
2025-08-01 12:08:25 PM,429.65,14,6015.099999999999,99042222.69999984
2025-08-01 12:08:51 PM,430.0,0,0.0,99042222.69999984
2025-08-01 12:08:55 PM,430.0,10,4300.0,99046522.69999984
2025-08-01 12:09:10 PM,430.0,75,32250.0,99078772.69999984
2025-08-01 12:10:05 PM,429.9,0,0.0,99078772.69999984
2025-08-01 12:10:10 PM,429.9,7,3009.2999999999997,99081781.99999984
2025-08-01 12:10:54 PM,429.9,118,50728.2,99132510.19999984
2025-08-01 12:11:17 PM,430.05,0,0.0,99132510.19999984
2025-08-01 12:11:20 PM,430.05,532,228786.6,99361296.79999983
2025-08-01 12:11:23 PM,430.15,0,0.0,99361296.79999983
2025-08-01 12:11:24 PM,430.15,15,6452.25,99367749.04999983
2025-08-01 12:11:51 PM,429.9,0,0.0,99367749.04999983
2025-08-01 12:11:54 PM,429.9,62,26653.8,99394402.84999983
2025-08-01 12:11:57 PM,429.95,0,0.0,99394402.84999983
2025-08-01 12:11:58 PM,429.95,2,859.9,99395262.74999984
2025-08-01 12:12:01 PM,429.7,0,0.0,99395262.74999984
2025-08-01 12:12:03 PM,429.7,31,13320.699999999999,99408583.44999984
2025-08-01 12:12:25 PM,429.65,0,0.0,99408583.44999984
2025-08-01 12:12:27 PM,429.35,0,0.0,99408583.44999984
2025-08-01 12:12:27 PM,428.8,0,0.0,99408583.44999984
2025-08-01 12:12:28 PM,428.8,301,129068.8,99537652.24999984
2025-08-01 12:12:35 PM,428.65,0,0.0,99537652.24999984
2025-08-01 12:12:37 PM,428.15,0,0.0,99537652.24999984
2025-08-01 12:12:37 PM,428.0,0,0.0,99537652.24999984
2025-08-01 12:12:38 PM,428.0,1793,767404.0,100305056.24999984
2025-08-01 12:13:05 PM,427.7,0,0.0,100305056.24999984
2025-08-01 12:13:09 PM,427.7,35,14969.5,100320025.74999984
2025-08-01 12:13:14 PM,427.7,15,6415.5,100326441.24999984
2025-08-01 12:13:17 PM,427.9,0,0.0,100326441.24999984
2025-08-01 12:13:19 PM,427.9,17,7274.299999999999,100333715.54999983
2025-08-01 12:13:29 PM,427.7,2,855.4,100334570.94999984
2025-08-01 12:13:31 PM,427.5,0,0.0,100334570.94999984
2025-08-01 12:13:34 PM,427.5,101,43177.5,100377748.44999984
2025-08-01 12:13:54 PM,427.5,13,5557.5,100383305.94999984
2025-08-01 12:13:55 PM,427.4,25,10685.0,100393990.94999984
2025-08-01 12:14:03 PM,427.4,1,427.4,100394418.34999985
2025-08-01 12:14:17 PM,427.35,0,0.0,100394418.34999985
2025-08-01 12:14:19 PM,427.35,22,9401.7,100403820.04999985
2025-08-01 12:14:19 PM,427.4,0,0.0,100403820.04999985
2025-08-01 12:14:19 PM,427.4,30,12822.0,100416642.04999985
2025-08-01 12:14:23 PM,427.35,0,0.0,100416642.04999985
2025-08-01 12:14:23 PM,427.35,73,31196.550000000003,100447838.59999985
2025-08-01 12:14:25 PM,427.3,0,0.0,100447838.59999985
2025-08-01 12:14:28 PM,427.3,5,2136.5,100449975.09999985
2025-08-01 12:14:47 PM,427.2,0,0.0,100449975.09999985
2025-08-01 12:14:49 PM,427.3,29,12391.7,100462366.79999985
2025-08-01 12:14:59 PM,427.2,7,2990.4,100465357.19999985
2025-08-01 12:15:03 PM,427.15,0,0.0,100465357.19999985
2025-08-01 12:15:04 PM,427.15,1,427.15,100465784.34999986
2025-08-01 12:15:14 PM,426.95,922,393647.89999999997,100859432.24999987
2025-08-01 12:15:23 PM,426.9,0,0.0,100859432.24999987
2025-08-01 12:15:25 PM,426.9,8,3415.2,100862847.44999987
2025-08-01 12:15:29 PM,426.95,0,0.0,100862847.44999987
2025-08-01 12:15:30 PM,426.95,23,9819.85,100872667.29999986
2025-08-01 12:15:40 PM,426.85,1,426.85,100873094.14999986
2025-08-01 12:15:50 PM,426.8,2,853.6,100873947.74999985
2025-08-01 12:16:03 PM,426.95,0,0.0,100873947.74999985
2025-08-01 12:16:05 PM,426.95,472,201520.4,101075468.14999986
2025-08-01 12:16:13 PM,426.85,0,0.0,101075468.14999986
2025-08-01 12:16:15 PM,426.85,100,42685.0,101118153.14999986
2025-08-01 12:16:33 PM,427.2,0,0.0,101118153.14999986
2025-08-01 12:16:34 PM,427.2,5,2136.0,101120289.14999986
2025-08-01 12:16:39 PM,426.8,0,0.0,101120289.14999986
2025-08-01 12:16:39 PM,426.8,2,853.6,101121142.74999985
2025-08-01 12:17:23 PM,427.15,0,0.0,101121142.74999985
2025-08-01 12:17:23 PM,427.15,30,12814.5,101133957.24999985
2025-08-01 12:17:57 PM,427.15,70,29900.5,101163857.74999985
2025-08-01 12:17:59 PM,426.9,0,0.0,101163857.74999985
2025-08-01 12:18:02 PM,426.9,22,9391.8,101173249.54999985
2025-08-01 12:18:12 PM,426.9,1,426.9,101173676.44999985
2025-08-01 12:18:46 PM,427.2,12,5126.4,101178802.84999986
2025-08-01 12:19:21 PM,426.95,0,0.0,101178802.84999986
2025-08-01 12:19:22 PM,426.95,91,38852.45,101217655.29999986
2025-08-01 12:19:31 PM,427.0,0,0.0,101217655.29999986
2025-08-01 12:19:32 PM,427.0,24,10248.0,101227903.29999986
2025-08-01 12:19:40 PM,426.8,0,0.0,101227903.29999986
2025-08-01 12:19:42 PM,426.8,431,183950.80000000002,101411854.09999986
2025-08-01 12:19:47 PM,426.65,9,3839.85,101415693.94999985
2025-08-01 12:19:52 PM,426.8,0,0.0,101415693.94999985
2025-08-01 12:19:53 PM,427.2,0,0.0,101415693.94999985
2025-08-01 12:19:57 PM,427.2,1004,428908.8,101844602.74999985
2025-08-01 12:20:03 PM,427.15,0,0.0,101844602.74999985
2025-08-01 12:20:08 PM,427.15,130,55529.5,101900132.24999985
2025-08-01 12:20:18 PM,427.0,1000,427000.0,102327132.24999985
2025-08-01 12:20:20 PM,427.2,0,0.0,102327132.24999985
2025-08-01 12:20:23 PM,427.2,9,3844.7999999999997,102330977.04999985
2025-08-01 12:20:26 PM,427.5,0,0.0,102330977.04999985
2025-08-01 12:20:29 PM,427.5,61,26077.5,102357054.54999985
2025-08-01 12:20:44 PM,427.5,126,53865.0,102410919.54999985
2025-08-01 12:21:04 PM,427.5,1000,427500.0,102838419.54999985
2025-08-01 12:21:20 PM,427.7,2,855.4,102839274.94999985
2025-08-01 12:21:21 PM,427.5,0,0.0,102839274.94999985
2025-08-01 12:21:24 PM,427.5,51,21802.5,102861077.44999985
2025-08-01 12:21:28 PM,427.5,30,12825.0,102873902.44999985
2025-08-01 12:21:50 PM,427.4,0,0.0,102873902.44999985
2025-08-01 12:21:52 PM,427.4,241,103003.4,102976905.84999986
2025-08-01 12:22:13 PM,427.55,0,0.0,102976905.84999986
2025-08-01 12:22:14 PM,427.55,572,244558.6,103221464.44999985
2025-08-01 12:22:50 PM,429.05,10,4290.5,103225754.94999985
2025-08-01 12:23:05 PM,429.05,11,4719.55,103230474.49999985
2025-08-01 12:23:41 PM,428.6,0,0.0,103230474.49999985
2025-08-01 12:23:43 PM,428.6,550,235730.0,103466204.49999985
2025-08-01 12:23:43 PM,428.75,1,428.75,103466633.24999985
2025-08-01 12:23:57 PM,427.7,0,0.0,103466633.24999985
2025-08-01 12:23:58 PM,427.7,1088,465337.6,103931970.84999985
2025-08-01 12:24:16 PM,427.5,0,0.0,103931970.84999985
2025-08-01 12:24:19 PM,427.5,50,21375.0,103953345.84999985
2025-08-01 12:24:21 PM,427.7,0,0.0,103953345.84999985
2025-08-01 12:24:24 PM,427.7,2,855.4,103954201.24999985
2025-08-01 12:24:43 PM,427.7,10,4277.0,103958478.24999985
2025-08-01 12:24:48 PM,427.7,1,427.7,103958905.94999985
2025-08-01 12:25:13 PM,427.9,0,0.0,103958905.94999985
2025-08-01 12:25:13 PM,427.9,10,4279.0,103963184.94999985
2025-08-01 12:25:55 PM,427.6,0,0.0,103963184.94999985
2025-08-01 12:25:58 PM,427.6,3,1282.8000000000002,103964467.74999985
2025-08-01 12:26:18 PM,428.0,0,0.0,103964467.74999985
2025-08-01 12:26:18 PM,428.0,200,85600.0,104050067.74999985
2025-08-01 12:26:34 PM,427.95,8,3423.6,104053491.34999985
2025-08-01 12:27:12 PM,428.0,0,0.0,104053491.34999985
2025-08-01 12:27:14 PM,428.0,1,428.0,104053919.34999985
2025-08-01 12:27:29 PM,428.0,2,856.0,104054775.34999985
2025-08-01 12:27:34 PM,428.0,2,856.0,104055631.34999985
2025-08-01 12:28:33 PM,428.0,3,1284.0,104056915.34999985
2025-08-01 12:28:38 PM,428.0,19,8132.0,104065047.34999985
2025-08-01 12:28:43 PM,428.0,5,2140.0,104067187.34999985
2025-08-01 12:29:09 PM,428.15,144,61653.6,104128840.94999984
2025-08-01 12:29:14 PM,428.05,416,178068.80000000002,104306909.74999984
2025-08-01 12:29:17 PM,428.0,0,0.0,104306909.74999984
2025-08-01 12:29:17 PM,428.0,18,7704.0,104314613.74999984
2025-08-01 12:29:22 PM,428.0,26,11128.0,104325741.74999984
2025-08-01 12:29:28 PM,427.85,0,0.0,104325741.74999984
2025-08-01 12:29:29 PM,427.85,50,21392.5,104347134.24999984
2025-08-01 12:29:33 PM,427.85,366,156593.1,104503727.34999983
2025-08-01 12:29:38 PM,427.85,28,11979.800000000001,104515707.14999983
2025-08-01 12:30:02 PM,427.55,393,168027.15,104683734.29999983
2025-08-01 12:30:06 PM,427.4,0,0.0,104683734.29999983
2025-08-01 12:30:07 PM,427.4,9,3846.6,104687580.89999983
2025-08-01 12:30:25 PM,427.75,0,0.0,104687580.89999983
2025-08-01 12:30:25 PM,427.75,70,29942.5,104717523.39999983
2025-08-01 12:30:43 PM,427.7,0,0.0,104717523.39999983
2025-08-01 12:30:44 PM,427.7,1,427.7,104717951.09999983
2025-08-01 12:31:25 PM,427.8,0,0.0,104717951.09999983
2025-08-01 12:31:25 PM,427.8,20,8556.0,104726507.09999983
2025-08-01 12:32:15 PM,427.45,0,0.0,104726507.09999983
2025-08-01 12:32:18 PM,427.45,7,2992.15,104729499.24999984
2025-08-01 12:32:54 PM,427.7,3,1283.1,104730782.34999983
2025-08-01 12:33:27 PM,427.45,0,0.0,104730782.34999983
2025-08-01 12:33:28 PM,427.45,1,427.45,104731209.79999983
2025-08-01 12:34:23 PM,427.4,0,0.0,104731209.79999983
2025-08-01 12:34:24 PM,427.4,59,25216.6,104756426.39999983
2025-08-01 12:34:39 PM,427.4,2,854.8,104757281.19999982
2025-08-01 12:36:05 PM,427.75,0,0.0,104757281.19999982
2025-08-01 12:36:08 PM,427.75,18,7699.5,104764980.69999982
2025-08-01 12:36:15 PM,427.4,0,0.0,104764980.69999982
2025-08-01 12:36:18 PM,427.4,10,4274.0,104769254.69999982
2025-08-01 12:36:23 PM,427.4,1196,511170.39999999997,105280425.09999983
2025-08-01 12:36:43 PM,427.5,0,0.0,105280425.09999983
2025-08-01 12:36:43 PM,427.5,50,21375.0,105301800.09999983
2025-08-01 12:36:48 PM,427.5,2,855.0,105302655.09999983
2025-08-01 12:37:24 PM,427.2,50,21360.0,105324015.09999983
2025-08-01 12:37:38 PM,427.4,0,0.0,105324015.09999983
2025-08-01 12:37:38 PM,427.4,20,8548.0,105332563.09999983
2025-08-01 12:37:44 PM,427.75,50,21387.5,105353950.59999983
2025-08-01 12:38:55 PM,427.45,0,0.0,105353950.59999983
2025-08-01 12:38:57 PM,427.45,18,7694.099999999999,105361644.69999982
2025-08-01 12:39:18 PM,427.8,0,0.0,105361644.69999982
2025-08-01 12:39:22 PM,427.8,97,41496.6,105403141.29999982
2025-08-01 12:39:22 PM,427.55,0,0.0,105403141.29999982
2025-08-01 12:39:23 PM,427.55,29,12398.95,105415540.24999982
2025-08-01 12:39:30 PM,428.0,0,0.0,105415540.24999982
2025-08-01 12:39:31 PM,428.0,65,27820.0,105443360.24999982
2025-08-01 12:39:42 PM,428.0,229,98012.0,105541372.24999982
2025-08-01 12:41:23 PM,427.95,0,0.0,105541372.24999982
2025-08-01 12:41:25 PM,427.95,28,11982.6,105553354.84999982
2025-08-01 12:41:31 PM,428.0,6,2568.0,105555922.84999982
2025-08-01 12:41:41 PM,428.0,6,2568.0,105558490.84999982
2025-08-01 12:41:47 PM,427.9,0,0.0,105558490.84999982
2025-08-01 12:41:49 PM,428.0,0,0.0,105558490.84999982
2025-08-01 12:41:51 PM,428.0,8,3424.0,105561914.84999982
2025-08-01 12:42:01 PM,428.0,6,2568.0,105564482.84999982
2025-08-01 12:42:08 PM,428.0,6,2568.0,105567050.84999982
2025-08-01 12:42:18 PM,428.0,6,2568.0,105569618.84999982
2025-08-01 12:42:27 PM,428.0,6,2568.0,105572186.84999982
2025-08-01 12:42:37 PM,428.0,357,152796.0,105724982.84999982
2025-08-01 12:42:41 PM,427.2,0,0.0,105724982.84999982
2025-08-01 12:42:42 PM,427.65,550,235207.5,105960190.34999982
2025-08-01 12:42:52 PM,427.85,6,2567.1000000000004,105962757.44999981
2025-08-01 12:43:05 PM,427.6,13,5558.8,105968316.2499998
2025-08-01 12:43:47 PM,427.7,0,0.0,105968316.2499998
2025-08-01 12:43:48 PM,427.7,2,855.4,105969171.64999981
2025-08-01 12:43:53 PM,427.6,0,0.0,105969171.64999981
2025-08-01 12:43:53 PM,427.6,9,3848.4,105973020.04999982
2025-08-01 12:44:17 PM,427.65,0,0.0,105973020.04999982
2025-08-01 12:44:21 PM,427.65,8,3421.2,105976441.24999982
2025-08-01 12:44:26 PM,427.65,2,855.3,105977296.54999982
2025-08-01 12:44:46 PM,427.4,80,34192.0,106011488.54999982
2025-08-01 12:44:49 PM,427.65,0,0.0,106011488.54999982
2025-08-01 12:44:52 PM,427.65,3,1282.9499999999998,106012771.49999982
2025-08-01 12:46:37 PM,427.45,0,0.0,106012771.49999982
2025-08-01 12:46:39 PM,427.45,2,854.9,106013626.39999983
2025-08-01 12:47:01 PM,427.15,0,0.0,106013626.39999983
2025-08-01 12:47:04 PM,427.15,60,25629.0,106039255.39999983
2025-08-01 12:48:23 PM,427.55,0,0.0,106039255.39999983
2025-08-01 12:48:25 PM,427.55,75,32066.25,106071321.64999983
2025-08-01 12:49:05 PM,427.55,21,8978.550000000001,106080300.19999982
2025-08-01 12:49:19 PM,427.2,0,0.0,106080300.19999982
2025-08-01 12:49:20 PM,427.2,104,44428.799999999996,106124728.99999982
2025-08-01 12:49:25 PM,427.55,0,0.0,106124728.99999982
2025-08-01 12:49:29 PM,427.55,1,427.55,106125156.54999982
2025-08-01 12:49:49 PM,427.55,26,11116.300000000001,106136272.84999982
2025-08-01 12:49:53 PM,427.55,13,5558.150000000001,106141830.99999982
2025-08-01 12:50:10 PM,427.55,2,855.1,106142686.09999982
2025-08-01 12:50:25 PM,427.55,100,42755.0,106185441.09999982
2025-08-01 12:51:03 PM,427.55,24,10261.2,106195702.29999982
2025-08-01 12:51:07 PM,427.55,232,99191.6,106294893.89999981
2025-08-01 12:52:53 PM,427.5,630,269325.0,106564218.89999981
2025-08-01 12:52:57 PM,427.35,100,42735.0,106606953.89999981
2025-08-01 12:53:01 PM,427.5,0,0.0,106606953.89999981
2025-08-01 12:53:02 PM,427.5,13,5557.5,106612511.39999981
2025-08-01 12:53:49 PM,427.2,0,0.0,106612511.39999981
2025-08-01 12:53:52 PM,427.2,200,85440.0,106697951.39999981
2025-08-01 12:55:27 PM,427.15,0,0.0,106697951.39999981
2025-08-01 12:55:30 PM,427.15,3,1281.4499999999998,106699232.84999982
2025-08-01 12:55:59 PM,427.35,0,0.0,106699232.84999982
2025-08-01 12:56:00 PM,427.35,5,2136.75,106701369.59999982
2025-08-01 12:56:51 PM,427.35,1,427.35,106701796.94999981
2025-08-01 12:57:10 PM,427.35,1,427.35,106702224.2999998
2025-08-01 12:57:25 PM,427.35,22,9401.7,106711625.9999998
2025-08-01 12:57:50 PM,427.35,2,854.7,106712480.69999981
2025-08-01 12:57:55 PM,427.35,1,427.35,106712908.0499998
2025-08-01 12:57:57 PM,427.15,0,0.0,106712908.0499998
2025-08-01 12:58:00 PM,427.15,1,427.15,106713335.19999981
2025-08-01 12:58:25 PM,427.15,24,10251.599999999999,106723586.7999998
2025-08-01 12:58:25 PM,427.35,0,0.0,106723586.7999998
2025-08-01 12:58:30 PM,427.35,1,427.35,106724014.1499998
2025-08-01 12:58:47 PM,427.15,0,0.0,106724014.1499998
2025-08-01 12:58:50 PM,427.15,80,34172.0,106758186.1499998
2025-08-01 12:58:53 PM,427.35,0,0.0,106758186.1499998
2025-08-01 12:58:55 PM,427.35,1,427.35,106758613.49999979
2025-08-01 01:00:24 PM,427.35,30,12820.5,106771433.99999979
2025-08-01 01:00:52 PM,427.5,0,0.0,106771433.99999979
2025-08-01 01:00:54 PM,427.5,1002,428355.0,107199788.99999979
2025-08-01 01:01:10 PM,427.65,0,0.0,107199788.99999979
2025-08-01 01:01:11 PM,427.65,132,56449.799999999996,107256238.79999979
2025-08-01 01:02:06 PM,427.7,0,0.0,107256238.79999979
2025-08-01 01:02:06 PM,427.7,100,42770.0,107299008.79999979
2025-08-01 01:02:41 PM,427.7,1,427.7,107299436.49999979
2025-08-01 01:02:54 PM,427.65,0,0.0,107299436.49999979
2025-08-01 01:02:56 PM,427.65,10,4276.5,107303712.99999979
2025-08-01 01:03:11 PM,427.65,30,12829.5,107316542.49999979
2025-08-01 01:04:24 PM,427.6,0,0.0,107316542.49999979
2025-08-01 01:04:24 PM,427.6,371,158639.6,107475182.09999979
2025-08-01 01:06:10 PM,427.55,0,0.0,107475182.09999979
2025-08-01 01:06:10 PM,427.55,2,855.1,107476037.19999978
2025-08-01 01:06:21 PM,427.65,29,12401.849999999999,107488439.04999977
2025-08-01 01:06:28 PM,427.7,0,0.0,107488439.04999977
2025-08-01 01:06:31 PM,427.7,82,35071.4,107523510.44999978
2025-08-01 01:07:21 PM,427.65,0,0.0,107523510.44999978
2025-08-01 01:07:22 PM,427.65,10,4276.5,107527786.94999978
2025-08-01 01:07:53 PM,427.7,0,0.0,107527786.94999978
2025-08-01 01:07:53 PM,427.7,10,4277.0,107532063.94999978
2025-08-01 01:08:52 PM,427.7,12,5132.4,107537196.34999979
2025-08-01 01:09:07 PM,427.7,39,16680.3,107553876.64999978
2025-08-01 01:10:24 PM,427.7,250,106925.0,107660801.64999978
2025-08-01 01:10:25 PM,427.65,0,0.0,107660801.64999978
2025-08-01 01:10:26 PM,427.65,295,126156.75,107786958.39999978
2025-08-01 01:10:29 PM,427.55,20,8551.0,107795509.39999978
2025-08-01 01:10:54 PM,427.55,2,855.1,107796364.49999978
2025-08-01 01:11:04 PM,427.55,182,77814.1,107874178.59999977
2025-08-01 01:11:09 PM,427.55,4,1710.2,107875888.79999977
2025-08-01 01:12:03 PM,427.25,200,85450.0,107961338.79999977
2025-08-01 01:12:15 PM,427.25,100,42725.0,108004063.79999977
2025-08-01 01:12:31 PM,427.55,0,0.0,108004063.79999977
2025-08-01 01:12:34 PM,427.3,0,0.0,108004063.79999977
2025-08-01 01:12:34 PM,427.3,3,1281.9,108005345.69999978
2025-08-01 01:16:07 PM,427.5,0,0.0,108005345.69999978
2025-08-01 01:16:08 PM,427.5,1,427.5,108005773.19999978
2025-08-01 01:16:33 PM,427.55,0,0.0,108005773.19999978
2025-08-01 01:16:35 PM,427.55,10,4275.5,108010048.69999978
2025-08-01 01:16:37 PM,427.55,5,2137.75,108012186.44999978
2025-08-01 01:17:43 PM,427.85,0,0.0,108012186.44999978
2025-08-01 01:17:44 PM,427.85,435,186114.75,108198301.19999978
2025-08-01 01:17:47 PM,427.8,0,0.0,108198301.19999978
2025-08-01 01:17:47 PM,427.8,1,427.8,108198728.99999978
2025-08-01 01:17:51 PM,427.9,0,0.0,108198728.99999978
2025-08-01 01:17:51 PM,428.0,0,0.0,108198728.99999978
2025-08-01 01:17:52 PM,428.0,44,18832.0,108217560.99999978
2025-08-01 01:18:52 PM,428.0,2,856.0,108218416.99999978
2025-08-01 01:19:11 PM,427.45,0,0.0,108218416.99999978
2025-08-01 01:19:12 PM,427.55,1019,435673.45,108654090.44999978
2025-08-01 01:20:06 PM,427.55,8,3420.4,108657510.84999979
2025-08-01 01:21:22 PM,427.55,7,2992.85,108660503.69999978
2025-08-01 01:21:27 PM,427.55,20,8551.0,108669054.69999978
2025-08-01 01:21:29 PM,427.2,0,0.0,108669054.69999978
2025-08-01 01:21:31 PM,427.2,60,25632.0,108694686.69999978
2025-08-01 01:21:33 PM,427.1,0,0.0,108694686.69999978
2025-08-01 01:21:36 PM,427.1,109,46553.9,108741240.59999979
2025-08-01 01:22:45 PM,427.0,0,0.0,108741240.59999979
2025-08-01 01:22:46 PM,427.0,85,36295.0,108777535.59999979
2025-08-01 01:23:37 PM,426.9,0,0.0,108777535.59999979
2025-08-01 01:23:38 PM,426.9,100,42690.0,108820225.59999979
2025-08-01 01:23:39 PM,427.25,0,0.0,108820225.59999979
2025-08-01 01:23:43 PM,427.25,864,369144.0,109189369.59999979
2025-08-01 01:24:53 PM,426.9,0,0.0,109189369.59999979
2025-08-01 01:24:55 PM,426.9,25,10672.5,109200042.09999979
2025-08-01 01:25:08 PM,426.7,0,0.0,109200042.09999979
2025-08-01 01:25:10 PM,426.7,220,93874.0,109293916.09999979
2025-08-01 01:25:39 PM,427.25,185,79041.25,109372957.34999979
2025-08-01 01:25:49 PM,427.25,5,2136.25,109375093.59999979
2025-08-01 01:26:29 PM,427.25,100,42725.0,109417818.59999979
2025-08-01 01:26:50 PM,427.6,0,0.0,109417818.59999979
2025-08-01 01:26:53 PM,427.6,15,6414.0,109424232.59999979
2025-08-01 01:29:23 PM,427.6,17,7269.200000000001,109431501.79999979
2025-08-01 01:29:37 PM,427.7,0,0.0,109431501.79999979
2025-08-01 01:29:37 PM,427.7,16,6843.2,109438344.99999979
2025-08-01 01:29:49 PM,427.65,0,0.0,109438344.99999979
2025-08-01 01:29:51 PM,427.5,109,46597.5,109484942.49999979
2025-08-01 01:30:41 PM,427.8,0,0.0,109484942.49999979
2025-08-01 01:30:45 PM,427.8,9,3850.2000000000003,109488792.6999998
2025-08-01 01:30:47 PM,427.85,0,0.0,109488792.6999998
2025-08-01 01:30:50 PM,427.85,111,47491.350000000006,109536284.04999979
2025-08-01 01:30:53 PM,428.0,0,0.0,109536284.04999979
2025-08-01 01:30:55 PM,428.0,5,2140.0,109538424.04999979
2025-08-01 01:31:05 PM,428.0,10,4280.0,109542704.04999979
2025-08-01 01:31:26 PM,428.0,100,42800.0,109585504.04999979
2025-08-01 01:31:43 PM,427.8,0,0.0,109585504.04999979
2025-08-01 01:31:46 PM,427.8,5,2139.0,109587643.04999979
2025-08-01 01:31:49 PM,428.0,0,0.0,109587643.04999979
2025-08-01 01:31:50 PM,428.0,4,1712.0,109589355.04999979
2025-08-01 01:32:30 PM,428.0,1,428.0,109589783.04999979
2025-08-01 01:33:21 PM,427.95,0,0.0,109589783.04999979
2025-08-01 01:33:22 PM,427.85,0,0.0,109589783.04999979
2025-08-01 01:33:23 PM,427.85,451,192960.35,109782743.39999978
2025-08-01 01:33:25 PM,427.9,0,0.0,109782743.39999978
2025-08-01 01:33:28 PM,427.9,14,5990.599999999999,109788733.99999978
2025-08-01 01:34:03 PM,428.0,49,20972.0,109809705.99999978
2025-08-01 01:34:12 PM,428.0,2,856.0,109810561.99999978
2025-08-01 01:34:13 PM,427.8,2,855.6,109811417.59999977
2025-08-01 01:34:31 PM,427.65,0,0.0,109811417.59999977
2025-08-01 01:34:31 PM,427.65,320,136848.0,109948265.59999977
2025-08-01 01:37:59 PM,427.65,147,62864.549999999996,110011130.14999977
2025-08-01 01:38:05 PM,427.0,639,272853.0,110283983.14999977
2025-08-01 01:39:04 PM,426.4,26,11086.4,110295069.54999977
2025-08-01 01:39:13 PM,426.35,0,0.0,110295069.54999977
2025-08-01 01:39:15 PM,426.8,71,30302.8,110325372.34999977
2025-08-01 01:39:53 PM,426.5,0,0.0,110325372.34999977
2025-08-01 01:39:56 PM,426.5,42,17913.0,110343285.34999977
2025-08-01 01:40:13 PM,426.25,0,0.0,110343285.34999977
2025-08-01 01:40:17 PM,426.25,200,85250.0,110428535.34999977
2025-08-01 01:40:25 PM,426.3,0,0.0,110428535.34999977
2025-08-01 01:40:26 PM,426.3,1,426.3,110428961.64999977
2025-08-01 01:40:56 PM,426.65,59,25172.35,110454133.99999976
2025-08-01 01:41:06 PM,426.65,1,426.65,110454560.64999977
2025-08-01 01:41:37 PM,426.9,0,0.0,110454560.64999977
2025-08-01 01:41:40 PM,426.9,59,25187.1,110479747.74999976
2025-08-01 01:41:51 PM,426.55,0,0.0,110479747.74999976
2025-08-01 01:41:55 PM,426.55,22,9384.1,110489131.84999976
2025-08-01 01:43:11 PM,427.1,0,0.0,110489131.84999976
2025-08-01 01:43:14 PM,427.1,96,41001.600000000006,110530133.44999975
2025-08-01 01:44:09 PM,427.15,2,854.3,110530987.74999975
2025-08-01 01:44:27 PM,427.4,0,0.0,110530987.74999975
2025-08-01 01:44:29 PM,427.4,5,2137.0,110533124.74999975
2025-08-01 01:44:34 PM,427.0,200,85400.0,110618524.74999975
2025-08-01 01:45:44 PM,426.95,5,2134.75,110620659.49999975
2025-08-01 01:47:03 PM,426.95,184,78558.8,110699218.29999974
2025-08-01 01:47:08 PM,426.95,1,426.95,110699645.24999975
2025-08-01 01:47:28 PM,426.95,15,6404.25,110706049.49999975
2025-08-01 01:47:39 PM,426.95,1,426.95,110706476.44999975
2025-08-01 01:47:55 PM,426.75,0,0.0,110706476.44999975
2025-08-01 01:47:58 PM,426.75,1219,520208.25,111226684.69999975
2025-08-01 01:48:23 PM,427.25,14,5981.5,111232666.19999975
2025-08-01 01:48:55 PM,427.45,0,0.0,111232666.19999975
2025-08-01 01:48:57 PM,427.45,12,5129.4,111237795.59999976
2025-08-01 01:49:45 PM,427.45,47,20090.149999999998,111257885.74999976
2025-08-01 01:49:49 PM,427.2,0,0.0,111257885.74999976
2025-08-01 01:49:50 PM,427.2,9,3844.7999999999997,111261730.54999976
2025-08-01 01:49:55 PM,427.45,7,2992.15,111264722.69999976
2025-08-01 01:50:39 PM,427.2,156,66643.2,111331365.89999977
2025-08-01 01:50:54 PM,427.2,146,62371.2,111393737.09999977
2025-08-01 01:50:59 PM,427.45,0,0.0,111393737.09999977
2025-08-01 01:50:59 PM,427.45,119,50866.549999999996,111444603.64999977
2025-08-01 01:51:09 PM,427.45,13,5556.849999999999,111450160.49999976
2025-08-01 01:51:39 PM,427.2,10,4272.0,111454432.49999976
2025-08-01 01:53:01 PM,427.2,5,2136.0,111456568.49999976
2025-08-01 01:53:06 PM,426.85,0,0.0,111456568.49999976
2025-08-01 01:53:06 PM,426.85,1994,851138.9,112307707.39999977
2025-08-01 01:54:40 PM,426.85,120,51222.0,112358929.39999977
2025-08-01 01:55:16 PM,426.9,0,0.0,112358929.39999977
2025-08-01 01:55:20 PM,426.9,25,10672.5,112369601.89999977
2025-08-01 01:56:14 PM,426.9,5,2134.5,112371736.39999977
2025-08-01 01:56:23 PM,427.05,0,0.0,112371736.39999977
2025-08-01 01:56:24 PM,427.05,6,2562.3,112374298.69999976
2025-08-01 01:56:47 PM,427.2,0,0.0,112374298.69999976
2025-08-01 01:56:49 PM,427.2,8,3417.6,112377716.29999976
2025-08-01 01:57:01 PM,427.25,0,0.0,112377716.29999976
2025-08-01 01:57:04 PM,427.25,5,2136.25,112379852.54999976
2025-08-01 01:57:39 PM,427.4,0,0.0,112379852.54999976
2025-08-01 01:57:43 PM,427.4,11,4701.4,112384553.94999976
2025-08-01 01:57:48 PM,427.4,2,854.8,112385408.74999976
2025-08-01 01:57:59 PM,427.45,0,0.0,112385408.74999976
2025-08-01 01:58:01 PM,427.15,0,0.0,112385408.74999976
2025-08-01 01:58:02 PM,427.15,7831,3345011.65,115730420.39999977
2025-08-01 01:58:07 PM,427.0,0,0.0,115730420.39999977
2025-08-01 01:58:08 PM,427.0,14,5978.0,115736398.39999977
2025-08-01 01:58:11 PM,427.3,0,0.0,115736398.39999977
2025-08-01 01:58:13 PM,427.3,60,25638.0,115762036.39999977
2025-08-01 01:58:15 PM,427.0,0,0.0,115762036.39999977
2025-08-01 01:58:17 PM,427.0,100,42700.0,115804736.39999977
2025-08-01 01:59:19 PM,426.9,0,0.0,115804736.39999977
2025-08-01 01:59:23 PM,426.9,25,10672.5,115815408.89999977
2025-08-01 01:59:39 PM,426.9,10,4269.0,115819677.89999977
2025-08-01 01:59:57 PM,427.0,0,0.0,115819677.89999977
2025-08-01 01:59:59 PM,427.0,65,27755.0,115847432.89999977
2025-08-01 02:01:35 PM,427.05,0,0.0,115847432.89999977
2025-08-01 02:01:36 PM,427.05,177,75587.85,115923020.74999976
2025-08-01 02:01:38 PM,427.4,0,0.0,115923020.74999976
2025-08-01 02:01:41 PM,427.4,50,21370.0,115944390.74999976
2025-08-01 02:02:55 PM,427.4,10,4274.0,115948664.74999976
2025-08-01 02:03:05 PM,427.4,27,11539.8,115960204.54999976
2025-08-01 02:03:11 PM,427.05,0,0.0,115960204.54999976
2025-08-01 02:03:15 PM,427.05,100,42705.0,116002909.54999976
2025-08-01 02:03:25 PM,426.8,5001,2134426.8000000003,118137336.34999976
2025-08-01 02:03:38 PM,426.25,0,0.0,118137336.34999976
2025-08-01 02:03:40 PM,426.25,11,4688.75,118142025.09999976
2025-08-01 02:03:55 PM,426.4,0,0.0,118142025.09999976
2025-08-01 02:03:55 PM,426.4,100,42640.0,118184665.09999976
2025-08-01 02:04:39 PM,426.05,0,0.0,118184665.09999976
2025-08-01 02:04:41 PM,426.05,250,106512.5,118291177.59999976
2025-08-01 02:04:51 PM,426.0,0,0.0,118291177.59999976
2025-08-01 02:04:52 PM,426.0,10,4260.0,118295437.59999976
2025-08-01 02:05:29 PM,425.95,0,0.0,118295437.59999976
2025-08-01 02:05:31 PM,425.95,120,51114.0,118346551.59999976
2025-08-01 02:05:46 PM,425.95,1,425.95,118346977.54999976
2025-08-01 02:06:52 PM,425.9,240,102216.0,118449193.54999976
2025-08-01 02:07:08 PM,425.9,2,851.8,118450045.34999976
2025-08-01 02:07:28 PM,426.1,0,0.0,118450045.34999976
2025-08-01 02:07:28 PM,426.1,10,4261.0,118454306.34999976
2025-08-01 02:07:38 PM,426.1,11,4687.1,118458993.44999975
2025-08-01 02:07:41 PM,425.65,0,0.0,118458993.44999975
2025-08-01 02:07:43 PM,425.75,0,0.0,118458993.44999975
2025-08-01 02:07:44 PM,425.75,774,329530.5,118788523.94999975
2025-08-01 02:07:45 PM,425.7,0,0.0,118788523.94999975
2025-08-01 02:07:49 PM,425.7,507,215829.9,119004353.84999976
2025-08-01 02:08:24 PM,425.8,0,0.0,119004353.84999976
2025-08-01 02:08:25 PM,425.8,7,2980.6,119007334.44999975
2025-08-01 02:08:37 PM,425.65,0,0.0,119007334.44999975
2025-08-01 02:08:40 PM,425.65,6,2553.8999999999996,119009888.34999976
2025-08-01 02:08:55 PM,425.6,0,0.0,119009888.34999976
2025-08-01 02:08:56 PM,425.65,188,80022.2,119089910.54999976
2025-08-01 02:08:57 PM,425.55,0,0.0,119089910.54999976
2025-08-01 02:08:58 PM,425.65,0,0.0,119089910.54999976
2025-08-01 02:09:01 PM,425.65,2071,881521.1499999999,119971431.69999976
2025-08-01 02:09:10 PM,425.55,0,0.0,119971431.69999976
2025-08-01 02:09:11 PM,425.55,4,1702.2,119973133.89999977
2025-08-01 02:09:29 PM,425.5,0,0.0,119973133.89999977
2025-08-01 02:09:29 PM,425.65,0,0.0,119973133.89999977
2025-08-01 02:09:31 PM,425.65,325,138336.25,120111470.14999977
2025-08-01 02:09:37 PM,425.55,0,0.0,120111470.14999977
2025-08-01 02:09:41 PM,425.55,10,4255.5,120115725.64999977
2025-08-01 02:09:46 PM,425.55,4,1702.2,120117427.84999977
2025-08-01 02:10:26 PM,425.55,4,1702.2,120119130.04999977
2025-08-01 02:10:27 PM,425.65,0,0.0,120119130.04999977
2025-08-01 02:10:31 PM,425.65,5,2128.25,120121258.29999977
2025-08-01 02:10:46 PM,425.55,2,851.1,120122109.39999977
2025-08-01 02:10:51 PM,425.55,5,2127.75,120124237.14999977
2025-08-01 02:10:56 PM,425.55,49,20851.95,120145089.09999977
2025-08-01 02:11:01 PM,425.55,408,173624.4,120318713.49999978
2025-08-01 02:11:05 PM,425.85,0,0.0,120318713.49999978
2025-08-01 02:11:07 PM,425.85,2872,1223041.2,121541754.69999978
2025-08-01 02:11:08 PM,425.55,0,0.0,121541754.69999978
2025-08-01 02:11:09 PM,426.15,0,0.0,121541754.69999978
2025-08-01 02:11:11 PM,425.8,0,0.0,121541754.69999978
2025-08-01 02:11:13 PM,425.8,620,263996.0,121805750.69999978
2025-08-01 02:11:28 PM,426.0,0,0.0,121805750.69999978
2025-08-01 02:11:28 PM,426.0,30,12780.0,121818530.69999978
2025-08-01 02:11:39 PM,426.0,18,7668.0,121826198.69999978
2025-08-01 02:11:44 PM,426.0,82,34932.0,121861130.69999978
2025-08-01 02:11:54 PM,426.0,100,42600.0,121903730.69999978
2025-08-01 02:12:02 PM,426.4,0,0.0,121903730.69999978
2025-08-01 02:12:04 PM,426.1,102,43462.200000000004,121947192.89999978
2025-08-01 02:12:09 PM,426.0,0,0.0,121947192.89999978
2025-08-01 02:12:09 PM,426.0,100,42600.0,121989792.89999978
2025-08-01 02:13:05 PM,426.15,0,0.0,121989792.89999978
2025-08-01 02:13:05 PM,426.15,5,2130.75,121991923.64999978
2025-08-01 02:14:03 PM,426.5,0,0.0,121991923.64999978
2025-08-01 02:14:03 PM,426.5,84,35826.0,122027749.64999978
2025-08-01 02:14:19 PM,426.95,0,0.0,122027749.64999978
2025-08-01 02:14:19 PM,426.95,250,106737.5,122134487.14999978
2025-08-01 02:14:24 PM,426.65,141,60157.649999999994,122194644.79999979
2025-08-01 02:14:46 PM,427.0,0,0.0,122194644.79999979
2025-08-01 02:14:47 PM,427.0,72,30744.0,122225388.79999979
2025-08-01 02:14:59 PM,426.95,0,0.0,122225388.79999979
2025-08-01 02:15:00 PM,426.95,99,42268.049999999996,122267656.84999979
2025-08-01 02:15:01 PM,427.2,0,0.0,122267656.84999979
2025-08-01 02:15:02 PM,427.2,22,9398.4,122277055.24999979
2025-08-01 02:15:07 PM,426.65,0,0.0,122277055.24999979
2025-08-01 02:15:08 PM,426.65,374,159567.1,122436622.34999979
2025-08-01 02:15:13 PM,426.95,0,0.0,122436622.34999979
2025-08-01 02:15:13 PM,426.95,5,2134.75,122438757.09999979
2025-08-01 02:15:23 PM,426.65,0,0.0,122438757.09999979
2025-08-01 02:15:23 PM,426.65,3,1279.9499999999998,122440037.04999979
2025-08-01 02:15:31 PM,426.65,35,14932.75,122454969.79999979
