date,price,qty,trnvr,cum_trnvr
2025-08-01 09:15:06 AM,247.28,3146,777942.88,777942.88
2025-08-01 09:15:15 AM,247.73,0,0.0,777942.88
2025-08-01 09:15:18 AM,247.5,30,7425.0,785367.88
2025-08-01 09:15:23 AM,247.65,0,0.0,785367.88
2025-08-01 09:15:25 AM,248.0,0,0.0,785367.88
2025-08-01 09:15:27 AM,247.28,4740,1172107.2,1957475.08
2025-08-01 09:15:29 AM,247.98,100,24798.0,1982273.08
2025-08-01 09:15:35 AM,247.96,0,0.0,1982273.08
2025-08-01 09:15:36 AM,247.96,65,16117.4,1998390.48
2025-08-01 09:15:37 AM,247.66,19,4705.54,2003096.02
2025-08-01 09:15:43 AM,246.71,0,0.0,2003096.02
2025-08-01 09:15:44 AM,246.71,28515,7034935.65,9038031.67
2025-08-01 09:16:02 AM,246.12,1678,412989.36,9451021.03
2025-08-01 09:16:04 AM,245.88,0,0.0,9451021.03
2025-08-01 09:16:09 AM,245.88,1751,430535.88,9881556.91
2025-08-01 09:16:09 AM,245.57,0,0.0,9881556.91
2025-08-01 09:16:10 AM,245.57,58,14243.06,9895799.97
2025-08-01 09:16:12 AM,246.0,0,0.0,9895799.97
2025-08-01 09:16:16 AM,246.0,50,12300.0,9908099.97
2025-08-01 09:16:22 AM,245.52,0,0.0,9908099.97
2025-08-01 09:16:25 AM,245.67,248,60926.159999999996,9969026.13
2025-08-01 09:16:33 AM,245.67,100,24567.0,9993593.13
2025-08-01 09:16:50 AM,245.99,480,118075.20000000001,10111668.33
2025-08-01 09:16:58 AM,245.91,134,32951.94,10144620.27
2025-08-01 09:16:59 AM,245.99,61,15005.390000000001,10159625.66
2025-08-01 09:17:06 AM,245.9,301,74015.90000000001,10233641.56
2025-08-01 09:17:10 AM,245.99,0,0.0,10233641.56
2025-08-01 09:17:14 AM,245.99,5,1229.95,10234871.51
2025-08-01 09:17:17 AM,245.95,0,0.0,10234871.51
2025-08-01 09:17:23 AM,246.21,121,29791.41,10264662.92
2025-08-01 09:17:44 AM,246.5,0,0.0,10264662.92
2025-08-01 09:17:47 AM,246.5,6285,1549252.5,11813915.42
2025-08-01 09:17:48 AM,246.21,323,79525.83,11893441.25
2025-08-01 09:17:53 AM,246.4,0,0.0,11893441.25
2025-08-01 09:17:56 AM,246.4,200,49280.0,11942721.25
2025-08-01 09:18:05 AM,246.41,6,1478.46,11944199.71
2025-08-01 09:18:08 AM,246.42,0,0.0,11944199.71
2025-08-01 09:18:13 AM,246.42,19,4681.98,11948881.690000001
2025-08-01 09:18:18 AM,247.12,0,0.0,11948881.690000001
2025-08-01 09:18:21 AM,246.98,5106,1261079.88,13209961.57
2025-08-01 09:18:24 AM,247.0,0,0.0,13209961.57
2025-08-01 09:18:29 AM,247.0,550,135850.0,13345811.57
2025-08-01 09:18:30 AM,246.71,604,149012.84,13494824.41
2025-08-01 09:18:33 AM,246.97,0,0.0,13494824.41
2025-08-01 09:18:37 AM,246.75,692,170751.0,13665575.41
2025-08-01 09:18:42 AM,247.1,0,0.0,13665575.41
2025-08-01 09:18:45 AM,247.1,471,116384.09999999999,13781959.51
2025-08-01 09:18:49 AM,247.08,0,0.0,13781959.51
2025-08-01 09:18:54 AM,247.08,50,12354.0,13794313.51
2025-08-01 09:18:55 AM,247.12,200,49424.0,13843737.51
2025-08-01 09:19:10 AM,247.21,50,12360.5,13856098.01
2025-08-01 09:19:11 AM,247.25,100,24725.0,13880823.01
2025-08-01 09:19:26 AM,247.32,1110,274525.2,14155348.209999999
2025-08-01 09:19:28 AM,247.35,0,0.0,14155348.209999999
2025-08-01 09:19:33 AM,247.33,0,0.0,14155348.209999999
2025-08-01 09:19:34 AM,247.33,440,108825.20000000001,14264173.409999998
2025-08-01 09:19:35 AM,247.1,200,49420.0,14313593.409999998
2025-08-01 09:19:44 AM,247.24,1000,247240.0,14560833.409999998
2025-08-01 09:19:57 AM,247.12,0,0.0,14560833.409999998
2025-08-01 09:19:58 AM,247.12,400,98848.0,14659681.409999998
2025-08-01 09:19:58 AM,247.24,0,0.0,14659681.409999998
2025-08-01 09:20:00 AM,247.24,100,24724.0,14684405.409999998
2025-08-01 09:20:05 AM,247.01,0,0.0,14684405.409999998
2025-08-01 09:20:06 AM,247.01,4,988.04,14685393.449999997
2025-08-01 09:20:12 AM,247.0,0,0.0,14685393.449999997
2025-08-01 09:20:14 AM,246.9,35,8641.5,14694034.949999997
2025-08-01 09:20:21 AM,246.85,0,0.0,14694034.949999997
2025-08-01 09:20:22 AM,246.48,550,135564.0,14829598.949999997
2025-08-01 09:20:33 AM,246.96,0,0.0,14829598.949999997
2025-08-01 09:20:37 AM,246.96,1008,248935.68000000002,15078534.629999997
2025-08-01 09:20:45 AM,246.98,2,493.96,15079028.589999998
2025-08-01 09:20:50 AM,246.8,0,0.0,15079028.589999998
2025-08-01 09:20:53 AM,246.96,190,46922.4,15125950.989999998
2025-08-01 09:21:17 AM,246.77,4444,1096645.8800000001,16222596.87
2025-08-01 09:21:28 AM,246.61,0,0.0,16222596.87
2025-08-01 09:21:32 AM,246.73,187,46138.509999999995,16268735.379999999
2025-08-01 09:21:51 AM,246.5,0,0.0,16268735.379999999
2025-08-01 09:21:55 AM,246.5,272,67048.0,16335783.379999999
2025-08-01 09:21:56 AM,246.54,30,7396.2,16343179.579999998
2025-08-01 09:22:01 AM,246.42,0,0.0,16343179.579999998
2025-08-01 09:22:02 AM,246.42,16,3942.72,16347122.299999999
2025-08-01 09:22:14 AM,246.25,0,0.0,16347122.299999999
2025-08-01 09:22:18 AM,246.25,120,29550.0,16376672.299999999
2025-08-01 09:22:33 AM,246.1,310,76291.0,16452963.299999999
2025-08-01 09:22:50 AM,246.23,50,12311.5,16465274.799999999
2025-08-01 09:22:56 AM,246.11,110,27072.100000000002,16492346.899999999
2025-08-01 09:23:03 AM,246.0,1752,430992.0,16923338.9
2025-08-01 09:23:07 AM,246.01,0,0.0,16923338.9
2025-08-01 09:23:11 AM,246.0,1120,275520.0,17198858.9
2025-08-01 09:23:19 AM,245.98,5,1229.8999999999999,17200088.799999997
2025-08-01 09:23:20 AM,245.96,50,12298.0,17212386.799999997
2025-08-01 09:23:26 AM,245.85,150,36877.5,17249264.299999997
2025-08-01 09:23:27 AM,245.96,0,0.0,17249264.299999997
2025-08-01 09:23:28 AM,245.96,20,4919.2,17254183.499999996
2025-08-01 09:23:36 AM,245.85,50,12292.5,17266475.999999996
2025-08-01 09:23:40 AM,246.0,0,0.0,17266475.999999996
2025-08-01 09:23:41 AM,246.0,900,221400.0,17487875.999999996
2025-08-01 09:23:49 AM,245.51,495,121527.45,17609403.449999996
2025-08-01 09:24:32 AM,245.65,0,0.0,17609403.449999996
2025-08-01 09:24:35 AM,245.6,1039,255178.4,17864581.849999994
2025-08-01 09:24:50 AM,245.67,250,61417.5,17925999.349999994
2025-08-01 09:25:23 AM,245.8,0,0.0,17925999.349999994
2025-08-01 09:25:27 AM,245.8,188,46210.4,17972209.749999993
2025-08-01 09:25:41 AM,245.65,0,0.0,17972209.749999993
2025-08-01 09:25:42 AM,245.65,400,98260.0,18070469.749999993
2025-08-01 09:25:57 AM,245.52,110,27007.2,18097476.94999999
2025-08-01 09:26:04 AM,245.79,0,0.0,18097476.94999999
2025-08-01 09:26:05 AM,245.79,1,245.79,18097722.73999999
2025-08-01 09:26:13 AM,245.79,200,49158.0,18146880.73999999
2025-08-01 09:26:33 AM,245.5,0,0.0,18146880.73999999
2025-08-01 09:26:36 AM,245.5,2774,681017.0,18827897.73999999
2025-08-01 09:26:36 AM,245.67,0,0.0,18827897.73999999
2025-08-01 09:26:38 AM,245.67,25,6141.75,18834039.48999999
2025-08-01 09:26:44 AM,245.67,4,982.68,18835022.16999999
2025-08-01 09:26:54 AM,245.74,0,0.0,18835022.16999999
2025-08-01 09:26:59 AM,245.74,100,24574.0,18859596.16999999
2025-08-01 09:27:24 AM,245.87,0,0.0,18859596.16999999
2025-08-01 09:27:28 AM,245.87,519,127606.53,18987202.69999999
2025-08-01 09:27:37 AM,245.79,62,15238.98,19002441.679999992
2025-08-01 09:27:43 AM,245.79,4,983.16,19003424.839999992
2025-08-01 09:28:11 AM,245.5,0,0.0,19003424.839999992
2025-08-01 09:28:14 AM,245.5,1338,328479.0,19331903.839999992
2025-08-01 09:28:29 AM,245.5,105,25777.5,19357681.339999992
2025-08-01 09:28:34 AM,245.49,0,0.0,19357681.339999992
2025-08-01 09:28:37 AM,245.3,91,22322.3,19380003.639999993
2025-08-01 09:29:02 AM,245.69,0,0.0,19380003.639999993
2025-08-01 09:29:07 AM,245.41,0,0.0,19380003.639999993
2025-08-01 09:29:08 AM,245.41,1061,260380.01,19640383.649999995
2025-08-01 09:29:18 AM,245.49,0,0.0,19640383.649999995
2025-08-01 09:29:23 AM,245.49,1,245.49,19640629.139999993
2025-08-01 09:29:24 AM,245.32,48,11775.36,19652404.499999993
2025-08-01 09:29:33 AM,245.47,0,0.0,19652404.499999993
2025-08-01 09:29:38 AM,245.32,200,49064.0,19701468.499999993
2025-08-01 09:29:48 AM,245.45,0,0.0,19701468.499999993
2025-08-01 09:29:52 AM,245.45,1,245.45,19701713.94999999
2025-08-01 09:29:54 AM,245.5,49,12029.5,19713743.44999999
2025-08-01 09:30:08 AM,245.5,100,24550.0,19738293.44999999
2025-08-01 09:30:09 AM,245.45,50,12272.5,19750565.94999999
2025-08-01 09:30:13 AM,245.5,0,0.0,19750565.94999999
2025-08-01 09:30:16 AM,245.5,3,736.5,19751302.44999999
2025-08-01 09:30:16 AM,245.55,52,12768.6,19764071.049999993
2025-08-01 09:30:41 AM,245.77,0,0.0,19764071.049999993
2025-08-01 09:30:45 AM,245.77,70,17203.9,19781274.94999999
2025-08-01 09:30:54 AM,245.83,0,0.0,19781274.94999999
2025-08-01 09:30:59 AM,245.84,0,0.0,19781274.94999999
2025-08-01 09:31:00 AM,245.84,400,98336.0,19879610.94999999
2025-08-01 09:31:27 AM,245.5,0,0.0,19879610.94999999
2025-08-01 09:31:29 AM,245.5,485,119067.5,19998678.44999999
2025-08-01 09:31:33 AM,245.72,0,0.0,19998678.44999999
2025-08-01 09:31:36 AM,245.72,100,24572.0,20023250.44999999
2025-08-01 09:31:39 AM,245.51,0,0.0,20023250.44999999
2025-08-01 09:31:41 AM,245.37,0,0.0,20023250.44999999
2025-08-01 09:31:43 AM,245.37,4923,1207956.51,21231206.959999993
2025-08-01 09:31:45 AM,245.32,0,0.0,21231206.959999993
2025-08-01 09:31:50 AM,245.32,120,29438.399999999998,21260645.359999992
2025-08-01 09:31:57 AM,245.32,5,1226.6,21261871.959999993
2025-08-01 09:32:01 AM,245.25,0,0.0,21261871.959999993
2025-08-01 09:32:04 AM,245.22,909,222904.98,21484776.939999994
2025-08-01 09:32:11 AM,245.32,820,201162.4,21685939.339999992
2025-08-01 09:32:25 AM,245.32,15,3679.7999999999997,21689619.139999993
2025-08-01 09:32:32 AM,245.32,4340,1064688.8,22754307.939999994
2025-08-01 09:32:43 AM,245.6,0,0.0,22754307.939999994
2025-08-01 09:32:46 AM,245.01,12247,3000637.4699999997,25754945.409999993
2025-08-01 09:32:49 AM,245.33,0,0.0,25754945.409999993
2025-08-01 09:32:53 AM,245.31,105,25757.55,25780702.959999993
2025-08-01 09:32:55 AM,245.03,0,0.0,25780702.959999993
2025-08-01 09:33:00 AM,245.28,600,147168.0,25927870.959999993
2025-08-01 09:33:21 AM,245.01,907,222224.06999999998,26150095.029999994
2025-08-01 09:33:34 AM,245.25,70,17167.5,26167262.529999994
2025-08-01 09:34:07 AM,245.65,0,0.0,26167262.529999994
2025-08-01 09:34:09 AM,245.65,198,48638.700000000004,26215901.229999993
2025-08-01 09:34:22 AM,245.81,0,0.0,26215901.229999993
2025-08-01 09:34:23 AM,245.81,300,73743.0,26289644.229999993
2025-08-01 09:34:37 AM,245.34,515,126350.1,26415994.329999994
2025-08-01 09:34:47 AM,245.6,0,0.0,26415994.329999994
2025-08-01 09:34:51 AM,245.54,1204,295630.16,26711624.489999995
2025-08-01 09:34:52 AM,245.6,0,0.0,26711624.489999995
2025-08-01 09:34:58 AM,245.6,41,10069.6,26721694.089999996
2025-08-01 09:35:12 AM,245.55,0,0.0,26721694.089999996
2025-08-01 09:35:12 AM,245.55,462,113444.1,26835138.189999998
2025-08-01 09:35:12 AM,245.54,1,245.54,26835383.729999997
2025-08-01 09:35:17 AM,245.56,0,0.0,26835383.729999997
2025-08-01 09:35:19 AM,245.56,2,491.12,26835874.849999998
2025-08-01 09:35:26 AM,245.56,721,177048.76,27012923.61
2025-08-01 09:35:27 AM,245.34,0,0.0,27012923.61
2025-08-01 09:35:33 AM,245.34,200,49068.0,27061991.61
2025-08-01 09:35:40 AM,245.34,1479,362857.86,27424849.47
2025-08-01 09:35:47 AM,245.4,0,0.0,27424849.47
2025-08-01 09:35:47 AM,245.4,110,26994.0,27451843.47
2025-08-01 09:35:52 AM,245.25,0,0.0,27451843.47
2025-08-01 09:35:53 AM,245.25,6,1471.5,27453314.97
2025-08-01 09:36:05 AM,245.35,0,0.0,27453314.97
2025-08-01 09:36:07 AM,245.35,10,2453.5,27455768.47
2025-08-01 09:36:20 AM,245.36,55,13494.800000000001,27469263.27
2025-08-01 09:36:25 AM,245.64,0,0.0,27469263.27
2025-08-01 09:36:27 AM,245.64,5187,1274134.68,28743397.95
2025-08-01 09:36:29 AM,245.85,0,0.0,28743397.95
2025-08-01 09:36:33 AM,245.66,0,0.0,28743397.95
2025-08-01 09:36:33 AM,245.66,97,23829.02,28767226.97
2025-08-01 09:36:40 AM,245.66,6,1473.96,28768700.93
2025-08-01 09:36:53 AM,245.91,0,0.0,28768700.93
2025-08-01 09:36:53 AM,245.91,75,18443.25,28787144.18
2025-08-01 09:37:06 AM,245.65,0,0.0,28787144.18
2025-08-01 09:37:06 AM,245.65,452,111033.8,28898177.98
2025-08-01 09:37:10 AM,245.69,0,0.0,28898177.98
2025-08-01 09:37:13 AM,245.69,5020,1233363.8,30131541.78
2025-08-01 09:37:15 AM,245.81,0,0.0,30131541.78
2025-08-01 09:37:20 AM,245.81,1,245.81,30131787.59
2025-08-01 09:37:39 AM,245.87,0,0.0,30131787.59
2025-08-01 09:37:41 AM,245.87,100,24587.0,30156374.59
2025-08-01 09:37:43 AM,245.81,0,0.0,30156374.59
2025-08-01 09:37:48 AM,245.81,50,12290.5,30168665.09
2025-08-01 09:37:53 AM,245.8,0,0.0,30168665.09
2025-08-01 09:37:54 AM,245.8,100,24580.0,30193245.09
2025-08-01 09:38:02 AM,245.55,0,0.0,30193245.09
2025-08-01 09:38:08 AM,245.55,144,35359.200000000004,30228604.29
2025-08-01 09:38:27 AM,245.3,0,0.0,30228604.29
2025-08-01 09:38:28 AM,245.3,64,15699.2,30244303.49
2025-08-01 09:38:48 AM,245.25,560,137340.0,30381643.49
2025-08-01 09:39:01 AM,245.36,50,12268.0,30393911.49
2025-08-01 09:39:12 AM,245.2,0,0.0,30393911.49
2025-08-01 09:39:15 AM,245.07,1472,360743.04,30754654.529999997
2025-08-01 09:39:30 AM,245.1,0,0.0,30754654.529999997
2025-08-01 09:39:35 AM,245.07,0,0.0,30754654.529999997
2025-08-01 09:39:35 AM,245.07,339,83078.73,30837733.259999998
2025-08-01 09:39:42 AM,245.07,662,162236.34,30999969.599999998
2025-08-01 09:40:11 AM,245.26,0,0.0,30999969.599999998
2025-08-01 09:40:14 AM,245.26,30,7357.799999999999,31007327.4
2025-08-01 09:40:17 AM,245.34,0,0.0,31007327.4
2025-08-01 09:40:19 AM,245.11,0,0.0,31007327.4
2025-08-01 09:40:21 AM,245.11,17,4166.87,31011494.27
2025-08-01 09:40:31 AM,245.29,0,0.0,31011494.27
2025-08-01 09:40:34 AM,245.29,10,2452.9,31013947.169999998
2025-08-01 09:40:41 AM,245.09,2,490.18,31014437.349999998
2025-08-01 09:40:47 AM,245.55,914,224432.7,31238870.049999997
2025-08-01 09:41:00 AM,245.93,40,9837.2,31248707.249999996
2025-08-01 09:41:21 AM,245.96,15,3689.4,31252396.649999995
2025-08-01 09:41:23 AM,245.83,0,0.0,31252396.649999995
2025-08-01 09:41:27 AM,245.83,50,12291.5,31264688.149999995
2025-08-01 09:41:37 AM,245.8,0,0.0,31264688.149999995
2025-08-01 09:41:40 AM,245.8,18,4424.400000000001,31269112.549999993
2025-08-01 09:41:59 AM,245.8,1,245.8,31269358.349999994
2025-08-01 09:42:01 AM,245.65,0,0.0,31269358.349999994
2025-08-01 09:42:06 AM,245.65,1,245.65,31269603.999999993
2025-08-01 09:42:21 AM,245.8,50,12290.0,31281893.999999993
2025-08-01 09:42:39 AM,245.8,50,12290.0,31294183.999999993
2025-08-01 09:43:46 AM,245.8,19,4670.2,31298854.19999999
2025-08-01 09:43:52 AM,245.65,0,0.0,31298854.19999999
2025-08-01 09:43:52 AM,245.65,45,11054.25,31309908.44999999
2025-08-01 09:43:56 AM,245.77,0,0.0,31309908.44999999
2025-08-01 09:43:57 AM,245.77,2631,646620.87,31956529.319999993
2025-08-01 09:44:04 AM,245.55,39,9576.45,31966105.769999992
2025-08-01 09:44:09 AM,245.29,0,0.0,31966105.769999992
2025-08-01 09:44:11 AM,245.29,4,981.16,31967086.929999992
2025-08-01 09:44:16 AM,245.27,0,0.0,31967086.929999992
2025-08-01 09:44:18 AM,245.27,122,29922.940000000002,31997009.869999994
2025-08-01 09:44:28 AM,245.32,0,0.0,31997009.869999994
2025-08-01 09:44:31 AM,245.32,4,981.28,31997991.149999995
2025-08-01 09:44:36 AM,245.27,0,0.0,31997991.149999995
2025-08-01 09:44:37 AM,245.3,903,221505.90000000002,32219497.049999993
2025-08-01 09:45:11 AM,245.3,35,8585.5,32228082.549999993
2025-08-01 09:45:25 AM,245.14,0,0.0,32228082.549999993
2025-08-01 09:45:29 AM,245.14,2,490.28,32228572.829999994
2025-08-01 09:45:55 AM,245.27,100,24527.0,32253099.829999994
2025-08-01 09:46:18 AM,245.16,0,0.0,32253099.829999994
2025-08-01 09:46:21 AM,245.16,300,73548.0,32326647.829999994
2025-08-01 09:47:05 AM,245.27,0,0.0,32326647.829999994
2025-08-01 09:47:05 AM,245.27,210,51506.700000000004,32378154.529999994
2025-08-01 09:47:19 AM,245.27,1,245.27,32378399.799999993
2025-08-01 09:47:41 AM,245.38,0,0.0,32378399.799999993
2025-08-01 09:47:43 AM,245.38,25,6134.5,32384534.299999993
2025-08-01 09:48:32 AM,245.21,0,0.0,32384534.299999993
2025-08-01 09:48:32 AM,245.21,5,1226.05,32385760.349999994
2025-08-01 09:49:16 AM,245.43,0,0.0,32385760.349999994
2025-08-01 09:49:16 AM,245.43,1,245.43,32386005.779999994
2025-08-01 09:49:37 AM,245.26,0,0.0,32386005.779999994
2025-08-01 09:49:38 AM,245.26,100,24526.0,32410531.779999994
2025-08-01 09:49:41 AM,245.43,0,0.0,32410531.779999994
2025-08-01 09:49:41 AM,245.43,110,26997.3,32437529.079999994
2025-08-01 09:49:46 AM,245.21,0,0.0,32437529.079999994
2025-08-01 09:49:47 AM,245.21,450,110344.5,32547873.579999994
2025-08-01 09:51:07 AM,245.24,0,0.0,32547873.579999994
2025-08-01 09:51:09 AM,245.24,1200,294288.0,32842161.579999994
2025-08-01 09:51:22 AM,245.42,0,0.0,32842161.579999994
2025-08-01 09:51:22 AM,245.42,4,981.68,32843143.259999994
2025-08-01 09:51:53 AM,245.42,121,29695.82,32872839.079999994
2025-08-01 09:52:18 AM,245.15,1000,245150.0,33117989.079999994
2025-08-01 09:52:29 AM,245.13,0,0.0,33117989.079999994
2025-08-01 09:52:30 AM,245.13,133,32602.29,33150591.369999994
2025-08-01 09:52:34 AM,245.13,50,12256.5,33162847.869999994
2025-08-01 09:52:36 AM,245.13,45,11030.85,33173878.719999995
2025-08-01 09:52:48 AM,245.1,0,0.0,33173878.719999995
2025-08-01 09:52:48 AM,245.1,500,122550.0,33296428.719999995
2025-08-01 09:52:58 AM,245.1,1050,257355.0,33553783.719999995
2025-08-01 09:53:04 AM,245.1,100,24510.0,33578293.72
2025-08-01 09:53:08 AM,245.3,0,0.0,33578293.72
2025-08-01 09:53:10 AM,245.3,3,735.9000000000001,33579029.62
2025-08-01 09:53:12 AM,245.8,0,0.0,33579029.62
2025-08-01 09:53:12 AM,245.8,11198,2752468.4,36331498.019999996
2025-08-01 09:53:15 AM,245.95,0,0.0,36331498.019999996
2025-08-01 09:53:16 AM,245.95,4,983.8,36332481.81999999
2025-08-01 09:53:19 AM,245.95,3,737.8499999999999,36333219.669999994
2025-08-01 09:53:22 AM,245.84,0,0.0,36333219.669999994
2025-08-01 09:53:23 AM,245.84,120,29500.8,36362720.46999999
2025-08-01 09:53:31 AM,245.76,0,0.0,36362720.46999999
2025-08-01 09:53:31 AM,245.76,150,36864.0,36399584.46999999
2025-08-01 09:53:37 AM,245.76,10,2457.6,36402042.06999999
2025-08-01 09:53:40 AM,245.95,0,0.0,36402042.06999999
2025-08-01 09:53:41 AM,245.95,50,12297.5,36414339.56999999
2025-08-01 09:53:54 AM,245.99,110,27058.9,36441398.46999999
2025-08-01 09:53:58 AM,246.01,0,0.0,36441398.46999999
2025-08-01 09:54:00 AM,246.01,20,4920.2,36446318.669999994
2025-08-01 09:54:28 AM,246.22,0,0.0,36446318.669999994
2025-08-01 09:54:31 AM,246.22,4,984.88,36447303.55
2025-08-01 09:54:37 AM,246.1,1,246.1,36447549.65
2025-08-01 09:54:43 AM,245.88,120,29505.6,36477055.25
2025-08-01 09:54:49 AM,245.88,10,2458.8,36479514.05
2025-08-01 09:54:53 AM,245.65,0,0.0,36479514.05
2025-08-01 09:54:55 AM,245.65,1,245.65,36479759.699999996
2025-08-01 09:55:00 AM,245.83,50,12291.5,36492051.199999996
2025-08-01 09:55:10 AM,245.9,0,0.0,36492051.199999996
2025-08-01 09:55:12 AM,245.9,20,4918.0,36496969.199999996
2025-08-01 09:55:21 AM,245.89,0,0.0,36496969.199999996
2025-08-01 09:55:24 AM,245.89,2,491.78,36497460.98
2025-08-01 09:56:28 AM,245.99,0,0.0,36497460.98
2025-08-01 09:56:31 AM,245.99,1000,245990.0,36743450.98
2025-08-01 09:56:40 AM,245.68,0,0.0,36743450.98
2025-08-01 09:56:42 AM,245.68,25,6142.0,36749592.98
2025-08-01 09:56:46 AM,245.97,0,0.0,36749592.98
2025-08-01 09:56:49 AM,245.97,100,24597.0,36774189.98
2025-08-01 09:56:58 AM,245.92,0,0.0,36774189.98
2025-08-01 09:57:01 AM,245.98,202,49687.96,36823877.94
2025-08-01 09:57:26 AM,245.7,0,0.0,36823877.94
2025-08-01 09:57:26 AM,245.7,100,24570.0,36848447.94
2025-08-01 09:57:29 AM,245.94,250,61485.0,36909932.94
2025-08-01 09:57:38 AM,245.92,50,12296.0,36922228.94
2025-08-01 09:57:44 AM,245.69,6,1474.1399999999999,36923703.08
2025-08-01 09:58:12 AM,245.56,0,0.0,36923703.08
2025-08-01 09:58:12 AM,245.56,79,19399.24,36943102.32
2025-08-01 09:58:18 AM,245.56,120,29467.2,36972569.52
2025-08-01 09:58:36 AM,245.56,170,41745.2,37014314.720000006
2025-08-01 09:58:55 AM,245.58,0,0.0,37014314.720000006
2025-08-01 09:58:57 AM,245.76,242,59473.92,37073788.64000001
2025-08-01 09:59:07 AM,245.5,6,1473.0,37075261.64000001
2025-08-01 09:59:09 AM,245.0,0,0.0,37075261.64000001
2025-08-01 09:59:10 AM,244.81,42770,10470523.7,47545785.34
2025-08-01 09:59:16 AM,244.67,1,244.67,47546030.010000005
2025-08-01 09:59:17 AM,244.5,0,0.0,47546030.010000005
2025-08-01 09:59:19 AM,244.84,510,124868.40000000001,47670898.410000004
2025-08-01 09:59:36 AM,244.7,0,0.0,47670898.410000004
2025-08-01 09:59:38 AM,244.7,50,12235.0,47683133.410000004
2025-08-01 09:59:41 AM,244.7,1,244.7,47683378.11000001
2025-08-01 09:59:45 AM,244.69,10,2446.9,47685825.010000005
2025-08-01 09:59:47 AM,244.71,100,24471.0,47710296.010000005
2025-08-01 09:59:49 AM,244.5,0,0.0,47710296.010000005
2025-08-01 09:59:51 AM,244.5,943,230563.5,47940859.510000005
2025-08-01 10:00:03 AM,244.4,0,0.0,47940859.510000005
2025-08-01 10:00:03 AM,244.4,47,11486.800000000001,47952346.31
2025-08-01 10:00:12 AM,244.4,6,1466.4,47953812.71
2025-08-01 10:00:22 AM,244.4,8,1955.2,47955767.910000004
2025-08-01 10:00:24 AM,244.52,0,0.0,47955767.910000004
2025-08-01 10:00:25 AM,244.52,313,76534.76000000001,48032302.67
2025-08-01 10:00:47 AM,244.71,0,0.0,48032302.67
2025-08-01 10:00:47 AM,244.53,2,489.06,48032791.730000004
2025-08-01 10:01:11 AM,244.8,0,0.0,48032791.730000004
2025-08-01 10:01:12 AM,244.81,3152,771641.12,48804432.85
2025-08-01 10:01:22 AM,245.23,333,81661.59,48886094.440000005
2025-08-01 10:01:28 AM,245.3,0,0.0,48886094.440000005
2025-08-01 10:01:28 AM,245.3,21,5151.3,48891245.74
2025-08-01 10:02:05 AM,244.94,0,0.0,48891245.74
2025-08-01 10:02:05 AM,244.94,506,123939.64,49015185.38
2025-08-01 10:02:07 AM,245.14,20,4902.799999999999,49020088.18
2025-08-01 10:02:16 AM,244.95,0,0.0,49020088.18
2025-08-01 10:02:18 AM,244.95,25,6123.75,49026211.93
2025-08-01 10:02:26 AM,245.0,350,85750.0,49111961.93
2025-08-01 10:02:42 AM,245.28,0,0.0,49111961.93
2025-08-01 10:02:43 AM,245.28,100,24528.0,49136489.93
2025-08-01 10:02:45 AM,245.32,50,12266.0,49148755.93
2025-08-01 10:03:02 AM,245.0,200,49000.0,49197755.93
2025-08-01 10:03:22 AM,244.81,2150,526341.5,49724097.43
2025-08-01 10:03:35 AM,245.2,0,0.0,49724097.43
2025-08-01 10:03:35 AM,245.2,53,12995.599999999999,49737093.03
2025-08-01 10:03:59 AM,245.28,0,0.0,49737093.03
2025-08-01 10:03:59 AM,245.28,50,12264.0,49749357.03
2025-08-01 10:04:11 AM,245.06,0,0.0,49749357.03
2025-08-01 10:04:12 AM,245.06,15,3675.9,49753032.93
2025-08-01 10:04:20 AM,245.27,0,0.0,49753032.93
2025-08-01 10:04:20 AM,245.27,31,7603.37,49760636.3
2025-08-01 10:04:56 AM,245.3,25,6132.5,49766768.8
2025-08-01 10:05:01 AM,245.27,0,0.0,49766768.8
2025-08-01 10:05:02 AM,245.27,30,7358.1,49774126.9
2025-08-01 10:05:04 AM,245.3,0,0.0,49774126.9
2025-08-01 10:05:04 AM,245.3,1,245.3,49774372.199999996
2025-08-01 10:05:16 AM,245.3,20,4906.0,49779278.199999996
2025-08-01 10:05:20 AM,245.27,0,0.0,49779278.199999996
2025-08-01 10:05:20 AM,245.27,9,2207.4300000000003,49781485.629999995
2025-08-01 10:05:34 AM,245.0,0,0.0,49781485.629999995
2025-08-01 10:05:35 AM,245.0,5091,1247295.0,51028780.629999995
2025-08-01 10:05:49 AM,244.74,0,0.0,51028780.629999995
2025-08-01 10:05:51 AM,244.74,46,11258.04,51040038.669999994
2025-08-01 10:05:59 AM,244.56,0,0.0,51040038.669999994
2025-08-01 10:05:59 AM,244.56,48,11738.880000000001,51051777.55
2025-08-01 10:06:32 AM,244.56,240,58694.4,51110471.949999996
2025-08-01 10:06:38 AM,244.56,60,14673.6,51125145.55
2025-08-01 10:06:43 AM,244.54,0,0.0,51125145.55
2025-08-01 10:06:44 AM,244.54,1000,244540.0,51369685.55
2025-08-01 10:06:46 AM,244.5,1301,318094.5,51687780.05
2025-08-01 10:06:50 AM,244.39,51,12463.89,51700243.94
2025-08-01 10:06:57 AM,244.37,328,80153.36,51780397.3
2025-08-01 10:07:17 AM,244.24,63,15387.12,51795784.419999994
2025-08-01 10:07:22 AM,244.29,91,22230.39,51818014.809999995
2025-08-01 10:07:28 AM,244.44,0,0.0,51818014.809999995
2025-08-01 10:07:28 AM,244.44,60,14666.4,51832681.20999999
2025-08-01 10:07:35 AM,244.47,0,0.0,51832681.20999999
2025-08-01 10:07:36 AM,244.47,1,244.47,51832925.67999999
2025-08-01 10:07:48 AM,244.4,1,244.4,51833170.07999999
2025-08-01 10:07:59 AM,244.36,1,244.36,51833414.43999999
2025-08-01 10:08:57 AM,244.55,0,0.0,51833414.43999999
2025-08-01 10:08:59 AM,244.57,5625,1375706.25,53209120.68999999
2025-08-01 10:09:01 AM,246.57,0,0.0,53209120.68999999
2025-08-01 10:09:01 AM,246.57,18337,4521354.09,57730474.77999999
2025-08-01 10:09:04 AM,246.1,0,0.0,57730474.77999999
2025-08-01 10:09:05 AM,246.1,10445,2570514.5,60300989.27999999
2025-08-01 10:09:06 AM,246.25,0,0.0,60300989.27999999
2025-08-01 10:09:07 AM,246.35,0,0.0,60300989.27999999
2025-08-01 10:09:07 AM,246.35,201,49516.35,60350505.62999999
2025-08-01 10:09:09 AM,246.0,0,0.0,60350505.62999999
2025-08-01 10:09:11 AM,246.25,0,0.0,60350505.62999999
2025-08-01 10:09:11 AM,246.25,2351,578933.75,60929439.37999999
2025-08-01 10:09:13 AM,246.15,0,0.0,60929439.37999999
2025-08-01 10:09:13 AM,246.15,701,172551.15,61101990.52999999
2025-08-01 10:09:15 AM,246.1,0,0.0,61101990.52999999
2025-08-01 10:09:16 AM,246.31,0,0.0,61101990.52999999
2025-08-01 10:09:17 AM,246.31,1301,320449.31,61422439.83999999
2025-08-01 10:09:18 AM,246.27,0,0.0,61422439.83999999
2025-08-01 10:09:19 AM,246.38,0,0.0,61422439.83999999
2025-08-01 10:09:19 AM,246.38,429,105697.02,61528136.85999999
2025-08-01 10:09:21 AM,246.5,0,0.0,61528136.85999999
2025-08-01 10:09:23 AM,246.5,320,78880.0,61607016.85999999
2025-08-01 10:09:24 AM,246.7,0,0.0,61607016.85999999
2025-08-01 10:09:25 AM,246.7,200,49340.0,61656356.85999999
2025-08-01 10:09:27 AM,247.02,0,0.0,61656356.85999999
2025-08-01 10:09:28 AM,246.77,0,0.0,61656356.85999999
2025-08-01 10:09:29 AM,247.06,960,237177.6,61893534.45999999
2025-08-01 10:09:30 AM,247.35,0,0.0,61893534.45999999
2025-08-01 10:09:31 AM,247.41,0,0.0,61893534.45999999
2025-08-01 10:09:31 AM,247.41,1679,415401.39,62308935.849999994
2025-08-01 10:09:33 AM,247.25,0,0.0,62308935.849999994
2025-08-01 10:09:34 AM,247.23,0,0.0,62308935.849999994
2025-08-01 10:09:34 AM,247.16,1695,418936.2,62727872.05
2025-08-01 10:09:36 AM,247.4,0,0.0,62727872.05
2025-08-01 10:09:36 AM,247.79,7500,1858425.0,64586297.05
2025-08-01 10:09:39 AM,247.7,0,0.0,64586297.05
2025-08-01 10:09:40 AM,247.58,0,0.0,64586297.05
2025-08-01 10:09:40 AM,247.58,596,147557.68,64733854.73
2025-08-01 10:09:42 AM,247.7,542,134253.4,64868108.129999995
2025-08-01 10:09:43 AM,247.58,0,0.0,64868108.129999995
2025-08-01 10:09:44 AM,247.6,0,0.0,64868108.129999995
2025-08-01 10:09:45 AM,247.98,0,0.0,64868108.129999995
2025-08-01 10:09:46 AM,247.81,849,210390.69,65078498.81999999
2025-08-01 10:09:48 AM,247.98,353,87536.94,65166035.75999999
2025-08-01 10:09:49 AM,248.08,0,0.0,65166035.75999999
2025-08-01 10:09:49 AM,248.25,0,0.0,65166035.75999999
2025-08-01 10:09:51 AM,248.44,0,0.0,65166035.75999999
2025-08-01 10:09:52 AM,248.13,0,0.0,65166035.75999999
2025-08-01 10:09:52 AM,248.13,2601,645386.13,65811421.88999999
2025-08-01 10:09:53 AM,248.22,817,202795.74,66014217.629999995
2025-08-01 10:09:55 AM,248.4,0,0.0,66014217.629999995
2025-08-01 10:09:57 AM,248.3,5677,1409599.1,67423816.72999999
2025-08-01 10:09:58 AM,248.35,0,0.0,67423816.72999999
2025-08-01 10:09:59 AM,248.32,0,0.0,67423816.72999999
2025-08-01 10:09:59 AM,248.32,112,27811.84,67451628.57
2025-08-01 10:10:00 AM,247.95,0,0.0,67451628.57
2025-08-01 10:10:00 AM,247.95,2571,637479.45,68089108.02
2025-08-01 10:10:01 AM,247.75,0,0.0,68089108.02
2025-08-01 10:10:01 AM,247.75,1005,248988.75,68338096.77
2025-08-01 10:10:02 AM,247.76,0,0.0,68338096.77
2025-08-01 10:10:02 AM,247.76,311,77053.36,68415150.13
2025-08-01 10:10:03 AM,247.58,215,53229.700000000004,68468379.83
2025-08-01 10:10:04 AM,247.68,0,0.0,68468379.83
2025-08-01 10:10:04 AM,247.68,50,12384.0,68480763.83
2025-08-01 10:10:04 AM,247.66,10,2476.6,68483240.42999999
2025-08-01 10:10:05 AM,247.39,500,123695.0,68606935.42999999
2025-08-01 10:10:06 AM,247.57,0,0.0,68606935.42999999
2025-08-01 10:10:06 AM,247.57,50,12378.5,68619313.92999999
2025-08-01 10:10:08 AM,247.56,0,0.0,68619313.92999999
2025-08-01 10:10:08 AM,247.56,1000,247560.0,68866873.92999999
2025-08-01 10:10:08 AM,247.58,150,37137.0,68904010.92999999
2025-08-01 10:10:10 AM,247.58,1,247.58,68904258.50999999
2025-08-01 10:10:10 AM,247.58,100,24758.0,68929016.50999999
2025-08-01 10:10:11 AM,247.66,0,0.0,68929016.50999999
2025-08-01 10:10:11 AM,247.66,450,111447.0,69040463.50999999
2025-08-01 10:10:11 AM,247.67,300,74301.0,69114764.50999999
2025-08-01 10:10:12 AM,247.7,20,4954.0,69119718.50999999
2025-08-01 10:10:13 AM,247.76,0,0.0,69119718.50999999
2025-08-01 10:10:13 AM,247.57,535,132449.94999999998,69252168.46
2025-08-01 10:10:14 AM,247.72,500,123860.0,69376028.46
2025-08-01 10:10:14 AM,247.91,0,0.0,69376028.46
2025-08-01 10:10:14 AM,247.91,500,123955.0,69499983.46
2025-08-01 10:10:15 AM,247.91,25,6197.75,69506181.21
2025-08-01 10:10:16 AM,247.92,100,24792.0,69530973.21
2025-08-01 10:10:17 AM,247.97,0,0.0,69530973.21
2025-08-01 10:10:17 AM,247.97,144,35707.68,69566680.89
2025-08-01 10:10:17 AM,247.94,2748,681339.12,70248020.01
2025-08-01 10:10:18 AM,248.04,0,0.0,70248020.01
2025-08-01 10:10:18 AM,248.04,25,6201.0,70254221.01
2025-08-01 10:10:19 AM,248.06,0,0.0,70254221.01
2025-08-01 10:10:19 AM,248.06,200,49612.0,70303833.01
2025-08-01 10:10:20 AM,248.05,93,23068.65,70326901.66000001
2025-08-01 10:10:20 AM,248.08,25,6202.0,70333103.66000001
2025-08-01 10:10:21 AM,248.4,0,0.0,70333103.66000001
2025-08-01 10:10:21 AM,248.4,1500,372600.0,70705703.66000001
2025-08-01 10:10:22 AM,248.11,0,0.0,70705703.66000001
2025-08-01 10:10:22 AM,248.11,25,6202.75,70711906.41000001
2025-08-01 10:10:22 AM,248.11,1,248.11,70712154.52000001
2025-08-01 10:10:25 AM,248.35,0,0.0,70712154.52000001
2025-08-01 10:10:25 AM,248.35,400,99340.0,70811494.52000001
2025-08-01 10:10:25 AM,248.16,1,248.16,70811742.68
2025-08-01 10:10:27 AM,248.4,0,0.0,70811742.68
2025-08-01 10:10:27 AM,248.4,169,41979.6,70853722.28
2025-08-01 10:10:28 AM,248.18,240,59563.200000000004,70913285.48
2025-08-01 10:10:29 AM,248.32,500,124160.0,71037445.48
2025-08-01 10:10:30 AM,248.32,120,29798.399999999998,71067243.88000001
2025-08-01 10:10:31 AM,248.18,0,0.0,71067243.88000001
2025-08-01 10:10:31 AM,248.32,155,38489.6,71105733.48
2025-08-01 10:10:32 AM,248.3,0,0.0,71105733.48
2025-08-01 10:10:32 AM,248.55,1333,331317.15,71437050.63000001
2025-08-01 10:10:32 AM,248.62,30,7458.6,71444509.23
2025-08-01 10:10:33 AM,248.34,0,0.0,71444509.23
2025-08-01 10:10:33 AM,248.4,510,126684.0,71571193.23
2025-08-01 10:10:33 AM,248.62,59,14668.58,71585861.81
2025-08-01 10:10:34 AM,248.4,0,0.0,71585861.81
2025-08-01 10:10:34 AM,248.62,75,18646.5,71604508.31
2025-08-01 10:10:36 AM,248.4,0,0.0,71604508.31
2025-08-01 10:10:36 AM,248.4,4,993.6,71605501.91
2025-08-01 10:10:36 AM,248.63,2,497.26,71605999.17
2025-08-01 10:10:37 AM,248.63,50,12431.5,71618430.67
2025-08-01 10:10:37 AM,248.62,1100,273482.0,71891912.67
2025-08-01 10:10:38 AM,248.71,0,0.0,71891912.67
2025-08-01 10:10:38 AM,248.71,500,124355.0,72016267.67
2025-08-01 10:10:39 AM,248.47,227,56402.69,72072670.36
2025-08-01 10:10:40 AM,248.7,0,0.0,72072670.36
2025-08-01 10:10:40 AM,248.66,0,0.0,72072670.36
2025-08-01 10:10:40 AM,248.62,531,132017.22,72204687.58
2025-08-01 10:10:40 AM,248.66,10,2486.6,72207174.17999999
2025-08-01 10:10:41 AM,248.5,0,0.0,72207174.17999999
2025-08-01 10:10:41 AM,248.5,50,12425.0,72219599.17999999
2025-08-01 10:10:42 AM,248.21,2074,514787.54000000004,72734386.72
2025-08-01 10:10:43 AM,248.38,0,0.0,72734386.72
2025-08-01 10:10:43 AM,248.38,100,24838.0,72759224.72
2025-08-01 10:10:43 AM,248.38,50,12419.0,72771643.72
2025-08-01 10:10:44 AM,248.38,35,8693.3,72780337.02
2025-08-01 10:10:45 AM,248.26,0,0.0,72780337.02
2025-08-01 10:10:45 AM,248.27,0,0.0,72780337.02
2025-08-01 10:10:45 AM,248.27,726,180244.02000000002,72960581.03999999
2025-08-01 10:10:46 AM,248.04,0,0.0,72960581.03999999
2025-08-01 10:10:46 AM,248.04,1,248.04,72960829.08
2025-08-01 10:10:46 AM,248.39,400,99356.0,73060185.08
2025-08-01 10:10:47 AM,248.08,0,0.0,73060185.08
2025-08-01 10:10:47 AM,248.08,8,1984.64,73062169.72
2025-08-01 10:10:47 AM,248.3,51,12663.300000000001,73074833.02
2025-08-01 10:10:48 AM,248.07,0,0.0,73074833.02
2025-08-01 10:10:48 AM,248.07,260,64498.2,73139331.22
2025-08-01 10:10:48 AM,248.33,22,5463.26,73144794.48
2025-08-01 10:10:49 AM,248.39,0,0.0,73144794.48
2025-08-01 10:10:49 AM,248.12,100,24812.0,73169606.48
2025-08-01 10:10:50 AM,248.38,0,0.0,73169606.48
2025-08-01 10:10:50 AM,248.41,0,0.0,73169606.48
2025-08-01 10:10:50 AM,248.41,1200,298092.0,73467698.48
2025-08-01 10:10:50 AM,248.4,100,24840.0,73492538.48
2025-08-01 10:10:51 AM,248.44,0,0.0,73492538.48
2025-08-01 10:10:51 AM,248.44,250,62110.0,73554648.48
2025-08-01 10:10:51 AM,248.43,24,5962.32,73560610.8
2025-08-01 10:10:52 AM,248.43,25,6210.75,73566821.55
2025-08-01 10:10:53 AM,248.43,105,26085.15,73592906.7
2025-08-01 10:10:54 AM,248.44,10,2484.4,73595391.10000001
2025-08-01 10:10:54 AM,248.49,431,107099.19,73702490.29
2025-08-01 10:10:55 AM,248.49,30,7454.700000000001,73709944.99000001
2025-08-01 10:10:56 AM,248.5,0,0.0,73709944.99000001
2025-08-01 10:10:56 AM,248.5,500,124250.0,73834194.99000001
2025-08-01 10:10:57 AM,248.5,105,26092.5,73860287.49000001
2025-08-01 10:10:58 AM,248.49,0,0.0,73860287.49000001
2025-08-01 10:10:58 AM,248.49,40,9939.6,73870227.09
2025-08-01 10:10:59 AM,248.35,0,0.0,73870227.09
2025-08-01 10:10:59 AM,248.35,14,3476.9,73873703.99000001
2025-08-01 10:11:00 AM,248.49,0,0.0,73873703.99000001
2025-08-01 10:11:00 AM,248.49,522,129711.78,74003415.77000001
2025-08-01 10:11:00 AM,248.5,97,24104.5,74027520.27000001
2025-08-01 10:11:01 AM,248.45,333,82733.84999999999,74110254.12
2025-08-01 10:11:01 AM,248.45,96,23851.199999999997,74134105.32000001
2025-08-01 10:11:03 AM,248.5,200,49700.0,74183805.32000001
2025-08-01 10:11:04 AM,248.5,200,49700.0,74233505.32000001
2025-08-01 10:11:05 AM,248.5,500,124250.0,74357755.32000001
2025-08-01 10:11:05 AM,248.5,500,124250.0,74482005.32000001
2025-08-01 10:11:06 AM,248.22,5199,1290495.78,75772501.10000001
2025-08-01 10:11:08 AM,248.38,0,0.0,75772501.10000001
2025-08-01 10:11:08 AM,248.38,300,74514.0,75847015.10000001
2025-08-01 10:11:09 AM,248.43,350,86950.5,75933965.60000001
2025-08-01 10:11:10 AM,248.44,250,62110.0,75996075.60000001
2025-08-01 10:11:12 AM,247.87,1998,495244.26,76491319.86000001
2025-08-01 10:11:13 AM,247.96,0,0.0,76491319.86000001
2025-08-01 10:11:13 AM,247.96,34,8430.64,76499750.50000001
2025-08-01 10:11:13 AM,247.95,1,247.95,76499998.45000002
2025-08-01 10:11:14 AM,248.06,0,0.0,76499998.45000002
2025-08-01 10:11:14 AM,248.06,40,9922.4,76509920.85000002
2025-08-01 10:11:15 AM,248.07,125,31008.75,76540929.60000002
2025-08-01 10:11:16 AM,248.28,0,0.0,76540929.60000002
2025-08-01 10:11:16 AM,248.28,830,206072.4,76747002.00000003
2025-08-01 10:11:16 AM,248.28,50,12414.0,76759416.00000003
2025-08-01 10:11:17 AM,248.03,0,0.0,76759416.00000003
2025-08-01 10:11:17 AM,248.03,10,2480.3,76761896.30000003
2025-08-01 10:11:17 AM,248.0,134,33232.0,76795128.30000003
2025-08-01 10:11:19 AM,247.49,1034,255904.66,77051032.96000002
2025-08-01 10:11:21 AM,247.56,0,0.0,77051032.96000002
2025-08-01 10:11:21 AM,247.56,105,25993.8,77077026.76000002
2025-08-01 10:11:22 AM,247.59,0,0.0,77077026.76000002
2025-08-01 10:11:22 AM,247.59,50,12379.5,77089406.26000002
2025-08-01 10:11:22 AM,247.49,200,49498.0,77138904.26000002
2025-08-01 10:11:23 AM,247.52,0,0.0,77138904.26000002
2025-08-01 10:11:23 AM,247.52,3,742.5600000000001,77139646.82000002
2025-08-01 10:11:23 AM,247.52,100,24752.0,77164398.82000002
2025-08-01 10:11:24 AM,247.59,0,0.0,77164398.82000002
2025-08-01 10:11:24 AM,247.59,50,12379.5,77176778.32000002
2025-08-01 10:11:26 AM,247.32,0,0.0,77176778.32000002
2025-08-01 10:11:26 AM,247.32,160,39571.2,77216349.52000003
2025-08-01 10:11:26 AM,247.48,5,1237.3999999999999,77217586.92000003
2025-08-01 10:11:27 AM,247.48,30,7424.4,77225011.32000004
2025-08-01 10:11:27 AM,247.57,1,247.57,77225258.89000003
2025-08-01 10:11:29 AM,247.59,0,0.0,77225258.89000003
2025-08-01 10:11:29 AM,247.59,10,2475.9,77227734.79000004
2025-08-01 10:11:30 AM,247.19,779,192561.01,77420295.80000004
2025-08-01 10:11:30 AM,247.06,222,54847.32,77475143.12000003
2025-08-01 10:11:31 AM,247.22,0,0.0,77475143.12000003
2025-08-01 10:11:31 AM,247.22,430,106304.6,77581447.72000003
2025-08-01 10:11:32 AM,247.18,4,988.72,77582436.44000003
2025-08-01 10:11:34 AM,247.16,0,0.0,77582436.44000003
2025-08-01 10:11:34 AM,247.16,5,1235.8,77583672.24000002
2025-08-01 10:11:35 AM,247.1,11,2718.1,77586390.34000002
2025-08-01 10:11:36 AM,247.1,250,61775.0,77648165.34000002
2025-08-01 10:11:37 AM,247.19,0,0.0,77648165.34000002
2025-08-01 10:11:37 AM,247.23,121,29914.829999999998,77678080.17000002
2025-08-01 10:11:38 AM,247.25,0,0.0,77678080.17000002
2025-08-01 10:11:38 AM,247.25,10,2472.5,77680552.67000002
2025-08-01 10:11:38 AM,247.12,0,0.0,77680552.67000002
2025-08-01 10:11:38 AM,247.33,109,26958.97,77707511.64000002
2025-08-01 10:11:40 AM,247.2,0,0.0,77707511.64000002
2025-08-01 10:11:40 AM,247.4,24,5937.6,77713449.24000001
2025-08-01 10:11:42 AM,247.45,5,1237.25,77714686.49000001
2025-08-01 10:11:43 AM,247.47,0,0.0,77714686.49000001
2025-08-01 10:11:43 AM,247.47,596,147492.12,77862178.61000001
2025-08-01 10:11:49 AM,247.4,0,0.0,77862178.61000001
2025-08-01 10:11:49 AM,247.4,22,5442.8,77867621.41000001
2025-08-01 10:11:50 AM,247.42,0,0.0,77867621.41000001
2025-08-01 10:11:50 AM,247.43,31,7670.33,77875291.74000001
2025-08-01 10:11:55 AM,247.45,0,0.0,77875291.74000001
2025-08-01 10:11:55 AM,247.45,39,9650.55,77884942.29
2025-08-01 10:11:57 AM,247.45,64,15836.8,77900779.09
2025-08-01 10:11:58 AM,247.28,0,0.0,77900779.09
2025-08-01 10:11:58 AM,247.28,52,12858.56,77913637.65
2025-08-01 10:11:59 AM,247.35,0,0.0,77913637.65
2025-08-01 10:11:59 AM,247.35,2,494.7,77914132.35000001
2025-08-01 10:12:00 AM,247.35,20,4947.0,77919079.35000001
2025-08-01 10:12:01 AM,247.4,175,43295.0,77962374.35000001
2025-08-01 10:12:03 AM,247.41,0,0.0,77962374.35000001
2025-08-01 10:12:03 AM,247.41,20,4948.2,77967322.55000001
2025-08-01 10:12:06 AM,247.4,0,0.0,77967322.55000001
2025-08-01 10:12:06 AM,247.4,25,6185.0,77973507.55000001
2025-08-01 10:12:07 AM,246.96,4284,1057976.6400000001,79031484.19000001
2025-08-01 10:12:10 AM,247.16,500,123580.0,79155064.19000001
2025-08-01 10:12:11 AM,247.25,0,0.0,79155064.19000001
2025-08-01 10:12:11 AM,247.25,100,24725.0,79179789.19000001
2025-08-01 10:12:12 AM,246.92,0,0.0,79179789.19000001
2025-08-01 10:12:12 AM,247.02,652,161057.04,79340846.23000002
2025-08-01 10:12:18 AM,247.0,0,0.0,79340846.23000002
2025-08-01 10:12:18 AM,247.0,100,24700.0,79365546.23000002
2025-08-01 10:12:22 AM,247.0,301,74347.0,79439893.23000002
2025-08-01 10:12:28 AM,246.99,0,0.0,79439893.23000002
2025-08-01 10:12:28 AM,246.98,70,17288.6,79457181.83000001
2025-08-01 10:12:29 AM,247.06,225,55588.5,79512770.33000001
2025-08-01 10:12:31 AM,247.0,1,247.0,79513017.33000001
2025-08-01 10:12:32 AM,246.87,0,0.0,79513017.33000001
2025-08-01 10:12:32 AM,246.87,15,3703.05,79516720.38000001
2025-08-01 10:12:34 AM,247.06,0,0.0,79516720.38000001
2025-08-01 10:12:34 AM,247.06,2,494.12,79517214.50000001
2025-08-01 10:12:38 AM,246.88,1,246.88,79517461.38000001
2025-08-01 10:12:39 AM,246.88,100,24688.0,79542149.38000001
2025-08-01 10:12:41 AM,246.94,0,0.0,79542149.38000001
2025-08-01 10:12:41 AM,246.94,63,15557.22,79557706.60000001
2025-08-01 10:12:42 AM,247.25,500,123625.0,79681331.60000001
2025-08-01 10:12:46 AM,247.31,70,17311.7,79698643.30000001
2025-08-01 10:12:51 AM,247.0,0,0.0,79698643.30000001
2025-08-01 10:12:51 AM,247.0,442,109174.0,79807817.30000001
2025-08-01 10:12:52 AM,247.01,0,0.0,79807817.30000001
2025-08-01 10:12:52 AM,247.01,25,6175.25,79813992.55000001
2025-08-01 10:12:53 AM,247.01,2,494.02,79814486.57000001
2025-08-01 10:12:53 AM,247.0,250,61750.0,79876236.57000001
2025-08-01 10:12:56 AM,247.01,0,0.0,79876236.57000001
2025-08-01 10:12:56 AM,247.0,251,61997.0,79938233.57000001
2025-08-01 10:12:57 AM,247.0,1,247.0,79938480.57000001
2025-08-01 10:13:00 AM,246.99,10,2469.9,79940950.47000001
2025-08-01 10:13:22 AM,246.74,150,37011.0,79977961.47000001
2025-08-01 10:13:33 AM,246.98,0,0.0,79977961.47000001
2025-08-01 10:13:34 AM,246.98,110,27167.8,80005129.27000001
2025-08-01 10:13:51 AM,246.99,0,0.0,80005129.27000001
2025-08-01 10:13:52 AM,246.99,40,9879.6,80015008.87
2025-08-01 10:13:57 AM,246.98,0,0.0,80015008.87
2025-08-01 10:13:58 AM,246.98,18,4445.639999999999,80019454.51
2025-08-01 10:14:00 AM,246.99,0,0.0,80019454.51
2025-08-01 10:14:04 AM,246.98,35,8644.3,80028098.81
2025-08-01 10:14:06 AM,246.99,0,0.0,80028098.81
2025-08-01 10:14:09 AM,246.99,50,12349.5,80040448.31
2025-08-01 10:14:12 AM,246.96,0,0.0,80040448.31
2025-08-01 10:14:15 AM,247.19,0,0.0,80040448.31
2025-08-01 10:14:15 AM,247.19,2850,704491.5,80744939.81
2025-08-01 10:14:19 AM,247.22,0,0.0,80744939.81
2025-08-01 10:14:21 AM,247.22,5,1236.1,80746175.91
2025-08-01 10:14:27 AM,247.31,0,0.0,80746175.91
2025-08-01 10:14:27 AM,247.31,200,49462.0,80795637.91
2025-08-01 10:14:32 AM,247.02,59,14574.18,80810212.09
2025-08-01 10:14:36 AM,247.08,0,0.0,80810212.09
2025-08-01 10:14:38 AM,247.12,164,40527.68,80850739.77000001
2025-08-01 10:14:42 AM,247.02,0,0.0,80850739.77000001
2025-08-01 10:14:44 AM,247.02,100,24702.0,80875441.77000001
2025-08-01 10:14:50 AM,247.08,0,0.0,80875441.77000001
2025-08-01 10:14:50 AM,247.08,234,57816.72,80933258.49000001
2025-08-01 10:14:56 AM,247.03,0,0.0,80933258.49000001
2025-08-01 10:14:56 AM,247.03,18,4446.54,80937705.03000002
2025-08-01 10:15:04 AM,247.23,0,0.0,80937705.03000002
2025-08-01 10:15:07 AM,247.23,81,20025.629999999997,80957730.66000001
2025-08-01 10:15:16 AM,247.41,0,0.0,80957730.66000001
2025-08-01 10:15:19 AM,247.41,972,240482.52,81198213.18
2025-08-01 10:15:26 AM,247.24,0,0.0,81198213.18
2025-08-01 10:15:26 AM,247.24,10,2472.4,81200685.58000001
2025-08-01 10:15:27 AM,247.36,0,0.0,81200685.58000001
2025-08-01 10:15:29 AM,247.25,0,0.0,81200685.58000001
2025-08-01 10:15:31 AM,247.25,1116,275931.0,81476616.58000001
2025-08-01 10:15:33 AM,247.44,0,0.0,81476616.58000001
2025-08-01 10:15:37 AM,247.24,0,0.0,81476616.58000001
2025-08-01 10:15:37 AM,247.24,11,2719.6400000000003,81479336.22000001
2025-08-01 10:15:48 AM,247.26,0,0.0,81479336.22000001
2025-08-01 10:15:49 AM,247.26,11,2719.8599999999997,81482056.08000001
2025-08-01 10:15:52 AM,247.25,0,0.0,81482056.08000001
2025-08-01 10:15:53 AM,247.22,0,0.0,81482056.08000001
2025-08-01 10:15:55 AM,247.22,159,39307.98,81521364.06000002
2025-08-01 10:16:00 AM,247.27,0,0.0,81521364.06000002
2025-08-01 10:16:01 AM,247.27,10,2472.7000000000003,81523836.76000002
2025-08-01 10:16:02 AM,247.04,0,0.0,81523836.76000002
2025-08-01 10:16:06 AM,247.04,100,24704.0,81548540.76000002
2025-08-01 10:16:11 AM,247.26,0,0.0,81548540.76000002
2025-08-01 10:16:12 AM,247.26,33,8159.58,81556700.34000002
2025-08-01 10:16:14 AM,247.27,0,0.0,81556700.34000002
2025-08-01 10:16:18 AM,247.27,50,12363.5,81569063.84000002
2025-08-01 10:16:27 AM,247.32,0,0.0,81569063.84000002
2025-08-01 10:16:29 AM,247.07,0,0.0,81569063.84000002
2025-08-01 10:16:30 AM,247.07,982,242622.74,81811686.58000001
2025-08-01 10:16:36 AM,247.23,0,0.0,81811686.58000001
2025-08-01 10:16:36 AM,247.23,26,6427.98,81818114.56000002
2025-08-01 10:16:38 AM,247.0,0,0.0,81818114.56000002
2025-08-01 10:16:42 AM,247.0,201,49647.0,81867761.56000002
2025-08-01 10:16:53 AM,247.29,0,0.0,81867761.56000002
2025-08-01 10:16:53 AM,247.29,200,49458.0,81917219.56000002
2025-08-01 10:17:03 AM,247.27,0,0.0,81917219.56000002
2025-08-01 10:17:04 AM,247.27,1,247.27,81917466.83000001
2025-08-01 10:17:08 AM,247.03,0,0.0,81917466.83000001
2025-08-01 10:17:09 AM,247.03,75,18527.25,81935994.08000001
2025-08-01 10:17:11 AM,247.01,0,0.0,81935994.08000001
2025-08-01 10:17:15 AM,247.01,2,494.02,81936488.10000001
2025-08-01 10:17:26 AM,247.25,0,0.0,81936488.10000001
2025-08-01 10:17:27 AM,247.25,148,36593.0,81973081.10000001
2025-08-01 10:17:33 AM,247.37,405,100184.85,82073265.95
2025-08-01 10:17:48 AM,247.33,0,0.0,82073265.95
2025-08-01 10:17:50 AM,247.13,0,0.0,82073265.95
2025-08-01 10:17:50 AM,247.13,575,142099.75,82215365.7
2025-08-01 10:17:54 AM,247.0,0,0.0,82215365.7
2025-08-01 10:17:56 AM,247.0,27,6669.0,82222034.7
2025-08-01 10:18:02 AM,247.13,0,0.0,82222034.7
2025-08-01 10:18:02 AM,247.13,31,7661.03,82229695.73
2025-08-01 10:18:09 AM,247.16,0,0.0,82229695.73
2025-08-01 10:18:14 AM,247.16,50,12358.0,82242053.73
2025-08-01 10:18:18 AM,247.2,0,0.0,82242053.73
2025-08-01 10:18:19 AM,247.2,25,6180.0,82248233.73
2025-08-01 10:18:23 AM,247.13,0,0.0,82248233.73
2025-08-01 10:18:25 AM,247.13,1628,402327.64,82650561.37
2025-08-01 10:18:28 AM,247.11,0,0.0,82650561.37
2025-08-01 10:18:31 AM,247.23,0,0.0,82650561.37
2025-08-01 10:18:31 AM,247.23,155,38320.65,82688882.02000001
2025-08-01 10:18:37 AM,247.12,55,13591.6,82702473.62
2025-08-01 10:18:48 AM,247.12,20,4942.4,82707416.02000001
2025-08-01 10:18:51 AM,247.35,0,0.0,82707416.02000001
2025-08-01 10:18:54 AM,247.35,20,4947.0,82712363.02000001
2025-08-01 10:19:01 AM,247.38,0,0.0,82712363.02000001
2025-08-01 10:19:03 AM,247.15,0,0.0,82712363.02000001
2025-08-01 10:19:05 AM,247.15,241,59563.15,82771926.17000002
2025-08-01 10:19:16 AM,247.33,0,0.0,82771926.17000002
2025-08-01 10:19:17 AM,247.33,5,1236.65,82773162.82000002
2025-08-01 10:19:28 AM,247.33,100,24733.0,82797895.82000002
2025-08-01 10:19:34 AM,247.33,2,494.66,82798390.48000002
2025-08-01 10:19:43 AM,247.16,0,0.0,82798390.48000002
2025-08-01 10:19:45 AM,247.05,504,124513.20000000001,82922903.68000002
2025-08-01 10:19:49 AM,247.16,0,0.0,82922903.68000002
2025-08-01 10:19:51 AM,247.16,10,2471.6,82925375.28000002
2025-08-01 10:19:55 AM,247.21,0,0.0,82925375.28000002
2025-08-01 10:19:57 AM,247.21,50,12360.5,82937735.78000002
2025-08-01 10:20:01 AM,247.06,0,0.0,82937735.78000002
2025-08-01 10:20:02 AM,247.06,41,10129.460000000001,82947865.24000001
2025-08-01 10:20:07 AM,247.01,0,0.0,82947865.24000001
2025-08-01 10:20:07 AM,247.01,200,49402.0,82997267.24000001
2025-08-01 10:20:13 AM,247.19,0,0.0,82997267.24000001
2025-08-01 10:20:13 AM,247.19,3,741.5699999999999,82998008.81
2025-08-01 10:20:26 AM,247.19,45,11123.55,83009132.36
2025-08-01 10:20:45 AM,247.19,15,3707.85,83012840.21
2025-08-01 10:21:06 AM,247.05,215,53115.75,83065955.96
2025-08-01 10:21:19 AM,247.03,500,123515.0,83189470.96
2025-08-01 10:21:44 AM,247.19,44,10876.36,83200347.32
2025-08-01 10:22:09 AM,247.28,200,49456.0,83249803.32
2025-08-01 10:22:19 AM,247.32,3,741.96,83250545.27999999
2025-08-01 10:22:21 AM,247.19,0,0.0,83250545.27999999
2025-08-01 10:22:21 AM,247.19,39,9640.41,83260185.68999998
2025-08-01 10:22:24 AM,247.28,0,0.0,83260185.68999998
2025-08-01 10:22:25 AM,247.28,15,3709.2,83263894.88999999
2025-08-01 10:22:27 AM,247.28,2,494.56,83264389.44999999
2025-08-01 10:22:30 AM,247.33,0,0.0,83264389.44999999
2025-08-01 10:22:31 AM,247.33,149,36852.17,83301241.61999999
2025-08-01 10:22:38 AM,247.49,351,86868.99,83388110.60999998
2025-08-01 10:22:44 AM,247.21,550,135965.5,83524076.10999998
2025-08-01 10:23:02 AM,247.38,0,0.0,83524076.10999998
2025-08-01 10:23:03 AM,247.21,85,21012.850000000002,83545088.95999998
2025-08-01 10:23:09 AM,247.38,0,0.0,83545088.95999998
2025-08-01 10:23:09 AM,247.38,50,12369.0,83557457.95999998
2025-08-01 10:23:12 AM,247.38,50,12369.0,83569826.95999998
2025-08-01 10:23:21 AM,247.2,65,16068.0,83585894.95999998
2025-08-01 10:23:30 AM,247.19,0,0.0,83585894.95999998
2025-08-01 10:23:30 AM,247.19,84,20763.96,83606658.91999997
2025-08-01 10:23:58 AM,247.2,25,6180.0,83612838.91999997
2025-08-01 10:24:25 AM,247.15,100,24715.0,83637553.91999997
2025-08-01 10:24:31 AM,247.15,50,12357.5,83649911.41999997
2025-08-01 10:24:42 AM,247.15,5851,1446074.6500000001,85095986.06999998
2025-08-01 10:24:45 AM,247.04,0,0.0,85095986.06999998
2025-08-01 10:24:47 AM,247.04,6,1482.24,85097468.30999997
2025-08-01 10:24:59 AM,247.0,0,0.0,85097468.30999997
2025-08-01 10:25:00 AM,247.02,1533,378681.66000000003,85476149.96999997
2025-08-01 10:25:40 AM,247.11,10,2471.1000000000004,85478621.06999996
2025-08-01 10:25:42 AM,247.02,0,0.0,85478621.06999996
2025-08-01 10:25:44 AM,247.02,42,10374.84,85488995.90999997
2025-08-01 10:26:13 AM,247.0,0,0.0,85488995.90999997
2025-08-01 10:26:13 AM,247.0,50,12350.0,85501345.90999997
2025-08-01 10:26:16 AM,247.01,0,0.0,85501345.90999997
2025-08-01 10:26:17 AM,247.01,182,44955.82,85546301.72999996
2025-08-01 10:26:18 AM,247.02,0,0.0,85546301.72999996
2025-08-01 10:26:19 AM,247.14,0,0.0,85546301.72999996
2025-08-01 10:26:19 AM,247.14,57,14086.98,85560388.70999996
2025-08-01 10:26:31 AM,247.02,45,11115.9,85571504.60999997
2025-08-01 10:26:48 AM,247.02,123,30383.460000000003,85601888.06999996
2025-08-01 10:27:15 AM,247.1,0,0.0,85601888.06999996
2025-08-01 10:27:17 AM,247.1,250,61775.0,85663663.06999996
2025-08-01 10:27:36 AM,247.13,0,0.0,85663663.06999996
2025-08-01 10:27:36 AM,247.13,1,247.13,85663910.19999996
2025-08-01 10:28:19 AM,247.13,13,3212.69,85667122.88999996
2025-08-01 10:28:20 AM,247.25,0,0.0,85667122.88999996
2025-08-01 10:28:22 AM,247.25,100,24725.0,85691847.88999996
2025-08-01 10:28:31 AM,247.1,0,0.0,85691847.88999996
2025-08-01 10:28:33 AM,247.1,100,24710.0,85716557.88999996
2025-08-01 10:28:55 AM,247.1,25,6177.5,85722735.38999996
2025-08-01 10:29:23 AM,247.24,30,7417.200000000001,85730152.58999996
2025-08-01 10:29:25 AM,247.0,0,0.0,85730152.58999996
2025-08-01 10:29:26 AM,247.0,621,153387.0,85883539.58999996
2025-08-01 10:29:34 AM,247.08,87,21495.960000000003,85905035.54999995
2025-08-01 10:29:51 AM,247.05,52,12846.6,85917882.14999995
2025-08-01 10:29:53 AM,246.9,0,0.0,85917882.14999995
2025-08-01 10:29:54 AM,246.9,125,30862.5,85948744.64999995
2025-08-01 10:30:02 AM,246.91,5,1234.55,85949979.19999994
2025-08-01 10:30:08 AM,246.91,195,48147.45,85998126.64999995
2025-08-01 10:30:29 AM,247.08,0,0.0,85998126.64999995
2025-08-01 10:30:31 AM,247.08,816,201617.28,86199743.92999995
2025-08-01 10:30:38 AM,247.1,0,0.0,86199743.92999995
2025-08-01 10:30:39 AM,247.1,90,22239.0,86221982.92999995
2025-08-01 10:30:44 AM,247.13,0,0.0,86221982.92999995
2025-08-01 10:30:45 AM,247.13,34,8402.42,86230385.34999995
2025-08-01 10:30:47 AM,247.32,0,0.0,86230385.34999995
2025-08-01 10:30:48 AM,247.32,76,18796.32,86249181.66999994
2025-08-01 10:30:54 AM,247.35,200,49470.0,86298651.66999994
2025-08-01 10:30:56 AM,247.38,100,24738.0,86323389.66999994
2025-08-01 10:31:01 AM,247.47,0,0.0,86323389.66999994
2025-08-01 10:31:02 AM,247.47,200,49494.0,86372883.66999994
2025-08-01 10:31:05 AM,247.45,50,12372.5,86385256.16999994
2025-08-01 10:31:16 AM,247.49,0,0.0,86385256.16999994
2025-08-01 10:31:17 AM,247.49,20,4949.8,86390205.96999994
2025-08-01 10:31:28 AM,247.6,0,0.0,86390205.96999994
2025-08-01 10:31:28 AM,247.6,2317,573689.2,86963895.16999994
2025-08-01 10:31:49 AM,247.69,0,0.0,86963895.16999994
2025-08-01 10:31:50 AM,247.69,50,12384.5,86976279.66999994
2025-08-01 10:31:52 AM,247.56,0,0.0,86976279.66999994
2025-08-01 10:31:54 AM,247.56,1000,247560.0,87223839.66999994
2025-08-01 10:31:58 AM,247.47,0,0.0,87223839.66999994
2025-08-01 10:31:58 AM,247.46,0,0.0,87223839.66999994
2025-08-01 10:32:00 AM,247.46,3900,965094.0,88188933.66999994
2025-08-01 10:32:39 AM,247.5,207,51232.5,88240166.16999994
2025-08-01 10:33:06 AM,247.6,0,0.0,88240166.16999994
2025-08-01 10:33:07 AM,247.6,224,55462.4,88295628.56999995
2025-08-01 10:33:16 AM,247.6,5,1238.0,88296866.56999995
2025-08-01 10:33:52 AM,247.6,95,23522.0,88320388.56999995
2025-08-01 10:34:11 AM,247.63,0,0.0,88320388.56999995
2025-08-01 10:34:11 AM,247.63,520,128767.59999999999,88449156.16999994
2025-08-01 10:34:13 AM,247.68,0,0.0,88449156.16999994
2025-08-01 10:34:15 AM,247.68,50,12384.0,88461540.16999994
2025-08-01 10:34:32 AM,247.6,100,24760.0,88486300.16999994
2025-08-01 10:34:33 AM,247.6,100,24760.0,88511060.16999994
2025-08-01 10:34:49 AM,247.6,93,23026.8,88534086.96999994
2025-08-01 10:34:55 AM,247.6,1,247.6,88534334.56999993
2025-08-01 10:35:08 AM,247.6,18,4456.8,88538791.36999993
2025-08-01 10:35:20 AM,247.6,101,25007.6,88563798.96999992
2025-08-01 10:35:31 AM,247.6,100,24760.0,88588558.96999992
2025-08-01 10:35:37 AM,247.41,224,55419.84,88643978.80999993
2025-08-01 10:35:43 AM,247.52,0,0.0,88643978.80999993
2025-08-01 10:35:46 AM,247.52,21,5197.92,88649176.72999993
2025-08-01 10:36:02 AM,247.31,0,0.0,88649176.72999993
2025-08-01 10:36:02 AM,247.31,2,494.62,88649671.34999993
2025-08-01 10:36:23 AM,247.49,0,0.0,88649671.34999993
2025-08-01 10:36:25 AM,247.31,150,37096.5,88686767.84999993
2025-08-01 10:36:46 AM,247.33,0,0.0,88686767.84999993
2025-08-01 10:36:47 AM,247.33,15,3709.9500000000003,88690477.79999994
2025-08-01 10:37:04 AM,247.33,49,12119.17,88702596.96999994
2025-08-01 10:37:08 AM,247.33,1,247.33,88702844.29999994
2025-08-01 10:37:10 AM,247.3,1,247.3,88703091.59999993
2025-08-01 10:37:19 AM,247.5,0,0.0,88703091.59999993
2025-08-01 10:37:19 AM,247.5,684,169290.0,88872381.59999993
2025-08-01 10:37:29 AM,248.17,0,0.0,88872381.59999993
2025-08-01 10:37:30 AM,248.17,6124,1519793.0799999998,90392174.67999993
2025-08-01 10:37:39 AM,248.47,133,33046.51,90425221.18999994
2025-08-01 10:37:41 AM,248.48,0,0.0,90425221.18999994
2025-08-01 10:37:42 AM,248.48,251,62368.479999999996,90487589.66999994
2025-08-01 10:37:52 AM,248.5,0,0.0,90487589.66999994
2025-08-01 10:37:53 AM,248.5,4814,1196279.0,91683868.66999994
2025-08-01 10:37:58 AM,248.3,0,0.0,91683868.66999994
2025-08-01 10:37:58 AM,248.3,100,24830.0,91708698.66999994
2025-08-01 10:38:04 AM,248.25,50,12412.5,91721111.16999994
2025-08-01 10:38:25 AM,248.23,0,0.0,91721111.16999994
2025-08-01 10:38:26 AM,248.23,633,157129.59,91878240.75999995
2025-08-01 10:38:31 AM,247.96,0,0.0,91878240.75999995
2025-08-01 10:38:32 AM,247.96,200,49592.0,91927832.75999995
2025-08-01 10:39:00 AM,248.14,0,0.0,91927832.75999995
2025-08-01 10:39:00 AM,248.14,40,9925.599999999999,91937758.35999994
2025-08-01 10:39:09 AM,248.0,54,13392.0,91951150.35999994
2025-08-01 10:39:20 AM,247.9,46,11403.4,91962553.75999995
2025-08-01 10:39:27 AM,247.89,0,0.0,91962553.75999995
2025-08-01 10:39:28 AM,247.89,70,17352.3,91979906.05999994
2025-08-01 10:39:31 AM,247.91,0,0.0,91979906.05999994
2025-08-01 10:39:31 AM,247.91,1505,373104.55,92353010.60999994
2025-08-01 10:39:42 AM,247.7,14,3467.7999999999997,92356478.40999994
2025-08-01 10:39:48 AM,247.6,0,0.0,92356478.40999994
2025-08-01 10:39:48 AM,247.6,34,8418.4,92364896.80999994
2025-08-01 10:39:50 AM,247.6,986,244133.6,92609030.40999994
2025-08-01 10:40:04 AM,247.79,0,0.0,92609030.40999994
2025-08-01 10:40:04 AM,247.79,2,495.58,92609525.98999994
2025-08-01 10:40:26 AM,247.79,6,1486.74,92611012.72999993
2025-08-01 10:40:29 AM,247.61,500,123805.0,92734817.72999993
2025-08-01 10:40:50 AM,247.65,0,0.0,92734817.72999993
2025-08-01 10:40:51 AM,247.65,25,6191.25,92741008.97999993
2025-08-01 10:41:23 AM,247.9,0,0.0,92741008.97999993
2025-08-01 10:41:24 AM,247.9,200,49580.0,92790588.97999993
2025-08-01 10:41:35 AM,247.8,0,0.0,92790588.97999993
2025-08-01 10:41:36 AM,247.8,100,24780.0,92815368.97999993
2025-08-01 10:42:08 AM,247.9,0,0.0,92815368.97999993
2025-08-01 10:42:08 AM,247.9,2,495.8,92815864.77999993
2025-08-01 10:43:16 AM,247.8,0,0.0,92815864.77999993
2025-08-01 10:43:18 AM,247.8,5,1239.0,92817103.77999993
2025-08-01 10:43:24 AM,247.8,5,1239.0,92818342.77999993
2025-08-01 10:43:31 AM,247.85,0,0.0,92818342.77999993
2025-08-01 10:43:32 AM,247.85,6,1487.1,92819829.87999992
2025-08-01 10:43:42 AM,247.85,80,19828.0,92839657.87999992
2025-08-01 10:43:48 AM,247.85,14,3469.9,92843127.77999993
2025-08-01 10:43:55 AM,247.9,0,0.0,92843127.77999993
2025-08-01 10:43:55 AM,247.8,276,68392.8,92911520.57999992
2025-08-01 10:44:19 AM,247.61,2,495.22,92912015.79999992
2025-08-01 10:44:39 AM,247.6,0,0.0,92912015.79999992
2025-08-01 10:44:41 AM,247.6,500,123800.0,93035815.79999992
2025-08-01 10:44:44 AM,247.6,50,12380.0,93048195.79999992
2025-08-01 10:45:16 AM,247.64,0,0.0,93048195.79999992
2025-08-01 10:45:17 AM,247.64,200,49528.0,93097723.79999992
2025-08-01 10:45:19 AM,247.87,0,0.0,93097723.79999992
2025-08-01 10:45:20 AM,247.87,200,49574.0,93147297.79999992
2025-08-01 10:45:33 AM,247.7,2980,738146.0,93885443.79999992
2025-08-01 10:45:41 AM,247.6,150,37140.0,93922583.79999992
2025-08-01 10:45:46 AM,247.8,0,0.0,93922583.79999992
2025-08-01 10:45:46 AM,247.8,8,1982.4,93924566.19999993
2025-08-01 10:46:15 AM,247.81,0,0.0,93924566.19999993
2025-08-01 10:46:17 AM,247.81,101,25028.81,93949595.00999993
2025-08-01 10:46:47 AM,247.7,10,2477.0,93952072.00999993
2025-08-01 10:46:48 AM,247.8,0,0.0,93952072.00999993
2025-08-01 10:46:51 AM,247.8,20,4956.0,93957028.00999993
2025-08-01 10:46:58 AM,247.7,13,3220.1,93960248.10999992
2025-08-01 10:47:07 AM,247.7,126,31210.199999999997,93991458.30999993
2025-08-01 10:48:33 AM,247.7,100,24770.0,94016228.30999993
2025-08-01 10:48:55 AM,247.7,325,80502.5,94096730.80999993
2025-08-01 10:49:11 AM,247.8,0,0.0,94096730.80999993
2025-08-01 10:49:12 AM,247.8,50,12390.0,94109120.80999993
2025-08-01 10:49:37 AM,247.7,0,0.0,94109120.80999993
2025-08-01 10:49:39 AM,247.7,3,743.0999999999999,94109863.90999992
2025-08-01 10:49:48 AM,247.8,0,0.0,94109863.90999992
2025-08-01 10:49:49 AM,247.8,100,24780.0,94134643.90999992
2025-08-01 10:50:28 AM,247.8,25,6195.0,94140838.90999992
2025-08-01 10:50:45 AM,247.7,38,9412.6,94150251.50999992
2025-08-01 10:50:59 AM,247.5,0,0.0,94150251.50999992
2025-08-01 10:51:01 AM,247.43,0,0.0,94150251.50999992
2025-08-01 10:51:02 AM,247.43,1285,317947.55,94468199.05999991
2025-08-01 10:51:39 AM,247.3,0,0.0,94468199.05999991
2025-08-01 10:51:41 AM,247.3,17,4204.1,94472403.1599999
2025-08-01 10:52:06 AM,247.49,0,0.0,94472403.1599999
2025-08-01 10:52:07 AM,247.49,50,12374.5,94484777.6599999
2025-08-01 10:52:13 AM,247.47,55,13610.85,94498388.5099999
2025-08-01 10:53:11 AM,247.45,0,0.0,94498388.5099999
2025-08-01 10:53:11 AM,247.45,100,24745.0,94523133.5099999
2025-08-01 10:54:05 AM,247.44,14,3464.16,94526597.6699999
2025-08-01 10:54:27 AM,247.27,200,49454.0,94576051.6699999
2025-08-01 10:54:47 AM,247.32,0,0.0,94576051.6699999
2025-08-01 10:54:48 AM,247.32,15,3709.7999999999997,94579761.4699999
2025-08-01 10:55:08 AM,247.44,1,247.44,94580008.90999989
2025-08-01 10:55:42 AM,247.45,117,28951.649999999998,94608960.5599999
2025-08-01 10:55:53 AM,247.45,300,74235.0,94683195.5599999
2025-08-01 10:56:12 AM,247.45,3,742.3499999999999,94683937.90999989
2025-08-01 10:56:45 AM,247.45,1638,405323.1,95089261.00999989
2025-08-01 10:57:21 AM,247.45,22,5443.9,95094704.90999989
2025-08-01 10:57:53 AM,247.14,0,0.0,95094704.90999989
2025-08-01 10:57:53 AM,247.14,1000,247140.0,95341844.90999989
2025-08-01 10:57:55 AM,247.31,0,0.0,95341844.90999989
2025-08-01 10:57:58 AM,247.31,100,24731.0,95366575.90999989
2025-08-01 10:58:01 AM,247.16,0,0.0,95366575.90999989
2025-08-01 10:58:04 AM,247.16,80,19772.8,95386348.70999989
2025-08-01 10:58:25 AM,247.41,1,247.41,95386596.11999989
2025-08-01 10:58:39 AM,247.38,0,0.0,95386596.11999989
2025-08-01 10:58:42 AM,247.38,57,14100.66,95400696.77999988
2025-08-01 10:59:11 AM,247.35,0,0.0,95400696.77999988
2025-08-01 10:59:13 AM,247.35,54,13356.9,95414053.67999989
2025-08-01 10:59:21 AM,247.26,0,0.0,95414053.67999989
2025-08-01 10:59:23 AM,247.26,9,2225.34,95416279.01999989
2025-08-01 10:59:33 AM,247.26,59,14588.34,95430867.3599999
2025-08-01 10:59:37 AM,247.35,0,0.0,95430867.3599999
2025-08-01 10:59:39 AM,247.35,100,24735.0,95455602.3599999
2025-08-01 10:59:59 AM,247.25,0,0.0,95455602.3599999
2025-08-01 11:00:01 AM,247.35,0,0.0,95455602.3599999
2025-08-01 11:00:01 AM,247.35,9,2226.15,95457828.5099999
2025-08-01 11:00:12 AM,247.7,0,0.0,95457828.5099999
2025-08-01 11:00:13 AM,247.7,516,127813.2,95585641.7099999
2025-08-01 11:00:51 AM,247.7,158,39136.6,95624778.3099999
2025-08-01 11:02:30 AM,247.86,0,0.0,95624778.3099999
2025-08-01 11:02:32 AM,247.86,100,24786.0,95649564.3099999
2025-08-01 11:02:52 AM,247.73,0,0.0,95649564.3099999
2025-08-01 11:02:53 AM,247.94,88,21818.72,95671383.0299999
2025-08-01 11:03:28 AM,247.7,0,0.0,95671383.0299999
2025-08-01 11:03:29 AM,247.7,1191,295010.7,95966393.7299999
2025-08-01 11:03:36 AM,247.68,0,0.0,95966393.7299999
2025-08-01 11:03:36 AM,247.68,60,14860.800000000001,95981254.5299999
2025-08-01 11:04:06 AM,247.76,80,19820.8,96001075.3299999
2025-08-01 11:04:21 AM,247.48,59,14601.32,96015676.64999989
2025-08-01 11:04:26 AM,247.67,0,0.0,96015676.64999989
2025-08-01 11:04:27 AM,247.67,6,1486.02,96017162.66999988
2025-08-01 11:04:42 AM,247.76,500,123880.0,96141042.66999988
2025-08-01 11:04:49 AM,247.88,0,0.0,96141042.66999988
2025-08-01 11:04:49 AM,247.88,50,12394.0,96153436.66999988
2025-08-01 11:04:50 AM,247.93,0,0.0,96153436.66999988
2025-08-01 11:04:52 AM,247.88,0,0.0,96153436.66999988
2025-08-01 11:04:53 AM,247.88,12,2974.56,96156411.22999988
2025-08-01 11:04:58 AM,247.88,500,123940.0,96280351.22999988
2025-08-01 11:05:03 AM,247.84,0,0.0,96280351.22999988
2025-08-01 11:05:03 AM,247.84,10,2478.4,96282829.62999989
2025-08-01 11:05:06 AM,247.86,0,0.0,96282829.62999989
2025-08-01 11:05:09 AM,247.86,100,24786.0,96307615.62999989
2025-08-01 11:05:19 AM,247.82,0,0.0,96307615.62999989
2025-08-01 11:05:19 AM,247.82,1,247.82,96307863.44999988
2025-08-01 11:05:32 AM,247.68,0,0.0,96307863.44999988
2025-08-01 11:05:36 AM,247.68,100,24768.0,96332631.44999988
2025-08-01 11:05:52 AM,247.82,0,0.0,96332631.44999988
2025-08-01 11:05:52 AM,247.82,3,743.46,96333374.90999988
2025-08-01 11:05:57 AM,247.82,50,12391.0,96345765.90999988
2025-08-01 11:05:58 AM,247.95,0,0.0,96345765.90999988
2025-08-01 11:05:58 AM,247.95,500,123975.0,96469740.90999988
2025-08-01 11:06:21 AM,247.94,0,0.0,96469740.90999988
2025-08-01 11:06:24 AM,247.94,200,49588.0,96519328.90999988
2025-08-01 11:06:26 AM,247.92,0,0.0,96519328.90999988
2025-08-01 11:06:26 AM,247.92,160,39667.2,96558996.10999988
2025-08-01 11:07:17 AM,247.62,1078,266934.36,96825930.46999988
2025-08-01 11:08:04 AM,247.52,0,0.0,96825930.46999988
2025-08-01 11:08:05 AM,247.52,35,8663.2,96834593.66999988
2025-08-01 11:08:10 AM,247.73,0,0.0,96834593.66999988
2025-08-01 11:08:11 AM,247.73,50,12386.5,96846980.16999988
2025-08-01 11:08:12 AM,247.77,0,0.0,96846980.16999988
2025-08-01 11:08:12 AM,247.77,10,2477.7000000000003,96849457.86999989
2025-08-01 11:08:24 AM,247.78,0,0.0,96849457.86999989
2025-08-01 11:08:26 AM,247.78,8,1982.24,96851440.10999988
2025-08-01 11:08:44 AM,247.52,100,24752.0,96876192.10999988
2025-08-01 11:09:05 AM,247.68,0,0.0,96876192.10999988
2025-08-01 11:09:06 AM,247.68,125,30960.0,96907152.10999988
2025-08-01 11:09:11 AM,247.5,0,0.0,96907152.10999988
2025-08-01 11:09:12 AM,247.5,1000,247500.0,97154652.10999988
2025-08-01 11:10:33 AM,247.1,0,0.0,97154652.10999988
2025-08-01 11:10:36 AM,247.1,62,15320.199999999999,97169972.30999988
2025-08-01 11:11:15 AM,247.1,100,24710.0,97194682.30999988
2025-08-01 11:11:41 AM,247.12,0,0.0,97194682.30999988
2025-08-01 11:11:42 AM,247.12,30,7413.6,97202095.90999988
2025-08-01 11:11:55 AM,247.05,0,0.0,97202095.90999988
2025-08-01 11:11:57 AM,247.05,5000,1235250.0,98437345.90999988
2025-08-01 11:13:07 AM,247.25,1,247.25,98437593.15999988
2025-08-01 11:13:45 AM,247.16,50,12358.0,98449951.15999988
2025-08-01 11:14:16 AM,247.17,0,0.0,98449951.15999988
2025-08-01 11:14:17 AM,247.15,190,46958.5,98496909.65999988
2025-08-01 11:14:28 AM,247.15,200,49430.0,98546339.65999988
2025-08-01 11:14:36 AM,247.0,0,0.0,98546339.65999988
2025-08-01 11:14:38 AM,247.0,799,197353.0,98743692.65999988
2025-08-01 11:14:40 AM,247.15,0,0.0,98743692.65999988
2025-08-01 11:14:40 AM,247.15,13,3212.9500000000003,98746905.60999988
2025-08-01 11:15:24 AM,246.98,0,0.0,98746905.60999988
2025-08-01 11:15:27 AM,246.98,407,100520.86,98847426.46999988
2025-08-01 11:15:43 AM,246.98,1,246.98,98847673.44999988
2025-08-01 11:16:25 AM,246.85,500,123425.0,98971098.44999988
2025-08-01 11:16:35 AM,247.1,923,228073.3,99199171.74999988
2025-08-01 11:16:52 AM,247.15,0,0.0,99199171.74999988
2025-08-01 11:16:52 AM,247.15,1,247.15,99199418.89999989
2025-08-01 11:17:55 AM,247.15,3,741.45,99200160.34999989
2025-08-01 11:18:01 AM,247.18,0,0.0,99200160.34999989
2025-08-01 11:18:01 AM,247.18,50,12359.0,99212519.34999989
2025-08-01 11:18:04 AM,247.23,0,0.0,99212519.34999989
2025-08-01 11:18:05 AM,247.23,200,49446.0,99261965.34999989
2025-08-01 11:18:26 AM,247.22,0,0.0,99261965.34999989
2025-08-01 11:18:27 AM,247.22,20,4944.4,99266909.7499999
2025-08-01 11:18:32 AM,246.97,0,0.0,99266909.7499999
2025-08-01 11:18:33 AM,246.97,190,46924.3,99313834.0499999
2025-08-01 11:18:40 AM,247.16,0,0.0,99313834.0499999
2025-08-01 11:18:40 AM,247.16,5,1235.8,99315069.84999989
2025-08-01 11:19:16 AM,247.13,0,0.0,99315069.84999989
2025-08-01 11:19:18 AM,247.12,0,0.0,99315069.84999989
2025-08-01 11:19:19 AM,247.12,15,3706.8,99318776.64999989
2025-08-01 11:19:27 AM,246.89,0,0.0,99318776.64999989
2025-08-01 11:19:30 AM,246.89,15,3703.35,99322479.99999988
2025-08-01 11:19:35 AM,247.13,0,0.0,99322479.99999988
2025-08-01 11:19:35 AM,247.13,40,9885.2,99332365.19999988
2025-08-01 11:19:41 AM,247.15,200,49430.0,99381795.19999988
2025-08-01 11:19:49 AM,246.91,0,0.0,99381795.19999988
2025-08-01 11:19:51 AM,246.91,5124,1265166.84,100646962.03999989
2025-08-01 11:20:23 AM,246.98,0,0.0,100646962.03999989
2025-08-01 11:20:23 AM,246.98,100,24698.0,100671660.03999989
2025-08-01 11:20:55 AM,246.7,0,0.0,100671660.03999989
2025-08-01 11:20:59 AM,246.7,2808,692733.6,101364393.63999988
2025-08-01 11:21:05 AM,246.5,200,49300.0,101413693.63999988
2025-08-01 11:21:09 AM,246.65,0,0.0,101413693.63999988
2025-08-01 11:21:10 AM,246.65,11,2713.15,101416406.78999989
2025-08-01 11:21:31 AM,246.53,2,493.06,101416899.84999989
2025-08-01 11:22:13 AM,246.54,50,12327.0,101429226.84999989
2025-08-01 11:22:19 AM,246.78,0,0.0,101429226.84999989
2025-08-01 11:22:24 AM,246.78,10,2467.8,101431694.64999989
2025-08-01 11:23:11 AM,246.78,200,49356.0,101481050.64999989
2025-08-01 11:23:20 AM,246.53,0,0.0,101481050.64999989
2025-08-01 11:23:22 AM,246.65,0,0.0,101481050.64999989
2025-08-01 11:23:22 AM,246.65,77,18992.05,101500042.69999988
2025-08-01 11:23:26 AM,246.7,0,0.0,101500042.69999988
2025-08-01 11:23:27 AM,246.7,20,4934.0,101504976.69999988
2025-08-01 11:23:47 AM,246.47,0,0.0,101504976.69999988
2025-08-01 11:23:47 AM,246.47,50,12323.5,101517300.19999988
2025-08-01 11:24:11 AM,246.7,0,0.0,101517300.19999988
2025-08-01 11:24:12 AM,246.7,370,91279.0,101608579.19999988
2025-08-01 11:24:15 AM,246.75,0,0.0,101608579.19999988
2025-08-01 11:24:16 AM,246.7,0,0.0,101608579.19999988
2025-08-01 11:24:17 AM,246.7,3,740.0999999999999,101609319.29999988
2025-08-01 11:24:40 AM,246.71,0,0.0,101609319.29999988
2025-08-01 11:24:44 AM,246.71,25,6167.75,101615487.04999988
2025-08-01 11:24:49 AM,246.84,0,0.0,101615487.04999988
2025-08-01 11:24:50 AM,246.87,61,15059.07,101630546.11999987
2025-08-01 11:25:36 AM,246.87,9,2221.83,101632767.94999987
2025-08-01 11:26:27 AM,246.7,0,0.0,101632767.94999987
2025-08-01 11:26:28 AM,246.7,598,147526.6,101780294.54999986
2025-08-01 11:26:30 AM,246.85,0,0.0,101780294.54999986
2025-08-01 11:26:33 AM,246.85,1,246.85,101780541.39999986
2025-08-01 11:26:41 AM,246.7,0,0.0,101780541.39999986
2025-08-01 11:26:44 AM,246.7,2,493.4,101781034.79999986
2025-08-01 11:28:37 AM,246.7,30,7401.0,101788435.79999986
2025-08-01 11:29:27 AM,246.72,0,0.0,101788435.79999986
2025-08-01 11:29:28 AM,246.72,7,1727.04,101790162.83999987
2025-08-01 11:30:08 AM,246.84,0,0.0,101790162.83999987
2025-08-01 11:30:10 AM,246.84,1,246.84,101790409.67999987
2025-08-01 11:30:42 AM,246.7,0,0.0,101790409.67999987
2025-08-01 11:30:42 AM,246.7,915,225730.5,102016140.17999987
2025-08-01 11:30:46 AM,246.58,0,0.0,102016140.17999987
2025-08-01 11:30:47 AM,246.58,50,12329.0,102028469.17999987
2025-08-01 11:30:52 AM,246.47,0,0.0,102028469.17999987
2025-08-01 11:30:52 AM,246.47,80,19717.6,102048186.77999987
2025-08-01 11:31:23 AM,246.48,1,246.48,102048433.25999987
2025-08-01 11:32:11 AM,246.2,0,0.0,102048433.25999987
2025-08-01 11:32:11 AM,246.2,3418,841511.6,102889944.85999987
2025-08-01 11:32:39 AM,246.12,0,0.0,102889944.85999987
2025-08-01 11:32:41 AM,246.12,10,2461.2,102892406.05999987
2025-08-01 11:32:46 AM,246.21,40,9848.4,102902254.45999987
2025-08-01 11:32:52 AM,246.3,0,0.0,102902254.45999987
2025-08-01 11:32:52 AM,246.3,800,197040.0,103099294.45999987
2025-08-01 11:33:53 AM,246.3,100,24630.0,103123924.45999987
2025-08-01 11:34:34 AM,246.3,25,6157.5,103130081.95999987
2025-08-01 11:34:34 AM,246.2,0,0.0,103130081.95999987
2025-08-01 11:34:39 AM,246.2,20,4924.0,103135005.95999987
2025-08-01 11:35:22 AM,246.2,175,43085.0,103178090.95999987
2025-08-01 11:35:23 AM,246.21,0,0.0,103178090.95999987
2025-08-01 11:35:27 AM,246.21,100,24621.0,103202711.95999987
2025-08-01 11:36:03 AM,246.12,15,3691.8,103206403.75999987
2025-08-01 11:36:51 AM,246.21,0,0.0,103206403.75999987
2025-08-01 11:36:55 AM,246.21,909,223804.89,103430208.64999987
2025-08-01 11:38:38 AM,246.14,0,0.0,103430208.64999987
2025-08-01 11:38:39 AM,246.14,25,6153.5,103436362.14999987
2025-08-01 11:38:48 AM,246.04,0,0.0,103436362.14999987
2025-08-01 11:38:49 AM,246.04,250,61510.0,103497872.14999987
2025-08-01 11:39:32 AM,246.0,0,0.0,103497872.14999987
2025-08-01 11:39:33 AM,245.65,1683,413428.95,103911301.09999987
2025-08-01 11:39:56 AM,245.6,99,24314.399999999998,103935615.49999988
2025-08-01 11:39:57 AM,245.86,165,40566.9,103976182.39999989
2025-08-01 11:40:47 AM,245.72,0,0.0,103976182.39999989
2025-08-01 11:40:47 AM,245.72,50,12286.0,103988468.39999989
2025-08-01 11:41:24 AM,245.96,0,0.0,103988468.39999989
2025-08-01 11:41:27 AM,245.96,1,245.96,103988714.35999988
2025-08-01 11:42:12 AM,245.96,100,24596.0,104013310.35999988
2025-08-01 11:42:17 AM,245.96,2,491.92,104013802.27999988
2025-08-01 11:42:22 AM,245.71,0,0.0,104013802.27999988
2025-08-01 11:42:22 AM,245.71,1851,454809.21,104468611.48999988
2025-08-01 11:42:30 AM,245.53,0,0.0,104468611.48999988
2025-08-01 11:42:33 AM,245.53,1,245.53,104468857.01999988
2025-08-01 11:42:50 AM,245.73,0,0.0,104468857.01999988
2025-08-01 11:42:50 AM,245.73,50,12286.5,104481143.51999988
2025-08-01 11:42:58 AM,245.75,0,0.0,104481143.51999988
2025-08-01 11:42:59 AM,245.73,101,24818.73,104505962.24999988
2025-08-01 11:43:16 AM,245.71,4,982.84,104506945.08999988
2025-08-01 11:43:38 AM,245.53,0,0.0,104506945.08999988
2025-08-01 11:43:42 AM,245.53,525,128903.25,104635848.33999988
2025-08-01 11:44:10 AM,245.51,0,0.0,104635848.33999988
2025-08-01 11:44:15 AM,245.51,100,24551.0,104660399.33999988
2025-08-01 11:44:27 AM,245.51,50,12275.5,104672674.83999988
2025-08-01 11:44:29 AM,245.5,0,0.0,104672674.83999988
2025-08-01 11:44:32 AM,245.5,201,49345.5,104722020.33999988
2025-08-01 11:44:34 AM,245.31,0,0.0,104722020.33999988
2025-08-01 11:44:38 AM,245.31,19,4660.89,104726681.22999988
2025-08-01 11:45:16 AM,245.31,2,490.62,104727171.84999989
2025-08-01 11:45:16 AM,245.42,0,0.0,104727171.84999989
2025-08-01 11:45:21 AM,245.42,23,5644.66,104732816.50999989
2025-08-01 11:45:26 AM,245.5,1084,266122.0,104998938.50999989
2025-08-01 11:45:40 AM,245.86,0,0.0,104998938.50999989
2025-08-01 11:45:42 AM,245.86,1,245.86,104999184.36999989
2025-08-01 11:45:48 AM,245.41,0,0.0,104999184.36999989
2025-08-01 11:45:53 AM,245.41,2500,613525.0,105612709.36999989
2025-08-01 11:46:52 AM,245.82,100,24582.0,105637291.36999989
2025-08-01 11:47:14 AM,245.85,0,0.0,105637291.36999989
2025-08-01 11:47:17 AM,245.85,16,3933.6,105641224.96999988
2025-08-01 11:47:41 AM,245.98,0,0.0,105641224.96999988
2025-08-01 11:47:42 AM,245.98,50,12299.0,105653523.96999988
2025-08-01 11:48:38 AM,245.98,80,19678.399999999998,105673202.36999989
2025-08-01 11:48:56 AM,245.82,0,0.0,105673202.36999989
2025-08-01 11:48:58 AM,245.79,0,0.0,105673202.36999989
2025-08-01 11:48:59 AM,245.79,562,138133.97999999998,105811336.34999989
2025-08-01 11:49:02 AM,245.64,0,0.0,105811336.34999989
2025-08-01 11:49:03 AM,245.6,0,0.0,105811336.34999989
2025-08-01 11:49:04 AM,245.6,373,91608.8,105902945.14999989
2025-08-01 11:49:10 AM,245.12,0,0.0,105902945.14999989
2025-08-01 11:49:12 AM,245.6,0,0.0,105902945.14999989
2025-08-01 11:49:14 AM,245.6,1851,454605.6,106357550.74999988
2025-08-01 11:49:25 AM,245.6,113,27752.8,106385303.54999988
2025-08-01 11:49:30 AM,245.69,1227,301461.63,106686765.17999987
2025-08-01 11:49:39 AM,245.71,0,0.0,106686765.17999987
2025-08-01 11:49:41 AM,245.71,149,36610.79,106723375.96999988
2025-08-01 11:49:50 AM,245.62,0,0.0,106723375.96999988
2025-08-01 11:49:51 AM,245.62,900,221058.0,106944433.96999988
2025-08-01 11:50:21 AM,245.84,0,0.0,106944433.96999988
2025-08-01 11:50:22 AM,245.84,9,2212.56,106946646.52999988
2025-08-01 11:50:31 AM,245.64,0,0.0,106946646.52999988
2025-08-01 11:50:32 AM,245.64,2,491.28,106947137.80999988
2025-08-01 11:51:10 AM,245.52,0,0.0,106947137.80999988
2025-08-01 11:51:12 AM,245.52,2500,613800.0,107560937.80999988
2025-08-01 11:51:19 AM,245.5,0,0.0,107560937.80999988
2025-08-01 11:51:21 AM,245.5,1000,245500.0,107806437.80999988
2025-08-01 11:51:31 AM,245.5,532,130606.0,107937043.80999988
2025-08-01 11:51:51 AM,245.5,200,49100.0,107986143.80999988
2025-08-01 11:51:56 AM,245.5,318,78069.0,108064212.80999988
2025-08-01 11:52:32 AM,245.8,0,0.0,108064212.80999988
2025-08-01 11:52:33 AM,245.8,5,1229.0,108065441.80999988
2025-08-01 11:52:41 AM,245.89,0,0.0,108065441.80999988
2025-08-01 11:52:42 AM,245.89,400,98356.0,108163797.80999988
2025-08-01 11:53:16 AM,245.68,0,0.0,108163797.80999988
2025-08-01 11:53:17 AM,245.68,41,10072.880000000001,108173870.68999988
2025-08-01 11:53:38 AM,245.68,40,9827.2,108183697.88999988
2025-08-01 11:54:54 AM,245.68,100,24568.0,108208265.88999988
2025-08-01 11:55:49 AM,245.55,0,0.0,108208265.88999988
2025-08-01 11:55:49 AM,245.55,40,9822.0,108218087.88999988
2025-08-01 11:56:21 AM,245.55,202,49601.100000000006,108267688.98999988
2025-08-01 11:56:35 AM,245.55,12,2946.6000000000004,108270635.58999987
2025-08-01 11:58:45 AM,245.71,0,0.0,108270635.58999987
2025-08-01 11:58:48 AM,245.5,1014,248937.0,108519572.58999987
2025-08-01 11:59:31 AM,245.49,99,24303.510000000002,108543876.09999987
2025-08-01 12:00:01 PM,245.48,2,490.96,108544367.05999987
2025-08-01 12:00:39 PM,245.48,1,245.48,108544612.53999987
2025-08-01 12:02:03 PM,245.42,0,0.0,108544612.53999987
2025-08-01 12:02:03 PM,245.42,25,6135.5,108550748.03999987
2025-08-01 12:02:22 PM,245.49,0,0.0,108550748.03999987
2025-08-01 12:02:23 PM,245.49,1,245.49,108550993.52999987
2025-08-01 12:02:50 PM,245.51,0,0.0,108550993.52999987
2025-08-01 12:02:50 PM,245.51,287,70461.37,108621454.89999987
2025-08-01 12:03:00 PM,245.5,150,36825.0,108658279.89999987
2025-08-01 12:03:04 PM,245.5,100,24550.0,108682829.89999987
2025-08-01 12:03:29 PM,245.48,312,76589.76,108759419.65999988
2025-08-01 12:03:35 PM,245.5,0,0.0,108759419.65999988
2025-08-01 12:03:35 PM,245.5,30,7365.0,108766784.65999988
2025-08-01 12:03:43 PM,245.5,15,3682.5,108770467.15999988
2025-08-01 12:04:08 PM,245.31,0,0.0,108770467.15999988
2025-08-01 12:04:09 PM,245.31,100,24531.0,108794998.15999988
2025-08-01 12:04:24 PM,245.23,0,0.0,108794998.15999988
2025-08-01 12:04:25 PM,245.15,555,136058.25,108931056.40999988
2025-08-01 12:04:27 PM,245.38,0,0.0,108931056.40999988
2025-08-01 12:04:28 PM,245.38,10,2453.8,108933510.20999987
2025-08-01 12:05:39 PM,245.38,1,245.38,108933755.58999987
2025-08-01 12:05:43 PM,245.39,0,0.0,108933755.58999987
2025-08-01 12:05:44 PM,245.39,100,24539.0,108958294.58999987
2025-08-01 12:05:54 PM,245.39,2,490.78,108958785.36999987
2025-08-01 12:07:17 PM,245.42,0,0.0,108958785.36999987
2025-08-01 12:07:17 PM,245.5,0,0.0,108958785.36999987
2025-08-01 12:07:19 PM,245.5,30,7365.0,108966150.36999987
2025-08-01 12:07:21 PM,245.4,0,0.0,108966150.36999987
2025-08-01 12:07:24 PM,245.4,100,24540.0,108990690.36999987
2025-08-01 12:07:47 PM,245.5,0,0.0,108990690.36999987
2025-08-01 12:07:49 PM,245.5,100,24550.0,109015240.36999987
2025-08-01 12:07:50 PM,245.45,50,12272.5,109027512.86999987
2025-08-01 12:08:24 PM,245.45,106,26017.699999999997,109053530.56999987
2025-08-01 12:09:43 PM,245.5,0,0.0,109053530.56999987
2025-08-01 12:09:44 PM,245.5,34,8347.0,109061877.56999987
2025-08-01 12:09:54 PM,245.5,50,12275.0,109074152.56999987
2025-08-01 12:11:48 PM,245.5,98,24059.0,109098211.56999987
2025-08-01 12:12:17 PM,245.3,0,0.0,109098211.56999987
2025-08-01 12:12:17 PM,245.3,745,182748.5,109280960.06999987
2025-08-01 12:13:09 PM,245.29,18,4415.22,109285375.28999987
2025-08-01 12:13:20 PM,245.13,0,0.0,109285375.28999987
2025-08-01 12:13:23 PM,245.13,139,34073.07,109319448.35999987
2025-08-01 12:13:25 PM,245.31,0,0.0,109319448.35999987
2025-08-01 12:13:28 PM,245.31,100,24531.0,109343979.35999987
2025-08-01 12:14:47 PM,245.49,0,0.0,109343979.35999987
2025-08-01 12:14:48 PM,245.49,900,220941.0,109564920.35999987
2025-08-01 12:15:06 PM,245.31,0,0.0,109564920.35999987
2025-08-01 12:15:08 PM,245.31,27,6623.37,109571543.72999987
2025-08-01 12:15:45 PM,245.31,1,245.31,109571789.03999987
2025-08-01 12:17:13 PM,245.2,5,1226.0,109573015.03999987
2025-08-01 12:17:19 PM,245.18,0,0.0,109573015.03999987
2025-08-01 12:17:23 PM,245.18,173,42416.14,109615431.17999987
2025-08-01 12:17:37 PM,245.35,0,0.0,109615431.17999987
2025-08-01 12:17:37 PM,245.35,500,122675.0,109738106.17999987
2025-08-01 12:17:57 PM,245.14,0,0.0,109738106.17999987
2025-08-01 12:18:01 PM,245.14,98,24023.719999999998,109762129.89999987
2025-08-01 12:18:25 PM,245.14,12,2941.68,109765071.57999988
2025-08-01 12:18:53 PM,245.15,0,0.0,109765071.57999988
2025-08-01 12:18:55 PM,245.15,10,2451.5,109767523.07999988
2025-08-01 12:19:33 PM,245.33,0,0.0,109767523.07999988
2025-08-01 12:19:36 PM,245.33,20,4906.6,109772429.67999987
2025-08-01 12:19:48 PM,245.12,0,0.0,109772429.67999987
2025-08-01 12:19:51 PM,245.12,1000,245120.0,110017549.67999987
2025-08-01 12:20:24 PM,245.05,0,0.0,110017549.67999987
2025-08-01 12:20:28 PM,245.05,1464,358753.2,110376302.87999988
2025-08-01 12:20:43 PM,245.05,20,4901.0,110381203.87999988
2025-08-01 12:20:52 PM,245.12,0,0.0,110381203.87999988
2025-08-01 12:20:53 PM,245.12,14,3431.6800000000003,110384635.55999988
2025-08-01 12:21:14 PM,245.05,150,36757.5,110421393.05999988
2025-08-01 12:21:23 PM,245.05,100,24505.0,110445898.05999988
2025-08-01 12:21:24 PM,245.0,0,0.0,110445898.05999988
2025-08-01 12:21:28 PM,245.0,300,73500.0,110519398.05999988
2025-08-01 12:21:39 PM,245.12,0,0.0,110519398.05999988
2025-08-01 12:21:41 PM,245.12,1,245.12,110519643.17999989
2025-08-01 12:22:08 PM,245.12,883,216440.96,110736084.13999988
2025-08-01 12:23:05 PM,245.42,0,0.0,110736084.13999988
2025-08-01 12:23:09 PM,245.42,205,50311.1,110786395.23999988
2025-08-01 12:23:14 PM,245.42,5,1227.1,110787622.33999987
2025-08-01 12:24:03 PM,245.47,2,490.94,110788113.27999987
2025-08-01 12:24:04 PM,245.49,0,0.0,110788113.27999987
2025-08-01 12:24:08 PM,245.49,9,2209.41,110790322.68999986
2025-08-01 12:25:11 PM,245.3,0,0.0,110790322.68999986
2025-08-01 12:25:12 PM,245.3,15,3679.5,110794002.18999986
2025-08-01 12:25:54 PM,245.47,0,0.0,110794002.18999986
2025-08-01 12:25:57 PM,245.47,14,3436.58,110797438.76999986
2025-08-01 12:26:02 PM,245.47,11,2700.17,110800138.93999986
2025-08-01 12:26:13 PM,245.47,56,13746.32,110813885.25999986
2025-08-01 12:26:30 PM,245.31,0,0.0,110813885.25999986
2025-08-01 12:26:33 PM,245.31,14,3434.34,110817319.59999986
2025-08-01 12:27:33 PM,245.3,115,28209.5,110845529.09999986
2025-08-01 12:27:41 PM,245.25,0,0.0,110845529.09999986
2025-08-01 12:27:43 PM,245.25,3,735.75,110846264.84999986
2025-08-01 12:28:02 PM,245.25,2,490.5,110846755.34999986
2025-08-01 12:28:13 PM,245.3,101,24775.300000000003,110871530.64999986
2025-08-01 12:28:13 PM,245.22,0,0.0,110871530.64999986
2025-08-01 12:28:17 PM,245.22,999,244974.78,111116505.42999986
2025-08-01 12:29:10 PM,245.39,0,0.0,111116505.42999986
2025-08-01 12:29:11 PM,245.39,151,37053.89,111153559.31999986
2025-08-01 12:29:20 PM,245.13,0,0.0,111153559.31999986
2025-08-01 12:29:21 PM,245.13,2,490.26,111154049.57999986
2025-08-01 12:30:19 PM,245.31,0,0.0,111154049.57999986
2025-08-01 12:30:22 PM,245.31,50,12265.5,111166315.07999986
2025-08-01 12:30:35 PM,245.13,0,0.0,111166315.07999986
2025-08-01 12:30:38 PM,245.13,1,245.13,111166560.20999986
2025-08-01 12:31:08 PM,245.32,250,61330.0,111227890.20999986
2025-08-01 12:31:43 PM,245.33,0,0.0,111227890.20999986
2025-08-01 12:31:45 PM,245.33,1,245.33,111228135.53999986
2025-08-01 12:31:50 PM,245.33,1,245.33,111228380.86999986
2025-08-01 12:32:17 PM,245.39,0,0.0,111228380.86999986
2025-08-01 12:32:17 PM,245.39,200,49078.0,111277458.86999986
2025-08-01 12:32:47 PM,245.51,0,0.0,111277458.86999986
2025-08-01 12:32:48 PM,245.51,237,58185.869999999995,111335644.73999986
2025-08-01 12:32:59 PM,245.76,0,0.0,111335644.73999986
2025-08-01 12:33:02 PM,245.76,50,12288.0,111347932.73999986
2025-08-01 12:33:13 PM,245.96,0,0.0,111347932.73999986
2025-08-01 12:33:14 PM,245.96,2000,491920.0,111839852.73999986
2025-08-01 12:33:18 PM,245.98,1782,438336.36,112278189.09999986
2025-08-01 12:33:58 PM,245.98,100,24598.0,112302787.09999986
2025-08-01 12:34:25 PM,245.64,0,0.0,112302787.09999986
2025-08-01 12:34:28 PM,245.64,201,49373.64,112352160.73999986
2025-08-01 12:34:33 PM,245.5,0,0.0,112352160.73999986
2025-08-01 12:34:33 PM,245.5,1,245.5,112352406.23999986
2025-08-01 12:36:01 PM,245.5,23,5646.5,112358052.73999986
2025-08-01 12:36:56 PM,245.28,0,0.0,112358052.73999986
2025-08-01 12:36:58 PM,245.28,7,1716.96,112359769.69999985
2025-08-01 12:37:46 PM,245.26,0,0.0,112359769.69999985
2025-08-01 12:37:48 PM,245.26,200,49052.0,112408821.69999985
2025-08-01 12:39:36 PM,245.28,0,0.0,112408821.69999985
2025-08-01 12:39:40 PM,245.28,1,245.28,112409066.97999986
2025-08-01 12:40:12 PM,245.26,81,19866.059999999998,112428933.03999986
2025-08-01 12:40:27 PM,245.26,1,245.26,112429178.29999986
2025-08-01 12:40:43 PM,245.26,10,2452.6,112431630.89999986
2025-08-01 12:41:03 PM,245.26,1,245.26,112431876.15999986
2025-08-01 12:41:09 PM,245.26,6,1471.56,112433347.71999986
2025-08-01 12:41:19 PM,245.26,5,1226.3,112434574.01999986
2025-08-01 12:42:18 PM,245.1,0,0.0,112434574.01999986
2025-08-01 12:42:21 PM,245.1,42,10294.199999999999,112444868.21999986
2025-08-01 12:43:03 PM,245.1,165,40441.5,112485309.71999986
2025-08-01 12:44:11 PM,245.23,0,0.0,112485309.71999986
2025-08-01 12:44:14 PM,245.23,19,4659.37,112489969.08999987
2025-08-01 12:44:25 PM,245.36,0,0.0,112489969.08999987
2025-08-01 12:44:30 PM,245.36,1,245.36,112490214.44999987
2025-08-01 12:44:39 PM,245.21,0,0.0,112490214.44999987
2025-08-01 12:44:41 PM,245.21,1,245.21,112490459.65999986
2025-08-01 12:45:18 PM,245.1,0,0.0,112490459.65999986
2025-08-01 12:45:22 PM,245.1,500,122550.0,112613009.65999986
2025-08-01 12:45:23 PM,245.54,0,0.0,112613009.65999986
2025-08-01 12:45:28 PM,245.54,1700,417418.0,113030427.65999986
2025-08-01 12:46:03 PM,245.13,15,3676.95,113034104.60999987
2025-08-01 12:47:07 PM,245.12,0,0.0,113034104.60999987
2025-08-01 12:47:09 PM,245.12,121,29659.52,113063764.12999986
2025-08-01 12:47:14 PM,245.16,5,1225.8,113064989.92999986
2025-08-01 12:50:56 PM,245.16,298,73057.68,113138047.60999987
2025-08-01 12:52:19 PM,245.19,0,0.0,113138047.60999987
2025-08-01 12:52:21 PM,245.33,101,24778.33,113162825.93999986
2025-08-01 12:52:43 PM,245.24,0,0.0,113162825.93999986
2025-08-01 12:52:46 PM,245.24,25,6131.0,113168956.93999986
2025-08-01 12:52:59 PM,245.43,0,0.0,113168956.93999986
2025-08-01 12:53:01 PM,245.43,1,245.43,113169202.36999987
2025-08-01 12:53:37 PM,245.24,0,0.0,113169202.36999987
2025-08-01 12:53:41 PM,245.42,19,4662.98,113173865.34999987
2025-08-01 12:54:37 PM,245.24,0,0.0,113173865.34999987
2025-08-01 12:54:41 PM,245.24,1,245.24,113174110.58999987
2025-08-01 12:55:19 PM,245.21,0,0.0,113174110.58999987
2025-08-01 12:55:19 PM,245.21,15,3678.15,113177788.73999988
2025-08-01 12:56:47 PM,245.23,0,0.0,113177788.73999988
2025-08-01 12:56:49 PM,245.42,14,3435.8799999999997,113181224.61999987
2025-08-01 12:56:50 PM,245.25,0,0.0,113181224.61999987
2025-08-01 12:56:54 PM,245.25,100,24525.0,113205749.61999987
2025-08-01 12:57:01 PM,245.29,0,0.0,113205749.61999987
2025-08-01 12:57:04 PM,245.29,15,3679.35,113209428.96999986
2025-08-01 12:57:25 PM,245.3,0,0.0,113209428.96999986
2025-08-01 12:57:29 PM,245.3,10,2453.0,113211881.96999986
2025-08-01 12:58:44 PM,245.3,20,4906.0,113216787.96999986
2025-08-01 12:58:51 PM,245.22,0,0.0,113216787.96999986
2025-08-01 12:58:54 PM,245.22,234,57381.48,113274169.44999987
2025-08-01 12:59:19 PM,245.43,0,0.0,113274169.44999987
2025-08-01 12:59:20 PM,245.43,1,245.43,113274414.87999988
2025-08-01 12:59:27 PM,245.54,0,0.0,113274414.87999988
2025-08-01 12:59:30 PM,245.54,249,61139.46,113335554.33999987
2025-08-01 01:00:58 PM,245.54,1,245.54,113335799.87999988
2025-08-01 01:01:11 PM,245.54,50,12277.0,113348076.87999988
2025-08-01 01:01:15 PM,245.54,186,45670.439999999995,113393747.31999987
2025-08-01 01:01:46 PM,245.63,0,0.0,113393747.31999987
2025-08-01 01:01:47 PM,245.63,500,122815.0,113516562.31999987
2025-08-01 01:01:50 PM,245.68,0,0.0,113516562.31999987
2025-08-01 01:01:50 PM,245.68,38,9335.84,113525898.15999988
2025-08-01 01:02:18 PM,245.85,0,0.0,113525898.15999988
2025-08-01 01:02:20 PM,245.85,50,12292.5,113538190.65999988
2025-08-01 01:02:38 PM,245.57,0,0.0,113538190.65999988
2025-08-01 01:02:40 PM,245.57,150,36835.5,113575026.15999988
2025-08-01 01:03:35 PM,245.57,186,45676.02,113620702.17999987
2025-08-01 01:04:32 PM,245.64,0,0.0,113620702.17999987
2025-08-01 01:04:33 PM,245.64,15,3684.6,113624386.77999987
2025-08-01 01:05:48 PM,245.52,0,0.0,113624386.77999987
2025-08-01 01:05:49 PM,245.52,111,27252.72,113651639.49999987
2025-08-01 01:06:04 PM,245.57,2,491.14,113652130.63999987
2025-08-01 01:07:47 PM,245.92,210,51643.2,113703773.83999987
2025-08-01 01:07:55 PM,245.91,0,0.0,113703773.83999987
2025-08-01 01:07:57 PM,245.91,100,24591.0,113728364.83999987
2025-08-01 01:08:01 PM,245.67,0,0.0,113728364.83999987
2025-08-01 01:08:02 PM,245.57,516,126714.12,113855078.95999987
2025-08-01 01:08:29 PM,245.57,200,49114.0,113904192.95999987
2025-08-01 01:09:01 PM,245.5,5,1227.5,113905420.45999987
2025-08-01 01:09:40 PM,245.5,1,245.5,113905665.95999987
2025-08-01 01:10:39 PM,245.57,0,0.0,113905665.95999987
2025-08-01 01:10:40 PM,245.57,12,2946.84,113908612.79999988
2025-08-01 01:11:00 PM,245.73,500,122865.0,114031477.79999988
2025-08-01 01:11:27 PM,245.76,0,0.0,114031477.79999988
2025-08-01 01:11:28 PM,245.76,3,737.28,114032215.07999988
2025-08-01 01:12:33 PM,245.87,11,2704.57,114034919.64999987
2025-08-01 01:12:53 PM,245.88,0,0.0,114034919.64999987
2025-08-01 01:12:54 PM,245.88,10,2458.8,114037378.44999987
2025-08-01 01:12:57 PM,245.9,0,0.0,114037378.44999987
2025-08-01 01:12:58 PM,245.9,11,2704.9,114040083.34999987
2025-08-01 01:13:01 PM,245.9,1,245.9,114040329.24999988
2025-08-01 01:13:01 PM,245.91,0,0.0,114040329.24999988
2025-08-01 01:13:04 PM,245.91,11,2705.0099999999998,114043034.25999989
2025-08-01 01:13:06 PM,245.92,100,24592.0,114067626.25999989
2025-08-01 01:13:21 PM,245.94,3,737.8199999999999,114068364.07999988
2025-08-01 01:13:37 PM,245.95,0,0.0,114068364.07999988
2025-08-01 01:13:39 PM,245.95,17,4181.15,114072545.22999988
2025-08-01 01:13:44 PM,245.94,0,0.0,114072545.22999988
2025-08-01 01:13:44 PM,245.94,50,12297.0,114084842.22999988
2025-08-01 01:13:56 PM,245.96,0,0.0,114084842.22999988
2025-08-01 01:13:57 PM,245.96,11,2705.56,114087547.78999989
2025-08-01 01:14:07 PM,245.95,0,0.0,114087547.78999989
2025-08-01 01:14:07 PM,245.95,11,2705.45,114090253.23999989
2025-08-01 01:14:22 PM,245.95,11,2705.45,114092958.6899999
2025-08-01 01:14:53 PM,245.83,0,0.0,114092958.6899999
2025-08-01 01:14:54 PM,245.83,2,491.66,114093450.34999989
2025-08-01 01:15:03 PM,245.95,0,0.0,114093450.34999989
2025-08-01 01:15:03 PM,245.83,0,0.0,114093450.34999989
2025-08-01 01:15:04 PM,245.83,21,5162.43,114098612.7799999
2025-08-01 01:15:36 PM,245.87,50,12293.5,114110906.2799999
2025-08-01 01:15:41 PM,245.88,0,0.0,114110906.2799999
2025-08-01 01:15:42 PM,245.88,25,6147.0,114117053.2799999
2025-08-01 01:16:07 PM,245.88,30,7376.4,114124429.6799999
2025-08-01 01:17:01 PM,245.64,0,0.0,114124429.6799999
2025-08-01 01:17:01 PM,245.64,100,24564.0,114148993.6799999
2025-08-01 01:18:16 PM,245.66,150,36849.0,114185842.6799999
2025-08-01 01:18:41 PM,245.66,20,4913.2,114190755.8799999
2025-08-01 01:18:59 PM,245.9,0,0.0,114190755.8799999
2025-08-01 01:19:01 PM,245.9,6,1475.4,114192231.27999991
2025-08-01 01:19:57 PM,245.98,0,0.0,114192231.27999991
2025-08-01 01:20:00 PM,245.98,250,61495.0,114253726.27999991
2025-08-01 01:21:31 PM,245.1,0,0.0,114253726.27999991
2025-08-01 01:21:36 PM,245.1,10104,2476490.4,116730216.67999992
2025-08-01 01:21:53 PM,245.0,0,0.0,116730216.67999992
2025-08-01 01:21:54 PM,244.8,0,0.0,116730216.67999992
2025-08-01 01:21:55 PM,244.8,8325,2037960.0,118768176.67999992
2025-08-01 01:21:57 PM,244.74,0,0.0,118768176.67999992
2025-08-01 01:21:59 PM,244.74,10,2447.4,118770624.07999992
2025-08-01 01:22:14 PM,244.73,0,0.0,118770624.07999992
2025-08-01 01:22:14 PM,244.73,111,27165.03,118797789.10999992
2025-08-01 01:22:23 PM,244.73,1,244.73,118798033.83999993
2025-08-01 01:22:26 PM,244.75,0,0.0,118798033.83999993
2025-08-01 01:22:27 PM,244.75,264,64614.0,118862647.83999993
2025-08-01 01:22:28 PM,244.83,0,0.0,118862647.83999993
2025-08-01 01:22:28 PM,244.83,15,3672.4500000000003,118866320.28999993
2025-08-01 01:22:57 PM,244.8,0,0.0,118866320.28999993
2025-08-01 01:22:59 PM,244.8,20,4896.0,118871216.28999993
2025-08-01 01:23:04 PM,244.74,0,0.0,118871216.28999993
2025-08-01 01:23:04 PM,244.74,9,2202.66,118873418.94999993
2025-08-01 01:24:45 PM,244.94,0,0.0,118873418.94999993
2025-08-01 01:24:49 PM,244.94,100,24494.0,118897912.94999993
2025-08-01 01:24:52 PM,244.87,0,0.0,118897912.94999993
2025-08-01 01:24:54 PM,244.87,10,2448.7,118900361.64999993
2025-08-01 01:25:50 PM,244.85,0,0.0,118900361.64999993
2025-08-01 01:25:53 PM,244.85,1,244.85,118900606.49999993
2025-08-01 01:26:00 PM,244.94,0,0.0,118900606.49999993
2025-08-01 01:26:03 PM,244.94,50,12247.0,118912853.49999993
2025-08-01 01:26:08 PM,244.85,0,0.0,118912853.49999993
2025-08-01 01:26:08 PM,244.85,34,8324.9,118921178.39999993
2025-08-01 01:26:30 PM,244.94,0,0.0,118921178.39999993
2025-08-01 01:26:33 PM,244.94,100,24494.0,118945672.39999993
2025-08-01 01:26:53 PM,244.94,10,2449.4,118948121.79999994
2025-08-01 01:26:54 PM,244.95,0,0.0,118948121.79999994
2025-08-01 01:26:58 PM,244.95,312,76424.4,119024546.19999994
2025-08-01 01:27:08 PM,244.95,11,2694.45,119027240.64999995
2025-08-01 01:27:47 PM,244.95,270,66136.5,119093377.14999995
2025-08-01 01:27:56 PM,244.95,200,48990.0,119142367.14999995
2025-08-01 01:28:05 PM,245.16,0,0.0,119142367.14999995
2025-08-01 01:28:06 PM,245.16,14354,3519026.64,122661393.78999995
2025-08-01 01:28:25 PM,245.13,78,19120.14,122680513.92999995
2025-08-01 01:29:17 PM,245.33,0,0.0,122680513.92999995
2025-08-01 01:29:17 PM,245.33,100,24533.0,122705046.92999995
2025-08-01 01:29:35 PM,245.37,0,0.0,122705046.92999995
2025-08-01 01:29:37 PM,245.37,10,2453.7,122707500.62999995
2025-08-01 01:29:59 PM,245.16,0,0.0,122707500.62999995
2025-08-01 01:30:00 PM,245.16,287,70360.92,122777861.54999995
2025-08-01 01:30:42 PM,245.1,0,0.0,122777861.54999995
2025-08-01 01:30:44 PM,245.1,7,1715.7,122779577.24999996
2025-08-01 01:30:50 PM,245.27,0,0.0,122779577.24999996
2025-08-01 01:30:54 PM,245.27,100,24527.0,122804104.24999996
2025-08-01 01:30:57 PM,245.3,0,0.0,122804104.24999996
2025-08-01 01:30:59 PM,245.3,100,24530.0,122828634.24999996
2025-08-01 01:31:09 PM,245.3,100,24530.0,122853164.24999996
2025-08-01 01:31:25 PM,245.3,1,245.3,122853409.54999995
2025-08-01 01:31:30 PM,245.3,10,2453.0,122855862.54999995
2025-08-01 01:31:35 PM,245.34,50,12267.0,122868129.54999995
2025-08-01 01:31:43 PM,245.09,0,0.0,122868129.54999995
2025-08-01 01:31:45 PM,245.09,18,4411.62,122872541.16999996
2025-08-01 01:31:50 PM,245.37,0,0.0,122872541.16999996
2025-08-01 01:31:52 PM,245.35,0,0.0,122872541.16999996
2025-08-01 01:31:55 PM,245.35,700,171745.0,123044286.16999996
2025-08-01 01:32:55 PM,245.34,0,0.0,123044286.16999996
2025-08-01 01:32:58 PM,245.34,10,2453.4,123046739.56999996
2025-08-01 01:34:48 PM,245.13,0,0.0,123046739.56999996
2025-08-01 01:34:48 PM,245.13,95,23287.35,123070026.91999996
2025-08-01 01:36:01 PM,245.29,25,6132.25,123076159.16999996
2025-08-01 01:36:54 PM,245.29,10,2452.9,123078612.06999996
2025-08-01 01:37:33 PM,245.29,6,1471.74,123080083.80999996
2025-08-01 01:37:43 PM,245.29,102,25019.579999999998,123105103.38999996
2025-08-01 01:38:04 PM,245.13,0,0.0,123105103.38999996
2025-08-01 01:38:05 PM,245.13,198,48535.74,123153639.12999995
2025-08-01 01:38:16 PM,245.0,108,26460.0,123180099.12999995
2025-08-01 01:38:38 PM,244.9,0,0.0,123180099.12999995
2025-08-01 01:38:42 PM,244.9,453,110939.7,123291038.82999995
2025-08-01 01:38:58 PM,244.5,990,242055.0,123533093.82999995
2025-08-01 01:39:27 PM,244.49,0,0.0,123533093.82999995
2025-08-01 01:39:30 PM,244.49,3071,750828.79,124283922.61999996
2025-08-01 01:39:31 PM,244.56,0,0.0,124283922.61999996
2025-08-01 01:39:35 PM,244.56,24,5869.4400000000005,124289792.05999996
2025-08-01 01:39:40 PM,244.57,2,489.14,124290281.19999996
2025-08-01 01:40:16 PM,244.49,892,218085.08000000002,124508366.27999996
2025-08-01 01:40:25 PM,244.48,0,0.0,124508366.27999996
2025-08-01 01:40:26 PM,244.48,4,977.92,124509344.19999996
2025-08-01 01:40:31 PM,244.47,0,0.0,124509344.19999996
2025-08-01 01:40:35 PM,244.5,0,0.0,124509344.19999996
2025-08-01 01:40:36 PM,244.5,1884,460638.0,124969982.19999996
2025-08-01 01:40:39 PM,244.48,0,0.0,124969982.19999996
2025-08-01 01:40:41 PM,244.48,10,2444.7999999999997,124972426.99999996
2025-08-01 01:41:23 PM,244.77,0,0.0,124972426.99999996
2025-08-01 01:41:25 PM,244.77,10,2447.7000000000003,124974874.69999996
2025-08-01 01:41:59 PM,244.77,10,2447.7000000000003,124977322.39999996
2025-08-01 01:42:03 PM,244.7,0,0.0,124977322.39999996
2025-08-01 01:42:04 PM,244.7,30,7341.0,124984663.39999996
2025-08-01 01:42:25 PM,244.77,0,0.0,124984663.39999996
2025-08-01 01:42:29 PM,244.77,20,4895.400000000001,124989558.79999997
2025-08-01 01:43:03 PM,244.77,1,244.77,124989803.56999996
2025-08-01 01:43:41 PM,244.84,0,0.0,124989803.56999996
2025-08-01 01:43:44 PM,244.84,290,71003.6,125060807.16999996
2025-08-01 01:43:53 PM,244.77,0,0.0,125060807.16999996
2025-08-01 01:43:53 PM,244.77,1000,244770.0,125305577.16999996
2025-08-01 01:44:01 PM,244.97,0,0.0,125305577.16999996
2025-08-01 01:44:03 PM,244.97,1,244.97,125305822.13999996
2025-08-01 01:44:17 PM,245.05,0,0.0,125305822.13999996
2025-08-01 01:44:18 PM,245.05,170,41658.5,125347480.63999996
2025-08-01 01:44:35 PM,245.0,0,0.0,125347480.63999996
2025-08-01 01:44:38 PM,245.0,200,49000.0,125396480.63999996
2025-08-01 01:45:29 PM,244.78,0,0.0,125396480.63999996
2025-08-01 01:45:33 PM,244.78,500,122390.0,125518870.63999996
2025-08-01 01:45:35 PM,245.0,0,0.0,125518870.63999996
2025-08-01 01:45:38 PM,245.0,50,12250.0,125531120.63999996
2025-08-01 01:46:21 PM,245.0,1186,290570.0,125821690.63999996
2025-08-01 01:46:35 PM,244.9,0,0.0,125821690.63999996
2025-08-01 01:46:37 PM,244.9,568,139103.2,125960793.83999996
2025-08-01 01:46:41 PM,244.73,0,0.0,125960793.83999996
2025-08-01 01:46:42 PM,244.73,123,30101.789999999997,125990895.62999997
2025-08-01 01:47:35 PM,244.86,0,0.0,125990895.62999997
2025-08-01 01:47:37 PM,244.55,772,188792.6,126179688.22999996
2025-08-01 01:48:54 PM,244.79,0,0.0,126179688.22999996
2025-08-01 01:48:57 PM,244.79,5,1223.95,126180912.17999996
2025-08-01 01:50:31 PM,244.8,0,0.0,126180912.17999996
2025-08-01 01:50:34 PM,244.8,10,2448.0,126183360.17999996
2025-08-01 01:50:53 PM,244.8,20,4896.0,126188256.17999996
2025-08-01 01:51:47 PM,244.56,367,89753.52,126278009.69999996
2025-08-01 01:52:27 PM,244.56,25,6114.0,126284123.69999996
2025-08-01 01:52:55 PM,244.57,0,0.0,126284123.69999996
2025-08-01 01:52:56 PM,244.57,2459,601397.63,126885521.32999995
2025-08-01 01:53:07 PM,244.72,0,0.0,126885521.32999995
2025-08-01 01:53:10 PM,244.72,40,9788.8,126895310.12999995
2025-08-01 01:53:45 PM,245.08,0,0.0,126895310.12999995
2025-08-01 01:53:47 PM,245.08,249,61024.920000000006,126956335.04999995
2025-08-01 01:53:50 PM,244.96,0,0.0,126956335.04999995
2025-08-01 01:53:51 PM,244.96,2,489.92,126956824.96999995
2025-08-01 01:53:56 PM,244.96,255,62464.8,127019289.76999995
2025-08-01 01:56:05 PM,245.09,0,0.0,127019289.76999995
2025-08-01 01:56:09 PM,245.09,38,9313.42,127028603.18999995
2025-08-01 01:56:17 PM,244.99,0,0.0,127028603.18999995
2025-08-01 01:56:19 PM,244.99,418,102405.82,127131009.00999995
2025-08-01 01:56:49 PM,244.99,25,6124.75,127137133.75999995
2025-08-01 01:57:17 PM,244.91,0,0.0,127137133.75999995
2025-08-01 01:57:18 PM,244.91,25,6122.75,127143256.50999995
2025-08-01 01:57:28 PM,244.91,10,2449.1,127145705.60999994
2025-08-01 01:58:07 PM,244.91,85,20817.35,127166522.95999993
2025-08-01 01:58:41 PM,244.84,0,0.0,127166522.95999993
2025-08-01 01:58:42 PM,244.84,296,72472.64,127238995.59999993
2025-08-01 01:58:59 PM,244.79,0,0.0,127238995.59999993
2025-08-01 01:59:02 PM,244.79,11,2692.69,127241688.28999993
2025-08-01 01:59:21 PM,244.83,0,0.0,127241688.28999993
2025-08-01 01:59:22 PM,244.83,50,12241.5,127253929.78999993
2025-08-01 02:00:25 PM,244.7,0,0.0,127253929.78999993
2025-08-01 02:00:28 PM,244.7,72,17618.399999999998,127271548.18999994
2025-08-01 02:01:29 PM,244.59,0,0.0,127271548.18999994
2025-08-01 02:01:31 PM,244.59,200,48918.0,127320466.18999994
2025-08-01 02:01:43 PM,244.68,0,0.0,127320466.18999994
2025-08-01 02:01:45 PM,244.68,13,3180.84,127323647.02999994
2025-08-01 02:01:57 PM,244.48,0,0.0,127323647.02999994
2025-08-01 02:02:00 PM,244.48,1000,244480.0,127568127.02999994
2025-08-01 02:02:53 PM,244.67,0,0.0,127568127.02999994
2025-08-01 02:02:54 PM,244.67,50,12233.5,127580360.52999994
2025-08-01 02:03:01 PM,244.64,0,0.0,127580360.52999994
2025-08-01 02:03:04 PM,244.64,217,53086.88,127633447.40999994
2025-08-01 02:03:45 PM,244.79,1000,244790.0,127878237.40999994
2025-08-01 02:04:13 PM,244.6,0,0.0,127878237.40999994
2025-08-01 02:04:15 PM,244.6,142,34733.2,127912970.60999994
2025-08-01 02:04:33 PM,244.57,0,0.0,127912970.60999994
2025-08-01 02:04:35 PM,244.38,171,41788.979999999996,127954759.58999994
2025-08-01 02:06:23 PM,244.58,0,0.0,127954759.58999994
2025-08-01 02:06:25 PM,244.58,4,978.32,127955737.90999994
2025-08-01 02:07:30 PM,244.34,0,0.0,127955737.90999994
2025-08-01 02:07:32 PM,244.34,1556,380193.04,128335930.94999994
2025-08-01 02:07:41 PM,244.22,0,0.0,128335930.94999994
2025-08-01 02:07:43 PM,244.22,100,24422.0,128360352.94999994
2025-08-01 02:07:47 PM,244.2,0,0.0,128360352.94999994
2025-08-01 02:07:48 PM,244.2,50,12210.0,128372562.94999994
2025-08-01 02:08:05 PM,244.44,0,0.0,128372562.94999994
2025-08-01 02:08:09 PM,244.44,23,5622.12,128378185.06999995
2025-08-01 02:08:28 PM,244.45,0,0.0,128378185.06999995
2025-08-01 02:08:29 PM,244.45,28,6844.599999999999,128385029.66999994
2025-08-01 02:08:38 PM,244.49,0,0.0,128385029.66999994
2025-08-01 02:08:39 PM,244.49,75,18336.75,128403366.41999994
2025-08-01 02:09:23 PM,244.33,0,0.0,128403366.41999994
2025-08-01 02:09:25 PM,244.33,9,2198.9700000000003,128405565.38999994
2025-08-01 02:09:31 PM,244.34,93,22723.62,128428289.00999995
2025-08-01 02:09:43 PM,244.2,0,0.0,128428289.00999995
2025-08-01 02:09:45 PM,244.2,10003,2442732.6,130871021.60999994
2025-08-01 02:10:01 PM,244.38,0,0.0,130871021.60999994
2025-08-01 02:10:05 PM,244.38,10,2443.8,130873465.40999994
2025-08-01 02:10:07 PM,244.18,0,0.0,130873465.40999994
2025-08-01 02:10:10 PM,244.18,2,488.36,130873953.76999994
2025-08-01 02:10:36 PM,244.26,1051,256717.25999999998,131130671.02999994
2025-08-01 02:10:55 PM,244.33,0,0.0,131130671.02999994
2025-08-01 02:10:55 PM,244.33,2,488.66,131131159.68999994
2025-08-01 02:11:24 PM,244.48,0,0.0,131131159.68999994
2025-08-01 02:11:27 PM,244.48,10,2444.7999999999997,131133604.48999994
2025-08-01 02:11:34 PM,244.46,0,0.0,131133604.48999994
2025-08-01 02:11:38 PM,244.46,10,2444.6,131136049.08999993
2025-08-01 02:12:24 PM,244.46,2,488.92,131136538.00999993
2025-08-01 02:12:34 PM,244.46,20,4889.2,131141427.20999993
2025-08-01 02:12:46 PM,244.4,0,0.0,131141427.20999993
2025-08-01 02:12:49 PM,244.5,0,0.0,131141427.20999993
2025-08-01 02:12:49 PM,244.5,52,12714.0,131154141.20999993
2025-08-01 02:13:27 PM,244.34,0,0.0,131154141.20999993
2025-08-01 02:13:27 PM,244.34,100,24434.0,131178575.20999993
2025-08-01 02:13:55 PM,244.51,0,0.0,131178575.20999993
2025-08-01 02:13:57 PM,244.51,5,1222.55,131179797.75999993
2025-08-01 02:14:28 PM,244.46,0,0.0,131179797.75999993
2025-08-01 02:14:29 PM,244.46,198,48403.08,131228200.83999993
2025-08-01 02:14:55 PM,244.27,0,0.0,131228200.83999993
2025-08-01 02:14:56 PM,244.27,255,62288.850000000006,131290489.68999992
2025-08-01 02:14:59 PM,244.26,2069,505373.94,131795863.62999992
2025-08-01 02:15:50 PM,244.27,10,2442.7000000000003,131798306.32999992
2025-08-01 02:16:45 PM,244.48,0,0.0,131798306.32999992
