date,price,qty,trnvr,cum_trnvr
2025-08-01 09:15:01 AM,216.0,15,3240.0,3240.0
2025-08-01 09:15:02 AM,214.01,0,0.0,3240.0
2025-08-01 09:15:03 AM,214.01,1,214.01,3454.01
2025-08-01 09:15:11 AM,214.8,0,0.0,3454.01
2025-08-01 09:15:13 AM,214.8,1077,231339.6,234793.61000000002
2025-08-01 09:15:21 AM,214.86,0,0.0,234793.61000000002
2025-08-01 09:15:23 AM,214.86,20,4297.200000000001,239090.81000000003
2025-08-01 09:16:02 AM,214.64,0,0.0,239090.81000000003
2025-08-01 09:16:05 AM,214.64,50,10732.0,249822.81000000003
2025-08-01 09:16:09 AM,213.08,0,0.0,249822.81000000003
2025-08-01 09:16:13 AM,212.88,138,29377.44,279200.25
2025-08-01 09:16:31 AM,212.61,131,27851.910000000003,307052.16000000003
2025-08-01 09:17:11 AM,212.9,293,62379.700000000004,369431.86000000004
2025-08-01 09:17:30 AM,213.29,0,0.0,369431.86000000004
2025-08-01 09:17:35 AM,213.29,34,7251.86,376683.72000000003
2025-08-01 09:17:48 AM,213.68,0,0.0,376683.72000000003
2025-08-01 09:17:52 AM,213.68,1,213.68,376897.4
2025-08-01 09:18:00 AM,213.68,28,5983.04,382880.44
2025-08-01 09:18:50 AM,214.08,37,7920.96,390801.4
2025-08-01 09:19:33 AM,214.37,0,0.0,390801.4
2025-08-01 09:19:38 AM,214.37,25,5359.25,396160.65
2025-08-01 09:19:54 AM,214.54,0,0.0,396160.65
2025-08-01 09:19:56 AM,214.54,100,21454.0,417614.65
2025-08-01 09:20:23 AM,214.81,0,0.0,417614.65
2025-08-01 09:20:26 AM,214.81,2,429.62,418044.27
2025-08-01 09:20:41 AM,214.42,0,0.0,418044.27
2025-08-01 09:20:42 AM,214.42,8,1715.36,419759.63
2025-08-01 09:20:50 AM,214.25,892,191111.0,610870.63
2025-08-01 09:21:09 AM,214.63,0,0.0,610870.63
2025-08-01 09:21:13 AM,214.63,86,18458.18,629328.81
2025-08-01 09:21:18 AM,214.91,0,0.0,629328.81
2025-08-01 09:21:21 AM,214.91,5,1074.55,630403.3600000001
2025-08-01 09:21:41 AM,214.92,0,0.0,630403.3600000001
2025-08-01 09:21:44 AM,214.92,15,3223.7999999999997,633627.1600000001
2025-08-01 09:22:30 AM,214.8,116,24916.800000000003,658543.9600000002
2025-08-01 09:22:40 AM,214.57,0,0.0,658543.9600000002
2025-08-01 09:22:45 AM,214.57,9,1931.1299999999999,660475.0900000002
2025-08-01 09:24:09 AM,214.8,2,429.6,660904.6900000002
2025-08-01 09:25:08 AM,214.85,0,0.0,660904.6900000002
2025-08-01 09:25:09 AM,214.85,275,59083.75,719988.4400000002
2025-08-01 09:25:46 AM,214.63,20,4292.6,724281.0400000002
2025-08-01 09:26:02 AM,214.91,15,3223.65,727504.6900000002
2025-08-01 09:26:55 AM,214.92,462,99293.04,826797.7300000002
2025-08-01 09:28:20 AM,215.68,500,107840.0,934637.7300000002
2025-08-01 09:28:34 AM,215.24,2,430.48,935068.2100000002
2025-08-01 09:29:57 AM,215.24,8,1721.92,936790.1300000002
2025-08-01 09:30:31 AM,215.26,0,0.0,936790.1300000002
2025-08-01 09:30:34 AM,215.26,385,82875.09999999999,1019665.2300000002
2025-08-01 09:31:24 AM,215.02,0,0.0,1019665.2300000002
2025-08-01 09:31:26 AM,215.02,7,1505.14,1021170.3700000002
2025-08-01 09:31:36 AM,214.66,0,0.0,1021170.3700000002
2025-08-01 09:31:40 AM,214.66,648,139099.68,1160270.0500000003
2025-08-01 09:32:28 AM,214.77,0,0.0,1160270.0500000003
2025-08-01 09:32:29 AM,214.77,5,1073.8500000000001,1161343.9000000004
2025-08-01 09:33:10 AM,214.9,0,0.0,1161343.9000000004
2025-08-01 09:33:11 AM,214.9,514,110458.6,1271802.5000000005
2025-08-01 09:33:45 AM,215.16,30,6454.8,1278257.3000000005
2025-08-01 09:34:12 AM,215.27,0,0.0,1278257.3000000005
2025-08-01 09:34:13 AM,215.27,66,14207.820000000002,1292465.1200000006
2025-08-01 09:34:38 AM,215.47,0,0.0,1292465.1200000006
2025-08-01 09:34:41 AM,215.47,101,21762.47,1314227.5900000005
2025-08-01 09:34:57 AM,215.41,0,0.0,1314227.5900000005
2025-08-01 09:35:02 AM,215.41,1,215.41,1314443.0000000005
2025-08-01 09:35:57 AM,215.21,1,215.21,1314658.2100000004
2025-08-01 09:38:20 AM,214.41,0,0.0,1314658.2100000004
2025-08-01 09:38:25 AM,214.41,350,75043.5,1389701.7100000004
2025-08-01 09:38:35 AM,214.22,0,0.0,1389701.7100000004
2025-08-01 09:38:38 AM,214.22,2,428.44,1390130.1500000004
2025-08-01 09:38:56 AM,214.13,0,0.0,1390130.1500000004
2025-08-01 09:38:58 AM,214.13,5,1070.65,1391200.8000000003
2025-08-01 09:40:09 AM,214.19,0,0.0,1391200.8000000003
2025-08-01 09:40:11 AM,214.19,1,214.19,1391414.9900000002
2025-08-01 09:40:17 AM,214.27,0,0.0,1391414.9900000002
2025-08-01 09:40:18 AM,214.27,30,6428.1,1397843.0900000003
2025-08-01 09:40:36 AM,214.19,0,0.0,1397843.0900000003
2025-08-01 09:40:38 AM,214.19,1,214.19,1398057.2800000003
2025-08-01 09:41:16 AM,214.65,0,0.0,1398057.2800000003
2025-08-01 09:41:17 AM,214.65,173,37134.450000000004,1435191.7300000002
2025-08-01 09:41:28 AM,214.94,0,0.0,1435191.7300000002
2025-08-01 09:41:31 AM,214.94,1,214.94,1435406.6700000002
2025-08-01 09:42:13 AM,214.65,0,0.0,1435406.6700000002
2025-08-01 09:42:16 AM,214.65,5,1073.25,1436479.9200000002
2025-08-01 09:44:22 AM,214.65,5,1073.25,1437553.1700000002
2025-08-01 09:45:43 AM,214.23,0,0.0,1437553.1700000002
2025-08-01 09:45:46 AM,214.23,5,1071.1499999999999,1438624.32
2025-08-01 09:47:54 AM,214.31,0,0.0,1438624.32
2025-08-01 09:47:54 AM,214.31,2,428.62,1439052.9400000002
2025-08-01 09:47:54 AM,214.34,0,0.0,1439052.9400000002
2025-08-01 09:47:56 AM,214.34,5,1071.7,1440124.6400000001
2025-08-01 09:51:21 AM,214.28,0,0.0,1440124.6400000001
2025-08-01 09:51:23 AM,214.28,2,428.56,1440553.2000000002
2025-08-01 09:52:58 AM,214.42,5,1072.1,1441625.3000000003
2025-08-01 09:57:01 AM,214.07,0,0.0,1441625.3000000003
2025-08-01 09:57:04 AM,214.16,43,9208.88,1450834.1800000002
2025-08-01 09:57:11 AM,214.27,27,5785.29,1456619.4700000002
2025-08-01 09:58:09 AM,214.0,1,214.0,1456833.4700000002
2025-08-01 09:59:29 AM,213.64,31,6622.839999999999,1463456.3100000003
2025-08-01 09:59:57 AM,213.25,500,106625.0,1570081.3100000003
2025-08-01 10:00:03 AM,213.58,1,213.58,1570294.8900000004
2025-08-01 10:00:06 AM,213.58,1,213.58,1570508.4700000004
2025-08-01 10:00:57 AM,213.51,43,9180.93,1579689.4000000004
2025-08-01 10:01:25 AM,213.74,1,213.74,1579903.1400000004
2025-08-01 10:01:43 AM,213.8,0,0.0,1579903.1400000004
2025-08-01 10:01:44 AM,213.8,76,16248.800000000001,1596151.9400000004
2025-08-01 10:02:21 AM,213.73,1,213.73,1596365.6700000004
2025-08-01 10:02:55 AM,214.0,33,7062.0,1603427.6700000004
2025-08-01 10:03:14 AM,213.89,0,0.0,1603427.6700000004
2025-08-01 10:03:14 AM,213.89,40,8555.599999999999,1611983.2700000005
2025-08-01 10:03:26 AM,214.2,0,0.0,1611983.2700000005
2025-08-01 10:03:27 AM,214.2,69,14779.8,1626763.0700000005
2025-08-01 10:05:05 AM,214.32,0,0.0,1626763.0700000005
2025-08-01 10:05:05 AM,214.32,5,1071.6,1627834.6700000006
2025-08-01 10:05:54 AM,214.32,10,2143.2,1629977.8700000006
2025-08-01 10:07:02 AM,213.98,15,3209.7,1633187.5700000005
2025-08-01 10:07:11 AM,213.83,0,0.0,1633187.5700000005
2025-08-01 10:07:12 AM,213.83,50,10691.5,1643879.0700000005
2025-08-01 10:07:25 AM,214.2,1,214.2,1644093.2700000005
2025-08-01 10:07:56 AM,214.2,1,214.2,1644307.4700000004
2025-08-01 10:08:02 AM,213.77,0,0.0,1644307.4700000004
2025-08-01 10:08:02 AM,213.77,94,20094.38,1664401.8500000003
2025-08-01 10:08:07 AM,213.67,0,0.0,1664401.8500000003
2025-08-01 10:08:08 AM,213.67,3,641.01,1665042.8600000003
2025-08-01 10:08:16 AM,214.09,85,18197.65,1683240.5100000002
2025-08-01 10:10:53 AM,214.15,0,0.0,1683240.5100000002
2025-08-01 10:10:54 AM,214.15,206,44114.9,1727355.4100000001
2025-08-01 10:13:13 AM,214.87,1099,236142.13,1963497.54
2025-08-01 10:13:14 AM,214.54,114,24457.559999999998,1987955.1
2025-08-01 10:15:00 AM,214.57,19,4076.83,1992031.9300000002
2025-08-01 10:16:49 AM,214.25,0,0.0,1992031.9300000002
2025-08-01 10:16:50 AM,214.25,1848,395934.0,2387965.93
2025-08-01 10:17:38 AM,214.46,0,0.0,2387965.93
2025-08-01 10:17:42 AM,214.46,24,5147.04,2393112.97
2025-08-01 10:18:14 AM,214.52,0,0.0,2393112.97
2025-08-01 10:18:17 AM,214.52,20,4290.400000000001,2397403.37
2025-08-01 10:21:54 AM,214.37,22,4716.14,2402119.5100000002
2025-08-01 10:27:28 AM,214.37,1,214.37,2402333.8800000004
2025-08-01 10:30:52 AM,214.14,0,0.0,2402333.8800000004
2025-08-01 10:30:53 AM,214.14,10,2141.3999999999996,2404475.2800000003
2025-08-01 10:32:41 AM,214.34,0,0.0,2404475.2800000003
2025-08-01 10:32:43 AM,214.34,10,2143.4,2406618.68
2025-08-01 10:33:32 AM,214.37,0,0.0,2406618.68
2025-08-01 10:33:33 AM,214.37,13,2786.81,2409405.49
2025-08-01 10:39:11 AM,214.46,0,0.0,2409405.49
2025-08-01 10:39:12 AM,214.46,1,214.46,2409619.95
2025-08-01 10:39:59 AM,214.46,100,21446.0,2431065.95
2025-08-01 10:41:30 AM,214.35,0,0.0,2431065.95
2025-08-01 10:41:31 AM,214.35,3,643.05,2431709.0
2025-08-01 10:43:00 AM,214.47,0,0.0,2431709.0
2025-08-01 10:43:00 AM,214.47,1,214.47,2431923.47
2025-08-01 10:43:24 AM,214.35,2,428.7,2432352.1700000004
2025-08-01 10:44:33 AM,214.35,350,75022.5,2507374.6700000004
2025-08-01 10:47:48 AM,214.34,2,428.68,2507803.3500000006
2025-08-01 10:49:00 AM,214.12,6,1284.72,2509088.0700000008
2025-08-01 10:49:54 AM,214.33,0,0.0,2509088.0700000008
2025-08-01 10:49:57 AM,214.33,5,1071.65,2510159.7200000007
2025-08-01 10:50:08 AM,214.12,0,0.0,2510159.7200000007
2025-08-01 10:50:09 AM,214.12,26,5567.12,2515726.840000001
2025-08-01 10:53:30 AM,214.5,0,0.0,2515726.840000001
2025-08-01 10:53:31 AM,214.5,356,76362.0,2592088.840000001
2025-08-01 10:53:42 AM,214.98,0,0.0,2592088.840000001
2025-08-01 10:53:46 AM,214.98,590,126838.2,2718927.040000001
2025-08-01 10:55:30 AM,214.44,0,0.0,2718927.040000001
2025-08-01 10:55:33 AM,214.44,1,214.44,2719141.480000001
2025-08-01 10:56:02 AM,214.16,0,0.0,2719141.480000001
2025-08-01 10:56:05 AM,214.16,27,5782.32,2724923.8000000007
2025-08-01 10:59:26 AM,214.36,0,0.0,2724923.8000000007
2025-08-01 10:59:26 AM,214.36,15,3215.4,2728139.2000000007
2025-08-01 11:00:02 AM,214.57,0,0.0,2728139.2000000007
2025-08-01 11:00:04 AM,214.57,2,429.14,2728568.340000001
2025-08-01 11:06:03 AM,214.52,0,0.0,2728568.340000001
2025-08-01 11:06:05 AM,214.52,4,858.08,2729426.420000001
2025-08-01 11:06:22 AM,214.54,0,0.0,2729426.420000001
2025-08-01 11:06:23 AM,214.54,10,2145.4,2731571.8200000008
2025-08-01 11:06:28 AM,214.57,2,429.14,2732000.960000001
2025-08-01 11:07:14 AM,214.57,10,2145.7,2734146.660000001
2025-08-01 11:09:04 AM,214.21,0,0.0,2734146.660000001
2025-08-01 11:09:06 AM,214.21,1,214.21,2734360.870000001
2025-08-01 11:09:56 AM,214.16,0,0.0,2734360.870000001
2025-08-01 11:09:56 AM,214.16,11,2355.7599999999998,2736716.630000001
2025-08-01 11:10:48 AM,214.02,0,0.0,2736716.630000001
2025-08-01 11:10:50 AM,214.02,173,37025.46,2773742.090000001
2025-08-01 11:13:08 AM,214.45,0,0.0,2773742.090000001
2025-08-01 11:13:09 AM,214.45,502,107653.9,2881395.9900000007
2025-08-01 11:13:22 AM,214.52,0,0.0,2881395.9900000007
2025-08-01 11:13:22 AM,214.52,100,21452.0,2902847.9900000007
2025-08-01 11:13:34 AM,214.5,0,0.0,2902847.9900000007
2025-08-01 11:13:37 AM,214.5,2,429.0,2903276.9900000007
2025-08-01 11:14:58 AM,214.43,1,214.43,2903491.420000001
2025-08-01 11:15:37 AM,214.37,0,0.0,2903491.420000001
2025-08-01 11:15:41 AM,214.37,10,2143.7,2905635.120000001
2025-08-01 11:18:21 AM,214.04,0,0.0,2905635.120000001
2025-08-01 11:18:21 AM,214.04,5,1070.2,2906705.320000001
2025-08-01 11:19:49 AM,214.03,0,0.0,2906705.320000001
2025-08-01 11:19:49 AM,214.03,5,1070.15,2907775.470000001
2025-08-01 11:20:26 AM,214.16,0,0.0,2907775.470000001
2025-08-01 11:20:26 AM,214.16,10,2141.6,2909917.070000001
2025-08-01 11:21:34 AM,214.16,1,214.16,2910131.2300000014
2025-08-01 11:22:30 AM,214.31,0,0.0,2910131.2300000014
2025-08-01 11:22:32 AM,214.31,5,1071.55,2911202.780000001
2025-08-01 11:23:26 AM,214.13,0,0.0,2911202.780000001
2025-08-01 11:23:30 AM,214.13,25,5353.25,2916556.030000001
2025-08-01 11:25:12 AM,214.03,0,0.0,2916556.030000001
2025-08-01 11:25:14 AM,214.03,15,3210.45,2919766.4800000014
2025-08-01 11:27:20 AM,214.33,0,0.0,2919766.4800000014
2025-08-01 11:27:22 AM,214.33,100,21433.0,2941199.4800000014
2025-08-01 11:27:23 AM,214.04,125,26755.0,2967954.4800000014
2025-08-01 11:27:54 AM,214.03,50,10701.5,2978655.9800000014
2025-08-01 11:29:36 AM,214.03,25,5350.75,2984006.7300000014
2025-08-01 11:30:40 AM,214.21,6,1285.26,2985291.990000001
2025-08-01 11:31:57 AM,214.0,0,0.0,2985291.990000001
2025-08-01 11:31:58 AM,214.0,331,70834.0,3056125.990000001
2025-08-01 11:32:13 AM,214.0,1015,217210.0,3273335.990000001
2025-08-01 11:33:23 AM,213.96,0,0.0,3273335.990000001
2025-08-01 11:33:25 AM,213.96,5,1069.8,3274405.790000001
2025-08-01 11:34:21 AM,214.0,20,4280.0,3278685.790000001
2025-08-01 11:36:47 AM,214.0,71,15194.0,3293879.790000001
2025-08-01 11:36:51 AM,213.78,0,0.0,3293879.790000001
2025-08-01 11:36:53 AM,213.78,25,5344.5,3299224.290000001
2025-08-01 11:38:04 AM,213.99,0,0.0,3299224.290000001
2025-08-01 11:38:05 AM,213.99,33,7061.67,3306285.960000001
2025-08-01 11:38:06 AM,213.7,9,1923.3,3308209.2600000007
2025-08-01 11:38:35 AM,213.7,50,10685.0,3318894.2600000007
2025-08-01 11:40:43 AM,213.55,0,0.0,3318894.2600000007
2025-08-01 11:40:44 AM,213.55,4,854.2,3319748.460000001
2025-08-01 11:40:53 AM,213.64,0,0.0,3319748.460000001
2025-08-01 11:40:54 AM,213.72,6,1282.32,3321030.7800000007
2025-08-01 11:40:58 AM,213.49,0,0.0,3321030.7800000007
2025-08-01 11:40:59 AM,213.49,89,19000.61,3340031.3900000006
2025-08-01 11:42:19 AM,213.44,0,0.0,3340031.3900000006
2025-08-01 11:42:20 AM,213.44,26,5549.44,3345580.8300000005
2025-08-01 11:42:52 AM,213.44,6,1280.6399999999999,3346861.4700000007
2025-08-01 11:43:11 AM,213.32,0,0.0,3346861.4700000007
2025-08-01 11:43:13 AM,213.32,95,20265.399999999998,3367126.8700000006
2025-08-01 11:44:24 AM,213.3,0,0.0,3367126.8700000006
2025-08-01 11:44:24 AM,213.3,1,213.3,3367340.1700000004
2025-08-01 11:45:12 AM,213.22,0,0.0,3367340.1700000004
2025-08-01 11:45:13 AM,213.22,1,213.22,3367553.3900000006
2025-08-01 11:45:58 AM,213.24,0,0.0,3367553.3900000006
2025-08-01 11:46:01 AM,213.24,20,4264.8,3371818.1900000004
2025-08-01 11:46:53 AM,213.28,0,0.0,3371818.1900000004
2025-08-01 11:46:54 AM,213.28,95,20261.6,3392079.7900000005
2025-08-01 11:48:01 AM,213.28,1,213.28,3392293.0700000003
2025-08-01 11:48:36 AM,213.28,7,1492.96,3393786.0300000003
2025-08-01 11:48:51 AM,213.3,0,0.0,3393786.0300000003
2025-08-01 11:48:51 AM,213.3,19,4052.7000000000003,3397838.7300000004
2025-08-01 11:53:14 AM,213.48,0,0.0,3397838.7300000004
2025-08-01 11:53:15 AM,213.48,1,213.48,3398052.2100000004
2025-08-01 11:54:58 AM,213.4,0,0.0,3398052.2100000004
2025-08-01 11:55:01 AM,213.4,6,1280.4,3399332.6100000003
2025-08-01 11:56:34 AM,213.4,39,8322.6,3407655.2100000004
2025-08-01 11:59:04 AM,213.33,0,0.0,3407655.2100000004
2025-08-01 11:59:07 AM,213.33,99,21119.670000000002,3428774.8800000004
2025-08-01 12:01:59 PM,213.49,0,0.0,3428774.8800000004
2025-08-01 12:02:01 PM,213.49,40,8539.6,3437314.4800000004
2025-08-01 12:02:06 PM,213.33,1,213.33,3437527.8100000005
2025-08-01 12:02:49 PM,213.47,0,0.0,3437527.8100000005
2025-08-01 12:02:51 PM,213.47,5,1067.35,3438595.1600000006
2025-08-01 12:02:55 PM,213.3,0,0.0,3438595.1600000006
2025-08-01 12:02:56 PM,213.3,32,6825.6,3445420.7600000007
2025-08-01 12:03:39 PM,213.25,0,0.0,3445420.7600000007
2025-08-01 12:03:41 PM,213.25,25,5331.25,3450752.0100000007
2025-08-01 12:03:43 PM,213.2,266,56711.2,3507463.210000001
2025-08-01 12:07:28 PM,213.23,0,0.0,3507463.210000001
2025-08-01 12:07:31 PM,213.23,8,1705.84,3509169.0500000007
2025-08-01 12:08:26 PM,213.1,0,0.0,3509169.0500000007
2025-08-01 12:08:27 PM,213.1,5,1065.5,3510234.5500000007
2025-08-01 12:11:00 PM,213.24,0,0.0,3510234.5500000007
2025-08-01 12:11:01 PM,213.24,1,213.24,3510447.790000001
2025-08-01 12:11:06 PM,213.1,0,0.0,3510447.790000001
2025-08-01 12:11:06 PM,213.1,30,6393.0,3516840.790000001
2025-08-01 12:12:32 PM,213.0,0,0.0,3516840.790000001
2025-08-01 12:12:35 PM,213.0,41,8733.0,3525573.790000001
2025-08-01 12:15:37 PM,213.0,18,3834.0,3529407.790000001
2025-08-01 12:16:36 PM,212.96,1,212.96,3529620.750000001
2025-08-01 12:17:54 PM,212.96,8,1703.68,3531324.430000001
2025-08-01 12:17:56 PM,213.01,0,0.0,3531324.430000001
2025-08-01 12:17:58 PM,213.25,0,0.0,3531324.430000001
2025-08-01 12:17:59 PM,213.25,493,105132.25,3636456.680000001
2025-08-01 12:19:08 PM,213.15,0,0.0,3636456.680000001
2025-08-01 12:19:09 PM,213.15,1,213.15,3636669.830000001
2025-08-01 12:21:13 PM,212.8,0,0.0,3636669.830000001
2025-08-01 12:21:16 PM,212.8,1,212.8,3636882.630000001
2025-08-01 12:23:40 PM,212.8,6,1276.8000000000002,3638159.4300000006
2025-08-01 12:24:51 PM,212.74,0,0.0,3638159.4300000006
2025-08-01 12:24:54 PM,212.74,100,21274.0,3659433.4300000006
2025-08-01 12:26:00 PM,213.07,0,0.0,3659433.4300000006
2025-08-01 12:26:01 PM,213.07,10,2130.7,3661564.130000001
2025-08-01 12:26:02 PM,212.78,0,0.0,3661564.130000001
2025-08-01 12:26:05 PM,212.78,3,638.34,3662202.4700000007
2025-08-01 12:26:53 PM,213.02,0,0.0,3662202.4700000007
2025-08-01 12:26:55 PM,213.02,2,426.04,3662628.5100000007
2025-08-01 12:28:36 PM,212.79,0,0.0,3662628.5100000007
2025-08-01 12:28:36 PM,212.79,101,21491.79,3684120.3000000007
2025-08-01 12:29:59 PM,212.79,271,57666.09,3741786.3900000006
2025-08-01 12:30:22 PM,212.79,5,1063.95,3742850.340000001
2025-08-01 12:30:30 PM,212.79,1,212.79,3743063.130000001
2025-08-01 12:31:10 PM,212.8,0,0.0,3743063.130000001
2025-08-01 12:31:11 PM,212.8,108,22982.4,3766045.5300000007
2025-08-01 12:31:36 PM,213.22,0,0.0,3766045.5300000007
2025-08-01 12:31:38 PM,213.22,30,6396.6,3772442.130000001
2025-08-01 12:34:28 PM,212.98,0,0.0,3772442.130000001
2025-08-01 12:34:31 PM,212.98,25,5324.5,3777766.630000001
2025-08-01 12:34:50 PM,212.88,0,0.0,3777766.630000001
2025-08-01 12:34:52 PM,212.88,31,6599.28,3784365.9100000006
2025-08-01 12:35:48 PM,212.88,99,21075.12,3805441.0300000007
2025-08-01 12:36:48 PM,213.17,0,0.0,3805441.0300000007
2025-08-01 12:36:50 PM,213.17,2,426.34,3805867.3700000006
2025-08-01 12:37:17 PM,213.0,0,0.0,3805867.3700000006
2025-08-01 12:37:21 PM,213.0,1,213.0,3806080.3700000006
2025-08-01 12:37:54 PM,213.13,0,0.0,3806080.3700000006
2025-08-01 12:37:55 PM,213.13,5,1065.65,3807146.0200000005
2025-08-01 12:39:05 PM,212.89,0,0.0,3807146.0200000005
2025-08-01 12:39:05 PM,212.89,1,212.89,3807358.9100000006
2025-08-01 12:43:06 PM,212.8,0,0.0,3807358.9100000006
2025-08-01 12:43:07 PM,212.8,10,2128.0,3809486.9100000006
2025-08-01 12:44:40 PM,212.91,0,0.0,3809486.9100000006
2025-08-01 12:44:44 PM,212.91,2,425.82,3809912.7300000004
2025-08-01 12:44:52 PM,212.73,0,0.0,3809912.7300000004
2025-08-01 12:44:54 PM,212.73,1,212.73,3810125.4600000004
2025-08-01 12:45:09 PM,212.73,102,21698.46,3831823.9200000004
2025-08-01 12:46:10 PM,212.91,0,0.0,3831823.9200000004
2025-08-01 12:46:11 PM,212.91,1,212.91,3832036.8300000005
2025-08-01 12:47:34 PM,213.12,0,0.0,3832036.8300000005
2025-08-01 12:47:37 PM,213.12,185,39427.200000000004,3871464.0300000007
2025-08-01 12:47:38 PM,212.94,11,2342.34,3873806.3700000006
2025-08-01 12:48:40 PM,212.88,0,0.0,3873806.3700000006
2025-08-01 12:48:42 PM,212.88,10,2128.8,3875935.1700000004
2025-08-01 12:49:30 PM,212.78,0,0.0,3875935.1700000004
2025-08-01 12:49:31 PM,212.78,102,21703.56,3897638.7300000004
2025-08-01 12:51:24 PM,212.75,0,0.0,3897638.7300000004
2025-08-01 12:51:24 PM,212.75,174,37018.5,3934657.2300000004
2025-08-01 12:52:06 PM,212.89,2,425.78,3935083.0100000002
2025-08-01 12:52:24 PM,212.9,15,3193.5,3938276.5100000002
2025-08-01 12:54:34 PM,212.9,1,212.9,3938489.41
2025-08-01 12:55:08 PM,212.62,0,0.0,3938489.41
2025-08-01 12:55:12 PM,212.62,50,10631.0,3949120.41
2025-08-01 12:57:16 PM,212.61,0,0.0,3949120.41
2025-08-01 12:57:16 PM,212.61,2,425.22,3949545.6300000004
2025-08-01 12:58:08 PM,212.9,0,0.0,3949545.6300000004
2025-08-01 12:58:11 PM,212.9,10,2129.0,3951674.6300000004
2025-08-01 12:58:14 PM,212.95,0,0.0,3951674.6300000004
2025-08-01 12:58:17 PM,212.95,231,49191.45,4000866.0800000005
2025-08-01 12:58:22 PM,212.95,441,93910.95,4094777.0300000007
2025-08-01 01:01:07 PM,212.95,2,425.9,4095202.9300000006
2025-08-01 01:03:09 PM,213.25,0,0.0,4095202.9300000006
2025-08-01 01:03:13 PM,213.25,328,69946.0,4165148.9300000006
2025-08-01 01:03:13 PM,213.21,0,0.0,4165148.9300000006
2025-08-01 01:03:13 PM,213.21,57,12152.970000000001,4177301.900000001
2025-08-01 01:04:45 PM,213.25,0,0.0,4177301.900000001
2025-08-01 01:04:45 PM,213.25,292,62269.0,4239570.9
2025-08-01 01:04:47 PM,214.03,0,0.0,4239570.9
2025-08-01 01:04:47 PM,214.03,602,128846.06,4368416.96
2025-08-01 01:04:47 PM,214.7,0,0.0,4368416.96
2025-08-01 01:04:50 PM,214.7,318,68274.59999999999,4436691.56
2025-08-01 01:04:51 PM,214.89,0,0.0,4436691.56
2025-08-01 01:04:51 PM,214.52,0,0.0,4436691.56
2025-08-01 01:04:52 PM,214.52,156,33465.12,4470156.68
2025-08-01 01:04:53 PM,214.88,0,0.0,4470156.68
2025-08-01 01:04:56 PM,214.88,21,4512.48,4474669.16
2025-08-01 01:04:57 PM,214.88,18,3867.84,4478537.0
2025-08-01 01:04:57 PM,214.86,0,0.0,4478537.0
2025-08-01 01:05:00 PM,214.86,2,429.72,4478966.72
2025-08-01 01:05:06 PM,214.79,10,2147.9,4481114.62
2025-08-01 01:05:07 PM,214.78,0,0.0,4481114.62
2025-08-01 01:05:07 PM,214.78,2,429.56,4481544.18
2025-08-01 01:05:15 PM,214.55,104,22313.2,4503857.38
2025-08-01 01:05:17 PM,214.8,0,0.0,4503857.38
2025-08-01 01:05:17 PM,214.8,18,3866.4,4507723.78
2025-08-01 01:06:21 PM,214.5,0,0.0,4507723.78
2025-08-01 01:06:22 PM,214.5,100,21450.0,4529173.78
2025-08-01 01:06:23 PM,214.74,0,0.0,4529173.78
2025-08-01 01:06:23 PM,214.74,18,3865.32,4533039.100000001
2025-08-01 01:07:36 PM,214.75,0,0.0,4533039.100000001
2025-08-01 01:07:36 PM,214.75,16,3436.0,4536475.100000001
2025-08-01 01:07:36 PM,214.77,0,0.0,4536475.100000001
2025-08-01 01:07:40 PM,214.77,2,429.54,4536904.640000001
2025-08-01 01:07:45 PM,214.77,5,1073.8500000000001,4537978.49
2025-08-01 01:07:46 PM,214.77,1,214.77,4538193.26
2025-08-01 01:08:20 PM,214.75,0,0.0,4538193.26
2025-08-01 01:08:20 PM,214.75,92,19757.0,4557950.26
2025-08-01 01:08:22 PM,214.8,0,0.0,4557950.26
2025-08-01 01:08:22 PM,214.8,275,59070.0,4617020.26
2025-08-01 01:08:22 PM,215.0,0,0.0,4617020.26
2025-08-01 01:08:26 PM,215.0,45,9675.0,4626695.26
2025-08-01 01:08:54 PM,215.0,5,1075.0,4627770.26
2025-08-01 01:09:04 PM,215.01,0,0.0,4627770.26
2025-08-01 01:09:07 PM,215.01,90,19350.899999999998,4647121.16
2025-08-01 01:09:09 PM,214.84,61,13105.24,4660226.4
2025-08-01 01:09:10 PM,214.99,0,0.0,4660226.4
2025-08-01 01:09:12 PM,214.99,11,2364.8900000000003,4662591.29
2025-08-01 01:09:58 PM,215.04,15,3225.6,4665816.89
2025-08-01 01:10:18 PM,214.56,0,0.0,4665816.89
2025-08-01 01:10:21 PM,214.56,105,22528.8,4688345.6899999995
2025-08-01 01:10:22 PM,214.59,0,0.0,4688345.6899999995
2025-08-01 01:10:23 PM,214.59,18,3862.62,4692208.31
2025-08-01 01:11:03 PM,214.59,25,5364.75,4697573.06
2025-08-01 01:11:04 PM,214.68,0,0.0,4697573.06
2025-08-01 01:11:06 PM,214.68,4,858.72,4698431.779999999
2025-08-01 01:12:56 PM,214.6,32,6867.2,4705298.9799999995
2025-08-01 01:12:57 PM,214.58,0,0.0,4705298.9799999995
2025-08-01 01:12:58 PM,214.58,5,1072.9,4706371.88
2025-08-01 01:16:29 PM,214.23,5,1071.1499999999999,4707443.03
2025-08-01 01:16:30 PM,214.4,0,0.0,4707443.03
2025-08-01 01:16:32 PM,214.4,1,214.4,4707657.430000001
2025-08-01 01:20:43 PM,214.16,1053,225510.48,4933167.910000001
2025-08-01 01:20:44 PM,214.22,0,0.0,4933167.910000001
2025-08-01 01:20:45 PM,214.22,40,8568.8,4941736.710000001
2025-08-01 01:20:54 PM,214.46,0,0.0,4941736.710000001
2025-08-01 01:20:54 PM,214.46,148,31740.08,4973476.790000001
2025-08-01 01:26:09 PM,214.56,0,0.0,4973476.790000001
2025-08-01 01:26:11 PM,214.64,0,0.0,4973476.790000001
2025-08-01 01:26:11 PM,214.64,108,23181.12,4996657.910000001
2025-08-01 01:26:11 PM,214.65,19,4078.35,5000736.260000001
2025-08-01 01:26:37 PM,214.35,0,0.0,5000736.260000001
2025-08-01 01:26:40 PM,214.35,1,214.35,5000950.61
2025-08-01 01:26:59 PM,215.0,0,0.0,5000950.61
2025-08-01 01:27:00 PM,215.0,1000,215000.0,5215950.61
2025-08-01 01:27:01 PM,214.99,177,38053.23,5254003.840000001
2025-08-01 01:27:57 PM,214.69,0,0.0,5254003.840000001
2025-08-01 01:27:59 PM,214.69,84,18033.96,5272037.800000001
2025-08-01 01:27:59 PM,214.99,0,0.0,5272037.800000001
2025-08-01 01:28:03 PM,214.99,30,6449.700000000001,5278487.500000001
2025-08-01 01:28:04 PM,214.99,2,429.98,5278917.480000001
2025-08-01 01:28:06 PM,215.0,0,0.0,5278917.480000001
2025-08-01 01:28:08 PM,215.0,897,192855.0,5471772.480000001
2025-08-01 01:28:17 PM,215.2,0,0.0,5471772.480000001
2025-08-01 01:28:18 PM,215.2,92,19798.399999999998,5491570.880000002
2025-08-01 01:28:34 PM,215.33,0,0.0,5491570.880000002
2025-08-01 01:28:37 PM,215.33,30,6459.900000000001,5498030.780000002
2025-08-01 01:29:32 PM,215.01,0,0.0,5498030.780000002
2025-08-01 01:29:34 PM,215.01,127,27306.27,5525337.050000002
2025-08-01 01:30:10 PM,215.02,0,0.0,5525337.050000002
2025-08-01 01:30:13 PM,215.02,25,5375.5,5530712.550000002
2025-08-01 01:30:14 PM,215.06,7,1505.42,5532217.970000002
2025-08-01 01:30:35 PM,215.07,0,0.0,5532217.970000002
2025-08-01 01:30:37 PM,215.07,102,21937.14,5554155.110000001
2025-08-01 01:31:47 PM,215.13,9,1936.17,5556091.280000001
2025-08-01 01:32:27 PM,214.41,0,0.0,5556091.280000001
2025-08-01 01:32:27 PM,214.41,1000,214410.0,5770501.280000001
2025-08-01 01:32:28 PM,215.0,65,13975.0,5784476.280000001
2025-08-01 01:32:32 PM,215.0,110,23650.0,5808126.280000001
2025-08-01 01:34:54 PM,214.73,0,0.0,5808126.280000001
2025-08-01 01:34:56 PM,214.73,1,214.73,5808341.010000002
2025-08-01 01:35:02 PM,214.52,1,214.52,5808555.530000001
2025-08-01 01:35:16 PM,214.8,0,0.0,5808555.530000001
2025-08-01 01:35:16 PM,214.8,99,21265.2,5829820.730000001
2025-08-01 01:35:17 PM,214.98,0,0.0,5829820.730000001
2025-08-01 01:35:20 PM,214.98,3,644.9399999999999,5830465.670000002
2025-08-01 01:36:06 PM,214.66,0,0.0,5830465.670000002
2025-08-01 01:36:08 PM,214.66,50,10733.0,5841198.670000002
2025-08-01 01:36:08 PM,214.98,0,0.0,5841198.670000002
2025-08-01 01:36:09 PM,214.98,9,1934.82,5843133.490000002
2025-08-01 01:37:22 PM,214.58,0,0.0,5843133.490000002
2025-08-01 01:37:27 PM,214.58,96,20599.68,5863733.170000002
2025-08-01 01:37:27 PM,214.82,17,3651.94,5867385.110000002
2025-08-01 01:38:35 PM,214.58,100,21458.0,5888843.110000002
2025-08-01 01:38:36 PM,214.83,0,0.0,5888843.110000002
2025-08-01 01:38:39 PM,214.83,17,3652.11,5892495.2200000025
2025-08-01 01:39:06 PM,214.79,0,0.0,5892495.2200000025
2025-08-01 01:39:07 PM,214.79,219,47039.009999999995,5939534.230000002
2025-08-01 01:39:07 PM,214.81,39,8377.59,5947911.820000002
2025-08-01 01:39:16 PM,214.5,0,0.0,5947911.820000002
2025-08-01 01:39:17 PM,214.5,1532,328614.0,6276525.820000002
2025-08-01 01:39:18 PM,214.32,0,0.0,6276525.820000002
2025-08-01 01:39:18 PM,214.32,56,12001.92,6288527.740000002
2025-08-01 01:39:27 PM,214.32,214,45864.479999999996,6334392.2200000025
2025-08-01 01:39:36 PM,213.83,0,0.0,6334392.2200000025
2025-08-01 01:39:38 PM,213.83,189,40413.87,6374806.090000003
2025-08-01 01:39:38 PM,214.23,0,0.0,6374806.090000003
2025-08-01 01:39:38 PM,214.23,34,7283.82,6382089.910000003
2025-08-01 01:39:46 PM,213.82,0,0.0,6382089.910000003
2025-08-01 01:39:48 PM,213.82,189,40411.979999999996,6422501.890000003
2025-08-01 01:39:48 PM,213.99,0,0.0,6422501.890000003
2025-08-01 01:39:49 PM,213.99,33,7061.67,6429563.560000003
2025-08-01 01:40:00 PM,214.18,0,0.0,6429563.560000003
2025-08-01 01:40:03 PM,214.18,172,36838.96,6466402.520000003
2025-08-01 01:40:04 PM,214.46,0,0.0,6466402.520000003
2025-08-01 01:40:04 PM,214.46,319,68412.74,6534815.2600000035
2025-08-01 01:40:04 PM,214.7,0,0.0,6534815.2600000035
2025-08-01 01:40:08 PM,214.7,51,10949.699999999999,6545764.960000004
2025-08-01 01:41:24 PM,214.67,5,1073.35,6546838.310000003
2025-08-01 01:41:28 PM,214.67,1,214.67,6547052.980000003
2025-08-01 01:41:48 PM,214.29,0,0.0,6547052.980000003
2025-08-01 01:41:48 PM,214.29,59,12643.109999999999,6559696.090000004
2025-08-01 01:41:48 PM,214.52,0,0.0,6559696.090000004
2025-08-01 01:41:52 PM,214.52,11,2359.7200000000003,6562055.810000003
2025-08-01 01:45:24 PM,214.46,0,0.0,6562055.810000003
2025-08-01 01:45:26 PM,214.46,25,5361.5,6567417.310000003
2025-08-01 01:45:26 PM,214.43,0,0.0,6567417.310000003
2025-08-01 01:45:31 PM,214.43,4,857.72,6568275.030000003
2025-08-01 01:51:00 PM,214.26,0,0.0,6568275.030000003
2025-08-01 01:51:00 PM,214.26,1,214.26,6568489.290000003
2025-08-01 01:52:58 PM,214.24,0,0.0,6568489.290000003
2025-08-01 01:52:59 PM,214.24,1,214.24,6568703.530000003
2025-08-01 01:57:06 PM,214.13,9,1927.17,6570630.700000003
2025-08-01 01:57:24 PM,214.0,0,0.0,6570630.700000003
2025-08-01 01:57:26 PM,214.0,1,214.0,6570844.700000003
2025-08-01 01:58:39 PM,213.94,20,4278.8,6575123.500000003
2025-08-01 01:58:40 PM,214.11,0,0.0,6575123.500000003
2025-08-01 01:58:40 PM,214.11,4,856.44,6575979.940000003
2025-08-01 01:58:46 PM,214.0,0,0.0,6575979.940000003
2025-08-01 01:58:49 PM,214.0,10,2140.0,6578119.940000003
2025-08-01 01:58:50 PM,214.07,0,0.0,6578119.940000003
2025-08-01 01:58:50 PM,214.07,2,428.14,6578548.080000003
2025-08-01 01:58:58 PM,214.0,0,0.0,6578548.080000003
2025-08-01 01:59:00 PM,214.0,10,2140.0,6580688.080000003
2025-08-01 01:59:00 PM,214.07,0,0.0,6580688.080000003
2025-08-01 01:59:01 PM,214.07,2,428.14,6581116.2200000025
2025-08-01 01:59:12 PM,214.13,0,0.0,6581116.2200000025
2025-08-01 01:59:15 PM,214.13,41,8779.33,6589895.550000003
2025-08-01 01:59:16 PM,214.13,7,1498.9099999999999,6591394.460000003
2025-08-01 02:01:04 PM,214.13,50,10706.5,6602100.960000003
2025-08-01 02:01:04 PM,214.13,9,1927.17,6604028.130000003
2025-08-01 02:02:50 PM,213.96,0,0.0,6604028.130000003
2025-08-01 02:02:52 PM,213.96,87,18614.52,6622642.650000002
2025-08-01 02:02:52 PM,214.1,0,0.0,6622642.650000002
2025-08-01 02:02:57 PM,214.1,15,3211.5,6625854.150000002
2025-08-01 02:05:47 PM,214.05,0,0.0,6625854.150000002
2025-08-01 02:05:48 PM,214.05,12,2568.6000000000004,6628422.750000002
2025-08-01 02:05:49 PM,214.05,2,428.1,6628850.8500000015
2025-08-01 02:06:29 PM,213.78,0,0.0,6628850.8500000015
2025-08-01 02:06:33 PM,213.78,95,20309.1,6649159.950000001
2025-08-01 02:06:33 PM,214.04,0,0.0,6649159.950000001
2025-08-01 02:06:34 PM,214.04,17,3638.68,6652798.630000001
2025-08-01 02:09:03 PM,213.76,99,21162.239999999998,6673960.870000001
2025-08-01 02:09:03 PM,213.98,17,3637.66,6677598.530000001
2025-08-01 02:09:22 PM,214.0,0,0.0,6677598.530000001
2025-08-01 02:09:23 PM,214.0,6,1284.0,6678882.530000001
2025-08-01 02:10:10 PM,213.79,0,0.0,6678882.530000001
2025-08-01 02:10:12 PM,213.79,11,2351.69,6681234.220000002
2025-08-01 02:10:13 PM,213.99,2,427.98,6681662.200000002
2025-08-01 02:10:47 PM,213.79,0,0.0,6681662.200000002
2025-08-01 02:10:48 PM,213.79,6,1282.74,6682944.940000002
2025-08-01 02:10:48 PM,213.99,1,213.99,6683158.9300000025
2025-08-01 02:13:58 PM,213.75,0,0.0,6683158.9300000025
2025-08-01 02:13:59 PM,213.75,15,3206.25,6686365.1800000025
2025-08-01 02:14:00 PM,213.73,0,0.0,6686365.1800000025
2025-08-01 02:14:01 PM,213.73,3,641.1899999999999,6687006.370000003
2025-08-01 02:14:24 PM,213.74,0,0.0,6687006.370000003
2025-08-01 02:14:26 PM,213.74,1,213.74,6687220.110000003
2025-08-01 02:16:03 PM,213.74,15,3206.1000000000004,6690426.210000003
2025-08-01 02:16:04 PM,213.78,0,0.0,6690426.210000003
2025-08-01 02:16:07 PM,213.78,3,641.34,6691067.550000003
2025-08-01 02:16:42 PM,213.78,1,213.78,6691281.330000003
2025-08-01 02:16:44 PM,213.79,1,213.79,6691495.120000003
2025-08-01 02:18:19 PM,213.74,1,213.74,6691708.860000003
2025-08-01 02:19:30 PM,213.73,0,0.0,6691708.860000003
2025-08-01 02:19:31 PM,213.73,1,213.73,6691922.590000004
2025-08-01 02:19:46 PM,213.5,0,0.0,6691922.590000004
2025-08-01 02:19:47 PM,213.5,28,5978.0,6697900.590000004
2025-08-01 02:19:47 PM,213.51,7,1494.57,6699395.160000004
2025-08-01 02:21:56 PM,213.25,107,22817.75,6722212.910000004
2025-08-01 02:21:58 PM,213.48,0,0.0,6722212.910000004
2025-08-01 02:22:01 PM,213.48,27,5763.96,6727976.870000004
2025-08-01 02:23:00 PM,213.25,0,0.0,6727976.870000004
2025-08-01 02:23:00 PM,213.25,1,213.25,6728190.120000004
2025-08-01 02:25:06 PM,213.24,0,0.0,6728190.120000004
2025-08-01 02:25:07 PM,213.24,25,5331.0,6733521.120000004
2025-08-01 02:25:08 PM,213.24,6,1279.44,6734800.560000004
2025-08-01 02:25:39 PM,213.23,0,0.0,6734800.560000004
2025-08-01 02:25:40 PM,213.23,1,213.23,6735013.790000005
2025-08-01 02:25:45 PM,213.23,1,213.23,6735227.020000005
2025-08-01 02:25:50 PM,213.0,0,0.0,6735227.020000005
2025-08-01 02:25:50 PM,213.0,70,14910.0,6750137.020000005
2025-08-01 02:25:51 PM,213.01,0,0.0,6750137.020000005
2025-08-01 02:25:55 PM,213.01,17,3621.17,6753758.190000005
2025-08-01 02:26:00 PM,213.01,3,639.03,6754397.220000005
2025-08-01 02:26:01 PM,213.01,1,213.01,6754610.230000005
2025-08-01 02:27:55 PM,213.22,0,0.0,6754610.230000005
2025-08-01 02:27:58 PM,213.22,1433,305544.26,7060154.490000005
2025-08-01 02:27:58 PM,213.45,359,76628.55,7136783.040000005
2025-08-01 02:28:04 PM,213.21,103,21960.63,7158743.670000005
2025-08-01 02:28:04 PM,213.39,26,5548.139999999999,7164291.810000004
2025-08-01 02:28:58 PM,213.39,2,426.78,7164718.5900000045
2025-08-01 02:28:59 PM,213.39,1,213.39,7164931.980000004
2025-08-01 02:30:00 PM,213.39,407,86849.73,7251781.710000005
2025-08-01 02:30:05 PM,213.22,0,0.0,7251781.710000005
2025-08-01 02:30:06 PM,213.22,98,20895.56,7272677.270000004
2025-08-01 02:30:07 PM,213.58,24,5125.92,7277803.190000004
2025-08-01 02:31:18 PM,213.4,1,213.4,7278016.5900000045
2025-08-01 02:31:22 PM,213.16,0,0.0,7278016.5900000045
2025-08-01 02:31:22 PM,213.16,10,2131.6,7280148.190000004
2025-08-01 02:31:23 PM,213.39,3,640.17,7280788.360000004
2025-08-01 02:31:29 PM,213.58,146,31182.68,7311971.040000004
2025-08-01 02:31:29 PM,213.74,0,0.0,7311971.040000004
2025-08-01 02:31:33 PM,213.74,3,641.22,7312612.2600000035
2025-08-01 02:31:35 PM,213.44,0,0.0,7312612.2600000035
2025-08-01 02:31:38 PM,213.44,3,640.3199999999999,7313252.580000004
2025-08-01 02:31:39 PM,213.73,1,213.73,7313466.310000004
2025-08-01 02:31:40 PM,213.74,0,0.0,7313466.310000004
2025-08-01 02:31:43 PM,213.74,69,14748.060000000001,7328214.370000004
2025-08-01 02:32:42 PM,213.83,341,72916.03,7401130.400000004
2025-08-01 02:32:49 PM,214.05,0,0.0,7401130.400000004
2025-08-01 02:32:50 PM,214.05,469,100389.45000000001,7501519.850000004
2025-08-01 02:32:51 PM,214.07,0,0.0,7501519.850000004
2025-08-01 02:32:53 PM,214.07,117,25046.19,7526566.040000005
2025-08-01 02:34:07 PM,214.21,0,0.0,7526566.040000005
2025-08-01 02:34:08 PM,214.21,47,10067.87,7536633.910000005
2025-08-01 02:34:13 PM,213.96,0,0.0,7536633.910000005
2025-08-01 02:34:14 PM,213.96,9,1925.64,7538559.5500000045
2025-08-01 02:34:16 PM,213.61,0,0.0,7538559.5500000045
2025-08-01 02:34:16 PM,213.61,132,28196.52,7566756.070000004
2025-08-01 02:34:22 PM,213.96,0,0.0,7566756.070000004
2025-08-01 02:34:22 PM,213.96,25,5349.0,7572105.070000004
2025-08-01 02:34:27 PM,214.19,1025,219544.75,7791649.820000004
2025-08-01 02:34:28 PM,214.64,0,0.0,7791649.820000004
2025-08-01 02:34:30 PM,214.64,7,1502.48,7793152.3000000045
2025-08-01 02:34:44 PM,214.16,101,21630.16,7814782.460000005
2025-08-01 02:34:45 PM,214.32,0,0.0,7814782.460000005
2025-08-01 02:34:46 PM,214.32,28,6000.96,7820783.420000005
2025-08-01 02:34:47 PM,214.3,0,0.0,7820783.420000005
2025-08-01 02:34:49 PM,214.3,1,214.3,7820997.720000004
2025-08-01 02:35:02 PM,214.35,47,10074.449999999999,7831072.170000005
2025-08-01 02:35:13 PM,214.63,0,0.0,7831072.170000005
2025-08-01 02:35:14 PM,214.63,25,5365.75,7836437.920000005
2025-08-01 02:35:21 PM,214.63,38,8155.94,7844593.860000005
2025-08-01 02:35:40 PM,214.63,100,21463.0,7866056.860000005
2025-08-01 02:35:42 PM,214.24,0,0.0,7866056.860000005
2025-08-01 02:35:44 PM,214.97,63,13543.11,7879599.970000005
2025-08-01 02:35:44 PM,214.84,0,0.0,7879599.970000005
2025-08-01 02:35:45 PM,214.45,0,0.0,7879599.970000005
2025-08-01 02:35:46 PM,214.45,38,8149.099999999999,7887749.070000005
2025-08-01 02:35:46 PM,214.86,0,0.0,7887749.070000005
2025-08-01 02:35:49 PM,214.86,6,1289.16,7889038.230000005
2025-08-01 02:35:59 PM,214.89,0,0.0,7889038.230000005
2025-08-01 02:35:59 PM,214.89,68,14612.519999999999,7903650.750000005
2025-08-01 02:36:05 PM,214.89,100,21489.0,7925139.750000005
2025-08-01 02:36:21 PM,214.55,0,0.0,7925139.750000005
2025-08-01 02:36:22 PM,214.55,106,22742.300000000003,7947882.0500000045
2025-08-01 02:36:24 PM,215.0,0,0.0,7947882.0500000045
2025-08-01 02:36:24 PM,215.0,26,5590.0,7953472.0500000045
2025-08-01 02:36:38 PM,214.57,95,20384.149999999998,7973856.200000005
2025-08-01 02:36:39 PM,215.0,0,0.0,7973856.200000005
2025-08-01 02:36:40 PM,215.0,24,5160.0,7979016.200000005
2025-08-01 02:36:50 PM,214.58,89,19097.620000000003,7998113.820000005
2025-08-01 02:36:51 PM,215.0,0,0.0,7998113.820000005
2025-08-01 02:36:53 PM,215.0,22,4730.0,8002843.820000005
2025-08-01 02:37:30 PM,214.57,0,0.0,8002843.820000005
2025-08-01 02:37:31 PM,214.64,69,14810.16,8017653.980000005
2025-08-01 02:37:33 PM,214.64,11,2361.04,8020015.020000005
2025-08-01 02:37:42 PM,214.64,30,6439.2,8026454.220000005
2025-08-01 02:37:58 PM,214.64,13,2790.3199999999997,8029244.540000006
2025-08-01 02:38:22 PM,214.53,0,0.0,8029244.540000006
2025-08-01 02:38:22 PM,214.53,1,214.53,8029459.070000006
2025-08-01 02:38:30 PM,215.07,0,0.0,8029459.070000006
2025-08-01 02:38:32 PM,215.07,500,107535.0,8136994.070000006
2025-08-01 02:38:38 PM,215.0,0,0.0,8136994.070000006
2025-08-01 02:38:38 PM,215.0,100,21500.0,8158494.070000006
2025-08-01 02:38:44 PM,215.0,46,9890.0,8168384.070000006
2025-08-01 02:39:01 PM,215.0,1020,219300.0,8387684.070000006
2025-08-01 02:39:07 PM,215.0,382,82130.0,8469814.070000006
2025-08-01 02:39:36 PM,215.0,80,17200.0,8487014.070000006
2025-08-01 02:40:09 PM,214.8,0,0.0,8487014.070000006
2025-08-01 02:40:09 PM,214.8,102,21909.600000000002,8508923.670000006
2025-08-01 02:40:41 PM,214.86,0,0.0,8508923.670000006
2025-08-01 02:40:42 PM,214.86,108,23204.88,8532128.550000006
2025-08-01 02:41:04 PM,215.0,27,5805.0,8537933.550000006
2025-08-01 02:41:21 PM,215.0,61,13115.0,8551048.550000006
2025-08-01 02:41:52 PM,214.84,94,20194.96,8571243.510000007
2025-08-01 02:42:00 PM,215.0,0,0.0,8571243.510000007
2025-08-01 02:42:03 PM,215.0,23,4945.0,8576188.510000007
2025-08-01 02:42:09 PM,215.0,85,18275.0,8594463.510000007
2025-08-01 02:42:19 PM,215.0,110,23650.0,8618113.510000007
2025-08-01 02:42:50 PM,215.0,10,2150.0,8620263.510000007
2025-08-01 02:42:51 PM,215.0,82,17630.0,8637893.510000007
2025-08-01 02:43:05 PM,214.77,0,0.0,8637893.510000007
2025-08-01 02:43:07 PM,214.77,5,1073.8500000000001,8638967.360000007
2025-08-01 02:43:08 PM,215.0,1,215.0,8639182.360000007
2025-08-01 02:43:18 PM,214.83,100,21483.0,8660665.360000007
2025-08-01 02:43:29 PM,215.06,0,0.0,8660665.360000007
2025-08-01 02:43:29 PM,215.06,100,21506.0,8682171.360000007
2025-08-01 02:43:44 PM,215.0,0,0.0,8682171.360000007
2025-08-01 02:43:45 PM,215.0,126,27090.0,8709261.360000007
2025-08-01 02:44:04 PM,214.72,0,0.0,8709261.360000007
2025-08-01 02:44:07 PM,215.0,0,0.0,8709261.360000007
2025-08-01 02:44:07 PM,215.0,262,56330.0,8765591.360000007
2025-08-01 02:44:24 PM,215.0,63,13545.0,8779136.360000007
2025-08-01 02:44:46 PM,215.0,44,9460.0,8788596.360000007
2025-08-01 02:47:00 PM,215.0,14,3010.0,8791606.360000007
2025-08-01 02:47:01 PM,214.99,2,429.98,8792036.340000007
2025-08-01 02:47:06 PM,215.06,0,0.0,8792036.340000007
2025-08-01 02:47:07 PM,215.06,263,56560.78,8848597.120000007
2025-08-01 02:47:23 PM,215.01,1,215.01,8848812.130000006
2025-08-01 02:48:29 PM,214.73,0,0.0,8848812.130000006
2025-08-01 02:48:31 PM,214.73,26,5582.98,8854395.110000007
2025-08-01 02:48:53 PM,215.0,0,0.0,8854395.110000007
2025-08-01 02:48:54 PM,215.0,506,108790.0,8963185.110000007
2025-08-01 02:49:08 PM,214.89,0,0.0,8963185.110000007
2025-08-01 02:49:11 PM,214.89,109,23423.01,8986608.120000007
2025-08-01 02:50:37 PM,215.17,0,0.0,8986608.120000007
2025-08-01 02:50:39 PM,215.17,1,215.17,8986823.290000007
2025-08-01 02:51:55 PM,215.07,0,0.0,8986823.290000007
2025-08-01 02:51:59 PM,215.07,10,2150.7,8988973.990000006
2025-08-01 02:53:11 PM,215.09,0,0.0,8988973.990000006
2025-08-01 02:53:11 PM,215.09,158,33984.22,9022958.210000006
2025-08-01 02:54:08 PM,215.0,10,2150.0,9025108.210000006
2025-08-01 02:54:51 PM,215.1,0,0.0,9025108.210000006
2025-08-01 02:54:53 PM,215.1,5,1075.5,9026183.710000006
2025-08-01 02:56:19 PM,215.0,0,0.0,9026183.710000006
2025-08-01 02:56:20 PM,215.0,10,2150.0,9028333.710000006
2025-08-01 02:56:47 PM,215.0,1,215.0,9028548.710000006
2025-08-01 02:57:37 PM,215.0,1,215.0,9028763.710000006
2025-08-01 03:00:59 PM,215.0,5,1075.0,9029838.710000006
2025-08-01 03:01:53 PM,215.07,0,0.0,9029838.710000006
2025-08-01 03:01:55 PM,215.07,53,11398.71,9041237.420000007
2025-08-01 03:02:07 PM,215.2,181,38951.2,9080188.620000007
2025-08-01 03:02:23 PM,215.39,0,0.0,9080188.620000007
2025-08-01 03:02:25 PM,215.39,45,9692.55,9089881.170000007
2025-08-01 03:03:56 PM,215.11,200,43022.0,9132903.170000007
2025-08-01 03:03:59 PM,215.79,280,60421.2,9193324.370000007
2025-08-01 03:04:06 PM,215.21,125,26901.25,9220225.620000007
2025-08-01 03:04:24 PM,215.27,20,4305.400000000001,9224531.020000007
2025-08-01 03:04:55 PM,215.5,9,1939.5,9226470.520000007
2025-08-01 03:05:26 PM,215.3,0,0.0,9226470.520000007
2025-08-01 03:05:27 PM,215.3,21,4521.3,9230991.820000008
2025-08-01 03:05:45 PM,215.35,10,2153.5,9233145.320000008
2025-08-01 03:06:47 PM,215.02,5,1075.1000000000001,9234220.420000007
2025-08-01 03:07:12 PM,215.05,0,0.0,9234220.420000007
2025-08-01 03:07:12 PM,215.05,10,2150.5,9236370.920000007
2025-08-01 03:08:28 PM,215.0,0,0.0,9236370.920000007
2025-08-01 03:08:30 PM,215.0,200,43000.0,9279370.920000007
2025-08-01 03:09:14 PM,215.0,5,1075.0,9280445.920000007
2025-08-01 03:09:51 PM,215.18,0,0.0,9280445.920000007
2025-08-01 03:09:54 PM,215.18,12,2582.16,9283028.080000008
2025-08-01 03:10:15 PM,215.2,0,0.0,9283028.080000008
2025-08-01 03:10:15 PM,215.2,10,2152.0,9285180.080000008
2025-08-01 03:10:19 PM,215.23,0,0.0,9285180.080000008
2025-08-01 03:10:22 PM,215.23,55,11837.65,9297017.730000008
2025-08-01 03:10:29 PM,215.03,131,28168.93,9325186.660000008
2025-08-01 03:10:34 PM,215.23,0,0.0,9325186.660000008
2025-08-01 03:10:36 PM,215.23,1,215.23,9325401.890000008
2025-08-01 03:11:07 PM,215.23,10,2152.2999999999997,9327554.190000009
2025-08-01 03:11:10 PM,215.23,3020,649994.6,9977548.790000008
2025-08-01 03:12:18 PM,214.76,113,24267.879999999997,10001816.67000001
2025-08-01 03:12:21 PM,215.0,28,6020.0,10007836.67000001
2025-08-01 03:12:34 PM,214.59,113,24248.670000000002,10032085.34000001
2025-08-01 03:12:38 PM,215.0,28,6020.0,10038105.34000001
2025-08-01 03:12:54 PM,214.59,268,57510.12,10095615.460000008
2025-08-01 03:12:57 PM,214.59,6,1287.54,10096903.000000007
2025-08-01 03:13:00 PM,215.0,277,59555.0,10156458.000000007
2025-08-01 03:13:04 PM,215.2,0,0.0,10156458.000000007
2025-08-01 03:13:07 PM,215.2,61,13127.199999999999,10169585.200000007
2025-08-01 03:13:10 PM,214.78,0,0.0,10169585.200000007
2025-08-01 03:13:10 PM,214.78,125,26847.5,10196432.700000007
2025-08-01 03:13:12 PM,215.2,0,0.0,10196432.700000007
2025-08-01 03:13:14 PM,215.2,31,6671.2,10203103.900000006
2025-08-01 03:13:20 PM,215.2,50,10760.0,10213863.900000006
2025-08-01 03:13:23 PM,214.7,112,24046.399999999998,10237910.300000006
2025-08-01 03:13:26 PM,215.2,28,6025.599999999999,10243935.900000006
2025-08-01 03:13:44 PM,215.0,0,0.0,10243935.900000006
2025-08-01 03:13:44 PM,215.0,50,10750.0,10254685.900000006
2025-08-01 03:13:47 PM,215.0,20,4300.0,10258985.900000006
2025-08-01 03:13:52 PM,215.0,122,26230.0,10285215.900000006
2025-08-01 03:14:02 PM,215.2,78,16785.6,10302001.500000006
2025-08-01 03:14:08 PM,215.2,307,66066.4,10368067.900000006
2025-08-01 03:14:17 PM,214.79,125,26848.75,10394916.650000006
2025-08-01 03:14:21 PM,215.23,32,6887.36,10401804.010000005
2025-08-01 03:14:27 PM,215.23,163,35082.49,10436886.500000006
2025-08-01 03:14:34 PM,215.0,0,0.0,10436886.500000006
2025-08-01 03:14:35 PM,215.0,20,4300.0,10441186.500000006
2025-08-01 03:14:39 PM,215.3,5,1076.5,10442263.000000006
2025-08-01 03:14:41 PM,215.5,0,0.0,10442263.000000006
2025-08-01 03:14:41 PM,215.5,1149,247609.5,10689872.500000006
2025-08-01 03:14:49 PM,215.11,0,0.0,10689872.500000006
2025-08-01 03:14:51 PM,215.11,121,26028.31,10715900.810000006
2025-08-01 03:14:53 PM,215.7,0,0.0,10715900.810000006
2025-08-01 03:14:53 PM,215.7,30,6471.0,10722371.810000006
2025-08-01 03:15:06 PM,215.18,0,0.0,10722371.810000006
2025-08-01 03:15:06 PM,215.18,112,24100.16,10746471.970000006
2025-08-01 03:15:08 PM,215.7,0,0.0,10746471.970000006
2025-08-01 03:15:11 PM,215.7,28,6039.599999999999,10752511.570000006
2025-08-01 03:15:14 PM,215.14,5,1075.6999999999998,10753587.270000005
2025-08-01 03:15:14 PM,215.7,0,0.0,10753587.270000005
2025-08-01 03:15:19 PM,215.7,1,215.7,10753802.970000004
2025-08-01 03:15:21 PM,215.7,642,138479.4,10892282.370000005
2025-08-01 03:15:25 PM,215.89,0,0.0,10892282.370000005
2025-08-01 03:15:26 PM,215.13,156,33560.28,10925842.650000004
2025-08-01 03:15:29 PM,215.75,36,7767.0,10933609.650000004
2025-08-01 03:15:56 PM,215.83,35,7554.05,10941163.700000005
2025-08-01 03:15:59 PM,215.82,0,0.0,10941163.700000005
2025-08-01 03:16:02 PM,215.82,9,1942.3799999999999,10943106.080000006
2025-08-01 03:16:11 PM,215.74,828,178632.72,11121738.800000006
2025-08-01 03:16:14 PM,216.1,0,0.0,11121738.800000006
2025-08-01 03:16:17 PM,216.1,36,7779.599999999999,11129518.400000006
2025-08-01 03:16:18 PM,216.12,9,1945.08,11131463.480000006
2025-08-01 03:16:23 PM,216.12,2,432.24,11131895.720000006
2025-08-01 03:16:25 PM,215.15,0,0.0,11131895.720000006
2025-08-01 03:16:25 PM,215.15,142,30551.3,11162447.020000007
2025-08-01 03:16:30 PM,215.95,0,0.0,11162447.020000007
2025-08-01 03:16:31 PM,215.95,35,7558.25,11170005.270000007
2025-08-01 03:16:51 PM,215.15,350,75302.5,11245307.770000007
2025-08-01 03:16:52 PM,215.87,87,18780.69,11264088.460000006
2025-08-01 03:17:05 PM,215.09,200,43018.0,11307106.460000006
2025-08-01 03:17:11 PM,215.09,234,50331.06,11357437.520000007
2025-08-01 03:17:12 PM,215.73,46,9923.58,11367361.100000007
2025-08-01 03:17:31 PM,215.46,1,215.46,11367576.560000008
2025-08-01 03:17:32 PM,215.71,1,215.71,11367792.270000009
2025-08-01 03:17:45 PM,215.07,5,1075.35,11368867.620000008
2025-08-01 03:17:48 PM,215.71,0,0.0,11368867.620000008
2025-08-01 03:17:50 PM,215.71,1,215.71,11369083.33000001
2025-08-01 03:18:17 PM,215.7,5,1078.5,11370161.83000001
2025-08-01 03:18:19 PM,215.7,1,215.7,11370377.530000009
2025-08-01 03:18:20 PM,215.0,0,0.0,11370377.530000009
2025-08-01 03:18:23 PM,216.0,1353,292248.0,11662625.530000009
2025-08-01 03:18:25 PM,215.68,137,29548.16,11692173.690000009
2025-08-01 03:18:30 PM,214.79,0,0.0,11692173.690000009
2025-08-01 03:18:30 PM,214.79,164,35225.56,11727399.25000001
2025-08-01 03:18:31 PM,215.68,41,8842.880000000001,11736242.13000001
2025-08-01 03:19:02 PM,216.0,1517,327672.0,12063914.13000001
2025-08-01 03:19:08 PM,216.5,0,0.0,12063914.13000001
2025-08-01 03:19:09 PM,216.5,884,191386.0,12255300.13000001
2025-08-01 03:19:11 PM,216.79,128,27749.12,12283049.25000001
2025-08-01 03:19:16 PM,216.5,36,7794.0,12290843.25000001
2025-08-01 03:19:22 PM,216.89,0,0.0,12290843.25000001
2025-08-01 03:19:22 PM,216.89,2524,547430.36,12838273.610000009
2025-08-01 03:19:24 PM,217.0,192,41664.0,12879937.610000009
2025-08-01 03:19:29 PM,217.19,648,140739.12,13020676.730000008
2025-08-01 03:19:31 PM,217.13,46,9987.98,13030664.710000008
2025-08-01 03:19:35 PM,217.02,369,80080.38,13110745.09000001
2025-08-01 03:19:37 PM,217.2,220,47784.0,13158529.09000001
2025-08-01 03:19:42 PM,217.11,636,138081.96000000002,13296611.05000001
2025-08-01 03:19:44 PM,217.03,36,7813.08,13304424.13000001
2025-08-01 03:19:48 PM,217.02,0,0.0,13304424.13000001
2025-08-01 03:19:48 PM,217.02,129,27995.58,13332419.71000001
2025-08-01 03:19:52 PM,217.0,0,0.0,13332419.71000001
2025-08-01 03:19:55 PM,217.0,1839,399063.0,13731482.71000001
2025-08-01 03:20:01 PM,217.0,248,53816.0,13785298.71000001
2025-08-01 03:20:04 PM,217.0,350,75950.0,13861248.71000001
2025-08-01 03:20:19 PM,217.0,94,20398.0,13881646.71000001
2025-08-01 03:20:53 PM,216.5,156,33774.0,13915420.71000001
2025-08-01 03:20:56 PM,216.98,0,0.0,13915420.71000001
2025-08-01 03:20:58 PM,216.98,10,2169.7999999999997,13917590.510000011
2025-08-01 03:21:01 PM,216.5,0,0.0,13917590.510000011
2025-08-01 03:21:05 PM,216.5,214,46331.0,13963921.510000011
2025-08-01 03:21:07 PM,216.94,4,867.76,13964789.27000001
2025-08-01 03:21:19 PM,216.5,351,75991.5,14040780.77000001
2025-08-01 03:21:21 PM,216.65,0,0.0,14040780.77000001
2025-08-01 03:21:21 PM,216.65,17,3683.05,14044463.820000011
2025-08-01 03:21:53 PM,217.09,4051,879431.59,14923895.410000011
2025-08-01 03:21:59 PM,217.02,101,21919.02,14945814.43000001
2025-08-01 03:22:06 PM,217.01,7,1519.07,14947333.500000011
2025-08-01 03:22:13 PM,217.01,6,1302.06,14948635.560000012
2025-08-01 03:22:20 PM,217.01,106,23003.059999999998,14971638.620000012
2025-08-01 03:22:40 PM,217.02,10,2170.2000000000003,14973808.820000011
2025-08-01 03:22:53 PM,217.01,276,59894.759999999995,15033703.580000011
2025-08-01 03:23:04 PM,217.0,0,0.0,15033703.580000011
2025-08-01 03:23:06 PM,217.0,620,134540.0,15168243.580000011
2025-08-01 03:23:13 PM,217.0,465,100905.0,15269148.580000011
2025-08-01 03:23:33 PM,217.0,384,83328.0,15352476.580000011
2025-08-01 03:23:53 PM,217.0,200,43400.0,15395876.580000011
2025-08-01 03:24:06 PM,217.0,50,10850.0,15406726.580000011
2025-08-01 03:24:12 PM,217.1,0,0.0,15406726.580000011
2025-08-01 03:24:13 PM,217.11,57,12375.27,15419101.85000001
2025-08-01 03:24:15 PM,217.15,162,35178.3,15454280.150000012
2025-08-01 03:24:15 PM,217.19,0,0.0,15454280.150000012
2025-08-01 03:24:20 PM,217.18,94,20414.920000000002,15474695.070000011
2025-08-01 03:24:33 PM,217.05,0,0.0,15474695.070000011
2025-08-01 03:24:33 PM,217.05,128,27782.4,15502477.470000012
2025-08-01 03:24:53 PM,217.05,200,43410.0,15545887.470000012
2025-08-01 03:25:00 PM,217.05,60,13023.0,15558910.470000012
2025-08-01 03:25:13 PM,217.1,1,217.1,15559127.570000011
2025-08-01 03:25:16 PM,217.05,0,0.0,15559127.570000011
2025-08-01 03:25:20 PM,217.05,5,1085.25,15560212.820000011
2025-08-01 03:25:45 PM,217.05,484,105052.20000000001,15665265.02000001
2025-08-01 03:25:52 PM,217.0,100,21700.0,15686965.02000001
2025-08-01 03:25:58 PM,217.0,532,115444.0,15802409.02000001
2025-08-01 03:26:05 PM,217.0,516,111972.0,15914381.02000001
2025-08-01 03:26:12 PM,217.0,7,1519.0,15915900.02000001
2025-08-01 03:26:19 PM,217.0,5,1085.0,15916985.02000001
2025-08-01 03:26:33 PM,217.09,0,0.0,15916985.02000001
2025-08-01 03:26:34 PM,217.09,150,32563.5,15949548.52000001
2025-08-01 03:26:39 PM,217.09,50,10854.5,15960403.02000001
2025-08-01 03:26:53 PM,217.0,0,0.0,15960403.02000001
2025-08-01 03:26:53 PM,217.0,180,39060.0,15999463.02000001
2025-08-01 03:27:21 PM,217.0,499,108283.0,16107746.02000001
2025-08-01 03:27:26 PM,217.0,5,1085.0,16108831.02000001
2025-08-01 03:27:54 PM,217.0,135,29295.0,16138126.02000001
2025-08-01 03:28:01 PM,217.0,3,651.0,16138777.02000001
2025-08-01 03:28:09 PM,217.08,0,0.0,16138777.02000001
2025-08-01 03:28:10 PM,217.08,96,20839.68,16159616.70000001
2025-08-01 03:28:15 PM,217.09,0,0.0,16159616.70000001
2025-08-01 03:28:15 PM,217.09,281,61002.29,16220618.99000001
2025-08-01 03:28:43 PM,217.09,14,3039.26,16223658.25000001
2025-08-01 03:28:49 PM,217.09,150,32563.5,16256221.75000001
2025-08-01 03:28:51 PM,217.0,63,13671.0,16269892.75000001
2025-08-01 03:29:03 PM,217.0,60,13020.0,16282912.75000001
2025-08-01 03:29:49 PM,217.09,0,0.0,16282912.75000001
2025-08-01 03:29:49 PM,217.09,76,16498.84,16299411.59000001
2025-08-01 03:29:56 PM,217.4,360,78264.0,16377675.59000001
