date,price,qty,trnvr,cum_trnvr
2025-08-01 09:15:07 AM,4922.1,6,29532.600000000002,29532.600000000002
2025-08-01 09:15:09 AM,4922.2,1,4922.2,34454.8
2025-08-01 09:15:51 AM,4926.0,0,0.0,34454.8
2025-08-01 09:15:53 AM,4926.0,16,78816.0,113270.8
2025-08-01 09:16:09 AM,4926.0,64,315264.0,428534.8
2025-08-01 09:16:42 AM,4935.0,3,14805.0,443339.8
2025-08-01 09:18:22 AM,4946.8,41,202818.80000000002,646158.6
2025-08-01 09:18:46 AM,4950.6,11,54456.600000000006,700615.2
2025-08-01 09:18:55 AM,4960.0,10,49600.0,750215.2
2025-08-01 09:19:07 AM,4980.0,0,0.0,750215.2
2025-08-01 09:19:10 AM,4980.0,55,273900.0,1024115.2
2025-08-01 09:19:27 AM,5000.0,86,430000.0,1454115.2
2025-08-01 09:20:13 AM,5016.0,0,0.0,1454115.2
2025-08-01 09:20:15 AM,5016.0,114,571824.0,2025939.2
2025-08-01 09:20:24 AM,5000.0,40,200000.0,2225939.2
2025-08-01 09:20:38 AM,5000.0,24,120000.0,2345939.2
2025-08-01 09:20:40 AM,5000.0,1,5000.0,2350939.2
2025-08-01 09:20:47 AM,5000.0,39,195000.0,2545939.2
2025-08-01 09:20:54 AM,5000.0,39,195000.0,2740939.2
2025-08-01 09:20:58 AM,5007.0,0,0.0,2740939.2
2025-08-01 09:21:01 AM,5007.0,50,250350.0,2991289.2
2025-08-01 09:21:51 AM,4992.7,0,0.0,2991289.2
2025-08-01 09:21:56 AM,4992.7,2,9985.4,3001274.6
2025-08-01 09:22:12 AM,4997.2,25,124930.0,3126204.6
2025-08-01 09:22:18 AM,4983.9,11,54822.899999999994,3181027.5
2025-08-01 09:22:22 AM,4971.4,0,0.0,3181027.5
2025-08-01 09:22:26 AM,4971.4,8,39771.2,3220798.7
2025-08-01 09:22:30 AM,4972.3,0,0.0,3220798.7
2025-08-01 09:22:34 AM,4970.8,11,54678.8,3275477.5
2025-08-01 09:22:58 AM,4971.7,5,24858.5,3300336.0
2025-08-01 09:23:03 AM,4972.1,0,0.0,3300336.0
2025-08-01 09:23:04 AM,4972.1,2,9944.2,3310280.2
2025-08-01 09:23:06 AM,4972.2,2,9944.4,3320224.6
2025-08-01 09:23:09 AM,4979.8,0,0.0,3320224.6
2025-08-01 09:23:12 AM,4979.8,10,49798.0,3370022.6
2025-08-01 09:23:27 AM,4983.6,25,124590.00000000001,3494612.6
2025-08-01 09:23:50 AM,4983.6,18,89704.8,3584317.4
2025-08-01 09:23:58 AM,4983.6,7,34885.200000000004,3619202.6
2025-08-01 09:24:44 AM,4986.0,0,0.0,3619202.6
2025-08-01 09:24:45 AM,4986.0,10,49860.0,3669062.6
2025-08-01 09:25:11 AM,4975.1,0,0.0,3669062.6
2025-08-01 09:25:13 AM,4975.1,9,44775.9,3713838.5
2025-08-01 09:26:29 AM,4975.0,0,0.0,3713838.5
2025-08-01 09:26:31 AM,4975.0,4,19900.0,3733738.5
2025-08-01 09:28:29 AM,4975.3,0,0.0,3733738.5
2025-08-01 09:28:30 AM,4975.3,1,4975.3,3738713.8
2025-08-01 09:29:07 AM,4968.3,0,0.0,3738713.8
2025-08-01 09:29:08 AM,4968.3,10,49683.0,3788396.8
2025-08-01 09:29:59 AM,4974.9,0,0.0,3788396.8
2025-08-01 09:30:01 AM,4974.9,1,4974.9,3793371.6999999997
2025-08-01 09:30:06 AM,4974.4,0,0.0,3793371.6999999997
2025-08-01 09:30:09 AM,4974.4,1,4974.4,3798346.0999999996
2025-08-01 09:31:51 AM,4980.0,0,0.0,3798346.0999999996
2025-08-01 09:31:51 AM,4980.0,25,124500.0,3922846.0999999996
2025-08-01 09:32:19 AM,4980.0,4,19920.0,3942766.0999999996
2025-08-01 09:34:41 AM,4970.2,0,0.0,3942766.0999999996
2025-08-01 09:34:45 AM,4970.2,4,19880.8,3962646.8999999994
2025-08-01 09:36:33 AM,4968.3,0,0.0,3962646.8999999994
2025-08-01 09:36:34 AM,4968.3,11,54651.3,4017298.1999999993
2025-08-01 09:36:46 AM,4951.0,0,0.0,4017298.1999999993
2025-08-01 09:36:46 AM,4951.0,199,985249.0,5002547.199999999
2025-08-01 09:36:47 AM,4959.0,3,14877.0,5017424.199999999
2025-08-01 09:37:21 AM,4949.3,0,0.0,5017424.199999999
2025-08-01 09:37:21 AM,4949.3,2,9898.6,5027322.799999999
2025-08-01 09:39:08 AM,4939.6,0,0.0,5027322.799999999
2025-08-01 09:39:09 AM,4939.6,18,88912.8,5116235.599999999
2025-08-01 09:39:13 AM,4939.1,0,0.0,5116235.599999999
2025-08-01 09:39:16 AM,4939.1,1,4939.1,5121174.699999998
2025-08-01 09:39:27 AM,4938.5,0,0.0,5121174.699999998
2025-08-01 09:39:29 AM,4938.5,4,19754.0,5140928.699999998
2025-08-01 09:39:52 AM,4930.0,0,0.0,5140928.699999998
2025-08-01 09:39:55 AM,4930.0,50,246500.0,5387428.699999998
2025-08-01 09:40:02 AM,4930.0,10,49300.0,5436728.699999998
2025-08-01 09:40:08 AM,4930.0,20,98600.0,5535328.699999998
2025-08-01 09:40:48 AM,4929.0,36,177444.0,5712772.699999998
2025-08-01 09:41:00 AM,4941.5,0,0.0,5712772.699999998
2025-08-01 09:41:01 AM,4941.5,2,9883.0,5722655.699999998
2025-08-01 09:42:19 AM,4942.5,0,0.0,5722655.699999998
2025-08-01 09:42:20 AM,4942.5,10,49425.0,5772080.699999998
2025-08-01 09:43:08 AM,4937.8,0,0.0,5772080.699999998
2025-08-01 09:43:12 AM,4937.8,5,24689.0,5796769.699999998
2025-08-01 09:45:49 AM,4934.0,2,9868.0,5806637.699999998
2025-08-01 09:47:20 AM,4939.5,25,123487.5,5930125.199999998
2025-08-01 09:47:40 AM,4941.0,0,0.0,5930125.199999998
2025-08-01 09:47:40 AM,4941.0,3,14823.0,5944948.199999998
2025-08-01 09:48:42 AM,4941.0,5,24705.0,5969653.199999998
2025-08-01 09:51:57 AM,4941.0,4,19764.0,5989417.199999998
2025-08-01 09:53:19 AM,4950.0,0,0.0,5989417.199999998
2025-08-01 09:53:19 AM,4950.0,27,133650.0,6123067.199999998
2025-08-01 09:53:22 AM,4943.7,0,0.0,6123067.199999998
2025-08-01 09:53:23 AM,4943.7,16,79099.2,6202166.3999999985
2025-08-01 09:54:59 AM,4941.1,0,0.0,6202166.3999999985
2025-08-01 09:55:01 AM,4941.1,1,4941.1,6207107.499999998
2025-08-01 09:56:16 AM,4941.0,0,0.0,6207107.499999998
2025-08-01 09:56:19 AM,4941.0,14,69174.0,6276281.499999998
2025-08-01 09:56:47 AM,4928.9,0,0.0,6276281.499999998
2025-08-01 09:56:49 AM,4928.9,12,59146.799999999996,6335428.299999998
2025-08-01 09:57:15 AM,4935.6,3,14806.800000000001,6350235.099999998
2025-08-01 09:58:56 AM,4928.7,0,0.0,6350235.099999998
2025-08-01 09:58:58 AM,4928.7,3,14786.099999999999,6365021.199999997
2025-08-01 09:59:26 AM,4927.4,0,0.0,6365021.199999997
2025-08-01 09:59:26 AM,4927.4,1,4927.4,6369948.599999998
2025-08-01 10:01:16 AM,4927.4,2,9854.8,6379803.399999998
2025-08-01 10:01:22 AM,4934.2,3,14802.599999999999,6394605.999999997
2025-08-01 10:02:05 AM,4925.5,0,0.0,6394605.999999997
2025-08-01 10:02:06 AM,4925.5,11,54180.5,6448786.499999997
2025-08-01 10:03:29 AM,4925.5,10,49255.0,6498041.499999997
2025-08-01 10:03:56 AM,4926.8,0,0.0,6498041.499999997
2025-08-01 10:03:56 AM,4926.8,5,24634.0,6522675.499999997
2025-08-01 10:05:50 AM,4935.4,0,0.0,6522675.499999997
2025-08-01 10:05:51 AM,4935.4,1,4935.4,6527610.899999998
2025-08-01 10:06:23 AM,4935.1,18,88831.8,6616442.699999997
2025-08-01 10:06:34 AM,4931.7,0,0.0,6616442.699999997
2025-08-01 10:06:35 AM,4931.7,3,14795.099999999999,6631237.799999997
2025-08-01 10:07:18 AM,4925.2,1,4925.2,6636162.999999997
2025-08-01 10:07:22 AM,4924.7,10,49247.0,6685409.999999997
2025-08-01 10:07:42 AM,4931.0,5,24655.0,6710064.999999997
2025-08-01 10:08:26 AM,4932.8,0,0.0,6710064.999999997
2025-08-01 10:08:26 AM,4932.8,6,29596.800000000003,6739661.799999997
2025-08-01 10:12:19 AM,4932.8,5,24664.0,6764325.799999997
2025-08-01 10:12:49 AM,4938.8,0,0.0,6764325.799999997
2025-08-01 10:12:54 AM,4938.8,5,24694.0,6789019.799999997
2025-08-01 10:13:52 AM,4939.9,0,0.0,6789019.799999997
2025-08-01 10:13:53 AM,4939.9,25,123497.49999999999,6912517.299999997
2025-08-01 10:14:04 AM,4939.4,0,0.0,6912517.299999997
2025-08-01 10:14:04 AM,4939.4,5,24697.0,6937214.299999997
2025-08-01 10:17:04 AM,4929.4,0,0.0,6937214.299999997
2025-08-01 10:17:04 AM,4929.4,1,4929.4,6942143.699999997
2025-08-01 10:22:26 AM,4932.4,2,9864.8,6952008.499999997
2025-08-01 10:23:10 AM,4940.7,1,4940.7,6956949.199999997
2025-08-01 10:29:34 AM,4940.7,3,14822.099999999999,6971771.299999997
2025-08-01 10:30:23 AM,4940.6,1,4940.6,6976711.899999997
2025-08-01 10:32:02 AM,4950.5,0,0.0,6976711.899999997
2025-08-01 10:32:04 AM,4950.5,39,193069.5,7169781.399999997
2025-08-01 10:33:04 AM,4961.7,0,0.0,7169781.399999997
2025-08-01 10:33:05 AM,4961.7,51,253046.69999999998,7422828.099999997
2025-08-01 10:34:18 AM,4979.3,10,49793.0,7472621.099999997
2025-08-01 10:34:28 AM,4994.2,0,0.0,7472621.099999997
2025-08-01 10:34:28 AM,4994.2,100,499420.0,7972041.099999997
2025-08-01 10:34:40 AM,4995.0,3,14985.0,7987026.099999997
2025-08-01 10:34:55 AM,4995.0,1,4995.0,7992021.099999997
2025-08-01 10:35:02 AM,4984.4,0,0.0,7992021.099999997
2025-08-01 10:35:03 AM,4984.4,8,39875.2,8031896.299999997
2025-08-01 10:35:22 AM,4977.7,0,0.0,8031896.299999997
2025-08-01 10:35:23 AM,4977.7,23,114487.09999999999,8146383.399999997
2025-08-01 10:35:57 AM,4977.0,10,49770.0,8196153.399999997
2025-08-01 10:36:05 AM,4987.9,10,49879.0,8246032.399999997
2025-08-01 10:36:46 AM,4989.0,0,0.0,8246032.399999997
2025-08-01 10:36:47 AM,4989.0,10,49890.0,8295922.399999997
2025-08-01 10:37:03 AM,4989.0,15,74835.0,8370757.399999997
2025-08-01 10:37:05 AM,4989.0,15,74835.0,8445592.399999997
2025-08-01 10:37:09 AM,4997.5,20,99950.0,8545542.399999997
2025-08-01 10:37:16 AM,5006.0,0,0.0,8545542.399999997
2025-08-01 10:37:17 AM,5006.0,100,500600.0,9046142.399999997
2025-08-01 10:37:20 AM,5002.1,8,40016.8,9086159.199999997
2025-08-01 10:37:32 AM,5015.9,0,0.0,9086159.199999997
2025-08-01 10:37:33 AM,5015.9,30,150477.0,9236636.199999997
2025-08-01 10:37:53 AM,4998.0,56,279888.0,9516524.199999997
2025-08-01 10:38:01 AM,5000.0,0,0.0,9516524.199999997
2025-08-01 10:38:01 AM,5000.0,5,25000.0,9541524.199999997
2025-08-01 10:39:25 AM,4985.1,0,0.0,9541524.199999997
2025-08-01 10:39:26 AM,4985.1,12,59821.200000000004,9601345.399999997
2025-08-01 10:39:40 AM,4978.2,0,0.0,9601345.399999997
2025-08-01 10:39:40 AM,4978.2,2,9956.4,9611301.799999997
2025-08-01 10:39:54 AM,4973.0,10,49730.0,9661031.799999997
2025-08-01 10:43:24 AM,4972.0,4,19888.0,9680919.799999997
2025-08-01 10:47:25 AM,4960.5,5,24802.5,9705722.299999997
2025-08-01 10:47:31 AM,4965.5,0,0.0,9705722.299999997
2025-08-01 10:47:31 AM,4965.5,4,19862.0,9725584.299999997
2025-08-01 10:54:59 AM,4967.0,0,0.0,9725584.299999997
2025-08-01 10:54:59 AM,4967.0,26,129142.0,9854726.299999997
2025-08-01 10:59:47 AM,4961.2,0,0.0,9854726.299999997
2025-08-01 10:59:50 AM,4961.2,1,4961.2,9859687.499999996
2025-08-01 11:00:01 AM,4966.0,0,0.0,9859687.499999996
2025-08-01 11:00:01 AM,4966.0,1,4966.0,9864653.499999996
2025-08-01 11:00:14 AM,4960.0,25,124000.0,9988653.499999996
2025-08-01 11:04:08 AM,4965.0,0,0.0,9988653.499999996
2025-08-01 11:04:09 AM,4965.0,4,19860.0,10008513.499999996
2025-08-01 11:05:09 AM,4968.6,2,9937.2,10018450.699999996
2025-08-01 11:06:38 AM,4966.7,1,4966.7,10023417.399999995
2025-08-01 11:07:22 AM,4968.6,0,0.0,10023417.399999995
2025-08-01 11:07:22 AM,4968.6,10,49686.0,10073103.399999995
2025-08-01 11:08:46 AM,4957.0,0,0.0,10073103.399999995
2025-08-01 11:08:47 AM,4957.0,12,59484.0,10132587.399999995
2025-08-01 11:10:26 AM,4955.0,25,123875.0,10256462.399999995
2025-08-01 11:12:13 AM,4957.0,0,0.0,10256462.399999995
2025-08-01 11:12:14 AM,4957.0,5,24785.0,10281247.399999995
2025-08-01 11:12:19 AM,4957.0,5,24785.0,10306032.399999995
2025-08-01 11:12:25 AM,4957.0,5,24785.0,10330817.399999995
2025-08-01 11:14:04 AM,4951.1,0,0.0,10330817.399999995
2025-08-01 11:14:07 AM,4951.1,2,9902.2,10340719.599999994
2025-08-01 11:14:40 AM,4951.1,2,9902.2,10350621.799999993
2025-08-01 11:14:42 AM,4950.0,0,0.0,10350621.799999993
2025-08-01 11:14:44 AM,4950.0,5,24750.0,10375371.799999993
2025-08-01 11:16:37 AM,4940.6,19,93871.40000000001,10469243.199999994
2025-08-01 11:17:44 AM,4940.6,50,247030.00000000003,10716273.199999994
2025-08-01 11:19:12 AM,4940.1,0,0.0,10716273.199999994
2025-08-01 11:19:14 AM,4940.1,51,251945.1,10968218.299999993
2025-08-01 11:19:20 AM,4940.1,1,4940.1,10973158.399999993
2025-08-01 11:19:43 AM,4940.4,0,0.0,10973158.399999993
2025-08-01 11:19:47 AM,4940.4,3,14821.199999999999,10987979.599999992
2025-08-01 11:26:59 AM,4941.7,1,4941.7,10992921.299999991
2025-08-01 11:27:35 AM,4940.0,0,0.0,10992921.299999991
2025-08-01 11:27:36 AM,4941.7,0,0.0,10992921.299999991
2025-08-01 11:27:36 AM,4941.7,12,59300.399999999994,11052221.699999992
2025-08-01 11:27:43 AM,4938.0,0,0.0,11052221.699999992
2025-08-01 11:27:45 AM,4938.0,1,4938.0,11057159.699999992
2025-08-01 11:27:55 AM,4928.0,0,0.0,11057159.699999992
2025-08-01 11:27:56 AM,4928.0,9,44352.0,11101511.699999992
2025-08-01 11:28:08 AM,4959.2,0,0.0,11101511.699999992
2025-08-01 11:28:11 AM,4959.2,162,803390.4,11904902.099999992
2025-08-01 11:29:10 AM,4966.0,0,0.0,11904902.099999992
2025-08-01 11:29:12 AM,4966.0,7,34762.0,11939664.099999992
2025-08-01 11:33:03 AM,4968.5,1,4968.5,11944632.599999992
2025-08-01 11:34:17 AM,4968.9,0,0.0,11944632.599999992
2025-08-01 11:34:19 AM,4968.9,10,49689.0,11994321.599999992
2025-08-01 11:36:34 AM,4968.9,40,198756.0,12193077.599999992
2025-08-01 11:37:01 AM,4968.9,5,24844.5,12217922.099999992
2025-08-01 11:37:48 AM,4968.9,2,9937.8,12227859.899999993
2025-08-01 11:39:12 AM,4963.5,0,0.0,12227859.899999993
2025-08-01 11:39:13 AM,4963.5,1,4963.5,12232823.399999993
2025-08-01 11:42:06 AM,4950.7,0,0.0,12232823.399999993
2025-08-01 11:42:08 AM,4950.7,50,247535.0,12480358.399999993
2025-08-01 11:42:20 AM,4943.2,0,0.0,12480358.399999993
2025-08-01 11:42:23 AM,4943.2,201,993583.2,13473941.599999992
2025-08-01 11:42:32 AM,4940.0,0,0.0,13473941.599999992
2025-08-01 11:42:34 AM,4940.0,1,4940.0,13478881.599999992
2025-08-01 11:46:49 AM,4931.3,0,0.0,13478881.599999992
2025-08-01 11:46:52 AM,4931.3,1,4931.3,13483812.899999993
2025-08-01 11:47:24 AM,4931.3,10,49313.0,13533125.899999993
2025-08-01 11:49:03 AM,4928.0,0,0.0,13533125.899999993
2025-08-01 11:49:04 AM,4928.0,4,19712.0,13552837.899999993
2025-08-01 11:49:14 AM,4936.4,0,0.0,13552837.899999993
2025-08-01 11:49:15 AM,4936.4,7,34554.799999999996,13587392.699999994
2025-08-01 11:52:45 AM,4934.4,0,0.0,13587392.699999994
2025-08-01 11:52:47 AM,4934.4,5,24672.0,13612064.699999994
2025-08-01 11:59:01 AM,4925.7,47,231507.9,13843572.599999994
2025-08-01 12:01:28 PM,4938.4,0,0.0,13843572.599999994
2025-08-01 12:01:28 PM,4938.4,9,44445.6,13888018.199999994
2025-08-01 12:06:31 PM,4937.8,0,0.0,13888018.199999994
2025-08-01 12:06:34 PM,4937.8,4,19751.2,13907769.399999993
2025-08-01 12:07:41 PM,4939.9,0,0.0,13907769.399999993
2025-08-01 12:07:45 PM,4939.9,3,14819.699999999999,13922589.099999992
2025-08-01 12:08:55 PM,4942.1,0,0.0,13922589.099999992
2025-08-01 12:09:00 PM,4942.1,20,98842.0,14021431.099999992
2025-08-01 12:09:13 PM,4946.6,0,0.0,14021431.099999992
2025-08-01 12:09:14 PM,4946.6,2,9893.2,14031324.299999991
2025-08-01 12:10:03 PM,4946.4,0,0.0,14031324.299999991
2025-08-01 12:10:04 PM,4946.4,3,14839.199999999999,14046163.49999999
2025-08-01 12:11:17 PM,4949.9,0,0.0,14046163.49999999
2025-08-01 12:11:19 PM,4949.9,2,9899.8,14056063.299999991
2025-08-01 12:19:01 PM,4944.0,2,9888.0,14065951.299999991
2025-08-01 12:21:54 PM,4940.0,0,0.0,14065951.299999991
2025-08-01 12:21:57 PM,4940.0,29,143260.0,14209211.299999991
2025-08-01 12:23:33 PM,4934.9,2,9869.8,14219081.099999992
2025-08-01 12:23:51 PM,4940.0,0,0.0,14219081.099999992
2025-08-01 12:23:53 PM,4940.0,1,4940.0,14224021.099999992
2025-08-01 12:23:54 PM,4935.1,0,0.0,14224021.099999992
2025-08-01 12:23:58 PM,4935.1,1,4935.1,14228956.199999992
2025-08-01 12:24:15 PM,4943.9,0,0.0,14228956.199999992
2025-08-01 12:24:18 PM,4943.9,31,153260.9,14382217.099999992
2025-08-01 12:28:26 PM,4947.0,0,0.0,14382217.099999992
2025-08-01 12:28:28 PM,4947.0,2,9894.0,14392111.099999992
2025-08-01 12:29:46 PM,4935.1,0,0.0,14392111.099999992
2025-08-01 12:29:47 PM,4935.1,50,246755.00000000003,14638866.099999992
2025-08-01 12:30:38 PM,4935.1,54,266495.4,14905361.499999993
2025-08-01 12:31:17 PM,4925.0,0,0.0,14905361.499999993
2025-08-01 12:31:19 PM,4925.0,73,359525.0,15264886.499999993
2025-08-01 12:31:41 PM,4928.1,10,49281.0,15314167.499999993
2025-08-01 12:34:34 PM,4928.1,100,492810.00000000006,15806977.499999993
2025-08-01 12:36:21 PM,4920.7,0,0.0,15806977.499999993
2025-08-01 12:36:22 PM,4920.7,40,196828.0,16003805.499999993
2025-08-01 12:37:18 PM,4931.2,10,49312.0,16053117.499999993
2025-08-01 12:37:44 PM,4940.3,0,0.0,16053117.499999993
2025-08-01 12:37:48 PM,4940.3,10,49403.0,16102520.499999993
2025-08-01 12:38:30 PM,4935.7,0,0.0,16102520.499999993
2025-08-01 12:38:33 PM,4935.7,2,9871.4,16112391.899999993
2025-08-01 12:42:03 PM,4931.9,0,0.0,16112391.899999993
2025-08-01 12:42:07 PM,4931.9,15,73978.5,16186370.399999993
2025-08-01 12:43:25 PM,4932.0,50,246600.0,16432970.399999993
2025-08-01 12:47:41 PM,4931.8,0,0.0,16432970.399999993
2025-08-01 12:47:45 PM,4931.8,1,4931.8,16437902.199999994
2025-08-01 12:51:29 PM,4932.9,10,49329.0,16487231.199999994
2025-08-01 12:54:45 PM,4933.6,0,0.0,16487231.199999994
2025-08-01 12:54:47 PM,4933.6,5,24668.0,16511899.199999994
2025-08-01 12:56:33 PM,4931.9,0,0.0,16511899.199999994
2025-08-01 12:56:34 PM,4931.9,1,4931.9,16516831.099999994
2025-08-01 01:02:14 PM,4934.9,0,0.0,16516831.099999994
2025-08-01 01:02:15 PM,4934.9,4,19739.6,16536570.699999994
2025-08-01 01:06:06 PM,4927.6,0,0.0,16536570.699999994
2025-08-01 01:06:10 PM,4927.6,1,4927.6,16541498.299999993
2025-08-01 01:13:03 PM,4932.7,0,0.0,16541498.299999993
2025-08-01 01:13:04 PM,4932.7,2,9865.4,16551363.699999994
2025-08-01 01:13:47 PM,4942.3,0,0.0,16551363.699999994
2025-08-01 01:13:50 PM,4942.3,4,19769.2,16571132.899999993
2025-08-01 01:25:46 PM,4949.2,0,0.0,16571132.899999993
2025-08-01 01:25:49 PM,4949.2,1,4949.2,16576082.099999992
2025-08-01 01:46:21 PM,4950.0,0,0.0,16576082.099999992
2025-08-01 01:46:22 PM,4950.0,6,29700.0,16605782.099999992
2025-08-01 01:52:49 PM,4947.5,0,0.0,16605782.099999992
2025-08-01 01:52:51 PM,4947.5,3,14842.5,16620624.599999992
2025-08-01 01:53:13 PM,4941.6,0,0.0,16620624.599999992
2025-08-01 01:53:15 PM,4941.6,2,9883.2,16630507.799999991
2025-08-01 01:54:45 PM,4937.5,0,0.0,16630507.799999991
2025-08-01 01:54:46 PM,4937.5,5,24687.5,16655195.299999991
2025-08-01 01:55:19 PM,4938.4,0,0.0,16655195.299999991
2025-08-01 01:55:20 PM,4938.4,3,14815.199999999999,16670010.49999999
2025-08-01 01:58:25 PM,4936.6,0,0.0,16670010.49999999
2025-08-01 01:58:27 PM,4936.6,14,69112.40000000001,16739122.899999991
2025-08-01 02:00:24 PM,4938.5,0,0.0,16739122.899999991
2025-08-01 02:00:24 PM,4938.5,1,4938.5,16744061.399999991
2025-08-01 02:06:22 PM,4931.6,0,0.0,16744061.399999991
2025-08-01 02:06:26 PM,4931.6,2,9863.2,16753924.59999999
2025-08-01 02:07:27 PM,4926.3,0,0.0,16753924.59999999
2025-08-01 02:07:27 PM,4926.3,46,226609.80000000002,16980534.39999999
2025-08-01 02:10:05 PM,4920.0,0,0.0,16980534.39999999
2025-08-01 02:10:05 PM,4920.0,10,49200.0,17029734.39999999
2025-08-01 02:10:31 PM,4920.0,59,290280.0,17320014.39999999
2025-08-01 02:11:19 PM,4917.0,0,0.0,17320014.39999999
2025-08-01 02:11:23 PM,4917.0,1,4917.0,17324931.39999999
2025-08-01 02:13:29 PM,4919.8,0,0.0,17324931.39999999
2025-08-01 02:13:31 PM,4919.8,2,9839.6,17334770.999999993
2025-08-01 02:14:11 PM,4917.0,0,0.0,17334770.999999993
2025-08-01 02:14:13 PM,4917.0,1,4917.0,17339687.999999993
2025-08-01 02:17:20 PM,4913.1,126,619050.6000000001,17958738.599999994
2025-08-01 02:17:23 PM,4918.1,0,0.0,17958738.599999994
2025-08-01 02:17:25 PM,4901.0,0,0.0,17958738.599999994
2025-08-01 02:17:25 PM,4901.0,167,818467.0,18777205.599999994
2025-08-01 02:17:29 PM,4900.0,0,0.0,18777205.599999994
2025-08-01 02:17:30 PM,4900.0,101,494900.0,19272105.599999994
2025-08-01 02:17:35 PM,4900.0,80,392000.0,19664105.599999994
2025-08-01 02:17:37 PM,4895.8,0,0.0,19664105.599999994
2025-08-01 02:17:40 PM,4895.8,2,9791.6,19673897.199999996
2025-08-01 02:18:11 PM,4896.0,0,0.0,19673897.199999996
2025-08-01 02:18:11 PM,4896.0,1,4896.0,19678793.199999996
2025-08-01 02:18:27 PM,4895.0,0,0.0,19678793.199999996
2025-08-01 02:18:27 PM,4895.0,4,19580.0,19698373.199999996
2025-08-01 02:18:59 PM,4895.9,0,0.0,19698373.199999996
2025-08-01 02:19:02 PM,4895.9,5,24479.5,19722852.699999996
2025-08-01 02:19:17 PM,4896.0,0,0.0,19722852.699999996
2025-08-01 02:19:17 PM,4896.0,20,97920.0,19820772.699999996
2025-08-01 02:19:28 PM,4896.0,30,146880.0,19967652.699999996
2025-08-01 02:19:49 PM,4898.2,0,0.0,19967652.699999996
2025-08-01 02:19:49 PM,4898.2,2,9796.4,19977449.099999994
2025-08-01 02:20:07 PM,4899.0,0,0.0,19977449.099999994
2025-08-01 02:20:10 PM,4899.0,4,19596.0,19997045.099999994
2025-08-01 02:20:29 PM,4899.8,0,0.0,19997045.099999994
2025-08-01 02:20:30 PM,4899.8,2,9799.6,20006844.699999996
2025-08-01 02:20:50 PM,4899.8,10,48998.0,20055842.699999996
2025-08-01 02:21:42 PM,4899.8,1,4899.8,20060742.499999996
2025-08-01 02:22:01 PM,4899.9,0,0.0,20060742.499999996
2025-08-01 02:22:04 PM,4899.9,92,450790.8,20511533.299999997
2025-08-01 02:24:07 PM,4895.0,34,166430.0,20677963.299999997
2025-08-01 02:24:48 PM,4895.0,14,68530.0,20746493.299999997
2025-08-01 02:25:05 PM,4895.0,25,122375.0,20868868.299999997
2025-08-01 02:25:05 PM,4890.0,41,200490.0,21069358.299999997
2025-08-01 02:25:23 PM,4866.1,0,0.0,21069358.299999997
2025-08-01 02:25:25 PM,4882.1,0,0.0,21069358.299999997
2025-08-01 02:25:26 PM,4882.1,157,766489.7000000001,21835847.999999996
2025-08-01 02:25:27 PM,4882.9,15,73243.5,21909091.499999996
2025-08-01 02:27:28 PM,4880.0,0,0.0,21909091.499999996
2025-08-01 02:27:29 PM,4880.0,12,58560.0,21967651.499999996
2025-08-01 02:28:05 PM,4875.0,0,0.0,21967651.499999996
2025-08-01 02:28:07 PM,4875.0,35,170625.0,22138276.499999996
2025-08-01 02:28:13 PM,4876.0,1,4876.0,22143152.499999996
2025-08-01 02:29:19 PM,4875.0,1,4875.0,22148027.499999996
2025-08-01 02:29:51 PM,4874.2,0,0.0,22148027.499999996
2025-08-01 02:29:52 PM,4874.2,1,4874.2,22152901.699999996
2025-08-01 02:30:25 PM,4876.5,0,0.0,22152901.699999996
2025-08-01 02:30:25 PM,4876.5,2,9753.0,22162654.699999996
2025-08-01 02:30:45 PM,4877.6,0,0.0,22162654.699999996
2025-08-01 02:30:46 PM,4877.6,2,9755.2,22172409.899999995
2025-08-01 02:31:10 PM,4876.5,0,0.0,22172409.899999995
2025-08-01 02:31:14 PM,4876.5,3,14629.5,22187039.399999995
2025-08-01 02:32:45 PM,4875.2,0,0.0,22187039.399999995
2025-08-01 02:32:45 PM,4875.2,101,492395.19999999995,22679434.599999994
2025-08-01 02:34:07 PM,4877.0,0,0.0,22679434.599999994
2025-08-01 02:34:08 PM,4877.0,30,146310.0,22825744.599999994
2025-08-01 02:34:18 PM,4877.4,0,0.0,22825744.599999994
2025-08-01 02:34:19 PM,4877.4,2,9754.8,22835499.399999995
2025-08-01 02:36:10 PM,4880.0,0,0.0,22835499.399999995
2025-08-01 02:36:10 PM,4880.0,5,24400.0,22859899.399999995
2025-08-01 02:37:15 PM,4885.3,1,4885.3,22864784.699999996
2025-08-01 02:37:23 PM,4888.0,0,0.0,22864784.699999996
2025-08-01 02:37:24 PM,4888.0,18,87984.0,22952768.699999996
2025-08-01 02:43:37 PM,4890.0,0,0.0,22952768.699999996
2025-08-01 02:43:37 PM,4890.0,5,24450.0,22977218.699999996
2025-08-01 02:43:42 PM,4893.1,2,9786.2,22987004.899999995
2025-08-01 02:44:10 PM,4890.0,16,78240.0,23065244.899999995
2025-08-01 02:45:29 PM,4890.1,1,4890.1,23070134.999999996
2025-08-01 02:46:00 PM,4894.8,0,0.0,23070134.999999996
2025-08-01 02:46:01 PM,4894.8,1,4894.8,23075029.799999997
2025-08-01 02:46:14 PM,4894.7,2,9789.4,23084819.199999996
2025-08-01 02:46:29 PM,4894.9,0,0.0,23084819.199999996
2025-08-01 02:46:30 PM,4894.9,6,29369.399999999998,23114188.599999994
2025-08-01 02:47:32 PM,4890.0,0,0.0,23114188.599999994
2025-08-01 02:47:32 PM,4890.0,7,34230.0,23148418.599999994
2025-08-01 02:47:52 PM,4881.4,0,0.0,23148418.599999994
2025-08-01 02:47:55 PM,4881.4,15,73221.0,23221639.599999994
2025-08-01 02:48:10 PM,4880.1,0,0.0,23221639.599999994
2025-08-01 02:48:12 PM,4880.1,5,24400.5,23246040.099999994
2025-08-01 02:49:38 PM,4889.6,0,0.0,23246040.099999994
2025-08-01 02:49:41 PM,4889.6,5,24448.0,23270488.099999994
2025-08-01 02:49:45 PM,4891.7,0,0.0,23270488.099999994
2025-08-01 02:49:46 PM,4891.7,1,4891.7,23275379.799999993
2025-08-01 02:50:02 PM,4895.0,0,0.0,23275379.799999993
2025-08-01 02:50:03 PM,4895.0,1,4895.0,23280274.799999993
2025-08-01 02:52:08 PM,4895.0,10,48950.0,23329224.799999993
2025-08-01 02:52:25 PM,4892.6,0,0.0,23329224.799999993
2025-08-01 02:52:29 PM,4892.6,30,146778.0,23476002.799999993
2025-08-01 02:52:45 PM,4891.7,0,0.0,23476002.799999993
2025-08-01 02:52:45 PM,4891.7,12,58700.399999999994,23534703.19999999
2025-08-01 02:52:56 PM,4889.9,1,4889.9,23539593.09999999
2025-08-01 02:53:06 PM,4889.9,1,4889.9,23544482.99999999
2025-08-01 02:53:14 PM,4889.9,1,4889.9,23549372.899999987
2025-08-01 02:53:47 PM,4881.0,0,0.0,23549372.899999987
2025-08-01 02:53:49 PM,4881.0,8,39048.0,23588420.899999987
2025-08-01 02:57:22 PM,4894.5,0,0.0,23588420.899999987
2025-08-01 02:57:23 PM,4894.5,5,24472.5,23612893.399999987
2025-08-01 03:00:55 PM,4880.1,0,0.0,23612893.399999987
2025-08-01 03:00:56 PM,4880.1,8,39040.8,23651934.199999988
2025-08-01 03:01:00 PM,4880.0,1,4880.0,23656814.199999988
2025-08-01 03:01:09 PM,4882.8,0,0.0,23656814.199999988
2025-08-01 03:01:09 PM,4882.8,6,29296.800000000003,23686110.99999999
2025-08-01 03:01:13 PM,4882.8,3,14648.400000000001,23700759.399999987
2025-08-01 03:02:25 PM,4884.2,1,4884.2,23705643.599999987
2025-08-01 03:02:57 PM,4877.6,0,0.0,23705643.599999987
2025-08-01 03:02:59 PM,4877.6,3,14632.800000000001,23720276.399999987
2025-08-01 03:03:54 PM,4884.2,71,346778.2,24067054.599999987
2025-08-01 03:04:37 PM,4890.0,5,24450.0,24091504.599999987
2025-08-01 03:05:33 PM,4890.0,5,24450.0,24115954.599999987
2025-08-01 03:05:36 PM,4884.9,0,0.0,24115954.599999987
2025-08-01 03:05:36 PM,4884.9,1,4884.9,24120839.499999985
2025-08-01 03:05:42 PM,4890.0,0,0.0,24120839.499999985
2025-08-01 03:05:42 PM,4890.0,5,24450.0,24145289.499999985
2025-08-01 03:05:45 PM,4891.9,0,0.0,24145289.499999985
2025-08-01 03:05:46 PM,4891.9,10,48919.0,24194208.499999985
2025-08-01 03:06:14 PM,4892.2,4,19568.8,24213777.299999986
2025-08-01 03:08:08 PM,4885.0,0,0.0,24213777.299999986
2025-08-01 03:08:08 PM,4885.0,2,9770.0,24223547.299999986
2025-08-01 03:08:37 PM,4880.0,0,0.0,24223547.299999986
2025-08-01 03:08:39 PM,4880.0,90,439200.0,24662747.299999986
2025-08-01 03:08:48 PM,4880.0,10,48800.0,24711547.299999986
2025-08-01 03:10:11 PM,4890.1,0,0.0,24711547.299999986
2025-08-01 03:10:12 PM,4890.1,2,9780.2,24721327.499999985
2025-08-01 03:10:15 PM,4891.0,5,24455.0,24745782.499999985
2025-08-01 03:11:24 PM,4891.0,1,4891.0,24750673.499999985
2025-08-01 03:12:47 PM,4882.9,9,43946.1,24794619.599999987
2025-08-01 03:13:20 PM,4878.0,10,48780.0,24843399.599999987
2025-08-01 03:13:23 PM,4874.9,0,0.0,24843399.599999987
2025-08-01 03:13:23 PM,4874.9,34,165746.59999999998,25009146.199999988
2025-08-01 03:13:34 PM,4866.1,0,0.0,25009146.199999988
2025-08-01 03:13:35 PM,4866.1,2,9732.2,25018878.399999987
2025-08-01 03:13:43 PM,4866.0,0,0.0,25018878.399999987
2025-08-01 03:13:44 PM,4866.0,1,4866.0,25023744.399999987
2025-08-01 03:13:59 PM,4866.0,2,9732.0,25033476.399999987
2025-08-01 03:14:12 PM,4870.0,28,136360.0,25169836.399999987
2025-08-01 03:15:15 PM,4819.5,1451,6993094.5,32162930.899999987
2025-08-01 03:15:18 PM,4819.9,1,4819.9,32167750.799999986
2025-08-01 03:15:23 PM,4819.9,1,4819.9,32172570.699999984
2025-08-01 03:15:30 PM,4819.6,0,0.0,32172570.699999984
2025-08-01 03:15:30 PM,4819.6,40,192784.0,32365354.699999984
2025-08-01 03:15:33 PM,4788.9,66,316067.39999999997,32681422.099999983
2025-08-01 03:15:35 PM,4780.0,0,0.0,32681422.099999983
2025-08-01 03:15:37 PM,4780.0,1,4780.0,32686202.099999983
2025-08-01 03:15:40 PM,4795.7,0,0.0,32686202.099999983
2025-08-01 03:15:40 PM,4795.7,100,479570.0,33165772.099999983
2025-08-01 03:15:44 PM,4780.2,0,0.0,33165772.099999983
2025-08-01 03:15:45 PM,4780.2,2,9560.4,33175332.49999998
2025-08-01 03:15:47 PM,4795.7,1,4795.7,33180128.19999998
2025-08-01 03:15:50 PM,4788.0,0,0.0,33180128.19999998
2025-08-01 03:15:52 PM,4788.0,2,9576.0,33189704.19999998
2025-08-01 03:15:59 PM,4796.7,0,0.0,33189704.19999998
2025-08-01 03:15:59 PM,4796.7,102,489263.39999999997,33678967.59999998
2025-08-01 03:16:01 PM,4796.7,2,9593.4,33688560.99999998
2025-08-01 03:16:04 PM,4804.1,0,0.0,33688560.99999998
2025-08-01 03:16:06 PM,4804.1,19,91277.90000000001,33779838.899999976
2025-08-01 03:16:13 PM,4804.2,1,4804.2,33784643.09999998
2025-08-01 03:16:20 PM,4804.2,2,9608.4,33794251.49999998
2025-08-01 03:16:27 PM,4804.2,1,4804.2,33799055.69999998
2025-08-01 03:16:34 PM,4804.2,2,9608.4,33808664.09999998
2025-08-01 03:16:40 PM,4806.7,0,0.0,33808664.09999998
2025-08-01 03:16:41 PM,4806.7,59,283595.3,34092259.399999976
2025-08-01 03:16:48 PM,4793.8,3,14381.400000000001,34106640.799999975
2025-08-01 03:17:00 PM,4809.9,0,0.0,34106640.799999975
2025-08-01 03:17:01 PM,4810.0,5,24050.0,34130690.799999975
2025-08-01 03:17:05 PM,4795.0,0,0.0,34130690.799999975
2025-08-01 03:17:08 PM,4795.2,2,9590.4,34140281.19999997
2025-08-01 03:17:09 PM,4795.6,0,0.0,34140281.19999997
2025-08-01 03:17:09 PM,4795.6,1,4795.6,34145076.799999975
2025-08-01 03:17:15 PM,4795.0,20,95900.0,34240976.799999975
2025-08-01 03:17:28 PM,4795.0,10,47950.0,34288926.799999975
2025-08-01 03:17:34 PM,4809.7,1,4809.7,34293736.49999998
2025-08-01 03:18:09 PM,4809.6,4,19238.4,34312974.899999976
2025-08-01 03:18:20 PM,4800.0,8,38400.0,34351374.899999976
2025-08-01 03:18:25 PM,4809.1,0,0.0,34351374.899999976
2025-08-01 03:18:27 PM,4809.1,1,4809.1,34356183.99999998
2025-08-01 03:18:33 PM,4809.1,10,48091.0,34404274.99999998
2025-08-01 03:18:40 PM,4809.9,2,9619.8,34413894.799999975
2025-08-01 03:19:03 PM,4795.1,0,0.0,34413894.799999975
2025-08-01 03:19:06 PM,4795.1,18,86311.8,34500206.59999997
2025-08-01 03:19:13 PM,4810.0,12,57720.0,34557926.59999997
2025-08-01 03:19:34 PM,4810.0,42,202020.0,34759946.59999997
2025-08-01 03:19:45 PM,4810.0,41,197210.0,34957156.59999997
2025-08-01 03:20:13 PM,4810.0,7,33670.0,34990826.59999997
2025-08-01 03:20:14 PM,4796.3,0,0.0,34990826.59999997
2025-08-01 03:20:16 PM,4796.3,67,321352.10000000003,35312178.69999997
2025-08-01 03:20:37 PM,4800.0,0,0.0,35312178.69999997
2025-08-01 03:20:41 PM,4800.0,1,4800.0,35316978.69999997
2025-08-01 03:20:46 PM,4812.9,0,0.0,35316978.69999997
2025-08-01 03:20:48 PM,4812.9,15,72193.5,35389172.19999997
2025-08-01 03:20:56 PM,4812.8,0,0.0,35389172.19999997
2025-08-01 03:20:57 PM,4812.8,15,72192.0,35461364.19999997
2025-08-01 03:21:01 PM,4780.0,0,0.0,35461364.19999997
2025-08-01 03:21:01 PM,4780.0,462,2208360.0,37669724.19999997
2025-08-01 03:21:09 PM,4779.9,3,14339.699999999999,37684063.899999976
2025-08-01 03:21:16 PM,4789.1,73,349604.30000000005,38033668.19999997
2025-08-01 03:21:25 PM,4789.9,10,47899.0,38081567.19999997
2025-08-01 03:21:43 PM,4789.9,10,47899.0,38129466.19999997
2025-08-01 03:22:02 PM,4773.2,0,0.0,38129466.19999997
2025-08-01 03:22:03 PM,4773.2,1,4773.2,38134239.399999976
2025-08-01 03:22:18 PM,4773.6,5,23868.0,38158107.399999976
2025-08-01 03:22:22 PM,4789.9,0,0.0,38158107.399999976
2025-08-01 03:22:23 PM,4789.9,34,162856.59999999998,38320963.99999998
2025-08-01 03:22:42 PM,4798.4,0,0.0,38320963.99999998
2025-08-01 03:22:44 PM,4798.2,17,81569.4,38402533.399999976
2025-08-01 03:22:45 PM,4804.3,1,4804.3,38407337.69999997
2025-08-01 03:22:50 PM,4800.0,10,48000.0,38455337.69999997
2025-08-01 03:22:52 PM,4800.0,1,4800.0,38460137.69999997
2025-08-01 03:22:57 PM,4804.2,3,14412.599999999999,38474550.299999975
2025-08-01 03:23:03 PM,4804.2,11,52846.2,38527396.49999998
2025-08-01 03:23:12 PM,4804.2,1,4804.2,38532200.69999998
2025-08-01 03:23:17 PM,4804.1,2,9608.2,38541808.89999998
2025-08-01 03:23:19 PM,4804.0,7,33628.0,38575436.89999998
2025-08-01 03:24:10 PM,4818.0,31,149358.0,38724794.89999998
2025-08-01 03:24:29 PM,4800.0,0,0.0,38724794.89999998
2025-08-01 03:24:30 PM,4800.0,1,4800.0,38729594.89999998
2025-08-01 03:25:03 PM,4800.0,6,28800.0,38758394.89999998
2025-08-01 03:25:10 PM,4800.0,3,14400.0,38772794.89999998
2025-08-01 03:25:16 PM,4795.0,103,493885.0,39266679.89999998
2025-08-01 03:25:18 PM,4795.0,3,14385.0,39281064.89999998
2025-08-01 03:25:23 PM,4795.0,20,95900.0,39376964.89999998
2025-08-01 03:25:28 PM,4799.6,0,0.0,39376964.89999998
2025-08-01 03:25:30 PM,4799.6,5,23998.0,39400962.89999998
2025-08-01 03:25:36 PM,4795.0,4,19180.0,39420142.89999998
2025-08-01 03:26:01 PM,4796.0,0,0.0,39420142.89999998
2025-08-01 03:26:02 PM,4796.0,2,9592.0,39429734.89999998
2025-08-01 03:26:03 PM,4795.0,24,115080.0,39544814.89999998
2025-08-01 03:26:09 PM,4795.0,6,28770.0,39573584.89999998
2025-08-01 03:26:10 PM,4795.4,5,23977.0,39597561.89999998
2025-08-01 03:26:11 PM,4795.0,0,0.0,39597561.89999998
2025-08-01 03:26:16 PM,4795.0,41,196595.0,39794156.89999998
2025-08-01 03:26:24 PM,4796.0,2,9592.0,39803748.89999998
2025-08-01 03:26:28 PM,4811.5,0,0.0,39803748.89999998
2025-08-01 03:26:29 PM,4811.5,6,28869.0,39832617.89999998
2025-08-01 03:26:36 PM,4793.7,1,4793.7,39837411.59999999
2025-08-01 03:26:44 PM,4799.8,1,4799.8,39842211.39999998
2025-08-01 03:26:48 PM,4796.0,0,0.0,39842211.39999998
2025-08-01 03:26:49 PM,4796.0,6,28776.0,39870987.39999998
2025-08-01 03:27:17 PM,4795.9,5,23979.5,39894966.89999998
2025-08-01 03:27:30 PM,4795.9,10,47959.0,39942925.89999998
2025-08-01 03:27:32 PM,4796.0,10,47960.0,39990885.89999998
2025-08-01 03:27:37 PM,4793.0,40,191720.0,40182605.89999998
2025-08-01 03:27:39 PM,4775.0,10,47750.0,40230355.89999998
2025-08-01 03:27:44 PM,4770.0,0,0.0,40230355.89999998
2025-08-01 03:27:44 PM,4770.0,40,190800.0,40421155.89999998
2025-08-01 03:27:46 PM,4760.0,3,14280.0,40435435.89999998
2025-08-01 03:27:51 PM,4754.2,2,9508.4,40444944.29999998
2025-08-01 03:27:53 PM,4779.7,1,4779.7,40449723.999999985
2025-08-01 03:28:00 PM,4750.5,7,33253.5,40482977.499999985
2025-08-01 03:28:04 PM,4811.5,0,0.0,40482977.499999985
2025-08-01 03:28:05 PM,4811.5,12,57738.0,40540715.499999985
2025-08-01 03:28:10 PM,4758.1,0,0.0,40540715.499999985
2025-08-01 03:28:12 PM,4758.1,3,14274.300000000001,40554989.79999998
2025-08-01 03:28:30 PM,4752.0,0,0.0,40554989.79999998
2025-08-01 03:28:33 PM,4752.0,20,95040.0,40650029.79999998
2025-08-01 03:28:42 PM,4805.8,2,9611.6,40659641.39999998
2025-08-01 03:28:58 PM,4790.7,0,0.0,40659641.39999998
2025-08-01 03:29:00 PM,4790.7,54,258697.8,40918339.19999998
2025-08-01 03:29:07 PM,4800.0,1,4800.0,40923139.19999998
2025-08-01 03:29:10 PM,4800.0,14,67200.0,40990339.19999998
2025-08-01 03:29:22 PM,4820.0,0,0.0,40990339.19999998
2025-08-01 03:29:24 PM,4820.0,6,28920.0,41019259.19999998
2025-08-01 03:29:31 PM,4820.0,31,149420.0,41168679.19999998
2025-08-01 03:29:33 PM,4808.0,0,0.0,41168679.19999998
2025-08-01 03:29:33 PM,4808.0,5,24040.0,41192719.19999998
2025-08-01 03:29:38 PM,4820.0,0,0.0,41192719.19999998
2025-08-01 03:29:39 PM,4820.0,2,9640.0,41202359.19999998
2025-08-01 03:29:53 PM,4820.0,2,9640.0,41211999.19999998
