date,price,qty,trnvr,cum_trnvr
2025-08-01 09:15:01 AM,31.12,30645,953672.4,953672.4
2025-08-01 09:15:02 AM,31.11,0,0.0,953672.4
2025-08-01 09:15:03 AM,31.03,4521,140286.63,1093959.03
2025-08-01 09:15:11 AM,31.05,0,0.0,1093959.03
2025-08-01 09:15:13 AM,31.05,15817,491117.85000000003,1585076.8800000001
2025-08-01 09:15:15 AM,31.05,625,19406.25,1604483.1300000001
2025-08-01 09:15:22 AM,31.11,0,0.0,1604483.1300000001
2025-08-01 09:15:24 AM,31.11,4384,136386.24,1740869.37
2025-08-01 09:15:27 AM,31.08,0,0.0,1740869.37
2025-08-01 09:15:32 AM,31.08,41913,1302656.04,3043525.41
2025-08-01 09:15:40 AM,31.11,0,0.0,3043525.41
2025-08-01 09:15:41 AM,31.11,350,10888.5,3054413.91
2025-08-01 09:15:42 AM,31.11,77401,2407945.11,5462359.02
2025-08-01 09:15:44 AM,31.13,0,0.0,5462359.02
2025-08-01 09:15:49 AM,31.13,4633,144225.29,5606584.31
2025-08-01 09:15:53 AM,31.15,0,0.0,5606584.31
2025-08-01 09:15:57 AM,31.15,851,26508.649999999998,5633092.96
2025-08-01 09:15:59 AM,31.13,100,3113.0,5636205.96
2025-08-01 09:16:02 AM,31.05,0,0.0,5636205.96
2025-08-01 09:16:05 AM,31.08,48252,1499672.16,7135878.12
2025-08-01 09:16:10 AM,31.01,0,0.0,7135878.12
2025-08-01 09:16:13 AM,31.01,9850,305448.5,7441326.62
2025-08-01 09:16:15 AM,31.0,6246,193626.0,7634952.62
2025-08-01 09:16:16 AM,30.93,0,0.0,7634952.62
2025-08-01 09:16:18 AM,30.98,0,0.0,7634952.62
2025-08-01 09:16:22 AM,31.0,92142,2856402.0,10491354.620000001
2025-08-01 09:16:28 AM,31.01,0,0.0,10491354.620000001
2025-08-01 09:16:30 AM,31.02,5855,181622.1,10672976.72
2025-08-01 09:16:31 AM,31.02,4382,135929.63999999998,10808906.360000001
2025-08-01 09:16:38 AM,31.02,2695,83598.9,10892505.260000002
2025-08-01 09:16:40 AM,31.02,2811,87197.22,10979702.480000002
2025-08-01 09:16:46 AM,31.07,7150,222150.5,11201852.980000002
2025-08-01 09:16:55 AM,31.06,203,6305.179999999999,11208158.160000002
2025-08-01 09:16:56 AM,31.06,453,14070.18,11222228.340000002
2025-08-01 09:17:04 AM,31.1,26091,811430.1000000001,12033658.440000001
2025-08-01 09:17:05 AM,31.06,0,0.0,12033658.440000001
2025-08-01 09:17:11 AM,31.09,531,16508.79,12050167.23
2025-08-01 09:17:27 AM,31.09,500,15545.0,12065712.23
2025-08-01 09:17:28 AM,31.13,100,3113.0,12068825.23
2025-08-01 09:17:33 AM,31.15,0,0.0,12068825.23
2025-08-01 09:17:36 AM,31.13,2250,70042.5,12138867.73
2025-08-01 09:17:37 AM,31.15,3955,123198.25,12262065.98
2025-08-01 09:17:39 AM,31.12,0,0.0,12262065.98
2025-08-01 09:17:41 AM,31.09,0,0.0,12262065.98
2025-08-01 09:17:44 AM,31.05,15875,492918.75,12754984.73
2025-08-01 09:17:50 AM,31.02,0,0.0,12754984.73
2025-08-01 09:17:52 AM,31.05,2847,88399.35,12843384.08
2025-08-01 09:17:57 AM,31.07,0,0.0,12843384.08
2025-08-01 09:18:01 AM,31.07,4480,139193.6,12982577.68
2025-08-01 09:18:07 AM,31.13,0,0.0,12982577.68
2025-08-01 09:18:09 AM,31.12,7189,223721.68,13206299.36
2025-08-01 09:18:10 AM,31.12,1,31.12,13206330.479999999
2025-08-01 09:18:15 AM,31.14,0,0.0,13206330.479999999
2025-08-01 09:18:18 AM,31.14,500,15570.0,13221900.479999999
2025-08-01 09:18:26 AM,31.14,18,560.52,13222460.999999998
2025-08-01 09:18:34 AM,31.09,3001,93301.09,13315762.089999998
2025-08-01 09:18:35 AM,31.17,10000,311700.0,13627462.089999998
2025-08-01 09:18:39 AM,31.18,0,0.0,13627462.089999998
2025-08-01 09:18:42 AM,31.18,3800,118484.0,13745946.089999998
2025-08-01 09:18:50 AM,31.17,587,18296.79,13764242.879999997
2025-08-01 09:18:58 AM,31.17,30,935.1,13765177.979999997
2025-08-01 09:19:00 AM,31.17,1,31.17,13765209.149999997
2025-08-01 09:19:00 AM,31.15,0,0.0,13765209.149999997
2025-08-01 09:19:03 AM,31.16,0,0.0,13765209.149999997
2025-08-01 09:19:06 AM,31.16,776,24180.16,13789389.309999997
2025-08-01 09:19:08 AM,31.16,100,3116.0,13792505.309999997
2025-08-01 09:19:14 AM,31.15,150,4672.5,13797177.809999997
2025-08-01 09:19:16 AM,31.17,3334,103920.78,13901098.589999996
2025-08-01 09:19:18 AM,31.16,0,0.0,13901098.589999996
2025-08-01 09:19:23 AM,31.21,4043,126182.03,14027280.619999995
2025-08-01 09:19:31 AM,31.21,5024,156799.04,14184079.659999995
2025-08-01 09:19:32 AM,31.2,5500,171600.0,14355679.659999995
2025-08-01 09:19:46 AM,31.16,0,0.0,14355679.659999995
2025-08-01 09:19:47 AM,31.16,1000,31160.0,14386839.659999995
2025-08-01 09:19:54 AM,31.19,0,0.0,14386839.659999995
2025-08-01 09:19:55 AM,31.19,2470,77039.3,14463878.959999995
2025-08-01 09:20:02 AM,31.14,0,0.0,14463878.959999995
2025-08-01 09:20:02 AM,31.14,286,8906.04,14472784.999999994
2025-08-01 09:20:04 AM,31.12,1487,46275.44,14519060.439999994
2025-08-01 09:20:12 AM,31.1,250,7775.0,14526835.439999994
2025-08-01 09:20:16 AM,31.14,0,0.0,14526835.439999994
2025-08-01 09:20:19 AM,31.14,200,6228.0,14533063.439999994
2025-08-01 09:20:23 AM,31.13,0,0.0,14533063.439999994
2025-08-01 09:20:27 AM,31.13,500,15565.0,14548628.439999994
2025-08-01 09:20:34 AM,31.11,42,1306.62,14549935.059999993
2025-08-01 09:20:36 AM,31.13,25,778.25,14550713.309999993
2025-08-01 09:20:37 AM,31.17,0,0.0,14550713.309999993
2025-08-01 09:20:42 AM,31.17,6799,211924.83000000002,14762638.139999993
2025-08-01 09:20:44 AM,31.16,8,249.28,14762887.419999992
2025-08-01 09:20:48 AM,31.14,0,0.0,14762887.419999992
2025-08-01 09:20:50 AM,31.14,1437,44748.18,14807635.599999992
2025-08-01 09:20:55 AM,31.16,0,0.0,14807635.599999992
2025-08-01 09:20:58 AM,31.16,44,1371.04,14809006.639999991
2025-08-01 09:21:05 AM,31.16,10,311.6,14809318.23999999
2025-08-01 09:21:14 AM,31.16,449,13990.84,14823309.07999999
2025-08-01 09:21:21 AM,31.21,22007,686838.47,15510147.549999991
2025-08-01 09:21:22 AM,31.21,281,8770.01,15518917.559999991
2025-08-01 09:21:23 AM,31.24,0,0.0,15518917.559999991
2025-08-01 09:21:25 AM,31.25,0,0.0,15518917.559999991
2025-08-01 09:21:29 AM,31.25,1001,31281.25,15550198.809999991
2025-08-01 09:21:30 AM,31.24,0,0.0,15550198.809999991
2025-08-01 09:21:37 AM,31.24,590,18431.6,15568630.40999999
2025-08-01 09:21:42 AM,31.22,0,0.0,15568630.40999999
2025-08-01 09:21:44 AM,31.22,11885,371049.7,15939680.10999999
2025-08-01 09:21:48 AM,31.23,0,0.0,15939680.10999999
2025-08-01 09:21:52 AM,31.23,239,7463.97,15947144.07999999
2025-08-01 09:21:53 AM,31.25,10000,312500.0,16259644.07999999
2025-08-01 09:21:55 AM,31.22,0,0.0,16259644.07999999
2025-08-01 09:21:58 AM,31.23,0,0.0,16259644.07999999
2025-08-01 09:21:59 AM,31.23,3786,118236.78,16377880.85999999
2025-08-01 09:22:05 AM,31.22,0,0.0,16377880.85999999
2025-08-01 09:22:07 AM,31.22,89,2778.58,16380659.43999999
2025-08-01 09:22:08 AM,31.22,200,6244.0,16386903.43999999
2025-08-01 09:22:15 AM,31.22,200,6244.0,16393147.43999999
2025-08-01 09:22:22 AM,31.22,120,3746.3999999999996,16396893.83999999
2025-08-01 09:22:38 AM,31.22,204,6368.88,16403262.719999991
2025-08-01 09:22:39 AM,31.2,885,27612.0,16430874.719999991
2025-08-01 09:22:45 AM,31.2,200,6240.0,16437114.719999991
2025-08-01 09:22:47 AM,31.2,506,15787.199999999999,16452901.91999999
2025-08-01 09:22:53 AM,31.2,2,62.4,16452964.319999991
2025-08-01 09:23:02 AM,31.2,45,1404.0,16454368.319999991
2025-08-01 09:23:08 AM,31.2,5,156.0,16454524.319999991
2025-08-01 09:23:10 AM,31.2,800,24960.0,16479484.319999991
2025-08-01 09:23:16 AM,31.19,316,9856.04,16489340.35999999
2025-08-01 09:23:23 AM,31.19,160,4990.400000000001,16494330.75999999
2025-08-01 09:23:33 AM,31.19,11,343.09000000000003,16494673.84999999
2025-08-01 09:23:38 AM,31.17,0,0.0,16494673.84999999
2025-08-01 09:23:38 AM,31.17,588,18327.960000000003,16513001.809999991
2025-08-01 09:23:45 AM,31.18,0,0.0,16513001.809999991
2025-08-01 09:23:46 AM,31.18,3686,114929.48,16627931.289999992
2025-08-01 09:23:54 AM,31.18,125,3897.5,16631828.789999992
2025-08-01 09:23:55 AM,31.19,3300,102927.0,16734755.789999992
2025-08-01 09:24:09 AM,31.18,1100,34298.0,16769053.789999992
2025-08-01 09:24:11 AM,31.19,0,0.0,16769053.789999992
2025-08-01 09:24:17 AM,31.19,500,15595.0,16784648.78999999
2025-08-01 09:24:24 AM,31.19,1000,31190.0,16815838.78999999
2025-08-01 09:24:30 AM,31.16,0,0.0,16815838.78999999
2025-08-01 09:24:32 AM,31.16,35171,1095928.36,17911767.14999999
2025-08-01 09:24:40 AM,31.16,2,62.32,17911829.46999999
2025-08-01 09:24:47 AM,31.13,51,1587.6299999999999,17913417.09999999
2025-08-01 09:24:56 AM,31.13,150,4669.5,17918086.59999999
2025-08-01 09:25:08 AM,31.12,0,0.0,17918086.59999999
2025-08-01 09:25:09 AM,31.12,700,21784.0,17939870.59999999
2025-08-01 09:25:15 AM,31.13,0,0.0,17939870.59999999
2025-08-01 09:25:16 AM,31.15,0,0.0,17939870.59999999
2025-08-01 09:25:17 AM,31.15,8759,272842.85,18212713.44999999
2025-08-01 09:25:41 AM,31.15,50,1557.5,18214270.94999999
2025-08-01 09:25:47 AM,31.15,833,25947.949999999997,18240218.89999999
2025-08-01 09:25:54 AM,31.16,1,31.16,18240250.05999999
2025-08-01 09:26:09 AM,31.18,0,0.0,18240250.05999999
2025-08-01 09:26:10 AM,31.18,2409,75112.62,18315362.679999992
2025-08-01 09:26:16 AM,31.16,0,0.0,18315362.679999992
2025-08-01 09:26:17 AM,31.16,10315,321415.4,18636778.07999999
2025-08-01 09:26:27 AM,31.11,4005,124595.55,18761373.62999999
2025-08-01 09:26:31 AM,31.15,0,0.0,18761373.62999999
2025-08-01 09:26:33 AM,31.15,3992,124350.79999999999,18885724.429999992
2025-08-01 09:26:41 AM,31.15,20,623.0,18886347.429999992
2025-08-01 09:26:43 AM,31.16,0,0.0,18886347.429999992
2025-08-01 09:26:48 AM,31.16,29,903.64,18887251.069999993
2025-08-01 09:26:56 AM,31.16,3446,107377.36,18994628.429999992
2025-08-01 09:27:03 AM,31.16,1100,34276.0,19028904.429999992
2025-08-01 09:27:22 AM,31.19,0,0.0,19028904.429999992
2025-08-01 09:27:25 AM,31.19,58,1809.02,19030713.44999999
2025-08-01 09:27:36 AM,31.2,0,0.0,19030713.44999999
2025-08-01 09:27:40 AM,31.2,2000,62400.0,19093113.44999999
2025-08-01 09:27:46 AM,31.19,0,0.0,19093113.44999999
2025-08-01 09:27:48 AM,31.19,6669,208006.11000000002,19301119.55999999
2025-08-01 09:27:57 AM,31.19,50302,1568919.3800000001,20870038.93999999
2025-08-01 09:28:02 AM,31.14,0,0.0,20870038.93999999
2025-08-01 09:28:03 AM,31.17,9476,295366.92000000004,21165405.859999992
2025-08-01 09:28:11 AM,31.17,1,31.17,21165437.029999994
2025-08-01 09:28:15 AM,31.16,0,0.0,21165437.029999994
2025-08-01 09:28:19 AM,31.14,2143,66733.02,21232170.049999993
2025-08-01 09:28:25 AM,31.12,0,0.0,21232170.049999993
2025-08-01 09:28:26 AM,31.12,3400,105808.0,21337978.049999993
2025-08-01 09:28:43 AM,31.16,0,0.0,21337978.049999993
2025-08-01 09:28:49 AM,31.16,511,15922.76,21353900.809999995
2025-08-01 09:28:57 AM,31.17,4723,147215.91,21501116.719999995
2025-08-01 09:29:04 AM,31.17,101,3148.17,21504264.889999997
2025-08-01 09:29:11 AM,31.15,0,0.0,21504264.889999997
2025-08-01 09:29:12 AM,31.15,10005,311655.75,21815920.639999997
2025-08-01 09:29:20 AM,31.15,1680,52332.0,21868252.639999997
2025-08-01 09:29:31 AM,31.18,0,0.0,21868252.639999997
2025-08-01 09:29:35 AM,31.18,250,7795.0,21876047.639999997
2025-08-01 09:30:05 AM,31.18,100,3118.0,21879165.639999997
2025-08-01 09:30:10 AM,31.17,0,0.0,21879165.639999997
2025-08-01 09:30:12 AM,31.17,400,12468.0,21891633.639999997
2025-08-01 09:30:17 AM,31.15,0,0.0,21891633.639999997
2025-08-01 09:30:20 AM,31.17,203,6327.51,21897961.15
2025-08-01 09:30:27 AM,31.17,302,9413.34,21907374.49
2025-08-01 09:30:35 AM,31.17,4,124.68,21907499.169999998
2025-08-01 09:30:49 AM,31.17,1292,40271.64,21947770.81
2025-08-01 09:31:03 AM,31.14,0,0.0,21947770.81
2025-08-01 09:31:04 AM,31.14,3098,96471.72,22044242.529999997
2025-08-01 09:31:12 AM,31.14,100,3114.0,22047356.529999997
2025-08-01 09:31:33 AM,31.14,220,6850.8,22054207.33
2025-08-01 09:31:39 AM,31.07,0,0.0,22054207.33
2025-08-01 09:31:40 AM,31.07,27280,847589.6,22901796.93
2025-08-01 09:31:44 AM,31.05,0,0.0,22901796.93
2025-08-01 09:31:47 AM,31.05,1200,37260.0,22939056.93
2025-08-01 09:31:50 AM,31.06,0,0.0,22939056.93
2025-08-01 09:31:54 AM,31.08,0,0.0,22939056.93
2025-08-01 09:31:54 AM,31.08,6143,190924.44,23129981.37
2025-08-01 09:31:59 AM,31.11,0,0.0,23129981.37
2025-08-01 09:32:01 AM,31.07,1781,55335.67,23185317.040000003
2025-08-01 09:32:04 AM,31.1,0,0.0,23185317.040000003
2025-08-01 09:32:08 AM,31.1,2000,62200.0,23247517.040000003
2025-08-01 09:32:11 AM,31.08,0,0.0,23247517.040000003
2025-08-01 09:32:15 AM,31.12,14871,462785.52,23710302.560000002
2025-08-01 09:32:17 AM,31.13,0,0.0,23710302.560000002
2025-08-01 09:32:22 AM,31.09,0,0.0,23710302.560000002
2025-08-01 09:32:22 AM,31.09,93275,2899919.75,26610222.310000002
2025-08-01 09:32:36 AM,31.09,250,7772.5,26617994.810000002
2025-08-01 09:32:43 AM,31.09,1500,46635.0,26664629.810000002
2025-08-01 09:33:04 AM,31.09,550,17099.5,26681729.310000002
2025-08-01 09:33:11 AM,31.09,15,466.35,26682195.660000004
2025-08-01 09:33:18 AM,31.06,507,15747.42,26697943.080000006
2025-08-01 09:33:25 AM,31.06,2401,74575.06,26772518.140000004
2025-08-01 09:33:25 AM,31.09,0,0.0,26772518.140000004
2025-08-01 09:33:32 AM,31.09,10275,319449.75,27091967.890000004
2025-08-01 09:33:35 AM,31.08,0,0.0,27091967.890000004
2025-08-01 09:33:38 AM,31.08,56,1740.48,27093708.370000005
2025-08-01 09:33:41 AM,31.1,0,0.0,27093708.370000005
2025-08-01 09:33:45 AM,31.11,0,0.0,27093708.370000005
2025-08-01 09:33:45 AM,31.11,7409,230493.99,27324202.360000003
2025-08-01 09:33:53 AM,31.11,295,9177.45,27333379.810000002
2025-08-01 09:33:55 AM,31.13,0,0.0,27333379.810000002
2025-08-01 09:33:56 AM,31.11,0,0.0,27333379.810000002
2025-08-01 09:33:59 AM,31.11,148,4604.28,27337984.090000004
2025-08-01 09:34:05 AM,31.08,0,0.0,27337984.090000004
2025-08-01 09:34:07 AM,31.08,14546,452089.68,27790073.770000003
2025-08-01 09:34:20 AM,31.1,0,0.0,27790073.770000003
2025-08-01 09:34:21 AM,31.11,43838,1363800.18,29153873.950000003
2025-08-01 09:34:28 AM,31.11,260,8088.599999999999,29161962.550000004
2025-08-01 09:34:30 AM,31.13,0,0.0,29161962.550000004
2025-08-01 09:34:35 AM,31.13,100,3113.0,29165075.550000004
2025-08-01 09:34:41 AM,31.13,201,6257.13,29171332.680000003
2025-08-01 09:34:48 AM,31.15,0,0.0,29171332.680000003
2025-08-01 09:34:48 AM,31.17,5608,174801.36000000002,29346134.040000003
2025-08-01 09:34:53 AM,31.18,0,0.0,29346134.040000003
2025-08-01 09:34:55 AM,31.18,200,6236.0,29352370.040000003
2025-08-01 09:35:03 AM,31.2,832,25958.399999999998,29378328.44
2025-08-01 09:35:09 AM,31.2,700,21840.0,29400168.44
2025-08-01 09:35:15 AM,31.24,0,0.0,29400168.44
2025-08-01 09:35:16 AM,31.24,378,11808.72,29411977.16
2025-08-01 09:35:35 AM,31.21,0,0.0,29411977.16
2025-08-01 09:35:37 AM,31.21,2667,83237.07,29495214.23
2025-08-01 09:35:44 AM,31.21,104067,3247931.0700000003,32743145.3
2025-08-01 09:35:45 AM,31.22,0,0.0,32743145.3
2025-08-01 09:35:51 AM,31.21,8906,277956.26,33021101.560000002
2025-08-01 09:35:57 AM,31.21,100,3121.0,33024222.560000002
2025-08-01 09:36:04 AM,31.21,1150,35891.5,33060114.060000002
2025-08-01 09:36:17 AM,31.21,70,2184.7000000000003,33062298.76
2025-08-01 09:36:24 AM,31.18,100,3118.0,33065416.76
2025-08-01 09:36:37 AM,31.18,18,561.24,33065978.0
2025-08-01 09:36:43 AM,31.18,1000,31180.0,33097158.0
2025-08-01 09:36:48 AM,31.21,0,0.0,33097158.0
2025-08-01 09:36:50 AM,31.21,300,9363.0,33106521.0
2025-08-01 09:36:57 AM,31.21,21,655.41,33107176.41
2025-08-01 09:37:00 AM,31.18,0,0.0,33107176.41
2025-08-01 09:37:00 AM,31.21,0,0.0,33107176.41
2025-08-01 09:37:03 AM,31.21,3500,109235.0,33216411.41
2025-08-01 09:37:11 AM,31.18,500,15590.0,33232001.41
2025-08-01 09:37:29 AM,31.21,0,0.0,33232001.41
2025-08-01 09:37:31 AM,31.21,1,31.21,33232032.62
2025-08-01 09:37:38 AM,31.21,10267,320433.07,33552465.69
2025-08-01 09:37:42 AM,31.22,0,0.0,33552465.69
2025-08-01 09:37:45 AM,31.22,1,31.22,33552496.91
2025-08-01 09:37:58 AM,31.22,100,3122.0,33555618.91
2025-08-01 09:38:05 AM,31.22,4002,124942.44,33680561.349999994
2025-08-01 09:38:12 AM,31.22,400,12488.0,33693049.349999994
2025-08-01 09:38:19 AM,31.22,452,14111.439999999999,33707160.78999999
2025-08-01 09:38:20 AM,31.23,0,0.0,33707160.78999999
2025-08-01 09:38:25 AM,31.23,2973,92846.79000000001,33800007.57999999
2025-08-01 09:38:30 AM,31.18,0,0.0,33800007.57999999
2025-08-01 09:38:32 AM,31.18,3413,106417.34,33906424.919999994
2025-08-01 09:39:05 AM,31.18,1169,36449.42,33942874.339999996
2025-08-01 09:39:12 AM,31.19,1000,31190.0,33974064.339999996
2025-08-01 09:39:20 AM,31.16,0,0.0,33974064.339999996
2025-08-01 09:39:25 AM,31.14,0,0.0,33974064.339999996
2025-08-01 09:39:26 AM,31.14,803,25005.420000000002,33999069.76
2025-08-01 09:39:45 AM,31.14,1396,43471.44,34042541.199999996
2025-08-01 09:39:52 AM,31.14,50,1557.0,34044098.199999996
2025-08-01 09:40:05 AM,31.12,40,1244.8,34045342.99999999
2025-08-01 09:40:06 AM,31.12,100,3112.0,34048454.99999999
2025-08-01 09:40:22 AM,31.14,0,0.0,34048454.99999999
2025-08-01 09:40:25 AM,31.14,869,27060.66,34075515.65999999
2025-08-01 09:40:26 AM,31.14,250,7785.0,34083300.65999999
2025-08-01 09:40:39 AM,31.15,10,311.5,34083612.15999999
2025-08-01 09:40:44 AM,31.17,1971,61436.07000000001,34145048.22999999
2025-08-01 09:40:48 AM,31.19,0,0.0,34145048.22999999
2025-08-01 09:40:51 AM,31.19,984,30690.960000000003,34175739.18999999
2025-08-01 09:40:52 AM,31.18,6,187.07999999999998,34175926.26999999
2025-08-01 09:40:58 AM,31.18,400,12472.0,34188398.26999999
2025-08-01 09:41:04 AM,31.18,20,623.6,34189021.86999999
2025-08-01 09:41:05 AM,31.23,2946,92003.58,34281025.44999999
2025-08-01 09:41:18 AM,31.23,951,29699.73,34310725.179999985
2025-08-01 09:41:19 AM,31.24,1351,42205.24,34352930.41999999
2025-08-01 09:41:31 AM,31.23,316,9868.68,34362799.09999999
2025-08-01 09:41:36 AM,31.25,0,0.0,34362799.09999999
2025-08-01 09:41:37 AM,31.25,4932,154125.0,34516924.09999999
2025-08-01 09:41:38 AM,31.29,720,22528.8,34539452.89999998
2025-08-01 09:41:40 AM,31.25,0,0.0,34539452.89999998
2025-08-01 09:41:44 AM,31.25,300,9375.0,34548827.89999998
2025-08-01 09:41:58 AM,31.27,365,11413.55,34560241.44999998
2025-08-01 09:42:09 AM,31.26,0,0.0,34560241.44999998
2025-08-01 09:42:10 AM,31.26,2106,65833.56,34626075.00999998
2025-08-01 09:42:17 AM,31.28,3,93.84,34626168.84999999
2025-08-01 09:42:23 AM,31.28,10,312.8,34626481.64999998
2025-08-01 09:42:25 AM,31.29,3500,109515.0,34735996.64999998
2025-08-01 09:42:36 AM,31.28,297,9290.16,34745286.80999998
2025-08-01 09:42:43 AM,31.28,4,125.12,34745411.92999998
2025-08-01 09:42:49 AM,31.28,111,3472.08,34748884.009999976
2025-08-01 09:42:50 AM,31.29,1850,57886.5,34806770.509999976
2025-08-01 09:42:55 AM,31.28,0,0.0,34806770.509999976
2025-08-01 09:42:56 AM,31.28,2,62.56,34806833.06999998
2025-08-01 09:43:07 AM,31.26,0,0.0,34806833.06999998
2025-08-01 09:43:09 AM,31.26,30,937.8000000000001,34807770.869999975
2025-08-01 09:43:11 AM,31.28,0,0.0,34807770.869999975
2025-08-01 09:43:16 AM,31.28,2610,81640.8,34889411.66999997
2025-08-01 09:43:22 AM,31.28,1100,34408.0,34923819.66999997
2025-08-01 09:43:29 AM,31.28,4585,143418.80000000002,35067238.46999997
2025-08-01 09:43:31 AM,31.3,0,0.0,35067238.46999997
2025-08-01 09:43:35 AM,31.27,0,0.0,35067238.46999997
2025-08-01 09:43:35 AM,31.27,7500,234525.0,35301763.46999997
2025-08-01 09:43:47 AM,31.3,0,0.0,35301763.46999997
2025-08-01 09:43:49 AM,31.29,2525,79007.25,35380770.71999997
2025-08-01 09:43:59 AM,31.28,0,0.0,35380770.71999997
2025-08-01 09:44:01 AM,31.28,57,1782.96,35382553.67999997
2025-08-01 09:44:02 AM,31.26,500,15630.0,35398183.67999997
2025-08-01 09:44:08 AM,31.28,300,9384.0,35407567.67999997
2025-08-01 09:44:10 AM,31.29,5000,156450.0,35564017.67999997
2025-08-01 09:44:23 AM,31.28,4,125.12,35564142.79999997
2025-08-01 09:44:33 AM,31.27,0,0.0,35564142.79999997
2025-08-01 09:44:35 AM,31.27,80,2501.6,35566644.39999997
2025-08-01 09:44:39 AM,31.24,0,0.0,35566644.39999997
2025-08-01 09:44:41 AM,31.24,8838,276099.12,35842743.519999966
2025-08-01 09:45:00 AM,31.24,375,11715.0,35854458.519999966
2025-08-01 09:45:07 AM,31.23,800,24984.0,35879442.519999966
2025-08-01 09:45:09 AM,31.23,1000,31230.0,35910672.519999966
2025-08-01 09:45:27 AM,31.23,25,780.75,35911453.269999966
2025-08-01 09:45:33 AM,31.23,196,6121.08,35917574.349999964
2025-08-01 09:45:39 AM,31.23,260,8119.8,35925694.14999996
2025-08-01 09:45:43 AM,31.21,0,0.0,35925694.14999996
2025-08-01 09:45:46 AM,31.21,25,780.25,35926474.39999996
2025-08-01 09:45:51 AM,31.25,0,0.0,35926474.39999996
2025-08-01 09:45:53 AM,31.25,5096,159250.0,36085724.39999996
2025-08-01 09:46:05 AM,31.24,3,93.72,36085818.11999996
2025-08-01 09:46:13 AM,31.26,1000,31260.0,36117078.11999996
2025-08-01 09:46:20 AM,31.27,20,625.4,36117703.51999996
2025-08-01 09:46:21 AM,31.24,0,0.0,36117703.51999996
2025-08-01 09:46:25 AM,31.27,325,10162.75,36127866.26999996
2025-08-01 09:46:25 AM,31.24,0,0.0,36127866.26999996
2025-08-01 09:46:27 AM,31.24,4000,124960.0,36252826.26999996
2025-08-01 09:46:49 AM,31.27,0,0.0,36252826.26999996
2025-08-01 09:46:50 AM,31.27,207,6472.89,36259299.15999996
2025-08-01 09:46:58 AM,31.27,1,31.27,36259330.42999996
2025-08-01 09:47:15 AM,31.27,18,562.86,36259893.28999996
2025-08-01 09:47:17 AM,31.28,3235,101190.8,36361084.08999996
2025-08-01 09:47:20 AM,31.27,0,0.0,36361084.08999996
2025-08-01 09:47:21 AM,31.27,1000,31270.0,36392354.08999996
2025-08-01 09:47:23 AM,31.29,5,156.45,36392510.53999996
2025-08-01 09:47:25 AM,31.3,0,0.0,36392510.53999996
2025-08-01 09:47:27 AM,31.3,466,14585.800000000001,36407096.33999996
2025-08-01 09:47:33 AM,31.29,0,0.0,36407096.33999996
2025-08-01 09:47:34 AM,31.29,60,1877.3999999999999,36408973.73999996
2025-08-01 09:47:41 AM,31.29,510,15957.9,36424931.639999956
2025-08-01 09:47:46 AM,31.26,0,0.0,36424931.639999956
2025-08-01 09:47:47 AM,31.3,49937,1563028.1,37987959.73999996
2025-08-01 09:47:50 AM,31.3,5,156.5,37988116.23999996
2025-08-01 09:47:54 AM,31.29,0,0.0,37988116.23999996
2025-08-01 09:47:54 AM,31.29,280,8761.199999999999,37996877.43999996
2025-08-01 09:48:07 AM,31.28,2081,65093.68,38061971.11999996
2025-08-01 09:48:13 AM,31.27,3941,123235.06999999999,38185206.18999996
2025-08-01 09:48:16 AM,31.27,15,469.05,38185675.23999996
2025-08-01 09:48:22 AM,31.24,17921,559852.0399999999,38745527.27999996
2025-08-01 09:48:31 AM,31.2,0,0.0,38745527.27999996
2025-08-01 09:48:33 AM,31.2,14910,465192.0,39210719.27999996
2025-08-01 09:48:48 AM,31.2,1,31.2,39210750.47999996
2025-08-01 09:48:55 AM,31.24,5768,180192.31999999998,39390942.79999996
2025-08-01 09:49:07 AM,31.24,191,5966.84,39396909.63999996
2025-08-01 09:49:13 AM,31.24,4305,134488.19999999998,39531397.83999997
2025-08-01 09:49:42 AM,31.28,3800,118864.0,39650261.83999997
2025-08-01 09:49:46 AM,31.26,0,0.0,39650261.83999997
2025-08-01 09:49:48 AM,31.26,100,3126.0,39653387.83999997
2025-08-01 09:49:51 AM,31.25,804,25125.0,39678512.83999997
2025-08-01 09:50:27 AM,31.27,1150,35960.5,39714473.33999997
2025-08-01 09:50:33 AM,31.27,16,500.32,39714973.65999997
2025-08-01 09:50:39 AM,31.28,1050,32844.0,39747817.65999997
2025-08-01 09:50:52 AM,31.28,3500,109480.0,39857297.65999997
2025-08-01 09:51:04 AM,31.25,700,21875.0,39879172.65999997
2025-08-01 09:51:22 AM,31.3,0,0.0,39879172.65999997
2025-08-01 09:51:23 AM,31.3,12695,397353.5,40276526.15999997
2025-08-01 09:51:38 AM,31.32,0,0.0,40276526.15999997
2025-08-01 09:51:38 AM,31.32,186,5825.52,40282351.67999997
2025-08-01 09:51:43 AM,31.3,0,0.0,40282351.67999997
2025-08-01 09:51:45 AM,31.3,200,6260.0,40288611.67999997
2025-08-01 09:51:48 AM,31.3,500,15650.0,40304261.67999997
2025-08-01 09:51:52 AM,31.28,0,0.0,40304261.67999997
2025-08-01 09:51:54 AM,31.28,4986,155962.08000000002,40460223.75999997
2025-08-01 09:52:00 AM,31.29,1,31.29,40460255.04999997
2025-08-01 09:52:03 AM,31.29,50,1564.5,40461819.54999997
2025-08-01 09:52:08 AM,31.28,0,0.0,40461819.54999997
2025-08-01 09:52:09 AM,31.28,40,1251.2,40463070.74999997
2025-08-01 09:52:10 AM,31.3,0,0.0,40463070.74999997
2025-08-01 09:52:11 AM,31.29,0,0.0,40463070.74999997
2025-08-01 09:52:13 AM,31.29,2200,68838.0,40531908.74999997
2025-08-01 09:52:14 AM,31.28,0,0.0,40531908.74999997
2025-08-01 09:52:15 AM,31.28,3061,95748.08,40627656.82999997
2025-08-01 09:52:25 AM,31.29,1,31.29,40627688.11999997
2025-08-01 09:52:34 AM,31.29,200,6258.0,40633946.11999997
2025-08-01 09:52:35 AM,31.3,0,0.0,40633946.11999997
2025-08-01 09:52:37 AM,31.3,5000,156500.0,40790446.11999997
2025-08-01 09:52:44 AM,31.29,0,0.0,40790446.11999997
2025-08-01 09:52:46 AM,31.29,3799,118870.70999999999,40909316.82999997
2025-08-01 09:52:49 AM,31.28,8,250.24,40909567.06999997
2025-08-01 09:53:10 AM,31.3,1695,53053.5,40962620.56999997
2025-08-01 09:53:13 AM,31.33,0,0.0,40962620.56999997
2025-08-01 09:53:14 AM,31.33,3320,104015.59999999999,41066636.16999997
2025-08-01 09:53:27 AM,31.34,0,0.0,41066636.16999997
2025-08-01 09:53:28 AM,31.34,1000,31340.0,41097976.16999997
2025-08-01 09:53:42 AM,31.33,0,0.0,41097976.16999997
2025-08-01 09:53:45 AM,31.33,400,12532.0,41110508.16999997
2025-08-01 09:53:51 AM,31.33,1500,46995.0,41157503.16999997
2025-08-01 09:53:53 AM,31.34,1447,45348.98,41202852.14999997
2025-08-01 09:53:59 AM,31.31,3000,93930.0,41296782.14999997
2025-08-01 09:54:02 AM,31.33,0,0.0,41296782.14999997
2025-08-01 09:54:04 AM,31.33,23,720.5899999999999,41297502.73999997
2025-08-01 09:54:08 AM,31.31,0,0.0,41297502.73999997
2025-08-01 09:54:10 AM,31.31,330,10332.3,41307835.03999997
2025-08-01 09:54:17 AM,31.33,10,313.29999999999995,41308148.33999997
2025-08-01 09:54:21 AM,31.32,0,0.0,41308148.33999997
2025-08-01 09:54:23 AM,31.32,22437,702726.84,42010875.17999997
2025-08-01 09:54:29 AM,31.32,100,3132.0,42014007.17999997
2025-08-01 09:54:39 AM,31.34,0,0.0,42014007.17999997
2025-08-01 09:54:41 AM,31.34,11063,346714.42,42360721.59999997
2025-08-01 09:54:43 AM,31.31,0,0.0,42360721.59999997
2025-08-01 09:54:47 AM,31.31,112,3506.72,42364228.31999997
2025-08-01 09:54:53 AM,31.31,47,1471.57,42365699.88999997
2025-08-01 09:55:05 AM,31.31,103,3224.93,42368924.81999997
2025-08-01 09:55:13 AM,31.34,0,0.0,42368924.81999997
2025-08-01 09:55:16 AM,31.31,0,0.0,42368924.81999997
2025-08-01 09:55:16 AM,31.31,1010,31623.1,42400547.91999997
2025-08-01 09:55:23 AM,31.34,3939,123448.26,42523996.17999997
2025-08-01 09:55:34 AM,31.34,20,626.8,42524622.97999997
2025-08-01 09:55:38 AM,31.32,0,0.0,42524622.97999997
2025-08-01 09:55:40 AM,31.34,145,4544.3,42529167.279999964
2025-08-01 09:55:41 AM,31.33,20,626.5999999999999,42529793.879999965
2025-08-01 09:55:46 AM,31.33,25,783.25,42530577.129999965
2025-08-01 09:55:47 AM,31.34,1258,39425.72,42570002.849999964
2025-08-01 09:55:52 AM,31.34,1224,38360.159999999996,42608363.00999996
2025-08-01 09:55:57 AM,31.33,0,0.0,42608363.00999996
2025-08-01 09:55:58 AM,31.33,100,3133.0,42611496.00999996
2025-08-01 09:56:01 AM,31.34,0,0.0,42611496.00999996
2025-08-01 09:56:04 AM,31.33,6568,205775.44,42817271.44999996
2025-08-01 09:56:10 AM,31.34,0,0.0,42817271.44999996
2025-08-01 09:56:10 AM,31.34,300,9402.0,42826673.44999996
2025-08-01 09:56:11 AM,31.34,3,94.02,42826767.46999996
2025-08-01 09:56:13 AM,31.3,0,0.0,42826767.46999996
2025-08-01 09:56:17 AM,31.3,18009,563681.7000000001,43390449.169999965
2025-08-01 09:56:18 AM,31.31,0,0.0,43390449.169999965
2025-08-01 09:56:22 AM,31.3,340,10642.0,43401091.169999965
2025-08-01 09:56:23 AM,31.31,561,17564.91,43418656.07999996
2025-08-01 09:56:25 AM,31.29,0,0.0,43418656.07999996
2025-08-01 09:56:28 AM,31.33,5500,172315.0,43590971.07999996
2025-08-01 09:56:31 AM,31.32,0,0.0,43590971.07999996
2025-08-01 09:56:34 AM,31.32,150,4698.0,43595669.07999996
2025-08-01 09:56:39 AM,31.31,0,0.0,43595669.07999996
2025-08-01 09:56:40 AM,31.31,3271,102415.01,43698084.08999996
2025-08-01 09:56:41 AM,31.25,23009,719031.25,44417115.33999996
2025-08-01 09:56:42 AM,31.26,0,0.0,44417115.33999996
2025-08-01 09:56:45 AM,31.23,0,0.0,44417115.33999996
2025-08-01 09:56:46 AM,31.25,11472,358500.0,44775615.33999996
2025-08-01 09:57:00 AM,31.24,50,1562.0,44777177.33999996
2025-08-01 09:57:04 AM,31.21,20,624.2,44777801.53999996
2025-08-01 09:57:09 AM,31.24,0,0.0,44777801.53999996
2025-08-01 09:57:10 AM,31.22,5200,162344.0,44940145.53999996
2025-08-01 09:57:16 AM,31.24,30,937.1999999999999,44941082.739999965
2025-08-01 09:57:18 AM,31.24,543,16963.32,44958046.059999965
2025-08-01 09:57:24 AM,31.24,132,4123.679999999999,44962169.739999965
2025-08-01 09:57:27 AM,31.21,2827,88230.67,45050400.40999997
2025-08-01 09:57:29 AM,31.2,0,0.0,45050400.40999997
2025-08-01 09:57:29 AM,31.2,2758,86049.59999999999,45136450.00999997
2025-08-01 09:57:33 AM,31.18,0,0.0,45136450.00999997
2025-08-01 09:57:33 AM,31.18,4596,143303.28,45279753.28999997
2025-08-01 09:57:35 AM,31.18,3695,115210.1,45394963.38999997
2025-08-01 09:57:39 AM,31.19,600,18714.0,45413677.38999997
2025-08-01 09:57:41 AM,31.15,0,0.0,45413677.38999997
2025-08-01 09:57:42 AM,31.15,10,311.5,45413988.88999997
2025-08-01 09:57:48 AM,31.15,1416,44108.4,45458097.28999997
2025-08-01 09:58:06 AM,31.17,300,9351.0,45467448.28999997
2025-08-01 09:58:12 AM,31.15,4762,148336.3,45615784.58999997
2025-08-01 09:58:24 AM,31.14,14663,456605.82,46072390.40999997
2025-08-01 09:58:34 AM,31.11,0,0.0,46072390.40999997
2025-08-01 09:58:34 AM,31.11,111,3453.21,46075843.61999997
2025-08-01 09:58:40 AM,31.14,4439,138230.46,46214074.07999997
2025-08-01 09:58:58 AM,31.1,0,0.0,46214074.07999997
2025-08-01 09:58:58 AM,31.1,29127,905849.7000000001,47119923.77999997
2025-08-01 09:59:01 AM,31.11,250,7777.5,47127701.27999997
2025-08-01 09:59:04 AM,31.11,1000,31110.0,47158811.27999997
2025-08-01 09:59:07 AM,31.11,25,777.75,47159589.02999997
2025-08-01 09:59:10 AM,31.11,25,777.75,47160366.77999997
2025-08-01 09:59:13 AM,31.11,1000,31110.0,47191476.77999997
2025-08-01 09:59:23 AM,31.08,1200,37296.0,47228772.77999997
2025-08-01 09:59:41 AM,31.12,0,0.0,47228772.77999997
2025-08-01 09:59:42 AM,31.12,24,746.88,47229519.659999974
2025-08-01 09:59:52 AM,31.13,0,0.0,47229519.659999974
2025-08-01 09:59:54 AM,31.14,0,0.0,47229519.659999974
2025-08-01 09:59:54 AM,31.14,2166,67449.24,47296968.899999976
2025-08-01 09:59:56 AM,31.12,0,0.0,47296968.899999976
2025-08-01 09:59:57 AM,31.12,100,3112.0,47300080.899999976
2025-08-01 10:00:03 AM,31.14,10,311.4,47300392.299999975
2025-08-01 10:00:06 AM,31.13,30,933.9,47301326.19999997
2025-08-01 10:00:29 AM,31.12,1502,46742.24,47348068.439999975
2025-08-01 10:00:45 AM,31.13,0,0.0,47348068.439999975
2025-08-01 10:00:45 AM,31.13,32,996.16,47349064.59999997
2025-08-01 10:00:51 AM,31.14,0,0.0,47349064.59999997
2025-08-01 10:00:51 AM,31.14,5150,160371.0,47509435.59999997
2025-08-01 10:00:57 AM,31.13,0,0.0,47509435.59999997
2025-08-01 10:00:57 AM,31.13,23457,730216.41,48239652.00999997
2025-08-01 10:01:16 AM,31.17,50,1558.5,48241210.50999997
2025-08-01 10:01:22 AM,31.17,2,62.34,48241272.84999997
2025-08-01 10:01:28 AM,31.17,1683,52459.11,48293731.95999997
2025-08-01 10:01:38 AM,31.2,0,0.0,48293731.95999997
2025-08-01 10:01:38 AM,31.2,2200,68640.0,48362371.95999997
2025-08-01 10:01:51 AM,31.2,1,31.2,48362403.159999974
2025-08-01 10:02:03 AM,31.17,6034,188079.78,48550482.939999975
2025-08-01 10:02:07 AM,31.19,0,0.0,48550482.939999975
2025-08-01 10:02:09 AM,31.19,5330,166242.7,48716725.63999998
2025-08-01 10:02:32 AM,31.17,0,0.0,48716725.63999998
2025-08-01 10:02:34 AM,31.17,22,685.74,48717411.37999998
2025-08-01 10:02:40 AM,31.2,0,0.0,48717411.37999998
2025-08-01 10:02:41 AM,31.2,1013,31605.6,48749016.97999998
2025-08-01 10:02:47 AM,31.2,2705,84396.0,48833412.97999998
2025-08-01 10:02:54 AM,31.17,0,0.0,48833412.97999998
2025-08-01 10:02:54 AM,31.17,1,31.17,48833444.14999998
2025-08-01 10:03:00 AM,31.17,400,12468.0,48845912.14999998
2025-08-01 10:03:01 AM,31.19,24,748.5600000000001,48846660.709999986
2025-08-01 10:03:14 AM,31.17,0,0.0,48846660.709999986
2025-08-01 10:03:15 AM,31.17,8,249.36,48846910.069999985
2025-08-01 10:03:28 AM,31.19,1,31.19,48846941.25999998
2025-08-01 10:03:32 AM,31.19,2,62.38,48847003.639999986
2025-08-01 10:03:45 AM,31.19,459,14316.210000000001,48861319.84999999
2025-08-01 10:03:51 AM,31.19,109,3399.71,48864719.55999999
2025-08-01 10:04:03 AM,31.19,1,31.19,48864750.749999985
2025-08-01 10:04:09 AM,31.17,501,15616.17,48880366.91999999
2025-08-01 10:04:28 AM,31.19,239,7454.41,48887821.32999998
2025-08-01 10:04:41 AM,31.19,1,31.19,48887852.51999998
2025-08-01 10:04:59 AM,31.2,93,2901.6,48890754.11999998
2025-08-01 10:05:06 AM,31.23,11000,343530.0,49234284.11999998
2025-08-01 10:05:09 AM,31.24,0,0.0,49234284.11999998
2025-08-01 10:05:12 AM,31.24,500,15620.0,49249904.11999998
2025-08-01 10:05:14 AM,31.21,0,0.0,49249904.11999998
2025-08-01 10:05:14 AM,31.21,6,187.26,49250091.37999998
2025-08-01 10:05:18 AM,31.2,4214,131476.8,49381568.17999998
2025-08-01 10:05:19 AM,31.18,0,0.0,49381568.17999998
2025-08-01 10:05:20 AM,31.2,11302,352622.39999999997,49734190.579999976
2025-08-01 10:05:32 AM,31.2,1199,37408.799999999996,49771599.37999997
2025-08-01 10:05:38 AM,31.21,6,187.26,49771786.63999997
2025-08-01 10:05:40 AM,31.2,0,0.0,49771786.63999997
2025-08-01 10:05:42 AM,31.2,2853,89013.59999999999,49860800.23999997
2025-08-01 10:05:48 AM,31.16,4199,130840.84,49991641.079999976
2025-08-01 10:06:03 AM,31.19,200,6238.0,49997879.079999976
2025-08-01 10:06:20 AM,31.19,10,311.90000000000003,49998190.979999974
2025-08-01 10:06:23 AM,31.18,0,0.0,49998190.979999974
2025-08-01 10:06:24 AM,31.18,1000,31180.0,50029370.979999974
2025-08-01 10:06:26 AM,31.18,1000,31180.0,50060550.979999974
2025-08-01 10:06:32 AM,31.14,1698,52875.72,50113426.69999997
2025-08-01 10:06:42 AM,31.14,433,13483.62,50126910.31999997
2025-08-01 10:06:44 AM,31.14,704,21922.56,50148832.87999997
2025-08-01 10:06:48 AM,31.12,4800,149376.0,50298208.87999997
2025-08-01 10:06:51 AM,31.14,0,0.0,50298208.87999997
2025-08-01 10:06:54 AM,31.14,1500,46710.0,50344918.87999997
2025-08-01 10:07:00 AM,31.11,1966,61162.26,50406081.13999997
2025-08-01 10:07:02 AM,31.1,5000,155500.0,50561581.13999997
2025-08-01 10:07:06 AM,31.1,5000,155500.0,50717081.13999997
2025-08-01 10:07:19 AM,31.11,213,6626.43,50723707.56999997
2025-08-01 10:07:25 AM,31.1,2395,74484.5,50798192.06999997
2025-08-01 10:07:30 AM,31.11,0,0.0,50798192.06999997
2025-08-01 10:07:32 AM,31.11,26,808.86,50799000.92999997
2025-08-01 10:07:43 AM,31.13,0,0.0,50799000.92999997
2025-08-01 10:07:44 AM,31.13,11,342.43,50799343.35999997
2025-08-01 10:07:45 AM,31.1,4000,124400.0,50923743.35999997
2025-08-01 10:07:50 AM,31.11,35,1088.85,50924832.20999997
2025-08-01 10:07:53 AM,31.13,0,0.0,50924832.20999997
2025-08-01 10:07:56 AM,31.13,500,15565.0,50940397.20999997
2025-08-01 10:07:58 AM,31.11,0,0.0,50940397.20999997
2025-08-01 10:07:58 AM,31.11,1465,45576.15,50985973.35999997
2025-08-01 10:08:02 AM,31.1,0,0.0,50985973.35999997
2025-08-01 10:08:02 AM,31.1,39716,1235167.6,52221140.95999997
2025-08-01 10:08:04 AM,31.11,0,0.0,52221140.95999997
2025-08-01 10:08:04 AM,31.11,7,217.76999999999998,52221358.729999974
2025-08-01 10:08:08 AM,31.11,1047,32572.17,52253930.899999976
2025-08-01 10:08:12 AM,31.15,0,0.0,52253930.899999976
2025-08-01 10:08:15 AM,31.15,13101,408096.14999999997,52662027.049999975
2025-08-01 10:08:23 AM,31.19,50,1559.5,52663586.549999975
2025-08-01 10:08:27 AM,31.19,2,62.38,52663648.92999998
2025-08-01 10:08:33 AM,31.19,5,155.95000000000002,52663804.87999998
2025-08-01 10:08:45 AM,31.19,1,31.19,52663836.06999998
2025-08-01 10:09:04 AM,31.19,6468,201736.92,52865572.98999998
2025-08-01 10:09:15 AM,31.19,180,5614.2,52871187.18999998
2025-08-01 10:09:20 AM,31.15,0,0.0,52871187.18999998
2025-08-01 10:09:21 AM,31.15,4700,146405.0,53017592.18999998
2025-08-01 10:09:32 AM,31.18,0,0.0,53017592.18999998
2025-08-01 10:09:32 AM,31.15,556,17319.399999999998,53034911.58999998
2025-08-01 10:09:38 AM,31.18,0,0.0,53034911.58999998
2025-08-01 10:09:38 AM,31.18,185,5768.3,53040679.88999998
2025-08-01 10:10:01 AM,31.18,4500,140310.0,53180989.88999998
2025-08-01 10:10:26 AM,31.14,100,3114.0,53184103.88999998
2025-08-01 10:10:32 AM,31.15,1000,31150.0,53215253.88999998
2025-08-01 10:10:38 AM,31.16,15,467.4,53215721.28999998
2025-08-01 10:10:48 AM,31.13,0,0.0,53215721.28999998
2025-08-01 10:10:48 AM,31.13,70,2179.1,53217900.38999998
2025-08-01 10:10:54 AM,31.13,729,22693.77,53240594.15999998
2025-08-01 10:11:07 AM,31.13,724,22538.12,53263132.27999998
2025-08-01 10:11:17 AM,31.17,0,0.0,53263132.27999998
2025-08-01 10:11:18 AM,31.17,25377,791001.0900000001,54054133.36999998
2025-08-01 10:11:23 AM,31.29,0,0.0,54054133.36999998
2025-08-01 10:11:23 AM,31.29,12897,403547.13,54457680.499999985
2025-08-01 10:11:32 AM,31.27,0,0.0,54457680.499999985
2025-08-01 10:11:33 AM,31.26,0,0.0,54457680.499999985
2025-08-01 10:11:35 AM,31.26,8460,264459.60000000003,54722140.09999999
2025-08-01 10:11:36 AM,31.26,1,31.26,54722171.359999985
2025-08-01 10:11:41 AM,31.29,0,0.0,54722171.359999985
2025-08-01 10:11:41 AM,31.29,10000,312900.0,55035071.359999985
2025-08-01 10:11:45 AM,31.3,0,0.0,55035071.359999985
2025-08-01 10:11:47 AM,31.3,25000,782500.0,55817571.359999985
2025-08-01 10:11:50 AM,31.37,0,0.0,55817571.359999985
2025-08-01 10:11:52 AM,31.35,27813,871937.55,56689508.90999998
2025-08-01 10:11:58 AM,31.32,11000,344520.0,57034028.90999998
2025-08-01 10:12:11 AM,31.35,0,0.0,57034028.90999998
2025-08-01 10:12:11 AM,31.35,10,313.5,57034342.40999998
2025-08-01 10:12:17 AM,31.31,0,0.0,57034342.40999998
2025-08-01 10:12:17 AM,31.31,3339,104544.09,57138886.499999985
2025-08-01 10:12:20 AM,31.32,0,0.0,57138886.499999985
2025-08-01 10:12:22 AM,31.32,400,12528.0,57151414.499999985
2025-08-01 10:12:34 AM,31.32,50,1566.0,57152980.499999985
2025-08-01 10:12:38 AM,31.33,0,0.0,57152980.499999985
2025-08-01 10:12:39 AM,31.33,10216,320067.27999999997,57473047.77999999
2025-08-01 10:12:56 AM,31.35,0,0.0,57473047.77999999
2025-08-01 10:12:56 AM,31.35,111,3479.8500000000004,57476527.62999999
2025-08-01 10:12:59 AM,31.34,0,0.0,57476527.62999999
2025-08-01 10:13:02 AM,31.34,740,23191.6,57499719.22999999
2025-08-01 10:13:15 AM,31.32,100,3132.0,57502851.22999999
2025-08-01 10:13:18 AM,31.34,0,0.0,57502851.22999999
2025-08-01 10:13:20 AM,31.34,200,6268.0,57509119.22999999
2025-08-01 10:13:32 AM,31.32,0,0.0,57509119.22999999
2025-08-01 10:13:32 AM,31.32,302,9458.64,57518577.86999999
2025-08-01 10:13:44 AM,31.34,240,7521.6,57526099.46999999
2025-08-01 10:13:59 AM,31.3,0,0.0,57526099.46999999
2025-08-01 10:14:01 AM,31.39,15267,479231.13,58005330.599999994
2025-08-01 10:14:05 AM,31.4,0,0.0,58005330.599999994
2025-08-01 10:14:07 AM,31.4,1600,50240.0,58055570.599999994
2025-08-01 10:14:24 AM,31.36,100,3136.0,58058706.599999994
2025-08-01 10:14:30 AM,31.36,10,313.6,58059020.199999996
2025-08-01 10:14:36 AM,31.36,1448,45409.28,58104429.48
2025-08-01 10:14:47 AM,31.36,550,17248.0,58121677.48
2025-08-01 10:14:59 AM,31.36,211,6616.96,58128294.44
2025-08-01 10:15:05 AM,31.38,0,0.0,58128294.44
2025-08-01 10:15:05 AM,31.38,58,1820.04,58130114.48
2025-08-01 10:15:29 AM,31.36,100,3136.0,58133250.48
2025-08-01 10:15:35 AM,31.36,30,940.8,58134191.279999994
2025-08-01 10:15:46 AM,31.35,0,0.0,58134191.279999994
2025-08-01 10:15:47 AM,31.35,1657,51946.950000000004,58186138.23
2025-08-01 10:15:51 AM,31.39,0,0.0,58186138.23
2025-08-01 10:15:53 AM,31.39,7660,240447.4,58426585.629999995
2025-08-01 10:16:01 AM,31.4,0,0.0,58426585.629999995
2025-08-01 10:16:04 AM,31.39,0,0.0,58426585.629999995
2025-08-01 10:16:04 AM,31.39,1033,32425.87,58459011.49999999
2025-08-01 10:16:08 AM,31.43,0,0.0,58459011.49999999
2025-08-01 10:16:10 AM,31.43,46479,1460834.97,59919846.46999999
2025-08-01 10:16:13 AM,31.45,0,0.0,59919846.46999999
2025-08-01 10:16:16 AM,31.43,404,12697.72,59932544.18999999
2025-08-01 10:16:28 AM,31.42,3000,94260.0,60026804.18999999
2025-08-01 10:16:37 AM,31.43,0,0.0,60026804.18999999
2025-08-01 10:16:39 AM,31.43,818,25709.739999999998,60052513.92999999
2025-08-01 10:16:45 AM,31.43,1100,34573.0,60087086.92999999
2025-08-01 10:16:47 AM,31.39,0,0.0,60087086.92999999
2025-08-01 10:16:50 AM,31.4,0,0.0,60087086.92999999
2025-08-01 10:16:51 AM,31.4,10119,317736.6,60404823.529999994
2025-08-01 10:16:56 AM,31.4,400,12560.0,60417383.529999994
2025-08-01 10:17:01 AM,31.4,30802,967182.7999999999,61384566.32999999
2025-08-01 10:17:07 AM,31.4,299,9388.6,61393954.92999999
2025-08-01 10:17:18 AM,31.43,0,0.0,61393954.92999999
2025-08-01 10:17:19 AM,31.43,5090,159978.7,61553933.629999995
2025-08-01 10:17:22 AM,31.4,0,0.0,61553933.629999995
2025-08-01 10:17:25 AM,31.4,300,9420.0,61563353.629999995
2025-08-01 10:17:37 AM,31.43,0,0.0,61563353.629999995
2025-08-01 10:17:41 AM,31.4,0,0.0,61563353.629999995
2025-08-01 10:17:42 AM,31.4,3171,99569.4,61662923.029999994
2025-08-01 10:17:48 AM,31.4,250,7850.0,61670773.029999994
2025-08-01 10:17:59 AM,31.4,5363,168398.19999999998,61839171.23
2025-08-01 10:18:05 AM,31.42,0,0.0,61839171.23
2025-08-01 10:18:05 AM,31.42,2181,68527.02,61907698.25
2025-08-01 10:18:07 AM,31.4,0,0.0,61907698.25
2025-08-01 10:18:11 AM,31.4,1899,59628.6,61967326.85
2025-08-01 10:18:16 AM,31.43,0,0.0,61967326.85
2025-08-01 10:18:17 AM,31.43,100,3143.0,61970469.85
2025-08-01 10:18:23 AM,31.43,16,502.88,61970972.730000004
2025-08-01 10:18:40 AM,31.41,0,0.0,61970972.730000004
2025-08-01 10:18:40 AM,31.41,1639,51480.99,62022453.720000006
2025-08-01 10:18:52 AM,31.4,500,15700.0,62038153.720000006
2025-08-01 10:18:54 AM,31.39,0,0.0,62038153.720000006
2025-08-01 10:18:57 AM,31.39,18735,588091.65,62626245.370000005
2025-08-01 10:19:06 AM,31.36,0,0.0,62626245.370000005
2025-08-01 10:19:08 AM,31.36,3000,94080.0,62720325.370000005
2025-08-01 10:19:18 AM,31.35,0,0.0,62720325.370000005
2025-08-01 10:19:20 AM,31.35,200,6270.0,62726595.370000005
2025-08-01 10:19:26 AM,31.35,100,3135.0,62729730.370000005
2025-08-01 10:19:32 AM,31.35,1500,47025.0,62776755.370000005
2025-08-01 10:19:48 AM,31.37,0,0.0,62776755.370000005
2025-08-01 10:19:49 AM,31.37,8,250.96,62777006.330000006
2025-08-01 10:20:10 AM,31.37,76,2384.12,62779390.45
2025-08-01 10:20:16 AM,31.35,720,22572.0,62801962.45
2025-08-01 10:20:18 AM,31.35,500,15675.0,62817637.45
2025-08-01 10:20:22 AM,31.36,0,0.0,62817637.45
2025-08-01 10:20:23 AM,31.36,3,94.08,62817731.53
2025-08-01 10:20:28 AM,31.35,0,0.0,62817731.53
2025-08-01 10:20:28 AM,31.35,2973,93203.55,62910935.08
2025-08-01 10:20:34 AM,31.33,27,845.91,62911780.989999995
2025-08-01 10:20:36 AM,31.31,0,0.0,62911780.989999995
2025-08-01 10:20:36 AM,31.31,400,12524.0,62924304.989999995
2025-08-01 10:20:40 AM,31.34,5,156.7,62924461.69
2025-08-01 10:20:54 AM,31.35,1719,53890.65,62978352.339999996
2025-08-01 10:21:11 AM,31.34,0,0.0,62978352.339999996
2025-08-01 10:21:11 AM,31.34,20440,640589.6,63618941.94
2025-08-01 10:21:15 AM,31.34,5240,164221.6,63783163.54
2025-08-01 10:21:54 AM,31.34,750,23505.0,63806668.54
2025-08-01 10:22:31 AM,31.34,14,438.76,63807107.3
2025-08-01 10:22:32 AM,31.35,0,0.0,63807107.3
2025-08-01 10:22:34 AM,31.35,2850,89347.5,63896454.8
2025-08-01 10:22:40 AM,31.34,20,626.8,63897081.599999994
2025-08-01 10:22:42 AM,31.34,54,1692.36,63898773.95999999
2025-08-01 10:22:45 AM,31.35,900,28215.0,63926988.95999999
2025-08-01 10:22:47 AM,31.33,0,0.0,63926988.95999999
2025-08-01 10:22:47 AM,31.33,500,15665.0,63942653.95999999
2025-08-01 10:22:55 AM,31.33,125,3916.25,63946570.20999999
2025-08-01 10:23:12 AM,31.34,0,0.0,63946570.20999999
2025-08-01 10:23:13 AM,31.34,1000,31340.0,63977910.20999999
2025-08-01 10:23:30 AM,31.36,314,9847.039999999999,63987757.24999999
2025-08-01 10:23:33 AM,31.36,20,627.2,63988384.449999996
2025-08-01 10:23:36 AM,31.34,0,0.0,63988384.449999996
2025-08-01 10:23:38 AM,31.34,240,7521.6,63995906.05
2025-08-01 10:23:43 AM,31.36,0,0.0,63995906.05
2025-08-01 10:23:44 AM,31.36,186,5832.96,64001739.01
2025-08-01 10:23:55 AM,31.36,100,3136.0,64004875.01
2025-08-01 10:24:07 AM,31.36,10,313.6,64005188.61
2025-08-01 10:24:23 AM,31.36,10,313.6,64005502.21
2025-08-01 10:24:28 AM,31.36,305,9564.8,64015067.01
2025-08-01 10:24:34 AM,31.34,0,0.0,64015067.01
2025-08-01 10:24:34 AM,31.34,1,31.34,64015098.35
2025-08-01 10:25:13 AM,31.35,205,6426.75,64021525.1
2025-08-01 10:25:19 AM,31.35,100,3135.0,64024660.1
2025-08-01 10:25:27 AM,31.33,9401,294533.32999999996,64319193.43
2025-08-01 10:25:38 AM,31.34,0,0.0,64319193.43
2025-08-01 10:25:38 AM,31.34,188,5891.92,64325085.35
2025-08-01 10:25:41 AM,31.35,0,0.0,64325085.35
2025-08-01 10:25:41 AM,31.35,1900,59565.0,64384650.35
2025-08-01 10:25:47 AM,31.34,0,0.0,64384650.35
2025-08-01 10:25:47 AM,31.34,47,1472.98,64386123.33
2025-08-01 10:26:14 AM,31.35,0,0.0,64386123.33
2025-08-01 10:26:14 AM,31.35,4443,139288.05000000002,64525411.379999995
2025-08-01 10:26:15 AM,31.34,0,0.0,64525411.379999995
2025-08-01 10:26:17 AM,31.34,1000,31340.0,64556751.379999995
2025-08-01 10:26:24 AM,31.31,0,0.0,64556751.379999995
2025-08-01 10:26:26 AM,31.31,58752,1839525.1199999999,66396276.49999999
2025-08-01 10:26:27 AM,31.28,0,0.0,66396276.49999999
2025-08-01 10:26:28 AM,31.28,100,3128.0,66399404.49999999
2025-08-01 10:26:37 AM,31.3,0,0.0,66399404.49999999
2025-08-01 10:26:37 AM,31.3,1,31.3,66399435.79999999
2025-08-01 10:26:43 AM,31.3,1900,59470.0,66458905.79999999
2025-08-01 10:26:57 AM,31.29,0,0.0,66458905.79999999
2025-08-01 10:26:57 AM,31.29,31288,979001.52,67437907.32
2025-08-01 10:27:09 AM,31.25,0,0.0,67437907.32
2025-08-01 10:27:09 AM,31.25,5000,156250.0,67594157.32
2025-08-01 10:27:12 AM,31.3,900,28170.0,67622327.32
2025-08-01 10:27:39 AM,31.3,1000,31300.0,67653627.32
2025-08-01 10:27:48 AM,31.29,0,0.0,67653627.32
2025-08-01 10:27:50 AM,31.29,500,15645.0,67669272.32
2025-08-01 10:28:02 AM,31.3,0,0.0,67669272.32
2025-08-01 10:28:04 AM,31.3,8,250.4,67669522.72
2025-08-01 10:28:10 AM,31.29,0,0.0,67669522.72
2025-08-01 10:28:11 AM,31.27,0,0.0,67669522.72
2025-08-01 10:28:12 AM,31.27,3050,95373.5,67764896.22
2025-08-01 10:28:25 AM,31.27,100,3127.0,67768023.22
2025-08-01 10:28:28 AM,31.3,5000,156500.0,67924523.22
2025-08-01 10:28:39 AM,31.27,0,0.0,67924523.22
2025-08-01 10:28:39 AM,31.27,1000,31270.0,67955793.22
2025-08-01 10:28:45 AM,31.3,0,0.0,67955793.22
2025-08-01 10:28:45 AM,31.3,1501,46981.3,68002774.52
2025-08-01 10:28:51 AM,31.27,145,4534.15,68007308.67
2025-08-01 10:28:59 AM,31.3,15000,469500.0,68476808.67
2025-08-01 10:29:02 AM,31.3,2,62.6,68476871.27
2025-08-01 10:29:04 AM,31.26,0,0.0,68476871.27
2025-08-01 10:29:04 AM,31.26,1152,36011.520000000004,68512882.78999999
2025-08-01 10:29:13 AM,31.28,5,156.4,68513039.19
2025-08-01 10:29:24 AM,31.28,15,469.20000000000005,68513508.39
2025-08-01 10:29:36 AM,31.26,0,0.0,68513508.39
2025-08-01 10:29:37 AM,31.26,100,3126.0,68516634.39
2025-08-01 10:29:46 AM,31.28,0,0.0,68516634.39
2025-08-01 10:29:46 AM,31.28,42,1313.76,68517948.15
2025-08-01 10:30:31 AM,31.29,4000,125160.0,68643108.15
2025-08-01 10:30:44 AM,31.28,0,0.0,68643108.15
2025-08-01 10:30:46 AM,31.29,0,0.0,68643108.15
2025-08-01 10:30:46 AM,31.29,60,1877.3999999999999,68644985.55000001
2025-08-01 10:30:48 AM,31.29,50,1564.5,68646550.05000001
2025-08-01 10:30:59 AM,31.28,1992,62309.76,68708859.81000002
2025-08-01 10:31:41 AM,31.29,0,0.0,68708859.81000002
2025-08-01 10:31:42 AM,31.29,12,375.48,68709235.29000002
2025-08-01 10:31:58 AM,31.29,700,21903.0,68731138.29000002
2025-08-01 10:32:07 AM,31.29,200,6258.0,68737396.29000002
2025-08-01 10:32:33 AM,31.29,1000,31290.0,68768686.29000002
2025-08-01 10:33:23 AM,31.3,0,0.0,68768686.29000002
2025-08-01 10:33:24 AM,31.3,540,16902.0,68785588.29000002
2025-08-01 10:33:33 AM,31.3,600,18780.0,68804368.29000002
2025-08-01 10:33:34 AM,31.31,0,0.0,68804368.29000002
2025-08-01 10:33:35 AM,31.31,6000,187860.0,68992228.29000002
2025-08-01 10:33:40 AM,31.29,0,0.0,68992228.29000002
2025-08-01 10:33:41 AM,31.29,127,3973.83,68996202.12000002
2025-08-01 10:34:03 AM,31.26,10000,312600.0,69308802.12000002
2025-08-01 10:34:07 AM,31.29,91,2847.39,69311649.51000002
2025-08-01 10:34:15 AM,31.26,0,0.0,69311649.51000002
2025-08-01 10:34:15 AM,31.26,500,15630.0,69327279.51000002
2025-08-01 10:34:25 AM,31.29,0,0.0,69327279.51000002
2025-08-01 10:34:26 AM,31.29,1000,31290.0,69358569.51000002
2025-08-01 10:34:31 AM,31.29,100,3129.0,69361698.51000002
2025-08-01 10:34:43 AM,31.29,50,1564.5,69363263.01000002
2025-08-01 10:34:46 AM,31.3,3525,110332.5,69473595.51000002
2025-08-01 10:34:49 AM,31.35,10000,313500.0,69787095.51000002
2025-08-01 10:35:12 AM,31.31,0,0.0,69787095.51000002
2025-08-01 10:35:12 AM,31.31,289,9048.59,69796144.10000002
2025-08-01 10:35:32 AM,31.37,10000,313700.0,70109844.10000002
2025-08-01 10:35:42 AM,31.36,0,0.0,70109844.10000002
2025-08-01 10:35:43 AM,31.36,60,1881.6,70111725.70000002
2025-08-01 10:35:55 AM,31.39,0,0.0,70111725.70000002
2025-08-01 10:35:57 AM,31.39,10000,313900.0,70425625.70000002
2025-08-01 10:36:01 AM,31.34,0,0.0,70425625.70000002
2025-08-01 10:36:02 AM,31.34,500,15670.0,70441295.70000002
2025-08-01 10:36:04 AM,31.37,0,0.0,70441295.70000002
2025-08-01 10:36:05 AM,31.37,320,10038.4,70451334.10000002
2025-08-01 10:36:16 AM,31.4,0,0.0,70451334.10000002
2025-08-01 10:36:17 AM,31.4,10000,314000.0,70765334.10000002
2025-08-01 10:36:31 AM,31.38,0,0.0,70765334.10000002
2025-08-01 10:36:33 AM,31.38,100,3138.0,70768472.10000002
2025-08-01 10:36:44 AM,31.38,103,3232.14,70771704.24000002
2025-08-01 10:36:57 AM,31.38,150,4707.0,70776411.24000002
2025-08-01 10:37:01 AM,31.38,350,10983.0,70787394.24000002
2025-08-01 10:37:05 AM,31.36,0,0.0,70787394.24000002
2025-08-01 10:37:06 AM,31.36,200,6272.0,70793666.24000002
2025-08-01 10:37:09 AM,31.39,0,0.0,70793666.24000002
2025-08-01 10:37:12 AM,31.39,150,4708.5,70798374.74000002
2025-08-01 10:37:17 AM,31.36,1000,31360.0,70829734.74000002
2025-08-01 10:37:55 AM,31.35,0,0.0,70829734.74000002
2025-08-01 10:37:56 AM,31.35,5373,168443.55000000002,70998178.29000002
2025-08-01 10:37:58 AM,31.36,0,0.0,70998178.29000002
2025-08-01 10:37:59 AM,31.36,110,3449.6,71001627.89000002
2025-08-01 10:38:27 AM,31.36,220,6899.2,71008527.09000002
2025-08-01 10:38:44 AM,31.35,0,0.0,71008527.09000002
2025-08-01 10:38:44 AM,31.35,310,9718.5,71018245.59000002
2025-08-01 10:38:52 AM,31.36,0,0.0,71018245.59000002
2025-08-01 10:38:53 AM,31.36,3000,94080.0,71112325.59000002
2025-08-01 10:39:15 AM,31.36,22,689.92,71113015.51000002
2025-08-01 10:39:18 AM,31.36,550,17248.0,71130263.51000002
2025-08-01 10:39:36 AM,31.39,0,0.0,71130263.51000002
2025-08-01 10:39:37 AM,31.39,8000,251120.0,71381383.51000002
2025-08-01 10:39:59 AM,31.38,4,125.52,71381509.03000002
2025-08-01 10:40:10 AM,31.38,150,4707.0,71386216.03000002
2025-08-01 10:40:16 AM,31.35,1857,58216.950000000004,71444432.98000002
2025-08-01 10:40:30 AM,31.35,540,16929.0,71461361.98000002
2025-08-01 10:40:38 AM,31.35,800,25080.0,71486441.98000002
2025-08-01 10:40:52 AM,31.35,101,3166.3500000000004,71489608.33000001
2025-08-01 10:41:03 AM,31.35,95,2978.25,71492586.58000001
2025-08-01 10:41:53 AM,31.35,1900,59565.0,71552151.58000001
2025-08-01 10:42:15 AM,31.34,0,0.0,71552151.58000001
2025-08-01 10:42:16 AM,31.34,200,6268.0,71558419.58000001
2025-08-01 10:42:21 AM,31.35,0,0.0,71558419.58000001
2025-08-01 10:42:21 AM,31.35,1000,31350.0,71589769.58000001
2025-08-01 10:42:23 AM,31.34,0,0.0,71589769.58000001
2025-08-01 10:42:23 AM,31.34,138,4324.92,71594094.50000001
2025-08-01 10:42:25 AM,31.35,0,0.0,71594094.50000001
2025-08-01 10:42:27 AM,31.35,731,22916.850000000002,71617011.35000001
2025-08-01 10:42:44 AM,31.37,0,0.0,71617011.35000001
2025-08-01 10:42:46 AM,31.37,5000,156850.0,71773861.35000001
2025-08-01 10:43:00 AM,31.37,4,125.48,71773986.83000001
2025-08-01 10:43:02 AM,31.35,0,0.0,71773986.83000001
2025-08-01 10:43:02 AM,31.35,1000,31350.0,71805336.83000001
2025-08-01 10:43:36 AM,31.38,0,0.0,71805336.83000001
2025-08-01 10:43:38 AM,31.38,10000,313800.0,72119136.83000001
2025-08-01 10:44:03 AM,31.37,8,250.96,72119387.79
2025-08-01 10:44:47 AM,31.34,10057,315186.38,72434574.17
2025-08-01 10:45:01 AM,31.37,0,0.0,72434574.17
2025-08-01 10:45:03 AM,31.37,5000,156850.0,72591424.17
2025-08-01 10:45:12 AM,31.37,593,18602.41,72610026.58
2025-08-01 10:45:25 AM,31.37,150,4705.5,72614732.08
2025-08-01 10:45:32 AM,31.35,0,0.0,72614732.08
2025-08-01 10:45:33 AM,31.35,1000,31350.0,72646082.08
2025-08-01 10:45:40 AM,31.32,0,0.0,72646082.08
2025-08-01 10:45:41 AM,31.32,9754,305495.28,72951577.36
2025-08-01 10:45:44 AM,31.33,0,0.0,72951577.36
2025-08-01 10:45:44 AM,31.33,3000,93990.0,73045567.36
2025-08-01 10:45:45 AM,31.34,0,0.0,73045567.36
2025-08-01 10:45:47 AM,31.34,15,470.1,73046037.46
2025-08-01 10:45:52 AM,31.34,1000,31340.0,73077377.46
2025-08-01 10:45:58 AM,31.34,1374,43061.159999999996,73120438.61999999
2025-08-01 10:46:05 AM,31.34,5,156.7,73120595.32
2025-08-01 10:46:06 AM,31.37,0,0.0,73120595.32
2025-08-01 10:46:09 AM,31.37,500,15685.0,73136280.32
2025-08-01 10:46:14 AM,31.38,0,0.0,73136280.32
2025-08-01 10:46:15 AM,31.38,3621,113626.98,73249907.3
2025-08-01 10:46:21 AM,31.34,0,0.0,73249907.3
2025-08-01 10:46:21 AM,31.34,102,3196.68,73253103.98
2025-08-01 10:46:37 AM,31.37,0,0.0,73253103.98
2025-08-01 10:46:38 AM,31.37,1017,31903.29,73285007.27000001
2025-08-01 10:46:43 AM,31.34,0,0.0,73285007.27000001
2025-08-01 10:46:43 AM,31.34,45,1410.3,73286417.57000001
2025-08-01 10:46:49 AM,31.32,5100,159732.0,73446149.57000001
2025-08-01 10:47:09 AM,31.35,0,0.0,73446149.57000001
2025-08-01 10:47:10 AM,31.35,15,470.25,73446619.82000001
2025-08-01 10:47:12 AM,31.38,11000,345180.0,73791799.82000001
2025-08-01 10:47:16 AM,31.38,638,20020.44,73811820.26
2025-08-01 10:47:32 AM,31.34,0,0.0,73811820.26
2025-08-01 10:47:32 AM,31.34,125,3917.5,73815737.76
2025-08-01 10:47:38 AM,31.37,0,0.0,73815737.76
2025-08-01 10:47:39 AM,31.37,1000,31370.0,73847107.76
2025-08-01 10:47:46 AM,31.34,0,0.0,73847107.76
2025-08-01 10:47:48 AM,31.34,9,282.06,73847389.82000001
2025-08-01 10:47:49 AM,31.37,0,0.0,73847389.82000001
2025-08-01 10:47:50 AM,31.37,7,219.59,73847609.41000001
2025-08-01 10:48:12 AM,31.37,88,2760.56,73850369.97000001
2025-08-01 10:48:15 AM,31.35,27,846.45,73851216.42000002
2025-08-01 10:48:20 AM,31.35,56,1755.6000000000001,73852972.02000001
2025-08-01 10:48:21 AM,31.39,0,0.0,73852972.02000001
2025-08-01 10:48:22 AM,31.39,10000,313900.0,74166872.02000001
2025-08-01 10:48:40 AM,31.35,0,0.0,74166872.02000001
2025-08-01 10:48:41 AM,31.33,0,0.0,74166872.02000001
2025-08-01 10:48:42 AM,31.33,9100,285103.0,74451975.02000001
2025-08-01 10:48:43 AM,31.36,0,0.0,74451975.02000001
2025-08-01 10:48:44 AM,31.39,10001,313931.39,74765906.41000001
2025-08-01 10:49:13 AM,31.41,0,0.0,74765906.41000001
2025-08-01 10:49:15 AM,31.41,14611,458931.51,75224837.92000002
2025-08-01 10:49:20 AM,31.43,0,0.0,75224837.92000002
2025-08-01 10:49:20 AM,31.41,1300,40833.0,75265670.92000002
2025-08-01 10:49:28 AM,31.43,0,0.0,75265670.92000002
2025-08-01 10:49:30 AM,31.41,0,0.0,75265670.92000002
2025-08-01 10:49:31 AM,31.43,2610,82032.3,75347703.22000001
2025-08-01 10:49:47 AM,31.41,0,0.0,75347703.22000001
2025-08-01 10:49:47 AM,31.41,507,15924.87,75363628.09000002
2025-08-01 10:49:48 AM,31.42,10256,322243.52,75685871.61000001
2025-08-01 10:49:51 AM,31.44,0,0.0,75685871.61000001
2025-08-01 10:49:52 AM,31.44,244,7671.360000000001,75693542.97000001
2025-08-01 10:50:04 AM,31.45,0,0.0,75693542.97000001
2025-08-01 10:50:04 AM,31.45,2000,62900.0,75756442.97000001
2025-08-01 10:50:28 AM,31.44,0,0.0,75756442.97000001
2025-08-01 10:50:31 AM,31.44,500,15720.0,75772162.97000001
2025-08-01 10:50:42 AM,31.44,50,1572.0,75773734.97000001
2025-08-01 10:50:46 AM,31.43,0,0.0,75773734.97000001
2025-08-01 10:50:48 AM,31.43,130,4085.9,75777820.87000002
2025-08-01 10:50:50 AM,31.42,0,0.0,75777820.87000002
2025-08-01 10:50:51 AM,31.41,0,0.0,75777820.87000002
2025-08-01 10:50:54 AM,31.41,2660,83550.6,75861371.47000001
2025-08-01 10:51:00 AM,31.41,5,157.05,75861528.52000001
2025-08-01 10:51:05 AM,31.39,3048,95676.72,75957205.24000001
2025-08-01 10:51:26 AM,31.36,0,0.0,75957205.24000001
2025-08-01 10:51:27 AM,31.36,37,1160.32,75958365.56
2025-08-01 10:51:33 AM,31.36,5500,172480.0,76130845.56
2025-08-01 10:51:42 AM,31.37,0,0.0,76130845.56
2025-08-01 10:51:44 AM,31.37,300,9411.0,76140256.56
2025-08-01 10:52:11 AM,31.42,3885,122066.70000000001,76262323.26
2025-08-01 10:52:20 AM,31.45,0,0.0,76262323.26
2025-08-01 10:52:22 AM,31.45,8618,271036.1,76533359.36
2025-08-01 10:52:28 AM,31.46,0,0.0,76533359.36
2025-08-01 10:52:28 AM,31.46,21376,672488.96,77205848.32
2025-08-01 10:52:32 AM,31.46,500,15730.0,77221578.32
2025-08-01 10:52:38 AM,31.46,6188,194674.48,77416252.8
2025-08-01 10:52:40 AM,31.47,0,0.0,77416252.8
2025-08-01 10:52:42 AM,31.46,0,0.0,77416252.8
2025-08-01 10:52:43 AM,31.5,21784,686196.0,78102448.8
2025-08-01 10:52:44 AM,31.49,0,0.0,78102448.8
2025-08-01 10:52:44 AM,31.49,5329,167810.21,78270259.00999999
2025-08-01 10:52:52 AM,31.46,0,0.0,78270259.00999999
2025-08-01 10:52:54 AM,31.46,2300,72358.0,78342617.00999999
2025-08-01 10:53:06 AM,31.5,0,0.0,78342617.00999999
2025-08-01 10:53:08 AM,31.46,0,0.0,78342617.00999999
2025-08-01 10:53:09 AM,31.46,11300,355498.0,78698115.00999999
2025-08-01 10:53:16 AM,31.5,100,3150.0,78701265.00999999
2025-08-01 10:53:24 AM,31.47,0,0.0,78701265.00999999
2025-08-01 10:53:26 AM,31.47,100,3147.0,78704412.00999999
2025-08-01 10:53:28 AM,31.44,0,0.0,78704412.00999999
2025-08-01 10:53:31 AM,31.44,1749,54988.560000000005,78759400.57
2025-08-01 10:53:32 AM,31.47,0,0.0,78759400.57
2025-08-01 10:53:36 AM,31.47,300,9441.0,78768841.57
2025-08-01 10:53:50 AM,31.46,0,0.0,78768841.57
2025-08-01 10:53:52 AM,31.46,415,13055.9,78781897.47
2025-08-01 10:53:56 AM,31.44,0,0.0,78781897.47
2025-08-01 10:53:57 AM,31.45,16288,512257.6,79294155.07
2025-08-01 10:54:00 AM,31.48,0,0.0,79294155.07
2025-08-01 10:54:02 AM,31.48,10001,314831.48,79608986.55
2025-08-01 10:54:06 AM,31.46,0,0.0,79608986.55
2025-08-01 10:54:08 AM,31.46,1000,31460.0,79640446.55
2025-08-01 10:54:16 AM,31.45,0,0.0,79640446.55
2025-08-01 10:54:19 AM,31.45,100,3145.0,79643591.55
2025-08-01 10:54:22 AM,31.42,0,0.0,79643591.55
2025-08-01 10:54:24 AM,31.42,1,31.42,79643622.97
2025-08-01 10:54:28 AM,31.41,0,0.0,79643622.97
2025-08-01 10:54:30 AM,31.41,1147,36027.27,79679650.24
2025-08-01 10:54:32 AM,31.4,0,0.0,79679650.24
2025-08-01 10:54:34 AM,31.41,0,0.0,79679650.24
2025-08-01 10:54:35 AM,31.41,1760,55281.6,79734931.83999999
2025-08-01 10:55:20 AM,31.42,0,0.0,79734931.83999999
2025-08-01 10:55:22 AM,31.42,295,9268.9,79744200.74
2025-08-01 10:55:24 AM,31.39,0,0.0,79744200.74
2025-08-01 10:55:28 AM,31.39,1000,31390.0,79775590.74
2025-08-01 10:55:52 AM,31.38,0,0.0,79775590.74
2025-08-01 10:55:55 AM,31.38,300,9414.0,79785004.74
2025-08-01 10:56:11 AM,31.38,499,15658.619999999999,79800663.36
2025-08-01 10:56:14 AM,31.41,0,0.0,79800663.36
2025-08-01 10:56:16 AM,31.41,200,6282.0,79806945.36
2025-08-01 10:56:22 AM,31.39,1,31.39,79806976.75
2025-08-01 10:56:26 AM,31.43,0,0.0,79806976.75
2025-08-01 10:56:26 AM,31.43,10000,314300.0,80121276.75
2025-08-01 10:56:32 AM,31.44,0,0.0,80121276.75
2025-08-01 10:56:32 AM,31.44,2000,62880.0,80184156.75
2025-08-01 10:56:44 AM,31.39,1000,31390.0,80215546.75
2025-08-01 10:56:46 AM,31.45,0,0.0,80215546.75
2025-08-01 10:56:48 AM,31.43,0,0.0,80215546.75
2025-08-01 10:56:48 AM,31.43,4011,126065.73,80341612.48
2025-08-01 10:56:49 AM,31.43,100,3143.0,80344755.48
2025-08-01 10:56:53 AM,31.43,140,4400.2,80349155.68
2025-08-01 10:57:02 AM,31.46,0,0.0,80349155.68
2025-08-01 10:57:04 AM,31.46,4684,147358.64,80496514.32000001
2025-08-01 10:57:10 AM,31.49,4000,125960.0,80622474.32000001
2025-08-01 10:57:19 AM,31.49,200,6298.0,80628772.32000001
2025-08-01 10:57:24 AM,31.48,0,0.0,80628772.32000001
2025-08-01 10:57:24 AM,31.48,5176,162940.48,80791712.80000001
2025-08-01 10:57:34 AM,31.45,0,0.0,80791712.80000001
2025-08-01 10:57:35 AM,31.45,5,157.25,80791870.05000001
2025-08-01 10:57:54 AM,31.48,0,0.0,80791870.05000001
2025-08-01 10:57:56 AM,31.48,7000,220360.0,81012230.05000001
2025-08-01 10:58:02 AM,31.45,30,943.5,81013173.55000001
2025-08-01 10:58:04 AM,31.42,0,0.0,81013173.55000001
2025-08-01 10:58:06 AM,31.45,0,0.0,81013173.55000001
2025-08-01 10:58:07 AM,31.45,23979,754139.5499999999,81767313.10000001
2025-08-01 10:58:18 AM,31.45,100,3145.0,81770458.10000001
2025-08-01 10:58:23 AM,31.45,2000,62900.0,81833358.10000001
2025-08-01 10:58:34 AM,31.45,100,3145.0,81836503.10000001
2025-08-01 10:58:40 AM,31.45,200,6290.0,81842793.10000001
2025-08-01 10:58:42 AM,31.44,0,0.0,81842793.10000001
2025-08-01 10:58:45 AM,31.44,500,15720.0,81858513.10000001
2025-08-01 10:58:48 AM,31.46,0,0.0,81858513.10000001
2025-08-01 10:58:51 AM,31.46,1920,60403.200000000004,81918916.30000001
2025-08-01 10:58:56 AM,31.44,0,0.0,81918916.30000001
2025-08-01 10:58:56 AM,31.44,3,94.32000000000001,81919010.62
2025-08-01 10:59:00 AM,31.41,0,0.0,81919010.62
2025-08-01 10:59:01 AM,31.41,2500,78525.0,81997535.62
2025-08-01 10:59:10 AM,31.44,0,0.0,81997535.62
2025-08-01 10:59:11 AM,31.44,1502,47222.880000000005,82044758.5
2025-08-01 10:59:16 AM,31.45,0,0.0,82044758.5
2025-08-01 10:59:16 AM,31.45,100,3145.0,82047903.5
2025-08-01 10:59:42 AM,31.45,200,6290.0,82054193.5
2025-08-01 10:59:53 AM,31.45,200,6290.0,82060483.5
2025-08-01 11:00:00 AM,31.42,0,0.0,82060483.5
2025-08-01 11:00:04 AM,31.42,1683,52879.86,82113363.36
2025-08-01 11:00:07 AM,31.44,0,0.0,82113363.36
2025-08-01 11:00:11 AM,31.44,13249,416548.56,82529911.92
2025-08-01 11:00:16 AM,31.47,2727,85818.69,82615730.61
2025-08-01 11:00:19 AM,31.48,0,0.0,82615730.61
2025-08-01 11:00:21 AM,31.5,0,0.0,82615730.61
2025-08-01 11:00:22 AM,31.5,3033,95539.5,82711270.11
2025-08-01 11:00:23 AM,31.47,0,0.0,82711270.11
2025-08-01 11:00:28 AM,31.47,2,62.94,82711333.05
2025-08-01 11:00:43 AM,31.48,0,0.0,82711333.05
2025-08-01 11:00:43 AM,31.48,720,22665.6,82733998.64999999
2025-08-01 11:00:51 AM,31.46,0,0.0,82733998.64999999
2025-08-01 11:00:54 AM,31.46,610,19190.600000000002,82753189.24999999
2025-08-01 11:01:03 AM,31.45,0,0.0,82753189.24999999
2025-08-01 11:01:04 AM,31.45,250,7862.5,82761051.74999999
2025-08-01 11:01:09 AM,31.46,0,0.0,82761051.74999999
2025-08-01 11:01:10 AM,31.46,2706,85130.76000000001,82846182.50999999
2025-08-01 11:01:15 AM,31.45,0,0.0,82846182.50999999
2025-08-01 11:01:15 AM,31.45,1286,40444.7,82886627.21
2025-08-01 11:01:36 AM,31.48,639,20115.72,82906742.92999999
2025-08-01 11:02:03 AM,31.48,150,4722.0,82911464.92999999
2025-08-01 11:02:07 AM,31.48,298,9381.04,82920845.97
2025-08-01 11:02:08 AM,31.47,1000,31470.0,82952315.97
2025-08-01 11:02:13 AM,31.49,0,0.0,82952315.97
2025-08-01 11:02:13 AM,31.49,1,31.49,82952347.46
2025-08-01 11:02:17 AM,31.52,0,0.0,82952347.46
2025-08-01 11:02:18 AM,31.52,25020,788630.4,83740977.86
2025-08-01 11:02:23 AM,31.52,1184,37319.68,83778297.54
2025-08-01 11:02:35 AM,31.51,0,0.0,83778297.54
2025-08-01 11:02:35 AM,31.52,0,0.0,83778297.54
2025-08-01 11:02:35 AM,31.52,2256,71109.12,83849406.66000001
2025-08-01 11:02:41 AM,31.53,300,9459.0,83858865.66000001
2025-08-01 11:02:49 AM,31.54,0,0.0,83858865.66000001
2025-08-01 11:02:51 AM,31.54,2000,63080.0,83921945.66000001
2025-08-01 11:02:55 AM,31.53,0,0.0,83921945.66000001
2025-08-01 11:02:56 AM,31.53,10,315.3,83922260.96000001
2025-08-01 11:03:01 AM,31.54,0,0.0,83922260.96000001
2025-08-01 11:03:01 AM,31.54,2500,78850.0,84001110.96000001
2025-08-01 11:03:06 AM,31.53,1850,58330.5,84059441.46000001
2025-08-01 11:03:08 AM,31.53,5000,157650.0,84217091.46000001
2025-08-01 11:03:11 AM,31.53,3300,104049.0,84321140.46000001
2025-08-01 11:03:15 AM,31.51,0,0.0,84321140.46000001
2025-08-01 11:03:16 AM,31.51,300,9453.0,84330593.46000001
2025-08-01 11:03:23 AM,31.51,100,3151.0,84333744.46000001
2025-08-01 11:03:29 AM,31.49,11932,375738.68,84709483.14000002
2025-08-01 11:03:43 AM,31.48,0,0.0,84709483.14000002
2025-08-01 11:03:45 AM,31.5,0,0.0,84709483.14000002
2025-08-01 11:03:45 AM,31.5,10003,315094.5,85024577.64000002
2025-08-01 11:03:48 AM,31.5,15,472.5,85025050.14000002
2025-08-01 11:04:03 AM,31.47,0,0.0,85025050.14000002
2025-08-01 11:04:04 AM,31.47,766,24106.02,85049156.16000001
2025-08-01 11:04:07 AM,31.5,0,0.0,85049156.16000001
2025-08-01 11:04:09 AM,31.5,250,7875.0,85057031.16000001
2025-08-01 11:04:22 AM,31.5,739,23278.5,85080309.66000001
2025-08-01 11:04:50 AM,31.49,2,62.98,85080372.64000002
2025-08-01 11:04:59 AM,31.46,0,0.0,85080372.64000002
2025-08-01 11:05:01 AM,31.46,3500,110110.0,85190482.64000002
2025-08-01 11:05:19 AM,31.46,250,7865.0,85198347.64000002
2025-08-01 11:05:27 AM,31.49,0,0.0,85198347.64000002
2025-08-01 11:05:28 AM,31.49,100,3149.0,85201496.64000002
2025-08-01 11:05:34 AM,31.5,0,0.0,85201496.64000002
2025-08-01 11:05:35 AM,31.5,5040,158760.0,85360256.64000002
2025-08-01 11:05:36 AM,31.49,0,0.0,85360256.64000002
2025-08-01 11:05:39 AM,31.49,1,31.49,85360288.13000001
2025-08-01 11:05:50 AM,31.49,250,7872.5,85368160.63000001
2025-08-01 11:05:51 AM,31.49,74,2330.2599999999998,85370490.89000002
2025-08-01 11:05:58 AM,31.5,0,0.0,85370490.89000002
2025-08-01 11:06:00 AM,31.5,400,12600.0,85383090.89000002
2025-08-01 11:06:04 AM,31.48,0,0.0,85383090.89000002
2025-08-01 11:06:06 AM,31.48,3502,110242.96,85493333.85000001
2025-08-01 11:06:28 AM,31.5,0,0.0,85493333.85000001
2025-08-01 11:06:28 AM,31.5,1,31.5,85493365.35000001
2025-08-01 11:06:34 AM,31.48,0,0.0,85493365.35000001
2025-08-01 11:06:35 AM,31.52,9241,291276.32,85784641.67
2025-08-01 11:06:49 AM,31.5,0,0.0,85784641.67
2025-08-01 11:06:49 AM,31.5,1,31.5,85784673.17
2025-08-01 11:06:53 AM,31.48,0,0.0,85784673.17
2025-08-01 11:06:53 AM,31.48,1061,33400.28,85818073.45
2025-08-01 11:07:01 AM,31.5,0,0.0,85818073.45
2025-08-01 11:07:04 AM,31.5,500,15750.0,85833823.45
2025-08-01 11:07:14 AM,31.51,905,28516.550000000003,85862340.0
2025-08-01 11:07:31 AM,31.5,0,0.0,85862340.0
2025-08-01 11:07:32 AM,31.5,3,94.5,85862434.5
2025-08-01 11:07:33 AM,31.52,0,0.0,85862434.5
2025-08-01 11:07:36 AM,31.52,2050,64616.0,85927050.5
2025-08-01 11:07:45 AM,31.47,0,0.0,85927050.5
2025-08-01 11:07:47 AM,31.47,3515,110617.05,86037667.55
2025-08-01 11:08:13 AM,31.46,0,0.0,86037667.55
2025-08-01 11:08:14 AM,31.46,1000,31460.0,86069127.55
2025-08-01 11:08:15 AM,31.49,0,0.0,86069127.55
2025-08-01 11:08:15 AM,31.49,1000,31490.0,86100617.55
2025-08-01 11:08:29 AM,31.5,0,0.0,86100617.55
2025-08-01 11:08:29 AM,31.5,1000,31500.0,86132117.55
2025-08-01 11:08:34 AM,31.47,25,786.75,86132904.3
2025-08-01 11:08:44 AM,31.5,635,20002.5,86152906.8
2025-08-01 11:08:50 AM,31.5,35,1102.5,86154009.3
2025-08-01 11:08:58 AM,31.5,16501,519781.5,86673790.8
2025-08-01 11:09:04 AM,31.5,1000,31500.0,86705290.8
2025-08-01 11:09:16 AM,31.5,2000,63000.0,86768290.8
2025-08-01 11:09:21 AM,31.5,1001,31531.5,86799822.3
2025-08-01 11:09:31 AM,31.48,0,0.0,86799822.3
2025-08-01 11:09:32 AM,31.48,100,3148.0,86802970.3
2025-08-01 11:09:34 AM,31.5,0,0.0,86802970.3
2025-08-01 11:09:35 AM,31.5,1000,31500.0,86834470.3
2025-08-01 11:09:42 AM,31.53,0,0.0,86834470.3
2025-08-01 11:09:42 AM,31.51,4132,130199.32,86964669.61999999
2025-08-01 11:09:46 AM,31.51,6000,189060.0,87153729.61999999
2025-08-01 11:09:51 AM,31.51,2500,78775.0,87232504.61999999
2025-08-01 11:09:53 AM,31.51,500,15755.0,87248259.61999999
2025-08-01 11:10:01 AM,31.53,400,12612.0,87260871.61999999
2025-08-01 11:10:07 AM,31.52,500,15760.0,87276631.61999999
2025-08-01 11:10:10 AM,31.5,0,0.0,87276631.61999999
2025-08-01 11:10:12 AM,31.48,0,0.0,87276631.61999999
2025-08-01 11:10:12 AM,31.48,6464,203486.72,87480118.33999999
2025-08-01 11:10:16 AM,31.5,0,0.0,87480118.33999999
2025-08-01 11:10:18 AM,31.48,600,18888.0,87499006.33999999
2025-08-01 11:10:22 AM,31.5,0,0.0,87499006.33999999
2025-08-01 11:10:23 AM,31.5,1240,39060.0,87538066.33999999
2025-08-01 11:10:28 AM,31.5,300,9450.0,87547516.33999999
2025-08-01 11:10:34 AM,31.5,200,6300.0,87553816.33999999
2025-08-01 11:10:39 AM,31.5,5,157.5,87553973.83999999
2025-08-01 11:11:05 AM,31.49,0,0.0,87553973.83999999
2025-08-01 11:11:07 AM,31.47,110,3461.7,87557435.53999999
2025-08-01 11:11:28 AM,31.5,0,0.0,87557435.53999999
2025-08-01 11:11:29 AM,31.5,6154,193851.0,87751286.53999999
2025-08-01 11:11:30 AM,31.51,1,31.51,87751318.05
2025-08-01 11:11:32 AM,31.55,0,0.0,87751318.05
2025-08-01 11:11:34 AM,31.55,19439,613300.4500000001,88364618.5
2025-08-01 11:11:38 AM,31.56,0,0.0,88364618.5
2025-08-01 11:11:40 AM,31.58,647,20432.26,88385050.76
2025-08-01 11:11:45 AM,31.56,1144,36104.64,88421155.4
2025-08-01 11:11:48 AM,31.58,0,0.0,88421155.4
2025-08-01 11:11:50 AM,31.56,0,0.0,88421155.4
2025-08-01 11:11:50 AM,31.56,1554,49044.24,88470199.64
2025-08-01 11:11:55 AM,31.56,608,19188.48,88489388.12
2025-08-01 11:12:00 AM,31.58,0,0.0,88489388.12
2025-08-01 11:12:01 AM,31.58,4,126.32,88489514.44
2025-08-01 11:12:17 AM,31.58,1000,31580.0,88521094.44
2025-08-01 11:12:28 AM,31.58,1000,31580.0,88552674.44
2025-08-01 11:12:33 AM,31.56,100,3156.0,88555830.44
2025-08-01 11:12:34 AM,31.58,18,568.4399999999999,88556398.88
2025-08-01 11:12:38 AM,31.58,20,631.5999999999999,88557030.47999999
2025-08-01 11:12:42 AM,31.55,0,0.0,88557030.47999999
2025-08-01 11:12:44 AM,31.58,2150,67897.0,88624927.47999999
2025-08-01 11:12:48 AM,31.58,200,6316.0,88631243.47999999
2025-08-01 11:12:58 AM,31.55,0,0.0,88631243.47999999
2025-08-01 11:12:59 AM,31.55,500,15775.0,88647018.47999999
2025-08-01 11:13:15 AM,31.58,4000,126320.0,88773338.47999999
2025-08-01 11:13:26 AM,31.58,500,15790.0,88789128.47999999
2025-08-01 11:13:37 AM,31.58,25,789.5,88789917.97999999
2025-08-01 11:13:43 AM,31.58,516,16295.279999999999,88806213.25999999
2025-08-01 11:13:53 AM,31.59,0,0.0,88806213.25999999
2025-08-01 11:13:53 AM,31.58,7227,228228.65999999997,89034441.91999999
2025-08-01 11:14:00 AM,31.59,1,31.59,89034473.50999999
2025-08-01 11:14:04 AM,31.58,2500,78950.0,89113423.50999999
2025-08-01 11:14:05 AM,31.59,0,0.0,89113423.50999999
2025-08-01 11:14:06 AM,31.59,40,1263.6,89114687.10999998
2025-08-01 11:14:07 AM,31.58,0,0.0,89114687.10999998
2025-08-01 11:14:09 AM,31.59,0,0.0,89114687.10999998
2025-08-01 11:14:10 AM,31.6,18179,574456.4,89689143.50999999
2025-08-01 11:14:11 AM,31.62,0,0.0,89689143.50999999
2025-08-01 11:14:11 AM,31.62,43152,1364466.24,91053609.74999999
2025-08-01 11:14:15 AM,31.62,500,15810.0,91069419.74999999
2025-08-01 11:14:25 AM,31.61,0,0.0,91069419.74999999
2025-08-01 11:14:26 AM,31.61,1815,57372.15,91126791.89999999
2025-08-01 11:14:27 AM,31.61,200,6322.0,91133113.89999999
2025-08-01 11:14:31 AM,31.61,2385,75389.85,91208503.74999999
2025-08-01 11:14:38 AM,31.61,10,316.1,91208819.84999998
2025-08-01 11:14:42 AM,31.61,19680,622084.8,91830904.64999998
2025-08-01 11:14:53 AM,31.61,250,7902.5,91838807.14999998
2025-08-01 11:14:54 AM,31.66,10214,323375.24,92162182.38999997
2025-08-01 11:15:04 AM,31.59,5362,169385.58,92331567.96999997
2025-08-01 11:15:09 AM,31.58,0,0.0,92331567.96999997
2025-08-01 11:15:09 AM,31.58,100,3158.0,92334725.96999997
2025-08-01 11:15:11 AM,31.6,0,0.0,92334725.96999997
2025-08-01 11:15:15 AM,31.6,1,31.6,92334757.56999996
2025-08-01 11:15:17 AM,31.62,0,0.0,92334757.56999996
2025-08-01 11:15:19 AM,31.61,0,0.0,92334757.56999996
2025-08-01 11:15:19 AM,31.61,2079,65717.19,92400474.75999996
2025-08-01 11:15:25 AM,31.62,2000,63240.0,92463714.75999996
2025-08-01 11:15:41 AM,31.64,8662,274065.68,92737780.43999997
2025-08-01 11:15:43 AM,31.62,0,0.0,92737780.43999997
2025-08-01 11:15:46 AM,31.6,145,4582.0,92742362.43999997
2025-08-01 11:15:53 AM,31.62,0,0.0,92742362.43999997
2025-08-01 11:15:56 AM,31.62,500,15810.0,92758172.43999997
2025-08-01 11:16:01 AM,31.6,0,0.0,92758172.43999997
2025-08-01 11:16:01 AM,31.6,200,6320.0,92764492.43999997
2025-08-01 11:16:02 AM,31.59,2810,88767.9,92853260.33999997
2025-08-01 11:16:03 AM,31.6,0,0.0,92853260.33999997
2025-08-01 11:16:06 AM,31.6,10,316.0,92853576.33999997
2025-08-01 11:16:12 AM,31.61,500,15805.0,92869381.33999997
2025-08-01 11:16:33 AM,31.6,0,0.0,92869381.33999997
2025-08-01 11:16:33 AM,31.6,800,25280.0,92894661.33999997
2025-08-01 11:16:34 AM,31.6,10,316.0,92894977.33999997
2025-08-01 11:16:39 AM,31.6,1,31.6,92895008.93999997
2025-08-01 11:16:45 AM,31.58,42,1326.36,92896335.29999997
2025-08-01 11:16:45 AM,31.6,0,0.0,92896335.29999997
2025-08-01 11:16:48 AM,31.6,600,18960.0,92915295.29999997
2025-08-01 11:16:53 AM,31.59,0,0.0,92915295.29999997
2025-08-01 11:16:54 AM,31.59,200,6318.0,92921613.29999997
2025-08-01 11:16:55 AM,31.6,0,0.0,92921613.29999997
2025-08-01 11:16:56 AM,31.58,183,5779.139999999999,92927392.43999997
2025-08-01 11:17:10 AM,31.6,450,14220.0,92941612.43999997
2025-08-01 11:17:11 AM,31.58,0,0.0,92941612.43999997
2025-08-01 11:17:12 AM,31.58,1000,31580.0,92973192.43999997
2025-08-01 11:17:17 AM,31.58,1000,31580.0,93004772.43999997
2025-08-01 11:17:25 AM,31.59,0,0.0,93004772.43999997
2025-08-01 11:17:26 AM,31.59,228,7202.5199999999995,93011974.95999996
2025-08-01 11:17:28 AM,31.58,124,3915.9199999999996,93015890.87999997
2025-08-01 11:17:33 AM,31.59,0,0.0,93015890.87999997
2025-08-01 11:17:33 AM,31.58,0,0.0,93015890.87999997
2025-08-01 11:17:33 AM,31.58,10764,339927.12,93355817.99999997
2025-08-01 11:17:51 AM,31.55,0,0.0,93355817.99999997
2025-08-01 11:17:53 AM,31.55,45127,1423756.85,94779574.84999996
2025-08-01 11:17:53 AM,31.54,0,0.0,94779574.84999996
2025-08-01 11:17:54 AM,31.53,510,16080.300000000001,94795655.14999996
2025-08-01 11:18:00 AM,31.51,0,0.0,94795655.14999996
2025-08-01 11:18:01 AM,31.5,0,0.0,94795655.14999996
2025-08-01 11:18:03 AM,31.5,1250,39375.0,94835030.14999996
2025-08-01 11:18:03 AM,31.53,0,0.0,94835030.14999996
2025-08-01 11:18:05 AM,31.53,100,3153.0,94838183.14999996
2025-08-01 11:18:14 AM,31.47,2650,83395.5,94921578.64999996
2025-08-01 11:18:21 AM,31.5,0,0.0,94921578.64999996
2025-08-01 11:18:21 AM,31.5,160,5040.0,94926618.64999996
2025-08-01 11:18:27 AM,31.54,0,0.0,94926618.64999996
2025-08-01 11:18:31 AM,31.54,15000,473100.0,95399718.64999996
2025-08-01 11:18:35 AM,31.52,0,0.0,95399718.64999996
2025-08-01 11:18:37 AM,31.52,510,16075.199999999999,95415793.84999996
2025-08-01 11:18:42 AM,31.52,1002,31583.04,95447376.88999997
2025-08-01 11:18:44 AM,31.5,200,6300.0,95453676.88999997
2025-08-01 11:18:48 AM,31.5,4,126.0,95453802.88999997
2025-08-01 11:18:53 AM,31.53,0,0.0,95453802.88999997
2025-08-01 11:18:54 AM,31.53,55,1734.15,95455537.03999998
2025-08-01 11:19:01 AM,31.49,0,0.0,95455537.03999998
2025-08-01 11:19:06 AM,31.49,3257,102562.93,95558099.96999998
2025-08-01 11:19:11 AM,31.52,268,8447.36,95566547.32999998
2025-08-01 11:19:13 AM,31.49,0,0.0,95566547.32999998
2025-08-01 11:19:15 AM,31.52,0,0.0,95566547.32999998
2025-08-01 11:19:17 AM,31.52,1912,60266.24,95626813.56999998
2025-08-01 11:19:22 AM,31.52,200,6304.0,95633117.56999998
2025-08-01 11:19:23 AM,31.52,500,15760.0,95648877.56999998
2025-08-01 11:19:33 AM,31.52,1000,31520.0,95680397.56999998
2025-08-01 11:19:39 AM,31.52,30,945.6,95681343.16999997
2025-08-01 11:19:47 AM,31.5,0,0.0,95681343.16999997
2025-08-01 11:19:49 AM,31.49,0,0.0,95681343.16999997
2025-08-01 11:19:49 AM,31.49,16476,518829.24,96200172.40999997
2025-08-01 11:19:55 AM,31.47,100,3147.0,96203319.40999997
2025-08-01 11:20:11 AM,31.47,60,1888.1999999999998,96205207.60999997
2025-08-01 11:20:25 AM,31.46,0,0.0,96205207.60999997
2025-08-01 11:20:27 AM,31.46,3514,110550.44,96315758.04999997
2025-08-01 11:20:29 AM,31.42,0,0.0,96315758.04999997
2025-08-01 11:20:30 AM,31.37,0,0.0,96315758.04999997
2025-08-01 11:20:32 AM,31.38,21083,661584.5399999999,96977342.58999997
2025-08-01 11:20:35 AM,31.41,0,0.0,96977342.58999997
2025-08-01 11:20:37 AM,31.41,1,31.41,96977373.99999997
2025-08-01 11:20:52 AM,31.41,300,9423.0,96986796.99999997
2025-08-01 11:21:11 AM,31.38,0,0.0,96986796.99999997
2025-08-01 11:21:13 AM,31.38,501,15721.38,97002518.37999997
2025-08-01 11:21:18 AM,31.41,0,0.0,97002518.37999997
2025-08-01 11:21:19 AM,31.41,7,219.87,97002738.24999997
2025-08-01 11:21:20 AM,31.4,0,0.0,97002738.24999997
2025-08-01 11:21:24 AM,31.4,750,23550.0,97026288.24999997
2025-08-01 11:21:29 AM,31.4,1,31.4,97026319.64999998
2025-08-01 11:21:35 AM,31.36,12090,379142.39999999997,97405462.04999998
2025-08-01 11:21:42 AM,31.37,0,0.0,97405462.04999998
2025-08-01 11:21:44 AM,31.36,0,0.0,97405462.04999998
2025-08-01 11:21:45 AM,31.36,1102,34558.72,97440020.76999998
2025-08-01 11:21:51 AM,31.35,936,29343.600000000002,97469364.36999997
2025-08-01 11:21:52 AM,31.36,0,0.0,97469364.36999997
2025-08-01 11:21:54 AM,31.35,0,0.0,97469364.36999997
2025-08-01 11:21:55 AM,31.35,2105,65991.75,97535356.11999997
2025-08-01 11:22:04 AM,31.36,0,0.0,97535356.11999997
2025-08-01 11:22:05 AM,31.37,0,0.0,97535356.11999997
2025-08-01 11:22:05 AM,31.37,5283,165727.71,97701083.82999997
2025-08-01 11:22:06 AM,31.36,1,31.36,97701115.18999997
2025-08-01 11:22:10 AM,31.35,0,0.0,97701115.18999997
2025-08-01 11:22:10 AM,31.35,54,1692.9,97702808.08999997
2025-08-01 11:22:21 AM,31.35,20,627.0,97703435.08999997
2025-08-01 11:22:27 AM,31.35,3,94.05000000000001,97703529.13999997
2025-08-01 11:22:39 AM,31.38,0,0.0,97703529.13999997
2025-08-01 11:22:43 AM,31.38,10000,313800.0,98017329.13999997
2025-08-01 11:22:45 AM,31.37,0,0.0,98017329.13999997
2025-08-01 11:22:46 AM,31.36,0,0.0,98017329.13999997
2025-08-01 11:22:48 AM,31.36,2266,71061.76,98088390.89999998
2025-08-01 11:23:18 AM,31.38,0,0.0,98088390.89999998
2025-08-01 11:23:20 AM,31.38,100,3138.0,98091528.89999998
2025-08-01 11:23:33 AM,31.36,0,0.0,98091528.89999998
2025-08-01 11:23:35 AM,31.36,428,13422.08,98104950.97999997
2025-08-01 11:24:03 AM,31.34,0,0.0,98104950.97999997
2025-08-01 11:24:05 AM,31.34,15000,470100.0,98575050.97999997
2025-08-01 11:24:13 AM,31.37,0,0.0,98575050.97999997
2025-08-01 11:24:15 AM,31.37,2790,87522.3,98662573.27999997
2025-08-01 11:24:30 AM,31.4,0,0.0,98662573.27999997
2025-08-01 11:24:32 AM,31.4,9000,282600.0,98945173.27999997
2025-08-01 11:24:42 AM,31.42,400,12568.0,98957741.27999997
2025-08-01 11:25:03 AM,31.42,608,19103.36,98976844.63999997
2025-08-01 11:25:15 AM,31.46,0,0.0,98976844.63999997
2025-08-01 11:25:19 AM,31.46,1,31.46,98976876.09999996
2025-08-01 11:25:26 AM,31.43,0,0.0,98976876.09999996
2025-08-01 11:25:27 AM,31.46,0,0.0,98976876.09999996
2025-08-01 11:25:29 AM,31.46,2004,63045.840000000004,99039921.93999997
2025-08-01 11:25:34 AM,31.46,2,62.92,99039984.85999997
2025-08-01 11:25:45 AM,31.46,429,13496.34,99053481.19999997
2025-08-01 11:25:50 AM,31.46,50,1573.0,99055054.19999997
2025-08-01 11:26:03 AM,31.42,0,0.0,99055054.19999997
2025-08-01 11:26:06 AM,31.42,4107,129041.94,99184096.13999997
2025-08-01 11:26:16 AM,31.4,302,9482.8,99193578.93999997
2025-08-01 11:27:05 AM,31.44,0,0.0,99193578.93999997
2025-08-01 11:27:06 AM,31.44,10000,314400.0,99507978.93999997
2025-08-01 11:27:08 AM,31.4,11,345.4,99508324.33999997
2025-08-01 11:27:35 AM,31.44,0,0.0,99508324.33999997
2025-08-01 11:27:37 AM,31.44,201,6319.4400000000005,99514643.77999997
2025-08-01 11:27:48 AM,31.44,2,62.88,99514706.65999997
2025-08-01 11:27:49 AM,31.44,250,7860.0,99522566.65999997
2025-08-01 11:28:13 AM,31.44,100,3144.0,99525710.65999997
2025-08-01 11:28:15 AM,31.44,5,157.20000000000002,99525867.85999997
2025-08-01 11:28:21 AM,31.44,200,6288.0,99532155.85999997
2025-08-01 11:28:49 AM,31.44,3300,103752.0,99635907.85999997
2025-08-01 11:29:01 AM,31.44,18,565.9200000000001,99636473.77999997
2025-08-01 11:29:07 AM,31.44,1,31.44,99636505.21999997
2025-08-01 11:29:15 AM,31.43,0,0.0,99636505.21999997
2025-08-01 11:29:15 AM,31.43,100,3143.0,99639648.21999997
2025-08-01 11:29:30 AM,31.44,0,0.0,99639648.21999997
2025-08-01 11:29:31 AM,31.44,20,628.8000000000001,99640277.01999997
2025-08-01 11:29:34 AM,31.39,29331,920700.09,100560977.10999997
2025-08-01 11:30:02 AM,31.41,8659,271979.19,100832956.29999997
2025-08-01 11:30:18 AM,31.44,2,62.88,100833019.17999996
2025-08-01 11:30:23 AM,31.44,530,16663.2,100849682.37999997
2025-08-01 11:30:57 AM,31.44,400,12576.0,100862258.37999997
2025-08-01 11:31:13 AM,31.44,10,314.40000000000003,100862572.77999997
2025-08-01 11:31:16 AM,31.44,500,15720.0,100878292.77999997
2025-08-01 11:31:18 AM,31.41,24,753.84,100879046.61999997
2025-08-01 11:31:27 AM,31.43,0,0.0,100879046.61999997
2025-08-01 11:31:28 AM,31.43,1000,31430.0,100910476.61999997
2025-08-01 11:31:34 AM,31.43,1,31.43,100910508.04999998
2025-08-01 11:32:15 AM,31.41,25,785.25,100911293.29999998
2025-08-01 11:32:49 AM,31.43,0,0.0,100911293.29999998
2025-08-01 11:32:50 AM,31.43,373,11723.39,100923016.68999998
2025-08-01 11:33:15 AM,31.41,0,0.0,100923016.68999998
2025-08-01 11:33:15 AM,31.41,1450,45544.5,100968561.18999998
2025-08-01 11:33:39 AM,31.42,0,0.0,100968561.18999998
2025-08-01 11:33:40 AM,31.42,271,8514.82,100977076.00999998
2025-08-01 11:34:06 AM,31.41,300,9423.0,100986499.00999998
2025-08-01 11:34:16 AM,31.41,200,6282.0,100992781.00999998
2025-08-01 11:34:31 AM,31.41,942,29588.22,101022369.22999997
2025-08-01 11:34:33 AM,31.42,0,0.0,101022369.22999997
2025-08-01 11:34:37 AM,31.42,400,12568.0,101034937.22999997
2025-08-01 11:34:52 AM,31.4,0,0.0,101034937.22999997
2025-08-01 11:34:53 AM,31.4,4497,141205.8,101176143.02999997
2025-08-01 11:35:04 AM,31.42,0,0.0,101176143.02999997
2025-08-01 11:35:08 AM,31.42,1000,31420.0,101207563.02999997
2025-08-01 11:35:09 AM,31.39,0,0.0,101207563.02999997
2025-08-01 11:35:14 AM,31.39,1600,50224.0,101257787.02999997
2025-08-01 11:35:24 AM,31.36,0,0.0,101257787.02999997
2025-08-01 11:35:25 AM,31.36,180,5644.8,101263431.82999997
2025-08-01 11:35:40 AM,31.35,0,0.0,101263431.82999997
2025-08-01 11:35:40 AM,31.35,1300,40755.0,101304186.82999997
2025-08-01 11:35:48 AM,31.38,0,0.0,101304186.82999997
2025-08-01 11:35:51 AM,31.38,500,15690.0,101319876.82999997
2025-08-01 11:35:56 AM,31.38,2,62.76,101319939.58999997
2025-08-01 11:35:56 AM,31.35,0,0.0,101319939.58999997
2025-08-01 11:35:56 AM,31.35,1300,40755.0,101360694.58999997
2025-08-01 11:36:01 AM,31.35,1000,31350.0,101392044.58999997
2025-08-01 11:36:07 AM,31.37,0,0.0,101392044.58999997
2025-08-01 11:36:11 AM,31.37,2,62.74,101392107.32999997
2025-08-01 11:37:25 AM,31.37,2443,76636.91,101468744.23999996
2025-08-01 11:38:00 AM,31.35,1939,60787.65,101529531.88999997
2025-08-01 11:38:05 AM,31.33,0,0.0,101529531.88999997
2025-08-01 11:38:05 AM,31.33,400,12532.0,101542063.88999997
2025-08-01 11:38:21 AM,31.36,0,0.0,101542063.88999997
2025-08-01 11:38:21 AM,31.36,100,3136.0,101545199.88999997
2025-08-01 11:38:24 AM,31.35,0,0.0,101545199.88999997
2025-08-01 11:38:26 AM,31.35,130,4075.5,101549275.38999997
2025-08-01 11:38:37 AM,31.33,0,0.0,101549275.38999997
2025-08-01 11:38:41 AM,31.33,101,3164.33,101552439.71999997
2025-08-01 11:39:09 AM,31.35,0,0.0,101552439.71999997
2025-08-01 11:39:11 AM,31.35,500,15675.0,101568114.71999997
2025-08-01 11:39:18 AM,31.32,0,0.0,101568114.71999997
2025-08-01 11:39:21 AM,31.32,3000,93960.0,101662074.71999997
2025-08-01 11:39:24 AM,31.34,0,0.0,101662074.71999997
2025-08-01 11:39:26 AM,31.34,300,9402.0,101671476.71999997
2025-08-01 11:39:32 AM,31.32,2783,87163.56,101758640.27999997
2025-08-01 11:39:36 AM,31.3,3325,104072.5,101862712.77999997
2025-08-01 11:39:40 AM,31.33,0,0.0,101862712.77999997
2025-08-01 11:39:43 AM,31.3,2300,71990.0,101934702.77999997
2025-08-01 11:39:47 AM,31.33,0,0.0,101934702.77999997
2025-08-01 11:39:48 AM,31.33,4,125.32,101934828.09999996
2025-08-01 11:40:07 AM,31.3,0,0.0,101934828.09999996
2025-08-01 11:40:08 AM,31.3,54,1690.2,101936518.29999997
2025-08-01 11:40:17 AM,31.32,0,0.0,101936518.29999997
2025-08-01 11:40:19 AM,31.32,10001,313231.32,102249749.61999996
2025-08-01 11:40:20 AM,31.3,3500,109550.0,102359299.61999996
2025-08-01 11:40:29 AM,31.3,23242,727474.6,103086774.21999995
2025-08-01 11:40:35 AM,31.24,5000,156200.0,103242974.21999995
2025-08-01 11:40:35 AM,31.27,0,0.0,103242974.21999995
2025-08-01 11:40:37 AM,31.28,0,0.0,103242974.21999995
2025-08-01 11:40:39 AM,31.3,0,0.0,103242974.21999995
2025-08-01 11:40:39 AM,31.3,541,16933.3,103259907.51999995
2025-08-01 11:40:48 AM,31.27,0,0.0,103259907.51999995
2025-08-01 11:40:49 AM,31.3,1049,32833.700000000004,103292741.21999995
2025-08-01 11:41:15 AM,31.29,0,0.0,103292741.21999995
2025-08-01 11:41:15 AM,31.29,4709,147344.61,103440085.82999995
2025-08-01 11:41:30 AM,31.29,509,15926.609999999999,103456012.43999995
2025-08-01 11:42:36 AM,31.32,1500,46980.0,103502992.43999995
2025-08-01 11:42:44 AM,31.29,0,0.0,103502992.43999995
2025-08-01 11:42:47 AM,31.29,500,15645.0,103518637.43999995
2025-08-01 11:42:51 AM,31.31,0,0.0,103518637.43999995
2025-08-01 11:42:52 AM,31.31,419,13118.89,103531756.32999995
2025-08-01 11:42:57 AM,31.32,2000,62640.0,103594396.32999995
2025-08-01 11:43:03 AM,31.31,0,0.0,103594396.32999995
2025-08-01 11:43:03 AM,31.31,1000,31310.0,103625706.32999995
2025-08-01 11:43:09 AM,31.3,0,0.0,103625706.32999995
2025-08-01 11:43:09 AM,31.3,400,12520.0,103638226.32999995
2025-08-01 11:43:14 AM,31.3,1005,31456.5,103669682.82999995
2025-08-01 11:43:30 AM,31.29,107,3348.0299999999997,103673030.85999995
2025-08-01 11:43:55 AM,31.32,85,2662.2,103675693.05999996
2025-08-01 11:44:08 AM,31.29,0,0.0,103675693.05999996
2025-08-01 11:44:12 AM,31.27,19232,601384.64,104277077.69999996
2025-08-01 11:44:13 AM,31.26,86,2688.36,104279766.05999996
2025-08-01 11:44:45 AM,31.25,0,0.0,104279766.05999996
2025-08-01 11:44:47 AM,31.25,5089,159031.25,104438797.30999996
2025-08-01 11:45:17 AM,31.27,0,0.0,104438797.30999996
2025-08-01 11:45:19 AM,31.27,7404,231523.08,104670320.38999996
2025-08-01 11:45:20 AM,31.26,0,0.0,104670320.38999996
2025-08-01 11:45:21 AM,31.3,0,0.0,104670320.38999996
2025-08-01 11:45:22 AM,31.28,0,0.0,104670320.38999996
2025-08-01 11:45:24 AM,31.28,1409,44073.520000000004,104714393.90999995
2025-08-01 11:45:29 AM,31.27,0,0.0,104714393.90999995
2025-08-01 11:45:29 AM,31.27,500,15635.0,104730028.90999995
2025-08-01 11:45:50 AM,31.27,170,5315.9,104735344.80999996
2025-08-01 11:46:03 AM,31.29,0,0.0,104735344.80999996
2025-08-01 11:46:07 AM,31.29,1900,59451.0,104794795.80999996
2025-08-01 11:46:28 AM,31.29,728,22779.12,104817574.92999996
2025-08-01 11:46:36 AM,31.3,0,0.0,104817574.92999996
2025-08-01 11:46:38 AM,31.3,2,62.6,104817637.52999996
2025-08-01 11:46:49 AM,31.3,267,8357.1,104825994.62999995
2025-08-01 11:47:04 AM,31.31,0,0.0,104825994.62999995
2025-08-01 11:47:05 AM,31.31,1010,31623.1,104857617.72999994
2025-08-01 11:47:22 AM,31.3,0,0.0,104857617.72999994
2025-08-01 11:47:25 AM,31.3,290,9077.0,104866694.72999994
2025-08-01 11:47:30 AM,31.3,218,6823.400000000001,104873518.12999995
2025-08-01 11:47:38 AM,31.31,0,0.0,104873518.12999995
2025-08-01 11:47:40 AM,31.31,262,8203.22,104881721.34999995
2025-08-01 11:48:04 AM,31.29,0,0.0,104881721.34999995
2025-08-01 11:48:06 AM,31.29,4521,141462.09,105023183.43999995
2025-08-01 11:48:18 AM,31.3,0,0.0,105023183.43999995
2025-08-01 11:48:21 AM,31.3,14,438.2,105023621.63999996
2025-08-01 11:48:23 AM,31.28,0,0.0,105023621.63999996
2025-08-01 11:48:26 AM,31.28,1668,52175.04,105075796.67999996
2025-08-01 11:48:33 AM,31.29,0,0.0,105075796.67999996
2025-08-01 11:48:36 AM,31.29,1,31.29,105075827.96999997
2025-08-01 11:48:40 AM,31.3,0,0.0,105075827.96999997
2025-08-01 11:48:41 AM,31.3,15000,469500.0,105545327.96999997
2025-08-01 11:48:50 AM,31.27,0,0.0,105545327.96999997
2025-08-01 11:48:52 AM,31.27,1500,46905.0,105592232.96999997
2025-08-01 11:49:01 AM,31.25,0,0.0,105592232.96999997
2025-08-01 11:49:02 AM,31.25,2720,85000.0,105677232.96999997
2025-08-01 11:49:07 AM,31.27,1,31.27,105677264.23999996
2025-08-01 11:49:25 AM,31.28,0,0.0,105677264.23999996
2025-08-01 11:49:28 AM,31.28,400,12512.0,105689776.23999996
2025-08-01 11:49:33 AM,31.28,1435,44886.8,105734663.03999996
2025-08-01 11:49:59 AM,31.28,250,7820.0,105742483.03999996
2025-08-01 11:50:01 AM,31.31,0,0.0,105742483.03999996
2025-08-01 11:50:04 AM,31.31,324,10144.439999999999,105752627.47999996
2025-08-01 11:50:25 AM,31.31,15,469.65,105753097.12999997
2025-08-01 11:51:10 AM,31.31,200,6262.0,105759359.12999997
2025-08-01 11:51:25 AM,31.29,0,0.0,105759359.12999997
2025-08-01 11:51:29 AM,31.29,17,531.93,105759891.05999997
2025-08-01 11:51:41 AM,31.31,0,0.0,105759891.05999997
2025-08-01 11:51:44 AM,31.31,3899,122077.68999999999,105881968.74999997
2025-08-01 11:52:01 AM,31.3,0,0.0,105881968.74999997
2025-08-01 11:52:04 AM,31.3,1355,42411.5,105924380.24999997
2025-08-01 11:52:10 AM,31.34,30872,967528.48,106891908.72999997
2025-08-01 11:52:41 AM,31.35,1000,31350.0,106923258.72999997
2025-08-01 11:53:17 AM,31.35,7,219.45000000000002,106923478.17999998
2025-08-01 11:53:39 AM,31.33,0,0.0,106923478.17999998
2025-08-01 11:53:41 AM,31.33,3501,109686.32999999999,107033164.50999998
2025-08-01 11:53:43 AM,31.35,0,0.0,107033164.50999998
2025-08-01 11:53:46 AM,31.35,500,15675.0,107048839.50999998
2025-08-01 11:53:51 AM,31.35,25641,803845.3500000001,107852684.85999997
2025-08-01 11:53:58 AM,31.34,0,0.0,107852684.85999997
2025-08-01 11:54:01 AM,31.34,100,3134.0,107855818.85999997
2025-08-01 11:54:12 AM,31.35,0,0.0,107855818.85999997
2025-08-01 11:54:15 AM,31.32,0,0.0,107855818.85999997
2025-08-01 11:54:16 AM,31.32,5213,163271.16,108019090.01999997
2025-08-01 11:54:26 AM,31.32,1050,32886.0,108051976.01999997
2025-08-01 11:54:47 AM,31.34,2863,89726.42,108141702.43999997
2025-08-01 11:55:47 AM,31.34,1,31.34,108141733.77999997
2025-08-01 11:56:01 AM,31.31,0,0.0,108141733.77999997
2025-08-01 11:56:02 AM,31.31,8200,256742.0,108398475.77999997
2025-08-01 11:56:07 AM,31.31,100,3131.0,108401606.77999997
2025-08-01 11:56:34 AM,31.31,800,25048.0,108426654.77999997
2025-08-01 11:57:01 AM,31.34,0,0.0,108426654.77999997
2025-08-01 11:57:03 AM,31.31,26,814.06,108427468.83999997
2025-08-01 11:57:15 AM,31.34,0,0.0,108427468.83999997
2025-08-01 11:57:18 AM,31.34,23965,751063.1,109178531.93999997
2025-08-01 11:58:34 AM,31.32,0,0.0,109178531.93999997
2025-08-01 11:58:36 AM,31.32,1000,31320.0,109209851.93999997
2025-08-01 11:58:41 AM,31.32,24,751.6800000000001,109210603.61999997
2025-08-01 11:58:42 AM,31.32,12,375.84000000000003,109210979.45999998
2025-08-01 11:58:46 AM,31.32,61,1910.52,109212889.97999997
2025-08-01 11:59:24 AM,31.34,5,156.7,109213046.67999998
2025-08-01 11:59:32 AM,31.33,0,0.0,109213046.67999998
2025-08-01 11:59:33 AM,31.33,600,18798.0,109231844.67999998
2025-08-01 11:59:34 AM,31.33,1,31.33,109231876.00999998
2025-08-01 11:59:51 AM,31.33,250,7832.5,109239708.50999998
2025-08-01 12:00:12 PM,31.33,200,6266.0,109245974.50999998
2025-08-01 12:00:20 PM,31.33,2,62.66,109246037.16999997
2025-08-01 12:00:30 PM,31.33,128,4010.24,109250047.40999997
2025-08-01 12:00:45 PM,31.33,50,1566.5,109251613.90999997
2025-08-01 12:00:47 PM,31.32,3,93.96000000000001,109251707.86999996
2025-08-01 12:00:52 PM,31.33,0,0.0,109251707.86999996
2025-08-01 12:00:52 PM,31.33,182,5702.0599999999995,109257409.92999996
2025-08-01 12:01:00 PM,31.33,548,17168.84,109274578.76999997
2025-08-01 12:01:17 PM,31.32,0,0.0,109274578.76999997
2025-08-01 12:01:19 PM,31.32,87,2724.84,109277303.60999997
2025-08-01 12:01:39 PM,31.33,0,0.0,109277303.60999997
2025-08-01 12:01:40 PM,31.33,24,751.92,109278055.52999997
2025-08-01 12:01:57 PM,31.31,9141,286204.70999999996,109564260.23999996
2025-08-01 12:01:58 PM,31.28,0,0.0,109564260.23999996
2025-08-01 12:01:59 PM,31.28,120,3753.6000000000004,109568013.83999996
2025-08-01 12:02:01 PM,31.27,0,0.0,109568013.83999996
2025-08-01 12:02:01 PM,31.27,8,250.16,109568263.99999996
2025-08-01 12:02:12 PM,31.3,0,0.0,109568263.99999996
2025-08-01 12:02:14 PM,31.3,1000,31300.0,109599563.99999996
2025-08-01 12:02:23 PM,31.26,0,0.0,109599563.99999996
2025-08-01 12:02:24 PM,31.26,2850,89091.0,109688654.99999996
2025-08-01 12:02:39 PM,31.23,3900,121797.0,109810451.99999996
2025-08-01 12:02:39 PM,31.28,0,0.0,109810451.99999996
2025-08-01 12:02:42 PM,31.28,1100,34408.0,109844859.99999996
2025-08-01 12:02:47 PM,31.28,2,62.56,109844922.55999996
2025-08-01 12:03:20 PM,31.23,0,0.0,109844922.55999996
2025-08-01 12:03:21 PM,31.23,50,1561.5,109846484.05999996
2025-08-01 12:03:28 PM,31.26,0,0.0,109846484.05999996
2025-08-01 12:03:28 PM,31.26,480,15004.800000000001,109861488.85999995
2025-08-01 12:04:15 PM,31.24,0,0.0,109861488.85999995
2025-08-01 12:04:16 PM,31.24,129,4029.9599999999996,109865518.81999995
2025-08-01 12:04:32 PM,31.26,0,0.0,109865518.81999995
2025-08-01 12:04:33 PM,31.26,15,468.90000000000003,109865987.71999995
2025-08-01 12:05:17 PM,31.26,30,937.8000000000001,109866925.51999995
2025-08-01 12:05:42 PM,31.25,0,0.0,109866925.51999995
2025-08-01 12:05:42 PM,31.25,600,18750.0,109885675.51999995
2025-08-01 12:05:58 PM,31.24,0,0.0,109885675.51999995
2025-08-01 12:06:02 PM,31.23,0,0.0,109885675.51999995
2025-08-01 12:06:03 PM,31.23,3160,98686.8,109984362.31999995
2025-08-01 12:06:18 PM,31.25,0,0.0,109984362.31999995
2025-08-01 12:06:22 PM,31.25,3794,118562.5,110102924.81999995
2025-08-01 12:06:22 PM,31.25,9000,281250.0,110384174.81999995
2025-08-01 12:06:32 PM,31.26,320,10003.2,110394178.01999995
2025-08-01 12:06:52 PM,31.25,0,0.0,110394178.01999995
2025-08-01 12:06:56 PM,31.25,100,3125.0,110397303.01999995
2025-08-01 12:07:04 PM,31.27,0,0.0,110397303.01999995
2025-08-01 12:07:06 PM,31.27,3546,110883.42,110508186.43999995
2025-08-01 12:07:10 PM,31.28,0,0.0,110508186.43999995
2025-08-01 12:07:12 PM,31.28,1,31.28,110508217.71999995
2025-08-01 12:07:21 PM,31.3,7473,233904.9,110742122.61999996
2025-08-01 12:07:22 PM,31.3,510,15963.0,110758085.61999996
2025-08-01 12:07:27 PM,31.3,400,12520.0,110770605.61999996
2025-08-01 12:07:32 PM,31.3,17,532.1,110771137.71999995
2025-08-01 12:07:42 PM,31.33,0,0.0,110771137.71999995
2025-08-01 12:07:42 PM,31.33,298,9336.34,110780474.05999996
2025-08-01 12:08:07 PM,31.33,6583,206245.38999999998,110986719.44999996
2025-08-01 12:08:16 PM,31.34,0,0.0,110986719.44999996
2025-08-01 12:08:17 PM,31.34,1,31.34,110986750.78999996
2025-08-01 12:08:32 PM,31.34,1,31.34,110986782.12999997
2025-08-01 12:08:40 PM,31.35,0,0.0,110986782.12999997
2025-08-01 12:08:42 PM,31.35,7303,228949.05000000002,111215731.17999996
2025-08-01 12:08:47 PM,31.35,200,6270.0,111222001.17999996
2025-08-01 12:08:57 PM,31.37,250,7842.5,111229843.67999996
2025-08-01 12:09:02 PM,31.37,400,12548.0,111242391.67999996
2025-08-01 12:09:06 PM,31.35,0,0.0,111242391.67999996
2025-08-01 12:09:07 PM,31.35,1,31.35,111242423.02999996
2025-08-01 12:09:16 PM,31.36,0,0.0,111242423.02999996
2025-08-01 12:09:17 PM,31.36,3,94.08,111242517.10999995
2025-08-01 12:09:44 PM,31.37,0,0.0,111242517.10999995
2025-08-01 12:09:47 PM,31.37,253,7936.610000000001,111250453.71999995
2025-08-01 12:09:54 PM,31.36,0,0.0,111250453.71999995
2025-08-01 12:09:56 PM,31.36,5,156.8,111250610.51999995
2025-08-01 12:10:07 PM,31.36,100,3136.0,111253746.51999995
2025-08-01 12:10:14 PM,31.37,0,0.0,111253746.51999995
2025-08-01 12:10:17 PM,31.37,255,7999.35,111261745.86999995
2025-08-01 12:10:18 PM,31.4,0,0.0,111261745.86999995
2025-08-01 12:10:22 PM,31.4,7412,232736.8,111494482.66999994
2025-08-01 12:10:30 PM,31.42,0,0.0,111494482.66999994
2025-08-01 12:10:32 PM,31.42,25,785.5,111495268.16999994
2025-08-01 12:10:46 PM,31.41,0,0.0,111495268.16999994
2025-08-01 12:10:47 PM,31.41,13480,423406.8,111918674.96999994
2025-08-01 12:10:56 PM,31.41,136,4271.76,111922946.72999994
2025-08-01 12:11:06 PM,31.4,0,0.0,111922946.72999994
2025-08-01 12:11:07 PM,31.4,135,4239.0,111927185.72999994
2025-08-01 12:11:17 PM,31.4,100,3140.0,111930325.72999994
2025-08-01 12:11:38 PM,31.41,0,0.0,111930325.72999994
2025-08-01 12:11:41 PM,31.41,10,314.1,111930639.82999994
2025-08-01 12:11:46 PM,31.4,0,0.0,111930639.82999994
2025-08-01 12:11:46 PM,31.4,300,9420.0,111940059.82999994
2025-08-01 12:11:56 PM,31.4,10874,341443.6,112281503.42999993
2025-08-01 12:12:12 PM,31.39,0,0.0,112281503.42999993
2025-08-01 12:12:15 PM,31.39,800,25112.0,112306615.42999993
2025-08-01 12:12:16 PM,31.38,0,0.0,112306615.42999993
2025-08-01 12:12:16 PM,31.35,0,0.0,112306615.42999993
2025-08-01 12:12:20 PM,31.38,1085,34047.299999999996,112340662.72999993
2025-08-01 12:12:36 PM,31.38,16,502.08,112341164.80999993
2025-08-01 12:13:08 PM,31.33,0,0.0,112341164.80999993
2025-08-01 12:13:11 PM,31.33,3800,119054.0,112460218.80999993
2025-08-01 12:13:12 PM,31.37,0,0.0,112460218.80999993
2025-08-01 12:13:16 PM,31.37,2,62.74,112460281.54999992
2025-08-01 12:13:26 PM,31.37,203,6368.110000000001,112466649.65999992
2025-08-01 12:13:30 PM,31.35,0,0.0,112466649.65999992
2025-08-01 12:13:31 PM,31.35,100,3135.0,112469784.65999992
2025-08-01 12:13:50 PM,31.37,0,0.0,112469784.65999992
2025-08-01 12:13:51 PM,31.37,475,14900.75,112484685.40999992
2025-08-01 12:13:54 PM,31.35,0,0.0,112484685.40999992
2025-08-01 12:13:56 PM,31.35,2,62.7,112484748.10999992
2025-08-01 12:14:07 PM,31.36,1,31.36,112484779.46999992
2025-08-01 12:14:16 PM,31.37,6,188.22,112484967.68999992
2025-08-01 12:14:34 PM,31.33,0,0.0,112484967.68999992
2025-08-01 12:14:36 PM,31.33,4000,125320.0,112610287.68999992
2025-08-01 12:14:56 PM,31.33,1,31.33,112610319.01999992
2025-08-01 12:15:06 PM,31.33,5,156.64999999999998,112610475.66999993
2025-08-01 12:15:27 PM,31.36,250,7840.0,112618315.66999993
2025-08-01 12:15:32 PM,31.36,523,16401.28,112634716.94999993
2025-08-01 12:15:46 PM,31.32,0,0.0,112634716.94999993
2025-08-01 12:15:47 PM,31.32,3000,93960.0,112728676.94999993
2025-08-01 12:15:52 PM,31.33,0,0.0,112728676.94999993
2025-08-01 12:15:53 PM,31.33,1,31.33,112728708.27999993
2025-08-01 12:16:26 PM,31.4,0,0.0,112728708.27999993
2025-08-01 12:16:27 PM,31.4,9999,313968.6,113042676.87999992
2025-08-01 12:17:49 PM,31.36,1756,55068.159999999996,113097745.03999992
2025-08-01 12:18:04 PM,31.36,346,10850.56,113108595.59999992
2025-08-01 12:18:04 PM,31.39,0,0.0,113108595.59999992
2025-08-01 12:18:09 PM,31.39,2,62.78,113108658.37999992
2025-08-01 12:18:14 PM,31.36,0,0.0,113108658.37999992
2025-08-01 12:18:19 PM,31.36,305,9564.8,113118223.17999992
2025-08-01 12:18:28 PM,31.36,357,11195.52,113129418.69999991
2025-08-01 12:18:38 PM,31.35,4330,135745.5,113265164.19999991
2025-08-01 12:18:53 PM,31.35,51,1598.8500000000001,113266763.04999991
2025-08-01 12:19:26 PM,31.33,0,0.0,113266763.04999991
2025-08-01 12:19:29 PM,31.33,747,23403.51,113290166.55999991
2025-08-01 12:20:18 PM,31.32,0,0.0,113290166.55999991
2025-08-01 12:20:20 PM,31.32,600,18792.0,113308958.55999991
2025-08-01 12:20:25 PM,31.3,0,0.0,113308958.55999991
2025-08-01 12:20:26 PM,31.3,350,10955.0,113319913.55999991
2025-08-01 12:20:36 PM,31.3,5043,157845.9,113477759.45999992
2025-08-01 12:20:55 PM,31.25,0,0.0,113477759.45999992
2025-08-01 12:20:56 PM,31.25,700,21875.0,113499634.45999992
2025-08-01 12:21:27 PM,31.28,0,0.0,113499634.45999992
2025-08-01 12:21:30 PM,31.28,2,62.56,113499697.01999992
2025-08-01 12:21:51 PM,31.27,0,0.0,113499697.01999992
2025-08-01 12:21:54 PM,31.27,201,6285.2699999999995,113505982.28999992
2025-08-01 12:22:15 PM,31.27,42,1313.34,113507295.62999992
2025-08-01 12:22:20 PM,31.28,0,0.0,113507295.62999992
2025-08-01 12:22:21 PM,31.28,1209,37817.520000000004,113545113.14999992
2025-08-01 12:22:25 PM,31.27,0,0.0,113545113.14999992
2025-08-01 12:22:26 PM,31.27,372,11632.44,113556745.58999991
2025-08-01 12:22:48 PM,31.29,0,0.0,113556745.58999991
2025-08-01 12:22:51 PM,31.29,200,6258.0,113563003.58999991
2025-08-01 12:23:01 PM,31.29,730,22841.7,113585845.28999992
2025-08-01 12:23:26 PM,31.29,450,14080.5,113599925.78999992
2025-08-01 12:23:35 PM,31.29,10,312.9,113600238.68999992
2025-08-01 12:24:06 PM,31.29,10,312.9,113600551.58999993
2025-08-01 12:24:11 PM,31.32,5000,156600.0,113757151.58999993
2025-08-01 12:24:21 PM,31.32,30,939.6,113758091.18999992
2025-08-01 12:24:35 PM,31.32,1,31.32,113758122.50999992
2025-08-01 12:24:40 PM,31.32,158,4948.56,113763071.06999992
2025-08-01 12:25:20 PM,31.32,33,1033.56,113764104.62999992
2025-08-01 12:25:40 PM,31.32,302,9458.64,113773563.26999992
2025-08-01 12:26:21 PM,31.32,7,219.24,113773782.50999992
2025-08-01 12:26:25 PM,31.33,0,0.0,113773782.50999992
2025-08-01 12:26:26 PM,31.33,5004,156775.31999999998,113930557.82999991
2025-08-01 12:26:36 PM,31.33,306,9586.98,113940144.80999991
2025-08-01 12:26:55 PM,31.33,100,3133.0,113943277.80999991
2025-08-01 12:27:01 PM,31.32,0,0.0,113943277.80999991
2025-08-01 12:27:06 PM,31.32,3205,100380.6,114043658.4099999
2025-08-01 12:27:35 PM,31.28,0,0.0,114043658.4099999
2025-08-01 12:27:36 PM,31.28,4980,155774.4,114199432.80999991
2025-08-01 12:28:11 PM,31.28,1,31.28,114199464.08999991
2025-08-01 12:28:13 PM,31.31,0,0.0,114199464.08999991
2025-08-01 12:28:15 PM,31.31,10,313.09999999999997,114199777.18999991
2025-08-01 12:28:17 PM,31.28,0,0.0,114199777.18999991
2025-08-01 12:28:20 PM,31.28,150,4692.0,114204469.18999991
2025-08-01 12:28:31 PM,31.31,0,0.0,114204469.18999991
2025-08-01 12:28:31 PM,31.31,50,1565.5,114206034.68999991
2025-08-01 12:28:42 PM,31.31,31,970.61,114207005.29999991
2025-08-01 12:28:50 PM,31.31,1,31.31,114207036.60999991
2025-08-01 12:29:14 PM,31.31,100,3131.0,114210167.60999991
2025-08-01 12:29:27 PM,31.27,0,0.0,114210167.60999991
2025-08-01 12:29:29 PM,31.27,325,10162.75,114220330.35999991
2025-08-01 12:29:33 PM,31.27,266,8317.82,114228648.1799999
2025-08-01 12:29:47 PM,31.3,5000,156500.0,114385148.1799999
2025-08-01 12:29:56 PM,31.27,0,0.0,114385148.1799999
2025-08-01 12:29:57 PM,31.27,187,5847.49,114390995.6699999
2025-08-01 12:30:14 PM,31.27,107,3345.89,114394341.5599999
2025-08-01 12:30:17 PM,31.27,99,3095.73,114397437.2899999
