date,price,qty,trnvr,cum_trnvr
2025-08-01 09:15:02 AM,1092.0,14581,15922452.0,15922452.0
2025-08-01 09:15:03 AM,1091.3,6404,6988685.199999999,22911137.2
2025-08-01 09:15:03 AM,1092.7,0,0.0,22911137.2
2025-08-01 09:15:04 AM,1089.6,3982,4338787.199999999,27249924.4
2025-08-01 09:15:05 AM,1089.0,2993,3259377.0,30509301.4
2025-08-01 09:15:05 AM,1091.6,0,0.0,30509301.4
2025-08-01 09:15:06 AM,1091.6,288,314380.8,30823682.2
2025-08-01 09:15:07 AM,1090.7,126,137428.2,30961110.4
2025-08-01 09:15:07 AM,1090.9,0,0.0,30961110.4
2025-08-01 09:15:08 AM,1092.2,1870,2042414.0,33003524.4
2025-08-01 09:15:08 AM,1090.7,0,0.0,33003524.4
2025-08-01 09:15:09 AM,1092.1,1061,1158718.0999999999,34162242.5
2025-08-01 09:15:10 AM,1091.0,334,364394.0,34526636.5
2025-08-01 09:15:10 AM,1092.7,0,0.0,34526636.5
2025-08-01 09:15:11 AM,1092.7,121,132216.7,34658853.2
2025-08-01 09:15:12 AM,1091.5,457,498815.5,35157668.7
2025-08-01 09:15:13 AM,1092.7,1091,1192135.7,36349804.400000006
2025-08-01 09:15:14 AM,1091.7,2324,2537110.8000000003,38886915.2
2025-08-01 09:15:14 AM,1090.5,0,0.0,38886915.2
2025-08-01 09:15:15 AM,1090.5,635,692467.5,39579382.7
2025-08-01 09:15:15 AM,1090.8,0,0.0,39579382.7
2025-08-01 09:15:16 AM,1090.8,1572,1714737.5999999999,41294120.300000004
2025-08-01 09:15:16 AM,1091.1,0,0.0,41294120.300000004
2025-08-01 09:15:17 AM,1091.1,33,36006.299999999996,41330126.6
2025-08-01 09:15:17 AM,1091.8,0,0.0,41330126.6
2025-08-01 09:15:18 AM,1091.8,92,100445.59999999999,41430572.2
2025-08-01 09:15:18 AM,1092.0,0,0.0,41430572.2
2025-08-01 09:15:19 AM,1091.4,199,217188.6,41647760.800000004
2025-08-01 09:15:19 AM,1092.0,24,26208.0,41673968.800000004
2025-08-01 09:15:20 AM,1092.1,659,719693.8999999999,42393662.7
2025-08-01 09:15:20 AM,1091.2,26,28371.2,42422033.900000006
2025-08-01 09:15:21 AM,1091.2,175,190960.0,42612993.900000006
2025-08-01 09:15:22 AM,1092.1,420,458681.99999999994,43071675.900000006
2025-08-01 09:15:24 AM,1091.9,179,195450.1,43267126.00000001
2025-08-01 09:15:26 AM,1090.0,2773,3022570.0,46289696.00000001
2025-08-01 09:15:27 AM,1090.1,0,0.0,46289696.00000001
2025-08-01 09:15:27 AM,1090.1,128,139532.8,46429228.800000004
2025-08-01 09:15:28 AM,1091.2,1071,1168675.2,47597904.00000001
2025-08-01 09:15:29 AM,1090.2,0,0.0,47597904.00000001
2025-08-01 09:15:29 AM,1091.1,87,94925.7,47692829.70000001
2025-08-01 09:15:30 AM,1090.2,86,93757.2,47786586.90000001
2025-08-01 09:15:31 AM,1090.2,253,275820.60000000003,48062407.500000015
2025-08-01 09:15:32 AM,1090.4,116,126486.40000000001,48188893.90000001
2025-08-01 09:15:33 AM,1090.3,0,0.0,48188893.90000001
2025-08-01 09:15:33 AM,1091.0,19,20729.0,48209622.90000001
2025-08-01 09:15:34 AM,1090.9,0,0.0,48209622.90000001
2025-08-01 09:15:34 AM,1090.4,46,50158.4,48259781.30000001
2025-08-01 09:15:35 AM,1090.9,0,0.0,48259781.30000001
2025-08-01 09:15:35 AM,1090.9,800,872720.0000000001,49132501.30000001
2025-08-01 09:15:36 AM,1090.5,0,0.0,49132501.30000001
2025-08-01 09:15:36 AM,1090.5,33,35986.5,49168487.80000001
2025-08-01 09:15:37 AM,1090.2,13168,14355753.600000001,63524241.40000001
2025-08-01 09:15:37 AM,1091.7,0,0.0,63524241.40000001
2025-08-01 09:15:37 AM,1091.7,1127,1230345.9000000001,64754587.30000001
2025-08-01 09:15:38 AM,1091.5,0,0.0,64754587.30000001
2025-08-01 09:15:38 AM,1091.1,85,92743.49999999999,64847330.80000001
2025-08-01 09:15:39 AM,1091.5,0,0.0,64847330.80000001
2025-08-01 09:15:39 AM,1091.6,5230,5709067.999999999,70556398.80000001
2025-08-01 09:15:40 AM,1092.3,162,176952.6,70733351.4
2025-08-01 09:15:41 AM,1092.3,666,727471.7999999999,71460823.2
2025-08-01 09:15:42 AM,1092.7,0,0.0,71460823.2
2025-08-01 09:15:42 AM,1093.0,506,553058.0,72013881.2
2025-08-01 09:15:43 AM,1093.0,756,826308.0,72840189.2
2025-08-01 09:15:44 AM,1093.8,0,0.0,72840189.2
2025-08-01 09:15:44 AM,1093.8,60,65628.0,72905817.2
2025-08-01 09:15:45 AM,1093.8,189,206728.19999999998,73112545.4
2025-08-01 09:15:45 AM,1093.8,37,40470.6,73153016.0
2025-08-01 09:15:46 AM,1093.3,0,0.0,73153016.0
2025-08-01 09:15:46 AM,1093.3,801,875733.2999999999,74028749.3
2025-08-01 09:15:47 AM,1093.8,0,0.0,74028749.3
2025-08-01 09:15:47 AM,1093.8,133,145475.4,74174224.7
2025-08-01 09:15:48 AM,1094.5,0,0.0,74174224.7
2025-08-01 09:15:48 AM,1094.5,2711,2967189.5,77141414.2
2025-08-01 09:15:49 AM,1094.6,0,0.0,77141414.2
2025-08-01 09:15:49 AM,1094.6,1065,1165749.0,78307163.2
2025-08-01 09:15:50 AM,1094.5,0,0.0,78307163.2
2025-08-01 09:15:50 AM,1094.5,9100,9959950.0,88267113.2
2025-08-01 09:15:50 AM,1093.8,0,0.0,88267113.2
2025-08-01 09:15:51 AM,1094.7,0,0.0,88267113.2
2025-08-01 09:15:51 AM,1094.7,920,1007124.0,89274237.2
2025-08-01 09:15:52 AM,1094.6,0,0.0,89274237.2
2025-08-01 09:15:52 AM,1094.6,1824,1996550.4,91270787.60000001
2025-08-01 09:15:53 AM,1093.1,0,0.0,91270787.60000001
2025-08-01 09:15:53 AM,1093.1,1513,1653860.2999999998,92924647.9
2025-08-01 09:15:54 AM,1092.7,0,0.0,92924647.9
2025-08-01 09:15:54 AM,1092.7,622,679659.4,93604307.30000001
2025-08-01 09:15:55 AM,1093.1,0,0.0,93604307.30000001
2025-08-01 09:15:55 AM,1093.1,56,61213.59999999999,93665520.9
2025-08-01 09:15:56 AM,1092.5,0,0.0,93665520.9
2025-08-01 09:15:56 AM,1092.5,633,691552.5,94357073.4
2025-08-01 09:15:57 AM,1092.4,0,0.0,94357073.4
2025-08-01 09:15:57 AM,1092.4,754,823669.6000000001,95180743.0
2025-08-01 09:15:58 AM,1092.4,117,127810.80000000002,95308553.8
2025-08-01 09:15:58 AM,1091.8,0,0.0,95308553.8
2025-08-01 09:15:59 AM,1091.6,0,0.0,95308553.8
2025-08-01 09:15:59 AM,1091.6,154,168106.4,95476660.2
2025-08-01 09:16:00 AM,1091.0,0,0.0,95476660.2
2025-08-01 09:16:00 AM,1091.0,96,104736.0,95581396.2
2025-08-01 09:16:00 AM,1090.4,0,0.0,95581396.2
2025-08-01 09:16:01 AM,1091.2,6853,7477993.600000001,103059389.8
2025-08-01 09:16:01 AM,1090.2,0,0.0,103059389.8
2025-08-01 09:16:01 AM,1090.3,0,0.0,103059389.8
2025-08-01 09:16:02 AM,1091.1,2836,3094359.5999999996,106153749.39999999
2025-08-01 09:16:02 AM,1090.3,5910,6443673.0,112597422.39999999
2025-08-01 09:16:02 AM,1090.1,0,0.0,112597422.39999999
2025-08-01 09:16:03 AM,1090.5,1180,1286790.0,113884212.39999999
2025-08-01 09:16:04 AM,1089.4,1843,2007764.2000000002,115891976.6
2025-08-01 09:16:05 AM,1090.5,546,595413.0,116487389.6
2025-08-01 09:16:06 AM,1090.1,98,106829.79999999999,116594219.39999999
2025-08-01 09:16:07 AM,1090.1,13,14171.3,116608390.69999999
2025-08-01 09:16:08 AM,1088.9,476,518316.4,117126707.1
2025-08-01 09:16:09 AM,1089.7,65,70830.5,117197537.6
2025-08-01 09:16:09 AM,1089.0,0,0.0,117197537.6
2025-08-01 09:16:09 AM,1089.0,52,56628.0,117254165.6
2025-08-01 09:16:10 AM,1089.8,4,4359.2,117258524.8
2025-08-01 09:16:10 AM,1088.5,2968,3230668.0,120489192.8
2025-08-01 09:16:11 AM,1088.2,53,57674.600000000006,120546867.39999999
2025-08-01 09:16:11 AM,1088.9,44,47911.600000000006,120594778.99999999
2025-08-01 09:16:11 AM,1088.3,0,0.0,120594778.99999999
2025-08-01 09:16:12 AM,1088.9,71,77311.90000000001,120672090.89999999
2025-08-01 09:16:12 AM,1087.8,1505,1637139.0,122309229.89999999
2025-08-01 09:16:12 AM,1088.7,0,0.0,122309229.89999999
2025-08-01 09:16:13 AM,1088.2,205,223081.0,122532310.89999999
2025-08-01 09:16:13 AM,1088.4,0,0.0,122532310.89999999
2025-08-01 09:16:14 AM,1087.6,35,38066.0,122570376.89999999
2025-08-01 09:16:15 AM,1088.2,576,626803.2000000001,123197180.1
2025-08-01 09:16:16 AM,1087.9,274,298084.60000000003,123495264.69999999
2025-08-01 09:16:16 AM,1087.6,0,0.0,123495264.69999999
2025-08-01 09:16:17 AM,1088.8,583,634770.4,124130035.1
2025-08-01 09:16:17 AM,1088.9,75,81667.5,124211702.6
2025-08-01 09:16:18 AM,1089.0,192,209088.0,124420790.6
2025-08-01 09:16:18 AM,1089.2,0,0.0,124420790.6
2025-08-01 09:16:18 AM,1089.2,10,10892.0,124431682.6
2025-08-01 09:16:19 AM,1089.2,10,10892.0,124442574.6
2025-08-01 09:16:19 AM,1090.0,0,0.0,124442574.6
2025-08-01 09:16:20 AM,1089.4,1100,1198340.0,125640914.6
2025-08-01 09:16:20 AM,1089.4,25,27235.000000000004,125668149.6
2025-08-01 09:16:21 AM,1090.5,106,115593.0,125783742.6
2025-08-01 09:16:21 AM,1089.7,0,0.0,125783742.6
2025-08-01 09:16:22 AM,1088.8,1503,1636466.4,127420209.0
2025-08-01 09:16:22 AM,1088.9,55,59889.50000000001,127480098.5
2025-08-01 09:16:23 AM,1089.4,34,37039.600000000006,127517138.1
2025-08-01 09:16:24 AM,1089.8,137,149302.6,127666440.69999999
2025-08-01 09:16:24 AM,1090.0,2300,2507000.0,130173440.69999999
2025-08-01 09:16:24 AM,1089.8,0,0.0,130173440.69999999
2025-08-01 09:16:25 AM,1090.2,1311,1429252.2,131602692.89999999
2025-08-01 09:16:25 AM,1090.0,317,345530.0,131948222.89999999
2025-08-01 09:16:26 AM,1089.8,91,99171.8,132047394.69999999
2025-08-01 09:16:27 AM,1090.8,2025,2208870.0,134256264.7
2025-08-01 09:16:28 AM,1090.3,126,137377.8,134393642.5
2025-08-01 09:16:29 AM,1090.3,102,111210.59999999999,134504853.1
2025-08-01 09:16:29 AM,1090.3,38,41431.4,134546284.5
2025-08-01 09:16:30 AM,1089.3,953,1038102.8999999999,135584387.4
2025-08-01 09:16:31 AM,1089.2,3,3267.6000000000004,135587655.0
2025-08-01 09:16:32 AM,1089.2,100,108920.0,135696575.0
2025-08-01 09:16:33 AM,1089.8,22,23975.6,135720550.6
2025-08-01 09:16:33 AM,1089.4,0,0.0,135720550.6
2025-08-01 09:16:33 AM,1089.4,4,4357.6,135724908.2
2025-08-01 09:16:34 AM,1089.8,645,702921.0,136427829.2
2025-08-01 09:16:34 AM,1089.7,0,0.0,136427829.2
2025-08-01 09:16:34 AM,1089.3,0,0.0,136427829.2
2025-08-01 09:16:35 AM,1089.3,210,228753.0,136656582.2
2025-08-01 09:16:35 AM,1089.4,1432,1560020.8,138216603.0
2025-08-01 09:16:36 AM,1089.4,524,570845.6000000001,138787448.6
2025-08-01 09:16:36 AM,1089.5,0,0.0,138787448.6
2025-08-01 09:16:36 AM,1089.4,0,0.0,138787448.6
2025-08-01 09:16:37 AM,1090.0,1673,1823570.0,140611018.6
2025-08-01 09:16:38 AM,1090.3,725,790467.5,141401486.1
2025-08-01 09:16:39 AM,1091.0,480,523680.0,141925166.1
2025-08-01 09:16:40 AM,1091.3,103,112403.9,142037570.0
2025-08-01 09:16:41 AM,1091.0,15,16365.0,142053935.0
2025-08-01 09:16:42 AM,1091.3,7,7639.099999999999,142061574.1
2025-08-01 09:16:43 AM,1091.3,22,24008.6,142085582.7
2025-08-01 09:16:43 AM,1091.1,3,3273.2999999999997,142088856.0
2025-08-01 09:16:43 AM,1091.3,0,0.0,142088856.0
2025-08-01 09:16:44 AM,1091.8,1021,1114727.8,143203583.8
2025-08-01 09:16:44 AM,1091.6,0,0.0,143203583.8
2025-08-01 09:16:44 AM,1091.6,15,16373.999999999998,143219957.8
2025-08-01 09:16:45 AM,1091.3,297,324116.1,143544073.9
2025-08-01 09:16:45 AM,1091.0,0,0.0,143544073.9
2025-08-01 09:16:45 AM,1091.0,179,195289.0,143739362.9
2025-08-01 09:16:46 AM,1090.9,600,654540.0,144393902.9
2025-08-01 09:16:46 AM,1090.0,0,0.0,144393902.9
2025-08-01 09:16:47 AM,1090.0,534,582060.0,144975962.9
2025-08-01 09:16:47 AM,1091.0,600,654600.0,145630562.9
2025-08-01 09:16:48 AM,1090.3,6,6541.799999999999,145637104.70000002
2025-08-01 09:16:48 AM,1091.0,70,76370.0,145713474.70000002
2025-08-01 09:16:49 AM,1090.4,0,0.0,145713474.70000002
2025-08-01 09:16:50 AM,1090.4,54,58881.600000000006,145772356.3
2025-08-01 09:16:50 AM,1091.5,0,0.0,145772356.3
2025-08-01 09:16:51 AM,1091.5,794,866651.0,146639007.3
2025-08-01 09:16:51 AM,1091.6,50,54579.99999999999,146693587.3
2025-08-01 09:16:51 AM,1092.0,0,0.0,146693587.3
2025-08-01 09:16:52 AM,1092.0,6,6552.0,146700139.3
2025-08-01 09:16:52 AM,1091.7,0,0.0,146700139.3
2025-08-01 09:16:53 AM,1091.7,115,125545.5,146825684.8
2025-08-01 09:16:54 AM,1091.7,505,551308.5,147376993.3
2025-08-01 09:16:54 AM,1091.4,0,0.0,147376993.3
2025-08-01 09:16:55 AM,1091.4,208,227011.2,147604004.5
2025-08-01 09:16:56 AM,1091.4,1,1091.4,147605095.9
2025-08-01 09:16:56 AM,1091.3,13,14186.9,147619282.8
2025-08-01 09:16:57 AM,1091.9,205,223839.50000000003,147843122.3
2025-08-01 09:16:58 AM,1091.5,50,54575.0,147897697.3
2025-08-01 09:16:58 AM,1092.0,0,0.0,147897697.3
2025-08-01 09:16:59 AM,1092.0,457,499044.0,148396741.3
2025-08-01 09:16:59 AM,1092.0,100,109200.0,148505941.3
2025-08-01 09:17:00 AM,1091.6,125,136450.0,148642391.3
2025-08-01 09:17:00 AM,1092.1,0,0.0,148642391.3
2025-08-01 09:17:00 AM,1092.1,2401,2622132.0999999996,151264523.4
2025-08-01 09:17:01 AM,1091.7,0,0.0,151264523.4
2025-08-01 09:17:01 AM,1091.6,0,0.0,151264523.4
2025-08-01 09:17:02 AM,1091.6,1305,1424537.9999999998,152689061.4
2025-08-01 09:17:02 AM,1091.6,173,188846.8,152877908.20000002
2025-08-01 09:17:03 AM,1091.6,321,350403.6,153228311.8
2025-08-01 09:17:03 AM,1091.7,503,549125.1,153777436.9
2025-08-01 09:17:03 AM,1091.6,0,0.0,153777436.9
2025-08-01 09:17:03 AM,1092.0,0,0.0,153777436.9
2025-08-01 09:17:04 AM,1092.2,258,281787.60000000003,154059224.5
2025-08-01 09:17:04 AM,1092.7,0,0.0,154059224.5
2025-08-01 09:17:04 AM,1092.7,1413,1543985.1,155603209.6
2025-08-01 09:17:05 AM,1093.0,20,21860.0,155625069.6
2025-08-01 09:17:06 AM,1092.2,0,0.0,155625069.6
2025-08-01 09:17:07 AM,1092.2,57,62255.4,155687325.0
2025-08-01 09:17:07 AM,1092.9,74,80874.6,155768199.6
2025-08-01 09:17:07 AM,1093.5,0,0.0,155768199.6
2025-08-01 09:17:08 AM,1093.9,1546,1691169.4000000001,157459369.0
2025-08-01 09:17:09 AM,1093.5,125,136687.5,157596056.5
2025-08-01 09:17:09 AM,1093.9,500,546950.0,158143006.5
2025-08-01 09:17:09 AM,1094.6,0,0.0,158143006.5
2025-08-01 09:17:10 AM,1094.6,956,1046437.5999999999,159189444.1
2025-08-01 09:17:10 AM,1094.8,2,2189.6,159191633.7
2025-08-01 09:17:10 AM,1094.2,0,0.0,159191633.7
2025-08-01 09:17:11 AM,1094.7,2248,2460885.6,161652519.29999998
2025-08-01 09:17:11 AM,1095.4,12,13144.800000000001,161665664.1
2025-08-01 09:17:11 AM,1095.8,0,0.0,161665664.1
2025-08-01 09:17:12 AM,1095.3,480,525744.0,162191408.1
2025-08-01 09:17:13 AM,1096.2,559,612775.8,162804183.9
2025-08-01 09:17:13 AM,1095.9,0,0.0,162804183.9
2025-08-01 09:17:13 AM,1095.9,4,4383.6,162808567.5
2025-08-01 09:17:14 AM,1096.2,20,21924.0,162830491.5
2025-08-01 09:17:14 AM,1095.9,0,0.0,162830491.5
2025-08-01 09:17:15 AM,1095.9,28,30685.200000000004,162861176.7
2025-08-01 09:17:15 AM,1096.0,1486,1628656.0,164489832.7
2025-08-01 09:17:16 AM,1096.5,0,0.0,164489832.7
2025-08-01 09:17:16 AM,1096.5,202,221493.0,164711325.7
2025-08-01 09:17:17 AM,1095.6,0,0.0,164711325.7
2025-08-01 09:17:17 AM,1095.6,120,131472.0,164842797.7
2025-08-01 09:17:18 AM,1096.2,113,123870.6,164966668.29999998
2025-08-01 09:17:18 AM,1095.3,0,0.0,164966668.29999998
2025-08-01 09:17:19 AM,1095.9,1210,1326039.0,166292707.29999998
2025-08-01 09:17:19 AM,1095.8,10,10958.0,166303665.29999998
2025-08-01 09:17:19 AM,1096.0,0,0.0,166303665.29999998
2025-08-01 09:17:20 AM,1095.9,102,111781.8,166415447.1
2025-08-01 09:17:20 AM,1096.0,150,164400.0,166579847.1
2025-08-01 09:17:21 AM,1096.0,17,18632.0,166598479.1
2025-08-01 09:17:21 AM,1097.0,0,0.0,166598479.1
2025-08-01 09:17:21 AM,1097.1,0,0.0,166598479.1
2025-08-01 09:17:22 AM,1097.8,3446,3783018.8,170381497.9
2025-08-01 09:17:22 AM,1097.8,110,120758.0,170502255.9
2025-08-01 09:17:22 AM,1097.3,0,0.0,170502255.9
2025-08-01 09:17:23 AM,1097.4,200,219480.00000000003,170721735.9
2025-08-01 09:17:23 AM,1097.4,39,42798.600000000006,170764534.5
2025-08-01 09:17:24 AM,1098.0,484,531432.0,171295966.5
2025-08-01 09:17:25 AM,1097.9,11,12076.900000000001,171308043.4
2025-08-01 09:17:25 AM,1097.3,254,278714.2,171586757.6
2025-08-01 09:17:26 AM,1098.1,803,881774.2999999999,172468531.9
2025-08-01 09:17:27 AM,1097.9,220,241538.00000000003,172710069.9
2025-08-01 09:17:27 AM,1097.8,0,0.0,172710069.9
2025-08-01 09:17:28 AM,1097.9,499,547852.1000000001,173257922.0
2025-08-01 09:17:28 AM,1097.1,0,0.0,173257922.0
2025-08-01 09:17:28 AM,1097.1,2,2194.2,173260116.2
2025-08-01 09:17:29 AM,1097.6,1685,1849455.9999999998,175109572.2
2025-08-01 09:17:30 AM,1097.4,0,0.0,175109572.2
2025-08-01 09:17:30 AM,1097.4,423,464200.2,175573772.39999998
2025-08-01 09:17:31 AM,1097.9,0,0.0,175573772.39999998
2025-08-01 09:17:31 AM,1098.0,0,0.0,175573772.39999998
2025-08-01 09:17:32 AM,1098.0,652,715896.0,176289668.39999998
2025-08-01 09:17:32 AM,1097.0,0,0.0,176289668.39999998
2025-08-01 09:17:33 AM,1097.0,927,1016919.0,177306587.39999998
2025-08-01 09:17:33 AM,1097.6,0,0.0,177306587.39999998
2025-08-01 09:17:33 AM,1097.1,0,0.0,177306587.39999998
2025-08-01 09:17:34 AM,1097.7,3577,3926472.9000000004,181233060.29999998
2025-08-01 09:17:34 AM,1097.9,10,10979.0,181244039.29999998
2025-08-01 09:17:34 AM,1098.2,0,0.0,181244039.29999998
2025-08-01 09:17:35 AM,1097.6,1829,2007510.4,183251549.7
2025-08-01 09:17:35 AM,1098.0,0,0.0,183251549.7
2025-08-01 09:17:36 AM,1099.0,4066,4468534.0,187720083.7
2025-08-01 09:17:36 AM,1098.9,0,0.0,187720083.7
2025-08-01 09:17:36 AM,1098.4,0,0.0,187720083.7
2025-08-01 09:17:37 AM,1098.0,2165,2377170.0,190097253.7
2025-08-01 09:17:37 AM,1098.6,0,0.0,190097253.7
2025-08-01 09:17:38 AM,1098.9,75,82417.5,190179671.2
2025-08-01 09:17:38 AM,1098.1,0,0.0,190179671.2
2025-08-01 09:17:39 AM,1099.4,4799,5276020.600000001,195455691.79999998
2025-08-01 09:17:39 AM,1099.8,0,0.0,195455691.79999998
2025-08-01 09:17:40 AM,1099.2,865,950808.0,196406499.79999998
2025-08-01 09:17:41 AM,1099.5,100,109950.0,196516449.79999998
2025-08-01 09:17:42 AM,1099.1,461,506685.1,197023134.89999998
2025-08-01 09:17:43 AM,1099.1,676,742991.6,197766126.49999997
2025-08-01 09:17:44 AM,1098.8,0,0.0,197766126.49999997
2025-08-01 09:17:44 AM,1098.3,0,0.0,197766126.49999997
2025-08-01 09:17:45 AM,1098.3,2093,2298741.9,200064868.39999998
2025-08-01 09:17:45 AM,1098.8,0,0.0,200064868.39999998
2025-08-01 09:17:46 AM,1098.8,225,247230.0,200312098.39999998
2025-08-01 09:17:46 AM,1098.1,0,0.0,200312098.39999998
2025-08-01 09:17:47 AM,1098.7,1104,1212964.8,201525063.2
2025-08-01 09:17:47 AM,1097.3,0,0.0,201525063.2
2025-08-01 09:17:48 AM,1097.3,2545,2792628.5,204317691.7
2025-08-01 09:17:48 AM,1096.8,0,0.0,204317691.7
2025-08-01 09:17:49 AM,1097.6,2165,2376304.0,206693995.7
2025-08-01 09:17:49 AM,1098.3,202,221856.59999999998,206915852.29999998
2025-08-01 09:17:49 AM,1098.6,0,0.0,206915852.29999998
2025-08-01 09:17:49 AM,1097.7,0,0.0,206915852.29999998
2025-08-01 09:17:50 AM,1097.7,537,589464.9,207505317.2
2025-08-01 09:17:50 AM,1097.7,5,5488.5,207510805.7
2025-08-01 09:17:51 AM,1097.7,8,8781.6,207519587.29999998
2025-08-01 09:17:51 AM,1098.3,10,10983.0,207530570.29999998
2025-08-01 09:17:52 AM,1098.4,420,461328.00000000006,207991898.29999998
2025-08-01 09:17:52 AM,1098.0,0,0.0,207991898.29999998
2025-08-01 09:17:53 AM,1098.4,292,320732.80000000005,208312631.1
2025-08-01 09:17:53 AM,1098.4,150,164760.0,208477391.1
2025-08-01 09:17:53 AM,1098.0,0,0.0,208477391.1
2025-08-01 09:17:54 AM,1098.0,136,149328.0,208626719.1
2025-08-01 09:17:54 AM,1098.0,100,109800.0,208736519.1
2025-08-01 09:17:55 AM,1098.4,501,550298.4,209286817.5
2025-08-01 09:17:56 AM,1098.4,10,10984.0,209297801.5
2025-08-01 09:17:57 AM,1098.4,8,8787.2,209306588.7
2025-08-01 09:17:57 AM,1098.0,324,355752.0,209662340.7
2025-08-01 09:17:57 AM,1098.0,428,469944.0,210132284.7
2025-08-01 09:17:58 AM,1098.1,54,59297.399999999994,210191582.1
2025-08-01 09:17:59 AM,1098.1,1,1098.1,210192680.2
2025-08-01 09:17:59 AM,1098.1,216,237189.59999999998,210429869.79999998
2025-08-01 09:17:59 AM,1098.7,0,0.0,210429869.79999998
2025-08-01 09:18:00 AM,1098.7,4,4394.8,210434264.6
2025-08-01 09:18:00 AM,1097.9,0,0.0,210434264.6
2025-08-01 09:18:00 AM,1097.6,0,0.0,210434264.6
2025-08-01 09:18:01 AM,1097.6,1413,1550908.7999999998,211985173.4
2025-08-01 09:18:01 AM,1098.6,0,0.0,211985173.4
2025-08-01 09:18:01 AM,1098.6,302,331777.19999999995,212316950.6
2025-08-01 09:18:02 AM,1099.2,3958,4350633.600000001,216667584.2
2025-08-01 09:18:02 AM,1099.7,0,0.0,216667584.2
2025-08-01 09:18:02 AM,1099.2,26,28579.2,216696163.39999998
2025-08-01 09:18:04 AM,1100.3,5136,5651140.8,222347304.2
2025-08-01 09:18:05 AM,1100.8,13,14310.4,222361614.6
2025-08-01 09:18:06 AM,1102.6,2943,3244951.8,225606566.4
2025-08-01 09:18:06 AM,1102.6,30,33078.0,225639644.4
2025-08-01 09:18:07 AM,1102.7,396,436669.2,226076313.6
2025-08-01 09:18:07 AM,1102.1,2,2204.2,226078517.79999998
2025-08-01 09:18:07 AM,1102.7,0,0.0,226078517.79999998
2025-08-01 09:18:08 AM,1102.1,306,337242.6,226415760.39999998
2025-08-01 09:18:08 AM,1102.2,413,455208.60000000003,226870968.99999997
2025-08-01 09:18:09 AM,1102.3,934,1029548.2,227900517.19999996
2025-08-01 09:18:09 AM,1103.0,0,0.0,227900517.19999996
2025-08-01 09:18:09 AM,1103.0,122,134566.0,228035083.19999996
2025-08-01 09:18:10 AM,1103.0,216,238248.0,228273331.19999996
2025-08-01 09:18:10 AM,1102.6,0,0.0,228273331.19999996
2025-08-01 09:18:10 AM,1102.6,50,55129.99999999999,228328461.19999996
2025-08-01 09:18:11 AM,1102.5,2865,3158662.5,231487123.69999996
2025-08-01 09:18:11 AM,1103.0,0,0.0,231487123.69999996
2025-08-01 09:18:11 AM,1102.6,27,29770.199999999997,231516893.89999995
2025-08-01 09:18:12 AM,1103.0,117,129051.0,231645944.89999995
2025-08-01 09:18:13 AM,1103.8,341,376395.8,232022340.69999996
2025-08-01 09:18:13 AM,1103.8,10,11038.0,232033378.69999996
2025-08-01 09:18:14 AM,1104.0,1509,1665936.0,233699314.69999996
2025-08-01 09:18:14 AM,1104.0,106,117024.0,233816338.69999996
2025-08-01 09:18:15 AM,1103.4,491,541769.4,234358108.09999996
2025-08-01 09:18:15 AM,1104.0,0,0.0,234358108.09999996
2025-08-01 09:18:15 AM,1104.0,25,27600.0,234385708.09999996
2025-08-01 09:18:16 AM,1103.5,154,169939.0,234555647.09999996
2025-08-01 09:18:16 AM,1104.0,0,0.0,234555647.09999996
2025-08-01 09:18:16 AM,1104.0,25,27600.0,234583247.09999996
2025-08-01 09:18:16 AM,1103.4,0,0.0,234583247.09999996
2025-08-01 09:18:17 AM,1102.7,1531,1688233.7,236271480.79999995
2025-08-01 09:18:17 AM,1103.0,0,0.0,236271480.79999995
2025-08-01 09:18:17 AM,1103.0,500,551500.0,236822980.79999995
2025-08-01 09:18:17 AM,1103.5,0,0.0,236822980.79999995
2025-08-01 09:18:18 AM,1102.6,1071,1180884.5999999999,238003865.39999995
2025-08-01 09:18:18 AM,1103.0,0,0.0,238003865.39999995
2025-08-01 09:18:18 AM,1103.0,150,165450.0,238169315.39999995
2025-08-01 09:18:19 AM,1103.1,709,782097.8999999999,238951413.29999995
2025-08-01 09:18:19 AM,1103.1,25,27577.499999999996,238978990.79999995
2025-08-01 09:18:20 AM,1103.0,161,177583.0,239156573.79999995
2025-08-01 09:18:20 AM,1103.9,0,0.0,239156573.79999995
2025-08-01 09:18:21 AM,1103.0,2186,2411158.0,241567731.79999995
2025-08-01 09:18:21 AM,1102.7,0,0.0,241567731.79999995
2025-08-01 09:18:21 AM,1102.7,350,385945.0,241953676.79999995
2025-08-01 09:18:22 AM,1103.6,927,1023037.2,242976713.99999994
2025-08-01 09:18:23 AM,1103.4,248,273643.2,243250357.19999993
2025-08-01 09:18:24 AM,1103.9,1408,1554291.2000000002,244804648.39999992
2025-08-01 09:18:24 AM,1104.0,0,0.0,244804648.39999992
2025-08-01 09:18:25 AM,1104.6,1893,2091007.7999999998,246895656.19999993
2025-08-01 09:18:25 AM,1104.5,0,0.0,246895656.19999993
2025-08-01 09:18:26 AM,1105.0,3251,3592355.0,250488011.19999993
2025-08-01 09:18:27 AM,1105.0,1107,1223235.0,251711246.19999993
2025-08-01 09:18:27 AM,1104.5,900,994050.0,252705296.19999993
2025-08-01 09:18:27 AM,1104.3,0,0.0,252705296.19999993
2025-08-01 09:18:27 AM,1104.5,0,0.0,252705296.19999993
2025-08-01 09:18:28 AM,1105.0,105,116025.0,252821321.19999993
2025-08-01 09:18:28 AM,1104.6,25,27614.999999999996,252848936.19999993
2025-08-01 09:18:28 AM,1104.5,0,0.0,252848936.19999993
2025-08-01 09:18:29 AM,1104.3,990,1093257.0,253942193.19999993
2025-08-01 09:18:29 AM,1104.4,37,40862.8,253983055.99999994
2025-08-01 09:18:30 AM,1105.0,2,2210.0,253985265.99999994
2025-08-01 09:18:30 AM,1103.9,0,0.0,253985265.99999994
2025-08-01 09:18:30 AM,1103.8,0,0.0,253985265.99999994
2025-08-01 09:18:31 AM,1103.4,2315,2554371.0,256539636.99999994
2025-08-01 09:18:31 AM,1103.4,18,19861.2,256559498.19999993
2025-08-01 09:18:32 AM,1104.4,650,717860.0000000001,257277358.19999993
2025-08-01 09:18:32 AM,1103.5,54,59589.0,257336947.19999993
2025-08-01 09:18:32 AM,1103.7,0,0.0,257336947.19999993
2025-08-01 09:18:32 AM,1103.4,0,0.0,257336947.19999993
2025-08-01 09:18:33 AM,1103.8,443,488983.39999999997,257825930.59999993
2025-08-01 09:18:33 AM,1103.5,346,381811.0,258207741.59999993
2025-08-01 09:18:34 AM,1103.0,12,13236.0,258220977.59999993
2025-08-01 09:18:34 AM,1103.0,50,55150.0,258276127.59999993
2025-08-01 09:18:34 AM,1103.4,0,0.0,258276127.59999993
2025-08-01 09:18:35 AM,1102.7,70,77189.0,258353316.59999993
2025-08-01 09:18:35 AM,1103.3,522,575922.6,258929239.19999993
2025-08-01 09:18:36 AM,1103.3,2,2206.6,258931445.79999992
2025-08-01 09:18:36 AM,1102.7,0,0.0,258931445.79999992
2025-08-01 09:18:37 AM,1102.7,144,158788.80000000002,259090234.59999993
2025-08-01 09:18:37 AM,1103.1,105,115825.49999999999,259206060.09999993
2025-08-01 09:18:38 AM,1103.4,1095,1208223.0,260414283.09999993
2025-08-01 09:18:38 AM,1102.9,8,8823.2,260423106.29999992
2025-08-01 09:18:39 AM,1103.0,315,347445.0,260770551.29999992
2025-08-01 09:18:39 AM,1103.0,53,58459.0,260829010.29999992
2025-08-01 09:18:39 AM,1102.7,0,0.0,260829010.29999992
2025-08-01 09:18:40 AM,1102.5,631,695677.5,261524687.79999992
2025-08-01 09:18:40 AM,1102.7,0,0.0,261524687.79999992
2025-08-01 09:18:40 AM,1103.0,0,0.0,261524687.79999992
2025-08-01 09:18:41 AM,1102.7,141,155480.7,261680168.4999999
2025-08-01 09:18:41 AM,1103.0,10,11030.0,261691198.4999999
2025-08-01 09:18:42 AM,1102.7,78,86010.6,261777209.0999999
2025-08-01 09:18:42 AM,1102.5,0,0.0,261777209.0999999
2025-08-01 09:18:43 AM,1102.8,533,587792.4,262365001.4999999
2025-08-01 09:18:43 AM,1103.0,85,93755.0,262458756.4999999
2025-08-01 09:18:44 AM,1102.6,302,332985.19999999995,262791741.6999999
2025-08-01 09:18:44 AM,1102.4,800,881920.0000000001,263673661.6999999
2025-08-01 09:18:44 AM,1102.2,0,0.0,263673661.6999999
2025-08-01 09:18:45 AM,1102.2,354,390178.8,264063840.4999999
2025-08-01 09:18:46 AM,1102.5,109,120172.5,264184012.9999999
2025-08-01 09:18:46 AM,1101.9,1325,1460017.5000000002,265644030.4999999
2025-08-01 09:18:46 AM,1101.4,0,0.0,265644030.4999999
2025-08-01 09:18:47 AM,1101.6,179,197186.4,265841216.89999992
2025-08-01 09:18:47 AM,1102.3,50,55115.0,265896331.89999992
2025-08-01 09:18:48 AM,1102.4,600,661440.0,266557771.89999992
2025-08-01 09:18:48 AM,1102.5,0,0.0,266557771.89999992
2025-08-01 09:18:48 AM,1103.2,0,0.0,266557771.89999992
2025-08-01 09:18:49 AM,1103.4,5917,6528817.800000001,273086589.6999999
2025-08-01 09:18:49 AM,1102.8,300,330840.0,273417429.6999999
2025-08-01 09:18:49 AM,1102.9,0,0.0,273417429.6999999
2025-08-01 09:18:50 AM,1102.7,1000,1102700.0,274520129.6999999
2025-08-01 09:18:50 AM,1103.1,0,0.0,274520129.6999999
2025-08-01 09:18:51 AM,1103.1,1175,1296142.5,275816272.1999999
2025-08-01 09:18:51 AM,1103.7,25,27592.5,275843864.6999999
2025-08-01 09:18:51 AM,1103.9,0,0.0,275843864.6999999
2025-08-01 09:18:52 AM,1103.3,1178,1299687.4,277143552.0999999
2025-08-01 09:18:52 AM,1103.2,500,551600.0,277695152.0999999
2025-08-01 09:18:53 AM,1103.0,198,218394.0,277913546.0999999
2025-08-01 09:18:53 AM,1103.3,194,214040.19999999998,278127586.2999999
2025-08-01 09:18:53 AM,1103.0,0,0.0,278127586.2999999
2025-08-01 09:18:54 AM,1103.0,102,112506.0,278240092.2999999
2025-08-01 09:18:54 AM,1102.9,50,55145.00000000001,278295237.2999999
2025-08-01 09:18:55 AM,1102.9,17,18749.300000000003,278313986.5999999
2025-08-01 09:18:55 AM,1103.7,1228,1355343.6,279669330.1999999
2025-08-01 09:18:55 AM,1103.3,0,0.0,279669330.1999999
2025-08-01 09:18:56 AM,1103.7,35,38629.5,279707959.6999999
2025-08-01 09:18:56 AM,1103.2,0,0.0,279707959.6999999
2025-08-01 09:18:57 AM,1103.2,152,167686.4,279875646.0999999
2025-08-01 09:18:57 AM,1103.6,1,1103.6,279876749.6999999
2025-08-01 09:18:57 AM,1103.2,0,0.0,279876749.6999999
2025-08-01 09:18:58 AM,1103.7,81,89399.7,279966149.3999999
2025-08-01 09:18:58 AM,1103.6,7,7725.199999999999,279973874.5999999
2025-08-01 09:18:59 AM,1103.2,138,152241.6,280126116.1999999
2025-08-01 09:18:59 AM,1103.6,50,55179.99999999999,280181296.1999999
2025-08-01 09:18:59 AM,1103.0,0,0.0,280181296.1999999
2025-08-01 09:18:59 AM,1102.9,0,0.0,280181296.1999999
2025-08-01 09:19:00 AM,1103.4,438,483289.2,280664585.3999999
2025-08-01 09:19:00 AM,1103.1,244,269156.39999999997,280933741.7999999
2025-08-01 09:19:00 AM,1102.9,0,0.0,280933741.7999999
2025-08-01 09:19:01 AM,1102.0,1516,1670632.0,282604373.7999999
2025-08-01 09:19:01 AM,1102.2,5,5511.0,282609884.7999999
2025-08-01 09:19:01 AM,1101.6,0,0.0,282609884.7999999
2025-08-01 09:19:02 AM,1102.2,331,364828.2,282974712.9999999
2025-08-01 09:19:03 AM,1102.5,237,261292.5,283236005.4999999
2025-08-01 09:19:03 AM,1101.9,10,11019.0,283247024.4999999
2025-08-01 09:19:04 AM,1101.5,260,286390.0,283533414.4999999
2025-08-01 09:19:04 AM,1101.8,68,74922.4,283608336.89999986
2025-08-01 09:19:04 AM,1102.0,0,0.0,283608336.89999986
2025-08-01 09:19:04 AM,1102.2,0,0.0,283608336.89999986
2025-08-01 09:19:05 AM,1101.7,405,446188.5,284054525.39999986
2025-08-01 09:19:06 AM,1102.1,154,169723.4,284224248.79999983
2025-08-01 09:19:07 AM,1102.7,44,48518.8,284272767.59999985
2025-08-01 09:19:08 AM,1102.2,3,3306.6000000000004,284276074.19999987
2025-08-01 09:19:09 AM,1103.7,1052,1161092.4000000001,285437166.59999985
2025-08-01 09:19:09 AM,1102.9,141,155508.90000000002,285592675.4999998
2025-08-01 09:19:09 AM,1103.0,0,0.0,285592675.4999998
2025-08-01 09:19:10 AM,1103.6,250,275900.0,285868575.4999998
2025-08-01 09:19:10 AM,1103.6,1185,1307766.0,287176341.4999998
2025-08-01 09:19:11 AM,1103.6,25,27589.999999999996,287203931.4999998
2025-08-01 09:19:11 AM,1103.6,349,385156.39999999997,287589087.8999998
2025-08-01 09:19:11 AM,1104.0,0,0.0,287589087.8999998
2025-08-01 09:19:12 AM,1103.6,181,199751.59999999998,287788839.4999998
2025-08-01 09:19:12 AM,1103.6,76,83873.59999999999,287872713.09999985
2025-08-01 09:19:12 AM,1104.0,0,0.0,287872713.09999985
2025-08-01 09:19:13 AM,1103.6,564,622430.3999999999,288495143.4999998
2025-08-01 09:19:13 AM,1104.1,0,0.0,288495143.4999998
2025-08-01 09:19:14 AM,1104.4,376,415254.4,288910397.8999998
2025-08-01 09:19:14 AM,1104.1,0,0.0,288910397.8999998
2025-08-01 09:19:15 AM,1104.5,79,87255.5,288997653.3999998
2025-08-01 09:19:15 AM,1104.1,0,0.0,288997653.3999998
2025-08-01 09:19:16 AM,1103.9,393,433832.7,289431486.0999998
2025-08-01 09:19:16 AM,1103.7,50,55185.0,289486671.0999998
2025-08-01 09:19:17 AM,1104.1,203,224132.3,289710803.3999998
2025-08-01 09:19:17 AM,1103.6,100,110359.99999999999,289821163.3999998
2025-08-01 09:19:17 AM,1104.2,0,0.0,289821163.3999998
2025-08-01 09:19:18 AM,1103.6,175,193129.99999999997,290014293.3999998
2025-08-01 09:19:18 AM,1103.8,0,0.0,290014293.3999998
2025-08-01 09:19:18 AM,1103.8,1070,1181066.0,291195359.3999998
2025-08-01 09:19:19 AM,1103.8,180,198684.0,291394043.3999998
2025-08-01 09:19:19 AM,1104.0,0,0.0,291394043.3999998
2025-08-01 09:19:19 AM,1104.0,56,61824.0,291455867.3999998
2025-08-01 09:19:20 AM,1104.0,54,59616.0,291515483.3999998
2025-08-01 09:19:21 AM,1104.4,62,68472.8,291583956.1999998
2025-08-01 09:19:21 AM,1104.0,0,0.0,291583956.1999998
2025-08-01 09:19:21 AM,1104.5,0,0.0,291583956.1999998
2025-08-01 09:19:22 AM,1104.5,586,647237.0,292231193.1999998
2025-08-01 09:19:22 AM,1105.2,4635,5122602.0,297353795.1999998
2025-08-01 09:19:22 AM,1104.8,0,0.0,297353795.1999998
2025-08-01 09:19:23 AM,1104.4,222,245176.80000000002,297598971.9999998
2025-08-01 09:19:23 AM,1104.7,0,0.0,297598971.9999998
2025-08-01 09:19:24 AM,1104.2,230,253966.0,297852937.9999998
2025-08-01 09:19:25 AM,1103.5,955,1053842.5,298906780.4999998
2025-08-01 09:19:25 AM,1102.3,0,0.0,298906780.4999998
2025-08-01 09:19:25 AM,1102.2,0,0.0,298906780.4999998
2025-08-01 09:19:26 AM,1101.6,3463,3814840.8,302721621.29999983
2025-08-01 09:19:26 AM,1102.2,50,55110.0,302776731.29999983
2025-08-01 09:19:27 AM,1102.4,333,367099.2,303143830.4999998
2025-08-01 09:19:27 AM,1101.7,76,83729.2,303227559.6999998
2025-08-01 09:19:28 AM,1101.5,116,127774.0,303355333.6999998
2025-08-01 09:19:28 AM,1101.9,1,1101.9,303356435.5999998
2025-08-01 09:19:29 AM,1101.1,18,19819.8,303376255.3999998
2025-08-01 09:19:29 AM,1101.8,0,0.0,303376255.3999998
2025-08-01 09:19:29 AM,1101.8,46,50682.799999999996,303426938.1999998
2025-08-01 09:19:29 AM,1101.1,0,0.0,303426938.1999998
2025-08-01 09:19:30 AM,1101.8,5167,5693000.6,309119938.79999983
2025-08-01 09:19:30 AM,1100.8,0,0.0,309119938.79999983
2025-08-01 09:19:30 AM,1100.8,248,272998.39999999997,309392937.1999998
2025-08-01 09:19:31 AM,1100.6,0,0.0,309392937.1999998
2025-08-01 09:19:31 AM,1100.0,0,0.0,309392937.1999998
2025-08-01 09:19:32 AM,1100.0,1148,1262800.0,310655737.1999998
2025-08-01 09:19:32 AM,1100.0,50,55000.0,310710737.1999998
2025-08-01 09:19:33 AM,1100.5,425,467712.5,311178449.6999998
2025-08-01 09:19:33 AM,1100.0,0,0.0,311178449.6999998
2025-08-01 09:19:33 AM,1100.6,0,0.0,311178449.6999998
2025-08-01 09:19:34 AM,1100.6,395,434736.99999999994,311613186.6999998
2025-08-01 09:19:34 AM,1099.2,0,0.0,311613186.6999998
2025-08-01 09:19:35 AM,1099.2,4617,5075006.4,316688193.0999998
2025-08-01 09:19:35 AM,1099.8,72,79185.59999999999,316767378.6999998
2025-08-01 09:19:35 AM,1098.9,0,0.0,316767378.6999998
2025-08-01 09:19:36 AM,1099.0,2899,3186001.0,319953379.6999998
2025-08-01 09:19:36 AM,1099.4,450,494730.00000000006,320448109.6999998
2025-08-01 09:19:36 AM,1098.8,0,0.0,320448109.6999998
2025-08-01 09:19:37 AM,1099.3,169,185781.69999999998,320633891.3999998
2025-08-01 09:19:37 AM,1099.4,0,0.0,320633891.3999998
2025-08-01 09:19:38 AM,1099.4,211,231973.40000000002,320865864.7999998
2025-08-01 09:19:38 AM,1099.0,1165,1280335.0,322146199.7999998
2025-08-01 09:19:38 AM,1098.5,0,0.0,322146199.7999998
2025-08-01 09:19:39 AM,1098.5,2307,2534239.5,324680439.2999998
2025-08-01 09:19:39 AM,1099.0,10,10990.0,324691429.2999998
2025-08-01 09:19:40 AM,1099.5,2057,2261671.5,326953100.7999998
2025-08-01 09:19:40 AM,1099.5,311,341944.5,327295045.2999998
2025-08-01 09:19:41 AM,1100.0,213,234300.0,327529345.2999998
2025-08-01 09:19:41 AM,1100.3,0,0.0,327529345.2999998
2025-08-01 09:19:41 AM,1100.3,909,1000172.7,328529517.99999976
2025-08-01 09:19:42 AM,1100.2,160,176032.0,328705549.99999976
2025-08-01 09:19:42 AM,1100.7,0,0.0,328705549.99999976
2025-08-01 09:19:42 AM,1100.7,888,977421.6000000001,329682971.5999998
2025-08-01 09:19:43 AM,1100.7,406,446884.2,330129855.7999998
2025-08-01 09:19:43 AM,1100.8,0,0.0,330129855.7999998
2025-08-01 09:19:43 AM,1100.8,146,160716.8,330290572.5999998
2025-08-01 09:19:44 AM,1101.9,50,55095.00000000001,330345667.5999998
2025-08-01 09:19:44 AM,1101.3,0,0.0,330345667.5999998
2025-08-01 09:19:45 AM,1101.3,438,482369.39999999997,330828036.99999976
2025-08-01 09:19:45 AM,1101.2,300,330360.0,331158396.99999976
2025-08-01 09:19:45 AM,1101.7,0,0.0,331158396.99999976
2025-08-01 09:19:46 AM,1101.7,156,171865.2,331330262.19999975
2025-08-01 09:19:46 AM,1101.6,0,0.0,331330262.19999975
2025-08-01 09:19:47 AM,1101.6,51,56181.6,331386443.7999998
2025-08-01 09:19:47 AM,1101.2,210,231252.0,331617695.7999998
2025-08-01 09:19:48 AM,1100.9,213,234491.7,331852187.49999976
2025-08-01 09:19:48 AM,1101.6,0,0.0,331852187.49999976
2025-08-01 09:19:48 AM,1101.8,0,0.0,331852187.49999976
2025-08-01 09:19:49 AM,1101.8,354,390037.2,332242224.69999975
2025-08-01 09:19:49 AM,1101.8,119,131114.19999999998,332373338.89999974
2025-08-01 09:19:49 AM,1102.5,0,0.0,332373338.89999974
2025-08-01 09:19:50 AM,1101.9,41,45177.9,332418516.7999997
2025-08-01 09:19:50 AM,1101.9,287,316245.30000000005,332734762.0999997
2025-08-01 09:19:50 AM,1102.8,0,0.0,332734762.0999997
2025-08-01 09:19:51 AM,1102.9,104,114701.6,332849463.69999975
2025-08-01 09:19:51 AM,1102.2,30,33066.0,332882529.69999975
2025-08-01 09:19:52 AM,1102.0,2,2204.0,332884733.69999975
2025-08-01 09:19:52 AM,1101.9,152,167488.80000000002,333052222.49999976
2025-08-01 09:19:52 AM,1102.5,0,0.0,333052222.49999976
2025-08-01 09:19:53 AM,1102.5,1,1102.5,333053324.99999976
2025-08-01 09:19:53 AM,1102.3,0,0.0,333053324.99999976
2025-08-01 09:19:53 AM,1102.3,2309,2545210.6999999997,335598535.69999975
2025-08-01 09:19:53 AM,1102.4,0,0.0,335598535.69999975
2025-08-01 09:19:54 AM,1102.4,100,110240.00000000001,335708775.69999975
2025-08-01 09:19:54 AM,1101.9,0,0.0,335708775.69999975
2025-08-01 09:19:54 AM,1101.9,100,110190.00000000001,335818965.69999975
2025-08-01 09:19:55 AM,1101.9,2,2203.8,335821169.49999976
2025-08-01 09:19:55 AM,1102.0,0,0.0,335821169.49999976
2025-08-01 09:19:56 AM,1102.0,308,339416.0,336160585.49999976
2025-08-01 09:19:57 AM,1102.9,5,5514.5,336166099.99999976
2025-08-01 09:19:57 AM,1102.5,0,0.0,336166099.99999976
2025-08-01 09:19:58 AM,1102.5,131,144427.5,336310527.49999976
2025-08-01 09:19:58 AM,1103.0,37,40811.0,336351338.49999976
2025-08-01 09:19:58 AM,1102.5,0,0.0,336351338.49999976
2025-08-01 09:19:59 AM,1102.5,2,2205.0,336353543.49999976
2025-08-01 09:19:59 AM,1102.9,3,3308.7000000000003,336356852.19999975
2025-08-01 09:19:59 AM,1102.5,0,0.0,336356852.19999975
2025-08-01 09:20:00 AM,1102.9,28,30881.200000000004,336387733.39999974
2025-08-01 09:20:00 AM,1102.5,272,299880.0,336687613.39999974
2025-08-01 09:20:01 AM,1101.7,942,1037801.4,337725414.7999997
2025-08-01 09:20:01 AM,1101.9,3,3305.7000000000003,337728720.4999997
2025-08-01 09:20:01 AM,1102.5,0,0.0,337728720.4999997
2025-08-01 09:20:02 AM,1101.9,340,374646.00000000006,338103366.4999997
2025-08-01 09:20:02 AM,1101.9,283,311837.7,338415204.1999997
2025-08-01 09:20:03 AM,1102.4,11,12126.400000000001,338427330.59999967
2025-08-01 09:20:03 AM,1102.5,0,0.0,338427330.59999967
2025-08-01 09:20:03 AM,1102.5,27,29767.5,338457098.09999967
2025-08-01 09:20:04 AM,1102.0,241,265582.0,338722680.09999967
2025-08-01 09:20:05 AM,1102.0,1,1102.0,338723782.09999967
2025-08-01 09:20:05 AM,1102.0,30,33060.0,338756842.09999967
2025-08-01 09:20:05 AM,1102.5,0,0.0,338756842.09999967
2025-08-01 09:20:05 AM,1102.0,0,0.0,338756842.09999967
2025-08-01 09:20:06 AM,1102.0,153,168606.0,338925448.09999967
2025-08-01 09:20:06 AM,1102.5,27,29767.5,338955215.59999967
2025-08-01 09:20:07 AM,1102.5,52,57330.0,339012545.59999967
2025-08-01 09:20:07 AM,1102.0,392,431984.0,339444529.59999967
2025-08-01 09:20:07 AM,1102.4,0,0.0,339444529.59999967
2025-08-01 09:20:08 AM,1102.4,486,535766.4,339980295.99999964
2025-08-01 09:20:08 AM,1102.0,0,0.0,339980295.99999964
2025-08-01 09:20:09 AM,1102.0,77,84854.0,340065149.99999964
2025-08-01 09:20:09 AM,1102.0,4,4408.0,340069557.99999964
2025-08-01 09:20:09 AM,1102.5,0,0.0,340069557.99999964
2025-08-01 09:20:09 AM,1102.0,0,0.0,340069557.99999964
2025-08-01 09:20:10 AM,1102.0,1503,1656306.0,341725863.99999964
2025-08-01 09:20:10 AM,1102.4,0,0.0,341725863.99999964
2025-08-01 09:20:10 AM,1102.0,0,0.0,341725863.99999964
2025-08-01 09:20:11 AM,1102.4,385,424424.00000000006,342150287.99999964
2025-08-01 09:20:11 AM,1102.4,20,22048.0,342172335.99999964
2025-08-01 09:20:11 AM,1102.0,0,0.0,342172335.99999964
2025-08-01 09:20:12 AM,1101.5,436,480254.0,342652589.99999964
2025-08-01 09:20:12 AM,1101.5,159,175138.5,342827728.49999964
2025-08-01 09:20:12 AM,1101.4,0,0.0,342827728.49999964
2025-08-01 09:20:13 AM,1101.8,154,169677.19999999998,342997405.69999963
2025-08-01 09:20:13 AM,1101.4,1849,2036488.6,345033894.29999965
2025-08-01 09:20:13 AM,1101.8,0,0.0,345033894.29999965
2025-08-01 09:20:14 AM,1101.4,242,266538.80000000005,345300433.09999967
2025-08-01 09:20:14 AM,1101.8,0,0.0,345300433.09999967
2025-08-01 09:20:14 AM,1101.8,309,340456.2,345640889.29999965
2025-08-01 09:20:15 AM,1101.5,100,110150.0,345751039.29999965
2025-08-01 09:20:15 AM,1101.0,0,0.0,345751039.29999965
2025-08-01 09:20:16 AM,1101.0,6,6606.0,345757645.29999965
2025-08-01 09:20:16 AM,1101.4,0,0.0,345757645.29999965
2025-08-01 09:20:17 AM,1101.4,2,2202.8,345759848.09999967
2025-08-01 09:20:17 AM,1101.4,1,1101.4,345760949.49999964
2025-08-01 09:20:17 AM,1101.5,0,0.0,345760949.49999964
2025-08-01 09:20:18 AM,1101.5,20,22030.0,345782979.49999964
2025-08-01 09:20:18 AM,1101.0,400,440400.0,346223379.49999964
2025-08-01 09:20:18 AM,1101.5,0,0.0,346223379.49999964
2025-08-01 09:20:18 AM,1101.0,0,0.0,346223379.49999964
2025-08-01 09:20:19 AM,1101.0,128,140928.0,346364307.49999964
2025-08-01 09:20:19 AM,1102.1,0,0.0,346364307.49999964
2025-08-01 09:20:19 AM,1102.4,0,0.0,346364307.49999964
2025-08-01 09:20:20 AM,1101.9,1189,1310159.1,347674466.59999967
2025-08-01 09:20:20 AM,1102.9,910,1003639.0000000001,348678105.59999967
2025-08-01 09:20:20 AM,1102.1,0,0.0,348678105.59999967
2025-08-01 09:20:21 AM,1102.1,951,1048097.0999999999,349726202.6999997
2025-08-01 09:20:21 AM,1102.1,20,22042.0,349748244.6999997
2025-08-01 09:20:21 AM,1101.3,0,0.0,349748244.6999997
2025-08-01 09:20:21 AM,1102.0,0,0.0,349748244.6999997
2025-08-01 09:20:22 AM,1102.0,900,991800.0,350740044.6999997
2025-08-01 09:20:22 AM,1102.2,0,0.0,350740044.6999997
2025-08-01 09:20:23 AM,1101.6,599,659858.3999999999,351399903.09999967
2025-08-01 09:20:23 AM,1102.3,100,110230.0,351510133.09999967
2025-08-01 09:20:24 AM,1101.7,78,85932.6,351596065.6999997
2025-08-01 09:20:24 AM,1101.8,0,0.0,351596065.6999997
2025-08-01 09:20:25 AM,1101.8,288,317318.39999999997,351913384.09999967
2025-08-01 09:20:25 AM,1101.5,0,0.0,351913384.09999967
2025-08-01 09:20:25 AM,1102.1,0,0.0,351913384.09999967
2025-08-01 09:20:26 AM,1102.1,786,866250.6,352779634.6999997
2025-08-01 09:20:27 AM,1102.1,749,825472.8999999999,353605107.59999967
2025-08-01 09:20:27 AM,1102.2,37,40781.4,353645888.99999964
2025-08-01 09:20:27 AM,1102.0,0,0.0,353645888.99999964
2025-08-01 09:20:28 AM,1102.0,29,31958.0,353677846.99999964
2025-08-01 09:20:28 AM,1101.7,81,89237.7,353767084.69999963
2025-08-01 09:20:29 AM,1102.0,6,6612.0,353773696.69999963
2025-08-01 09:20:29 AM,1102.1,0,0.0,353773696.69999963
2025-08-01 09:20:30 AM,1102.1,142,156498.19999999998,353930194.8999996
2025-08-01 09:20:30 AM,1102.3,38,41887.4,353972082.2999996
2025-08-01 09:20:30 AM,1101.7,0,0.0,353972082.2999996
2025-08-01 09:20:31 AM,1101.7,5,5508.5,353977590.7999996
2025-08-01 09:20:31 AM,1102.0,94,103588.0,354081178.7999996
2025-08-01 09:20:32 AM,1102.0,21,23142.0,354104320.7999996
2025-08-01 09:20:32 AM,1102.0,325,358150.0,354462470.7999996
2025-08-01 09:20:33 AM,1102.5,129,142222.5,354604693.2999996
2025-08-01 09:20:34 AM,1102.0,10,11020.0,354615713.2999996
2025-08-01 09:20:35 AM,1102.2,8,8817.6,354624530.8999996
2025-08-01 09:20:35 AM,1102.0,0,0.0,354624530.8999996
2025-08-01 09:20:36 AM,1102.0,121,133342.0,354757872.8999996
2025-08-01 09:20:36 AM,1101.0,2600,2862600.0,357620472.8999996
2025-08-01 09:20:36 AM,1101.2,0,0.0,357620472.8999996
2025-08-01 09:20:37 AM,1101.2,1399,1540578.8,359161051.69999963
2025-08-01 09:20:38 AM,1101.1,11,12112.099999999999,359173163.79999965
2025-08-01 09:20:39 AM,1100.6,27,29716.199999999997,359202879.99999964
2025-08-01 09:20:39 AM,1101.2,60,66072.0,359268951.99999964
2025-08-01 09:20:40 AM,1101.2,12,13214.400000000001,359282166.3999996
2025-08-01 09:20:40 AM,1100.6,0,0.0,359282166.3999996
2025-08-01 09:20:40 AM,1101.2,0,0.0,359282166.3999996
2025-08-01 09:20:41 AM,1100.6,50,55029.99999999999,359337196.3999996
2025-08-01 09:20:41 AM,1101.2,10,11012.0,359348208.3999996
2025-08-01 09:20:41 AM,1101.3,0,0.0,359348208.3999996
2025-08-01 09:20:42 AM,1101.3,500,550650.0,359898858.3999996
2025-08-01 09:20:42 AM,1100.7,117,128781.90000000001,360027640.2999996
2025-08-01 09:20:43 AM,1100.9,1,1100.9,360028741.1999996
2025-08-01 09:20:44 AM,1100.9,83,91374.70000000001,360120115.89999956
2025-08-01 09:20:45 AM,1101.4,0,0.0,360120115.89999956
2025-08-01 09:20:45 AM,1101.4,12,13216.800000000001,360133332.6999996
2025-08-01 09:20:46 AM,1101.2,11,12113.2,360145445.89999956
2025-08-01 09:20:46 AM,1101.6,0,0.0,360145445.89999956
2025-08-01 09:20:47 AM,1101.6,21,23133.6,360168579.4999996
2025-08-01 09:20:48 AM,1101.6,69,76010.4,360244589.89999956
2025-08-01 09:20:48 AM,1101.8,0,0.0,360244589.89999956
2025-08-01 09:20:49 AM,1101.6,14,15422.399999999998,360260012.29999954
2025-08-01 09:20:49 AM,1101.3,0,0.0,360260012.29999954
2025-08-01 09:20:50 AM,1101.3,36,39646.799999999996,360299659.09999955
2025-08-01 09:20:50 AM,1101.5,0,0.0,360299659.09999955
2025-08-01 09:20:51 AM,1101.5,27,29740.5,360329399.59999955
2025-08-01 09:20:51 AM,1100.1,0,0.0,360329399.59999955
2025-08-01 09:20:52 AM,1100.1,1781,1959278.0999999999,362288677.6999996
2025-08-01 09:20:52 AM,1100.0,59,64900.0,362353577.6999996
2025-08-01 09:20:52 AM,1100.5,0,0.0,362353577.6999996
2025-08-01 09:20:53 AM,1100.6,150,165090.0,362518667.6999996
2025-08-01 09:20:53 AM,1100.0,151,166100.0,362684767.6999996
2025-08-01 09:20:54 AM,1100.0,9,9900.0,362694667.6999996
2025-08-01 09:20:54 AM,1100.5,135,148567.5,362843235.1999996
2025-08-01 09:20:54 AM,1100.0,0,0.0,362843235.1999996
2025-08-01 09:20:55 AM,1100.0,51,56100.0,362899335.1999996
2025-08-01 09:20:55 AM,1100.0,155,170500.0,363069835.1999996
2025-08-01 09:20:56 AM,1100.0,262,288200.0,363358035.1999996
2025-08-01 09:20:56 AM,1100.5,0,0.0,363358035.1999996
2025-08-01 09:20:57 AM,1100.5,285,313642.5,363671677.6999996
2025-08-01 09:20:57 AM,1100.1,33,36303.299999999996,363707980.9999996
2025-08-01 09:20:58 AM,1100.1,130,143013.0,363850993.9999996
2025-08-01 09:20:59 AM,1100.0,8,8800.0,363859793.9999996
2025-08-01 09:20:59 AM,1100.3,0,0.0,363859793.9999996
2025-08-01 09:20:59 AM,1100.0,0,0.0,363859793.9999996
2025-08-01 09:21:00 AM,1100.0,976,1073600.0,364933393.9999996
2025-08-01 09:21:01 AM,1100.0,213,234300.0,365167693.9999996
2025-08-01 09:21:01 AM,1100.0,70,77000.0,365244693.9999996
2025-08-01 09:21:02 AM,1100.0,9,9900.0,365254593.9999996
2025-08-01 09:21:02 AM,1100.0,2056,2261600.0,367516193.9999996
2025-08-01 09:21:03 AM,1100.1,96,105609.59999999999,367621803.5999996
2025-08-01 09:21:03 AM,1100.1,649,713964.8999999999,368335768.4999996
2025-08-01 09:21:04 AM,1100.0,52,57200.0,368392968.4999996
2025-08-01 09:21:04 AM,1099.0,0,0.0,368392968.4999996
2025-08-01 09:21:04 AM,1099.5,1532,1684434.0,370077402.4999996
2025-08-01 09:21:05 AM,1099.0,0,0.0,370077402.4999996
2025-08-01 09:21:06 AM,1099.5,365,401317.5,370478719.9999996
2025-08-01 09:21:06 AM,1099.0,32,35168.0,370513887.9999996
2025-08-01 09:21:07 AM,1099.8,67,73686.59999999999,370587574.5999996
2025-08-01 09:21:07 AM,1099.8,2,2199.6,370589774.19999963
2025-08-01 09:21:07 AM,1100.1,0,0.0,370589774.19999963
2025-08-01 09:21:08 AM,1100.1,320,352032.0,370941806.19999963
2025-08-01 09:21:08 AM,1100.5,0,0.0,370941806.19999963
2025-08-01 09:21:09 AM,1101.1,628,691490.7999999999,371633296.99999964
2025-08-01 09:21:10 AM,1101.3,109,120041.7,371753338.69999963
2025-08-01 09:21:10 AM,1100.9,0,0.0,371753338.69999963
2025-08-01 09:21:11 AM,1100.9,5,5504.5,371758843.19999963
2025-08-01 09:21:11 AM,1101.0,11,12111.0,371770954.19999963
2025-08-01 09:21:11 AM,1101.3,0,0.0,371770954.19999963
2025-08-01 09:21:12 AM,1101.5,610,671915.0,372442869.19999963
2025-08-01 09:21:12 AM,1101.3,8,8810.4,372451679.5999996
2025-08-01 09:21:13 AM,1100.9,308,339077.2,372790756.7999996
2025-08-01 09:21:13 AM,1101.3,0,0.0,372790756.7999996
2025-08-01 09:21:14 AM,1100.6,363,399517.8,373190274.5999996
2025-08-01 09:21:15 AM,1101.0,0,0.0,373190274.5999996
2025-08-01 09:21:15 AM,1101.4,396,436154.4,373626428.9999996
2025-08-01 09:21:16 AM,1100.9,0,0.0,373626428.9999996
2025-08-01 09:21:17 AM,1101.4,454,500035.60000000003,374126464.5999996
2025-08-01 09:21:17 AM,1101.5,0,0.0,374126464.5999996
2025-08-01 09:21:18 AM,1101.5,767,844850.5,374971315.0999996
2025-08-01 09:21:18 AM,1101.3,0,0.0,374971315.0999996
2025-08-01 09:21:19 AM,1101.3,481,529725.2999999999,375501040.3999996
2025-08-01 09:21:19 AM,1101.7,0,0.0,375501040.3999996
2025-08-01 09:21:20 AM,1101.7,75,82627.5,375583667.8999996
2025-08-01 09:21:20 AM,1101.7,30,33051.0,375616718.8999996
2025-08-01 09:21:21 AM,1101.7,48,52881.600000000006,375669600.49999964
2025-08-01 09:21:21 AM,1101.5,0,0.0,375669600.49999964
2025-08-01 09:21:22 AM,1101.5,8,8812.0,375678412.49999964
2025-08-01 09:21:23 AM,1101.7,57,62796.9,375741209.3999996
2025-08-01 09:21:23 AM,1101.5,1,1101.5,375742310.8999996
2025-08-01 09:21:24 AM,1101.5,22,24233.0,375766543.8999996
2025-08-01 09:21:24 AM,1100.7,2703,2975192.1,378741735.99999964
2025-08-01 09:21:25 AM,1100.5,0,0.0,378741735.99999964
2025-08-01 09:21:26 AM,1100.2,107,117721.40000000001,378859457.3999996
2025-08-01 09:21:26 AM,1100.8,0,0.0,378859457.3999996
2025-08-01 09:21:26 AM,1100.8,113,124390.4,378983847.7999996
2025-08-01 09:21:27 AM,1100.1,5,5500.5,378989348.2999996
2025-08-01 09:21:28 AM,1100.1,299,328929.89999999997,379318278.1999996
2025-08-01 09:21:28 AM,1100.0,0,0.0,379318278.1999996
2025-08-01 09:21:29 AM,1100.0,360,396000.0,379714278.1999996
2025-08-01 09:21:30 AM,1100.0,21,23100.0,379737378.1999996
2025-08-01 09:21:30 AM,1100.5,580,638290.0,380375668.1999996
2025-08-01 09:21:31 AM,1101.4,832,916364.8,381292032.9999996
2025-08-01 09:21:31 AM,1100.6,3,3301.7999999999997,381295334.7999996
2025-08-01 09:21:31 AM,1101.2,0,0.0,381295334.7999996
2025-08-01 09:21:31 AM,1101.4,0,0.0,381295334.7999996
2025-08-01 09:21:32 AM,1100.8,379,417203.2,381712537.9999996
2025-08-01 09:21:33 AM,1101.5,26,28639.0,381741176.9999996
2025-08-01 09:21:34 AM,1101.4,200,220280.00000000003,381961456.9999996
2025-08-01 09:21:34 AM,1100.7,0,0.0,381961456.9999996
2025-08-01 09:21:34 AM,1100.7,19,20913.3,381982370.2999996
2025-08-01 09:21:35 AM,1100.6,245,269647.0,382252017.2999996
2025-08-01 09:21:36 AM,1100.0,639,702900.0,382954917.2999996
2025-08-01 09:21:36 AM,1099.7,0,0.0,382954917.2999996
2025-08-01 09:21:37 AM,1099.7,130,142961.0,383097878.2999996
2025-08-01 09:21:37 AM,1099.6,0,0.0,383097878.2999996
2025-08-01 09:21:37 AM,1099.6,55,60477.99999999999,383158356.2999996
2025-08-01 09:21:38 AM,1099.1,0,0.0,383158356.2999996
2025-08-01 09:21:38 AM,1099.1,7,7693.699999999999,383166049.9999996
2025-08-01 09:21:39 AM,1098.0,4939,5423022.0,388589071.9999996
2025-08-01 09:21:39 AM,1097.5,0,0.0,388589071.9999996
2025-08-01 09:21:39 AM,1097.6,0,0.0,388589071.9999996
2025-08-01 09:21:40 AM,1097.6,519,569654.3999999999,389158726.39999956
2025-08-01 09:21:40 AM,1098.5,850,933725.0,390092451.39999956
2025-08-01 09:21:40 AM,1097.7,0,0.0,390092451.39999956
2025-08-01 09:21:40 AM,1097.8,0,0.0,390092451.39999956
2025-08-01 09:21:41 AM,1097.8,89,97704.2,390190155.59999955
2025-08-01 09:21:41 AM,1098.3,100,109830.0,390299985.59999955
2025-08-01 09:21:42 AM,1097.9,20,21958.0,390321943.59999955
2025-08-01 09:21:43 AM,1098.3,344,377815.2,390699758.79999954
2025-08-01 09:21:43 AM,1097.8,157,172354.6,390872113.39999956
2025-08-01 09:21:44 AM,1098.0,20,21960.0,390894073.39999956
2025-08-01 09:21:44 AM,1098.0,56,61488.0,390955561.39999956
2025-08-01 09:21:45 AM,1098.8,48,52742.399999999994,391008303.79999954
2025-08-01 09:21:45 AM,1098.2,0,0.0,391008303.79999954
2025-08-01 09:21:45 AM,1098.2,2,2196.4,391010500.1999995
2025-08-01 09:21:46 AM,1098.4,7,7688.800000000001,391018188.9999995
2025-08-01 09:21:46 AM,1098.2,0,0.0,391018188.9999995
2025-08-01 09:21:47 AM,1098.2,2,2196.4,391020385.3999995
2025-08-01 09:21:47 AM,1098.0,25,27450.0,391047835.3999995
2025-08-01 09:21:47 AM,1098.3,0,0.0,391047835.3999995
2025-08-01 09:21:48 AM,1098.4,99,108741.6,391156576.9999995
2025-08-01 09:21:48 AM,1098.0,55,60390.0,391216966.9999995
2025-08-01 09:21:49 AM,1098.0,13,14274.0,391231240.9999995
2025-08-01 09:21:49 AM,1098.4,0,0.0,391231240.9999995
2025-08-01 09:21:50 AM,1098.4,511,561282.4,391792523.3999995
2025-08-01 09:21:50 AM,1098.1,4,4392.4,391796915.7999995
2025-08-01 09:21:51 AM,1098.1,21,23060.1,391819975.8999995
2025-08-01 09:21:51 AM,1099.2,30,32976.0,391852951.8999995
2025-08-01 09:21:52 AM,1099.5,17,18691.5,391871643.3999995
2025-08-01 09:21:52 AM,1098.6,0,0.0,391871643.3999995
2025-08-01 09:21:53 AM,1099.4,522,573886.8,392445530.1999995
2025-08-01 09:21:53 AM,1098.7,0,0.0,392445530.1999995
2025-08-01 09:21:54 AM,1098.7,21,23072.7,392468602.8999995
2025-08-01 09:21:55 AM,1099.4,11,12093.400000000001,392480696.2999995
2025-08-01 09:21:56 AM,1098.8,1,1098.8,392481795.0999995
2025-08-01 09:21:56 AM,1099.8,0,0.0,392481795.0999995
2025-08-01 09:21:56 AM,1099.8,250,274950.0,392756745.0999995
2025-08-01 09:21:57 AM,1099.8,244,268351.2,393025096.2999995
2025-08-01 09:21:58 AM,1099.5,0,0.0,393025096.2999995
2025-08-01 09:21:58 AM,1099.5,265,291367.5,393316463.7999995
2025-08-01 09:21:59 AM,1100.0,0,0.0,393316463.7999995
2025-08-01 09:21:59 AM,1100.0,35,38500.0,393354963.7999995
2025-08-01 09:22:00 AM,1099.5,0,0.0,393354963.7999995
2025-08-01 09:22:01 AM,1099.5,76,83562.0,393438525.7999995
2025-08-01 09:22:02 AM,1099.5,3,3298.5,393441824.2999995
2025-08-01 09:22:02 AM,1099.8,0,0.0,393441824.2999995
2025-08-01 09:22:03 AM,1099.2,97,106622.40000000001,393548446.69999945
2025-08-01 09:22:04 AM,1099.8,10,10998.0,393559444.69999945
2025-08-01 09:22:04 AM,1099.4,30,32982.0,393592426.69999945
2025-08-01 09:22:05 AM,1099.9,140,153986.0,393746412.69999945
2025-08-01 09:22:06 AM,1099.4,12,13192.800000000001,393759605.49999946
2025-08-01 09:22:06 AM,1099.9,0,0.0,393759605.49999946
2025-08-01 09:22:07 AM,1099.9,760,835924.0000000001,394595529.49999946
2025-08-01 09:22:08 AM,1099.8,780,857844.0,395453373.49999946
2025-08-01 09:22:09 AM,1099.7,80,87976.0,395541349.49999946
2025-08-01 09:22:09 AM,1099.5,0,0.0,395541349.49999946
2025-08-01 09:22:10 AM,1099.8,385,423423.0,395964772.49999946
2025-08-01 09:22:10 AM,1099.6,0,0.0,395964772.49999946
2025-08-01 09:22:11 AM,1099.6,20,21992.0,395986764.49999946
2025-08-01 09:22:11 AM,1099.4,0,0.0,395986764.49999946
2025-08-01 09:22:11 AM,1098.6,0,0.0,395986764.49999946
2025-08-01 09:22:12 AM,1098.7,3082,3386193.4000000004,399372957.89999944
2025-08-01 09:22:12 AM,1098.7,5,5493.5,399378451.39999944
2025-08-01 09:22:12 AM,1098.6,0,0.0,399378451.39999944
2025-08-01 09:22:13 AM,1099.2,195,214344.0,399592795.39999944
2025-08-01 09:22:13 AM,1098.5,0,0.0,399592795.39999944
2025-08-01 09:22:14 AM,1098.5,7,7689.5,399600484.89999944
2025-08-01 09:22:15 AM,1098.5,281,308678.5,399909163.39999944
2025-08-01 09:22:16 AM,1098.5,76,83486.0,399992649.39999944
2025-08-01 09:22:16 AM,1098.7,5,5493.5,399998142.89999944
2025-08-01 09:22:17 AM,1098.5,11,12083.5,400010226.39999944
2025-08-01 09:22:18 AM,1098.4,252,276796.80000000005,400287023.19999945
2025-08-01 09:22:18 AM,1098.6,0,0.0,400287023.19999945
2025-08-01 09:22:18 AM,1098.6,300,329580.0,400616603.19999945
2025-08-01 09:22:19 AM,1098.3,2407,2643608.1,403260211.2999995
2025-08-01 09:22:19 AM,1098.7,0,0.0,403260211.2999995
2025-08-01 09:22:20 AM,1098.7,20,21974.0,403282185.2999995
2025-08-01 09:22:20 AM,1098.3,1014,1113676.2,404395861.49999946
2025-08-01 09:22:21 AM,1098.3,3,3294.8999999999996,404399156.39999944
2025-08-01 09:22:21 AM,1099.0,41,45059.0,404444215.39999944
2025-08-01 09:22:22 AM,1098.7,10,10987.0,404455202.39999944
2025-08-01 09:22:23 AM,1098.3,61,66996.3,404522198.69999945
2025-08-01 09:22:24 AM,1098.3,346,380011.8,404902210.49999946
2025-08-01 09:22:24 AM,1098.2,0,0.0,404902210.49999946
2025-08-01 09:22:25 AM,1098.5,29,31856.5,404934066.99999946
2025-08-01 09:22:25 AM,1098.0,15,16470.0,404950536.99999946
2025-08-01 09:22:25 AM,1098.2,0,0.0,404950536.99999946
2025-08-01 09:22:25 AM,1098.0,0,0.0,404950536.99999946
2025-08-01 09:22:26 AM,1098.0,1285,1410930.0,406361466.99999946
2025-08-01 09:22:27 AM,1096.1,3465,3797986.4999999995,410159453.49999946
2025-08-01 09:22:27 AM,1096.1,44,48228.399999999994,410207681.89999944
2025-08-01 09:22:28 AM,1096.1,202,221412.19999999998,410429094.0999994
2025-08-01 09:22:28 AM,1096.0,0,0.0,410429094.0999994
2025-08-01 09:22:28 AM,1096.0,179,196184.0,410625278.0999994
2025-08-01 09:22:29 AM,1096.2,481,527272.2000000001,411152550.2999994
2025-08-01 09:22:29 AM,1096.4,0,0.0,411152550.2999994
2025-08-01 09:22:29 AM,1096.4,25,27410.000000000004,411179960.2999994
2025-08-01 09:22:30 AM,1096.6,1534,1682184.4,412862144.6999994
2025-08-01 09:22:30 AM,1096.8,0,0.0,412862144.6999994
2025-08-01 09:22:31 AM,1097.2,452,495934.4,413358079.09999937
2025-08-01 09:22:31 AM,1097.2,132,144830.4,413502909.49999934
2025-08-01 09:22:31 AM,1097.4,0,0.0,413502909.49999934
2025-08-01 09:22:32 AM,1097.4,1,1097.4,413504006.8999993
2025-08-01 09:22:32 AM,1096.5,13,14254.5,413518261.3999993
2025-08-01 09:22:33 AM,1096.1,0,0.0,413518261.3999993
2025-08-01 09:22:34 AM,1096.4,287,314666.80000000005,413832928.19999933
2025-08-01 09:22:34 AM,1096.0,3050,3342800.0,417175728.19999933
2025-08-01 09:22:34 AM,1095.6,0,0.0,417175728.19999933
2025-08-01 09:22:35 AM,1095.6,19,20816.399999999998,417196544.5999993
2025-08-01 09:22:35 AM,1095.6,9,9860.4,417206404.9999993
2025-08-01 09:22:35 AM,1095.7,0,0.0,417206404.9999993
2025-08-01 09:22:36 AM,1096.5,722,791673.0,417998077.9999993
2025-08-01 09:22:36 AM,1096.4,0,0.0,417998077.9999993
2025-08-01 09:22:37 AM,1096.5,430,471495.0,418469572.9999993
2025-08-01 09:22:38 AM,1095.8,88,96430.4,418566003.39999926
2025-08-01 09:22:38 AM,1097.2,1432,1571190.4000000001,420137193.79999924
2025-08-01 09:22:38 AM,1097.1,0,0.0,420137193.79999924
2025-08-01 09:22:39 AM,1097.1,160,175536.0,420312729.79999924
2025-08-01 09:22:39 AM,1097.1,6,6582.599999999999,420319312.39999926
2025-08-01 09:22:39 AM,1097.6,0,0.0,420319312.39999926
2025-08-01 09:22:40 AM,1097.1,22,24136.199999999997,420343448.59999925
2025-08-01 09:22:40 AM,1096.9,0,0.0,420343448.59999925
2025-08-01 09:22:40 AM,1096.9,226,247899.40000000002,420591347.9999992
2025-08-01 09:22:41 AM,1097.1,2,2194.2,420593542.1999992
2025-08-01 09:22:42 AM,1097.8,230,252494.0,420846036.1999992
2025-08-01 09:22:42 AM,1097.9,0,0.0,420846036.1999992
2025-08-01 09:22:42 AM,1097.9,100,109790.00000000001,420955826.1999992
2025-08-01 09:22:43 AM,1097.3,1,1097.3,420956923.4999992
2025-08-01 09:22:43 AM,1097.1,0,0.0,420956923.4999992
2025-08-01 09:22:43 AM,1097.7,0,0.0,420956923.4999992
2025-08-01 09:22:44 AM,1097.7,862,946217.4,421903140.8999992
2025-08-01 09:22:44 AM,1097.1,4,4388.4,421907529.2999992
2025-08-01 09:22:44 AM,1097.7,0,0.0,421907529.2999992
2025-08-01 09:22:45 AM,1097.8,49,53792.2,421961321.49999917
2025-08-01 09:22:45 AM,1097.2,0,0.0,421961321.49999917
2025-08-01 09:22:46 AM,1097.2,65,71318.0,422032639.49999917
2025-08-01 09:22:46 AM,1097.7,0,0.0,422032639.49999917
2025-08-01 09:22:46 AM,1097.5,0,0.0,422032639.49999917
2025-08-01 09:22:47 AM,1097.5,87,95482.5,422128121.99999917
2025-08-01 09:22:47 AM,1097.6,0,0.0,422128121.99999917
2025-08-01 09:22:47 AM,1098.0,0,0.0,422128121.99999917
2025-08-01 09:22:48 AM,1098.0,198,217404.0,422345525.99999917
2025-08-01 09:22:49 AM,1097.8,4,4391.2,422349917.19999915
2025-08-01 09:22:50 AM,1097.7,28,30735.600000000002,422380652.7999992
2025-08-01 09:22:50 AM,1097.7,50,54885.0,422435537.7999992
2025-08-01 09:22:51 AM,1097.8,115,126247.0,422561784.7999992
2025-08-01 09:22:51 AM,1098.0,7,7686.0,422569470.7999992
2025-08-01 09:22:52 AM,1097.7,50,54885.0,422624355.7999992
2025-08-01 09:22:52 AM,1097.9,0,0.0,422624355.7999992
2025-08-01 09:22:52 AM,1097.9,430,472097.00000000006,423096452.7999992
2025-08-01 09:22:53 AM,1097.9,126,138335.40000000002,423234788.19999915
2025-08-01 09:22:54 AM,1097.3,3,3291.8999999999996,423238080.0999991
2025-08-01 09:22:55 AM,1097.4,0,0.0,423238080.0999991
2025-08-01 09:22:56 AM,1097.4,94,103155.6,423341235.69999915
2025-08-01 09:22:56 AM,1097.3,0,0.0,423341235.69999915
2025-08-01 09:22:57 AM,1097.3,227,249087.09999999998,423590322.7999992
2025-08-01 09:22:58 AM,1097.4,2,2194.8,423592517.5999992
2025-08-01 09:22:59 AM,1097.2,0,0.0,423592517.5999992
2025-08-01 09:23:00 AM,1097.6,55,60367.99999999999,423652885.5999992
2025-08-01 09:23:00 AM,1097.9,241,264593.9,423917479.49999917
2025-08-01 09:23:00 AM,1097.3,0,0.0,423917479.49999917
2025-08-01 09:23:01 AM,1097.2,1066,1169615.2,425087094.69999915
2025-08-01 09:23:02 AM,1097.6,316,346841.6,425433936.2999992
2025-08-01 09:23:04 AM,1097.5,30,32925.0,425466861.2999992
2025-08-01 09:23:05 AM,1097.0,792,868824.0,426335685.2999992
2025-08-01 09:23:05 AM,1097.0,25,27425.0,426363110.2999992
2025-08-01 09:23:06 AM,1097.0,17,18649.0,426381759.2999992
2025-08-01 09:23:06 AM,1097.2,0,0.0,426381759.2999992
2025-08-01 09:23:07 AM,1097.5,130,142675.0,426524434.2999992
2025-08-01 09:23:08 AM,1097.5,226,248035.0,426772469.2999992
2025-08-01 09:23:08 AM,1097.0,0,0.0,426772469.2999992
2025-08-01 09:23:09 AM,1097.0,2714,2977258.0,429749727.2999992
2025-08-01 09:23:10 AM,1097.0,275,301675.0,430051402.2999992
2025-08-01 09:23:11 AM,1097.0,16,17552.0,430068954.2999992
2025-08-01 09:23:12 AM,1097.0,320,351040.0,430419994.2999992
2025-08-01 09:23:12 AM,1097.5,0,0.0,430419994.2999992
2025-08-01 09:23:13 AM,1097.0,118,129446.0,430549440.2999992
2025-08-01 09:23:14 AM,1097.1,550,603405.0,431152845.2999992
2025-08-01 09:23:15 AM,1097.5,1,1097.5,431153942.7999992
2025-08-01 09:23:16 AM,1097.2,9,9874.800000000001,431163817.5999992
2025-08-01 09:23:16 AM,1097.0,0,0.0,431163817.5999992
2025-08-01 09:23:17 AM,1097.5,501,549847.5,431713665.0999992
2025-08-01 09:23:18 AM,1097.5,1300,1426750.0,433140415.0999992
2025-08-01 09:23:18 AM,1096.8,100,109680.0,433250095.0999992
2025-08-01 09:23:18 AM,1097.5,0,0.0,433250095.0999992
2025-08-01 09:23:19 AM,1096.5,80,87720.0,433337815.0999992
2025-08-01 09:23:20 AM,1096.9,13,14259.7,433352074.7999992
2025-08-01 09:23:21 AM,1097.0,5,5485.0,433357559.7999992
2025-08-01 09:23:21 AM,1097.0,10,10970.0,433368529.7999992
2025-08-01 09:23:22 AM,1096.5,40,43860.0,433412389.7999992
2025-08-01 09:23:22 AM,1097.0,0,0.0,433412389.7999992
2025-08-01 09:23:23 AM,1096.1,519,568875.8999999999,433981265.69999915
2025-08-01 09:23:23 AM,1096.4,5,5482.0,433986747.69999915
2025-08-01 09:23:23 AM,1096.0,0,0.0,433986747.69999915
2025-08-01 09:23:24 AM,1096.0,10,10960.0,433997707.69999915
2025-08-01 09:23:25 AM,1096.1,16,17537.6,434015245.2999992
2025-08-01 09:23:26 AM,1096.0,1285,1408360.0,435423605.2999992
2025-08-01 09:23:27 AM,1096.0,1,1096.0,435424701.2999992
2025-08-01 09:23:28 AM,1096.0,179,196184.0,435620885.2999992
2025-08-01 09:23:29 AM,1096.0,5,5480.0,435626365.2999992
2025-08-01 09:23:29 AM,1096.4,0,0.0,435626365.2999992
2025-08-01 09:23:30 AM,1096.0,1110,1216560.0,436842925.2999992
2025-08-01 09:23:30 AM,1096.5,0,0.0,436842925.2999992
2025-08-01 09:23:31 AM,1096.5,1,1096.5,436844021.7999992
2025-08-01 09:23:32 AM,1096.0,2030,2224880.0,439068901.7999992
2025-08-01 09:23:32 AM,1095.6,0,0.0,439068901.7999992
2025-08-01 09:23:33 AM,1096.1,38,41651.799999999996,439110553.5999992
2025-08-01 09:23:33 AM,1096.1,20,21922.0,439132475.5999992
2025-08-01 09:23:34 AM,1096.1,5,5480.5,439137956.0999992
2025-08-01 09:23:35 AM,1096.1,51,55901.1,439193857.1999992
2025-08-01 09:23:36 AM,1096.2,555,608391.0,439802248.1999992
2025-08-01 09:23:37 AM,1095.6,20,21912.0,439824160.1999992
2025-08-01 09:23:37 AM,1096.4,0,0.0,439824160.1999992
2025-08-01 09:23:38 AM,1096.3,1335,1463560.5,441287720.6999992
2025-08-01 09:23:38 AM,1095.7,0,0.0,441287720.6999992
2025-08-01 09:23:39 AM,1095.7,77,84368.90000000001,441372089.5999992
2025-08-01 09:23:39 AM,1096.4,0,0.0,441372089.5999992
2025-08-01 09:23:40 AM,1096.4,101,110736.40000000001,441482825.99999917
2025-08-01 09:23:40 AM,1096.0,0,0.0,441482825.99999917
2025-08-01 09:23:40 AM,1096.2,0,0.0,441482825.99999917
2025-08-01 09:23:41 AM,1095.6,104,113942.4,441596768.39999914
2025-08-01 09:23:42 AM,1095.4,1235,1352819.0,442949587.39999914
2025-08-01 09:23:42 AM,1096.0,57,62472.0,443012059.39999914
2025-08-01 09:23:42 AM,1095.2,0,0.0,443012059.39999914
2025-08-01 09:23:43 AM,1095.2,727,796210.4,443808269.7999991
2025-08-01 09:23:43 AM,1095.5,0,0.0,443808269.7999991
2025-08-01 09:23:44 AM,1095.5,208,227864.0,444036133.7999991
2025-08-01 09:23:44 AM,1095.6,0,0.0,444036133.7999991
2025-08-01 09:23:45 AM,1095.6,110,120515.99999999999,444156649.7999991
2025-08-01 09:23:45 AM,1095.6,288,315532.8,444472182.5999991
2025-08-01 09:23:45 AM,1096.5,0,0.0,444472182.5999991
2025-08-01 09:23:46 AM,1096.2,874,958078.8,445430261.39999914
2025-08-01 09:23:47 AM,1096.2,702,769532.4,446199793.7999991
2025-08-01 09:23:47 AM,1096.0,0,0.0,446199793.7999991
2025-08-01 09:23:48 AM,1096.0,50,54800.0,446254593.7999991
2025-08-01 09:23:48 AM,1096.6,94,103080.4,446357674.1999991
2025-08-01 09:23:48 AM,1097.0,0,0.0,446357674.1999991
2025-08-01 09:23:49 AM,1097.0,568,623096.0,446980770.1999991
2025-08-01 09:23:49 AM,1097.0,10,10970.0,446991740.1999991
2025-08-01 09:23:50 AM,1097.7,111,121844.70000000001,447113584.8999991
2025-08-01 09:23:50 AM,1098.0,1,1098.0,447114682.8999991
2025-08-01 09:23:50 AM,1097.4,0,0.0,447114682.8999991
2025-08-01 09:23:51 AM,1097.4,320,351168.0,447465850.8999991
2025-08-01 09:23:51 AM,1098.0,0,0.0,447465850.8999991
2025-08-01 09:23:52 AM,1098.0,30,32940.0,447498790.8999991
2025-08-01 09:23:53 AM,1098.0,28,30744.0,447529534.8999991
2025-08-01 09:23:53 AM,1097.8,0,0.0,447529534.8999991
2025-08-01 09:23:54 AM,1098.0,12,13176.0,447542710.8999991
2025-08-01 09:23:54 AM,1098.0,148,162504.0,447705214.8999991
2025-08-01 09:23:54 AM,1097.8,0,0.0,447705214.8999991
2025-08-01 09:23:55 AM,1097.4,35,38409.0,447743623.8999991
2025-08-01 09:23:55 AM,1097.8,80,87824.0,447831447.8999991
2025-08-01 09:23:56 AM,1097.5,2,2195.0,447833642.8999991
2025-08-01 09:23:56 AM,1097.7,0,0.0,447833642.8999991
2025-08-01 09:23:57 AM,1097.7,155,170143.5,448003786.3999991
2025-08-01 09:23:58 AM,1098.0,3212,3526776.0,451530562.3999991
2025-08-01 09:23:58 AM,1098.2,0,0.0,451530562.3999991
2025-08-01 09:23:58 AM,1098.9,0,0.0,451530562.3999991
2025-08-01 09:23:59 AM,1098.9,366,402197.4,451932759.79999906
2025-08-01 09:23:59 AM,1098.5,1,1098.5,451933858.29999906
2025-08-01 09:23:59 AM,1099.0,0,0.0,451933858.29999906
2025-08-01 09:23:59 AM,1098.5,0,0.0,451933858.29999906
2025-08-01 09:24:00 AM,1099.0,290,318710.0,452252568.29999906
2025-08-01 09:24:04 AM,1099.0,386,424214.0,452676782.29999906
2025-08-01 09:24:06 AM,1099.5,40,43980.0,452720762.29999906
2025-08-01 09:24:06 AM,1098.1,0,0.0,452720762.29999906
2025-08-01 09:24:12 AM,1099.3,4438,4878693.399999999,457599455.69999903
2025-08-01 09:24:13 AM,1099.5,0,0.0,457599455.69999903
2025-08-01 09:24:14 AM,1099.5,555,610222.5,458209678.19999903
2025-08-01 09:24:20 AM,1099.3,564,620005.2,458829683.399999
2025-08-01 09:24:20 AM,1098.5,0,0.0,458829683.399999
2025-08-01 09:24:21 AM,1098.7,1728,1898553.6,460728236.99999905
2025-08-01 09:24:25 AM,1098.3,0,0.0,460728236.99999905
2025-08-01 09:24:27 AM,1098.7,877,963559.9,461691796.899999
2025-08-01 09:24:29 AM,1099.0,841,924259.0,462616055.899999
2025-08-01 09:24:32 AM,1099.3,0,0.0,462616055.899999
2025-08-01 09:24:35 AM,1099.1,1915,2104776.5,464720832.399999
2025-08-01 09:24:36 AM,1099.3,170,186881.0,464907713.399999
2025-08-01 09:24:38 AM,1099.5,0,0.0,464907713.399999
2025-08-01 09:24:42 AM,1099.1,2877,3162110.6999999997,468069824.099999
2025-08-01 09:24:43 AM,1099.6,0,0.0,468069824.099999
2025-08-01 09:24:44 AM,1099.6,3,3298.7999999999997,468073122.899999
2025-08-01 09:24:50 AM,1097.5,4421,4852047.5,472925170.399999
2025-08-01 09:24:50 AM,1097.7,0,0.0,472925170.399999
2025-08-01 09:24:52 AM,1097.7,80,87816.0,473012986.399999
2025-08-01 09:24:57 AM,1097.1,594,651677.3999999999,473664663.799999
2025-08-01 09:24:57 AM,1096.9,0,0.0,473664663.799999
2025-08-01 09:24:59 AM,1096.9,275,301647.5,473966311.299999
2025-08-01 09:25:00 AM,1096.4,0,0.0,473966311.299999
2025-08-01 09:25:01 AM,1096.9,356,390496.4,474356807.699999
2025-08-01 09:25:01 AM,1096.9,337,369655.30000000005,474726462.999999
2025-08-01 09:25:02 AM,1096.9,18,19744.2,474746207.199999
2025-08-01 09:25:04 AM,1096.9,10,10969.0,474757176.199999
2025-08-01 09:25:04 AM,1096.8,0,0.0,474757176.199999
2025-08-01 09:25:04 AM,1097.0,0,0.0,474757176.199999
2025-08-01 09:25:05 AM,1097.0,963,1056411.0,475813587.199999
2025-08-01 09:25:06 AM,1096.9,0,0.0,475813587.199999
2025-08-01 09:25:07 AM,1096.9,26,28519.4,475842106.59999895
2025-08-01 09:25:07 AM,1096.5,0,0.0,475842106.59999895
2025-08-01 09:25:08 AM,1096.5,20,21930.0,475864036.59999895
2025-08-01 09:25:08 AM,1096.6,242,265377.19999999995,476129413.79999894
2025-08-01 09:25:09 AM,1096.5,106,116229.0,476245642.79999894
2025-08-01 09:25:09 AM,1096.4,0,0.0,476245642.79999894
2025-08-01 09:25:10 AM,1096.4,10,10964.0,476256606.79999894
2025-08-01 09:25:10 AM,1096.4,1,1096.4,476257703.1999989
2025-08-01 09:25:11 AM,1096.4,9,9867.6,476267570.79999894
2025-08-01 09:25:12 AM,1097.0,0,0.0,476267570.79999894
2025-08-01 09:25:12 AM,1097.0,1600,1755200.0,478022770.79999894
2025-08-01 09:25:13 AM,1096.7,0,0.0,478022770.79999894
2025-08-01 09:25:13 AM,1096.7,4,4386.8,478027157.59999895
2025-08-01 09:25:14 AM,1097.0,0,0.0,478027157.59999895
2025-08-01 09:25:14 AM,1097.0,110,120670.0,478147827.59999895
2025-08-01 09:25:15 AM,1096.8,0,0.0,478147827.59999895
2025-08-01 09:25:16 AM,1096.8,5,5484.0,478153311.59999895
2025-08-01 09:25:16 AM,1097.0,0,0.0,478153311.59999895
2025-08-01 09:25:17 AM,1097.0,223,244631.0,478397942.59999895
2025-08-01 09:25:18 AM,1097.0,56,61432.0,478459374.59999895
2025-08-01 09:25:20 AM,1097.0,9,9873.0,478469247.59999895
2025-08-01 09:25:20 AM,1096.6,17,18642.199999999997,478487889.79999894
2025-08-01 09:25:21 AM,1096.5,320,350880.0,478838769.79999894
2025-08-01 09:25:21 AM,1097.4,0,0.0,478838769.79999894
2025-08-01 09:25:22 AM,1097.4,1015,1113861.0,479952630.79999894
2025-08-01 09:25:22 AM,1096.6,500,548300.0,480500930.79999894
2025-08-01 09:25:23 AM,1097.0,0,0.0,480500930.79999894
2025-08-01 09:25:23 AM,1097.0,102,111894.0,480612824.79999894
2025-08-01 09:25:24 AM,1097.0,24,26328.0,480639152.79999894
2025-08-01 09:25:24 AM,1097.3,0,0.0,480639152.79999894
2025-08-01 09:25:25 AM,1097.3,2,2194.6,480641347.39999896
2025-08-01 09:25:25 AM,1097.0,6,6582.0,480647929.39999896
2025-08-01 09:25:26 AM,1097.0,10,10970.0,480658899.39999896
2025-08-01 09:25:27 AM,1097.0,30,32910.0,480691809.39999896
2025-08-01 09:25:28 AM,1097.3,55,60351.5,480752160.89999896
2025-08-01 09:25:28 AM,1097.0,0,0.0,480752160.89999896
2025-08-01 09:25:28 AM,1097.0,200,219400.0,480971560.89999896
2025-08-01 09:25:29 AM,1097.3,0,0.0,480971560.89999896
2025-08-01 09:25:29 AM,1097.3,2,2194.6,480973755.499999
2025-08-01 09:25:30 AM,1096.8,0,0.0,480973755.499999
2025-08-01 09:25:31 AM,1096.8,1438,1577198.4,482550953.89999896
2025-08-01 09:25:32 AM,1096.5,0,0.0,482550953.89999896
2025-08-01 09:25:33 AM,1096.5,3,3289.5,482554243.39999896
2025-08-01 09:25:33 AM,1096.5,15,16447.5,482570690.89999896
2025-08-01 09:25:35 AM,1096.9,27,29616.300000000003,482600307.199999
2025-08-01 09:25:36 AM,1096.5,198,217107.0,482817414.199999
2025-08-01 09:25:36 AM,1096.4,0,0.0,482817414.199999
2025-08-01 09:25:37 AM,1096.4,22,24120.800000000003,482841534.999999
2025-08-01 09:25:37 AM,1096.4,20,21928.0,482863462.999999
2025-08-01 09:25:38 AM,1096.4,1,1096.4,482864559.39999896
2025-08-01 09:25:39 AM,1096.4,3,3289.2000000000003,482867848.59999895
2025-08-01 09:25:40 AM,1096.5,0,0.0,482867848.59999895
2025-08-01 09:25:40 AM,1096.5,697,764260.5,483632109.09999895
2025-08-01 09:25:41 AM,1096.4,0,0.0,483632109.09999895
2025-08-01 09:25:41 AM,1096.4,20,21928.0,483654037.09999895
2025-08-01 09:25:42 AM,1096.5,248,271932.0,483925969.09999895
2025-08-01 09:25:43 AM,1096.4,0,0.0,483925969.09999895
2025-08-01 09:25:43 AM,1096.4,320,350848.0,484276817.09999895
2025-08-01 09:25:44 AM,1096.5,0,0.0,484276817.09999895
2025-08-01 09:25:44 AM,1096.5,47,51535.5,484328352.59999895
2025-08-01 09:25:45 AM,1096.5,11,12061.5,484340414.09999895
2025-08-01 09:25:45 AM,1096.0,0,0.0,484340414.09999895
2025-08-01 09:25:45 AM,1096.0,5736,6286656.0,490627070.09999895
2025-08-01 09:25:46 AM,1095.8,1,1095.8,490628165.89999896
2025-08-01 09:25:46 AM,1095.9,0,0.0,490628165.89999896
2025-08-01 09:25:46 AM,1095.9,63,69041.70000000001,490697207.59999895
2025-08-01 09:25:47 AM,1096.6,1449,1588973.4,492286180.9999989
2025-08-01 09:25:47 AM,1097.0,0,0.0,492286180.9999989
2025-08-01 09:25:47 AM,1097.0,400,438800.0,492724980.9999989
2025-08-01 09:25:50 AM,1097.0,1,1097.0,492726077.9999989
2025-08-01 09:25:50 AM,1096.7,7,7676.900000000001,492733754.8999989
2025-08-01 09:25:53 AM,1097.0,0,0.0,492733754.8999989
2025-08-01 09:25:53 AM,1097.0,13,14261.0,492748015.8999989
2025-08-01 09:25:54 AM,1097.0,1,1097.0,492749112.8999989
2025-08-01 09:25:56 AM,1097.0,90,98730.0,492847842.8999989
2025-08-01 09:25:57 AM,1096.6,12,13159.199999999999,492861002.0999989
2025-08-01 09:25:58 AM,1096.6,45,49346.99999999999,492910349.0999989
2025-08-01 09:25:58 AM,1096.9,0,0.0,492910349.0999989
2025-08-01 09:25:59 AM,1096.6,3,3289.7999999999997,492913638.8999989
2025-08-01 09:25:59 AM,1095.8,463,507355.39999999997,493420994.2999989
2025-08-01 09:26:00 AM,1096.3,0,0.0,493420994.2999989
2025-08-01 09:26:04 AM,1096.2,0,0.0,493420994.2999989
2025-08-01 09:26:05 AM,1096.0,51,55896.0,493476890.2999989
2025-08-01 09:26:07 AM,1094.5,13872,15182904.0,508659794.2999989
2025-08-01 09:26:11 AM,1094.6,0,0.0,508659794.2999989
2025-08-01 09:26:12 AM,1094.1,1671,1828241.0999999999,510488035.3999989
2025-08-01 09:26:14 AM,1094.3,277,303121.1,510791156.4999989
2025-08-01 09:26:18 AM,1094.8,0,0.0,510791156.4999989
2025-08-01 09:26:20 AM,1094.4,719,786873.6000000001,511578030.09999895
2025-08-01 09:26:22 AM,1094.5,817,894206.5,512472236.59999895
2025-08-01 09:26:23 AM,1094.4,0,0.0,512472236.59999895
2025-08-01 09:26:24 AM,1094.1,0,0.0,512472236.59999895
2025-08-01 09:26:28 AM,1093.6,3554,3886654.4,516358890.9999989
2025-08-01 09:26:29 AM,1093.8,0,0.0,516358890.9999989
2025-08-01 09:26:30 AM,1093.8,190,207822.0,516566712.9999989
2025-08-01 09:26:33 AM,1094.0,0,0.0,516566712.9999989
2025-08-01 09:26:35 AM,1095.5,0,0.0,516566712.9999989
2025-08-01 09:26:36 AM,1095.5,8385,9185767.5,525752480.4999989
2025-08-01 09:26:37 AM,1095.5,59,64634.5,525817114.9999989
2025-08-01 09:26:42 AM,1095.1,0,0.0,525817114.9999989
2025-08-01 09:26:43 AM,1095.1,336,367953.6,526185068.59999895
2025-08-01 09:26:44 AM,1095.4,0,0.0,526185068.59999895
2025-08-01 09:26:45 AM,1095.4,2,2190.8,526187259.39999896
2025-08-01 09:26:51 AM,1096.0,1542,1690032.0,527877291.39999896
2025-08-01 09:26:51 AM,1094.3,0,0.0,527877291.39999896
2025-08-01 09:26:52 AM,1095.0,2292,2509740.0,530387031.39999896
2025-08-01 09:26:54 AM,1094.9,0,0.0,530387031.39999896
2025-08-01 09:26:57 AM,1094.4,0,0.0,530387031.39999896
2025-08-01 09:26:58 AM,1094.5,656,717992.0,531105023.39999896
2025-08-01 09:27:01 AM,1095.1,0,0.0,531105023.39999896
2025-08-01 09:27:03 AM,1095.3,0,0.0,531105023.39999896
2025-08-01 09:27:06 AM,1094.6,759,830801.3999999999,531935824.79999894
2025-08-01 09:27:08 AM,1095.1,0,0.0,531935824.79999894
2025-08-01 09:27:09 AM,1095.5,0,0.0,531935824.79999894
2025-08-01 09:27:13 AM,1095.3,292,319827.6,532255652.39999896
2025-08-01 09:27:14 AM,1095.2,0,0.0,532255652.39999896
2025-08-01 09:27:14 AM,1095.2,1,1095.2,532256747.59999895
2025-08-01 09:27:18 AM,1094.4,0,0.0,532256747.59999895
2025-08-01 09:27:21 AM,1094.5,2548,2788786.0,535045533.59999895
2025-08-01 09:27:22 AM,1094.1,92,100657.2,535146190.79999894
2025-08-01 09:27:23 AM,1094.0,0,0.0,535146190.79999894
2025-08-01 09:27:28 AM,1094.3,16,17508.8,535163699.59999895
2025-08-01 09:27:29 AM,1094.5,51,55819.5,535219519.09999895
2025-08-01 09:27:33 AM,1095.0,0,0.0,535219519.09999895
2025-08-01 09:27:34 AM,1094.8,0,0.0,535219519.09999895
2025-08-01 09:27:35 AM,1094.8,1464,1602787.2,536822306.29999894
2025-08-01 09:27:37 AM,1094.7,35,38314.5,536860620.79999894
2025-08-01 09:27:38 AM,1094.1,0,0.0,536860620.79999894
2025-08-01 09:27:43 AM,1092.2,8825,9638665.0,546499285.799999
2025-08-01 09:27:43 AM,1092.3,0,0.0,546499285.799999
2025-08-01 09:27:44 AM,1092.3,202,220644.59999999998,546719930.399999
2025-08-01 09:27:44 AM,1092.2,0,0.0,546719930.399999
2025-08-01 09:27:48 AM,1092.0,0,0.0,546719930.399999
2025-08-01 09:27:49 AM,1092.3,0,0.0,546719930.399999
2025-08-01 09:27:50 AM,1092.9,3576,3908210.4000000004,550628140.799999
2025-08-01 09:27:52 AM,1092.7,100,109270.0,550737410.799999
2025-08-01 09:27:53 AM,1092.4,0,0.0,550737410.799999
2025-08-01 09:27:58 AM,1092.4,678,740647.2000000001,551478057.999999
2025-08-01 09:28:00 AM,1092.8,1,1092.8,551479150.799999
2025-08-01 09:28:01 AM,1092.4,0,0.0,551479150.799999
2025-08-01 09:28:02 AM,1092.4,253,276377.2,551755527.999999
2025-08-01 09:28:02 AM,1092.5,0,0.0,551755527.999999
2025-08-01 09:28:02 AM,1092.9,0,0.0,551755527.999999
2025-08-01 09:28:03 AM,1092.9,45,49180.50000000001,551804708.499999
2025-08-01 09:28:04 AM,1092.9,1,1092.9,551805801.399999
2025-08-01 09:28:04 AM,1092.5,0,0.0,551805801.399999
2025-08-01 09:28:04 AM,1092.9,0,0.0,551805801.399999
2025-08-01 09:28:05 AM,1092.9,300,327870.0,552133671.399999
2025-08-01 09:28:05 AM,1093.0,0,0.0,552133671.399999
2025-08-01 09:28:06 AM,1093.0,515,562895.0,552696566.399999
2025-08-01 09:28:06 AM,1092.9,31,33879.9,552730446.299999
2025-08-01 09:28:06 AM,1092.5,0,0.0,552730446.299999
2025-08-01 09:28:07 AM,1092.5,127,138747.5,552869193.799999
2025-08-01 09:28:07 AM,1092.4,1070,1168868.0,554038061.799999
2025-08-01 09:28:07 AM,1092.5,0,0.0,554038061.799999
2025-08-01 09:28:08 AM,1092.5,25,27312.5,554065374.299999
2025-08-01 09:28:08 AM,1092.5,100,109250.0,554174624.299999
2025-08-01 09:28:09 AM,1092.5,79,86307.5,554260931.799999
2025-08-01 09:28:10 AM,1092.5,107,116897.5,554377829.299999
2025-08-01 09:28:11 AM,1092.8,100,109280.0,554487109.299999
2025-08-01 09:28:11 AM,1092.4,0,0.0,554487109.299999
2025-08-01 09:28:11 AM,1092.4,500,546200.0,555033309.299999
2025-08-01 09:28:12 AM,1092.4,20,21848.0,555055157.299999
2025-08-01 09:28:12 AM,1091.8,0,0.0,555055157.299999
2025-08-01 09:28:13 AM,1092.1,1050,1146705.0,556201862.299999
2025-08-01 09:28:14 AM,1092.5,0,0.0,556201862.299999
2025-08-01 09:28:14 AM,1092.5,5,5462.5,556207324.799999
2025-08-01 09:28:14 AM,1092.8,0,0.0,556207324.799999
2025-08-01 09:28:15 AM,1092.8,50,54640.0,556261964.799999
2025-08-01 09:28:16 AM,1092.4,0,0.0,556261964.799999
2025-08-01 09:28:16 AM,1092.4,400,436960.00000000006,556698924.799999
2025-08-01 09:28:17 AM,1092.8,0,0.0,556698924.799999
2025-08-01 09:28:17 AM,1092.8,1,1092.8,556700017.599999
2025-08-01 09:28:18 AM,1092.9,400,437160.00000000006,557137177.599999
2025-08-01 09:28:19 AM,1092.4,0,0.0,557137177.599999
2025-08-01 09:28:20 AM,1092.4,20,21848.0,557159025.599999
2025-08-01 09:28:20 AM,1092.9,58,63388.200000000004,557222413.799999
2025-08-01 09:28:22 AM,1092.9,1,1092.9,557223506.699999
2025-08-01 09:28:22 AM,1092.8,104,113651.2,557337157.899999
2025-08-01 09:28:23 AM,1092.8,1,1092.8,557338250.699999
2025-08-01 09:28:24 AM,1092.8,200,218560.0,557556810.699999
2025-08-01 09:28:24 AM,1092.9,665,726778.5000000001,558283589.199999
2025-08-01 09:28:25 AM,1092.5,47,51347.5,558334936.699999
2025-08-01 09:28:26 AM,1092.4,5,5462.0,558340398.699999
2025-08-01 09:28:27 AM,1092.5,0,0.0,558340398.699999
2025-08-01 09:28:28 AM,1092.5,436,476330.0,558816728.699999
2025-08-01 09:28:28 AM,1093.0,250,273250.0,559089978.699999
2025-08-01 09:28:29 AM,1092.5,202,220685.0,559310663.699999
2025-08-01 09:28:30 AM,1092.5,1,1092.5,559311756.199999
2025-08-01 09:28:31 AM,1092.5,728,795340.0,560107096.199999
2025-08-01 09:28:32 AM,1092.9,1276,1394540.4000000001,561501636.599999
2025-08-01 09:28:34 AM,1092.5,21,22942.5,561524579.099999
2025-08-01 09:28:35 AM,1092.9,38,41530.200000000004,561566109.299999
2025-08-01 09:28:39 AM,1092.5,39,42607.5,561608716.799999
2025-08-01 09:28:39 AM,1092.8,0,0.0,561608716.799999
2025-08-01 09:28:40 AM,1092.8,10,10928.0,561619644.799999
2025-08-01 09:28:40 AM,1092.5,0,0.0,561619644.799999
2025-08-01 09:28:41 AM,1092.5,4,4370.0,561624014.799999
2025-08-01 09:28:42 AM,1092.8,75,81960.0,561705974.799999
2025-08-01 09:28:44 AM,1092.8,5,5464.0,561711438.799999
2025-08-01 09:28:45 AM,1092.5,550,600875.0,562312313.799999
2025-08-01 09:28:45 AM,1092.8,0,0.0,562312313.799999
2025-08-01 09:28:46 AM,1092.8,2,2185.6,562314499.399999
2025-08-01 09:28:46 AM,1092.5,4,4370.0,562318869.399999
2025-08-01 09:28:46 AM,1092.8,0,0.0,562318869.399999
2025-08-01 09:28:47 AM,1092.8,3,3278.3999999999996,562322147.799999
2025-08-01 09:28:48 AM,1093.5,2467,2697664.5,565019812.299999
2025-08-01 09:28:49 AM,1093.5,21,22963.5,565042775.799999
2025-08-01 09:28:50 AM,1093.3,30,32799.0,565075574.799999
2025-08-01 09:28:51 AM,1093.3,1,1093.3,565076668.099999
2025-08-01 09:28:51 AM,1093.9,78,85324.20000000001,565161992.299999
2025-08-01 09:28:53 AM,1094.0,1431,1565514.0,566727506.299999
2025-08-01 09:28:53 AM,1094.3,20,21886.0,566749392.299999
2025-08-01 09:28:54 AM,1094.3,33,36111.9,566785504.199999
2025-08-01 09:28:55 AM,1095.7,4512,4943798.4,571729302.599999
2025-08-01 09:28:55 AM,1095.6,0,0.0,571729302.599999
2025-08-01 09:28:56 AM,1094.7,1598,1749330.6,573478633.199999
2025-08-01 09:28:56 AM,1094.2,0,0.0,573478633.199999
2025-08-01 09:28:56 AM,1094.2,8,8753.6,573487386.799999
2025-08-01 09:28:57 AM,1095.6,851,932355.6,574419742.399999
2025-08-01 09:28:58 AM,1095.6,10,10956.0,574430698.399999
2025-08-01 09:28:58 AM,1095.1,51,55850.1,574486548.499999
2025-08-01 09:29:00 AM,1095.6,0,0.0,574486548.499999
2025-08-01 09:29:01 AM,1095.6,10,10956.0,574497504.499999
2025-08-01 09:29:02 AM,1095.8,0,0.0,574497504.499999
2025-08-01 09:29:07 AM,1095.1,0,0.0,574497504.499999
2025-08-01 09:29:07 AM,1095.1,2920,3197691.9999999995,577695196.499999
2025-08-01 09:29:08 AM,1095.5,0,0.0,577695196.499999
2025-08-01 09:29:09 AM,1095.5,2,2191.0,577697387.499999
2025-08-01 09:29:12 AM,1095.7,0,0.0,577697387.499999
2025-08-01 09:29:13 AM,1095.6,0,0.0,577697387.499999
2025-08-01 09:29:15 AM,1095.7,1246,1365242.2,579062629.6999991
2025-08-01 09:29:16 AM,1096.0,72,78912.0,579141541.6999991
2025-08-01 09:29:18 AM,1095.6,0,0.0,579141541.6999991
2025-08-01 09:29:18 AM,1096.0,0,0.0,579141541.6999991
2025-08-01 09:29:22 AM,1096.2,1321,1448080.2,580589621.8999991
2025-08-01 09:29:23 AM,1096.4,0,0.0,580589621.8999991
2025-08-01 09:29:24 AM,1096.2,0,0.0,580589621.8999991
2025-08-01 09:29:24 AM,1096.2,38,41655.6,580631277.4999992
2025-08-01 09:29:28 AM,1096.7,0,0.0,580631277.4999992
2025-08-01 09:29:30 AM,1096.4,1276,1399006.4000000001,582030283.8999991
2025-08-01 09:29:31 AM,1096.5,30,32895.0,582063178.8999991
2025-08-01 09:29:37 AM,1096.2,1147,1257341.4000000001,583320520.2999991
2025-08-01 09:29:38 AM,1096.4,0,0.0,583320520.2999991
2025-08-01 09:29:38 AM,1096.4,25,27410.000000000004,583347930.2999991
2025-08-01 09:29:45 AM,1096.5,1056,1157904.0,584505834.2999991
2025-08-01 09:29:46 AM,1096.5,22,24123.0,584529957.2999991
2025-08-01 09:29:48 AM,1096.0,0,0.0,584529957.2999991
2025-08-01 09:29:52 AM,1096.5,508,557022.0,585086979.2999991
2025-08-01 09:29:53 AM,1096.5,22,24123.0,585111102.2999991
2025-08-01 09:29:54 AM,1096.4,0,0.0,585111102.2999991
2025-08-01 09:30:00 AM,1096.5,1291,1415581.5,586526683.7999991
2025-08-01 09:30:01 AM,1096.5,22,24123.0,586550806.7999991
2025-08-01 09:30:05 AM,1096.1,0,0.0,586550806.7999991
2025-08-01 09:30:07 AM,1095.7,913,1000374.1000000001,587551180.8999991
2025-08-01 09:30:08 AM,1095.9,45,49315.50000000001,587600496.3999991
2025-08-01 09:30:13 AM,1095.7,0,0.0,587600496.3999991
2025-08-01 09:30:15 AM,1095.9,53,58082.700000000004,587658579.0999992
2025-08-01 09:30:16 AM,1095.7,194,212565.80000000002,587871144.8999991
2025-08-01 09:30:20 AM,1096.4,0,0.0,587871144.8999991
2025-08-01 09:30:23 AM,1096.5,1139,1248913.5,589120058.3999991
2025-08-01 09:30:23 AM,1097.2,2639,2895510.8000000003,592015569.1999991
2025-08-01 09:30:27 AM,1097.4,0,0.0,592015569.1999991
2025-08-01 09:30:30 AM,1097.1,549,602307.8999999999,592617877.0999991
2025-08-01 09:30:31 AM,1097.5,22,24145.0,592642022.0999991
2025-08-01 09:30:34 AM,1096.5,0,0.0,592642022.0999991
2025-08-01 09:30:37 AM,1096.6,568,622868.7999999999,593264890.899999
2025-08-01 09:30:38 AM,1097.3,22,24140.6,593289031.499999
2025-08-01 09:30:41 AM,1097.4,0,0.0,593289031.499999
2025-08-01 09:30:45 AM,1098.0,1801,1977498.0,595266529.499999
2025-08-01 09:30:45 AM,1098.0,427,468846.0,595735375.499999
2025-08-01 09:30:50 AM,1097.5,0,0.0,595735375.499999
2025-08-01 09:30:52 AM,1097.9,290,318391.0,596053766.499999
2025-08-01 09:30:53 AM,1097.9,22,24153.800000000003,596077920.299999
2025-08-01 09:30:54 AM,1097.0,0,0.0,596077920.299999
2025-08-01 09:30:57 AM,1097.5,0,0.0,596077920.299999
2025-08-01 09:30:59 AM,1097.9,2249,2469177.1,598547097.399999
2025-08-01 09:30:59 AM,1097.8,0,0.0,598547097.399999
2025-08-01 09:31:00 AM,1097.8,37,40618.6,598587715.999999
2025-08-01 09:31:02 AM,1097.0,0,0.0,598587715.999999
2025-08-01 09:31:05 AM,1097.4,0,0.0,598587715.999999
2025-08-01 09:31:07 AM,1097.4,887,973393.8,599561109.799999
2025-08-01 09:31:07 AM,1097.5,22,24145.0,599585254.799999
2025-08-01 09:31:09 AM,1097.1,0,0.0,599585254.799999
2025-08-01 09:31:11 AM,1097.7,0,0.0,599585254.799999
2025-08-01 09:31:14 AM,1097.1,0,0.0,599585254.799999
2025-08-01 09:31:14 AM,1097.1,404,443228.39999999997,600028483.199999
2025-08-01 09:31:15 AM,1097.0,29,31813.0,600060296.199999
2025-08-01 09:31:16 AM,1097.3,0,0.0,600060296.199999
2025-08-01 09:31:20 AM,1097.6,0,0.0,600060296.199999
2025-08-01 09:31:22 AM,1097.8,1090,1196602.0,601256898.199999
2025-08-01 09:31:22 AM,1097.6,332,364403.19999999995,601621301.399999
2025-08-01 09:31:27 AM,1097.8,0,0.0,601621301.399999
2025-08-01 09:31:28 AM,1097.7,0,0.0,601621301.399999
2025-08-01 09:31:29 AM,1097.7,234,256861.80000000002,601878163.199999
2025-08-01 09:31:29 AM,1097.5,32,35120.0,601913283.199999
2025-08-01 09:31:34 AM,1097.6,0,0.0,601913283.199999
2025-08-01 09:31:36 AM,1097.8,2107,2313064.6,604226347.799999
2025-08-01 09:31:36 AM,1097.9,22,24153.800000000003,604250501.599999
2025-08-01 09:31:38 AM,1097.8,0,0.0,604250501.599999
2025-08-01 09:31:43 AM,1098.5,1296,1423656.0,605674157.599999
2025-08-01 09:31:43 AM,1098.2,24,26356.800000000003,605700514.3999989
2025-08-01 09:31:44 AM,1098.5,0,0.0,605700514.3999989
2025-08-01 09:31:50 AM,1098.9,0,0.0,605700514.3999989
2025-08-01 09:31:50 AM,1098.9,404,443955.60000000003,606144469.9999989
2025-08-01 09:31:50 AM,1098.9,26,28571.4,606173041.3999989
2025-08-01 09:31:51 AM,1098.8,0,0.0,606173041.3999989
2025-08-01 09:31:56 AM,1099.1,0,0.0,606173041.3999989
2025-08-01 09:31:57 AM,1099.1,1280,1406848.0,607579889.3999989
2025-08-01 09:31:57 AM,1099.3,22,24184.6,607604073.9999989
2025-08-01 09:32:01 AM,1099.1,0,0.0,607604073.9999989
2025-08-01 09:32:01 AM,1099.6,0,0.0,607604073.9999989
2025-08-01 09:32:04 AM,1099.5,766,842217.0,608446290.9999989
2025-08-01 09:32:04 AM,1099.6,22,24191.199999999997,608470482.199999
2025-08-01 09:32:06 AM,1099.4,0,0.0,608470482.199999
2025-08-01 09:32:06 AM,1099.3,0,0.0,608470482.199999
2025-08-01 09:32:11 AM,1098.9,4878,5360434.2,613830916.399999
2025-08-01 09:32:12 AM,1098.7,0,0.0,613830916.399999
2025-08-01 09:32:18 AM,1099.0,965,1060535.0,614891451.399999
2025-08-01 09:32:18 AM,1099.0,22,24178.0,614915629.399999
2025-08-01 09:32:19 AM,1098.6,0,0.0,614915629.399999
2025-08-01 09:32:24 AM,1098.7,0,0.0,614915629.399999
2025-08-01 09:32:25 AM,1098.7,1288,1415125.6,616330754.999999
2025-08-01 09:32:25 AM,1099.0,22,24178.0,616354932.999999
2025-08-01 09:32:31 AM,1098.7,0,0.0,616354932.999999
2025-08-01 09:32:32 AM,1099.0,221,242879.0,616597811.999999
2025-08-01 09:32:32 AM,1099.0,27,29673.0,616627484.999999
2025-08-01 09:32:37 AM,1098.7,0,0.0,616627484.999999
2025-08-01 09:32:37 AM,1099.0,0,0.0,616627484.999999
2025-08-01 09:32:38 AM,1098.0,1158,1271484.0,617898968.999999
2025-08-01 09:32:39 AM,1098.4,22,24164.800000000003,617923133.799999
2025-08-01 09:32:43 AM,1098.0,0,0.0,617923133.799999
2025-08-01 09:32:46 AM,1098.1,153,168009.3,618091143.099999
2025-08-01 09:32:46 AM,1098.5,22,24167.0,618115310.099999
2025-08-01 09:32:48 AM,1098.6,0,0.0,618115310.099999
2025-08-01 09:32:48 AM,1098.7,0,0.0,618115310.099999
2025-08-01 09:32:53 AM,1098.7,625,686687.5,618801997.599999
2025-08-01 09:32:53 AM,1098.9,22,24175.800000000003,618826173.3999989
2025-08-01 09:33:00 AM,1099.0,0,0.0,618826173.3999989
2025-08-01 09:33:00 AM,1099.0,255,280245.0,619106418.3999989
2025-08-01 09:33:00 AM,1099.0,22,24178.0,619130596.3999989
2025-08-01 09:33:06 AM,1098.9,0,0.0,619130596.3999989
2025-08-01 09:33:06 AM,1099.0,0,0.0,619130596.3999989
2025-08-01 09:33:07 AM,1099.0,344,378056.0,619508652.3999989
2025-08-01 09:33:07 AM,1099.0,22,24178.0,619532830.3999989
2025-08-01 09:33:12 AM,1099.4,0,0.0,619532830.3999989
2025-08-01 09:33:12 AM,1098.9,0,0.0,619532830.3999989
2025-08-01 09:33:13 AM,1099.3,1184,1301571.2,620834401.599999
2025-08-01 09:33:14 AM,1099.3,22,24184.6,620858586.199999
2025-08-01 09:33:20 AM,1099.5,223,245188.5,621103774.699999
2025-08-01 09:33:20 AM,1099.6,22,24191.199999999997,621127965.899999
2025-08-01 09:33:22 AM,1099.5,0,0.0,621127965.899999
2025-08-01 09:33:27 AM,1101.5,0,0.0,621127965.899999
2025-08-01 09:33:27 AM,1100.9,8463,9316916.700000001,630444882.5999991
2025-08-01 09:33:27 AM,1101.4,22,24230.800000000003,630469113.399999
2025-08-01 09:33:32 AM,1101.5,0,0.0,630469113.399999
2025-08-01 09:33:34 AM,1101.4,1832,2017764.8000000003,632486878.199999
2025-08-01 09:33:37 AM,1101.0,0,0.0,632486878.199999
2025-08-01 09:33:41 AM,1101.1,2248,2475272.8,634962150.9999989
2025-08-01 09:33:42 AM,1100.2,0,0.0,634962150.9999989
2025-08-01 09:33:47 AM,1100.4,0,0.0,634962150.9999989
2025-08-01 09:33:48 AM,1100.4,1249,1374399.6,636336550.599999
2025-08-01 09:33:48 AM,1100.0,10,11000.0,636347550.599999
2025-08-01 09:33:51 AM,1100.7,0,0.0,636347550.599999
2025-08-01 09:33:52 AM,1101.4,0,0.0,636347550.599999
2025-08-01 09:33:55 AM,1100.7,1683,1852478.1,638200028.699999
2025-08-01 09:33:57 AM,1100.5,0,0.0,638200028.699999
2025-08-01 09:33:57 AM,1100.9,0,0.0,638200028.699999
2025-08-01 09:34:02 AM,1101.0,969,1066869.0,639266897.699999
2025-08-01 09:34:02 AM,1101.4,0,0.0,639266897.699999
2025-08-01 09:34:07 AM,1101.3,0,0.0,639266897.699999
2025-08-01 09:34:09 AM,1101.5,1030,1134545.0,640401442.699999
2025-08-01 09:34:16 AM,1101.3,511,562764.2999999999,640964206.9999989
2025-08-01 09:34:16 AM,1101.3,50,55065.0,641019271.9999989
2025-08-01 09:34:17 AM,1102.0,0,0.0,641019271.9999989
2025-08-01 09:34:20 AM,1101.3,0,0.0,641019271.9999989
2025-08-01 09:34:23 AM,1101.3,6435,7086865.5,648106137.4999989
2025-08-01 09:34:25 AM,1101.5,0,0.0,648106137.4999989
2025-08-01 09:34:27 AM,1102.0,0,0.0,648106137.4999989
2025-08-01 09:34:30 AM,1101.6,0,0.0,648106137.4999989
2025-08-01 09:34:30 AM,1101.6,802,883483.2,648989620.699999
2025-08-01 09:34:32 AM,1101.8,0,0.0,648989620.699999
2025-08-01 09:34:35 AM,1101.6,0,0.0,648989620.699999
2025-08-01 09:34:37 AM,1101.6,756,832809.6,649822430.299999
2025-08-01 09:34:42 AM,1102.0,0,0.0,649822430.299999
2025-08-01 09:34:44 AM,1101.9,1134,1249554.6,651071984.899999
2025-08-01 09:34:44 AM,1101.9,14,15426.600000000002,651087411.499999
2025-08-01 09:34:47 AM,1101.8,0,0.0,651087411.499999
2025-08-01 09:34:51 AM,1101.9,1372,1511806.8,652599218.299999
2025-08-01 09:34:52 AM,1101.8,0,0.0,652599218.299999
2025-08-01 09:34:57 AM,1101.6,0,0.0,652599218.299999
2025-08-01 09:34:58 AM,1101.6,1185,1305396.0,653904614.299999
2025-08-01 09:35:02 AM,1101.8,0,0.0,653904614.299999
2025-08-01 09:35:02 AM,1101.5,0,0.0,653904614.299999
2025-08-01 09:35:05 AM,1101.3,2287,2518673.1,656423287.399999
2025-08-01 09:35:05 AM,1101.4,14,15419.600000000002,656438706.999999
2025-08-01 09:35:07 AM,1101.5,0,0.0,656438706.999999
2025-08-01 09:35:12 AM,1101.8,0,0.0,656438706.999999
2025-08-01 09:35:12 AM,1101.8,705,776769.0,657215475.999999
2025-08-01 09:35:12 AM,1101.0,0,0.0,657215475.999999
2025-08-01 09:35:17 AM,1101.1,0,0.0,657215475.999999
2025-08-01 09:35:19 AM,1100.8,6755,7435904.0,664651379.999999
2025-08-01 09:35:22 AM,1101.7,0,0.0,664651379.999999
2025-08-01 09:35:22 AM,1101.0,0,0.0,664651379.999999
2025-08-01 09:35:26 AM,1101.8,9987,11003676.6,675655056.5999991
2025-08-01 09:35:27 AM,1101.2,0,0.0,675655056.5999991
2025-08-01 09:35:32 AM,1101.9,0,0.0,675655056.5999991
2025-08-01 09:35:33 AM,1101.9,1607,1770753.3,677425809.899999
2025-08-01 09:35:37 AM,1101.7,0,0.0,677425809.899999
2025-08-01 09:35:37 AM,1101.3,0,0.0,677425809.899999
2025-08-01 09:35:40 AM,1101.3,722,795138.6,678220948.499999
2025-08-01 09:35:42 AM,1102.2,0,0.0,678220948.499999
2025-08-01 09:35:46 AM,1102.3,14184,15635023.2,693855971.6999991
2025-08-01 09:35:47 AM,1102.1,0,0.0,693855971.6999991
2025-08-01 09:35:47 AM,1102.7,90,99243.0,693955214.6999991
2025-08-01 09:35:47 AM,1102.5,0,0.0,693955214.6999991
2025-08-01 09:35:52 AM,1102.2,0,0.0,693955214.6999991
2025-08-01 09:35:53 AM,1102.5,1436,1583190.0,695538404.6999991
2025-08-01 09:35:57 AM,1102.7,0,0.0,695538404.6999991
2025-08-01 09:36:00 AM,1102.8,551,607642.7999999999,696146047.499999
2025-08-01 09:36:02 AM,1102.9,0,0.0,696146047.499999
2025-08-01 09:36:02 AM,1102.6,0,0.0,696146047.499999
2025-08-01 09:36:05 AM,1103.1,0,0.0,696146047.499999
2025-08-01 09:36:06 AM,1102.5,3685,4062712.5,700208759.999999
2025-08-01 09:36:09 AM,1102.4,0,0.0,700208759.999999
2025-08-01 09:36:13 AM,1103.1,0,0.0,700208759.999999
2025-08-01 09:36:13 AM,1103.5,1261,1391513.5,701600273.499999
2025-08-01 09:36:13 AM,1103.5,24,26484.0,701626757.499999
2025-08-01 09:36:17 AM,1103.9,0,0.0,701626757.499999
2025-08-01 09:36:20 AM,1103.5,595,656582.5,702283339.999999
2025-08-01 09:36:21 AM,1104.0,0,0.0,702283339.999999
2025-08-01 09:36:25 AM,1103.7,0,0.0,702283339.999999
2025-08-01 09:36:25 AM,1103.9,0,0.0,702283339.999999
2025-08-01 09:36:26 AM,1103.5,2629,2901101.5,705184441.499999
2025-08-01 09:36:33 AM,1103.8,0,0.0,705184441.499999
2025-08-01 09:36:33 AM,1103.8,465,513267.0,705697708.499999
2025-08-01 09:36:33 AM,1103.9,0,0.0,705697708.499999
2025-08-01 09:36:37 AM,1103.5,0,0.0,705697708.499999
2025-08-01 09:36:37 AM,1102.5,0,0.0,705697708.499999
2025-08-01 09:36:39 AM,1103.0,7254,8001162.0,713698870.499999
2025-08-01 09:36:39 AM,1103.0,5,5515.0,713704385.499999
2025-08-01 09:36:41 AM,1103.3,0,0.0,713704385.499999
2025-08-01 09:36:45 AM,1102.5,0,0.0,713704385.499999
2025-08-01 09:36:45 AM,1102.9,0,0.0,713704385.499999
2025-08-01 09:36:46 AM,1102.9,329,362854.10000000003,714067239.5999991
2025-08-01 09:36:46 AM,1102.9,20,22058.0,714089297.5999991
2025-08-01 09:36:49 AM,1102.0,0,0.0,714089297.5999991
2025-08-01 09:36:49 AM,1102.9,0,0.0,714089297.5999991
2025-08-01 09:36:52 AM,1103.0,594,655182.0,714744479.5999991
2025-08-01 09:36:57 AM,1102.4,0,0.0,714744479.5999991
2025-08-01 09:36:57 AM,1102.5,0,0.0,714744479.5999991
2025-08-01 09:36:59 AM,1102.9,664,732325.6000000001,715476805.1999991
2025-08-01 09:36:59 AM,1102.5,45,49612.5,715526417.6999991
2025-08-01 09:37:01 AM,1102.9,0,0.0,715526417.6999991
2025-08-01 09:37:05 AM,1101.8,0,0.0,715526417.6999991
2025-08-01 09:37:06 AM,1101.3,3093,3406320.9,718932738.5999991
2025-08-01 09:37:06 AM,1101.9,25,27547.500000000004,718960286.0999991
2025-08-01 09:37:10 AM,1102.2,0,0.0,718960286.0999991
2025-08-01 09:37:13 AM,1102.0,1094,1205588.0,720165874.0999991
2025-08-01 09:37:13 AM,1102.4,5,5512.0,720171386.0999991
2025-08-01 09:37:15 AM,1102.3,0,0.0,720171386.0999991
2025-08-01 09:37:20 AM,1102.9,0,0.0,720171386.0999991
2025-08-01 09:37:20 AM,1102.9,943,1040034.7000000001,721211420.7999991
2025-08-01 09:37:21 AM,1102.4,0,0.0,721211420.7999991
2025-08-01 09:37:25 AM,1102.8,0,0.0,721211420.7999991
2025-08-01 09:37:26 AM,1102.4,0,0.0,721211420.7999991
2025-08-01 09:37:27 AM,1102.4,190,209456.00000000003,721420876.7999991
2025-08-01 09:37:27 AM,1102.5,1226,1351665.0,722772541.7999991
2025-08-01 09:37:30 AM,1103.8,0,0.0,722772541.7999991
2025-08-01 09:37:31 AM,1104.2,0,0.0,722772541.7999991
2025-08-01 09:37:34 AM,1102.9,11954,13184066.600000001,735956608.3999991
2025-08-01 09:37:34 AM,1102.9,2,2205.8,735958814.1999991
2025-08-01 09:37:35 AM,1103.4,0,0.0,735958814.1999991
2025-08-01 09:37:36 AM,1103.3,0,0.0,735958814.1999991
2025-08-01 09:37:39 AM,1102.9,0,0.0,735958814.1999991
2025-08-01 09:37:41 AM,1102.6,1977,2179840.1999999997,738138654.3999991
2025-08-01 09:37:41 AM,1101.7,1002,1103903.4000000001,739242557.7999991
2025-08-01 09:37:45 AM,1102.3,0,0.0,739242557.7999991
2025-08-01 09:37:47 AM,1102.0,1227,1352154.0,740594711.7999991
2025-08-01 09:37:49 AM,1101.6,0,0.0,740594711.7999991
2025-08-01 09:37:51 AM,1100.6,0,0.0,740594711.7999991
2025-08-01 09:37:53 AM,1100.8,0,0.0,740594711.7999991
2025-08-01 09:37:54 AM,1100.8,4719,5194675.2,745789386.9999992
2025-08-01 09:37:54 AM,1100.2,60,66012.0,745855398.9999992
2025-08-01 09:37:57 AM,1100.3,0,0.0,745855398.9999992
2025-08-01 09:38:00 AM,1100.7,81,89156.7,745944555.6999992
2025-08-01 09:38:01 AM,1100.3,21,23106.3,745967661.9999992
2025-08-01 09:38:06 AM,1100.3,223,245366.9,746213028.8999991
2025-08-01 09:38:07 AM,1100.7,0,0.0,746213028.8999991
2025-08-01 09:38:07 AM,1100.3,460,506138.0,746719166.8999991
2025-08-01 09:38:08 AM,1100.6,99,108959.4,746828126.2999991
2025-08-01 09:38:09 AM,1100.4,0,0.0,746828126.2999991
2025-08-01 09:38:10 AM,1100.4,195,214578.00000000003,747042704.2999991
2025-08-01 09:38:10 AM,1100.8,58,63846.399999999994,747106550.6999991
2025-08-01 09:38:11 AM,1100.2,0,0.0,747106550.6999991
2025-08-01 09:38:11 AM,1100.8,816,898252.7999999999,748004803.499999
2025-08-01 09:38:13 AM,1100.2,0,0.0,748004803.499999
2025-08-01 09:38:13 AM,1100.2,756,831751.2000000001,748836554.6999991
2025-08-01 09:38:14 AM,1100.3,0,0.0,748836554.6999991
2025-08-01 09:38:15 AM,1100.3,145,159543.5,748996098.1999991
2025-08-01 09:38:15 AM,1100.5,600,660300.0,749656398.1999991
2025-08-01 09:38:16 AM,1100.7,120,132084.0,749788482.1999991
2025-08-01 09:38:18 AM,1100.7,80,88056.0,749876538.1999991
2025-08-01 09:38:20 AM,1100.7,4,4402.8,749880940.999999
2025-08-01 09:38:21 AM,1100.5,0,0.0,749880940.999999
2025-08-01 09:38:22 AM,1100.5,125,137562.5,750018503.499999
2025-08-01 09:38:22 AM,1100.9,225,247702.50000000003,750266205.999999
2025-08-01 09:38:24 AM,1100.9,16,17614.4,750283820.399999
2025-08-01 09:38:25 AM,1100.5,175,192587.5,750476407.899999
2025-08-01 09:38:26 AM,1100.5,190,209095.0,750685502.899999
2025-08-01 09:38:28 AM,1100.9,1,1100.9,750686603.799999
2025-08-01 09:38:28 AM,1100.7,0,0.0,750686603.799999
2025-08-01 09:38:29 AM,1100.7,12,13208.400000000001,750699812.199999
2025-08-01 09:38:30 AM,1100.8,2,2201.6,750702013.799999
2025-08-01 09:38:31 AM,1100.9,10,11009.0,750713022.799999
2025-08-01 09:38:32 AM,1100.7,0,0.0,750713022.799999
2025-08-01 09:38:33 AM,1100.7,73,80351.1,750793373.899999
2025-08-01 09:38:34 AM,1100.9,50,55045.00000000001,750848418.899999
2025-08-01 09:38:34 AM,1100.3,725,797717.5,751646136.399999
2025-08-01 09:38:35 AM,1100.7,5,5503.5,751651639.899999
2025-08-01 09:38:36 AM,1100.7,22,24215.4,751675855.299999
2025-08-01 09:38:36 AM,1100.7,20,22014.0,751697869.299999
2025-08-01 09:38:40 AM,1100.3,0,0.0,751697869.299999
2025-08-01 09:38:41 AM,1100.9,154,169538.6,751867407.899999
2025-08-01 09:38:41 AM,1100.5,10,11005.0,751878412.899999
2025-08-01 09:38:42 AM,1100.5,779,857289.5,752735702.399999
2025-08-01 09:38:42 AM,1100.2,600,660120.0,753395822.399999
2025-08-01 09:38:43 AM,1100.1,725,797572.4999999999,754193394.899999
2025-08-01 09:38:43 AM,1100.5,164,180482.0,754373876.899999
2025-08-01 09:38:45 AM,1100.0,36,39600.0,754413476.899999
2025-08-01 09:38:46 AM,1100.5,10,11005.0,754424481.899999
2025-08-01 09:38:47 AM,1100.0,0,0.0,754424481.899999
2025-08-01 09:38:48 AM,1100.0,50,55000.0,754479481.899999
2025-08-01 09:38:48 AM,1100.4,20,22008.0,754501489.899999
2025-08-01 09:38:48 AM,1100.0,0,0.0,754501489.899999
2025-08-01 09:38:49 AM,1100.0,25,27500.0,754528989.899999
2025-08-01 09:38:49 AM,1100.6,1500,1650899.9999999998,756179889.899999
2025-08-01 09:38:51 AM,1100.0,650,715000.0,756894889.899999
2025-08-01 09:38:53 AM,1100.0,62,68200.0,756963089.899999
2025-08-01 09:38:53 AM,1100.3,0,0.0,756963089.899999
2025-08-01 09:38:54 AM,1100.3,350,385105.0,757348194.899999
2025-08-01 09:38:56 AM,1100.0,10,11000.0,757359194.899999
2025-08-01 09:38:56 AM,1100.0,500,550000.0,757909194.899999
2025-08-01 09:38:59 AM,1100.0,5,5500.0,757914694.899999
2025-08-01 09:39:00 AM,1099.9,3754,4129024.6000000006,762043719.499999
2025-08-01 09:39:02 AM,1099.1,0,0.0,762043719.499999
2025-08-01 09:39:07 AM,1099.8,0,0.0,762043719.499999
2025-08-01 09:39:08 AM,1099.8,2192,2410761.6,764454481.0999991
2025-08-01 09:39:12 AM,1099.2,0,0.0,764454481.0999991
2025-08-01 09:39:15 AM,1099.8,1477,1624404.5999999999,766078885.6999991
2025-08-01 09:39:17 AM,1100.0,0,0.0,766078885.6999991
2025-08-01 09:39:21 AM,1100.5,619,681209.5,766760095.1999991
2025-08-01 09:39:26 AM,1100.0,0,0.0,766760095.1999991
2025-08-01 09:39:28 AM,1100.2,821,903264.2000000001,767663359.3999991
2025-08-01 09:39:30 AM,1101.8,0,0.0,767663359.3999991
2025-08-01 09:39:34 AM,1101.2,0,0.0,767663359.3999991
2025-08-01 09:39:35 AM,1101.2,3250,3578900.0,771242259.3999991
2025-08-01 09:39:38 AM,1100.8,0,0.0,771242259.3999991
2025-08-01 09:39:41 AM,1100.8,166,182732.8,771424992.1999991
2025-08-01 09:39:42 AM,1100.8,99,108979.2,771533971.3999991
2025-08-01 09:39:46 AM,1100.7,0,0.0,771533971.3999991
2025-08-01 09:39:48 AM,1100.8,916,1008332.7999999999,772542304.1999991
2025-08-01 09:39:50 AM,1100.5,0,0.0,772542304.1999991
2025-08-01 09:39:54 AM,1100.8,1245,1370496.0,773912800.1999991
