date,price,qty,trnvr,cum_trnvr
2025-08-01 09:15:06 AM,393.0,1953,767529.0,767529.0
2025-08-01 09:15:08 AM,393.2,1915,752978.0,1520507.0
2025-08-01 09:15:15 AM,393.15,0,0.0,1520507.0
2025-08-01 09:15:18 AM,393.0,2379,934947.0,2455454.0
2025-08-01 09:15:20 AM,393.3,1073,422010.9,2877464.9
2025-08-01 09:15:23 AM,395.7,0,0.0,2877464.9
2025-08-01 09:15:25 AM,394.6,0,0.0,2877464.9
2025-08-01 09:15:27 AM,394.6,1723,679895.8,3557360.7
2025-08-01 09:15:29 AM,395.5,425,168087.5,3725448.2
2025-08-01 09:15:35 AM,394.8,0,0.0,3725448.2
2025-08-01 09:15:36 AM,394.8,103,40664.4,3766112.6
2025-08-01 09:15:37 AM,394.9,64,25273.6,3791386.2
2025-08-01 09:15:39 AM,395.45,0,0.0,3791386.2
2025-08-01 09:15:43 AM,394.7,0,0.0,3791386.2
2025-08-01 09:15:44 AM,394.7,325,128277.5,3919663.7
2025-08-01 09:15:46 AM,395.15,33,13039.949999999999,3932703.6500000004
2025-08-01 09:15:50 AM,394.8,0,0.0,3932703.6500000004
2025-08-01 09:15:52 AM,394.8,20,7896.0,3940599.6500000004
2025-08-01 09:15:57 AM,394.25,0,0.0,3940599.6500000004
2025-08-01 09:16:00 AM,394.25,2411,950536.75,4891136.4
2025-08-01 09:16:02 AM,393.9,653,257216.69999999998,5148353.100000001
2025-08-01 09:16:04 AM,393.95,0,0.0,5148353.100000001
2025-08-01 09:16:09 AM,394.25,652,257051.0,5405404.100000001
2025-08-01 09:16:09 AM,394.55,0,0.0,5405404.100000001
2025-08-01 09:16:10 AM,394.55,259,102188.45,5507592.550000001
2025-08-01 09:16:12 AM,394.95,0,0.0,5507592.550000001
2025-08-01 09:16:17 AM,394.95,1003,396134.85,5903727.4
2025-08-01 09:16:18 AM,394.95,132,52133.4,5955860.800000001
2025-08-01 09:16:20 AM,395.0,0,0.0,5955860.800000001
2025-08-01 09:16:22 AM,394.55,0,0.0,5955860.800000001
2025-08-01 09:16:25 AM,394.85,645,254678.25000000003,6210539.050000001
2025-08-01 09:16:27 AM,395.0,77,30415.0,6240954.050000001
2025-08-01 09:16:30 AM,395.65,0,0.0,6240954.050000001
2025-08-01 09:16:33 AM,395.65,2048,810291.2,7051245.250000001
2025-08-01 09:16:35 AM,395.35,216,85395.6,7136640.850000001
2025-08-01 09:16:41 AM,395.45,11,4349.95,7140990.800000001
2025-08-01 09:16:50 AM,395.35,365,144302.75,7285293.550000001
2025-08-01 09:16:51 AM,395.4,48,18979.199999999997,7304272.750000001
2025-08-01 09:16:58 AM,394.65,26,10260.9,7314533.650000001
2025-08-01 09:17:02 AM,395.15,0,0.0,7314533.650000001
2025-08-01 09:17:06 AM,395.15,102,40305.299999999996,7354838.950000001
2025-08-01 09:17:07 AM,395.35,12,4744.200000000001,7359583.150000001
2025-08-01 09:17:24 AM,395.85,326,129047.1,7488630.250000001
2025-08-01 09:17:26 AM,395.5,0,0.0,7488630.250000001
2025-08-01 09:17:31 AM,395.5,500,197750.0,7686380.250000001
2025-08-01 09:17:32 AM,395.9,105,41569.5,7727949.750000001
2025-08-01 09:17:36 AM,395.7,0,0.0,7727949.750000001
2025-08-01 09:17:39 AM,395.35,442,174744.7,7902694.450000001
2025-08-01 09:17:42 AM,395.45,0,0.0,7902694.450000001
2025-08-01 09:17:44 AM,394.9,0,0.0,7902694.450000001
2025-08-01 09:17:48 AM,395.4,1450,573330.0,8476024.450000001
2025-08-01 09:17:48 AM,395.5,144,56952.0,8532976.450000001
2025-08-01 09:17:57 AM,395.25,28,11067.0,8544043.450000001
2025-08-01 09:18:00 AM,395.45,0,0.0,8544043.450000001
2025-08-01 09:18:02 AM,395.25,0,0.0,8544043.450000001
2025-08-01 09:18:04 AM,395.25,121,47825.25,8591868.700000001
2025-08-01 09:18:05 AM,396.0,961,380556.0,8972424.700000001
2025-08-01 09:18:16 AM,396.4,0,0.0,8972424.700000001
2025-08-01 09:18:21 AM,396.4,161,63820.399999999994,9036245.100000001
2025-08-01 09:18:24 AM,396.7,0,0.0,9036245.100000001
2025-08-01 09:18:29 AM,396.55,326,129275.3,9165520.400000002
2025-08-01 09:18:31 AM,396.4,0,0.0,9165520.400000002
2025-08-01 09:18:37 AM,396.4,297,117730.79999999999,9283251.200000003
2025-08-01 09:18:38 AM,396.5,33,13084.5,9296335.700000003
2025-08-01 09:18:40 AM,396.3,0,0.0,9296335.700000003
2025-08-01 09:18:42 AM,396.5,0,0.0,9296335.700000003
2025-08-01 09:18:45 AM,396.5,187,74145.5,9370481.200000003
2025-08-01 09:18:47 AM,396.5,14,5551.0,9376032.200000003
2025-08-01 09:18:54 AM,396.7,30,11901.0,9387933.200000003
2025-08-01 09:19:02 AM,396.1,412,163193.2,9551126.400000002
2025-08-01 09:19:03 AM,396.05,43,17030.15,9568156.550000003
2025-08-01 09:19:10 AM,396.6,600,237960.0,9806116.550000003
2025-08-01 09:19:11 AM,396.5,70,27755.0,9833871.550000003
2025-08-01 09:19:11 AM,396.15,0,0.0,9833871.550000003
2025-08-01 09:19:18 AM,396.15,77,30503.55,9864375.100000003
2025-08-01 09:19:33 AM,396.35,0,0.0,9864375.100000003
2025-08-01 09:19:34 AM,395.9,200,79180.0,9943555.100000003
2025-08-01 09:19:35 AM,395.95,24,9502.8,9953057.900000004
2025-08-01 09:19:37 AM,396.45,0,0.0,9953057.900000004
2025-08-01 09:19:41 AM,395.75,0,0.0,9953057.900000004
2025-08-01 09:19:42 AM,395.75,902,356966.5,10310024.400000004
2025-08-01 09:19:44 AM,396.1,0,0.0,10310024.400000004
2025-08-01 09:19:49 AM,396.55,0,0.0,10310024.400000004
2025-08-01 09:19:50 AM,396.55,126,49965.3,10359989.700000005
2025-08-01 09:19:57 AM,396.35,0,0.0,10359989.700000005
2025-08-01 09:19:58 AM,396.35,8,3170.8,10363160.500000006
2025-08-01 09:20:00 AM,396.55,25,9913.75,10373074.250000006
2025-08-01 09:20:08 AM,396.55,193,76534.15000000001,10449608.400000006
2025-08-01 09:20:12 AM,396.5,0,0.0,10449608.400000006
2025-08-01 09:20:14 AM,396.3,275,108982.5,10558590.900000006
2025-08-01 09:20:15 AM,396.15,2067,818842.0499999999,11377432.950000007
2025-08-01 09:20:19 AM,396.45,0,0.0,11377432.950000007
2025-08-01 09:20:21 AM,396.05,0,0.0,11377432.950000007
2025-08-01 09:20:22 AM,396.05,264,104557.2,11481990.150000006
2025-08-01 09:20:23 AM,396.25,266,105402.5,11587392.650000006
2025-08-01 09:20:29 AM,396.65,0,0.0,11587392.650000006
2025-08-01 09:20:30 AM,396.65,200,79330.0,11666722.650000006
2025-08-01 09:20:31 AM,396.55,56,22206.8,11688929.450000007
2025-08-01 09:20:39 AM,396.7,75,29752.5,11718681.950000007
2025-08-01 09:20:50 AM,396.8,0,0.0,11718681.950000007
2025-08-01 09:20:53 AM,396.8,50,19840.0,11738521.950000007
2025-08-01 09:20:54 AM,396.7,211,83703.7,11822225.650000006
2025-08-01 09:21:01 AM,396.7,2002,794193.4,12616419.050000006
2025-08-01 09:21:05 AM,396.8,0,0.0,12616419.050000006
2025-08-01 09:21:09 AM,396.8,258,102374.40000000001,12718793.450000007
2025-08-01 09:21:10 AM,396.7,11,4363.7,12723157.150000006
2025-08-01 09:21:16 AM,396.4,20,7928.0,12731085.150000006
2025-08-01 09:21:21 AM,396.65,0,0.0,12731085.150000006
2025-08-01 09:21:24 AM,396.65,56,22212.399999999998,12753297.550000006
2025-08-01 09:21:32 AM,396.65,1416,561656.4,13314953.950000007
2025-08-01 09:21:33 AM,396.7,51,20231.7,13335185.650000006
2025-08-01 09:21:34 AM,397.5,0,0.0,13335185.650000006
2025-08-01 09:21:38 AM,397.0,0,0.0,13335185.650000006
2025-08-01 09:21:40 AM,396.9,1586,629483.3999999999,13964669.050000006
2025-08-01 09:21:41 AM,397.0,0,0.0,13964669.050000006
2025-08-01 09:21:47 AM,397.0,104,41288.0,14005957.050000006
2025-08-01 09:21:48 AM,397.25,1013,402414.25,14408371.300000006
2025-08-01 09:21:56 AM,397.4,65,25831.0,14434202.300000006
2025-08-01 09:22:01 AM,397.3,0,0.0,14434202.300000006
2025-08-01 09:22:02 AM,397.3,34,13508.2,14447710.500000006
2025-08-01 09:22:05 AM,397.25,0,0.0,14447710.500000006
2025-08-01 09:22:10 AM,397.0,307,121879.0,14569589.500000006
2025-08-01 09:22:11 AM,397.15,12,4765.799999999999,14574355.300000006
2025-08-01 09:22:14 AM,397.0,0,0.0,14574355.300000006
2025-08-01 09:22:18 AM,397.2,21,8341.199999999999,14582696.500000006
2025-08-01 09:22:22 AM,397.25,0,0.0,14582696.500000006
2025-08-01 09:22:25 AM,397.0,694,275518.0,14858214.500000006
2025-08-01 09:22:26 AM,396.95,0,0.0,14858214.500000006
2025-08-01 09:22:27 AM,396.95,48,19053.6,14877268.100000005
2025-08-01 09:22:47 AM,397.0,0,0.0,14877268.100000005
2025-08-01 09:22:48 AM,397.0,1248,495456.0,15372724.100000005
2025-08-01 09:22:50 AM,397.45,96,38155.2,15410879.300000004
2025-08-01 09:22:53 AM,396.7,0,0.0,15410879.300000004
2025-08-01 09:22:56 AM,396.7,395,156696.5,15567575.800000004
2025-08-01 09:22:58 AM,397.05,24,9529.2,15577105.000000004
2025-08-01 09:23:00 AM,396.95,0,0.0,15577105.000000004
2025-08-01 09:23:03 AM,396.95,125,49618.75,15626723.750000004
2025-08-01 09:23:05 AM,396.95,12,4763.4,15631487.150000004
2025-08-01 09:23:15 AM,396.45,0,0.0,15631487.150000004
2025-08-01 09:23:19 AM,396.45,858,340154.1,15971641.250000004
2025-08-01 09:23:20 AM,396.55,0,0.0,15971641.250000004
2025-08-01 09:23:21 AM,396.55,60,23793.0,15995434.250000004
2025-08-01 09:23:21 AM,396.05,0,0.0,15995434.250000004
2025-08-01 09:23:27 AM,396.45,310,122899.5,16118333.750000004
2025-08-01 09:23:34 AM,395.95,166,65727.7,16184061.450000003
2025-08-01 09:23:35 AM,395.65,0,0.0,16184061.450000003
2025-08-01 09:23:36 AM,395.65,22,8704.3,16192765.750000004
2025-08-01 09:24:05 AM,395.25,116,45849.0,16238614.750000004
2025-08-01 09:24:20 AM,394.55,2000,789100.0,17027714.750000004
2025-08-01 09:24:20 AM,395.25,0,0.0,17027714.750000004
2025-08-01 09:24:21 AM,395.25,154,60868.5,17088583.250000004
2025-08-01 09:24:26 AM,395.15,0,0.0,17088583.250000004
2025-08-01 09:24:28 AM,395.15,200,79030.0,17167613.250000004
2025-08-01 09:24:29 AM,395.35,24,9488.400000000001,17177101.650000002
2025-08-01 09:24:32 AM,395.5,0,0.0,17177101.650000002
2025-08-01 09:24:35 AM,395.45,200,79090.0,17256191.650000002
2025-08-01 09:24:37 AM,395.4,53,20956.199999999997,17277147.85
2025-08-01 09:24:50 AM,395.5,251,99270.5,17376418.35
2025-08-01 09:24:56 AM,394.8,0,0.0,17376418.35
2025-08-01 09:24:57 AM,394.8,2013,794732.4,18171150.75
2025-08-01 09:25:04 AM,395.15,0,0.0,18171150.75
2025-08-01 09:25:05 AM,395.15,157,62038.549999999996,18233189.3
2025-08-01 09:25:12 AM,395.15,2,790.3,18233979.6
2025-08-01 09:25:27 AM,395.15,2,790.3,18234769.900000002
2025-08-01 09:25:35 AM,395.1,127,50177.700000000004,18284947.6
2025-08-01 09:25:41 AM,395.5,0,0.0,18284947.6
2025-08-01 09:25:42 AM,395.5,22,8701.0,18293648.6
2025-08-01 09:26:11 AM,395.35,0,0.0,18293648.6
2025-08-01 09:26:13 AM,395.35,4,1581.4,18295230.0
2025-08-01 09:26:21 AM,395.35,5,1976.75,18297206.75
2025-08-01 09:26:28 AM,395.5,6,2373.0,18299579.75
2025-08-01 09:26:36 AM,395.5,34,13447.0,18313026.75
2025-08-01 09:26:36 AM,395.6,0,0.0,18313026.75
2025-08-01 09:26:38 AM,395.5,104,41132.0,18354158.75
2025-08-01 09:26:48 AM,395.9,0,0.0,18354158.75
2025-08-01 09:26:51 AM,396.0,18,7128.0,18361286.75
2025-08-01 09:27:06 AM,396.0,875,346500.0,18707786.75
2025-08-01 09:27:07 AM,396.0,65,25740.0,18733526.75
2025-08-01 09:27:08 AM,395.75,0,0.0,18733526.75
2025-08-01 09:27:13 AM,395.6,0,0.0,18733526.75
2025-08-01 09:27:14 AM,395.6,173,68438.8,18801965.55
2025-08-01 09:27:18 AM,395.65,0,0.0,18801965.55
2025-08-01 09:27:21 AM,395.65,17,6726.049999999999,18808691.6
2025-08-01 09:27:29 AM,395.4,0,0.0,18808691.6
2025-08-01 09:27:30 AM,395.4,901,356255.39999999997,19164947.0
2025-08-01 09:27:33 AM,395.65,0,0.0,19164947.0
2025-08-01 09:27:36 AM,395.65,200,79130.0,19244077.0
2025-08-01 09:27:37 AM,395.25,1835,725283.75,19969360.75
2025-08-01 09:27:39 AM,395.75,0,0.0,19969360.75
2025-08-01 09:27:43 AM,395.75,19,7519.25,19976880.0
2025-08-01 09:27:48 AM,395.95,0,0.0,19976880.0
2025-08-01 09:27:51 AM,395.95,126,49889.7,20026769.7
2025-08-01 09:27:54 AM,395.65,0,0.0,20026769.7
2025-08-01 09:27:59 AM,395.7,0,0.0,20026769.7
2025-08-01 09:27:59 AM,395.7,222,87845.4,20114615.099999998
2025-08-01 09:28:04 AM,395.85,0,0.0,20114615.099999998
2025-08-01 09:28:06 AM,395.85,33,13063.050000000001,20127678.15
2025-08-01 09:28:08 AM,395.4,137,54169.799999999996,20181847.95
2025-08-01 09:28:11 AM,395.45,0,0.0,20181847.95
2025-08-01 09:28:14 AM,395.45,8,3163.6,20185011.55
2025-08-01 09:28:22 AM,395.4,55,21747.0,20206758.55
2025-08-01 09:28:50 AM,395.75,0,0.0,20206758.55
2025-08-01 09:28:52 AM,395.75,13,5144.75,20211903.3
2025-08-01 09:29:00 AM,396.1,4,1584.4,20213487.7
2025-08-01 09:29:07 AM,395.9,0,0.0,20213487.7
2025-08-01 09:29:08 AM,395.9,87,34443.299999999996,20247931.0
2025-08-01 09:29:23 AM,395.7,26,10288.199999999999,20258219.2
2025-08-01 09:29:28 AM,395.85,0,0.0,20258219.2
2025-08-01 09:29:30 AM,396.0,15,5940.0,20264159.2
2025-08-01 09:29:38 AM,396.0,50,19800.0,20283959.2
2025-08-01 09:29:45 AM,396.0,10,3960.0,20287919.2
2025-08-01 09:29:59 AM,395.8,0,0.0,20287919.2
2025-08-01 09:30:00 AM,395.8,3,1187.4,20289106.599999998
2025-08-01 09:30:01 AM,395.65,2,791.3,20289897.9
2025-08-01 09:30:05 AM,395.8,0,0.0,20289897.9
2025-08-01 09:30:08 AM,395.8,1,395.8,20290293.7
2025-08-01 09:30:16 AM,395.8,22,8707.6,20299001.3
2025-08-01 09:30:16 AM,395.8,3,1187.4,20300188.7
2025-08-01 09:30:20 AM,395.85,0,0.0,20300188.7
2025-08-01 09:30:23 AM,395.85,25,9896.25,20310084.95
2025-08-01 09:30:27 AM,395.65,0,0.0,20310084.95
2025-08-01 09:30:30 AM,395.65,42,16617.3,20326702.25
2025-08-01 09:30:38 AM,395.55,5,1977.75,20328680.0
2025-08-01 09:30:41 AM,395.45,0,0.0,20328680.0
2025-08-01 09:30:45 AM,395.75,62,24536.5,20353216.5
2025-08-01 09:30:48 AM,395.45,0,0.0,20353216.5
2025-08-01 09:30:52 AM,395.4,271,107153.4,20460369.9
2025-08-01 09:31:00 AM,395.15,100,39515.0,20499884.9
2025-08-01 09:31:07 AM,395.15,1,395.15,20500280.049999997
2025-08-01 09:31:11 AM,394.6,0,0.0,20500280.049999997
2025-08-01 09:31:15 AM,394.6,3217,1269428.2000000002,21769708.249999996
2025-08-01 09:31:17 AM,394.75,0,0.0,21769708.249999996
2025-08-01 09:31:22 AM,394.75,492,194217.0,21963925.249999996
2025-08-01 09:31:29 AM,394.85,18,7107.3,21971032.549999997
2025-08-01 09:31:36 AM,394.85,1,394.85,21971427.4
2025-08-01 09:31:39 AM,394.7,0,0.0,21971427.4
2025-08-01 09:31:43 AM,394.7,180,71046.0,22042473.4
2025-08-01 09:31:44 AM,394.7,41,16182.699999999999,22058656.099999998
2025-08-01 09:31:50 AM,395.0,2,790.0,22059446.099999998
2025-08-01 09:31:52 AM,394.65,0,0.0,22059446.099999998
2025-08-01 09:31:57 AM,394.65,140,55251.0,22114697.099999998
2025-08-01 09:32:11 AM,394.65,61,24073.649999999998,22138770.749999996
2025-08-01 09:32:18 AM,394.7,4,1578.8,22140349.549999997
2025-08-01 09:32:25 AM,395.2,378,149385.6,22289735.15
2025-08-01 09:32:25 AM,395.6,100,39560.0,22329295.15
2025-08-01 09:32:31 AM,395.25,0,0.0,22329295.15
2025-08-01 09:32:32 AM,395.25,50,19762.5,22349057.65
2025-08-01 09:32:32 AM,395.1,200,79020.0,22428077.65
2025-08-01 09:32:37 AM,395.4,0,0.0,22428077.65
2025-08-01 09:32:39 AM,395.4,192,75916.79999999999,22503994.45
2025-08-01 09:32:43 AM,394.95,0,0.0,22503994.45
2025-08-01 09:32:46 AM,394.95,1,394.95,22504389.4
2025-08-01 09:33:07 AM,394.95,10,3949.5,22508338.9
2025-08-01 09:33:14 AM,394.95,1,394.95,22508733.849999998
2025-08-01 09:33:21 AM,394.8,150,59220.0,22567953.849999998
2025-08-01 09:33:27 AM,394.9,0,0.0,22567953.849999998
2025-08-01 09:33:27 AM,394.9,43,16980.7,22584934.549999997
2025-08-01 09:33:32 AM,396.0,0,0.0,22584934.549999997
2025-08-01 09:33:34 AM,396.0,6004,2377584.0,24962518.549999997
2025-08-01 09:33:37 AM,397.0,0,0.0,24962518.549999997
2025-08-01 09:33:41 AM,397.0,1157,459329.0,25421847.549999997
2025-08-01 09:33:52 AM,397.2,0,0.0,25421847.549999997
2025-08-01 09:33:55 AM,397.55,2091,831277.05,26253124.599999998
2025-08-01 09:33:58 AM,398.2,0,0.0,26253124.599999998
2025-08-01 09:34:02 AM,397.95,593,235984.35,26489108.95
2025-08-01 09:34:07 AM,397.85,0,0.0,26489108.95
2025-08-01 09:34:09 AM,397.85,1,397.85,26489506.8
2025-08-01 09:34:12 AM,397.6,0,0.0,26489506.8
2025-08-01 09:34:17 AM,397.85,18,7161.3,26496668.1
2025-08-01 09:34:20 AM,397.55,0,0.0,26496668.1
2025-08-01 09:34:22 AM,397.8,0,0.0,26496668.1
2025-08-01 09:34:23 AM,397.8,55,21879.0,26518547.1
2025-08-01 09:34:30 AM,397.65,0,0.0,26518547.1
2025-08-01 09:34:31 AM,397.65,15,5964.75,26524511.85
2025-08-01 09:34:37 AM,397.4,22,8742.8,26533254.650000002
2025-08-01 09:34:55 AM,397.3,0,0.0,26533254.650000002
2025-08-01 09:34:57 AM,396.8,0,0.0,26533254.650000002
2025-08-01 09:34:58 AM,396.8,41,16268.800000000001,26549523.450000003
2025-08-01 09:35:02 AM,396.9,0,0.0,26549523.450000003
2025-08-01 09:35:05 AM,396.9,3,1190.6999999999998,26550714.150000002
2025-08-01 09:35:12 AM,396.6,0,0.0,26550714.150000002
2025-08-01 09:35:12 AM,396.6,1,396.6,26551110.750000004
2025-08-01 09:35:26 AM,396.75,4,1587.0,26552697.750000004
2025-08-01 09:35:32 AM,396.6,0,0.0,26552697.750000004
2025-08-01 09:35:33 AM,396.6,42,16657.2,26569354.950000003
2025-08-01 09:35:40 AM,396.6,1,396.6,26569751.550000004
2025-08-01 09:35:47 AM,396.6,5,1983.0,26571734.550000004
2025-08-01 09:35:53 AM,396.6,115,45609.0,26617343.550000004
2025-08-01 09:36:00 AM,396.6,2,793.2,26618136.750000004
2025-08-01 09:36:07 AM,396.7,4,1586.8,26619723.550000004
2025-08-01 09:36:09 AM,396.6,0,0.0,26619723.550000004
2025-08-01 09:36:14 AM,396.6,100,39660.0,26659383.550000004
2025-08-01 09:36:21 AM,396.9,0,0.0,26659383.550000004
2025-08-01 09:36:27 AM,396.9,100,39690.0,26699073.550000004
2025-08-01 09:36:33 AM,396.95,40,15878.0,26714951.550000004
2025-08-01 09:36:37 AM,396.7,0,0.0,26714951.550000004
2025-08-01 09:36:39 AM,396.7,10,3967.0,26718918.550000004
2025-08-01 09:36:40 AM,396.65,1000,396650.0,27115568.550000004
2025-08-01 09:36:41 AM,396.7,0,0.0,27115568.550000004
2025-08-01 09:36:46 AM,396.7,1,396.7,27115965.250000004
2025-08-01 09:36:53 AM,396.6,0,0.0,27115965.250000004
2025-08-01 09:36:59 AM,396.6,50,19830.0,27135795.250000004
2025-08-01 09:37:25 AM,396.5,0,0.0,27135795.250000004
2025-08-01 09:37:27 AM,396.5,812,321958.0,27457753.250000004
2025-08-01 09:37:31 AM,396.45,0,0.0,27457753.250000004
2025-08-01 09:37:34 AM,396.45,123,48763.35,27506516.600000005
2025-08-01 09:37:41 AM,396.5,2,793.0,27507309.600000005
2025-08-01 09:37:53 AM,396.25,0,0.0,27507309.600000005
2025-08-01 09:37:54 AM,396.25,1,396.25,27507705.850000005
2025-08-01 09:38:00 AM,396.65,0,0.0,27507705.850000005
2025-08-01 09:38:01 AM,396.65,117,46408.049999999996,27554113.900000006
2025-08-01 09:38:06 AM,396.55,0,0.0,27554113.900000006
2025-08-01 09:38:08 AM,396.55,3,1189.65,27555303.550000004
2025-08-01 09:38:17 AM,396.2,0,0.0,27555303.550000004
2025-08-01 09:38:21 AM,396.2,50,19810.0,27575113.550000004
2025-08-01 09:38:27 AM,396.05,0,0.0,27575113.550000004
2025-08-01 09:38:28 AM,396.05,24,9505.2,27584618.750000004
2025-08-01 09:38:35 AM,396.25,30,11887.5,27596506.250000004
2025-08-01 09:38:37 AM,396.3,0,0.0,27596506.250000004
2025-08-01 09:38:42 AM,396.3,5,1981.5,27598487.750000004
2025-08-01 09:38:55 AM,396.3,27,10700.1,27609187.850000005
2025-08-01 09:39:01 AM,396.3,55,21796.5,27630984.350000005
2025-08-01 09:39:07 AM,396.05,0,0.0,27630984.350000005
2025-08-01 09:39:08 AM,396.05,1031,408327.55,28039311.900000006
2025-08-01 09:39:12 AM,395.35,0,0.0,28039311.900000006
2025-08-01 09:39:15 AM,395.4,61,24119.399999999998,28063431.300000004
2025-08-01 09:39:35 AM,395.4,1,395.4,28063826.700000003
2025-08-01 09:39:46 AM,395.5,0,0.0,28063826.700000003
2025-08-01 09:39:48 AM,395.5,1,395.5,28064222.200000003
2025-08-01 09:40:02 AM,395.65,119,47082.35,28111304.550000004
2025-08-01 09:40:04 AM,395.3,0,0.0,28111304.550000004
2025-08-01 09:40:06 AM,395.75,0,0.0,28111304.550000004
2025-08-01 09:40:08 AM,395.75,142,56196.5,28167501.050000004
2025-08-01 09:40:17 AM,395.9,0,0.0,28167501.050000004
2025-08-01 09:40:19 AM,396.2,0,0.0,28167501.050000004
2025-08-01 09:40:21 AM,396.2,1301,515456.2,28682957.250000004
2025-08-01 09:40:34 AM,396.15,0,0.0,28682957.250000004
2025-08-01 09:40:35 AM,396.15,1,396.15,28683353.400000002
2025-08-01 09:40:37 AM,396.1,0,0.0,28683353.400000002
2025-08-01 09:40:41 AM,396.1,51,20201.100000000002,28703554.500000004
2025-08-01 09:40:47 AM,396.15,7,2773.0499999999997,28706327.550000004
2025-08-01 09:40:54 AM,396.25,1517,601111.25,29307438.800000004
2025-08-01 09:41:00 AM,396.9,273,108353.7,29415792.500000004
2025-08-01 09:41:01 AM,397.0,50,19850.0,29435642.500000004
2025-08-01 09:41:05 AM,396.7,0,0.0,29435642.500000004
2025-08-01 09:41:07 AM,396.7,14,5553.8,29441196.300000004
2025-08-01 09:41:33 AM,396.8,0,0.0,29441196.300000004
2025-08-01 09:41:34 AM,396.8,1,396.8,29441593.100000005
2025-08-01 09:41:40 AM,396.45,200,79290.0,29520883.100000005
2025-08-01 09:41:48 AM,396.4,52,20612.8,29541495.900000006
2025-08-01 09:42:06 AM,396.4,5,1982.0,29543477.900000006
2025-08-01 09:42:23 AM,396.15,0,0.0,29543477.900000006
2025-08-01 09:42:26 AM,396.3,59,23381.7,29566859.600000005
2025-08-01 09:42:33 AM,396.45,0,0.0,29566859.600000005
2025-08-01 09:42:34 AM,396.45,3,1189.35,29568048.950000007
2025-08-01 09:43:00 AM,396.5,0,0.0,29568048.950000007
2025-08-01 09:43:05 AM,396.5,8,3172.0,29571220.950000007
2025-08-01 09:43:20 AM,396.8,0,0.0,29571220.950000007
2025-08-01 09:43:24 AM,396.65,0,0.0,29571220.950000007
2025-08-01 09:43:25 AM,396.65,51,20229.149999999998,29591450.100000005
2025-08-01 09:43:36 AM,396.9,0,0.0,29591450.100000005
2025-08-01 09:43:38 AM,396.9,100,39690.0,29631140.100000005
2025-08-01 09:44:04 AM,396.55,22,8724.1,29639864.200000007
2025-08-01 09:44:09 AM,396.45,0,0.0,29639864.200000007
2025-08-01 09:44:11 AM,396.45,1,396.45,29640260.650000006
2025-08-01 09:44:13 AM,396.2,0,0.0,29640260.650000006
2025-08-01 09:44:16 AM,396.15,0,0.0,29640260.650000006
2025-08-01 09:44:18 AM,396.15,1318,522125.69999999995,30162386.350000005
2025-08-01 09:44:21 AM,396.25,0,0.0,30162386.350000005
2025-08-01 09:44:25 AM,396.25,10,3962.5,30166348.850000005
2025-08-01 09:44:30 AM,396.3,0,0.0,30166348.850000005
2025-08-01 09:44:31 AM,396.3,50,19815.0,30186163.850000005
2025-08-01 09:44:42 AM,396.0,0,0.0,30186163.850000005
2025-08-01 09:44:44 AM,396.0,50,19800.0,30205963.850000005
2025-08-01 09:44:45 AM,396.25,5,1981.25,30207945.100000005
2025-08-01 09:44:54 AM,396.0,0,0.0,30207945.100000005
2025-08-01 09:44:56 AM,396.0,50,19800.0,30227745.100000005
2025-08-01 09:45:00 AM,395.8,0,0.0,30227745.100000005
2025-08-01 09:45:03 AM,395.8,2,791.6,30228536.700000007
2025-08-01 09:45:07 AM,395.75,0,0.0,30228536.700000007
2025-08-01 09:45:10 AM,395.75,20,7915.0,30236451.700000007
2025-08-01 09:45:11 AM,395.6,5,1978.0,30238429.700000007
2025-08-01 09:45:18 AM,395.6,1,395.6,30238825.30000001
2025-08-01 09:45:23 AM,395.6,12,4747.200000000001,30243572.500000007
2025-08-01 09:45:29 AM,395.15,1001,395545.14999999997,30639117.650000006
2025-08-01 09:45:31 AM,395.15,5,1975.75,30641093.400000006
2025-08-01 09:45:35 AM,395.8,370,146446.0,30787539.400000006
2025-08-01 09:45:40 AM,395.5,0,0.0,30787539.400000006
2025-08-01 09:45:42 AM,395.5,10,3955.0,30791494.400000006
2025-08-01 09:45:48 AM,395.85,0,0.0,30791494.400000006
2025-08-01 09:45:49 AM,395.85,4,1583.4,30793077.800000004
2025-08-01 09:45:55 AM,395.6,13,5142.8,30798220.600000005
2025-08-01 09:45:56 AM,395.55,2,791.1,30799011.700000007
2025-08-01 09:46:01 AM,395.6,34,13450.400000000001,30812462.100000005
2025-08-01 09:46:26 AM,395.3,0,0.0,30812462.100000005
2025-08-01 09:46:28 AM,395.3,25,9882.5,30822344.600000005
2025-08-01 09:46:29 AM,395.3,2,790.6,30823135.200000007
2025-08-01 09:46:34 AM,395.3,2,790.6,30823925.80000001
2025-08-01 09:46:40 AM,395.3,25,9882.5,30833808.30000001
2025-08-01 09:46:48 AM,395.05,93,36739.65,30870547.950000007
2025-08-01 09:46:54 AM,395.1,0,0.0,30870547.950000007
2025-08-01 09:46:55 AM,395.1,8,3160.8,30873708.750000007
2025-08-01 09:47:17 AM,395.4,0,0.0,30873708.750000007
2025-08-01 09:47:17 AM,395.4,4,1581.6,30875290.35000001
2025-08-01 09:47:30 AM,394.95,0,0.0,30875290.35000001
2025-08-01 09:47:30 AM,394.95,270,106636.5,30981926.85000001
2025-08-01 09:47:39 AM,394.8,15,5922.0,30987848.85000001
2025-08-01 09:47:43 AM,395.15,5,1975.75,30989824.60000001
2025-08-01 09:48:03 AM,395.15,1,395.15,30990219.750000007
2025-08-01 09:48:10 AM,395.15,2,790.3,30991010.05000001
2025-08-01 09:48:22 AM,394.85,225,88841.25,31079851.30000001
2025-08-01 09:48:25 AM,395.2,28,11065.6,31090916.90000001
2025-08-01 09:49:00 AM,395.1,0,0.0,31090916.90000001
2025-08-01 09:49:01 AM,395.1,1,395.1,31091312.00000001
2025-08-01 09:49:08 AM,395.2,0,0.0,31091312.00000001
2025-08-01 09:49:10 AM,395.2,36,14227.199999999999,31105539.20000001
2025-08-01 09:49:16 AM,394.95,0,0.0,31105539.20000001
2025-08-01 09:49:16 AM,394.95,19,7504.05,31113043.25000001
2025-08-01 09:49:20 AM,394.9,0,0.0,31113043.25000001
2025-08-01 09:49:20 AM,394.9,181,71476.9,31184520.15000001
2025-08-01 09:49:25 AM,395.4,0,0.0,31184520.15000001
2025-08-01 09:49:26 AM,395.4,100,39540.0,31224060.15000001
2025-08-01 09:49:56 AM,395.25,0,0.0,31224060.15000001
2025-08-01 09:49:57 AM,395.25,2,790.5,31224850.65000001
2025-08-01 09:50:00 AM,395.25,16,6324.0,31231174.65000001
2025-08-01 09:50:04 AM,395.0,0,0.0,31231174.65000001
2025-08-01 09:50:07 AM,395.0,8,3160.0,31234334.65000001
2025-08-01 09:50:23 AM,395.3,50,19765.0,31254099.65000001
2025-08-01 09:50:27 AM,395.0,0,0.0,31254099.65000001
2025-08-01 09:50:29 AM,395.0,2,790.0,31254889.65000001
2025-08-01 09:50:49 AM,395.5,0,0.0,31254889.65000001
2025-08-01 09:50:51 AM,395.5,100,39550.0,31294439.65000001
2025-08-01 09:50:52 AM,395.55,0,0.0,31294439.65000001
2025-08-01 09:50:54 AM,395.55,4,1582.2,31296021.85000001
2025-08-01 09:51:04 AM,395.3,0,0.0,31296021.85000001
2025-08-01 09:51:07 AM,395.3,452,178675.6,31474697.45000001
2025-08-01 09:51:19 AM,395.35,0,0.0,31474697.45000001
2025-08-01 09:51:20 AM,395.35,25,9883.75,31484581.20000001
2025-08-01 09:51:53 AM,395.5,300,118650.0,31603231.20000001
2025-08-01 09:52:18 AM,395.45,12,4745.4,31607976.60000001
2025-08-01 09:52:53 AM,395.25,0,0.0,31607976.60000001
2025-08-01 09:52:54 AM,395.25,848,335172.0,31943148.60000001
2025-08-01 09:53:00 AM,395.55,228,90185.40000000001,32033334.000000007
2025-08-01 09:53:03 AM,395.9,0,0.0,32033334.000000007
2025-08-01 09:53:04 AM,395.9,200,79180.0,32112514.000000007
2025-08-01 09:53:06 AM,395.9,4,1583.6,32114097.60000001
2025-08-01 09:53:10 AM,395.8,11,4353.8,32118451.40000001
2025-08-01 09:53:15 AM,395.9,0,0.0,32118451.40000001
2025-08-01 09:53:16 AM,395.9,77,30484.3,32148935.70000001
2025-08-01 09:53:31 AM,395.55,334,132113.7,32281049.40000001
2025-08-01 09:53:41 AM,395.5,3,1186.5,32282235.90000001
2025-08-01 09:53:44 AM,395.2,0,0.0,32282235.90000001
2025-08-01 09:53:48 AM,395.2,10,3952.0,32286187.90000001
2025-08-01 09:54:19 AM,395.2,45,17784.0,32303971.90000001
2025-08-01 09:54:37 AM,395.2,540,213408.0,32517379.90000001
2025-08-01 09:54:43 AM,395.5,170,67235.0,32584614.90000001
2025-08-01 09:54:50 AM,395.25,0,0.0,32584614.90000001
2025-08-01 09:54:55 AM,395.25,250,98812.5,32683427.40000001
2025-08-01 09:54:56 AM,395.25,12,4743.0,32688170.40000001
2025-08-01 09:55:06 AM,395.25,20,7905.0,32696075.40000001
2025-08-01 09:55:07 AM,395.25,3,1185.75,32697261.15000001
2025-08-01 09:55:27 AM,395.2,0,0.0,32697261.15000001
2025-08-01 09:55:30 AM,395.2,181,71531.2,32768792.35000001
2025-08-01 09:55:32 AM,395.25,100,39525.0,32808317.35000001
2025-08-01 09:55:35 AM,395.2,0,0.0,32808317.35000001
2025-08-01 09:55:36 AM,395.2,278,109865.59999999999,32918182.95000001
2025-08-01 09:55:43 AM,395.45,15,5931.75,32924114.70000001
2025-08-01 09:55:49 AM,395.45,10,3954.5,32928069.20000001
2025-08-01 09:55:55 AM,395.1,0,0.0,32928069.20000001
2025-08-01 09:55:55 AM,395.1,52,20545.2,32948614.40000001
2025-08-01 09:55:58 AM,395.45,0,0.0,32948614.40000001
2025-08-01 09:55:59 AM,395.4,0,0.0,32948614.40000001
2025-08-01 09:56:01 AM,395.4,61,24119.399999999998,32972733.80000001
2025-08-01 09:56:10 AM,395.45,0,0.0,32972733.80000001
2025-08-01 09:56:13 AM,395.45,112,44290.4,33017024.200000007
2025-08-01 09:56:19 AM,395.3,0,0.0,33017024.200000007
2025-08-01 09:56:19 AM,395.3,143,56527.9,33073552.100000005
2025-08-01 09:56:46 AM,395.0,0,0.0,33073552.100000005
2025-08-01 09:56:49 AM,395.0,100,39500.0,33113052.100000005
2025-08-01 09:57:02 AM,395.3,0,0.0,33113052.100000005
2025-08-01 09:57:02 AM,395.3,4006,1583571.8,34696623.900000006
2025-08-01 09:57:06 AM,395.6,0,0.0,34696623.900000006
2025-08-01 09:57:07 AM,395.6,433,171294.80000000002,34867918.7
2025-08-01 09:57:08 AM,395.95,1,395.95,34868314.650000006
2025-08-01 09:57:13 AM,395.6,17,6725.200000000001,34875039.85000001
2025-08-01 09:57:18 AM,395.6,11,4351.6,34879391.45000001
2025-08-01 09:57:24 AM,395.6,140,55384.0,34934775.45000001
2025-08-01 09:57:35 AM,395.3,35,13835.5,34948610.95000001
2025-08-01 09:57:41 AM,395.6,8,3164.8,34951775.75000001
2025-08-01 09:57:46 AM,395.35,0,0.0,34951775.75000001
2025-08-01 09:57:48 AM,395.35,1,395.35,34952171.10000001
2025-08-01 09:57:50 AM,395.25,125,49406.25,35001577.35000001
2025-08-01 09:58:02 AM,394.9,0,0.0,35001577.35000001
2025-08-01 09:58:02 AM,394.9,1113,439523.69999999995,35441101.05000001
2025-08-01 09:58:09 AM,395.0,10,3950.0,35445051.05000001
2025-08-01 09:58:15 AM,395.15,189,74683.34999999999,35519734.40000001
2025-08-01 09:58:23 AM,394.8,0,0.0,35519734.40000001
2025-08-01 09:58:24 AM,394.5,1847,728641.5,36248375.90000001
2025-08-01 09:58:30 AM,394.55,317,125072.35,36373448.250000015
2025-08-01 09:58:33 AM,394.55,50,19727.5,36393175.750000015
2025-08-01 09:58:36 AM,394.5,140,55230.0,36448405.750000015
2025-08-01 09:58:48 AM,394.5,1,394.5,36448800.250000015
2025-08-01 09:59:03 AM,394.4,0,0.0,36448800.250000015
2025-08-01 09:59:03 AM,394.4,20,7888.0,36456688.250000015
2025-08-01 09:59:17 AM,394.5,0,0.0,36456688.250000015
2025-08-01 09:59:19 AM,394.5,30,11835.0,36468523.250000015
2025-08-01 09:59:51 AM,394.55,20,7891.0,36476414.250000015
2025-08-01 09:59:57 AM,394.6,0,0.0,36476414.250000015
2025-08-01 09:59:57 AM,394.6,7,2762.2000000000003,36479176.45000002
2025-08-01 10:00:03 AM,394.9,0,0.0,36479176.45000002
2025-08-01 10:00:03 AM,394.9,4,1579.6,36480756.05000002
2025-08-01 10:00:05 AM,394.55,0,0.0,36480756.05000002
2025-08-01 10:00:06 AM,394.9,205,80954.5,36561710.55000002
2025-08-01 10:00:09 AM,394.95,11,4344.45,36566055.00000002
2025-08-01 10:00:12 AM,394.5,0,0.0,36566055.00000002
2025-08-01 10:00:12 AM,394.5,851,335719.5,36901774.50000002
2025-08-01 10:00:16 AM,394.7,145,57231.5,36959006.00000002
2025-08-01 10:00:22 AM,394.8,1,394.8,36959400.80000002
2025-08-01 10:00:41 AM,394.9,0,0.0,36959400.80000002
2025-08-01 10:00:41 AM,394.8,0,0.0,36959400.80000002
2025-08-01 10:00:41 AM,394.8,58,22898.4,36982299.20000002
2025-08-01 10:01:16 AM,395.0,0,0.0,36982299.20000002
2025-08-01 10:01:16 AM,395.0,102,40290.0,37022589.20000002
2025-08-01 10:01:21 AM,395.2,0,0.0,37022589.20000002
2025-08-01 10:01:22 AM,395.25,9,3557.25,37026146.45000002
2025-08-01 10:01:23 AM,395.55,0,0.0,37026146.45000002
2025-08-01 10:01:25 AM,395.55,3,1186.65,37027333.10000002
2025-08-01 10:01:31 AM,395.25,20,7905.0,37035238.10000002
2025-08-01 10:01:34 AM,395.4,2,790.8,37036028.90000001
2025-08-01 10:02:01 AM,395.05,48,18962.4,37054991.30000001
2025-08-01 10:02:05 AM,394.95,0,0.0,37054991.30000001
2025-08-01 10:02:05 AM,394.95,63,24881.85,37079873.15000001
2025-08-01 10:02:08 AM,395.05,0,0.0,37079873.15000001
2025-08-01 10:02:12 AM,395.3,20,7906.0,37087779.15000001
2025-08-01 10:02:24 AM,395.3,1001,395695.3,37483474.45000001
2025-08-01 10:02:26 AM,395.9,120,47508.0,37530982.45000001
2025-08-01 10:02:31 AM,396.0,40,15840.0,37546822.45000001
2025-08-01 10:02:42 AM,395.4,0,0.0,37546822.45000001
2025-08-01 10:02:43 AM,395.4,192,75916.79999999999,37622739.25000001
2025-08-01 10:02:50 AM,395.2,5,1976.0,37624715.25000001
2025-08-01 10:02:55 AM,395.5,0,0.0,37624715.25000001
2025-08-01 10:02:56 AM,395.5,25,9887.5,37634602.75000001
2025-08-01 10:03:11 AM,395.45,13,5140.849999999999,37639743.60000001
2025-08-01 10:03:15 AM,395.25,15,5928.75,37645672.35000001
2025-08-01 10:03:17 AM,395.65,100,39565.0,37685237.35000001
2025-08-01 10:03:30 AM,395.7,1,395.7,37685633.05000001
2025-08-01 10:03:49 AM,395.65,27,10682.55,37696315.60000001
2025-08-01 10:03:51 AM,395.2,0,0.0,37696315.60000001
2025-08-01 10:03:53 AM,395.2,2629,1038980.7999999999,38735296.400000006
2025-08-01 10:03:55 AM,395.65,0,0.0,38735296.400000006
2025-08-01 10:03:55 AM,395.65,417,164986.05,38900282.45
2025-08-01 10:03:59 AM,395.7,0,0.0,38900282.45
2025-08-01 10:03:59 AM,395.7,1,395.7,38900678.150000006
2025-08-01 10:04:11 AM,395.6,0,0.0,38900678.150000006
2025-08-01 10:04:12 AM,395.55,39,15426.45,38916104.60000001
2025-08-01 10:04:14 AM,395.8,16,6332.8,38922437.400000006
2025-08-01 10:04:16 AM,395.55,0,0.0,38922437.400000006
2025-08-01 10:04:18 AM,395.55,2,791.1,38923228.50000001
2025-08-01 10:04:24 AM,395.35,5,1976.75,38925205.25000001
2025-08-01 10:04:31 AM,395.2,0,0.0,38925205.25000001
2025-08-01 10:04:31 AM,395.2,200,79040.0,39004245.25000001
2025-08-01 10:04:49 AM,395.6,0,0.0,39004245.25000001
2025-08-01 10:04:49 AM,395.6,50,19780.0,39024025.25000001
2025-08-01 10:04:58 AM,395.65,0,0.0,39024025.25000001
2025-08-01 10:04:58 AM,395.65,1,395.65,39024420.900000006
2025-08-01 10:05:08 AM,395.95,345,136602.75,39161023.650000006
2025-08-01 10:05:14 AM,395.55,6,2373.3,39163396.95
2025-08-01 10:05:20 AM,395.55,9,3559.9500000000003,39166956.900000006
2025-08-01 10:05:26 AM,395.3,17,6720.1,39173677.00000001
2025-08-01 10:05:38 AM,395.65,0,0.0,39173677.00000001
2025-08-01 10:05:39 AM,395.65,50,19782.5,39193459.50000001
2025-08-01 10:06:03 AM,395.4,26,10280.4,39203739.900000006
2025-08-01 10:06:11 AM,395.55,1,395.55,39204135.45
2025-08-01 10:06:17 AM,395.55,2,791.1,39204926.550000004
2025-08-01 10:06:23 AM,395.55,1,395.55,39205322.1
2025-08-01 10:06:34 AM,395.25,0,0.0,39205322.1
2025-08-01 10:06:34 AM,395.25,65,25691.25,39231013.35
2025-08-01 10:06:38 AM,395.25,21,8300.25,39239313.6
2025-08-01 10:06:41 AM,395.55,201,79505.55,39318819.15
2025-08-01 10:06:48 AM,395.9,0,0.0,39318819.15
2025-08-01 10:06:51 AM,395.9,118,46716.2,39365535.35
2025-08-01 10:06:57 AM,395.65,65,25717.25,39391252.6
2025-08-01 10:07:05 AM,395.25,198,78259.5,39469512.1
2025-08-01 10:07:09 AM,395.5,4,1582.0,39471094.1
2025-08-01 10:07:11 AM,395.15,16,6322.4,39477416.5
2025-08-01 10:07:13 AM,395.1,0,0.0,39477416.5
2025-08-01 10:07:15 AM,395.1,25,9877.5,39487294.0
2025-08-01 10:07:22 AM,395.5,38,15029.0,39502323.0
2025-08-01 10:07:34 AM,395.5,7,2768.5,39505091.5
2025-08-01 10:07:36 AM,395.45,32,12654.4,39517745.9
2025-08-01 10:07:40 AM,395.3,0,0.0,39517745.9
2025-08-01 10:07:40 AM,395.3,271,107126.3,39624872.199999996
2025-08-01 10:07:48 AM,395.6,5,1978.0,39626850.199999996
2025-08-01 10:07:52 AM,395.3,13,5138.900000000001,39631989.099999994
2025-08-01 10:07:54 AM,395.45,251,99257.95,39731247.05
2025-08-01 10:09:09 AM,395.9,0,0.0,39731247.05
2025-08-01 10:09:11 AM,395.9,120,47508.0,39778755.05
2025-08-01 10:09:34 AM,395.65,0,0.0,39778755.05
2025-08-01 10:09:34 AM,395.65,50,19782.5,39798537.55
2025-08-01 10:09:38 AM,395.85,0,0.0,39798537.55
2025-08-01 10:09:40 AM,395.85,6,2375.1000000000004,39800912.65
2025-08-01 10:09:54 AM,395.9,5,1979.5,39802892.15
2025-08-01 10:09:58 AM,395.85,0,0.0,39802892.15
2025-08-01 10:09:59 AM,395.85,57,22563.45,39825455.6
2025-08-01 10:10:30 AM,395.9,0,0.0,39825455.6
2025-08-01 10:10:33 AM,395.9,9,3563.1,39829018.7
2025-08-01 10:10:58 AM,395.85,81,32063.850000000002,39861082.550000004
2025-08-01 10:11:02 AM,395.85,10,3958.5,39865041.050000004
2025-08-01 10:11:18 AM,396.0,0,0.0,39865041.050000004
2025-08-01 10:11:20 AM,396.0,114,45144.0,39910185.050000004
2025-08-01 10:11:24 AM,395.85,0,0.0,39910185.050000004
2025-08-01 10:11:26 AM,395.85,20,7917.0,39918102.050000004
2025-08-01 10:11:43 AM,396.0,0,0.0,39918102.050000004
2025-08-01 10:11:43 AM,396.0,3,1188.0,39919290.050000004
2025-08-01 10:11:55 AM,396.0,100,39600.0,39958890.050000004
2025-08-01 10:12:07 AM,396.0,5,1980.0,39960870.050000004
2025-08-01 10:12:13 AM,396.0,100,39600.0,40000470.050000004
2025-08-01 10:12:36 AM,396.0,150,59400.0,40059870.050000004
2025-08-01 10:12:49 AM,395.85,0,0.0,40059870.050000004
2025-08-01 10:12:53 AM,396.0,302,119592.0,40179462.050000004
2025-08-01 10:12:59 AM,396.0,60,23760.0,40203222.050000004
2025-08-01 10:13:10 AM,396.0,1,396.0,40203618.050000004
2025-08-01 10:13:28 AM,396.0,1,396.0,40204014.050000004
2025-08-01 10:13:52 AM,396.0,10,3960.0,40207974.050000004
2025-08-01 10:14:12 AM,395.85,0,0.0,40207974.050000004
2025-08-01 10:14:15 AM,395.85,35,13854.75,40221828.800000004
2025-08-01 10:14:27 AM,395.85,536,212175.6,40434004.400000006
2025-08-01 10:14:32 AM,395.85,123,48689.55,40482693.95
2025-08-01 10:14:42 AM,395.7,0,0.0,40482693.95
2025-08-01 10:14:44 AM,395.7,2,791.4,40483485.35
2025-08-01 10:14:56 AM,395.7,7,2769.9,40486255.25
2025-08-01 10:14:58 AM,395.85,0,0.0,40486255.25
2025-08-01 10:15:01 AM,395.85,5,1979.25,40488234.5
2025-08-01 10:15:19 AM,395.85,4,1583.4,40489817.9
2025-08-01 10:16:12 AM,395.85,10,3958.5,40493776.4
2025-08-01 10:16:14 AM,395.65,0,0.0,40493776.4
2025-08-01 10:16:18 AM,395.65,20,7913.0,40501689.4
2025-08-01 10:16:33 AM,395.6,0,0.0,40501689.4
2025-08-01 10:16:36 AM,395.6,30,11868.0,40513557.4
2025-08-01 10:16:42 AM,395.6,4,1582.4,40515139.8
2025-08-01 10:16:47 AM,395.3,0,0.0,40515139.8
2025-08-01 10:16:47 AM,395.3,10,3953.0,40519092.8
2025-08-01 10:16:58 AM,395.5,5,1977.5,40521070.3
2025-08-01 10:17:04 AM,395.2,10,3952.0,40525022.3
2025-08-01 10:17:15 AM,395.1,0,0.0,40525022.3
2025-08-01 10:17:15 AM,395.1,150,59265.0,40584287.3
2025-08-01 10:17:27 AM,395.05,0,0.0,40584287.3
2025-08-01 10:17:27 AM,395.05,200,79010.0,40663297.3
2025-08-01 10:17:44 AM,395.0,5166,2040570.0,42703867.3
2025-08-01 10:17:48 AM,395.45,0,0.0,42703867.3
2025-08-01 10:17:50 AM,395.45,615,243201.75,42947069.05
2025-08-01 10:18:00 AM,395.6,0,0.0,42947069.05
2025-08-01 10:18:02 AM,395.6,2,791.2,42947860.25
2025-08-01 10:18:24 AM,395.45,0,0.0,42947860.25
2025-08-01 10:18:25 AM,395.45,83,32822.35,42980682.6
2025-08-01 10:19:05 AM,395.45,100,39545.0,43020227.6
2025-08-01 10:19:19 AM,395.1,0,0.0,43020227.6
2025-08-01 10:19:23 AM,395.1,1,395.1,43020622.7
2025-08-01 10:19:40 AM,394.95,0,0.0,43020622.7
2025-08-01 10:19:40 AM,394.95,1090,430495.5,43451118.2
2025-08-01 10:19:43 AM,395.3,0,0.0,43451118.2
2025-08-01 10:19:45 AM,395.3,242,95662.6,43546780.800000004
2025-08-01 10:19:51 AM,395.05,40,15802.0,43562582.800000004
2025-08-01 10:19:57 AM,395.3,6,2371.8,43564954.6
2025-08-01 10:19:58 AM,395.3,10,3953.0,43568907.6
2025-08-01 10:20:25 AM,395.3,12,4743.6,43573651.2
2025-08-01 10:20:32 AM,395.45,1,395.45,43574046.650000006
2025-08-01 10:20:36 AM,395.45,2,790.9,43574837.550000004
2025-08-01 10:20:52 AM,395.15,0,0.0,43574837.550000004
2025-08-01 10:20:55 AM,395.15,120,47418.0,43622255.550000004
2025-08-01 10:20:57 AM,395.45,4,1581.8,43623837.35
2025-08-01 10:20:58 AM,395.2,0,0.0,43623837.35
2025-08-01 10:21:00 AM,395.2,1,395.2,43624232.550000004
2025-08-01 10:21:02 AM,395.45,0,0.0,43624232.550000004
2025-08-01 10:21:02 AM,395.45,2,790.9,43625023.45
2025-08-01 10:21:28 AM,395.4,0,0.0,43625023.45
2025-08-01 10:21:28 AM,395.4,5,1977.0,43627000.45
2025-08-01 10:21:49 AM,395.2,0,0.0,43627000.45
2025-08-01 10:21:50 AM,395.2,101,39915.2,43666915.650000006
2025-08-01 10:22:03 AM,395.4,6,2372.3999999999996,43669288.050000004
2025-08-01 10:22:09 AM,395.2,25,9880.0,43679168.050000004
2025-08-01 10:22:16 AM,395.6,0,0.0,43679168.050000004
2025-08-01 10:22:19 AM,395.6,1382,546719.2000000001,44225887.25000001
2025-08-01 10:22:24 AM,395.9,0,0.0,44225887.25000001
2025-08-01 10:22:25 AM,395.9,495,195970.5,44421857.75000001
2025-08-01 10:22:38 AM,395.75,1,395.75,44422253.50000001
2025-08-01 10:23:37 AM,395.75,1,395.75,44422649.25000001
2025-08-01 10:23:43 AM,395.4,155,61287.0,44483936.25000001
2025-08-01 10:23:48 AM,395.05,438,173031.9,44656968.150000006
2025-08-01 10:23:52 AM,395.55,1,395.55,44657363.7
2025-08-01 10:23:54 AM,395.65,0,0.0,44657363.7
2025-08-01 10:23:54 AM,395.65,121,47873.649999999994,44705237.35
2025-08-01 10:24:25 AM,395.85,5,1979.25,44707216.6
2025-08-01 10:24:29 AM,395.6,0,0.0,44707216.6
2025-08-01 10:24:31 AM,395.6,201,79515.6,44786732.2
2025-08-01 10:24:54 AM,395.35,0,0.0,44786732.2
2025-08-01 10:24:55 AM,395.35,28,11069.800000000001,44797802.0
2025-08-01 10:25:03 AM,395.5,5,1977.5,44799779.5
2025-08-01 10:25:18 AM,395.55,0,0.0,44799779.5
2025-08-01 10:25:18 AM,395.55,12,4746.6,44804526.1
2025-08-01 10:25:35 AM,395.65,1,395.65,44804921.75
2025-08-01 10:25:52 AM,395.35,1,395.35,44805317.1
2025-08-01 10:25:53 AM,395.65,0,0.0,44805317.1
2025-08-01 10:25:55 AM,395.65,10,3956.5,44809273.6
2025-08-01 10:26:00 AM,395.25,0,0.0,44809273.6
2025-08-01 10:26:00 AM,395.25,1000,395250.0,45204523.6
2025-08-01 10:26:02 AM,395.65,146,57764.899999999994,45262288.5
2025-08-01 10:26:11 AM,395.4,300,118620.0,45380908.5
2025-08-01 10:26:31 AM,395.8,100,39580.0,45420488.5
2025-08-01 10:26:51 AM,395.25,0,0.0,45420488.5
2025-08-01 10:26:51 AM,395.25,34,13438.5,45433927.0
2025-08-01 10:27:11 AM,395.25,2,790.5,45434717.5
2025-08-01 10:27:14 AM,395.25,1090,430822.5,45865540.0
2025-08-01 10:27:17 AM,395.25,146,57706.5,45923246.5
2025-08-01 10:27:41 AM,395.25,1,395.25,45923641.75
2025-08-01 10:28:00 AM,395.25,150,59287.5,45982929.25
2025-08-01 10:28:05 AM,394.9,0,0.0,45982929.25
2025-08-01 10:28:06 AM,394.9,1084,428071.6,46411000.85
2025-08-01 10:28:11 AM,395.05,272,107453.6,46518454.45
2025-08-01 10:29:12 AM,395.05,13,5135.650000000001,46523590.1
2025-08-01 10:30:42 AM,395.25,100,39525.0,46563115.1
2025-08-01 10:30:48 AM,395.25,110,43477.5,46606592.6
2025-08-01 10:31:17 AM,395.25,100,39525.0,46646117.6
2025-08-01 10:31:20 AM,395.25,170,67192.5,46713310.1
2025-08-01 10:31:34 AM,395.25,1,395.25,46713705.35
2025-08-01 10:32:17 AM,395.3,0,0.0,46713705.35
2025-08-01 10:32:20 AM,395.3,403,159305.9,46873011.25
2025-08-01 10:32:23 AM,395.75,228,90231.0,46963242.25
2025-08-01 10:32:34 AM,395.5,0,0.0,46963242.25
2025-08-01 10:32:36 AM,395.5,81,32035.5,46995277.75
2025-08-01 10:32:56 AM,395.5,6,2373.0,46997650.75
2025-08-01 10:32:58 AM,395.2,0,0.0,46997650.75
2025-08-01 10:32:59 AM,395.2,1,395.2,46998045.95
2025-08-01 10:33:06 AM,395.5,0,0.0,46998045.95
2025-08-01 10:33:07 AM,395.5,18,7119.0,47005164.95
2025-08-01 10:33:32 AM,395.45,6,2372.7,47007537.650000006
2025-08-01 10:33:37 AM,395.45,1,395.45,47007933.10000001
2025-08-01 10:33:46 AM,395.5,10,3955.0,47011888.10000001
2025-08-01 10:34:45 AM,395.5,3,1186.5,47013074.60000001
2025-08-01 10:34:51 AM,395.25,5,1976.25,47015050.85000001
2025-08-01 10:35:23 AM,395.25,10,3952.5,47019003.35000001
2025-08-01 10:36:04 AM,395.25,15,5928.75,47024932.10000001
2025-08-01 10:36:35 AM,395.5,2,791.0,47025723.10000001
2025-08-01 10:37:27 AM,395.5,236,93338.0,47119061.10000001
2025-08-01 10:37:42 AM,395.5,21,8305.5,47127366.60000001
2025-08-01 10:37:50 AM,395.25,0,0.0,47127366.60000001
2025-08-01 10:37:50 AM,395.25,213,84188.25,47211554.85000001
2025-08-01 10:38:31 AM,395.5,0,0.0,47211554.85000001
2025-08-01 10:38:32 AM,395.5,50,19775.0,47231329.85000001
2025-08-01 10:38:41 AM,395.5,3,1186.5,47232516.35000001
2025-08-01 10:38:55 AM,395.5,1000,395500.0,47628016.35000001
2025-08-01 10:39:09 AM,395.1,4682,1849858.2000000002,49477874.55000001
2025-08-01 10:39:11 AM,395.3,0,0.0,49477874.55000001
2025-08-01 10:39:11 AM,395.3,595,235203.5,49713078.05000001
2025-08-01 10:39:37 AM,395.3,5,1976.5,49715054.55000001
2025-08-01 10:40:06 AM,395.5,0,0.0,49715054.55000001
2025-08-01 10:40:07 AM,395.5,2,791.0,49715845.55000001
2025-08-01 10:40:12 AM,395.3,0,0.0,49715845.55000001
2025-08-01 10:40:13 AM,395.3,40,15812.0,49731657.55000001
2025-08-01 10:40:14 AM,395.15,0,0.0,49731657.55000001
2025-08-01 10:40:15 AM,395.15,81,32007.149999999998,49763664.70000001
2025-08-01 10:40:40 AM,395.15,1,395.15,49764059.85000001
2025-08-01 10:41:08 AM,395.15,5,1975.75,49766035.60000001
2025-08-01 10:41:11 AM,394.85,0,0.0,49766035.60000001
2025-08-01 10:41:11 AM,394.85,100,39485.0,49805520.60000001
2025-08-01 10:41:25 AM,394.6,0,0.0,49805520.60000001
2025-08-01 10:41:28 AM,395.05,0,0.0,49805520.60000001
2025-08-01 10:41:28 AM,395.05,1002,395840.10000000003,50201360.70000001
2025-08-01 10:41:29 AM,395.15,0,0.0,50201360.70000001
2025-08-01 10:41:30 AM,395.15,128,50579.2,50251939.90000001
2025-08-01 10:41:40 AM,395.4,0,0.0,50251939.90000001
2025-08-01 10:41:40 AM,395.4,200,79080.0,50331019.90000001
2025-08-01 10:42:07 AM,395.4,40,15816.0,50346835.90000001
2025-08-01 10:42:25 AM,395.3,4,1581.2,50348417.10000002
2025-08-01 10:42:46 AM,395.3,3,1185.9,50349603.000000015
2025-08-01 10:43:08 AM,395.0,41,16195.0,50365798.000000015
2025-08-01 10:43:13 AM,395.25,0,0.0,50365798.000000015
2025-08-01 10:43:13 AM,395.25,40,15810.0,50381608.000000015
2025-08-01 10:43:27 AM,395.0,0,0.0,50381608.000000015
2025-08-01 10:43:29 AM,395.0,20,7900.0,50389508.000000015
2025-08-01 10:43:37 AM,395.25,0,0.0,50389508.000000015
2025-08-01 10:43:37 AM,395.25,65,25691.25,50415199.250000015
2025-08-01 10:43:40 AM,395.25,5,1976.25,50417175.500000015
2025-08-01 10:43:42 AM,394.9,50,19745.0,50436920.500000015
2025-08-01 10:44:07 AM,395.25,0,0.0,50436920.500000015
2025-08-01 10:44:08 AM,395.25,10,3952.5,50440873.000000015
2025-08-01 10:44:14 AM,395.0,5,1975.0,50442848.000000015
2025-08-01 10:44:22 AM,395.05,2,790.1,50443638.10000002
2025-08-01 10:44:28 AM,395.25,100,39525.0,50483163.10000002
2025-08-01 10:44:39 AM,395.0,10,3950.0,50487113.10000002
2025-08-01 10:45:01 AM,394.95,0,0.0,50487113.10000002
2025-08-01 10:45:02 AM,394.95,180,71091.0,50558204.10000002
2025-08-01 10:45:06 AM,395.25,7,2766.75,50560970.85000002
2025-08-01 10:45:12 AM,395.35,0,0.0,50560970.85000002
2025-08-01 10:45:14 AM,395.25,0,0.0,50560970.85000002
2025-08-01 10:45:14 AM,395.25,268,105927.0,50666897.85000002
2025-08-01 10:45:16 AM,395.3,0,0.0,50666897.85000002
2025-08-01 10:45:17 AM,395.3,15,5929.5,50672827.35000002
2025-08-01 10:45:25 AM,395.3,50,19765.0,50692592.35000002
2025-08-01 10:46:00 AM,395.3,50,19765.0,50712357.35000002
2025-08-01 10:46:07 AM,395.25,0,0.0,50712357.35000002
2025-08-01 10:46:08 AM,395.25,19,7509.75,50719867.10000002
2025-08-01 10:46:14 AM,395.3,819,323750.7,51043617.80000002
2025-08-01 10:46:20 AM,395.45,0,0.0,51043617.80000002
2025-08-01 10:46:23 AM,395.25,133,52568.25,51096186.05000002
2025-08-01 10:46:24 AM,395.3,0,0.0,51096186.05000002
2025-08-01 10:46:25 AM,395.3,30,11859.0,51108045.05000002
2025-08-01 10:46:29 AM,395.3,200,79060.0,51187105.05000002
2025-08-01 10:46:36 AM,395.3,63,24903.9,51212008.95000002
2025-08-01 10:46:40 AM,395.3,2,790.6,51212799.55000002
2025-08-01 10:46:51 AM,395.45,0,0.0,51212799.55000002
2025-08-01 10:46:51 AM,395.45,4,1581.8,51214381.35000002
2025-08-01 10:47:02 AM,395.45,100,39545.0,51253926.35000002
2025-08-01 10:47:18 AM,395.45,26,10281.699999999999,51264208.05000002
2025-08-01 10:47:46 AM,395.3,0,0.0,51264208.05000002
2025-08-01 10:47:47 AM,395.3,150,59295.0,51323503.05000002
2025-08-01 10:48:06 AM,395.45,40,15818.0,51339321.05000002
2025-08-01 10:48:11 AM,395.3,0,0.0,51339321.05000002
2025-08-01 10:48:11 AM,395.3,25,9882.5,51349203.55000002
2025-08-01 10:48:51 AM,395.3,5,1976.5,51351180.05000002
2025-08-01 10:49:02 AM,395.3,205,81036.5,51432216.55000002
2025-08-01 10:49:35 AM,395.3,20,7906.0,51440122.55000002
2025-08-01 10:49:48 AM,395.45,0,0.0,51440122.55000002
2025-08-01 10:49:49 AM,395.45,254,100444.3,51540566.85000002
2025-08-01 10:49:53 AM,395.5,0,0.0,51540566.85000002
2025-08-01 10:49:54 AM,395.5,162,64071.0,51604637.85000002
2025-08-01 10:50:23 AM,395.6,489,193448.40000000002,51798086.250000015
2025-08-01 10:50:33 AM,395.6,125,49450.0,51847536.250000015
2025-08-01 10:50:45 AM,395.65,5,1978.25,51849514.500000015
2025-08-01 10:50:56 AM,395.5,50,19775.0,51869289.500000015
2025-08-01 10:51:01 AM,395.8,0,0.0,51869289.500000015
2025-08-01 10:51:02 AM,395.8,55,21769.0,51891058.500000015
2025-08-01 10:51:21 AM,395.5,0,0.0,51891058.500000015
2025-08-01 10:51:24 AM,395.5,2635,1042142.5,52933201.000000015
2025-08-01 10:51:29 AM,395.75,0,0.0,52933201.000000015
2025-08-01 10:51:29 AM,395.75,369,146031.75,53079232.750000015
2025-08-01 10:51:53 AM,395.55,0,0.0,53079232.750000015
2025-08-01 10:51:57 AM,395.55,18,7119.900000000001,53086352.65000001
2025-08-01 10:52:13 AM,395.8,2,791.6,53087144.250000015
2025-08-01 10:52:25 AM,395.5,0,0.0,53087144.250000015
2025-08-01 10:52:29 AM,395.5,3,1186.5,53088330.750000015
2025-08-01 10:52:56 AM,395.5,20,7910.0,53096240.750000015
2025-08-01 10:53:59 AM,395.8,10,3958.0,53100198.750000015
2025-08-01 10:54:15 AM,395.55,0,0.0,53100198.750000015
2025-08-01 10:54:16 AM,395.55,33,13053.15,53113251.90000001
2025-08-01 10:54:21 AM,395.55,10,3955.5,53117207.40000001
2025-08-01 10:54:27 AM,395.8,150,59370.0,53176577.40000001
2025-08-01 10:54:42 AM,395.0,7671,3030045.0,56206622.40000001
2025-08-01 10:54:45 AM,395.5,0,0.0,56206622.40000001
2025-08-01 10:54:48 AM,395.5,858,339339.0,56545961.40000001
2025-08-01 10:54:53 AM,395.7,50,19785.0,56565746.40000001
2025-08-01 10:55:25 AM,395.2,0,0.0,56565746.40000001
2025-08-01 10:55:25 AM,395.2,10279,4062260.8,60628007.20000001
2025-08-01 10:55:27 AM,395.3,0,0.0,60628007.20000001
2025-08-01 10:55:27 AM,395.55,0,0.0,60628007.20000001
2025-08-01 10:55:29 AM,395.35,0,0.0,60628007.20000001
2025-08-01 10:55:30 AM,395.35,1373,542815.55,61170822.75000001
2025-08-01 10:55:35 AM,395.25,0,0.0,61170822.75000001
2025-08-01 10:55:36 AM,395.25,116,45849.0,61216671.75000001
2025-08-01 10:55:57 AM,395.05,0,0.0,61216671.75000001
2025-08-01 10:55:57 AM,395.05,1000,395050.0,61611721.75000001
2025-08-01 10:56:01 AM,395.45,0,0.0,61611721.75000001
2025-08-01 10:56:02 AM,395.45,135,53385.75,61665107.50000001
2025-08-01 10:56:35 AM,395.55,0,0.0,61665107.50000001
2025-08-01 10:56:35 AM,395.55,3,1186.65,61666294.150000006
2025-08-01 10:57:15 AM,395.2,0,0.0,61666294.150000006
2025-08-01 10:57:16 AM,395.2,540,213408.0,61879702.150000006
2025-08-01 10:57:41 AM,394.85,0,0.0,61879702.150000006
2025-08-01 10:57:43 AM,394.85,24,9476.400000000001,61889178.550000004
2025-08-01 10:57:45 AM,394.7,0,0.0,61889178.550000004
2025-08-01 10:57:48 AM,394.7,20,7894.0,61897072.550000004
2025-08-01 10:58:21 AM,394.85,0,0.0,61897072.550000004
2025-08-01 10:58:21 AM,394.85,177,69888.45,61966961.00000001
2025-08-01 10:58:26 AM,394.85,30,11845.5,61978806.50000001
2025-08-01 10:59:17 AM,395.0,0,0.0,61978806.50000001
2025-08-01 10:59:18 AM,395.0,6,2370.0,61981176.50000001
2025-08-01 10:59:23 AM,395.0,30,11850.0,61993026.50000001
2025-08-01 10:59:33 AM,395.0,85,33575.0,62026601.50000001
2025-08-01 10:59:45 AM,395.0,100,39500.0,62066101.50000001
2025-08-01 10:59:50 AM,395.0,144,56880.0,62122981.50000001
2025-08-01 11:00:07 AM,395.0,11,4345.0,62127326.50000001
2025-08-01 11:00:13 AM,395.0,3,1185.0,62128511.50000001
2025-08-01 11:00:30 AM,395.0,50,19750.0,62148261.50000001
2025-08-01 11:01:01 AM,395.0,82,32390.0,62180651.50000001
2025-08-01 11:01:04 AM,395.45,0,0.0,62180651.50000001
2025-08-01 11:01:06 AM,395.45,250,98862.5,62279514.00000001
2025-08-01 11:01:07 AM,395.0,100,39500.0,62319014.00000001
2025-08-01 11:01:12 AM,395.35,0,0.0,62319014.00000001
2025-08-01 11:01:12 AM,395.35,24,9488.400000000001,62328502.400000006
2025-08-01 11:01:28 AM,395.05,0,0.0,62328502.400000006
2025-08-01 11:01:28 AM,395.05,20,7901.0,62336403.400000006
2025-08-01 11:01:40 AM,395.4,0,0.0,62336403.400000006
2025-08-01 11:01:43 AM,395.4,350,138390.0,62474793.400000006
2025-08-01 11:02:09 AM,395.4,116,45866.399999999994,62520659.800000004
2025-08-01 11:02:26 AM,395.4,6,2372.3999999999996,62523032.2
2025-08-01 11:03:53 AM,395.4,20,7908.0,62530940.2
2025-08-01 11:04:06 AM,395.3,0,0.0,62530940.2
2025-08-01 11:04:06 AM,395.3,25,9882.5,62540822.7
2025-08-01 11:04:24 AM,395.3,100,39530.0,62580352.7
2025-08-01 11:04:27 AM,395.3,207,81827.1,62662179.800000004
2025-08-01 11:04:44 AM,395.55,0,0.0,62662179.800000004
2025-08-01 11:04:44 AM,395.55,4,1582.2,62663762.00000001
2025-08-01 11:05:14 AM,395.55,5,1977.75,62665739.75000001
2025-08-01 11:05:28 AM,395.2,0,0.0,62665739.75000001
2025-08-01 11:05:30 AM,395.2,60,23712.0,62689451.75000001
2025-08-01 11:05:52 AM,395.2,25,9880.0,62699331.75000001
2025-08-01 11:06:01 AM,395.25,0,0.0,62699331.75000001
2025-08-01 11:06:02 AM,395.25,500,197625.0,62896956.75000001
2025-08-01 11:06:31 AM,395.25,100,39525.0,62936481.75000001
2025-08-01 11:07:22 AM,395.0,0,0.0,62936481.75000001
2025-08-01 11:07:22 AM,395.0,11,4345.0,62940826.75000001
2025-08-01 11:07:38 AM,395.0,12,4740.0,62945566.75000001
2025-08-01 11:07:42 AM,394.9,0,0.0,62945566.75000001
2025-08-01 11:07:42 AM,395.1,0,0.0,62945566.75000001
2025-08-01 11:07:44 AM,395.1,1005,397075.5,63342642.25000001
2025-08-01 11:07:52 AM,395.3,0,0.0,63342642.25000001
2025-08-01 11:07:54 AM,395.3,260,102778.0,63445420.25000001
2025-08-01 11:08:01 AM,395.25,46,18181.5,63463601.75000001
2025-08-01 11:08:16 AM,395.25,51,20157.75,63483759.50000001
2025-08-01 11:08:26 AM,395.0,0,0.0,63483759.50000001
2025-08-01 11:08:26 AM,395.0,61,24095.0,63507854.50000001
2025-08-01 11:08:28 AM,395.0,189,74655.0,63582509.50000001
2025-08-01 11:08:52 AM,395.0,244,96380.0,63678889.50000001
2025-08-01 11:08:59 AM,394.7,0,0.0,63678889.50000001
2025-08-01 11:09:00 AM,394.5,4301,1696744.5,65375634.00000001
2025-08-01 11:09:03 AM,394.8,0,0.0,65375634.00000001
2025-08-01 11:09:03 AM,394.8,429,169369.2,65545003.20000001
2025-08-01 11:09:19 AM,394.95,0,0.0,65545003.20000001
2025-08-01 11:09:21 AM,394.95,286,112955.7,65657958.90000001
2025-08-01 11:09:26 AM,394.95,7,2764.65,65660723.55000001
2025-08-01 11:09:42 AM,394.95,80,31596.0,65692319.55000001
2025-08-01 11:09:44 AM,395.15,25,9878.75,65702198.30000001
2025-08-01 11:10:03 AM,394.95,0,0.0,65702198.30000001
2025-08-01 11:10:04 AM,394.95,21,8293.949999999999,65710492.250000015
2025-08-01 11:10:16 AM,394.95,200,78990.0,65789482.250000015
2025-08-01 11:10:19 AM,395.15,0,0.0,65789482.250000015
2025-08-01 11:10:20 AM,395.15,1,395.15,65789877.40000001
2025-08-01 11:10:41 AM,395.25,0,0.0,65789877.40000001
2025-08-01 11:10:42 AM,395.25,121,47825.25,65837702.65000001
2025-08-01 11:10:51 AM,395.0,0,0.0,65837702.65000001
2025-08-01 11:10:52 AM,395.0,2,790.0,65838492.65000001
2025-08-01 11:10:53 AM,395.0,3,1185.0,65839677.65000001
2025-08-01 11:12:13 AM,395.0,27,10665.0,65850342.65000001
2025-08-01 11:12:23 AM,394.95,0,0.0,65850342.65000001
2025-08-01 11:12:24 AM,394.95,50,19747.5,65870090.15000001
2025-08-01 11:12:37 AM,395.0,0,0.0,65870090.15000001
2025-08-01 11:12:41 AM,395.0,15,5925.0,65876015.15000001
2025-08-01 11:12:49 AM,395.3,0,0.0,65876015.15000001
2025-08-01 11:12:50 AM,395.3,3,1185.9,65877201.05000001
2025-08-01 11:13:06 AM,395.3,5,1976.5,65879177.55000001
2025-08-01 11:13:17 AM,395.25,0,0.0,65879177.55000001
2025-08-01 11:13:18 AM,395.25,12,4743.0,65883920.55000001
2025-08-01 11:14:02 AM,394.85,0,0.0,65883920.55000001
2025-08-01 11:14:02 AM,394.85,1010,398798.5,66282719.05000001
2025-08-01 11:14:04 AM,395.0,0,0.0,66282719.05000001
2025-08-01 11:14:06 AM,395.0,117,46215.0,66328934.05000001
2025-08-01 11:14:13 AM,394.55,400,157820.0,66486754.05000001
2025-08-01 11:14:16 AM,394.65,0,0.0,66486754.05000001
2025-08-01 11:14:17 AM,394.65,2,789.3,66487543.35000001
2025-08-01 11:14:24 AM,394.5,600,236700.0,66724243.35000001
2025-08-01 11:14:30 AM,394.85,0,0.0,66724243.35000001
2025-08-01 11:14:33 AM,394.85,122,48171.700000000004,66772415.05000001
2025-08-01 11:14:42 AM,394.45,0,0.0,66772415.05000001
2025-08-01 11:14:44 AM,394.45,252,99401.4,66871816.45000001
2025-08-01 11:14:55 AM,394.45,285,112418.25,66984234.70000001
2025-08-01 11:14:56 AM,394.8,0,0.0,66984234.70000001
2025-08-01 11:14:56 AM,394.8,25,9870.0,66994104.70000001
2025-08-01 11:15:00 AM,394.7,3,1184.1,66995288.80000001
2025-08-01 11:15:06 AM,394.85,0,0.0,66995288.80000001
2025-08-01 11:15:06 AM,394.85,25,9871.25,67005160.05000001
2025-08-01 11:15:38 AM,394.85,11,4343.35,67009503.40000001
2025-08-01 11:15:56 AM,394.7,0,0.0,67009503.40000001
2025-08-01 11:15:58 AM,394.7,11,4341.7,67013845.10000002
2025-08-01 11:16:04 AM,394.45,0,0.0,67013845.10000002
2025-08-01 11:16:04 AM,394.45,500,197225.0,67211070.10000002
2025-08-01 11:16:06 AM,394.8,0,0.0,67211070.10000002
2025-08-01 11:16:08 AM,394.8,126,49744.8,67260814.90000002
2025-08-01 11:16:28 AM,394.5,0,0.0,67260814.90000002
2025-08-01 11:16:30 AM,394.5,250,98625.0,67359439.90000002
2025-08-01 11:16:36 AM,394.5,250,98625.0,67458064.90000002
2025-08-01 11:16:40 AM,394.8,0,0.0,67458064.90000002
2025-08-01 11:16:40 AM,394.8,16,6316.8,67464381.70000002
2025-08-01 11:16:44 AM,394.55,0,0.0,67464381.70000002
2025-08-01 11:16:44 AM,394.85,0,0.0,67464381.70000002
2025-08-01 11:16:45 AM,394.85,25,9871.25,67474252.95000002
2025-08-01 11:17:26 AM,394.55,0,0.0,67474252.95000002
2025-08-01 11:17:28 AM,394.55,7,2761.85,67477014.80000001
2025-08-01 11:17:55 AM,394.55,2,789.1,67477803.9
2025-08-01 11:18:23 AM,394.55,13,5129.150000000001,67482933.05000001
2025-08-01 11:18:45 AM,394.55,9,3550.9500000000003,67486484.00000001
2025-08-01 11:18:51 AM,394.7,383,151170.1,67637654.10000001
2025-08-01 11:19:12 AM,394.55,0,0.0,67637654.10000001
2025-08-01 11:19:14 AM,394.55,8,3156.4,67640810.50000001
2025-08-01 11:19:49 AM,394.7,0,0.0,67640810.50000001
2025-08-01 11:19:51 AM,394.7,200,78940.0,67719750.50000001
2025-08-01 11:20:13 AM,394.7,432,170510.4,67890260.90000002
2025-08-01 11:20:14 AM,394.85,0,0.0,67890260.90000002
2025-08-01 11:20:18 AM,394.85,1289,508961.65,68399222.55000003
2025-08-01 11:20:21 AM,395.15,0,0.0,68399222.55000003
2025-08-01 11:20:24 AM,395.15,143,56506.45,68455729.00000003
2025-08-01 11:21:05 AM,395.15,3,1185.4499999999998,68456914.45000003
2025-08-01 11:21:26 AM,395.15,20,7903.0,68464817.45000003
2025-08-01 11:21:32 AM,395.05,1,395.05,68465212.50000003
2025-08-01 11:21:37 AM,395.15,100,39515.0,68504727.50000003
2025-08-01 11:21:41 AM,394.8,0,0.0,68504727.50000003
2025-08-01 11:21:42 AM,394.8,160,63168.0,68567895.50000003
2025-08-01 11:22:40 AM,394.75,200,78950.0,68646845.50000003
2025-08-01 11:22:57 AM,395.1,0,0.0,68646845.50000003
2025-08-01 11:23:00 AM,395.1,101,39905.100000000006,68686750.60000002
2025-08-01 11:23:05 AM,395.05,0,0.0,68686750.60000002
2025-08-01 11:23:05 AM,395.05,127,50171.35,68736921.95000002
2025-08-01 11:23:12 AM,395.2,0,0.0,68736921.95000002
2025-08-01 11:23:17 AM,395.2,25,9880.0,68746801.95000002
2025-08-01 11:23:24 AM,395.5,0,0.0,68746801.95000002
2025-08-01 11:23:27 AM,395.5,848,335384.0,69082185.95000002
2025-08-01 11:23:30 AM,395.4,0,0.0,69082185.95000002
2025-08-01 11:23:32 AM,395.4,132,52192.799999999996,69134378.75000001
2025-08-01 11:23:34 AM,395.65,0,0.0,69134378.75000001
2025-08-01 11:23:36 AM,396.0,0,0.0,69134378.75000001
2025-08-01 11:23:38 AM,396.0,1700,673200.0,69807578.75000001
2025-08-01 11:23:40 AM,395.7,0,0.0,69807578.75000001
2025-08-01 11:23:42 AM,395.7,132,52232.4,69859811.15000002
2025-08-01 11:23:47 AM,395.3,0,0.0,69859811.15000002
2025-08-01 11:23:47 AM,395.3,600,237180.0,70096991.15000002
2025-08-01 11:23:48 AM,395.9,0,0.0,70096991.15000002
2025-08-01 11:23:49 AM,395.5,0,0.0,70096991.15000002
2025-08-01 11:23:52 AM,395.5,93,36781.5,70133772.65000002
2025-08-01 11:24:07 AM,395.5,100,39550.0,70173322.65000002
2025-08-01 11:24:12 AM,395.7,0,0.0,70173322.65000002
2025-08-01 11:24:12 AM,395.7,132,52232.4,70225555.05000003
2025-08-01 11:24:15 AM,395.5,0,0.0,70225555.05000003
2025-08-01 11:24:17 AM,395.5,50,19775.0,70245330.05000003
2025-08-01 11:24:22 AM,395.7,0,0.0,70245330.05000003
2025-08-01 11:24:23 AM,395.7,25,9892.5,70255222.55000003
2025-08-01 11:24:31 AM,396.0,0,0.0,70255222.55000003
2025-08-01 11:24:34 AM,396.0,25,9900.0,70265122.55000003
2025-08-01 11:24:37 AM,395.7,0,0.0,70265122.55000003
2025-08-01 11:24:39 AM,395.7,20,7914.0,70273036.55000003
2025-08-01 11:24:41 AM,395.85,0,0.0,70273036.55000003
2025-08-01 11:24:42 AM,395.95,0,0.0,70273036.55000003
2025-08-01 11:24:44 AM,395.95,152,60184.4,70333220.95000003
2025-08-01 11:24:55 AM,395.9,2,791.8,70334012.75000003
2025-08-01 11:24:57 AM,395.5,0,0.0,70334012.75000003
2025-08-01 11:25:00 AM,395.7,0,0.0,70334012.75000003
2025-08-01 11:25:00 AM,395.7,241,95363.7,70429376.45000003
2025-08-01 11:25:06 AM,395.7,1,395.7,70429772.15000004
2025-08-01 11:25:11 AM,395.7,100,39570.0,70469342.15000004
2025-08-01 11:25:21 AM,395.65,1,395.65,70469737.80000004
2025-08-01 11:25:47 AM,395.6,3,1186.8000000000002,70470924.60000004
2025-08-01 11:25:52 AM,395.6,1,395.6,70471320.20000003
2025-08-01 11:26:08 AM,395.6,2,791.2,70472111.40000004
2025-08-01 11:27:21 AM,395.45,0,0.0,70472111.40000004
2025-08-01 11:27:24 AM,395.45,5,1977.25,70474088.65000004
2025-08-01 11:27:29 AM,395.45,69,27286.05,70501374.70000003
2025-08-01 11:27:38 AM,395.6,0,0.0,70501374.70000003
2025-08-01 11:27:40 AM,395.6,5,1978.0,70503352.70000003
2025-08-01 11:27:50 AM,395.6,12,4747.200000000001,70508099.90000004
2025-08-01 11:28:15 AM,395.45,0,0.0,70508099.90000004
2025-08-01 11:28:15 AM,395.45,10,3954.5,70512054.40000004
2025-08-01 11:28:38 AM,395.4,0,0.0,70512054.40000004
2025-08-01 11:28:39 AM,395.4,20,7908.0,70519962.40000004
2025-08-01 11:28:53 AM,395.4,5,1977.0,70521939.40000004
2025-08-01 11:28:54 AM,395.35,0,0.0,70521939.40000004
2025-08-01 11:28:56 AM,395.35,1,395.35,70522334.75000003
2025-08-01 11:29:17 AM,395.1,0,0.0,70522334.75000003
2025-08-01 11:29:17 AM,395.1,5,1975.5,70524310.25000003
2025-08-01 11:29:36 AM,395.1,95,37534.5,70561844.75000003
2025-08-01 11:29:42 AM,395.15,0,0.0,70561844.75000003
2025-08-01 11:29:44 AM,395.15,1,395.15,70562239.90000004
2025-08-01 11:29:48 AM,395.1,0,0.0,70562239.90000004
2025-08-01 11:29:49 AM,395.1,1,395.1,70562635.00000003
2025-08-01 11:30:17 AM,395.1,9,3555.9,70566190.90000004
2025-08-01 11:30:44 AM,395.25,0,0.0,70566190.90000004
2025-08-01 11:30:45 AM,394.75,1126,444488.5,71010679.40000004
2025-08-01 11:30:52 AM,395.2,0,0.0,71010679.40000004
2025-08-01 11:30:52 AM,395.2,147,58094.4,71068773.80000004
2025-08-01 11:31:44 AM,395.0,25,9875.0,71078648.80000004
2025-08-01 11:32:34 AM,395.2,0,0.0,71078648.80000004
2025-08-01 11:32:36 AM,395.2,5,1976.0,71080624.80000004
2025-08-01 11:33:35 AM,394.9,0,0.0,71080624.80000004
2025-08-01 11:33:37 AM,394.9,3,1184.6999999999998,71081809.50000004
2025-08-01 11:35:22 AM,394.9,8,3159.2,71084968.70000005
2025-08-01 11:36:08 AM,394.9,35,13821.5,71098790.20000005
2025-08-01 11:36:45 AM,394.9,10,3949.0,71102739.20000005
2025-08-01 11:36:50 AM,394.9,15,5923.5,71108662.70000005
2025-08-01 11:36:55 AM,394.9,200,78980.0,71187642.70000005
2025-08-01 11:37:17 AM,395.1,10,3951.0,71191593.70000005
2025-08-01 11:37:48 AM,395.1,2,790.2,71192383.90000005
2025-08-01 11:37:58 AM,395.0,10,3950.0,71196333.90000005
2025-08-01 11:38:06 AM,394.9,0,0.0,71196333.90000005
2025-08-01 11:38:07 AM,394.9,100,39490.0,71235823.90000005
2025-08-01 11:39:35 AM,394.9,1,394.9,71236218.80000006
2025-08-01 11:39:37 AM,395.1,0,0.0,71236218.80000006
2025-08-01 11:39:39 AM,395.1,100,39510.0,71275728.80000006
2025-08-01 11:40:08 AM,395.0,0,0.0,71275728.80000006
2025-08-01 11:40:10 AM,394.9,0,0.0,71275728.80000006
2025-08-01 11:40:10 AM,394.9,60,23694.0,71299422.80000006
2025-08-01 11:40:40 AM,395.05,0,0.0,71299422.80000006
2025-08-01 11:40:41 AM,395.05,1,395.05,71299817.85000005
2025-08-01 11:41:46 AM,394.75,0,0.0,71299817.85000005
2025-08-01 11:41:47 AM,394.75,1237,488305.75,71788123.60000005
2025-08-01 11:41:50 AM,394.9,0,0.0,71788123.60000005
2025-08-01 11:41:52 AM,394.9,125,49362.5,71837486.10000005
2025-08-01 11:42:30 AM,394.95,0,0.0,71837486.10000005
2025-08-01 11:42:33 AM,394.95,2,789.9,71838276.00000006
2025-08-01 11:42:49 AM,394.7,619,244319.3,72082595.30000006
2025-08-01 11:42:52 AM,394.95,0,0.0,72082595.30000006
2025-08-01 11:42:54 AM,394.95,100,39495.0,72122090.30000006
2025-08-01 11:42:56 AM,394.7,0,0.0,72122090.30000006
2025-08-01 11:42:59 AM,394.7,500,197350.0,72319440.30000006
2025-08-01 11:43:04 AM,394.85,0,0.0,72319440.30000006
2025-08-01 11:43:04 AM,394.85,1,394.85,72319835.15000005
2025-08-01 11:43:18 AM,394.55,0,0.0,72319835.15000005
2025-08-01 11:43:21 AM,394.55,800,315640.0,72635475.15000005
2025-08-01 11:43:26 AM,394.6,0,0.0,72635475.15000005
2025-08-01 11:43:26 AM,394.6,200,78920.0,72714395.15000005
2025-08-01 11:43:31 AM,394.5,0,0.0,72714395.15000005
2025-08-01 11:43:32 AM,394.5,221,87184.5,72801579.65000005
2025-08-01 11:43:36 AM,394.15,0,0.0,72801579.65000005
2025-08-01 11:43:37 AM,394.0,3800,1497200.0,74298779.65000005
2025-08-01 11:43:38 AM,393.8,0,0.0,74298779.65000005
2025-08-01 11:43:42 AM,393.8,55,21659.0,74320438.65000005
2025-08-01 11:43:47 AM,393.5,2,787.0,74321225.65000005
2025-08-01 11:43:50 AM,393.3,0,0.0,74321225.65000005
2025-08-01 11:43:52 AM,393.2,0,0.0,74321225.65000005
2025-08-01 11:43:52 AM,393.2,777,305516.39999999997,74626742.05000006
2025-08-01 11:44:08 AM,392.85,781,306815.85000000003,74933557.90000005
2025-08-01 11:44:19 AM,392.2,0,0.0,74933557.90000005
2025-08-01 11:44:21 AM,392.45,495,194262.75,75127820.65000005
2025-08-01 11:44:27 AM,392.55,153,60060.15,75187880.80000006
2025-08-01 11:44:52 AM,392.35,0,0.0,75187880.80000006
2025-08-01 11:44:54 AM,392.35,10,3923.5,75191804.30000006
2025-08-01 11:44:58 AM,392.2,0,0.0,75191804.30000006
2025-08-01 11:44:59 AM,392.2,286,112169.2,75303973.50000006
2025-08-01 11:45:10 AM,392.2,50,19610.0,75323583.50000006
2025-08-01 11:45:16 AM,392.65,200,78530.0,75402113.50000006
2025-08-01 11:45:20 AM,392.35,0,0.0,75402113.50000006
2025-08-01 11:45:21 AM,392.35,1,392.35,75402505.85000005
2025-08-01 11:45:25 AM,392.3,0,0.0,75402505.85000005
2025-08-01 11:45:26 AM,392.3,4,1569.2,75404075.05000006
2025-08-01 11:45:49 AM,392.6,0,0.0,75404075.05000006
2025-08-01 11:45:53 AM,392.6,20,7852.0,75411927.05000006
2025-08-01 11:45:59 AM,392.2,0,0.0,75411927.05000006
2025-08-01 11:45:59 AM,392.2,16,6275.2,75418202.25000006
2025-08-01 11:46:15 AM,392.45,50,19622.5,75437824.75000006
2025-08-01 11:46:28 AM,392.4,0,0.0,75437824.75000006
2025-08-01 11:46:30 AM,392.4,50,19620.0,75457444.75000006
2025-08-01 11:46:37 AM,392.45,0,0.0,75457444.75000006
2025-08-01 11:46:41 AM,392.45,5,1962.25,75459407.00000006
2025-08-01 11:47:04 AM,392.05,0,0.0,75459407.00000006
2025-08-01 11:47:07 AM,392.05,360,141138.0,75600545.00000006
2025-08-01 11:47:10 AM,392.4,0,0.0,75600545.00000006
2025-08-01 11:47:12 AM,392.4,3,1177.1999999999998,75601722.20000006
2025-08-01 11:47:27 AM,392.25,0,0.0,75601722.20000006
2025-08-01 11:47:27 AM,392.25,1,392.25,75602114.45000006
2025-08-01 11:47:32 AM,392.25,1,392.25,75602506.70000006
2025-08-01 11:47:37 AM,392.25,26,10198.5,75612705.20000006
2025-08-01 11:47:42 AM,392.45,0,0.0,75612705.20000006
2025-08-01 11:47:42 AM,392.45,21,8241.449999999999,75620946.65000007
2025-08-01 11:47:49 AM,392.7,0,0.0,75620946.65000007
2025-08-01 11:47:51 AM,392.4,0,0.0,75620946.65000007
2025-08-01 11:47:53 AM,392.4,91,35708.4,75656655.05000007
2025-08-01 11:48:02 AM,392.55,0,0.0,75656655.05000007
2025-08-01 11:48:03 AM,393.1,3245,1275609.5,76932264.55000007
2025-08-01 11:48:04 AM,393.65,0,0.0,76932264.55000007
2025-08-01 11:48:08 AM,393.65,61,24012.649999999998,76956277.20000008
2025-08-01 11:48:12 AM,393.9,0,0.0,76956277.20000008
2025-08-01 11:48:13 AM,393.9,10,3939.0,76960216.20000008
2025-08-01 11:48:14 AM,393.65,0,0.0,76960216.20000008
2025-08-01 11:48:18 AM,393.65,10,3936.5,76964152.70000008
2025-08-01 11:48:31 AM,393.0,0,0.0,76964152.70000008
2025-08-01 11:48:33 AM,393.0,3050,1198650.0,78162802.70000008
2025-08-01 11:48:54 AM,393.1,5,1965.5,78164768.20000008
2025-08-01 11:49:06 AM,393.35,0,0.0,78164768.20000008
2025-08-01 11:49:09 AM,393.35,1,393.35,78165161.55000007
2025-08-01 11:49:11 AM,393.5,0,0.0,78165161.55000007
2025-08-01 11:49:14 AM,393.5,100,39350.0,78204511.55000007
2025-08-01 11:49:18 AM,393.25,0,0.0,78204511.55000007
2025-08-01 11:49:20 AM,393.25,1,393.25,78204904.80000007
2025-08-01 11:49:30 AM,393.55,1,393.55,78205298.35000007
2025-08-01 11:49:42 AM,393.3,0,0.0,78205298.35000007
2025-08-01 11:49:46 AM,393.3,505,198616.5,78403914.85000007
2025-08-01 11:50:20 AM,393.9,0,0.0,78403914.85000007
2025-08-01 11:50:22 AM,393.9,223,87839.7,78491754.55000007
2025-08-01 11:50:28 AM,393.9,123,48449.7,78540204.25000007
2025-08-01 11:50:37 AM,393.9,100,39390.0,78579594.25000007
2025-08-01 11:50:57 AM,395.1,0,0.0,78579594.25000007
2025-08-01 11:50:57 AM,395.1,11579,4574862.9,83154457.15000008
2025-08-01 11:50:58 AM,395.35,0,0.0,83154457.15000008
2025-08-01 11:51:02 AM,395.35,1,395.35,83154852.50000007
2025-08-01 11:51:15 AM,395.25,0,0.0,83154852.50000007
2025-08-01 11:51:17 AM,395.25,1,395.25,83155247.75000007
2025-08-01 11:51:20 AM,395.0,0,0.0,83155247.75000007
2025-08-01 11:51:21 AM,395.0,211,83345.0,83238592.75000007
2025-08-01 11:51:31 AM,395.0,400,158000.0,83396592.75000007
2025-08-01 11:51:36 AM,395.0,43,16985.0,83413577.75000007
2025-08-01 11:51:46 AM,395.05,0,0.0,83413577.75000007
2025-08-01 11:51:47 AM,395.05,2,790.1,83414367.85000007
2025-08-01 11:51:49 AM,395.0,0,0.0,83414367.85000007
2025-08-01 11:51:51 AM,395.0,15,5925.0,83420292.85000007
2025-08-01 11:51:58 AM,395.15,0,0.0,83420292.85000007
2025-08-01 11:52:01 AM,395.15,10,3951.5,83424244.35000007
2025-08-01 11:52:05 AM,395.0,0,0.0,83424244.35000007
2025-08-01 11:52:06 AM,395.0,10,3950.0,83428194.35000007
2025-08-01 11:52:17 AM,395.35,10,3953.5,83432147.85000007
2025-08-01 11:52:25 AM,395.3,0,0.0,83432147.85000007
2025-08-01 11:52:26 AM,395.3,1,395.3,83432543.15000007
2025-08-01 11:52:41 AM,395.25,0,0.0,83432543.15000007
2025-08-01 11:52:42 AM,395.25,50,19762.5,83452305.65000007
2025-08-01 11:53:10 AM,395.3,0,0.0,83452305.65000007
2025-08-01 11:53:12 AM,395.3,10,3953.0,83456258.65000007
2025-08-01 11:53:18 AM,395.5,0,0.0,83456258.65000007
2025-08-01 11:53:19 AM,395.3,408,161282.4,83617541.05000007
2025-08-01 11:53:29 AM,395.3,25,9882.5,83627423.55000007
2025-08-01 11:53:33 AM,395.3,65,25694.5,83653118.05000007
2025-08-01 11:53:38 AM,395.1,35,13828.5,83666946.55000007
2025-08-01 11:53:53 AM,395.4,2,790.8,83667737.35000007
2025-08-01 11:54:21 AM,395.1,0,0.0,83667737.35000007
2025-08-01 11:54:23 AM,395.1,10,3951.0,83671688.35000007
2025-08-01 11:54:34 AM,395.45,150,59317.5,83731005.85000007
2025-08-01 11:54:40 AM,395.1,100,39510.0,83770515.85000007
2025-08-01 11:55:10 AM,395.5,0,0.0,83770515.85000007
2025-08-01 11:55:10 AM,395.5,50,19775.0,83790290.85000007
2025-08-01 11:55:53 AM,395.45,0,0.0,83790290.85000007
2025-08-01 11:55:54 AM,395.7,3282,1298687.4,85088978.25000007
2025-08-01 11:56:22 AM,396.0,0,0.0,85088978.25000007
2025-08-01 11:56:24 AM,395.65,0,0.0,85088978.25000007
2025-08-01 11:56:25 AM,395.65,158,62512.7,85151490.95000008
2025-08-01 11:56:35 AM,395.7,20,7914.0,85159404.95000008
2025-08-01 11:56:45 AM,395.0,5020,1982900.0,87142304.95000008
2025-08-01 11:57:02 AM,395.05,0,0.0,87142304.95000008
2025-08-01 11:57:05 AM,395.05,1,395.05,87142700.00000007
2025-08-01 11:57:22 AM,395.35,0,0.0,87142700.00000007
2025-08-01 11:57:25 AM,395.35,2,790.7,87143490.70000008
2025-08-01 11:57:33 AM,395.5,0,0.0,87143490.70000008
2025-08-01 11:57:35 AM,395.5,50,19775.0,87163265.70000008
2025-08-01 11:57:50 AM,395.5,4,1582.0,87164847.70000008
2025-08-01 11:57:52 AM,395.5,2,791.0,87165638.70000008
2025-08-01 11:57:52 AM,395.15,0,0.0,87165638.70000008
2025-08-01 11:57:55 AM,395.15,50,19757.5,87185396.20000008
2025-08-01 11:58:00 AM,395.45,25,9886.25,87195282.45000008
2025-08-01 11:58:10 AM,395.65,0,0.0,87195282.45000008
2025-08-01 11:58:11 AM,395.65,125,49456.25,87244738.70000008
2025-08-01 11:58:20 AM,395.3,0,0.0,87244738.70000008
2025-08-01 11:58:22 AM,395.3,1,395.3,87245134.00000007
2025-08-01 11:58:26 AM,395.8,0,0.0,87245134.00000007
2025-08-01 11:58:27 AM,395.8,1553,614677.4,87859811.40000008
2025-08-01 11:58:35 AM,395.85,0,0.0,87859811.40000008
2025-08-01 11:58:38 AM,395.85,35,13854.75,87873666.15000008
2025-08-01 11:58:43 AM,396.2,0,0.0,87873666.15000008
2025-08-01 11:58:43 AM,396.2,10,3962.0,87877628.15000008
2025-08-01 11:58:57 AM,395.55,0,0.0,87877628.15000008
2025-08-01 11:58:59 AM,395.55,1000,395550.0,88273178.15000008
2025-08-01 11:59:13 AM,395.5,0,0.0,88273178.15000008
2025-08-01 11:59:15 AM,395.5,5000,1977500.0,90250678.15000008
2025-08-01 12:00:04 PM,395.6,0,0.0,90250678.15000008
2025-08-01 12:00:06 PM,395.6,25,9890.0,90260568.15000008
2025-08-01 12:00:19 PM,395.55,10,3955.5,90264523.65000008
2025-08-01 12:00:49 PM,395.85,0,0.0,90264523.65000008
2025-08-01 12:00:49 PM,395.85,20,7917.0,90272440.65000008
2025-08-01 12:00:50 PM,395.5,0,0.0,90272440.65000008
2025-08-01 12:00:52 PM,395.5,130,51415.0,90323855.65000008
2025-08-01 12:00:59 PM,395.5,6,2373.0,90326228.65000008
2025-08-01 12:01:13 PM,395.6,0,0.0,90326228.65000008
2025-08-01 12:01:14 PM,395.6,2,791.2,90327019.85000008
2025-08-01 12:01:34 PM,395.9,0,0.0,90327019.85000008
2025-08-01 12:01:35 PM,395.9,52,20586.8,90347606.65000008
2025-08-01 12:01:38 PM,396.0,0,0.0,90347606.65000008
2025-08-01 12:01:40 PM,395.85,222,87878.70000000001,90435485.35000008
2025-08-01 12:02:00 PM,395.8,0,0.0,90435485.35000008
2025-08-01 12:02:01 PM,395.8,10,3958.0,90439443.35000008
2025-08-01 12:02:14 PM,395.55,0,0.0,90439443.35000008
2025-08-01 12:02:16 PM,395.55,33,13053.15,90452496.50000009
2025-08-01 12:02:23 PM,395.55,30,11866.5,90464363.00000009
2025-08-01 12:02:28 PM,395.55,3,1186.65,90465549.6500001
2025-08-01 12:02:31 PM,395.5,0,0.0,90465549.6500001
2025-08-01 12:02:34 PM,395.5,120,47460.0,90513009.6500001
2025-08-01 12:02:39 PM,395.5,1000,395500.0,90908509.6500001
2025-08-01 12:02:43 PM,395.8,0,0.0,90908509.6500001
2025-08-01 12:02:44 PM,395.8,2,791.6,90909301.25000009
2025-08-01 12:03:06 PM,395.8,4,1583.2,90910884.45000009
2025-08-01 12:03:10 PM,395.95,0,0.0,90910884.45000009
2025-08-01 12:03:11 PM,395.95,5,1979.75,90912864.20000009
2025-08-01 12:03:21 PM,396.0,0,0.0,90912864.20000009
2025-08-01 12:03:24 PM,396.0,2500,990000.0,91902864.20000009
2025-08-01 12:03:29 PM,396.0,1381,546876.0,92449740.20000009
2025-08-01 12:03:32 PM,395.45,0,0.0,92449740.20000009
2025-08-01 12:03:33 PM,395.45,467,184675.15,92634415.3500001
2025-08-01 12:04:40 PM,395.65,1754,693970.1,93328385.45000009
2025-08-01 12:04:43 PM,395.8,0,0.0,93328385.45000009
2025-08-01 12:04:43 PM,395.8,50,19790.0,93348175.45000009
2025-08-01 12:04:45 PM,395.8,10,3958.0,93352133.45000009
2025-08-01 12:04:59 PM,395.85,0,0.0,93352133.45000009
2025-08-01 12:05:00 PM,395.85,1,395.85,93352529.30000009
2025-08-01 12:05:01 PM,395.65,0,0.0,93352529.30000009
2025-08-01 12:05:04 PM,395.65,20,7913.0,93360442.30000009
2025-08-01 12:05:30 PM,395.8,268,106074.40000000001,93466516.70000009
2025-08-01 12:05:34 PM,396.2,0,0.0,93466516.70000009
2025-08-01 12:05:34 PM,396.2,1,396.2,93466912.9000001
2025-08-01 12:05:39 PM,396.4,0,0.0,93466912.9000001
2025-08-01 12:05:39 PM,396.4,25,9910.0,93476822.9000001
2025-08-01 12:05:41 PM,396.0,0,0.0,93476822.9000001
2025-08-01 12:05:44 PM,396.2,165,65373.0,93542195.9000001
2025-08-01 12:05:59 PM,395.9,25,9897.5,93552093.4000001
2025-08-01 12:06:01 PM,395.6,0,0.0,93552093.4000001
2025-08-01 12:06:05 PM,395.6,94,37186.4,93589279.8000001
2025-08-01 12:06:14 PM,395.6,529,209272.40000000002,93798552.2000001
2025-08-01 12:06:15 PM,395.8,0,0.0,93798552.2000001
2025-08-01 12:06:19 PM,395.8,25,9895.0,93808447.2000001
2025-08-01 12:06:34 PM,396.15,10,3961.5,93812408.7000001
2025-08-01 12:06:38 PM,395.75,201,79545.75,93891954.4500001
2025-08-01 12:07:03 PM,395.8,0,0.0,93891954.4500001
2025-08-01 12:07:03 PM,395.8,550,217690.0,94109644.4500001
2025-08-01 12:07:05 PM,396.3,0,0.0,94109644.4500001
2025-08-01 12:07:08 PM,396.3,2,792.6,94110437.0500001
2025-08-01 12:07:23 PM,396.5,0,0.0,94110437.0500001
2025-08-01 12:07:24 PM,396.5,200,79300.0,94189737.0500001
2025-08-01 12:07:25 PM,396.4,0,0.0,94189737.0500001
2025-08-01 12:07:29 PM,396.4,1,396.4,94190133.4500001
2025-08-01 12:07:43 PM,396.15,0,0.0,94190133.4500001
2025-08-01 12:07:44 PM,396.15,9,3565.35,94193698.8000001
2025-08-01 12:07:59 PM,396.1,600,237660.0,94431358.8000001
2025-08-01 12:08:03 PM,396.45,0,0.0,94431358.8000001
2025-08-01 12:08:04 PM,396.45,2,792.9,94432151.7000001
2025-08-01 12:08:21 PM,396.2,0,0.0,94432151.7000001
2025-08-01 12:08:24 PM,396.2,186,73693.2,94505844.90000011
2025-08-01 12:08:35 PM,396.05,100,39605.0,94545449.90000011
2025-08-01 12:08:37 PM,396.0,0,0.0,94545449.90000011
2025-08-01 12:08:39 PM,396.0,1,396.0,94545845.90000011
2025-08-01 12:08:49 PM,396.3,0,0.0,94545845.90000011
2025-08-01 12:08:49 PM,396.3,10,3963.0,94549808.90000011
2025-08-01 12:09:29 PM,396.55,2,793.1,94550602.0000001
2025-08-01 12:09:29 PM,396.55,1,396.55,94550998.5500001
2025-08-01 12:09:47 PM,396.35,0,0.0,94550998.5500001
2025-08-01 12:09:49 PM,396.05,230,91091.5,94642090.0500001
2025-08-01 12:10:13 PM,396.3,0,0.0,94642090.0500001
2025-08-01 12:10:14 PM,396.3,1,396.3,94642486.3500001
2025-08-01 12:11:04 PM,396.3,10,3963.0,94646449.3500001
2025-08-01 12:11:07 PM,396.05,0,0.0,94646449.3500001
2025-08-01 12:11:09 PM,396.05,30,11881.5,94658330.8500001
2025-08-01 12:11:27 PM,396.0,0,0.0,94658330.8500001
2025-08-01 12:11:29 PM,396.2,333,131934.6,94790265.45000009
2025-08-01 12:12:21 PM,396.45,0,0.0,94790265.45000009
2025-08-01 12:12:22 PM,396.45,3,1189.35,94791454.80000009
2025-08-01 12:12:39 PM,396.3,0,0.0,94791454.80000009
2025-08-01 12:12:43 PM,396.3,28,11096.4,94802551.20000009
2025-08-01 12:12:45 PM,396.2,0,0.0,94802551.20000009
2025-08-01 12:12:48 PM,396.2,2021,800720.2,95603271.4000001
2025-08-01 12:12:48 PM,396.0,51,20196.0,95623467.4000001
2025-08-01 12:13:10 PM,396.15,0,0.0,95623467.4000001
2025-08-01 12:13:13 PM,396.0,0,0.0,95623467.4000001
2025-08-01 12:13:13 PM,396.0,22,8712.0,95632179.4000001
2025-08-01 12:13:14 PM,396.3,125,49537.5,95681716.9000001
2025-08-01 12:13:25 PM,396.0,0,0.0,95681716.9000001
2025-08-01 12:13:28 PM,396.0,22,8712.0,95690428.9000001
2025-08-01 12:13:28 PM,396.3,100,39630.0,95730058.9000001
2025-08-01 12:13:31 PM,396.25,0,0.0,95730058.9000001
2025-08-01 12:13:33 PM,396.25,50,19812.5,95749871.4000001
2025-08-01 12:14:07 PM,396.0,0,0.0,95749871.4000001
2025-08-01 12:14:08 PM,396.0,300,118800.0,95868671.4000001
2025-08-01 12:14:09 PM,396.2,0,0.0,95868671.4000001
2025-08-01 12:14:13 PM,396.2,4,1584.8,95870256.20000009
2025-08-01 12:14:24 PM,396.0,0,0.0,95870256.20000009
2025-08-01 12:14:28 PM,396.0,150,59400.0,95929656.20000009
2025-08-01 12:14:32 PM,396.0,1,396.0,95930052.20000009
2025-08-01 12:14:58 PM,396.15,1,396.15,95930448.3500001
2025-08-01 12:15:03 PM,396.0,50,19800.0,95950248.3500001
2025-08-01 12:15:09 PM,396.2,45,17829.0,95968077.3500001
2025-08-01 12:15:23 PM,396.05,0,0.0,95968077.3500001
2025-08-01 12:15:24 PM,396.05,1621,641997.05,96610074.4000001
2025-08-01 12:15:57 PM,396.0,0,0.0,96610074.4000001
2025-08-01 12:16:00 PM,396.0,10,3960.0,96614034.4000001
2025-08-01 12:16:39 PM,396.0,50,19800.0,96633834.4000001
2025-08-01 12:16:47 PM,396.1,0,0.0,96633834.4000001
2025-08-01 12:16:48 PM,396.1,1,396.1,96634230.50000009
2025-08-01 12:16:56 PM,396.0,0,0.0,96634230.50000009
2025-08-01 12:16:58 PM,396.0,14,5544.0,96639774.50000009
2025-08-01 12:17:05 PM,396.15,0,0.0,96639774.50000009
2025-08-01 12:17:08 PM,396.15,1,396.15,96640170.6500001
2025-08-01 12:17:17 PM,396.0,0,0.0,96640170.6500001
2025-08-01 12:17:18 PM,396.0,10,3960.0,96644130.6500001
2025-08-01 12:17:32 PM,396.15,0,0.0,96644130.6500001
2025-08-01 12:17:32 PM,396.15,35,13865.25,96657995.9000001
2025-08-01 12:17:35 PM,396.0,0,0.0,96657995.9000001
2025-08-01 12:17:37 PM,396.0,207,81972.0,96739967.9000001
2025-08-01 12:17:41 PM,395.85,0,0.0,96739967.9000001
2025-08-01 12:17:42 PM,395.85,5,1979.25,96741947.1500001
2025-08-01 12:18:13 PM,395.65,0,0.0,96741947.1500001
2025-08-01 12:18:16 PM,395.65,4,1582.6,96743529.75000009
2025-08-01 12:18:25 PM,396.1,0,0.0,96743529.75000009
2025-08-01 12:18:25 PM,396.1,1179,467001.9,97210531.6500001
2025-08-01 12:18:39 PM,396.15,0,0.0,97210531.6500001
2025-08-01 12:18:40 PM,396.15,10,3961.5,97214493.1500001
2025-08-01 12:19:06 PM,396.15,19,7526.849999999999,97222020.00000009
2025-08-01 12:19:11 PM,396.15,81,32088.149999999998,97254108.1500001
2025-08-01 12:19:11 PM,396.15,100,39615.0,97293723.1500001
2025-08-01 12:19:15 PM,395.55,0,0.0,97293723.1500001
2025-08-01 12:19:16 PM,395.55,500,197775.0,97491498.1500001
2025-08-01 12:19:34 PM,396.0,0,0.0,97491498.1500001
2025-08-01 12:19:36 PM,396.0,68,26928.0,97518426.1500001
2025-08-01 12:19:44 PM,395.55,0,0.0,97518426.1500001
2025-08-01 12:19:46 PM,395.55,158,62496.9,97580923.0500001
2025-08-01 12:19:48 PM,395.95,0,0.0,97580923.0500001
2025-08-01 12:19:51 PM,395.95,10,3959.5,97584882.5500001
2025-08-01 12:20:38 PM,395.95,20,7919.0,97592801.5500001
2025-08-01 12:20:43 PM,395.8,490,193942.0,97786743.5500001
2025-08-01 12:20:52 PM,396.15,0,0.0,97786743.5500001
2025-08-01 12:20:53 PM,396.15,5,1980.75,97788724.3000001
2025-08-01 12:20:55 PM,395.9,0,0.0,97788724.3000001
2025-08-01 12:20:57 PM,396.15,0,0.0,97788724.3000001
2025-08-01 12:20:58 PM,396.15,12,4753.799999999999,97793478.1000001
2025-08-01 12:21:18 PM,396.15,50,19807.5,97813285.6000001
2025-08-01 12:22:20 PM,396.0,0,0.0,97813285.6000001
2025-08-01 12:22:23 PM,396.0,1,396.0,97813681.6000001
2025-08-01 12:22:33 PM,396.0,5,1980.0,97815661.6000001
2025-08-01 12:22:39 PM,396.0,215,85140.0,97900801.6000001
2025-08-01 12:23:13 PM,396.05,0,0.0,97900801.6000001
2025-08-01 12:23:14 PM,396.05,601,238026.05000000002,98138827.6500001
2025-08-01 12:23:22 PM,395.8,0,0.0,98138827.6500001
2025-08-01 12:23:23 PM,395.8,180,71244.0,98210071.6500001
2025-08-01 12:23:28 PM,396.15,2,792.3,98210863.95000009
2025-08-01 12:23:33 PM,396.05,91,36040.55,98246904.50000009
2025-08-01 12:23:50 PM,395.8,0,0.0,98246904.50000009
2025-08-01 12:23:52 PM,395.8,100,39580.0,98286484.50000009
2025-08-01 12:24:03 PM,395.8,1,395.8,98286880.30000009
2025-08-01 12:24:21 PM,396.05,0,0.0,98286880.30000009
2025-08-01 12:24:23 PM,396.05,275,108913.75,98395794.05000009
2025-08-01 12:24:37 PM,396.0,0,0.0,98395794.05000009
2025-08-01 12:24:37 PM,396.0,100,39600.0,98435394.05000009
2025-08-01 12:24:44 PM,396.15,0,0.0,98435394.05000009
2025-08-01 12:24:47 PM,396.15,332,131521.8,98566915.85000008
2025-08-01 12:24:52 PM,396.45,100,39645.0,98606560.85000008
2025-08-01 12:24:53 PM,396.5,0,0.0,98606560.85000008
2025-08-01 12:24:57 PM,396.5,15,5947.5,98612508.35000008
2025-08-01 12:25:19 PM,396.15,0,0.0,98612508.35000008
2025-08-01 12:25:21 PM,396.45,0,0.0,98612508.35000008
2025-08-01 12:25:22 PM,396.45,234,92769.3,98705277.65000008
2025-08-01 12:25:32 PM,396.5,550,218075.0,98923352.65000008
2025-08-01 12:26:02 PM,396.5,55,21807.5,98945160.15000008
2025-08-01 12:26:04 PM,396.7,0,0.0,98945160.15000008
2025-08-01 12:26:07 PM,396.7,106,42050.2,98987210.35000008
2025-08-01 12:26:18 PM,396.7,60,23802.0,99011012.35000008
2025-08-01 12:26:23 PM,396.45,200,79290.0,99090302.35000008
2025-08-01 12:26:58 PM,396.45,122,48366.9,99138669.25000009
2025-08-01 12:27:17 PM,396.1,0,0.0,99138669.25000009
2025-08-01 12:27:18 PM,396.1,13,5149.3,99143818.55000009
2025-08-01 12:27:21 PM,396.35,0,0.0,99143818.55000009
2025-08-01 12:27:23 PM,396.35,26,10305.1,99154123.65000008
2025-08-01 12:27:29 PM,396.3,50,19815.0,99173938.65000008
2025-08-01 12:27:53 PM,396.0,25,9900.0,99183838.65000008
2025-08-01 12:27:56 PM,396.25,0,0.0,99183838.65000008
2025-08-01 12:27:57 PM,396.25,5,1981.25,99185819.90000008
2025-08-01 12:28:08 PM,396.0,0,0.0,99185819.90000008
2025-08-01 12:28:12 PM,396.0,158,62568.0,99248387.90000008
2025-08-01 12:28:17 PM,396.0,7,2772.0,99251159.90000008
2025-08-01 12:28:39 PM,396.0,100,39600.0,99290759.90000008
2025-08-01 12:29:00 PM,396.3,0,0.0,99290759.90000008
2025-08-01 12:29:01 PM,396.3,8,3170.4,99293930.30000009
2025-08-01 12:29:04 PM,396.0,0,0.0,99293930.30000009
2025-08-01 12:29:05 PM,396.3,0,0.0,99293930.30000009
2025-08-01 12:29:06 PM,396.3,52,20607.600000000002,99314537.90000008
2025-08-01 12:29:13 PM,396.0,4,1584.0,99316121.90000008
2025-08-01 12:29:22 PM,396.3,0,0.0,99316121.90000008
2025-08-01 12:29:23 PM,396.3,54,21400.2,99337522.10000008
2025-08-01 12:30:01 PM,396.3,3,1188.9,99338711.00000009
2025-08-01 12:30:09 PM,396.3,35,13870.5,99352581.50000009
2025-08-01 12:30:11 PM,396.3,1,396.3,99352977.80000009
2025-08-01 12:30:17 PM,396.0,0,0.0,99352977.80000009
2025-08-01 12:30:19 PM,396.0,1999,791604.0,100144581.80000009
2025-08-01 12:30:39 PM,395.3,0,0.0,100144581.80000009
2025-08-01 12:30:40 PM,395.3,200,79060.0,100223641.80000009
2025-08-01 12:30:51 PM,395.35,0,0.0,100223641.80000009
2025-08-01 12:30:53 PM,395.35,40,15814.0,100239455.80000009
2025-08-01 12:30:59 PM,395.6,0,0.0,100239455.80000009
2025-08-01 12:31:00 PM,395.6,752,297491.2,100536947.00000009
2025-08-01 12:31:20 PM,395.85,11,4354.35,100541301.35000008
2025-08-01 12:31:30 PM,395.85,1,395.85,100541697.20000008
2025-08-01 12:31:49 PM,396.0,0,0.0,100541697.20000008
2025-08-01 12:31:50 PM,396.0,100,39600.0,100581297.20000008
2025-08-01 12:31:57 PM,396.1,0,0.0,100581297.20000008
2025-08-01 12:31:59 PM,396.15,0,0.0,100581297.20000008
2025-08-01 12:32:02 PM,396.15,33,13072.949999999999,100594370.15000008
2025-08-01 12:33:03 PM,395.6,2045,809002.0,101403372.15000008
2025-08-01 12:33:13 PM,395.8,1,395.8,101403767.95000008
2025-08-01 12:34:35 PM,395.5,0,0.0,101403767.95000008
2025-08-01 12:34:39 PM,395.5,45,17797.5,101421565.45000008
2025-08-01 12:34:44 PM,395.5,50,19775.0,101441340.45000008
2025-08-01 12:35:07 PM,395.4,0,0.0,101441340.45000008
2025-08-01 12:35:07 PM,395.25,0,0.0,101441340.45000008
2025-08-01 12:35:09 PM,395.25,15,5928.75,101447269.20000008
2025-08-01 12:35:11 PM,395.1,0,0.0,101447269.20000008
2025-08-01 12:35:14 PM,395.1,438,173053.80000000002,101620323.00000007
2025-08-01 12:35:31 PM,395.05,0,0.0,101620323.00000007
2025-08-01 12:35:34 PM,395.05,100,39505.0,101659828.00000007
2025-08-01 12:35:39 PM,395.05,50,19752.5,101679580.50000007
2025-08-01 12:36:12 PM,395.05,59,23307.95,101702888.45000008
2025-08-01 12:36:19 PM,395.35,0,0.0,101702888.45000008
2025-08-01 12:36:22 PM,395.35,5,1976.75,101704865.20000008
2025-08-01 12:37:10 PM,395.05,0,0.0,101704865.20000008
2025-08-01 12:37:13 PM,395.05,1,395.05,101705260.25000007
2025-08-01 12:37:28 PM,395.0,250,98750.0,101804010.25000007
2025-08-01 12:37:42 PM,395.0,75,29625.0,101833635.25000007
2025-08-01 12:38:02 PM,395.0,2,790.0,101834425.25000007
2025-08-01 12:38:14 PM,395.15,10,3951.5,101838376.75000007
2025-08-01 12:38:19 PM,395.25,27,10671.75,101849048.50000007
2025-08-01 12:38:37 PM,395.0,0,0.0,101849048.50000007
2025-08-01 12:38:37 PM,395.0,8,3160.0,101852208.50000007
2025-08-01 12:38:46 PM,395.05,0,0.0,101852208.50000007
2025-08-01 12:38:47 PM,395.05,925,365421.25,102217629.75000007
2025-08-01 12:38:51 PM,395.0,0,0.0,102217629.75000007
2025-08-01 12:38:51 PM,395.0,250,98750.0,102316379.75000007
2025-08-01 12:39:12 PM,395.2,1,395.2,102316774.95000008
2025-08-01 12:39:32 PM,395.0,30,11850.0,102328624.95000008
2025-08-01 12:39:46 PM,395.0,25,9875.0,102338499.95000008
2025-08-01 12:39:55 PM,395.15,0,0.0,102338499.95000008
2025-08-01 12:39:56 PM,395.15,22,8693.3,102347193.25000007
2025-08-01 12:40:09 PM,393.45,0,0.0,102347193.25000007
2025-08-01 12:40:12 PM,393.45,26032,10242290.4,112589483.65000008
2025-08-01 12:40:13 PM,394.0,0,0.0,112589483.65000008
2025-08-01 12:40:15 PM,394.35,0,0.0,112589483.65000008
2025-08-01 12:40:15 PM,394.55,0,0.0,112589483.65000008
2025-08-01 12:40:17 PM,394.55,2773,1094087.1500000001,113683570.80000009
2025-08-01 12:40:35 PM,394.5,0,0.0,113683570.80000009
2025-08-01 12:40:38 PM,394.5,62,24459.0,113708029.80000009
2025-08-01 12:40:49 PM,394.9,0,0.0,113708029.80000009
2025-08-01 12:40:53 PM,394.9,500,197450.0,113905479.80000009
2025-08-01 12:40:57 PM,394.5,0,0.0,113905479.80000009
2025-08-01 12:40:58 PM,394.5,10,3945.0,113909424.80000009
2025-08-01 12:40:59 PM,394.5,250,98625.0,114008049.80000009
2025-08-01 12:41:09 PM,394.5,74,29193.0,114037242.80000009
2025-08-01 12:41:09 PM,394.5,75,29587.5,114066830.30000009
2025-08-01 12:41:14 PM,394.5,35,13807.5,114080637.80000009
2025-08-01 12:41:55 PM,394.75,0,0.0,114080637.80000009
2025-08-01 12:41:55 PM,394.75,54,21316.5,114101954.30000009
2025-08-01 12:41:56 PM,394.5,5,1972.5,114103926.80000009
2025-08-01 12:42:01 PM,394.5,7,2761.5,114106688.30000009
2025-08-01 12:42:22 PM,394.75,48,18948.0,114125636.30000009
2025-08-01 12:42:37 PM,394.75,1,394.75,114126031.05000009
2025-08-01 12:43:01 PM,394.85,0,0.0,114126031.05000009
2025-08-01 12:43:03 PM,394.85,1,394.85,114126425.90000008
2025-08-01 12:43:16 PM,394.9,0,0.0,114126425.90000008
2025-08-01 12:43:19 PM,394.9,8,3159.2,114129585.10000008
2025-08-01 12:43:36 PM,394.9,17,6713.299999999999,114136298.40000008
2025-08-01 12:43:51 PM,394.55,0,0.0,114136298.40000008
2025-08-01 12:43:53 PM,394.55,5,1972.75,114138271.15000008
2025-08-01 12:44:09 PM,394.55,50,19727.5,114157998.65000008
2025-08-01 12:44:53 PM,394.8,0,0.0,114157998.65000008
2025-08-01 12:44:56 PM,394.8,5,1974.0,114159972.65000008
2025-08-01 12:45:21 PM,394.55,0,0.0,114159972.65000008
2025-08-01 12:45:22 PM,394.55,911,359435.05,114519407.70000008
2025-08-01 12:45:43 PM,394.8,5,1974.0,114521381.70000008
2025-08-01 12:46:17 PM,394.8,37,14607.6,114535989.30000007
2025-08-01 12:47:09 PM,394.55,0,0.0,114535989.30000007
2025-08-01 12:47:09 PM,394.55,90,35509.5,114571498.80000007
2025-08-01 12:47:13 PM,394.5,0,0.0,114571498.80000007
2025-08-01 12:47:14 PM,394.5,959,378325.5,114949824.30000007
2025-08-01 12:47:29 PM,394.5,50,19725.0,114969549.30000007
2025-08-01 12:47:44 PM,394.65,4,1578.6,114971127.90000007
2025-08-01 12:47:51 PM,394.7,0,0.0,114971127.90000007
2025-08-01 12:47:54 PM,394.7,100,39470.0,115010597.90000007
2025-08-01 12:47:59 PM,394.7,10,3947.0,115014544.90000007
2025-08-01 12:48:19 PM,394.5,0,0.0,115014544.90000007
2025-08-01 12:48:20 PM,394.5,800,315600.0,115330144.90000007
2025-08-01 12:48:33 PM,394.75,0,0.0,115330144.90000007
2025-08-01 12:48:34 PM,394.75,6,2368.5,115332513.40000007
2025-08-01 12:48:45 PM,394.75,30,11842.5,115344355.90000007
2025-08-01 12:48:59 PM,394.75,50,19737.5,115364093.40000007
2025-08-01 12:49:00 PM,394.6,3482,1373997.2000000002,116738090.60000007
2025-08-01 12:49:03 PM,394.55,0,0.0,116738090.60000007
2025-08-01 12:49:04 PM,394.55,772,304592.60000000003,117042683.20000006
2025-08-01 12:49:05 PM,395.2,0,0.0,117042683.20000006
2025-08-01 12:49:09 PM,395.2,3144,1242508.8,118285192.00000006
2025-08-01 12:49:37 PM,395.05,0,0.0,118285192.00000006
2025-08-01 12:49:38 PM,395.05,16,6320.8,118291512.80000006
2025-08-01 12:49:54 PM,395.1,20,7902.0,118299414.80000006
2025-08-01 12:50:45 PM,395.0,0,0.0,118299414.80000006
2025-08-01 12:50:45 PM,395.0,25,9875.0,118309289.80000006
2025-08-01 12:50:51 PM,395.0,42,16590.0,118325879.80000006
2025-08-01 12:51:02 PM,395.0,183,72285.0,118398164.80000006
2025-08-01 12:51:17 PM,395.0,100,39500.0,118437664.80000006
2025-08-01 12:52:08 PM,395.0,200,79000.0,118516664.80000006
2025-08-01 12:52:13 PM,395.0,12,4740.0,118521404.80000006
2025-08-01 12:52:36 PM,395.0,22,8690.0,118530094.80000006
2025-08-01 12:53:06 PM,395.0,10,3950.0,118534044.80000006
2025-08-01 12:53:16 PM,395.0,100,39500.0,118573544.80000006
2025-08-01 12:53:41 PM,395.0,38,15010.0,118588554.80000006
2025-08-01 12:53:57 PM,395.05,0,0.0,118588554.80000006
2025-08-01 12:54:01 PM,395.05,134,52936.700000000004,118641491.50000006
2025-08-01 12:54:11 PM,395.25,0,0.0,118641491.50000006
2025-08-01 12:54:11 PM,395.25,1,395.25,118641886.75000006
2025-08-01 12:54:23 PM,395.05,0,0.0,118641886.75000006
2025-08-01 12:54:26 PM,395.05,37,14616.85,118656503.60000005
2025-08-01 12:54:29 PM,395.0,0,0.0,118656503.60000005
2025-08-01 12:54:31 PM,395.0,775,306125.0,118962628.60000005
2025-08-01 12:54:41 PM,395.0,19,7505.0,118970133.60000005
2025-08-01 12:56:04 PM,395.0,24,9480.0,118979613.60000005
2025-08-01 12:56:34 PM,395.0,100,39500.0,119019113.60000005
2025-08-01 12:56:59 PM,395.0,186,73470.0,119092583.60000005
2025-08-01 12:57:05 PM,395.0,10,3950.0,119096533.60000005
2025-08-01 12:57:37 PM,395.2,0,0.0,119096533.60000005
2025-08-01 12:57:39 PM,395.2,20,7904.0,119104437.60000005
2025-08-01 12:57:46 PM,395.0,0,0.0,119104437.60000005
2025-08-01 12:57:49 PM,395.0,35,13825.0,119118262.60000005
2025-08-01 12:58:29 PM,395.2,0,0.0,119118262.60000005
2025-08-01 12:58:30 PM,395.2,60,23712.0,119141974.60000005
2025-08-01 12:58:50 PM,395.25,10,3952.5,119145927.10000005
2025-08-01 12:59:07 PM,395.05,0,0.0,119145927.10000005
2025-08-01 12:59:10 PM,395.05,50,19752.5,119165679.60000005
2025-08-01 12:59:20 PM,395.05,3,1185.15,119166864.75000006
2025-08-01 12:59:45 PM,395.0,0,0.0,119166864.75000006
2025-08-01 12:59:46 PM,395.0,9,3555.0,119170419.75000006
2025-08-01 12:59:56 PM,395.0,100,39500.0,119209919.75000006
2025-08-01 01:00:15 PM,395.25,0,0.0,119209919.75000006
2025-08-01 01:00:17 PM,395.25,39,15414.75,119225334.50000006
2025-08-01 01:00:31 PM,395.3,0,0.0,119225334.50000006
2025-08-01 01:00:33 PM,395.3,4,1581.2,119226915.70000006
2025-08-01 01:00:33 PM,395.25,5,1976.25,119228891.95000006
2025-08-01 01:01:02 PM,395.05,0,0.0,119228891.95000006
2025-08-01 01:01:03 PM,395.25,0,0.0,119228891.95000006
2025-08-01 01:01:04 PM,395.25,88,34782.0,119263673.95000006
2025-08-01 01:01:50 PM,395.0,0,0.0,119263673.95000006
2025-08-01 01:01:50 PM,395.0,7,2765.0,119266438.95000006
2025-08-01 01:01:55 PM,395.25,7,2766.75,119269205.70000006
2025-08-01 01:02:16 PM,395.0,240,94800.0,119364005.70000006
2025-08-01 01:02:20 PM,395.05,0,0.0,119364005.70000006
2025-08-01 01:02:20 PM,395.05,20,7901.0,119371906.70000006
2025-08-01 01:03:32 PM,395.25,0,0.0,119371906.70000006
2025-08-01 01:03:35 PM,395.25,5,1976.25,119373882.95000006
2025-08-01 01:03:56 PM,395.3,0,0.0,119373882.95000006
2025-08-01 01:03:59 PM,395.3,100,39530.0,119413412.95000006
2025-08-01 01:04:12 PM,395.2,0,0.0,119413412.95000006
2025-08-01 01:04:14 PM,395.2,2,790.4,119414203.35000007
2025-08-01 01:04:18 PM,395.0,0,0.0,119414203.35000007
2025-08-01 01:04:19 PM,395.0,1,395.0,119414598.35000007
2025-08-01 01:05:18 PM,395.0,2,790.0,119415388.35000007
2025-08-01 01:06:06 PM,395.25,0,0.0,119415388.35000007
2025-08-01 01:06:09 PM,395.25,50,19762.5,119435150.85000007
2025-08-01 01:06:46 PM,395.25,60,23715.0,119458865.85000007
2025-08-01 01:07:05 PM,395.3,0,0.0,119458865.85000007
2025-08-01 01:07:05 PM,395.3,10,3953.0,119462818.85000007
2025-08-01 01:07:22 PM,395.25,197,77864.25,119540683.10000007
2025-08-01 01:09:14 PM,395.75,1872,740844.0,120281527.10000007
2025-08-01 01:09:55 PM,395.5,1,395.5,120281922.60000007
2025-08-01 01:10:13 PM,395.65,100,39565.0,120321487.60000007
2025-08-01 01:10:28 PM,395.65,1,395.65,120321883.25000007
2025-08-01 01:10:33 PM,395.5,2,791.0,120322674.25000007
2025-08-01 01:10:39 PM,395.65,0,0.0,120322674.25000007
2025-08-01 01:10:40 PM,395.65,1,395.65,120323069.90000008
2025-08-01 01:11:05 PM,395.65,20,7913.0,120330982.90000008
2025-08-01 01:11:38 PM,395.65,86,34025.9,120365008.80000009
2025-08-01 01:12:23 PM,395.65,10,3956.5,120368965.30000009
2025-08-01 01:12:23 PM,395.8,0,0.0,120368965.30000009
2025-08-01 01:12:24 PM,395.8,67,26518.600000000002,120395483.90000008
2025-08-01 01:12:25 PM,395.85,0,0.0,120395483.90000008
2025-08-01 01:12:28 PM,395.85,15,5937.75,120401421.65000008
2025-08-01 01:12:31 PM,395.8,0,0.0,120401421.65000008
2025-08-01 01:12:33 PM,395.8,1,395.8,120401817.45000008
2025-08-01 01:12:38 PM,395.8,10,3958.0,120405775.45000008
2025-08-01 01:12:43 PM,395.8,17,6728.6,120412504.05000007
2025-08-01 01:12:45 PM,395.9,7,2771.2999999999997,120415275.35000007
2025-08-01 01:12:54 PM,395.9,2,791.8,120416067.15000007
2025-08-01 01:12:56 PM,395.9,10,3959.0,120420026.15000007
2025-08-01 01:12:58 PM,395.95,0,0.0,120420026.15000007
2025-08-01 01:12:59 PM,396.0,12,4752.0,120424778.15000007
2025-08-01 01:13:09 PM,396.0,4,1584.0,120426362.15000007
2025-08-01 01:13:14 PM,396.0,15,5940.0,120432302.15000007
2025-08-01 01:13:19 PM,396.0,6,2376.0,120434678.15000007
2025-08-01 01:13:26 PM,396.0,6,2376.0,120437054.15000007
2025-08-01 01:13:29 PM,396.0,25,9900.0,120446954.15000007
2025-08-01 01:13:34 PM,396.0,19,7524.0,120454478.15000007
2025-08-01 01:13:36 PM,396.0,8,3168.0,120457646.15000007
2025-08-01 01:13:39 PM,396.0,3,1188.0,120458834.15000007
2025-08-01 01:13:41 PM,396.0,4,1584.0,120460418.15000007
2025-08-01 01:13:46 PM,395.8,25,9895.0,120470313.15000007
2025-08-01 01:13:48 PM,396.0,0,0.0,120470313.15000007
2025-08-01 01:13:49 PM,395.75,0,0.0,120470313.15000007
2025-08-01 01:13:49 PM,395.75,125,49468.75,120519781.90000007
2025-08-01 01:13:55 PM,395.9,2,791.8,120520573.70000006
2025-08-01 01:14:00 PM,395.9,2,791.8,120521365.50000006
2025-08-01 01:14:02 PM,395.9,2,791.8,120522157.30000006
2025-08-01 01:14:03 PM,395.5,0,0.0,120522157.30000006
2025-08-01 01:14:04 PM,395.5,557,220293.5,120742450.80000006
2025-08-01 01:14:07 PM,395.85,50,19792.5,120762243.30000006
2025-08-01 01:14:15 PM,395.85,4,1583.4,120763826.70000006
2025-08-01 01:14:15 PM,395.9,0,0.0,120763826.70000006
2025-08-01 01:14:17 PM,395.85,0,0.0,120763826.70000006
2025-08-01 01:14:17 PM,395.85,21,8312.85,120772139.55000006
2025-08-01 01:14:27 PM,395.9,0,0.0,120772139.55000006
2025-08-01 01:14:27 PM,395.9,4,1583.6,120773723.15000005
2025-08-01 01:14:35 PM,395.85,50,19792.5,120793515.65000005
2025-08-01 01:14:40 PM,395.5,23,9096.5,120802612.15000005
2025-08-01 01:14:45 PM,395.85,0,0.0,120802612.15000005
2025-08-01 01:14:45 PM,395.5,0,0.0,120802612.15000005
2025-08-01 01:14:46 PM,395.5,29,11469.5,120814081.65000005
2025-08-01 01:14:47 PM,395.85,0,0.0,120814081.65000005
2025-08-01 01:14:49 PM,395.85,2,791.7,120814873.35000005
2025-08-01 01:15:01 PM,395.95,13,5147.349999999999,120820020.70000005
2025-08-01 01:15:03 PM,396.0,0,0.0,120820020.70000005
2025-08-01 01:15:04 PM,396.0,1,396.0,120820416.70000005
2025-08-01 01:15:06 PM,396.0,51,20196.0,120840612.70000005
2025-08-01 01:15:11 PM,396.0,6,2376.0,120842988.70000005
2025-08-01 01:15:26 PM,395.8,318,125864.40000000001,120968853.10000005
2025-08-01 01:15:29 PM,395.8,2,791.6,120969644.70000005
2025-08-01 01:15:36 PM,395.8,13,5145.400000000001,120974790.10000005
2025-08-01 01:15:41 PM,395.95,0,0.0,120974790.10000005
2025-08-01 01:15:42 PM,395.95,200,79190.0,121053980.10000005
2025-08-01 01:15:47 PM,395.85,0,0.0,121053980.10000005
2025-08-01 01:15:47 PM,395.85,3,1187.5500000000002,121055167.65000005
2025-08-01 01:15:51 PM,395.8,0,0.0,121055167.65000005
2025-08-01 01:15:52 PM,395.8,10,3958.0,121059125.65000005
2025-08-01 01:15:55 PM,395.8,2,791.6,121059917.25000004
2025-08-01 01:15:59 PM,395.85,0,0.0,121059917.25000004
2025-08-01 01:16:00 PM,395.85,59,23355.15,121083272.40000005
2025-08-01 01:16:11 PM,395.55,0,0.0,121083272.40000005
2025-08-01 01:16:11 PM,395.55,13,5142.150000000001,121088414.55000006
2025-08-01 01:16:13 PM,395.8,0,0.0,121088414.55000006
2025-08-01 01:16:14 PM,395.8,2,791.6,121089206.15000005
2025-08-01 01:16:19 PM,395.5,0,0.0,121089206.15000005
2025-08-01 01:16:19 PM,395.5,20,7910.0,121097116.15000005
2025-08-01 01:16:25 PM,395.8,0,0.0,121097116.15000005
2025-08-01 01:16:27 PM,395.8,4,1583.2,121098699.35000005
2025-08-01 01:16:30 PM,395.8,2,791.6,121099490.95000005
2025-08-01 01:16:31 PM,395.5,0,0.0,121099490.95000005
2025-08-01 01:16:32 PM,395.5,2,791.0,121100281.95000005
2025-08-01 01:16:36 PM,395.5,300,118650.0,121218931.95000005
2025-08-01 01:16:39 PM,395.8,0,0.0,121218931.95000005
2025-08-01 01:16:39 PM,395.8,2,791.6,121219723.55000004
2025-08-01 01:17:04 PM,395.8,6,2374.8,121222098.35000004
2025-08-01 01:18:06 PM,395.8,7,2770.6,121224868.95000003
2025-08-01 01:18:12 PM,395.85,185,73232.25,121298101.20000003
2025-08-01 01:18:29 PM,395.5,0,0.0,121298101.20000003
2025-08-01 01:18:31 PM,395.5,2905,1148927.5,122447028.70000003
2025-08-01 01:20:41 PM,394.85,0,0.0,122447028.70000003
2025-08-01 01:20:41 PM,394.85,1000,394850.0,122841878.70000003
2025-08-01 01:20:45 PM,395.0,0,0.0,122841878.70000003
2025-08-01 01:20:46 PM,395.0,501,197895.0,123039773.70000003
2025-08-01 01:21:03 PM,395.3,0,0.0,123039773.70000003
2025-08-01 01:21:05 PM,395.3,100,39530.0,123079303.70000003
2025-08-01 01:21:20 PM,395.0,0,0.0,123079303.70000003
2025-08-01 01:21:21 PM,395.0,1,395.0,123079698.70000003
2025-08-01 01:21:45 PM,394.8,61,24082.8,123103781.50000003
2025-08-01 01:22:23 PM,394.95,2,789.9,123104571.40000004
2025-08-01 01:23:08 PM,395.0,0,0.0,123104571.40000004
2025-08-01 01:23:08 PM,395.35,251,99232.85,123203804.25000003
2025-08-01 01:23:31 PM,395.4,0,0.0,123203804.25000003
2025-08-01 01:23:33 PM,395.4,150,59310.0,123263114.25000003
2025-08-01 01:23:37 PM,395.4,81,32027.399999999998,123295141.65000004
2025-08-01 01:23:45 PM,395.45,0,0.0,123295141.65000004
2025-08-01 01:23:47 PM,395.45,6,2372.7,123297514.35000004
2025-08-01 01:23:51 PM,395.0,0,0.0,123297514.35000004
2025-08-01 01:23:52 PM,395.0,30,11850.0,123309364.35000004
2025-08-01 01:24:02 PM,395.35,0,0.0,123309364.35000004
2025-08-01 01:24:06 PM,395.35,17,6720.950000000001,123316085.30000004
2025-08-01 01:24:25 PM,395.35,50,19767.5,123335852.80000004
2025-08-01 01:24:34 PM,395.5,0,0.0,123335852.80000004
2025-08-01 01:24:35 PM,395.5,19,7514.5,123343367.30000004
2025-08-01 01:24:38 PM,395.6,0,0.0,123343367.30000004
2025-08-01 01:24:40 PM,395.6,12,4747.200000000001,123348114.50000004
2025-08-01 01:24:54 PM,395.35,0,0.0,123348114.50000004
2025-08-01 01:24:54 PM,395.35,422,166837.7,123514952.20000005
2025-08-01 01:24:54 PM,395.4,10,3954.0,123518906.20000005
2025-08-01 01:25:34 PM,395.35,0,0.0,123518906.20000005
2025-08-01 01:25:34 PM,395.35,81,32023.350000000002,123550929.55000004
