date,price,qty,trnvr,cum_trnvr
2025-08-01 09:15:03 AM,5900.0,6,35400.0,35400.0
2025-08-01 09:15:03 AM,5918.5,0,0.0,35400.0
2025-08-01 09:15:05 AM,5918.5,3,17755.5,53155.5
2025-08-01 09:15:12 AM,5896.0,0,0.0,53155.5
2025-08-01 09:15:15 AM,5896.0,30,176880.0,230035.5
2025-08-01 09:15:23 AM,5899.0,0,0.0,230035.5
2025-08-01 09:15:25 AM,5899.0,6,35394.0,265429.5
2025-08-01 09:15:54 AM,5913.0,0,0.0,265429.5
2025-08-01 09:15:58 AM,5913.0,2,11826.0,277255.5
2025-08-01 09:16:06 AM,5925.5,2,11851.0,289106.5
2025-08-01 09:16:14 AM,5925.0,5,29625.0,318731.5
2025-08-01 09:16:17 AM,5913.5,0,0.0,318731.5
2025-08-01 09:16:23 AM,5913.5,1,5913.5,324645.0
2025-08-01 09:16:37 AM,5910.0,0,0.0,324645.0
2025-08-01 09:16:39 AM,5910.0,7,41370.0,366015.0
2025-08-01 09:16:56 AM,5905.5,1,5905.5,371920.5
2025-08-01 09:17:24 AM,5910.0,0,0.0,371920.5
2025-08-01 09:17:28 AM,5910.0,10,59100.0,431020.5
2025-08-01 09:18:00 AM,5959.0,0,0.0,431020.5
2025-08-01 09:18:02 AM,5959.0,123,732957.0,1163977.5
2025-08-01 09:18:05 AM,5950.0,0,0.0,1163977.5
2025-08-01 09:18:10 AM,5950.0,292,1737400.0,2901377.5
2025-08-01 09:18:38 AM,5949.0,0,0.0,2901377.5
2025-08-01 09:18:43 AM,5949.0,2,11898.0,2913275.5
2025-08-01 09:18:45 AM,5923.0,0,0.0,2913275.5
2025-08-01 09:18:51 AM,5923.0,438,2594274.0,5507549.5
2025-08-01 09:19:09 AM,5927.5,12,71130.0,5578679.5
2025-08-01 09:19:24 AM,5927.5,10,59275.0,5637954.5
2025-08-01 09:20:17 AM,5930.0,0,0.0,5637954.5
2025-08-01 09:20:20 AM,5930.0,28,166040.0,5803994.5
2025-08-01 09:21:10 AM,5928.5,0,0.0,5803994.5
2025-08-01 09:21:14 AM,5928.5,29,171926.5,5975921.0
2025-08-01 09:22:31 AM,5940.0,15,89100.0,6065021.0
2025-08-01 09:22:46 AM,5928.5,6,35571.0,6100592.0
2025-08-01 09:24:24 AM,5932.0,0,0.0,6100592.0
2025-08-01 09:24:25 AM,5932.0,13,77116.0,6177708.0
2025-08-01 09:25:40 AM,5932.0,5,29660.0,6207368.0
2025-08-01 09:27:43 AM,5935.5,0,0.0,6207368.0
2025-08-01 09:27:49 AM,5935.5,1,5935.5,6213303.5
2025-08-01 09:28:43 AM,5950.0,0,0.0,6213303.5
2025-08-01 09:28:43 AM,5950.0,564,3355800.0,9569103.5
2025-08-01 09:28:44 AM,5945.5,0,0.0,9569103.5
2025-08-01 09:28:48 AM,5930.5,0,0.0,9569103.5
2025-08-01 09:28:50 AM,5930.5,283,1678331.5,11247435.0
2025-08-01 09:29:42 AM,5920.0,0,0.0,11247435.0
2025-08-01 09:29:43 AM,5920.0,8,47360.0,11294795.0
2025-08-01 09:30:07 AM,5930.5,1,5930.5,11300725.5
2025-08-01 09:30:11 AM,5925.0,0,0.0,11300725.5
2025-08-01 09:30:13 AM,5930.5,39,231289.5,11532015.0
2025-08-01 09:30:21 AM,5930.5,4,23722.0,11555737.0
2025-08-01 09:32:29 AM,5924.5,0,0.0,11555737.0
2025-08-01 09:32:30 AM,5924.5,4,23698.0,11579435.0
2025-08-01 09:33:46 AM,5925.5,5,29627.5,11609062.5
2025-08-01 09:34:00 AM,5926.0,3,17778.0,11626840.5
2025-08-01 09:35:31 AM,5930.0,1,5930.0,11632770.5
2025-08-01 09:36:17 AM,5936.0,0,0.0,11632770.5
2025-08-01 09:36:18 AM,5936.0,21,124656.0,11757426.5
2025-08-01 09:37:24 AM,5932.0,0,0.0,11757426.5
2025-08-01 09:37:25 AM,5932.0,1,5932.0,11763358.5
2025-08-01 09:38:16 AM,5935.5,0,0.0,11763358.5
2025-08-01 09:38:20 AM,5935.5,1,5935.5,11769294.0
2025-08-01 09:39:01 AM,5923.0,0,0.0,11769294.0
2025-08-01 09:39:06 AM,5923.0,36,213228.0,11982522.0
2025-08-01 09:39:11 AM,5920.5,0,0.0,11982522.0
2025-08-01 09:39:13 AM,5920.5,1,5920.5,11988442.5
2025-08-01 09:39:16 AM,5920.0,0,0.0,11988442.5
2025-08-01 09:39:20 AM,5920.0,1,5920.0,11994362.5
2025-08-01 09:40:23 AM,5920.5,0,0.0,11994362.5
2025-08-01 09:40:26 AM,5920.5,86,509163.0,12503525.5
2025-08-01 09:40:45 AM,5920.5,10,59205.0,12562730.5
2025-08-01 09:41:12 AM,5935.0,20,118700.0,12681430.5
2025-08-01 09:43:30 AM,5935.0,25,148375.0,12829805.5
2025-08-01 09:43:56 AM,5935.0,5,29675.0,12859480.5
2025-08-01 09:44:37 AM,5937.5,0,0.0,12859480.5
2025-08-01 09:44:42 AM,5937.5,1,5937.5,12865418.0
2025-08-01 09:44:47 AM,5935.0,0,0.0,12865418.0
2025-08-01 09:44:48 AM,5935.0,10,59350.0,12924768.0
2025-08-01 09:44:49 AM,5920.5,28,165774.0,13090542.0
2025-08-01 09:44:55 AM,5925.5,5,29627.5,13120169.5
2025-08-01 09:45:08 AM,5926.0,1,5926.0,13126095.5
2025-08-01 09:45:57 AM,5935.0,0,0.0,13126095.5
2025-08-01 09:46:00 AM,5935.0,10,59350.0,13185445.5
2025-08-01 09:47:10 AM,5935.0,5,29675.0,13215120.5
2025-08-01 09:47:17 AM,5930.0,0,0.0,13215120.5
2025-08-01 09:47:18 AM,5930.0,13,77090.0,13292210.5
2025-08-01 09:47:30 AM,5926.5,9,53338.5,13345549.0
2025-08-01 09:48:03 AM,5930.0,0,0.0,13345549.0
2025-08-01 09:48:04 AM,5930.0,5,29650.0,13375199.0
2025-08-01 09:48:27 AM,5933.0,102,605166.0,13980365.0
2025-08-01 09:48:35 AM,5928.5,0,0.0,13980365.0
2025-08-01 09:48:36 AM,5928.5,3,17785.5,13998150.5
2025-08-01 09:49:39 AM,5935.0,5,29675.0,14027825.5
2025-08-01 09:51:37 AM,5935.0,10,59350.0,14087175.5
2025-08-01 09:51:52 AM,5935.0,10,59350.0,14146525.5
2025-08-01 09:52:07 AM,5931.5,1,5931.5,14152457.0
2025-08-01 09:52:22 AM,5940.0,0,0.0,14152457.0
2025-08-01 09:52:22 AM,5940.0,100,594000.0,14746457.0
2025-08-01 09:52:29 AM,5940.5,1,5940.5,14752397.5
2025-08-01 09:53:14 AM,5939.0,0,0.0,14752397.5
2025-08-01 09:53:15 AM,5939.0,1,5939.0,14758336.5
2025-08-01 09:54:55 AM,5935.0,0,0.0,14758336.5
2025-08-01 09:54:59 AM,5935.0,5,29675.0,14788011.5
2025-08-01 09:55:06 AM,5935.0,11,65285.0,14853296.5
2025-08-01 09:56:21 AM,5936.5,0,0.0,14853296.5
2025-08-01 09:56:23 AM,5936.5,1,5936.5,14859233.0
2025-08-01 09:57:36 AM,5940.0,30,178200.0,15037433.0
2025-08-01 09:57:52 AM,5932.5,1,5932.5,15043365.5
2025-08-01 09:58:16 AM,5933.0,16,94928.0,15138293.5
2025-08-01 10:00:01 AM,5933.0,33,195789.0,15334082.5
2025-08-01 10:00:07 AM,5939.0,1,5939.0,15340021.5
2025-08-01 10:00:46 AM,5929.5,0,0.0,15340021.5
2025-08-01 10:00:49 AM,5929.5,11,65224.5,15405246.0
2025-08-01 10:01:41 AM,5936.0,1,5936.0,15411182.0
2025-08-01 10:02:41 AM,5929.5,0,0.0,15411182.0
2025-08-01 10:02:41 AM,5929.5,2,11859.0,15423041.0
2025-08-01 10:03:07 AM,5929.5,9,53365.5,15476406.5
2025-08-01 10:04:06 AM,5935.0,0,0.0,15476406.5
2025-08-01 10:04:06 AM,5935.0,10,59350.0,15535756.5
2025-08-01 10:04:10 AM,5931.0,0,0.0,15535756.5
2025-08-01 10:04:10 AM,5931.0,32,189792.0,15725548.5
2025-08-01 10:04:12 AM,5932.0,13,77116.0,15802664.5
2025-08-01 10:04:19 AM,5932.0,5,29660.0,15832324.5
2025-08-01 10:04:22 AM,5934.5,0,0.0,15832324.5
2025-08-01 10:04:23 AM,5934.5,1,5934.5,15838259.0
2025-08-01 10:05:39 AM,5936.0,1,5936.0,15844195.0
2025-08-01 10:05:45 AM,5935.0,7,41545.0,15885740.0
2025-08-01 10:05:51 AM,5939.0,1,5939.0,15891679.0
2025-08-01 10:06:12 AM,5935.0,0,0.0,15891679.0
2025-08-01 10:06:13 AM,5935.0,8,47480.0,15939159.0
2025-08-01 10:07:16 AM,5935.0,10,59350.0,15998509.0
2025-08-01 10:10:24 AM,5934.5,0,0.0,15998509.0
2025-08-01 10:10:25 AM,5934.5,32,189904.0,16188413.0
2025-08-01 10:10:36 AM,5932.5,0,0.0,16188413.0
2025-08-01 10:10:37 AM,5932.5,4,23730.0,16212143.0
2025-08-01 10:12:15 AM,5950.0,0,0.0,16212143.0
2025-08-01 10:12:17 AM,5950.0,75,446250.0,16658393.0
2025-08-01 10:12:39 AM,5934.5,0,0.0,16658393.0
2025-08-01 10:12:40 AM,5934.5,35,207707.5,16866100.5
2025-08-01 10:13:24 AM,5935.0,0,0.0,16866100.5
2025-08-01 10:13:27 AM,5935.0,5,29675.0,16895775.5
2025-08-01 10:14:48 AM,5942.5,0,0.0,16895775.5
2025-08-01 10:14:48 AM,5942.5,1,5942.5,16901718.0
2025-08-01 10:17:57 AM,5935.0,0,0.0,16901718.0
2025-08-01 10:18:00 AM,5935.0,27,160245.0,17061963.0
2025-08-01 10:23:22 AM,5935.0,26,154310.0,17216273.0
2025-08-01 10:23:25 AM,5935.0,1,5935.0,17222208.0
2025-08-01 10:24:00 AM,5940.5,0,0.0,17222208.0
2025-08-01 10:24:02 AM,5940.5,1,5940.5,17228148.5
2025-08-01 10:24:45 AM,5946.0,0,0.0,17228148.5
2025-08-01 10:24:45 AM,5946.0,4,23784.0,17251932.5
2025-08-01 10:26:51 AM,5931.5,0,0.0,17251932.5
2025-08-01 10:26:52 AM,5931.5,51,302506.5,17554439.0
2025-08-01 10:27:21 AM,5932.0,0,0.0,17554439.0
2025-08-01 10:27:21 AM,5932.0,1,5932.0,17560371.0
2025-08-01 10:27:43 AM,5932.0,1,5932.0,17566303.0
2025-08-01 10:28:23 AM,5949.0,0,0.0,17566303.0
2025-08-01 10:28:23 AM,5949.0,51,303399.0,17869702.0
2025-08-01 10:30:14 AM,5944.0,0,0.0,17869702.0
2025-08-01 10:30:15 AM,5944.0,2,11888.0,17881590.0
2025-08-01 10:33:50 AM,5940.5,0,0.0,17881590.0
2025-08-01 10:33:51 AM,5940.5,1,5940.5,17887530.5
2025-08-01 10:37:51 AM,5948.0,2,11896.0,17899426.5
2025-08-01 10:38:03 AM,5939.5,0,0.0,17899426.5
2025-08-01 10:38:03 AM,5939.5,18,106911.0,18006337.5
2025-08-01 10:39:52 AM,5939.5,1,5939.5,18012277.0
2025-08-01 10:41:35 AM,5938.0,0,0.0,18012277.0
2025-08-01 10:41:38 AM,5938.0,40,237520.0,18249797.0
2025-08-01 10:43:46 AM,5942.0,0,0.0,18249797.0
2025-08-01 10:43:46 AM,5942.0,1,5942.0,18255739.0
2025-08-01 10:46:32 AM,5934.0,0,0.0,18255739.0
2025-08-01 10:46:33 AM,5934.0,3,17802.0,18273541.0
2025-08-01 10:47:29 AM,5944.5,5,29722.5,18303263.5
2025-08-01 10:53:04 AM,5935.5,0,0.0,18303263.5
2025-08-01 10:53:05 AM,5935.5,2,11871.0,18315134.5
2025-08-01 10:53:26 AM,5946.0,0,0.0,18315134.5
2025-08-01 10:53:26 AM,5946.0,17,101082.0,18416216.5
2025-08-01 10:54:08 AM,5945.0,0,0.0,18416216.5
2025-08-01 10:54:09 AM,5945.0,2,11890.0,18428106.5
2025-08-01 10:55:23 AM,5933.5,40,237340.0,18665446.5
2025-08-01 11:03:27 AM,5936.0,0,0.0,18665446.5
2025-08-01 11:03:27 AM,5936.0,34,201824.0,18867270.5
2025-08-01 11:04:03 AM,5941.5,0,0.0,18867270.5
2025-08-01 11:04:04 AM,5941.5,1,5941.5,18873212.0
2025-08-01 11:04:20 AM,5941.5,5,29707.5,18902919.5
2025-08-01 11:05:52 AM,5936.0,50,296800.0,19199719.5
2025-08-01 11:06:01 AM,5936.0,27,160272.0,19359991.5
2025-08-01 11:08:19 AM,5936.0,2,11872.0,19371863.5
2025-08-01 11:08:33 AM,5933.0,0,0.0,19371863.5
2025-08-01 11:08:35 AM,5933.0,270,1601910.0,20973773.5
2025-08-01 11:08:55 AM,5923.0,0,0.0,20973773.5
2025-08-01 11:08:56 AM,5923.0,3,17769.0,20991542.5
2025-08-01 11:09:11 AM,5922.5,0,0.0,20991542.5
2025-08-01 11:09:11 AM,5922.5,1,5922.5,20997465.0
2025-08-01 11:09:16 AM,5929.0,1,5929.0,21003394.0
2025-08-01 11:09:58 AM,5922.0,0,0.0,21003394.0
2025-08-01 11:09:59 AM,5922.0,1,5922.0,21009316.0
2025-08-01 11:10:29 AM,5922.0,1,5922.0,21015238.0
2025-08-01 11:10:40 AM,5928.0,0,0.0,21015238.0
2025-08-01 11:10:40 AM,5928.0,1,5928.0,21021166.0
2025-08-01 11:10:48 AM,5922.0,0,0.0,21021166.0
2025-08-01 11:10:51 AM,5922.0,1,5922.0,21027088.0
2025-08-01 11:21:34 AM,5916.5,0,0.0,21027088.0
2025-08-01 11:21:35 AM,5916.5,32,189328.0,21216416.0
2025-08-01 11:21:58 AM,5903.5,0,0.0,21216416.0
2025-08-01 11:22:00 AM,5903.5,1,5903.5,21222319.5
2025-08-01 11:22:15 AM,5899.5,0,0.0,21222319.5
2025-08-01 11:22:17 AM,5899.5,515,3038242.5,24260562.0
2025-08-01 11:22:20 AM,5901.5,0,0.0,24260562.0
2025-08-01 11:22:22 AM,5901.5,1,5901.5,24266463.5
2025-08-01 11:22:34 AM,5911.5,0,0.0,24266463.5
2025-08-01 11:22:38 AM,5911.5,10,59115.0,24325578.5
2025-08-01 11:24:00 AM,5907.0,0,0.0,24325578.5
2025-08-01 11:24:01 AM,5907.0,1,5907.0,24331485.5
2025-08-01 11:25:10 AM,5907.0,10,59070.0,24390555.5
2025-08-01 11:25:49 AM,5910.5,0,0.0,24390555.5
2025-08-01 11:25:51 AM,5910.5,6,35463.0,24426018.5
2025-08-01 11:26:33 AM,5920.5,0,0.0,24426018.5
2025-08-01 11:26:33 AM,5920.5,15,88807.5,24514826.0
2025-08-01 11:26:34 AM,5912.0,0,0.0,24514826.0
2025-08-01 11:26:37 AM,5912.0,96,567552.0,25082378.0
2025-08-01 11:26:55 AM,5914.0,0,0.0,25082378.0
2025-08-01 11:26:56 AM,5912.0,0,0.0,25082378.0
2025-08-01 11:26:57 AM,5912.0,49,289688.0,25372066.0
2025-08-01 11:27:48 AM,5910.5,0,0.0,25372066.0
2025-08-01 11:27:49 AM,5905.0,44,259820.0,25631886.0
2025-08-01 11:28:57 AM,5900.5,0,0.0,25631886.0
2025-08-01 11:28:57 AM,5900.5,1,5900.5,25637786.5
2025-08-01 11:29:35 AM,5902.0,0,0.0,25637786.5
2025-08-01 11:29:37 AM,5902.0,5,29510.0,25667296.5
2025-08-01 11:34:18 AM,5897.5,0,0.0,25667296.5
2025-08-01 11:34:22 AM,5897.5,27,159232.5,25826529.0
2025-08-01 11:35:34 AM,5906.0,0,0.0,25826529.0
2025-08-01 11:35:36 AM,5906.0,1,5906.0,25832435.0
2025-08-01 11:36:05 AM,5899.0,0,0.0,25832435.0
2025-08-01 11:36:07 AM,5899.0,1,5899.0,25838334.0
2025-08-01 11:36:36 AM,5903.5,0,0.0,25838334.0
2025-08-01 11:36:37 AM,5903.5,5,29517.5,25867851.5
2025-08-01 11:36:43 AM,5898.5,1,5898.5,25873750.0
2025-08-01 11:37:15 AM,5899.0,1,5899.0,25879649.0
2025-08-01 11:37:37 AM,5900.0,0,0.0,25879649.0
2025-08-01 11:37:41 AM,5900.0,1,5900.0,25885549.0
2025-08-01 11:37:51 AM,5900.0,1,5900.0,25891449.0
2025-08-01 11:39:23 AM,5900.0,1,5900.0,25897349.0
2025-08-01 11:39:59 AM,5900.0,1,5900.0,25903249.0
2025-08-01 11:45:16 AM,5906.0,0,0.0,25903249.0
2025-08-01 11:45:19 AM,5910.0,0,0.0,25903249.0
2025-08-01 11:45:19 AM,5910.0,17,100470.0,26003719.0
2025-08-01 11:45:30 AM,5910.0,28,165480.0,26169199.0
2025-08-01 11:46:07 AM,5910.0,1,5910.0,26175109.0
2025-08-01 11:46:09 AM,5900.0,0,0.0,26175109.0
2025-08-01 11:46:13 AM,5900.0,34,200600.0,26375709.0
2025-08-01 11:46:56 AM,5901.0,0,0.0,26375709.0
2025-08-01 11:46:56 AM,5901.0,1,5901.0,26381610.0
2025-08-01 11:48:42 AM,5903.0,24,141672.0,26523282.0
2025-08-01 11:48:42 AM,5903.5,79,466376.5,26989658.5
2025-08-01 11:48:59 AM,5908.0,0,0.0,26989658.5
2025-08-01 11:49:02 AM,5908.0,7,41356.0,27031014.5
2025-08-01 11:50:26 AM,5908.0,25,147700.0,27178714.5
2025-08-01 11:51:02 AM,5926.5,0,0.0,27178714.5
2025-08-01 11:51:05 AM,5926.5,68,403002.0,27581716.5
2025-08-01 11:51:51 AM,5930.0,45,266850.0,27848566.5
2025-08-01 11:51:51 AM,5933.0,0,0.0,27848566.5
2025-08-01 11:51:54 AM,5936.0,0,0.0,27848566.5
2025-08-01 11:51:55 AM,5936.0,9,53424.0,27901990.5
2025-08-01 11:52:23 AM,5947.5,0,0.0,27901990.5
2025-08-01 11:52:24 AM,5936.0,0,0.0,27901990.5
2025-08-01 11:52:25 AM,5936.0,420,2493120.0,30395110.5
2025-08-01 11:53:43 AM,5932.0,0,0.0,30395110.5
2025-08-01 11:53:47 AM,5932.0,8,47456.0,30442566.5
2025-08-01 11:56:18 AM,5931.5,0,0.0,30442566.5
2025-08-01 11:56:18 AM,5931.5,16,94904.0,30537470.5
2025-08-01 11:56:22 AM,5932.0,0,0.0,30537470.5
2025-08-01 11:56:23 AM,5932.0,10,59320.0,30596790.5
2025-08-01 11:56:28 AM,5932.0,2,11864.0,30608654.5
2025-08-01 11:58:42 AM,5931.5,17,100835.5,30709490.0
2025-08-01 11:58:56 AM,5940.5,0,0.0,30709490.0
2025-08-01 11:58:57 AM,5940.5,10,59405.0,30768895.0
2025-08-01 11:59:28 AM,5946.0,0,0.0,30768895.0
2025-08-01 11:59:30 AM,5946.0,25,148650.0,30917545.0
2025-08-01 11:59:46 AM,5941.0,0,0.0,30917545.0
2025-08-01 11:59:49 AM,5941.0,65,386165.0,31303710.0
2025-08-01 12:00:53 PM,5941.0,3,17823.0,31321533.0
2025-08-01 12:00:58 PM,5950.0,33,196350.0,31517883.0
2025-08-01 12:01:01 PM,5941.0,0,0.0,31517883.0
2025-08-01 12:01:03 PM,5941.0,48,285168.0,31803051.0
2025-08-01 12:01:35 PM,5950.0,0,0.0,31803051.0
2025-08-01 12:01:36 PM,5950.0,65,386750.0,32189801.0
2025-08-01 12:01:38 PM,5938.0,0,0.0,32189801.0
2025-08-01 12:01:38 PM,5938.0,2,11876.0,32201677.0
2025-08-01 12:01:57 PM,5938.0,1,5938.0,32207615.0
2025-08-01 12:02:17 PM,5938.0,1,5938.0,32213553.0
2025-08-01 12:03:20 PM,5937.0,0,0.0,32213553.0
2025-08-01 12:03:22 PM,5937.0,2,11874.0,32225427.0
2025-08-01 12:04:54 PM,5935.0,0,0.0,32225427.0
2025-08-01 12:04:57 PM,5935.0,13,77155.0,32302582.0
2025-08-01 12:05:00 PM,5932.0,0,0.0,32302582.0
2025-08-01 12:05:02 PM,5932.0,1,5932.0,32308514.0
2025-08-01 12:05:43 PM,5932.0,1,5932.0,32314446.0
2025-08-01 12:06:27 PM,5937.0,10,59370.0,32373816.0
2025-08-01 12:06:42 PM,5937.5,1,5937.5,32379753.5
2025-08-01 12:06:46 PM,5937.0,0,0.0,32379753.5
2025-08-01 12:06:47 PM,5937.0,2,11874.0,32391627.5
2025-08-01 12:07:27 PM,5950.0,35,208250.0,32599877.5
2025-08-01 12:07:32 PM,5950.0,402,2391900.0,34991777.5
2025-08-01 12:07:36 PM,5939.0,0,0.0,34991777.5
2025-08-01 12:07:37 PM,5939.0,3,17817.0,35009594.5
2025-08-01 12:07:58 PM,5939.0,4,23756.0,35033350.5
2025-08-01 12:08:28 PM,5940.5,0,0.0,35033350.5
2025-08-01 12:08:29 PM,5940.5,2,11881.0,35045231.5
2025-08-01 12:08:32 PM,5941.0,0,0.0,35045231.5
2025-08-01 12:08:33 PM,5941.0,1,5941.0,35051172.5
2025-08-01 12:09:20 PM,5940.5,0,0.0,35051172.5
2025-08-01 12:09:22 PM,5950.0,0,0.0,35051172.5
2025-08-01 12:09:22 PM,5950.0,201,1195950.0,36247122.5
2025-08-01 12:10:38 PM,5950.0,100,595000.0,36842122.5
2025-08-01 12:10:52 PM,5950.0,91,541450.0,37383572.5
2025-08-01 12:12:08 PM,5944.0,0,0.0,37383572.5
2025-08-01 12:12:11 PM,5944.0,1,5944.0,37389516.5
2025-08-01 12:12:30 PM,5940.0,0,0.0,37389516.5
2025-08-01 12:12:31 PM,5940.0,12,71280.0,37460796.5
2025-08-01 12:14:22 PM,5948.0,2,11896.0,37472692.5
2025-08-01 12:14:28 PM,5940.0,0,0.0,37472692.5
2025-08-01 12:14:31 PM,5940.0,1,5940.0,37478632.5
2025-08-01 12:15:12 PM,5940.0,5,29700.0,37508332.5
2025-08-01 12:15:17 PM,5940.0,1,5940.0,37514272.5
2025-08-01 12:15:53 PM,5940.0,10,59400.0,37573672.5
2025-08-01 12:16:08 PM,5940.0,1,5940.0,37579612.5
2025-08-01 12:16:32 PM,5946.0,0,0.0,37579612.5
2025-08-01 12:16:32 PM,5946.0,15,89190.0,37668802.5
2025-08-01 12:17:45 PM,5946.0,10,59460.0,37728262.5
2025-08-01 12:17:46 PM,5947.5,0,0.0,37728262.5
2025-08-01 12:17:50 PM,5947.5,4,23790.0,37752052.5
2025-08-01 12:17:54 PM,5947.0,0,0.0,37752052.5
2025-08-01 12:17:54 PM,5947.0,5,29735.0,37781787.5
2025-08-01 12:17:56 PM,5949.0,0,0.0,37781787.5
2025-08-01 12:18:00 PM,5949.0,10,59490.0,37841277.5
2025-08-01 12:18:05 PM,5949.0,9,53541.0,37894818.5
2025-08-01 12:18:10 PM,5949.0,3,17847.0,37912665.5
2025-08-01 12:18:29 PM,5949.0,21,124929.0,38037594.5
2025-08-01 12:19:14 PM,5941.0,0,0.0,38037594.5
2025-08-01 12:19:15 PM,5941.0,4,23764.0,38061358.5
2025-08-01 12:19:35 PM,5941.0,1,5941.0,38067299.5
2025-08-01 12:19:43 PM,5949.0,0,0.0,38067299.5
2025-08-01 12:19:45 PM,5949.0,151,898299.0,38965598.5
2025-08-01 12:21:30 PM,5942.0,0,0.0,38965598.5
2025-08-01 12:21:31 PM,5942.0,3,17826.0,38983424.5
2025-08-01 12:22:51 PM,5941.0,0,0.0,38983424.5
2025-08-01 12:22:52 PM,5941.0,18,106938.0,39090362.5
2025-08-01 12:23:15 PM,5950.0,0,0.0,39090362.5
2025-08-01 12:23:17 PM,5950.0,20,119000.0,39209362.5
2025-08-01 12:23:51 PM,5942.5,1,5942.5,39215305.0
2025-08-01 12:25:31 PM,5942.5,4,23770.0,39239075.0
2025-08-01 12:26:25 PM,5950.0,0,0.0,39239075.0
2025-08-01 12:26:26 PM,5950.0,10,59500.0,39298575.0
2025-08-01 12:26:31 PM,5950.0,10,59500.0,39358075.0
2025-08-01 12:26:36 PM,5950.0,10,59500.0,39417575.0
2025-08-01 12:26:41 PM,5950.0,10,59500.0,39477075.0
2025-08-01 12:26:46 PM,5950.0,10,59500.0,39536575.0
2025-08-01 12:27:14 PM,5943.5,0,0.0,39536575.0
2025-08-01 12:27:17 PM,5943.5,1,5943.5,39542518.5
2025-08-01 12:27:27 PM,5942.0,10,59420.0,39601938.5
2025-08-01 12:29:06 PM,5942.5,0,0.0,39601938.5
2025-08-01 12:29:07 PM,5942.5,2,11885.0,39613823.5
2025-08-01 12:29:27 PM,5942.0,0,0.0,39613823.5
2025-08-01 12:29:29 PM,5942.0,1,5942.0,39619765.5
2025-08-01 12:29:39 PM,5941.5,0,0.0,39619765.5
2025-08-01 12:29:40 PM,5941.5,2,11883.0,39631648.5
2025-08-01 12:34:37 PM,5944.5,10,59445.0,39691093.5
2025-08-01 12:34:58 PM,5941.5,0,0.0,39691093.5
2025-08-01 12:35:02 PM,5941.5,1,5941.5,39697035.0
2025-08-01 12:35:44 PM,5941.0,65,386165.0,40083200.0
2025-08-01 12:35:44 PM,5936.5,0,0.0,40083200.0
2025-08-01 12:35:49 PM,5936.5,84,498666.0,40581866.0
2025-08-01 12:37:01 PM,5940.0,0,0.0,40581866.0
2025-08-01 12:37:02 PM,5940.0,8,47520.0,40629386.0
2025-08-01 12:37:07 PM,5945.0,74,439930.0,41069316.0
2025-08-01 12:37:25 PM,5950.0,0,0.0,41069316.0
2025-08-01 12:37:26 PM,5950.0,3,17850.0,41087166.0
2025-08-01 12:38:00 PM,5943.5,0,0.0,41087166.0
2025-08-01 12:38:01 PM,5943.5,4,23774.0,41110940.0
2025-08-01 12:38:36 PM,5943.5,1,5943.5,41116883.5
2025-08-01 12:39:15 PM,5950.0,0,0.0,41116883.5
2025-08-01 12:39:16 PM,5950.0,28,166600.0,41283483.5
2025-08-01 12:39:19 PM,5950.0,31,184450.0,41467933.5
2025-08-01 12:42:30 PM,5950.0,2,11900.0,41479833.5
2025-08-01 12:44:02 PM,5950.0,111,660450.0,42140283.5
2025-08-01 12:44:13 PM,5950.0,5,29750.0,42170033.5
2025-08-01 12:44:16 PM,5945.5,0,0.0,42170033.5
2025-08-01 12:44:18 PM,5950.0,0,0.0,42170033.5
2025-08-01 12:44:18 PM,5950.0,114,678300.0,42848333.5
2025-08-01 12:44:23 PM,5950.0,5,29750.0,42878083.5
2025-08-01 12:44:29 PM,5950.0,5,29750.0,42907833.5
2025-08-01 12:44:39 PM,5950.0,5,29750.0,42937583.5
2025-08-01 12:47:58 PM,5950.0,50,297500.0,43235083.5
2025-08-01 12:50:33 PM,5945.0,10,59450.0,43294533.5
2025-08-01 12:50:39 PM,5945.0,1,5945.0,43300478.5
2025-08-01 12:50:45 PM,5945.0,1,5945.0,43306423.5
2025-08-01 12:51:20 PM,5945.0,5,29725.0,43336148.5
2025-08-01 12:52:42 PM,5944.5,0,0.0,43336148.5
2025-08-01 12:52:45 PM,5944.5,1,5944.5,43342093.0
2025-08-01 12:53:24 PM,5945.0,0,0.0,43342093.0
2025-08-01 12:53:24 PM,5945.0,50,297250.0,43639343.0
2025-08-01 12:54:02 PM,5941.5,0,0.0,43639343.0
2025-08-01 12:54:05 PM,5941.5,10,59415.0,43698758.0
2025-08-01 12:55:07 PM,5941.5,3,17824.5,43716582.5
2025-08-01 01:02:25 PM,5945.0,0,0.0,43716582.5
2025-08-01 01:02:25 PM,5945.0,5,29725.0,43746307.5
2025-08-01 01:03:13 PM,5949.0,0,0.0,43746307.5
2025-08-01 01:03:14 PM,5949.0,10,59490.0,43805797.5
2025-08-01 01:03:44 PM,5949.0,11,65439.0,43871236.5
2025-08-01 01:05:42 PM,5949.5,3,17848.5,43889085.0
2025-08-01 01:05:54 PM,5949.5,8,47596.0,43936681.0
2025-08-01 01:06:21 PM,5950.0,0,0.0,43936681.0
2025-08-01 01:06:23 PM,5950.0,38,226100.0,44162781.0
2025-08-01 01:08:06 PM,5950.0,185,1100750.0,45263531.0
2025-08-01 01:09:31 PM,5950.0,3,17850.0,45281381.0
2025-08-01 01:09:59 PM,5950.0,1,5950.0,45287331.0
2025-08-01 01:10:34 PM,5950.0,3,17850.0,45305181.0
2025-08-01 01:10:57 PM,5950.0,2,11900.0,45317081.0
2025-08-01 01:11:02 PM,5950.0,5,29750.0,45346831.0
2025-08-01 01:11:24 PM,5950.0,3,17850.0,45364681.0
2025-08-01 01:11:36 PM,5950.0,1,5950.0,45370631.0
2025-08-01 01:11:57 PM,5950.0,2,11900.0,45382531.0
2025-08-01 01:12:34 PM,5950.0,1,5950.0,45388481.0
2025-08-01 01:16:33 PM,5950.0,1,5950.0,45394431.0
2025-08-01 01:18:36 PM,5947.5,0,0.0,45394431.0
2025-08-01 01:18:36 PM,5947.5,85,505537.5,45899968.5
2025-08-01 01:18:48 PM,5950.0,0,0.0,45899968.5
2025-08-01 01:18:50 PM,5950.0,15,89250.0,45989218.5
2025-08-01 01:18:55 PM,5950.0,30,178500.0,46167718.5
2025-08-01 01:19:00 PM,5950.0,15,89250.0,46256968.5
2025-08-01 01:19:05 PM,5950.0,17,101150.0,46358118.5
2025-08-01 01:20:09 PM,5947.0,2,11894.0,46370012.5
2025-08-01 01:21:18 PM,5950.0,0,0.0,46370012.5
2025-08-01 01:21:19 PM,5950.0,15,89250.0,46459262.5
2025-08-01 01:23:07 PM,5950.0,157,934150.0,47393412.5
2025-08-01 01:23:50 PM,5947.5,0,0.0,47393412.5
2025-08-01 01:23:51 PM,5947.5,1,5947.5,47399360.0
2025-08-01 01:26:51 PM,5947.5,449,2670427.5,50069787.5
2025-08-01 01:27:27 PM,5946.5,0,0.0,50069787.5
2025-08-01 01:27:30 PM,5946.5,4,23786.0,50093573.5
2025-08-01 01:27:54 PM,5947.5,0,0.0,50093573.5
2025-08-01 01:27:55 PM,5947.5,1,5947.5,50099521.0
2025-08-01 01:27:56 PM,5946.0,0,0.0,50099521.0
2025-08-01 01:27:59 PM,5946.0,8,47568.0,50147089.0
2025-08-01 01:34:50 PM,5940.0,0,0.0,50147089.0
2025-08-01 01:34:52 PM,5940.0,21,124740.0,50271829.0
2025-08-01 01:34:57 PM,5940.0,1,5940.0,50277769.0
2025-08-01 01:36:10 PM,5935.5,1,5935.5,50283704.5
2025-08-01 01:36:46 PM,5935.0,0,0.0,50283704.5
2025-08-01 01:36:48 PM,5935.0,102,605370.0,50889074.5
2025-08-01 01:51:10 PM,5947.0,0,0.0,50889074.5
2025-08-01 01:51:12 PM,5947.0,10,59470.0,50948544.5
2025-08-01 01:54:02 PM,5945.0,0,0.0,50948544.5
2025-08-01 01:54:05 PM,5945.0,1,5945.0,50954489.5
2025-08-01 01:55:02 PM,5945.0,125,743125.0,51697614.5
2025-08-01 01:56:24 PM,5944.0,0,0.0,51697614.5
2025-08-01 01:56:27 PM,5944.0,11,65384.0,51762998.5
2025-08-01 01:56:36 PM,5947.5,0,0.0,51762998.5
2025-08-01 01:56:37 PM,5947.5,1,5947.5,51768946.0
2025-08-01 01:57:58 PM,5950.0,0,0.0,51768946.0
2025-08-01 01:58:00 PM,5950.0,1065,6336750.0,58105696.0
2025-08-01 01:58:01 PM,5950.0,32,190400.0,58296096.0
2025-08-01 01:58:05 PM,5949.5,5244,31199178.0,89495274.0
2025-08-01 01:58:06 PM,6026.5,1094,6592991.0,96088265.0
2025-08-01 01:58:06 PM,6037.5,0,0.0,96088265.0
2025-08-01 01:58:08 PM,6149.5,0,0.0,96088265.0
2025-08-01 01:58:10 PM,6233.0,0,0.0,96088265.0
2025-08-01 01:58:10 PM,6180.0,0,0.0,96088265.0
2025-08-01 01:58:10 PM,6164.0,3213,19804932.0,115893197.0
2025-08-01 01:58:11 PM,6188.5,135,835447.5,116728644.5
2025-08-01 01:58:12 PM,6199.0,0,0.0,116728644.5
2025-08-01 01:58:12 PM,6257.5,0,0.0,116728644.5
2025-08-01 01:58:14 PM,6256.0,0,0.0,116728644.5
2025-08-01 01:58:14 PM,6281.5,0,0.0,116728644.5
2025-08-01 01:58:15 PM,6281.0,2894,18177214.0,134905858.5
2025-08-01 01:58:18 PM,6229.0,0,0.0,134905858.5
2025-08-01 01:58:18 PM,6161.0,0,0.0,134905858.5
2025-08-01 01:58:20 PM,6157.5,0,0.0,134905858.5
2025-08-01 01:58:20 PM,6157.5,934,5751105.0,140656963.5
2025-08-01 01:58:22 PM,6202.5,0,0.0,140656963.5
2025-08-01 01:58:22 PM,6251.5,0,0.0,140656963.5
2025-08-01 01:58:24 PM,6316.5,0,0.0,140656963.5
2025-08-01 01:58:25 PM,6300.0,1067,6722100.0,147379063.5
2025-08-01 01:58:26 PM,6328.0,0,0.0,147379063.5
2025-08-01 01:58:28 PM,6310.0,0,0.0,147379063.5
2025-08-01 01:58:28 PM,6296.5,0,0.0,147379063.5
2025-08-01 01:58:30 PM,6294.5,0,0.0,147379063.5
2025-08-01 01:58:30 PM,6294.5,1516,9542462.0,156921525.5
2025-08-01 01:58:32 PM,6254.5,0,0.0,156921525.5
2025-08-01 01:58:32 PM,6250.0,0,0.0,156921525.5
2025-08-01 01:58:34 PM,6278.0,0,0.0,156921525.5
2025-08-01 01:58:35 PM,6284.0,383,2406772.0,159328297.5
2025-08-01 01:58:36 PM,6261.5,0,0.0,159328297.5
2025-08-01 01:58:36 PM,6261.5,4,25046.0,159353343.5
2025-08-01 01:58:36 PM,6274.5,0,0.0,159353343.5
2025-08-01 01:58:38 PM,6321.0,0,0.0,159353343.5
2025-08-01 01:58:38 PM,6300.0,0,0.0,159353343.5
2025-08-01 01:58:40 PM,6334.0,0,0.0,159353343.5
2025-08-01 01:58:40 PM,6308.0,620,3910960.0,163264303.5
2025-08-01 01:58:41 PM,6314.0,48,303072.0,163567375.5
2025-08-01 01:58:42 PM,6302.5,0,0.0,163567375.5
2025-08-01 01:58:42 PM,6327.0,0,0.0,163567375.5
2025-08-01 01:58:44 PM,6302.5,0,0.0,163567375.5
2025-08-01 01:58:44 PM,6286.0,0,0.0,163567375.5
2025-08-01 01:58:45 PM,6256.0,724,4529344.0,168096719.5
2025-08-01 01:58:46 PM,6265.5,0,0.0,168096719.5
2025-08-01 01:58:46 PM,6265.5,30,187965.0,168284684.5
2025-08-01 01:58:48 PM,6250.5,0,0.0,168284684.5
2025-08-01 01:58:48 PM,6266.0,0,0.0,168284684.5
2025-08-01 01:58:50 PM,6266.0,285,1785810.0,170070494.5
2025-08-01 01:58:52 PM,6271.5,0,0.0,170070494.5
2025-08-01 01:58:54 PM,6265.0,0,0.0,170070494.5
2025-08-01 01:58:55 PM,6265.0,442,2769130.0,172839624.5
2025-08-01 01:58:56 PM,6265.0,50,313250.0,173152874.5
2025-08-01 01:58:58 PM,6262.0,0,0.0,173152874.5
2025-08-01 01:58:58 PM,6270.5,0,0.0,173152874.5
2025-08-01 01:59:00 PM,6250.0,0,0.0,173152874.5
2025-08-01 01:59:00 PM,6250.0,698,4362500.0,177515374.5
2025-08-01 01:59:01 PM,6250.0,348,2175000.0,179690374.5
2025-08-01 01:59:01 PM,6240.0,0,0.0,179690374.5
2025-08-01 01:59:02 PM,6240.0,2,12480.0,179702854.5
2025-08-01 01:59:04 PM,6250.0,202,1262500.0,180965354.5
2025-08-01 01:59:06 PM,6238.0,13,81094.0,181046448.5
2025-08-01 01:59:07 PM,6251.5,0,0.0,181046448.5
2025-08-01 01:59:07 PM,6251.5,1,6251.5,181052700.0
2025-08-01 01:59:07 PM,6250.0,1,6250.0,181058950.0
2025-08-01 01:59:11 PM,6237.5,0,0.0,181058950.0
2025-08-01 01:59:12 PM,6237.5,9,56137.5,181115087.5
2025-08-01 01:59:12 PM,6244.0,315,1966860.0,183081947.5
2025-08-01 01:59:14 PM,6234.0,57,355338.0,183437285.5
2025-08-01 01:59:16 PM,6274.0,142,890908.0,184328193.5
2025-08-01 01:59:16 PM,6251.0,10,62510.0,184390703.5
2025-08-01 01:59:17 PM,6255.0,0,0.0,184390703.5
2025-08-01 01:59:17 PM,6255.0,1,6255.0,184396958.5
2025-08-01 01:59:18 PM,6260.5,8,50084.0,184447042.5
2025-08-01 01:59:19 PM,6257.5,15,93862.5,184540905.0
2025-08-01 01:59:21 PM,6253.5,0,0.0,184540905.0
2025-08-01 01:59:21 PM,6272.5,40,250900.0,184791805.0
2025-08-01 01:59:21 PM,6252.5,0,0.0,184791805.0
2025-08-01 01:59:22 PM,6252.5,25,156312.5,184948117.5
2025-08-01 01:59:22 PM,6265.5,0,0.0,184948117.5
2025-08-01 01:59:22 PM,6283.5,479,3009796.5,187957914.0
2025-08-01 01:59:23 PM,6289.0,1,6289.0,187964203.0
2025-08-01 01:59:23 PM,6290.5,0,0.0,187964203.0
2025-08-01 01:59:24 PM,6290.5,197,1239228.5,189203431.5
2025-08-01 01:59:24 PM,6289.0,0,0.0,189203431.5
2025-08-01 01:59:25 PM,6289.0,197,1238933.0,190442364.5
2025-08-01 01:59:25 PM,6318.5,25,157962.5,190600327.0
2025-08-01 01:59:26 PM,6299.5,29,182685.5,190783012.5
2025-08-01 01:59:27 PM,6300.5,0,0.0,190783012.5
2025-08-01 01:59:28 PM,6300.0,0,0.0,190783012.5
2025-08-01 01:59:28 PM,6300.0,200,1260000.0,192043012.5
2025-08-01 01:59:29 PM,6300.0,402,2532600.0,194575612.5
2025-08-01 01:59:30 PM,6280.5,60,376830.0,194952442.5
2025-08-01 01:59:30 PM,6298.0,0,0.0,194952442.5
2025-08-01 01:59:31 PM,6300.0,0,0.0,194952442.5
2025-08-01 01:59:31 PM,6285.0,93,584505.0,195536947.5
2025-08-01 01:59:32 PM,6266.0,85,532610.0,196069557.5
2025-08-01 01:59:33 PM,6274.5,0,0.0,196069557.5
2025-08-01 01:59:33 PM,6275.0,331,2077025.0,198146582.5
2025-08-01 01:59:34 PM,6297.0,10,62970.0,198209552.5
2025-08-01 01:59:35 PM,6274.0,30,188220.0,198397772.5
2025-08-01 01:59:35 PM,6276.0,1,6276.0,198404048.5
2025-08-01 01:59:36 PM,6277.5,0,0.0,198404048.5
2025-08-01 01:59:36 PM,6290.0,61,383690.0,198787738.5
2025-08-01 01:59:37 PM,6272.5,17,106632.5,198894371.0
2025-08-01 01:59:39 PM,6283.5,104,653484.0,199547855.0
2025-08-01 01:59:40 PM,6284.0,35,219940.0,199767795.0
2025-08-01 01:59:41 PM,6275.0,3,18825.0,199786620.0
2025-08-01 01:59:42 PM,6275.0,20,125500.0,199912120.0
2025-08-01 01:59:43 PM,6279.5,0,0.0,199912120.0
2025-08-01 01:59:44 PM,6275.0,0,0.0,199912120.0
2025-08-01 01:59:44 PM,6275.0,165,1035375.0,200947495.0
2025-08-01 01:59:44 PM,6275.0,50,313750.0,201261245.0
2025-08-01 01:59:46 PM,6275.0,75,470625.0,201731870.0
2025-08-01 01:59:46 PM,6279.5,1,6279.5,201738149.5
2025-08-01 01:59:46 PM,6276.5,0,0.0,201738149.5
2025-08-01 01:59:47 PM,6285.0,226,1420410.0,203158559.5
2025-08-01 01:59:48 PM,6280.0,0,0.0,203158559.5
2025-08-01 01:59:49 PM,6280.0,2,12560.0,203171119.5
2025-08-01 01:59:50 PM,6290.0,0,0.0,203171119.5
2025-08-01 01:59:50 PM,6290.0,30,188700.0,203359819.5
2025-08-01 01:59:52 PM,6298.0,0,0.0,203359819.5
2025-08-01 01:59:53 PM,6280.0,105,659400.0,204019219.5
2025-08-01 01:59:53 PM,6298.0,0,0.0,204019219.5
2025-08-01 01:59:54 PM,6279.5,0,0.0,204019219.5
2025-08-01 01:59:54 PM,6279.5,30,188385.0,204207604.5
2025-08-01 01:59:55 PM,6290.0,0,0.0,204207604.5
2025-08-01 01:59:56 PM,6290.0,25,157250.0,204364854.5
2025-08-01 01:59:57 PM,6298.5,0,0.0,204364854.5
2025-08-01 01:59:57 PM,6298.5,71,447193.5,204812048.0
2025-08-01 01:59:57 PM,6308.0,0,0.0,204812048.0
2025-08-01 01:59:58 PM,6290.0,0,0.0,204812048.0
2025-08-01 01:59:58 PM,6290.0,142,893180.0,205705228.0
2025-08-01 01:59:59 PM,6279.0,35,219765.0,205924993.0
2025-08-01 02:00:00 PM,6280.0,7,43960.0,205968953.0
2025-08-01 02:00:01 PM,6275.0,0,0.0,205968953.0
2025-08-01 02:00:02 PM,6275.0,45,282375.0,206251328.0
2025-08-01 02:00:02 PM,6304.0,0,0.0,206251328.0
2025-08-01 02:00:03 PM,6274.0,127,796798.0,207048126.0
2025-08-01 02:00:04 PM,6276.5,0,0.0,207048126.0
2025-08-01 02:00:05 PM,6276.5,14,87871.0,207135997.0
2025-08-01 02:00:07 PM,6272.5,75,470437.5,207606434.5
2025-08-01 02:00:07 PM,6300.0,0,0.0,207606434.5
2025-08-01 02:00:08 PM,6285.0,0,0.0,207606434.5
2025-08-01 02:00:08 PM,6285.0,31,194835.0,207801269.5
2025-08-01 02:00:10 PM,6289.5,5,31447.5,207832717.0
2025-08-01 02:00:11 PM,6275.5,10,62755.0,207895472.0
2025-08-01 02:00:13 PM,6287.0,2,12574.0,207908046.0
2025-08-01 02:00:15 PM,6275.5,0,0.0,207908046.0
2025-08-01 02:00:15 PM,6275.5,171,1073110.5,208981156.5
2025-08-01 02:00:15 PM,6275.0,1,6275.0,208987431.5
2025-08-01 02:00:16 PM,6270.0,101,633270.0,209620701.5
2025-08-01 02:00:17 PM,6250.0,20,125000.0,209745701.5
2025-08-01 02:00:18 PM,6273.0,51,319923.0,210065624.5
2025-08-01 02:00:18 PM,6248.5,0,0.0,210065624.5
2025-08-01 02:00:19 PM,6250.0,12,75000.0,210140624.5
2025-08-01 02:00:19 PM,6275.5,60,376530.0,210517154.5
2025-08-01 02:00:20 PM,6249.5,10,62495.0,210579649.5
2025-08-01 02:00:20 PM,6244.5,0,0.0,210579649.5
2025-08-01 02:00:21 PM,6244.5,68,424626.0,211004275.5
2025-08-01 02:00:21 PM,6236.0,14,87304.0,211091579.5
2025-08-01 02:00:21 PM,6264.5,0,0.0,211091579.5
2025-08-01 02:00:22 PM,6264.5,160,1002320.0,212093899.5
2025-08-01 02:00:22 PM,6264.0,0,0.0,212093899.5
2025-08-01 02:00:23 PM,6264.0,15,93960.0,212187859.5
2025-08-01 02:00:23 PM,6250.0,0,0.0,212187859.5
2025-08-01 02:00:24 PM,6250.0,89,556250.0,212744109.5
2025-08-01 02:00:25 PM,6250.0,42,262500.0,213006609.5
2025-08-01 02:00:26 PM,6250.0,25,156250.0,213162859.5
2025-08-01 02:00:27 PM,6250.0,50,312500.0,213475359.5
2025-08-01 02:00:27 PM,6259.0,4,25036.0,213500395.5
2025-08-01 02:00:28 PM,6260.0,9,56340.0,213556735.5
2025-08-01 02:00:29 PM,6254.5,0,0.0,213556735.5
2025-08-01 02:00:29 PM,6250.0,109,681250.0,214237985.5
2025-08-01 02:00:29 PM,6251.5,35,218802.5,214456788.0
2025-08-01 02:00:31 PM,6262.0,0,0.0,214456788.0
2025-08-01 02:00:31 PM,6264.5,112,701624.0,215158412.0
2025-08-01 02:00:31 PM,6270.0,10,62700.0,215221112.0
2025-08-01 02:00:34 PM,6280.0,280,1758400.0,216979512.0
2025-08-01 02:00:35 PM,6289.0,8,50312.0,217029824.0
2025-08-01 02:00:36 PM,6282.0,6,37692.0,217067516.0
2025-08-01 02:00:39 PM,6291.0,0,0.0,217067516.0
2025-08-01 02:00:39 PM,6289.0,0,0.0,217067516.0
2025-08-01 02:00:39 PM,6289.0,144,905616.0,217973132.0
2025-08-01 02:00:41 PM,6290.0,0,0.0,217973132.0
2025-08-01 02:00:41 PM,6290.0,10,62900.0,218036032.0
2025-08-01 02:00:41 PM,6288.5,0,0.0,218036032.0
2025-08-01 02:00:41 PM,6288.5,115,723177.5,218759209.5
2025-08-01 02:00:42 PM,6282.0,0,0.0,218759209.5
2025-08-01 02:00:42 PM,6282.0,44,276408.0,219035617.5
2025-08-01 02:00:42 PM,6289.0,0,0.0,219035617.5
2025-08-01 02:00:42 PM,6289.0,5,31445.0,219067062.5
2025-08-01 02:00:43 PM,6289.0,26,163514.0,219230576.5
2025-08-01 02:00:44 PM,6288.5,0,0.0,219230576.5
2025-08-01 02:00:44 PM,6288.5,12,75462.0,219306038.5
2025-08-01 02:00:45 PM,6282.0,0,0.0,219306038.5
2025-08-01 02:00:45 PM,6282.0,30,188460.0,219494498.5
2025-08-01 02:00:46 PM,6289.0,0,0.0,219494498.5
2025-08-01 02:00:46 PM,6289.0,21,132069.0,219626567.5
2025-08-01 02:00:47 PM,6282.0,18,113076.0,219739643.5
2025-08-01 02:00:48 PM,6273.0,0,0.0,219739643.5
2025-08-01 02:00:48 PM,6273.5,2,12547.0,219752190.5
2025-08-01 02:00:48 PM,6270.5,0,0.0,219752190.5
2025-08-01 02:00:49 PM,6270.5,1,6270.5,219758461.0
2025-08-01 02:00:51 PM,6270.0,2,12540.0,219771001.0
2025-08-01 02:00:52 PM,6270.5,0,0.0,219771001.0
2025-08-01 02:00:52 PM,6270.5,23,144221.5,219915222.5
2025-08-01 02:00:53 PM,6272.0,0,0.0,219915222.5
2025-08-01 02:00:53 PM,6265.0,0,0.0,219915222.5
2025-08-01 02:00:53 PM,6265.0,15,93975.0,220009197.5
2025-08-01 02:00:54 PM,6278.0,0,0.0,220009197.5
2025-08-01 02:00:54 PM,6278.0,25,156950.0,220166147.5
2025-08-01 02:00:54 PM,6277.5,0,0.0,220166147.5
2025-08-01 02:00:54 PM,6277.5,15,94162.5,220260310.0
2025-08-01 02:00:57 PM,6275.5,0,0.0,220260310.0
2025-08-01 02:00:57 PM,6275.5,4,25102.0,220285412.0
2025-08-01 02:00:57 PM,6264.5,0,0.0,220285412.0
2025-08-01 02:00:57 PM,6264.5,124,776798.0,221062210.0
2025-08-01 02:00:58 PM,6277.0,0,0.0,221062210.0
2025-08-01 02:00:58 PM,6277.0,1,6277.0,221068487.0
2025-08-01 02:00:59 PM,6284.5,0,0.0,221068487.0
2025-08-01 02:00:59 PM,6284.5,58,364501.0,221432988.0
2025-08-01 02:01:00 PM,6267.0,0,0.0,221432988.0
2025-08-01 02:01:01 PM,6268.0,122,764696.0,222197684.0
2025-08-01 02:01:01 PM,6275.5,0,0.0,222197684.0
2025-08-01 02:01:02 PM,6269.0,78,488982.0,222686666.0
2025-08-01 02:01:02 PM,6278.0,0,0.0,222686666.0
2025-08-01 02:01:03 PM,6278.0,25,156950.0,222843616.0
2025-08-01 02:01:04 PM,6277.0,0,0.0,222843616.0
2025-08-01 02:01:05 PM,6277.0,2,12554.0,222856170.0
2025-08-01 02:01:05 PM,6280.0,0,0.0,222856170.0
2025-08-01 02:01:06 PM,6279.0,0,0.0,222856170.0
2025-08-01 02:01:06 PM,6280.0,106,665680.0,223521850.0
2025-08-01 02:01:07 PM,6290.0,0,0.0,223521850.0
2025-08-01 02:01:07 PM,6283.0,129,810507.0,224332357.0
2025-08-01 02:01:07 PM,6283.5,6,37701.0,224370058.0
2025-08-01 02:01:08 PM,6286.0,0,0.0,224370058.0
2025-08-01 02:01:08 PM,6286.0,9,56574.0,224426632.0
2025-08-01 02:01:08 PM,6285.5,1,6285.5,224432917.5
2025-08-01 02:01:09 PM,6289.5,0,0.0,224432917.5
2025-08-01 02:01:09 PM,6289.5,1,6289.5,224439207.0
2025-08-01 02:01:10 PM,6281.0,0,0.0,224439207.0
2025-08-01 02:01:11 PM,6277.5,0,0.0,224439207.0
2025-08-01 02:01:11 PM,6277.5,95,596362.5,225035569.5
2025-08-01 02:01:11 PM,6287.5,20,125750.0,225161319.5
2025-08-01 02:01:12 PM,6275.0,127,796925.0,225958244.5
2025-08-01 02:01:12 PM,6271.5,0,0.0,225958244.5
2025-08-01 02:01:13 PM,6279.0,0,0.0,225958244.5
2025-08-01 02:01:13 PM,6279.0,10,62790.0,226021034.5
2025-08-01 02:01:15 PM,6279.5,0,0.0,226021034.5
2025-08-01 02:01:15 PM,6279.5,25,156987.5,226178022.0
2025-08-01 02:01:16 PM,6283.5,1,6283.5,226184305.5
2025-08-01 02:01:17 PM,6283.5,19,119386.5,226303692.0
2025-08-01 02:01:18 PM,6286.5,1,6286.5,226309978.5
2025-08-01 02:01:19 PM,6288.5,0,0.0,226309978.5
2025-08-01 02:01:19 PM,6288.5,2,12577.0,226322555.5
2025-08-01 02:01:20 PM,6289.5,23,144658.5,226467214.0
2025-08-01 02:01:21 PM,6289.5,12,75474.0,226542688.0
2025-08-01 02:01:21 PM,6286.5,0,0.0,226542688.0
2025-08-01 02:01:22 PM,6286.5,5,31432.5,226574120.5
2025-08-01 02:01:22 PM,6272.0,250,1568000.0,228142120.5
2025-08-01 02:01:23 PM,6278.5,0,0.0,228142120.5
2025-08-01 02:01:23 PM,6278.5,88,552508.0,228694628.5
2025-08-01 02:01:24 PM,6275.0,20,125500.0,228820128.5
2025-08-01 02:01:25 PM,6275.0,5,31375.0,228851503.5
2025-08-01 02:01:26 PM,6273.5,2,12547.0,228864050.5
2025-08-01 02:01:27 PM,6274.5,0,0.0,228864050.5
2025-08-01 02:01:28 PM,6275.0,11,69025.0,228933075.5
2025-08-01 02:01:29 PM,6272.0,15,94080.0,229027155.5
2025-08-01 02:01:29 PM,6272.5,0,0.0,229027155.5
2025-08-01 02:01:30 PM,6272.5,3,18817.5,229045973.0
2025-08-01 02:01:30 PM,6272.0,76,476672.0,229522645.0
2025-08-01 02:01:32 PM,6282.0,0,0.0,229522645.0
2025-08-01 02:01:32 PM,6287.5,75,471562.5,229994207.5
2025-08-01 02:01:33 PM,6274.0,14,87836.0,230082043.5
2025-08-01 02:01:34 PM,6277.0,20,125540.0,230207583.5
2025-08-01 02:01:34 PM,6288.5,197,1238834.5,231446418.0
2025-08-01 02:01:36 PM,6288.0,10,62880.0,231509298.0
2025-08-01 02:01:37 PM,6288.5,27,169789.5,231679087.5
2025-08-01 02:01:38 PM,6280.0,0,0.0,231679087.5
2025-08-01 02:01:39 PM,6280.0,24,150720.0,231829807.5
2025-08-01 02:01:39 PM,6264.5,151,945939.5,232775747.0
2025-08-01 02:01:40 PM,6278.0,0,0.0,232775747.0
2025-08-01 02:01:41 PM,6278.0,1,6278.0,232782025.0
2025-08-01 02:01:41 PM,6281.5,0,0.0,232782025.0
2025-08-01 02:01:42 PM,6268.0,55,344740.0,233126765.0
2025-08-01 02:01:42 PM,6268.5,0,0.0,233126765.0
2025-08-01 02:01:43 PM,6275.0,4,25100.0,233151865.0
2025-08-01 02:01:44 PM,6267.5,5,31337.5,233183202.5
2025-08-01 02:01:44 PM,6289.5,0,0.0,233183202.5
2025-08-01 02:01:45 PM,6289.5,155,974872.5,234158075.0
2025-08-01 02:01:45 PM,6283.0,0,0.0,234158075.0
2025-08-01 02:01:46 PM,6283.0,176,1105808.0,235263883.0
2025-08-01 02:01:47 PM,6287.5,0,0.0,235263883.0
2025-08-01 02:01:48 PM,6287.5,3,18862.5,235282745.5
2025-08-01 02:01:49 PM,6284.5,0,0.0,235282745.5
2025-08-01 02:01:49 PM,6280.0,21,131880.0,235414625.5
2025-08-01 02:01:50 PM,6280.0,5,31400.0,235446025.5
2025-08-01 02:01:50 PM,6294.0,0,0.0,235446025.5
2025-08-01 02:01:51 PM,6295.0,0,0.0,235446025.5
2025-08-01 02:01:51 PM,6295.0,394,2480230.0,237926255.5
2025-08-01 02:01:51 PM,6314.5,0,0.0,237926255.5
2025-08-01 02:01:52 PM,6313.5,0,0.0,237926255.5
2025-08-01 02:01:52 PM,6313.5,209,1319521.5,239245777.0
2025-08-01 02:01:52 PM,6314.0,0,0.0,239245777.0
2025-08-01 02:01:53 PM,6323.0,0,0.0,239245777.0
2025-08-01 02:01:53 PM,6323.0,217,1372091.0,240617868.0
2025-08-01 02:01:54 PM,6330.0,0,0.0,240617868.0
2025-08-01 02:01:54 PM,6330.0,50,316500.0,240934368.0
2025-08-01 02:01:54 PM,6323.0,6,37938.0,240972306.0
2025-08-01 02:01:54 PM,6321.5,0,0.0,240972306.0
2025-08-01 02:01:55 PM,6324.5,0,0.0,240972306.0
2025-08-01 02:01:55 PM,6324.5,30,189735.0,241162041.0
2025-08-01 02:01:55 PM,6320.0,0,0.0,241162041.0
2025-08-01 02:01:56 PM,6310.5,0,0.0,241162041.0
2025-08-01 02:01:56 PM,6310.5,216,1363068.0,242525109.0
2025-08-01 02:01:56 PM,6372.5,0,0.0,242525109.0
2025-08-01 02:01:57 PM,6367.0,0,0.0,242525109.0
2025-08-01 02:01:57 PM,6367.0,2185,13911895.0,256437004.0
2025-08-01 02:01:57 PM,6391.0,45,287595.0,256724599.0
2025-08-01 02:01:57 PM,6362.5,0,0.0,256724599.0
2025-08-01 02:01:58 PM,6391.0,0,0.0,256724599.0
2025-08-01 02:01:58 PM,6391.0,179,1143989.0,257868588.0
2025-08-01 02:01:59 PM,6337.0,100,633700.0,258502288.0
2025-08-01 02:01:59 PM,6331.0,0,0.0,258502288.0
2025-08-01 02:02:00 PM,6345.0,171,1084995.0,259587283.0
2025-08-01 02:02:00 PM,6346.0,72,456912.0,260044195.0
2025-08-01 02:02:01 PM,6359.5,0,0.0,260044195.0
2025-08-01 02:02:01 PM,6359.5,26,165347.0,260209542.0
2025-08-01 02:02:01 PM,6340.0,0,0.0,260209542.0
2025-08-01 02:02:02 PM,6340.0,16,101440.0,260310982.0
2025-08-01 02:02:02 PM,6339.5,9,57055.5,260368037.5
2025-08-01 02:02:02 PM,6340.0,0,0.0,260368037.5
2025-08-01 02:02:03 PM,6345.5,0,0.0,260368037.5
2025-08-01 02:02:03 PM,6345.5,7,44418.5,260412456.0
2025-08-01 02:02:03 PM,6328.0,0,0.0,260412456.0
2025-08-01 02:02:04 PM,6340.0,0,0.0,260412456.0
2025-08-01 02:02:04 PM,6340.0,120,760800.0,261173256.0
2025-08-01 02:02:04 PM,6330.0,0,0.0,261173256.0
2025-08-01 02:02:05 PM,6338.0,0,0.0,261173256.0
2025-08-01 02:02:05 PM,6338.0,80,507040.0,261680296.0
2025-08-01 02:02:05 PM,6340.0,0,0.0,261680296.0
2025-08-01 02:02:06 PM,6345.0,0,0.0,261680296.0
2025-08-01 02:02:06 PM,6345.0,325,2062125.0,263742421.0
2025-08-01 02:02:06 PM,6350.0,0,0.0,263742421.0
2025-08-01 02:02:07 PM,6350.0,89,565150.0,264307571.0
2025-08-01 02:02:07 PM,6369.0,0,0.0,264307571.0
2025-08-01 02:02:08 PM,6355.5,53,336841.5,264644412.5
2025-08-01 02:02:08 PM,6368.0,1,6368.0,264650780.5
2025-08-01 02:02:09 PM,6350.5,26,165113.0,264815893.5
2025-08-01 02:02:10 PM,6350.0,2,12700.0,264828593.5
2025-08-01 02:02:11 PM,6360.0,3,19080.0,264847673.5
2025-08-01 02:02:11 PM,6347.0,0,0.0,264847673.5
2025-08-01 02:02:11 PM,6347.5,52,330070.0,265177743.5
2025-08-01 02:02:12 PM,6355.0,10,63550.0,265241293.5
2025-08-01 02:02:13 PM,6350.5,0,0.0,265241293.5
2025-08-01 02:02:13 PM,6347.5,111,704572.5,265945866.0
2025-08-01 02:02:14 PM,6336.5,9,57028.5,266002894.5
2025-08-01 02:02:15 PM,6336.0,1,6336.0,266009230.5
2025-08-01 02:02:15 PM,6344.5,10,63445.0,266072675.5
2025-08-01 02:02:16 PM,6345.0,0,0.0,266072675.5
2025-08-01 02:02:16 PM,6345.0,7,44415.0,266117090.5
2025-08-01 02:02:16 PM,6334.5,5,31672.5,266148763.0
2025-08-01 02:02:17 PM,6327.5,30,189825.0,266338588.0
2025-08-01 02:02:17 PM,6342.0,3,19026.0,266357614.0
2025-08-01 02:02:18 PM,6343.0,0,0.0,266357614.0
2025-08-01 02:02:18 PM,6343.0,2,12686.0,266370300.0
2025-08-01 02:02:18 PM,6340.0,0,0.0,266370300.0
2025-08-01 02:02:19 PM,6340.0,50,317000.0,266687300.0
2025-08-01 02:02:19 PM,6340.0,71,450140.0,267137440.0
2025-08-01 02:02:20 PM,6341.0,14,88774.0,267226214.0
2025-08-01 02:02:21 PM,6343.5,15,95152.5,267321366.5
2025-08-01 02:02:21 PM,6345.0,69,437805.0,267759171.5
2025-08-01 02:02:21 PM,6344.0,0,0.0,267759171.5
2025-08-01 02:02:22 PM,6344.0,1,6344.0,267765515.5
2025-08-01 02:02:22 PM,6340.5,7,44383.5,267809899.0
2025-08-01 02:02:22 PM,6347.5,0,0.0,267809899.0
2025-08-01 02:02:23 PM,6342.0,0,0.0,267809899.0
2025-08-01 02:02:23 PM,6343.0,24,152232.0,267962131.0
2025-08-01 02:02:23 PM,6341.5,14,88781.0,268050912.0
2025-08-01 02:02:24 PM,6342.0,0,0.0,268050912.0
2025-08-01 02:02:24 PM,6342.0,79,501018.0,268551930.0
2025-08-01 02:02:24 PM,6347.5,302,1916945.0,270468875.0
2025-08-01 02:02:24 PM,6340.5,0,0.0,270468875.0
2025-08-01 02:02:25 PM,6340.0,0,0.0,270468875.0
2025-08-01 02:02:25 PM,6340.0,75,475500.0,270944375.0
2025-08-01 02:02:25 PM,6347.5,20,126950.0,271071325.0
2025-08-01 02:02:26 PM,6340.0,6,38040.0,271109365.0
2025-08-01 02:02:27 PM,6328.5,1,6328.5,271115693.5
2025-08-01 02:02:27 PM,6336.5,0,0.0,271115693.5
2025-08-01 02:02:28 PM,6336.5,2,12673.0,271128366.5
2025-08-01 02:02:28 PM,6341.0,0,0.0,271128366.5
2025-08-01 02:02:28 PM,6329.0,21,132909.0,271261275.5
2025-08-01 02:02:28 PM,6337.0,0,0.0,271261275.5
2025-08-01 02:02:29 PM,6337.0,17,107729.0,271369004.5
2025-08-01 02:02:29 PM,6324.5,12,75894.0,271444898.5
2025-08-01 02:02:30 PM,6325.0,0,0.0,271444898.5
2025-08-01 02:02:31 PM,6325.0,25,158125.0,271603023.5
2025-08-01 02:02:31 PM,6323.0,0,0.0,271603023.5
2025-08-01 02:02:31 PM,6323.0,105,663915.0,272266938.5
2025-08-01 02:02:31 PM,6335.0,0,0.0,272266938.5
2025-08-01 02:02:32 PM,6330.0,9,56970.0,272323908.5
2025-08-01 02:02:32 PM,6323.0,0,0.0,272323908.5
2025-08-01 02:02:33 PM,6323.0,112,708176.0,273032084.5
2025-08-01 02:02:33 PM,6323.0,15,94845.0,273126929.5
2025-08-01 02:02:34 PM,6323.0,29,183367.0,273310296.5
2025-08-01 02:02:34 PM,6304.0,0,0.0,273310296.5
2025-08-01 02:02:35 PM,6304.0,666,4198464.0,277508760.5
2025-08-01 02:02:35 PM,6302.5,0,0.0,277508760.5
2025-08-01 02:02:35 PM,6302.5,63,397057.5,277905818.0
2025-08-01 02:02:35 PM,6315.5,0,0.0,277905818.0
2025-08-01 02:02:36 PM,6315.5,174,1098897.0,279004715.0
2025-08-01 02:02:36 PM,6319.0,0,0.0,279004715.0
2025-08-01 02:02:36 PM,6319.0,66,417054.0,279421769.0
2025-08-01 02:02:36 PM,6300.5,0,0.0,279421769.0
2025-08-01 02:02:37 PM,6300.5,98,617449.0,280039218.0
2025-08-01 02:02:37 PM,6303.5,0,0.0,280039218.0
2025-08-01 02:02:37 PM,6303.5,16,100856.0,280140074.0
2025-08-01 02:02:37 PM,6298.5,0,0.0,280140074.0
2025-08-01 02:02:38 PM,6295.5,26,163683.0,280303757.0
2025-08-01 02:02:38 PM,6308.0,0,0.0,280303757.0
2025-08-01 02:02:39 PM,6324.5,90,569205.0,280872962.0
2025-08-01 02:02:39 PM,6311.0,0,0.0,280872962.0
2025-08-01 02:02:40 PM,6320.5,10,63205.0,280936167.0
2025-08-01 02:02:41 PM,6311.5,1,6311.5,280942478.5
2025-08-01 02:02:42 PM,6310.5,0,0.0,280942478.5
2025-08-01 02:02:43 PM,6316.0,92,581072.0,281523550.5
2025-08-01 02:02:43 PM,6319.0,0,0.0,281523550.5
2025-08-01 02:02:44 PM,6319.0,10,63190.0,281586740.5
2025-08-01 02:02:44 PM,6309.5,0,0.0,281586740.5
2025-08-01 02:02:45 PM,6309.5,100,630950.0,282217690.5
2025-08-01 02:02:46 PM,6320.0,0,0.0,282217690.5
2025-08-01 02:02:47 PM,6320.0,77,486640.0,282704330.5
2025-08-01 02:02:47 PM,6320.5,0,0.0,282704330.5
2025-08-01 02:02:48 PM,6333.5,210,1330035.0,284034365.5
2025-08-01 02:02:49 PM,6334.0,0,0.0,284034365.5
2025-08-01 02:02:49 PM,6334.0,2,12668.0,284047033.5
2025-08-01 02:02:49 PM,6338.5,0,0.0,284047033.5
2025-08-01 02:02:50 PM,6341.0,0,0.0,284047033.5
2025-08-01 02:02:50 PM,6341.0,46,291686.0,284338719.5
2025-08-01 02:02:50 PM,6326.0,50,316300.0,284655019.5
2025-08-01 02:02:51 PM,6324.0,0,0.0,284655019.5
2025-08-01 02:02:52 PM,6336.0,0,0.0,284655019.5
2025-08-01 02:02:52 PM,6336.0,68,430848.0,285085867.5
2025-08-01 02:02:53 PM,6330.0,5,31650.0,285117517.5
2025-08-01 02:02:53 PM,6338.5,0,0.0,285117517.5
2025-08-01 02:02:54 PM,6338.5,8,50708.0,285168225.5
2025-08-01 02:02:54 PM,6335.0,0,0.0,285168225.5
2025-08-01 02:02:55 PM,6335.0,181,1146635.0,286314860.5
2025-08-01 02:02:55 PM,6335.5,0,0.0,286314860.5
2025-08-01 02:02:56 PM,6336.5,25,158412.5,286473273.0
2025-08-01 02:02:57 PM,6337.0,0,0.0,286473273.0
2025-08-01 02:02:58 PM,6337.0,3,19011.0,286492284.0
2025-08-01 02:02:58 PM,6337.5,0,0.0,286492284.0
2025-08-01 02:02:59 PM,6337.5,315,1996312.5,288488596.5
2025-08-01 02:02:59 PM,6325.0,2,12650.0,288501246.5
2025-08-01 02:03:00 PM,6330.0,2,12660.0,288513906.5
2025-08-01 02:03:01 PM,6325.0,0,0.0,288513906.5
2025-08-01 02:03:02 PM,6345.0,0,0.0,288513906.5
2025-08-01 02:03:02 PM,6345.0,234,1484730.0,289998636.5
2025-08-01 02:03:02 PM,6325.0,207,1309275.0,291307911.5
2025-08-01 02:03:03 PM,6343.0,85,539155.0,291847066.5
2025-08-01 02:03:04 PM,6328.5,12,75942.0,291923008.5
2025-08-01 02:03:05 PM,6378.0,772,4923816.0,296846824.5
2025-08-01 02:03:06 PM,6375.0,0,0.0,296846824.5
2025-08-01 02:03:06 PM,6392.0,185,1182520.0,298029344.5
2025-08-01 02:03:07 PM,6380.0,50,319000.0,298348344.5
2025-08-01 02:03:07 PM,6395.0,0,0.0,298348344.5
2025-08-01 02:03:08 PM,6385.0,52,332020.0,298680364.5
2025-08-01 02:03:08 PM,6390.0,0,0.0,298680364.5
2025-08-01 02:03:09 PM,6390.0,10,63900.0,298744264.5
2025-08-01 02:03:09 PM,6383.0,10,63830.0,298808094.5
2025-08-01 02:03:10 PM,6390.0,0,0.0,298808094.5
2025-08-01 02:03:10 PM,6384.5,19,121305.5,298929400.0
2025-08-01 02:03:11 PM,6390.0,0,0.0,298929400.0
2025-08-01 02:03:11 PM,6390.0,61,389790.0,299319190.0
2025-08-01 02:03:11 PM,6374.5,0,0.0,299319190.0
2025-08-01 02:03:12 PM,6375.5,0,0.0,299319190.0
2025-08-01 02:03:12 PM,6386.0,29,185194.0,299504384.0
2025-08-01 02:03:13 PM,6377.5,0,0.0,299504384.0
2025-08-01 02:03:13 PM,6366.5,230,1464295.0,300968679.0
2025-08-01 02:03:14 PM,6363.5,0,0.0,300968679.0
2025-08-01 02:03:14 PM,6383.0,122,778726.0,301747405.0
2025-08-01 02:03:14 PM,6368.5,27,171949.5,301919354.5
2025-08-01 02:03:14 PM,6360.5,0,0.0,301919354.5
2025-08-01 02:03:15 PM,6359.0,14,89026.0,302008380.5
2025-08-01 02:03:15 PM,6369.5,10,63695.0,302072075.5
2025-08-01 02:03:15 PM,6357.5,0,0.0,302072075.5
2025-08-01 02:03:16 PM,6358.5,0,0.0,302072075.5
2025-08-01 02:03:16 PM,6356.5,52,330538.0,302402613.5
2025-08-01 02:03:16 PM,6370.0,10,63700.0,302466313.5
2025-08-01 02:03:17 PM,6366.0,0,0.0,302466313.5
2025-08-01 02:03:17 PM,6352.5,192,1219680.0,303685993.5
2025-08-01 02:03:18 PM,6366.0,0,0.0,303685993.5
2025-08-01 02:03:18 PM,6366.0,10,63660.0,303749653.5
2025-08-01 02:03:19 PM,6352.0,0,0.0,303749653.5
2025-08-01 02:03:20 PM,6360.0,0,0.0,303749653.5
2025-08-01 02:03:20 PM,6360.0,142,903120.0,304652773.5
2025-08-01 02:03:20 PM,6360.5,0,0.0,304652773.5
2025-08-01 02:03:21 PM,6360.0,2,12720.0,304665493.5
2025-08-01 02:03:21 PM,6360.0,50,318000.0,304983493.5
2025-08-01 02:03:21 PM,6353.5,0,0.0,304983493.5
2025-08-01 02:03:22 PM,6352.5,145,921112.5,305904606.0
2025-08-01 02:03:22 PM,6369.0,0,0.0,305904606.0
2025-08-01 02:03:23 PM,6369.0,55,350295.0,306254901.0
2025-08-01 02:03:23 PM,6355.0,0,0.0,306254901.0
2025-08-01 02:03:24 PM,6360.0,0,0.0,306254901.0
2025-08-01 02:03:24 PM,6360.0,17,108120.0,306363021.0
2025-08-01 02:03:24 PM,6355.0,6,38130.0,306401151.0
2025-08-01 02:03:24 PM,6359.5,0,0.0,306401151.0
2025-08-01 02:03:25 PM,6358.0,0,0.0,306401151.0
2025-08-01 02:03:25 PM,6356.5,4,25426.0,306426577.0
2025-08-01 02:03:25 PM,6358.5,0,0.0,306426577.0
2025-08-01 02:03:26 PM,6357.5,0,0.0,306426577.0
2025-08-01 02:03:26 PM,6362.5,48,305400.0,306731977.0
2025-08-01 02:03:27 PM,6374.5,0,0.0,306731977.0
2025-08-01 02:03:27 PM,6370.5,647,4121713.5,310853690.5
2025-08-01 02:03:28 PM,6371.0,0,0.0,310853690.5
2025-08-01 02:03:28 PM,6371.0,15,95565.0,310949255.5
2025-08-01 02:03:28 PM,6371.5,1,6371.5,310955627.0
2025-08-01 02:03:28 PM,6370.5,0,0.0,310955627.0
2025-08-01 02:03:29 PM,6370.0,0,0.0,310955627.0
2025-08-01 02:03:29 PM,6370.5,26,165633.0,311121260.0
2025-08-01 02:03:29 PM,6380.0,0,0.0,311121260.0
2025-08-01 02:03:30 PM,6379.5,0,0.0,311121260.0
2025-08-01 02:03:30 PM,6379.5,757,4829281.5,315950541.5
2025-08-01 02:03:30 PM,6386.0,0,0.0,315950541.5
2025-08-01 02:03:31 PM,6389.5,0,0.0,315950541.5
2025-08-01 02:03:31 PM,6379.0,227,1448033.0,317398574.5
2025-08-01 02:03:31 PM,6379.5,5,31897.5,317430472.0
2025-08-01 02:03:32 PM,6377.5,47,299742.5,317730214.5
2025-08-01 02:03:33 PM,6371.0,0,0.0,317730214.5
2025-08-01 02:03:33 PM,6371.0,25,159275.0,317889489.5
2025-08-01 02:03:33 PM,6374.5,0,0.0,317889489.5
2025-08-01 02:03:33 PM,6374.5,10,63745.0,317953234.5
2025-08-01 02:03:34 PM,6385.0,0,0.0,317953234.5
2025-08-01 02:03:34 PM,6374.5,26,165737.0,318118971.5
2025-08-01 02:03:35 PM,6374.0,10,63740.0,318182711.5
2025-08-01 02:03:35 PM,6371.5,0,0.0,318182711.5
2025-08-01 02:03:35 PM,6371.5,11,70086.5,318252798.0
2025-08-01 02:03:36 PM,6374.5,0,0.0,318252798.0
2025-08-01 02:03:36 PM,6374.5,5,31872.5,318284670.5
2025-08-01 02:03:36 PM,6385.0,106,676810.0,318961480.5
2025-08-01 02:03:37 PM,6390.0,301,1923390.0,320884870.5
2025-08-01 02:03:37 PM,6404.0,870,5571480.0,326456350.5
2025-08-01 02:03:37 PM,6420.5,0,0.0,326456350.5
2025-08-01 02:03:38 PM,6410.0,0,0.0,326456350.5
2025-08-01 02:03:38 PM,6409.0,620,3973580.0,330429930.5
2025-08-01 02:03:38 PM,6405.5,0,0.0,330429930.5
2025-08-01 02:03:38 PM,6405.5,49,313869.5,330743800.0
2025-08-01 02:03:39 PM,6423.5,0,0.0,330743800.0
2025-08-01 02:03:39 PM,6415.5,99,635134.5,331378934.5
2025-08-01 02:03:39 PM,6430.0,0,0.0,331378934.5
2025-08-01 02:03:39 PM,6430.0,155,996650.0,332375584.5
2025-08-01 02:03:40 PM,6410.5,0,0.0,332375584.5
2025-08-01 02:03:40 PM,6430.0,98,630140.0,333005724.5
2025-08-01 02:03:40 PM,6411.0,0,0.0,333005724.5
2025-08-01 02:03:40 PM,6411.0,40,256440.0,333262164.5
2025-08-01 02:03:41 PM,6418.5,0,0.0,333262164.5
2025-08-01 02:03:41 PM,6418.5,155,994867.5,334257032.0
2025-08-01 02:03:41 PM,6421.5,3,19264.5,334276296.5
2025-08-01 02:03:42 PM,6420.0,0,0.0,334276296.5
2025-08-01 02:03:42 PM,6404.5,62,397079.0,334673375.5
2025-08-01 02:03:42 PM,6402.0,0,0.0,334673375.5
2025-08-01 02:03:43 PM,6402.0,115,736230.0,335409605.5
2025-08-01 02:03:43 PM,6412.0,5,32060.0,335441665.5
2025-08-01 02:03:43 PM,6420.0,0,0.0,335441665.5
2025-08-01 02:03:44 PM,6420.0,151,969420.0,336411085.5
2025-08-01 02:03:44 PM,6414.0,0,0.0,336411085.5
2025-08-01 02:03:44 PM,6407.5,129,826567.5,337237653.0
2025-08-01 02:03:45 PM,6407.5,5,32037.5,337269690.5
2025-08-01 02:03:45 PM,6400.0,203,1299200.0,338568890.5
2025-08-01 02:03:46 PM,6414.0,0,0.0,338568890.5
2025-08-01 02:03:47 PM,6397.5,441,2821297.5,341390188.0
2025-08-01 02:03:47 PM,6400.0,102,652800.0,342042988.0
2025-08-01 02:03:48 PM,6403.5,10,64035.0,342107023.0
2025-08-01 02:03:49 PM,6402.0,17,108834.0,342215857.0
2025-08-01 02:03:49 PM,6391.5,5,31957.5,342247814.5
2025-08-01 02:03:49 PM,6399.5,0,0.0,342247814.5
2025-08-01 02:03:50 PM,6399.5,1,6399.5,342254214.0
2025-08-01 02:03:51 PM,6391.5,1,6391.5,342260605.5
2025-08-01 02:03:51 PM,6388.0,23,146924.0,342407529.5
2025-08-01 02:03:52 PM,6399.0,7,44793.0,342452322.5
2025-08-01 02:03:52 PM,6400.0,59,377600.0,342829922.5
2025-08-01 02:03:53 PM,6390.0,2,12780.0,342842702.5
2025-08-01 02:03:53 PM,6399.0,70,447930.0,343290632.5
2025-08-01 02:03:54 PM,6390.5,5,31952.5,343322585.0
2025-08-01 02:03:54 PM,6400.0,106,678400.0,344000985.0
2025-08-01 02:03:55 PM,6400.0,70,448000.0,344448985.0
2025-08-01 02:03:56 PM,6393.0,113,722409.0,345171394.0
2025-08-01 02:03:56 PM,6392.0,0,0.0,345171394.0
2025-08-01 02:03:57 PM,6392.0,26,166192.0,345337586.0
2025-08-01 02:03:57 PM,6393.0,14,89502.0,345427088.0
2025-08-01 02:03:58 PM,6390.5,1,6390.5,345433478.5
2025-08-01 02:03:58 PM,6393.0,5,31965.0,345465443.5
2025-08-01 02:03:59 PM,6393.0,25,159825.0,345625268.5
2025-08-01 02:03:59 PM,6390.0,16,102240.0,345727508.5
2025-08-01 02:04:00 PM,6390.0,50,319500.0,346047008.5
2025-08-01 02:04:00 PM,6393.0,0,0.0,346047008.5
2025-08-01 02:04:01 PM,6393.0,118,754374.0,346801382.5
2025-08-01 02:04:01 PM,6385.0,50,319250.0,347120632.5
2025-08-01 02:04:01 PM,6386.0,0,0.0,347120632.5
2025-08-01 02:04:02 PM,6386.0,17,108562.0,347229194.5
2025-08-01 02:04:02 PM,6388.0,0,0.0,347229194.5
2025-08-01 02:04:03 PM,6397.5,0,0.0,347229194.5
2025-08-01 02:04:03 PM,6397.5,192,1228320.0,348457514.5
2025-08-01 02:04:03 PM,6406.0,156,999336.0,349456850.5
2025-08-01 02:04:03 PM,6414.0,0,0.0,349456850.5
2025-08-01 02:04:04 PM,6414.0,70,448980.0,349905830.5
2025-08-01 02:04:05 PM,6414.0,10,64140.0,349969970.5
2025-08-01 02:04:05 PM,6415.0,0,0.0,349969970.5
2025-08-01 02:04:06 PM,6415.0,90,577350.0,350547320.5
2025-08-01 02:04:06 PM,6410.0,42,269220.0,350816540.5
2025-08-01 02:04:07 PM,6406.0,0,0.0,350816540.5
2025-08-01 02:04:07 PM,6406.0,79,506074.0,351322614.5
2025-08-01 02:04:07 PM,6420.0,100,642000.0,351964614.5
2025-08-01 02:04:08 PM,6419.0,0,0.0,351964614.5
2025-08-01 02:04:08 PM,6419.0,15,96285.0,352060899.5
2025-08-01 02:04:08 PM,6419.0,75,481425.0,352542324.5
2025-08-01 02:04:09 PM,6406.0,0,0.0,352542324.5
2025-08-01 02:04:09 PM,6406.0,4,25624.0,352567948.5
2025-08-01 02:04:09 PM,6414.0,0,0.0,352567948.5
2025-08-01 02:04:10 PM,6414.0,35,224490.0,352792438.5
2025-08-01 02:04:10 PM,6413.0,0,0.0,352792438.5
2025-08-01 02:04:10 PM,6413.0,1,6413.0,352798851.5
2025-08-01 02:04:10 PM,6414.0,0,0.0,352798851.5
2025-08-01 02:04:11 PM,6414.0,102,654228.0,353453079.5
2025-08-01 02:04:11 PM,6419.5,171,1097734.5,354550814.0
2025-08-01 02:04:12 PM,6413.0,10,64130.0,354614944.0
2025-08-01 02:04:12 PM,6412.0,0,0.0,354614944.0
2025-08-01 02:04:13 PM,6404.0,0,0.0,354614944.0
2025-08-01 02:04:13 PM,6404.0,41,262564.0,354877508.0
2025-08-01 02:04:13 PM,6418.5,0,0.0,354877508.0
2025-08-01 02:04:14 PM,6408.0,0,0.0,354877508.0
2025-08-01 02:04:14 PM,6408.0,277,1775016.0,356652524.0
2025-08-01 02:04:14 PM,6409.5,0,0.0,356652524.0
2025-08-01 02:04:15 PM,6409.5,6,38457.0,356690981.0
2025-08-01 02:04:16 PM,6413.0,0,0.0,356690981.0
2025-08-01 02:04:16 PM,6403.5,51,326578.5,357017559.5
2025-08-01 02:04:17 PM,6409.5,20,128190.0,357145749.5
2025-08-01 02:04:17 PM,6400.0,0,0.0,357145749.5
2025-08-01 02:04:18 PM,6404.0,64,409856.0,357555605.5
2025-08-01 02:04:18 PM,6400.0,0,0.0,357555605.5
2025-08-01 02:04:19 PM,6410.0,0,0.0,357555605.5
2025-08-01 02:04:19 PM,6410.0,390,2499900.0,360055505.5
2025-08-01 02:04:20 PM,6420.0,100,642000.0,360697505.5
2025-08-01 02:04:20 PM,6410.0,0,0.0,360697505.5
2025-08-01 02:04:21 PM,6410.0,81,519210.0,361216715.5
2025-08-01 02:04:21 PM,6419.0,0,0.0,361216715.5
2025-08-01 02:04:22 PM,6411.0,0,0.0,361216715.5
2025-08-01 02:04:22 PM,6413.5,15,96202.5,361312918.0
2025-08-01 02:04:23 PM,6420.0,0,0.0,361312918.0
2025-08-01 02:04:23 PM,6420.0,50,321000.0,361633918.0
2025-08-01 02:04:23 PM,6411.0,0,0.0,361633918.0
2025-08-01 02:04:24 PM,6425.0,0,0.0,361633918.0
2025-08-01 02:04:24 PM,6425.0,333,2139525.0,363773443.0
2025-08-01 02:04:24 PM,6420.0,6,38520.0,363811963.0
2025-08-01 02:04:25 PM,6420.0,36,231120.0,364043083.0
2025-08-01 02:04:25 PM,6433.0,0,0.0,364043083.0
2025-08-01 02:04:26 PM,6424.5,508,3263646.0,367306729.0
2025-08-01 02:04:26 PM,6437.0,50,321850.0,367628579.0
2025-08-01 02:04:27 PM,6444.0,0,0.0,367628579.0
2025-08-01 02:04:27 PM,6447.5,66,425535.0,368054114.0
2025-08-01 02:04:28 PM,6436.5,0,0.0,368054114.0
2025-08-01 02:04:28 PM,6436.0,20,128720.0,368182834.0
2025-08-01 02:04:28 PM,6442.5,0,0.0,368182834.0
2025-08-01 02:04:29 PM,6430.0,35,225050.0,368407884.0
2025-08-01 02:04:30 PM,6435.5,0,0.0,368407884.0
2025-08-01 02:04:30 PM,6435.0,28,180180.0,368588064.0
2025-08-01 02:04:31 PM,6422.0,111,712842.0,369300906.0
2025-08-01 02:04:31 PM,6421.0,0,0.0,369300906.0
2025-08-01 02:04:32 PM,6444.0,105,676620.0,369977526.0
2025-08-01 02:04:32 PM,6428.5,0,0.0,369977526.0
2025-08-01 02:04:32 PM,6445.0,60,386700.0,370364226.0
2025-08-01 02:04:32 PM,6444.0,0,0.0,370364226.0
2025-08-01 02:04:33 PM,6432.0,43,276576.0,370640802.0
2025-08-01 02:04:33 PM,6432.5,13,83622.5,370724424.5
2025-08-01 02:04:34 PM,6424.0,0,0.0,370724424.5
2025-08-01 02:04:34 PM,6424.0,250,1606000.0,372330424.5
2025-08-01 02:04:34 PM,6429.5,0,0.0,372330424.5
2025-08-01 02:04:35 PM,6429.5,33,212173.5,372542598.0
2025-08-01 02:04:35 PM,6436.0,0,0.0,372542598.0
2025-08-01 02:04:35 PM,6436.0,52,334672.0,372877270.0
2025-08-01 02:04:36 PM,6435.0,30,193050.0,373070320.0
2025-08-01 02:04:36 PM,6425.0,0,0.0,373070320.0
2025-08-01 02:04:36 PM,6425.0,150,963750.0,374034070.0
2025-08-01 02:04:36 PM,6431.0,0,0.0,374034070.0
2025-08-01 02:04:37 PM,6430.0,50,321500.0,374355570.0
2025-08-01 02:04:37 PM,6432.5,0,0.0,374355570.0
2025-08-01 02:04:37 PM,6424.0,43,276232.0,374631802.0
2025-08-01 02:04:37 PM,6422.5,0,0.0,374631802.0
2025-08-01 02:04:38 PM,6422.5,37,237632.5,374869434.5
2025-08-01 02:04:38 PM,6428.0,0,0.0,374869434.5
2025-08-01 02:04:39 PM,6428.0,2,12856.0,374882290.5
2025-08-01 02:04:39 PM,6421.5,0,0.0,374882290.5
2025-08-01 02:04:39 PM,6429.5,35,225032.5,375107323.0
2025-08-01 02:04:40 PM,6429.0,25,160725.0,375268048.0
2025-08-01 02:04:41 PM,6417.0,370,2374290.0,377642338.0
2025-08-01 02:04:42 PM,6424.0,38,244112.0,377886450.0
2025-08-01 02:04:42 PM,6417.0,53,340101.0,378226551.0
2025-08-01 02:04:42 PM,6423.0,0,0.0,378226551.0
2025-08-01 02:04:43 PM,6415.0,154,987910.0,379214461.0
2025-08-01 02:04:43 PM,6417.0,0,0.0,379214461.0
2025-08-01 02:04:43 PM,6417.0,25,160425.0,379374886.0
2025-08-01 02:04:43 PM,6425.0,0,0.0,379374886.0
2025-08-01 02:04:44 PM,6425.0,210,1349250.0,380724136.0
2025-08-01 02:04:44 PM,6420.5,0,0.0,380724136.0
2025-08-01 02:04:45 PM,6418.5,256,1643136.0,382367272.0
2025-08-01 02:04:46 PM,6420.0,0,0.0,382367272.0
2025-08-01 02:04:47 PM,6420.0,50,321000.0,382688272.0
2025-08-01 02:04:47 PM,6414.5,0,0.0,382688272.0
2025-08-01 02:04:48 PM,6415.0,34,218110.0,382906382.0
2025-08-01 02:04:48 PM,6417.0,0,0.0,382906382.0
2025-08-01 02:04:49 PM,6417.0,2,12834.0,382919216.0
2025-08-01 02:04:49 PM,6415.0,20,128300.0,383047516.0
2025-08-01 02:04:49 PM,6411.0,0,0.0,383047516.0
2025-08-01 02:04:50 PM,6411.0,1,6411.0,383053927.0
2025-08-01 02:04:50 PM,6418.0,0,0.0,383053927.0
2025-08-01 02:04:50 PM,6418.0,40,256720.0,383310647.0
2025-08-01 02:04:50 PM,6410.0,0,0.0,383310647.0
2025-08-01 02:04:51 PM,6411.0,75,480825.0,383791472.0
2025-08-01 02:04:51 PM,6410.5,30,192315.0,383983787.0
2025-08-01 02:04:52 PM,6410.5,20,128210.0,384111997.0
2025-08-01 02:04:52 PM,6417.5,0,0.0,384111997.0
2025-08-01 02:04:53 PM,6417.5,4,25670.0,384137667.0
2025-08-01 02:04:53 PM,6419.0,45,288855.0,384426522.0
2025-08-01 02:04:53 PM,6419.5,0,0.0,384426522.0
2025-08-01 02:04:54 PM,6419.5,40,256780.0,384683302.0
2025-08-01 02:04:54 PM,6410.0,0,0.0,384683302.0
2025-08-01 02:04:55 PM,6410.0,205,1314050.0,385997352.0
2025-08-01 02:04:55 PM,6416.0,25,160400.0,386157752.0
2025-08-01 02:04:56 PM,6417.0,10,64170.0,386221922.0
2025-08-01 02:04:56 PM,6410.0,0,0.0,386221922.0
2025-08-01 02:04:57 PM,6410.0,14,89740.0,386311662.0
2025-08-01 02:04:59 PM,6422.0,0,0.0,386311662.0
2025-08-01 02:04:59 PM,6422.0,975,6261450.0,392573112.0
2025-08-01 02:04:59 PM,6421.0,7,44947.0,392618059.0
2025-08-01 02:04:59 PM,6418.5,0,0.0,392618059.0
2025-08-01 02:05:00 PM,6418.5,32,205392.0,392823451.0
2025-08-01 02:05:00 PM,6423.0,15,96345.0,392919796.0
2025-08-01 02:05:01 PM,6420.0,0,0.0,392919796.0
2025-08-01 02:05:01 PM,6414.0,24,153936.0,393073732.0
2025-08-01 02:05:01 PM,6415.5,0,0.0,393073732.0
2025-08-01 02:05:02 PM,6415.5,5,32077.5,393105809.5
2025-08-01 02:05:02 PM,6415.5,101,647965.5,393753775.0
2025-08-01 02:05:02 PM,6412.0,0,0.0,393753775.0
2025-08-01 02:05:03 PM,6412.0,23,147476.0,393901251.0
2025-08-01 02:05:03 PM,6416.5,31,198911.5,394100162.5
2025-08-01 02:05:03 PM,6415.0,0,0.0,394100162.5
2025-08-01 02:05:04 PM,6410.0,56,358960.0,394459122.5
2025-08-01 02:05:04 PM,6419.0,25,160475.0,394619597.5
2025-08-01 02:05:05 PM,6418.5,0,0.0,394619597.5
2025-08-01 02:05:05 PM,6418.5,2,12837.0,394632434.5
2025-08-01 02:05:06 PM,6412.5,21,134662.5,394767097.0
2025-08-01 02:05:07 PM,6420.0,80,513600.0,395280697.0
2025-08-01 02:05:07 PM,6423.5,0,0.0,395280697.0
2025-08-01 02:05:08 PM,6423.5,63,404680.5,395685377.5
2025-08-01 02:05:08 PM,6418.0,0,0.0,395685377.5
2025-08-01 02:05:09 PM,6418.0,131,840758.0,396526135.5
2025-08-01 02:05:09 PM,6416.0,100,641600.0,397167735.5
2025-08-01 02:05:09 PM,6415.0,0,0.0,397167735.5
2025-08-01 02:05:10 PM,6415.0,3,19245.0,397186980.5
2025-08-01 02:05:11 PM,6415.0,4,25660.0,397212640.5
2025-08-01 02:05:11 PM,6421.5,0,0.0,397212640.5
2025-08-01 02:05:11 PM,6421.5,53,340339.5,397552980.0
2025-08-01 02:05:11 PM,6410.5,0,0.0,397552980.0
2025-08-01 02:05:12 PM,6423.0,253,1625019.0,399177999.0
2025-08-01 02:05:13 PM,6419.5,42,269619.0,399447618.0
2025-08-01 02:05:13 PM,6423.0,0,0.0,399447618.0
2025-08-01 02:05:14 PM,6423.0,73,468879.0,399916497.0
2025-08-01 02:05:14 PM,6415.5,0,0.0,399916497.0
2025-08-01 02:05:15 PM,6413.5,0,0.0,399916497.0
2025-08-01 02:05:15 PM,6413.5,35,224472.5,400140969.5
2025-08-01 02:05:15 PM,6420.5,1,6420.5,400147390.0
2025-08-01 02:05:15 PM,6415.0,0,0.0,400147390.0
2025-08-01 02:05:16 PM,6421.5,2,12843.0,400160233.0
2025-08-01 02:05:16 PM,6422.5,0,0.0,400160233.0
2025-08-01 02:05:17 PM,6415.0,0,0.0,400160233.0
2025-08-01 02:05:17 PM,6415.5,8,51324.0,400211557.0
2025-08-01 02:05:17 PM,6422.5,0,0.0,400211557.0
2025-08-01 02:05:18 PM,6415.0,6,38490.0,400250047.0
2025-08-01 02:05:18 PM,6415.5,0,0.0,400250047.0
2025-08-01 02:05:19 PM,6415.5,110,705705.0,400955752.0
2025-08-01 02:05:20 PM,6420.0,90,577800.0,401533552.0
2025-08-01 02:05:20 PM,6428.0,0,0.0,401533552.0
2025-08-01 02:05:21 PM,6425.5,0,0.0,401533552.0
2025-08-01 02:05:21 PM,6424.5,355,2280697.5,403814249.5
2025-08-01 02:05:21 PM,6423.0,25,160575.0,403974824.5
2025-08-01 02:05:21 PM,6422.0,0,0.0,403974824.5
2025-08-01 02:05:22 PM,6430.0,0,0.0,403974824.5
2025-08-01 02:05:22 PM,6430.0,110,707300.0,404682124.5
2025-08-01 02:05:22 PM,6426.0,0,0.0,404682124.5
2025-08-01 02:05:23 PM,6426.5,0,0.0,404682124.5
2025-08-01 02:05:23 PM,6426.5,111,713341.5,405395466.0
2025-08-01 02:05:23 PM,6426.0,0,0.0,405395466.0
2025-08-01 02:05:24 PM,6426.5,0,0.0,405395466.0
2025-08-01 02:05:24 PM,6426.5,12,77118.0,405472584.0
2025-08-01 02:05:24 PM,6427.0,0,0.0,405472584.0
2025-08-01 02:05:25 PM,6421.5,0,0.0,405472584.0
2025-08-01 02:05:25 PM,6432.0,121,778272.0,406250856.0
2025-08-01 02:05:25 PM,6432.5,1,6432.5,406257288.5
2025-08-01 02:05:26 PM,6426.0,0,0.0,406257288.5
2025-08-01 02:05:26 PM,6426.0,120,771120.0,407028408.5
2025-08-01 02:05:27 PM,6432.5,0,0.0,407028408.5
2025-08-01 02:05:27 PM,6432.5,6,38595.0,407067003.5
2025-08-01 02:05:28 PM,6435.0,0,0.0,407067003.5
2025-08-01 02:05:28 PM,6434.0,310,1994540.0,409061543.5
2025-08-01 02:05:28 PM,6430.0,78,501540.0,409563083.5
2025-08-01 02:05:29 PM,6427.5,0,0.0,409563083.5
2025-08-01 02:05:30 PM,6427.5,12,77130.0,409640213.5
2025-08-01 02:05:31 PM,6418.5,175,1123237.5,410763451.0
2025-08-01 02:05:31 PM,6421.0,0,0.0,410763451.0
2025-08-01 02:05:31 PM,6421.0,5,32105.0,410795556.0
2025-08-01 02:05:31 PM,6418.5,0,0.0,410795556.0
2025-08-01 02:05:32 PM,6418.5,98,629013.0,411424569.0
2025-08-01 02:05:32 PM,6418.5,50,320925.0,411745494.0
2025-08-01 02:05:32 PM,6431.5,0,0.0,411745494.0
2025-08-01 02:05:33 PM,6431.5,201,1292731.5,413038225.5
2025-08-01 02:05:33 PM,6419.5,2,12839.0,413051064.5
2025-08-01 02:05:33 PM,6420.0,0,0.0,413051064.5
2025-08-01 02:05:34 PM,6420.0,32,205440.0,413256504.5
2025-08-01 02:05:34 PM,6430.0,0,0.0,413256504.5
2025-08-01 02:05:35 PM,6430.0,9,57870.0,413314374.5
2025-08-01 02:05:35 PM,6423.5,0,0.0,413314374.5
2025-08-01 02:05:35 PM,6423.5,3,19270.5,413333645.0
2025-08-01 02:05:35 PM,6419.0,0,0.0,413333645.0
2025-08-01 02:05:36 PM,6419.0,35,224665.0,413558310.0
2025-08-01 02:05:36 PM,6418.5,0,0.0,413558310.0
2025-08-01 02:05:36 PM,6418.5,30,192555.0,413750865.0
2025-08-01 02:05:37 PM,6426.5,50,321325.0,414072190.0
2025-08-01 02:05:38 PM,6420.5,2,12841.0,414085031.0
2025-08-01 02:05:39 PM,6425.5,0,0.0,414085031.0
2025-08-01 02:05:39 PM,6425.5,1,6425.5,414091456.5
2025-08-01 02:05:39 PM,6420.5,0,0.0,414091456.5
2025-08-01 02:05:40 PM,6420.5,38,243979.0,414335435.5
2025-08-01 02:05:40 PM,6420.0,0,0.0,414335435.5
2025-08-01 02:05:40 PM,6420.0,1,6420.0,414341855.5
2025-08-01 02:05:41 PM,6419.5,122,783179.0,415125034.5
2025-08-01 02:05:41 PM,6412.5,0,0.0,415125034.5
2025-08-01 02:05:42 PM,6419.0,40,256760.0,415381794.5
2025-08-01 02:05:42 PM,6418.0,0,0.0,415381794.5
2025-08-01 02:05:43 PM,6418.5,102,654687.0,416036481.5
2025-08-01 02:05:43 PM,6410.0,0,0.0,416036481.5
2025-08-01 02:05:44 PM,6410.0,52,333320.0,416369801.5
2025-08-01 02:05:45 PM,6412.5,99,634837.5,417004639.0
2025-08-01 02:05:45 PM,6412.5,5,32062.5,417036701.5
2025-08-01 02:05:45 PM,6411.0,0,0.0,417036701.5
2025-08-01 02:05:46 PM,6411.0,89,570579.0,417607280.5
2025-08-01 02:05:46 PM,6410.0,0,0.0,417607280.5
2025-08-01 02:05:47 PM,6410.0,10,64100.0,417671380.5
2025-08-01 02:05:47 PM,6418.5,194,1245189.0,418916569.5
2025-08-01 02:05:47 PM,6411.5,0,0.0,418916569.5
2025-08-01 02:05:48 PM,6410.5,0,0.0,418916569.5
2025-08-01 02:05:48 PM,6410.5,17,108978.5,419025548.0
2025-08-01 02:05:49 PM,6410.0,0,0.0,419025548.0
2025-08-01 02:05:49 PM,6410.0,20,128200.0,419153748.0
2025-08-01 02:05:49 PM,6410.5,101,647460.5,419801208.5
2025-08-01 02:05:49 PM,6419.5,0,0.0,419801208.5
2025-08-01 02:05:50 PM,6419.5,102,654789.0,420455997.5
2025-08-01 02:05:50 PM,6412.0,8,51296.0,420507293.5
2025-08-01 02:05:50 PM,6418.5,0,0.0,420507293.5
2025-08-01 02:05:51 PM,6411.5,0,0.0,420507293.5
2025-08-01 02:05:51 PM,6411.0,31,198741.0,420706034.5
2025-08-01 02:05:51 PM,6412.0,0,0.0,420706034.5
2025-08-01 02:05:52 PM,6419.0,5,32095.0,420738129.5
2025-08-01 02:05:53 PM,6413.0,15,96195.0,420834324.5
2025-08-01 02:05:54 PM,6413.0,10,64130.0,420898454.5
2025-08-01 02:05:54 PM,6413.5,56,359156.0,421257610.5
2025-08-01 02:05:56 PM,6412.0,0,0.0,421257610.5
2025-08-01 02:05:56 PM,6420.0,464,2978880.0,424236490.5
2025-08-01 02:05:56 PM,6423.5,0,0.0,424236490.5
2025-08-01 02:05:56 PM,6423.5,5,32117.5,424268608.0
2025-08-01 02:05:57 PM,6421.0,1,6421.0,424275029.0
2025-08-01 02:05:57 PM,6470.0,0,0.0,424275029.0
2025-08-01 02:05:57 PM,6470.0,2772,17934840.0,442209869.0
2025-08-01 02:05:58 PM,6466.0,0,0.0,442209869.0
2025-08-01 02:05:58 PM,6470.5,106,685873.0,442895742.0
2025-08-01 02:05:58 PM,6471.5,0,0.0,442895742.0
2025-08-01 02:05:58 PM,6471.5,45,291217.5,443186959.5
2025-08-01 02:05:59 PM,6465.0,1,6465.0,443193424.5
2025-08-01 02:05:59 PM,6465.0,60,387900.0,443581324.5
2025-08-01 02:06:00 PM,6455.5,0,0.0,443581324.5
2025-08-01 02:06:00 PM,6464.5,679,4389395.5,447970720.0
2025-08-01 02:06:00 PM,6457.5,0,0.0,447970720.0
2025-08-01 02:06:01 PM,6457.5,6,38745.0,448009465.0
2025-08-01 02:06:01 PM,6456.0,10,64560.0,448074025.0
2025-08-01 02:06:01 PM,6455.5,0,0.0,448074025.0
2025-08-01 02:06:02 PM,6455.5,5,32277.5,448106302.5
2025-08-01 02:06:02 PM,6463.0,603,3897189.0,452003491.5
2025-08-01 02:06:02 PM,6467.0,0,0.0,452003491.5
2025-08-01 02:06:03 PM,6467.0,100,646700.0,452650191.5
2025-08-01 02:06:03 PM,6466.0,0,0.0,452650191.5
2025-08-01 02:06:03 PM,6473.0,145,938585.0,453588776.5
2025-08-01 02:06:04 PM,6463.0,0,0.0,453588776.5
2025-08-01 02:06:04 PM,6474.5,51,330199.5,453918976.0
2025-08-01 02:06:05 PM,6456.5,0,0.0,453918976.0
2025-08-01 02:06:05 PM,6451.0,267,1722417.0,455641393.0
2025-08-01 02:06:06 PM,6468.0,0,0.0,455641393.0
2025-08-01 02:06:06 PM,6455.5,239,1542864.5,457184257.5
2025-08-01 02:06:06 PM,6465.5,0,0.0,457184257.5
2025-08-01 02:06:07 PM,6465.5,7,45258.5,457229516.0
2025-08-01 02:06:07 PM,6467.0,0,0.0,457229516.0
2025-08-01 02:06:07 PM,6459.0,26,167934.0,457397450.0
2025-08-01 02:06:08 PM,6460.0,7,45220.0,457442670.0
2025-08-01 02:06:08 PM,6461.0,56,361816.0,457804486.0
2025-08-01 02:06:09 PM,6467.0,15,97005.0,457901491.0
2025-08-01 02:06:09 PM,6461.0,125,807625.0,458709116.0
2025-08-01 02:06:10 PM,6460.0,0,0.0,458709116.0
2025-08-01 02:06:10 PM,6460.0,101,652460.0,459361576.0
2025-08-01 02:06:10 PM,6465.5,0,0.0,459361576.0
2025-08-01 02:06:11 PM,6470.0,254,1643380.0,461004956.0
2025-08-01 02:06:11 PM,6466.0,5,32330.0,461037286.0
2025-08-01 02:06:11 PM,6470.0,0,0.0,461037286.0
2025-08-01 02:06:12 PM,6470.0,11,71170.0,461108456.0
2025-08-01 02:06:12 PM,6470.0,13,84110.0,461192566.0
2025-08-01 02:06:13 PM,6470.0,2,12940.0,461205506.0
2025-08-01 02:06:13 PM,6473.0,180,1165140.0,462370646.0
2025-08-01 02:06:14 PM,6473.0,5,32365.0,462403011.0
2025-08-01 02:06:14 PM,6471.0,121,782991.0,463186002.0
2025-08-01 02:06:15 PM,6470.0,10,64700.0,463250702.0
2025-08-01 02:06:15 PM,6463.0,0,0.0,463250702.0
2025-08-01 02:06:16 PM,6463.0,1,6463.0,463257165.0
2025-08-01 02:06:16 PM,6469.5,0,0.0,463257165.0
2025-08-01 02:06:16 PM,6469.5,110,711645.0,463968810.0
2025-08-01 02:06:16 PM,6463.5,12,77562.0,464046372.0
2025-08-01 02:06:17 PM,6463.0,0,0.0,464046372.0
2025-08-01 02:06:18 PM,6469.0,129,834501.0,464880873.0
2025-08-01 02:06:18 PM,6463.0,0,0.0,464880873.0
2025-08-01 02:06:18 PM,6463.0,5,32315.0,464913188.0
2025-08-01 02:06:18 PM,6463.0,34,219742.0,465132930.0
2025-08-01 02:06:19 PM,6460.0,0,0.0,465132930.0
2025-08-01 02:06:19 PM,6460.0,86,555560.0,465688490.0
2025-08-01 02:06:19 PM,6469.5,0,0.0,465688490.0
2025-08-01 02:06:20 PM,6470.0,112,724640.0,466413130.0
2025-08-01 02:06:20 PM,6469.5,0,0.0,466413130.0
2025-08-01 02:06:21 PM,6469.5,125,808687.5,467221817.5
2025-08-01 02:06:21 PM,6463.0,0,0.0,467221817.5
2025-08-01 02:06:21 PM,6463.0,35,226205.0,467448022.5
2025-08-01 02:06:21 PM,6460.0,0,0.0,467448022.5
2025-08-01 02:06:22 PM,6460.0,32,206720.0,467654742.5
2025-08-01 02:06:22 PM,6452.5,0,0.0,467654742.5
2025-08-01 02:06:23 PM,6452.5,105,677512.5,468332255.0
2025-08-01 02:06:23 PM,6470.0,0,0.0,468332255.0
2025-08-01 02:06:23 PM,6470.0,350,2264500.0,470596755.0
2025-08-01 02:06:25 PM,6463.0,0,0.0,470596755.0
2025-08-01 02:06:25 PM,6468.0,71,459228.0,471055983.0
2025-08-01 02:06:26 PM,6457.0,0,0.0,471055983.0
2025-08-01 02:06:26 PM,6457.0,100,645700.0,471701683.0
2025-08-01 02:06:26 PM,6453.0,0,0.0,471701683.0
2025-08-01 02:06:27 PM,6460.0,0,0.0,471701683.0
2025-08-01 02:06:27 PM,6460.0,159,1027140.0,472728823.0
2025-08-01 02:06:28 PM,6460.0,10,64600.0,472793423.0
2025-08-01 02:06:28 PM,6466.5,5,32332.5,472825755.5
2025-08-01 02:06:29 PM,6462.5,20,129250.0,472955005.5
2025-08-01 02:06:29 PM,6467.5,0,0.0,472955005.5
2025-08-01 02:06:30 PM,6463.0,0,0.0,472955005.5
2025-08-01 02:06:30 PM,6464.0,198,1279872.0,474234877.5
2025-08-01 02:06:30 PM,6460.0,3,19380.0,474254257.5
2025-08-01 02:06:31 PM,6451.0,88,567688.0,474821945.5
2025-08-01 02:06:32 PM,6457.5,0,0.0,474821945.5
2025-08-01 02:06:32 PM,6460.0,64,413440.0,475235385.5
2025-08-01 02:06:32 PM,6450.5,10,64505.0,475299890.5
2025-08-01 02:06:32 PM,6447.0,0,0.0,475299890.5
2025-08-01 02:06:33 PM,6447.0,27,174069.0,475473959.5
2025-08-01 02:06:33 PM,6455.5,43,277586.5,475751546.0
2025-08-01 02:06:33 PM,6468.0,0,0.0,475751546.0
2025-08-01 02:06:34 PM,6447.5,186,1199235.0,476950781.0
2025-08-01 02:06:34 PM,6458.0,10,64580.0,477015361.0
2025-08-01 02:06:35 PM,6446.5,0,0.0,477015361.0
2025-08-01 02:06:35 PM,6442.5,70,450975.0,477466336.0
2025-08-01 02:06:35 PM,6443.0,1,6443.0,477472779.0
2025-08-01 02:06:37 PM,6447.0,0,0.0,477472779.0
2025-08-01 02:06:37 PM,6456.0,53,342168.0,477814947.0
2025-08-01 02:06:38 PM,6457.0,4,25828.0,477840775.0
2025-08-01 02:06:39 PM,6447.5,6,38685.0,477879460.0
2025-08-01 02:06:39 PM,6459.0,0,0.0,477879460.0
2025-08-01 02:06:40 PM,6470.0,0,0.0,477879460.0
2025-08-01 02:06:40 PM,6470.0,422,2730340.0,480609800.0
2025-08-01 02:06:41 PM,6450.0,0,0.0,480609800.0
2025-08-01 02:06:41 PM,6450.0,200,1290000.0,481899800.0
2025-08-01 02:06:42 PM,6452.5,0,0.0,481899800.0
2025-08-01 02:06:42 PM,6452.5,33,212932.5,482112732.5
2025-08-01 02:06:43 PM,6460.0,0,0.0,482112732.5
2025-08-01 02:06:44 PM,6454.5,0,0.0,482112732.5
2025-08-01 02:06:44 PM,6466.0,82,530212.0,482642944.5
2025-08-01 02:06:44 PM,6456.0,0,0.0,482642944.5
2025-08-01 02:06:45 PM,6467.0,0,0.0,482642944.5
2025-08-01 02:06:45 PM,6470.0,438,2833860.0,485476804.5
2025-08-01 02:06:45 PM,6466.0,91,588406.0,486065210.5
2025-08-01 02:06:46 PM,6458.0,19,122702.0,486187912.5
2025-08-01 02:06:46 PM,6456.0,0,0.0,486187912.5
2025-08-01 02:06:47 PM,6456.0,25,161400.0,486349312.5
2025-08-01 02:06:47 PM,6467.0,57,368619.0,486717931.5
2025-08-01 02:06:47 PM,6462.5,0,0.0,486717931.5
2025-08-01 02:06:48 PM,6462.5,50,323125.0,487041056.5
2025-08-01 02:06:48 PM,6456.0,0,0.0,487041056.5
2025-08-01 02:06:48 PM,6456.0,2,12912.0,487053968.5
2025-08-01 02:06:49 PM,6459.5,0,0.0,487053968.5
2025-08-01 02:06:49 PM,6459.5,20,129190.0,487183158.5
2025-08-01 02:06:50 PM,6450.5,0,0.0,487183158.5
2025-08-01 02:06:50 PM,6450.5,170,1096585.0,488279743.5
2025-08-01 02:06:52 PM,6448.5,0,0.0,488279743.5
2025-08-01 02:06:52 PM,6448.5,57,367564.5,488647308.0
2025-08-01 02:06:52 PM,6455.5,3,19366.5,488666674.5
2025-08-01 02:06:53 PM,6449.5,0,0.0,488666674.5
2025-08-01 02:06:53 PM,6449.5,85,548207.5,489214882.0
2025-08-01 02:06:53 PM,6450.0,0,0.0,489214882.0
2025-08-01 02:06:54 PM,6450.0,8,51600.0,489266482.0
2025-08-01 02:06:55 PM,6450.0,15,96750.0,489363232.0
2025-08-01 02:06:55 PM,6455.5,150,968325.0,490331557.0
2025-08-01 02:06:56 PM,6450.0,0,0.0,490331557.0
2025-08-01 02:06:56 PM,6450.0,11,70950.0,490402507.0
2025-08-01 02:06:57 PM,6450.5,2,12901.0,490415408.0
2025-08-01 02:06:58 PM,6450.0,0,0.0,490415408.0
2025-08-01 02:06:58 PM,6450.0,18,116100.0,490531508.0
2025-08-01 02:06:58 PM,6447.0,0,0.0,490531508.0
2025-08-01 02:06:59 PM,6442.0,0,0.0,490531508.0
2025-08-01 02:06:59 PM,6443.0,146,940678.0,491472186.0
2025-08-01 02:07:00 PM,6440.5,0,0.0,491472186.0
2025-08-01 02:07:00 PM,6415.5,1358,8712249.0,500184435.0
2025-08-01 02:07:00 PM,6411.5,0,0.0,500184435.0
2025-08-01 02:07:01 PM,6420.5,0,0.0,500184435.0
2025-08-01 02:07:01 PM,6420.5,11,70625.5,500255060.5
2025-08-01 02:07:01 PM,6403.5,0,0.0,500255060.5
2025-08-01 02:07:02 PM,6403.5,277,1773769.5,502028830.0
2025-08-01 02:07:03 PM,6395.0,63,402885.0,502431715.0
2025-08-01 02:07:03 PM,6394.0,0,0.0,502431715.0
2025-08-01 02:07:03 PM,6385.0,45,287325.0,502719040.0
2025-08-01 02:07:03 PM,6389.5,0,0.0,502719040.0
2025-08-01 02:07:04 PM,6390.5,416,2658448.0,505377488.0
2025-08-01 02:07:04 PM,6381.5,0,0.0,505377488.0
2025-08-01 02:07:04 PM,6381.5,1,6381.5,505383869.5
2025-08-01 02:07:04 PM,6389.0,0,0.0,505383869.5
2025-08-01 02:07:05 PM,6382.5,181,1155232.5,506539102.0
2025-08-01 02:07:05 PM,6382.0,100,638200.0,507177302.0
2025-08-01 02:07:05 PM,6398.0,0,0.0,507177302.0
2025-08-01 02:07:06 PM,6398.5,203,1298895.5,508476197.5
2025-08-01 02:07:06 PM,6399.0,0,0.0,508476197.5
2025-08-01 02:07:06 PM,6398.5,14,89579.0,508565776.5
2025-08-01 02:07:06 PM,6391.0,0,0.0,508565776.5
2025-08-01 02:07:07 PM,6405.0,130,832650.0,509398426.5
2025-08-01 02:07:07 PM,6415.5,80,513240.0,509911666.5
2025-08-01 02:07:07 PM,6421.0,0,0.0,509911666.5
2025-08-01 02:07:08 PM,6421.0,198,1271358.0,511183024.5
2025-08-01 02:07:08 PM,6416.0,35,224560.0,511407584.5
2025-08-01 02:07:08 PM,6407.0,0,0.0,511407584.5
2025-08-01 02:07:09 PM,6411.5,0,0.0,511407584.5
2025-08-01 02:07:09 PM,6420.5,87,558583.5,511966168.0
2025-08-01 02:07:09 PM,6424.0,18,115632.0,512081800.0
2025-08-01 02:07:10 PM,6418.5,78,500643.0,512582443.0
2025-08-01 02:07:10 PM,6411.5,0,0.0,512582443.0
2025-08-01 02:07:11 PM,6419.5,0,0.0,512582443.0
2025-08-01 02:07:11 PM,6410.5,36,230778.0,512813221.0
2025-08-01 02:07:11 PM,6419.0,5,32095.0,512845316.0
2025-08-01 02:07:12 PM,6399.5,278,1779061.0,514624377.0
2025-08-01 02:07:13 PM,6398.0,0,0.0,514624377.0
2025-08-01 02:07:13 PM,6393.5,269,1719851.5,516344228.5
2025-08-01 02:07:14 PM,6401.5,0,0.0,516344228.5
2025-08-01 02:07:14 PM,6412.5,69,442462.5,516786691.0
2025-08-01 02:07:14 PM,6421.5,0,0.0,516786691.0
2025-08-01 02:07:15 PM,6423.0,27,173421.0,516960112.0
2025-08-01 02:07:15 PM,6413.0,0,0.0,516960112.0
2025-08-01 02:07:15 PM,6424.0,107,687368.0,517647480.0
2025-08-01 02:07:15 PM,6415.0,0,0.0,517647480.0
2025-08-01 02:07:16 PM,6415.0,11,70565.0,517718045.0
2025-08-01 02:07:16 PM,6416.5,0,0.0,517718045.0
2025-08-01 02:07:17 PM,6416.0,25,160400.0,517878445.0
2025-08-01 02:07:17 PM,6418.5,0,0.0,517878445.0
2025-08-01 02:07:18 PM,6418.5,5,32092.5,517910537.5
2025-08-01 02:07:19 PM,6414.5,1,6414.5,517916952.0
2025-08-01 02:07:19 PM,6412.0,5,32060.0,517949012.0
2025-08-01 02:07:20 PM,6419.5,5,32097.5,517981109.5
2025-08-01 02:07:20 PM,6424.0,0,0.0,517981109.5
2025-08-01 02:07:21 PM,6423.0,0,0.0,517981109.5
2025-08-01 02:07:21 PM,6423.0,52,333996.0,518315105.5
2025-08-01 02:07:21 PM,6423.5,10,64235.0,518379340.5
2025-08-01 02:07:21 PM,6415.5,0,0.0,518379340.5
2025-08-01 02:07:22 PM,6412.5,0,0.0,518379340.5
2025-08-01 02:07:22 PM,6412.5,22,141075.0,518520415.5
2025-08-01 02:07:22 PM,6412.0,8,51296.0,518571711.5
2025-08-01 02:07:24 PM,6411.0,200,1282200.0,519853911.5
2025-08-01 02:07:25 PM,6419.0,0,0.0,519853911.5
2025-08-01 02:07:25 PM,6420.0,25,160500.0,520014411.5
2025-08-01 02:07:25 PM,6412.0,0,0.0,520014411.5
2025-08-01 02:07:26 PM,6410.0,111,711510.0,520725921.5
2025-08-01 02:07:26 PM,6420.0,161,1033620.0,521759541.5
2025-08-01 02:07:26 PM,6419.0,0,0.0,521759541.5
2025-08-01 02:07:27 PM,6420.0,0,0.0,521759541.5
2025-08-01 02:07:27 PM,6420.0,23,147660.0,521907201.5
2025-08-01 02:07:27 PM,6424.0,0,0.0,521907201.5
2025-08-01 02:07:28 PM,6419.5,47,301716.5,522208918.0
2025-08-01 02:07:28 PM,6424.0,0,0.0,522208918.0
2025-08-01 02:07:29 PM,6420.0,0,0.0,522208918.0
2025-08-01 02:07:29 PM,6428.0,105,674940.0,522883858.0
2025-08-01 02:07:30 PM,6422.0,0,0.0,522883858.0
2025-08-01 02:07:30 PM,6424.0,18,115632.0,522999490.0
2025-08-01 02:07:30 PM,6428.5,20,128570.0,523128060.0
2025-08-01 02:07:31 PM,6428.5,13,83570.5,523211630.5
2025-08-01 02:07:32 PM,6421.5,130,834795.0,524046425.5
2025-08-01 02:07:33 PM,6421.0,24,154104.0,524200529.5
2025-08-01 02:07:34 PM,6420.5,10,64205.0,524264734.5
2025-08-01 02:07:35 PM,6427.5,0,0.0,524264734.5
2025-08-01 02:07:35 PM,6427.5,18,115695.0,524380429.5
2025-08-01 02:07:36 PM,6427.5,2,12855.0,524393284.5
2025-08-01 02:07:37 PM,6427.5,8,51420.0,524444704.5
2025-08-01 02:07:38 PM,6426.0,4,25704.0,524470408.5
2025-08-01 02:07:39 PM,6420.5,11,70625.5,524541034.0
2025-08-01 02:07:40 PM,6420.5,5,32102.5,524573136.5
2025-08-01 02:07:40 PM,6420.5,10,64205.0,524637341.5
2025-08-01 02:07:41 PM,6431.0,111,713841.0,525351182.5
2025-08-01 02:07:42 PM,6444.0,25,161100.0,525512282.5
2025-08-01 02:07:43 PM,6443.0,50,322150.0,525834432.5
2025-08-01 02:07:43 PM,6433.0,0,0.0,525834432.5
2025-08-01 02:07:44 PM,6433.0,7,45031.0,525879463.5
2025-08-01 02:07:44 PM,6444.0,63,405972.0,526285435.5
2025-08-01 02:07:44 PM,6446.5,0,0.0,526285435.5
2025-08-01 02:07:45 PM,6446.5,13,83804.5,526369240.0
2025-08-01 02:07:45 PM,6447.0,0,0.0,526369240.0
2025-08-01 02:07:46 PM,6447.0,14,90258.0,526459498.0
2025-08-01 02:07:46 PM,6432.0,0,0.0,526459498.0
2025-08-01 02:07:47 PM,6429.5,70,450065.0,526909563.0
2025-08-01 02:07:48 PM,6444.5,100,644450.0,527554013.0
2025-08-01 02:07:48 PM,6434.0,0,0.0,527554013.0
2025-08-01 02:07:49 PM,6434.0,6,38604.0,527592617.0
2025-08-01 02:07:49 PM,6438.5,0,0.0,527592617.0
2025-08-01 02:07:49 PM,6426.5,0,0.0,527592617.0
2025-08-01 02:07:50 PM,6426.5,183,1176049.5,528768666.5
2025-08-01 02:07:50 PM,6435.0,4,25740.0,528794406.5
2025-08-01 02:07:51 PM,6436.0,8,51488.0,528845894.5
2025-08-01 02:07:52 PM,6436.0,90,579240.0,529425134.5
2025-08-01 02:07:52 PM,6435.0,0,0.0,529425134.5
2025-08-01 02:07:53 PM,6435.0,154,990990.0,530416124.5
2025-08-01 02:07:53 PM,6434.0,0,0.0,530416124.5
2025-08-01 02:07:54 PM,6434.0,30,193020.0,530609144.5
2025-08-01 02:07:54 PM,6429.0,0,0.0,530609144.5
2025-08-01 02:07:55 PM,6429.0,77,495033.0,531104177.5
2025-08-01 02:07:55 PM,6429.5,0,0.0,531104177.5
2025-08-01 02:07:56 PM,6429.5,10,64295.0,531168472.5
2025-08-01 02:07:56 PM,6431.5,0,0.0,531168472.5
2025-08-01 02:07:57 PM,6431.5,50,321575.0,531490047.5
2025-08-01 02:07:57 PM,6420.0,0,0.0,531490047.5
2025-08-01 02:07:57 PM,6420.0,170,1091400.0,532581447.5
2025-08-01 02:07:57 PM,6419.0,0,0.0,532581447.5
2025-08-01 02:07:58 PM,6419.0,68,436492.0,533017939.5
2025-08-01 02:08:01 PM,6419.0,4,25676.0,533043615.5
2025-08-01 02:08:02 PM,6421.5,0,0.0,533043615.5
2025-08-01 02:08:02 PM,6421.5,28,179802.0,533223417.5
2025-08-01 02:08:03 PM,6420.0,15,96300.0,533319717.5
2025-08-01 02:08:04 PM,6419.0,2,12838.0,533332555.5
2025-08-01 02:08:04 PM,6419.0,2,12838.0,533345393.5
2025-08-01 02:08:05 PM,6420.0,0,0.0,533345393.5
2025-08-01 02:08:05 PM,6419.0,102,654738.0,534000131.5
2025-08-01 02:08:05 PM,6411.0,19,121809.0,534121940.5
2025-08-01 02:08:06 PM,6408.0,0,0.0,534121940.5
2025-08-01 02:08:06 PM,6414.5,31,198849.5,534320790.0
2025-08-01 02:08:06 PM,6409.5,0,0.0,534320790.0
2025-08-01 02:08:07 PM,6409.5,2,12819.0,534333609.0
2025-08-01 02:08:07 PM,6417.5,1,6417.5,534340026.5
2025-08-01 02:08:08 PM,6415.0,0,0.0,534340026.5
2025-08-01 02:08:09 PM,6415.0,8,51320.0,534391346.5
2025-08-01 02:08:09 PM,6408.0,10,64080.0,534455426.5
2025-08-01 02:08:10 PM,6408.0,1,6408.0,534461834.5
2025-08-01 02:08:11 PM,6408.0,4,25632.0,534487466.5
2025-08-01 02:08:11 PM,6370.0,0,0.0,534487466.5
2025-08-01 02:08:11 PM,6381.5,0,0.0,534487466.5
2025-08-01 02:08:12 PM,6381.5,1431,9131926.5,543619393.0
2025-08-01 02:08:13 PM,6381.5,30,191445.0,543810838.0
2025-08-01 02:08:13 PM,6373.0,0,0.0,543810838.0
2025-08-01 02:08:13 PM,6373.0,11,70103.0,543880941.0
2025-08-01 02:08:13 PM,6361.0,0,0.0,543880941.0
2025-08-01 02:08:14 PM,6361.0,70,445270.0,544326211.0
2025-08-01 02:08:14 PM,6376.5,0,0.0,544326211.0
2025-08-01 02:08:15 PM,6378.0,100,637800.0,544964011.0
2025-08-01 02:08:15 PM,6379.0,0,0.0,544964011.0
2025-08-01 02:08:16 PM,6366.5,222,1413363.0,546377374.0
2025-08-01 02:08:16 PM,6377.0,0,0.0,546377374.0
2025-08-01 02:08:16 PM,6377.5,36,229590.0,546606964.0
2025-08-01 02:08:17 PM,6378.0,0,0.0,546606964.0
2025-08-01 02:08:17 PM,6378.0,1,6378.0,546613342.0
2025-08-01 02:08:17 PM,6376.5,10,63765.0,546677107.0
2025-08-01 02:08:17 PM,6372.5,0,0.0,546677107.0
2025-08-01 02:08:18 PM,6365.0,0,0.0,546677107.0
2025-08-01 02:08:18 PM,6365.0,93,591945.0,547269052.0
2025-08-01 02:08:18 PM,6377.5,2,12755.0,547281807.0
2025-08-01 02:08:18 PM,6378.0,0,0.0,547281807.0
2025-08-01 02:08:19 PM,6364.5,0,0.0,547281807.0
2025-08-01 02:08:19 PM,6364.5,67,426421.5,547708228.5
2025-08-01 02:08:19 PM,6381.5,156,995514.0,548703742.5
2025-08-01 02:08:19 PM,6378.5,0,0.0,548703742.5
2025-08-01 02:08:20 PM,6361.0,0,0.0,548703742.5
2025-08-01 02:08:20 PM,6370.0,580,3694600.0,552398342.5
2025-08-01 02:08:20 PM,6379.5,15,95692.5,552494035.0
2025-08-01 02:08:20 PM,6360.0,0,0.0,552494035.0
2025-08-01 02:08:21 PM,6374.5,0,0.0,552494035.0
2025-08-01 02:08:21 PM,6361.0,1175,7474175.0,559968210.0
2025-08-01 02:08:21 PM,6372.0,24,152928.0,560121138.0
2025-08-01 02:08:22 PM,6377.5,3,19132.5,560140270.5
2025-08-01 02:08:23 PM,6379.0,0,0.0,560140270.5
2025-08-01 02:08:23 PM,6376.5,136,867204.0,561007474.5
2025-08-01 02:08:24 PM,6382.5,0,0.0,561007474.5
2025-08-01 02:08:24 PM,6365.0,198,1260270.0,562267744.5
2025-08-01 02:08:26 PM,6370.0,32,203840.0,562471584.5
2025-08-01 02:08:27 PM,6377.0,0,0.0,562471584.5
2025-08-01 02:08:27 PM,6367.5,519,3304732.5,565776317.0
2025-08-01 02:08:27 PM,6365.5,0,0.0,565776317.0
2025-08-01 02:08:28 PM,6365.5,20,127310.0,565903627.0
2025-08-01 02:08:28 PM,6365.0,0,0.0,565903627.0
2025-08-01 02:08:28 PM,6362.0,33,209946.0,566113573.0
2025-08-01 02:08:29 PM,6353.0,0,0.0,566113573.0
2025-08-01 02:08:29 PM,6358.0,44,279752.0,566393325.0
2025-08-01 02:08:29 PM,6350.0,0,0.0,566393325.0
2025-08-01 02:08:30 PM,6350.0,42,266700.0,566660025.0
2025-08-01 02:08:30 PM,6358.5,0,0.0,566660025.0
2025-08-01 02:08:30 PM,6357.5,119,756542.5,567416567.5
2025-08-01 02:08:31 PM,6355.5,32,203376.0,567619943.5
2025-08-01 02:08:31 PM,6350.0,0,0.0,567619943.5
2025-08-01 02:08:32 PM,6350.0,51,323850.0,567943793.5
2025-08-01 02:08:32 PM,6356.5,0,0.0,567943793.5
2025-08-01 02:08:32 PM,6363.0,151,960813.0,568904606.5
2025-08-01 02:08:33 PM,6352.5,0,0.0,568904606.5
2025-08-01 02:08:33 PM,6350.0,0,0.0,568904606.5
2025-08-01 02:08:33 PM,6350.0,956,6070600.0,574975206.5
2025-08-01 02:08:34 PM,6350.0,6,38100.0,575013306.5
2025-08-01 02:08:34 PM,6350.0,25,158750.0,575172056.5
2025-08-01 02:08:36 PM,6351.5,0,0.0,575172056.5
2025-08-01 02:08:36 PM,6351.5,146,927319.0,576099375.5
2025-08-01 02:08:36 PM,6356.0,22,139832.0,576239207.5
2025-08-01 02:08:36 PM,6351.0,0,0.0,576239207.5
2025-08-01 02:08:37 PM,6351.0,61,387411.0,576626618.5
2025-08-01 02:08:37 PM,6356.0,0,0.0,576626618.5
2025-08-01 02:08:37 PM,6356.0,10,63560.0,576690178.5
2025-08-01 02:08:38 PM,6342.0,0,0.0,576690178.5
2025-08-01 02:08:38 PM,6344.0,920,5836480.0,582526658.5
2025-08-01 02:08:38 PM,6343.5,0,0.0,582526658.5
2025-08-01 02:08:38 PM,6343.5,13,82465.5,582609124.0
2025-08-01 02:08:39 PM,6350.0,0,0.0,582609124.0
2025-08-01 02:08:39 PM,6348.5,120,761820.0,583370944.0
2025-08-01 02:08:40 PM,6347.0,0,0.0,583370944.0
2025-08-01 02:08:40 PM,6347.0,11,69817.0,583440761.0
2025-08-01 02:08:40 PM,6342.0,0,0.0,583440761.0
2025-08-01 02:08:40 PM,6342.0,45,285390.0,583726151.0
2025-08-01 02:08:41 PM,6340.0,0,0.0,583726151.0
2025-08-01 02:08:41 PM,6345.5,55,349002.5,584075153.5
2025-08-01 02:08:41 PM,6340.0,0,0.0,584075153.5
2025-08-01 02:08:41 PM,6340.0,3,19020.0,584094173.5
2025-08-01 02:08:42 PM,6338.0,195,1235910.0,585330083.5
2025-08-01 02:08:42 PM,6329.0,0,0.0,585330083.5
2025-08-01 02:08:42 PM,6329.0,8,50632.0,585380715.5
2025-08-01 02:08:43 PM,6326.0,78,493428.0,585874143.5
2025-08-01 02:08:43 PM,6326.0,6,37956.0,585912099.5
2025-08-01 02:08:44 PM,6332.0,0,0.0,585912099.5
2025-08-01 02:08:44 PM,6325.0,67,423775.0,586335874.5
2025-08-01 02:08:45 PM,6311.0,87,549057.0,586884931.5
2025-08-01 02:08:45 PM,6320.0,0,0.0,586884931.5
2025-08-01 02:08:45 PM,6320.0,41,259120.0,587144051.5
2025-08-01 02:08:46 PM,6329.0,0,0.0,587144051.5
2025-08-01 02:08:46 PM,6325.0,29,183425.0,587327476.5
2025-08-01 02:08:46 PM,6326.0,12,75912.0,587403388.5
2025-08-01 02:08:47 PM,6333.5,0,0.0,587403388.5
2025-08-01 02:08:47 PM,6315.5,179,1130474.5,588533863.0
2025-08-01 02:08:47 PM,6326.0,16,101216.0,588635079.0
2025-08-01 02:08:48 PM,6331.0,0,0.0,588635079.0
2025-08-01 02:08:48 PM,6311.0,625,3944375.0,592579454.0
2025-08-01 02:08:48 PM,6325.0,12,75900.0,592655354.0
2025-08-01 02:08:49 PM,6312.0,0,0.0,592655354.0
2025-08-01 02:08:49 PM,6311.5,83,523854.5,593179208.5
2025-08-01 02:08:49 PM,6311.5,3,18934.5,593198143.0
2025-08-01 02:08:50 PM,6317.5,0,0.0,593198143.0
2025-08-01 02:08:50 PM,6317.5,58,366415.0,593564558.0
2025-08-01 02:08:51 PM,6312.5,0,0.0,593564558.0
2025-08-01 02:08:51 PM,6322.5,39,246577.5,593811135.5
2025-08-01 02:08:51 PM,6321.5,0,0.0,593811135.5
2025-08-01 02:08:51 PM,6321.5,1,6321.5,593817457.0
2025-08-01 02:08:52 PM,6320.0,0,0.0,593817457.0
2025-08-01 02:08:52 PM,6321.5,54,341361.0,594158818.0
2025-08-01 02:08:53 PM,6320.0,0,0.0,594158818.0
2025-08-01 02:08:53 PM,6320.0,6,37920.0,594196738.0
2025-08-01 02:08:54 PM,6312.0,0,0.0,594196738.0
2025-08-01 02:08:54 PM,6326.0,136,860336.0,595057074.0
2025-08-01 02:08:55 PM,6331.0,0,0.0,595057074.0
2025-08-01 02:08:56 PM,6331.0,250,1582750.0,596639824.0
2025-08-01 02:08:56 PM,6341.0,0,0.0,596639824.0
2025-08-01 02:08:57 PM,6341.0,106,672146.0,597311970.0
2025-08-01 02:08:57 PM,6341.5,30,190245.0,597502215.0
2025-08-01 02:08:57 PM,6346.5,0,0.0,597502215.0
2025-08-01 02:08:57 PM,6331.5,0,0.0,597502215.0
2025-08-01 02:08:58 PM,6345.5,113,717041.5,598219256.5
2025-08-01 02:08:58 PM,6331.5,0,0.0,598219256.5
2025-08-01 02:08:59 PM,6331.5,52,329238.0,598548494.5
2025-08-01 02:08:59 PM,6331.0,1,6331.0,598554825.5
2025-08-01 02:08:59 PM,6336.0,0,0.0,598554825.5
2025-08-01 02:08:59 PM,6339.0,0,0.0,598554825.5
2025-08-01 02:09:00 PM,6339.0,26,164814.0,598719639.5
2025-08-01 02:09:00 PM,6341.0,6,38046.0,598757685.5
2025-08-01 02:09:00 PM,6338.0,0,0.0,598757685.5
2025-08-01 02:09:01 PM,6338.0,10,63380.0,598821065.5
2025-08-01 02:09:01 PM,6337.5,0,0.0,598821065.5
2025-08-01 02:09:02 PM,6337.5,25,158437.5,598979503.0
2025-08-01 02:09:02 PM,6344.5,0,0.0,598979503.0
2025-08-01 02:09:03 PM,6344.5,105,666172.5,599645675.5
2025-08-01 02:09:03 PM,6349.0,0,0.0,599645675.5
2025-08-01 02:09:04 PM,6340.0,0,0.0,599645675.5
2025-08-01 02:09:04 PM,6340.0,400,2536000.0,602181675.5
2025-08-01 02:09:04 PM,6343.5,0,0.0,602181675.5
2025-08-01 02:09:05 PM,6342.5,13,82452.5,602264128.0
2025-08-01 02:09:06 PM,6344.0,0,0.0,602264128.0
2025-08-01 02:09:06 PM,6344.0,5,31720.0,602295848.0
2025-08-01 02:09:06 PM,6347.0,0,0.0,602295848.0
2025-08-01 02:09:07 PM,6347.0,101,641047.0,602936895.0
2025-08-01 02:09:07 PM,6355.5,0,0.0,602936895.0
2025-08-01 02:09:08 PM,6349.0,21,133329.0,603070224.0
2025-08-01 02:09:09 PM,6350.0,0,0.0,603070224.0
2025-08-01 02:09:09 PM,6355.0,25,158875.0,603229099.0
2025-08-01 02:09:10 PM,6350.5,5,31752.5,603260851.5
2025-08-01 02:09:11 PM,6350.0,0,0.0,603260851.5
2025-08-01 02:09:11 PM,6344.0,126,799344.0,604060195.5
2025-08-01 02:09:12 PM,6340.0,180,1141200.0,605201395.5
2025-08-01 02:09:13 PM,6347.5,0,0.0,605201395.5
2025-08-01 02:09:13 PM,6347.5,29,184077.5,605385473.0
2025-08-01 02:09:13 PM,6352.0,0,0.0,605385473.0
2025-08-01 02:09:13 PM,6352.0,27,171504.0,605556977.0
2025-08-01 02:09:14 PM,6356.0,0,0.0,605556977.0
2025-08-01 02:09:14 PM,6351.0,67,425517.0,605982494.0
2025-08-01 02:09:15 PM,6355.0,0,0.0,605982494.0
2025-08-01 02:09:16 PM,6355.0,24,152520.0,606135014.0
2025-08-01 02:09:16 PM,6350.5,0,0.0,606135014.0
2025-08-01 02:09:16 PM,6350.5,7,44453.5,606179467.5
2025-08-01 02:09:16 PM,6350.0,0,0.0,606179467.5
2025-08-01 02:09:17 PM,6354.5,37,235116.5,606414584.0
2025-08-01 02:09:17 PM,6355.0,0,0.0,606414584.0
2025-08-01 02:09:17 PM,6355.0,2,12710.0,606427294.0
2025-08-01 02:09:17 PM,6356.0,0,0.0,606427294.0
2025-08-01 02:09:18 PM,6356.0,108,686448.0,607113742.0
2025-08-01 02:09:18 PM,6355.0,15,95325.0,607209067.0
2025-08-01 02:09:18 PM,6356.0,0,0.0,607209067.0
2025-08-01 02:09:19 PM,6356.0,11,69916.0,607278983.0
2025-08-01 02:09:19 PM,6350.5,0,0.0,607278983.0
2025-08-01 02:09:20 PM,6350.5,10,63505.0,607342488.0
2025-08-01 02:09:21 PM,6356.0,0,0.0,607342488.0
2025-08-01 02:09:21 PM,6365.0,0,0.0,607342488.0
2025-08-01 02:09:22 PM,6365.0,209,1330285.0,608672773.0
2025-08-01 02:09:22 PM,6374.5,0,0.0,608672773.0
2025-08-01 02:09:23 PM,6365.5,499,3176384.5,611849157.5
2025-08-01 02:09:23 PM,6365.0,0,0.0,611849157.5
2025-08-01 02:09:24 PM,6365.0,7,44555.0,611893712.5
2025-08-01 02:09:24 PM,6365.0,102,649230.0,612542942.5
2025-08-01 02:09:25 PM,6360.5,4,25442.0,612568384.5
2025-08-01 02:09:25 PM,6360.0,0,0.0,612568384.5
2025-08-01 02:09:26 PM,6360.0,26,165360.0,612733744.5
2025-08-01 02:09:26 PM,6360.5,0,0.0,612733744.5
2025-08-01 02:09:27 PM,6360.5,22,139931.0,612873675.5
2025-08-01 02:09:28 PM,6360.5,3,19081.5,612892757.0
2025-08-01 02:09:29 PM,6360.0,8,50880.0,612943637.0
2025-08-01 02:09:29 PM,6360.0,68,432480.0,613376117.0
2025-08-01 02:09:30 PM,6361.0,1,6361.0,613382478.0
2025-08-01 02:09:30 PM,6364.5,0,0.0,613382478.0
2025-08-01 02:09:31 PM,6360.0,0,0.0,613382478.0
2025-08-01 02:09:31 PM,6365.0,75,477375.0,613859853.0
2025-08-01 02:09:31 PM,6360.5,2,12721.0,613872574.0
2025-08-01 02:09:31 PM,6364.5,0,0.0,613872574.0
2025-08-01 02:09:32 PM,6364.5,52,330954.0,614203528.0
2025-08-01 02:09:34 PM,6361.0,0,0.0,614203528.0
2025-08-01 02:09:34 PM,6364.5,37,235486.5,614439014.5
2025-08-01 02:09:35 PM,6364.5,12,76374.0,614515388.5
2025-08-01 02:09:36 PM,6363.5,753,4791715.5,619307104.0
2025-08-01 02:09:37 PM,6360.0,0,0.0,619307104.0
2025-08-01 02:09:37 PM,6360.0,439,2792040.0,622099144.0
2025-08-01 02:09:38 PM,6363.0,658,4186854.0,626285998.0
2025-08-01 02:09:39 PM,6360.0,0,0.0,626285998.0
2025-08-01 02:09:39 PM,6360.0,836,5316960.0,631602958.0
2025-08-01 02:09:40 PM,6351.0,0,0.0,631602958.0
2025-08-01 02:09:40 PM,6357.0,41,260637.0,631863595.0
2025-08-01 02:09:41 PM,6350.0,203,1289050.0,633152645.0
2025-08-01 02:09:41 PM,6331.0,0,0.0,633152645.0
2025-08-01 02:09:42 PM,6331.5,95,601492.5,633754137.5
2025-08-01 02:09:43 PM,6338.0,4,25352.0,633779489.5
2025-08-01 02:09:44 PM,6331.0,0,0.0,633779489.5
2025-08-01 02:09:44 PM,6333.0,0,0.0,633779489.5
2025-08-01 02:09:45 PM,6333.0,29,183657.0,633963146.5
2025-08-01 02:09:45 PM,6340.0,0,0.0,633963146.5
2025-08-01 02:09:46 PM,6340.0,11,69740.0,634032886.5
2025-08-01 02:09:47 PM,6334.0,8,50672.0,634083558.5
2025-08-01 02:09:47 PM,6333.0,0,0.0,634083558.5
2025-08-01 02:09:48 PM,6333.0,5,31665.0,634115223.5
2025-08-01 02:09:49 PM,6340.5,1,6340.5,634121564.0
2025-08-01 02:09:49 PM,6342.0,0,0.0,634121564.0
2025-08-01 02:09:50 PM,6342.0,40,253680.0,634375244.0
2025-08-01 02:09:50 PM,6334.0,30,190020.0,634565264.0
2025-08-01 02:09:50 PM,6342.0,0,0.0,634565264.0
2025-08-01 02:09:51 PM,6342.0,10,63420.0,634628684.0
2025-08-01 02:09:52 PM,6346.0,0,0.0,634628684.0
2025-08-01 02:09:53 PM,6346.0,25,158650.0,634787334.0
2025-08-01 02:09:53 PM,6348.0,10,63480.0,634850814.0
2025-08-01 02:09:55 PM,6342.5,21,133192.5,634984006.5
2025-08-01 02:09:55 PM,6342.5,14,88795.0,635072801.5
2025-08-01 02:09:56 PM,6340.0,20,126800.0,635199601.5
2025-08-01 02:09:57 PM,6345.0,1,6345.0,635205946.5
2025-08-01 02:09:57 PM,6350.0,0,0.0,635205946.5
2025-08-01 02:09:58 PM,6350.0,53,336550.0,635542496.5
2025-08-01 02:09:58 PM,6349.0,0,0.0,635542496.5
2025-08-01 02:09:59 PM,6349.0,7,44443.0,635586939.5
2025-08-01 02:09:59 PM,6348.0,0,0.0,635586939.5
2025-08-01 02:10:00 PM,6346.0,0,0.0,635586939.5
2025-08-01 02:10:00 PM,6346.0,5,31730.0,635618669.5
2025-08-01 02:10:02 PM,6344.5,68,431426.0,636050095.5
2025-08-01 02:10:03 PM,6344.5,5,31722.5,636081818.0
2025-08-01 02:10:03 PM,6341.5,0,0.0,636081818.0
2025-08-01 02:10:04 PM,6348.5,0,0.0,636081818.0
2025-08-01 02:10:04 PM,6346.0,68,431528.0,636513346.0
2025-08-01 02:10:04 PM,6346.0,1,6346.0,636519692.0
2025-08-01 02:10:05 PM,6346.0,1,6346.0,636526038.0
2025-08-01 02:10:06 PM,6346.0,2,12692.0,636538730.0
2025-08-01 02:10:07 PM,6340.0,54,342360.0,636881090.0
2025-08-01 02:10:09 PM,6338.5,0,0.0,636881090.0
2025-08-01 02:10:09 PM,6338.5,2,12677.0,636893767.0
2025-08-01 02:10:09 PM,6330.0,210,1329300.0,638223067.0
2025-08-01 02:10:10 PM,6330.0,51,322830.0,638545897.0
2025-08-01 02:10:10 PM,6335.5,0,0.0,638545897.0
2025-08-01 02:10:11 PM,6339.5,0,0.0,638545897.0
2025-08-01 02:10:11 PM,6339.5,104,659308.0,639205205.0
2025-08-01 02:10:11 PM,6345.5,25,158637.5,639363842.5
2025-08-01 02:10:12 PM,6345.5,3,19036.5,639382879.0
2025-08-01 02:10:13 PM,6340.0,0,0.0,639382879.0
2025-08-01 02:10:13 PM,6340.0,20,126800.0,639509679.0
2025-08-01 02:10:14 PM,6340.0,80,507200.0,640016879.0
2025-08-01 02:10:15 PM,6332.5,0,0.0,640016879.0
2025-08-01 02:10:16 PM,6332.5,100,633250.0,640650129.0
2025-08-01 02:10:18 PM,6332.0,10,63320.0,640713449.0
2025-08-01 02:10:19 PM,6336.5,0,0.0,640713449.0
2025-08-01 02:10:20 PM,6336.5,61,386526.5,641099975.5
2025-08-01 02:10:20 PM,6330.0,0,0.0,641099975.5
2025-08-01 02:10:21 PM,6330.0,5,31650.0,641131625.5
2025-08-01 02:10:21 PM,6328.0,0,0.0,641131625.5
2025-08-01 02:10:21 PM,6328.0,178,1126384.0,642258009.5
2025-08-01 02:10:22 PM,6326.0,50,316300.0,642574309.5
2025-08-01 02:10:22 PM,6333.5,0,0.0,642574309.5
2025-08-01 02:10:23 PM,6333.5,100,633350.0,643207659.5
2025-08-01 02:10:23 PM,6326.5,0,0.0,643207659.5
2025-08-01 02:10:24 PM,6326.5,10,63265.0,643270924.5
2025-08-01 02:10:24 PM,6327.0,0,0.0,643270924.5
2025-08-01 02:10:24 PM,6326.0,52,328952.0,643599876.5
2025-08-01 02:10:24 PM,6340.0,0,0.0,643599876.5
2025-08-01 02:10:25 PM,6340.0,502,3182680.0,646782556.5
2025-08-01 02:10:25 PM,6342.5,0,0.0,646782556.5
2025-08-01 02:10:25 PM,6342.5,2,12685.0,646795241.5
2025-08-01 02:10:26 PM,6342.5,1,6342.5,646801584.0
2025-08-01 02:10:26 PM,6350.0,0,0.0,646801584.0
2025-08-01 02:10:26 PM,6342.5,11,69767.5,646871351.5
2025-08-01 02:10:26 PM,6342.0,0,0.0,646871351.5
2025-08-01 02:10:27 PM,6342.0,40,253680.0,647125031.5
2025-08-01 02:10:27 PM,6340.0,0,0.0,647125031.5
2025-08-01 02:10:28 PM,6340.0,8,50720.0,647175751.5
2025-08-01 02:10:28 PM,6339.5,5,31697.5,647207449.0
2025-08-01 02:10:29 PM,6350.0,0,0.0,647207449.0
2025-08-01 02:10:30 PM,6350.0,40,254000.0,647461449.0
2025-08-01 02:10:30 PM,6349.0,0,0.0,647461449.0
2025-08-01 02:10:30 PM,6342.0,0,0.0,647461449.0
2025-08-01 02:10:31 PM,6342.0,21,133182.0,647594631.0
2025-08-01 02:10:31 PM,6340.5,0,0.0,647594631.0
2025-08-01 02:10:32 PM,6340.5,15,95107.5,647689738.5
2025-08-01 02:10:32 PM,6340.0,0,0.0,647689738.5
2025-08-01 02:10:33 PM,6340.0,5,31700.0,647721438.5
2025-08-01 02:10:33 PM,6349.0,1,6349.0,647727787.5
2025-08-01 02:10:33 PM,6333.5,0,0.0,647727787.5
2025-08-01 02:10:34 PM,6333.5,101,639683.5,648367471.0
2025-08-01 02:10:34 PM,6347.0,2,12694.0,648380165.0
2025-08-01 02:10:35 PM,6340.0,1,6340.0,648386505.0
2025-08-01 02:10:36 PM,6338.5,26,164801.0,648551306.0
2025-08-01 02:10:37 PM,6332.5,32,202640.0,648753946.0
2025-08-01 02:10:37 PM,6340.0,0,0.0,648753946.0
2025-08-01 02:10:38 PM,6340.0,4,25360.0,648779306.0
2025-08-01 02:10:38 PM,6330.0,0,0.0,648779306.0
2025-08-01 02:10:38 PM,6330.0,81,512730.0,649292036.0
2025-08-01 02:10:38 PM,6333.0,0,0.0,649292036.0
2025-08-01 02:10:39 PM,6333.0,1,6333.0,649298369.0
2025-08-01 02:10:39 PM,6333.0,1,6333.0,649304702.0
2025-08-01 02:10:40 PM,6333.5,0,0.0,649304702.0
2025-08-01 02:10:40 PM,6333.5,26,164671.0,649469373.0
2025-08-01 02:10:42 PM,6333.0,0,0.0,649469373.0
2025-08-01 02:10:42 PM,6333.0,47,297651.0,649767024.0
2025-08-01 02:10:42 PM,6339.0,0,0.0,649767024.0
2025-08-01 02:10:43 PM,6339.0,2,12678.0,649779702.0
2025-08-01 02:10:43 PM,6339.5,0,0.0,649779702.0
2025-08-01 02:10:44 PM,6339.5,5,31697.5,649811399.5
2025-08-01 02:10:46 PM,6335.0,0,0.0,649811399.5
2025-08-01 02:10:47 PM,6335.0,25,158375.0,649969774.5
2025-08-01 02:10:48 PM,6335.0,1,6335.0,649976109.5
2025-08-01 02:10:48 PM,6368.5,0,0.0,649976109.5
2025-08-01 02:10:49 PM,6361.5,0,0.0,649976109.5
2025-08-01 02:10:49 PM,6361.5,663,4217674.5,654193784.0
2025-08-01 02:10:49 PM,6370.0,0,0.0,654193784.0
2025-08-01 02:10:50 PM,6369.5,0,0.0,654193784.0
2025-08-01 02:10:50 PM,6369.5,75,477712.5,654671496.5
2025-08-01 02:10:51 PM,6370.5,11,70075.5,654741572.0
2025-08-01 02:10:53 PM,6369.0,5,31845.0,654773417.0
2025-08-01 02:10:53 PM,6369.5,0,0.0,654773417.0
2025-08-01 02:10:53 PM,6360.0,0,0.0,654773417.0
2025-08-01 02:10:54 PM,6360.0,198,1259280.0,656032697.0
