date,price,qty,trnvr,cum_trnvr
2025-08-01 09:15:02 AM,105.22,47240,4970592.8,4970592.8
2025-08-01 09:15:02 AM,105.18,0,0.0,4970592.8
2025-08-01 09:15:03 AM,105.15,0,0.0,4970592.8
2025-08-01 09:15:04 AM,105.2,21201,2230345.2,7200938.0
2025-08-01 09:15:11 AM,104.86,0,0.0,7200938.0
2025-08-01 09:15:12 AM,104.94,0,0.0,7200938.0
2025-08-01 09:15:14 AM,104.86,67844,7114121.84,14315059.84
2025-08-01 09:15:16 AM,104.86,4897,513499.42,14828559.26
2025-08-01 09:15:21 AM,104.97,0,0.0,14828559.26
2025-08-01 09:15:22 AM,105.1,0,0.0,14828559.26
2025-08-01 09:15:24 AM,105.09,18486,1942693.74,16771253.0
2025-08-01 09:15:26 AM,105.13,1066,112068.58,16883321.58
2025-08-01 09:15:28 AM,105.07,0,0.0,16883321.58
2025-08-01 09:15:32 AM,105.21,0,0.0,16883321.58
2025-08-01 09:15:33 AM,105.21,12910,1358261.0999999999,18241582.68
2025-08-01 09:15:34 AM,105.1,3965,416721.5,18658304.18
2025-08-01 09:15:36 AM,105.07,0,0.0,18658304.18
2025-08-01 09:15:40 AM,105.18,0,0.0,18658304.18
2025-08-01 09:15:41 AM,105.11,3185,334775.35,18993079.53
2025-08-01 09:15:43 AM,105.11,640,67270.4,19060349.93
2025-08-01 09:15:45 AM,105.15,0,0.0,19060349.93
2025-08-01 09:15:49 AM,105.13,8582,902225.6599999999,19962575.59
2025-08-01 09:15:51 AM,105.1,14281,1500933.0999999999,21463508.69
2025-08-01 09:15:57 AM,105.11,12807,1346143.77,22809652.46
2025-08-01 09:15:59 AM,105.01,204,21422.04,22831074.5
2025-08-01 09:16:02 AM,104.98,0,0.0,22831074.5
2025-08-01 09:16:05 AM,104.93,0,0.0,22831074.5
2025-08-01 09:16:06 AM,104.93,44849,4706005.57,27537080.07
2025-08-01 09:16:07 AM,104.82,4319,452717.57999999996,27989797.65
2025-08-01 09:16:10 AM,104.75,0,0.0,27989797.65
2025-08-01 09:16:14 AM,104.71,19738,2066765.98,30056563.63
2025-08-01 09:16:15 AM,104.78,4133,433055.74,30489619.369999997
2025-08-01 09:16:16 AM,104.86,0,0.0,30489619.369999997
2025-08-01 09:16:22 AM,104.8,14797,1550725.5999999999,32040344.97
2025-08-01 09:16:24 AM,104.88,476,49922.88,32090267.849999998
2025-08-01 09:16:27 AM,104.85,0,0.0,32090267.849999998
2025-08-01 09:16:29 AM,104.8,0,0.0,32090267.849999998
2025-08-01 09:16:30 AM,104.91,111132,11658858.12,43749125.97
2025-08-01 09:16:32 AM,104.9,808,84759.20000000001,43833885.17
2025-08-01 09:16:39 AM,104.89,39499,4143050.11,47976935.28
2025-08-01 09:16:40 AM,104.9,3798,398410.2,48375345.480000004
2025-08-01 09:16:47 AM,104.97,14980,1572450.6,49947796.080000006
2025-08-01 09:16:48 AM,104.91,96,10071.36,49957867.440000005
2025-08-01 09:16:49 AM,104.98,0,0.0,49957867.440000005
2025-08-01 09:16:55 AM,104.99,13997,1469545.03,51427412.470000006
2025-08-01 09:16:56 AM,104.99,2,209.98,51427622.45
2025-08-01 09:16:57 AM,105.0,0,0.0,51427622.45
2025-08-01 09:17:03 AM,104.99,14201,1490962.99,52918585.440000005
2025-08-01 09:17:05 AM,105.0,3210,337050.0,53255635.440000005
2025-08-01 09:17:07 AM,105.02,0,0.0,53255635.440000005
2025-08-01 09:17:12 AM,105.09,32778,3444640.02,56700275.46000001
2025-08-01 09:17:13 AM,105.08,479,50333.32,56750608.78000001
2025-08-01 09:17:15 AM,105.03,0,0.0,56750608.78000001
2025-08-01 09:17:17 AM,105.08,0,0.0,56750608.78000001
2025-08-01 09:17:20 AM,105.08,2372,249249.76,56999858.54000001
2025-08-01 09:17:21 AM,105.08,300,31524.0,57031382.54000001
2025-08-01 09:17:23 AM,105.09,0,0.0,57031382.54000001
2025-08-01 09:17:25 AM,105.06,0,0.0,57031382.54000001
2025-08-01 09:17:28 AM,105.11,39482,4149953.02,61181335.56000001
2025-08-01 09:17:29 AM,105.09,10,1050.9,61182386.46000001
2025-08-01 09:17:31 AM,105.11,0,0.0,61182386.46000001
2025-08-01 09:17:36 AM,105.11,6033,634128.63,61816515.09000001
2025-08-01 09:17:37 AM,105.11,3160,332147.6,62148662.69000001
2025-08-01 09:17:39 AM,105.16,0,0.0,62148662.69000001
2025-08-01 09:17:41 AM,105.11,0,0.0,62148662.69000001
2025-08-01 09:17:45 AM,105.14,1528,160653.92,62309316.610000014
2025-08-01 09:17:46 AM,105.19,62,6521.78,62315838.390000015
2025-08-01 09:17:49 AM,105.17,0,0.0,62315838.390000015
2025-08-01 09:17:53 AM,105.15,542,56991.3,62372829.69000001
2025-08-01 09:17:54 AM,105.16,100,10516.0,62383345.69000001
2025-08-01 09:17:57 AM,105.14,0,0.0,62383345.69000001
2025-08-01 09:17:59 AM,105.17,0,0.0,62383345.69000001
2025-08-01 09:18:01 AM,105.18,1461,153667.98,62537013.67000001
2025-08-01 09:18:02 AM,105.11,5343,561602.73,63098616.400000006
2025-08-01 09:18:05 AM,105.13,0,0.0,63098616.400000006
2025-08-01 09:18:07 AM,105.18,0,0.0,63098616.400000006
2025-08-01 09:18:10 AM,105.16,3386,356071.76,63454688.160000004
2025-08-01 09:18:11 AM,105.18,50,5259.0,63459947.160000004
2025-08-01 09:18:13 AM,105.26,0,0.0,63459947.160000004
2025-08-01 09:18:15 AM,105.21,0,0.0,63459947.160000004
2025-08-01 09:18:18 AM,105.25,12113,1274893.25,64734840.410000004
2025-08-01 09:18:19 AM,105.25,1793,188713.25,64923553.660000004
2025-08-01 09:18:21 AM,105.26,0,0.0,64923553.660000004
2025-08-01 09:18:23 AM,105.3,0,0.0,64923553.660000004
2025-08-01 09:18:26 AM,105.33,39460,4156321.8,69079875.46000001
2025-08-01 09:18:27 AM,105.38,200,21076.0,69100951.46000001
2025-08-01 09:18:29 AM,105.26,0,0.0,69100951.46000001
2025-08-01 09:18:31 AM,105.29,0,0.0,69100951.46000001
2025-08-01 09:18:34 AM,105.29,4523,476226.67000000004,69577178.13000001
2025-08-01 09:18:35 AM,105.26,5,526.3000000000001,69577704.43
2025-08-01 09:18:37 AM,105.23,0,0.0,69577704.43
2025-08-01 09:18:39 AM,105.26,0,0.0,69577704.43
2025-08-01 09:18:42 AM,105.33,24533,2584060.89,72161765.32000001
2025-08-01 09:18:44 AM,105.29,2079,218897.91,72380663.23
2025-08-01 09:18:45 AM,105.32,0,0.0,72380663.23
2025-08-01 09:18:47 AM,105.31,0,0.0,72380663.23
2025-08-01 09:18:51 AM,105.37,6159,648973.8300000001,73029637.06
2025-08-01 09:18:52 AM,105.26,8504,895131.04,73924768.10000001
2025-08-01 09:18:53 AM,105.31,0,0.0,73924768.10000001
2025-08-01 09:18:55 AM,105.21,0,0.0,73924768.10000001
2025-08-01 09:18:59 AM,105.21,4036,424627.56,74349395.66000001
2025-08-01 09:19:00 AM,105.25,502,52835.5,74402231.16000001
2025-08-01 09:19:01 AM,105.21,0,0.0,74402231.16000001
2025-08-01 09:19:03 AM,105.13,0,0.0,74402231.16000001
2025-08-01 09:19:07 AM,105.11,48539,5101934.29,79504165.45000002
2025-08-01 09:19:08 AM,105.18,101,10623.18,79514788.63000003
2025-08-01 09:19:09 AM,105.13,0,0.0,79514788.63000003
2025-08-01 09:19:11 AM,105.14,0,0.0,79514788.63000003
2025-08-01 09:19:15 AM,105.14,7741,813888.74,80328677.37000002
2025-08-01 09:19:16 AM,105.16,3990,419588.39999999997,80748265.77000003
2025-08-01 09:19:17 AM,105.1,0,0.0,80748265.77000003
2025-08-01 09:19:19 AM,105.15,0,0.0,80748265.77000003
2025-08-01 09:19:23 AM,105.16,30676,3225888.1599999997,83974153.93000002
2025-08-01 09:19:24 AM,105.15,603,63405.450000000004,84037559.38000003
2025-08-01 09:19:24 AM,105.13,0,0.0,84037559.38000003
2025-08-01 09:19:26 AM,105.16,0,0.0,84037559.38000003
2025-08-01 09:19:31 AM,105.15,82333,8657314.950000001,92694874.33000003
2025-08-01 09:19:31 AM,105.1,0,0.0,92694874.33000003
2025-08-01 09:19:33 AM,105.11,941,98908.51,92793782.84000003
2025-08-01 09:19:34 AM,105.15,0,0.0,92793782.84000003
2025-08-01 09:19:39 AM,105.09,6678,701791.02,93495573.86000003
2025-08-01 09:19:41 AM,105.09,129,13556.61,93509130.47000003
2025-08-01 09:19:42 AM,105.08,0,0.0,93509130.47000003
2025-08-01 09:19:47 AM,105.02,4981,523104.62,94032235.09000003
2025-08-01 09:19:47 AM,105.07,0,0.0,94032235.09000003
2025-08-01 09:19:48 AM,105.09,0,0.0,94032235.09000003
2025-08-01 09:19:49 AM,105.16,51132,5377041.12,99409276.21000004
2025-08-01 09:19:55 AM,105.14,1447,152137.58,99561413.79000004
2025-08-01 09:19:56 AM,105.17,0,0.0,99561413.79000004
2025-08-01 09:19:57 AM,105.16,215,22609.399999999998,99584023.19000004
2025-08-01 09:20:03 AM,105.08,4697,493560.76,100077583.95000005
2025-08-01 09:20:05 AM,105.08,87,9141.96,100086725.91000004
2025-08-01 09:20:10 AM,104.98,0,0.0,100086725.91000004
2025-08-01 09:20:11 AM,104.94,23837,2501454.78,102588180.69000004
2025-08-01 09:20:13 AM,104.94,6,629.64,102588810.33000004
2025-08-01 09:20:19 AM,104.94,3433,360259.02,102949069.35000004
2025-08-01 09:20:19 AM,104.99,0,0.0,102949069.35000004
2025-08-01 09:20:21 AM,104.9,12568,1318383.2000000002,104267452.55000004
2025-08-01 09:20:24 AM,104.92,0,0.0,104267452.55000004
2025-08-01 09:20:27 AM,105.0,20419,2143995.0,106411447.55000004
2025-08-01 09:20:27 AM,104.96,0,0.0,106411447.55000004
2025-08-01 09:20:29 AM,104.96,1010,106009.59999999999,106517457.15000004
2025-08-01 09:20:31 AM,104.94,0,0.0,106517457.15000004
2025-08-01 09:20:35 AM,104.98,4307,452148.86000000004,106969606.01000004
2025-08-01 09:20:36 AM,104.98,52,5458.96,106975064.97000003
2025-08-01 09:20:41 AM,105.0,0,0.0,106975064.97000003
2025-08-01 09:20:43 AM,105.0,559,58695.0,107033759.97000003
2025-08-01 09:20:44 AM,105.02,8471,889624.4199999999,107923384.39000003
2025-08-01 09:20:44 AM,104.94,0,0.0,107923384.39000003
2025-08-01 09:20:50 AM,104.94,13492,1415850.48,109339234.87000003
2025-08-01 09:20:52 AM,104.9,240,25176.0,109364410.87000003
2025-08-01 09:20:52 AM,104.94,0,0.0,109364410.87000003
2025-08-01 09:20:56 AM,104.91,0,0.0,109364410.87000003
2025-08-01 09:20:58 AM,104.92,1172,122966.24,109487377.11000003
2025-08-01 09:20:58 AM,104.93,0,0.0,109487377.11000003
2025-08-01 09:20:59 AM,104.94,3787,397407.77999999997,109884784.89000003
2025-08-01 09:21:02 AM,104.89,0,0.0,109884784.89000003
2025-08-01 09:21:04 AM,104.9,0,0.0,109884784.89000003
2025-08-01 09:21:06 AM,104.9,14078,1476782.2000000002,111361567.09000003
2025-08-01 09:21:07 AM,104.9,2530,265397.0,111626964.09000003
2025-08-01 09:21:10 AM,104.88,0,0.0,111626964.09000003
2025-08-01 09:21:12 AM,104.96,0,0.0,111626964.09000003
2025-08-01 09:21:14 AM,104.95,34639,3635363.0500000003,115262327.14000003
2025-08-01 09:21:15 AM,104.95,3,314.85,115262641.99000002
2025-08-01 09:21:16 AM,104.94,0,0.0,115262641.99000002
2025-08-01 09:21:18 AM,104.86,0,0.0,115262641.99000002
2025-08-01 09:21:22 AM,104.82,84726,8880979.32,124143621.31000003
2025-08-01 09:21:23 AM,104.8,5795,607316.0,124750937.31000003
2025-08-01 09:21:24 AM,104.82,0,0.0,124750937.31000003
2025-08-01 09:21:29 AM,104.78,21954,2300340.12,127051277.43000004
2025-08-01 09:21:30 AM,104.76,1013,106121.88,127157399.31000003
2025-08-01 09:21:32 AM,104.78,0,0.0,127157399.31000003
2025-08-01 09:21:37 AM,104.81,4373,458334.13,127615733.44000003
2025-08-01 09:21:38 AM,104.81,102,10690.62,127626424.06000003
2025-08-01 09:21:42 AM,104.7,0,0.0,127626424.06000003
2025-08-01 09:21:45 AM,104.73,20087,2103711.5100000002,129730135.57000004
2025-08-01 09:21:46 AM,104.7,1502,157259.4,129887394.97000004
2025-08-01 09:21:51 AM,104.65,0,0.0,129887394.97000004
2025-08-01 09:21:52 AM,104.7,21584,2259844.8000000003,132147239.77000004
2025-08-01 09:21:53 AM,104.65,441,46150.65,132193390.42000005
2025-08-01 09:21:55 AM,104.69,0,0.0,132193390.42000005
2025-08-01 09:21:59 AM,104.63,0,0.0,132193390.42000005
2025-08-01 09:22:00 AM,104.63,1562,163432.06,132356822.48000005
2025-08-01 09:22:01 AM,104.62,203,21237.86,132378060.34000005
2025-08-01 09:22:03 AM,104.6,0,0.0,132378060.34000005
2025-08-01 09:22:06 AM,104.7,0,0.0,132378060.34000005
2025-08-01 09:22:07 AM,104.73,28316,2965534.68,135343595.02000004
2025-08-01 09:22:09 AM,104.74,722,75622.28,135419217.30000004
2025-08-01 09:22:09 AM,104.76,0,0.0,135419217.30000004
2025-08-01 09:22:12 AM,104.73,0,0.0,135419217.30000004
2025-08-01 09:22:15 AM,104.74,1949,204138.25999999998,135623355.56000003
2025-08-01 09:22:17 AM,104.76,90,9428.4,135632783.96000004
2025-08-01 09:22:17 AM,104.74,0,0.0,135632783.96000004
2025-08-01 09:22:20 AM,104.75,0,0.0,135632783.96000004
2025-08-01 09:22:23 AM,104.73,3976,416406.48000000004,136049190.44000003
2025-08-01 09:22:24 AM,104.73,48,5027.04,136054217.48000002
2025-08-01 09:22:27 AM,104.7,0,0.0,136054217.48000002
2025-08-01 09:22:30 AM,104.66,2902,303723.32,136357940.8
2025-08-01 09:22:31 AM,104.67,0,0.0,136357940.8
2025-08-01 09:22:32 AM,104.67,60,6280.2,136364221.0
2025-08-01 09:22:34 AM,104.68,0,0.0,136364221.0
2025-08-01 09:22:38 AM,104.78,122113,12795000.14,149159221.14
2025-08-01 09:22:39 AM,104.74,0,0.0,149159221.14
2025-08-01 09:22:40 AM,104.74,4406,461484.44,149620705.57999998
2025-08-01 09:22:45 AM,104.75,0,0.0,149620705.57999998
2025-08-01 09:22:46 AM,104.7,1587,166158.9,149786864.48
2025-08-01 09:22:47 AM,104.77,205,21477.85,149808342.32999998
2025-08-01 09:22:51 AM,104.74,0,0.0,149808342.32999998
2025-08-01 09:22:53 AM,104.71,2898,303449.57999999996,150111791.91
2025-08-01 09:22:55 AM,104.75,8101,848579.75,150960371.66
2025-08-01 09:22:57 AM,104.77,0,0.0,150960371.66
2025-08-01 09:23:00 AM,104.76,0,0.0,150960371.66
2025-08-01 09:23:01 AM,104.76,392,41065.920000000006,151001437.57999998
2025-08-01 09:23:02 AM,104.77,1930,202206.1,151203643.67999998
2025-08-01 09:23:05 AM,104.75,0,0.0,151203643.67999998
2025-08-01 09:23:07 AM,104.71,0,0.0,151203643.67999998
2025-08-01 09:23:08 AM,104.67,33095,3464053.65,154667697.32999998
2025-08-01 09:23:10 AM,104.67,1341,140362.47,154808059.79999998
2025-08-01 09:23:11 AM,104.69,0,0.0,154808059.79999998
2025-08-01 09:23:16 AM,104.67,4087,427786.29,155235846.08999997
2025-08-01 09:23:18 AM,104.66,3584,375101.44,155610947.52999997
2025-08-01 09:23:19 AM,104.67,0,0.0,155610947.52999997
2025-08-01 09:23:24 AM,104.67,1235,129267.45,155740214.97999996
2025-08-01 09:23:25 AM,104.69,0,0.0,155740214.97999996
2025-08-01 09:23:26 AM,104.69,6,628.14,155740843.11999995
2025-08-01 09:23:31 AM,104.57,0,0.0,155740843.11999995
2025-08-01 09:23:31 AM,104.57,129114,13501450.979999999,169242294.09999993
2025-08-01 09:23:33 AM,104.62,515,53879.3,169296173.39999995
2025-08-01 09:23:38 AM,104.64,0,0.0,169296173.39999995
2025-08-01 09:23:39 AM,104.64,1355,141787.2,169437960.59999993
2025-08-01 09:23:45 AM,104.62,0,0.0,169437960.59999993
2025-08-01 09:23:46 AM,104.55,11889,1242994.95,170680955.54999992
2025-08-01 09:23:48 AM,104.66,52101,5452890.66,176133846.20999992
2025-08-01 09:23:51 AM,104.71,0,0.0,176133846.20999992
2025-08-01 09:23:54 AM,104.71,2302,241042.41999999998,176374888.6299999
2025-08-01 09:23:56 AM,104.64,100,10464.0,176385352.6299999
2025-08-01 09:23:57 AM,104.7,0,0.0,176385352.6299999
2025-08-01 09:24:02 AM,104.68,1305,136607.40000000002,176521960.0299999
2025-08-01 09:24:03 AM,104.67,10215,1069204.05,177591164.07999992
2025-08-01 09:24:10 AM,104.64,17366,1817178.24,179408342.31999993
2025-08-01 09:24:11 AM,104.63,70,7324.099999999999,179415666.41999993
2025-08-01 09:24:12 AM,104.58,0,0.0,179415666.41999993
2025-08-01 09:24:12 AM,104.63,0,0.0,179415666.41999993
2025-08-01 09:24:17 AM,104.64,1356,141891.84,179557558.25999993
2025-08-01 09:24:19 AM,104.62,76,7951.120000000001,179565509.37999994
2025-08-01 09:24:24 AM,104.64,0,0.0,179565509.37999994
2025-08-01 09:24:25 AM,104.64,29146,3049837.44,182615346.81999993
2025-08-01 09:24:26 AM,104.66,7,732.62,182616079.43999994
2025-08-01 09:24:30 AM,104.62,0,0.0,182616079.43999994
2025-08-01 09:24:32 AM,104.66,11314,1184123.24,183800202.67999995
2025-08-01 09:24:34 AM,104.66,101,10570.66,183810773.33999994
2025-08-01 09:24:36 AM,104.64,0,0.0,183810773.33999994
2025-08-01 09:24:40 AM,104.66,3296,344959.36,184155732.69999996
2025-08-01 09:24:42 AM,104.66,2212,231507.91999999998,184387240.61999995
2025-08-01 09:24:47 AM,104.63,30427,3183577.01,187570817.62999994
2025-08-01 09:24:48 AM,104.65,0,0.0,187570817.62999994
2025-08-01 09:24:49 AM,104.65,1230,128719.5,187699537.12999994
2025-08-01 09:24:55 AM,104.64,3780,395539.2,188095076.32999992
2025-08-01 09:24:55 AM,104.6,0,0.0,188095076.32999992
2025-08-01 09:24:57 AM,104.6,4036,422165.6,188517241.92999992
2025-08-01 09:25:01 AM,104.65,0,0.0,188517241.92999992
2025-08-01 09:25:02 AM,104.49,76667,8010934.829999999,196528176.75999993
2025-08-01 09:25:03 AM,104.48,0,0.0,196528176.75999993
2025-08-01 09:25:04 AM,104.45,4129,431274.05,196959450.80999994
2025-08-01 09:25:10 AM,104.44,17928,1872400.32,198831851.12999994
2025-08-01 09:25:10 AM,104.45,0,0.0,198831851.12999994
2025-08-01 09:25:12 AM,104.44,53155,5551508.2,204383359.32999992
2025-08-01 09:25:15 AM,104.45,0,0.0,204383359.32999992
2025-08-01 09:25:16 AM,104.49,0,0.0,204383359.32999992
2025-08-01 09:25:17 AM,104.45,5892,615419.4,204998778.72999993
2025-08-01 09:25:19 AM,104.45,575,60058.75,205058837.47999993
2025-08-01 09:25:21 AM,104.44,0,0.0,205058837.47999993
2025-08-01 09:25:22 AM,104.45,0,0.0,205058837.47999993
2025-08-01 09:25:25 AM,104.4,23155,2417382.0,207476219.47999993
2025-08-01 09:25:27 AM,104.4,1102,115048.8,207591268.27999994
2025-08-01 09:25:27 AM,104.39,0,0.0,207591268.27999994
2025-08-01 09:25:32 AM,104.4,6076,634334.4,208225602.67999995
2025-08-01 09:25:34 AM,104.4,1895,197838.0,208423440.67999995
2025-08-01 09:25:39 AM,104.36,0,0.0,208423440.67999995
2025-08-01 09:25:40 AM,104.36,3758,392184.88,208815625.55999994
2025-08-01 09:25:42 AM,104.4,5000,522000.0,209337625.55999994
2025-08-01 09:25:44 AM,104.35,0,0.0,209337625.55999994
2025-08-01 09:25:45 AM,104.47,0,0.0,209337625.55999994
2025-08-01 09:25:47 AM,104.47,113742,11882626.74,221220252.29999995
2025-08-01 09:25:49 AM,104.45,500,52225.0,221272477.29999995
2025-08-01 09:25:50 AM,104.43,0,0.0,221272477.29999995
2025-08-01 09:25:55 AM,104.42,9512,993243.04,222265720.33999994
2025-08-01 09:25:56 AM,104.43,0,0.0,222265720.33999994
2025-08-01 09:25:57 AM,104.45,1778,185712.1,222451432.43999994
2025-08-01 09:26:02 AM,104.41,3778,394460.98,222845893.41999993
2025-08-01 09:26:02 AM,104.45,0,0.0,222845893.41999993
2025-08-01 09:26:04 AM,104.44,602,62872.88,222908766.29999992
2025-08-01 09:26:09 AM,104.41,0,0.0,222908766.29999992
2025-08-01 09:26:10 AM,104.41,16599,1733101.5899999999,224641867.88999993
2025-08-01 09:26:12 AM,104.26,37909,3952392.3400000003,228594260.22999993
2025-08-01 09:26:16 AM,104.33,0,0.0,228594260.22999993
2025-08-01 09:26:18 AM,104.38,7851,819487.38,229413747.60999992
2025-08-01 09:26:20 AM,104.38,5800,605404.0,230019151.60999992
2025-08-01 09:26:26 AM,104.28,14116,1472016.48,231491168.0899999
2025-08-01 09:26:27 AM,104.31,1604,167313.24,231658481.32999992
2025-08-01 09:26:28 AM,104.3,0,0.0,231658481.32999992
2025-08-01 09:26:32 AM,104.33,0,0.0,231658481.32999992
2025-08-01 09:26:33 AM,104.33,10044,1047890.52,232706371.84999993
2025-08-01 09:26:35 AM,104.34,419,43718.46,232750090.30999994
2025-08-01 09:26:40 AM,104.38,0,0.0,232750090.30999994
2025-08-01 09:26:41 AM,104.38,1546,161371.47999999998,232911461.78999993
2025-08-01 09:26:43 AM,104.43,6809,711063.87,233622525.65999994
2025-08-01 09:26:43 AM,104.42,0,0.0,233622525.65999994
2025-08-01 09:26:48 AM,104.38,6274,654880.12,234277405.77999994
2025-08-01 09:26:49 AM,104.36,0,0.0,234277405.77999994
2025-08-01 09:26:50 AM,104.43,181,18901.83,234296307.60999995
2025-08-01 09:26:52 AM,104.42,0,0.0,234296307.60999995
2025-08-01 09:26:55 AM,104.4,0,0.0,234296307.60999995
2025-08-01 09:26:56 AM,104.42,3614,377373.88,234673681.48999995
2025-08-01 09:26:57 AM,104.42,100,10442.0,234684123.48999995
2025-08-01 09:27:01 AM,104.43,0,0.0,234684123.48999995
2025-08-01 09:27:03 AM,104.43,23757,2480943.5100000002,237165066.99999994
2025-08-01 09:27:11 AM,104.44,1200,125328.0,237290394.99999994
2025-08-01 09:27:12 AM,104.43,0,0.0,237290394.99999994
2025-08-01 09:27:13 AM,104.4,0,0.0,237290394.99999994
2025-08-01 09:27:16 AM,104.41,0,0.0,237290394.99999994
2025-08-01 09:27:18 AM,104.42,3622,378209.24,237668604.23999995
2025-08-01 09:27:20 AM,104.42,1101,114966.42,237783570.65999994
2025-08-01 09:27:22 AM,104.4,0,0.0,237783570.65999994
2025-08-01 09:27:26 AM,104.4,5333,556765.2000000001,238340335.85999992
2025-08-01 09:27:26 AM,104.36,0,0.0,238340335.85999992
2025-08-01 09:27:27 AM,104.4,255,26622.0,238366957.85999992
2025-08-01 09:27:33 AM,104.4,13374,1396245.6,239763203.45999992
2025-08-01 09:27:34 AM,104.35,3062,319519.7,240082723.1599999
2025-08-01 09:27:36 AM,104.39,0,0.0,240082723.1599999
2025-08-01 09:27:38 AM,104.4,0,0.0,240082723.1599999
2025-08-01 09:27:40 AM,104.4,2688,280627.2,240363350.3599999
2025-08-01 09:27:42 AM,104.36,6013,627516.68,240990867.0399999
2025-08-01 09:27:42 AM,104.4,0,0.0,240990867.0399999
2025-08-01 09:27:48 AM,104.41,8886,927787.26,241918654.2999999
2025-08-01 09:27:50 AM,104.4,81,8456.4,241927110.6999999
2025-08-01 09:27:52 AM,104.36,0,0.0,241927110.6999999
2025-08-01 09:27:56 AM,104.38,3641,380047.57999999996,242307158.2799999
2025-08-01 09:27:57 AM,104.35,1933,201708.55,242508866.82999992
2025-08-01 09:27:58 AM,104.37,0,0.0,242508866.82999992
2025-08-01 09:28:02 AM,104.38,0,0.0,242508866.82999992
2025-08-01 09:28:04 AM,104.36,4107,428606.52,242937473.34999993
2025-08-01 09:28:05 AM,104.39,2061,215147.79,243152621.13999993
2025-08-01 09:28:08 AM,104.36,0,0.0,243152621.13999993
2025-08-01 09:28:10 AM,104.39,0,0.0,243152621.13999993
2025-08-01 09:28:11 AM,104.39,1852,193330.28,243345951.41999993
2025-08-01 09:28:13 AM,104.39,2,208.78,243346160.19999993
2025-08-01 09:28:15 AM,104.35,0,0.0,243346160.19999993
2025-08-01 09:28:16 AM,104.33,0,0.0,243346160.19999993
2025-08-01 09:28:19 AM,104.38,17203,1795649.14,245141809.3399999
2025-08-01 09:28:20 AM,104.35,2,208.7,245142018.0399999
2025-08-01 09:28:22 AM,104.38,0,0.0,245142018.0399999
2025-08-01 09:28:26 AM,104.35,0,0.0,245142018.0399999
2025-08-01 09:28:27 AM,104.35,2005,209221.75,245351239.7899999
2025-08-01 09:28:32 AM,104.36,0,0.0,245351239.7899999
2025-08-01 09:28:34 AM,104.36,1677,175011.72,245526251.5099999
2025-08-01 09:28:38 AM,104.39,0,0.0,245526251.5099999
2025-08-01 09:28:42 AM,104.36,329,34334.44,245560585.9499999
2025-08-01 09:28:43 AM,104.39,520,54282.8,245614868.7499999
2025-08-01 09:28:49 AM,104.36,0,0.0,245614868.7499999
2025-08-01 09:28:50 AM,104.36,852,88914.72,245703783.4699999
2025-08-01 09:28:51 AM,104.39,81,8455.59,245712239.0599999
2025-08-01 09:28:54 AM,104.38,0,0.0,245712239.0599999
2025-08-01 09:28:57 AM,104.41,10520,1098393.2,246810632.2599999
2025-08-01 09:28:59 AM,104.41,51,5324.91,246815957.1699999
2025-08-01 09:29:00 AM,104.43,0,0.0,246815957.1699999
2025-08-01 09:29:05 AM,104.43,11913,1244074.59,248060031.7599999
2025-08-01 09:29:06 AM,104.43,110,11487.300000000001,248071519.0599999
2025-08-01 09:29:11 AM,104.39,0,0.0,248071519.0599999
2025-08-01 09:29:12 AM,104.4,0,0.0,248071519.0599999
2025-08-01 09:29:13 AM,104.4,5504,574617.6,248646136.6599999
2025-08-01 09:29:14 AM,104.43,102,10651.86,248656788.51999992
2025-08-01 09:29:17 AM,104.4,0,0.0,248656788.51999992
2025-08-01 09:29:17 AM,104.36,0,0.0,248656788.51999992
2025-08-01 09:29:20 AM,104.39,5727,597841.53,249254630.04999992
2025-08-01 09:29:22 AM,104.4,485,50634.0,249305264.04999992
2025-08-01 09:29:27 AM,104.39,0,0.0,249305264.04999992
2025-08-01 09:29:28 AM,104.39,3368,351585.52,249656849.56999993
2025-08-01 09:29:29 AM,104.4,500,52200.0,249709049.56999993
2025-08-01 09:29:35 AM,104.4,1807,188650.80000000002,249897700.36999995
2025-08-01 09:29:36 AM,104.39,11,1148.29,249898848.65999994
2025-08-01 09:29:43 AM,104.39,3826,399396.14,250298244.79999992
2025-08-01 09:29:44 AM,104.39,100,10439.0,250308683.79999992
2025-08-01 09:29:50 AM,104.39,1973,205961.47,250514645.26999992
2025-08-01 09:29:52 AM,104.4,0,0.0,250514645.26999992
2025-08-01 09:29:57 AM,104.41,0,0.0,250514645.26999992
2025-08-01 09:29:58 AM,104.41,17661,1843985.01,252358630.2799999
2025-08-01 09:29:58 AM,104.43,1003,104743.29000000001,252463373.5699999
2025-08-01 09:30:03 AM,104.36,0,0.0,252463373.5699999
2025-08-01 09:30:05 AM,104.39,8660,904017.4,253367390.9699999
2025-08-01 09:30:06 AM,104.39,450,46975.5,253414366.4699999
2025-08-01 09:30:11 AM,104.31,0,0.0,253414366.4699999
2025-08-01 09:30:13 AM,104.31,51077,5327841.87,258742208.3399999
2025-08-01 09:30:14 AM,104.26,8000,834080.0,259576288.3399999
2025-08-01 09:30:17 AM,104.22,0,0.0,259576288.3399999
2025-08-01 09:30:20 AM,104.24,43244,4507754.56,264084042.89999992
2025-08-01 09:30:21 AM,104.25,351,36591.75,264120634.64999992
2025-08-01 09:30:24 AM,104.2,0,0.0,264120634.64999992
2025-08-01 09:30:26 AM,104.18,0,0.0,264120634.64999992
2025-08-01 09:30:28 AM,104.12,29151,3035202.12,267155836.76999992
2025-08-01 09:30:28 AM,104.14,889,92580.46,267248417.22999993
2025-08-01 09:30:32 AM,104.11,0,0.0,267248417.22999993
2025-08-01 09:30:33 AM,104.15,0,0.0,267248417.22999993
2025-08-01 09:30:35 AM,104.14,7075,736790.5,267985207.72999993
2025-08-01 09:30:36 AM,104.15,1,104.15,267985311.87999994
2025-08-01 09:30:39 AM,104.12,0,0.0,267985311.87999994
2025-08-01 09:30:42 AM,104.14,24972,2600584.08,270585895.9599999
2025-08-01 09:30:43 AM,104.17,2,208.34,270586104.2999999
2025-08-01 09:30:45 AM,104.16,0,0.0,270586104.2999999
2025-08-01 09:30:48 AM,104.17,0,0.0,270586104.2999999
2025-08-01 09:30:50 AM,104.19,14950,1557640.5,272143744.7999999
2025-08-01 09:30:50 AM,104.13,18788,1956394.44,274100139.2399999
2025-08-01 09:30:52 AM,104.09,0,0.0,274100139.2399999
2025-08-01 09:30:55 AM,104.14,0,0.0,274100139.2399999
2025-08-01 09:30:57 AM,104.14,10440,1087221.6,275187360.8399999
2025-08-01 09:30:58 AM,104.14,5,520.7,275187881.5399999
2025-08-01 09:31:01 AM,104.15,0,0.0,275187881.5399999
2025-08-01 09:31:01 AM,104.15,8994,936725.1000000001,276124606.6399999
2025-08-01 09:31:01 AM,104.11,0,0.0,276124606.6399999
2025-08-01 09:31:02 AM,104.11,1460,152000.6,276276607.23999995
2025-08-01 09:31:03 AM,104.14,1000,104140.0,276380747.23999995
2025-08-01 09:31:03 AM,104.11,0,0.0,276380747.23999995
2025-08-01 09:31:03 AM,104.11,279,29046.69,276409793.92999995
2025-08-01 09:31:04 AM,104.14,0,0.0,276409793.92999995
2025-08-01 09:31:04 AM,104.14,10,1041.4,276410835.3299999
2025-08-01 09:31:04 AM,104.1,0,0.0,276410835.3299999
2025-08-01 09:31:04 AM,104.1,1025,106702.5,276517537.8299999
2025-08-01 09:31:05 AM,104.14,50,5207.0,276522744.8299999
2025-08-01 09:31:07 AM,104.09,6924,720719.16,277243463.98999995
2025-08-01 09:31:08 AM,104.07,2103,218859.21,277462323.1999999
2025-08-01 09:31:09 AM,104.1,101,10514.099999999999,277472837.29999995
2025-08-01 09:31:10 AM,104.1,161,16760.1,277489597.4
2025-08-01 09:31:11 AM,104.1,100,10410.0,277500007.4
2025-08-01 09:31:12 AM,104.1,122,12700.199999999999,277512707.59999996
2025-08-01 09:31:13 AM,104.1,9,936.9,277513644.49999994
2025-08-01 09:31:13 AM,104.1,1623,168954.3,277682598.79999995
2025-08-01 09:31:14 AM,104.07,0,0.0,277682598.79999995
2025-08-01 09:31:14 AM,104.07,70,7284.9,277689883.6999999
2025-08-01 09:31:15 AM,104.07,50,5203.5,277695087.1999999
2025-08-01 09:31:15 AM,104.09,5,520.45,277695607.6499999
2025-08-01 09:31:16 AM,104.09,500,52045.0,277747652.6499999
2025-08-01 09:31:17 AM,104.09,100,10409.0,277758061.6499999
2025-08-01 09:31:17 AM,104.1,0,0.0,277758061.6499999
2025-08-01 09:31:18 AM,104.1,10255,1067545.5,278825607.1499999
2025-08-01 09:31:18 AM,104.1,5,520.5,278826127.6499999
2025-08-01 09:31:19 AM,104.08,0,0.0,278826127.6499999
2025-08-01 09:31:19 AM,104.1,66,6870.599999999999,278832998.24999994
2025-08-01 09:31:19 AM,104.1,200,20820.0,278853818.24999994
2025-08-01 09:31:20 AM,104.09,9136,950966.24,279804784.48999995
2025-08-01 09:31:20 AM,104.06,500,52030.0,279856814.48999995
2025-08-01 09:31:21 AM,104.1,100,10410.0,279867224.48999995
2025-08-01 09:31:23 AM,104.09,5,520.45,279867744.93999994
2025-08-01 09:31:24 AM,104.09,100,10409.0,279878153.93999994
2025-08-01 09:31:25 AM,104.09,1,104.09,279878258.0299999
2025-08-01 09:31:25 AM,104.09,1,104.09,279878362.1199999
2025-08-01 09:31:26 AM,104.11,13790,1435676.9,281314039.01999986
2025-08-01 09:31:27 AM,104.13,501,52169.13,281366208.14999986
2025-08-01 09:31:27 AM,104.11,2,208.22,281366416.3699999
2025-08-01 09:31:28 AM,104.11,1,104.11,281366520.4799999
2025-08-01 09:31:29 AM,104.11,500,52055.0,281418575.4799999
2025-08-01 09:31:30 AM,104.13,1809,188371.16999999998,281606946.6499999
2025-08-01 09:31:31 AM,104.12,2257,234998.84,281841945.4899999
2025-08-01 09:31:32 AM,104.14,9,937.26,281842882.7499999
2025-08-01 09:31:32 AM,104.19,0,0.0,281842882.7499999
2025-08-01 09:31:33 AM,104.19,3500,364665.0,282207547.7499999
2025-08-01 09:31:35 AM,104.18,0,0.0,282207547.7499999
2025-08-01 09:31:35 AM,104.18,100,10418.0,282217965.7499999
2025-08-01 09:31:36 AM,104.18,10,1041.8000000000002,282219007.5499999
2025-08-01 09:31:36 AM,104.18,6,625.08,282219632.6299999
2025-08-01 09:31:37 AM,104.18,1013,105534.34000000001,282325166.96999985
2025-08-01 09:31:38 AM,104.18,7,729.26,282325896.22999984
2025-08-01 09:31:38 AM,104.18,100,10418.0,282336314.22999984
2025-08-01 09:31:40 AM,104.13,6,624.78,282336939.0099998
2025-08-01 09:31:41 AM,104.15,1,104.15,282337043.1599998
2025-08-01 09:31:43 AM,104.18,83,8646.94,282345690.0999998
2025-08-01 09:31:44 AM,104.19,1000,104190.0,282449880.0999998
2025-08-01 09:31:44 AM,104.18,0,0.0,282449880.0999998
2025-08-01 09:31:45 AM,104.18,30,3125.4,282453005.49999976
2025-08-01 09:31:45 AM,104.18,5,520.9000000000001,282453526.39999974
2025-08-01 09:31:45 AM,104.15,0,0.0,282453526.39999974
2025-08-01 09:31:46 AM,104.14,37,3853.18,282457379.57999974
2025-08-01 09:31:46 AM,104.18,200,20836.0,282478215.57999974
2025-08-01 09:31:48 AM,104.18,39,4063.0200000000004,282482278.5999997
2025-08-01 09:31:51 AM,104.18,736,76676.48000000001,282558955.07999974
2025-08-01 09:31:52 AM,104.18,4,416.72,282559371.7999998
2025-08-01 09:31:54 AM,104.19,1153,120131.06999999999,282679502.86999977
2025-08-01 09:31:55 AM,104.18,176,18335.68,282697838.5499998
2025-08-01 09:31:55 AM,104.15,0,0.0,282697838.5499998
2025-08-01 09:31:56 AM,104.15,4148,432014.2,283129852.74999976
2025-08-01 09:31:56 AM,104.14,600,62484.0,283192336.74999976
2025-08-01 09:31:57 AM,104.15,300,31245.0,283223581.74999976
2025-08-01 09:31:57 AM,104.14,1387,144442.18,283368023.92999977
2025-08-01 09:31:58 AM,104.16,2,208.32,283368232.24999976
2025-08-01 09:31:59 AM,104.15,28,2916.2000000000003,283371148.44999975
2025-08-01 09:31:59 AM,104.13,1150,119749.5,283490897.94999975
2025-08-01 09:32:00 AM,104.14,145,15100.3,283505998.24999976
2025-08-01 09:32:02 AM,104.12,1052,109534.24,283615532.4899998
2025-08-01 09:32:05 AM,104.15,0,0.0,283615532.4899998
2025-08-01 09:32:09 AM,104.24,24435,2547104.4,286162636.88999975
2025-08-01 09:32:11 AM,104.2,0,0.0,286162636.88999975
2025-08-01 09:32:16 AM,104.26,6326,659548.76,286822185.64999974
2025-08-01 09:32:17 AM,104.27,0,0.0,286822185.64999974
2025-08-01 09:32:23 AM,104.3,0,0.0,286822185.64999974
2025-08-01 09:32:23 AM,104.29,6196,646180.8400000001,287468366.4899997
2025-08-01 09:32:23 AM,104.29,110,11471.900000000001,287479838.3899997
2025-08-01 09:32:29 AM,104.32,0,0.0,287479838.3899997
2025-08-01 09:32:30 AM,104.33,8604,897655.32,288377493.7099997
2025-08-01 09:32:35 AM,104.34,0,0.0,288377493.7099997
2025-08-01 09:32:36 AM,104.34,3870,403795.8,288781289.5099997
2025-08-01 09:32:37 AM,104.3,1,104.3,288781393.8099997
2025-08-01 09:32:41 AM,104.29,0,0.0,288781393.8099997
2025-08-01 09:32:41 AM,104.31,0,0.0,288781393.8099997
2025-08-01 09:32:44 AM,104.34,8815,919757.1,289701150.9099997
2025-08-01 09:32:47 AM,104.36,0,0.0,289701150.9099997
2025-08-01 09:32:51 AM,104.42,18253,1905978.26,291607129.1699997
2025-08-01 09:32:53 AM,104.43,0,0.0,291607129.1699997
2025-08-01 09:32:53 AM,104.44,0,0.0,291607129.1699997
2025-08-01 09:32:58 AM,104.49,9739,1017628.11,292624757.27999973
2025-08-01 09:32:59 AM,104.44,0,0.0,292624757.27999973
2025-08-01 09:33:04 AM,104.44,3706,387054.64,293011811.9199997
2025-08-01 09:33:05 AM,104.44,1,104.44,293011916.3599997
2025-08-01 09:33:11 AM,104.44,3034,316870.96,293328787.3199997
2025-08-01 09:33:16 AM,104.47,0,0.0,293328787.3199997
2025-08-01 09:33:16 AM,104.44,0,0.0,293328787.3199997
2025-08-01 09:33:18 AM,104.45,4323,451537.35000000003,293780324.6699997
2025-08-01 09:33:25 AM,104.57,9071,948554.47,294728879.13999975
2025-08-01 09:33:25 AM,104.57,600,62741.99999999999,294791621.13999975
2025-08-01 09:33:26 AM,104.51,0,0.0,294791621.13999975
2025-08-01 09:33:31 AM,104.58,0,0.0,294791621.13999975
2025-08-01 09:33:32 AM,104.58,6378,667011.24,295458632.37999976
2025-08-01 09:33:32 AM,104.57,1,104.57,295458736.94999975
2025-08-01 09:33:36 AM,104.6,0,0.0,295458736.94999975
2025-08-01 09:33:39 AM,104.61,9804,1025596.44,296484333.38999975
2025-08-01 09:33:41 AM,104.62,0,0.0,296484333.38999975
2025-08-01 09:33:43 AM,104.6,0,0.0,296484333.38999975
2025-08-01 09:33:46 AM,104.58,6890,720556.2,297204889.58999974
2025-08-01 09:33:49 AM,104.62,0,0.0,297204889.58999974
2025-08-01 09:33:51 AM,104.63,0,0.0,297204889.58999974
2025-08-01 09:33:53 AM,104.62,3494,365542.28,297570431.8699997
2025-08-01 09:33:55 AM,104.65,0,0.0,297570431.8699997
2025-08-01 09:33:56 AM,104.66,0,0.0,297570431.8699997
2025-08-01 09:34:00 AM,104.65,18870,1974745.5,299545177.3699997
2025-08-01 09:34:07 AM,104.65,5751,601842.15,300147019.5199997
2025-08-01 09:34:07 AM,104.65,1500,156975.0,300303994.5199997
2025-08-01 09:34:11 AM,104.66,0,0.0,300303994.5199997
2025-08-01 09:34:13 AM,104.7,0,0.0,300303994.5199997
2025-08-01 09:34:14 AM,104.7,7635,799384.5,301103379.0199997
2025-08-01 09:34:16 AM,104.66,0,0.0,301103379.0199997
2025-08-01 09:34:19 AM,104.7,0,0.0,301103379.0199997
2025-08-01 09:34:21 AM,104.68,6325,662101.0,301765480.0199997
2025-08-01 09:34:21 AM,104.67,3196,334525.32,302100005.3399997
2025-08-01 09:34:21 AM,104.69,0,0.0,302100005.3399997
2025-08-01 09:34:24 AM,104.63,0,0.0,302100005.3399997
2025-08-01 09:34:26 AM,104.66,0,0.0,302100005.3399997
2025-08-01 09:34:28 AM,104.65,20400,2134860.0,304234865.3399997
2025-08-01 09:34:35 AM,104.65,5270,551505.5,304786370.8399997
2025-08-01 09:34:36 AM,104.6,0,0.0,304786370.8399997
2025-08-01 09:34:39 AM,104.58,0,0.0,304786370.8399997
2025-08-01 09:34:41 AM,104.61,0,0.0,304786370.8399997
2025-08-01 09:34:42 AM,104.6,2488,260244.8,305046615.6399997
2025-08-01 09:34:44 AM,104.59,0,0.0,305046615.6399997
2025-08-01 09:34:46 AM,104.58,0,0.0,305046615.6399997
2025-08-01 09:34:49 AM,104.51,0,0.0,305046615.6399997
2025-08-01 09:34:49 AM,104.55,11419,1193856.45,306240472.0899997
2025-08-01 09:34:51 AM,104.56,0,0.0,306240472.0899997
2025-08-01 09:34:53 AM,104.51,0,0.0,306240472.0899997
2025-08-01 09:34:56 AM,104.51,1083,113184.33,306353656.41999966
2025-08-01 09:34:56 AM,104.54,200,20908.0,306374564.41999966
2025-08-01 09:35:02 AM,104.54,6466,675955.64,307050520.05999964
2025-08-01 09:35:10 AM,104.48,2804,292961.92,307343481.97999966
2025-08-01 09:35:10 AM,104.49,977,102086.73,307445568.7099997
2025-08-01 09:35:16 AM,104.42,0,0.0,307445568.7099997
2025-08-01 09:35:16 AM,104.47,0,0.0,307445568.7099997
2025-08-01 09:35:17 AM,104.45,9141,954777.4500000001,308400346.15999967
2025-08-01 09:35:24 AM,104.46,622,64974.119999999995,308465320.2799997
2025-08-01 09:35:24 AM,104.46,5000,522299.99999999994,308987620.2799997
2025-08-01 09:35:26 AM,104.42,0,0.0,308987620.2799997
2025-08-01 09:35:31 AM,104.4,0,0.0,308987620.2799997
2025-08-01 09:35:31 AM,104.4,25048,2615011.2,311602631.47999966
2025-08-01 09:35:36 AM,104.42,0,0.0,311602631.47999966
2025-08-01 09:35:36 AM,104.4,0,0.0,311602631.47999966
2025-08-01 09:35:38 AM,104.4,111,11588.400000000001,311614219.87999964
2025-08-01 09:35:40 AM,104.39,0,0.0,311614219.87999964
2025-08-01 09:35:44 AM,104.4,1567,163594.80000000002,311777814.67999965
2025-08-01 09:35:45 AM,104.4,2,208.8,311778023.47999966
2025-08-01 09:35:46 AM,104.44,0,0.0,311778023.47999966
2025-08-01 09:35:51 AM,104.42,0,0.0,311778023.47999966
2025-08-01 09:35:51 AM,104.42,17968,1876218.56,313654242.03999966
2025-08-01 09:35:55 AM,104.43,0,0.0,313654242.03999966
2025-08-01 09:35:58 AM,104.43,4299,448944.57,314103186.60999966
2025-08-01 09:36:00 AM,104.45,0,0.0,314103186.60999966
2025-08-01 09:36:04 AM,104.45,1150,120117.5,314223304.10999966
2025-08-01 09:36:08 AM,104.42,0,0.0,314223304.10999966
2025-08-01 09:36:08 AM,104.4,0,0.0,314223304.10999966
2025-08-01 09:36:11 AM,104.44,2605,272066.2,314495370.30999964
2025-08-01 09:36:12 AM,104.45,0,0.0,314495370.30999964
2025-08-01 09:36:16 AM,104.4,0,0.0,314495370.30999964
2025-08-01 09:36:16 AM,104.45,0,0.0,314495370.30999964
2025-08-01 09:36:18 AM,104.45,7219,754024.55,315249394.85999966
2025-08-01 09:36:24 AM,104.45,1581,165135.45,315414530.30999964
2025-08-01 09:36:25 AM,104.45,101,10549.45,315425079.75999963
2025-08-01 09:36:28 AM,104.44,0,0.0,315425079.75999963
2025-08-01 09:36:31 AM,104.45,6031,629937.9500000001,316055017.7099996
2025-08-01 09:36:32 AM,104.44,0,0.0,316055017.7099996
2025-08-01 09:36:36 AM,104.43,0,0.0,316055017.7099996
2025-08-01 09:36:37 AM,104.43,25142,2625579.06,318680596.7699996
2025-08-01 09:36:44 AM,104.43,761,79471.23000000001,318760067.99999964
2025-08-01 09:36:44 AM,104.42,60,6265.2,318766333.19999963
2025-08-01 09:36:50 AM,104.42,500,52210.0,318818543.19999963
2025-08-01 09:36:52 AM,104.41,0,0.0,318818543.19999963
2025-08-01 09:36:56 AM,104.42,0,0.0,318818543.19999963
2025-08-01 09:36:57 AM,104.4,4719,492663.60000000003,319311206.79999965
2025-08-01 09:36:57 AM,104.4,900,93960.0,319405166.79999965
2025-08-01 09:37:00 AM,104.39,0,0.0,319405166.79999965
2025-08-01 09:37:00 AM,104.4,0,0.0,319405166.79999965
2025-08-01 09:37:04 AM,104.38,0,0.0,319405166.79999965
2025-08-01 09:37:04 AM,104.38,3806,397270.27999999997,319802437.0799996
2025-08-01 09:37:04 AM,104.41,0,0.0,319802437.0799996
2025-08-01 09:37:08 AM,104.38,0,0.0,319802437.0799996
2025-08-01 09:37:11 AM,104.38,3225,336625.5,320139062.5799996
2025-08-01 09:37:11 AM,104.38,4,417.52,320139480.0999996
2025-08-01 09:37:18 AM,104.35,0,0.0,320139480.0999996
2025-08-01 09:37:18 AM,104.4,1470,153468.0,320292948.0999996
2025-08-01 09:37:18 AM,104.39,103,10752.17,320303700.2699996
2025-08-01 09:37:25 AM,104.39,2366,246986.74,320550687.00999963
2025-08-01 09:37:32 AM,104.39,22,2296.58,320552983.5899996
2025-08-01 09:37:38 AM,104.4,0,0.0,320552983.5899996
2025-08-01 09:37:39 AM,104.4,2681,279896.4,320832879.9899996
2025-08-01 09:37:45 AM,104.4,196,20462.4,320853342.38999957
2025-08-01 09:37:46 AM,104.38,1250,130475.0,320983817.38999957
2025-08-01 09:37:46 AM,104.42,0,0.0,320983817.38999957
2025-08-01 09:37:52 AM,104.42,1497,156316.74,321140134.1299996
2025-08-01 09:37:58 AM,104.4,14479,1511607.6,322651741.7299996
2025-08-01 09:38:04 AM,104.36,0,0.0,322651741.7299996
2025-08-01 09:38:05 AM,104.36,592,61781.12,322713522.8499996
2025-08-01 09:38:10 AM,104.38,0,0.0,322713522.8499996
2025-08-01 09:38:12 AM,104.38,1514,158031.32,322871554.1699996
2025-08-01 09:38:19 AM,104.36,61,6365.96,322877920.1299996
2025-08-01 09:38:26 AM,104.34,9457,986743.38,323864663.5099996
2025-08-01 09:38:26 AM,104.35,0,0.0,323864663.5099996
2025-08-01 09:38:30 AM,104.34,0,0.0,323864663.5099996
2025-08-01 09:38:32 AM,104.31,4222,440396.82,324305060.32999957
2025-08-01 09:38:35 AM,104.33,0,0.0,324305060.32999957
2025-08-01 09:38:39 AM,104.33,583,60824.39,324365884.71999955
2025-08-01 09:38:44 AM,104.35,0,0.0,324365884.71999955
2025-08-01 09:38:46 AM,104.35,232,24209.199999999997,324390093.91999954
2025-08-01 09:38:52 AM,104.34,827,86289.18000000001,324476383.09999955
2025-08-01 09:38:56 AM,104.36,0,0.0,324476383.09999955
2025-08-01 09:38:59 AM,104.36,1537,160401.32,324636784.41999954
2025-08-01 09:39:06 AM,104.36,431,44979.159999999996,324681763.57999957
2025-08-01 09:39:11 AM,104.34,0,0.0,324681763.57999957
2025-08-01 09:39:13 AM,104.34,3683,384284.22000000003,325066047.7999996
2025-08-01 09:39:15 AM,104.31,0,0.0,325066047.7999996
2025-08-01 09:39:19 AM,104.34,10575,1103395.5,326169443.2999996
2025-08-01 09:39:26 AM,104.34,429,44761.86,326214205.1599996
2025-08-01 09:39:29 AM,104.31,0,0.0,326214205.1599996
2025-08-01 09:39:33 AM,104.34,746,77837.64,326292042.7999996
2025-08-01 09:39:37 AM,104.35,0,0.0,326292042.7999996
2025-08-01 09:39:39 AM,104.35,1963,204839.05,326496881.8499996
2025-08-01 09:39:45 AM,104.34,0,0.0,326496881.8499996
2025-08-01 09:39:46 AM,104.34,800,83472.0,326580353.8499996
2025-08-01 09:39:49 AM,104.35,0,0.0,326580353.8499996
2025-08-01 09:39:52 AM,104.35,461,48105.35,326628459.19999963
2025-08-01 09:39:53 AM,104.36,0,0.0,326628459.19999963
2025-08-01 09:39:59 AM,104.37,3038,317076.06,326945535.25999963
2025-08-01 09:40:05 AM,104.36,1495,156018.2,327101553.4599996
2025-08-01 09:40:09 AM,104.37,0,0.0,327101553.4599996
2025-08-01 09:40:12 AM,104.37,194,20247.780000000002,327121801.2399996
2025-08-01 09:40:18 AM,104.37,2291,239111.67,327360912.9099996
2025-08-01 09:40:19 AM,104.37,1000,104370.0,327465282.9099996
2025-08-01 09:40:25 AM,104.37,1082,112928.34000000001,327578211.2499996
2025-08-01 09:40:27 AM,104.36,0,0.0,327578211.2499996
2025-08-01 09:40:29 AM,104.38,0,0.0,327578211.2499996
2025-08-01 09:40:32 AM,104.39,3579,373611.81,327951823.0599996
2025-08-01 09:40:33 AM,104.39,220,22965.8,327974788.8599996
2025-08-01 09:40:38 AM,104.39,1177,122867.03,328097655.88999957
2025-08-01 09:40:39 AM,104.39,2077,216818.03,328314473.91999954
2025-08-01 09:40:40 AM,104.42,0,0.0,328314473.91999954
2025-08-01 09:40:45 AM,104.42,12401,1294912.42,329609386.33999956
2025-08-01 09:40:48 AM,104.44,0,0.0,329609386.33999956
2025-08-01 09:40:51 AM,104.49,9409,983146.4099999999,330592532.7499996
2025-08-01 09:40:53 AM,104.56,0,0.0,330592532.7499996
2025-08-01 09:40:58 AM,104.57,14830,1550773.0999999999,332143305.8499996
2025-08-01 09:40:59 AM,104.57,4,418.28,332143724.1299996
2025-08-01 09:41:04 AM,104.55,0,0.0,332143724.1299996
2025-08-01 09:41:05 AM,104.55,104,10873.199999999999,332154597.32999957
2025-08-01 09:41:05 AM,104.55,20,2091.0,332156688.32999957
2025-08-01 09:41:11 AM,104.58,1642,171720.36,332328408.6899996
2025-08-01 09:41:12 AM,104.58,2,209.16,332328617.8499996
2025-08-01 09:41:18 AM,104.58,304,31792.32,332360410.1699996
2025-08-01 09:41:19 AM,104.58,1000,104580.0,332464990.1699996
2025-08-01 09:41:24 AM,104.59,0,0.0,332464990.1699996
2025-08-01 09:41:25 AM,104.59,1262,131992.58000000002,332596982.7499996
2025-08-01 09:41:28 AM,104.58,0,0.0,332596982.7499996
2025-08-01 09:41:31 AM,104.59,6396,668957.64,333265940.38999957
2025-08-01 09:41:38 AM,104.59,163,17048.170000000002,333282988.5599996
2025-08-01 09:41:44 AM,104.65,0,0.0,333282988.5599996
2025-08-01 09:41:45 AM,104.65,14075,1472948.75,334755937.3099996
2025-08-01 09:41:48 AM,104.59,0,0.0,334755937.3099996
2025-08-01 09:41:51 AM,104.6,11849,1239405.4,335995342.70999956
2025-08-01 09:41:56 AM,104.59,0,0.0,335995342.70999956
2025-08-01 09:41:57 AM,104.6,855,89433.0,336084775.70999956
2025-08-01 09:41:58 AM,104.61,4,418.44,336085194.14999956
2025-08-01 09:42:00 AM,104.62,0,0.0,336085194.14999956
2025-08-01 09:42:04 AM,104.59,6429,672409.11,336757603.2599996
2025-08-01 09:42:09 AM,104.6,0,0.0,336757603.2599996
2025-08-01 09:42:11 AM,104.6,726,75939.59999999999,336833542.8599996
2025-08-01 09:42:12 AM,104.63,1,104.63,336833647.4899996
2025-08-01 09:42:17 AM,104.63,436,45618.68,336879266.1699996
2025-08-01 09:42:18 AM,104.63,501,52419.63,336931685.7999996
2025-08-01 09:42:24 AM,104.61,545,57012.45,336988698.2499996
2025-08-01 09:42:25 AM,104.65,1804,188788.6,337177486.8499996
2025-08-01 09:42:30 AM,104.61,862,90173.81999999999,337267660.6699996
2025-08-01 09:42:31 AM,104.64,0,0.0,337267660.6699996
2025-08-01 09:42:31 AM,104.6,0,0.0,337267660.6699996
2025-08-01 09:42:32 AM,104.6,2520,263592.0,337531252.6699996
2025-08-01 09:42:35 AM,104.64,0,0.0,337531252.6699996
2025-08-01 09:42:37 AM,104.65,3504,366693.60000000003,337897946.2699996
2025-08-01 09:42:38 AM,104.65,1,104.65,337898050.9199996
2025-08-01 09:42:43 AM,104.61,0,0.0,337898050.9199996
2025-08-01 09:42:43 AM,104.61,485,50735.85,337948786.7699996
2025-08-01 09:42:44 AM,104.61,1764,184532.04,338133318.80999964
2025-08-01 09:42:55 AM,104.64,0,0.0,338133318.80999964
2025-08-01 09:42:56 AM,104.64,589,61632.96,338194951.7699996
2025-08-01 09:43:02 AM,104.62,5695,595810.9,338790762.6699996
2025-08-01 09:43:03 AM,104.62,119,12449.78,338803212.4499996
2025-08-01 09:43:07 AM,104.64,0,0.0,338803212.4499996
2025-08-01 09:43:09 AM,104.64,22,2302.08,338805514.52999955
2025-08-01 09:43:10 AM,104.64,360,37670.4,338843184.92999953
2025-08-01 09:43:15 AM,104.65,0,0.0,338843184.92999953
2025-08-01 09:43:16 AM,104.65,490,51278.5,338894463.42999953
2025-08-01 09:43:19 AM,104.64,0,0.0,338894463.42999953
2025-08-01 09:43:23 AM,104.65,0,0.0,338894463.42999953
2025-08-01 09:43:23 AM,104.65,2402,251369.30000000002,339145832.72999954
2025-08-01 09:43:23 AM,104.68,0,0.0,339145832.72999954
2025-08-01 09:43:24 AM,104.68,3000,314040.0,339459872.72999954
2025-08-01 09:43:29 AM,104.68,5156,539730.0800000001,339999602.8099995
2025-08-01 09:43:30 AM,104.68,10,1046.8000000000002,340000649.60999954
2025-08-01 09:43:31 AM,104.65,0,0.0,340000649.60999954
2025-08-01 09:43:35 AM,104.69,0,0.0,340000649.60999954
2025-08-01 09:43:35 AM,104.67,0,0.0,340000649.60999954
2025-08-01 09:43:36 AM,104.67,1181,123615.27,340124264.8799995
2025-08-01 09:43:37 AM,104.67,14,1465.38,340125730.2599995
2025-08-01 09:43:39 AM,104.69,0,0.0,340125730.2599995
2025-08-01 09:43:42 AM,104.69,547,57265.43,340182995.6899995
2025-08-01 09:43:43 AM,104.69,2,209.38,340183205.0699995
2025-08-01 09:43:47 AM,104.68,0,0.0,340183205.0699995
2025-08-01 09:43:49 AM,104.68,11668,1221406.24,341404611.3099995
2025-08-01 09:43:50 AM,104.69,79,8270.51,341412881.8199995
2025-08-01 09:43:51 AM,104.71,0,0.0,341412881.8199995
2025-08-01 09:43:55 AM,104.71,623,65234.329999999994,341478116.1499995
2025-08-01 09:43:56 AM,104.71,201,21046.71,341499162.8599995
2025-08-01 09:43:59 AM,104.65,0,0.0,341499162.8599995
2025-08-01 09:43:59 AM,104.68,0,0.0,341499162.8599995
2025-08-01 09:44:02 AM,104.65,47410,4961456.5,346460619.3599995
2025-08-01 09:44:03 AM,104.65,1711,179056.15000000002,346639675.50999945
2025-08-01 09:44:09 AM,104.65,2086,218299.90000000002,346857975.40999943
2025-08-01 09:44:10 AM,104.65,210,21976.5,346879951.90999943
2025-08-01 09:44:11 AM,104.61,0,0.0,346879951.90999943
2025-08-01 09:44:13 AM,104.57,0,0.0,346879951.90999943
2025-08-01 09:44:15 AM,104.63,0,0.0,346879951.90999943
2025-08-01 09:44:16 AM,104.63,14760,1544338.8,348424290.70999944
2025-08-01 09:44:17 AM,104.63,3,313.89,348424604.5999994
2025-08-01 09:44:19 AM,104.62,0,0.0,348424604.5999994
2025-08-01 09:44:22 AM,104.62,5343,558984.66,348983589.25999945
2025-08-01 09:44:23 AM,104.61,0,0.0,348983589.25999945
2025-08-01 09:44:27 AM,104.6,0,0.0,348983589.25999945
2025-08-01 09:44:29 AM,104.61,0,0.0,348983589.25999945
2025-08-01 09:44:29 AM,104.61,1246,130344.06,349113933.31999946
2025-08-01 09:44:35 AM,104.61,1617,169154.37,349283087.68999946
2025-08-01 09:44:36 AM,104.61,506,52932.659999999996,349336020.3499995
2025-08-01 09:44:39 AM,104.6,0,0.0,349336020.3499995
2025-08-01 09:44:41 AM,104.6,7323,765985.7999999999,350102006.1499995
2025-08-01 09:44:45 AM,104.58,0,0.0,350102006.1499995
2025-08-01 09:44:48 AM,104.53,5789,605124.17,350707130.3199995
2025-08-01 09:44:49 AM,104.58,0,0.0,350707130.3199995
2025-08-01 09:44:49 AM,104.58,1800,188244.0,350895374.3199995
2025-08-01 09:44:53 AM,104.59,0,0.0,350895374.3199995
2025-08-01 09:44:54 AM,104.6,4327,452604.19999999995,351347978.5199995
2025-08-01 09:44:59 AM,104.61,0,0.0,351347978.5199995
2025-08-01 09:45:01 AM,104.61,14509,1517786.49,352865765.0099995
2025-08-01 09:45:02 AM,104.63,4,418.52,352866183.5299995
2025-08-01 09:45:04 AM,104.65,0,0.0,352866183.5299995
2025-08-01 09:45:07 AM,104.64,11306,1183059.84,354049243.36999947
2025-08-01 09:45:09 AM,104.63,3047,318807.61,354368050.9799995
2025-08-01 09:45:11 AM,104.6,0,0.0,354368050.9799995
2025-08-01 09:45:14 AM,104.6,30,3138.0,354371188.9799995
2025-08-01 09:45:15 AM,104.65,0,0.0,354371188.9799995
2025-08-01 09:45:16 AM,104.65,10,1046.5,354372235.4799995
2025-08-01 09:45:21 AM,104.63,1928,201726.63999999998,354573962.11999947
2025-08-01 09:45:27 AM,104.66,10,1046.6,354575008.7199995
2025-08-01 09:45:27 AM,104.63,0,0.0,354575008.7199995
2025-08-01 09:45:28 AM,104.63,260,27203.8,354602212.5199995
2025-08-01 09:45:31 AM,104.6,0,0.0,354602212.5199995
2025-08-01 09:45:33 AM,104.65,19775,2069453.75,356671666.2699995
2025-08-01 09:45:35 AM,104.65,1004,105068.6,356776734.8699995
2025-08-01 09:45:40 AM,104.65,1,104.65,356776839.5199995
2025-08-01 09:45:41 AM,104.65,79,8267.35,356785106.8699995
2025-08-01 09:45:43 AM,104.63,0,0.0,356785106.8699995
2025-08-01 09:45:47 AM,104.65,38,3976.7000000000003,356789083.5699995
2025-08-01 09:45:53 AM,104.65,354,37046.1,356826129.66999954
2025-08-01 09:45:54 AM,104.66,11227,1175017.82,358001147.48999953
2025-08-01 09:45:57 AM,104.69,0,0.0,358001147.48999953
2025-08-01 09:45:59 AM,104.69,284,29731.96,358030879.4499995
2025-08-01 09:46:01 AM,104.63,0,0.0,358030879.4499995
2025-08-01 09:46:01 AM,104.63,303,31702.89,358062582.3399995
2025-08-01 09:46:05 AM,104.66,0,0.0,358062582.3399995
2025-08-01 09:46:06 AM,104.66,137,14338.42,358076920.7599995
2025-08-01 09:46:11 AM,104.65,0,0.0,358076920.7599995
2025-08-01 09:46:12 AM,104.65,26,2720.9,358079641.6599995
2025-08-01 09:46:14 AM,104.66,500,52330.0,358131971.6599995
2025-08-01 09:46:19 AM,104.63,10100,1056763.0,359188734.6599995
2025-08-01 09:46:21 AM,104.67,2500,261675.0,359450409.6599995
2025-08-01 09:46:24 AM,104.63,0,0.0,359450409.6599995
2025-08-01 09:46:25 AM,104.65,1174,122859.1,359573268.7599995
2025-08-01 09:46:32 AM,104.63,0,0.0,359573268.7599995
2025-08-01 09:46:32 AM,104.63,554,57965.02,359631233.7799995
2025-08-01 09:46:37 AM,104.61,0,0.0,359631233.7799995
2025-08-01 09:46:38 AM,104.63,14726,1540781.38,361172015.1599995
2025-08-01 09:46:40 AM,104.63,11,1150.9299999999998,361173166.0899995
2025-08-01 09:46:44 AM,104.65,0,0.0,361173166.0899995
2025-08-01 09:46:44 AM,104.65,612,64045.8,361237211.8899995
2025-08-01 09:46:50 AM,104.65,2,209.3,361237421.1899995
2025-08-01 09:46:57 AM,104.65,1376,143998.4,361381419.5899995
2025-08-01 09:46:57 AM,104.67,0,0.0,361381419.5899995
2025-08-01 09:46:59 AM,104.65,403,42173.950000000004,361423593.5399995
2025-08-01 09:47:00 AM,104.67,0,0.0,361423593.5399995
2025-08-01 09:47:01 AM,104.65,0,0.0,361423593.5399995
2025-08-01 09:47:03 AM,104.65,3622,379042.30000000005,361802635.8399995
2025-08-01 09:47:09 AM,104.65,10,1046.5,361803682.3399995
2025-08-01 09:47:15 AM,104.61,5,523.05,361804205.3899995
2025-08-01 09:47:21 AM,104.64,408,42693.12,361846898.5099995
2025-08-01 09:47:24 AM,104.64,453,47401.92,361894300.42999953
2025-08-01 09:47:28 AM,104.62,0,0.0,361894300.42999953
2025-08-01 09:47:28 AM,104.62,1420,148560.4,362042860.8299995
2025-08-01 09:47:29 AM,104.64,0,0.0,362042860.8299995
2025-08-01 09:47:30 AM,104.64,71,7429.44,362050290.2699995
2025-08-01 09:47:32 AM,104.61,0,0.0,362050290.2699995
2025-08-01 09:47:34 AM,104.62,34197,3577690.14,365627980.4099995
2025-08-01 09:47:37 AM,104.57,2466,257869.62,365885850.0299995
2025-08-01 09:47:40 AM,104.59,0,0.0,365885850.0299995
2025-08-01 09:47:41 AM,104.59,455,47588.450000000004,365933438.4799995
2025-08-01 09:47:44 AM,104.62,252,26364.24,365959802.7199995
2025-08-01 09:47:48 AM,104.59,3312,346402.08,366306204.7999995
2025-08-01 09:47:50 AM,104.62,0,0.0,366306204.7999995
2025-08-01 09:47:50 AM,104.62,50,5231.0,366311435.7999995
2025-08-01 09:47:54 AM,104.65,0,0.0,366311435.7999995
2025-08-01 09:47:54 AM,104.65,1916,200509.40000000002,366511945.19999945
2025-08-01 09:47:57 AM,104.61,3400,355674.0,366867619.19999945
2025-08-01 09:47:58 AM,104.65,0,0.0,366867619.19999945
2025-08-01 09:48:01 AM,104.62,128,13391.36,366881010.55999947
2025-08-01 09:48:02 AM,104.65,0,0.0,366881010.55999947
2025-08-01 09:48:03 AM,104.65,132,13813.800000000001,366894824.3599995
2025-08-01 09:48:07 AM,104.65,55,5755.75,366900580.1099995
2025-08-01 09:48:10 AM,104.6,25,2615.0,366903195.1099995
2025-08-01 09:48:14 AM,104.65,1011,105801.15000000001,367008996.25999945
2025-08-01 09:48:16 AM,104.65,503,52638.950000000004,367061635.20999944
2025-08-01 09:48:23 AM,104.61,0,0.0,367061635.20999944
2025-08-01 09:48:23 AM,104.65,602,62999.3,367124634.50999945
2025-08-01 09:48:27 AM,104.65,42733,4472008.45,371596642.95999944
2025-08-01 09:48:27 AM,104.67,0,0.0,371596642.95999944
2025-08-01 09:48:29 AM,104.65,1048,109673.20000000001,371706316.15999943
2025-08-01 09:48:31 AM,104.67,0,0.0,371706316.15999943
2025-08-01 09:48:33 AM,104.65,390,40813.5,371747129.65999943
2025-08-01 09:48:35 AM,104.67,0,0.0,371747129.65999943
2025-08-01 09:48:36 AM,104.67,9921,1038431.0700000001,372785560.7299994
2025-08-01 09:48:40 AM,104.67,400,41868.0,372827428.7299994
2025-08-01 09:48:42 AM,104.68,276,28891.68,372856320.40999943
2025-08-01 09:48:43 AM,104.7,0,0.0,372856320.40999943
2025-08-01 09:48:46 AM,104.7,1109,116112.3,372972432.70999944
2025-08-01 09:48:47 AM,104.68,0,0.0,372972432.70999944
2025-08-01 09:48:49 AM,104.69,55,5757.95,372978190.65999943
2025-08-01 09:48:52 AM,104.75,14203,1487764.25,374465954.90999943
2025-08-01 09:48:55 AM,104.77,0,0.0,374465954.90999943
2025-08-01 09:48:55 AM,104.77,9050,948168.5,375414123.40999943
2025-08-01 09:48:59 AM,104.77,526,55109.02,375469232.4299994
2025-08-01 09:48:59 AM,104.74,0,0.0,375469232.4299994
2025-08-01 09:49:01 AM,104.73,1342,140547.66,375609780.08999944
2025-08-01 09:49:05 AM,104.74,581,60853.939999999995,375670634.02999943
2025-08-01 09:49:07 AM,104.77,40,4190.8,375674824.82999945
2025-08-01 09:49:11 AM,104.78,0,0.0,375674824.82999945
2025-08-01 09:49:11 AM,104.78,3598,376998.44,376051823.26999944
2025-08-01 09:49:14 AM,104.78,81,8487.18,376060310.44999945
2025-08-01 09:49:19 AM,104.75,0,0.0,376060310.44999945
2025-08-01 09:49:19 AM,104.78,0,0.0,376060310.44999945
2025-08-01 09:49:20 AM,104.78,186,19489.08,376079799.52999943
2025-08-01 09:49:24 AM,104.78,5761,603637.58,376683437.1099994
2025-08-01 09:49:26 AM,104.78,2080,217942.4,376901379.5099994
2025-08-01 09:49:30 AM,104.78,1320,138309.6,377039689.1099994
2025-08-01 09:49:32 AM,104.78,26583,2785366.74,379825055.8499994
2025-08-01 09:49:34 AM,104.79,0,0.0,379825055.8499994
2025-08-01 09:49:34 AM,104.75,0,0.0,379825055.8499994
2025-08-01 09:49:36 AM,104.78,1759,184308.02,380009363.8699994
2025-08-01 09:49:37 AM,104.79,0,0.0,380009363.8699994
2025-08-01 09:49:39 AM,104.76,4171,436953.96,380446317.8299994
2025-08-01 09:49:40 AM,104.75,0,0.0,380446317.8299994
2025-08-01 09:49:42 AM,104.75,11,1152.25,380447470.0799994
2025-08-01 09:49:45 AM,104.75,55,5761.25,380453231.3299994
2025-08-01 09:49:49 AM,104.75,112,11732.0,380464963.3299994
2025-08-01 09:49:52 AM,104.7,0,0.0,380464963.3299994
2025-08-01 09:49:55 AM,104.68,0,0.0,380464963.3299994
2025-08-01 09:49:55 AM,104.67,3109,325419.03,380790382.35999936
2025-08-01 09:49:58 AM,104.63,1068,111744.84,380902127.19999933
2025-08-01 09:49:59 AM,104.65,0,0.0,380902127.19999933
2025-08-01 09:50:02 AM,104.62,201,21028.620000000003,380923155.81999934
2025-08-01 09:50:03 AM,104.64,0,0.0,380923155.81999934
2025-08-01 09:50:03 AM,104.62,0,0.0,380923155.81999934
2025-08-01 09:50:05 AM,104.62,2400,251088.0,381174243.81999934
2025-08-01 09:50:11 AM,104.62,2509,262491.58,381436735.3999993
2025-08-01 09:50:12 AM,104.6,0,0.0,381436735.3999993
2025-08-01 09:50:15 AM,104.61,159,16632.99,381453368.38999933
2025-08-01 09:50:15 AM,104.62,0,0.0,381453368.38999933
2025-08-01 09:50:18 AM,104.6,622,65061.2,381518429.5899993
2025-08-01 09:50:21 AM,104.57,161,16835.77,381535265.3599993
2025-08-01 09:50:23 AM,104.59,0,0.0,381535265.3599993
2025-08-01 09:50:24 AM,104.59,1,104.59,381535369.9499993
2025-08-01 09:50:24 AM,104.57,0,0.0,381535369.9499993
2025-08-01 09:50:26 AM,104.58,0,0.0,381535369.9499993
2025-08-01 09:50:27 AM,104.58,48,5019.84,381540389.78999925
2025-08-01 09:50:30 AM,104.58,2,209.16,381540598.9499993
2025-08-01 09:50:32 AM,104.56,0,0.0,381540598.9499993
2025-08-01 09:50:33 AM,104.56,34,3555.04,381544153.9899993
2025-08-01 09:50:36 AM,104.57,14,1463.98,381545617.9699993
2025-08-01 09:50:38 AM,104.64,0,0.0,381545617.9699993
2025-08-01 09:50:39 AM,104.59,0,0.0,381545617.9699993
2025-08-01 09:50:40 AM,104.59,35552,3718383.68,385264001.6499993
2025-08-01 09:50:42 AM,104.58,152,15896.16,385279897.80999935
2025-08-01 09:50:45 AM,104.6,0,0.0,385279897.80999935
2025-08-01 09:50:46 AM,104.6,10,1046.0,385280943.80999935
2025-08-01 09:50:48 AM,104.58,429,44864.82,385325808.62999934
2025-08-01 09:50:50 AM,104.59,0,0.0,385325808.62999934
2025-08-01 09:50:52 AM,104.59,125,13073.75,385338882.37999934
2025-08-01 09:50:53 AM,104.58,0,0.0,385338882.37999934
2025-08-01 09:50:54 AM,104.56,0,0.0,385338882.37999934
2025-08-01 09:50:55 AM,104.56,120,12547.2,385351429.5799993
2025-08-01 09:50:59 AM,104.56,5,522.8,385351952.37999934
2025-08-01 09:51:01 AM,104.56,100,10456.0,385362408.37999934
2025-08-01 09:51:05 AM,104.53,0,0.0,385362408.37999934
2025-08-01 09:51:05 AM,104.53,2001,209164.53,385571572.9099993
2025-08-01 09:51:06 AM,104.56,0,0.0,385571572.9099993
2025-08-01 09:51:07 AM,104.56,10,1045.6,385572618.50999933
2025-08-01 09:51:09 AM,104.63,0,0.0,385572618.50999933
2025-08-01 09:51:11 AM,104.63,700,73241.0,385645859.50999933
2025-08-01 09:51:19 AM,104.6,311,32530.6,385678390.10999936
2025-08-01 09:51:21 AM,104.59,0,0.0,385678390.10999936
2025-08-01 09:51:22 AM,104.63,0,0.0,385678390.10999936
2025-08-01 09:51:24 AM,104.63,1083,113314.29,385791704.3999994
2025-08-01 09:51:25 AM,104.58,0,0.0,385791704.3999994
2025-08-01 09:51:26 AM,104.58,950,99351.0,385891055.3999994
2025-08-01 09:51:29 AM,104.63,0,0.0,385891055.3999994
2025-08-01 09:51:30 AM,104.63,120,12555.599999999999,385903610.9999994
2025-08-01 09:51:31 AM,104.57,0,0.0,385903610.9999994
2025-08-01 09:51:32 AM,104.57,1000,104570.0,386008180.9999994
2025-08-01 09:51:32 AM,104.54,0,0.0,386008180.9999994
2025-08-01 09:51:36 AM,104.6,2210,231166.0,386239346.9999994
2025-08-01 09:51:40 AM,104.55,0,0.0,386239346.9999994
2025-08-01 09:51:42 AM,104.58,0,0.0,386239346.9999994
2025-08-01 09:51:43 AM,104.58,1416,148085.28,386387432.2799994
2025-08-01 09:51:45 AM,104.46,0,0.0,386387432.2799994
2025-08-01 09:51:45 AM,104.46,31834,3325379.6399999997,389712811.91999936
2025-08-01 09:51:46 AM,104.48,0,0.0,389712811.91999936
2025-08-01 09:51:49 AM,104.45,2359,246397.55000000002,389959209.4699994
2025-08-01 09:51:52 AM,104.48,0,0.0,389959209.4699994
2025-08-01 09:51:54 AM,104.47,0,0.0,389959209.4699994
2025-08-01 09:51:55 AM,104.48,152,15880.960000000001,389975090.42999935
2025-08-01 09:51:58 AM,104.48,948,99047.04000000001,390074137.4699994
2025-08-01 09:52:00 AM,104.49,0,0.0,390074137.4699994
2025-08-01 09:52:01 AM,104.49,1033,107938.17,390182075.6399994
2025-08-01 09:52:02 AM,104.5,0,0.0,390182075.6399994
2025-08-01 09:52:04 AM,104.5,610,63745.0,390245820.6399994
2025-08-01 09:52:07 AM,104.55,100,10455.0,390256275.6399994
2025-08-01 09:52:08 AM,104.56,0,0.0,390256275.6399994
2025-08-01 09:52:10 AM,104.55,604,63148.2,390319423.8399994
2025-08-01 09:52:16 AM,104.52,200,20904.0,390340327.8399994
2025-08-01 09:52:19 AM,104.52,20,2090.4,390342418.23999935
2025-08-01 09:52:20 AM,104.55,0,0.0,390342418.23999935
2025-08-01 09:52:22 AM,104.5,0,0.0,390342418.23999935
2025-08-01 09:52:22 AM,104.5,36,3762.0,390346180.23999935
2025-08-01 09:52:23 AM,104.54,0,0.0,390346180.23999935
2025-08-01 09:52:25 AM,104.54,40,4181.6,390350361.8399994
2025-08-01 09:52:28 AM,104.54,50,5227.0,390355588.8399994
2025-08-01 09:52:29 AM,104.51,0,0.0,390355588.8399994
2025-08-01 09:52:32 AM,104.55,406,42447.299999999996,390398036.1399994
2025-08-01 09:52:34 AM,104.55,8,836.4,390398872.53999937
2025-08-01 09:52:35 AM,104.54,0,0.0,390398872.53999937
2025-08-01 09:52:38 AM,104.54,25,2613.5,390401486.03999937
2025-08-01 09:52:38 AM,104.5,0,0.0,390401486.03999937
2025-08-01 09:52:40 AM,104.49,1627,170005.22999999998,390571491.2699994
2025-08-01 09:52:44 AM,104.5,10,1045.0,390572536.2699994
2025-08-01 09:52:44 AM,104.49,0,0.0,390572536.2699994
2025-08-01 09:52:46 AM,104.5,563,58833.5,390631369.7699994
2025-08-01 09:52:47 AM,104.51,0,0.0,390631369.7699994
2025-08-01 09:52:50 AM,104.48,0,0.0,390631369.7699994
2025-08-01 09:52:50 AM,104.48,1657,173123.36000000002,390804493.1299994
2025-08-01 09:52:56 AM,104.5,0,0.0,390804493.1299994
2025-08-01 09:52:56 AM,104.5,100,10450.0,390814943.1299994
2025-08-01 09:52:56 AM,104.51,0,0.0,390814943.1299994
2025-08-01 09:52:58 AM,104.51,47,4911.97,390819855.0999994
2025-08-01 09:53:02 AM,104.49,0,0.0,390819855.0999994
2025-08-01 09:53:02 AM,104.49,202,21106.98,390840962.07999945
2025-08-01 09:53:04 AM,104.51,2456,256676.56000000003,391097638.63999945
2025-08-01 09:53:05 AM,104.54,0,0.0,391097638.63999945
2025-08-01 09:53:08 AM,104.54,20,2090.8,391099729.43999946
2025-08-01 09:53:10 AM,104.54,70,7317.8,391107047.2399995
2025-08-01 09:53:11 AM,104.55,0,0.0,391107047.2399995
2025-08-01 09:53:14 AM,104.55,1,104.55,391107151.7899995
2025-08-01 09:53:21 AM,104.5,0,0.0,391107151.7899995
2025-08-01 09:53:21 AM,104.5,30,3135.0,391110286.7899995
2025-08-01 09:53:23 AM,104.51,1453,151853.03,391262139.81999946
2025-08-01 09:53:24 AM,104.5,0,0.0,391262139.81999946
2025-08-01 09:53:27 AM,104.5,1000,104500.0,391366639.81999946
2025-08-01 09:53:29 AM,104.47,860,89844.2,391456484.01999944
2025-08-01 09:53:33 AM,104.5,0,0.0,391456484.01999944
2025-08-01 09:53:33 AM,104.5,505,52772.5,391509256.51999944
2025-08-01 09:53:35 AM,104.48,1,104.48,391509360.99999946
2025-08-01 09:53:36 AM,104.5,0,0.0,391509360.99999946
2025-08-01 09:53:39 AM,104.51,0,0.0,391509360.99999946
2025-08-01 09:53:39 AM,104.51,1052,109944.52,391619305.51999944
2025-08-01 09:53:41 AM,104.45,10489,1095576.05,392714881.56999946
2025-08-01 09:53:43 AM,104.46,0,0.0,392714881.56999946
2025-08-01 09:53:45 AM,104.41,0,0.0,392714881.56999946
2025-08-01 09:53:46 AM,104.45,3436,358890.2,393073771.76999944
2025-08-01 09:53:52 AM,104.45,905,94527.25,393168299.01999944
2025-08-01 09:53:53 AM,104.44,25,2611.0,393170910.01999944
2025-08-01 09:53:54 AM,104.4,0,0.0,393170910.01999944
2025-08-01 09:53:58 AM,104.4,120,12528.0,393183438.01999944
2025-08-01 09:53:59 AM,104.41,19,1983.79,393185421.80999947
2025-08-01 09:54:03 AM,104.4,0,0.0,393185421.80999947
2025-08-01 09:54:04 AM,104.43,846,88347.78,393273769.58999944
2025-08-01 09:54:05 AM,104.4,2291,239180.40000000002,393512949.9899994
2025-08-01 09:54:06 AM,104.43,0,0.0,393512949.9899994
2025-08-01 09:54:10 AM,104.43,182,19006.260000000002,393531956.2499994
2025-08-01 09:54:12 AM,104.4,0,0.0,393531956.2499994
2025-08-01 09:54:15 AM,104.43,0,0.0,393531956.2499994
2025-08-01 09:54:17 AM,104.43,3088,322479.84,393854436.0899994
2025-08-01 09:54:18 AM,104.43,160,16708.800000000003,393871144.8899994
2025-08-01 09:54:18 AM,104.41,0,0.0,393871144.8899994
2025-08-01 09:54:23 AM,104.41,406,42390.46,393913535.34999937
2025-08-01 09:54:24 AM,104.41,100,10441.0,393923976.34999937
2025-08-01 09:54:27 AM,104.4,0,0.0,393923976.34999937
2025-08-01 09:54:29 AM,104.41,581,60662.21,393984638.55999935
2025-08-01 09:54:34 AM,104.4,0,0.0,393984638.55999935
2025-08-01 09:54:35 AM,104.41,230,24014.3,394008652.85999936
2025-08-01 09:54:36 AM,104.43,151,15768.93,394024421.78999937
2025-08-01 09:54:40 AM,104.4,0,0.0,394024421.78999937
2025-08-01 09:54:41 AM,104.41,639,66717.98999999999,394091139.7799994
2025-08-01 09:54:43 AM,104.45,0,0.0,394091139.7799994
2025-08-01 09:54:47 AM,104.45,1526,159390.7,394250530.47999936
2025-08-01 09:54:53 AM,104.45,1260,131607.0,394382137.47999936
2025-08-01 09:54:58 AM,104.4,0,0.0,394382137.47999936
2025-08-01 09:54:59 AM,104.4,2711,283028.4,394665165.87999934
2025-08-01 09:55:04 AM,104.42,0,0.0,394665165.87999934
2025-08-01 09:55:04 AM,104.4,790,82476.0,394747641.87999934
2025-08-01 09:55:05 AM,104.44,550,57442.0,394805083.87999934
2025-08-01 09:55:07 AM,104.4,0,0.0,394805083.87999934
2025-08-01 09:55:07 AM,104.42,0,0.0,394805083.87999934
2025-08-01 09:55:10 AM,104.4,0,0.0,394805083.87999934
2025-08-01 09:55:10 AM,104.4,8501,887504.4,395692588.2799993
2025-08-01 09:55:10 AM,104.45,0,0.0,395692588.2799993
2025-08-01 09:55:11 AM,104.45,190,19845.5,395712433.7799993
2025-08-01 09:55:13 AM,104.43,0,0.0,395712433.7799993
2025-08-01 09:55:13 AM,104.45,0,0.0,395712433.7799993
2025-08-01 09:55:16 AM,104.45,164,17129.8,395729563.5799993
2025-08-01 09:55:19 AM,104.41,0,0.0,395729563.5799993
2025-08-01 09:55:22 AM,104.41,2832,295689.12,396025252.69999933
2025-08-01 09:55:26 AM,104.44,0,0.0,396025252.69999933
2025-08-01 09:55:28 AM,104.42,796,83118.32,396108371.0199993
2025-08-01 09:55:30 AM,104.43,80,8354.400000000001,396116725.4199993
2025-08-01 09:55:30 AM,104.45,0,0.0,396116725.4199993
2025-08-01 09:55:34 AM,104.44,0,0.0,396116725.4199993
2025-08-01 09:55:34 AM,104.41,3125,326281.25,396443006.6699993
2025-08-01 09:55:36 AM,104.41,1,104.41,396443111.0799993
2025-08-01 09:55:38 AM,104.4,0,0.0,396443111.0799993
2025-08-01 09:55:39 AM,104.44,0,0.0,396443111.0799993
2025-08-01 09:55:40 AM,104.42,777,81134.34,396524245.4199993
2025-08-01 09:55:41 AM,104.46,8424,879971.0399999999,397404216.4599993
2025-08-01 09:55:42 AM,104.43,0,0.0,397404216.4599993
2025-08-01 09:55:46 AM,104.44,0,0.0,397404216.4599993
2025-08-01 09:55:46 AM,104.44,729,76136.76,397480353.2199993
2025-08-01 09:55:47 AM,104.43,100,10443.0,397490796.2199993
2025-08-01 09:55:53 AM,104.43,610,63702.3,397554498.5199993
2025-08-01 09:55:57 AM,104.44,0,0.0,397554498.5199993
2025-08-01 09:55:58 AM,104.41,0,0.0,397554498.5199993
2025-08-01 09:55:59 AM,104.44,618,64543.92,397619042.43999934
2025-08-01 09:56:00 AM,104.44,5,522.2,397619564.63999933
2025-08-01 09:56:04 AM,104.45,0,0.0,397619564.63999933
2025-08-01 09:56:05 AM,104.45,64,6684.8,397626249.43999934
2025-08-01 09:56:06 AM,104.46,0,0.0,397626249.43999934
2025-08-01 09:56:06 AM,104.46,730,76255.79999999999,397702505.23999935
2025-08-01 09:56:11 AM,104.46,2509,262090.13999999998,397964595.37999934
2025-08-01 09:56:11 AM,104.46,1,104.46,397964699.8399993
2025-08-01 09:56:17 AM,104.46,805,84090.29999999999,398048790.13999933
2025-08-01 09:56:18 AM,104.49,202,21106.98,398069897.11999935
2025-08-01 09:56:19 AM,104.47,0,0.0,398069897.11999935
2025-08-01 09:56:23 AM,104.47,40,4178.8,398074075.91999936
2025-08-01 09:56:23 AM,104.47,1,104.47,398074180.3899994
2025-08-01 09:56:27 AM,104.46,0,0.0,398074180.3899994
2025-08-01 09:56:29 AM,104.46,1000,104460.0,398178640.3899994
2025-08-01 09:56:29 AM,104.52,4550,475566.0,398654206.3899994
2025-08-01 09:56:31 AM,104.5,0,0.0,398654206.3899994
2025-08-01 09:56:33 AM,104.52,0,0.0,398654206.3899994
2025-08-01 09:56:34 AM,104.52,691,72223.31999999999,398726429.7099994
2025-08-01 09:56:35 AM,104.53,1362,142369.86000000002,398868799.5699994
2025-08-01 09:56:39 AM,104.43,0,0.0,398868799.5699994
2025-08-01 09:56:40 AM,104.47,0,0.0,398868799.5699994
2025-08-01 09:56:40 AM,104.47,13555,1416090.85,400284890.4199994
2025-08-01 09:56:41 AM,104.47,59,6163.73,400291054.14999944
2025-08-01 09:56:45 AM,104.43,0,0.0,400291054.14999944
2025-08-01 09:56:47 AM,104.46,451,47111.46,400338165.6099994
2025-08-01 09:56:53 AM,104.45,0,0.0,400338165.6099994
2025-08-01 09:56:53 AM,104.45,26,2715.7000000000003,400340881.3099994
2025-08-01 09:56:54 AM,104.43,810,84588.3,400425469.6099994
2025-08-01 09:56:57 AM,104.45,0,0.0,400425469.6099994
2025-08-01 09:56:59 AM,104.45,68,7102.6,400432572.20999944
2025-08-01 09:57:00 AM,104.43,596,62240.280000000006,400494812.4899994
2025-08-01 09:57:01 AM,104.45,0,0.0,400494812.4899994
2025-08-01 09:57:05 AM,104.45,4318,451015.10000000003,400945827.58999944
2025-08-01 09:57:06 AM,104.41,2005,209342.05,401155169.63999945
2025-08-01 09:57:12 AM,104.44,74,7728.5599999999995,401162898.19999945
2025-08-01 09:57:13 AM,104.45,0,0.0,401162898.19999945
2025-08-01 09:57:16 AM,104.48,1283,134047.84,401296946.0399994
2025-08-01 09:57:18 AM,104.46,20,2089.2,401299035.2399994
2025-08-01 09:57:22 AM,104.48,100,10448.0,401309483.2399994
2025-08-01 09:57:24 AM,104.48,400,41792.0,401351275.2399994
2025-08-01 09:57:27 AM,104.46,202,21100.92,401372376.15999943
2025-08-01 09:57:29 AM,104.49,0,0.0,401372376.15999943
2025-08-01 09:57:30 AM,104.49,1043,108983.06999999999,401481359.2299994
2025-08-01 09:57:33 AM,104.49,100,10449.0,401491808.2299994
2025-08-01 09:57:39 AM,104.49,3200,334368.0,401826176.2299994
2025-08-01 09:57:41 AM,104.47,0,0.0,401826176.2299994
2025-08-01 09:57:42 AM,104.49,468,48901.32,401875077.5499994
2025-08-01 09:57:46 AM,104.49,30,3134.7,401878212.2499994
2025-08-01 09:57:52 AM,104.49,5013,523808.37,402402020.6199994
2025-08-01 09:57:53 AM,104.52,0,0.0,402402020.6199994
2025-08-01 09:57:54 AM,104.52,1400,146328.0,402548348.6199994
2025-08-01 09:58:04 AM,104.46,1247,130261.62,402678610.2399994
2025-08-01 09:58:05 AM,104.48,0,0.0,402678610.2399994
2025-08-01 09:58:07 AM,104.46,30,3133.7999999999997,402681744.0399994
2025-08-01 09:58:10 AM,104.5,1033,107948.5,402789692.5399994
2025-08-01 09:58:13 AM,104.5,1005,105022.5,402894715.0399994
2025-08-01 09:58:16 AM,104.5,1,104.5,402894819.5399994
2025-08-01 09:58:19 AM,104.45,1206,125966.7,403020786.2399994
2025-08-01 09:58:25 AM,104.48,50,5224.0,403026010.2399994
2025-08-01 09:58:26 AM,104.47,0,0.0,403026010.2399994
2025-08-01 09:58:26 AM,104.48,0,0.0,403026010.2399994
2025-08-01 09:58:28 AM,104.47,539,56309.33,403082319.5699994
2025-08-01 09:58:31 AM,104.48,1035,108136.8,403190456.3699994
2025-08-01 09:58:34 AM,104.41,0,0.0,403190456.3699994
2025-08-01 09:58:34 AM,104.41,1128,117774.48,403308230.8499994
2025-08-01 09:58:40 AM,104.43,9,939.8700000000001,403309170.71999943
2025-08-01 09:58:42 AM,104.47,0,0.0,403309170.71999943
2025-08-01 09:58:43 AM,104.47,1010,105514.7,403414685.4199994
2025-08-01 09:58:49 AM,104.44,33,3446.52,403418131.9399994
2025-08-01 09:58:52 AM,104.44,117,12219.48,403430351.4199994
2025-08-01 09:58:55 AM,104.39,38077,3974858.03,407405209.4499994
2025-08-01 09:58:58 AM,104.4,0,0.0,407405209.4499994
2025-08-01 09:58:58 AM,104.4,1000,104400.0,407509609.4499994
2025-08-01 09:59:01 AM,104.4,96,10022.400000000001,407519631.84999937
2025-08-01 09:59:04 AM,104.39,45,4697.55,407524329.3999994
2025-08-01 09:59:07 AM,104.4,0,0.0,407524329.3999994
2025-08-01 09:59:07 AM,104.4,1,104.4,407524433.79999936
2025-08-01 09:59:11 AM,104.39,403,42069.17,407566502.9699994
2025-08-01 09:59:12 AM,104.38,0,0.0,407566502.9699994
2025-08-01 09:59:14 AM,104.39,512,53447.68,407619950.6499994
2025-08-01 09:59:17 AM,104.39,229,23905.31,407643855.9599994
2025-08-01 09:59:20 AM,104.4,0,0.0,407643855.9599994
2025-08-01 09:59:20 AM,104.4,162,16912.8,407660768.7599994
2025-08-01 09:59:23 AM,104.42,877,91576.34,407752345.09999937
2025-08-01 09:59:26 AM,104.42,130,13574.6,407765919.6999994
2025-08-01 09:59:28 AM,104.4,0,0.0,407765919.6999994
2025-08-01 09:59:30 AM,104.4,250,26100.0,407792019.6999994
2025-08-01 09:59:32 AM,104.42,0,0.0,407792019.6999994
2025-08-01 09:59:33 AM,104.42,40,4176.8,407796196.4999994
2025-08-01 09:59:36 AM,104.45,6816,711931.2000000001,408508127.6999994
2025-08-01 09:59:39 AM,104.45,604,63087.8,408571215.4999994
2025-08-01 09:59:42 AM,104.47,4400,459668.0,409030883.4999994
2025-08-01 09:59:44 AM,104.44,0,0.0,409030883.4999994
2025-08-01 09:59:45 AM,104.42,0,0.0,409030883.4999994
2025-08-01 09:59:45 AM,104.42,300,31326.0,409062209.4999994
2025-08-01 09:59:49 AM,104.46,10,1044.6,409063254.0999994
2025-08-01 09:59:51 AM,104.46,1,104.46,409063358.5599994
2025-08-01 09:59:54 AM,104.45,0,0.0,409063358.5599994
2025-08-01 09:59:55 AM,104.46,1251,130679.45999999999,409194038.0199994
2025-08-01 09:59:57 AM,104.46,14,1462.4399999999998,409195500.4599994
2025-08-01 10:00:00 AM,104.45,0,0.0,409195500.4599994
2025-08-01 10:00:01 AM,104.46,108,11281.679999999998,409206782.1399994
2025-08-01 10:00:03 AM,104.46,77,8043.419999999999,409214825.5599994
2025-08-01 10:00:07 AM,104.45,198,20681.100000000002,409235506.65999943
2025-08-01 10:00:10 AM,104.43,0,0.0,409235506.65999943
2025-08-01 10:00:10 AM,104.43,1142,119259.06000000001,409354765.71999943
2025-08-01 10:00:14 AM,104.37,0,0.0,409354765.71999943
2025-08-01 10:00:14 AM,104.37,14888,1553860.56,410908626.27999943
2025-08-01 10:00:16 AM,104.44,0,0.0,410908626.27999943
2025-08-01 10:00:16 AM,104.44,2,208.88,410908835.15999943
2025-08-01 10:00:20 AM,104.42,2011,209988.62,411118823.77999943
2025-08-01 10:00:21 AM,104.44,0,0.0,411118823.77999943
2025-08-01 10:00:23 AM,104.44,50,5222.0,411124045.77999943
2025-08-01 10:00:29 AM,104.44,301,31436.44,411155482.21999943
2025-08-01 10:00:32 AM,104.34,23197,2420374.98,413575857.19999945
2025-08-01 10:00:35 AM,104.39,200,20878.0,413596735.19999945
2025-08-01 10:00:39 AM,104.39,71,7411.69,413604146.88999945
2025-08-01 10:00:42 AM,104.37,5,521.85,413604668.7399995
2025-08-01 10:00:45 AM,104.33,0,0.0,413604668.7399995
2025-08-01 10:00:45 AM,104.33,146,15232.18,413619900.9199995
2025-08-01 10:00:48 AM,104.3,31351,3269909.3,416889810.2199995
2025-08-01 10:00:51 AM,104.28,0,0.0,416889810.2199995
2025-08-01 10:00:51 AM,104.3,1263,131730.9,417021541.11999947
2025-08-01 10:00:55 AM,104.32,7105,741193.6,417762734.7199995
2025-08-01 10:00:57 AM,104.34,0,0.0,417762734.7199995
2025-08-01 10:00:58 AM,104.41,1337,139596.16999999998,417902330.8899995
2025-08-01 10:01:01 AM,104.36,20,2087.2,417904418.0899995
2025-08-01 10:01:03 AM,104.46,0,0.0,417904418.0899995
2025-08-01 10:01:04 AM,104.45,1751,182891.95,418087310.0399995
2025-08-01 10:01:07 AM,104.46,1207,126083.21999999999,418213393.2599995
2025-08-01 10:01:09 AM,104.4,0,0.0,418213393.2599995
2025-08-01 10:01:10 AM,104.4,11300,1179720.0,419393113.2599995
2025-08-01 10:01:14 AM,104.39,0,0.0,419393113.2599995
2025-08-01 10:01:14 AM,104.39,2203,229971.17,419623084.42999953
2025-08-01 10:01:17 AM,104.43,17,1775.3100000000002,419624859.73999953
2025-08-01 10:01:20 AM,104.43,1,104.43,419624964.16999954
2025-08-01 10:01:22 AM,104.39,0,0.0,419624964.16999954
2025-08-01 10:01:23 AM,104.39,31,3236.09,419628200.2599995
2025-08-01 10:01:26 AM,104.43,0,0.0,419628200.2599995
2025-08-01 10:01:26 AM,104.45,579,60476.55,419688676.8099995
2025-08-01 10:01:29 AM,104.45,30,3133.5,419691810.3099995
2025-08-01 10:01:30 AM,104.43,0,0.0,419691810.3099995
2025-08-01 10:01:32 AM,104.45,125,13056.25,419704866.5599995
2025-08-01 10:01:35 AM,104.45,72,7520.400000000001,419712386.9599995
2025-08-01 10:01:41 AM,104.45,10,1044.5,419713431.4599995
2025-08-01 10:01:45 AM,104.43,1011,105578.73000000001,419819010.1899995
2025-08-01 10:01:47 AM,104.49,0,0.0,419819010.1899995
2025-08-01 10:01:47 AM,104.49,1197,125074.53,419944084.7199995
2025-08-01 10:01:51 AM,104.53,0,0.0,419944084.7199995
2025-08-01 10:01:51 AM,104.53,6380,666901.4,420610986.11999947
2025-08-01 10:01:52 AM,104.48,0,0.0,420610986.11999947
2025-08-01 10:01:53 AM,104.48,1,104.48,420611090.5999995
2025-08-01 10:01:55 AM,104.55,0,0.0,420611090.5999995
2025-08-01 10:01:57 AM,104.5,1953,204088.5,420815179.0999995
2025-08-01 10:01:59 AM,104.55,0,0.0,420815179.0999995
2025-08-01 10:01:59 AM,104.55,475,49661.25,420864840.3499995
2025-08-01 10:02:03 AM,104.54,0,0.0,420864840.3499995
2025-08-01 10:02:03 AM,104.54,11,1149.94,420865990.2899995
2025-08-01 10:02:05 AM,104.55,8,836.4,420866826.68999946
2025-08-01 10:02:07 AM,104.5,0,0.0,420866826.68999946
2025-08-01 10:02:09 AM,104.5,5000,522500.0,421389326.68999946
2025-08-01 10:02:14 AM,104.54,0,0.0,421389326.68999946
2025-08-01 10:02:15 AM,104.55,0,0.0,421389326.68999946
2025-08-01 10:02:16 AM,104.56,1520,158931.2,421548257.88999945
2025-08-01 10:02:17 AM,104.55,3651,381712.05,421929969.93999946
2025-08-01 10:02:19 AM,104.56,0,0.0,421929969.93999946
2025-08-01 10:02:22 AM,104.56,1,104.56,421930074.49999946
2025-08-01 10:02:28 AM,104.58,194,20288.52,421950363.01999944
2025-08-01 10:02:30 AM,104.58,1,104.58,421950467.5999994
2025-08-01 10:02:32 AM,104.56,0,0.0,421950467.5999994
2025-08-01 10:02:34 AM,104.58,1091,114096.78,422064564.3799994
2025-08-01 10:02:36 AM,104.58,10,1045.8,422065610.1799994
2025-08-01 10:02:41 AM,104.56,52,5437.12,422071047.2999994
2025-08-01 10:02:43 AM,104.58,659,68918.22,422139965.51999944
2025-08-01 10:02:46 AM,104.59,0,0.0,422139965.51999944
2025-08-01 10:02:48 AM,104.59,200,20918.0,422160883.51999944
2025-08-01 10:02:49 AM,104.58,23,2405.34,422163288.8599994
2025-08-01 10:02:54 AM,104.58,2876,300772.08,422464060.9399994
2025-08-01 10:02:56 AM,104.58,404,42250.32,422506311.2599994
2025-08-01 10:02:58 AM,104.53,0,0.0,422506311.2599994
2025-08-01 10:02:58 AM,104.57,0,0.0,422506311.2599994
2025-08-01 10:03:00 AM,104.5,3631,379439.5,422885750.7599994
2025-08-01 10:03:02 AM,104.55,0,0.0,422885750.7599994
2025-08-01 10:03:02 AM,104.5,0,0.0,422885750.7599994
2025-08-01 10:03:02 AM,104.56,6342,663119.52,423548870.2799994
2025-08-01 10:03:06 AM,104.5,0,0.0,423548870.2799994
2025-08-01 10:03:06 AM,104.45,0,0.0,423548870.2799994
2025-08-01 10:03:06 AM,104.5,5245,548102.5,424096972.7799994
2025-08-01 10:03:08 AM,104.49,4247,443769.02999999997,424540741.80999935
2025-08-01 10:03:13 AM,104.55,7427,776492.85,425317234.6599994
2025-08-01 10:03:18 AM,104.62,0,0.0,425317234.6599994
2025-08-01 10:03:19 AM,104.6,9651,1009494.6,426326729.2599994
2025-08-01 10:03:22 AM,104.62,0,0.0,426326729.2599994
2025-08-01 10:03:22 AM,104.62,440,46032.8,426372762.0599994
2025-08-01 10:03:26 AM,104.57,0,0.0,426372762.0599994
2025-08-01 10:03:26 AM,104.57,1402,146607.13999999998,426519369.1999994
2025-08-01 10:03:28 AM,104.55,196,20491.8,426539860.9999994
2025-08-01 10:03:32 AM,104.58,1112,116292.95999999999,426656153.9599994
2025-08-01 10:03:38 AM,104.57,0,0.0,426656153.9599994
2025-08-01 10:03:38 AM,104.6,0,0.0,426656153.9599994
2025-08-01 10:03:39 AM,104.6,310,32426.0,426688579.9599994
2025-08-01 10:03:41 AM,104.6,10,1046.0,426689625.9599994
2025-08-01 10:03:46 AM,104.57,0,0.0,426689625.9599994
2025-08-01 10:03:47 AM,104.6,45,4707.0,426694332.9599994
2025-08-01 10:03:51 AM,104.58,9521,995706.1799999999,427690039.1399994
2025-08-01 10:03:53 AM,104.6,26,2719.6,427692758.7399994
2025-08-01 10:03:57 AM,104.56,31,3241.36,427696000.0999994
2025-08-01 10:03:58 AM,104.58,0,0.0,427696000.0999994
2025-08-01 10:03:58 AM,104.55,0,0.0,427696000.0999994
2025-08-01 10:03:59 AM,104.55,2738,286257.89999999997,427982257.9999994
2025-08-01 10:04:02 AM,104.54,0,0.0,427982257.9999994
2025-08-01 10:04:03 AM,104.53,108,11289.24,427993547.2399994
2025-08-01 10:04:06 AM,104.53,500,52265.0,428045812.2399994
2025-08-01 10:04:10 AM,104.55,0,0.0,428045812.2399994
2025-08-01 10:04:10 AM,104.55,253,26451.149999999998,428072263.3899994
2025-08-01 10:04:12 AM,104.57,2,209.14,428072472.5299994
2025-08-01 10:04:14 AM,104.55,0,0.0,428072472.5299994
2025-08-01 10:04:16 AM,104.55,589,61579.95,428134052.47999936
2025-08-01 10:04:18 AM,104.57,0,0.0,428134052.47999936
2025-08-01 10:04:18 AM,104.57,6,627.42,428134679.8999994
2025-08-01 10:04:22 AM,104.57,290,30325.3,428165005.1999994
2025-08-01 10:04:24 AM,104.57,4,418.28,428165423.47999936
2025-08-01 10:04:29 AM,104.57,1298,135731.86,428301155.3399994
2025-08-01 10:04:30 AM,104.58,0,0.0,428301155.3399994
2025-08-01 10:04:31 AM,104.58,47,4915.26,428306070.59999937
2025-08-01 10:04:34 AM,104.57,0,0.0,428306070.59999937
2025-08-01 10:04:35 AM,104.57,203,21227.71,428327298.30999935
2025-08-01 10:04:37 AM,104.57,6,627.42,428327925.72999936
2025-08-01 10:04:41 AM,104.57,645,67447.65,428395373.37999934
2025-08-01 10:04:43 AM,104.59,450,47065.5,428442438.87999934
2025-08-01 10:04:47 AM,104.6,618,64642.799999999996,428507081.67999935
2025-08-01 10:04:49 AM,104.6,44,4602.4,428511684.0799993
2025-08-01 10:04:54 AM,104.6,353,36923.799999999996,428548607.87999934
2025-08-01 10:04:56 AM,104.61,0,0.0,428548607.87999934
2025-08-01 10:04:56 AM,104.61,400,41844.0,428590451.87999934
2025-08-01 10:05:00 AM,104.6,0,0.0,428590451.87999934
2025-08-01 10:05:00 AM,104.61,0,0.0,428590451.87999934
2025-08-01 10:05:00 AM,104.61,6,627.66,428591079.53999937
2025-08-01 10:05:06 AM,104.61,4612,482461.32,429073540.85999936
2025-08-01 10:05:08 AM,104.58,1,104.58,429073645.43999934
2025-08-01 10:05:09 AM,104.61,0,0.0,429073645.43999934
2025-08-01 10:05:12 AM,104.61,35,3661.35,429077306.78999937
2025-08-01 10:05:14 AM,104.58,1999,209055.41999999998,429286362.2099994
2025-08-01 10:05:15 AM,104.57,0,0.0,429286362.2099994
2025-08-01 10:05:18 AM,104.57,3419,357524.82999999996,429643887.03999937
2025-08-01 10:05:19 AM,104.55,0,0.0,429643887.03999937
2025-08-01 10:05:20 AM,104.55,45,4704.75,429648591.78999937
2025-08-01 10:05:24 AM,104.51,2885,301511.35000000003,429950103.1399994
2025-08-01 10:05:31 AM,104.54,0,0.0,429950103.1399994
2025-08-01 10:05:31 AM,104.54,2,209.08,429950312.2199994
2025-08-01 10:05:33 AM,104.57,50,5228.5,429955540.7199994
2025-08-01 10:05:37 AM,104.59,0,0.0,429955540.7199994
2025-08-01 10:05:37 AM,104.59,1056,110447.04000000001,430065987.7599994
2025-08-01 10:05:39 AM,104.59,300,31377.0,430097364.7599994
2025-08-01 10:05:43 AM,104.59,33,3451.4700000000003,430100816.2299994
2025-08-01 10:05:45 AM,104.59,145,15165.550000000001,430115981.77999943
2025-08-01 10:05:49 AM,104.59,36,3765.2400000000002,430119747.01999944
2025-08-01 10:05:49 AM,104.57,0,0.0,430119747.01999944
2025-08-01 10:05:51 AM,104.55,12,1254.6,430121001.61999947
2025-08-01 10:05:52 AM,104.56,0,0.0,430121001.61999947
2025-08-01 10:05:55 AM,104.56,115,12024.4,430133026.01999944
2025-08-01 10:05:58 AM,104.55,0,0.0,430133026.01999944
2025-08-01 10:06:00 AM,104.56,0,0.0,430133026.01999944
2025-08-01 10:06:01 AM,104.56,21,2195.76,430135221.77999943
2025-08-01 10:06:03 AM,104.55,1183,123682.65,430258904.4299994
2025-08-01 10:06:07 AM,104.55,235,24569.25,430283473.6799994
2025-08-01 10:06:09 AM,104.55,351,36697.049999999996,430320170.7299994
2025-08-01 10:06:12 AM,104.55,21,2195.5499999999997,430322366.27999943
2025-08-01 10:06:15 AM,104.5,0,0.0,430322366.27999943
2025-08-01 10:06:15 AM,104.49,4837,505418.12999999995,430827784.40999943
2025-08-01 10:06:18 AM,104.48,0,0.0,430827784.40999943
2025-08-01 10:06:18 AM,104.48,1331,139062.88,430966847.2899994
2025-08-01 10:06:21 AM,104.47,0,0.0,430966847.2899994
2025-08-01 10:06:21 AM,104.47,23,2402.81,430969250.0999994
2025-08-01 10:06:24 AM,104.46,0,0.0,430969250.0999994
2025-08-01 10:06:24 AM,104.46,2483,259374.18,431228624.27999943
2025-08-01 10:06:27 AM,104.46,1253,130888.37999999999,431359512.65999943
2025-08-01 10:06:30 AM,104.43,0,0.0,431359512.65999943
2025-08-01 10:06:30 AM,104.46,454,47424.84,431406937.4999994
2025-08-01 10:06:32 AM,104.46,87,9088.019999999999,431416025.5199994
2025-08-01 10:06:33 AM,104.41,0,0.0,431416025.5199994
2025-08-01 10:06:36 AM,104.4,1231,128516.40000000001,431544541.91999936
2025-08-01 10:06:38 AM,104.44,22,2297.68,431546839.59999937
2025-08-01 10:06:41 AM,104.4,0,0.0,431546839.59999937
2025-08-01 10:06:42 AM,104.4,2625,274050.0,431820889.59999937
2025-08-01 10:06:44 AM,104.43,1,104.43,431820994.0299994
2025-08-01 10:06:47 AM,104.4,0,0.0,431820994.0299994
2025-08-01 10:06:48 AM,104.4,75,7830.0,431828824.0299994
2025-08-01 10:06:50 AM,104.43,80,8354.400000000001,431837178.42999935
2025-08-01 10:06:55 AM,104.43,1052,109860.36,431947038.78999937
2025-08-01 10:06:56 AM,104.4,0,0.0,431947038.78999937
2025-08-01 10:06:57 AM,104.4,967,100954.8,432047993.5899994
2025-08-01 10:07:01 AM,104.41,0,0.0,432047993.5899994
2025-08-01 10:07:01 AM,104.41,806,84154.45999999999,432132148.04999936
2025-08-01 10:07:03 AM,104.45,111,11593.95,432143741.99999934
2025-08-01 10:07:07 AM,104.3,0,0.0,432143741.99999934
2025-08-01 10:07:07 AM,104.3,18639,1944047.7,434087789.69999933
2025-08-01 10:07:09 AM,104.31,5328,555763.68,434643553.37999934
2025-08-01 10:07:13 AM,104.36,198,20663.28,434664216.6599993
2025-08-01 10:07:15 AM,104.43,615,64224.450000000004,434728441.1099993
2025-08-01 10:07:17 AM,104.44,0,0.0,434728441.1099993
2025-08-01 10:07:17 AM,104.4,0,0.0,434728441.1099993
2025-08-01 10:07:19 AM,104.38,2688,280573.44,435009014.5499993
2025-08-01 10:07:21 AM,104.38,95,9916.1,435018930.6499993
2025-08-01 10:07:26 AM,104.38,266,27765.079999999998,435046695.7299993
2025-08-01 10:07:28 AM,104.43,1036,108189.48000000001,435154885.2099993
2025-08-01 10:07:30 AM,104.44,0,0.0,435154885.2099993
2025-08-01 10:07:30 AM,104.39,0,0.0,435154885.2099993
2025-08-01 10:07:32 AM,104.42,1824,190462.08000000002,435345347.2899993
2025-08-01 10:07:34 AM,104.4,0,0.0,435345347.2899993
2025-08-01 10:07:34 AM,104.4,109,11379.6,435356726.88999933
2025-08-01 10:07:38 AM,104.42,0,0.0,435356726.88999933
2025-08-01 10:07:38 AM,104.4,0,0.0,435356726.88999933
2025-08-01 10:07:38 AM,104.4,3749,391395.60000000003,435748122.48999935
2025-08-01 10:07:40 AM,104.4,101,10544.400000000001,435758666.88999933
2025-08-01 10:07:44 AM,104.4,1741,181760.40000000002,435940427.2899993
2025-08-01 10:07:46 AM,104.4,257,26830.800000000003,435967258.0899993
2025-08-01 10:07:48 AM,104.39,0,0.0,435967258.0899993
2025-08-01 10:07:50 AM,104.35,2374,247726.9,436214984.9899993
2025-08-01 10:07:56 AM,104.35,1402,146298.69999999998,436361283.6899993
2025-08-01 10:07:58 AM,104.38,0,0.0,436361283.6899993
2025-08-01 10:07:58 AM,104.38,90,9394.199999999999,436370677.8899993
2025-08-01 10:08:03 AM,104.35,1205,125741.75,436496419.6399993
2025-08-01 10:08:04 AM,104.35,33,3443.5499999999997,436499863.1899993
2025-08-01 10:08:08 AM,104.37,0,0.0,436499863.1899993
2025-08-01 10:08:09 AM,104.32,787,82099.84,436581963.02999926
2025-08-01 10:08:11 AM,104.37,147,15342.390000000001,436597305.41999924
2025-08-01 10:08:13 AM,104.35,0,0.0,436597305.41999924
2025-08-01 10:08:15 AM,104.35,1292,134820.19999999998,436732125.61999923
2025-08-01 10:08:21 AM,104.34,0,0.0,436732125.61999923
2025-08-01 10:08:21 AM,104.34,514,53630.76,436785756.3799992
2025-08-01 10:08:27 AM,104.35,0,0.0,436785756.3799992
2025-08-01 10:08:27 AM,104.35,2021,210891.34999999998,436996647.72999924
2025-08-01 10:08:36 AM,104.4,0,0.0,436996647.72999924
2025-08-01 10:08:39 AM,104.38,0,0.0,436996647.72999924
2025-08-01 10:08:39 AM,104.38,285,29748.3,437026396.02999926
2025-08-01 10:08:43 AM,104.4,0,0.0,437026396.02999926
2025-08-01 10:08:45 AM,104.4,204,21297.600000000002,437047693.6299993
2025-08-01 10:08:51 AM,104.39,132,13779.48,437061473.1099993
2025-08-01 10:08:55 AM,104.4,0,0.0,437061473.1099993
2025-08-01 10:08:56 AM,104.39,0,0.0,437061473.1099993
2025-08-01 10:08:57 AM,104.39,26108,2725414.12,439786887.2299993
2025-08-01 10:08:59 AM,104.38,10,1043.8,439787931.0299993
2025-08-01 10:09:01 AM,104.32,0,0.0,439787931.0299993
2025-08-01 10:09:02 AM,104.36,0,0.0,439787931.0299993
2025-08-01 10:09:03 AM,104.36,7830,817138.8,440605069.8299993
2025-08-01 10:09:05 AM,104.36,5,521.8,440605591.62999934
2025-08-01 10:09:07 AM,104.31,0,0.0,440605591.62999934
2025-08-01 10:09:09 AM,104.32,0,0.0,440605591.62999934
2025-08-01 10:09:09 AM,104.37,1437,149979.69,440755571.31999934
2025-08-01 10:09:15 AM,104.38,0,0.0,440755571.31999934
2025-08-01 10:09:15 AM,104.38,500,52190.0,440807761.31999934
2025-08-01 10:09:17 AM,104.39,70,7307.3,440815068.61999935
2025-08-01 10:09:21 AM,104.39,51,5323.89,440820392.50999933
2025-08-01 10:09:23 AM,104.39,100,10439.0,440830831.50999933
2025-08-01 10:09:24 AM,104.37,0,0.0,440830831.50999933
2025-08-01 10:09:27 AM,104.37,6,626.22,440831457.72999936
2025-08-01 10:09:29 AM,104.35,95,9913.25,440841370.97999936
2025-08-01 10:09:30 AM,104.37,0,0.0,440841370.97999936
2025-08-01 10:09:32 AM,104.39,109,11378.51,440852749.48999935
2025-08-01 10:09:34 AM,104.39,250,26097.5,440878846.98999935
2025-08-01 10:09:38 AM,104.39,67,6994.13,440885841.11999935
2025-08-01 10:09:40 AM,104.37,250,26092.5,440911933.61999935
2025-08-01 10:09:43 AM,104.42,0,0.0,440911933.61999935
2025-08-01 10:09:44 AM,104.41,3589,374727.49,441286661.10999936
2025-08-01 10:09:48 AM,104.39,0,0.0,441286661.10999936
2025-08-01 10:09:50 AM,104.38,106,11064.279999999999,441297725.38999933
2025-08-01 10:09:53 AM,104.39,0,0.0,441297725.38999933
2025-08-01 10:09:55 AM,104.38,180,18788.399999999998,441316513.7899993
2025-08-01 10:09:57 AM,104.37,0,0.0,441316513.7899993
2025-08-01 10:09:57 AM,104.37,622,64918.14,441381431.9299993
2025-08-01 10:10:00 AM,104.38,0,0.0,441381431.9299993
2025-08-01 10:10:01 AM,104.38,203,21189.14,441402621.0699993
2025-08-01 10:10:06 AM,104.37,0,0.0,441402621.0699993
2025-08-01 10:10:07 AM,104.38,0,0.0,441402621.0699993
2025-08-01 10:10:07 AM,104.38,245,25573.1,441428194.1699993
2025-08-01 10:10:09 AM,104.37,549,57299.130000000005,441485493.2999993
2025-08-01 10:10:12 AM,104.31,0,0.0,441485493.2999993
2025-08-01 10:10:13 AM,104.33,0,0.0,441485493.2999993
2025-08-01 10:10:13 AM,104.33,3010,314033.3,441799526.5999993
2025-08-01 10:10:15 AM,104.33,217,22639.61,441822166.2099993
2025-08-01 10:10:16 AM,104.2,0,0.0,441822166.2099993
2025-08-01 10:10:19 AM,104.24,39134,4079328.1599999997,445901494.36999935
2025-08-01 10:10:21 AM,104.25,50,5212.5,445906706.86999935
2025-08-01 10:10:24 AM,104.27,1410,147020.69999999998,446053727.56999934
2025-08-01 10:10:26 AM,104.25,1592,165966.0,446219693.56999934
2025-08-01 10:10:30 AM,104.28,0,0.0,446219693.56999934
2025-08-01 10:10:30 AM,104.28,1349,140673.72,446360367.28999937
2025-08-01 10:10:32 AM,104.27,31,3232.37,446363599.6599994
2025-08-01 10:10:36 AM,104.24,0,0.0,446363599.6599994
2025-08-01 10:10:37 AM,104.27,125,13033.75,446376633.4099994
2025-08-01 10:10:38 AM,104.27,3,312.81,446376946.2199994
2025-08-01 10:10:43 AM,104.27,446,46504.42,446423450.6399994
2025-08-01 10:10:48 AM,104.25,0,0.0,446423450.6399994
2025-08-01 10:10:49 AM,104.25,200,20850.0,446444300.6399994
2025-08-01 10:10:54 AM,104.26,0,0.0,446444300.6399994
2025-08-01 10:10:55 AM,104.26,20,2085.2000000000003,446446385.8399994
2025-08-01 10:10:56 AM,104.28,0,0.0,446446385.8399994
2025-08-01 10:10:56 AM,104.28,107,11157.960000000001,446457543.79999936
2025-08-01 10:11:00 AM,104.28,1079,112518.12,446570061.91999936
2025-08-01 10:11:02 AM,104.31,0,0.0,446570061.91999936
2025-08-01 10:11:02 AM,104.31,10955,1142716.05,447712777.9699994
2025-08-01 10:11:03 AM,104.33,0,0.0,447712777.9699994
2025-08-01 10:11:06 AM,104.33,203,21178.989999999998,447733956.9599994
2025-08-01 10:11:08 AM,104.33,4082,425875.06,448159832.0199994
2025-08-01 10:11:12 AM,104.31,0,0.0,448159832.0199994
2025-08-01 10:11:12 AM,104.34,1838,191776.92,448351608.9399994
2025-08-01 10:11:18 AM,104.33,0,0.0,448351608.9399994
2025-08-01 10:11:18 AM,104.33,111,11580.63,448363189.5699994
2025-08-01 10:11:20 AM,104.33,100,10433.0,448373622.5699994
2025-08-01 10:11:24 AM,104.33,4030,420449.89999999997,448794072.4699994
2025-08-01 10:11:30 AM,104.33,118,12310.94,448806383.4099994
2025-08-01 10:11:31 AM,104.33,183,19092.39,448825475.79999936
2025-08-01 10:11:35 AM,104.33,150,15649.5,448841125.29999936
2025-08-01 10:11:41 AM,104.33,312,32550.96,448873676.25999933
2025-08-01 10:11:42 AM,104.33,12,1251.96,448874928.2199993
2025-08-01 10:11:45 AM,104.34,0,0.0,448874928.2199993
2025-08-01 10:11:47 AM,104.33,2550,266041.5,449140969.7199993
2025-08-01 10:11:53 AM,104.34,65,6782.1,449147751.81999934
2025-08-01 10:11:54 AM,104.34,2,208.68,449147960.49999934
2025-08-01 10:11:59 AM,104.35,3570,372529.5,449520489.99999934
2025-08-01 10:12:00 AM,104.35,1000,104350.0,449624839.99999934
2025-08-01 10:12:03 AM,104.34,0,0.0,449624839.99999934
2025-08-01 10:12:05 AM,104.35,161,16800.35,449641640.34999937
2025-08-01 10:12:06 AM,104.35,500,52175.0,449693815.34999937
2025-08-01 10:12:09 AM,104.34,0,0.0,449693815.34999937
2025-08-01 10:12:09 AM,104.35,0,0.0,449693815.34999937
2025-08-01 10:12:11 AM,104.4,7976,832694.4,450526509.74999934
2025-08-01 10:12:17 AM,104.38,40,4175.2,450530684.94999933
2025-08-01 10:12:22 AM,104.38,51,5323.38,450536008.3299993
2025-08-01 10:12:27 AM,104.5,0,0.0,450536008.3299993
2025-08-01 10:12:28 AM,104.5,6708,700986.0,451236994.3299993
2025-08-01 10:12:29 AM,104.5,1,104.5,451237098.8299993
2025-08-01 10:12:30 AM,104.52,0,0.0,451237098.8299993
2025-08-01 10:12:33 AM,104.5,0,0.0,451237098.8299993
2025-08-01 10:12:34 AM,104.54,8572,896116.88,452133215.7099993
2025-08-01 10:12:34 AM,104.54,209,21848.86,452155064.56999934
2025-08-01 10:12:36 AM,104.55,0,0.0,452155064.56999934
2025-08-01 10:12:39 AM,104.53,0,0.0,452155064.56999934
2025-08-01 10:12:39 AM,104.5,1595,166677.5,452321742.06999934
2025-08-01 10:12:40 AM,104.54,376,39307.04,452361049.10999936
2025-08-01 10:12:45 AM,104.54,3293,344250.22000000003,452705299.3299994
2025-08-01 10:12:46 AM,104.54,25,2613.5,452707912.8299994
2025-08-01 10:12:51 AM,104.53,137,14320.61,452722233.4399994
2025-08-01 10:12:52 AM,104.54,25,2613.5,452724846.9399994
2025-08-01 10:12:56 AM,104.53,0,0.0,452724846.9399994
2025-08-01 10:12:57 AM,104.55,774,80921.7,452805768.6399994
2025-08-01 10:12:57 AM,104.53,15,1567.95,452807336.5899994
2025-08-01 10:13:02 AM,104.53,1792,187317.76,452994654.34999937
2025-08-01 10:13:08 AM,104.53,10433,1090561.49,454085215.8399994
2025-08-01 10:13:09 AM,104.53,10,1045.3,454086261.1399994
2025-08-01 10:13:12 AM,104.54,0,0.0,454086261.1399994
2025-08-01 10:13:14 AM,104.52,3964,414317.27999999997,454500578.41999936
2025-08-01 10:13:18 AM,104.5,0,0.0,454500578.41999936
2025-08-01 10:13:20 AM,104.5,1039,108575.5,454609153.91999936
2025-08-01 10:13:21 AM,104.5,100,10450.0,454619603.91999936
2025-08-01 10:13:26 AM,104.5,550,57475.0,454677078.91999936
2025-08-01 10:13:30 AM,104.53,0,0.0,454677078.91999936
2025-08-01 10:13:32 AM,104.53,672,70244.16,454747323.0799994
2025-08-01 10:13:36 AM,104.56,0,0.0,454747323.0799994
2025-08-01 10:13:38 AM,104.53,3237,338363.61,455085686.6899994
2025-08-01 10:13:44 AM,104.54,83,8676.82,455094363.5099994
2025-08-01 10:13:48 AM,104.53,0,0.0,455094363.5099994
2025-08-01 10:13:50 AM,104.54,139,14531.060000000001,455108894.5699994
2025-08-01 10:13:56 AM,104.56,514,53743.840000000004,455162638.4099994
2025-08-01 10:13:57 AM,104.56,100,10456.0,455173094.4099994
2025-08-01 10:14:02 AM,104.56,1681,175765.36000000002,455348859.7699994
2025-08-01 10:14:06 AM,104.57,0,0.0,455348859.7699994
2025-08-01 10:14:07 AM,104.57,7,731.99,455349591.7599994
2025-08-01 10:14:09 AM,104.58,0,0.0,455349591.7599994
2025-08-01 10:14:13 AM,104.58,5001,523004.58,455872596.3399994
2025-08-01 10:14:18 AM,104.59,0,0.0,455872596.3399994
2025-08-01 10:14:19 AM,104.59,10583,1106875.97,456979472.3099994
2025-08-01 10:14:20 AM,104.59,176,18407.84,456997880.1499994
2025-08-01 10:14:21 AM,104.58,0,0.0,456997880.1499994
2025-08-01 10:14:21 AM,104.56,0,0.0,456997880.1499994
2025-08-01 10:14:23 AM,104.54,0,0.0,456997880.1499994
2025-08-01 10:14:25 AM,104.59,39456,4126703.04,461124583.1899994
2025-08-01 10:14:25 AM,104.56,3000,313680.0,461438263.1899994
2025-08-01 10:14:30 AM,104.57,0,0.0,461438263.1899994
2025-08-01 10:14:30 AM,104.57,4835,505595.94999999995,461943859.1399994
2025-08-01 10:14:36 AM,104.59,0,0.0,461943859.1399994
2025-08-01 10:14:36 AM,104.6,417,43618.2,461987477.3399994
2025-08-01 10:14:37 AM,104.59,91,9517.69,461996995.0299994
2025-08-01 10:14:39 AM,104.57,0,0.0,461996995.0299994
2025-08-01 10:14:42 AM,104.55,0,0.0,461996995.0299994
2025-08-01 10:14:42 AM,104.55,2629,274861.95,462271856.97999936
2025-08-01 10:14:43 AM,104.59,50,5229.5,462277086.47999936
2025-08-01 10:14:48 AM,104.59,116,12132.44,462289218.91999936
2025-08-01 10:14:49 AM,104.58,0,0.0,462289218.91999936
2025-08-01 10:14:49 AM,104.58,1548,161889.84,462451108.75999933
2025-08-01 10:14:53 AM,104.59,0,0.0,462451108.75999933
2025-08-01 10:14:54 AM,104.59,1309,136908.31,462588017.06999934
2025-08-01 10:14:57 AM,104.64,0,0.0,462588017.06999934
2025-08-01 10:14:59 AM,104.68,0,0.0,462588017.06999934
2025-08-01 10:14:59 AM,104.74,19126,2003257.24,464591274.30999935
2025-08-01 10:15:03 AM,104.69,0,0.0,464591274.30999935
2025-08-01 10:15:05 AM,104.67,0,0.0,464591274.30999935
2025-08-01 10:15:05 AM,104.67,6169,645709.23,465236983.53999937
2025-08-01 10:15:07 AM,104.7,0,0.0,465236983.53999937
2025-08-01 10:15:11 AM,104.68,0,0.0,465236983.53999937
2025-08-01 10:15:11 AM,104.68,1061,111065.48000000001,465348049.0199994
2025-08-01 10:15:11 AM,104.68,1,104.68,465348153.6999994
2025-08-01 10:15:13 AM,104.61,0,0.0,465348153.6999994
2025-08-01 10:15:15 AM,104.62,0,0.0,465348153.6999994
2025-08-01 10:15:17 AM,104.67,0,0.0,465348153.6999994
2025-08-01 10:15:17 AM,104.67,2648,277166.16000000003,465625319.8599994
2025-08-01 10:15:18 AM,104.63,1,104.63,465625424.4899994
2025-08-01 10:15:20 AM,104.66,0,0.0,465625424.4899994
2025-08-01 10:15:21 AM,104.62,0,0.0,465625424.4899994
2025-08-01 10:15:23 AM,104.66,0,0.0,465625424.4899994
2025-08-01 10:15:23 AM,104.66,342,35793.72,465661218.20999944
2025-08-01 10:15:24 AM,104.66,684,71587.44,465732805.64999944
2025-08-01 10:15:26 AM,104.68,0,0.0,465732805.64999944
2025-08-01 10:15:27 AM,104.67,0,0.0,465732805.64999944
2025-08-01 10:15:29 AM,104.62,0,0.0,465732805.64999944
2025-08-01 10:15:29 AM,104.62,1481,154942.22,465887747.86999947
2025-08-01 10:15:30 AM,104.66,500,52330.0,465940077.86999947
2025-08-01 10:15:30 AM,104.67,0,0.0,465940077.86999947
2025-08-01 10:15:32 AM,104.61,0,0.0,465940077.86999947
2025-08-01 10:15:35 AM,104.61,6010,628706.1,466568783.9699995
2025-08-01 10:15:38 AM,104.67,0,0.0,466568783.9699995
2025-08-01 10:15:41 AM,104.67,1214,127069.38,466695853.3499995
2025-08-01 10:15:45 AM,104.68,0,0.0,466695853.3499995
2025-08-01 10:15:47 AM,104.68,370,38731.600000000006,466734584.9499995
2025-08-01 10:15:50 AM,104.67,0,0.0,466734584.9499995
2025-08-01 10:15:53 AM,104.67,69,7222.2300000000005,466741807.17999953
2025-08-01 10:15:57 AM,104.63,0,0.0,466741807.17999953
2025-08-01 10:15:59 AM,104.63,322,33690.86,466775498.03999954
2025-08-01 10:16:01 AM,104.68,0,0.0,466775498.03999954
2025-08-01 10:16:05 AM,104.68,593,62075.240000000005,466837573.27999955
2025-08-01 10:16:10 AM,104.67,562,58824.54,466896397.8199996
2025-08-01 10:16:16 AM,104.62,2864,299631.68,467196029.4999996
2025-08-01 10:16:20 AM,104.6,0,0.0,467196029.4999996
2025-08-01 10:16:21 AM,104.64,0,0.0,467196029.4999996
2025-08-01 10:16:22 AM,104.64,829,86746.56,467282776.0599996
2025-08-01 10:16:23 AM,104.64,200,20928.0,467303704.0599996
2025-08-01 10:16:28 AM,104.6,748,78240.8,467381944.8599996
2025-08-01 10:16:33 AM,104.61,0,0.0,467381944.8599996
2025-08-01 10:16:34 AM,104.61,561,58686.21,467440631.0699996
2025-08-01 10:16:34 AM,104.63,150,15694.5,467456325.5699996
2025-08-01 10:16:38 AM,104.65,0,0.0,467456325.5699996
2025-08-01 10:16:39 AM,104.63,0,0.0,467456325.5699996
2025-08-01 10:16:40 AM,104.61,116,12134.76,467468460.32999957
2025-08-01 10:16:44 AM,104.65,0,0.0,467468460.32999957
2025-08-01 10:16:45 AM,104.65,300,31395.0,467499855.32999957
2025-08-01 10:16:48 AM,104.61,0,0.0,467499855.32999957
2025-08-01 10:16:51 AM,104.61,569,59523.09,467559378.41999954
2025-08-01 10:16:56 AM,104.63,0,0.0,467559378.41999954
2025-08-01 10:16:56 AM,104.61,6175,645966.75,468205345.16999954
2025-08-01 10:17:01 AM,104.6,0,0.0,468205345.16999954
2025-08-01 10:17:02 AM,104.6,4375,457625.0,468662970.16999954
2025-08-01 10:17:03 AM,104.61,0,0.0,468662970.16999954
2025-08-01 10:17:05 AM,104.65,0,0.0,468662970.16999954
2025-08-01 10:17:07 AM,104.65,2001,209404.65000000002,468872374.8199995
2025-08-01 10:17:09 AM,104.61,0,0.0,468872374.8199995
2025-08-01 10:17:13 AM,104.64,38,3976.32,468876351.1399995
2025-08-01 10:17:15 AM,104.62,0,0.0,468876351.1399995
2025-08-01 10:17:18 AM,104.59,0,0.0,468876351.1399995
2025-08-01 10:17:19 AM,104.62,15092,1578925.04,470455276.17999953
2025-08-01 10:17:31 AM,104.62,3060,320137.2,470775413.3799995
2025-08-01 10:17:33 AM,104.59,0,0.0,470775413.3799995
2025-08-01 10:17:35 AM,104.61,0,0.0,470775413.3799995
2025-08-01 10:17:36 AM,104.62,0,0.0,470775413.3799995
2025-08-01 10:17:36 AM,104.62,955,99912.1,470875325.47999954
2025-08-01 10:17:42 AM,104.62,2577,269605.74,471144931.21999955
2025-08-01 10:17:45 AM,104.56,0,0.0,471144931.21999955
2025-08-01 10:17:48 AM,104.61,0,0.0,471144931.21999955
2025-08-01 10:17:48 AM,104.61,704,73645.44,471218576.65999955
2025-08-01 10:17:53 AM,104.6,0,0.0,471218576.65999955
2025-08-01 10:17:54 AM,104.6,1405,146963.0,471365539.65999955
2025-08-01 10:17:59 AM,104.55,0,0.0,471365539.65999955
2025-08-01 10:18:00 AM,104.55,643,67225.65,471432765.3099995
2025-08-01 10:18:03 AM,104.59,0,0.0,471432765.3099995
2025-08-01 10:18:06 AM,104.55,488,51020.4,471483785.7099995
2025-08-01 10:18:08 AM,104.59,0,0.0,471483785.7099995
2025-08-01 10:18:09 AM,104.55,0,0.0,471483785.7099995
2025-08-01 10:18:11 AM,104.58,4059,424490.22,471908275.92999953
2025-08-01 10:18:15 AM,104.56,0,0.0,471908275.92999953
2025-08-01 10:18:17 AM,104.56,3778,395027.68,472303303.60999954
2025-08-01 10:18:21 AM,104.55,0,0.0,472303303.60999954
2025-08-01 10:18:23 AM,104.54,0,0.0,472303303.60999954
2025-08-01 10:18:23 AM,104.54,1521,159005.34,472462308.9499995
2025-08-01 10:18:25 AM,104.56,0,0.0,472462308.9499995
2025-08-01 10:18:27 AM,104.53,0,0.0,472462308.9499995
2025-08-01 10:18:29 AM,104.53,27,2822.31,472465131.2599995
2025-08-01 10:18:33 AM,104.52,0,0.0,472465131.2599995
2025-08-01 10:18:34 AM,104.54,0,0.0,472465131.2599995
2025-08-01 10:18:35 AM,104.54,402,42025.08,472507156.3399995
2025-08-01 10:18:40 AM,104.51,0,0.0,472507156.3399995
2025-08-01 10:18:41 AM,104.53,68,7108.04,472514264.3799995
2025-08-01 10:18:44 AM,104.54,0,0.0,472514264.3799995
