date,price,qty,trnvr,cum_trnvr
2025-08-01 09:15:01 AM,883.1,64238,56728577.800000004,56728577.800000004
2025-08-01 09:15:02 AM,883.1,11690,10323439.0,67052016.800000004
2025-08-01 09:15:03 AM,883.1,5151,4548848.100000001,71600864.9
2025-08-01 09:15:03 AM,883.1,689,608455.9,72209320.80000001
2025-08-01 09:15:04 AM,883.1,3694,3262171.4,75471492.20000002
2025-08-01 09:15:04 AM,883.1,1729,1526879.9000000001,76998372.10000002
2025-08-01 09:15:05 AM,883.1,2405,2123855.5,79122227.60000002
2025-08-01 09:15:05 AM,883.1,176,155425.6,79277653.20000002
2025-08-01 09:15:06 AM,883.1,6767,5975937.7,85253590.90000002
2025-08-01 09:15:06 AM,883.1,522,460978.2,85714569.10000002
2025-08-01 09:15:07 AM,883.1,1915,1691136.5,87405705.60000002
2025-08-01 09:15:07 AM,883.1,907,800971.7000000001,88206677.30000003
2025-08-01 09:15:08 AM,883.1,6581,5811681.100000001,94018358.40000002
2025-08-01 09:15:08 AM,883.1,908,801854.8,94820213.20000002
2025-08-01 09:15:09 AM,883.1,4688,4139972.8000000003,98960186.00000001
2025-08-01 09:15:09 AM,883.1,578,510431.8,99470617.80000001
2025-08-01 09:15:10 AM,883.1,2654,2343747.4,101814365.20000002
2025-08-01 09:15:10 AM,883.1,1541,1360857.1,103175222.30000001
2025-08-01 09:15:11 AM,883.1,305,269345.5,103444567.80000001
2025-08-01 09:15:11 AM,883.1,371,327630.10000000003,103772197.9
2025-08-01 09:15:12 AM,883.1,398,351473.8,104123671.7
2025-08-01 09:15:12 AM,883.1,1010,891931.0,105015602.7
2025-08-01 09:15:13 AM,883.1,866,764764.6,105780367.3
2025-08-01 09:15:13 AM,883.1,3278,2894801.8000000003,108675169.1
2025-08-01 09:15:14 AM,883.1,768,678220.8,109353389.89999999
2025-08-01 09:15:14 AM,883.1,168,148360.80000000002,109501750.69999999
2025-08-01 09:15:15 AM,883.1,1496,1321117.6,110822868.29999998
2025-08-01 09:15:15 AM,883.1,591,521912.10000000003,111344780.39999998
2025-08-01 09:15:16 AM,883.1,728,642896.8,111987677.19999997
2025-08-01 09:15:16 AM,883.1,345,304669.5,112292346.69999997
2025-08-01 09:15:17 AM,883.1,2678,2364941.8000000003,114657288.49999997
2025-08-01 09:15:17 AM,883.1,1046,923722.6,115581011.09999996
2025-08-01 09:15:18 AM,883.1,413,364720.3,115945731.39999996
2025-08-01 09:15:18 AM,883.1,23,20311.3,115966042.69999996
2025-08-01 09:15:19 AM,883.1,2128,1879236.8,117845279.49999996
2025-08-01 09:15:19 AM,883.1,1088,960812.8,118806092.29999995
2025-08-01 09:15:20 AM,883.1,1194,1054421.4000000001,119860513.69999996
2025-08-01 09:15:20 AM,883.1,27,23843.7,119884357.39999996
2025-08-01 09:15:21 AM,883.1,838,740037.8,120624395.19999996
2025-08-01 09:15:21 AM,883.1,616,543989.6,121168384.79999995
2025-08-01 09:15:21 AM,883.1,648,572248.8,121740633.59999995
2025-08-01 09:15:22 AM,883.1,110,97141.0,121837774.59999995
2025-08-01 09:15:22 AM,883.1,248,219008.80000000002,122056783.39999995
2025-08-01 09:15:23 AM,883.1,139,122750.90000000001,122179534.29999995
2025-08-01 09:15:23 AM,883.1,605,534275.5,122713809.79999995
2025-08-01 09:15:24 AM,883.1,1053,929904.3,123643714.09999995
2025-08-01 09:15:25 AM,883.1,159,140412.9,123784126.99999996
2025-08-01 09:15:25 AM,883.1,154,135997.4,123920124.39999996
2025-08-01 09:15:26 AM,883.1,214,188983.4,124109107.79999997
2025-08-01 09:15:26 AM,883.1,1016,897229.6,125006337.39999996
2025-08-01 09:15:27 AM,883.1,137,120984.7,125127322.09999996
2025-08-01 09:15:28 AM,883.1,172,151893.2,125279215.29999997
2025-08-01 09:15:28 AM,883.1,201,177503.1,125456718.39999996
2025-08-01 09:15:29 AM,883.1,1255,1108290.5,126565008.89999996
2025-08-01 09:15:29 AM,883.1,87,76829.7,126641838.59999996
2025-08-01 09:15:30 AM,883.1,314,277293.4,126919131.99999997
2025-08-01 09:15:30 AM,883.1,70,61817.0,126980948.99999997
2025-08-01 09:15:31 AM,883.1,168,148360.80000000002,127129309.79999997
2025-08-01 09:15:31 AM,883.1,975,861022.5,127990332.29999997
2025-08-01 09:15:32 AM,883.1,38,33557.8,128023890.09999996
2025-08-01 09:15:32 AM,883.1,26,22960.600000000002,128046850.69999996
2025-08-01 09:15:33 AM,883.1,335,295838.5,128342689.19999996
2025-08-01 09:15:33 AM,883.1,285,251683.5,128594372.69999996
2025-08-01 09:15:34 AM,883.1,356,314383.60000000003,128908756.29999995
2025-08-01 09:15:34 AM,883.1,320,282592.0,129191348.29999995
2025-08-01 09:15:35 AM,883.1,1231,1087096.1,130278444.39999995
2025-08-01 09:15:35 AM,883.1,311,274644.10000000003,130553088.49999994
2025-08-01 09:15:36 AM,883.1,1492,1317585.2,131870673.69999994
2025-08-01 09:15:37 AM,883.1,621,548405.1,132419078.79999994
2025-08-01 09:15:37 AM,883.1,60,52986.0,132472064.79999994
2025-08-01 09:15:38 AM,883.1,167,147477.7,132619542.49999994
2025-08-01 09:15:38 AM,883.1,101,89193.1,132708735.59999993
2025-08-01 09:15:39 AM,883.1,1425,1258417.5,133967153.09999993
2025-08-01 09:15:39 AM,883.1,3,2649.3,133969802.39999993
2025-08-01 09:15:40 AM,883.1,250,220775.0,134190577.39999993
2025-08-01 09:15:41 AM,883.1,570,503367.0,134693944.39999992
2025-08-01 09:15:41 AM,883.1,110,97141.0,134791085.39999992
2025-08-01 09:15:42 AM,883.1,229,202229.9,134993315.29999992
2025-08-01 09:15:43 AM,883.1,495,437134.5,135430449.79999992
2025-08-01 09:15:43 AM,883.1,78,68881.8,135499331.59999993
2025-08-01 09:15:44 AM,883.1,924,815984.4,136315315.99999994
2025-08-01 09:15:44 AM,883.1,70,61817.0,136377132.99999994
2025-08-01 09:15:45 AM,883.1,421,371785.10000000003,136748918.09999993
2025-08-01 09:15:46 AM,883.1,259,228722.9,136977640.99999994
2025-08-01 09:15:46 AM,883.1,50,44155.0,137021795.99999994
2025-08-01 09:15:47 AM,883.1,173,152776.30000000002,137174572.29999995
2025-08-01 09:15:47 AM,883.1,61,53869.1,137228441.39999995
2025-08-01 09:15:48 AM,883.1,1076,950215.6,138178656.99999994
2025-08-01 09:15:49 AM,883.1,195,172204.5,138350861.49999994
2025-08-01 09:15:50 AM,883.1,851,751518.1,139102379.59999993
2025-08-01 09:15:50 AM,883.1,313,276410.3,139378789.89999995
2025-08-01 09:15:51 AM,883.1,2055,1814770.5,141193560.39999995
2025-08-01 09:15:52 AM,883.1,376,332045.60000000003,141525605.99999994
2025-08-01 09:15:53 AM,883.1,465,410641.5,141936247.49999994
2025-08-01 09:15:53 AM,883.1,17,15012.7,141951260.19999993
2025-08-01 09:15:54 AM,883.1,404,356772.4,142308032.59999993
2025-08-01 09:15:55 AM,883.1,30,26493.0,142334525.59999993
2025-08-01 09:15:55 AM,883.1,930,821283.0,143155808.59999993
2025-08-01 09:15:56 AM,883.1,550,485705.0,143641513.59999993
2025-08-01 09:15:57 AM,883.1,15,13246.5,143654760.09999993
2025-08-01 09:15:57 AM,883.1,337,297604.7,143952364.79999992
2025-08-01 09:15:58 AM,883.1,40,35324.0,143987688.79999992
2025-08-01 09:15:58 AM,883.1,560,494536.0,144482224.79999992
2025-08-01 09:15:59 AM,883.1,50,44155.0,144526379.79999992
2025-08-01 09:15:59 AM,883.1,330,291423.0,144817802.79999992
2025-08-01 09:16:01 AM,883.1,783,691467.3,145509270.09999993
2025-08-01 09:16:07 AM,883.1,4080,3603048.0,149112318.09999993
2025-08-01 09:16:09 AM,883.1,1437,1269014.7,150381332.79999992
2025-08-01 09:16:15 AM,883.1,3670,3240977.0,153622309.79999992
2025-08-01 09:16:17 AM,883.1,419,370018.9,153992328.69999993
2025-08-01 09:16:24 AM,883.1,2366,2089414.6,156081743.29999992
2025-08-01 09:16:25 AM,883.1,510,450381.0,156532124.29999992
2025-08-01 09:16:32 AM,883.1,2728,2409096.8000000003,158941221.09999993
2025-08-01 09:16:34 AM,883.1,390,344409.0,159285630.09999993
2025-08-01 09:16:40 AM,883.1,1312,1158627.2,160444257.29999992
2025-08-01 09:16:42 AM,883.1,773,682636.3,161126893.59999993
2025-08-01 09:16:49 AM,883.1,1477,1304338.7,162431232.29999992
2025-08-01 09:16:50 AM,883.1,138,121867.8,162553100.09999993
2025-08-01 09:16:57 AM,883.1,615,543106.5,163096206.59999993
2025-08-01 09:16:58 AM,883.1,198,174853.80000000002,163271060.39999995
2025-08-01 09:17:05 AM,883.1,3315,2927476.5,166198536.89999995
2025-08-01 09:17:06 AM,883.1,1077,951098.7000000001,167149635.59999993
2025-08-01 09:17:13 AM,883.1,996,879567.6,168029203.19999993
2025-08-01 09:17:15 AM,883.1,46,40622.6,168069825.79999992
2025-08-01 09:17:21 AM,883.1,3851,3400818.1,171470643.89999992
2025-08-01 09:17:23 AM,883.1,236,208411.6,171679055.4999999
2025-08-01 09:17:30 AM,883.1,658,581079.8,172260135.29999992
2025-08-01 09:17:31 AM,883.1,598,528093.8,172788229.09999993
2025-08-01 09:17:38 AM,883.1,1088,960812.8,173749041.89999995
2025-08-01 09:17:39 AM,883.1,80,70648.0,173819689.89999995
2025-08-01 09:17:46 AM,883.1,1843,1627553.3,175447243.19999996
2025-08-01 09:17:47 AM,883.1,128,113036.8,175560279.99999997
2025-08-01 09:17:55 AM,883.1,660,582846.0,176143125.99999997
2025-08-01 09:17:56 AM,883.1,57,50336.700000000004,176193462.69999996
2025-08-01 09:18:03 AM,883.1,2504,2211282.4,178404745.09999996
2025-08-01 09:18:04 AM,883.1,204,180152.4,178584897.49999997
2025-08-01 09:18:11 AM,883.1,856,755933.6,179340831.09999996
2025-08-01 09:18:13 AM,883.1,133,117452.3,179458283.39999998
2025-08-01 09:18:20 AM,883.1,1816,1603709.6,181061992.99999997
2025-08-01 09:18:21 AM,883.1,307,271111.7,181333104.69999996
2025-08-01 09:18:28 AM,883.1,2655,2344630.5,183677735.19999996
2025-08-01 09:18:29 AM,883.1,20,17662.0,183695397.19999996
2025-08-01 09:18:36 AM,883.1,2706,2389668.6,186085065.79999995
2025-08-01 09:18:37 AM,883.1,155,136880.5,186221946.29999995
2025-08-01 09:18:44 AM,883.1,578,510431.8,186732378.09999996
2025-08-01 09:18:45 AM,883.1,54,47687.4,186780065.49999997
2025-08-01 09:18:52 AM,883.1,948,837178.8,187617244.29999998
2025-08-01 09:18:54 AM,883.1,68,60050.8,187677295.1
2025-08-01 09:19:01 AM,883.1,1128,996136.8,188673431.9
2025-08-01 09:19:02 AM,883.1,234,206645.4,188880077.3
2025-08-01 09:19:09 AM,883.1,1027,906943.7000000001,189787021.0
2025-08-01 09:19:10 AM,883.1,34,30025.4,189817046.4
2025-08-01 09:19:17 AM,883.1,1062,937852.2000000001,190754898.6
2025-08-01 09:19:18 AM,883.1,12,10597.2,190765495.79999998
2025-08-01 09:19:25 AM,883.1,812,717077.2000000001,191482572.99999997
2025-08-01 09:19:26 AM,883.1,254,224307.4,191706880.39999998
2025-08-01 09:19:33 AM,883.1,523,461861.3,192168741.7
2025-08-01 09:19:34 AM,883.1,100,88310.0,192257051.7
2025-08-01 09:19:41 AM,883.1,555,490120.5,192747172.2
2025-08-01 09:19:42 AM,883.1,340,300254.0,193047426.2
2025-08-01 09:19:49 AM,883.1,1260,1112706.0,194160132.2
2025-08-01 09:19:51 AM,883.1,152,134231.2,194294363.39999998
2025-08-01 09:19:57 AM,883.1,415,366486.5,194660849.89999998
2025-08-01 09:19:59 AM,883.1,50,44155.0,194705004.89999998
2025-08-01 09:20:05 AM,883.1,982,867204.2000000001,195572209.09999996
2025-08-01 09:20:06 AM,883.1,174,153659.4,195725868.49999997
2025-08-01 09:20:13 AM,883.1,1224,1080914.4000000001,196806782.89999998
2025-08-01 09:20:14 AM,883.1,35,30908.5,196837691.39999998
2025-08-01 09:20:21 AM,883.1,1441,1272547.1,198110238.49999997
2025-08-01 09:20:22 AM,883.1,21,18545.100000000002,198128783.59999996
2025-08-01 09:20:29 AM,883.1,242,213710.2,198342493.79999995
2025-08-01 09:20:30 AM,883.1,721,636715.1,198979208.89999995
2025-08-01 09:20:36 AM,883.1,259,228722.9,199207931.79999995
2025-08-01 09:20:38 AM,883.1,1037,915774.7000000001,200123706.49999994
2025-08-01 09:20:44 AM,883.1,2047,1807705.7,201931412.19999993
2025-08-01 09:20:46 AM,883.1,47,41505.700000000004,201972917.89999992
2025-08-01 09:20:52 AM,883.1,1689,1491555.9000000001,203464473.79999992
2025-08-01 09:20:53 AM,883.1,469,414173.9,203878647.69999993
2025-08-01 09:21:00 AM,883.1,431,380616.10000000003,204259263.79999992
2025-08-01 09:21:01 AM,883.1,32,28259.2,204287522.9999999
2025-08-01 09:21:07 AM,883.1,2722,2403798.2,206691321.1999999
2025-08-01 09:21:09 AM,883.1,16,14129.6,206705450.7999999
2025-08-01 09:21:15 AM,883.1,597,527210.7000000001,207232661.49999988
2025-08-01 09:21:16 AM,883.1,8,7064.8,207239726.2999999
2025-08-01 09:21:23 AM,883.1,2160,1907496.0,209147222.2999999
2025-08-01 09:21:24 AM,883.1,1,883.1,209148105.3999999
2025-08-01 09:21:31 AM,883.1,357,315266.7,209463372.09999987
2025-08-01 09:21:32 AM,883.1,5,4415.5,209467787.59999987
2025-08-01 09:21:39 AM,883.1,314,277293.4,209745080.99999988
2025-08-01 09:21:40 AM,883.1,21,18545.100000000002,209763626.09999987
2025-08-01 09:21:46 AM,883.1,1413,1247820.3,211011446.3999999
2025-08-01 09:21:47 AM,883.1,8,7064.8,211018511.1999999
2025-08-01 09:21:54 AM,883.1,321,283475.10000000003,211301986.2999999
2025-08-01 09:22:01 AM,883.1,393,347058.3,211649044.5999999
2025-08-01 09:22:03 AM,883.1,14,12363.4,211661407.9999999
2025-08-01 09:22:09 AM,883.1,635,560768.5,212222176.4999999
2025-08-01 09:22:10 AM,883.1,132,116569.2,212338745.6999999
2025-08-01 09:22:17 AM,883.1,786,694116.6,213032862.2999999
2025-08-01 09:22:18 AM,883.1,378,333811.8,213366674.0999999
2025-08-01 09:22:24 AM,883.1,1855,1638150.5,215004824.5999999
2025-08-01 09:22:26 AM,883.1,438,386797.8,215391622.39999992
2025-08-01 09:22:32 AM,883.1,1295,1143614.5,216535236.89999992
2025-08-01 09:22:34 AM,883.1,171,151010.1,216686246.9999999
2025-08-01 09:22:40 AM,883.1,345,304669.5,216990916.4999999
2025-08-01 09:22:41 AM,883.1,126,111270.6,217102187.0999999
2025-08-01 09:22:47 AM,883.1,317,279942.7,217382129.7999999
2025-08-01 09:22:49 AM,883.1,370,326747.0,217708876.7999999
2025-08-01 09:22:55 AM,883.1,286,252566.6,217961443.3999999
2025-08-01 09:22:57 AM,883.1,66,58284.6,218019727.99999988
2025-08-01 09:23:02 AM,883.1,1826,1612540.6,219632268.59999987
2025-08-01 09:23:04 AM,883.1,145,128049.5,219760318.09999987
2025-08-01 09:23:10 AM,883.1,489,431835.9,220192153.99999988
2025-08-01 09:23:12 AM,883.1,76,67115.6,220259269.59999987
2025-08-01 09:23:18 AM,883.1,251,221658.1,220480927.69999987
2025-08-01 09:23:19 AM,883.1,412,363837.2,220844764.89999986
2025-08-01 09:23:25 AM,883.1,227,200463.7,221045228.59999985
2025-08-01 09:23:27 AM,883.1,65,57401.5,221102630.09999985
2025-08-01 09:23:33 AM,883.1,1323,1168341.3,222270971.39999986
2025-08-01 09:23:35 AM,883.1,171,151010.1,222421981.49999985
2025-08-01 09:23:40 AM,883.1,475,419472.5,222841453.99999985
2025-08-01 09:23:42 AM,883.1,112,98907.2,222940361.19999984
2025-08-01 09:23:48 AM,883.1,1371,1210730.1,224151091.29999983
2025-08-01 09:23:50 AM,883.1,32,28259.2,224179350.49999982
2025-08-01 09:23:56 AM,883.1,1146,1012032.6,225191383.09999982
2025-08-01 09:23:57 AM,883.1,1138,1004967.8,226196350.89999983
2025-08-01 09:24:03 AM,883.1,1314,1160393.4000000001,227356744.29999983
2025-08-01 09:24:05 AM,883.1,597,527210.7000000001,227883954.99999982
2025-08-01 09:24:11 AM,883.1,750,662325.0,228546279.99999982
2025-08-01 09:24:13 AM,883.1,11,9714.1,228555994.09999982
2025-08-01 09:24:19 AM,883.1,246,217242.6,228773236.6999998
2025-08-01 09:24:20 AM,883.1,112,98907.2,228872143.8999998
2025-08-01 09:24:26 AM,883.1,1440,1271664.0,230143807.8999998
2025-08-01 09:24:28 AM,883.1,15,13246.5,230157054.3999998
2025-08-01 09:24:34 AM,883.1,325,287007.5,230444061.8999998
2025-08-01 09:24:36 AM,883.1,91,80362.1,230524423.9999998
2025-08-01 09:24:42 AM,883.1,310,273761.0,230798184.9999998
2025-08-01 09:24:43 AM,883.1,1235,1090628.5,231888813.4999998
2025-08-01 09:24:49 AM,883.1,80,70648.0,231959461.4999998
2025-08-01 09:24:51 AM,883.1,49,43271.9,232002733.3999998
2025-08-01 09:24:56 AM,883.1,1194,1054421.4000000001,233057154.7999998
2025-08-01 09:24:59 AM,883.1,711,627884.1,233685038.8999998
2025-08-01 09:25:04 AM,883.1,332,293189.2,233978228.0999998
2025-08-01 09:25:06 AM,883.1,312,275527.2,234253755.29999977
2025-08-01 09:25:11 AM,883.1,147,129815.7,234383570.99999976
2025-08-01 09:25:14 AM,883.1,139,122750.90000000001,234506321.89999977
2025-08-01 09:25:19 AM,883.1,1169,1032343.9,235538665.79999977
2025-08-01 09:25:21 AM,883.1,766,676454.6,236215120.39999977
2025-08-01 09:25:26 AM,883.1,109,96257.90000000001,236311378.29999977
2025-08-01 09:25:29 AM,883.1,538,475107.8,236786486.0999998
2025-08-01 09:25:34 AM,883.1,719,634948.9,237421434.9999998
2025-08-01 09:25:36 AM,883.1,634,559885.4,237981320.3999998
2025-08-01 09:25:41 AM,883.1,1468,1296390.8,239277711.1999998
2025-08-01 09:25:43 AM,883.1,232,204879.2,239482590.3999998
2025-08-01 09:25:49 AM,883.1,291,256982.1,239739572.4999998
2025-08-01 09:25:51 AM,883.1,542,478640.2,240218212.69999978
2025-08-01 09:25:57 AM,883.1,142,125400.2,240343612.89999977
2025-08-01 09:25:59 AM,883.1,21,18545.100000000002,240362157.99999976
2025-08-01 09:26:04 AM,883.1,328,289656.8,240651814.79999977
2025-08-01 09:26:06 AM,883.1,25,22077.5,240673892.29999977
2025-08-01 09:26:12 AM,883.1,222,196048.2,240869940.49999976
2025-08-01 09:26:14 AM,883.1,63,55635.3,240925575.79999977
2025-08-01 09:26:19 AM,883.1,595,525444.5,241451020.29999977
2025-08-01 09:26:27 AM,883.1,436,385031.60000000003,241836051.89999977
2025-08-01 09:26:29 AM,883.1,41,36207.1,241872258.99999976
2025-08-01 09:26:35 AM,883.1,304,268462.4,242140721.39999977
2025-08-01 09:26:37 AM,883.1,550,485705.0,242626426.39999977
2025-08-01 09:26:43 AM,883.1,312,275527.2,242901953.59999976
2025-08-01 09:26:44 AM,883.1,127,112153.7,243014107.29999974
2025-08-01 09:26:50 AM,883.1,770,679987.0,243694094.29999974
2025-08-01 09:26:51 AM,883.1,200,176620.0,243870714.29999974
2025-08-01 09:26:58 AM,883.1,455,401810.5,244272524.79999974
2025-08-01 09:26:59 AM,883.1,221,195165.1,244467689.89999974
2025-08-01 09:27:05 AM,883.1,200,176620.0,244644309.89999974
2025-08-01 09:27:06 AM,883.1,535,472458.5,245116768.39999974
2025-08-01 09:27:13 AM,883.1,106,93608.6,245210376.99999973
2025-08-01 09:27:14 AM,883.1,15,13246.5,245223623.49999973
2025-08-01 09:27:20 AM,883.1,188,166022.80000000002,245389646.29999974
2025-08-01 09:27:21 AM,883.1,37,32674.7,245422320.99999973
2025-08-01 09:27:27 AM,883.1,357,315266.7,245737587.69999972
2025-08-01 09:27:29 AM,883.1,36,31791.600000000002,245769379.2999997
2025-08-01 09:27:35 AM,883.1,288,254332.80000000002,246023712.09999973
2025-08-01 09:27:36 AM,883.1,3,2649.3,246026361.39999974
2025-08-01 09:27:42 AM,883.1,547,483055.7,246509417.09999973
2025-08-01 09:27:43 AM,883.1,26,22960.600000000002,246532377.69999972
2025-08-01 09:27:50 AM,883.1,379,334694.9,246867072.59999973
2025-08-01 09:27:51 AM,883.1,71,62700.1,246929772.69999972
2025-08-01 09:27:58 AM,883.1,359,317032.9,247246805.59999973
2025-08-01 09:27:59 AM,883.1,103,90959.3,247337764.89999974
2025-08-01 09:28:05 AM,883.1,200,176620.0,247514384.89999974
2025-08-01 09:28:07 AM,883.1,155,136880.5,247651265.39999974
2025-08-01 09:28:13 AM,883.1,197,173970.7,247825236.09999973
2025-08-01 09:28:14 AM,883.1,260,229606.0,248054842.09999973
2025-08-01 09:28:21 AM,883.1,184,162490.4,248217332.49999973
2025-08-01 09:28:22 AM,883.1,16,14129.6,248231462.09999973
2025-08-01 09:28:28 AM,883.1,792,699415.2000000001,248930877.2999997
2025-08-01 09:28:30 AM,883.1,17,15012.7,248945889.9999997
2025-08-01 09:28:36 AM,883.1,338,298487.8,249244377.7999997
2025-08-01 09:28:37 AM,883.1,35,30908.5,249275286.2999997
2025-08-01 09:28:44 AM,883.1,242,213710.2,249488996.4999997
2025-08-01 09:28:45 AM,883.1,81,71531.1,249560527.5999997
2025-08-01 09:28:51 AM,883.1,856,755933.6,250316461.1999997
2025-08-01 09:28:52 AM,883.1,100,88310.0,250404771.1999997
2025-08-01 09:28:59 AM,883.1,216,190749.6,250595520.79999968
2025-08-01 09:29:00 AM,883.1,5,4415.5,250599936.29999968
2025-08-01 09:29:06 AM,883.1,173,152776.30000000002,250752712.5999997
2025-08-01 09:29:08 AM,883.1,151,133348.1,250886060.6999997
2025-08-01 09:29:14 AM,883.1,930,821283.0,251707343.6999997
2025-08-01 09:29:15 AM,883.1,261,230489.1,251937832.79999968
2025-08-01 09:29:22 AM,883.1,131,115686.1,252053518.89999968
2025-08-01 09:29:23 AM,883.1,125,110387.5,252163906.39999968
2025-08-01 09:29:29 AM,883.1,142,125400.2,252289306.59999967
2025-08-01 09:29:31 AM,883.1,103,90959.3,252380265.89999968
2025-08-01 09:29:37 AM,883.1,120,105972.0,252486237.89999968
2025-08-01 09:29:38 AM,883.1,5,4415.5,252490653.39999968
2025-08-01 09:29:44 AM,883.1,157,138646.7,252629300.09999967
2025-08-01 09:29:45 AM,883.1,30,26493.0,252655793.09999967
2025-08-01 09:29:51 AM,883.1,128,113036.8,252768829.89999968
2025-08-01 09:29:53 AM,883.1,5,4415.5,252773245.39999968
2025-08-01 09:29:59 AM,883.1,469,414173.9,253187419.29999968
2025-08-01 09:30:07 AM,883.1,206,181918.6,253369337.89999968
2025-08-01 09:30:14 AM,883.1,390,344409.0,253713746.89999968
2025-08-01 09:30:22 AM,883.1,271,239320.1,253953066.99999967
2025-08-01 09:30:23 AM,883.1,50,44155.0,253997221.99999967
2025-08-01 09:30:29 AM,883.1,171,151010.1,254148232.09999967
2025-08-01 09:30:30 AM,883.1,230,203113.0,254351345.09999967
2025-08-01 09:30:37 AM,883.1,111,98024.1,254449369.19999966
2025-08-01 09:30:37 AM,883.1,100,88310.0,254537679.19999966
2025-08-01 09:30:44 AM,883.1,134,118335.40000000001,254656014.59999967
2025-08-01 09:30:51 AM,883.1,386,340876.60000000003,254996891.19999966
2025-08-01 09:30:59 AM,883.1,199,175736.9,255172628.09999967
2025-08-01 09:30:59 AM,883.1,21,18545.100000000002,255191173.19999966
2025-08-01 09:31:06 AM,883.1,310,273761.0,255464934.19999966
2025-08-01 09:31:07 AM,883.1,11,9714.1,255474648.29999965
2025-08-01 09:31:14 AM,883.1,490,432719.0,255907367.29999965
2025-08-01 09:31:21 AM,883.1,85,75063.5,255982430.79999965
2025-08-01 09:31:28 AM,883.1,1509,1332597.9000000001,257315028.69999966
2025-08-01 09:31:35 AM,883.1,583,514847.3,257829875.99999967
2025-08-01 09:31:36 AM,883.1,11,9714.1,257839590.09999967
2025-08-01 09:31:42 AM,883.1,242,213710.2,258053300.29999965
2025-08-01 09:31:43 AM,883.1,1,883.1,258054183.39999965
2025-08-01 09:31:49 AM,883.1,200,176620.0,258230803.39999965
2025-08-01 09:31:56 AM,883.1,354,312617.4,258543420.79999965
2025-08-01 09:32:03 AM,883.1,151,133348.1,258676768.89999965
2025-08-01 09:32:03 AM,883.1,3,2649.3,258679418.19999966
2025-08-01 09:32:10 AM,883.1,267,235787.7,258915205.89999965
2025-08-01 09:32:17 AM,883.1,538,475107.8,259390313.69999966
2025-08-01 09:32:24 AM,883.1,284,250800.4,259641114.09999967
2025-08-01 09:32:31 AM,883.1,414,365603.4,260006717.49999967
2025-08-01 09:32:31 AM,883.1,5,4415.5,260011132.99999967
2025-08-01 09:32:38 AM,883.1,388,342642.8,260353775.79999968
2025-08-01 09:32:45 AM,883.1,49,43271.9,260397047.6999997
2025-08-01 09:32:52 AM,883.1,205,181035.5,260578083.1999997
2025-08-01 09:32:59 AM,883.1,34,30025.4,260608108.5999997
2025-08-01 09:33:06 AM,883.1,745,657909.5,261266018.0999997
2025-08-01 09:33:06 AM,883.1,5,4415.5,261270433.5999997
2025-08-01 09:33:13 AM,883.1,369,325863.9,261596297.4999997
2025-08-01 09:33:20 AM,883.1,135,119218.5,261715515.9999997
2025-08-01 09:33:26 AM,883.1,702,619936.2000000001,262335452.1999997
2025-08-01 09:33:33 AM,883.1,559,493652.9,262829105.0999997
2025-08-01 09:33:40 AM,883.1,378,333811.8,263162916.8999997
2025-08-01 09:33:47 AM,883.1,561,495419.10000000003,263658335.9999997
2025-08-01 09:33:54 AM,883.1,457,403576.7,264061912.6999997
2025-08-01 09:34:01 AM,883.1,457,403576.7,264465489.39999968
2025-08-01 09:34:08 AM,883.1,370,326747.0,264792236.39999968
2025-08-01 09:34:09 AM,883.1,150,132465.0,264924701.39999968
2025-08-01 09:34:15 AM,883.1,36,31791.600000000002,264956492.99999967
2025-08-01 09:34:16 AM,883.1,8,7064.8,264963557.79999968
2025-08-01 09:34:23 AM,883.1,46,40622.6,265004180.39999968
2025-08-01 09:34:30 AM,883.1,205,181035.5,265185215.89999968
2025-08-01 09:34:36 AM,883.1,506,446848.60000000003,265632064.49999967
2025-08-01 09:34:37 AM,883.1,100,88310.0,265720374.49999967
2025-08-01 09:34:43 AM,883.1,111,98024.1,265818398.59999967
2025-08-01 09:34:44 AM,883.1,50,44155.0,265862553.59999967
2025-08-01 09:34:50 AM,883.1,140,123634.0,265986187.59999967
2025-08-01 09:34:51 AM,883.1,5,4415.5,265990603.09999967
2025-08-01 09:34:57 AM,883.1,190,167789.0,266158392.09999967
2025-08-01 09:34:58 AM,883.1,3,2649.3,266161041.39999968
2025-08-01 09:35:04 AM,883.1,141,124517.1,266285558.49999967
2025-08-01 09:35:04 AM,883.1,25,22077.5,266307635.99999967
2025-08-01 09:35:11 AM,883.1,48,42388.8,266350024.79999968
2025-08-01 09:35:18 AM,883.1,124,109504.40000000001,266459529.1999997
2025-08-01 09:35:25 AM,883.1,144,127166.40000000001,266586695.5999997
2025-08-01 09:35:32 AM,883.1,183,161607.30000000002,266748302.8999997
2025-08-01 09:35:39 AM,883.1,203,179269.30000000002,266927572.19999972
2025-08-01 09:35:46 AM,883.1,321,283475.10000000003,267211047.2999997
2025-08-01 09:35:46 AM,883.1,1,883.1,267211930.3999997
2025-08-01 09:35:52 AM,883.1,167,147477.7,267359408.0999997
2025-08-01 09:35:59 AM,883.1,796,702947.6,268062355.6999997
2025-08-01 09:35:59 AM,883.1,100,88310.0,268150665.6999997
2025-08-01 09:36:06 AM,883.1,601,530743.1,268681408.7999997
2025-08-01 09:36:13 AM,883.1,148,130698.8,268812107.5999997
2025-08-01 09:36:13 AM,883.1,4,3532.4,268815639.9999997
2025-08-01 09:36:19 AM,883.1,227,200463.7,269016103.6999997
2025-08-01 09:36:26 AM,883.1,51,45038.1,269061141.7999997
2025-08-01 09:36:32 AM,883.1,225,198697.5,269259839.2999997
2025-08-01 09:36:39 AM,883.1,810,715311.0,269975150.2999997
2025-08-01 09:36:45 AM,883.1,349,308201.9,270283352.1999997
2025-08-01 09:36:52 AM,883.1,97,85660.7,270369012.8999997
2025-08-01 09:36:58 AM,883.1,296,261397.6,270630410.4999997
2025-08-01 09:37:05 AM,883.1,1258,1110939.8,271741350.2999997
2025-08-01 09:37:12 AM,883.1,1219,1076498.9000000001,272817849.1999997
2025-08-01 09:37:13 AM,883.1,11,9714.1,272827563.2999997
2025-08-01 09:37:20 AM,883.1,237,209294.7,273036857.9999997
2025-08-01 09:37:26 AM,883.1,313,276410.3,273313268.2999997
2025-08-01 09:37:27 AM,883.1,110,97141.0,273410409.2999997
2025-08-01 09:37:33 AM,883.1,288,254332.80000000002,273664742.0999997
2025-08-01 09:37:40 AM,883.1,45,39739.5,273704481.5999997
2025-08-01 09:37:40 AM,883.1,226,199580.6,273904062.19999975
2025-08-01 09:37:47 AM,883.1,90,79479.0,273983541.19999975
2025-08-01 09:37:53 AM,883.1,305,269345.5,274252886.69999975
2025-08-01 09:38:00 AM,883.1,50,44155.0,274297041.69999975
2025-08-01 09:38:07 AM,883.1,1225,1081797.5,275378839.19999975
2025-08-01 09:38:14 AM,883.1,161,142179.1,275521018.2999998
2025-08-01 09:38:14 AM,883.1,100,88310.0,275609328.2999998
2025-08-01 09:38:21 AM,883.1,598,528093.8,276137422.0999998
2025-08-01 09:38:27 AM,883.1,99,87426.90000000001,276224848.99999976
2025-08-01 09:38:34 AM,883.1,158,139529.80000000002,276364378.7999998
2025-08-01 09:38:41 AM,883.1,623,550171.3,276914550.0999998
2025-08-01 09:38:47 AM,883.1,147,129815.7,277044365.7999998
2025-08-01 09:38:54 AM,883.1,750,662325.0,277706690.7999998
2025-08-01 09:39:00 AM,834.0,3451,2878134.0,280584824.7999998
2025-08-01 09:39:00 AM,834.0,9,7506.0,280592330.7999998
2025-08-01 09:39:07 AM,834.0,109464,91292976.0,371885306.7999998
2025-08-01 09:39:14 AM,834.0,206918,172569612.0,544454918.7999997
2025-08-01 09:39:14 AM,834.0,60,50040.0,544504958.7999997
2025-08-01 09:39:21 AM,836.95,1366401,1143609316.95,1688114275.7499998
2025-08-01 09:39:21 AM,838.3,35025,29361457.5,1717475733.2499998
2025-08-01 09:39:22 AM,834.0,0,0.0,1717475733.2499998
2025-08-01 09:39:28 AM,834.0,296487,247270158.0,1964745891.2499998
2025-08-01 09:39:28 AM,834.0,551,459534.0,1965205425.2499998
2025-08-01 09:39:34 AM,834.0,5452,4546968.0,1969752393.2499998
2025-08-01 09:39:34 AM,834.0,1105,921570.0,1970673963.2499998
2025-08-01 09:39:41 AM,834.0,5730,4778820.0,1975452783.2499998
2025-08-01 09:39:41 AM,834.0,81,67554.0,1975520337.2499998
2025-08-01 09:39:47 AM,834.0,4224,3522816.0,1979043153.2499998
2025-08-01 09:39:48 AM,834.0,1,834.0,1979043987.2499998
2025-08-01 09:39:54 AM,834.0,6500,5421000.0,1984464987.2499998
2025-08-01 09:39:54 AM,834.0,1130,942420.0,1985407407.2499998
2025-08-01 09:40:00 AM,834.0,1840,1534560.0,1986941967.2499998
2025-08-01 09:40:01 AM,834.0,681,567954.0,1987509921.2499998
2025-08-01 09:40:07 AM,834.0,1101,918234.0,1988428155.2499998
2025-08-01 09:40:07 AM,834.0,52,43368.0,1988471523.2499998
2025-08-01 09:40:13 AM,834.0,956,797304.0,1989268827.2499998
2025-08-01 09:40:14 AM,834.0,1573,1311882.0,1990580709.2499998
2025-08-01 09:40:20 AM,834.0,1292,1077528.0,1991658237.2499998
2025-08-01 09:40:21 AM,834.0,622,518748.0,1992176985.2499998
2025-08-01 09:40:27 AM,834.0,1597,1331898.0,1993508883.2499998
2025-08-01 09:40:27 AM,834.0,208,173472.0,1993682355.2499998
2025-08-01 09:40:33 AM,834.0,755,629670.0,1994312025.2499998
2025-08-01 09:40:34 AM,834.0,111,92574.0,1994404599.2499998
2025-08-01 09:40:40 AM,834.0,1908,1591272.0,1995995871.2499998
2025-08-01 09:40:40 AM,834.0,84,70056.0,1996065927.2499998
2025-08-01 09:40:46 AM,834.0,3197,2666298.0,1998732225.2499998
2025-08-01 09:40:47 AM,834.0,118,98412.0,1998830637.2499998
2025-08-01 09:40:53 AM,834.0,3782,3154188.0,2001984825.2499998
2025-08-01 09:40:54 AM,834.0,57,47538.0,2002032363.2499998
2025-08-01 09:40:59 AM,834.0,3193,2662962.0,2004695325.2499998
2025-08-01 09:41:00 AM,834.0,21,17514.0,2004712839.2499998
2025-08-01 09:41:06 AM,834.0,1807,1507038.0,2006219877.2499998
2025-08-01 09:41:07 AM,834.0,100,83400.0,2006303277.2499998
2025-08-01 09:41:13 AM,834.0,2254,1879836.0,2008183113.2499998
2025-08-01 09:41:14 AM,834.0,192,160128.0,2008343241.2499998
2025-08-01 09:41:20 AM,834.0,1872,1561248.0,2009904489.2499998
2025-08-01 09:41:20 AM,834.0,480,400320.0,2010304809.2499998
2025-08-01 09:41:26 AM,834.0,1320,1100880.0,2011405689.2499998
2025-08-01 09:41:27 AM,834.0,56,46704.0,2011452393.2499998
2025-08-01 09:41:33 AM,834.0,52125,43472250.0,2054924643.2499998
2025-08-01 09:41:34 AM,834.0,214,178476.0,2055103119.2499998
2025-08-01 09:41:39 AM,834.0,2784,2321856.0,2057424975.2499998
2025-08-01 09:41:40 AM,834.0,550,458700.0,2057883675.2499998
2025-08-01 09:41:46 AM,834.0,446,371964.0,2058255639.2499998
2025-08-01 09:41:47 AM,834.0,196,163464.0,2058419103.2499998
2025-08-01 09:41:52 AM,834.0,1434,1195956.0,2059615059.2499998
2025-08-01 09:41:53 AM,834.0,145,120930.0,2059735989.2499998
2025-08-01 09:41:59 AM,834.0,1603,1336902.0,2061072891.2499998
2025-08-01 09:41:59 AM,834.0,50,41700.0,2061114591.2499998
2025-08-01 09:42:05 AM,834.0,2489,2075826.0,2063190417.2499998
2025-08-01 09:42:06 AM,834.0,793,661362.0,2063851779.2499998
2025-08-01 09:42:12 AM,834.0,2376,1981584.0,2065833363.2499998
2025-08-01 09:42:13 AM,834.0,1081,901554.0,2066734917.2499998
2025-08-01 09:42:18 AM,834.0,3114,2597076.0,2069331993.2499998
2025-08-01 09:42:20 AM,834.0,87,72558.0,2069404551.2499998
2025-08-01 09:42:25 AM,834.0,2295,1914030.0,2071318581.2499998
2025-08-01 09:42:26 AM,834.0,168,140112.0,2071458693.2499998
2025-08-01 09:42:32 AM,834.0,1443,1203462.0,2072662155.2499998
2025-08-01 09:42:33 AM,834.0,261,217674.0,2072879829.2499998
2025-08-01 09:42:38 AM,834.0,200895,167546430.0,2240426259.25
2025-08-01 09:42:39 AM,834.0,643,536262.0,2240962521.25
2025-08-01 09:42:44 AM,834.0,302105,251955570.0,2492918091.25
2025-08-01 09:42:46 AM,834.0,380,316920.0,2493235011.25
2025-08-01 09:42:51 AM,834.0,10533,8784522.0,2502019533.25
2025-08-01 09:42:52 AM,834.0,799,666366.0,2502685899.25
2025-08-01 09:42:57 AM,834.0,2779,2317686.0,2505003585.25
2025-08-01 09:42:58 AM,834.0,64,53376.0,2505056961.25
2025-08-01 09:43:04 AM,834.0,205768,171610512.0,2676667473.25
2025-08-01 09:43:05 AM,834.0,13256,11055504.0,2687722977.25
2025-08-01 09:43:11 AM,834.0,12019,10023846.0,2697746823.25
2025-08-01 09:43:11 AM,834.0,734,612156.0,2698358979.25
2025-08-01 09:43:17 AM,834.0,3494,2913996.0,2701272975.25
2025-08-01 09:43:18 AM,834.0,639,532926.0,2701805901.25
2025-08-01 09:43:24 AM,834.0,3502,2920668.0,2704726569.25
2025-08-01 09:43:25 AM,834.0,37,30858.0,2704757427.25
2025-08-01 09:43:31 AM,834.0,58118,48470412.0,2753227839.25
2025-08-01 09:43:31 AM,834.0,50828,42390552.0,2795618391.25
2025-08-01 09:43:37 AM,834.0,36204,30194136.0,2825812527.25
2025-08-01 09:43:38 AM,834.0,805,671370.0,2826483897.25
2025-08-01 09:43:44 AM,834.0,44997,37527498.0,2864011395.25
2025-08-01 09:43:45 AM,834.0,1701,1418634.0,2865430029.25
2025-08-01 09:43:50 AM,834.0,1954,1629636.0,2867059665.25
2025-08-01 09:43:51 AM,834.0,1067,889878.0,2867949543.25
2025-08-01 09:43:57 AM,834.0,105065,87624210.0,2955573753.25
2025-08-01 09:43:58 AM,834.0,186,155124.0,2955728877.25
2025-08-01 09:44:03 AM,834.0,2340,1951560.0,2957680437.25
2025-08-01 09:44:04 AM,834.0,251,209334.0,2957889771.25
2025-08-01 09:44:10 AM,834.0,2383,1987422.0,2959877193.25
2025-08-01 09:44:11 AM,834.0,2653,2212602.0,2962089795.25
2025-08-01 09:44:17 AM,834.0,5564,4640376.0,2966730171.25
2025-08-01 09:44:18 AM,834.0,85,70890.0,2966801061.25
2025-08-01 09:44:24 AM,834.0,1104,920736.0,2967721797.25
2025-08-01 09:44:25 AM,834.0,2098,1749732.0,2969471529.25
2025-08-01 09:44:30 AM,834.0,103990,86727660.0,3056199189.25
2025-08-01 09:44:31 AM,834.0,458,381972.0,3056581161.25
2025-08-01 09:44:36 AM,834.0,9003,7508502.0,3064089663.25
2025-08-01 09:44:37 AM,834.0,526,438684.0,3064528347.25
2025-08-01 09:44:43 AM,834.0,54718,45634812.0,3110163159.25
2025-08-01 09:44:44 AM,834.0,403,336102.0,3110499261.25
2025-08-01 09:44:49 AM,834.0,28160,23485440.0,3133984701.25
2025-08-01 09:44:50 AM,834.0,50786,42355524.0,3176340225.25
2025-08-01 09:44:55 AM,834.0,7624,6358416.0,3182698641.25
2025-08-01 09:44:57 AM,834.0,1563,1303542.0,3184002183.25
2025-08-01 09:45:02 AM,834.0,4971,4145814.0,3188147997.25
2025-08-01 09:45:03 AM,834.0,375,312750.0,3188460747.25
2025-08-01 09:45:09 AM,834.0,10547,8796198.0,3197256945.25
2025-08-01 09:45:10 AM,834.0,60457,50421138.0,3247678083.25
2025-08-01 09:45:16 AM,834.0,1757233,1465532322.0,4713210405.25
2025-08-01 09:45:17 AM,834.0,41288,34434192.0,4747644597.25
2025-08-01 09:45:22 AM,834.0,30721,25621314.0,4773265911.25
2025-08-01 09:45:23 AM,834.0,5469,4561146.0,4777827057.25
2025-08-01 09:45:28 AM,834.0,9020,7522680.0,4785349737.25
2025-08-01 09:45:30 AM,834.0,53986,45024324.0,4830374061.25
2025-08-01 09:45:35 AM,834.0,6142,5122428.0,4835496489.25
2025-08-01 09:45:36 AM,834.0,1645,1371930.0,4836868419.25
2025-08-01 09:45:41 AM,834.0,7734,6450156.0,4843318575.25
2025-08-01 09:45:43 AM,834.0,682,568788.0,4843887363.25
2025-08-01 09:45:48 AM,834.0,4318,3601212.0,4847488575.25
2025-08-01 09:45:49 AM,834.0,3585,2989890.0,4850478465.25
2025-08-01 09:45:54 AM,834.0,6453,5381802.0,4855860267.25
2025-08-01 09:45:56 AM,834.0,257,214338.0,4856074605.25
2025-08-01 09:46:01 AM,834.0,2257,1882338.0,4857956943.25
2025-08-01 09:46:02 AM,834.0,427,356118.0,4858313061.25
2025-08-01 09:46:07 AM,834.0,1851,1543734.0,4859856795.25
2025-08-01 09:46:09 AM,834.0,229,190986.0,4860047781.25
2025-08-01 09:46:14 AM,834.0,350,291900.0,4860339681.25
2025-08-01 09:46:15 AM,834.0,128,106752.0,4860446433.25
2025-08-01 09:46:20 AM,834.0,2772,2311848.0,4862758281.25
2025-08-01 09:46:22 AM,834.0,260,216840.0,4862975121.25
2025-08-01 09:46:27 AM,834.0,10046,8378364.0,4871353485.25
2025-08-01 09:46:28 AM,834.0,2334,1946556.0,4873300041.25
2025-08-01 09:46:33 AM,834.0,4054,3381036.0,4876681077.25
2025-08-01 09:46:35 AM,834.0,1199,999966.0,4877681043.25
2025-08-01 09:46:39 AM,834.0,1350,1125900.0,4878806943.25
2025-08-01 09:46:41 AM,834.0,1008,840672.0,4879647615.25
2025-08-01 09:46:45 AM,834.0,2808,2341872.0,4881989487.25
2025-08-01 09:46:47 AM,834.0,2577,2149218.0,4884138705.25
2025-08-01 09:46:52 AM,834.0,2124,1771416.0,4885910121.25
2025-08-01 09:46:54 AM,834.0,1229,1024986.0,4886935107.25
2025-08-01 09:46:58 AM,834.0,2265,1889010.0,4888824117.25
2025-08-01 09:47:00 AM,834.0,341,284394.0,4889108511.25
2025-08-01 09:47:04 AM,834.0,3875,3231750.0,4892340261.25
2025-08-01 09:47:06 AM,834.0,444,370296.0,4892710557.25
2025-08-01 09:47:10 AM,834.0,1432,1194288.0,4893904845.25
2025-08-01 09:47:12 AM,834.0,121,100914.0,4894005759.25
2025-08-01 09:47:16 AM,834.0,1027,856518.0,4894862277.25
2025-08-01 09:47:19 AM,834.0,785,654690.0,4895516967.25
2025-08-01 09:47:23 AM,834.0,1088,907392.0,4896424359.25
2025-08-01 09:47:25 AM,834.0,1158,965772.0,4897390131.25
2025-08-01 09:47:29 AM,834.0,4081,3403554.0,4900793685.25
2025-08-01 09:47:31 AM,834.0,421,351114.0,4901144799.25
2025-08-01 09:47:35 AM,834.0,101596,84731064.0,4985875863.25
2025-08-01 09:47:38 AM,834.0,698,582132.0,4986457995.25
2025-08-01 09:47:42 AM,834.0,557,464538.0,4986922533.25
2025-08-01 09:47:45 AM,834.0,11648,9714432.0,4996636965.25
2025-08-01 09:47:49 AM,834.0,2208,1841472.0,4998478437.25
2025-08-01 09:47:52 AM,834.0,726,605484.0,4999083921.25
2025-08-01 09:47:56 AM,834.0,1049,874866.0,4999958787.25
2025-08-01 09:47:58 AM,834.0,650,542100.0,5000500887.25
2025-08-01 09:48:02 AM,834.0,911,759774.0,5001260661.25
2025-08-01 09:48:05 AM,834.0,288,240192.0,5001500853.25
2025-08-01 09:48:09 AM,834.0,2635,2197590.0,5003698443.25
2025-08-01 09:48:11 AM,834.0,516,430344.0,5004128787.25
2025-08-01 09:48:15 AM,834.0,30614,25532076.0,5029660863.25
2025-08-01 09:48:18 AM,834.0,231,192654.0,5029853517.25
2025-08-01 09:48:21 AM,834.0,67857,56592738.0,5086446255.25
2025-08-01 09:48:24 AM,834.0,84327,70328718.0,5156774973.25
2025-08-01 09:48:28 AM,834.0,2210,1843140.0,5158618113.25
2025-08-01 09:48:31 AM,834.0,2616,2181744.0,5160799857.25
2025-08-01 09:48:35 AM,834.0,3125,2606250.0,5163406107.25
2025-08-01 09:48:37 AM,834.0,102909,85826106.0,5249232213.25
2025-08-01 09:48:41 AM,834.0,180946,150908964.0,5400141177.25
2025-08-01 09:48:43 AM,834.0,18756,15642504.0,5415783681.25
2025-08-01 09:48:47 AM,834.0,58572,48849048.0,5464632729.25
2025-08-01 09:48:50 AM,834.0,21700,18097800.0,5482730529.25
2025-08-01 09:48:54 AM,834.0,4913,4097442.0,5486827971.25
2025-08-01 09:48:56 AM,834.0,4954,4131636.0,5490959607.25
2025-08-01 09:49:00 AM,834.0,55712,46463808.0,5537423415.25
2025-08-01 09:49:02 AM,834.0,8276,6902184.0,5544325599.25
2025-08-01 09:49:06 AM,834.0,10663,8892942.0,5553218541.25
2025-08-01 09:49:09 AM,834.0,13610,11350740.0,5564569281.25
2025-08-01 09:49:12 AM,841.9,0,0.0,5564569281.25
2025-08-01 09:49:12 AM,841.65,0,0.0,5564569281.25
2025-08-01 09:49:13 AM,841.15,508329,427580938.34999996,5992150219.6
2025-08-01 09:49:15 AM,840.05,29564,24835238.2,6016985457.8
2025-08-01 09:49:16 AM,839.85,0,0.0,6016985457.8
2025-08-01 09:49:16 AM,839.0,0,0.0,6016985457.8
2025-08-01 09:49:19 AM,839.7,0,0.0,6016985457.8
2025-08-01 09:49:19 AM,839.7,24925,20929522.5,6037914980.3
2025-08-01 09:49:19 AM,839.8,0,0.0,6037914980.3
2025-08-01 09:49:21 AM,837.95,10404,8718031.8,6046633012.1
2025-08-01 09:49:22 AM,837.8,0,0.0,6046633012.1
2025-08-01 09:49:22 AM,837.1,0,0.0,6046633012.1
2025-08-01 09:49:25 AM,838.5,0,0.0,6046633012.1
2025-08-01 09:49:25 AM,839.0,86934,72937626.0,6119570638.1
2025-08-01 09:49:25 AM,838.1,0,0.0,6119570638.1
2025-08-01 09:49:27 AM,840.0,25791,21664440.0,6141235078.1
2025-08-01 09:49:28 AM,839.5,0,0.0,6141235078.1
2025-08-01 09:49:28 AM,839.9,0,0.0,6141235078.1
2025-08-01 09:49:31 AM,840.8,0,0.0,6141235078.1
2025-08-01 09:49:31 AM,842.0,58359,49138278.0,6190373356.1
2025-08-01 09:49:31 AM,842.65,0,0.0,6190373356.1
2025-08-01 09:49:34 AM,842.0,0,0.0,6190373356.1
2025-08-01 09:49:34 AM,842.0,18198,15322716.0,6205696072.1
2025-08-01 09:49:34 AM,842.2,0,0.0,6205696072.1
2025-08-01 09:49:37 AM,842.0,22426,18882692.0,6224578764.1
2025-08-01 09:49:37 AM,842.25,0,0.0,6224578764.1
2025-08-01 09:49:40 AM,842.0,0,0.0,6224578764.1
2025-08-01 09:49:40 AM,842.0,6450,5430900.0,6230009664.1
2025-08-01 09:49:40 AM,841.9,0,0.0,6230009664.1
2025-08-01 09:49:43 AM,841.8,0,0.0,6230009664.1
2025-08-01 09:49:43 AM,841.9,0,0.0,6230009664.1
2025-08-01 09:49:44 AM,841.9,57149,48113743.1,6278123407.200001
2025-08-01 09:49:46 AM,842.9,0,0.0,6278123407.200001
2025-08-01 09:49:46 AM,842.9,13319,11226585.1,6289349992.300001
2025-08-01 09:49:46 AM,842.8,0,0.0,6289349992.300001
2025-08-01 09:49:49 AM,843.0,0,0.0,6289349992.300001
2025-08-01 09:49:50 AM,842.5,45337,38196422.5,6327546414.800001
2025-08-01 09:49:52 AM,842.9,0,0.0,6327546414.800001
2025-08-01 09:49:52 AM,842.8,0,0.0,6327546414.800001
2025-08-01 09:49:53 AM,842.65,43433,36598817.449999996,6364145232.250001
2025-08-01 09:49:56 AM,841.75,0,0.0,6364145232.250001
2025-08-01 09:49:56 AM,841.7,38772,32634392.400000002,6396779624.650001
2025-08-01 09:49:57 AM,841.85,0,0.0,6396779624.650001
2025-08-01 09:49:59 AM,840.85,73938,62170767.300000004,6458950391.950001
2025-08-01 09:50:00 AM,840.75,0,0.0,6458950391.950001
2025-08-01 09:50:00 AM,840.65,3151,2648888.15,6461599280.1
2025-08-01 09:50:00 AM,840.75,0,0.0,6461599280.1
2025-08-01 09:50:01 AM,840.1,0,0.0,6461599280.1
2025-08-01 09:50:01 AM,839.5,13431,11275324.5,6472874604.6
2025-08-01 09:50:01 AM,839.85,2258,1896381.3,6474770985.900001
2025-08-01 09:50:01 AM,839.3,0,0.0,6474770985.900001
2025-08-01 09:50:02 AM,839.25,0,0.0,6474770985.900001
2025-08-01 09:50:02 AM,839.6,8212,6894795.2,6481665781.1
2025-08-01 09:50:02 AM,839.4,0,0.0,6481665781.1
2025-08-01 09:50:03 AM,839.3,0,0.0,6481665781.1
2025-08-01 09:50:03 AM,839.3,4208,3531774.4,6485197555.5
2025-08-01 09:50:03 AM,839.25,4,3357.0,6485200912.5
2025-08-01 09:50:04 AM,839.3,2250,1888425.0,6487089337.5
2025-08-01 09:50:04 AM,838.8,395,331326.0,6487420663.5
2025-08-01 09:50:04 AM,839.1,0,0.0,6487420663.5
2025-08-01 09:50:05 AM,839.05,0,0.0,6487420663.5
2025-08-01 09:50:05 AM,839.3,11927,10010331.1,6497430994.6
2025-08-01 09:50:05 AM,838.85,3325,2789176.25,6500220170.85
2025-08-01 09:50:05 AM,838.75,0,0.0,6500220170.85
2025-08-01 09:50:06 AM,839.0,0,0.0,6500220170.85
2025-08-01 09:50:06 AM,838.75,2689,2255398.75,6502475569.6
2025-08-01 09:50:06 AM,838.8,4662,3910485.5999999996,6506386055.200001
2025-08-01 09:50:06 AM,838.7,0,0.0,6506386055.200001
2025-08-01 09:50:07 AM,838.75,0,0.0,6506386055.200001
2025-08-01 09:50:07 AM,838.55,2077,1741668.3499999999,6508127723.550001
2025-08-01 09:50:07 AM,838.15,5447,4565403.05,6512693126.600001
2025-08-01 09:50:07 AM,837.5,0,0.0,6512693126.600001
2025-08-01 09:50:08 AM,838.0,0,0.0,6512693126.600001
2025-08-01 09:50:08 AM,837.8,1621,1358073.7999999998,6514051200.400002
2025-08-01 09:50:08 AM,837.8,2466,2066014.7999999998,6516117215.200002
2025-08-01 09:50:08 AM,837.6,0,0.0,6516117215.200002
2025-08-01 09:50:09 AM,837.95,3727,3123039.6500000004,6519240254.850001
2025-08-01 09:50:09 AM,837.5,0,0.0,6519240254.850001
2025-08-01 09:50:10 AM,837.5,2849,2386037.5,6521626292.350001
2025-08-01 09:50:10 AM,837.35,0,0.0,6521626292.350001
2025-08-01 09:50:10 AM,837.4,656,549334.4,6522175626.750001
2025-08-01 09:50:10 AM,838.25,0,0.0,6522175626.750001
2025-08-01 09:50:11 AM,838.55,0,0.0,6522175626.750001
2025-08-01 09:50:11 AM,838.55,4484,3760058.1999999997,6525935684.950001
2025-08-01 09:50:11 AM,838.45,437,366402.65,6526302087.6
2025-08-01 09:50:11 AM,838.2,0,0.0,6526302087.6
2025-08-01 09:50:12 AM,838.8,0,0.0,6526302087.6
2025-08-01 09:50:12 AM,838.25,1301,1090563.25,6527392650.85
2025-08-01 09:50:12 AM,838.8,0,0.0,6527392650.85
2025-08-01 09:50:13 AM,839.85,0,0.0,6527392650.85
2025-08-01 09:50:13 AM,839.35,7130,5984565.5,6533377216.35
2025-08-01 09:50:13 AM,839.85,575,482913.75,6533860130.1
2025-08-01 09:50:14 AM,839.55,0,0.0,6533860130.1
2025-08-01 09:50:14 AM,839.85,3058,2568261.3000000003,6536428391.400001
2025-08-01 09:50:14 AM,841.4,6857,5769479.8,6542197871.200001
2025-08-01 09:50:14 AM,841.2,0,0.0,6542197871.200001
2025-08-01 09:50:15 AM,841.2,1720,1446864.0,6543644735.200001
2025-08-01 09:50:15 AM,841.3,966,812695.7999999999,6544457431.000001
2025-08-01 09:50:15 AM,841.35,0,0.0,6544457431.000001
2025-08-01 09:50:16 AM,841.15,1565,1316399.75,6545773830.750001
2025-08-01 09:50:16 AM,841.15,8214,6909206.1,6552683036.850001
2025-08-01 09:50:17 AM,841.15,1300,1093495.0,6553776531.850001
2025-08-01 09:50:17 AM,841.75,2488,2094274.0,6555870805.850001
2025-08-01 09:50:17 AM,841.4,0,0.0,6555870805.850001
2025-08-01 09:50:18 AM,841.8,3818,3213992.4,6559084798.250001
2025-08-01 09:50:18 AM,841.9,11397,9595134.299999999,6568679932.550001
2025-08-01 09:50:18 AM,841.8,225,189405.0,6568869337.550001
2025-08-01 09:50:19 AM,841.7,0,0.0,6568869337.550001
2025-08-01 09:50:19 AM,841.85,7329,6169918.65,6575039256.200001
2025-08-01 09:50:19 AM,841.85,2,1683.7,6575040939.900001
2025-08-01 09:50:20 AM,841.0,0,0.0,6575040939.900001
2025-08-01 09:50:20 AM,840.7,5244,4408630.8,6579449570.700001
2025-08-01 09:50:21 AM,840.7,115,96680.5,6579546251.200001
2025-08-01 09:50:21 AM,840.55,0,0.0,6579546251.200001
2025-08-01 09:50:21 AM,839.6,19582,16441047.200000001,6595987298.400001
2025-08-01 09:50:22 AM,839.05,125,104881.25,6596092179.650001
2025-08-01 09:50:22 AM,839.5,0,0.0,6596092179.650001
2025-08-01 09:50:22 AM,839.5,1522,1277719.0,6597369898.650001
2025-08-01 09:50:23 AM,839.05,0,0.0,6597369898.650001
2025-08-01 09:50:23 AM,839.45,111,93178.95000000001,6597463077.6
2025-08-01 09:50:23 AM,839.5,2750,2308625.0,6599771702.6
2025-08-01 09:50:23 AM,839.65,0,0.0,6599771702.6
2025-08-01 09:50:24 AM,840.4,0,0.0,6599771702.6
2025-08-01 09:50:24 AM,840.4,1871,1572388.4,6601344091.0
2025-08-01 09:50:24 AM,841.0,3323,2794643.0,6604138734.0
2025-08-01 09:50:24 AM,840.5,0,0.0,6604138734.0
2025-08-01 09:50:25 AM,840.95,0,0.0,6604138734.0
2025-08-01 09:50:25 AM,840.9,925,777832.5,6604916566.5
2025-08-01 09:50:25 AM,841.0,791,665231.0,6605581797.5
2025-08-01 09:50:26 AM,840.95,0,0.0,6605581797.5
2025-08-01 09:50:26 AM,840.05,2906,2441185.3,6608022982.8
2025-08-01 09:50:26 AM,840.3,1094,919288.2,6608942271.0
2025-08-01 09:50:26 AM,841.5,0,0.0,6608942271.0
2025-08-01 09:50:27 AM,840.9,2089,1756640.0999999999,6610698911.1
2025-08-01 09:50:27 AM,841.4,0,0.0,6610698911.1
2025-08-01 09:50:28 AM,841.0,0,0.0,6610698911.1
2025-08-01 09:50:28 AM,841.4,1133,953306.2,6611652217.3
2025-08-01 09:50:28 AM,841.0,303,254823.0,6611907040.3
2025-08-01 09:50:28 AM,841.2,0,0.0,6611907040.3
2025-08-01 09:50:29 AM,841.4,0,0.0,6611907040.3
2025-08-01 09:50:29 AM,841.5,1795,1510492.5,6613417532.8
2025-08-01 09:50:29 AM,841.05,1225,1030286.25,6614447819.05
2025-08-01 09:50:29 AM,841.5,0,0.0,6614447819.05
2025-08-01 09:50:30 AM,841.75,1652,1390571.0,6615838390.05
2025-08-01 09:50:30 AM,841.9,75,63142.5,6615901532.55
2025-08-01 09:50:30 AM,841.8,0,0.0,6615901532.55
2025-08-01 09:50:31 AM,841.9,0,0.0,6615901532.55
2025-08-01 09:50:31 AM,841.9,4688,3946827.1999999997,6619848359.75
2025-08-01 09:50:31 AM,841.9,6643,5592741.7,6625441101.45
2025-08-01 09:50:31 AM,841.8,0,0.0,6625441101.45
2025-08-01 09:50:32 AM,841.55,1314,1105796.7,6626546898.15
2025-08-01 09:50:32 AM,841.9,0,0.0,6626546898.15
2025-08-01 09:50:33 AM,841.9,2906,2446561.4,6628993459.549999
2025-08-01 09:50:33 AM,841.8,0,0.0,6628993459.549999
2025-08-01 09:50:33 AM,841.9,1734,1459854.5999999999,6630453314.15
2025-08-01 09:50:34 AM,842.0,0,0.0,6630453314.15
2025-08-01 09:50:34 AM,842.0,9205,7750610.0,6638203924.15
2025-08-01 09:50:34 AM,841.9,1463,1231699.7,6639435623.849999
2025-08-01 09:50:34 AM,842.85,0,0.0,6639435623.849999
2025-08-01 09:50:35 AM,842.6,0,0.0,6639435623.849999
2025-08-01 09:50:35 AM,842.9,11045,9309830.5,6648745454.349999
2025-08-01 09:50:35 AM,842.85,20476,17258196.6,6666003650.95
2025-08-01 09:50:35 AM,842.2,0,0.0,6666003650.95
2025-08-01 09:50:36 AM,843.0,0,0.0,6666003650.95
2025-08-01 09:50:36 AM,843.0,54222,45709146.0,6711712796.95
2025-08-01 09:50:36 AM,843.8,53077,44786372.599999994,6756499169.55
2025-08-01 09:50:36 AM,843.35,0,0.0,6756499169.55
2025-08-01 09:50:37 AM,843.3,0,0.0,6756499169.55
2025-08-01 09:50:37 AM,843.35,16997,14334419.950000001,6770833589.5
2025-08-01 09:50:37 AM,843.25,5195,4380683.75,6775214273.25
2025-08-01 09:50:37 AM,843.2,0,0.0,6775214273.25
2025-08-01 09:50:38 AM,843.4,0,0.0,6775214273.25
2025-08-01 09:50:38 AM,843.4,16086,13566932.4,6788781205.65
2025-08-01 09:50:38 AM,842.25,0,0.0,6788781205.65
2025-08-01 09:50:39 AM,843.15,0,0.0,6788781205.65
2025-08-01 09:50:39 AM,843.15,73167,61690756.05,6850471961.7
2025-08-01 09:50:39 AM,843.35,379,319629.65,6850791591.349999
2025-08-01 09:50:39 AM,842.6,0,0.0,6850791591.349999
2025-08-01 09:50:40 AM,842.65,0,0.0,6850791591.349999
2025-08-01 09:50:40 AM,842.7,2924,2464054.8000000003,6853255646.15
2025-08-01 09:50:40 AM,842.6,0,0.0,6853255646.15
2025-08-01 09:50:41 AM,842.9,0,0.0,6853255646.15
2025-08-01 09:50:41 AM,843.0,8617,7264131.0,6860519777.15
2025-08-01 09:50:41 AM,843.0,211,177873.0,6860697650.15
2025-08-01 09:50:41 AM,842.25,0,0.0,6860697650.15
2025-08-01 09:50:42 AM,842.15,5276,4443183.399999999,6865140833.549999
2025-08-01 09:50:42 AM,842.65,664,559519.6,6865700353.15
2025-08-01 09:50:42 AM,842.7,0,0.0,6865700353.15
2025-08-01 09:50:43 AM,842.1,0,0.0,6865700353.15
2025-08-01 09:50:43 AM,842.75,3708,3124917.0,6868825270.15
2025-08-01 09:50:43 AM,843.0,16410,13833630.0,6882658900.15
2025-08-01 09:50:43 AM,843.25,0,0.0,6882658900.15
2025-08-01 09:50:44 AM,843.2,22354,18848892.8,6901507792.95
2025-08-01 09:50:44 AM,842.75,1139,959892.25,6902467685.2
2025-08-01 09:50:45 AM,842.9,0,0.0,6902467685.2
2025-08-01 09:50:45 AM,843.2,9974,8410076.8,6910877762.0
2025-08-01 09:50:45 AM,842.9,0,0.0,6910877762.0
2025-08-01 09:50:46 AM,843.25,35774,30166425.5,6941044187.5
2025-08-01 09:50:46 AM,843.0,0,0.0,6941044187.5
2025-08-01 09:50:46 AM,842.6,2168,1826756.8,6942870944.3
2025-08-01 09:50:46 AM,843.0,0,0.0,6942870944.3
2025-08-01 09:50:47 AM,843.15,2423,2042952.45,6944913896.75
2025-08-01 09:50:47 AM,843.05,0,0.0,6944913896.75
2025-08-01 09:50:47 AM,843.35,2635,2222227.25,6947136124.0
2025-08-01 09:50:47 AM,843.0,0,0.0,6947136124.0
2025-08-01 09:50:48 AM,843.0,1207,1017501.0,6948153625.0
2025-08-01 09:50:48 AM,843.1,433,365062.3,6948518687.3
2025-08-01 09:50:48 AM,843.15,0,0.0,6948518687.3
2025-08-01 09:50:49 AM,843.0,0,0.0,6948518687.3
2025-08-01 09:50:49 AM,842.1,9684,8154896.4,6956673583.7
2025-08-01 09:50:49 AM,842.2,4901,4127622.2,6960801205.9
2025-08-01 09:50:49 AM,842.25,0,0.0,6960801205.9
2025-08-01 09:50:50 AM,842.45,0,0.0,6960801205.9
2025-08-01 09:50:50 AM,842.45,13916,11723534.200000001,6972524740.099999
2025-08-01 09:50:50 AM,842.35,151,127194.85,6972651934.95
2025-08-01 09:50:51 AM,842.1,0,0.0,6972651934.95
2025-08-01 09:50:51 AM,842.0,8716,7338872.0,6979990806.95
2025-08-01 09:50:51 AM,842.35,0,0.0,6979990806.95
2025-08-01 09:50:52 AM,842.05,7877,6632827.85,6986623634.8
2025-08-01 09:50:52 AM,842.05,200,168410.0,6986792044.8
2025-08-01 09:50:52 AM,842.8,0,0.0,6986792044.8
2025-08-01 09:50:53 AM,842.9,0,0.0,6986792044.8
2025-08-01 09:50:53 AM,842.5,14086,11867455.0,6998659499.8
2025-08-01 09:50:53 AM,842.8,60,50568.0,6998710067.8
2025-08-01 09:50:53 AM,842.35,0,0.0,6998710067.8
2025-08-01 09:50:54 AM,842.4,2965,2497716.0,7001207783.8
2025-08-01 09:50:54 AM,842.35,10,8423.5,7001216207.3
2025-08-01 09:50:54 AM,842.0,0,0.0,7001216207.3
2025-08-01 09:50:55 AM,842.25,0,0.0,7001216207.3
2025-08-01 09:50:55 AM,842.1,1666,1402938.6,7002619145.900001
2025-08-01 09:50:55 AM,841.9,1150,968185.0,7003587330.900001
2025-08-01 09:50:56 AM,841.95,0,0.0,7003587330.900001
2025-08-01 09:50:56 AM,841.95,2615,2201699.25,7005789030.150001
2025-08-01 09:50:56 AM,841.55,256,215436.8,7006004466.950001
2025-08-01 09:50:56 AM,841.85,0,0.0,7006004466.950001
2025-08-01 09:50:57 AM,841.4,1132,952464.7999999999,7006956931.750001
2025-08-01 09:50:57 AM,841.9,10827,9115251.299999999,7016072183.050001
2025-08-01 09:50:57 AM,841.15,0,0.0,7016072183.050001
2025-08-01 09:50:58 AM,841.45,0,0.0,7016072183.050001
2025-08-01 09:50:58 AM,841.7,10572,8898452.4,7024970635.450001
2025-08-01 09:50:58 AM,841.0,0,0.0,7024970635.450001
2025-08-01 09:50:58 AM,841.0,3623,3046943.0,7028017578.450001
2025-08-01 09:50:59 AM,840.9,0,0.0,7028017578.450001
2025-08-01 09:50:59 AM,840.4,2809,2360683.6,7030378262.050001
2025-08-01 09:50:59 AM,840.7,0,0.0,7030378262.050001
2025-08-01 09:51:00 AM,840.8,4295,3611236.0,7033989498.050001
2025-08-01 09:51:00 AM,840.25,6211,5218792.75,7039208290.800001
2025-08-01 09:51:00 AM,840.6,0,0.0,7039208290.800001
2025-08-01 09:51:01 AM,840.35,0,0.0,7039208290.800001
2025-08-01 09:51:01 AM,840.0,3273,2749320.0,7041957610.800001
2025-08-01 09:51:01 AM,840.0,1233,1035720.0,7042993330.800001
2025-08-01 09:51:01 AM,839.65,0,0.0,7042993330.800001
2025-08-01 09:51:02 AM,839.7,0,0.0,7042993330.800001
2025-08-01 09:51:02 AM,839.0,6770,5680030.0,7048673360.800001
2025-08-01 09:51:02 AM,839.0,30,25170.0,7048698530.800001
2025-08-01 09:51:02 AM,839.55,0,0.0,7048698530.800001
2025-08-01 09:51:03 AM,839.0,0,0.0,7048698530.800001
2025-08-01 09:51:03 AM,839.3,5188,4354288.399999999,7053052819.200001
2025-08-01 09:51:03 AM,839.3,94,78894.2,7053131713.400001
2025-08-01 09:51:04 AM,839.65,0,0.0,7053131713.400001
2025-08-01 09:51:04 AM,839.25,5222,4382563.5,7057514276.900001
2025-08-01 09:51:04 AM,839.95,1012,850029.4,7058364306.3
2025-08-01 09:51:04 AM,839.85,0,0.0,7058364306.3
2025-08-01 09:51:05 AM,839.55,0,0.0,7058364306.3
2025-08-01 09:51:05 AM,839.5,3254,2731733.0,7061096039.3
2025-08-01 09:51:05 AM,839.6,10,8396.0,7061104435.3
2025-08-01 09:51:05 AM,839.5,0,0.0,7061104435.3
2025-08-01 09:51:06 AM,839.9,0,0.0,7061104435.3
2025-08-01 09:51:06 AM,839.5,3089,2593215.5,7063697650.8
2025-08-01 09:51:06 AM,839.9,0,0.0,7063697650.8
2025-08-01 09:51:06 AM,839.9,2,1679.8,7063699330.6
2025-08-01 09:51:07 AM,839.8,0,0.0,7063699330.6
2025-08-01 09:51:07 AM,839.6,4306,3615317.6,7067314648.200001
2025-08-01 09:51:07 AM,839.95,0,0.0,7067314648.200001
2025-08-01 09:51:07 AM,839.95,316,265424.2,7067580072.400001
2025-08-01 09:51:08 AM,839.85,0,0.0,7067580072.400001
2025-08-01 09:51:08 AM,839.8,1995,1675401.0,7069255473.400001
2025-08-01 09:51:08 AM,839.8,250,209950.0,7069465423.400001
2025-08-01 09:51:09 AM,839.7,0,0.0,7069465423.400001
2025-08-01 09:51:09 AM,839.85,0,0.0,7069465423.400001
2025-08-01 09:51:09 AM,839.85,2696,2264235.6,7071729659.000001
2025-08-01 09:51:10 AM,839.6,0,0.0,7071729659.000001
2025-08-01 09:51:11 AM,839.3,680,570724.0,7072300383.000001
2025-08-01 09:51:11 AM,839.5,0,0.0,7072300383.000001
2025-08-01 09:51:12 AM,839.8,0,0.0,7072300383.000001
2025-08-01 09:51:12 AM,839.8,809,679398.2,7072979781.200001
2025-08-01 09:51:12 AM,839.75,0,0.0,7072979781.200001
2025-08-01 09:51:13 AM,839.65,0,0.0,7072979781.200001
2025-08-01 09:51:13 AM,840.0,21034,17668560.0,7090648341.200001
2025-08-01 09:51:13 AM,839.3,0,0.0,7090648341.200001
2025-08-01 09:51:14 AM,840.0,0,0.0,7090648341.200001
2025-08-01 09:51:14 AM,839.75,11344,9526124.0,7100174465.200001
2025-08-01 09:51:14 AM,839.55,0,0.0,7100174465.200001
2025-08-01 09:51:15 AM,839.65,0,0.0,7100174465.200001
2025-08-01 09:51:15 AM,839.4,5386,4521008.399999999,7104695473.6
2025-08-01 09:51:15 AM,839.9,520,436748.0,7105132221.6
2025-08-01 09:51:15 AM,839.7,0,0.0,7105132221.6
2025-08-01 09:51:16 AM,839.5,0,0.0,7105132221.6
2025-08-01 09:51:16 AM,839.6,1318,1106592.8,7106238814.400001
2025-08-01 09:51:16 AM,839.9,573,481262.7,7106720077.1
2025-08-01 09:51:16 AM,839.95,0,0.0,7106720077.1
2025-08-01 09:51:17 AM,840.0,0,0.0,7106720077.1
2025-08-01 09:51:17 AM,839.8,7124,5982735.199999999,7112702812.3
2025-08-01 09:51:17 AM,839.95,1682,1412795.9000000001,7114115608.2
2025-08-01 09:51:17 AM,839.6,0,0.0,7114115608.2
2025-08-01 09:51:18 AM,839.85,0,0.0,7114115608.2
2025-08-01 09:51:18 AM,840.0,6889,5786760.0,7119902368.2
2025-08-01 09:51:18 AM,839.55,36,30223.8,7119932592.0
2025-08-01 09:51:18 AM,839.9,0,0.0,7119932592.0
2025-08-01 09:51:19 AM,839.9,902,757589.7999999999,7120690181.8
2025-08-01 09:51:19 AM,839.75,1484,1246189.0,7121936370.8
2025-08-01 09:51:19 AM,839.9,0,0.0,7121936370.8
2025-08-01 09:51:20 AM,839.8,0,0.0,7121936370.8
2025-08-01 09:51:20 AM,839.5,5172,4341894.0,7126278264.8
2025-08-01 09:51:20 AM,839.55,0,0.0,7126278264.8
2025-08-01 09:51:20 AM,839.55,7,5876.849999999999,7126284141.650001
2025-08-01 09:51:21 AM,839.75,0,0.0,7126284141.650001
2025-08-01 09:51:21 AM,839.85,5690,4778746.5,7131062888.150001
2025-08-01 09:51:21 AM,840.2,0,0.0,7131062888.150001
2025-08-01 09:51:22 AM,840.25,82,68900.5,7131131788.650001
2025-08-01 09:51:22 AM,839.9,0,0.0,7131131788.650001
2025-08-01 09:51:22 AM,839.9,1782,1496701.8,7132628490.450001
2025-08-01 09:51:22 AM,840.0,0,0.0,7132628490.450001
2025-08-01 09:51:23 AM,839.75,540,453465.0,7133081955.450001
2025-08-01 09:51:23 AM,839.65,0,0.0,7133081955.450001
2025-08-01 09:51:23 AM,839.95,0,0.0,7133081955.450001
2025-08-01 09:51:23 AM,839.95,2528,2123393.6,7135205349.050001
2025-08-01 09:51:24 AM,839.95,1118,939064.1000000001,7136144413.150002
2025-08-01 09:51:25 AM,840.5,0,0.0,7136144413.150002
2025-08-01 09:51:26 AM,840.5,1220,1025410.0,7137169823.150002
2025-08-01 09:51:26 AM,840.5,839,705179.5,7137875002.650002
2025-08-01 09:51:26 AM,840.8,0,0.0,7137875002.650002
2025-08-01 09:51:26 AM,841.45,0,0.0,7137875002.650002
2025-08-01 09:51:27 AM,841.45,4613,3881608.85,7141756611.500002
2025-08-01 09:51:27 AM,841.85,0,0.0,7141756611.500002
2025-08-01 09:51:28 AM,841.45,1668,1403538.6,7143160150.100002
2025-08-01 09:51:28 AM,841.9,0,0.0,7143160150.100002
2025-08-01 09:51:29 AM,841.95,1819,1531507.05,7144691657.1500025
2025-08-01 09:51:29 AM,841.45,338,284410.10000000003,7144976067.250003
2025-08-01 09:51:29 AM,841.4,0,0.0,7144976067.250003
2025-08-01 09:51:30 AM,841.9,2527,2127481.3,7147103548.550003
2025-08-01 09:51:30 AM,841.95,0,0.0,7147103548.550003
2025-08-01 09:51:30 AM,841.45,316,265898.2,7147369446.750003
2025-08-01 09:51:30 AM,841.85,0,0.0,7147369446.750003
2025-08-01 09:51:31 AM,841.85,933,785446.05,7148154892.800003
2025-08-01 09:51:31 AM,841.7,1256,1057175.2,7149212068.000003
2025-08-01 09:51:31 AM,841.85,0,0.0,7149212068.000003
2025-08-01 09:51:32 AM,841.9,0,0.0,7149212068.000003
2025-08-01 09:51:32 AM,842.4,2886,2431166.4,7151643234.4000025
2025-08-01 09:51:32 AM,842.25,602,507034.5,7152150268.9000025
2025-08-01 09:51:32 AM,842.0,0,0.0,7152150268.9000025
2025-08-01 09:51:33 AM,842.3,18118,15260791.399999999,7167411060.300002
2025-08-01 09:51:33 AM,841.2,9489,7982146.800000001,7175393207.100002
2025-08-01 09:51:33 AM,842.35,0,0.0,7175393207.100002
2025-08-01 09:51:34 AM,842.3,0,0.0,7175393207.100002
2025-08-01 09:51:34 AM,842.05,3261,2745925.05,7178139132.1500025
2025-08-01 09:51:34 AM,842.25,417,351218.25,7178490350.4000025
2025-08-01 09:51:35 AM,842.0,873,735066.0,7179225416.4000025
2025-08-01 09:51:35 AM,842.1,9320,7848372.0,7187073788.4000025
2025-08-01 09:51:35 AM,842.25,0,0.0,7187073788.4000025
2025-08-01 09:51:36 AM,842.7,3027,2550852.9,7189624641.300002
2025-08-01 09:51:36 AM,842.65,296,249424.4,7189874065.700002
2025-08-01 09:51:37 AM,841.0,0,0.0,7189874065.700002
2025-08-01 09:51:37 AM,841.4,30644,25783861.599999998,7215657927.300002
2025-08-01 09:51:37 AM,841.55,0,0.0,7215657927.300002
2025-08-01 09:51:38 AM,841.0,2769,2328729.0,7217986656.300002
2025-08-01 09:51:38 AM,841.6,4262,3586899.2,7221573555.500002
2025-08-01 09:51:38 AM,841.5,0,0.0,7221573555.500002
2025-08-01 09:51:39 AM,841.5,741,623551.5,7222197107.000002
2025-08-01 09:51:39 AM,841.3,1268,1066768.4,7223263875.400002
2025-08-01 09:51:39 AM,840.6,0,0.0,7223263875.400002
2025-08-01 09:51:40 AM,840.3,0,0.0,7223263875.400002
2025-08-01 09:51:40 AM,840.3,989,831056.7,7224094932.100001
2025-08-01 09:51:40 AM,840.35,0,0.0,7224094932.100001
2025-08-01 09:51:41 AM,840.35,2443,2052975.05,7226147907.150002
2025-08-01 09:51:41 AM,840.85,237,199281.45,7226347188.600001
2025-08-01 09:51:41 AM,840.65,0,0.0,7226347188.600001
2025-08-01 09:51:42 AM,840.65,81,68092.65,7226415281.250001
2025-08-01 09:51:42 AM,840.6,0,0.0,7226415281.250001
2025-08-01 09:51:42 AM,840.65,215,180739.75,7226596021.000001
2025-08-01 09:51:42 AM,840.6,0,0.0,7226596021.000001
2025-08-01 09:51:43 AM,840.3,1266,1063819.8,7227659840.800001
2025-08-01 09:51:43 AM,840.3,384,322675.19999999995,7227982516.000001
2025-08-01 09:51:43 AM,840.5,0,0.0,7227982516.000001
2025-08-01 09:51:44 AM,840.2,0,0.0,7227982516.000001
2025-08-01 09:51:44 AM,840.1,555,466255.5,7228448771.500001
2025-08-01 09:51:44 AM,840.35,320,268912.0,7228717683.500001
2025-08-01 09:51:44 AM,840.3,0,0.0,7228717683.500001
2025-08-01 09:51:45 AM,840.5,0,0.0,7228717683.500001
2025-08-01 09:51:45 AM,839.95,9352,7855212.4,7236572895.900001
2025-08-01 09:51:45 AM,839.9,5955,5001604.5,7241574500.400001
2025-08-01 09:51:45 AM,840.0,0,0.0,7241574500.400001
2025-08-01 09:51:46 AM,839.85,0,0.0,7241574500.400001
2025-08-01 09:51:46 AM,839.85,5373,4512514.05,7246087014.450001
2025-08-01 09:51:46 AM,839.4,215,180471.0,7246267485.450001
2025-08-01 09:51:47 AM,839.85,0,0.0,7246267485.450001
2025-08-01 09:51:47 AM,839.95,3235,2717238.25,7248984723.700001
2025-08-01 09:51:47 AM,839.8,581,487923.8,7249472647.500001
2025-08-01 09:51:47 AM,839.0,0,0.0,7249472647.500001
2025-08-01 09:51:48 AM,839.4,0,0.0,7249472647.500001
2025-08-01 09:51:48 AM,839.45,6116,5134076.2,7254606723.700001
2025-08-01 09:51:48 AM,839.0,2225,1866775.0,7256473498.700001
2025-08-01 09:51:48 AM,838.8,0,0.0,7256473498.700001
2025-08-01 09:51:49 AM,838.65,0,0.0,7256473498.700001
2025-08-01 09:51:49 AM,838.65,3614,3030881.1,7259504379.800001
2025-08-01 09:51:49 AM,838.0,8182,6856516.0,7266360895.800001
2025-08-01 09:51:50 AM,837.5,0,0.0,7266360895.800001
2025-08-01 09:51:50 AM,837.95,1661,1391834.9500000002,7267752730.750001
2025-08-01 09:51:50 AM,837.85,0,0.0,7267752730.750001
2025-08-01 09:51:51 AM,837.4,6831,5720279.399999999,7273473010.150001
2025-08-01 09:51:51 AM,837.65,0,0.0,7273473010.150001
2025-08-01 09:51:51 AM,837.45,5169,4328779.05,7277801789.200001
2025-08-01 09:51:51 AM,834.0,0,0.0,7277801789.200001
2025-08-01 09:51:52 AM,834.0,254583,212322222.0,7490124011.200001
2025-08-01 09:51:52 AM,834.0,202,168468.0,7490292479.200001
2025-08-01 09:51:53 AM,834.0,1245,1038330.0,7491330809.200001
2025-08-01 09:51:53 AM,834.0,4,3336.0,7491334145.200001
2025-08-01 09:51:54 AM,834.0,23587,19671558.0,7511005703.200001
2025-08-01 09:51:54 AM,834.0,120,100080.0,7511105783.200001
2025-08-01 09:51:55 AM,834.0,41292,34437528.0,7545543311.200001
2025-08-01 09:51:55 AM,834.0,276,230184.0,7545773495.200001
2025-08-01 09:51:56 AM,834.0,97844,81601896.0,7627375391.200001
2025-08-01 09:51:57 AM,834.0,35943,29976462.0,7657351853.200001
2025-08-01 09:51:57 AM,834.0,10000,8340000.0,7665691853.200001
2025-08-01 09:51:58 AM,834.0,24379,20332086.0,7686023939.200001
2025-08-01 09:51:59 AM,834.0,870,725580.0,7686749519.200001
2025-08-01 09:51:59 AM,834.0,61579,51356886.0,7738106405.200001
2025-08-01 09:52:00 AM,834.0,10713,8934642.0,7747041047.200001
2025-08-01 09:52:01 AM,834.0,134,111756.0,7747152803.200001
2025-08-01 09:52:02 AM,834.0,393,327762.0,7747480565.200001
2025-08-01 09:52:02 AM,834.0,320,266880.0,7747747445.200001
2025-08-01 09:52:03 AM,834.0,1327,1106718.0,7748854163.200001
2025-08-01 09:52:03 AM,834.0,128,106752.0,7748960915.200001
2025-08-01 09:52:03 AM,836.3,0,0.0,7748960915.200001
2025-08-01 09:52:04 AM,834.0,0,0.0,7748960915.200001
2025-08-01 09:52:04 AM,834.0,151975,126747150.0,7875708065.200001
2025-08-01 09:52:04 AM,835.0,8901,7432335.0,7883140400.200001
2025-08-01 09:52:04 AM,834.2,0,0.0,7883140400.200001
2025-08-01 09:52:05 AM,835.75,0,0.0,7883140400.200001
2025-08-01 09:52:05 AM,836.2,5823,4869192.600000001,7888009592.800001
2025-08-01 09:52:05 AM,836.05,1194,998243.7,7889007836.500001
2025-08-01 09:52:05 AM,836.2,0,0.0,7889007836.500001
2025-08-01 09:52:06 AM,836.85,768,642700.8,7889650537.300001
2025-08-01 09:52:06 AM,836.3,389,325320.69999999995,7889975858.000001
2025-08-01 09:52:06 AM,836.2,0,0.0,7889975858.000001
2025-08-01 09:52:07 AM,836.15,0,0.0,7889975858.000001
2025-08-01 09:52:07 AM,836.25,1592,1331310.0,7891307168.000001
2025-08-01 09:52:07 AM,836.65,652,545495.7999999999,7891852663.800001
2025-08-01 09:52:07 AM,836.05,0,0.0,7891852663.800001
2025-08-01 09:52:08 AM,836.45,0,0.0,7891852663.800001
2025-08-01 09:52:08 AM,836.0,4761,3980196.0,7895832859.800001
2025-08-01 09:52:08 AM,835.9,573,478970.7,7896311830.500001
2025-08-01 09:52:08 AM,835.95,0,0.0,7896311830.500001
2025-08-01 09:52:09 AM,836.0,0,0.0,7896311830.500001
2025-08-01 09:52:09 AM,835.85,1428,1193593.8,7897505424.300001
2025-08-01 09:52:10 AM,835.85,284,237381.4,7897742805.700001
2025-08-01 09:52:10 AM,835.05,0,0.0,7897742805.700001
2025-08-01 09:52:10 AM,835.85,6320,5282572.0,7903025377.700001
2025-08-01 09:52:10 AM,836.0,0,0.0,7903025377.700001
2025-08-01 09:52:11 AM,835.85,2792,2333693.2,7905359070.900001
2025-08-01 09:52:11 AM,836.0,0,0.0,7905359070.900001
2025-08-01 09:52:11 AM,836.15,5361,4482600.149999999,7909841671.05
2025-08-01 09:52:11 AM,837.6,0,0.0,7909841671.05
2025-08-01 09:52:12 AM,837.55,4212,3527760.5999999996,7913369431.650001
2025-08-01 09:52:12 AM,836.25,11181,9350111.25,7922719542.900001
2025-08-01 09:52:12 AM,836.45,0,0.0,7922719542.900001
2025-08-01 09:52:13 AM,836.45,921,770370.4500000001,7923489913.35
2025-08-01 09:52:13 AM,836.0,4482,3746952.0,7927236865.35
2025-08-01 09:52:14 AM,836.1,0,0.0,7927236865.35
2025-08-01 09:52:14 AM,836.1,20,16722.0,7927253587.35
2025-08-01 09:52:14 AM,836.05,7678,6419191.899999999,7933672779.25
2025-08-01 09:52:14 AM,836.0,0,0.0,7933672779.25
2025-08-01 09:52:15 AM,836.3,0,0.0,7933672779.25
2025-08-01 09:52:15 AM,836.6,6436,5384357.600000001,7939057136.85
2025-08-01 09:52:15 AM,834.0,0,0.0,7939057136.85
2025-08-01 09:52:16 AM,834.0,51784,43187856.0,7982244992.85
2025-08-01 09:52:16 AM,834.0,1349,1125066.0,7983370058.85
2025-08-01 09:52:17 AM,834.0,1718,1432812.0,7984802870.85
2025-08-01 09:52:17 AM,834.0,1095,913230.0,7985716100.85
2025-08-01 09:52:18 AM,834.0,842,702228.0,7986418328.85
2025-08-01 09:52:18 AM,834.0,622,518748.0,7986937076.85
2025-08-01 09:52:19 AM,834.0,2307,1924038.0,7988861114.85
2025-08-01 09:52:19 AM,834.0,391,326094.0,7989187208.85
2025-08-01 09:52:20 AM,834.0,8540,7122360.0,7996309568.85
2025-08-01 09:52:20 AM,834.0,1453,1211802.0,7997521370.85
2025-08-01 09:52:21 AM,834.0,16758,13976172.0,8011497542.85
2025-08-01 09:52:21 AM,834.0,14142,11794428.0,8023291970.85
2025-08-01 09:52:22 AM,835.4,25783,21539118.2,8044831089.05
2025-08-01 09:52:22 AM,834.15,974,812462.1,8045643551.150001
2025-08-01 09:52:22 AM,835.3,0,0.0,8045643551.150001
2025-08-01 09:52:23 AM,834.1,0,0.0,8045643551.150001
2025-08-01 09:52:23 AM,834.1,14864,12398062.4,8058041613.55
2025-08-01 09:52:23 AM,835.2,79,65980.8,8058107594.35
2025-08-01 09:52:24 AM,835.0,1276,1065460.0,8059173054.35
2025-08-01 09:52:24 AM,835.1,1,835.1,8059173889.450001
2025-08-01 09:52:25 AM,835.2,8022,6699974.4,8065873863.85
2025-08-01 09:52:25 AM,835.05,0,0.0,8065873863.85
2025-08-01 09:52:26 AM,835.05,1,835.05,8065874698.900001
2025-08-01 09:52:26 AM,835.1,0,0.0,8065874698.900001
2025-08-01 09:52:26 AM,835.25,0,0.0,8065874698.900001
2025-08-01 09:52:27 AM,835.0,3432,2865720.0,8068740418.900001
2025-08-01 09:52:27 AM,835.0,970,809950.0,8069550368.900001
2025-08-01 09:52:27 AM,835.2,0,0.0,8069550368.900001
2025-08-01 09:52:28 AM,836.0,0,0.0,8069550368.900001
2025-08-01 09:52:28 AM,836.0,8993,7518148.0,8077068516.900001
2025-08-01 09:52:28 AM,835.2,26,21715.2,8077090232.1
2025-08-01 09:52:28 AM,835.65,0,0.0,8077090232.1
2025-08-01 09:52:29 AM,835.5,0,0.0,8077090232.1
2025-08-01 09:52:29 AM,835.6,4742,3962415.2,8081052647.3
2025-08-01 09:52:29 AM,835.45,53,44278.850000000006,8081096926.150001
2025-08-01 09:52:29 AM,835.15,0,0.0,8081096926.150001
2025-08-01 09:52:30 AM,835.45,0,0.0,8081096926.150001
2025-08-01 09:52:30 AM,835.6,1117,933365.2000000001,8082030291.35
2025-08-01 09:52:30 AM,835.65,118,98606.7,8082128898.05
2025-08-01 09:52:30 AM,835.6,0,0.0,8082128898.05
2025-08-01 09:52:31 AM,835.8,772,645237.6,8082774135.650001
2025-08-01 09:52:31 AM,835.15,12,10021.8,8082784157.450001
2025-08-01 09:52:31 AM,835.55,0,0.0,8082784157.450001
2025-08-01 09:52:32 AM,835.5,0,0.0,8082784157.450001
2025-08-01 09:52:32 AM,835.85,1767,1476946.95,8084261104.400001
2025-08-01 09:52:32 AM,835.75,5,4178.75,8084265283.150001
2025-08-01 09:52:33 AM,835.65,318,265736.7,8084531019.85
2025-08-01 09:52:33 AM,835.75,44,36773.0,8084567792.85
2025-08-01 09:52:33 AM,835.55,0,0.0,8084567792.85
2025-08-01 09:52:34 AM,835.85,0,0.0,8084567792.85
2025-08-01 09:52:34 AM,836.75,2595,2171366.25,8086739159.1
2025-08-01 09:52:34 AM,836.55,355,296975.25,8087036134.35
2025-08-01 09:52:35 AM,836.8,3091,2586548.8,8089622683.150001
2025-08-01 09:52:35 AM,836.7,0,0.0,8089622683.150001
2025-08-01 09:52:36 AM,836.8,0,0.0,8089622683.150001
2025-08-01 09:52:36 AM,836.4,1754,1467045.5999999999,8091089728.750001
2025-08-01 09:52:37 AM,836.75,0,0.0,8091089728.750001
2025-08-01 09:52:38 AM,836.75,1703,1424985.25,8092514714.000001
2025-08-01 09:52:38 AM,836.6,0,0.0,8092514714.000001
2025-08-01 09:52:38 AM,836.6,8,6692.8,8092521406.800001
2025-08-01 09:52:38 AM,836.65,0,0.0,8092521406.800001
2025-08-01 09:52:39 AM,836.7,0,0.0,8092521406.800001
2025-08-01 09:52:39 AM,836.7,1763,1475102.1,8093996508.900002
2025-08-01 09:52:39 AM,836.7,227,189930.90000000002,8094186439.800001
2025-08-01 09:52:39 AM,836.65,0,0.0,8094186439.800001
2025-08-01 09:52:40 AM,836.65,779,651750.35,8094838190.150002
2025-08-01 09:52:40 AM,836.65,138,115457.7,8094953647.850001
2025-08-01 09:52:40 AM,836.7,0,0.0,8094953647.850001
2025-08-01 09:52:41 AM,836.3,0,0.0,8094953647.850001
2025-08-01 09:52:41 AM,836.5,11807,9876555.5,8104830203.350001
2025-08-01 09:52:41 AM,836.2,66,55189.200000000004,8104885392.550001
2025-08-01 09:52:41 AM,836.35,0,0.0,8104885392.550001
2025-08-01 09:52:42 AM,836.45,0,0.0,8104885392.550001
2025-08-01 09:52:42 AM,836.5,3906,3267369.0,8108152761.550001
2025-08-01 09:52:42 AM,836.4,317,265138.8,8108417900.350001
2025-08-01 09:52:42 AM,836.2,0,0.0,8108417900.350001
2025-08-01 09:52:43 AM,836.5,0,0.0,8108417900.350001
2025-08-01 09:52:43 AM,836.4,3504,2930745.6,8111348645.950002
2025-08-01 09:52:43 AM,836.0,108,90288.0,8111438933.950002
2025-08-01 09:52:43 AM,836.4,0,0.0,8111438933.950002
2025-08-01 09:52:44 AM,834.0,61919,51640446.0,8163079379.950002
2025-08-01 09:52:44 AM,834.0,3925,3273450.0,8166352829.950002
2025-08-01 09:52:45 AM,834.0,5082,4238388.0,8170591217.950002
2025-08-01 09:52:45 AM,834.0,25,20850.0,8170612067.950002
2025-08-01 09:52:46 AM,834.0,3782,3154188.0,8173766255.950002
2025-08-01 09:52:46 AM,834.0,20,16680.0,8173782935.950002
2025-08-01 09:52:47 AM,834.0,3407,2841438.0,8176624373.950002
2025-08-01 09:52:48 AM,834.0,6319,5270046.0,8181894419.950002
2025-08-01 09:52:49 AM,834.0,96677,80628618.0,8262523037.950002
2025-08-01 09:52:49 AM,835.65,1484,1240104.5999999999,8263763142.550002
2025-08-01 09:52:50 AM,835.05,0,0.0,8263763142.550002
2025-08-01 09:52:50 AM,835.05,8402,7016090.1,8270779232.6500025
2025-08-01 09:52:51 AM,835.3,0,0.0,8270779232.6500025
2025-08-01 09:52:51 AM,835.15,0,0.0,8270779232.6500025
2025-08-01 09:52:52 AM,835.15,864,721569.6,8271500802.250003
2025-08-01 09:52:52 AM,835.35,0,0.0,8271500802.250003
2025-08-01 09:52:52 AM,835.45,0,0.0,8271500802.250003
2025-08-01 09:52:53 AM,836.0,0,0.0,8271500802.250003
2025-08-01 09:52:53 AM,836.0,12638,10565368.0,8282066170.250003
2025-08-01 09:52:53 AM,835.9,0,0.0,8282066170.250003
2025-08-01 09:52:54 AM,835.85,6016,5028473.600000001,8287094643.850003
2025-08-01 09:52:54 AM,835.9,0,0.0,8287094643.850003
2025-08-01 09:52:55 AM,835.85,0,0.0,8287094643.850003
2025-08-01 09:52:55 AM,835.85,4840,4045514.0,8291140157.850003
2025-08-01 09:52:55 AM,835.5,0,0.0,8291140157.850003
2025-08-01 09:52:56 AM,835.65,633,528966.45,8291669124.300003
2025-08-01 09:52:56 AM,835.15,0,0.0,8291669124.300003
2025-08-01 09:52:57 AM,835.45,2482,2073586.9000000001,8293742711.200003
2025-08-01 09:52:58 AM,835.05,0,0.0,8293742711.200003
2025-08-01 09:52:58 AM,835.4,3287,2745959.8,8296488671.000003
2025-08-01 09:52:58 AM,835.4,73,60984.2,8296549655.200003
2025-08-01 09:52:58 AM,835.25,0,0.0,8296549655.200003
2025-08-01 09:52:59 AM,835.3,0,0.0,8296549655.200003
2025-08-01 09:52:59 AM,835.3,1077,899618.1,8297449273.300003
2025-08-01 09:52:59 AM,835.5,687,573988.5,8298023261.800003
2025-08-01 09:52:59 AM,835.2,0,0.0,8298023261.800003
2025-08-01 09:53:00 AM,835.9,709,592653.1,8298615914.900003
2025-08-01 09:53:00 AM,835.5,174,145377.0,8298761291.900003
2025-08-01 09:53:01 AM,835.55,0,0.0,8298761291.900003
2025-08-01 09:53:01 AM,835.55,154,128674.7,8298889966.600003
2025-08-01 09:53:02 AM,835.55,108,90239.4,8298980206.000003
2025-08-01 09:53:02 AM,835.9,0,0.0,8298980206.000003
2025-08-01 09:53:02 AM,835.9,4901,4096745.9,8303076951.9000025
2025-08-01 09:53:02 AM,835.85,0,0.0,8303076951.9000025
2025-08-01 09:53:03 AM,835.9,0,0.0,8303076951.9000025
2025-08-01 09:53:03 AM,835.9,2618,2188386.1999999997,8305265338.100002
2025-08-01 09:53:03 AM,835.9,772,645314.7999999999,8305910652.9000025
2025-08-01 09:53:03 AM,836.0,0,0.0,8305910652.9000025
2025-08-01 09:53:04 AM,835.95,0,0.0,8305910652.9000025
2025-08-01 09:53:04 AM,835.95,3604,3012763.8000000003,8308923416.700003
2025-08-01 09:53:04 AM,835.9,438,366124.2,8309289540.9000025
2025-08-01 09:53:05 AM,836.05,0,0.0,8309289540.9000025
2025-08-01 09:53:05 AM,835.9,239,199780.1,8309489321.000003
2025-08-01 09:53:05 AM,836.0,0,0.0,8309489321.000003
2025-08-01 09:53:06 AM,836.0,653,545908.0,8310035229.000003
2025-08-01 09:53:06 AM,835.85,388,324309.8,8310359538.800003
2025-08-01 09:53:06 AM,835.9,0,0.0,8310359538.800003
2025-08-01 09:53:07 AM,835.5,0,0.0,8310359538.800003
2025-08-01 09:53:07 AM,835.85,1430,1195265.5,8311554804.300003
2025-08-01 09:53:07 AM,835.65,438,366014.7,8311920819.000003
2025-08-01 09:53:07 AM,835.6,0,0.0,8311920819.000003
2025-08-01 09:53:08 AM,835.6,821,686027.6,8312606846.600003
2025-08-01 09:53:08 AM,835.3,1111,928018.2999999999,8313534864.900003
2025-08-01 09:53:08 AM,835.5,0,0.0,8313534864.900003
2025-08-01 09:53:09 AM,835.65,0,0.0,8313534864.900003
2025-08-01 09:53:09 AM,835.65,746,623394.9,8314158259.800003
2025-08-01 09:53:09 AM,835.6,734,613330.4,8314771590.200003
2025-08-01 09:53:09 AM,835.55,0,0.0,8314771590.200003
2025-08-01 09:53:10 AM,835.25,792,661518.0,8315433108.200003
2025-08-01 09:53:10 AM,835.85,681,569213.85,8316002322.050003
2025-08-01 09:53:10 AM,835.45,60,50127.0,8316052449.050003
2025-08-01 09:53:11 AM,835.85,0,0.0,8316052449.050003
2025-08-01 09:53:11 AM,835.5,5228,4367994.0,8320420443.050003
2025-08-01 09:53:11 AM,835.8,0,0.0,8320420443.050003
2025-08-01 09:53:12 AM,835.9,0,0.0,8320420443.050003
2025-08-01 09:53:12 AM,835.8,1385,1157583.0,8321578026.050003
2025-08-01 09:53:13 AM,835.6,659,550660.4,8322128686.450003
2025-08-01 09:53:13 AM,835.5,520,434460.0,8322563146.450003
2025-08-01 09:53:14 AM,835.75,0,0.0,8322563146.450003
2025-08-01 09:53:14 AM,835.75,1867,1560345.25,8324123491.700003
2025-08-01 09:53:14 AM,835.85,0,0.0,8324123491.700003
2025-08-01 09:53:15 AM,835.75,463,386952.25,8324510443.950003
2025-08-01 09:53:15 AM,835.75,383,320092.25,8324830536.200003
2025-08-01 09:53:15 AM,835.85,0,0.0,8324830536.200003
2025-08-01 09:53:16 AM,835.85,543,453866.55,8325284402.750003
2025-08-01 09:53:16 AM,835.6,652,544811.2000000001,8325829213.950003
2025-08-01 09:53:16 AM,834.75,0,0.0,8325829213.950003
2025-08-01 09:53:17 AM,834.75,7823,6530249.25,8332359463.200003
2025-08-01 09:53:17 AM,834.1,1692,1411297.2,8333770760.4000025
2025-08-01 09:53:17 AM,834.05,0,0.0,8333770760.4000025
2025-08-01 09:53:18 AM,834.05,403,336122.14999999997,8334106882.550002
2025-08-01 09:53:18 AM,834.0,13189,10999626.0,8345106508.550002
2025-08-01 09:53:18 AM,834.05,0,0.0,8345106508.550002
2025-08-01 09:53:19 AM,835.0,0,0.0,8345106508.550002
2025-08-01 09:53:19 AM,835.0,6876,5741460.0,8350847968.550002
2025-08-01 09:53:19 AM,834.85,112,93503.2,8350941471.750002
2025-08-01 09:53:19 AM,834.0,0,0.0,8350941471.750002
2025-08-01 09:53:20 AM,834.0,31746,26476164.0,8377417635.750002
2025-08-01 09:53:20 AM,834.0,83,69222.0,8377486857.750002
2025-08-01 09:53:21 AM,834.0,157,130938.0,8377617795.750002
2025-08-01 09:53:21 AM,834.0,72,60048.0,8377677843.750002
2025-08-01 09:53:22 AM,834.0,7138,5953092.0,8383630935.750002
2025-08-01 09:53:22 AM,834.0,233,194322.0,8383825257.750002
2025-08-01 09:53:23 AM,834.0,1080,900720.0,8384725977.750002
2025-08-01 09:53:23 AM,834.0,475,396150.0,8385122127.750002
2025-08-01 09:53:24 AM,834.75,12585,10505328.75,8395627456.500002
2025-08-01 09:53:24 AM,834.1,0,0.0,8395627456.500002
2025-08-01 09:53:25 AM,834.0,0,0.0,8395627456.500002
2025-08-01 09:53:25 AM,834.65,3669,3062330.85,8398689787.350002
2025-08-01 09:53:25 AM,834.65,22,18362.3,8398708149.6500025
2025-08-01 09:53:25 AM,834.55,0,0.0,8398708149.6500025
2025-08-01 09:53:26 AM,834.65,0,0.0,8398708149.6500025
2025-08-01 09:53:26 AM,834.0,1486,1239324.0,8399947473.6500025
2025-08-01 09:53:26 AM,834.0,128,106752.0,8400054225.6500025
2025-08-01 09:53:26 AM,834.5,0,0.0,8400054225.6500025
2025-08-01 09:53:27 AM,834.0,0,0.0,8400054225.6500025
2025-08-01 09:53:27 AM,834.5,493,411408.5,8400465634.1500025
2025-08-01 09:53:27 AM,834.0,34,28356.0,8400493990.1500025
2025-08-01 09:53:27 AM,834.5,0,0.0,8400493990.1500025
2025-08-01 09:53:28 AM,834.65,0,0.0,8400493990.1500025
2025-08-01 09:53:28 AM,834.65,20015,16705519.75,8417199509.9000025
2025-08-01 09:53:28 AM,834.65,300,250395.0,8417449904.9000025
2025-08-01 09:53:28 AM,834.5,0,0.0,8417449904.9000025
2025-08-01 09:53:29 AM,834.0,0,0.0,8417449904.9000025
2025-08-01 09:53:29 AM,834.3,6652,5549763.6,8422999668.500003
2025-08-01 09:53:29 AM,834.55,13669,11407463.95,8434407132.450003
2025-08-01 09:53:29 AM,834.3,0,0.0,8434407132.450003
2025-08-01 09:53:30 AM,834.9,3439,2871221.1,8437278353.550003
2025-08-01 09:53:30 AM,834.85,5529,4615885.65,8441894239.200003
2025-08-01 09:53:30 AM,834.7,0,0.0,8441894239.200003
2025-08-01 09:53:31 AM,834.15,0,0.0,8441894239.200003
2025-08-01 09:53:31 AM,834.15,265,221049.75,8442115288.950003
2025-08-01 09:53:31 AM,834.05,3777,3150206.8499999996,8445265495.800003
2025-08-01 09:53:32 AM,834.75,3370,2813107.5,8448078603.300003
2025-08-01 09:53:32 AM,834.7,0,0.0,8448078603.300003
2025-08-01 09:53:33 AM,834.05,990,825709.5,8448904312.800003
2025-08-01 09:53:33 AM,834.0,0,0.0,8448904312.800003
2025-08-01 09:53:33 AM,834.0,18919,15778446.0,8464682758.800003
2025-08-01 09:53:35 AM,834.0,1015,846510.0,8465529268.800003
2025-08-01 09:53:35 AM,834.0,791,659694.0,8466188962.800003
2025-08-01 09:53:36 AM,834.0,230,191820.0,8466380782.800003
2025-08-01 09:53:36 AM,834.0,299,249366.0,8466630148.800003
2025-08-01 09:53:37 AM,834.0,227,189318.0,8466819466.800003
2025-08-01 09:53:37 AM,834.0,9452,7882968.0,8474702434.800003
2025-08-01 09:53:38 AM,834.2,691,576432.2000000001,8475278867.000003
2025-08-01 09:53:38 AM,834.65,2024,1689331.5999999999,8476968198.600003
2025-08-01 09:53:39 AM,834.8,0,0.0,8476968198.600003
2025-08-01 09:53:39 AM,834.0,3674,3064116.0,8480032314.600003
2025-08-01 09:53:39 AM,834.8,25,20870.0,8480053184.600003
2025-08-01 09:53:40 AM,834.45,0,0.0,8480053184.600003
2025-08-01 09:53:40 AM,834.75,24212,20210967.0,8500264151.600003
2025-08-01 09:53:40 AM,834.8,341,284666.8,8500548818.400003
2025-08-01 09:53:41 AM,834.8,1894,1581111.2,8502129929.600003
2025-08-01 09:53:41 AM,834.65,102,85134.3,8502215063.900003
2025-08-01 09:53:42 AM,834.7,0,0.0,8502215063.900003
2025-08-01 09:53:42 AM,834.75,386,322213.5,8502537277.400003
2025-08-01 09:53:42 AM,834.5,44,36718.0,8502573995.400003
2025-08-01 09:53:42 AM,834.7,0,0.0,8502573995.400003
2025-08-01 09:53:43 AM,834.5,0,0.0,8502573995.400003
2025-08-01 09:53:43 AM,834.4,708,590755.2,8503164750.600003
2025-08-01 09:53:43 AM,834.7,352,293814.4,8503458565.000003
2025-08-01 09:53:44 AM,834.6,143,119347.8,8503577912.800003
2025-08-01 09:53:44 AM,834.7,0,0.0,8503577912.800003
2025-08-01 09:53:45 AM,834.35,0,0.0,8503577912.800003
2025-08-01 09:53:45 AM,834.8,2360,1970128.0,8505548040.800003
2025-08-01 09:53:45 AM,834.45,0,0.0,8505548040.800003
2025-08-01 09:53:46 AM,834.45,672,560750.4,8506108791.200003
2025-08-01 09:53:46 AM,834.35,60,50061.0,8506158852.200003
2025-08-01 09:53:46 AM,834.3,0,0.0,8506158852.200003
2025-08-01 09:53:47 AM,834.45,410,342124.5,8506500976.700003
2025-08-01 09:53:47 AM,834.7,0,0.0,8506500976.700003
2025-08-01 09:53:47 AM,834.6,217,181108.2,8506682084.9000025
2025-08-01 09:53:47 AM,834.75,0,0.0,8506682084.9000025
2025-08-01 09:53:48 AM,834.0,44094,36774396.0,8543456480.9000025
2025-08-01 09:53:48 AM,834.0,240,200160.0,8543656640.9000025
2025-08-01 09:53:49 AM,834.0,3201,2669634.0,8546326274.9000025
2025-08-01 09:53:49 AM,834.05,0,0.0,8546326274.9000025
2025-08-01 09:53:50 AM,834.0,15311,12769374.0,8559095648.9000025
2025-08-01 09:53:50 AM,834.5,0,0.0,8559095648.9000025
2025-08-01 09:53:51 AM,834.5,3347,2793071.5,8561888720.4000025
2025-08-01 09:53:51 AM,834.5,117,97636.5,8561986356.9000025
2025-08-01 09:53:51 AM,834.4,0,0.0,8561986356.9000025
2025-08-01 09:53:52 AM,834.4,221,184402.4,8562170759.300002
2025-08-01 09:53:52 AM,834.4,40,33376.0,8562204135.300002
2025-08-01 09:53:52 AM,834.0,0,0.0,8562204135.300002
2025-08-01 09:53:53 AM,834.0,300,250200.0,8562454335.300002
2025-08-01 09:53:53 AM,834.0,848,707232.0,8563161567.300002
2025-08-01 09:53:53 AM,834.4,0,0.0,8563161567.300002
2025-08-01 09:53:54 AM,834.1,43,35866.3,8563197433.600002
2025-08-01 09:53:54 AM,834.5,114,95133.0,8563292566.600002
2025-08-01 09:53:54 AM,834.4,0,0.0,8563292566.600002
2025-08-01 09:53:55 AM,834.4,10,8344.0,8563300910.600002
2025-08-01 09:53:55 AM,834.5,0,0.0,8563300910.600002
2025-08-01 09:53:55 AM,834.4,325,271180.0,8563572090.600002
2025-08-01 09:53:55 AM,834.1,0,0.0,8563572090.600002
2025-08-01 09:53:56 AM,834.1,960,800736.0,8564372826.600002
2025-08-01 09:53:56 AM,834.5,205,171072.5,8564543899.100002
2025-08-01 09:53:56 AM,834.4,0,0.0,8564543899.100002
2025-08-01 09:53:57 AM,834.5,271,226149.5,8564770048.600002
2025-08-01 09:53:57 AM,834.45,0,0.0,8564770048.600002
2025-08-01 09:53:58 AM,834.45,39,32543.550000000003,8564802592.1500025
2025-08-01 09:53:58 AM,834.25,0,0.0,8564802592.1500025
2025-08-01 09:53:58 AM,834.45,167,139353.15,8564941945.300002
2025-08-01 09:53:58 AM,834.4,0,0.0,8564941945.300002
2025-08-01 09:53:59 AM,834.4,175,146020.0,8565087965.300002
2025-08-01 09:53:59 AM,834.35,0,0.0,8565087965.300002
2025-08-01 09:53:59 AM,834.35,1,834.35,8565088799.6500025
2025-08-01 09:53:59 AM,834.45,0,0.0,8565088799.6500025
2025-08-01 09:54:00 AM,834.5,0,0.0,8565088799.6500025
2025-08-01 09:54:00 AM,834.5,13073,10909418.5,8575998218.1500025
2025-08-01 09:54:00 AM,834.05,930,775666.5,8576773884.6500025
2025-08-01 09:54:00 AM,834.1,0,0.0,8576773884.6500025
2025-08-01 09:54:01 AM,834.4,0,0.0,8576773884.6500025
2025-08-01 09:54:01 AM,834.4,888,740947.2,8577514831.850002
2025-08-01 09:54:01 AM,834.4,8,6675.2,8577521507.050002
2025-08-01 09:54:02 AM,834.0,0,0.0,8577521507.050002
2025-08-01 09:54:02 AM,834.4,432,360460.8,8577881967.850002
2025-08-01 09:54:02 AM,834.5,835,696807.5,8578578775.350002
2025-08-01 09:54:03 AM,834.55,209,174420.94999999998,8578753196.300002
2025-08-01 09:54:03 AM,834.0,0,0.0,8578753196.300002
2025-08-01 09:54:04 AM,834.0,190,158460.0,8578911656.300002
2025-08-01 09:54:04 AM,834.55,1004,837888.2,8579749544.500002
2025-08-01 09:54:04 AM,835.0,0,0.0,8579749544.500002
2025-08-01 09:54:05 AM,835.0,2103,1756005.0,8581505549.500002
2025-08-01 09:54:05 AM,835.35,1816,1516995.6,8583022545.100002
2025-08-01 09:54:05 AM,835.65,0,0.0,8583022545.100002
2025-08-01 09:54:06 AM,835.4,0,0.0,8583022545.100002
2025-08-01 09:54:06 AM,835.4,64,53465.6,8583076010.700003
2025-08-01 09:54:06 AM,835.6,692,578235.2000000001,8583654245.9000025
2025-08-01 09:54:06 AM,835.45,0,0.0,8583654245.9000025
2025-08-01 09:54:07 AM,835.3,0,0.0,8583654245.9000025
2025-08-01 09:54:07 AM,835.6,866,723629.6,8584377875.500003
2025-08-01 09:54:07 AM,835.5,5000,4177500.0,8588555375.500003
2025-08-01 09:54:07 AM,835.2,0,0.0,8588555375.500003
2025-08-01 09:54:08 AM,835.0,0,0.0,8588555375.500003
2025-08-01 09:54:08 AM,835.0,1362,1137270.0,8589692645.500003
2025-08-01 09:54:08 AM,835.3,46,38423.799999999996,8589731069.300003
2025-08-01 09:54:08 AM,835.4,0,0.0,8589731069.300003
2025-08-01 09:54:09 AM,835.0,0,0.0,8589731069.300003
2025-08-01 09:54:09 AM,835.0,4154,3468590.0,8593199659.300003
2025-08-01 09:54:09 AM,835.0,100,83500.0,8593283159.300003
2025-08-01 09:54:09 AM,834.85,0,0.0,8593283159.300003
2025-08-01 09:54:10 AM,834.85,68,56769.8,8593339929.100002
2025-08-01 09:54:10 AM,834.75,185,154428.75,8593494357.850002
2025-08-01 09:54:10 AM,834.5,0,0.0,8593494357.850002
2025-08-01 09:54:11 AM,834.5,582,485679.0,8593980036.850002
2025-08-01 09:54:11 AM,834.85,0,0.0,8593980036.850002
2025-08-01 09:54:12 AM,834.85,727,606935.9500000001,8594586972.800003
2025-08-01 09:54:12 AM,834.75,0,0.0,8594586972.800003
2025-08-01 09:54:12 AM,834.45,353,294560.85000000003,8594881533.650003
2025-08-01 09:54:12 AM,834.85,0,0.0,8594881533.650003
2025-08-01 09:54:13 AM,834.85,1301,1086139.85,8595967673.500004
2025-08-01 09:54:13 AM,834.7,36,30049.2,8595997722.700005
2025-08-01 09:54:13 AM,834.5,0,0.0,8595997722.700005
2025-08-01 09:54:14 AM,834.5,276,230322.0,8596228044.700005
2025-08-01 09:54:14 AM,834.45,0,0.0,8596228044.700005
2025-08-01 09:54:14 AM,834.4,193,161039.19999999998,8596389083.900005
2025-08-01 09:54:15 AM,834.5,155,129347.5,8596518431.400005
2025-08-01 09:54:15 AM,834.35,0,0.0,8596518431.400005
2025-08-01 09:54:15 AM,834.5,150,125175.0,8596643606.400005
2025-08-01 09:54:16 AM,834.5,143,119333.5,8596762939.900005
2025-08-01 09:54:16 AM,834.4,0,0.0,8596762939.900005
2025-08-01 09:54:16 AM,835.05,5184,4328899.2,8601091839.100006
2025-08-01 09:54:16 AM,834.8,0,0.0,8601091839.100006
2025-08-01 09:54:17 AM,835.1,35507,29651895.7,8630743734.800007
2025-08-01 09:54:17 AM,834.35,15884,13252815.4,8643996550.200006
2025-08-01 09:54:17 AM,834.7,0,0.0,8643996550.200006
2025-08-01 09:54:18 AM,834.65,6798,5673950.7,8649670500.900007
2025-08-01 09:54:18 AM,833.85,4035,3364584.75,8653035085.650007
2025-08-01 09:54:18 AM,832.95,0,0.0,8653035085.650007
2025-08-01 09:54:19 AM,832.2,0,0.0,8653035085.650007
2025-08-01 09:54:19 AM,833.25,4091,3408825.75,8656443911.400007
2025-08-01 09:54:19 AM,830.4,0,0.0,8656443911.400007
2025-08-01 09:54:20 AM,830.6,0,0.0,8656443911.400007
2025-08-01 09:54:20 AM,830.15,4698,3900044.6999999997,8660343956.100008
2025-08-01 09:54:20 AM,829.5,1309,1085815.5,8661429771.600008
2025-08-01 09:54:20 AM,830.25,0,0.0,8661429771.600008
2025-08-01 09:54:21 AM,829.4,0,0.0,8661429771.600008
2025-08-01 09:54:21 AM,829.2,2164,1794388.8,8663224160.400007
2025-08-01 09:54:21 AM,829.35,503,417163.05,8663641323.450006
2025-08-01 09:54:21 AM,828.4,0,0.0,8663641323.450006
2025-08-01 09:54:22 AM,827.95,0,0.0,8663641323.450006
2025-08-01 09:54:22 AM,829.05,11570,9592108.5,8673233431.950006
2025-08-01 09:54:22 AM,827.0,0,0.0,8673233431.950006
2025-08-01 09:54:23 AM,827.75,0,0.0,8673233431.950006
2025-08-01 09:54:23 AM,827.0,17047,14097869.0,8687331300.950006
2025-08-01 09:54:23 AM,826.85,0,0.0,8687331300.950006
2025-08-01 09:54:24 AM,826.2,0,0.0,8687331300.950006
2025-08-01 09:54:24 AM,826.35,35214,29099088.900000002,8716430389.850006
2025-08-01 09:54:24 AM,825.65,0,0.0,8716430389.850006
2025-08-01 09:54:25 AM,824.8,0,0.0,8716430389.850006
2025-08-01 09:54:25 AM,824.4,7820,6446808.0,8722877197.850006
2025-08-01 09:54:25 AM,824.45,0,0.0,8722877197.850006
2025-08-01 09:54:26 AM,824.85,0,0.0,8722877197.850006
2025-08-01 09:54:26 AM,825.8,7586,6264518.8,8729141716.650005
2025-08-01 09:54:26 AM,826.35,0,0.0,8729141716.650005
2025-08-01 09:54:27 AM,825.45,0,0.0,8729141716.650005
2025-08-01 09:54:27 AM,827.05,12967,10724357.35,8739866074.000006
2025-08-01 09:54:27 AM,827.55,70,57928.5,8739924002.500006
2025-08-01 09:54:27 AM,827.4,0,0.0,8739924002.500006
2025-08-01 09:54:28 AM,828.0,0,0.0,8739924002.500006
2025-08-01 09:54:28 AM,827.2,8187,6772286.4,8746696288.900005
2025-08-01 09:54:28 AM,827.15,0,0.0,8746696288.900005
2025-08-01 09:54:29 AM,827.15,793,655929.95,8747352218.850006
2025-08-01 09:54:29 AM,827.9,0,0.0,8747352218.850006
2025-08-01 09:54:29 AM,828.25,0,0.0,8747352218.850006
2025-08-01 09:54:30 AM,828.25,2983,2470669.75,8749822888.600006
2025-08-01 09:54:30 AM,829.0,6,4974.0,8749827862.600006
2025-08-01 09:54:30 AM,829.65,0,0.0,8749827862.600006
2025-08-01 09:54:31 AM,829.35,2993,2482244.5500000003,8752310107.150005
2025-08-01 09:54:31 AM,829.0,242,200618.0,8752510725.150005
2025-08-01 09:54:31 AM,830.05,0,0.0,8752510725.150005
2025-08-01 09:54:32 AM,828.95,12383,10264887.850000001,8762775613.000006
2025-08-01 09:54:32 AM,829.0,190,157510.0,8762933123.000006
2025-08-01 09:54:32 AM,828.8,0,0.0,8762933123.000006
2025-08-01 09:54:33 AM,829.0,0,0.0,8762933123.000006
2025-08-01 09:54:33 AM,828.55,4169,3454224.9499999997,8766387347.950006
2025-08-01 09:54:33 AM,829.8,0,0.0,8766387347.950006
2025-08-01 09:54:34 AM,829.35,0,0.0,8766387347.950006
2025-08-01 09:54:34 AM,829.65,2901,2406814.65,8768794162.600006
2025-08-01 09:54:34 AM,829.7,1816,1506735.2000000002,8770300897.800007
2025-08-01 09:54:34 AM,829.65,0,0.0,8770300897.800007
2025-08-01 09:54:35 AM,829.85,0,0.0,8770300897.800007
2025-08-01 09:54:35 AM,830.65,7334,6091987.1,8776392884.900007
2025-08-01 09:54:35 AM,829.0,14096,11685584.0,8788078468.900007
2025-08-01 09:54:36 AM,829.0,9161,7594469.0,8795672937.900007
2025-08-01 09:54:36 AM,828.35,0,0.0,8795672937.900007
2025-08-01 09:54:37 AM,829.2,578,479277.60000000003,8796152215.500008
2025-08-01 09:54:37 AM,828.75,0,0.0,8796152215.500008
2025-08-01 09:54:37 AM,827.8,1664,1377459.2,8797529674.700008
2025-08-01 09:54:37 AM,828.05,0,0.0,8797529674.700008
2025-08-01 09:54:38 AM,828.05,514,425617.69999999995,8797955292.40001
2025-08-01 09:54:38 AM,829.65,1446,1199673.9,8799154966.300009
2025-08-01 09:54:38 AM,829.4,0,0.0,8799154966.300009
2025-08-01 09:54:39 AM,829.6,0,0.0,8799154966.300009
2025-08-01 09:54:39 AM,829.75,852,706947.0,8799861913.300009
2025-08-01 09:54:39 AM,829.25,820,679985.0,8800541898.300009
2025-08-01 09:54:39 AM,829.65,0,0.0,8800541898.300009
2025-08-01 09:54:40 AM,829.7,0,0.0,8800541898.300009
2025-08-01 09:54:40 AM,829.05,981,813298.0499999999,8801355196.350008
2025-08-01 09:54:40 AM,829.4,4539,3764646.6,8805119842.950008
2025-08-01 09:54:41 AM,829.75,0,0.0,8805119842.950008
2025-08-01 09:54:41 AM,829.15,56,46432.4,8805166275.350008
2025-08-01 09:54:41 AM,830.5,0,0.0,8805166275.350008
2025-08-01 09:54:42 AM,830.5,7317,6076768.5,8811243043.850008
2025-08-01 09:54:42 AM,830.15,0,0.0,8811243043.850008
2025-08-01 09:54:42 AM,830.15,3108,2580106.1999999997,8813823150.050009
2025-08-01 09:54:42 AM,830.35,0,0.0,8813823150.050009
2025-08-01 09:54:43 AM,831.3,2334,1940254.2,8815763404.25001
2025-08-01 09:54:43 AM,831.15,836,694841.4,8816458245.65001
2025-08-01 09:54:43 AM,831.25,0,0.0,8816458245.65001
2025-08-01 09:54:44 AM,830.6,0,0.0,8816458245.65001
2025-08-01 09:54:44 AM,831.1,1607,1335577.7,8817793823.35001
2025-08-01 09:54:44 AM,831.3,557,463034.1,8818256857.45001
2025-08-01 09:54:44 AM,831.15,0,0.0,8818256857.45001
2025-08-01 09:54:45 AM,830.55,611,507466.05,8818764323.50001
2025-08-01 09:54:45 AM,831.65,0,0.0,8818764323.50001
2025-08-01 09:54:46 AM,831.15,885,735567.75,8819499891.25001
2025-08-01 09:54:46 AM,831.65,1,831.65,8819500722.90001
2025-08-01 09:54:46 AM,831.4,0,0.0,8819500722.90001
2025-08-01 09:54:47 AM,831.75,0,0.0,8819500722.90001
2025-08-01 09:54:47 AM,831.3,11672,9702933.6,8829203656.50001
2025-08-01 09:54:47 AM,831.3,669,556139.7,8829759796.20001
2025-08-01 09:54:47 AM,830.8,0,0.0,8829759796.20001
2025-08-01 09:54:48 AM,830.6,9263,7693847.8,8837453644.00001
2025-08-01 09:54:48 AM,831.05,37,30748.85,8837484392.85001
2025-08-01 09:54:48 AM,831.1,0,0.0,8837484392.85001
2025-08-01 09:54:49 AM,831.0,0,0.0,8837484392.85001
2025-08-01 09:54:49 AM,831.15,2946,2448567.9,8839932960.75001
2025-08-01 09:54:49 AM,831.5,1978,1644707.0,8841577667.75001
2025-08-01 09:54:49 AM,831.0,0,0.0,8841577667.75001
2025-08-01 09:54:50 AM,831.3,0,0.0,8841577667.75001
2025-08-01 09:54:50 AM,831.6,3181,2645319.6,8844222987.35001
2025-08-01 09:54:50 AM,831.55,762,633641.1,8844856628.45001
2025-08-01 09:54:50 AM,831.6,0,0.0,8844856628.45001
2025-08-01 09:54:51 AM,831.65,0,0.0,8844856628.45001
2025-08-01 09:54:51 AM,831.6,1014,843242.4,8845699870.85001
2025-08-01 09:54:51 AM,831.65,1024,851609.6,8846551480.45001
2025-08-01 09:54:51 AM,831.1,0,0.0,8846551480.45001
2025-08-01 09:54:52 AM,831.3,0,0.0,8846551480.45001
2025-08-01 09:54:52 AM,831.3,5885,4892200.5,8851443680.95001
2025-08-01 09:54:52 AM,831.1,1726,1434478.6,8852878159.55001
2025-08-01 09:54:52 AM,830.45,0,0.0,8852878159.55001
2025-08-01 09:54:53 AM,831.0,0,0.0,8852878159.55001
2025-08-01 09:54:53 AM,831.1,3365,2796651.5,8855674811.05001
2025-08-01 09:54:53 AM,830.75,1062,882256.5,8856557067.55001
2025-08-01 09:54:54 AM,830.7,0,0.0,8856557067.55001
2025-08-01 09:54:54 AM,831.0,2396,1991076.0,8858548143.55001
2025-08-01 09:54:54 AM,830.2,1104,916540.8,8859464684.35001
2025-08-01 09:54:54 AM,830.15,0,0.0,8859464684.35001
2025-08-01 09:54:55 AM,830.6,0,0.0,8859464684.35001
2025-08-01 09:54:55 AM,830.2,2093,1737608.6,8861202292.95001
2025-08-01 09:54:55 AM,830.5,0,0.0,8861202292.95001
2025-08-01 09:54:56 AM,830.65,1012,840617.7999999999,8862042910.75001
2025-08-01 09:54:56 AM,830.5,592,491656.0,8862534566.75001
2025-08-01 09:54:56 AM,830.0,0,0.0,8862534566.75001
2025-08-01 09:54:57 AM,830.7,0,0.0,8862534566.75001
2025-08-01 09:54:57 AM,830.7,5555,4614538.5,8867149105.25001
2025-08-01 09:54:57 AM,830.3,15,12454.5,8867161559.75001
2025-08-01 09:54:57 AM,830.0,0,0.0,8867161559.75001
2025-08-01 09:54:58 AM,829.85,0,0.0,8867161559.75001
2025-08-01 09:54:58 AM,829.85,2245,1863013.25,8869024573.00001
2025-08-01 09:54:58 AM,830.1,1300,1079130.0,8870103703.00001
2025-08-01 09:54:58 AM,829.9,0,0.0,8870103703.00001
2025-08-01 09:54:59 AM,829.75,0,0.0,8870103703.00001
2025-08-01 09:54:59 AM,829.7,1029,853761.3,8870957464.300009
2025-08-01 09:54:59 AM,829.6,188,155964.80000000002,8871113429.100008
2025-08-01 09:54:59 AM,828.85,0,0.0,8871113429.100008
2025-08-01 09:55:00 AM,828.05,10186,8434517.299999999,8879547946.400007
2025-08-01 09:55:00 AM,828.4,327,270886.8,8879818833.200006
2025-08-01 09:55:01 AM,828.0,0,0.0,8879818833.200006
2025-08-01 09:55:01 AM,828.7,8308,6884839.600000001,8886703672.800007
2025-08-01 09:55:01 AM,828.8,0,0.0,8886703672.800007
2025-08-01 09:55:02 AM,828.55,0,0.0,8886703672.800007
2025-08-01 09:55:02 AM,828.75,2241,1857228.75,8888560901.550007
2025-08-01 09:55:02 AM,829.2,767,635996.4,8889196897.950006
2025-08-01 09:55:02 AM,829.7,0,0.0,8889196897.950006
2025-08-01 09:55:03 AM,829.65,0,0.0,8889196897.950006
2025-08-01 09:55:03 AM,829.65,948,786508.2,8889983406.150007
2025-08-01 09:55:03 AM,829.2,620,514104.0,8890497510.150007
2025-08-01 09:55:03 AM,829.65,0,0.0,8890497510.150007
2025-08-01 09:55:04 AM,829.65,528,438055.2,8890935565.350008
2025-08-01 09:55:04 AM,829.7,0,0.0,8890935565.350008
2025-08-01 09:55:04 AM,829.35,3269,2711145.15,8893646710.500008
2025-08-01 09:55:05 AM,829.25,0,0.0,8893646710.500008
2025-08-01 09:55:05 AM,829.05,1281,1062013.05,8894708723.550007
2025-08-01 09:55:06 AM,829.5,0,0.0,8894708723.550007
2025-08-01 09:55:06 AM,828.35,4060,3363101.0,8898071824.550007
2025-08-01 09:55:07 AM,828.3,0,0.0,8898071824.550007
2025-08-01 09:55:07 AM,827.25,3489,2886275.25,8900958099.800007
2025-08-01 09:55:09 AM,827.0,1963,1623401.0,8902581500.800007
2025-08-01 09:55:09 AM,827.45,1688,1396735.6,8903978236.400007
2025-08-01 09:55:09 AM,827.0,0,0.0,8903978236.400007
2025-08-01 09:55:10 AM,827.45,0,0.0,8903978236.400007
2025-08-01 09:55:10 AM,827.45,256,211827.2,8904190063.600008
2025-08-01 09:55:10 AM,826.6,2265,1872249.0,8906062312.600008
2025-08-01 09:55:11 AM,826.7,0,0.0,8906062312.600008
2025-08-01 09:55:11 AM,827.1,965,798151.5,8906860464.100008
2025-08-01 09:55:11 AM,827.1,2643,2186025.3000000003,8909046489.400007
2025-08-01 09:55:11 AM,827.75,0,0.0,8909046489.400007
2025-08-01 09:55:12 AM,827.65,0,0.0,8909046489.400007
2025-08-01 09:55:12 AM,827.0,761,629347.0,8909675836.400007
2025-08-01 09:55:12 AM,826.85,1001,827676.85,8910503513.250008
2025-08-01 09:55:13 AM,827.55,0,0.0,8910503513.250008
2025-08-01 09:55:13 AM,827.1,883,730329.3,8911233842.550007
2025-08-01 09:55:13 AM,827.75,1230,1018132.5,8912251975.050007
2025-08-01 09:55:14 AM,827.0,0,0.0,8912251975.050007
2025-08-01 09:55:14 AM,827.5,5074,4198735.0,8916450710.050007
2025-08-01 09:55:14 AM,828.25,4086,3384229.5,8919834939.550007
2025-08-01 09:55:15 AM,828.4,1267,1049582.8,8920884522.350006
2025-08-01 09:55:15 AM,828.45,61,50535.450000000004,8920935057.800007
2025-08-01 09:55:15 AM,828.75,0,0.0,8920935057.800007
2025-08-01 09:55:16 AM,828.15,0,0.0,8920935057.800007
2025-08-01 09:55:16 AM,828.75,2993,2480448.75,8923415506.550007
2025-08-01 09:55:16 AM,828.55,50,41427.5,8923456934.050007
2025-08-01 09:55:17 AM,828.4,2198,1820823.2,8925277757.250008
2025-08-01 09:55:17 AM,828.45,11,9112.95,8925286870.200008
2025-08-01 09:55:18 AM,828.9,0,0.0,8925286870.200008
2025-08-01 09:55:18 AM,828.45,1715,1420791.75,8926707661.950008
2025-08-01 09:55:19 AM,828.35,0,0.0,8926707661.950008
2025-08-01 09:55:19 AM,829.15,2849,2362248.35,8929069910.300009
2025-08-01 09:55:19 AM,829.55,22,18250.1,8929088160.40001
2025-08-01 09:55:20 AM,829.2,0,0.0,8929088160.40001
2025-08-01 09:55:20 AM,829.65,2061,1709908.65,8930798069.050009
2025-08-01 09:55:20 AM,829.7,100,82970.0,8930881039.050009
2025-08-01 09:55:21 AM,829.3,0,0.0,8930881039.050009
2025-08-01 09:55:21 AM,829.2,2802,2323418.4,8933204457.450008
2025-08-01 09:55:21 AM,829.8,0,0.0,8933204457.450008
2025-08-01 09:55:22 AM,829.8,74,61405.2,8933265862.65001
2025-08-01 09:55:22 AM,829.55,506,419752.3,8933685614.950008
2025-08-01 09:55:22 AM,829.6,0,0.0,8933685614.950008
2025-08-01 09:55:23 AM,829.8,0,0.0,8933685614.950008
2025-08-01 09:55:23 AM,829.8,600,497880.0,8934183494.950008
2025-08-01 09:55:23 AM,829.65,807,669527.5499999999,8934853022.500008
2025-08-01 09:55:24 AM,829.8,0,0.0,8934853022.500008
2025-08-01 09:55:24 AM,829.85,1247,1034822.9500000001,8935887845.450008
2025-08-01 09:55:24 AM,829.1,2002,1659858.2,8937547703.65001
2025-08-01 09:55:24 AM,829.6,0,0.0,8937547703.65001
2025-08-01 09:55:25 AM,829.55,0,0.0,8937547703.65001
2025-08-01 09:55:25 AM,829.65,3310,2746141.5,8940293845.15001
2025-08-01 09:55:25 AM,829.65,617,511894.05,8940805739.200008
2025-08-01 09:55:25 AM,829.7,0,0.0,8940805739.200008
2025-08-01 09:55:26 AM,829.65,0,0.0,8940805739.200008
2025-08-01 09:55:26 AM,829.05,659,546343.95,8941352083.15001
2025-08-01 09:55:26 AM,829.35,995,825203.25,8942177286.40001
2025-08-01 09:55:27 AM,829.0,180,149220.0,8942326506.40001
2025-08-01 09:55:27 AM,829.45,579,480251.55000000005,8942806757.950008
2025-08-01 09:55:27 AM,829.55,0,0.0,8942806757.950008
2025-08-01 09:55:28 AM,829.8,0,0.0,8942806757.950008
2025-08-01 09:55:28 AM,829.15,5365,4448389.75,8947255147.700008
2025-08-01 09:55:28 AM,829.15,63,52236.45,8947307384.15001
2025-08-01 09:55:28 AM,828.2,0,0.0,8947307384.15001
2025-08-01 09:55:29 AM,828.1,0,0.0,8947307384.15001
2025-08-01 09:55:29 AM,828.45,8044,6664051.800000001,8953971435.950008
2025-08-01 09:55:29 AM,828.45,1,828.45,8953972264.40001
2025-08-01 09:55:29 AM,828.3,0,0.0,8953972264.40001
2025-08-01 09:55:30 AM,828.0,881,729468.0,8954701732.40001
2025-08-01 09:55:30 AM,828.25,0,0.0,8954701732.40001
2025-08-01 09:55:31 AM,828.35,4850,4017497.5,8958719229.90001
2025-08-01 09:55:31 AM,828.0,0,0.0,8958719229.90001
2025-08-01 09:55:32 AM,828.35,2834,2347543.9,8961066773.800009
2025-08-01 09:55:32 AM,828.35,489,405063.15,8961471836.950008
2025-08-01 09:55:32 AM,828.25,0,0.0,8961471836.950008
2025-08-01 09:55:33 AM,828.6,0,0.0,8961471836.950008
2025-08-01 09:55:33 AM,828.1,14110,11684491.0,8973156327.950008
2025-08-01 09:55:33 AM,828.1,114,94403.40000000001,8973250731.350008
2025-08-01 09:55:34 AM,828.0,0,0.0,8973250731.350008
2025-08-01 09:55:34 AM,827.75,0,0.0,8973250731.350008
2025-08-01 09:55:34 AM,827.35,1461,1208758.35,8974459489.700008
2025-08-01 09:55:34 AM,827.15,162,133998.3,8974593488.000008
2025-08-01 09:55:35 AM,827.1,0,0.0,8974593488.000008
2025-08-01 09:55:35 AM,827.3,3322,2748290.5999999996,8977341778.600008
2025-08-01 09:55:36 AM,827.3,49,40537.7,8977382316.300009
2025-08-01 09:55:36 AM,827.0,0,0.0,8977382316.300009
2025-08-01 09:55:36 AM,827.8,13708,11347482.399999999,8988729798.700008
2025-08-01 09:55:37 AM,827.6,0,0.0,8988729798.700008
2025-08-01 09:55:37 AM,827.6,719,595044.4,8989324843.100008
2025-08-01 09:55:37 AM,826.7,10592,8756406.4,8998081249.500008
2025-08-01 09:55:38 AM,827.35,0,0.0,8998081249.500008
2025-08-01 09:55:38 AM,827.3,0,0.0,8998081249.500008
2025-08-01 09:55:38 AM,826.65,1189,982886.85,8999064136.350008
2025-08-01 09:55:38 AM,826.75,1686,1393900.5,9000458036.850008
2025-08-01 09:55:39 AM,827.1,0,0.0,9000458036.850008
2025-08-01 09:55:39 AM,826.75,0,0.0,9000458036.850008
2025-08-01 09:55:39 AM,826.95,147,121561.65000000001,9000579598.500008
2025-08-01 09:55:39 AM,826.75,1720,1422010.0,9002001608.500008
2025-08-01 09:55:40 AM,826.65,0,0.0,9002001608.500008
2025-08-01 09:55:40 AM,826.65,3669,3032978.85,9005034587.350008
2025-08-01 09:55:40 AM,826.25,4267,3525608.75,9008560196.100008
2025-08-01 09:55:41 AM,826.65,0,0.0,9008560196.100008
2025-08-01 09:55:41 AM,826.75,1485,1227723.75,9009787919.850008
2025-08-01 09:55:41 AM,826.75,275,227356.25,9010015276.100008
