date,price,qty,trnvr,cum_trnvr
2025-08-01 09:15:01 AM,311.8,868,270642.4,270642.4
2025-08-01 09:15:11 AM,311.5,0,0.0,270642.4
2025-08-01 09:15:13 AM,311.5,51,15886.5,286528.9
2025-08-01 09:15:15 AM,311.85,227,70789.95000000001,357318.85000000003
2025-08-01 09:15:20 AM,312.75,0,0.0,357318.85000000003
2025-08-01 09:15:22 AM,312.95,0,0.0,357318.85000000003
2025-08-01 09:15:24 AM,312.95,327,102334.65,459653.5
2025-08-01 09:15:48 AM,312.9,0,0.0,459653.5
2025-08-01 09:15:49 AM,312.9,1679,525359.1,985012.6
2025-08-01 09:15:53 AM,312.7,0,0.0,985012.6
2025-08-01 09:15:57 AM,312.7,589,184180.3,1169192.9
2025-08-01 09:16:02 AM,311.75,0,0.0,1169192.9
2025-08-01 09:16:05 AM,311.4,1662,517546.8,1686739.7
2025-08-01 09:16:13 AM,311.75,100,31175.0,1717914.7
2025-08-01 09:16:19 AM,311.95,0,0.0,1717914.7
2025-08-01 09:16:22 AM,311.95,1,311.95,1718226.65
2025-08-01 09:16:27 AM,312.0,0,0.0,1718226.65
2025-08-01 09:16:30 AM,312.3,165,51529.5,1769756.15
2025-08-01 09:16:55 AM,313.3,218,68299.40000000001,1838055.5499999998
2025-08-01 09:16:56 AM,312.9,125,39112.5,1877168.0499999998
2025-08-01 09:17:03 AM,312.9,97,30351.3,1907519.3499999999
2025-08-01 09:17:07 AM,312.7,0,0.0,1907519.3499999999
2025-08-01 09:17:11 AM,312.7,772,241404.4,2148923.75
2025-08-01 09:17:12 AM,312.8,1791,560224.8,2709148.55
2025-08-01 09:17:14 AM,313.15,0,0.0,2709148.55
2025-08-01 09:17:16 AM,312.95,0,0.0,2709148.55
2025-08-01 09:17:19 AM,312.95,84,26287.8,2735436.3499999996
2025-08-01 09:17:23 AM,313.9,0,0.0,2735436.3499999996
2025-08-01 09:17:25 AM,313.5,0,0.0,2735436.3499999996
2025-08-01 09:17:28 AM,313.5,285,89347.5,2824783.8499999996
2025-08-01 09:17:36 AM,313.4,520,162968.0,2987751.8499999996
2025-08-01 09:17:37 AM,313.2,35,10962.0,2998713.8499999996
2025-08-01 09:17:41 AM,313.3,0,0.0,2998713.8499999996
2025-08-01 09:17:44 AM,312.9,114,35670.6,3034384.4499999997
2025-08-01 09:17:48 AM,312.8,0,0.0,3034384.4499999997
2025-08-01 09:17:52 AM,313.2,171,53557.2,3087941.65
2025-08-01 09:17:53 AM,312.85,36,11262.6,3099204.25
2025-08-01 09:18:05 AM,313.15,0,0.0,3099204.25
2025-08-01 09:18:09 AM,313.25,209,65469.25,3164673.5
2025-08-01 09:18:15 AM,313.5,0,0.0,3164673.5
2025-08-01 09:18:18 AM,313.9,641,201209.9,3365883.4
2025-08-01 09:18:19 AM,313.2,258,80805.59999999999,3446689.0
2025-08-01 09:18:21 AM,313.25,0,0.0,3446689.0
2025-08-01 09:18:26 AM,313.25,89,27879.25,3474568.25
2025-08-01 09:18:34 AM,313.3,107,33523.1,3508091.35
2025-08-01 09:18:39 AM,313.55,0,0.0,3508091.35
2025-08-01 09:18:42 AM,313.55,100,31355.0,3539446.35
2025-08-01 09:18:50 AM,313.55,265,83090.75,3622537.1
2025-08-01 09:18:53 AM,313.9,0,0.0,3622537.1
2025-08-01 09:18:54 AM,313.35,0,0.0,3622537.1
2025-08-01 09:18:58 AM,313.4,703,220320.19999999998,3842857.3000000003
2025-08-01 09:19:09 AM,314.0,0,0.0,3842857.3000000003
2025-08-01 09:19:14 AM,314.0,79,24806.0,3867663.3000000003
2025-08-01 09:19:31 AM,314.3,160,50288.0,3917951.3000000003
2025-08-01 09:19:32 AM,314.25,20,6285.0,3924236.3000000003
2025-08-01 09:19:54 AM,313.95,0,0.0,3924236.3000000003
2025-08-01 09:19:55 AM,313.95,197,61848.149999999994,3986084.45
2025-08-01 09:20:09 AM,313.85,0,0.0,3986084.45
2025-08-01 09:20:11 AM,313.85,66,20714.100000000002,4006798.5500000003
2025-08-01 09:20:12 AM,313.9,7,2197.2999999999997,4008995.85
2025-08-01 09:20:18 AM,313.85,0,0.0,4008995.85
2025-08-01 09:20:19 AM,313.85,43,13495.550000000001,4022491.4
2025-08-01 09:20:27 AM,313.75,500,156875.0,4179366.4
2025-08-01 09:21:16 AM,313.7,0,0.0,4179366.4
2025-08-01 09:21:21 AM,313.7,41,12861.699999999999,4192228.1
2025-08-01 09:21:30 AM,313.75,131,41101.25,4233329.35
2025-08-01 09:21:53 AM,314.1,5,1570.5,4234899.85
2025-08-01 09:21:59 AM,314.1,2,628.2,4235528.05
2025-08-01 09:22:07 AM,314.1,50,15705.000000000002,4251233.05
2025-08-01 09:22:12 AM,314.0,0,0.0,4251233.05
2025-08-01 09:22:15 AM,314.0,98,30772.0,4282005.05
2025-08-01 09:22:22 AM,313.75,52,16315.0,4298320.05
2025-08-01 09:22:26 AM,313.7,0,0.0,4298320.05
2025-08-01 09:22:30 AM,313.7,90,28233.0,4326553.05
2025-08-01 09:22:33 AM,313.55,0,0.0,4326553.05
2025-08-01 09:22:38 AM,313.55,52,16304.6,4342857.649999999
2025-08-01 09:22:51 AM,313.7,0,0.0,4342857.649999999
2025-08-01 09:22:53 AM,313.7,52,16312.4,4359170.05
2025-08-01 09:22:57 AM,313.65,0,0.0,4359170.05
2025-08-01 09:23:00 AM,313.65,20,6273.0,4365443.05
2025-08-01 09:23:04 AM,313.7,0,0.0,4365443.05
2025-08-01 09:23:08 AM,313.7,83,26037.1,4391480.149999999
2025-08-01 09:23:16 AM,313.7,7,2195.9,4393676.05
2025-08-01 09:23:23 AM,313.45,66,20687.7,4414363.75
2025-08-01 09:23:25 AM,313.2,2,626.4,4414990.15
2025-08-01 09:23:31 AM,313.2,3,939.5999999999999,4415929.75
2025-08-01 09:23:38 AM,313.55,0,0.0,4415929.75
2025-08-01 09:23:38 AM,313.55,100,31355.0,4447284.75
2025-08-01 09:23:45 AM,313.65,0,0.0,4447284.75
2025-08-01 09:23:46 AM,313.65,125,39206.25,4486491.0
2025-08-01 09:23:48 AM,313.2,45,14094.0,4500585.0
2025-08-01 09:24:11 AM,313.25,0,0.0,4500585.0
2025-08-01 09:24:17 AM,313.25,14,4385.5,4504970.5
2025-08-01 09:24:24 AM,313.7,0,0.0,4504970.5
2025-08-01 09:24:24 AM,313.7,328,102893.59999999999,4607864.1
2025-08-01 09:24:32 AM,313.55,4,1254.2,4609118.3
2025-08-01 09:24:47 AM,313.9,29,9103.099999999999,4618221.399999999
2025-08-01 09:24:54 AM,313.55,1,313.55,4618534.949999999
2025-08-01 09:25:15 AM,313.2,0,0.0,4618534.949999999
2025-08-01 09:25:16 AM,312.8,0,0.0,4618534.949999999
2025-08-01 09:25:17 AM,312.8,2296,718188.8,5336723.749999999
2025-08-01 09:25:19 AM,313.15,56,17536.399999999998,5354260.149999999
2025-08-01 09:25:27 AM,312.7,200,62540.0,5416800.149999999
2025-08-01 09:25:32 AM,313.2,100,31320.0,5448120.149999999
2025-08-01 09:25:39 AM,313.25,171,53565.75,5501685.899999999
2025-08-01 09:25:44 AM,313.5,0,0.0,5501685.899999999
2025-08-01 09:25:47 AM,313.5,3,940.5,5502626.399999999
2025-08-01 09:26:04 AM,313.5,15,4702.5,5507328.899999999
2025-08-01 09:26:09 AM,313.3,0,0.0,5507328.899999999
2025-08-01 09:26:10 AM,313.3,168,52634.4,5559963.3
2025-08-01 09:26:12 AM,313.05,100,31305.0,5591268.3
2025-08-01 09:26:33 AM,313.3,50,15665.0,5606933.3
2025-08-01 09:26:35 AM,313.3,18,5639.400000000001,5612572.7
2025-08-01 09:26:41 AM,313.6,140,43904.0,5656476.7
2025-08-01 09:26:42 AM,313.9,1,313.9,5656790.600000001
2025-08-01 09:26:55 AM,313.7,0,0.0,5656790.600000001
2025-08-01 09:26:56 AM,313.7,101,31683.699999999997,5688474.300000001
2025-08-01 09:27:03 AM,314.1,258,81037.8,5769512.100000001
2025-08-01 09:27:04 AM,314.05,100,31405.0,5800917.100000001
2025-08-01 09:27:22 AM,314.25,0,0.0,5800917.100000001
2025-08-01 09:27:25 AM,314.1,103,32352.300000000003,5833269.4
2025-08-01 09:27:37 AM,314.4,0,0.0,5833269.4
2025-08-01 09:27:40 AM,314.4,100,31439.999999999996,5864709.4
2025-08-01 09:27:46 AM,314.15,0,0.0,5864709.4
2025-08-01 09:27:48 AM,314.15,100,31414.999999999996,5896124.4
2025-08-01 09:27:52 AM,314.4,0,0.0,5896124.4
2025-08-01 09:27:52 AM,314.2,0,0.0,5896124.4
2025-08-01 09:27:56 AM,314.2,176,55299.2,5951423.600000001
2025-08-01 09:27:57 AM,315.0,0,0.0,5951423.600000001
2025-08-01 09:27:57 AM,315.0,778,245070.0,6196493.600000001
2025-08-01 09:28:05 AM,315.15,162,51054.299999999996,6247547.9
2025-08-01 09:28:08 AM,314.75,0,0.0,6247547.9
2025-08-01 09:28:11 AM,314.75,94,29586.5,6277134.4
2025-08-01 09:28:19 AM,314.8,10,3148.0,6280282.4
2025-08-01 09:28:26 AM,314.75,0,0.0,6280282.4
2025-08-01 09:28:26 AM,314.75,561,176574.75,6456857.15
2025-08-01 09:28:47 AM,314.45,0,0.0,6456857.15
2025-08-01 09:28:49 AM,314.45,29,9119.05,6465976.2
2025-08-01 09:28:53 AM,314.3,0,0.0,6465976.2
2025-08-01 09:28:57 AM,314.8,72,22665.600000000002,6488641.8
2025-08-01 09:28:58 AM,314.6,200,62920.00000000001,6551561.8
2025-08-01 09:29:06 AM,315.05,0,0.0,6551561.8
2025-08-01 09:29:12 AM,315.0,546,171990.0,6723551.8
2025-08-01 09:29:14 AM,314.65,1,314.65,6723866.45
2025-08-01 09:29:16 AM,314.9,0,0.0,6723866.45
2025-08-01 09:29:20 AM,314.9,20,6298.0,6730164.45
2025-08-01 09:29:31 AM,314.95,0,0.0,6730164.45
2025-08-01 09:29:35 AM,314.95,10,3149.5,6733313.95
2025-08-01 09:29:36 AM,314.95,10,3149.5,6736463.45
2025-08-01 09:29:42 AM,314.95,20,6299.0,6742762.45
2025-08-01 09:29:43 AM,315.0,82,25830.0,6768592.45
2025-08-01 09:30:05 AM,315.0,11,3465.0,6772057.45
2025-08-01 09:30:10 AM,314.85,0,0.0,6772057.45
2025-08-01 09:30:13 AM,315.2,65,20488.0,6792545.45
2025-08-01 09:30:27 AM,315.2,25,7880.0,6800425.45
2025-08-01 09:30:42 AM,315.2,3,945.5999999999999,6801371.05
2025-08-01 09:30:43 AM,315.2,7,2206.4,6803577.45
2025-08-01 09:30:49 AM,315.2,53,16705.6,6820283.05
2025-08-01 09:31:04 AM,315.2,710,223792.0,7044075.05
2025-08-01 09:31:07 AM,314.8,0,0.0,7044075.05
2025-08-01 09:31:12 AM,314.8,227,71459.6,7115534.649999999
2025-08-01 09:31:31 AM,315.0,0,0.0,7115534.649999999
2025-08-01 09:31:33 AM,315.35,0,0.0,7115534.649999999
2025-08-01 09:31:34 AM,315.35,1725,543978.75,7659513.399999999
2025-08-01 09:31:37 AM,315.05,0,0.0,7659513.399999999
2025-08-01 09:31:39 AM,315.35,0,0.0,7659513.399999999
2025-08-01 09:31:40 AM,315.35,13,4099.55,7663612.949999999
2025-08-01 09:31:54 AM,315.35,8,2522.8,7666135.749999999
2025-08-01 09:32:01 AM,315.35,7,2207.4500000000003,7668343.199999999
2025-08-01 09:32:08 AM,315.35,18,5676.3,7674019.499999999
2025-08-01 09:32:22 AM,315.35,59,18605.65,7692625.149999999
2025-08-01 09:32:29 AM,315.35,8,2522.8,7695147.949999999
2025-08-01 09:32:35 AM,315.05,0,0.0,7695147.949999999
2025-08-01 09:32:36 AM,314.9,392,123440.79999999999,7818588.749999999
2025-08-01 09:32:41 AM,315.35,0,0.0,7818588.749999999
2025-08-01 09:32:43 AM,315.35,107,33742.450000000004,7852331.199999999
2025-08-01 09:32:43 AM,315.35,1,315.35,7852646.549999999
2025-08-01 09:32:47 AM,315.0,0,0.0,7852646.549999999
2025-08-01 09:32:50 AM,315.1,560,176456.0,8029102.549999999
2025-08-01 09:32:57 AM,315.15,90,28363.499999999996,8057466.049999999
2025-08-01 09:33:04 AM,315.15,8,2521.2,8059987.249999999
2025-08-01 09:33:10 AM,314.65,0,0.0,8059987.249999999
2025-08-01 09:33:11 AM,314.65,518,162988.69999999998,8222975.949999999
2025-08-01 09:33:15 AM,314.75,0,0.0,8222975.949999999
2025-08-01 09:33:18 AM,314.95,85,26770.75,8249746.699999999
2025-08-01 09:33:32 AM,314.95,8,2519.6,8252266.299999999
2025-08-01 09:33:39 AM,315.1,8,2520.8,8254787.099999999
2025-08-01 09:33:45 AM,315.1,6,1890.6000000000001,8256677.699999998
2025-08-01 09:33:49 AM,315.15,0,0.0,8256677.699999998
2025-08-01 09:33:53 AM,315.15,8,2521.2,8259198.8999999985
2025-08-01 09:33:59 AM,315.7,515,162585.5,8421784.399999999
2025-08-01 09:34:10 AM,315.8,0,0.0,8421784.399999999
2025-08-01 09:34:14 AM,315.8,8,2526.4,8424310.799999999
2025-08-01 09:34:21 AM,315.8,8,2526.4,8426837.2
2025-08-01 09:34:28 AM,315.8,8,2526.4,8429363.6
2025-08-01 09:34:35 AM,315.8,31,9789.800000000001,8439153.4
2025-08-01 09:34:39 AM,315.85,0,0.0,8439153.4
2025-08-01 09:34:41 AM,315.85,7,2210.9500000000003,8441364.35
2025-08-01 09:34:48 AM,315.85,8,2526.8,8443891.15
2025-08-01 09:34:53 AM,315.3,0,0.0,8443891.15
2025-08-01 09:34:55 AM,315.3,600,189180.0,8633071.15
2025-08-01 09:35:00 AM,315.75,0,0.0,8633071.15
2025-08-01 09:35:02 AM,315.75,8,2526.0,8635597.15
2025-08-01 09:35:03 AM,315.8,500,157900.0,8793497.15
2025-08-01 09:35:05 AM,316.05,0,0.0,8793497.15
2025-08-01 09:35:05 AM,316.4,0,0.0,8793497.15
2025-08-01 09:35:09 AM,316.35,688,217648.80000000002,9011145.950000001
2025-08-01 09:35:20 AM,316.15,0,0.0,9011145.950000001
2025-08-01 09:35:23 AM,316.15,206,65126.899999999994,9076272.850000001
2025-08-01 09:35:25 AM,316.05,0,0.0,9076272.850000001
2025-08-01 09:35:30 AM,316.25,0,0.0,9076272.850000001
2025-08-01 09:35:30 AM,316.25,63,19923.75,9096196.600000001
2025-08-01 09:35:37 AM,316.1,24,7586.400000000001,9103783.000000002
2025-08-01 09:35:40 AM,316.3,0,0.0,9103783.000000002
2025-08-01 09:35:44 AM,316.0,608,192128.0,9295911.000000002
2025-08-01 09:35:50 AM,316.25,0,0.0,9295911.000000002
2025-08-01 09:35:51 AM,316.25,28,8855.0,9304766.000000002
2025-08-01 09:35:51 AM,316.25,1,316.25,9305082.250000002
2025-08-01 09:35:55 AM,316.3,0,0.0,9305082.250000002
2025-08-01 09:35:57 AM,316.3,9,2846.7000000000003,9307928.950000001
2025-08-01 09:36:04 AM,316.3,7,2214.1,9310143.05
2025-08-01 09:36:11 AM,316.3,8,2530.4,9312673.450000001
2025-08-01 09:36:16 AM,316.35,0,0.0,9312673.450000001
2025-08-01 09:36:18 AM,316.35,601,190126.35,9502799.8
2025-08-01 09:36:20 AM,316.3,0,0.0,9502799.8
2025-08-01 09:36:24 AM,316.3,83,26252.9,9529052.700000001
2025-08-01 09:36:28 AM,316.35,0,0.0,9529052.700000001
2025-08-01 09:36:31 AM,316.1,10,3161.0,9532213.700000001
2025-08-01 09:36:32 AM,316.3,0,0.0,9532213.700000001
2025-08-01 09:36:37 AM,316.3,25,7907.5,9540121.200000001
2025-08-01 09:36:43 AM,316.3,7,2214.1,9542335.3
2025-08-01 09:36:50 AM,316.3,18,5693.400000000001,9548028.700000001
2025-08-01 09:37:03 AM,316.3,8,2530.4,9550559.100000001
2025-08-01 09:37:11 AM,316.3,8,2530.4,9553089.500000002
2025-08-01 09:37:18 AM,316.35,0,0.0,9553089.500000002
2025-08-01 09:37:18 AM,316.35,72,22777.2,9575866.700000001
2025-08-01 09:37:24 AM,315.6,0,0.0,9575866.700000001
2025-08-01 09:37:25 AM,315.6,243,76690.8,9652557.500000002
2025-08-01 09:37:29 AM,315.85,0,0.0,9652557.500000002
2025-08-01 09:37:31 AM,315.85,8,2526.8,9655084.300000003
2025-08-01 09:37:38 AM,315.85,8,2526.8,9657611.100000003
2025-08-01 09:37:51 AM,315.85,8,2526.8,9660137.900000004
2025-08-01 09:37:58 AM,315.85,7,2210.9500000000003,9662348.850000003
2025-08-01 09:38:05 AM,315.85,100,31585.000000000004,9693933.850000003
2025-08-01 09:38:12 AM,315.85,8,2526.8,9696460.650000004
2025-08-01 09:38:19 AM,315.85,11,3474.3500000000004,9699935.000000004
2025-08-01 09:38:30 AM,316.0,0,0.0,9699935.000000004
2025-08-01 09:38:32 AM,316.0,22,6952.0,9706887.000000004
2025-08-01 09:38:35 AM,315.8,0,0.0,9706887.000000004
2025-08-01 09:38:39 AM,315.8,120,37896.0,9744783.000000004
2025-08-01 09:38:45 AM,315.8,53,16737.4,9761520.400000004
2025-08-01 09:38:52 AM,315.8,18,5684.400000000001,9767204.800000004
2025-08-01 09:38:59 AM,315.8,33,10421.4,9777626.200000005
2025-08-01 09:39:05 AM,315.65,55,17360.75,9794986.950000005
2025-08-01 09:39:10 AM,315.8,0,0.0,9794986.950000005
2025-08-01 09:39:12 AM,315.8,8,2526.4,9797513.350000005
2025-08-01 09:39:19 AM,315.8,7,2210.6,9799723.950000005
2025-08-01 09:39:32 AM,315.8,18,5684.400000000001,9805408.350000005
2025-08-01 09:39:37 AM,315.7,0,0.0,9805408.350000005
2025-08-01 09:39:39 AM,315.8,65,20527.0,9825935.350000005
2025-08-01 09:39:45 AM,315.75,1,315.75,9826251.100000005
2025-08-01 09:39:49 AM,315.8,0,0.0,9826251.100000005
2025-08-01 09:39:52 AM,315.8,8,2526.4,9828777.500000006
2025-08-01 09:39:59 AM,315.8,7,2210.6,9830988.100000005
2025-08-01 09:40:01 AM,315.5,0,0.0,9830988.100000005
2025-08-01 09:40:05 AM,315.5,9,2839.5,9833827.600000005
2025-08-01 09:40:09 AM,315.65,0,0.0,9833827.600000005
2025-08-01 09:40:12 AM,315.65,8,2525.2,9836352.800000004
2025-08-01 09:40:18 AM,315.5,8,2524.0,9838876.800000004
2025-08-01 09:40:22 AM,315.3,0,0.0,9838876.800000004
2025-08-01 09:40:25 AM,315.3,2,630.6,9839507.400000004
2025-08-01 09:40:29 AM,315.55,0,0.0,9839507.400000004
2025-08-01 09:40:31 AM,315.55,8,2524.4,9842031.800000004
2025-08-01 09:40:37 AM,315.3,0,0.0,9842031.800000004
2025-08-01 09:40:38 AM,315.6,10,3156.0,9845187.800000004
2025-08-01 09:40:39 AM,315.2,155,48856.0,9894043.800000004
2025-08-01 09:40:48 AM,315.7,0,0.0,9894043.800000004
2025-08-01 09:40:51 AM,315.7,76,23993.2,9918037.000000004
2025-08-01 09:40:58 AM,315.75,8,2526.0,9920563.000000004
2025-08-01 09:41:08 AM,316.4,0,0.0,9920563.000000004
2025-08-01 09:41:11 AM,316.4,3084,975777.6,10896340.600000003
2025-08-01 09:41:16 AM,316.25,0,0.0,10896340.600000003
2025-08-01 09:41:18 AM,316.7,2422,767047.4,11663388.000000004
2025-08-01 09:41:24 AM,316.85,470,148919.5,11812307.500000004
2025-08-01 09:41:28 AM,316.95,0,0.0,11812307.500000004
2025-08-01 09:41:31 AM,316.95,44,13945.8,11826253.300000004
2025-08-01 09:41:38 AM,316.85,8,2534.8,11828788.100000005
2025-08-01 09:41:44 AM,316.85,100,31685.000000000004,11860473.100000005
2025-08-01 09:41:48 AM,316.45,0,0.0,11860473.100000005
2025-08-01 09:41:51 AM,316.5,4710,1490715.0,13351188.100000005
2025-08-01 09:42:03 AM,316.5,67,21205.5,13372393.600000005
2025-08-01 09:42:09 AM,316.45,0,0.0,13372393.600000005
2025-08-01 09:42:10 AM,316.45,14,4430.3,13376823.900000006
2025-08-01 09:42:13 AM,316.4,0,0.0,13376823.900000006
2025-08-01 09:42:17 AM,316.4,33,10441.199999999999,13387265.100000005
2025-08-01 09:42:18 AM,316.4,8,2531.2,13389796.300000004
2025-08-01 09:42:21 AM,316.95,0,0.0,13389796.300000004
2025-08-01 09:42:23 AM,316.95,1642,520431.89999999997,13910228.200000005
2025-08-01 09:42:25 AM,316.95,29,9191.55,13919419.750000006
2025-08-01 09:42:30 AM,316.95,106,33596.7,13953016.450000005
2025-08-01 09:42:31 AM,317.1,0,0.0,13953016.450000005
2025-08-01 09:42:31 AM,316.95,1748,554028.6,14507045.050000004
2025-08-01 09:42:39 AM,317.3,0,0.0,14507045.050000004
2025-08-01 09:42:43 AM,317.3,7,2221.1,14509266.150000004
2025-08-01 09:42:49 AM,317.6,57,18103.2,14527369.350000003
2025-08-01 09:42:50 AM,317.65,179,56859.35,14584228.700000003
2025-08-01 09:42:57 AM,317.65,1,317.65,14584546.350000003
2025-08-01 09:42:59 AM,318.0,0,0.0,14584546.350000003
2025-08-01 09:42:59 AM,317.9,0,0.0,14584546.350000003
2025-08-01 09:43:02 AM,317.65,3142,998056.2999999999,15582602.650000004
2025-08-01 09:43:07 AM,318.1,0,0.0,15582602.650000004
2025-08-01 09:43:09 AM,318.1,28,8906.800000000001,15591509.450000005
2025-08-01 09:43:10 AM,318.35,361,114924.35,15706433.800000004
2025-08-01 09:43:15 AM,318.0,0,0.0,15706433.800000004
2025-08-01 09:43:16 AM,318.0,536,170448.0,15876881.800000004
2025-08-01 09:43:19 AM,317.65,0,0.0,15876881.800000004
2025-08-01 09:43:19 AM,317.75,0,0.0,15876881.800000004
2025-08-01 09:43:22 AM,317.75,552,175398.0,16052279.800000004
2025-08-01 09:43:23 AM,317.25,247,78360.75,16130640.550000004
2025-08-01 09:43:27 AM,317.4,0,0.0,16130640.550000004
2025-08-01 09:43:29 AM,317.45,81,25713.45,16156354.000000004
2025-08-01 09:43:35 AM,317.2,0,0.0,16156354.000000004
2025-08-01 09:43:35 AM,317.2,62,19666.399999999998,16176020.400000004
2025-08-01 09:43:39 AM,317.5,0,0.0,16176020.400000004
2025-08-01 09:43:42 AM,317.5,22,6985.0,16183005.400000004
2025-08-01 09:43:43 AM,317.6,0,0.0,16183005.400000004
2025-08-01 09:43:43 AM,317.6,95,30172.000000000004,16213177.400000004
2025-08-01 09:43:47 AM,317.3,0,0.0,16213177.400000004
2025-08-01 09:43:49 AM,317.5,114,36195.0,16249372.400000004
2025-08-01 09:43:50 AM,317.5,100,31750.0,16281122.400000004
2025-08-01 09:43:55 AM,317.65,0,0.0,16281122.400000004
2025-08-01 09:43:55 AM,317.65,396,125789.4,16406911.800000004
2025-08-01 09:43:55 AM,317.85,0,0.0,16406911.800000004
2025-08-01 09:43:56 AM,317.85,10,3178.5,16410090.300000004
2025-08-01 09:43:59 AM,317.9,0,0.0,16410090.300000004
2025-08-01 09:44:01 AM,317.9,113,35922.7,16446013.000000004
2025-08-01 09:44:03 AM,317.95,0,0.0,16446013.000000004
2025-08-01 09:44:07 AM,317.8,0,0.0,16446013.000000004
2025-08-01 09:44:07 AM,317.9,0,0.0,16446013.000000004
2025-08-01 09:44:08 AM,317.95,4066,1292784.7,17738797.700000003
2025-08-01 09:44:10 AM,318.1,277,88113.70000000001,17826911.400000002
2025-08-01 09:44:15 AM,318.1,284,90340.40000000001,17917251.8
2025-08-01 09:44:19 AM,318.0,0,0.0,17917251.8
2025-08-01 09:44:22 AM,318.1,1236,393171.60000000003,18310423.400000002
2025-08-01 09:44:23 AM,318.1,2500,795250.0,19105673.400000002
2025-08-01 09:44:27 AM,319.0,0,0.0,19105673.400000002
2025-08-01 09:44:28 AM,319.3,1766,563883.8,19669557.200000003
2025-08-01 09:44:31 AM,319.15,0,0.0,19669557.200000003
2025-08-01 09:44:33 AM,319.45,0,0.0,19669557.200000003
2025-08-01 09:44:35 AM,319.6,334,106746.40000000001,19776303.6
2025-08-01 09:44:35 AM,319.3,0,0.0,19776303.6
2025-08-01 09:44:36 AM,319.3,1050,335265.0,20111568.6
2025-08-01 09:44:39 AM,319.25,0,0.0,20111568.6
2025-08-01 09:44:41 AM,319.4,0,0.0,20111568.6
2025-08-01 09:44:41 AM,319.4,1019,325468.6,20437037.200000003
2025-08-01 09:44:42 AM,319.45,195,62292.75,20499329.950000003
2025-08-01 09:44:43 AM,319.6,0,0.0,20499329.950000003
2025-08-01 09:44:45 AM,319.2,0,0.0,20499329.950000003
2025-08-01 09:44:47 AM,319.75,5477,1751270.75,22250600.700000003
2025-08-01 09:44:48 AM,319.75,8,2558.0,22253158.700000003
2025-08-01 09:44:51 AM,319.55,0,0.0,22253158.700000003
2025-08-01 09:44:54 AM,319.6,116,37073.600000000006,22290232.300000004
2025-08-01 09:44:55 AM,319.75,1050,335737.5,22625969.800000004
2025-08-01 09:44:55 AM,319.8,0,0.0,22625969.800000004
2025-08-01 09:44:57 AM,319.75,0,0.0,22625969.800000004
2025-08-01 09:44:59 AM,319.8,0,0.0,22625969.800000004
2025-08-01 09:45:00 AM,319.8,975,311805.0,22937774.800000004
2025-08-01 09:45:01 AM,319.55,1,319.55,22938094.350000005
2025-08-01 09:45:05 AM,319.75,0,0.0,22938094.350000005
2025-08-01 09:45:07 AM,319.45,362,115640.9,23053735.250000004
2025-08-01 09:45:09 AM,319.2,1005,320796.0,23374531.250000004
2025-08-01 09:45:09 AM,319.1,0,0.0,23374531.250000004
2025-08-01 09:45:11 AM,319.15,0,0.0,23374531.250000004
2025-08-01 09:45:14 AM,319.05,1309,417636.45,23792167.700000003
2025-08-01 09:45:15 AM,319.0,0,0.0,23792167.700000003
2025-08-01 09:45:15 AM,319.1,189,60309.9,23852477.6
2025-08-01 09:45:19 AM,319.15,0,0.0,23852477.6
2025-08-01 09:45:20 AM,318.85,708,225745.80000000002,24078223.400000002
2025-08-01 09:45:22 AM,319.15,69,22021.35,24100244.750000004
2025-08-01 09:45:23 AM,319.3,0,0.0,24100244.750000004
2025-08-01 09:45:27 AM,319.25,2053,655420.25,24755665.000000004
2025-08-01 09:45:28 AM,319.2,53,16917.6,24772582.600000005
2025-08-01 09:45:31 AM,319.15,0,0.0,24772582.600000005
2025-08-01 09:45:33 AM,319.2,608,194073.6,24966656.200000007
2025-08-01 09:45:34 AM,319.2,1,319.2,24966975.400000006
2025-08-01 09:45:35 AM,319.3,0,0.0,24966975.400000006
2025-08-01 09:45:39 AM,319.25,0,0.0,24966975.400000006
2025-08-01 09:45:40 AM,319.25,228,72789.0,25039764.400000006
2025-08-01 09:45:41 AM,319.0,155,49445.0,25089209.400000006
2025-08-01 09:45:43 AM,318.9,0,0.0,25089209.400000006
2025-08-01 09:45:46 AM,318.85,227,72378.95000000001,25161588.350000005
2025-08-01 09:45:51 AM,318.65,0,0.0,25161588.350000005
2025-08-01 09:45:53 AM,318.3,529,168380.7,25329969.050000004
2025-08-01 09:45:54 AM,318.5,50,15925.0,25345894.050000004
2025-08-01 09:45:57 AM,318.55,0,0.0,25345894.050000004
2025-08-01 09:45:59 AM,318.5,67,21339.5,25367233.550000004
2025-08-01 09:46:00 AM,319.0,2440,778360.0,26145593.550000004
2025-08-01 09:46:01 AM,318.95,0,0.0,26145593.550000004
2025-08-01 09:46:05 AM,318.5,0,0.0,26145593.550000004
2025-08-01 09:46:06 AM,318.5,644,205114.0,26350707.550000004
2025-08-01 09:46:07 AM,318.5,75,23887.5,26374595.050000004
2025-08-01 09:46:10 AM,319.0,0,0.0,26374595.050000004
2025-08-01 09:46:11 AM,318.9,0,0.0,26374595.050000004
2025-08-01 09:46:12 AM,318.75,1163,370706.25,26745301.300000004
2025-08-01 09:46:19 AM,318.95,528,168405.6,26913706.900000006
2025-08-01 09:46:20 AM,318.95,4,1275.8,26914982.700000007
2025-08-01 09:46:25 AM,318.65,625,199156.25,27114138.950000007
2025-08-01 09:46:31 AM,318.6,88,28036.800000000003,27142175.750000007
2025-08-01 09:46:33 AM,318.25,30,9547.5,27151723.250000007
2025-08-01 09:46:33 AM,318.45,0,0.0,27151723.250000007
2025-08-01 09:46:36 AM,318.1,0,0.0,27151723.250000007
2025-08-01 09:46:38 AM,318.1,1361,432934.10000000003,27584657.35000001
2025-08-01 09:46:39 AM,317.85,527,167506.95,27752164.30000001
2025-08-01 09:46:41 AM,318.1,0,0.0,27752164.30000001
2025-08-01 09:46:44 AM,318.35,0,0.0,27752164.30000001
2025-08-01 09:46:44 AM,318.4,754,240073.59999999998,27992237.90000001
2025-08-01 09:46:45 AM,318.1,0,0.0,27992237.90000001
2025-08-01 09:46:46 AM,318.1,200,63620.00000000001,28055857.90000001
2025-08-01 09:46:48 AM,318.45,0,0.0,28055857.90000001
2025-08-01 09:46:49 AM,318.5,0,0.0,28055857.90000001
2025-08-01 09:46:50 AM,318.5,116,36946.0,28092803.90000001
2025-08-01 09:46:56 AM,318.5,405,128992.5,28221796.40000001
2025-08-01 09:46:57 AM,318.6,0,0.0,28221796.40000001
2025-08-01 09:46:58 AM,318.65,2008,639849.2,28861645.60000001
2025-08-01 09:47:00 AM,318.7,0,0.0,28861645.60000001
2025-08-01 09:47:01 AM,318.75,0,0.0,28861645.60000001
2025-08-01 09:47:03 AM,318.65,88,28041.199999999997,28889686.80000001
2025-08-01 09:47:04 AM,318.6,0,0.0,28889686.80000001
2025-08-01 09:47:05 AM,318.6,40,12744.0,28902430.80000001
2025-08-01 09:47:09 AM,318.5,121,38538.5,28940969.30000001
2025-08-01 09:47:11 AM,318.5,500,159250.0,29100219.30000001
2025-08-01 09:47:15 AM,318.5,390,124215.0,29224434.30000001
2025-08-01 09:47:17 AM,318.45,750,238837.5,29463271.80000001
2025-08-01 09:47:20 AM,318.85,0,0.0,29463271.80000001
2025-08-01 09:47:21 AM,318.6,105,33453.0,29496724.80000001
2025-08-01 09:47:27 AM,318.5,48,15288.0,29512012.80000001
2025-08-01 09:47:30 AM,318.5,163,51915.5,29563928.30000001
2025-08-01 09:47:34 AM,318.5,94,29939.0,29593867.30000001
2025-08-01 09:47:36 AM,318.35,207,65898.45000000001,29659765.750000007
2025-08-01 09:47:38 AM,318.5,0,0.0,29659765.750000007
2025-08-01 09:47:39 AM,317.8,0,0.0,29659765.750000007
2025-08-01 09:47:41 AM,318.15,2668,848824.2,30508589.950000007
2025-08-01 09:47:42 AM,317.95,0,0.0,30508589.950000007
2025-08-01 09:47:43 AM,318.55,261,83141.55,30591731.500000007
2025-08-01 09:47:44 AM,318.6,0,0.0,30591731.500000007
2025-08-01 09:47:47 AM,318.6,1240,395064.0,30986795.500000007
2025-08-01 09:47:50 AM,318.55,132,42048.6,31028844.10000001
2025-08-01 09:47:54 AM,318.85,788,251253.80000000002,31280097.90000001
2025-08-01 09:47:57 AM,318.85,1,318.85,31280416.75000001
2025-08-01 09:47:58 AM,318.9,0,0.0,31280416.75000001
2025-08-01 09:48:01 AM,318.9,892,284458.8,31564875.550000012
2025-08-01 09:48:03 AM,318.9,31,9885.9,31574761.45000001
2025-08-01 09:48:07 AM,319.0,0,0.0,31574761.45000001
2025-08-01 09:48:07 AM,319.0,188,59972.0,31634733.45000001
2025-08-01 09:48:10 AM,318.9,58,18496.199999999997,31653229.65000001
2025-08-01 09:48:11 AM,319.0,0,0.0,31653229.65000001
2025-08-01 09:48:13 AM,319.0,2120,676280.0,32329509.65000001
2025-08-01 09:48:15 AM,317.9,0,0.0,32329509.65000001
2025-08-01 09:48:15 AM,318.2,0,0.0,32329509.65000001
2025-08-01 09:48:16 AM,318.25,3123,993894.75,33323404.40000001
2025-08-01 09:48:19 AM,318.3,0,0.0,33323404.40000001
2025-08-01 09:48:19 AM,318.4,0,0.0,33323404.40000001
2025-08-01 09:48:20 AM,318.4,166,52854.399999999994,33376258.80000001
2025-08-01 09:48:23 AM,318.45,20,6369.0,33382627.80000001
2025-08-01 09:48:23 AM,318.5,0,0.0,33382627.80000001
2025-08-01 09:48:26 AM,318.2,340,108188.0,33490815.80000001
2025-08-01 09:48:29 AM,318.6,163,51931.8,33542747.60000001
2025-08-01 09:48:33 AM,318.45,122,38850.9,33581598.50000001
2025-08-01 09:48:35 AM,318.45,1,318.45,33581916.95000001
2025-08-01 09:48:39 AM,318.45,59,18788.55,33600705.50000001
2025-08-01 09:48:42 AM,318.45,48,15285.599999999999,33615991.10000001
2025-08-01 09:48:46 AM,318.45,44,14011.8,33630002.900000006
2025-08-01 09:48:47 AM,318.25,0,0.0,33630002.900000006
2025-08-01 09:48:48 AM,318.45,14,4458.3,33634461.2
2025-08-01 09:48:52 AM,318.4,1075,342280.0,33976741.2
2025-08-01 09:48:55 AM,318.45,152,48404.4,34025145.6
2025-08-01 09:48:58 AM,318.55,265,84415.75,34109561.35
2025-08-01 09:49:01 AM,318.25,250,79562.5,34189123.85
2025-08-01 09:49:03 AM,318.5,0,0.0,34189123.85
2025-08-01 09:49:05 AM,318.5,196,62426.0,34251549.85
2025-08-01 09:49:07 AM,318.45,0,0.0,34251549.85
2025-08-01 09:49:07 AM,318.45,59,18788.55,34270338.4
2025-08-01 09:49:11 AM,317.85,0,0.0,34270338.4
2025-08-01 09:49:11 AM,317.95,3347,1064178.65,35334517.05
2025-08-01 09:49:13 AM,317.6,190,60344.00000000001,35394861.05
2025-08-01 09:49:15 AM,317.95,0,0.0,35394861.05
2025-08-01 09:49:17 AM,318.2,1015,322973.0,35717834.05
2025-08-01 09:49:19 AM,317.9,0,0.0,35717834.05
2025-08-01 09:49:20 AM,317.9,408,129703.2,35847537.25
2025-08-01 09:49:26 AM,318.3,506,161059.80000000002,36008597.05
2025-08-01 09:49:28 AM,318.35,0,0.0,36008597.05
2025-08-01 09:49:28 AM,318.25,0,0.0,36008597.05
2025-08-01 09:49:29 AM,318.4,718,228611.19999999998,36237208.25
2025-08-01 09:49:32 AM,318.1,1,318.1,36237526.35
2025-08-01 09:49:34 AM,318.2,0,0.0,36237526.35
2025-08-01 09:49:36 AM,318.2,70,22274.0,36259800.35
2025-08-01 09:49:39 AM,318.35,378,120336.3,36380136.65
2025-08-01 09:49:42 AM,318.4,1283,408507.19999999995,36788643.85
2025-08-01 09:49:43 AM,318.45,0,0.0,36788643.85
2025-08-01 09:49:45 AM,318.6,651,207408.6,36996052.45
2025-08-01 09:49:46 AM,318.65,0,0.0,36996052.45
2025-08-01 09:49:48 AM,318.45,519,165275.55,37161328.0
2025-08-01 09:49:51 AM,318.4,0,0.0,37161328.0
2025-08-01 09:49:51 AM,318.4,199,63361.6,37224689.6
2025-08-01 09:49:52 AM,318.9,0,0.0,37224689.6
2025-08-01 09:49:55 AM,318.9,200,63779.99999999999,37288469.6
2025-08-01 09:49:59 AM,318.55,0,0.0,37288469.6
2025-08-01 09:50:00 AM,318.85,0,0.0,37288469.6
2025-08-01 09:50:01 AM,318.85,81,25826.850000000002,37314296.45
2025-08-01 09:50:04 AM,318.65,40,12746.0,37327042.45
2025-08-01 09:50:06 AM,318.85,0,0.0,37327042.45
2025-08-01 09:50:07 AM,318.9,0,0.0,37327042.45
2025-08-01 09:50:08 AM,318.9,340,108425.99999999999,37435468.45
2025-08-01 09:50:09 AM,318.85,0,0.0,37435468.45
2025-08-01 09:50:11 AM,318.7,0,0.0,37435468.45
2025-08-01 09:50:11 AM,318.7,410,130667.0,37566135.45
2025-08-01 09:50:14 AM,318.65,988,314826.19999999995,37880961.650000006
2025-08-01 09:50:15 AM,318.85,0,0.0,37880961.650000006
2025-08-01 09:50:17 AM,318.85,410,130728.50000000001,38011690.150000006
2025-08-01 09:50:21 AM,318.85,18,5739.3,38017429.45
2025-08-01 09:50:23 AM,318.85,36,11478.6,38028908.050000004
2025-08-01 09:50:27 AM,318.85,6,1913.1000000000001,38030821.150000006
2025-08-01 09:50:30 AM,318.85,8,2550.8,38033371.95
2025-08-01 09:50:33 AM,318.85,318,101394.3,38134766.25
2025-08-01 09:50:36 AM,318.85,1,318.85,38135085.1
2025-08-01 09:50:39 AM,318.85,184,58668.4,38193753.5
2025-08-01 09:50:41 AM,318.8,0,0.0,38193753.5
2025-08-01 09:50:42 AM,318.8,10,3188.0,38196941.5
2025-08-01 09:50:44 AM,318.85,0,0.0,38196941.5
2025-08-01 09:50:45 AM,318.75,0,0.0,38196941.5
2025-08-01 09:50:46 AM,318.75,186,59287.5,38256229.0
2025-08-01 09:50:48 AM,318.8,8,2550.4,38258779.4
2025-08-01 09:50:51 AM,318.75,0,0.0,38258779.4
2025-08-01 09:50:52 AM,318.75,5,1593.75,38260373.15
2025-08-01 09:50:54 AM,318.8,51,16258.800000000001,38276631.949999996
2025-08-01 09:50:58 AM,318.8,41,13070.800000000001,38289702.74999999
2025-08-01 09:51:00 AM,318.8,17,5419.6,38295122.349999994
2025-08-01 09:51:04 AM,318.8,308,98190.40000000001,38393312.74999999
2025-08-01 09:51:06 AM,318.8,10,3188.0,38396500.74999999
2025-08-01 09:51:09 AM,318.6,0,0.0,38396500.74999999
2025-08-01 09:51:11 AM,318.6,173,55117.8,38451618.54999999
2025-08-01 09:51:13 AM,318.8,11,3506.8,38455125.34999999
2025-08-01 09:51:14 AM,318.6,0,0.0,38455125.34999999
2025-08-01 09:51:17 AM,318.6,121,38550.600000000006,38493675.94999999
2025-08-01 09:51:18 AM,318.8,0,0.0,38493675.94999999
2025-08-01 09:51:19 AM,318.8,32,10201.6,38503877.54999999
2025-08-01 09:51:23 AM,318.8,186,59296.8,38563174.34999999
2025-08-01 09:51:26 AM,318.6,0,0.0,38563174.34999999
2025-08-01 09:51:28 AM,318.8,0,0.0,38563174.34999999
2025-08-01 09:51:30 AM,318.8,187,59615.6,38622789.94999999
2025-08-01 09:51:38 AM,318.8,102,32517.600000000002,38655307.54999999
2025-08-01 09:51:49 AM,318.8,464,147923.2,38803230.74999999
2025-08-01 09:51:52 AM,318.6,0,0.0,38803230.74999999
2025-08-01 09:51:55 AM,318.5,2084,663754.0,39466984.74999999
2025-08-01 09:51:57 AM,318.5,5,1592.5,39468577.24999999
2025-08-01 09:51:58 AM,318.6,0,0.0,39468577.24999999
2025-08-01 09:52:00 AM,318.6,12,3823.2000000000003,39472400.449999996
2025-08-01 09:52:02 AM,318.55,0,0.0,39472400.449999996
2025-08-01 09:52:03 AM,318.55,79,25165.45,39497565.9
2025-08-01 09:52:04 AM,318.3,0,0.0,39497565.9
2025-08-01 09:52:06 AM,318.7,0,0.0,39497565.9
2025-08-01 09:52:06 AM,318.7,571,181977.69999999998,39679543.6
2025-08-01 09:52:09 AM,318.7,59,18803.3,39698346.9
2025-08-01 09:52:11 AM,318.75,0,0.0,39698346.9
2025-08-01 09:52:13 AM,318.75,60,19125.0,39717471.9
2025-08-01 09:52:14 AM,318.15,0,0.0,39717471.9
2025-08-01 09:52:15 AM,318.4,1584,504345.6,40221817.5
2025-08-01 09:52:17 AM,318.55,0,0.0,40221817.5
2025-08-01 09:52:19 AM,318.55,1173,373659.15,40595476.65
2025-08-01 09:52:22 AM,318.55,4,1274.2,40596750.85
2025-08-01 09:52:28 AM,318.75,0,0.0,40596750.85
2025-08-01 09:52:28 AM,318.75,480,153000.0,40749750.85
2025-08-01 09:52:31 AM,318.75,8,2550.0,40752300.85
2025-08-01 09:52:34 AM,318.7,0,0.0,40752300.85
2025-08-01 09:52:34 AM,318.7,131,41749.7,40794050.550000004
2025-08-01 09:52:37 AM,318.75,205,65343.75,40859394.300000004
2025-08-01 09:52:40 AM,318.75,7,2231.25,40861625.550000004
2025-08-01 09:52:47 AM,318.5,0,0.0,40861625.550000004
2025-08-01 09:52:50 AM,318.75,9,2868.75,40864494.300000004
2025-08-01 09:52:52 AM,318.75,21,6693.75,40871188.050000004
2025-08-01 09:52:58 AM,318.7,8,2549.6,40873737.650000006
2025-08-01 09:53:01 AM,318.6,440,140184.0,41013921.650000006
2025-08-01 09:53:02 AM,318.65,0,0.0,41013921.650000006
2025-08-01 09:53:04 AM,318.75,652,207825.0,41221746.650000006
2025-08-01 09:53:05 AM,318.5,0,0.0,41221746.650000006
2025-08-01 09:53:08 AM,318.7,64,20396.8,41242143.45
2025-08-01 09:53:08 AM,318.65,0,0.0,41242143.45
2025-08-01 09:53:10 AM,318.65,8,2549.2,41244692.650000006
2025-08-01 09:53:13 AM,318.7,0,0.0,41244692.650000006
2025-08-01 09:53:14 AM,318.7,9,2868.2999999999997,41247560.95
2025-08-01 09:53:16 AM,318.65,751,239306.15,41486867.1
2025-08-01 09:53:20 AM,318.65,242,77113.29999999999,41563980.4
2025-08-01 09:53:27 AM,318.7,423,134810.1,41698790.5
2025-08-01 09:53:27 AM,318.55,0,0.0,41698790.5
2025-08-01 09:53:29 AM,318.7,28,8923.6,41707714.1
2025-08-01 09:53:36 AM,318.65,0,0.0,41707714.1
2025-08-01 09:53:39 AM,318.65,148,47160.2,41754874.300000004
2025-08-01 09:53:43 AM,318.7,0,0.0,41754874.300000004
2025-08-01 09:53:45 AM,318.7,70,22309.0,41777183.300000004
2025-08-01 09:53:47 AM,318.7,40,12748.0,41789931.300000004
2025-08-01 09:53:51 AM,318.5,0,0.0,41789931.300000004
2025-08-01 09:53:51 AM,318.7,0,0.0,41789931.300000004
2025-08-01 09:53:52 AM,318.7,823,262290.1,42052221.400000006
2025-08-01 09:53:54 AM,318.45,0,0.0,42052221.400000006
2025-08-01 09:53:58 AM,318.45,18,5732.099999999999,42057953.50000001
2025-08-01 09:53:59 AM,318.7,132,42068.4,42100021.900000006
2025-08-01 09:54:04 AM,318.7,37,11791.9,42111813.800000004
2025-08-01 09:54:05 AM,318.4,21,6686.4,42118500.2
2025-08-01 09:54:06 AM,318.3,0,0.0,42118500.2
2025-08-01 09:54:09 AM,318.6,0,0.0,42118500.2
2025-08-01 09:54:10 AM,318.6,58,18478.800000000003,42136979.0
2025-08-01 09:54:11 AM,318.65,1,318.65,42137297.65
2025-08-01 09:54:14 AM,318.4,0,0.0,42137297.65
2025-08-01 09:54:16 AM,318.4,12,3820.7999999999997,42141118.449999996
2025-08-01 09:54:18 AM,318.65,0,0.0,42141118.449999996
2025-08-01 09:54:21 AM,318.35,0,0.0,42141118.449999996
2025-08-01 09:54:23 AM,318.35,81,25786.350000000002,42166904.8
2025-08-01 09:54:23 AM,318.3,107,34058.1,42200962.9
2025-08-01 09:54:27 AM,318.1,0,0.0,42200962.9
2025-08-01 09:54:27 AM,318.25,0,0.0,42200962.9
2025-08-01 09:54:29 AM,318.35,103,32790.05,42233752.949999996
2025-08-01 09:54:36 AM,318.45,3,955.3499999999999,42234708.3
2025-08-01 09:54:39 AM,318.15,0,0.0,42234708.3
2025-08-01 09:54:41 AM,318.15,59,18770.85,42253479.15
2025-08-01 09:54:46 AM,318.45,0,0.0,42253479.15
2025-08-01 09:54:47 AM,318.45,9,2866.0499999999997,42256345.199999996
2025-08-01 09:54:47 AM,318.15,5,1590.75,42257935.949999996
2025-08-01 09:54:49 AM,318.4,0,0.0,42257935.949999996
2025-08-01 09:54:53 AM,318.4,8,2547.2,42260483.15
2025-08-01 09:54:58 AM,318.15,0,0.0,42260483.15
2025-08-01 09:54:58 AM,318.3,152,48381.6,42308864.75
2025-08-01 09:55:00 AM,318.4,0,0.0,42308864.75
2025-08-01 09:55:04 AM,318.15,0,0.0,42308864.75
2025-08-01 09:55:04 AM,318.15,63,20043.449999999997,42328908.2
2025-08-01 09:55:07 AM,318.4,0,0.0,42328908.2
2025-08-01 09:55:10 AM,318.4,10,3184.0,42332092.2
2025-08-01 09:55:11 AM,318.15,352,111988.79999999999,42444081.0
2025-08-01 09:55:16 AM,318.45,0,0.0,42444081.0
2025-08-01 09:55:16 AM,318.45,7,2229.15,42446310.15
2025-08-01 09:55:19 AM,318.2,0,0.0,42446310.15
2025-08-01 09:55:20 AM,317.25,0,0.0,42446310.15
2025-08-01 09:55:22 AM,317.25,4931,1564359.75,44010669.9
2025-08-01 09:55:23 AM,317.3,15,4759.5,44015429.4
2025-08-01 09:55:26 AM,317.05,0,0.0,44015429.4
2025-08-01 09:55:27 AM,317.0,0,0.0,44015429.4
2025-08-01 09:55:28 AM,317.2,743,235679.6,44251109.0
2025-08-01 09:55:34 AM,317.35,0,0.0,44251109.0
2025-08-01 09:55:34 AM,317.35,5,1586.75,44252695.75
2025-08-01 09:55:35 AM,317.05,0,0.0,44252695.75
2025-08-01 09:55:35 AM,317.2,88,27913.6,44280609.35
2025-08-01 09:55:39 AM,317.3,0,0.0,44280609.35
2025-08-01 09:55:40 AM,317.3,8,2538.4,44283147.75
2025-08-01 09:55:46 AM,317.4,0,0.0,44283147.75
2025-08-01 09:55:46 AM,317.55,0,0.0,44283147.75
2025-08-01 09:55:46 AM,317.65,205,65118.24999999999,44348266.0
2025-08-01 09:55:47 AM,317.65,50,15882.499999999998,44364148.5
2025-08-01 09:55:50 AM,317.7,0,0.0,44364148.5
2025-08-01 09:55:52 AM,317.75,85,27008.75,44391157.25
2025-08-01 09:55:53 AM,317.65,255,81000.75,44472158.0
2025-08-01 09:55:58 AM,317.7,0,0.0,44472158.0
2025-08-01 09:55:58 AM,317.7,407,129303.9,44601461.9
2025-08-01 09:56:10 AM,318.0,0,0.0,44601461.9
2025-08-01 09:56:10 AM,318.0,958,304644.0,44906105.9
2025-08-01 09:56:13 AM,317.75,0,0.0,44906105.9
2025-08-01 09:56:17 AM,317.75,52,16523.0,44922628.9
2025-08-01 09:56:18 AM,317.65,0,0.0,44922628.9
2025-08-01 09:56:19 AM,317.7,0,0.0,44922628.9
2025-08-01 09:56:22 AM,317.8,0,0.0,44922628.9
2025-08-01 09:56:22 AM,317.85,36,11442.6,44934071.5
2025-08-01 09:56:28 AM,317.8,113,35911.4,44969982.9
2025-08-01 09:56:31 AM,317.85,0,0.0,44969982.9
2025-08-01 09:56:33 AM,317.8,0,0.0,44969982.9
2025-08-01 09:56:34 AM,317.8,91,28919.8,44998902.699999996
2025-08-01 09:56:36 AM,317.85,0,0.0,44998902.699999996
2025-08-01 09:56:37 AM,318.1,0,0.0,44998902.699999996
2025-08-01 09:56:39 AM,317.3,0,0.0,44998902.699999996
2025-08-01 09:56:40 AM,317.3,2062,654272.6,45653175.3
2025-08-01 09:56:41 AM,317.95,650,206667.5,45859842.8
2025-08-01 09:56:42 AM,317.8,0,0.0,45859842.8
2025-08-01 09:56:44 AM,317.85,0,0.0,45859842.8
2025-08-01 09:56:46 AM,317.85,300,95355.0,45955197.8
2025-08-01 09:56:52 AM,317.4,333,105694.2,46060892.0
2025-08-01 09:56:57 AM,317.9,0,0.0,46060892.0
2025-08-01 09:56:58 AM,318.0,1228,390504.0,46451396.0
2025-08-01 09:57:04 AM,318.0,11,3498.0,46454894.0
2025-08-01 09:57:10 AM,317.65,39,12388.349999999999,46467282.35
2025-08-01 09:57:12 AM,318.0,30,9540.0,46476822.35
2025-08-01 09:57:16 AM,317.6,96,30489.600000000002,46507311.95
2025-08-01 09:57:18 AM,318.0,7,2226.0,46509537.95
2025-08-01 09:57:29 AM,317.95,0,0.0,46509537.95
2025-08-01 09:57:29 AM,317.9,58,18438.199999999997,46527976.150000006
2025-08-01 09:57:39 AM,317.8,8,2542.4,46530518.550000004
2025-08-01 09:57:41 AM,317.65,0,0.0,46530518.550000004
2025-08-01 09:57:42 AM,317.65,1,317.65,46530836.2
2025-08-01 09:57:45 AM,317.95,0,0.0,46530836.2
2025-08-01 09:57:45 AM,317.6,152,48275.200000000004,46579111.400000006
2025-08-01 09:57:48 AM,317.95,8,2543.6,46581655.00000001
2025-08-01 09:57:51 AM,317.95,2,635.9,46582290.900000006
2025-08-01 09:57:57 AM,317.6,0,0.0,46582290.900000006
2025-08-01 09:57:57 AM,317.6,69,21914.4,46604205.300000004
2025-08-01 09:58:00 AM,317.65,2547,809054.5499999999,47413259.85
2025-08-01 09:58:03 AM,317.3,37,11740.1,47424999.95
2025-08-01 09:58:10 AM,317.65,0,0.0,47424999.95
2025-08-01 09:58:10 AM,317.65,8,2541.2,47427541.150000006
2025-08-01 09:58:13 AM,317.65,13,4129.45,47431670.60000001
2025-08-01 09:58:18 AM,316.8,0,0.0,47431670.60000001
2025-08-01 09:58:18 AM,317.0,3446,1092382.0,48524052.60000001
2025-08-01 09:58:22 AM,317.0,100,31700.0,48555752.60000001
2025-08-01 09:58:24 AM,317.05,20,6341.0,48562093.60000001
2025-08-01 09:58:30 AM,316.65,0,0.0,48562093.60000001
2025-08-01 09:58:30 AM,316.65,859,272002.35,48834095.95000001
2025-08-01 09:58:34 AM,316.95,0,0.0,48834095.95000001
2025-08-01 09:58:34 AM,316.7,80,25336.0,48859431.95000001
2025-08-01 09:58:37 AM,317.0,252,79884.0,48939315.95000001
2025-08-01 09:58:38 AM,316.95,0,0.0,48939315.95000001
2025-08-01 09:58:40 AM,316.95,7,2218.65,48941534.60000001
2025-08-01 09:58:46 AM,316.9,0,0.0,48941534.60000001
2025-08-01 09:58:46 AM,316.9,1,316.9,48941851.50000001
2025-08-01 09:58:49 AM,316.95,118,37400.1,48979251.60000001
2025-08-01 09:58:52 AM,316.95,3,950.8499999999999,48980202.45000001
2025-08-01 09:58:58 AM,316.95,8,2535.6,48982738.05000001
2025-08-01 09:59:01 AM,316.8,2,633.6,48983371.65000001
2025-08-01 09:59:02 AM,316.95,0,0.0,48983371.65000001
2025-08-01 09:59:04 AM,317.0,200,63400.0,49046771.65000001
2025-08-01 09:59:06 AM,316.95,0,0.0,49046771.65000001
2025-08-01 09:59:07 AM,316.95,1,316.95,49047088.60000002
2025-08-01 09:59:11 AM,317.0,0,0.0,49047088.60000002
2025-08-01 09:59:11 AM,317.0,8,2536.0,49049624.60000002
2025-08-01 09:59:12 AM,317.2,0,0.0,49049624.60000002
2025-08-01 09:59:13 AM,316.8,304,96307.2,49145931.80000002
2025-08-01 09:59:20 AM,316.8,1040,329472.0,49475403.80000002
2025-08-01 09:59:23 AM,317.15,205,65015.74999999999,49540419.55000002
2025-08-01 09:59:26 AM,316.95,21,6655.95,49547075.50000002
2025-08-01 09:59:28 AM,317.05,0,0.0,49547075.50000002
2025-08-01 09:59:29 AM,317.05,27,8560.35,49555635.850000024
2025-08-01 09:59:39 AM,317.05,63,19974.15,49575610.00000002
2025-08-01 09:59:40 AM,317.35,0,0.0,49575610.00000002
2025-08-01 09:59:42 AM,317.35,416,132017.6,49707627.600000024
2025-08-01 09:59:48 AM,317.4,8,2539.2,49710166.80000003
2025-08-01 09:59:54 AM,317.35,0,0.0,49710166.80000003
2025-08-01 09:59:54 AM,317.35,60,19041.0,49729207.80000003
2025-08-01 09:59:57 AM,317.35,20,6347.0,49735554.80000003
2025-08-01 10:00:00 AM,317.35,57,18088.95,49753643.75000003
2025-08-01 10:00:07 AM,317.35,255,80924.25,49834568.00000003
2025-08-01 10:00:10 AM,317.35,9,2856.15,49837424.15000003
2025-08-01 10:00:14 AM,317.05,0,0.0,49837424.15000003
2025-08-01 10:00:16 AM,317.05,81,25681.05,49863105.200000025
2025-08-01 10:00:20 AM,317.3,14,4442.2,49867547.40000003
2025-08-01 10:00:26 AM,317.1,10,3171.0,49870718.40000003
2025-08-01 10:00:29 AM,317.35,8,2538.8,49873257.200000025
2025-08-01 10:00:32 AM,317.1,30,9513.0,49882770.200000025
2025-08-01 10:00:34 AM,317.55,0,0.0,49882770.200000025
2025-08-01 10:00:35 AM,317.55,576,182908.80000000002,50065679.00000002
2025-08-01 10:00:38 AM,317.5,57,18097.5,50083776.50000002
2025-08-01 10:00:42 AM,317.15,1,317.15,50084093.65000002
2025-08-01 10:00:45 AM,317.5,0,0.0,50084093.65000002
2025-08-01 10:00:45 AM,317.5,500,158750.0,50242843.65000002
2025-08-01 10:00:48 AM,317.15,2,634.3,50243477.95000002
2025-08-01 10:00:51 AM,317.6,0,0.0,50243477.95000002
2025-08-01 10:00:51 AM,317.6,78,24772.800000000003,50268250.750000015
2025-08-01 10:00:54 AM,317.55,10,3175.5,50271426.250000015
2025-08-01 10:00:57 AM,317.6,0,0.0,50271426.250000015
2025-08-01 10:00:57 AM,317.6,1,317.6,50271743.85000002
2025-08-01 10:01:01 AM,317.7,12,3812.3999999999996,50275556.250000015
2025-08-01 10:01:04 AM,317.35,19,6029.650000000001,50281585.90000001
2025-08-01 10:01:07 AM,317.75,101,32092.75,50313678.65000001
2025-08-01 10:01:10 AM,317.75,8,2542.0,50316220.65000001
2025-08-01 10:01:16 AM,317.35,4,1269.4,50317490.05000001
2025-08-01 10:01:19 AM,317.7,0,0.0,50317490.05000001
2025-08-01 10:01:20 AM,317.7,7,2223.9,50319713.95000001
2025-08-01 10:01:26 AM,317.75,0,0.0,50319713.95000001
2025-08-01 10:01:26 AM,317.75,6,1906.5,50321620.45000001
2025-08-01 10:01:28 AM,317.75,8,2542.0,50324162.45000001
2025-08-01 10:01:34 AM,317.55,5,1587.75,50325750.20000001
2025-08-01 10:01:35 AM,317.7,0,0.0,50325750.20000001
2025-08-01 10:01:38 AM,317.7,550,174735.0,50500485.20000001
2025-08-01 10:01:39 AM,317.75,0,0.0,50500485.20000001
2025-08-01 10:01:40 AM,317.75,8,2542.0,50503027.20000001
2025-08-01 10:01:44 AM,317.75,1,317.75,50503344.95000001
2025-08-01 10:01:46 AM,317.9,160,50864.0,50554208.95000001
2025-08-01 10:01:51 AM,317.95,19,6041.05,50560250.00000001
2025-08-01 10:01:52 AM,318.0,0,0.0,50560250.00000001
2025-08-01 10:01:52 AM,318.0,3,954.0,50561204.00000001
2025-08-01 10:01:57 AM,317.95,100,31795.0,50592999.00000001
2025-08-01 10:01:58 AM,317.95,7,2225.65,50595224.650000006
2025-08-01 10:02:03 AM,317.65,100,31764.999999999996,50626989.650000006
2025-08-01 10:02:07 AM,317.9,0,0.0,50626989.650000006
2025-08-01 10:02:09 AM,317.9,68,21617.199999999997,50648606.85000001
2025-08-01 10:02:14 AM,317.95,0,0.0,50648606.85000001
2025-08-01 10:02:15 AM,317.65,0,0.0,50648606.85000001
2025-08-01 10:02:15 AM,317.85,220,69927.0,50718533.85000001
2025-08-01 10:02:22 AM,317.85,9,2860.65,50721394.50000001
2025-08-01 10:02:23 AM,317.95,0,0.0,50721394.50000001
2025-08-01 10:02:24 AM,317.95,7,2225.65,50723620.150000006
2025-08-01 10:02:28 AM,317.95,8,2543.6,50726163.75000001
2025-08-01 10:02:30 AM,317.95,1,317.95,50726481.70000001
2025-08-01 10:02:36 AM,317.75,0,0.0,50726481.70000001
2025-08-01 10:02:36 AM,317.75,2356,748619.0,51475100.70000001
2025-08-01 10:02:40 AM,317.7,0,0.0,51475100.70000001
2025-08-01 10:02:41 AM,317.7,11,3494.7,51478595.40000001
2025-08-01 10:02:43 AM,317.75,39,12392.25,51490987.65000001
2025-08-01 10:02:49 AM,317.8,39,12394.2,51503381.85000002
2025-08-01 10:02:50 AM,317.85,0,0.0,51503381.85000002
2025-08-01 10:02:54 AM,317.85,2,635.7,51504017.55000002
2025-08-01 10:03:00 AM,317.85,458,145575.30000000002,51649592.85000002
2025-08-01 10:03:02 AM,317.8,105,33369.0,51682961.85000002
2025-08-01 10:03:06 AM,317.8,19,6038.2,51689000.05000002
2025-08-01 10:03:08 AM,317.6,76,24137.600000000002,51713137.65000002
2025-08-01 10:03:10 AM,317.7,0,0.0,51713137.65000002
2025-08-01 10:03:12 AM,317.7,240,76248.0,51789385.65000002
2025-08-01 10:03:14 AM,317.8,0,0.0,51789385.65000002
2025-08-01 10:03:19 AM,317.8,107,34004.6,51823390.25000002
2025-08-01 10:03:28 AM,317.8,65,20657.0,51844047.25000002
2025-08-01 10:03:32 AM,317.8,8,2542.4,51846589.65000002
2025-08-01 10:03:39 AM,317.8,10,3178.0,51849767.65000002
2025-08-01 10:03:45 AM,317.65,104,33035.6,51882803.25000002
2025-08-01 10:03:47 AM,317.5,86,27305.0,51910108.25000002
2025-08-01 10:03:50 AM,317.3,0,0.0,51910108.25000002
2025-08-01 10:03:51 AM,317.3,86,27287.8,51937396.05000002
2025-08-01 10:03:53 AM,317.5,100,31750.0,51969146.05000002
2025-08-01 10:03:57 AM,318.0,3290,1046220.0,53015366.05000002
2025-08-01 10:03:59 AM,318.0,107,34026.0,53049392.05000002
2025-08-01 10:04:03 AM,318.0,100,31800.0,53081192.05000002
2025-08-01 10:04:05 AM,318.0,400,127200.0,53208392.05000002
2025-08-01 10:04:06 AM,317.6,0,0.0,53208392.05000002
2025-08-01 10:04:09 AM,317.95,329,104605.55,53312997.60000002
2025-08-01 10:04:16 AM,317.85,502,159560.7,53472558.30000002
2025-08-01 10:04:18 AM,317.85,2,635.7,53473194.00000002
2025-08-01 10:04:22 AM,317.85,10,3178.5,53476372.50000002
2025-08-01 10:04:24 AM,317.85,3,953.5500000000001,53477326.05000002
2025-08-01 10:04:28 AM,317.55,11,3493.05,53480819.10000002
2025-08-01 10:04:30 AM,317.55,15,4763.25,53485582.35000002
2025-08-01 10:04:39 AM,317.85,0,0.0,53485582.35000002
2025-08-01 10:04:41 AM,317.5,510,161925.0,53647507.35000002
2025-08-01 10:04:44 AM,317.65,0,0.0,53647507.35000002
2025-08-01 10:04:47 AM,317.65,30,9529.5,53657036.85000002
2025-08-01 10:04:49 AM,317.65,8,2541.2,53659578.05000002
2025-08-01 10:04:53 AM,317.65,10,3176.5,53662754.55000002
2025-08-01 10:04:59 AM,317.65,10,3176.5,53665931.05000002
2025-08-01 10:05:01 AM,317.6,100,31760.000000000004,53697691.05000002
2025-08-01 10:05:06 AM,317.55,161,51125.55,53748816.60000002
2025-08-01 10:05:08 AM,317.6,5,1588.0,53750404.60000002
2025-08-01 10:05:12 AM,317.6,8,2540.8,53752945.40000001
2025-08-01 10:05:18 AM,317.6,52,16515.2,53769460.60000002
2025-08-01 10:05:24 AM,317.2,50,15860.0,53785320.60000002
2025-08-01 10:05:30 AM,317.55,8,2540.4,53787861.000000015
2025-08-01 10:05:32 AM,317.2,126,39967.2,53827828.20000002
2025-08-01 10:05:38 AM,317.55,8,2540.4,53830368.60000002
2025-08-01 10:05:42 AM,317.55,19,6033.45,53836402.05000002
2025-08-01 10:05:48 AM,317.55,8,2540.4,53838942.45000002
2025-08-01 10:06:00 AM,317.25,17,5393.25,53844335.70000002
2025-08-01 10:06:03 AM,317.05,335,106211.75,53950547.45000002
2025-08-01 10:06:06 AM,317.2,95,30134.0,53980681.45000002
2025-08-01 10:06:08 AM,317.05,0,0.0,53980681.45000002
2025-08-01 10:06:08 AM,317.2,0,0.0,53980681.45000002
2025-08-01 10:06:09 AM,317.2,18,5709.599999999999,53986391.05000002
2025-08-01 10:06:12 AM,317.05,0,0.0,53986391.05000002
2025-08-01 10:06:12 AM,317.05,10,3170.5,53989561.55000002
2025-08-01 10:06:14 AM,317.0,0,0.0,53989561.55000002
2025-08-01 10:06:14 AM,316.65,1254,397079.1,54386640.65000002
2025-08-01 10:06:18 AM,316.95,0,0.0,54386640.65000002
2025-08-01 10:06:18 AM,316.95,60,19017.0,54405657.65000002
2025-08-01 10:06:20 AM,316.95,8,2535.6,54408193.25000002
2025-08-01 10:06:30 AM,316.95,209,66242.55,54474435.80000002
2025-08-01 10:06:32 AM,316.65,4,1266.6,54475702.40000002
2025-08-01 10:06:36 AM,316.6,111,35142.600000000006,54510845.00000002
2025-08-01 10:06:38 AM,316.65,17,5383.049999999999,54516228.05000002
2025-08-01 10:06:41 AM,316.9,0,0.0,54516228.05000002
2025-08-01 10:06:42 AM,316.9,35,11091.5,54527319.55000002
2025-08-01 10:06:44 AM,316.9,26,8239.4,54535558.95000002
2025-08-01 10:06:46 AM,317.05,0,0.0,54535558.95000002
2025-08-01 10:06:48 AM,317.05,84,26632.2,54562191.15000002
2025-08-01 10:06:50 AM,317.05,10,3170.5,54565361.65000002
2025-08-01 10:06:54 AM,317.05,291,92261.55,54657623.20000002
2025-08-01 10:07:00 AM,317.05,75,23778.75,54681401.95000002
2025-08-01 10:07:02 AM,316.9,2,633.8,54682035.750000015
2025-08-01 10:07:06 AM,316.9,14,4436.599999999999,54686472.35000002
2025-08-01 10:07:09 AM,317.05,8,2536.4,54689008.750000015
2025-08-01 10:07:13 AM,317.15,100,31714.999999999996,54720723.750000015
2025-08-01 10:07:15 AM,317.15,1,317.15,54721040.90000001
2025-08-01 10:07:19 AM,317.15,7,2220.0499999999997,54723260.95000001
2025-08-01 10:07:21 AM,316.95,0,0.0,54723260.95000001
2025-08-01 10:07:21 AM,316.95,12,3803.3999999999996,54727064.35000001
2025-08-01 10:07:27 AM,316.95,23,7289.849999999999,54734354.20000001
2025-08-01 10:07:32 AM,316.9,16,5070.4,54739424.60000001
2025-08-01 10:07:33 AM,316.95,114,36132.299999999996,54775556.900000006
2025-08-01 10:07:38 AM,316.95,268,84942.59999999999,54860499.50000001
2025-08-01 10:07:39 AM,317.15,8,2537.2,54863036.70000001
2025-08-01 10:07:48 AM,317.4,0,0.0,54863036.70000001
2025-08-01 10:07:48 AM,317.2,0,0.0,54863036.70000001
2025-08-01 10:07:50 AM,317.2,308,97697.59999999999,54960734.30000001
2025-08-01 10:07:52 AM,316.95,150,47542.5,55008276.80000001
2025-08-01 10:07:56 AM,316.9,267,84612.29999999999,55092889.10000001
2025-08-01 10:08:02 AM,316.9,13,4119.7,55097008.80000001
2025-08-01 10:08:04 AM,317.4,0,0.0,55097008.80000001
2025-08-01 10:08:04 AM,317.4,920,292008.0,55389016.80000001
2025-08-01 10:08:08 AM,317.05,0,0.0,55389016.80000001
2025-08-01 10:08:08 AM,317.05,69,21876.45,55410893.250000015
2025-08-01 10:08:15 AM,317.05,21,6658.05,55417551.30000001
2025-08-01 10:08:18 AM,317.3,0,0.0,55417551.30000001
2025-08-01 10:08:21 AM,317.35,18,5712.3,55423263.60000001
2025-08-01 10:08:29 AM,317.4,58,18409.199999999997,55441672.80000001
2025-08-01 10:08:33 AM,317.4,70,22218.0,55463890.80000001
2025-08-01 10:08:39 AM,317.4,7,2221.7999999999997,55466112.60000001
2025-08-01 10:08:51 AM,317.4,8,2539.2,55468651.80000001
2025-08-01 10:08:58 AM,317.1,92,29173.2,55497825.000000015
2025-08-01 10:09:03 AM,317.1,50,15855.000000000002,55513680.000000015
2025-08-01 10:09:04 AM,316.9,100,31689.999999999996,55545370.000000015
2025-08-01 10:09:08 AM,317.1,0,0.0,55545370.000000015
2025-08-01 10:09:09 AM,317.1,8,2536.8,55547906.80000001
2025-08-01 10:09:14 AM,316.95,0,0.0,55547906.80000001
2025-08-01 10:09:15 AM,317.1,0,0.0,55547906.80000001
2025-08-01 10:09:15 AM,317.1,6,1902.6000000000001,55549809.40000001
2025-08-01 10:09:21 AM,317.1,7,2219.7000000000003,55552029.10000002
2025-08-01 10:09:22 AM,317.15,0,0.0,55552029.10000002
2025-08-01 10:09:22 AM,317.05,165,52313.25,55604342.35000002
2025-08-01 10:09:27 AM,317.05,49,15535.45,55619877.80000002
2025-08-01 10:09:28 AM,317.3,8,2538.4,55622416.20000002
2025-08-01 10:09:29 AM,317.05,0,0.0,55622416.20000002
2025-08-01 10:09:32 AM,317.05,65,20608.25,55643024.45000002
2025-08-01 10:09:38 AM,317.35,24,7616.400000000001,55650640.85000002
2025-08-01 10:09:41 AM,317.05,0,0.0,55650640.85000002
2025-08-01 10:09:44 AM,317.05,2,634.1,55651274.95000002
2025-08-01 10:09:49 AM,317.35,0,0.0,55651274.95000002
2025-08-01 10:09:49 AM,317.35,8,2538.8,55653813.750000015
2025-08-01 10:09:59 AM,317.4,0,0.0,55653813.750000015
2025-08-01 10:10:01 AM,317.4,7,2221.7999999999997,55656035.55000001
2025-08-01 10:10:02 AM,317.35,0,0.0,55656035.55000001
2025-08-01 10:10:02 AM,317.4,101,32057.399999999998,55688092.95000001
2025-08-01 10:10:06 AM,317.1,0,0.0,55688092.95000001
2025-08-01 10:10:06 AM,317.1,76,24099.600000000002,55712192.55000001
2025-08-01 10:10:08 AM,317.35,8,2538.8,55714731.35000001
2025-08-01 10:10:12 AM,317.35,95,30148.250000000004,55744879.60000001
2025-08-01 10:10:16 AM,317.0,0,0.0,55744879.60000001
2025-08-01 10:10:18 AM,317.15,357,113222.54999999999,55858102.150000006
2025-08-01 10:10:20 AM,317.15,42,13320.3,55871422.45
2025-08-01 10:10:23 AM,317.0,0,0.0,55871422.45
2025-08-01 10:10:24 AM,317.0,16,5072.0,55876494.45
2025-08-01 10:10:30 AM,317.0,16,5072.0,55881566.45
2025-08-01 10:10:36 AM,316.9,13,4119.7,55885686.150000006
2025-08-01 10:10:39 AM,317.0,0,0.0,55885686.150000006
2025-08-01 10:10:42 AM,317.0,11,3487.0,55889173.150000006
2025-08-01 10:10:48 AM,317.0,13,4121.0,55893294.150000006
2025-08-01 10:10:58 AM,316.9,0,0.0,55893294.150000006
2025-08-01 10:11:00 AM,317.0,0,0.0,55893294.150000006
2025-08-01 10:11:00 AM,317.0,123,38991.0,55932285.150000006
2025-08-01 10:11:05 AM,317.05,0,0.0,55932285.150000006
2025-08-01 10:11:06 AM,317.05,631,200058.55000000002,56132343.7
2025-08-01 10:11:07 AM,317.25,1,317.25,56132660.95
2025-08-01 10:11:12 AM,317.25,8,2538.0,56135198.95
2025-08-01 10:11:15 AM,317.0,0,0.0,56135198.95
2025-08-01 10:11:18 AM,317.35,1007,319571.45,56454770.400000006
2025-08-01 10:11:23 AM,317.1,0,0.0,56454770.400000006
2025-08-01 10:11:24 AM,317.35,30,9520.5,56464290.900000006
2025-08-01 10:11:29 AM,317.1,19,6024.900000000001,56470315.800000004
2025-08-01 10:11:33 AM,317.0,0,0.0,56470315.800000004
2025-08-01 10:11:35 AM,317.3,0,0.0,56470315.800000004
2025-08-01 10:11:35 AM,317.3,1034,328088.2,56798404.00000001
2025-08-01 10:11:38 AM,317.35,0,0.0,56798404.00000001
2025-08-01 10:11:41 AM,317.35,8,2538.8,56800942.800000004
2025-08-01 10:11:45 AM,317.3,0,0.0,56800942.800000004
2025-08-01 10:11:47 AM,316.95,251,79554.45,56880497.25000001
2025-08-01 10:11:48 AM,317.25,8,2538.0,56883035.25000001
2025-08-01 10:11:58 AM,317.25,11,3489.75,56886525.00000001
2025-08-01 10:12:04 AM,317.0,155,49135.0,56935660.00000001
2025-08-01 10:12:10 AM,317.3,8,2538.4,56938198.400000006
2025-08-01 10:12:17 AM,317.3,1,317.3,56938515.7
2025-08-01 10:12:22 AM,317.3,8,2538.4,56941054.1
2025-08-01 10:12:28 AM,317.3,8,2538.4,56943592.5
2025-08-01 10:12:32 AM,317.05,0,0.0,56943592.5
2025-08-01 10:12:34 AM,317.3,191,60604.3,57004196.8
2025-08-01 10:12:39 AM,317.3,7,2221.1,57006417.9
2025-08-01 10:12:45 AM,317.3,1,317.3,57006735.199999996
2025-08-01 10:12:51 AM,317.3,8,2538.4,57009273.599999994
2025-08-01 10:12:56 AM,317.3,10,3173.0,57012446.599999994
2025-08-01 10:13:02 AM,317.3,10,3173.0,57015619.599999994
2025-08-01 10:13:08 AM,317.3,8,2538.4,57018157.99999999
2025-08-01 10:13:14 AM,317.3,26,8249.800000000001,57026407.79999999
2025-08-01 10:13:20 AM,317.3,17,5394.1,57031801.89999999
2025-08-01 10:13:32 AM,317.3,8,2538.4,57034340.29999999
2025-08-01 10:13:38 AM,317.3,9,2855.7000000000003,57037195.99999999
2025-08-01 10:13:50 AM,317.3,8,2538.4,57039734.39999999
2025-08-01 10:13:56 AM,317.25,0,0.0,57039734.39999999
2025-08-01 10:13:56 AM,317.25,77,24428.25,57064162.64999999
2025-08-01 10:14:01 AM,317.05,89,28217.45,57092380.099999994
2025-08-01 10:14:07 AM,317.05,17,5389.85,57097769.949999996
2025-08-01 10:14:08 AM,317.25,25,7931.25,57105701.199999996
2025-08-01 10:14:11 AM,317.05,0,0.0,57105701.199999996
2025-08-01 10:14:13 AM,317.05,45,14267.25,57119968.449999996
2025-08-01 10:14:19 AM,317.25,24,7614.0,57127582.449999996
2025-08-01 10:14:24 AM,317.25,1,317.25,57127899.699999996
2025-08-01 10:14:30 AM,317.25,108,34263.0,57162162.699999996
2025-08-01 10:14:38 AM,317.05,0,0.0,57162162.699999996
2025-08-01 10:14:42 AM,317.0,0,0.0,57162162.699999996
2025-08-01 10:14:42 AM,317.0,417,132189.0,57294351.699999996
2025-08-01 10:14:48 AM,317.2,8,2537.6,57296889.3
2025-08-01 10:14:59 AM,317.25,0,0.0,57296889.3
2025-08-01 10:14:59 AM,317.25,14,4441.5,57301330.8
2025-08-01 10:15:10 AM,317.25,8,2538.0,57303868.8
2025-08-01 10:15:20 AM,317.0,0,0.0,57303868.8
2025-08-01 10:15:23 AM,317.2,258,81837.59999999999,57385706.4
2025-08-01 10:15:28 AM,317.25,0,0.0,57385706.4
2025-08-01 10:15:29 AM,317.25,18,5710.5,57391416.9
2025-08-01 10:15:32 AM,317.0,0,0.0,57391416.9
2025-08-01 10:15:35 AM,317.0,43,13631.0,57405047.9
2025-08-01 10:15:40 AM,317.25,0,0.0,57405047.9
2025-08-01 10:15:41 AM,317.25,8,2538.0,57407585.9
2025-08-01 10:15:53 AM,317.25,8,2538.0,57410123.9
2025-08-01 10:15:59 AM,317.25,7,2220.75,57412344.65
2025-08-01 10:16:10 AM,317.25,48,15228.0,57427572.65
2025-08-01 10:16:16 AM,317.25,5,1586.25,57429158.9
2025-08-01 10:16:22 AM,317.25,8,2538.0,57431696.9
2025-08-01 10:16:28 AM,317.25,8,2538.0,57434234.9
2025-08-01 10:16:34 AM,317.05,15,4755.75,57438990.65
2025-08-01 10:16:38 AM,317.2,0,0.0,57438990.65
2025-08-01 10:16:39 AM,317.05,27,8560.35,57447551.0
2025-08-01 10:16:50 AM,317.2,0,0.0,57447551.0
2025-08-01 10:16:51 AM,317.2,8,2537.6,57450088.6
2025-08-01 10:16:55 AM,317.05,0,0.0,57450088.6
2025-08-01 10:16:56 AM,317.05,1010,320220.5,57770309.1
2025-08-01 10:16:58 AM,317.2,0,0.0,57770309.1
2025-08-01 10:16:59 AM,317.25,0,0.0,57770309.1
2025-08-01 10:17:01 AM,317.05,0,0.0,57770309.1
2025-08-01 10:17:01 AM,317.05,85,26949.25,57797258.35
2025-08-01 10:17:10 AM,317.25,0,0.0,57797258.35
2025-08-01 10:17:13 AM,317.25,8,2538.0,57799796.35
2025-08-01 10:17:19 AM,317.25,37,11738.25,57811534.6
2025-08-01 10:17:22 AM,317.05,0,0.0,57811534.6
2025-08-01 10:17:25 AM,317.05,111,35192.55,57846727.15
2025-08-01 10:17:29 AM,317.25,0,0.0,57846727.15
2025-08-01 10:17:30 AM,317.25,8,2538.0,57849265.15
2025-08-01 10:17:36 AM,317.25,25,7931.25,57857196.4
2025-08-01 10:17:42 AM,317.25,509,161480.25,58018676.65
2025-08-01 10:17:48 AM,317.25,8,2538.0,58021214.65
2025-08-01 10:17:59 AM,317.25,7,2220.75,58023435.4
2025-08-01 10:18:03 AM,317.1,0,0.0,58023435.4
2025-08-01 10:18:04 AM,317.25,0,0.0,58023435.4
2025-08-01 10:18:05 AM,317.25,200,63450.0,58086885.4
2025-08-01 10:18:11 AM,317.25,8,2538.0,58089423.4
2025-08-01 10:18:23 AM,317.25,8,2538.0,58091961.4
2025-08-01 10:18:29 AM,317.25,55,17448.75,58109410.15
2025-08-01 10:18:37 AM,317.1,0,0.0,58109410.15
2025-08-01 10:18:38 AM,317.25,0,0.0,58109410.15
2025-08-01 10:18:40 AM,317.25,107,33945.75,58143355.9
2025-08-01 10:18:52 AM,317.25,8,2538.0,58145893.9
2025-08-01 10:18:57 AM,317.25,50,15862.5,58161756.4
2025-08-01 10:19:03 AM,317.25,8,2538.0,58164294.4
2025-08-01 10:19:08 AM,317.25,8,2538.0,58166832.4
2025-08-01 10:19:14 AM,317.25,100,31725.0,58198557.4
2025-08-01 10:19:15 AM,317.25,31,9834.75,58208392.15
2025-08-01 10:19:20 AM,316.9,2813,891439.7,59099831.85
2025-08-01 10:19:24 AM,316.95,0,0.0,59099831.85
2025-08-01 10:19:26 AM,316.95,5,1584.75,59101416.6
2025-08-01 10:19:30 AM,317.05,0,0.0,59101416.6
2025-08-01 10:19:32 AM,317.05,61,19340.05,59120756.65
2025-08-01 10:19:37 AM,316.75,42,13303.5,59134060.15
2025-08-01 10:19:38 AM,317.05,8,2536.4,59136596.55
2025-08-01 10:19:42 AM,316.7,0,0.0,59136596.55
2025-08-01 10:19:43 AM,316.7,200,63340.0,59199936.55
2025-08-01 10:19:45 AM,316.9,0,0.0,59199936.55
2025-08-01 10:19:49 AM,316.9,12,3802.7999999999997,59203739.349999994
2025-08-01 10:19:50 AM,316.95,1,316.95,59204056.3
2025-08-01 10:20:00 AM,317.05,0,0.0,59204056.3
2025-08-01 10:20:00 AM,317.05,7,2219.35,59206275.65
2025-08-01 10:20:06 AM,316.95,0,0.0,59206275.65
2025-08-01 10:20:06 AM,317.0,50,15850.0,59222125.65
2025-08-01 10:20:10 AM,317.0,8,2536.0,59224661.65
2025-08-01 10:20:12 AM,316.7,10,3167.0,59227828.65
2025-08-01 10:20:16 AM,317.2,0,0.0,59227828.65
2025-08-01 10:20:16 AM,317.2,2010,637572.0,59865400.65
2025-08-01 10:20:18 AM,317.15,0,0.0,59865400.65
2025-08-01 10:20:18 AM,317.15,8,2537.2,59867937.85
2025-08-01 10:20:22 AM,316.85,0,0.0,59867937.85
2025-08-01 10:20:23 AM,316.85,7,2217.9500000000003,59870155.800000004
2025-08-01 10:20:28 AM,317.1,0,0.0,59870155.800000004
2025-08-01 10:20:28 AM,317.1,8,2536.8,59872692.6
2025-08-01 10:20:36 AM,316.9,0,0.0,59872692.6
2025-08-01 10:20:36 AM,316.9,16,5070.4,59877763.0
2025-08-01 10:20:40 AM,317.15,7,2220.0499999999997,59879983.05
2025-08-01 10:20:42 AM,317.2,0,0.0,59879983.05
2025-08-01 10:20:42 AM,317.2,110,34892.0,59914875.05
2025-08-01 10:20:48 AM,317.2,8,2537.6,59917412.65
2025-08-01 10:20:58 AM,317.2,8,2537.6,59919950.25
2025-08-01 10:21:09 AM,317.2,8,2537.6,59922487.85
2025-08-01 10:21:13 AM,317.0,0,0.0,59922487.85
2025-08-01 10:21:15 AM,317.0,126,39942.0,59962429.85
2025-08-01 10:21:20 AM,317.0,7,2219.0,59964648.85
2025-08-01 10:21:22 AM,317.0,3,951.0,59965599.85
2025-08-01 10:21:31 AM,316.8,108,34214.4,59999814.25
2025-08-01 10:21:38 AM,317.0,8,2536.0,60002350.25
2025-08-01 10:21:42 AM,317.0,28,8876.0,60011226.25
2025-08-01 10:21:50 AM,317.0,8,2536.0,60013762.25
2025-08-01 10:21:59 AM,317.0,7,2219.0,60015981.25
2025-08-01 10:22:11 AM,317.0,8,2536.0,60018517.25
2025-08-01 10:22:12 AM,316.85,13,4119.05,60022636.3
2025-08-01 10:22:18 AM,316.85,108,34219.8,60056856.099999994
2025-08-01 10:22:20 AM,317.0,0,0.0,60056856.099999994
2025-08-01 10:22:23 AM,317.0,100,31700.0,60088556.099999994
2025-08-01 10:22:29 AM,317.0,8,2536.0,60091092.099999994
2025-08-01 10:22:40 AM,317.0,7,2219.0,60093311.099999994
2025-08-01 10:22:44 AM,316.85,0,0.0,60093311.099999994
2025-08-01 10:22:45 AM,316.85,1,316.85,60093627.949999996
2025-08-01 10:22:50 AM,317.0,0,0.0,60093627.949999996
2025-08-01 10:22:50 AM,317.0,9,2853.0,60096480.949999996
2025-08-01 10:22:55 AM,316.85,1,316.85,60096797.8
2025-08-01 10:22:58 AM,316.65,1008,319183.19999999995,60415981.0
2025-08-01 10:23:10 AM,316.95,148,46908.6,60462889.6
2025-08-01 10:23:18 AM,316.95,7,2218.65,60465108.25
2025-08-01 10:23:24 AM,317.0,50,15850.0,60480958.25
2025-08-01 10:23:26 AM,316.95,0,0.0,60480958.25
2025-08-01 10:23:27 AM,316.95,133,42154.35,60523112.6
2025-08-01 10:23:29 AM,317.0,0,0.0,60523112.6
2025-08-01 10:23:30 AM,317.0,8,2536.0,60525648.6
2025-08-01 10:23:38 AM,317.0,8,2536.0,60528184.6
2025-08-01 10:23:44 AM,317.0,1,317.0,60528501.6
2025-08-01 10:23:46 AM,317.0,6,1902.0,60530403.6
2025-08-01 10:23:49 AM,316.95,0,0.0,60530403.6
2025-08-01 10:23:50 AM,316.95,37,11727.15,60542130.75
2025-08-01 10:24:01 AM,316.7,0,0.0,60542130.75
2025-08-01 10:24:01 AM,316.7,57,18051.899999999998,60560182.65
2025-08-01 10:24:08 AM,316.95,8,2535.6,60562718.25
2025-08-01 10:24:19 AM,316.95,8,2535.6,60565253.85
2025-08-01 10:24:22 AM,316.65,0,0.0,60565253.85
2025-08-01 10:24:23 AM,316.65,60,18999.0,60584252.85
2025-08-01 10:24:28 AM,316.9,0,0.0,60584252.85
2025-08-01 10:24:28 AM,316.9,8,2535.2,60586788.050000004
2025-08-01 10:24:34 AM,316.65,0,0.0,60586788.050000004
2025-08-01 10:24:34 AM,316.65,18,5699.7,60592487.75000001
2025-08-01 10:24:38 AM,316.95,0,0.0,60592487.75000001
2025-08-01 10:24:39 AM,316.95,17,5388.15,60597875.900000006
2025-08-01 10:24:47 AM,317.0,0,0.0,60597875.900000006
2025-08-01 10:24:47 AM,317.0,80,25360.0,60623235.900000006
2025-08-01 10:24:50 AM,316.95,0,0.0,60623235.900000006
2025-08-01 10:24:50 AM,316.95,8,2535.6,60625771.50000001
2025-08-01 10:24:52 AM,316.95,50,15847.5,60641619.00000001
2025-08-01 10:24:56 AM,316.95,10,3169.5,60644788.50000001
2025-08-01 10:24:58 AM,316.8,0,0.0,60644788.50000001
2025-08-01 10:24:58 AM,316.8,8,2534.4,60647322.900000006
2025-08-01 10:25:10 AM,316.8,8,2534.4,60649857.300000004
2025-08-01 10:25:14 AM,316.65,0,0.0,60649857.300000004
2025-08-01 10:25:16 AM,316.65,1,316.65,60650173.95
2025-08-01 10:25:18 AM,316.8,0,0.0,60650173.95
2025-08-01 10:25:19 AM,316.8,7,2217.6,60652391.550000004
2025-08-01 10:25:30 AM,316.8,8,2534.4,60654925.95
2025-08-01 10:25:36 AM,316.8,2,633.6,60655559.550000004
2025-08-01 10:25:38 AM,316.95,8,2535.6,60658095.150000006
2025-08-01 10:25:41 AM,316.65,0,0.0,60658095.150000006
2025-08-01 10:25:41 AM,316.65,328,103861.2,60761956.35000001
2025-08-01 10:25:48 AM,316.9,0,0.0,60761956.35000001
2025-08-01 10:25:49 AM,316.65,108,34198.2,60796154.55000001
2025-08-01 10:25:52 AM,316.7,25,7917.5,60804072.05000001
2025-08-01 10:25:59 AM,316.95,0,0.0,60804072.05000001
2025-08-01 10:26:00 AM,316.95,7,2218.65,60806290.70000001
2025-08-01 10:26:05 AM,316.95,1,316.95,60806607.65000001
2025-08-01 10:26:09 AM,316.95,8,2535.6,60809143.250000015
2025-08-01 10:26:20 AM,316.95,8,2535.6,60811678.85000002
2025-08-01 10:26:26 AM,316.95,273,86527.34999999999,60898206.20000002
2025-08-01 10:26:28 AM,317.0,9,2853.0,60901059.20000002
2025-08-01 10:26:39 AM,316.95,0,0.0,60901059.20000002
2025-08-01 10:26:40 AM,316.95,27,8557.65,60909616.85000002
2025-08-01 10:26:46 AM,316.95,31,9825.449999999999,60919442.30000002
2025-08-01 10:26:49 AM,316.95,8,2535.6,60921977.90000002
2025-08-01 10:26:55 AM,316.95,6,1901.6999999999998,60923879.600000024
2025-08-01 10:27:00 AM,316.95,8,2535.6,60926415.200000025
2025-08-01 10:27:09 AM,316.95,8,2535.6,60928950.80000003
2025-08-01 10:27:20 AM,317.0,0,0.0,60928950.80000003
2025-08-01 10:27:20 AM,317.0,48,15216.0,60944166.80000003
2025-08-01 10:27:28 AM,317.0,8,2536.0,60946702.80000003
2025-08-01 10:27:39 AM,317.0,8,2536.0,60949238.80000003
2025-08-01 10:27:50 AM,316.95,0,0.0,60949238.80000003
2025-08-01 10:27:50 AM,316.95,108,34230.6,60983469.40000003
2025-08-01 10:27:53 AM,316.95,9,2852.5499999999997,60986321.950000025
2025-08-01 10:27:58 AM,317.0,0,0.0,60986321.950000025
2025-08-01 10:27:58 AM,317.0,9,2853.0,60989174.950000025
2025-08-01 10:28:01 AM,317.0,5,1585.0,60990759.950000025
2025-08-01 10:28:09 AM,317.0,8,2536.0,60993295.950000025
2025-08-01 10:28:10 AM,316.95,0,0.0,60993295.950000025
2025-08-01 10:28:12 AM,317.0,70,22190.0,61015485.950000025
2025-08-01 10:28:20 AM,317.0,8,2536.0,61018021.950000025
2025-08-01 10:28:28 AM,317.0,8,2536.0,61020557.950000025
2025-08-01 10:28:34 AM,317.0,625,198125.0,61218682.950000025
2025-08-01 10:28:36 AM,317.0,3,951.0,61219633.950000025
2025-08-01 10:28:39 AM,317.0,7,2219.0,61221852.950000025
2025-08-01 10:28:41 AM,316.95,0,0.0,61221852.950000025
2025-08-01 10:28:42 AM,316.95,2,633.9,61222486.850000024
2025-08-01 10:28:48 AM,317.0,8,2536.0,61225022.850000024
2025-08-01 10:28:59 AM,317.0,24,7608.0,61232630.850000024
2025-08-01 10:29:02 AM,317.0,24,7608.0,61240238.850000024
2025-08-01 10:29:10 AM,317.0,8,2536.0,61242774.850000024
2025-08-01 10:29:19 AM,317.0,7,2219.0,61244993.850000024
2025-08-01 10:29:29 AM,317.0,8,2536.0,61247529.850000024
2025-08-01 10:29:38 AM,317.0,200,63400.0,61310929.850000024
2025-08-01 10:29:41 AM,317.0,58,18386.0,61329315.850000024
2025-08-01 10:29:48 AM,317.0,8,2536.0,61331851.850000024
2025-08-01 10:29:54 AM,317.0,1,317.0,61332168.850000024
2025-08-01 10:29:57 AM,317.0,50,15850.0,61348018.850000024
2025-08-01 10:30:00 AM,317.0,7,2219.0,61350237.850000024
2025-08-01 10:30:05 AM,317.0,6,1902.0,61352139.850000024
2025-08-01 10:30:09 AM,317.0,8,2536.0,61354675.850000024
2025-08-01 10:30:15 AM,317.0,5,1585.0,61356260.850000024
2025-08-01 10:30:16 AM,316.8,0,0.0,61356260.850000024
2025-08-01 10:30:17 AM,316.8,250,79200.0,61435460.850000024
2025-08-01 10:30:19 AM,317.0,0,0.0,61435460.850000024
2025-08-01 10:30:20 AM,317.0,8,2536.0,61437996.850000024
2025-08-01 10:30:28 AM,317.0,8,2536.0,61440532.850000024
2025-08-01 10:30:40 AM,317.0,7,2219.0,61442751.850000024
2025-08-01 10:30:48 AM,317.0,8,2536.0,61445287.850000024
2025-08-01 10:30:59 AM,317.0,8,2536.0,61447823.850000024
2025-08-01 10:31:09 AM,317.0,8,2536.0,61450359.850000024
2025-08-01 10:31:12 AM,317.0,7,2219.0,61452578.850000024
2025-08-01 10:31:17 AM,317.0,78,24726.0,61477304.850000024
2025-08-01 10:31:20 AM,317.0,7,2219.0,61479523.850000024
2025-08-01 10:31:23 AM,316.8,0,0.0,61479523.850000024
2025-08-01 10:31:23 AM,317.05,0,0.0,61479523.850000024
2025-08-01 10:31:23 AM,317.05,601,190547.05000000002,61670070.90000002
2025-08-01 10:31:25 AM,316.95,0,0.0,61670070.90000002
2025-08-01 10:31:26 AM,316.95,9,2852.5499999999997,61672923.45000002
2025-08-01 10:31:28 AM,317.2,8,2537.6,61675461.05000002
2025-08-01 10:31:39 AM,316.9,0,0.0,61675461.05000002
2025-08-01 10:31:39 AM,316.9,58,18380.199999999997,61693841.25000002
2025-08-01 10:31:49 AM,317.2,0,0.0,61693841.25000002
2025-08-01 10:31:51 AM,317.2,8,2537.6,61696378.850000024
2025-08-01 10:32:00 AM,317.2,7,2220.4,61698599.25000002
2025-08-01 10:32:11 AM,317.2,8,2537.6,61701136.850000024
2025-08-01 10:32:20 AM,317.3,0,0.0,61701136.850000024
2025-08-01 10:32:20 AM,317.3,58,18403.4,61719540.25000002
2025-08-01 10:32:27 AM,317.2,0,0.0,61719540.25000002
2025-08-01 10:32:27 AM,317.2,3,951.5999999999999,61720491.850000024
2025-08-01 10:32:29 AM,317.3,0,0.0,61720491.850000024
2025-08-01 10:32:30 AM,317.3,8,2538.4,61723030.25000002
2025-08-01 10:32:33 AM,317.35,0,0.0,61723030.25000002
2025-08-01 10:32:33 AM,317.35,50,15867.500000000002,61738897.75000002
2025-08-01 10:32:40 AM,317.35,7,2221.4500000000003,61741119.200000025
2025-08-01 10:32:44 AM,317.2,0,0.0,61741119.200000025
2025-08-01 10:32:45 AM,317.35,0,0.0,61741119.200000025
2025-08-01 10:32:45 AM,317.35,46,14598.1,61755717.30000003
2025-08-01 10:32:48 AM,317.35,18,5712.3,61761429.600000024
2025-08-01 10:32:51 AM,317.35,15,4760.25,61766189.850000024
2025-08-01 10:33:00 AM,317.35,8,2538.8,61768728.65000002
2025-08-01 10:33:11 AM,317.35,8,2538.8,61771267.45000002
2025-08-01 10:33:17 AM,316.95,500,158475.0,61929742.45000002
2025-08-01 10:33:19 AM,317.3,7,2221.1,61931963.55000002
2025-08-01 10:33:20 AM,317.45,0,0.0,61931963.55000002
2025-08-01 10:33:22 AM,317.45,724,229833.8,62161797.35000002
2025-08-01 10:33:28 AM,317.5,8,2540.0,62164337.35000002
2025-08-01 10:33:33 AM,317.5,100,31750.0,62196087.35000002
2025-08-01 10:33:35 AM,317.3,0,0.0,62196087.35000002
2025-08-01 10:33:35 AM,317.3,1,317.3,62196404.65000001
2025-08-01 10:33:38 AM,317.55,0,0.0,62196404.65000001
2025-08-01 10:33:38 AM,317.55,8,2540.4,62198945.05000001
2025-08-01 10:33:50 AM,317.55,8,2540.4,62201485.45000001
2025-08-01 10:33:52 AM,317.5,1,317.5,62201802.95000001
2025-08-01 10:33:58 AM,317.5,65,20637.5,62222440.45000001
2025-08-01 10:34:01 AM,317.5,7,2222.5,62224662.95000001
2025-08-01 10:34:09 AM,317.5,9,2857.5,62227520.45000001
2025-08-01 10:34:13 AM,317.5,15,4762.5,62232282.95000001
2025-08-01 10:34:19 AM,317.5,8,2540.0,62234822.95000001
2025-08-01 10:34:26 AM,317.5,45,14287.5,62249110.45000001
2025-08-01 10:34:29 AM,317.5,33,10477.5,62259587.95000001
2025-08-01 10:34:31 AM,317.5,617,195897.5,62455485.45000001
2025-08-01 10:34:40 AM,317.8,0,0.0,62455485.45000001
2025-08-01 10:34:41 AM,317.8,410,130298.0,62585783.45000001
2025-08-01 10:34:49 AM,317.7,8,2541.6,62588325.05000001
2025-08-01 10:34:52 AM,317.7,607,192843.9,62781168.95000001
2025-08-01 10:34:58 AM,317.7,9,2859.2999999999997,62784028.25000001
2025-08-01 10:35:00 AM,317.8,0,0.0,62784028.25000001
2025-08-01 10:35:00 AM,317.8,4,1271.2,62785299.45000001
2025-08-01 10:35:03 AM,317.7,0,0.0,62785299.45000001
2025-08-01 10:35:04 AM,317.7,100,31770.0,62817069.45000001
2025-08-01 10:35:08 AM,317.8,0,0.0,62817069.45000001
2025-08-01 10:35:09 AM,317.8,8,2542.4,62819611.85000001
2025-08-01 10:35:12 AM,317.8,292,92797.6,62912409.45000001
2025-08-01 10:35:15 AM,317.75,0,0.0,62912409.45000001
2025-08-01 10:35:15 AM,317.75,35,11121.25,62923530.70000001
2025-08-01 10:35:21 AM,317.75,7,2224.25,62925754.95000001
2025-08-01 10:35:27 AM,317.6,0,0.0,62925754.95000001
2025-08-01 10:35:28 AM,317.65,84,26682.6,62952437.55000001
2025-08-01 10:35:32 AM,317.65,40,12706.0,62965143.55000001
2025-08-01 10:35:36 AM,317.7,0,0.0,62965143.55000001
2025-08-01 10:35:38 AM,317.7,1,317.7,62965461.250000015
2025-08-01 10:35:40 AM,317.7,8,2541.6,62968002.85000002
2025-08-01 10:35:45 AM,317.65,0,0.0,62968002.85000002
2025-08-01 10:35:46 AM,317.65,392,124518.79999999999,63092521.65000001
2025-08-01 10:35:48 AM,317.7,0,0.0,63092521.65000001
2025-08-01 10:35:49 AM,317.7,171,54326.7,63146848.35000002
2025-08-01 10:35:54 AM,318.0,5620,1787160.0,64934008.35000002
2025-08-01 10:36:00 AM,318.0,7,2226.0,64936234.35000002
2025-08-01 10:36:08 AM,318.0,8,2544.0,64938778.35000002
2025-08-01 10:36:17 AM,318.0,15,4770.0,64943548.35000002
2025-08-01 10:36:19 AM,317.9,0,0.0,64943548.35000002
2025-08-01 10:36:19 AM,317.9,168,53407.2,64996955.55000002
2025-08-01 10:36:22 AM,318.0,5,1590.0,64998545.55000002
2025-08-01 10:36:30 AM,318.0,8,2544.0,65001089.55000002
2025-08-01 10:36:37 AM,317.9,0,0.0,65001089.55000002
2025-08-01 10:36:39 AM,318.0,11,3498.0,65004587.55000002
2025-08-01 10:36:47 AM,318.0,94,29892.0,65034479.55000002
2025-08-01 10:36:50 AM,318.0,8,2544.0,65037023.55000002
2025-08-01 10:36:53 AM,317.8,0,0.0,65037023.55000002
2025-08-01 10:36:55 AM,317.8,1091,346719.8,65383743.35000002
2025-08-01 10:37:00 AM,317.65,0,0.0,65383743.35000002
2025-08-01 10:37:01 AM,317.65,17,5400.049999999999,65389143.40000001
2025-08-01 10:37:08 AM,317.9,8,2543.2,65391686.60000002
2025-08-01 10:37:12 AM,317.65,243,77188.95,65468875.55000002
2025-08-01 10:37:13 AM,317.5,0,0.0,65468875.55000002
2025-08-01 10:37:14 AM,317.5,32,10160.0,65479035.55000002
2025-08-01 10:37:19 AM,317.5,107,33972.5,65513008.05000002
2025-08-01 10:37:28 AM,317.65,8,2541.2,65515549.25000002
2025-08-01 10:37:34 AM,317.7,100,31770.0,65547319.25000002
2025-08-01 10:37:39 AM,317.7,8,2541.6,65549860.850000024
2025-08-01 10:37:41 AM,317.4,0,0.0,65549860.850000024
2025-08-01 10:37:42 AM,317.65,95,30176.749999999996,65580037.600000024
2025-08-01 10:37:45 AM,317.65,1,317.65,65580355.25000002
2025-08-01 10:37:47 AM,317.4,0,0.0,65580355.25000002
2025-08-01 10:37:48 AM,317.4,1,317.4,65580672.65000002
2025-08-01 10:37:49 AM,317.65,0,0.0,65580672.65000002
2025-08-01 10:37:51 AM,317.65,8,2541.2,65583213.850000024
2025-08-01 10:37:59 AM,317.65,7,2223.5499999999997,65585437.40000002
2025-08-01 10:38:06 AM,317.4,0,0.0,65585437.40000002
2025-08-01 10:38:08 AM,317.7,25,7942.5,65593379.90000002
2025-08-01 10:38:21 AM,317.7,8,2541.6,65595921.50000002
2025-08-01 10:38:29 AM,317.7,8,2541.6,65598463.100000024
2025-08-01 10:38:32 AM,317.5,0,0.0,65598463.100000024
2025-08-01 10:38:33 AM,317.5,20,6350.0,65604813.100000024
2025-08-01 10:38:36 AM,317.65,530,168354.5,65773167.600000024
2025-08-01 10:38:39 AM,317.65,7,2223.5499999999997,65775391.15000002
2025-08-01 10:38:50 AM,317.65,8,2541.2,65777932.350000024
2025-08-01 10:38:58 AM,317.65,8,2541.2,65780473.55000003
2025-08-01 10:39:03 AM,317.4,0,0.0,65780473.55000003
2025-08-01 10:39:03 AM,317.4,64,20313.6,65800787.15000003
2025-08-01 10:39:08 AM,317.65,0,0.0,65800787.15000003
2025-08-01 10:39:09 AM,317.4,72,22852.8,65823639.950000025
2025-08-01 10:39:18 AM,317.4,31,9839.4,65833479.350000024
2025-08-01 10:39:20 AM,317.4,3,952.1999999999999,65834431.55000003
2025-08-01 10:39:29 AM,317.65,0,0.0,65834431.55000003
2025-08-01 10:39:29 AM,317.65,8,2541.2,65836972.75000003
2025-08-01 10:39:40 AM,317.6,1008,320140.80000000005,66157113.55000003
2025-08-01 10:39:43 AM,317.6,70,22232.0,66179345.55000003
2025-08-01 10:39:44 AM,317.4,0,0.0,66179345.55000003
2025-08-01 10:39:46 AM,317.4,16,5078.4,66184423.950000025
2025-08-01 10:39:48 AM,317.6,63,20008.800000000003,66204432.75000002
2025-08-01 10:39:51 AM,317.6,30,9528.0,66213960.75000002
2025-08-01 10:39:59 AM,317.6,7,2223.2000000000003,66216183.950000025
2025-08-01 10:40:10 AM,317.6,8,2540.8,66218724.75000002
2025-08-01 10:40:19 AM,317.6,8,2540.8,66221265.55000002
2025-08-01 10:40:24 AM,317.4,0,0.0,66221265.55000002
2025-08-01 10:40:24 AM,317.4,50,15869.999999999998,66237135.55000002
2025-08-01 10:40:29 AM,317.65,0,0.0,66237135.55000002
2025-08-01 10:40:30 AM,317.65,8,2541.2,66239676.75000002
2025-08-01 10:40:38 AM,317.65,10,3176.5,66242853.25000002
2025-08-01 10:40:49 AM,317.65,8,2541.2,66245394.450000025
2025-08-01 10:40:58 AM,317.65,8,2541.2,66247935.65000003
2025-08-01 10:41:09 AM,317.65,8,2541.2,66250476.85000003
2025-08-01 10:41:14 AM,317.4,0,0.0,66250476.85000003
2025-08-01 10:41:15 AM,317.4,50,15869.999999999998,66266346.85000003
2025-08-01 10:41:17 AM,317.4,23,7300.2,66273647.050000034
2025-08-01 10:41:18 AM,317.65,0,0.0,66273647.050000034
2025-08-01 10:41:20 AM,317.7,300,95310.0,66368957.050000034
2025-08-01 10:41:29 AM,317.65,0,0.0,66368957.050000034
2025-08-01 10:41:32 AM,317.65,8,2541.2,66371498.25000004
2025-08-01 10:41:36 AM,317.4,0,0.0,66371498.25000004
2025-08-01 10:41:37 AM,317.4,1,317.4,66371815.650000036
2025-08-01 10:41:38 AM,317.65,0,0.0,66371815.650000036
2025-08-01 10:41:39 AM,317.65,8,2541.2,66374356.85000004
2025-08-01 10:41:43 AM,317.3,0,0.0,66374356.85000004
2025-08-01 10:41:43 AM,317.3,95,30143.5,66404500.35000004
2025-08-01 10:41:48 AM,317.65,8,2541.2,66407041.55000004
2025-08-01 10:41:53 AM,317.35,0,0.0,66407041.55000004
2025-08-01 10:41:53 AM,317.3,60,19038.0,66426079.55000004
2025-08-01 10:41:59 AM,317.65,0,0.0,66426079.55000004
2025-08-01 10:41:59 AM,317.65,7,2223.5499999999997,66428303.10000004
2025-08-01 10:42:04 AM,317.35,25,7933.750000000001,66436236.85000004
2025-08-01 10:42:06 AM,317.6,50,15880.000000000002,66452116.85000004
2025-08-01 10:42:09 AM,317.65,0,0.0,66452116.85000004
2025-08-01 10:42:10 AM,317.65,8,2541.2,66454658.05000004
2025-08-01 10:42:15 AM,317.3,0,0.0,66454658.05000004
2025-08-01 10:42:16 AM,317.3,25,7932.5,66462590.55000004
2025-08-01 10:42:19 AM,317.65,0,0.0,66462590.55000004
2025-08-01 10:42:21 AM,317.65,8,2541.2,66465131.750000045
2025-08-01 10:42:27 AM,317.05,0,0.0,66465131.750000045
2025-08-01 10:42:29 AM,317.45,2009,637757.0499999999,67102888.80000004
2025-08-01 10:42:34 AM,317.45,30,9523.5,67112412.30000004
2025-08-01 10:42:38 AM,317.5,7,2222.5,67114634.80000004
2025-08-01 10:42:43 AM,317.5,10,3175.0,67117809.80000004
2025-08-01 10:42:49 AM,317.5,8,2540.0,67120349.80000004
2025-08-01 10:43:00 AM,317.05,0,0.0,67120349.80000004
2025-08-01 10:43:00 AM,317.05,338,107162.90000000001,67227512.70000005
2025-08-01 10:43:08 AM,317.45,100,31745.0,67259257.70000005
2025-08-01 10:43:11 AM,317.45,8,2539.6,67261797.30000004
2025-08-01 10:43:12 AM,317.05,0,0.0,67261797.30000004
2025-08-01 10:43:13 AM,317.05,404,128088.20000000001,67389885.50000004
2025-08-01 10:43:18 AM,317.4,0,0.0,67389885.50000004
2025-08-01 10:43:19 AM,317.4,7,2221.7999999999997,67392107.30000004
2025-08-01 10:43:29 AM,317.4,8,2539.2,67394646.50000004
2025-08-01 10:43:38 AM,317.45,0,0.0,67394646.50000004
2025-08-01 10:43:38 AM,317.45,8,2539.6,67397186.10000004
2025-08-01 10:43:43 AM,317.5,1201,381317.5,67778503.60000004
2025-08-01 10:43:48 AM,317.65,0,0.0,67778503.60000004
2025-08-01 10:43:48 AM,317.65,8,2541.2,67781044.80000004
2025-08-01 10:43:56 AM,317.65,40,12706.0,67793750.80000004
2025-08-01 10:43:58 AM,317.65,7,2223.5499999999997,67795974.35000004
2025-08-01 10:44:02 AM,317.75,0,0.0,67795974.35000004
2025-08-01 10:44:03 AM,317.75,150,47662.5,67843636.85000004
2025-08-01 10:44:08 AM,317.65,0,0.0,67843636.85000004
2025-08-01 10:44:09 AM,317.65,8,2541.2,67846178.05000004
2025-08-01 10:44:18 AM,317.75,0,0.0,67846178.05000004
2025-08-01 10:44:20 AM,317.75,8,2542.0,67848720.05000004
2025-08-01 10:44:22 AM,317.45,0,0.0,67848720.05000004
2025-08-01 10:44:22 AM,317.45,5,1587.25,67850307.30000004
2025-08-01 10:44:28 AM,317.75,0,0.0,67850307.30000004
2025-08-01 10:44:28 AM,317.75,8,2542.0,67852849.30000004
2025-08-01 10:44:36 AM,317.75,100,31775.0,67884624.30000004
2025-08-01 10:44:38 AM,317.7,0,0.0,67884624.30000004
2025-08-01 10:44:39 AM,317.7,22,6989.4,67891613.70000005
2025-08-01 10:44:40 AM,317.45,0,0.0,67891613.70000005
2025-08-01 10:44:42 AM,317.45,10,3174.5,67894788.20000005
2025-08-01 10:44:49 AM,317.7,0,0.0,67894788.20000005
2025-08-01 10:44:50 AM,317.7,8,2541.6,67897329.80000004
2025-08-01 10:44:53 AM,317.45,0,0.0,67897329.80000004
2025-08-01 10:44:55 AM,317.4,200,63479.99999999999,67960809.80000004
2025-08-01 10:44:58 AM,317.65,0,0.0,67960809.80000004
2025-08-01 10:45:00 AM,317.65,8,2541.2,67963351.00000004
2025-08-01 10:45:06 AM,317.4,1,317.4,67963668.40000005
2025-08-01 10:45:08 AM,317.65,0,0.0,67963668.40000005
2025-08-01 10:45:09 AM,317.65,8,2541.2,67966209.60000005
2025-08-01 10:45:17 AM,317.65,1,317.65,67966527.25000006
2025-08-01 10:45:20 AM,317.65,7,2223.5499999999997,67968750.80000006
2025-08-01 10:45:28 AM,317.65,8,2541.2,67971292.00000006
2025-08-01 10:45:39 AM,317.7,0,0.0,67971292.00000006
2025-08-01 10:45:39 AM,317.7,8,2541.6,67973833.60000005
2025-08-01 10:45:49 AM,317.7,8,2541.6,67976375.20000005
2025-08-01 10:45:56 AM,317.5,0,0.0,67976375.20000005
2025-08-01 10:45:58 AM,317.5,57,18097.5,67994472.70000005
2025-08-01 10:46:03 AM,317.5,1,317.5,67994790.20000005
2025-08-01 10:46:09 AM,317.5,158,50165.0,68044955.20000005
2025-08-01 10:46:14 AM,317.45,0,0.0,68044955.20000005
2025-08-01 10:46:15 AM,317.45,69,21904.05,68066859.25000004
2025-08-01 10:46:19 AM,317.4,0,0.0,68066859.25000004
2025-08-01 10:46:21 AM,317.4,8,2539.2,68069398.45000005
2025-08-01 10:46:28 AM,317.35,8,2538.8,68071937.25000004
2025-08-01 10:46:39 AM,317.35,7,2221.4500000000003,68074158.70000005
2025-08-01 10:46:49 AM,317.35,8,2538.8,68076697.50000004
2025-08-01 10:47:00 AM,317.35,27,8568.45,68085265.95000005
2025-08-01 10:47:06 AM,317.35,10,3173.5,68088439.45000005
2025-08-01 10:47:10 AM,317.35,10,3173.5,68091612.95000005
2025-08-01 10:47:20 AM,317.15,0,0.0,68091612.95000005
2025-08-01 10:47:21 AM,317.15,57,18077.55,68109690.50000004
2025-08-01 10:47:28 AM,317.35,8,2538.8,68112229.30000004
2025-08-01 10:47:39 AM,317.35,8,2538.8,68114768.10000004
2025-08-01 10:47:50 AM,317.35,8,2538.8,68117306.90000004
2025-08-01 10:47:57 AM,317.15,0,0.0,68117306.90000004
2025-08-01 10:47:59 AM,317.35,32,10155.2,68127462.10000004
2025-08-01 10:48:09 AM,317.35,8,2538.8,68130000.90000004
2025-08-01 10:48:20 AM,317.35,8,2538.8,68132539.70000003
2025-08-01 10:48:21 AM,317.15,0,0.0,68132539.70000003
2025-08-01 10:48:23 AM,317.15,1,317.15,68132856.85000004
2025-08-01 10:48:28 AM,317.35,0,0.0,68132856.85000004
2025-08-01 10:48:28 AM,317.35,8,2538.8,68135395.65000004
2025-08-01 10:48:39 AM,317.35,7,2221.4500000000003,68137617.10000004
2025-08-01 10:48:48 AM,317.35,8,2538.8,68140155.90000004
2025-08-01 10:48:59 AM,317.35,8,2538.8,68142694.70000003
2025-08-01 10:49:00 AM,317.15,0,0.0,68142694.70000003
2025-08-01 10:49:00 AM,317.15,50,15857.499999999998,68158552.20000003
2025-08-01 10:49:09 AM,317.35,0,0.0,68158552.20000003
2025-08-01 10:49:10 AM,317.35,8,2538.8,68161091.00000003
2025-08-01 10:49:20 AM,317.35,7,2221.4500000000003,68163312.45000003
2025-08-01 10:49:31 AM,317.35,8,2538.8,68165851.25000003
2025-08-01 10:49:35 AM,317.1,0,0.0,68165851.25000003
2025-08-01 10:49:37 AM,317.1,104,32978.4,68198829.65000004
2025-08-01 10:49:38 AM,317.35,8,2538.8,68201368.45000003
2025-08-01 10:49:48 AM,317.35,8,2538.8,68203907.25000003
2025-08-01 10:49:51 AM,317.0,0,0.0,68203907.25000003
2025-08-01 10:49:52 AM,317.0,97,30749.0,68234656.25000003
2025-08-01 10:49:56 AM,317.05,0,0.0,68234656.25000003
2025-08-01 10:49:58 AM,317.05,129,40899.450000000004,68275555.70000003
2025-08-01 10:49:59 AM,317.2,7,2220.4,68277776.10000004
2025-08-01 10:50:08 AM,317.3,0,0.0,68277776.10000004
2025-08-01 10:50:09 AM,317.3,8,2538.4,68280314.50000004
2025-08-01 10:50:20 AM,317.3,8,2538.4,68282852.90000005
2025-08-01 10:50:31 AM,317.3,8,2538.4,68285391.30000006
2025-08-01 10:50:38 AM,317.3,7,2221.1,68287612.40000005
2025-08-01 10:50:48 AM,317.3,8,2538.4,68290150.80000006
2025-08-01 10:50:54 AM,317.0,0,0.0,68290150.80000006
2025-08-01 10:50:54 AM,317.0,50,15850.0,68306000.80000006
2025-08-01 10:50:58 AM,317.3,0,0.0,68306000.80000006
2025-08-01 10:51:00 AM,317.3,8,2538.4,68308539.20000006
2025-08-01 10:51:06 AM,317.0,530,168010.0,68476549.20000006
2025-08-01 10:51:10 AM,317.3,0,0.0,68476549.20000006
2025-08-01 10:51:11 AM,317.3,8,2538.4,68479087.60000007
2025-08-01 10:51:22 AM,317.3,7,2221.1,68481308.70000006
2025-08-01 10:51:22 AM,316.8,500,158400.0,68639708.70000006
2025-08-01 10:51:24 AM,316.85,0,0.0,68639708.70000006
2025-08-01 10:51:27 AM,316.85,25,7921.250000000001,68647629.95000006
2025-08-01 10:51:28 AM,317.15,0,0.0,68647629.95000006
2025-08-01 10:51:33 AM,317.15,8,2537.2,68650167.15000007
2025-08-01 10:51:36 AM,317.25,0,0.0,68650167.15000007
2025-08-01 10:51:38 AM,317.3,0,0.0,68650167.15000007
2025-08-01 10:51:38 AM,317.3,324,102805.2,68752972.35000007
2025-08-01 10:51:46 AM,317.2,0,0.0,68752972.35000007
2025-08-01 10:51:48 AM,317.35,0,0.0,68752972.35000007
2025-08-01 10:51:49 AM,317.35,146,46333.100000000006,68799305.45000006
2025-08-01 10:51:55 AM,317.2,10,3172.0,68802477.45000006
2025-08-01 10:52:00 AM,317.2,159,50434.799999999996,68852912.25000006
2025-08-01 10:52:11 AM,317.2,8,2537.6,68855449.85000005
2025-08-01 10:52:18 AM,317.25,0,0.0,68855449.85000005
2025-08-01 10:52:22 AM,317.25,8,2538.0,68857987.85000005
2025-08-01 10:52:28 AM,317.3,0,0.0,68857987.85000005
2025-08-01 10:52:32 AM,317.3,8,2538.4,68860526.25000006
2025-08-01 10:52:38 AM,317.0,52,16484.0,68877010.25000006
2025-08-01 10:52:38 AM,317.3,0,0.0,68877010.25000006
2025-08-01 10:52:38 AM,317.3,7,2221.1,68879231.35000005
2025-08-01 10:52:48 AM,317.3,8,2538.4,68881769.75000006
2025-08-01 10:52:58 AM,317.25,0,0.0,68881769.75000006
2025-08-01 10:52:59 AM,317.25,65,20621.25,68902391.00000006
2025-08-01 10:53:09 AM,317.25,58,18400.5,68920791.50000006
2025-08-01 10:53:18 AM,317.2,0,0.0,68920791.50000006
2025-08-01 10:53:20 AM,317.2,7,2220.4,68923011.90000007
2025-08-01 10:53:26 AM,317.2,1,317.2,68923329.10000007
2025-08-01 10:53:31 AM,317.2,73,23155.6,68946484.70000006
2025-08-01 10:53:41 AM,317.0,339,107463.0,69053947.70000006
2025-08-01 10:53:48 AM,317.1,0,0.0,69053947.70000006
2025-08-01 10:53:52 AM,317.1,14,4439.400000000001,69058387.10000007
2025-08-01 10:53:58 AM,317.1,7,2219.7000000000003,69060606.80000007
2025-08-01 10:54:08 AM,317.1,8,2536.8,69063143.60000007
2025-08-01 10:54:19 AM,317.1,8,2536.8,69065680.40000007
2025-08-01 10:54:24 AM,316.95,0,0.0,69065680.40000007
2025-08-01 10:54:24 AM,316.95,30,9508.5,69075188.90000007
2025-08-01 10:54:30 AM,317.1,8,2536.8,69077725.70000006
2025-08-01 10:54:40 AM,317.1,7,2219.7000000000003,69079945.40000007
2025-08-01 10:54:48 AM,317.05,0,0.0,69079945.40000007
2025-08-01 10:54:51 AM,317.05,8,2536.4,69082481.80000007
2025-08-01 10:55:01 AM,317.05,8,2536.4,69085018.20000008
2025-08-01 10:55:10 AM,316.9,0,0.0,69085018.20000008
2025-08-01 10:55:11 AM,316.9,20,6338.0,69091356.20000008
2025-08-01 10:55:14 AM,316.8,0,0.0,69091356.20000008
2025-08-01 10:55:17 AM,316.8,100,31680.0,69123036.20000008
2025-08-01 10:55:20 AM,317.05,0,0.0,69123036.20000008
2025-08-01 10:55:22 AM,317.05,7,2219.35,69125255.55000007
2025-08-01 10:55:23 AM,316.75,218,69051.5,69194307.05000007
2025-08-01 10:55:28 AM,317.0,0,0.0,69194307.05000007
2025-08-01 10:55:28 AM,317.0,9,2853.0,69197160.05000007
2025-08-01 10:55:39 AM,317.0,8,2536.0,69199696.05000007
2025-08-01 10:55:50 AM,317.0,8,2536.0,69202232.05000007
2025-08-01 10:55:55 AM,316.85,17,5386.450000000001,69207618.50000007
2025-08-01 10:55:58 AM,317.0,0,0.0,69207618.50000007
2025-08-01 10:56:00 AM,317.0,77,24409.0,69232027.50000007
2025-08-01 10:56:10 AM,316.7,0,0.0,69232027.50000007
2025-08-01 10:56:10 AM,316.7,163,51622.1,69283649.60000007
2025-08-01 10:56:12 AM,316.7,4,1266.8,69284916.40000007
2025-08-01 10:56:18 AM,316.95,0,0.0,69284916.40000007
2025-08-01 10:56:20 AM,316.7,0,0.0,69284916.40000007
2025-08-01 10:56:21 AM,316.7,47,14884.9,69299801.30000007
2025-08-01 10:56:27 AM,316.7,105,33253.5,69333054.80000007
2025-08-01 10:56:28 AM,316.95,0,0.0,69333054.80000007
2025-08-01 10:56:28 AM,316.95,8,2535.6,69335590.40000007
2025-08-01 10:56:38 AM,317.0,0,0.0,69335590.40000007
2025-08-01 10:56:38 AM,317.0,7,2219.0,69337809.40000007
2025-08-01 10:56:48 AM,317.0,8,2536.0,69340345.40000007
2025-08-01 10:56:58 AM,317.0,8,2536.0,69342881.40000007
2025-08-01 10:57:09 AM,316.7,23,7284.099999999999,69350165.50000006
2025-08-01 10:57:18 AM,317.0,0,0.0,69350165.50000006
2025-08-01 10:57:19 AM,317.0,7,2219.0,69352384.50000006
2025-08-01 10:57:25 AM,316.7,10,3167.0,69355551.50000006
2025-08-01 10:57:28 AM,317.0,0,0.0,69355551.50000006
2025-08-01 10:57:30 AM,317.0,8,2536.0,69358087.50000006
2025-08-01 10:57:34 AM,316.9,0,0.0,69358087.50000006
2025-08-01 10:57:35 AM,316.9,30,9507.0,69367594.50000006
2025-08-01 10:57:38 AM,316.95,0,0.0,69367594.50000006
2025-08-01 10:57:41 AM,316.95,8,2535.6,69370130.10000005
2025-08-01 10:57:44 AM,316.7,0,0.0,69370130.10000005
2025-08-01 10:57:46 AM,316.7,457,144731.9,69514862.00000006
2025-08-01 10:57:48 AM,316.95,0,0.0,69514862.00000006
2025-08-01 10:57:51 AM,316.95,113,35815.35,69550677.35000005
2025-08-01 10:58:00 AM,316.7,0,0.0,69550677.35000005
2025-08-01 10:58:02 AM,316.7,57,18051.899999999998,69568729.25000006
2025-08-01 10:58:08 AM,316.95,8,2535.6,69571264.85000005
2025-08-01 10:58:18 AM,316.7,1,316.7,69571581.55000006
2025-08-01 10:58:18 AM,317.0,0,0.0,69571581.55000006
2025-08-01 10:58:18 AM,317.0,8,2536.0,69574117.55000006
2025-08-01 10:58:29 AM,317.0,8,2536.0,69576653.55000006
2025-08-01 10:58:34 AM,317.0,100,31700.0,69608353.55000006
2025-08-01 10:58:40 AM,317.0,7,2219.0,69610572.55000006
2025-08-01 10:58:45 AM,317.0,101,32017.0,69642589.55000006
2025-08-01 10:58:48 AM,316.7,0,0.0,69642589.55000006
2025-08-01 10:58:50 AM,317.0,0,0.0,69642589.55000006
2025-08-01 10:58:51 AM,317.0,25,7925.0,69650514.55000006
2025-08-01 10:59:01 AM,317.0,8,2536.0,69653050.55000006
2025-08-01 10:59:11 AM,317.0,8,2536.0,69655586.55000006
2025-08-01 10:59:21 AM,317.0,7,2219.0,69657805.55000006
2025-08-01 10:59:31 AM,317.0,8,2536.0,69660341.55000006
2025-08-01 10:59:40 AM,316.95,0,0.0,69660341.55000006
2025-08-01 10:59:42 AM,316.95,8,2535.6,69662877.15000005
2025-08-01 10:59:48 AM,316.95,8,2535.6,69665412.75000004
2025-08-01 10:59:59 AM,316.95,40,12678.0,69678090.75000004
2025-08-01 11:00:11 AM,316.95,8,2535.6,69680626.35000004
2025-08-01 11:00:16 AM,316.95,360,114102.0,69794728.35000004
2025-08-01 11:00:22 AM,316.95,8,2535.6,69797263.95000003
2025-08-01 11:00:28 AM,316.95,19,6022.05,69803286.00000003
2025-08-01 11:00:29 AM,316.65,0,0.0,69803286.00000003
2025-08-01 11:00:33 AM,316.65,108,34198.2,69837484.20000003
2025-08-01 11:00:38 AM,316.95,7,2218.65,69839702.85000004
2025-08-01 11:00:41 AM,316.65,0,0.0,69839702.85000004
2025-08-01 11:00:43 AM,316.65,2,633.3,69840336.15000004
2025-08-01 11:00:48 AM,316.95,8,2535.6,69842871.75000003
2025-08-01 11:00:54 AM,316.95,100,31695.0,69874566.75000003
2025-08-01 11:00:59 AM,316.9,0,0.0,69874566.75000003
2025-08-01 11:00:59 AM,316.9,8,2535.2,69877101.95000003
2025-08-01 11:01:04 AM,316.9,34,10774.599999999999,69887876.55000003
2025-08-01 11:01:10 AM,316.9,33,10457.699999999999,69898334.25000003
2025-08-01 11:01:21 AM,316.9,7,2218.2999999999997,69900552.55000003
2025-08-01 11:01:31 AM,316.9,8,2535.2,69903087.75000003
2025-08-01 11:01:36 AM,316.9,1,316.9,69903404.65000004
2025-08-01 11:01:41 AM,316.9,8,2535.2,69905939.85000004
2025-08-01 11:01:52 AM,316.9,8,2535.2,69908475.05000004
2025-08-01 11:02:02 AM,316.9,7,2218.2999999999997,69910693.35000004
2025-08-01 11:02:08 AM,316.9,8,2535.2,69913228.55000004
2025-08-01 11:02:19 AM,316.9,8,2535.2,69915763.75000004
2025-08-01 11:02:29 AM,316.9,8,2535.2,69918298.95000005
2025-08-01 11:02:41 AM,316.9,7,2218.2999999999997,69920517.25000004
2025-08-01 11:02:49 AM,316.7,0,0.0,69920517.25000004
2025-08-01 11:02:51 AM,316.7,9,2850.2999999999997,69923367.55000004
2025-08-01 11:02:59 AM,316.9,0,0.0,69923367.55000004
2025-08-01 11:03:01 AM,316.9,8,2535.2,69925902.75000004
2025-08-01 11:03:05 AM,316.65,0,0.0,69925902.75000004
2025-08-01 11:03:06 AM,316.65,137,43381.049999999996,69969283.80000004
2025-08-01 11:03:08 AM,316.85,8,2534.8,69971818.60000004
2025-08-01 11:03:18 AM,316.9,7,2218.2999999999997,69974036.90000004
2025-08-01 11:03:29 AM,316.9,8,2535.2,69976572.10000004
2025-08-01 11:03:39 AM,316.9,8,2535.2,69979107.30000004
2025-08-01 11:03:48 AM,316.9,42,13309.8,69992417.10000004
2025-08-01 11:03:59 AM,316.9,7,2218.2999999999997,69994635.40000004
2025-08-01 11:04:07 AM,316.65,0,0.0,69994635.40000004
2025-08-01 11:04:09 AM,316.9,0,0.0,69994635.40000004
2025-08-01 11:04:09 AM,316.9,27,8556.3,70003191.70000003
2025-08-01 11:04:19 AM,316.9,8,2535.2,70005726.90000004
2025-08-01 11:04:30 AM,316.9,8,2535.2,70008262.10000004
2025-08-01 11:04:40 AM,316.9,12,3802.7999999999997,70012064.90000004
2025-08-01 11:04:44 AM,316.65,0,0.0,70012064.90000004
2025-08-01 11:04:45 AM,316.65,1,316.65,70012381.55000004
2025-08-01 11:04:48 AM,316.9,0,0.0,70012381.55000004
2025-08-01 11:04:50 AM,316.9,8,2535.2,70014916.75000004
2025-08-01 11:05:01 AM,316.9,8,2535.2,70017451.95000005
2025-08-01 11:05:08 AM,316.9,8,2535.2,70019987.15000005
2025-08-01 11:05:17 AM,316.9,13,4119.7,70024106.85000005
2025-08-01 11:05:19 AM,316.9,7,2218.2999999999997,70026325.15000005
2025-08-01 11:05:21 AM,316.65,0,0.0,70026325.15000005
2025-08-01 11:05:23 AM,316.65,30,9499.5,70035824.65000005
2025-08-01 11:05:28 AM,316.9,8,2535.2,70038359.85000005
2025-08-01 11:05:31 AM,316.65,0,0.0,70038359.85000005
2025-08-01 11:05:31 AM,316.85,0,0.0,70038359.85000005
2025-08-01 11:05:33 AM,316.85,19,6020.150000000001,70044380.00000006
2025-08-01 11:05:39 AM,316.85,8,2534.8,70046914.80000006
2025-08-01 11:05:50 AM,316.85,8,2534.8,70049449.60000005
2025-08-01 11:06:00 AM,316.85,7,2217.9500000000003,70051667.55000006
2025-08-01 11:06:03 AM,316.65,0,0.0,70051667.55000006
2025-08-01 11:06:06 AM,316.65,156,49397.399999999994,70101064.95000006
2025-08-01 11:06:08 AM,316.85,0,0.0,70101064.95000006
2025-08-01 11:06:11 AM,316.85,8,2534.8,70103599.75000006
2025-08-01 11:06:21 AM,316.85,8,2534.8,70106134.55000006
2025-08-01 11:06:22 AM,316.6,0,0.0,70106134.55000006
2025-08-01 11:06:23 AM,316.3,0,0.0,70106134.55000006
2025-08-01 11:06:23 AM,316.3,1092,345399.60000000003,70451534.15000005
2025-08-01 11:06:25 AM,316.5,0,0.0,70451534.15000005
2025-08-01 11:06:28 AM,316.5,72,22788.0,70474322.15000005
2025-08-01 11:06:37 AM,316.25,50,15812.5,70490134.65000005
2025-08-01 11:06:38 AM,316.5,0,0.0,70490134.65000005
2025-08-01 11:06:41 AM,316.5,77,24370.5,70514505.15000005
2025-08-01 11:06:44 AM,316.25,0,0.0,70514505.15000005
2025-08-01 11:06:48 AM,316.25,78,24667.5,70539172.65000005
2025-08-01 11:06:49 AM,316.55,0,0.0,70539172.65000005
2025-08-01 11:06:49 AM,316.55,8,2532.4,70541705.05000006
2025-08-01 11:06:52 AM,316.25,0,0.0,70541705.05000006
2025-08-01 11:06:53 AM,316.25,25,7906.25,70549611.30000006
2025-08-01 11:06:58 AM,316.55,9,2848.9500000000003,70552460.25000006
2025-08-01 11:07:09 AM,316.55,8,2532.4,70554992.65000007
2025-08-01 11:07:15 AM,316.25,0,0.0,70554992.65000007
2025-08-01 11:07:15 AM,316.25,48,15180.0,70570172.65000007
2025-08-01 11:07:19 AM,316.55,0,0.0,70570172.65000007
2025-08-01 11:07:20 AM,316.55,7,2215.85,70572388.50000006
2025-08-01 11:07:30 AM,316.55,8,2532.4,70574920.90000007
2025-08-01 11:07:39 AM,316.6,0,0.0,70574920.90000007
2025-08-01 11:07:41 AM,316.6,8,2532.8,70577453.70000006
2025-08-01 11:07:43 AM,316.35,0,0.0,70577453.70000006
2025-08-01 11:07:43 AM,316.35,10,3163.5,70580617.20000006
2025-08-01 11:07:48 AM,316.6,8,2532.8,70583150.00000006
2025-08-01 11:07:57 AM,316.25,0,0.0,70583150.00000006
2025-08-01 11:07:57 AM,316.25,120,37950.0,70621100.00000006
2025-08-01 11:07:59 AM,316.55,0,0.0,70621100.00000006
2025-08-01 11:07:59 AM,316.55,7,2215.85,70623315.85000005
2025-08-01 11:08:08 AM,316.55,8,2532.4,70625848.25000006
2025-08-01 11:08:09 AM,316.1,0,0.0,70625848.25000006
2025-08-01 11:08:10 AM,316.1,1250,395125.0,71020973.25000006
2025-08-01 11:08:19 AM,316.5,8,2532.0,71023505.25000006
2025-08-01 11:08:24 AM,316.5,19,6013.5,71029518.75000006
2025-08-01 11:08:29 AM,316.5,9,2848.5,71032367.25000006
2025-08-01 11:08:39 AM,316.5,12,3798.0,71036165.25000006
2025-08-01 11:08:47 AM,316.5,100,31650.0,71067815.25000006
2025-08-01 11:08:49 AM,316.45,0,0.0,71067815.25000006
2025-08-01 11:08:50 AM,316.45,8,2531.6,71070346.85000005
2025-08-01 11:08:58 AM,316.45,8,2531.6,71072878.45000005
2025-08-01 11:09:04 AM,316.1,0,0.0,71072878.45000005
2025-08-01 11:09:04 AM,316.1,49,15488.900000000001,71088367.35000005
2025-08-01 11:09:08 AM,316.3,0,0.0,71088367.35000005
2025-08-01 11:09:10 AM,316.3,8,2530.4,71090897.75000006
2025-08-01 11:09:12 AM,316.1,0,0.0,71090897.75000006
2025-08-01 11:09:13 AM,316.1,5,1580.5,71092478.25000006
2025-08-01 11:09:18 AM,316.3,0,0.0,71092478.25000006
2025-08-01 11:09:18 AM,316.3,115,36374.5,71128852.75000006
2025-08-01 11:09:28 AM,316.35,0,0.0,71128852.75000006
2025-08-01 11:09:29 AM,316.35,8,2530.8,71131383.55000006
2025-08-01 11:09:40 AM,316.1,0,0.0,71131383.55000006
2025-08-01 11:09:40 AM,316.1,59,18649.9,71150033.45000006
2025-08-01 11:09:42 AM,316.1,110,34771.0,71184804.45000006
2025-08-01 11:09:44 AM,315.9,0,0.0,71184804.45000006
2025-08-01 11:09:46 AM,316.0,2860,903760.0,72088564.45000006
2025-08-01 11:09:51 AM,316.0,8,2528.0,72091092.45000006
2025-08-01 11:09:58 AM,316.05,0,0.0,72091092.45000006
2025-08-01 11:09:58 AM,316.05,7,2212.35,72093304.80000006
2025-08-01 11:10:01 AM,316.25,5,1581.25,72094886.05000006
2025-08-01 11:10:03 AM,316.2,6,1897.1999999999998,72096783.25000006
2025-08-01 11:10:08 AM,316.2,8,2529.6,72099312.85000005
2025-08-01 11:10:12 AM,316.3,0,0.0,72099312.85000005
2025-08-01 11:10:12 AM,316.3,8,2530.4,72101843.25000006
2025-08-01 11:10:16 AM,316.0,0,0.0,72101843.25000006
2025-08-01 11:10:18 AM,316.0,15,4740.0,72106583.25000006
2025-08-01 11:10:18 AM,316.4,0,0.0,72106583.25000006
2025-08-01 11:10:19 AM,316.4,118,37335.2,72143918.45000006
2025-08-01 11:10:20 AM,316.0,0,0.0,72143918.45000006
2025-08-01 11:10:23 AM,316.0,100,31600.0,72175518.45000006
2025-08-01 11:10:28 AM,316.3,0,0.0,72175518.45000006
2025-08-01 11:10:28 AM,316.3,8,2530.4,72178048.85000007
2025-08-01 11:10:39 AM,316.3,7,2214.1,72180262.95000006
2025-08-01 11:10:40 AM,316.7,0,0.0,72180262.95000006
2025-08-01 11:10:40 AM,316.7,2349,743928.2999999999,72924191.25000006
2025-08-01 11:10:48 AM,316.45,0,0.0,72924191.25000006
2025-08-01 11:10:50 AM,316.45,8,2531.6,72926722.85000005
2025-08-01 11:11:01 AM,316.45,8,2531.6,72929254.45000005
2025-08-01 11:11:08 AM,316.5,0,0.0,72929254.45000005
2025-08-01 11:11:08 AM,316.5,8,2532.0,72931786.45000005
2025-08-01 11:11:16 AM,316.2,0,0.0,72931786.45000005
2025-08-01 11:11:18 AM,316.5,0,0.0,72931786.45000005
2025-08-01 11:11:18 AM,316.5,62,19623.0,72951409.45000005
2025-08-01 11:11:29 AM,316.5,8,2532.0,72953941.45000005
2025-08-01 11:11:34 AM,316.5,1,316.5,72954257.95000005
2025-08-01 11:11:38 AM,316.55,0,0.0,72954257.95000005
2025-08-01 11:11:40 AM,316.55,8,2532.4,72956790.35000005
2025-08-01 11:11:40 AM,316.25,0,0.0,72956790.35000005
2025-08-01 11:11:41 AM,316.25,20,6325.0,72963115.35000005
2025-08-01 11:11:45 AM,316.25,7,2213.75,72965329.10000005
2025-08-01 11:11:48 AM,316.5,0,0.0,72965329.10000005
2025-08-01 11:11:50 AM,316.5,8,2532.0,72967861.10000005
2025-08-01 11:11:58 AM,316.55,0,0.0,72967861.10000005
2025-08-01 11:12:01 AM,316.55,7,2215.85,72970076.95000005
2025-08-01 11:12:11 AM,316.55,8,2532.4,72972609.35000005
2025-08-01 11:12:22 AM,316.55,8,2532.4,72975141.75000006
2025-08-01 11:12:28 AM,316.55,8,2532.4,72977674.15000007
2025-08-01 11:12:39 AM,316.55,7,2215.85,72979890.00000006
2025-08-01 11:12:40 AM,316.25,0,0.0,72979890.00000006
2025-08-01 11:12:44 AM,316.25,2,632.5,72980522.50000006
2025-08-01 11:12:48 AM,316.5,0,0.0,72980522.50000006
2025-08-01 11:12:49 AM,316.5,8,2532.0,72983054.50000006
2025-08-01 11:12:52 AM,316.55,0,0.0,72983054.50000006
2025-08-01 11:12:53 AM,316.55,1,316.55,72983371.05000006
2025-08-01 11:12:59 AM,316.55,86,27223.3,73010594.35000005
2025-08-01 11:13:04 AM,316.5,0,0.0,73010594.35000005
2025-08-01 11:13:04 AM,316.5,507,160465.5,73171059.85000005
2025-08-01 11:13:06 AM,316.55,0,0.0,73171059.85000005
2025-08-01 11:13:08 AM,316.6,0,0.0,73171059.85000005
2025-08-01 11:13:10 AM,316.6,208,65852.8,73236912.65000005
2025-08-01 11:13:15 AM,316.6,101,31976.600000000002,73268889.25000004
2025-08-01 11:13:18 AM,316.75,0,0.0,73268889.25000004
2025-08-01 11:13:21 AM,316.75,7,2217.25,73271106.50000004
