date,price,qty,trnvr,cum_trnvr
2025-08-01 09:15:01 AM,6808.0,305,2076440.0,2076440.0
2025-08-01 09:15:11 AM,6809.5,0,0.0,2076440.0
2025-08-01 09:15:12 AM,6809.5,264,1797708.0,3874148.0
2025-08-01 09:15:14 AM,6810.5,30,204315.0,4078463.0
2025-08-01 09:15:20 AM,6811.0,0,0.0,4078463.0
2025-08-01 09:15:21 AM,6815.0,0,0.0,4078463.0
2025-08-01 09:15:23 AM,6829.5,472,3223524.0,7301987.0
2025-08-01 09:15:24 AM,6833.5,50,341675.0,7643662.0
2025-08-01 09:15:27 AM,6837.0,0,0.0,7643662.0
2025-08-01 09:15:30 AM,6837.5,0,0.0,7643662.0
2025-08-01 09:15:31 AM,6828.0,87,594036.0,8237698.0
2025-08-01 09:15:33 AM,6829.0,51,348279.0,8585977.0
2025-08-01 09:15:39 AM,6826.0,0,0.0,8585977.0
2025-08-01 09:15:40 AM,6826.0,34,232084.0,8818061.0
2025-08-01 09:15:48 AM,6826.0,304,2075104.0,10893165.0
2025-08-01 09:15:50 AM,6829.0,88,600952.0,11494117.0
2025-08-01 09:15:52 AM,6827.0,0,0.0,11494117.0
2025-08-01 09:15:55 AM,6826.5,0,0.0,11494117.0
2025-08-01 09:15:56 AM,6826.5,13,88744.5,11582861.5
2025-08-01 09:15:58 AM,6829.0,108,737532.0,12320393.5
2025-08-01 09:16:04 AM,6830.0,0,0.0,12320393.5
2025-08-01 09:16:04 AM,6830.0,80,546400.0,12866793.5
2025-08-01 09:16:06 AM,6830.0,19,129770.0,12996563.5
2025-08-01 09:16:12 AM,6828.5,1,6828.5,13003392.0
2025-08-01 09:16:14 AM,6830.0,2,13660.0,13017052.0
2025-08-01 09:16:15 AM,6827.5,0,0.0,13017052.0
2025-08-01 09:16:18 AM,6827.0,0,0.0,13017052.0
2025-08-01 09:16:21 AM,6827.5,350,2389625.0,15406677.0
2025-08-01 09:16:22 AM,6830.0,5,34150.0,15440827.0
2025-08-01 09:16:26 AM,6837.0,0,0.0,15440827.0
2025-08-01 09:16:29 AM,6840.0,175,1197000.0,16637827.0
2025-08-01 09:16:31 AM,6839.5,3,20518.5,16658345.5
2025-08-01 09:16:37 AM,6842.5,248,1696940.0,18355285.5
2025-08-01 09:16:37 AM,6843.5,0,0.0,18355285.5
2025-08-01 09:16:39 AM,6843.5,15,102652.5,18457938.0
2025-08-01 09:16:45 AM,6848.0,0,0.0,18457938.0
2025-08-01 09:16:46 AM,6848.0,30,205440.0,18663378.0
2025-08-01 09:16:47 AM,6848.0,55,376640.0,19040018.0
2025-08-01 09:16:54 AM,6849.0,148,1013652.0,20053670.0
2025-08-01 09:16:55 AM,6851.0,31,212381.0,20266051.0
2025-08-01 09:16:57 AM,6851.5,0,0.0,20266051.0
2025-08-01 09:17:02 AM,6853.0,125,856625.0,21122676.0
2025-08-01 09:17:03 AM,6849.5,200,1369900.0,22492576.0
2025-08-01 09:17:04 AM,6855.0,0,0.0,22492576.0
2025-08-01 09:17:10 AM,6853.5,126,863541.0,23356117.0
2025-08-01 09:17:12 AM,6855.0,1,6855.0,23362972.0
2025-08-01 09:17:13 AM,6855.5,0,0.0,23362972.0
2025-08-01 09:17:19 AM,6857.5,95,651462.5,24014434.5
2025-08-01 09:17:22 AM,6855.5,0,0.0,24014434.5
2025-08-01 09:17:27 AM,6859.0,109,747631.0,24762065.5
2025-08-01 09:17:28 AM,6859.5,200,1371900.0,26133965.5
2025-08-01 09:17:30 AM,6853.5,0,0.0,26133965.5
2025-08-01 09:17:32 AM,6854.5,0,0.0,26133965.5
2025-08-01 09:17:35 AM,6855.0,142,973410.0,27107375.5
2025-08-01 09:17:38 AM,6852.0,0,0.0,27107375.5
2025-08-01 09:17:40 AM,6842.5,0,0.0,27107375.5
2025-08-01 09:17:43 AM,6844.0,763,5221972.0,32329347.5
2025-08-01 09:17:44 AM,6843.5,150,1026525.0,33355872.5
2025-08-01 09:17:56 AM,6840.0,0,0.0,33355872.5
2025-08-01 09:17:58 AM,6840.5,0,0.0,33355872.5
2025-08-01 09:18:00 AM,6843.5,314,2148859.0,35504731.5
2025-08-01 09:18:06 AM,6843.0,0,0.0,35504731.5
2025-08-01 09:18:08 AM,6843.0,103,704829.0,36209560.5
2025-08-01 09:18:10 AM,6843.5,8,54748.0,36264308.5
2025-08-01 09:18:17 AM,6845.5,229,1567619.5,37831928.0
2025-08-01 09:18:18 AM,6847.0,1,6847.0,37838775.0
2025-08-01 09:18:22 AM,6852.0,0,0.0,37838775.0
2025-08-01 09:18:25 AM,6852.0,29,198708.0,38037483.0
2025-08-01 09:18:30 AM,6848.0,0,0.0,38037483.0
2025-08-01 09:18:33 AM,6852.0,210,1438920.0,39476403.0
2025-08-01 09:18:36 AM,6850.0,0,0.0,39476403.0
2025-08-01 09:18:41 AM,6845.5,53,362811.5,39839214.5
2025-08-01 09:18:46 AM,6846.0,0,0.0,39839214.5
2025-08-01 09:18:49 AM,6847.0,49,335503.0,40174717.5
2025-08-01 09:18:51 AM,6848.5,109,746486.5,40921204.0
2025-08-01 09:18:52 AM,6846.5,0,0.0,40921204.0
2025-08-01 09:18:58 AM,6847.0,60,410820.0,41332024.0
2025-08-01 09:19:06 AM,6850.5,138,945369.0,42277393.0
2025-08-01 09:19:07 AM,6852.0,250,1713000.0,43990393.0
2025-08-01 09:19:14 AM,6851.5,45,308317.5,44298710.5
2025-08-01 09:19:22 AM,6851.0,5,34255.0,44332965.5
2025-08-01 09:19:25 AM,6847.5,0,0.0,44332965.5
2025-08-01 09:19:30 AM,6846.5,516,3532794.0,47865759.5
2025-08-01 09:19:31 AM,6847.0,5,34235.0,47899994.5
2025-08-01 09:19:38 AM,6847.5,210,1437975.0,49337969.5
2025-08-01 09:19:46 AM,6846.5,2,13693.0,49351662.5
2025-08-01 09:19:48 AM,6846.5,2,13693.0,49365355.5
2025-08-01 09:19:54 AM,6845.5,49,335429.5,49700785.0
2025-08-01 09:19:55 AM,6844.5,0,0.0,49700785.0
2025-08-01 09:19:56 AM,6845.0,236,1615420.0,51316205.0
2025-08-01 09:20:02 AM,6842.5,39,266857.5,51583062.5
2025-08-01 09:20:04 AM,6843.0,53,362679.0,51945741.5
2025-08-01 09:20:09 AM,6841.5,0,0.0,51945741.5
2025-08-01 09:20:10 AM,6841.5,132,903078.0,52848819.5
2025-08-01 09:20:16 AM,6840.0,0,0.0,52848819.5
2025-08-01 09:20:18 AM,6838.5,323,2208835.5,55057655.0
2025-08-01 09:20:19 AM,6836.5,19,129893.5,55187548.5
2025-08-01 09:20:23 AM,6836.0,0,0.0,55187548.5
2025-08-01 09:20:26 AM,6835.5,11,75190.5,55262739.0
2025-08-01 09:20:30 AM,6839.0,0,0.0,55262739.0
2025-08-01 09:20:34 AM,6837.5,310,2119625.0,57382364.0
2025-08-01 09:20:37 AM,6836.0,0,0.0,57382364.0
2025-08-01 09:20:42 AM,6836.0,54,369144.0,57751508.0
2025-08-01 09:20:43 AM,6835.5,25,170887.5,57922395.5
2025-08-01 09:20:43 AM,6838.5,0,0.0,57922395.5
2025-08-01 09:20:49 AM,6838.5,88,601788.0,58524183.5
2025-08-01 09:20:51 AM,6838.0,4,27352.0,58551535.5
2025-08-01 09:20:55 AM,6839.5,0,0.0,58551535.5
2025-08-01 09:20:57 AM,6841.5,42,287343.0,58838878.5
2025-08-01 09:21:01 AM,6839.5,0,0.0,58838878.5
2025-08-01 09:21:05 AM,6839.5,48,328296.0,59167174.5
2025-08-01 09:21:11 AM,6840.0,0,0.0,59167174.5
2025-08-01 09:21:13 AM,6842.0,67,458414.0,59625588.5
2025-08-01 09:21:14 AM,6841.5,1,6841.5,59632430.0
2025-08-01 09:21:28 AM,6841.5,39,266818.5,59899248.5
2025-08-01 09:21:31 AM,6842.0,0,0.0,59899248.5
2025-08-01 09:21:35 AM,6840.5,0,0.0,59899248.5
2025-08-01 09:21:36 AM,6840.5,17,116288.5,60015537.0
2025-08-01 09:21:37 AM,6840.0,2,13680.0,60029217.0
2025-08-01 09:21:45 AM,6840.0,1,6840.0,60036057.0
2025-08-01 09:21:50 AM,6839.5,0,0.0,60036057.0
2025-08-01 09:21:51 AM,6842.0,192,1313664.0,61349721.0
2025-08-01 09:21:54 AM,6838.0,0,0.0,61349721.0
2025-08-01 09:21:58 AM,6839.5,0,0.0,61349721.0
2025-08-01 09:21:59 AM,6839.5,267,1826146.5,63175867.5
2025-08-01 09:22:02 AM,6847.5,0,0.0,63175867.5
2025-08-01 09:22:05 AM,6850.0,0,0.0,63175867.5
2025-08-01 09:22:06 AM,6850.0,1234,8452900.0,71628767.5
2025-08-01 09:22:09 AM,6848.0,0,0.0,71628767.5
2025-08-01 09:22:14 AM,6851.5,142,972913.0,72601680.5
2025-08-01 09:22:19 AM,6853.5,0,0.0,72601680.5
2025-08-01 09:22:22 AM,6844.5,941,6440674.5,79042355.0
2025-08-01 09:22:22 AM,6842.5,0,0.0,79042355.0
2025-08-01 09:22:23 AM,6842.5,90,615825.0,79658180.0
2025-08-01 09:22:26 AM,6838.5,0,0.0,79658180.0
2025-08-01 09:22:29 AM,6838.5,40,273540.0,79931720.0
2025-08-01 09:22:37 AM,6836.5,172,1175878.0,81107598.0
2025-08-01 09:22:39 AM,6842.5,5,34212.5,81141810.5
2025-08-01 09:22:50 AM,6843.0,0,0.0,81141810.5
2025-08-01 09:22:51 AM,6847.0,0,0.0,81141810.5
2025-08-01 09:22:52 AM,6847.0,75,513525.0,81655335.5
2025-08-01 09:22:54 AM,6843.0,150,1026450.0,82681785.5
2025-08-01 09:23:00 AM,6843.0,450,3079350.0,85761135.5
2025-08-01 09:23:00 AM,6842.0,3,20526.0,85781661.5
2025-08-01 09:23:04 AM,6843.5,26,177931.0,85959592.5
2025-08-01 09:23:10 AM,6844.5,115,787117.5,86746710.0
2025-08-01 09:23:15 AM,6842.5,25,171062.5,86917772.5
2025-08-01 09:23:16 AM,6842.5,13,88952.5,87006725.0
2025-08-01 09:23:21 AM,6842.0,119,814198.0,87820923.0
2025-08-01 09:23:30 AM,6840.5,16,109448.0,87930371.0
2025-08-01 09:23:32 AM,6838.0,64,437632.0,88368003.0
2025-08-01 09:23:38 AM,6838.0,1,6838.0,88374841.0
2025-08-01 09:23:39 AM,6838.0,1,6838.0,88381679.0
2025-08-01 09:23:43 AM,6840.0,0,0.0,88381679.0
2025-08-01 09:23:44 AM,6840.0,5,34200.0,88415879.0
2025-08-01 09:23:44 AM,6836.5,0,0.0,88415879.0
2025-08-01 09:23:45 AM,6836.5,5,34182.5,88450061.5
2025-08-01 09:23:45 AM,6836.5,35,239277.5,88689339.0
2025-08-01 09:23:49 AM,6836.0,0,0.0,88689339.0
2025-08-01 09:23:50 AM,6836.0,1,6836.0,88696175.0
2025-08-01 09:23:51 AM,6836.0,19,129884.0,88826059.0
2025-08-01 09:23:51 AM,6836.5,5,34182.5,88860241.5
2025-08-01 09:23:55 AM,6837.0,0,0.0,88860241.5
2025-08-01 09:23:56 AM,6837.0,80,546960.0,89407201.5
2025-08-01 09:23:59 AM,6837.0,9,61533.0,89468734.5
2025-08-01 09:24:00 AM,6835.0,0,0.0,89468734.5
2025-08-01 09:24:01 AM,6835.0,49,334915.0,89803649.5
2025-08-01 09:24:02 AM,6837.0,4,27348.0,89830997.5
2025-08-01 09:24:09 AM,6835.0,558,3813930.0,93644927.5
2025-08-01 09:24:10 AM,6834.0,3,20502.0,93665429.5
2025-08-01 09:24:16 AM,6833.0,69,471477.0,94136906.5
2025-08-01 09:24:17 AM,6834.0,0,0.0,94136906.5
2025-08-01 09:24:18 AM,6834.0,54,369036.0,94505942.5
2025-08-01 09:24:23 AM,6838.0,0,0.0,94505942.5
2025-08-01 09:24:24 AM,6838.0,7,47866.0,94553808.5
2025-08-01 09:24:29 AM,6834.0,0,0.0,94553808.5
2025-08-01 09:24:31 AM,6834.0,1,6834.0,94560642.5
2025-08-01 09:24:39 AM,6836.5,9,61528.5,94622171.0
2025-08-01 09:24:46 AM,6832.5,119,813067.5,95435238.5
2025-08-01 09:24:48 AM,6831.0,48,327888.0,95763126.5
2025-08-01 09:24:53 AM,6833.0,0,0.0,95763126.5
2025-08-01 09:24:54 AM,6833.0,151,1031783.0,96794909.5
2025-08-01 09:24:56 AM,6836.0,8,54688.0,96849597.5
2025-08-01 09:25:08 AM,6830.5,0,0.0,96849597.5
2025-08-01 09:25:09 AM,6830.5,10,68305.0,96917902.5
2025-08-01 09:25:11 AM,6830.0,277,1891910.0,98809812.5
2025-08-01 09:25:14 AM,6830.5,0,0.0,98809812.5
2025-08-01 09:25:15 AM,6832.5,0,0.0,98809812.5
2025-08-01 09:25:16 AM,6832.5,63,430447.5,99240260.0
2025-08-01 09:25:18 AM,6830.5,5,34152.5,99274412.5
2025-08-01 09:25:24 AM,6833.5,154,1052359.0,100326771.5
2025-08-01 09:25:31 AM,6838.0,204,1394952.0,101721723.5
2025-08-01 09:25:41 AM,6840.0,1,6840.0,101728563.5
2025-08-01 09:25:54 AM,6841.0,13,88933.0,101817496.5
2025-08-01 09:25:55 AM,6842.0,0,0.0,101817496.5
2025-08-01 09:25:55 AM,6840.0,0,0.0,101817496.5
2025-08-01 09:25:56 AM,6840.0,4,27360.0,101844856.5
2025-08-01 09:26:01 AM,6840.0,47,321480.0,102166336.5
2025-08-01 09:26:03 AM,6840.0,1,6840.0,102173176.5
2025-08-01 09:26:08 AM,6840.5,0,0.0,102173176.5
2025-08-01 09:26:09 AM,6840.5,21,143650.5,102316827.0
2025-08-01 09:26:15 AM,6838.0,0,0.0,102316827.0
2025-08-01 09:26:17 AM,6838.0,190,1299220.0,103616047.0
2025-08-01 09:26:21 AM,6836.0,0,0.0,103616047.0
2025-08-01 09:26:24 AM,6836.0,58,396488.0,104012535.0
2025-08-01 09:26:26 AM,6836.0,1,6836.0,104019371.0
2025-08-01 09:26:32 AM,6836.0,20,136720.0,104156091.0
2025-08-01 09:26:34 AM,6836.0,1,6836.0,104162927.0
2025-08-01 09:26:36 AM,6834.0,0,0.0,104162927.0
2025-08-01 09:26:40 AM,6834.0,4,27336.0,104190263.0
2025-08-01 09:26:42 AM,6836.0,3,20508.0,104210771.0
2025-08-01 09:26:45 AM,6834.0,0,0.0,104210771.0
2025-08-01 09:26:47 AM,6834.0,77,526218.0,104736989.0
2025-08-01 09:26:51 AM,6836.0,0,0.0,104736989.0
2025-08-01 09:26:54 AM,6834.5,0,0.0,104736989.0
2025-08-01 09:26:55 AM,6834.5,92,628774.0,105365763.0
2025-08-01 09:27:10 AM,6834.5,1,6834.5,105372597.5
2025-08-01 09:27:11 AM,6837.0,0,0.0,105372597.5
2025-08-01 09:27:16 AM,6835.0,0,0.0,105372597.5
2025-08-01 09:27:17 AM,6835.0,54,369090.0,105741687.5
2025-08-01 09:27:19 AM,6835.0,1,6835.0,105748522.5
2025-08-01 09:27:31 AM,6834.0,0,0.0,105748522.5
2025-08-01 09:27:32 AM,6834.0,60,410040.0,106158562.5
2025-08-01 09:27:36 AM,6835.0,0,0.0,106158562.5
2025-08-01 09:27:39 AM,6832.0,61,416752.0,106575314.5
2025-08-01 09:27:47 AM,6832.0,20,136640.0,106711954.5
2025-08-01 09:27:48 AM,6832.0,100,683200.0,107395154.5
2025-08-01 09:27:57 AM,6834.0,0,0.0,107395154.5
2025-08-01 09:28:02 AM,6833.5,0,0.0,107395154.5
2025-08-01 09:28:02 AM,6830.0,0,0.0,107395154.5
2025-08-01 09:28:03 AM,6830.0,199,1359170.0,108754324.5
2025-08-01 09:28:10 AM,6830.0,29,198070.0,108952394.5
2025-08-01 09:28:15 AM,6828.5,0,0.0,108952394.5
2025-08-01 09:28:18 AM,6828.5,60,409710.0,109362104.5
2025-08-01 09:28:25 AM,6825.0,0,0.0,109362104.5
2025-08-01 09:28:26 AM,6825.0,544,3712800.0,113074904.5
2025-08-01 09:28:26 AM,6826.5,0,0.0,113074904.5
2025-08-01 09:28:27 AM,6826.5,2,13653.0,113088557.5
2025-08-01 09:28:31 AM,6823.0,0,0.0,113088557.5
2025-08-01 09:28:33 AM,6825.5,258,1760979.0,114849536.5
2025-08-01 09:28:37 AM,6823.0,0,0.0,114849536.5
2025-08-01 09:28:41 AM,6823.0,2,13646.0,114863182.5
2025-08-01 09:28:48 AM,6823.0,54,368442.0,115231624.5
2025-08-01 09:28:56 AM,6825.0,65,443625.0,115675249.5
2025-08-01 09:28:57 AM,6826.5,28,191142.0,115866391.5
2025-08-01 09:29:05 AM,6826.0,1,6826.0,115873217.5
2025-08-01 09:29:13 AM,6820.0,527,3594140.0,119467357.5
2025-08-01 09:29:16 AM,6818.0,0,0.0,119467357.5
2025-08-01 09:29:19 AM,6818.0,174,1186332.0,120653689.5
2025-08-01 09:29:26 AM,6815.0,0,0.0,120653689.5
2025-08-01 09:29:27 AM,6815.0,101,688315.0,121342004.5
2025-08-01 09:29:28 AM,6817.5,100,681750.0,122023754.5
2025-08-01 09:29:31 AM,6813.5,0,0.0,122023754.5
2025-08-01 09:29:34 AM,6813.5,62,422437.0,122446191.5
2025-08-01 09:29:41 AM,6815.5,0,0.0,122446191.5
2025-08-01 09:29:41 AM,6815.5,18,122679.0,122568870.5
2025-08-01 09:29:43 AM,6816.5,5,34082.5,122602953.0
2025-08-01 09:29:46 AM,6815.0,0,0.0,122602953.0
2025-08-01 09:29:49 AM,6812.0,13,88556.0,122691509.0
2025-08-01 09:29:51 AM,6815.5,0,0.0,122691509.0
2025-08-01 09:29:56 AM,6816.5,39,265843.5,122957352.5
2025-08-01 09:29:57 AM,6816.0,6,40896.0,122998248.5
2025-08-01 09:30:02 AM,6813.0,0,0.0,122998248.5
2025-08-01 09:30:04 AM,6813.0,22,149886.0,123148134.5
2025-08-01 09:30:10 AM,6814.0,0,0.0,123148134.5
2025-08-01 09:30:12 AM,6814.5,54,367983.0,123516117.5
2025-08-01 09:30:13 AM,6813.0,1,6813.0,123522930.5
2025-08-01 09:30:19 AM,6813.0,11,74943.0,123597873.5
2025-08-01 09:30:20 AM,6812.0,6,40872.0,123638745.5
2025-08-01 09:30:23 AM,6812.5,0,0.0,123638745.5
2025-08-01 09:30:27 AM,6813.0,260,1771380.0,125410125.5
2025-08-01 09:30:31 AM,6808.5,0,0.0,125410125.5
2025-08-01 09:30:34 AM,6810.0,162,1103220.0,126513345.5
2025-08-01 09:30:38 AM,6815.5,0,0.0,126513345.5
2025-08-01 09:30:41 AM,6815.5,84,572502.0,127085847.5
2025-08-01 09:30:44 AM,6816.0,0,0.0,127085847.5
2025-08-01 09:30:49 AM,6816.0,9,61344.0,127147191.5
2025-08-01 09:31:02 AM,6815.5,0,0.0,127147191.5
2025-08-01 09:31:03 AM,6815.5,122,831491.0,127978682.5
2025-08-01 09:31:06 AM,6814.5,0,0.0,127978682.5
2025-08-01 09:31:11 AM,6815.0,35,238525.0,128217207.5
2025-08-01 09:31:18 AM,6812.5,0,0.0,128217207.5
2025-08-01 09:31:18 AM,6812.5,51,347437.5,128564645.0
2025-08-01 09:31:20 AM,6815.0,0,0.0,128564645.0
2025-08-01 09:31:24 AM,6812.5,0,0.0,128564645.0
2025-08-01 09:31:26 AM,6812.5,10,68125.0,128632770.0
2025-08-01 09:31:30 AM,6815.0,0,0.0,128632770.0
2025-08-01 09:31:33 AM,6812.5,130,885625.0,129518395.0
2025-08-01 09:31:33 AM,6815.0,30,204450.0,129722845.0
2025-08-01 09:31:40 AM,6815.0,36,245340.0,129968185.0
2025-08-01 09:31:42 AM,6815.5,0,0.0,129968185.0
2025-08-01 09:31:44 AM,6815.0,0,0.0,129968185.0
2025-08-01 09:31:47 AM,6815.0,48,327120.0,130295305.0
2025-08-01 09:31:54 AM,6815.0,15,102225.0,130397530.0
2025-08-01 09:32:00 AM,6821.5,129,879973.5,131277503.5
2025-08-01 09:32:08 AM,6821.0,6,40926.0,131318429.5
2025-08-01 09:32:15 AM,6826.5,106,723609.0,132042038.5
2025-08-01 09:32:22 AM,6825.0,0,0.0,132042038.5
2025-08-01 09:32:22 AM,6825.0,7,47775.0,132089813.5
2025-08-01 09:32:22 AM,6825.0,7,47775.0,132137588.5
2025-08-01 09:32:29 AM,6825.0,15,102375.0,132239963.5
2025-08-01 09:32:34 AM,6827.0,0,0.0,132239963.5
2025-08-01 09:32:34 AM,6828.5,0,0.0,132239963.5
2025-08-01 09:32:35 AM,6828.5,130,887705.0,133127668.5
2025-08-01 09:32:40 AM,6828.0,0,0.0,133127668.5
2025-08-01 09:32:43 AM,6828.0,6,40968.0,133168636.5
2025-08-01 09:32:46 AM,6829.5,0,0.0,133168636.5
2025-08-01 09:32:50 AM,6827.0,12,81924.0,133250560.5
2025-08-01 09:32:50 AM,6828.5,6,40971.0,133291531.5
2025-08-01 09:32:56 AM,6828.5,8,54628.0,133346159.5
2025-08-01 09:32:57 AM,6828.5,1,6828.5,133352988.0
2025-08-01 09:33:03 AM,6832.0,142,970144.0,134323132.0
2025-08-01 09:33:10 AM,6831.0,0,0.0,134323132.0
2025-08-01 09:33:10 AM,6831.0,8,54648.0,134377780.0
2025-08-01 09:33:15 AM,6829.5,0,0.0,134377780.0
2025-08-01 09:33:15 AM,6830.0,0,0.0,134377780.0
2025-08-01 09:33:17 AM,6830.0,29,198070.0,134575850.0
2025-08-01 09:33:24 AM,6832.0,63,430416.0,135006266.0
2025-08-01 09:33:25 AM,6834.0,0,0.0,135006266.0
2025-08-01 09:33:25 AM,6836.0,0,0.0,135006266.0
2025-08-01 09:33:31 AM,6836.0,65,444340.0,135450606.0
2025-08-01 09:33:35 AM,6842.5,0,0.0,135450606.0
2025-08-01 09:33:38 AM,6842.5,176,1204280.0,136654886.0
2025-08-01 09:33:40 AM,6845.0,0,0.0,136654886.0
2025-08-01 09:33:42 AM,6845.5,0,0.0,136654886.0
2025-08-01 09:33:45 AM,6845.0,113,773485.0,137428371.0
2025-08-01 09:33:48 AM,6842.5,0,0.0,137428371.0
2025-08-01 09:33:50 AM,6845.0,0,0.0,137428371.0
2025-08-01 09:33:52 AM,6844.0,35,239540.0,137667911.0
2025-08-01 09:33:54 AM,6845.0,0,0.0,137667911.0
2025-08-01 09:33:59 AM,6845.0,13,88985.0,137756896.0
2025-08-01 09:34:00 AM,6844.0,0,0.0,137756896.0
2025-08-01 09:34:06 AM,6844.0,48,328512.0,138085408.0
2025-08-01 09:34:13 AM,6845.0,58,397010.0,138482418.0
2025-08-01 09:34:15 AM,6843.5,0,0.0,138482418.0
2025-08-01 09:34:18 AM,6851.5,0,0.0,138482418.0
2025-08-01 09:34:20 AM,6851.5,3483,23863774.5,162346192.5
2025-08-01 09:34:23 AM,6838.5,0,0.0,162346192.5
2025-08-01 09:34:25 AM,6845.0,0,0.0,162346192.5
2025-08-01 09:34:27 AM,6845.0,2694,18440430.0,180786622.5
2025-08-01 09:34:30 AM,6846.5,0,0.0,180786622.5
2025-08-01 09:34:33 AM,6848.0,0,0.0,180786622.5
2025-08-01 09:34:34 AM,6848.0,77,527296.0,181313918.5
2025-08-01 09:34:38 AM,6850.0,0,0.0,181313918.5
2025-08-01 09:34:40 AM,6846.0,0,0.0,181313918.5
2025-08-01 09:34:41 AM,6846.0,167,1143282.0,182457200.5
2025-08-01 09:34:48 AM,6847.0,0,0.0,182457200.5
2025-08-01 09:34:48 AM,6847.0,181,1239307.0,183696507.5
2025-08-01 09:34:53 AM,6844.0,0,0.0,183696507.5
2025-08-01 09:34:55 AM,6843.0,136,930648.0,184627155.5
2025-08-01 09:34:57 AM,6844.0,0,0.0,184627155.5
2025-08-01 09:35:00 AM,6843.0,0,0.0,184627155.5
2025-08-01 09:35:01 AM,6843.0,28,191604.0,184818759.5
2025-08-01 09:35:01 AM,6841.0,30,205230.0,185023989.5
2025-08-01 09:35:10 AM,6838.5,60,410310.0,185434299.5
2025-08-01 09:35:11 AM,6836.5,1,6836.5,185441136.0
2025-08-01 09:35:14 AM,6831.5,10,68315.0,185509451.0
2025-08-01 09:35:14 AM,6836.0,10,68360.0,185577811.0
2025-08-01 09:35:15 AM,6833.5,7,47834.5,185625645.5
2025-08-01 09:35:16 AM,6833.0,0,0.0,185625645.5
2025-08-01 09:35:16 AM,6833.0,1,6833.0,185632478.5
2025-08-01 09:35:20 AM,6833.0,1,6833.0,185639311.5
2025-08-01 09:35:23 AM,6832.5,15,102487.5,185741799.0
2025-08-01 09:35:24 AM,6833.0,0,0.0,185741799.0
2025-08-01 09:35:24 AM,6833.0,100,683300.0,186425099.0
2025-08-01 09:35:25 AM,6833.0,10,68330.0,186493429.0
2025-08-01 09:35:26 AM,6832.0,20,136640.0,186630069.0
2025-08-01 09:35:27 AM,6831.0,0,0.0,186630069.0
2025-08-01 09:35:27 AM,6831.0,31,211761.0,186841830.0
2025-08-01 09:35:27 AM,6831.0,6,40986.0,186882816.0
2025-08-01 09:35:28 AM,6824.5,338,2306681.0,189189497.0
2025-08-01 09:35:29 AM,6827.5,6,40965.0,189230462.0
2025-08-01 09:35:30 AM,6824.5,6,40947.0,189271409.0
2025-08-01 09:35:31 AM,6822.5,25,170562.5,189441971.5
2025-08-01 09:35:42 AM,6824.5,2,13649.0,189455620.5
2025-08-01 09:35:43 AM,6824.5,1,6824.5,189462445.0
2025-08-01 09:35:45 AM,6823.0,10,68230.0,189530675.0
2025-08-01 09:35:46 AM,6823.0,7,47761.0,189578436.0
2025-08-01 09:35:53 AM,6824.0,0,0.0,189578436.0
2025-08-01 09:35:53 AM,6824.0,1069,7294856.0,196873292.0
2025-08-01 09:35:54 AM,6833.5,30,205005.0,197078297.0
2025-08-01 09:35:56 AM,6833.0,0,0.0,197078297.0
2025-08-01 09:35:56 AM,6833.0,100,683300.0,197761597.0
2025-08-01 09:36:10 AM,6833.5,3,20500.5,197782097.5
2025-08-01 09:36:17 AM,6833.5,17,116169.5,197898267.0
2025-08-01 09:36:23 AM,6833.5,33,225505.5,198123772.5
2025-08-01 09:36:30 AM,6832.0,12,81984.0,198205756.5
2025-08-01 09:36:36 AM,6832.0,9,61488.0,198267244.5
2025-08-01 09:36:43 AM,6832.0,5,34160.0,198301404.5
2025-08-01 09:36:48 AM,6831.5,0,0.0,198301404.5
2025-08-01 09:36:49 AM,6831.5,14,95641.0,198397045.5
2025-08-01 09:36:56 AM,6831.5,10,68315.0,198465360.5
2025-08-01 09:37:00 AM,6832.0,0,0.0,198465360.5
2025-08-01 09:37:03 AM,6834.0,385,2631090.0,201096450.5
2025-08-01 09:37:08 AM,6831.5,0,0.0,201096450.5
2025-08-01 09:37:09 AM,6834.0,0,0.0,201096450.5
2025-08-01 09:37:10 AM,6834.0,49,334866.0,201431316.5
2025-08-01 09:37:17 AM,6833.0,32,218656.0,201649972.5
2025-08-01 09:37:23 AM,6832.5,0,0.0,201649972.5
2025-08-01 09:37:24 AM,6830.5,130,887965.0,202537937.5
2025-08-01 09:37:31 AM,6830.5,39,266389.5,202804327.0
2025-08-01 09:37:34 AM,6830.0,0,0.0,202804327.0
2025-08-01 09:37:38 AM,6826.5,0,0.0,202804327.0
2025-08-01 09:37:38 AM,6826.5,763,5208619.5,208012946.5
2025-08-01 09:37:42 AM,6829.0,0,0.0,208012946.5
2025-08-01 09:37:44 AM,6827.5,50,341375.0,208354321.5
2025-08-01 09:37:46 AM,6825.0,0,0.0,208354321.5
2025-08-01 09:37:48 AM,6827.5,0,0.0,208354321.5
2025-08-01 09:37:51 AM,6827.0,97,662219.0,209016540.5
2025-08-01 09:37:56 AM,6823.5,0,0.0,209016540.5
2025-08-01 09:37:57 AM,6826.0,56,382256.0,209398796.5
2025-08-01 09:37:58 AM,6825.0,0,0.0,209398796.5
2025-08-01 09:38:04 AM,6825.0,21,143325.0,209542121.5
2025-08-01 09:38:09 AM,6824.0,0,0.0,209542121.5
2025-08-01 09:38:11 AM,6824.0,211,1439864.0,210981985.5
2025-08-01 09:38:15 AM,6820.0,0,0.0,210981985.5
2025-08-01 09:38:18 AM,6821.5,329,2244273.5,213226259.0
2025-08-01 09:38:30 AM,6820.0,0,0.0,213226259.0
2025-08-01 09:38:31 AM,6820.0,68,463760.0,213690019.0
2025-08-01 09:38:35 AM,6819.0,0,0.0,213690019.0
2025-08-01 09:38:38 AM,6820.0,13,88660.0,213778679.0
2025-08-01 09:38:45 AM,6819.0,7,47733.0,213826412.0
2025-08-01 09:38:58 AM,6819.0,17,115923.0,213942335.0
2025-08-01 09:39:00 AM,6818.0,0,0.0,213942335.0
2025-08-01 09:39:05 AM,6818.0,86,586348.0,214528683.0
2025-08-01 09:39:10 AM,6818.5,0,0.0,214528683.0
2025-08-01 09:39:12 AM,6818.5,3,20455.5,214549138.5
2025-08-01 09:39:15 AM,6816.5,0,0.0,214549138.5
2025-08-01 09:39:18 AM,6817.5,35,238612.5,214787751.0
2025-08-01 09:39:25 AM,6816.0,56,381696.0,215169447.0
2025-08-01 09:39:28 AM,6816.5,0,0.0,215169447.0
2025-08-01 09:39:32 AM,6816.5,13,88614.5,215258061.5
2025-08-01 09:39:36 AM,6818.0,0,0.0,215258061.5
2025-08-01 09:39:38 AM,6818.0,143,974974.0,216233035.5
2025-08-01 09:39:41 AM,6816.5,0,0.0,216233035.5
2025-08-01 09:39:45 AM,6816.5,110,749815.0,216982850.5
2025-08-01 09:39:49 AM,6818.0,0,0.0,216982850.5
2025-08-01 09:39:51 AM,6816.5,114,777081.0,217759931.5
2025-08-01 09:39:57 AM,6820.0,0,0.0,217759931.5
2025-08-01 09:39:58 AM,6820.0,1,6820.0,217766751.5
2025-08-01 09:39:59 AM,6818.0,4,27272.0,217794023.5
2025-08-01 09:40:04 AM,6817.5,16,109080.0,217903103.5
2025-08-01 09:40:09 AM,6818.0,0,0.0,217903103.5
2025-08-01 09:40:11 AM,6818.0,6,40908.0,217944011.5
2025-08-01 09:40:12 AM,6818.0,42,286356.0,218230367.5
2025-08-01 09:40:13 AM,6819.5,0,0.0,218230367.5
2025-08-01 09:40:17 AM,6819.0,0,0.0,218230367.5
2025-08-01 09:40:17 AM,6819.0,39,265941.0,218496308.5
2025-08-01 09:40:18 AM,6819.0,1,6819.0,218503127.5
2025-08-01 09:40:31 AM,6819.0,59,402321.0,218905448.5
2025-08-01 09:40:36 AM,6822.0,0,0.0,218905448.5
2025-08-01 09:40:37 AM,6822.0,127,866394.0,219771842.5
2025-08-01 09:40:40 AM,6822.5,0,0.0,219771842.5
2025-08-01 09:40:44 AM,6825.0,44,300300.0,220072142.5
2025-08-01 09:40:48 AM,6827.0,0,0.0,220072142.5
2025-08-01 09:40:51 AM,6827.5,61,416477.5,220488620.0
2025-08-01 09:40:58 AM,6828.5,0,0.0,220488620.0
2025-08-01 09:41:03 AM,6830.0,0,0.0,220488620.0
2025-08-01 09:41:04 AM,6830.0,24,163920.0,220652540.0
2025-08-01 09:41:10 AM,6830.0,1070,7308100.0,227960640.0
2025-08-01 09:41:16 AM,6829.5,0,0.0,227960640.0
2025-08-01 09:41:17 AM,6829.5,83,566848.5,228527488.5
2025-08-01 09:41:18 AM,6829.5,7,47806.5,228575295.0
2025-08-01 09:41:24 AM,6830.0,1,6830.0,228582125.0
2025-08-01 09:41:30 AM,6829.5,80,546360.0,229128485.0
2025-08-01 09:41:36 AM,6829.0,0,0.0,229128485.0
2025-08-01 09:41:37 AM,6829.0,101,689729.0,229818214.0
2025-08-01 09:41:40 AM,6830.0,0,0.0,229818214.0
2025-08-01 09:41:44 AM,6830.0,2406,16432980.0,246251194.0
2025-08-01 09:41:47 AM,6829.5,0,0.0,246251194.0
2025-08-01 09:41:50 AM,6829.0,60,409740.0,246660934.0
2025-08-01 09:41:57 AM,6829.0,7,47803.0,246708737.0
2025-08-01 09:42:03 AM,6828.5,68,464338.0,247173075.0
2025-08-01 09:42:04 AM,6827.0,559,3816293.0,250989368.0
2025-08-01 09:42:11 AM,6822.5,94,641315.0,251630683.0
2025-08-01 09:42:13 AM,6825.0,0,0.0,251630683.0
2025-08-01 09:42:16 AM,6825.0,101,689325.0,252320008.0
2025-08-01 09:42:24 AM,6827.0,2,13654.0,252333662.0
2025-08-01 09:42:26 AM,6824.0,0,0.0,252333662.0
2025-08-01 09:42:29 AM,6824.0,50,341200.0,252674862.0
2025-08-01 09:42:31 AM,6826.0,10,68260.0,252743122.0
2025-08-01 09:42:35 AM,6825.0,0,0.0,252743122.0
2025-08-01 09:42:35 AM,6826.5,0,0.0,252743122.0
2025-08-01 09:42:36 AM,6826.5,62,423243.0,253166365.0
2025-08-01 09:42:49 AM,6826.5,86,587079.0,253753444.0
2025-08-01 09:42:50 AM,6833.0,0,0.0,253753444.0
2025-08-01 09:42:54 AM,6835.5,0,0.0,253753444.0
2025-08-01 09:42:55 AM,6835.5,1095,7484872.5,261238316.5
2025-08-01 09:42:59 AM,6837.0,0,0.0,261238316.5
2025-08-01 09:43:00 AM,6837.0,4,27348.0,261265664.5
2025-08-01 09:43:04 AM,6840.0,0,0.0,261265664.5
2025-08-01 09:43:04 AM,6840.0,2332,15950880.0,277216544.5
2025-08-01 09:43:04 AM,6839.5,0,0.0,277216544.5
2025-08-01 09:43:05 AM,6839.5,1,6839.5,277223384.0
2025-08-01 09:43:07 AM,6840.0,0,0.0,277223384.0
2025-08-01 09:43:07 AM,6840.0,88,601920.0,277825304.0
2025-08-01 09:43:14 AM,6839.0,18,123102.0,277948406.0
2025-08-01 09:43:14 AM,6838.5,2,13677.0,277962083.0
2025-08-01 09:43:23 AM,6835.5,0,0.0,277962083.0
2025-08-01 09:43:23 AM,6835.5,14,95697.0,278057780.0
2025-08-01 09:43:30 AM,6833.0,49,334817.0,278392597.0
2025-08-01 09:43:31 AM,6833.5,2,13667.0,278406264.0
2025-08-01 09:43:34 AM,6835.0,0,0.0,278406264.0
2025-08-01 09:43:35 AM,6835.0,1,6835.0,278413099.0
2025-08-01 09:43:40 AM,6835.0,1,6835.0,278419934.0
2025-08-01 09:43:45 AM,6835.0,11,75185.0,278495119.0
2025-08-01 09:43:45 AM,6834.0,28,191352.0,278686471.0
2025-08-01 09:43:46 AM,6834.5,1,6834.5,278693305.5
2025-08-01 09:43:48 AM,6834.5,1,6834.5,278700140.0
2025-08-01 09:43:51 AM,6835.0,20,136700.0,278836840.0
2025-08-01 09:43:55 AM,6835.0,10,68350.0,278905190.0
2025-08-01 09:43:58 AM,6835.0,1,6835.0,278912025.0
2025-08-01 09:44:00 AM,6834.0,31,211854.0,279123879.0
2025-08-01 09:44:07 AM,6834.5,0,0.0,279123879.0
2025-08-01 09:44:08 AM,6834.5,1371,9370099.5,288493978.5
2025-08-01 09:44:09 AM,6834.0,6,41004.0,288534982.5
2025-08-01 09:44:11 AM,6832.0,0,0.0,288534982.5
2025-08-01 09:44:12 AM,6834.0,0,0.0,288534982.5
2025-08-01 09:44:15 AM,6834.0,12,82008.0,288616990.5
2025-08-01 09:44:15 AM,6833.5,0,0.0,288616990.5
2025-08-01 09:44:16 AM,6833.5,51,348508.5,288965499.0
2025-08-01 09:44:19 AM,6832.0,0,0.0,288965499.0
2025-08-01 09:44:21 AM,6830.0,188,1284040.0,290249539.0
2025-08-01 09:44:31 AM,6828.0,0,0.0,290249539.0
2025-08-01 09:44:34 AM,6828.0,44,300432.0,290549971.0
2025-08-01 09:44:40 AM,6828.0,2,13656.0,290563627.0
2025-08-01 09:44:47 AM,6828.0,32,218496.0,290782123.0
2025-08-01 09:44:53 AM,6827.0,1,6827.0,290788950.0
2025-08-01 09:44:55 AM,6829.0,0,0.0,290788950.0
2025-08-01 09:45:00 AM,6829.0,50,341450.0,291130400.0
2025-08-01 09:45:01 AM,6827.5,0,0.0,291130400.0
2025-08-01 09:45:01 AM,6827.5,16,109240.0,291239640.0
2025-08-01 09:45:06 AM,6827.0,30,204810.0,291444450.0
2025-08-01 09:45:13 AM,6824.0,160,1091840.0,292536290.0
2025-08-01 09:45:14 AM,6825.0,0,0.0,292536290.0
2025-08-01 09:45:15 AM,6825.0,6,40950.0,292577240.0
2025-08-01 09:45:19 AM,6821.0,0,0.0,292577240.0
2025-08-01 09:45:20 AM,6821.0,18,122778.0,292700018.0
2025-08-01 09:45:21 AM,6822.5,15,102337.5,292802355.5
2025-08-01 09:45:31 AM,6821.5,0,0.0,292802355.5
2025-08-01 09:45:32 AM,6821.5,3,20464.5,292822820.0
2025-08-01 09:45:39 AM,6821.5,1,6821.5,292829641.5
2025-08-01 09:45:43 AM,6820.0,0,0.0,292829641.5
2025-08-01 09:45:46 AM,6819.0,1940,13228860.0,306058501.5
2025-08-01 09:45:47 AM,6820.0,811,5531020.0,311589521.5
2025-08-01 09:45:56 AM,6822.0,0,0.0,311589521.5
2025-08-01 09:45:58 AM,6822.0,17,115974.0,311705495.5
2025-08-01 09:46:01 AM,6823.0,0,0.0,311705495.5
2025-08-01 09:46:05 AM,6823.0,4,27292.0,311732787.5
2025-08-01 09:46:06 AM,6821.5,0,0.0,311732787.5
2025-08-01 09:46:11 AM,6821.5,419,2858208.5,314590996.0
2025-08-01 09:46:15 AM,6822.0,0,0.0,314590996.0
2025-08-01 09:46:16 AM,6820.0,0,0.0,314590996.0
2025-08-01 09:46:18 AM,6820.0,32,218240.0,314809236.0
2025-08-01 09:46:24 AM,6820.0,2,13640.0,314822876.0
2025-08-01 09:46:31 AM,6819.0,44,300036.0,315122912.0
2025-08-01 09:46:33 AM,6819.0,1,6819.0,315129731.0
2025-08-01 09:46:39 AM,6818.5,2,13637.0,315143368.0
2025-08-01 09:46:43 AM,6817.0,0,0.0,315143368.0
2025-08-01 09:46:43 AM,6817.0,122,831674.0,315975042.0
2025-08-01 09:46:45 AM,6815.0,41,279415.0,316254457.0
2025-08-01 09:46:48 AM,6814.0,0,0.0,316254457.0
2025-08-01 09:46:49 AM,6814.0,28,190792.0,316445249.0
2025-08-01 09:46:51 AM,6813.0,2,13626.0,316458875.0
2025-08-01 09:46:58 AM,6813.0,5,34065.0,316492940.0
2025-08-01 09:47:02 AM,6813.0,64,436032.0,316928972.0
2025-08-01 09:47:04 AM,6813.0,112,763056.0,317692028.0
2025-08-01 09:47:07 AM,6815.0,0,0.0,317692028.0
2025-08-01 09:47:08 AM,6815.0,35,238525.0,317930553.0
2025-08-01 09:47:13 AM,6813.5,0,0.0,317930553.0
2025-08-01 09:47:14 AM,6813.5,7,47694.5,317978247.5
2025-08-01 09:47:16 AM,6813.0,0,0.0,317978247.5
2025-08-01 09:47:16 AM,6811.5,103,701584.5,318679832.0
2025-08-01 09:47:25 AM,6813.5,0,0.0,318679832.0
2025-08-01 09:47:27 AM,6813.5,3,20440.5,318700272.5
2025-08-01 09:47:32 AM,6811.5,0,0.0,318700272.5
2025-08-01 09:47:33 AM,6811.5,11,74926.5,318775199.0
2025-08-01 09:47:36 AM,6812.0,3,20436.0,318795635.0
2025-08-01 09:47:40 AM,6812.0,2,13624.0,318809259.0
2025-08-01 09:47:43 AM,6812.0,1,6812.0,318816071.0
2025-08-01 09:47:46 AM,6811.5,0,0.0,318816071.0
2025-08-01 09:47:47 AM,6811.5,51,347386.5,319163457.5
2025-08-01 09:47:49 AM,6811.5,2,13623.0,319177080.5
2025-08-01 09:47:53 AM,6811.0,0,0.0,319177080.5
2025-08-01 09:47:53 AM,6811.0,2,13622.0,319190702.5
2025-08-01 09:48:00 AM,6811.0,94,640234.0,319830936.5
2025-08-01 09:48:02 AM,6811.0,7,47677.0,319878613.5
2025-08-01 09:48:06 AM,6811.5,32,217968.0,320096581.5
2025-08-01 09:48:13 AM,6811.0,5,34055.0,320130636.5
2025-08-01 09:48:15 AM,6811.0,46,313306.0,320443942.5
2025-08-01 09:48:18 AM,6811.5,0,0.0,320443942.5
2025-08-01 09:48:19 AM,6811.5,6,40869.0,320484811.5
2025-08-01 09:48:22 AM,6811.5,12,81738.0,320566549.5
2025-08-01 09:48:23 AM,6810.5,0,0.0,320566549.5
2025-08-01 09:48:26 AM,6813.0,221,1505673.0,322072222.5
2025-08-01 09:48:28 AM,6813.0,1,6813.0,322079035.5
2025-08-01 09:48:32 AM,6813.0,4,27252.0,322106287.5
2025-08-01 09:48:35 AM,6816.5,0,0.0,322106287.5
2025-08-01 09:48:35 AM,6816.5,92,627118.0,322733405.5
2025-08-01 09:48:42 AM,6821.5,0,0.0,322733405.5
2025-08-01 09:48:45 AM,6821.5,90,613935.0,323347340.5
2025-08-01 09:48:46 AM,6806.0,0,0.0,323347340.5
2025-08-01 09:48:47 AM,6805.0,0,0.0,323347340.5
2025-08-01 09:48:48 AM,6805.0,771,5246655.0,328593995.5
2025-08-01 09:48:51 AM,6801.0,0,0.0,328593995.5
2025-08-01 09:48:51 AM,6801.0,521,3543321.0,332137316.5
2025-08-01 09:48:54 AM,6800.0,1164,7915200.0,340052516.5
2025-08-01 09:48:55 AM,6801.5,0,0.0,340052516.5
2025-08-01 09:48:58 AM,6799.0,104,707096.0,340759612.5
2025-08-01 09:49:00 AM,6798.0,61,414678.0,341174290.5
2025-08-01 09:49:04 AM,6798.0,2,13596.0,341187886.5
2025-08-01 09:49:06 AM,6804.0,0,0.0,341187886.5
2025-08-01 09:49:07 AM,6804.0,1313,8933652.0,350121538.5
2025-08-01 09:49:10 AM,6803.0,0,0.0,350121538.5
2025-08-01 09:49:10 AM,6801.0,457,3108057.0,353229595.5
2025-08-01 09:49:10 AM,6800.5,0,0.0,353229595.5
2025-08-01 09:49:13 AM,6800.0,376,2556800.0,355786395.5
2025-08-01 09:49:15 AM,6800.5,0,0.0,355786395.5
2025-08-01 09:49:16 AM,6800.0,455,3094000.0,358880395.5
2025-08-01 09:49:19 AM,6800.0,121,822800.0,359703195.5
2025-08-01 09:49:23 AM,6800.0,10,68000.0,359771195.5
2025-08-01 09:49:24 AM,6799.5,0,0.0,359771195.5
2025-08-01 09:49:25 AM,6799.5,46,312777.0,360083972.5
2025-08-01 09:49:27 AM,6800.0,0,0.0,360083972.5
2025-08-01 09:49:29 AM,6799.5,45,305977.5,360389950.0
2025-08-01 09:49:31 AM,6799.5,9,61195.5,360451145.5
2025-08-01 09:49:33 AM,6795.5,0,0.0,360451145.5
2025-08-01 09:49:33 AM,6798.0,0,0.0,360451145.5
2025-08-01 09:49:35 AM,6798.0,161,1094478.0,361545623.5
2025-08-01 09:49:36 AM,6799.5,0,0.0,361545623.5
2025-08-01 09:49:38 AM,6799.5,2,13599.0,361559222.5
2025-08-01 09:49:39 AM,6798.0,0,0.0,361559222.5
2025-08-01 09:49:41 AM,6798.0,22,149556.0,361708778.5
2025-08-01 09:49:42 AM,6807.5,0,0.0,361708778.5
2025-08-01 09:49:44 AM,6807.5,1200,8169000.0,369877778.5
2025-08-01 09:49:51 AM,6810.5,0,0.0,369877778.5
2025-08-01 09:49:54 AM,6803.5,303,2061460.5,371939239.0
2025-08-01 09:49:55 AM,6805.5,0,0.0,371939239.0
2025-08-01 09:49:56 AM,6806.0,0,0.0,371939239.0
2025-08-01 09:49:57 AM,6803.5,39,265336.5,372204575.5
2025-08-01 09:49:59 AM,6806.0,0,0.0,372204575.5
2025-08-01 09:50:00 AM,6806.0,54,367524.0,372572099.5
2025-08-01 09:50:03 AM,6804.0,9,61236.0,372633335.5
2025-08-01 09:50:07 AM,6806.5,0,0.0,372633335.5
2025-08-01 09:50:08 AM,6811.0,72,490392.0,373123727.5
2025-08-01 09:50:11 AM,6810.5,2,13621.0,373137348.5
2025-08-01 09:50:12 AM,6807.0,1,6807.0,373144155.5
2025-08-01 09:50:16 AM,6810.0,1,6810.0,373150965.5
2025-08-01 09:50:17 AM,6810.0,1,6810.0,373157775.5
2025-08-01 09:50:19 AM,6810.0,25,170250.0,373328025.5
2025-08-01 09:50:25 AM,6807.0,3,20421.0,373348446.5
2025-08-01 09:50:31 AM,6807.0,40,272280.0,373620726.5
2025-08-01 09:50:35 AM,6809.5,0,0.0,373620726.5
2025-08-01 09:50:36 AM,6809.5,3,20428.5,373641155.0
2025-08-01 09:50:37 AM,6807.5,8,54460.0,373695615.0
2025-08-01 09:50:45 AM,6808.0,0,0.0,373695615.0
2025-08-01 09:50:46 AM,6808.0,2,13616.0,373709231.0
2025-08-01 09:50:50 AM,6808.0,5,34040.0,373743271.0
2025-08-01 09:50:57 AM,6808.0,37,251896.0,373995167.0
2025-08-01 09:50:57 AM,6811.0,608,4141088.0,378136255.0
2025-08-01 09:51:04 AM,6813.5,0,0.0,378136255.0
2025-08-01 09:51:04 AM,6813.5,423,2882110.5,381018365.5
2025-08-01 09:51:09 AM,6813.0,0,0.0,381018365.5
2025-08-01 09:51:10 AM,6813.0,2,13626.0,381031991.5
2025-08-01 09:51:17 AM,6813.0,20,136260.0,381168251.5
2025-08-01 09:51:18 AM,6815.5,0,0.0,381168251.5
2025-08-01 09:51:19 AM,6815.5,8,54524.0,381222775.5
2025-08-01 09:51:25 AM,6813.5,9,61321.5,381284097.0
2025-08-01 09:51:31 AM,6813.5,53,361115.5,381645212.5
2025-08-01 09:51:35 AM,6815.0,1,6815.0,381652027.5
2025-08-01 09:51:42 AM,6813.0,10,68130.0,381720157.5
2025-08-01 09:51:44 AM,6813.0,98,667674.0,382387831.5
2025-08-01 09:51:45 AM,6812.5,0,0.0,382387831.5
2025-08-01 09:51:48 AM,6812.5,49,333812.5,382721644.0
2025-08-01 09:51:50 AM,6813.0,1,6813.0,382728457.0
2025-08-01 09:51:54 AM,6813.0,50,340650.0,383069107.0
2025-08-01 09:52:00 AM,6813.0,3,20439.0,383089546.0
2025-08-01 09:52:03 AM,6813.0,6,40878.0,383130424.0
2025-08-01 09:52:15 AM,6811.5,456,3106044.0,386236468.0
2025-08-01 09:52:16 AM,6813.0,0,0.0,386236468.0
2025-08-01 09:52:18 AM,6813.0,34,231642.0,386468110.0
2025-08-01 09:52:25 AM,6812.5,0,0.0,386468110.0
2025-08-01 09:52:25 AM,6812.5,1,6812.5,386474922.5
2025-08-01 09:52:31 AM,6812.5,2,13625.0,386488547.5
2025-08-01 09:52:37 AM,6813.0,0,0.0,386488547.5
2025-08-01 09:52:37 AM,6813.0,138,940194.0,387428741.5
2025-08-01 09:52:46 AM,6815.0,0,0.0,387428741.5
2025-08-01 09:52:49 AM,6815.0,5,34075.0,387462816.5
2025-08-01 09:53:01 AM,6813.5,0,0.0,387462816.5
2025-08-01 09:53:01 AM,6813.5,22,149897.0,387612713.5
2025-08-01 09:53:10 AM,6811.0,0,0.0,387612713.5
2025-08-01 09:53:10 AM,6811.5,0,0.0,387612713.5
2025-08-01 09:53:13 AM,6811.5,602,4100523.0,391713236.5
2025-08-01 09:53:15 AM,6811.0,96,653856.0,392367092.5
2025-08-01 09:53:17 AM,6811.5,0,0.0,392367092.5
2025-08-01 09:53:20 AM,6811.5,5,34057.5,392401150.0
2025-08-01 09:53:26 AM,6811.5,1,6811.5,392407961.5
2025-08-01 09:53:28 AM,6811.5,1,6811.5,392414773.0
2025-08-01 09:53:32 AM,6811.0,0,0.0,392414773.0
2025-08-01 09:53:32 AM,6811.0,43,292873.0,392707646.0
2025-08-01 09:53:34 AM,6810.5,32,217936.0,392925582.0
2025-08-01 09:53:35 AM,6810.0,0,0.0,392925582.0
2025-08-01 09:53:38 AM,6810.0,33,224730.0,393150312.0
2025-08-01 09:53:38 AM,6808.5,0,0.0,393150312.0
2025-08-01 09:53:40 AM,6807.0,79,537753.0,393688065.0
2025-08-01 09:53:43 AM,6808.0,0,0.0,393688065.0
2025-08-01 09:53:45 AM,6808.0,11,74888.0,393762953.0
2025-08-01 09:53:46 AM,6806.5,47,319905.5,394082858.5
2025-08-01 09:53:50 AM,6806.0,0,0.0,394082858.5
2025-08-01 09:53:51 AM,6806.0,35,238210.0,394321068.5
2025-08-01 09:53:57 AM,6804.5,1,6804.5,394327873.0
2025-08-01 09:54:02 AM,6806.0,0,0.0,394327873.0
2025-08-01 09:54:03 AM,6806.0,50,340300.0,394668173.0
2025-08-01 09:54:04 AM,6806.5,10,68065.0,394736238.0
2025-08-01 09:54:08 AM,6806.0,0,0.0,394736238.0
2025-08-01 09:54:09 AM,6806.0,1,6806.0,394743044.0
2025-08-01 09:54:14 AM,6804.5,0,0.0,394743044.0
2025-08-01 09:54:16 AM,6804.5,27,183721.5,394926765.5
2025-08-01 09:54:17 AM,6804.5,1,6804.5,394933570.0
2025-08-01 09:54:20 AM,6804.0,0,0.0,394933570.0
2025-08-01 09:54:22 AM,6804.0,3,20412.0,394953982.0
2025-08-01 09:54:23 AM,6804.0,1,6804.0,394960786.0
2025-08-01 09:54:28 AM,6804.0,1,6804.0,394967590.0
2025-08-01 09:54:30 AM,6803.0,0,0.0,394967590.0
2025-08-01 09:54:34 AM,6803.0,54,367362.0,395334952.0
2025-08-01 09:54:35 AM,6803.0,33,224499.0,395559451.0
2025-08-01 09:54:45 AM,6804.0,0,0.0,395559451.0
2025-08-01 09:54:45 AM,6803.5,0,0.0,395559451.0
2025-08-01 09:54:46 AM,6803.5,17,115659.5,395675110.5
2025-08-01 09:54:51 AM,6803.0,0,0.0,395675110.5
2025-08-01 09:54:52 AM,6803.0,27,183681.0,395858791.5
2025-08-01 09:54:54 AM,6801.0,0,0.0,395858791.5
2025-08-01 09:54:58 AM,6801.0,200,1360200.0,397218991.5
2025-08-01 09:55:00 AM,6803.0,0,0.0,397218991.5
2025-08-01 09:55:03 AM,6803.0,54,367362.0,397586353.5
2025-08-01 09:55:05 AM,6803.0,9,61227.0,397647580.5
2025-08-01 09:55:09 AM,6803.5,0,0.0,397647580.5
2025-08-01 09:55:09 AM,6803.5,55,374192.5,398021773.0
2025-08-01 09:55:09 AM,6804.0,0,0.0,398021773.0
2025-08-01 09:55:10 AM,6804.0,495,3367980.0,401389753.0
2025-08-01 09:55:15 AM,6804.0,1,6804.0,401396557.0
2025-08-01 09:55:21 AM,6802.5,0,0.0,401396557.0
2025-08-01 09:55:21 AM,6802.5,129,877522.5,402274079.5
2025-08-01 09:55:23 AM,6802.5,5,34012.5,402308092.0
2025-08-01 09:55:26 AM,6800.5,0,0.0,402308092.0
2025-08-01 09:55:27 AM,6800.5,352,2393776.0,404701868.0
2025-08-01 09:55:31 AM,6800.0,0,0.0,404701868.0
2025-08-01 09:55:33 AM,6800.0,34,231200.0,404933068.0
2025-08-01 09:55:38 AM,6798.5,0,0.0,404933068.0
2025-08-01 09:55:39 AM,6802.0,160,1088320.0,406021388.0
2025-08-01 09:55:45 AM,6801.5,33,224449.5,406245837.5
2025-08-01 09:55:48 AM,6802.0,0,0.0,406245837.5
2025-08-01 09:55:52 AM,6802.0,10,68020.0,406313857.5
2025-08-01 09:55:56 AM,6799.5,0,0.0,406313857.5
2025-08-01 09:55:58 AM,6799.5,28,190386.0,406504243.5
2025-08-01 09:55:59 AM,6800.5,0,0.0,406504243.5
2025-08-01 09:55:59 AM,6800.5,1,6800.5,406511044.0
2025-08-01 09:56:02 AM,6799.5,0,0.0,406511044.0
2025-08-01 09:56:04 AM,6799.5,38,258381.0,406769425.0
2025-08-01 09:56:05 AM,6799.5,5,33997.5,406803422.5
2025-08-01 09:56:08 AM,6801.0,0,0.0,406803422.5
2025-08-01 09:56:10 AM,6798.5,14,95179.0,406898601.5
2025-08-01 09:56:16 AM,6798.5,33,224350.5,407122952.0
2025-08-01 09:56:17 AM,6796.5,0,0.0,407122952.0
2025-08-01 09:56:17 AM,6796.5,147,999085.5,408122037.5
2025-08-01 09:56:22 AM,6796.5,20,135930.0,408257967.5
2025-08-01 09:56:28 AM,6798.5,1,6798.5,408264766.0
2025-08-01 09:56:32 AM,6797.5,0,0.0,408264766.0
2025-08-01 09:56:33 AM,6796.5,0,0.0,408264766.0
2025-08-01 09:56:33 AM,6796.5,43,292249.5,408557015.5
2025-08-01 09:56:39 AM,6796.5,1,6796.5,408563812.0
2025-08-01 09:56:46 AM,6796.5,54,367011.0,408930823.0
2025-08-01 09:56:52 AM,6796.0,2,13592.0,408944415.0
2025-08-01 09:56:57 AM,6796.5,0,0.0,408944415.0
2025-08-01 09:56:58 AM,6796.5,58,394197.0,409338612.0
2025-08-01 09:56:59 AM,6796.0,19,129124.0,409467736.0
2025-08-01 09:57:04 AM,6793.5,197,1338319.5,410806055.5
2025-08-01 09:57:05 AM,6793.0,3,20379.0,410826434.5
2025-08-01 09:57:10 AM,6794.5,8,54356.0,410880790.5
2025-08-01 09:57:15 AM,6794.0,65,441610.0,411322400.5
2025-08-01 09:57:21 AM,6796.5,0,0.0,411322400.5
2025-08-01 09:57:21 AM,6796.5,92,625278.0,411947678.5
2025-08-01 09:57:23 AM,6796.5,6,40779.0,411988457.5
2025-08-01 09:57:25 AM,6799.5,0,0.0,411988457.5
2025-08-01 09:57:27 AM,6799.5,9,61195.5,412049653.0
2025-08-01 09:57:32 AM,6796.0,25,169900.0,412219553.0
2025-08-01 09:57:45 AM,6795.5,0,0.0,412219553.0
2025-08-01 09:57:45 AM,6795.5,10,67955.0,412287508.0
2025-08-01 09:57:47 AM,6794.0,48,326112.0,412613620.0
2025-08-01 09:57:53 AM,6795.5,0,0.0,412613620.0
2025-08-01 09:57:53 AM,6795.5,6,40773.0,412654393.0
2025-08-01 09:58:01 AM,6794.5,0,0.0,412654393.0
2025-08-01 09:58:03 AM,6794.5,3,20383.5,412674776.5
2025-08-01 09:58:05 AM,6793.5,0,0.0,412674776.5
2025-08-01 09:58:05 AM,6792.5,0,0.0,412674776.5
2025-08-01 09:58:06 AM,6793.0,557,3783701.0,416458477.5
2025-08-01 09:58:09 AM,6793.0,1,6793.0,416465270.5
2025-08-01 09:58:14 AM,6792.5,0,0.0,416465270.5
2025-08-01 09:58:15 AM,6790.0,190,1290100.0,417755370.5
2025-08-01 09:58:18 AM,6790.5,0,0.0,417755370.5
2025-08-01 09:58:18 AM,6790.5,92,624726.0,418380096.5
2025-08-01 09:58:21 AM,6790.5,10,67905.0,418448001.5
2025-08-01 09:58:24 AM,6790.5,2,13581.0,418461582.5
2025-08-01 09:58:27 AM,6790.5,10,67905.0,418529487.5
2025-08-01 09:58:30 AM,6792.5,0,0.0,418529487.5
2025-08-01 09:58:30 AM,6792.5,1,6792.5,418536280.0
2025-08-01 09:58:33 AM,6790.5,8,54324.0,418590604.0
2025-08-01 09:58:36 AM,6790.5,3,20371.5,418610975.5
2025-08-01 09:58:39 AM,6790.5,30,203715.0,418814690.5
2025-08-01 09:58:45 AM,6790.0,60,407400.0,419222090.5
2025-08-01 09:58:48 AM,6788.0,262,1778456.0,421000546.5
2025-08-01 09:58:54 AM,6786.0,0,0.0,421000546.5
2025-08-01 09:58:54 AM,6783.5,105,712267.5,421712814.0
2025-08-01 09:58:58 AM,6783.5,4,27134.0,421739948.0
2025-08-01 09:59:00 AM,6783.5,36,244206.0,421984154.0
2025-08-01 09:59:04 AM,6782.0,10,67820.0,422051974.0
2025-08-01 09:59:06 AM,6783.5,0,0.0,422051974.0
2025-08-01 09:59:06 AM,6783.5,4,27134.0,422079108.0
2025-08-01 09:59:10 AM,6783.5,2,13567.0,422092675.0
2025-08-01 09:59:12 AM,6781.0,0,0.0,422092675.0
2025-08-01 09:59:13 AM,6781.0,104,705224.0,422797899.0
2025-08-01 09:59:16 AM,6783.5,0,0.0,422797899.0
2025-08-01 09:59:16 AM,6783.5,110,746185.0,423544084.0
2025-08-01 09:59:19 AM,6783.5,10,67835.0,423611919.0
2025-08-01 09:59:22 AM,6786.0,137,929682.0,424541601.0
2025-08-01 09:59:28 AM,6791.0,0,0.0,424541601.0
2025-08-01 09:59:29 AM,6787.5,23,156112.5,424697713.5
2025-08-01 09:59:32 AM,6787.5,11,74662.5,424772376.0
2025-08-01 09:59:40 AM,6790.5,0,0.0,424772376.0
2025-08-01 09:59:41 AM,6790.5,60,407430.0,425179806.0
2025-08-01 09:59:44 AM,6791.0,0,0.0,425179806.0
2025-08-01 09:59:44 AM,6791.0,35,237685.0,425417491.0
2025-08-01 09:59:48 AM,6788.5,0,0.0,425417491.0
2025-08-01 09:59:48 AM,6788.5,61,414098.5,425831589.5
2025-08-01 09:59:50 AM,6790.5,0,0.0,425831589.5
2025-08-01 09:59:50 AM,6790.5,38,258039.0,426089628.5
2025-08-01 09:59:55 AM,6791.0,0,0.0,426089628.5
2025-08-01 09:59:56 AM,6791.0,1,6791.0,426096419.5
2025-08-01 10:00:00 AM,6790.5,69,468544.5,426564964.0
2025-08-01 10:00:01 AM,6787.5,0,0.0,426564964.0
2025-08-01 10:00:02 AM,6788.5,91,617753.5,427182717.5
2025-08-01 10:00:06 AM,6788.5,3,20365.5,427203083.0
2025-08-01 10:00:09 AM,6784.5,0,0.0,427203083.0
2025-08-01 10:00:09 AM,6784.5,277,1879306.5,429082389.5
2025-08-01 10:00:15 AM,6785.5,0,0.0,429082389.5
2025-08-01 10:00:15 AM,6784.0,42,284928.0,429367317.5
2025-08-01 10:00:19 AM,6782.5,111,752857.5,430120175.0
2025-08-01 10:00:31 AM,6784.5,10,67845.0,430188020.0
2025-08-01 10:00:34 AM,6784.5,1,6784.5,430194804.5
2025-08-01 10:00:38 AM,6784.5,1,6784.5,430201589.0
2025-08-01 10:00:41 AM,6784.5,3,20353.5,430221942.5
2025-08-01 10:00:47 AM,6784.5,111,753079.5,430975022.0
2025-08-01 10:00:50 AM,6784.0,0,0.0,430975022.0
2025-08-01 10:00:50 AM,6784.0,9,61056.0,431036078.0
2025-08-01 10:00:53 AM,6783.5,4,27134.0,431063212.0
2025-08-01 10:01:00 AM,6783.5,32,217072.0,431280284.0
2025-08-01 10:01:06 AM,6784.5,77,522406.5,431802690.5
2025-08-01 10:01:08 AM,6785.0,0,0.0,431802690.5
2025-08-01 10:01:09 AM,6785.0,27,183195.0,431985885.5
2025-08-01 10:01:13 AM,6785.0,4,27140.0,432013025.5
2025-08-01 10:01:18 AM,6787.5,0,0.0,432013025.5
2025-08-01 10:01:19 AM,6787.5,55,373312.5,432386338.0
2025-08-01 10:01:23 AM,6787.0,0,0.0,432386338.0
2025-08-01 10:01:25 AM,6787.0,10,67870.0,432454208.0
2025-08-01 10:01:37 AM,6787.5,2,13575.0,432467783.0
2025-08-01 10:01:40 AM,6789.5,62,420949.0,432888732.0
2025-08-01 10:01:43 AM,6795.0,0,0.0,432888732.0
2025-08-01 10:01:43 AM,6794.5,0,0.0,432888732.0
2025-08-01 10:01:44 AM,6791.0,160,1086560.0,433975292.0
2025-08-01 10:01:46 AM,6791.0,8,54328.0,434029620.0
2025-08-01 10:01:50 AM,6792.5,16,108680.0,434138300.0
2025-08-01 10:01:55 AM,6796.0,0,0.0,434138300.0
2025-08-01 10:01:56 AM,6796.0,40,271840.0,434410140.0
2025-08-01 10:01:59 AM,6798.5,0,0.0,434410140.0
2025-08-01 10:02:02 AM,6797.5,53,360267.5,434770407.5
2025-08-01 10:02:04 AM,6797.5,30,203925.0,434974332.5
2025-08-01 10:02:07 AM,6796.5,0,0.0,434974332.5
2025-08-01 10:02:08 AM,6796.5,7,47575.5,435021908.0
2025-08-01 10:02:10 AM,6797.0,6,40782.0,435062690.0
2025-08-01 10:02:14 AM,6798.0,0,0.0,435062690.0
2025-08-01 10:02:15 AM,6798.0,25,169950.0,435232640.0
2025-08-01 10:02:21 AM,6797.5,6,40785.0,435273425.0
2025-08-01 10:02:23 AM,6795.5,0,0.0,435273425.0
2025-08-01 10:02:23 AM,6795.5,2,13591.0,435287016.0
2025-08-01 10:02:27 AM,6798.0,0,0.0,435287016.0
2025-08-01 10:02:28 AM,6797.0,41,278677.0,435565693.0
2025-08-01 10:02:32 AM,6798.0,0,0.0,435565693.0
2025-08-01 10:02:34 AM,6798.0,75,509850.0,436075543.0
2025-08-01 10:02:35 AM,6798.0,3,20394.0,436095937.0
2025-08-01 10:02:40 AM,6796.5,0,0.0,436095937.0
2025-08-01 10:02:40 AM,6797.5,194,1318715.0,437414652.0
2025-08-01 10:02:48 AM,6797.5,2,13595.0,437428247.0
2025-08-01 10:02:53 AM,6797.5,6,40785.0,437469032.0
2025-08-01 10:02:58 AM,6798.5,0,0.0,437469032.0
2025-08-01 10:02:59 AM,6797.5,5,33987.5,437503019.5
2025-08-01 10:03:01 AM,6798.5,0,0.0,437503019.5
2025-08-01 10:03:01 AM,6799.0,71,482729.0,437985748.5
2025-08-01 10:03:05 AM,6796.0,218,1481528.0,439467276.5
2025-08-01 10:03:07 AM,6794.0,7,47558.0,439514834.5
2025-08-01 10:03:10 AM,6791.5,0,0.0,439514834.5
2025-08-01 10:03:12 AM,6791.5,70,475405.0,439990239.5
2025-08-01 10:03:14 AM,6796.5,0,0.0,439990239.5
2025-08-01 10:03:14 AM,6796.5,2,13593.0,440003832.5
2025-08-01 10:03:18 AM,6795.0,0,0.0,440003832.5
2025-08-01 10:03:18 AM,6795.0,28,190260.0,440194092.5
2025-08-01 10:03:21 AM,6795.0,19,129105.0,440323197.5
2025-08-01 10:03:30 AM,6796.5,0,0.0,440323197.5
2025-08-01 10:03:31 AM,6796.0,66,448536.0,440771733.5
2025-08-01 10:03:40 AM,6795.5,3,20386.5,440792120.0
2025-08-01 10:03:44 AM,6796.0,1,6796.0,440798916.0
2025-08-01 10:03:46 AM,6795.5,0,0.0,440798916.0
2025-08-01 10:03:46 AM,6795.5,42,285411.0,441084327.0
2025-08-01 10:03:54 AM,6796.0,0,0.0,441084327.0
2025-08-01 10:03:56 AM,6796.0,1,6796.0,441091123.0
2025-08-01 10:04:01 AM,6794.0,0,0.0,441091123.0
2025-08-01 10:04:02 AM,6794.0,87,591078.0,441682201.0
2025-08-01 10:04:15 AM,6793.5,6,40761.0,441722962.0
2025-08-01 10:04:21 AM,6794.5,69,468820.5,442191782.5
2025-08-01 10:04:24 AM,6793.5,6,40761.0,442232543.5
2025-08-01 10:04:26 AM,6794.5,0,0.0,442232543.5
2025-08-01 10:04:28 AM,6794.5,1,6794.5,442239338.0
2025-08-01 10:04:34 AM,6793.5,0,0.0,442239338.0
2025-08-01 10:04:34 AM,6793.5,38,258153.0,442497491.0
2025-08-01 10:04:36 AM,6794.5,3,20383.5,442517874.5
2025-08-01 10:04:39 AM,6795.0,0,0.0,442517874.5
2025-08-01 10:04:40 AM,6798.5,45,305932.5,442823807.0
2025-08-01 10:04:52 AM,6797.5,0,0.0,442823807.0
2025-08-01 10:04:53 AM,6797.5,1,6797.5,442830604.5
2025-08-01 10:04:55 AM,6794.5,49,332930.5,443163535.0
2025-08-01 10:04:59 AM,6795.5,0,0.0,443163535.0
2025-08-01 10:04:59 AM,6795.5,5,33977.5,443197512.5
2025-08-01 10:05:01 AM,6794.5,25,169862.5,443367375.0
2025-08-01 10:05:05 AM,6794.5,6,40767.0,443408142.0
2025-08-01 10:05:13 AM,6794.5,4,27178.0,443435320.0
2025-08-01 10:05:14 AM,6794.0,0,0.0,443435320.0
2025-08-01 10:05:17 AM,6793.5,50,339675.0,443774995.0
2025-08-01 10:05:23 AM,6793.5,2,13587.0,443788582.0
2025-08-01 10:05:25 AM,6794.0,94,638636.0,444427218.0
2025-08-01 10:05:32 AM,6794.0,10,67940.0,444495158.0
2025-08-01 10:05:36 AM,6794.0,46,312524.0,444807682.0
2025-08-01 10:05:38 AM,6794.5,51,346519.5,445154201.5
2025-08-01 10:05:42 AM,6794.5,1,6794.5,445160996.0
2025-08-01 10:05:48 AM,6792.5,0,0.0,445160996.0
2025-08-01 10:05:48 AM,6792.5,84,570570.0,445731566.0
2025-08-01 10:05:56 AM,6793.5,10,67935.0,445799501.0
2025-08-01 10:06:02 AM,6793.0,43,292099.0,446091600.0
2025-08-01 10:06:06 AM,6793.0,6,40758.0,446132358.0
2025-08-01 10:06:14 AM,6793.0,1,6793.0,446139151.0
2025-08-01 10:06:17 AM,6792.5,0,0.0,446139151.0
2025-08-01 10:06:17 AM,6792.5,51,346417.5,446485568.5
2025-08-01 10:06:20 AM,6793.5,0,0.0,446485568.5
2025-08-01 10:06:20 AM,6793.5,100,679350.0,447164918.5
2025-08-01 10:06:23 AM,6792.0,0,0.0,447164918.5
2025-08-01 10:06:23 AM,6791.0,93,631563.0,447796481.5
2025-08-01 10:06:26 AM,6791.5,0,0.0,447796481.5
2025-08-01 10:06:26 AM,6791.5,25,169787.5,447966269.0
2025-08-01 10:06:29 AM,6790.5,0,0.0,447966269.0
2025-08-01 10:06:29 AM,6790.5,31,210505.5,448176774.5
2025-08-01 10:06:37 AM,6790.0,0,0.0,448176774.5
2025-08-01 10:06:38 AM,6790.0,5,33950.0,448210724.5
2025-08-01 10:06:41 AM,6787.0,0,0.0,448210724.5
2025-08-01 10:06:41 AM,6787.0,139,943393.0,449154117.5
2025-08-01 10:06:43 AM,6787.5,2,13575.0,449167692.5
2025-08-01 10:06:54 AM,6787.5,49,332587.5,449500280.0
2025-08-01 10:07:00 AM,6789.0,0,0.0,449500280.0
2025-08-01 10:07:00 AM,6789.0,6,40734.0,449541014.0
2025-08-01 10:07:01 AM,6790.5,0,0.0,449541014.0
2025-08-01 10:07:02 AM,6790.5,1,6790.5,449547804.5
2025-08-01 10:07:08 AM,6790.5,1,6790.5,449554595.0
2025-08-01 10:07:16 AM,6789.0,0,0.0,449554595.0
2025-08-01 10:07:18 AM,6789.0,47,319083.0,449873678.0
2025-08-01 10:07:31 AM,6789.5,4,27158.0,449900836.0
2025-08-01 10:07:48 AM,6788.5,0,0.0,449900836.0
2025-08-01 10:07:49 AM,6788.5,95,644907.5,450545743.5
2025-08-01 10:07:51 AM,6789.5,32,217264.0,450763007.5
2025-08-01 10:07:56 AM,6789.5,2,13579.0,450776586.5
2025-08-01 10:08:02 AM,6789.0,85,577065.0,451353651.5
2025-08-01 10:08:02 AM,6791.5,0,0.0,451353651.5
2025-08-01 10:08:03 AM,6791.5,19,129038.5,451482690.0
2025-08-01 10:08:16 AM,6790.0,86,583940.0,452066630.0
2025-08-01 10:08:20 AM,6791.5,43,292034.5,452358664.5
2025-08-01 10:08:21 AM,6793.5,0,0.0,452358664.5
2025-08-01 10:08:22 AM,6796.5,108,734022.0,453092686.5
2025-08-01 10:08:27 AM,6803.5,0,0.0,453092686.5
2025-08-01 10:08:28 AM,6803.5,1541,10484193.5,463576880.0
2025-08-01 10:08:33 AM,6807.0,0,0.0,463576880.0
2025-08-01 10:08:34 AM,6808.5,342,2328507.0,465905387.0
2025-08-01 10:08:44 AM,6807.0,0,0.0,465905387.0
2025-08-01 10:08:44 AM,6807.0,11,74877.0,465980264.0
2025-08-01 10:08:50 AM,6806.5,0,0.0,465980264.0
2025-08-01 10:08:50 AM,6805.0,6,40830.0,466021094.0
2025-08-01 10:08:52 AM,6804.0,55,374220.0,466395314.0
2025-08-01 10:09:02 AM,6806.0,0,0.0,466395314.0
2025-08-01 10:09:02 AM,6806.0,47,319882.0,466715196.0
2025-08-01 10:09:08 AM,6806.0,1,6806.0,466722002.0
2025-08-01 10:09:14 AM,6806.0,1,6806.0,466728808.0
2025-08-01 10:09:16 AM,6805.5,21,142915.5,466871723.5
2025-08-01 10:09:22 AM,6809.5,450,3064275.0,469935998.5
2025-08-01 10:09:23 AM,6807.0,0,0.0,469935998.5
2025-08-01 10:09:26 AM,6807.0,1,6807.0,469942805.5
2025-08-01 10:09:27 AM,6809.0,0,0.0,469942805.5
2025-08-01 10:09:28 AM,6809.0,112,762608.0,470705413.5
2025-08-01 10:09:39 AM,6807.0,0,0.0,470705413.5
2025-08-01 10:09:39 AM,6807.0,7,47649.0,470753062.5
2025-08-01 10:09:43 AM,6808.5,2,13617.0,470766679.5
2025-08-01 10:09:45 AM,6807.5,2,13615.0,470780294.5
2025-08-01 10:09:49 AM,6807.5,46,313145.0,471093439.5
2025-08-01 10:09:51 AM,6807.5,11,74882.5,471168322.0
2025-08-01 10:09:57 AM,6807.0,0,0.0,471168322.0
2025-08-01 10:10:00 AM,6808.5,93,633190.5,471801512.5
2025-08-01 10:10:02 AM,6808.5,16,108936.0,471910448.5
2025-08-01 10:10:05 AM,6808.0,0,0.0,471910448.5
2025-08-01 10:10:06 AM,6808.5,0,0.0,471910448.5
2025-08-01 10:10:06 AM,6808.5,3,20425.5,471930874.0
2025-08-01 10:10:08 AM,6808.5,30,204255.0,472135129.0
2025-08-01 10:10:11 AM,6807.0,0,0.0,472135129.0
2025-08-01 10:10:12 AM,6807.0,34,231438.0,472366567.0
2025-08-01 10:10:14 AM,6807.0,3,20421.0,472386988.0
2025-08-01 10:10:18 AM,6804.5,401,2728604.5,475115592.5
2025-08-01 10:10:19 AM,6810.0,0,0.0,475115592.5
2025-08-01 10:10:20 AM,6810.0,582,3963420.0,479079012.5
2025-08-01 10:10:23 AM,6808.5,14,95319.0,479174331.5
2025-08-01 10:10:26 AM,6811.5,39,265648.5,479439980.0
2025-08-01 10:10:29 AM,6812.0,0,0.0,479439980.0
2025-08-01 10:10:29 AM,6812.0,52,354224.0,479794204.0
2025-08-01 10:10:36 AM,6812.0,445,3031340.0,482825544.0
2025-08-01 10:10:37 AM,6812.0,110,749320.0,483574864.0
2025-08-01 10:10:47 AM,6810.5,0,0.0,483574864.0
2025-08-01 10:10:48 AM,6810.0,43,292830.0,483867694.0
2025-08-01 10:11:01 AM,6809.0,30,204270.0,484071964.0
2025-08-01 10:11:02 AM,6808.0,0,0.0,484071964.0
2025-08-01 10:11:05 AM,6808.0,3,20424.0,484092388.0
2025-08-01 10:11:14 AM,6812.0,0,0.0,484092388.0
2025-08-01 10:11:17 AM,6812.0,4005,27282060.0,511374448.0
2025-08-01 10:11:19 AM,6819.5,569,3880295.5,515254743.5
2025-08-01 10:11:23 AM,6820.0,0,0.0,515254743.5
2025-08-01 10:11:23 AM,6820.0,27,184140.0,515438883.5
2025-08-01 10:11:24 AM,6819.0,5,34095.0,515472978.5
2025-08-01 10:11:26 AM,6820.0,0,0.0,515472978.5
2025-08-01 10:11:29 AM,6820.0,123,838860.0,516311838.5
2025-08-01 10:11:30 AM,6820.0,62,422840.0,516734678.5
2025-08-01 10:11:36 AM,6820.0,20,136400.0,516871078.5
2025-08-01 10:11:38 AM,6819.5,0,0.0,516871078.5
2025-08-01 10:11:40 AM,6819.5,14,95473.0,516966551.5
2025-08-01 10:11:42 AM,6815.5,50,340775.0,517307326.5
2025-08-01 10:11:44 AM,6817.5,0,0.0,517307326.5
2025-08-01 10:11:46 AM,6815.5,43,293066.5,517600393.0
2025-08-01 10:11:50 AM,6817.5,0,0.0,517600393.0
2025-08-01 10:11:52 AM,6815.5,14,95417.0,517695810.0
2025-08-01 10:11:58 AM,6815.5,59,402114.5,518097924.5
2025-08-01 10:12:04 AM,6817.0,174,1186158.0,519284082.5
2025-08-01 10:12:16 AM,6816.0,9,61344.0,519345426.5
2025-08-01 10:12:27 AM,6816.0,12,81792.0,519427218.5
2025-08-01 10:12:32 AM,6817.0,0,0.0,519427218.5
2025-08-01 10:12:33 AM,6816.0,102,695232.0,520122450.5
2025-08-01 10:12:34 AM,6820.0,437,2980340.0,523102790.5
2025-08-01 10:12:39 AM,6820.0,356,2427920.0,525530710.5
2025-08-01 10:12:39 AM,6820.0,1,6820.0,525537530.5
2025-08-01 10:12:50 AM,6819.5,0,0.0,525537530.5
2025-08-01 10:12:50 AM,6820.0,0,0.0,525537530.5
2025-08-01 10:12:50 AM,6820.0,2,13640.0,525551170.5
2025-08-01 10:12:51 AM,6820.0,1,6820.0,525557990.5
2025-08-01 10:13:02 AM,6819.5,10,68195.0,525626185.5
2025-08-01 10:13:07 AM,6819.5,3,20458.5,525646644.0
2025-08-01 10:13:11 AM,6818.0,0,0.0,525646644.0
2025-08-01 10:13:13 AM,6819.5,46,313697.0,525960341.0
2025-08-01 10:13:17 AM,6819.0,0,0.0,525960341.0
2025-08-01 10:13:19 AM,6819.0,18,122742.0,526083083.0
2025-08-01 10:13:23 AM,6827.0,0,0.0,526083083.0
2025-08-01 10:13:25 AM,6827.0,1424,9721648.0,535804731.0
2025-08-01 10:13:29 AM,6829.0,0,0.0,535804731.0
2025-08-01 10:13:29 AM,6828.5,0,0.0,535804731.0
2025-08-01 10:13:31 AM,6828.5,47,320939.5,536125670.5
2025-08-01 10:13:35 AM,6829.5,0,0.0,536125670.5
2025-08-01 10:13:37 AM,6829.5,494,3373773.0,539499443.5
2025-08-01 10:13:43 AM,6829.0,40,273160.0,539772603.5
2025-08-01 10:13:47 AM,6831.0,0,0.0,539772603.5
2025-08-01 10:13:49 AM,6831.0,63,430353.0,540202956.5
2025-08-01 10:13:50 AM,6829.5,0,0.0,540202956.5
2025-08-01 10:13:50 AM,6829.5,1,6829.5,540209786.0
2025-08-01 10:13:53 AM,6831.0,0,0.0,540209786.0
2025-08-01 10:13:55 AM,6830.0,235,1605050.0,541814836.0
2025-08-01 10:13:59 AM,6834.5,0,0.0,541814836.0
2025-08-01 10:14:01 AM,6834.0,328,2241552.0,544056388.0
2025-08-01 10:14:05 AM,6835.5,0,0.0,544056388.0
2025-08-01 10:14:06 AM,6834.0,421,2877114.0,546933502.0
2025-08-01 10:14:07 AM,6835.0,38,259730.0,547193232.0
2025-08-01 10:14:08 AM,6833.0,0,0.0,547193232.0
2025-08-01 10:14:11 AM,6836.0,0,0.0,547193232.0
2025-08-01 10:14:12 AM,6832.0,247,1687504.0,548880736.0
2025-08-01 10:14:13 AM,6832.0,12,81984.0,548962720.0
2025-08-01 10:14:14 AM,6835.5,0,0.0,548962720.0
2025-08-01 10:14:17 AM,6831.0,0,0.0,548962720.0
2025-08-01 10:14:18 AM,6835.0,169,1155115.0,550117835.0
2025-08-01 10:14:25 AM,6834.5,1,6834.5,550124669.5
2025-08-01 10:14:29 AM,6835.0,0,0.0,550124669.5
2025-08-01 10:14:29 AM,6835.0,100,683500.0,550808169.5
2025-08-01 10:14:30 AM,6832.5,2,13665.0,550821834.5
2025-08-01 10:14:32 AM,6831.5,0,0.0,550821834.5
2025-08-01 10:14:35 AM,6831.5,690,4713735.0,555535569.5
2025-08-01 10:14:41 AM,6832.5,28,191310.0,555726879.5
2025-08-01 10:14:47 AM,6831.5,0,0.0,555726879.5
2025-08-01 10:14:47 AM,6831.5,33,225439.5,555952319.0
2025-08-01 10:14:48 AM,6831.5,2,13663.0,555965982.0
2025-08-01 10:14:53 AM,6831.5,3,20494.5,555986476.5
2025-08-01 10:14:58 AM,6832.5,101,690082.5,556676559.0
2025-08-01 10:15:01 AM,6831.5,0,0.0,556676559.0
2025-08-01 10:15:04 AM,6831.5,13,88809.5,556765368.5
2025-08-01 10:15:10 AM,6832.5,1,6832.5,556772201.0
2025-08-01 10:15:16 AM,6831.5,0,0.0,556772201.0
2025-08-01 10:15:16 AM,6831.5,16,109304.0,556881505.0
2025-08-01 10:15:22 AM,6831.5,10,68315.0,556949820.0
2025-08-01 10:15:31 AM,6829.5,0,0.0,556949820.0
2025-08-01 10:15:34 AM,6830.0,0,0.0,556949820.0
2025-08-01 10:15:34 AM,6830.0,78,532740.0,557482560.0
2025-08-01 10:15:35 AM,6828.0,0,0.0,557482560.0
2025-08-01 10:15:35 AM,6828.0,35,238980.0,557721540.0
2025-08-01 10:15:46 AM,6829.5,0,0.0,557721540.0
2025-08-01 10:15:46 AM,6829.5,154,1051743.0,558773283.0
2025-08-01 10:15:50 AM,6834.5,0,0.0,558773283.0
2025-08-01 10:15:52 AM,6834.5,286,1954667.0,560727950.0
2025-08-01 10:15:55 AM,6832.5,0,0.0,560727950.0
2025-08-01 10:15:58 AM,6832.5,31,211807.5,560939757.5
2025-08-01 10:16:01 AM,6835.0,0,0.0,560939757.5
2025-08-01 10:16:04 AM,6835.0,11,75185.0,561014942.5
2025-08-01 10:16:11 AM,6833.5,0,0.0,561014942.5
2025-08-01 10:16:15 AM,6833.0,60,409980.0,561424922.5
2025-08-01 10:16:19 AM,6834.5,0,0.0,561424922.5
2025-08-01 10:16:21 AM,6834.5,25,170862.5,561595785.0
2025-08-01 10:16:31 AM,6833.0,0,0.0,561595785.0
2025-08-01 10:16:33 AM,6833.0,37,252821.0,561848606.0
2025-08-01 10:16:37 AM,6835.0,0,0.0,561848606.0
2025-08-01 10:16:39 AM,6835.0,64,437440.0,562286046.0
2025-08-01 10:16:43 AM,6833.0,0,0.0,562286046.0
2025-08-01 10:16:44 AM,6835.0,0,0.0,562286046.0
2025-08-01 10:16:45 AM,6835.0,15,102525.0,562388571.0
2025-08-01 10:16:52 AM,6832.5,0,0.0,562388571.0
2025-08-01 10:16:55 AM,6835.0,0,0.0,562388571.0
2025-08-01 10:16:55 AM,6835.0,115,786025.0,563174596.0
2025-08-01 10:16:58 AM,6834.5,0,0.0,563174596.0
2025-08-01 10:17:01 AM,6832.5,0,0.0,563174596.0
2025-08-01 10:17:01 AM,6832.5,51,348457.5,563523053.5
2025-08-01 10:17:07 AM,6834.5,2,13669.0,563536722.5
2025-08-01 10:17:14 AM,6832.0,0,0.0,563536722.5
2025-08-01 10:17:16 AM,6831.0,0,0.0,563536722.5
2025-08-01 10:17:18 AM,6833.0,226,1544258.0,565080980.5
2025-08-01 10:17:32 AM,6830.0,0,0.0,565080980.5
2025-08-01 10:17:35 AM,6830.0,5,34150.0,565115130.5
2025-08-01 10:17:46 AM,6830.5,0,0.0,565115130.5
2025-08-01 10:17:47 AM,6830.5,8,54644.0,565169774.5
2025-08-01 10:17:53 AM,6830.5,2,13661.0,565183435.5
2025-08-01 10:17:56 AM,6830.0,0,0.0,565183435.5
2025-08-01 10:17:59 AM,6830.0,29,198070.0,565381505.5
2025-08-01 10:18:05 AM,6830.0,119,812770.0,566194275.5
2025-08-01 10:18:07 AM,6830.5,0,0.0,566194275.5
2025-08-01 10:18:11 AM,6830.5,43,293711.5,566487987.0
2025-08-01 10:18:13 AM,6830.0,0,0.0,566487987.0
2025-08-01 10:18:14 AM,6832.0,0,0.0,566487987.0
2025-08-01 10:18:16 AM,6828.0,0,0.0,566487987.0
2025-08-01 10:18:16 AM,6828.0,161,1099308.0,567587295.0
2025-08-01 10:18:17 AM,6832.0,0,0.0,567587295.0
2025-08-01 10:18:22 AM,6832.0,63,430416.0,568017711.0
2025-08-01 10:18:28 AM,6832.5,10,68325.0,568086036.0
2025-08-01 10:18:34 AM,6831.0,0,0.0,568086036.0
2025-08-01 10:18:34 AM,6831.0,5,34155.0,568120191.0
2025-08-01 10:18:42 AM,6832.5,0,0.0,568120191.0
2025-08-01 10:18:45 AM,6831.0,13,88803.0,568208994.0
2025-08-01 10:18:51 AM,6831.0,7,47817.0,568256811.0
2025-08-01 10:18:52 AM,6829.5,0,0.0,568256811.0
2025-08-01 10:18:56 AM,6829.5,18,122931.0,568379742.0
2025-08-01 10:19:02 AM,6831.0,0,0.0,568379742.0
2025-08-01 10:19:02 AM,6831.0,130,888030.0,569267772.0
2025-08-01 10:19:06 AM,6833.0,0,0.0,569267772.0
2025-08-01 10:19:08 AM,6835.0,10,68350.0,569336122.0
2025-08-01 10:19:14 AM,6835.0,5,34175.0,569370297.0
2025-08-01 10:19:18 AM,6831.5,0,0.0,569370297.0
2025-08-01 10:19:20 AM,6831.5,101,689981.5,570060278.5
2025-08-01 10:19:31 AM,6833.5,2,13667.0,570073945.5
2025-08-01 10:19:36 AM,6832.5,0,0.0,570073945.5
2025-08-01 10:19:37 AM,6832.5,40,273300.0,570347245.5
2025-08-01 10:19:42 AM,6833.5,0,0.0,570347245.5
2025-08-01 10:19:42 AM,6833.5,3,20500.5,570367746.0
2025-08-01 10:19:48 AM,6833.0,0,0.0,570367746.0
2025-08-01 10:19:48 AM,6833.0,49,334817.0,570702563.0
2025-08-01 10:19:49 AM,6833.0,1,6833.0,570709396.0
2025-08-01 10:19:54 AM,6833.0,10,68330.0,570777726.0
2025-08-01 10:19:59 AM,6833.0,38,259654.0,571037380.0
2025-08-01 10:20:00 AM,6832.5,18,122985.0,571160365.0
2025-08-01 10:20:10 AM,6832.5,1,6832.5,571167197.5
2025-08-01 10:20:16 AM,6832.0,5,34160.0,571201357.5
2025-08-01 10:20:32 AM,6828.0,0,0.0,571201357.5
2025-08-01 10:20:33 AM,6828.0,969,6616332.0,577817689.5
2025-08-01 10:20:35 AM,6828.5,0,0.0,577817689.5
2025-08-01 10:20:35 AM,6828.5,1,6828.5,577824518.0
2025-08-01 10:20:46 AM,6826.5,10,68265.0,577892783.0
2025-08-01 10:20:54 AM,6826.5,10,68265.0,577961048.0
2025-08-01 10:20:57 AM,6825.5,0,0.0,577961048.0
2025-08-01 10:20:58 AM,6825.5,16,109208.0,578070256.0
2025-08-01 10:21:01 AM,6826.0,0,0.0,578070256.0
2025-08-01 10:21:03 AM,6826.0,12,81912.0,578152168.0
2025-08-01 10:21:07 AM,6825.5,0,0.0,578152168.0
2025-08-01 10:21:09 AM,6825.5,4,27302.0,578179470.0
2025-08-01 10:21:16 AM,6825.5,104,709852.0,578889322.0
2025-08-01 10:21:19 AM,6826.5,0,0.0,578889322.0
2025-08-01 10:21:20 AM,6826.5,243,1658839.5,580548161.5
2025-08-01 10:21:21 AM,6829.0,0,0.0,580548161.5
2025-08-01 10:21:22 AM,6829.0,3,20487.0,580568648.5
2025-08-01 10:21:31 AM,6828.5,3,20485.5,580589134.0
2025-08-01 10:21:47 AM,6828.0,0,0.0,580589134.0
2025-08-01 10:21:47 AM,6828.0,48,327744.0,580916878.0
2025-08-01 10:21:56 AM,6828.5,0,0.0,580916878.0
2025-08-01 10:21:59 AM,6828.0,0,0.0,580916878.0
2025-08-01 10:21:59 AM,6828.0,2,13656.0,580930534.0
2025-08-01 10:22:01 AM,6828.0,112,764736.0,581695270.0
2025-08-01 10:22:06 AM,6828.0,1,6828.0,581702098.0
2025-08-01 10:22:10 AM,6828.0,132,901296.0,582603394.0
2025-08-01 10:22:16 AM,6827.5,9,61447.5,582664841.5
2025-08-01 10:22:20 AM,6826.5,0,0.0,582664841.5
2025-08-01 10:22:22 AM,6826.5,10,68265.0,582733106.5
2025-08-01 10:22:28 AM,6826.5,1,6826.5,582739933.0
2025-08-01 10:22:30 AM,6826.5,88,600732.0,583340665.0
2025-08-01 10:22:32 AM,6827.5,0,0.0,583340665.0
2025-08-01 10:22:34 AM,6827.5,1,6827.5,583347492.5
2025-08-01 10:22:47 AM,6825.5,0,0.0,583347492.5
2025-08-01 10:22:47 AM,6825.5,5,34127.5,583381620.0
2025-08-01 10:23:00 AM,6825.5,10,68255.0,583449875.0
2025-08-01 10:23:03 AM,6825.5,6,40953.0,583490828.0
2025-08-01 10:23:09 AM,6825.5,1018,6948359.0,590439187.0
2025-08-01 10:23:15 AM,6824.0,24,163776.0,590602963.0
2025-08-01 10:23:18 AM,6822.0,23,156906.0,590759869.0
2025-08-01 10:23:31 AM,6821.0,0,0.0,590759869.0
2025-08-01 10:23:32 AM,6820.5,0,0.0,590759869.0
2025-08-01 10:23:32 AM,6820.5,60,409230.0,591169099.0
2025-08-01 10:23:35 AM,6820.5,1,6820.5,591175919.5
2025-08-01 10:23:41 AM,6821.0,0,0.0,591175919.5
2025-08-01 10:23:44 AM,6821.0,1,6821.0,591182740.5
2025-08-01 10:23:46 AM,6820.5,0,0.0,591182740.5
2025-08-01 10:23:46 AM,6820.5,45,306922.5,591489663.0
2025-08-01 10:23:49 AM,6820.5,7,47743.5,591537406.5
2025-08-01 10:23:51 AM,6820.0,10,68200.0,591605606.5
2025-08-01 10:23:57 AM,6820.5,72,491076.0,592096682.5
2025-08-01 10:24:00 AM,6823.5,0,0.0,592096682.5
2025-08-01 10:24:00 AM,6823.5,145,989407.5,593086090.0
2025-08-01 10:24:10 AM,6825.0,50,341250.0,593427340.0
2025-08-01 10:24:13 AM,6825.0,15,102375.0,593529715.0
2025-08-01 10:24:16 AM,6824.0,0,0.0,593529715.0
2025-08-01 10:24:16 AM,6824.0,2,13648.0,593543363.0
2025-08-01 10:24:17 AM,6825.0,0,0.0,593543363.0
2025-08-01 10:24:17 AM,6825.0,6,40950.0,593584313.0
2025-08-01 10:24:22 AM,6825.0,6,40950.0,593625263.0
2025-08-01 10:24:31 AM,6824.5,0,0.0,593625263.0
2025-08-01 10:24:31 AM,6824.5,38,259331.0,593884594.0
2025-08-01 10:24:45 AM,6824.0,19,129656.0,594014250.0
2025-08-01 10:24:50 AM,6824.0,1,6824.0,594021074.0
2025-08-01 10:24:51 AM,6824.0,10,68240.0,594089314.0
2025-08-01 10:24:53 AM,6823.5,5,34117.5,594123431.5
2025-08-01 10:24:57 AM,6823.5,1,6823.5,594130255.0
2025-08-01 10:25:00 AM,6823.5,68,463998.0,594594253.0
2025-08-01 10:25:06 AM,6822.5,0,0.0,594594253.0
2025-08-01 10:25:06 AM,6822.5,578,3943405.0,598537658.0
2025-08-01 10:25:13 AM,6820.5,110,750255.0,599287913.0
2025-08-01 10:25:14 AM,6822.0,0,0.0,599287913.0
2025-08-01 10:25:15 AM,6820.5,51,347845.5,599635758.5
2025-08-01 10:25:21 AM,6821.5,0,0.0,599635758.5
2025-08-01 10:25:21 AM,6821.5,25,170537.5,599806296.0
2025-08-01 10:25:32 AM,6821.0,0,0.0,599806296.0
2025-08-01 10:25:32 AM,6821.0,3,20463.0,599826759.0
2025-08-01 10:25:35 AM,6820.5,0,0.0,599826759.0
2025-08-01 10:25:35 AM,6820.5,25,170512.5,599997271.5
2025-08-01 10:25:46 AM,6821.0,86,586606.0,600583877.5
2025-08-01 10:25:50 AM,6822.5,0,0.0,600583877.5
2025-08-01 10:25:52 AM,6822.5,56,382060.0,600965937.5
2025-08-01 10:25:53 AM,6823.5,0,0.0,600965937.5
2025-08-01 10:25:54 AM,6823.5,1,6823.5,600972761.0
2025-08-01 10:25:59 AM,6823.0,0,0.0,600972761.0
2025-08-01 10:25:59 AM,6823.0,1,6823.0,600979584.0
2025-08-01 10:26:14 AM,6823.0,7,47761.0,601027345.0
2025-08-01 10:26:16 AM,6822.5,3,20467.5,601047812.5
2025-08-01 10:26:21 AM,6825.5,0,0.0,601047812.5
2025-08-01 10:26:22 AM,6825.5,106,723503.0,601771315.5
2025-08-01 10:26:25 AM,6825.5,30,204765.0,601976080.5
2025-08-01 10:26:28 AM,6825.5,15,102382.5,602078463.0
2025-08-01 10:26:31 AM,6827.5,1,6827.5,602085290.5
2025-08-01 10:26:33 AM,6825.5,2,13651.0,602098941.5
2025-08-01 10:26:35 AM,6827.5,0,0.0,602098941.5
2025-08-01 10:26:37 AM,6827.5,2,13655.0,602112596.5
2025-08-01 10:26:40 AM,6827.5,1,6827.5,602119424.0
2025-08-01 10:26:42 AM,6825.0,0,0.0,602119424.0
2025-08-01 10:26:43 AM,6825.0,11,75075.0,602194499.0
2025-08-01 10:26:45 AM,6825.0,45,307125.0,602501624.0
2025-08-01 10:26:47 AM,6828.5,0,0.0,602501624.0
2025-08-01 10:26:48 AM,6828.5,80,546280.0,603047904.0
2025-08-01 10:26:54 AM,6825.0,0,0.0,603047904.0
2025-08-01 10:26:54 AM,6825.0,50,341250.0,603389154.0
2025-08-01 10:27:02 AM,6825.5,1,6825.5,603395979.5
2025-08-01 10:27:08 AM,6825.5,3,20476.5,603416456.0
2025-08-01 10:27:11 AM,6825.0,1,6825.0,603423281.0
2025-08-01 10:27:14 AM,6825.5,0,0.0,603423281.0
2025-08-01 10:27:14 AM,6825.5,25,170637.5,603593918.5
2025-08-01 10:27:17 AM,6825.0,0,0.0,603593918.5
2025-08-01 10:27:17 AM,6825.0,18,122850.0,603716768.5
2025-08-01 10:27:27 AM,6825.0,63,429975.0,604146743.5
2025-08-01 10:27:30 AM,6823.5,0,0.0,604146743.5
2025-08-01 10:27:31 AM,6823.5,98,668703.0,604815446.5
2025-08-01 10:27:35 AM,6824.5,0,0.0,604815446.5
2025-08-01 10:27:36 AM,6824.5,5,34122.5,604849569.0
2025-08-01 10:27:39 AM,6824.5,9,61420.5,604910989.5
2025-08-01 10:27:47 AM,6823.0,0,0.0,604910989.5
2025-08-01 10:27:47 AM,6823.0,1,6823.0,604917812.5
2025-08-01 10:27:50 AM,6823.0,1,6823.0,604924635.5
2025-08-01 10:27:53 AM,6823.0,6,40938.0,604965573.5
2025-08-01 10:28:00 AM,6822.5,92,627670.0,605593243.5
2025-08-01 10:28:11 AM,6822.5,14,95515.0,605688758.5
2025-08-01 10:28:16 AM,6822.0,0,0.0,605688758.5
2025-08-01 10:28:16 AM,6822.0,70,477540.0,606166298.5
2025-08-01 10:28:20 AM,6821.5,0,0.0,606166298.5
2025-08-01 10:28:22 AM,6821.5,1,6821.5,606173120.0
2025-08-01 10:28:24 AM,6821.0,0,0.0,606173120.0
2025-08-01 10:28:25 AM,6821.0,1,6821.0,606179941.0
2025-08-01 10:28:28 AM,6821.0,3,20463.0,606200404.0
2025-08-01 10:28:30 AM,6821.0,49,334229.0,606534633.0
2025-08-01 10:28:33 AM,6821.0,1,6821.0,606541454.0
2025-08-01 10:28:39 AM,6821.0,5,34105.0,606575559.0
2025-08-01 10:28:44 AM,6820.0,75,511500.0,607087059.0
2025-08-01 10:28:47 AM,6819.5,51,347794.5,607434853.5
2025-08-01 10:28:53 AM,6819.5,1,6819.5,607441673.0
2025-08-01 10:29:00 AM,6818.5,0,0.0,607441673.0
2025-08-01 10:29:01 AM,6817.0,132,899844.0,608341517.0
2025-08-01 10:29:12 AM,6816.5,0,0.0,608341517.0
2025-08-01 10:29:13 AM,6816.5,1,6816.5,608348333.5
2025-08-01 10:29:14 AM,6817.0,0,0.0,608348333.5
2025-08-01 10:29:15 AM,6817.0,25,170425.0,608518758.5
2025-08-01 10:29:16 AM,6816.5,0,0.0,608518758.5
2025-08-01 10:29:18 AM,6816.5,65,443072.5,608961831.0
2025-08-01 10:29:20 AM,6817.0,0,0.0,608961831.0
2025-08-01 10:29:20 AM,6817.0,19,129523.0,609091354.0
2025-08-01 10:29:24 AM,6816.5,0,0.0,609091354.0
2025-08-01 10:29:26 AM,6816.5,17,115880.5,609207234.5
2025-08-01 10:29:28 AM,6817.0,0,0.0,609207234.5
2025-08-01 10:29:29 AM,6817.0,1,6817.0,609214051.5
2025-08-01 10:29:31 AM,6816.5,15,102247.5,609316299.0
2025-08-01 10:29:34 AM,6816.0,0,0.0,609316299.0
2025-08-01 10:29:34 AM,6816.0,17,115872.0,609432171.0
2025-08-01 10:29:36 AM,6816.5,0,0.0,609432171.0
2025-08-01 10:29:37 AM,6816.5,12,81798.0,609513969.0
2025-08-01 10:29:40 AM,6816.0,0,0.0,609513969.0
2025-08-01 10:29:40 AM,6816.0,4,27264.0,609541233.0
2025-08-01 10:29:45 AM,6816.0,29,197664.0,609738897.0
2025-08-01 10:29:54 AM,6816.0,11,74976.0,609813873.0
2025-08-01 10:29:57 AM,6816.0,22,149952.0,609963825.0
2025-08-01 10:29:58 AM,6816.5,0,0.0,609963825.0
2025-08-01 10:29:59 AM,6816.5,14,95431.0,610059256.0
2025-08-01 10:30:00 AM,6816.0,0,0.0,610059256.0
2025-08-01 10:30:02 AM,6816.0,4,27264.0,610086520.0
2025-08-01 10:30:05 AM,6816.0,4,27264.0,610113784.0
2025-08-01 10:30:07 AM,6817.0,0,0.0,610113784.0
2025-08-01 10:30:08 AM,6817.0,95,647615.0,610761399.0
2025-08-01 10:30:17 AM,6820.0,58,395560.0,611156959.0
2025-08-01 10:30:28 AM,6818.5,0,0.0,611156959.0
2025-08-01 10:30:28 AM,6818.5,273,1861450.5,613018409.5
2025-08-01 10:30:34 AM,6817.0,0,0.0,613018409.5
2025-08-01 10:30:34 AM,6817.0,55,374935.0,613393344.5
2025-08-01 10:30:45 AM,6818.0,6,40908.0,613434252.5
2025-08-01 10:30:48 AM,6818.0,1,6818.0,613441070.5
2025-08-01 10:30:53 AM,6819.5,0,0.0,613441070.5
2025-08-01 10:30:53 AM,6819.5,1,6819.5,613447890.0
2025-08-01 10:31:02 AM,6818.0,0,0.0,613447890.0
2025-08-01 10:31:02 AM,6818.0,48,327264.0,613775154.0
2025-08-01 10:31:17 AM,6818.5,0,0.0,613775154.0
2025-08-01 10:31:17 AM,6818.5,30,204555.0,613979709.0
2025-08-01 10:31:20 AM,6818.0,11,74998.0,614054707.0
2025-08-01 10:31:21 AM,6818.5,0,0.0,614054707.0
2025-08-01 10:31:22 AM,6818.5,22,150007.0,614204714.0
2025-08-01 10:31:28 AM,6818.5,20,136370.0,614341084.0
2025-08-01 10:31:31 AM,6818.5,2,13637.0,614354721.0
2025-08-01 10:31:44 AM,6818.5,1,6818.5,614361539.5
2025-08-01 10:31:47 AM,6818.0,93,634074.0,614995613.5
2025-08-01 10:32:00 AM,6818.0,1,6818.0,615002431.5
2025-08-01 10:32:03 AM,6818.0,48,327264.0,615329695.5
2025-08-01 10:32:06 AM,6818.5,0,0.0,615329695.5
2025-08-01 10:32:06 AM,6818.5,11,75003.5,615404699.0
2025-08-01 10:32:12 AM,6820.0,0,0.0,615404699.0
2025-08-01 10:32:13 AM,6820.0,52,354640.0,615759339.0
2025-08-01 10:32:17 AM,6821.0,6,40926.0,615800265.0
2025-08-01 10:32:20 AM,6821.0,1,6821.0,615807086.0
2025-08-01 10:32:23 AM,6822.0,0,0.0,615807086.0
2025-08-01 10:32:23 AM,6821.5,0,0.0,615807086.0
2025-08-01 10:32:23 AM,6821.5,18,122787.0,615929873.0
2025-08-01 10:32:32 AM,6821.0,0,0.0,615929873.0
2025-08-01 10:32:33 AM,6821.0,33,225093.0,616154966.0
2025-08-01 10:32:48 AM,6821.0,77,525217.0,616680183.0
2025-08-01 10:32:53 AM,6821.5,0,0.0,616680183.0
2025-08-01 10:32:53 AM,6821.5,1,6821.5,616687004.5
2025-08-01 10:32:59 AM,6822.0,0,0.0,616687004.5
2025-08-01 10:32:59 AM,6822.0,10,68220.0,616755224.5
2025-08-01 10:33:02 AM,6821.0,0,0.0,616755224.5
2025-08-01 10:33:02 AM,6821.0,38,259198.0,617014422.5
2025-08-01 10:33:05 AM,6822.0,0,0.0,617014422.5
2025-08-01 10:33:05 AM,6822.0,25,170550.0,617184972.5
2025-08-01 10:33:16 AM,6820.0,31,211420.0,617396392.5
2025-08-01 10:33:22 AM,6822.0,5,34110.0,617430502.5
2025-08-01 10:33:27 AM,6822.0,2,13644.0,617444146.5
2025-08-01 10:33:29 AM,6821.5,0,0.0,617444146.5
2025-08-01 10:33:29 AM,6821.5,1,6821.5,617450968.0
2025-08-01 10:33:32 AM,6821.0,0,0.0,617450968.0
2025-08-01 10:33:32 AM,6821.0,41,279661.0,617730629.0
2025-08-01 10:33:46 AM,6821.0,37,252377.0,617983006.0
2025-08-01 10:33:52 AM,6821.0,1,6821.0,617989827.0
2025-08-01 10:33:55 AM,6821.0,29,197809.0,618187636.0
2025-08-01 10:33:57 AM,6822.0,11,75042.0,618262678.0
2025-08-01 10:34:00 AM,6821.5,0,0.0,618262678.0
2025-08-01 10:34:01 AM,6822.0,57,388854.0,618651532.0
2025-08-01 10:34:03 AM,6822.0,1,6822.0,618658354.0
2025-08-01 10:34:06 AM,6821.5,0,0.0,618658354.0
2025-08-01 10:34:07 AM,6821.5,2,13643.0,618671997.0
2025-08-01 10:34:12 AM,6822.0,0,0.0,618671997.0
2025-08-01 10:34:12 AM,6822.0,1,6822.0,618678819.0
2025-08-01 10:34:18 AM,6822.0,32,218304.0,618897123.0
2025-08-01 10:34:20 AM,6824.5,109,743870.5,619640993.5
2025-08-01 10:34:25 AM,6821.5,3,20464.5,619661458.0
2025-08-01 10:34:29 AM,6823.5,2,13647.0,619675105.0
2025-08-01 10:34:33 AM,6824.0,0,0.0,619675105.0
2025-08-01 10:34:35 AM,6824.0,59,402616.0,620077721.0
2025-08-01 10:34:40 AM,6824.0,5,34120.0,620111841.0
2025-08-01 10:34:46 AM,6824.0,2,13648.0,620125489.0
2025-08-01 10:34:52 AM,6824.0,26,177424.0,620302913.0
2025-08-01 10:35:00 AM,6824.0,2,13648.0,620316561.0
2025-08-01 10:35:02 AM,6822.0,0,0.0,620316561.0
2025-08-01 10:35:03 AM,6824.0,0,0.0,620316561.0
2025-08-01 10:35:03 AM,6824.0,28,191072.0,620507633.0
2025-08-01 10:35:09 AM,6824.0,1,6824.0,620514457.0
2025-08-01 10:35:11 AM,6824.0,1,6824.0,620521281.0
2025-08-01 10:35:14 AM,6822.5,0,0.0,620521281.0
2025-08-01 10:35:15 AM,6822.5,1,6822.5,620528103.5
2025-08-01 10:35:16 AM,6822.0,0,0.0,620528103.5
2025-08-01 10:35:17 AM,6822.0,13,88686.0,620616789.5
2025-08-01 10:35:20 AM,6822.0,7,47754.0,620664543.5
2025-08-01 10:35:26 AM,6822.0,3,20466.0,620685009.5
2025-08-01 10:35:31 AM,6822.0,75,511650.0,621196659.5
2025-08-01 10:35:37 AM,6822.0,24,163728.0,621360387.5
2025-08-01 10:35:42 AM,6821.0,0,0.0,621360387.5
2025-08-01 10:35:43 AM,6821.0,5,34105.0,621394492.5
2025-08-01 10:35:45 AM,6821.0,47,320587.0,621715079.5
2025-08-01 10:35:47 AM,6822.5,0,0.0,621715079.5
2025-08-01 10:35:48 AM,6822.5,156,1064310.0,622779389.5
2025-08-01 10:35:50 AM,6824.5,0,0.0,622779389.5
2025-08-01 10:35:51 AM,6824.5,50,341225.0,623120614.5
2025-08-01 10:35:54 AM,6823.5,0,0.0,623120614.5
2025-08-01 10:35:54 AM,6823.5,1,6823.5,623127438.0
2025-08-01 10:36:00 AM,6823.5,2,13647.0,623141085.0
2025-08-01 10:36:02 AM,6823.5,2,13647.0,623154732.0
2025-08-01 10:36:10 AM,6825.0,66,450450.0,623605182.0
2025-08-01 10:36:13 AM,6826.0,0,0.0,623605182.0
2025-08-01 10:36:13 AM,6826.0,2,13652.0,623618834.0
2025-08-01 10:36:20 AM,6825.5,0,0.0,623618834.0
2025-08-01 10:36:22 AM,6826.0,4,27304.0,623646138.0
2025-08-01 10:36:27 AM,6826.0,3,20478.0,623666616.0
2025-08-01 10:36:30 AM,6826.0,2,13652.0,623680268.0
2025-08-01 10:36:33 AM,6826.0,55,375430.0,624055698.0
2025-08-01 10:36:41 AM,6826.0,3,20478.0,624076176.0
2025-08-01 10:36:46 AM,6825.5,0,0.0,624076176.0
2025-08-01 10:36:46 AM,6825.5,37,252543.5,624328719.5
2025-08-01 10:36:49 AM,6825.5,13,88731.5,624417451.0
2025-08-01 10:36:51 AM,6826.0,0,0.0,624417451.0
2025-08-01 10:36:51 AM,6826.0,76,518776.0,624936227.0
2025-08-01 10:36:55 AM,6825.0,1,6825.0,624943052.0
2025-08-01 10:36:57 AM,6825.5,0,0.0,624943052.0
2025-08-01 10:37:00 AM,6826.0,0,0.0,624943052.0
2025-08-01 10:37:00 AM,6825.0,35,238875.0,625181927.0
2025-08-01 10:37:01 AM,6826.0,0,0.0,625181927.0
2025-08-01 10:37:02 AM,6826.0,3,20478.0,625202405.0
2025-08-01 10:37:04 AM,6827.5,0,0.0,625202405.0
2025-08-01 10:37:06 AM,6827.5,51,348202.5,625550607.5
2025-08-01 10:37:10 AM,6830.0,0,0.0,625550607.5
2025-08-01 10:37:11 AM,6830.0,3,20490.0,625571097.5
2025-08-01 10:37:19 AM,6830.0,1,6830.0,625577927.5
2025-08-01 10:37:22 AM,6830.0,4,27320.0,625605247.5
2025-08-01 10:37:28 AM,6830.0,20,136600.0,625741847.5
2025-08-01 10:37:30 AM,6828.5,4,27314.0,625769161.5
2025-08-01 10:37:33 AM,6828.5,9,61456.5,625830618.0
2025-08-01 10:37:36 AM,6828.5,1,6828.5,625837446.5
2025-08-01 10:37:42 AM,6828.5,3,20485.5,625857932.0
2025-08-01 10:37:46 AM,6827.5,0,0.0,625857932.0
2025-08-01 10:37:47 AM,6827.5,16,109240.0,625967172.0
2025-08-01 10:37:50 AM,6827.5,1,6827.5,625973999.5
2025-08-01 10:37:53 AM,6827.5,4,27310.0,626001309.5
2025-08-01 10:38:01 AM,6827.5,92,628130.0,626629439.5
2025-08-01 10:38:04 AM,6827.5,3,20482.5,626649922.0
2025-08-01 10:38:06 AM,6826.5,0,0.0,626649922.0
2025-08-01 10:38:07 AM,6826.5,18,122877.0,626772799.0
2025-08-01 10:38:10 AM,6827.5,0,0.0,626772799.0
2025-08-01 10:38:10 AM,6827.5,5,34137.5,626806936.5
2025-08-01 10:38:14 AM,6827.0,8,54616.0,626861552.5
2025-08-01 10:38:17 AM,6827.0,6,40962.0,626902514.5
2025-08-01 10:38:23 AM,6827.0,4,27308.0,626929822.5
2025-08-01 10:38:26 AM,6827.0,1,6827.0,626936649.5
2025-08-01 10:38:32 AM,6827.0,69,471063.0,627407712.5
2025-08-01 10:38:41 AM,6827.0,62,423274.0,627830986.5
2025-08-01 10:38:44 AM,6827.0,2,13654.0,627844640.5
2025-08-01 10:38:47 AM,6829.0,182,1242878.0,629087518.5
2025-08-01 10:38:50 AM,6825.0,0,0.0,629087518.5
2025-08-01 10:38:52 AM,6823.0,160,1091680.0,630179198.5
2025-08-01 10:39:00 AM,6822.0,0,0.0,630179198.5
2025-08-01 10:39:00 AM,6822.5,90,614025.0,630793223.5
2025-08-01 10:39:03 AM,6822.5,4,27290.0,630820513.5
2025-08-01 10:39:08 AM,6822.5,5,34112.5,630854626.0
2025-08-01 10:39:11 AM,6821.0,0,0.0,630854626.0
2025-08-01 10:39:11 AM,6821.0,53,361513.0,631216139.0
2025-08-01 10:39:14 AM,6821.0,2,13642.0,631229781.0
2025-08-01 10:39:17 AM,6818.5,0,0.0,631229781.0
2025-08-01 10:39:17 AM,6819.0,52,354588.0,631584369.0
2025-08-01 10:39:20 AM,6819.0,1,6819.0,631591188.0
2025-08-01 10:39:23 AM,6819.0,5,34095.0,631625283.0
2025-08-01 10:39:24 AM,6821.0,0,0.0,631625283.0
2025-08-01 10:39:26 AM,6820.0,9,61380.0,631686663.0
2025-08-01 10:39:31 AM,6821.0,45,306945.0,631993608.0
2025-08-01 10:39:34 AM,6821.0,3,20463.0,632014071.0
2025-08-01 10:39:37 AM,6821.0,35,238735.0,632252806.0
2025-08-01 10:39:38 AM,6820.0,0,0.0,632252806.0
2025-08-01 10:39:40 AM,6820.0,8,54560.0,632307366.0
2025-08-01 10:39:41 AM,6821.0,0,0.0,632307366.0
2025-08-01 10:39:42 AM,6821.0,3,20463.0,632327829.0
2025-08-01 10:39:45 AM,6818.5,28,190918.0,632518747.0
2025-08-01 10:39:51 AM,6819.5,2,13639.0,632532386.0
2025-08-01 10:39:53 AM,6819.5,2,13639.0,632546025.0
2025-08-01 10:40:01 AM,6819.0,0,0.0,632546025.0
2025-08-01 10:40:02 AM,6819.0,4,27276.0,632573301.0
2025-08-01 10:40:03 AM,6818.5,0,0.0,632573301.0
2025-08-01 10:40:04 AM,6818.5,3,20455.5,632593756.5
2025-08-01 10:40:07 AM,6819.0,1,6819.0,632600575.5
2025-08-01 10:40:10 AM,6819.0,1,6819.0,632607394.5
2025-08-01 10:40:13 AM,6819.0,15,102285.0,632709679.5
2025-08-01 10:40:15 AM,6818.5,62,422747.0,633132426.5
2025-08-01 10:40:21 AM,6821.5,0,0.0,633132426.5
2025-08-01 10:40:21 AM,6821.5,132,900438.0,634032864.5
2025-08-01 10:40:24 AM,6818.5,2,13637.0,634046501.5
2025-08-01 10:40:26 AM,6818.5,19,129551.5,634176053.0
2025-08-01 10:40:29 AM,6821.0,0,0.0,634176053.0
2025-08-01 10:40:29 AM,6821.0,1,6821.0,634182874.0
2025-08-01 10:40:32 AM,6821.0,4,27284.0,634210158.0
2025-08-01 10:40:35 AM,6819.0,0,0.0,634210158.0
2025-08-01 10:40:35 AM,6819.0,1,6819.0,634216977.0
2025-08-01 10:40:41 AM,6820.5,0,0.0,634216977.0
2025-08-01 10:40:43 AM,6820.5,4,27282.0,634244259.0
2025-08-01 10:40:46 AM,6819.0,2,13638.0,634257897.0
2025-08-01 10:40:49 AM,6819.0,2,13638.0,634271535.0
2025-08-01 10:40:52 AM,6819.0,3,20457.0,634291992.0
2025-08-01 10:40:54 AM,6819.0,1,6819.0,634298811.0
2025-08-01 10:40:59 AM,6819.0,1,6819.0,634305630.0
2025-08-01 10:41:01 AM,6818.0,0,0.0,634305630.0
2025-08-01 10:41:03 AM,6818.0,77,524986.0,634830616.0
2025-08-01 10:41:05 AM,6818.0,16,109088.0,634939704.0
2025-08-01 10:41:08 AM,6818.0,1,6818.0,634946522.0
2025-08-01 10:41:09 AM,6819.0,0,0.0,634946522.0
2025-08-01 10:41:10 AM,6822.5,0,0.0,634946522.0
2025-08-01 10:41:11 AM,6820.5,0,0.0,634946522.0
2025-08-01 10:41:11 AM,6820.5,111,757075.5,635703597.5
2025-08-01 10:41:14 AM,6820.5,1,6820.5,635710418.0
2025-08-01 10:41:16 AM,6820.5,1,6820.5,635717238.5
2025-08-01 10:41:21 AM,6820.5,3,20461.5,635737700.0
2025-08-01 10:41:25 AM,6820.5,2,13641.0,635751341.0
2025-08-01 10:41:31 AM,6819.0,0,0.0,635751341.0
2025-08-01 10:41:31 AM,6819.0,8,54552.0,635805893.0
2025-08-01 10:41:33 AM,6819.0,3,20457.0,635826350.0
2025-08-01 10:41:37 AM,6819.0,7,47733.0,635874083.0
2025-08-01 10:41:42 AM,6819.0,3,20457.0,635894540.0
2025-08-01 10:41:46 AM,6818.5,0,0.0,635894540.0
2025-08-01 10:41:48 AM,6818.5,1,6818.5,635901358.5
2025-08-01 10:41:49 AM,6818.5,11,75003.5,635976362.0
2025-08-01 10:41:53 AM,6818.5,4,27274.0,636003636.0
2025-08-01 10:42:01 AM,6818.0,0,0.0,636003636.0
2025-08-01 10:42:04 AM,6818.0,34,231812.0,636235448.0
2025-08-01 10:42:10 AM,6818.0,1,6818.0,636242266.0
2025-08-01 10:42:11 AM,6818.0,2,13636.0,636255902.0
2025-08-01 10:42:15 AM,6817.0,0,0.0,636255902.0
2025-08-01 10:42:15 AM,6817.0,130,886210.0,637142112.0
2025-08-01 10:42:17 AM,6818.0,0,0.0,637142112.0
2025-08-01 10:42:17 AM,6818.0,27,184086.0,637326198.0
2025-08-01 10:42:21 AM,6818.0,13,88634.0,637414832.0
2025-08-01 10:42:23 AM,6818.0,1,6818.0,637421650.0
2025-08-01 10:42:26 AM,6818.0,1,6818.0,637428468.0
2025-08-01 10:42:32 AM,6818.0,41,279538.0,637708006.0
2025-08-01 10:42:34 AM,6818.0,2,13636.0,637721642.0
2025-08-01 10:42:37 AM,6817.0,0,0.0,637721642.0
2025-08-01 10:42:37 AM,6817.0,16,109072.0,637830714.0
2025-08-01 10:42:39 AM,6816.0,0,0.0,637830714.0
2025-08-01 10:42:39 AM,6816.0,52,354432.0,638185146.0
2025-08-01 10:42:41 AM,6817.5,0,0.0,638185146.0
2025-08-01 10:42:43 AM,6818.0,4,27272.0,638212418.0
2025-08-01 10:42:45 AM,6816.0,24,163584.0,638376002.0
2025-08-01 10:42:50 AM,6818.0,0,0.0,638376002.0
2025-08-01 10:42:51 AM,6818.0,3,20454.0,638396456.0
2025-08-01 10:42:54 AM,6818.0,1,6818.0,638403274.0
2025-08-01 10:43:00 AM,6818.0,11,74998.0,638478272.0
2025-08-01 10:43:01 AM,6817.5,15,102262.5,638580534.5
2025-08-01 10:43:02 AM,6817.5,18,122715.0,638703249.5
2025-08-01 10:43:02 AM,6817.5,2,13635.0,638716884.5
2025-08-01 10:43:09 AM,6818.0,57,388626.0,639105510.5
2025-08-01 10:43:11 AM,6820.0,0,0.0,639105510.5
2025-08-01 10:43:11 AM,6820.0,3,20460.0,639125970.5
2025-08-01 10:43:12 AM,6820.0,1,6820.0,639132790.5
2025-08-01 10:43:15 AM,6820.0,1,6820.0,639139610.5
2025-08-01 10:43:21 AM,6820.0,3,20460.0,639160070.5
2025-08-01 10:43:22 AM,6820.0,1,6820.0,639166890.5
2025-08-01 10:43:24 AM,6818.0,15,102270.0,639269160.5
2025-08-01 10:43:30 AM,6818.0,26,177268.0,639446428.5
2025-08-01 10:43:31 AM,6818.0,2,13636.0,639460064.5
2025-08-01 10:43:32 AM,6818.0,3,20454.0,639480518.5
2025-08-01 10:43:40 AM,6819.5,0,0.0,639480518.5
2025-08-01 10:43:40 AM,6819.5,18,122751.0,639603269.5
2025-08-01 10:43:41 AM,6819.5,2,13639.0,639616908.5
2025-08-01 10:43:42 AM,6819.5,60,409170.0,640026078.5
2025-08-01 10:43:42 AM,6819.5,1,6819.5,640032898.0
2025-08-01 10:43:45 AM,6817.5,30,204525.0,640237423.0
2025-08-01 10:43:49 AM,6819.5,1,6819.5,640244242.5
2025-08-01 10:43:50 AM,6819.5,2,13639.0,640257881.5
2025-08-01 10:43:53 AM,6819.5,2,13639.0,640271520.5
2025-08-01 10:43:57 AM,6818.0,1,6818.0,640278338.5
2025-08-01 10:44:00 AM,6818.0,1,6818.0,640285156.5
2025-08-01 10:44:03 AM,6818.0,3,20454.0,640305610.5
2025-08-01 10:44:05 AM,6818.0,2,13636.0,640319246.5
2025-08-01 10:44:08 AM,6818.0,1,6818.0,640326064.5
2025-08-01 10:44:11 AM,6819.5,48,327336.0,640653400.5
2025-08-01 10:44:14 AM,6818.5,0,0.0,640653400.5
2025-08-01 10:44:14 AM,6818.5,2,13637.0,640667037.5
2025-08-01 10:44:16 AM,6819.5,0,0.0,640667037.5
2025-08-01 10:44:16 AM,6818.5,0,0.0,640667037.5
2025-08-01 10:44:16 AM,6818.5,13,88640.5,640755678.0
2025-08-01 10:44:22 AM,6819.5,0,0.0,640755678.0
2025-08-01 10:44:22 AM,6819.5,4,27278.0,640782956.0
2025-08-01 10:44:24 AM,6818.5,0,0.0,640782956.0
2025-08-01 10:44:25 AM,6818.5,16,109096.0,640892052.0
2025-08-01 10:44:27 AM,6818.5,20,136370.0,641028422.0
2025-08-01 10:44:30 AM,6818.5,145,988682.5,642017104.5
2025-08-01 10:44:32 AM,6819.5,0,0.0,642017104.5
2025-08-01 10:44:33 AM,6819.5,2,13639.0,642030743.5
2025-08-01 10:44:36 AM,6819.5,2,13639.0,642044382.5
2025-08-01 10:44:41 AM,6819.5,3,20458.5,642064841.0
2025-08-01 10:44:44 AM,6819.5,1,6819.5,642071660.5
2025-08-01 10:44:46 AM,6818.5,0,0.0,642071660.5
2025-08-01 10:44:47 AM,6818.5,46,313651.0,642385311.5
2025-08-01 10:44:51 AM,6819.5,0,0.0,642385311.5
2025-08-01 10:44:52 AM,6819.5,2,13639.0,642398950.5
2025-08-01 10:44:54 AM,6819.5,2,13639.0,642412589.5
2025-08-01 10:44:57 AM,6819.5,1,6819.5,642419409.0
2025-08-01 10:45:01 AM,6818.5,0,0.0,642419409.0
2025-08-01 10:45:02 AM,6817.5,0,0.0,642419409.0
2025-08-01 10:45:03 AM,6818.5,44,300014.0,642719423.0
2025-08-01 10:45:14 AM,6818.5,36,245466.0,642964889.0
2025-08-01 10:45:15 AM,6819.5,0,0.0,642964889.0
2025-08-01 10:45:16 AM,6819.0,0,0.0,642964889.0
2025-08-01 10:45:17 AM,6819.0,7,47733.0,643012622.0
2025-08-01 10:45:22 AM,6819.0,1,6819.0,643019441.0
2025-08-01 10:45:26 AM,6818.5,0,0.0,643019441.0
2025-08-01 10:45:28 AM,6818.5,3,20455.5,643039896.5
2025-08-01 10:45:30 AM,6818.5,77,525024.5,643564921.0
2025-08-01 10:45:33 AM,6818.5,24,163644.0,643728565.0
2025-08-01 10:45:43 AM,6818.5,1,6818.5,643735383.5
2025-08-01 10:45:46 AM,6818.0,0,0.0,643735383.5
2025-08-01 10:45:46 AM,6818.0,2,13636.0,643749019.5
2025-08-01 10:45:49 AM,6818.0,2,13636.0,643762655.5
2025-08-01 10:45:54 AM,6818.0,56,381808.0,644144463.5
2025-08-01 10:45:59 AM,6818.0,12,81816.0,644226279.5
2025-08-01 10:46:03 AM,6818.5,50,340925.0,644567204.5
2025-08-01 10:46:05 AM,6818.5,14,95459.0,644662663.5
2025-08-01 10:46:08 AM,6818.5,6,40911.0,644703574.5
2025-08-01 10:46:15 AM,6818.5,3,20455.5,644724030.0
2025-08-01 10:46:16 AM,6818.0,0,0.0,644724030.0
2025-08-01 10:46:17 AM,6818.0,18,122724.0,644846754.0
2025-08-01 10:46:22 AM,6818.0,2,13636.0,644860390.0
2025-08-01 10:46:26 AM,6818.0,3,20454.0,644880844.0
2025-08-01 10:46:31 AM,6817.0,0,0.0,644880844.0
2025-08-01 10:46:32 AM,6817.0,7,47719.0,644928563.0
2025-08-01 10:46:33 AM,6817.0,43,293131.0,645221694.0
2025-08-01 10:46:43 AM,6817.0,3,20451.0,645242145.0
2025-08-01 10:46:46 AM,6816.5,0,0.0,645242145.0
2025-08-01 10:46:48 AM,6817.0,70,477190.0,645719335.0
2025-08-01 10:46:49 AM,6817.0,18,122706.0,645842041.0
2025-08-01 10:46:54 AM,6817.0,6,40902.0,645882943.0
2025-08-01 10:46:59 AM,6817.0,1,6817.0,645889760.0
2025-08-01 10:47:00 AM,6816.5,6,40899.0,645930659.0
2025-08-01 10:47:04 AM,6816.5,9,61348.5,645992007.5
2025-08-01 10:47:10 AM,6816.5,7,47715.5,646039723.0
2025-08-01 10:47:15 AM,6816.0,62,422592.0,646462315.0
2025-08-01 10:47:17 AM,6816.5,0,0.0,646462315.0
2025-08-01 10:47:17 AM,6816.5,17,115880.5,646578195.5
2025-08-01 10:47:22 AM,6816.5,2,13633.0,646591828.5
2025-08-01 10:47:26 AM,6816.5,1,6816.5,646598645.0
2025-08-01 10:47:30 AM,6816.0,0,0.0,646598645.0
2025-08-01 10:47:31 AM,6816.5,34,231761.0,646830406.0
2025-08-01 10:47:33 AM,6816.5,2,13633.0,646844039.0
2025-08-01 10:47:38 AM,6816.0,0,0.0,646844039.0
2025-08-01 10:47:39 AM,6815.5,52,354406.0,647198445.0
2025-08-01 10:47:42 AM,6816.5,1,6816.5,647205261.5
2025-08-01 10:47:45 AM,6815.5,0,0.0,647205261.5
2025-08-01 10:47:47 AM,6816.5,62,422623.0,647627884.5
2025-08-01 10:47:50 AM,6816.5,13,88614.5,647716499.0
2025-08-01 10:47:51 AM,6816.0,0,0.0,647716499.0
2025-08-01 10:47:52 AM,6819.0,0,0.0,647716499.0
2025-08-01 10:47:53 AM,6822.0,73,498006.0,648214505.0
2025-08-01 10:47:55 AM,6824.5,149,1016850.5,649231355.5
2025-08-01 10:47:57 AM,6823.5,0,0.0,649231355.5
2025-08-01 10:47:58 AM,6822.0,228,1555416.0,650786771.5
2025-08-01 10:48:04 AM,6820.0,4,27280.0,650814051.5
2025-08-01 10:48:13 AM,6822.0,0,0.0,650814051.5
2025-08-01 10:48:14 AM,6822.0,2,13644.0,650827695.5
2025-08-01 10:48:15 AM,6821.0,0,0.0,650827695.5
2025-08-01 10:48:17 AM,6821.0,6,40926.0,650868621.5
2025-08-01 10:48:22 AM,6821.0,1,6821.0,650875442.5
2025-08-01 10:48:31 AM,6820.5,28,190974.0,651066416.5
2025-08-01 10:48:33 AM,6820.5,4,27282.0,651093698.5
2025-08-01 10:48:44 AM,6820.5,11,75025.5,651168724.0
2025-08-01 10:48:45 AM,6820.0,0,0.0,651168724.0
2025-08-01 10:48:47 AM,6820.0,98,668360.0,651837084.0
2025-08-01 10:48:53 AM,6820.0,30,204600.0,652041684.0
2025-08-01 10:48:54 AM,6820.5,0,0.0,652041684.0
2025-08-01 10:48:54 AM,6820.5,1,6820.5,652048504.5
2025-08-01 10:49:01 AM,6820.0,0,0.0,652048504.5
2025-08-01 10:49:03 AM,6820.5,0,0.0,652048504.5
2025-08-01 10:49:04 AM,6820.5,55,375127.5,652423632.0
2025-08-01 10:49:05 AM,6820.5,1,6820.5,652430452.5
2025-08-01 10:49:09 AM,6820.5,1,6820.5,652437273.0
2025-08-01 10:49:10 AM,6820.0,0,0.0,652437273.0
2025-08-01 10:49:11 AM,6820.0,8,54560.0,652491833.0
2025-08-01 10:49:13 AM,6820.5,0,0.0,652491833.0
2025-08-01 10:49:15 AM,6820.5,8,54564.0,652546397.0
2025-08-01 10:49:15 AM,6820.0,0,0.0,652546397.0
2025-08-01 10:49:16 AM,6820.0,42,286440.0,652832837.0
2025-08-01 10:49:20 AM,6820.5,20,136410.0,652969247.0
2025-08-01 10:49:25 AM,6820.5,8,54564.0,653023811.0
2025-08-01 10:49:30 AM,6820.0,14,95480.0,653119291.0
2025-08-01 10:49:32 AM,6819.0,0,0.0,653119291.0
2025-08-01 10:49:32 AM,6819.0,200,1363800.0,654483091.0
2025-08-01 10:49:33 AM,6820.0,0,0.0,654483091.0
2025-08-01 10:49:35 AM,6819.5,0,0.0,654483091.0
2025-08-01 10:49:36 AM,6819.5,7,47736.5,654530827.5
2025-08-01 10:49:42 AM,6820.0,0,0.0,654530827.5
2025-08-01 10:49:43 AM,6820.0,3,20460.0,654551287.5
2025-08-01 10:49:45 AM,6819.5,0,0.0,654551287.5
2025-08-01 10:49:47 AM,6819.5,58,395531.0,654946818.5
2025-08-01 10:49:48 AM,6819.5,2,13639.0,654960457.5
2025-08-01 10:49:53 AM,6820.0,9,61380.0,655021837.5
2025-08-01 10:50:01 AM,6819.5,0,0.0,655021837.5
2025-08-01 10:50:03 AM,6820.0,45,306900.0,655328737.5
2025-08-01 10:50:07 AM,6818.5,0,0.0,655328737.5
2025-08-01 10:50:08 AM,6818.5,50,340925.0,655669662.5
2025-08-01 10:50:09 AM,6820.0,0,0.0,655669662.5
2025-08-01 10:50:09 AM,6820.0,15,102300.0,655771962.5
2025-08-01 10:50:14 AM,6820.0,1,6820.0,655778782.5
2025-08-01 10:50:15 AM,6819.0,0,0.0,655778782.5
2025-08-01 10:50:15 AM,6819.0,9,61371.0,655840153.5
2025-08-01 10:50:18 AM,6818.5,0,0.0,655840153.5
2025-08-01 10:50:20 AM,6818.5,4,27274.0,655867427.5
2025-08-01 10:50:23 AM,6819.0,0,0.0,655867427.5
2025-08-01 10:50:25 AM,6819.0,1,6819.0,655874246.5
2025-08-01 10:50:31 AM,6818.5,20,136370.0,656010616.5
2025-08-01 10:50:36 AM,6818.5,2,13637.0,656024253.5
2025-08-01 10:50:42 AM,6818.5,1,6818.5,656031072.0
2025-08-01 10:50:45 AM,6817.5,0,0.0,656031072.0
2025-08-01 10:50:48 AM,6817.5,94,640845.0,656671917.0
2025-08-01 10:50:48 AM,6818.5,0,0.0,656671917.0
2025-08-01 10:50:48 AM,6818.5,12,81822.0,656753739.0
2025-08-01 10:50:50 AM,6818.0,0,0.0,656753739.0
2025-08-01 10:50:54 AM,6818.5,4,27274.0,656781013.0
2025-08-01 10:50:54 AM,6817.5,0,0.0,656781013.0
2025-08-01 10:50:54 AM,6817.5,100,681750.0,657462763.0
2025-08-01 10:50:56 AM,6818.0,0,0.0,657462763.0
2025-08-01 10:50:57 AM,6817.5,0,0.0,657462763.0
2025-08-01 10:50:59 AM,6818.0,247,1684046.0,659146809.0
2025-08-01 10:51:00 AM,6818.0,67,456806.0,659603615.0
2025-08-01 10:51:00 AM,6817.5,0,0.0,659603615.0
2025-08-01 10:51:02 AM,6818.0,0,0.0,659603615.0
2025-08-01 10:51:05 AM,6818.0,64,436352.0,660039967.0
2025-08-01 10:51:11 AM,6818.0,7,47726.0,660087693.0
2025-08-01 10:51:16 AM,6817.5,0,0.0,660087693.0
2025-08-01 10:51:16 AM,6817.5,32,218160.0,660305853.0
2025-08-01 10:51:20 AM,6818.0,0,0.0,660305853.0
2025-08-01 10:51:22 AM,6818.0,2,13636.0,660319489.0
2025-08-01 10:51:27 AM,6818.0,1,6818.0,660326307.0
2025-08-01 10:51:27 AM,6818.0,1,6818.0,660333125.0
2025-08-01 10:51:30 AM,6817.5,0,0.0,660333125.0
2025-08-01 10:51:32 AM,6817.5,32,218160.0,660551285.0
2025-08-01 10:51:34 AM,6817.0,0,0.0,660551285.0
2025-08-01 10:51:36 AM,6817.5,0,0.0,660551285.0
2025-08-01 10:51:38 AM,6818.0,0,0.0,660551285.0
2025-08-01 10:51:38 AM,6818.0,70,477260.0,661028545.0
2025-08-01 10:51:42 AM,6819.5,0,0.0,661028545.0
2025-08-01 10:51:44 AM,6819.5,1,6819.5,661035364.5
2025-08-01 10:51:49 AM,6818.0,3,20454.0,661055818.5
2025-08-01 10:51:52 AM,6819.5,0,0.0,661055818.5
2025-08-01 10:51:54 AM,6820.0,0,0.0,661055818.5
2025-08-01 10:51:54 AM,6820.0,51,347820.0,661403638.5
2025-08-01 10:51:55 AM,6820.0,2,13640.0,661417278.5
2025-08-01 10:51:56 AM,6821.5,0,0.0,661417278.5
2025-08-01 10:51:59 AM,6821.5,18,122787.0,661540065.5
2025-08-01 10:52:02 AM,6823.0,0,0.0,661540065.5
2025-08-01 10:52:05 AM,6823.0,3,20469.0,661560534.5
2025-08-01 10:52:12 AM,6823.5,0,0.0,661560534.5
2025-08-01 10:52:16 AM,6821.5,86,586649.0,662147183.5
2025-08-01 10:52:24 AM,6823.5,0,0.0,662147183.5
2025-08-01 10:52:27 AM,6823.5,1,6823.5,662154007.0
2025-08-01 10:52:27 AM,6823.5,1,6823.5,662160830.5
2025-08-01 10:52:30 AM,6822.0,0,0.0,662160830.5
2025-08-01 10:52:32 AM,6822.0,33,225126.0,662385956.5
2025-08-01 10:52:33 AM,6822.0,2,13644.0,662399600.5
2025-08-01 10:52:42 AM,6822.0,1,6822.0,662406422.5
2025-08-01 10:52:44 AM,6821.0,0,0.0,662406422.5
2025-08-01 10:52:48 AM,6823.5,112,764232.0,663170654.5
2025-08-01 10:52:52 AM,6826.5,0,0.0,663170654.5
2025-08-01 10:52:53 AM,6826.5,1,6826.5,663177481.0
2025-08-01 10:52:58 AM,6829.5,0,0.0,663177481.0
2025-08-01 10:52:58 AM,6829.5,375,2561062.5,665738543.5
2025-08-01 10:53:02 AM,6827.0,0,0.0,665738543.5
2025-08-01 10:53:03 AM,6827.0,3,20481.0,665759024.5
2025-08-01 10:53:09 AM,6827.0,14,95578.0,665854602.5
2025-08-01 10:53:14 AM,6827.0,3,20481.0,665875083.5
2025-08-01 10:53:15 AM,6826.5,10,68265.0,665943348.5
2025-08-01 10:53:19 AM,6826.5,8,54612.0,665997960.5
2025-08-01 10:53:25 AM,6826.5,1,6826.5,666004787.0
2025-08-01 10:53:30 AM,6825.5,0,0.0,666004787.0
2025-08-01 10:53:30 AM,6825.5,67,457308.5,666462095.5
2025-08-01 10:53:32 AM,6826.5,0,0.0,666462095.5
2025-08-01 10:53:36 AM,6829.5,72,491724.0,666953819.5
2025-08-01 10:53:46 AM,6829.5,1,6829.5,666960649.0
2025-08-01 10:53:52 AM,6829.5,1,6829.5,666967478.5
2025-08-01 10:53:57 AM,6828.5,1,6828.5,666974307.0
2025-08-01 10:54:02 AM,6828.5,8,54628.0,667028935.0
2025-08-01 10:54:03 AM,6828.5,4,27314.0,667056249.0
2025-08-01 10:54:07 AM,6828.5,25,170712.5,667226961.5
2025-08-01 10:54:13 AM,6828.5,1,6828.5,667233790.0
2025-08-01 10:54:18 AM,6828.5,95,648707.5,667882497.5
2025-08-01 10:54:22 AM,6828.0,0,0.0,667882497.5
2025-08-01 10:54:24 AM,6828.0,3,20484.0,667902981.5
2025-08-01 10:54:29 AM,6828.5,12,81942.0,667984923.5
2025-08-01 10:54:30 AM,6827.5,0,0.0,667984923.5
2025-08-01 10:54:34 AM,6827.5,22,150205.0,668135128.5
2025-08-01 10:54:35 AM,6827.5,1,6827.5,668141956.0
2025-08-01 10:54:45 AM,6827.5,1,6827.5,668148783.5
2025-08-01 10:54:46 AM,6826.5,72,491508.0,668640291.5
2025-08-01 10:54:48 AM,6827.5,0,0.0,668640291.5
2025-08-01 10:54:50 AM,6827.5,4,27310.0,668667601.5
2025-08-01 10:54:56 AM,6827.5,3,20482.5,668688084.0
2025-08-01 10:55:00 AM,6827.0,0,0.0,668688084.0
2025-08-01 10:55:01 AM,6827.0,1,6827.0,668694911.0
2025-08-01 10:55:10 AM,6826.5,0,0.0,668694911.0
2025-08-01 10:55:10 AM,6827.0,0,0.0,668694911.0
2025-08-01 10:55:11 AM,6827.0,12,81924.0,668776835.0
2025-08-01 10:55:16 AM,6828.0,0,0.0,668776835.0
2025-08-01 10:55:16 AM,6829.5,236,1611762.0,670388597.0
2025-08-01 10:55:17 AM,6831.5,35,239102.5,670627699.5
2025-08-01 10:55:18 AM,6832.0,0,0.0,670627699.5
2025-08-01 10:55:20 AM,6831.5,0,0.0,670627699.5
2025-08-01 10:55:22 AM,6827.0,0,0.0,670627699.5
2025-08-01 10:55:22 AM,6827.0,1877,12814279.0,683441978.5
2025-08-01 10:55:22 AM,6822.5,74,504865.0,683946843.5
2025-08-01 10:55:24 AM,6820.5,0,0.0,683946843.5
2025-08-01 10:55:28 AM,6820.0,128,872960.0,684819803.5
2025-08-01 10:55:30 AM,6818.5,0,0.0,684819803.5
2025-08-01 10:55:33 AM,6818.5,35,238647.5,685058451.0
2025-08-01 10:55:38 AM,6818.0,0,0.0,685058451.0
2025-08-01 10:55:38 AM,6816.5,0,0.0,685058451.0
2025-08-01 10:55:39 AM,6816.5,22,149963.0,685208414.0
2025-08-01 10:55:44 AM,6816.5,3,20449.5,685228863.5
2025-08-01 10:55:45 AM,6815.5,59,402114.5,685630978.0
2025-08-01 10:55:48 AM,6816.0,0,0.0,685630978.0
2025-08-01 10:55:49 AM,6816.0,4,27264.0,685658242.0
2025-08-01 10:55:54 AM,6813.5,0,0.0,685658242.0
2025-08-01 10:55:55 AM,6813.5,194,1321819.0,686980061.0
2025-08-01 10:55:56 AM,6814.5,1,6814.5,686986875.5
2025-08-01 10:55:58 AM,6813.5,0,0.0,686986875.5
2025-08-01 10:56:00 AM,6814.5,0,0.0,686986875.5
2025-08-01 10:56:00 AM,6814.5,31,211249.5,687198125.0
2025-08-01 10:56:00 AM,6813.5,0,0.0,687198125.0
2025-08-01 10:56:01 AM,6813.5,92,626842.0,687824967.0
2025-08-01 10:56:04 AM,6811.5,0,0.0,687824967.0
2025-08-01 10:56:05 AM,6811.5,55,374632.5,688199599.5
2025-08-01 10:56:08 AM,6812.0,0,0.0,688199599.5
2025-08-01 10:56:08 AM,6810.0,0,0.0,688199599.5
2025-08-01 10:56:10 AM,6808.5,0,0.0,688199599.5
2025-08-01 10:56:10 AM,6804.0,963,6552252.0,694751851.5
2025-08-01 10:56:12 AM,6802.5,0,0.0,694751851.5
2025-08-01 10:56:15 AM,6803.0,11,74833.0,694826684.5
2025-08-01 10:56:16 AM,6802.5,0,0.0,694826684.5
2025-08-01 10:56:16 AM,6802.5,1,6802.5,694833487.0
2025-08-01 10:56:18 AM,6803.0,0,0.0,694833487.0
2025-08-01 10:56:21 AM,6803.0,26,176878.0,695010365.0
2025-08-01 10:56:26 AM,6805.0,0,0.0,695010365.0
2025-08-01 10:56:26 AM,6805.0,381,2592705.0,697603070.0
2025-08-01 10:56:30 AM,6803.0,0,0.0,697603070.0
2025-08-01 10:56:31 AM,6803.0,99,673497.0,698276567.0
2025-08-01 10:56:34 AM,6802.0,0,0.0,698276567.0
2025-08-01 10:56:36 AM,6802.0,73,496546.0,698773113.0
2025-08-01 10:56:42 AM,6802.0,1,6802.0,698779915.0
2025-08-01 10:56:46 AM,6802.5,0,0.0,698779915.0
2025-08-01 10:56:47 AM,6802.5,8,54420.0,698834335.0
2025-08-01 10:56:52 AM,6802.0,0,0.0,698834335.0
2025-08-01 10:56:52 AM,6802.5,0,0.0,698834335.0
2025-08-01 10:56:52 AM,6802.5,6,40815.0,698875150.0
2025-08-01 10:57:00 AM,6802.0,0,0.0,698875150.0
2025-08-01 10:57:02 AM,6802.5,0,0.0,698875150.0
2025-08-01 10:57:03 AM,6802.5,85,578212.5,699453362.5
2025-08-01 10:57:06 AM,6802.0,0,0.0,699453362.5
2025-08-01 10:57:08 AM,6802.5,0,0.0,699453362.5
2025-08-01 10:57:08 AM,6802.5,26,176865.0,699630227.5
2025-08-01 10:57:13 AM,6802.5,7,47617.5,699677845.0
2025-08-01 10:57:16 AM,6802.0,0,0.0,699677845.0
2025-08-01 10:57:18 AM,6802.0,7,47614.0,699725459.0
2025-08-01 10:57:19 AM,6802.0,21,142842.0,699868301.0
2025-08-01 10:57:24 AM,6802.0,1,6802.0,699875103.0
2025-08-01 10:57:30 AM,6799.5,0,0.0,699875103.0
2025-08-01 10:57:30 AM,6799.5,161,1094719.5,700969822.5
2025-08-01 10:57:35 AM,6799.5,1,6799.5,700976622.0
2025-08-01 10:57:36 AM,6799.5,1,6799.5,700983421.5
2025-08-01 10:57:40 AM,6799.5,59,401170.5,701384592.0
2025-08-01 10:57:41 AM,6801.0,25,170025.0,701554617.0
2025-08-01 10:57:45 AM,6800.0,21,142800.0,701697417.0
2025-08-01 10:57:48 AM,6799.5,0,0.0,701697417.0
2025-08-01 10:57:51 AM,6799.5,1,6799.5,701704216.5
2025-08-01 10:57:52 AM,6800.0,0,0.0,701704216.5
2025-08-01 10:57:56 AM,6801.0,59,401259.0,702105475.5
2025-08-01 10:58:00 AM,6800.0,0,0.0,702105475.5
2025-08-01 10:58:01 AM,6801.0,46,312846.0,702418321.5
2025-08-01 10:58:02 AM,6800.0,0,0.0,702418321.5
2025-08-01 10:58:02 AM,6800.0,1,6800.0,702425121.5
2025-08-01 10:58:07 AM,6800.0,1,6800.0,702431921.5
2025-08-01 10:58:07 AM,6800.0,5,34000.0,702465921.5
2025-08-01 10:58:17 AM,6800.0,11,74800.0,702540721.5
2025-08-01 10:58:22 AM,6800.0,47,319600.0,702860321.5
2025-08-01 10:58:30 AM,6800.5,0,0.0,702860321.5
2025-08-01 10:58:34 AM,6800.5,2,13601.0,702873922.5
2025-08-01 10:58:39 AM,6800.5,1,6800.5,702880723.0
2025-08-01 10:58:46 AM,6800.0,0,0.0,702880723.0
2025-08-01 10:58:50 AM,6800.0,93,632400.0,703513123.0
2025-08-01 10:58:52 AM,6802.0,0,0.0,703513123.0
2025-08-01 10:58:54 AM,6802.5,0,0.0,703513123.0
2025-08-01 10:58:56 AM,6803.5,221,1503573.5,705016696.5
2025-08-01 10:58:58 AM,6804.0,0,0.0,705016696.5
2025-08-01 10:59:01 AM,6804.0,273,1857492.0,706874188.5
2025-08-01 10:59:04 AM,6803.0,0,0.0,706874188.5
2025-08-01 10:59:06 AM,6803.0,2,13606.0,706887794.5
2025-08-01 10:59:06 AM,6804.0,0,0.0,706887794.5
2025-08-01 10:59:06 AM,6804.0,54,367416.0,707255210.5
2025-08-01 10:59:10 AM,6802.0,0,0.0,707255210.5
2025-08-01 10:59:11 AM,6802.0,108,734616.0,707989826.5
2025-08-01 10:59:14 AM,6803.0,0,0.0,707989826.5
2025-08-01 10:59:16 AM,6803.0,5,34015.0,708023841.5
2025-08-01 10:59:21 AM,6801.0,149,1013349.0,709037190.5
