date,price,qty,trnvr,cum_trnvr
2025-08-01 09:15:05 AM,335.9,499,167614.09999999998,167614.09999999998
2025-08-01 09:15:19 AM,336.15,20,6723.0,174337.09999999998
2025-08-01 09:15:34 AM,336.45,0,0.0,174337.09999999998
2025-08-01 09:15:35 AM,336.45,300,100935.0,275272.1
2025-08-01 09:15:43 AM,337.45,322,108658.9,383931.0
2025-08-01 09:16:00 AM,337.4,1,337.4,384268.4
2025-08-01 09:16:04 AM,336.8,0,0.0,384268.4
2025-08-01 09:16:08 AM,336.8,97,32669.600000000002,416938.0
2025-08-01 09:16:24 AM,337.9,74,25004.6,441942.6
2025-08-01 09:16:57 AM,337.95,180,60831.0,502773.6
2025-08-01 09:16:59 AM,338.0,40,13520.0,516293.6
2025-08-01 09:17:01 AM,338.8,0,0.0,516293.6
2025-08-01 09:17:06 AM,338.8,76,25748.8,542042.4
2025-08-01 09:17:07 AM,338.0,25,8450.0,550492.4
2025-08-01 09:17:23 AM,338.15,5,1690.75,552183.15
2025-08-01 09:17:25 AM,338.7,0,0.0,552183.15
2025-08-01 09:17:30 AM,338.8,146,49464.8,601647.9500000001
2025-08-01 09:17:31 AM,338.35,25,8458.75,610106.7000000001
2025-08-01 09:17:39 AM,338.35,362,122482.70000000001,732589.4000000001
2025-08-01 09:17:44 AM,337.5,0,0.0,732589.4000000001
2025-08-01 09:17:47 AM,337.5,1060,357750.0,1090339.4000000001
2025-08-01 09:18:07 AM,337.9,0,0.0,1090339.4000000001
2025-08-01 09:18:12 AM,337.9,25,8447.5,1098786.9000000001
2025-08-01 09:18:36 AM,338.45,10,3384.5,1102171.4000000001
2025-08-01 09:18:45 AM,338.0,5,1690.0,1103861.4000000001
2025-08-01 09:18:53 AM,338.0,20,6760.0,1110621.4000000001
2025-08-01 09:19:01 AM,337.85,89,30068.65,1140690.05
2025-08-01 09:19:25 AM,337.3,114,38452.200000000004,1179142.25
2025-08-01 09:19:35 AM,337.6,10,3376.0,1182518.25
2025-08-01 09:19:49 AM,337.0,0,0.0,1182518.25
2025-08-01 09:19:49 AM,337.0,38,12806.0,1195324.25
2025-08-01 09:19:51 AM,337.0,100,33700.0,1229024.25
2025-08-01 09:19:57 AM,337.6,0,0.0,1229024.25
2025-08-01 09:19:57 AM,337.6,1,337.6,1229361.85
2025-08-01 09:20:05 AM,336.8,122,41089.6,1270451.4500000002
2025-08-01 09:20:19 AM,337.2,0,0.0,1270451.4500000002
2025-08-01 09:20:21 AM,337.2,25,8430.0,1278881.4500000002
2025-08-01 09:20:37 AM,336.6,25,8415.0,1287296.4500000002
2025-08-01 09:20:45 AM,337.2,5,1686.0,1288982.4500000002
2025-08-01 09:21:04 AM,336.8,0,0.0,1288982.4500000002
2025-08-01 09:21:08 AM,336.8,8,2694.4,1291676.85
2025-08-01 09:22:25 AM,336.8,38,12798.4,1304475.25
2025-08-01 09:22:26 AM,337.15,100,33715.0,1338190.25
2025-08-01 09:22:33 AM,336.7,38,12794.6,1350984.85
2025-08-01 09:22:34 AM,336.7,2,673.4,1351658.25
2025-08-01 09:22:35 AM,336.8,0,0.0,1351658.25
2025-08-01 09:22:40 AM,336.8,1,336.8,1351995.05
2025-08-01 09:22:42 AM,336.7,6,2020.1999999999998,1354015.25
2025-08-01 09:22:53 AM,336.5,0,0.0,1354015.25
2025-08-01 09:22:55 AM,336.5,38,12787.0,1366802.25
2025-08-01 09:22:57 AM,336.7,3,1010.0999999999999,1367812.35
2025-08-01 09:22:59 AM,336.4,0,0.0,1367812.35
2025-08-01 09:23:03 AM,336.4,20,6728.0,1374540.35
2025-08-01 09:23:05 AM,336.3,50,16815.0,1391355.35
2025-08-01 09:23:07 AM,336.55,0,0.0,1391355.35
2025-08-01 09:23:11 AM,336.55,323,108705.65000000001,1500061.0
2025-08-01 09:23:21 AM,336.2,0,0.0,1500061.0
2025-08-01 09:23:26 AM,336.2,18,6051.599999999999,1506112.6
2025-08-01 09:23:33 AM,336.0,0,0.0,1506112.6
2025-08-01 09:23:34 AM,336.0,2,672.0,1506784.6
2025-08-01 09:23:41 AM,336.0,23,7728.0,1514512.6
2025-08-01 09:23:43 AM,336.3,10,3363.0,1517875.6
2025-08-01 09:24:04 AM,335.85,100,33585.0,1551460.6
2025-08-01 09:24:27 AM,335.85,280,94038.0,1645498.6
2025-08-01 09:25:03 AM,336.0,0,0.0,1645498.6
2025-08-01 09:25:04 AM,336.3,0,0.0,1645498.6
2025-08-01 09:25:04 AM,336.3,34,11434.2,1656932.8
2025-08-01 09:25:12 AM,336.3,19,6389.7,1663322.5
2025-08-01 09:25:17 AM,336.7,0,0.0,1663322.5
2025-08-01 09:25:19 AM,336.6,302,101653.20000000001,1764975.7
2025-08-01 09:25:27 AM,337.35,201,67807.35,1832783.05
2025-08-01 09:25:40 AM,336.9,0,0.0,1832783.05
2025-08-01 09:25:42 AM,336.9,3,1010.6999999999999,1833793.75
2025-08-01 09:25:51 AM,337.35,0,0.0,1833793.75
2025-08-01 09:25:52 AM,337.35,48,16192.800000000001,1849986.55
2025-08-01 09:25:52 AM,337.5,0,0.0,1849986.55
2025-08-01 09:25:57 AM,337.5,76,25650.0,1875636.55
2025-08-01 09:26:18 AM,337.9,0,0.0,1875636.55
2025-08-01 09:26:20 AM,337.9,10,3379.0,1879015.55
2025-08-01 09:26:28 AM,337.85,5,1689.25,1880704.8
2025-08-01 09:26:33 AM,337.95,0,0.0,1880704.8
2025-08-01 09:26:35 AM,338.3,228,77132.40000000001,1957837.2
2025-08-01 09:26:37 AM,338.6,3,1015.8000000000001,1958853.0
2025-08-01 09:26:38 AM,338.95,0,0.0,1958853.0
2025-08-01 09:26:43 AM,338.95,319,108125.05,2066978.05
2025-08-01 09:27:03 AM,339.0,0,0.0,2066978.05
2025-08-01 09:27:06 AM,339.0,117,39663.0,2106641.05
2025-08-01 09:27:18 AM,339.3,0,0.0,2106641.05
2025-08-01 09:27:20 AM,339.3,1,339.3,2106980.3499999996
2025-08-01 09:27:22 AM,339.4,6,2036.3999999999999,2109016.7499999995
2025-08-01 09:27:29 AM,339.9,0,0.0,2109016.7499999995
2025-08-01 09:27:33 AM,340.0,0,0.0,2109016.7499999995
2025-08-01 09:27:35 AM,340.0,246,83640.0,2192656.7499999995
2025-08-01 09:27:37 AM,340.0,30,10200.0,2202856.7499999995
2025-08-01 09:27:38 AM,340.55,0,0.0,2202856.7499999995
2025-08-01 09:27:43 AM,340.55,30,10216.5,2213073.2499999995
2025-08-01 09:27:58 AM,340.0,0,0.0,2213073.2499999995
2025-08-01 09:28:00 AM,340.0,405,137700.0,2350773.2499999995
2025-08-01 09:28:14 AM,339.65,1,339.65,2351112.8999999994
2025-08-01 09:28:29 AM,339.65,30,10189.5,2361302.3999999994
2025-08-01 09:28:44 AM,339.3,0,0.0,2361302.3999999994
2025-08-01 09:28:44 AM,339.3,250,84825.0,2446127.3999999994
2025-08-01 09:28:55 AM,339.85,0,0.0,2446127.3999999994
2025-08-01 09:28:59 AM,339.85,75,25488.75,2471616.1499999994
2025-08-01 09:29:22 AM,339.2,76,25779.2,2497395.3499999996
2025-08-01 09:29:45 AM,337.65,947,319754.55,2817149.8999999994
2025-08-01 09:30:05 AM,337.4,0,0.0,2817149.8999999994
2025-08-01 09:30:07 AM,337.4,1,337.4,2817487.2999999993
2025-08-01 09:30:12 AM,336.9,0,0.0,2817487.2999999993
2025-08-01 09:30:15 AM,336.9,36,12128.4,2829615.6999999993
2025-08-01 09:30:22 AM,337.15,1,337.15,2829952.849999999
2025-08-01 09:30:37 AM,337.15,6,2022.8999999999999,2831975.749999999
2025-08-01 09:30:47 AM,337.0,0,0.0,2831975.749999999
2025-08-01 09:30:52 AM,337.1,33,11124.300000000001,2843100.049999999
2025-08-01 09:31:05 AM,336.8,0,0.0,2843100.049999999
2025-08-01 09:31:07 AM,336.8,59,19871.2,2862971.249999999
2025-08-01 09:31:09 AM,336.7,0,0.0,2862971.249999999
2025-08-01 09:31:14 AM,336.7,2,673.4,2863644.649999999
2025-08-01 09:31:28 AM,336.9,0,0.0,2863644.649999999
2025-08-01 09:31:29 AM,336.9,1,336.9,2863981.549999999
2025-08-01 09:31:40 AM,336.7,0,0.0,2863981.549999999
2025-08-01 09:31:43 AM,336.7,46,15488.199999999999,2879469.749999999
2025-08-01 09:31:56 AM,336.5,0,0.0,2879469.749999999
2025-08-01 09:31:57 AM,336.5,36,12114.0,2891583.749999999
2025-08-01 09:32:01 AM,336.7,0,0.0,2891583.749999999
2025-08-01 09:32:03 AM,336.7,128,43097.6,2934681.349999999
2025-08-01 09:32:06 AM,336.9,0,0.0,2934681.349999999
2025-08-01 09:32:11 AM,336.9,103,34700.7,2969382.0499999993
2025-08-01 09:32:25 AM,337.2,1653,557391.6,3526773.6499999994
2025-08-01 09:32:31 AM,337.3,0,0.0,3526773.6499999994
2025-08-01 09:32:32 AM,337.3,116,39126.8,3565900.4499999993
2025-08-01 09:32:38 AM,337.3,32,10793.6,3576694.0499999993
2025-08-01 09:32:42 AM,337.65,0,0.0,3576694.0499999993
2025-08-01 09:32:46 AM,337.65,16,5402.4,3582096.4499999993
2025-08-01 09:32:53 AM,337.8,12,4053.6000000000004,3586150.0499999993
2025-08-01 09:33:17 AM,338.15,0,0.0,3586150.0499999993
2025-08-01 09:33:20 AM,338.15,750,253612.49999999997,3839762.5499999993
2025-08-01 09:33:34 AM,336.7,3201,1077776.7,4917539.249999999
2025-08-01 09:33:47 AM,336.3,0,0.0,4917539.249999999
2025-08-01 09:33:48 AM,336.3,15,5044.5,4922583.749999999
2025-08-01 09:33:52 AM,336.6,0,0.0,4922583.749999999
2025-08-01 09:33:55 AM,336.6,50,16830.0,4939413.749999999
2025-08-01 09:34:12 AM,336.25,0,0.0,4939413.749999999
2025-08-01 09:34:16 AM,336.25,15,5043.75,4944457.499999999
2025-08-01 09:34:30 AM,336.25,5,1681.25,4946138.749999999
2025-08-01 09:34:51 AM,336.5,12,4038.0,4950176.749999999
2025-08-01 09:34:57 AM,336.7,0,0.0,4950176.749999999
2025-08-01 09:34:58 AM,336.7,23,7744.099999999999,4957920.849999999
2025-08-01 09:35:04 AM,336.7,24,8080.799999999999,4966001.6499999985
2025-08-01 09:35:19 AM,336.7,12,4040.3999999999996,4970042.049999999
2025-08-01 09:35:22 AM,338.9,0,0.0,4970042.049999999
2025-08-01 09:35:22 AM,338.65,0,0.0,4970042.049999999
2025-08-01 09:35:26 AM,338.55,14056,4758658.8,9728700.849999998
2025-08-01 09:35:32 AM,338.85,0,0.0,9728700.849999998
2025-08-01 09:35:33 AM,338.85,1,338.85,9729039.699999997
2025-08-01 09:35:37 AM,338.65,0,0.0,9729039.699999997
2025-08-01 09:35:40 AM,338.65,3,1015.9499999999999,9730055.649999997
2025-08-01 09:35:42 AM,338.95,0,0.0,9730055.649999997
2025-08-01 09:35:46 AM,339.2,852,288998.39999999997,10019054.049999997
2025-08-01 09:35:53 AM,339.5,25,8487.5,10027541.549999997
2025-08-01 09:35:57 AM,339.6,0,0.0,10027541.549999997
2025-08-01 09:35:59 AM,339.75,318,108040.5,10135582.049999997
2025-08-01 09:36:00 AM,339.75,148,50283.0,10185865.049999997
2025-08-01 09:36:01 AM,339.5,0,0.0,10185865.049999997
2025-08-01 09:36:01 AM,339.6,0,0.0,10185865.049999997
2025-08-01 09:36:05 AM,339.8,0,0.0,10185865.049999997
2025-08-01 09:36:06 AM,339.45,1102,374073.89999999997,10559938.949999997
2025-08-01 09:37:30 AM,339.0,0,0.0,10559938.949999997
2025-08-01 09:37:34 AM,339.0,221,74919.0,10634857.949999997
2025-08-01 09:38:07 AM,338.85,0,0.0,10634857.949999997
2025-08-01 09:38:07 AM,338.85,300,101655.0,10736512.949999997
2025-08-01 09:38:11 AM,338.8,0,0.0,10736512.949999997
2025-08-01 09:38:14 AM,338.8,5,1694.0,10738206.949999997
2025-08-01 09:38:48 AM,338.9,9,3050.1,10741257.049999997
2025-08-01 09:39:15 AM,338.25,39,13191.75,10754448.799999997
2025-08-01 09:40:28 AM,338.55,100,33855.0,10788303.799999997
2025-08-01 09:40:40 AM,338.55,2,677.1,10788980.899999997
2025-08-01 09:41:20 AM,338.55,2,677.1,10789657.999999996
2025-08-01 09:41:33 AM,338.55,75,25391.25,10815049.249999996
2025-08-01 09:41:34 AM,338.6,15,5079.0,10820128.249999996
2025-08-01 09:41:41 AM,339.35,50,16967.5,10837095.749999996
2025-08-01 09:41:45 AM,339.0,0,0.0,10837095.749999996
2025-08-01 09:41:46 AM,339.0,26,8814.0,10845909.749999996
2025-08-01 09:41:59 AM,338.7,2,677.4,10846587.149999997
2025-08-01 09:42:10 AM,338.6,0,0.0,10846587.149999997
2025-08-01 09:42:13 AM,338.6,41,13882.6,10860469.749999996
2025-08-01 09:42:39 AM,338.7,50,16935.0,10877404.749999996
2025-08-01 09:44:24 AM,338.6,311,105304.6,10982709.349999996
2025-08-01 09:44:48 AM,338.65,0,0.0,10982709.349999996
2025-08-01 09:44:50 AM,338.65,506,171356.9,11154066.249999996
2025-08-01 09:45:36 AM,338.1,0,0.0,11154066.249999996
2025-08-01 09:45:36 AM,338.1,100,33810.0,11187876.249999996
2025-08-01 09:46:08 AM,338.25,0,0.0,11187876.249999996
2025-08-01 09:46:09 AM,338.25,46,15559.5,11203435.749999996
2025-08-01 09:46:29 AM,338.45,29,9815.05,11213250.799999997
2025-08-01 09:46:45 AM,338.4,0,0.0,11213250.799999997
2025-08-01 09:46:46 AM,338.4,1,338.4,11213589.199999997
2025-08-01 09:47:07 AM,338.4,2,676.8,11214265.999999998
2025-08-01 09:47:13 AM,338.25,0,0.0,11214265.999999998
2025-08-01 09:47:13 AM,338.25,2,676.5,11214942.499999998
2025-08-01 09:47:41 AM,338.0,0,0.0,11214942.499999998
2025-08-01 09:47:43 AM,338.0,1,338.0,11215280.499999998
2025-08-01 09:47:50 AM,338.3,44,14885.2,11230165.699999997
2025-08-01 09:48:22 AM,338.3,25,8457.5,11238623.199999997
2025-08-01 09:48:35 AM,338.3,1001,338638.3,11577261.499999998
2025-08-01 09:48:41 AM,338.25,97,32810.25,11610071.749999998
2025-08-01 09:48:56 AM,338.2,0,0.0,11610071.749999998
2025-08-01 09:48:57 AM,338.2,2,676.4,11610748.149999999
2025-08-01 09:49:00 AM,338.0,0,0.0,11610748.149999999
2025-08-01 09:49:00 AM,338.0,7,2366.0,11613114.149999999
2025-08-01 09:49:12 AM,337.65,0,0.0,11613114.149999999
2025-08-01 09:49:13 AM,337.65,104,35115.6,11648229.749999998
2025-08-01 09:49:25 AM,337.65,10,3376.5,11651606.249999998
2025-08-01 09:49:49 AM,337.6,0,0.0,11651606.249999998
2025-08-01 09:49:50 AM,337.6,1,337.6,11651943.849999998
2025-08-01 09:50:16 AM,337.6,50,16880.0,11668823.849999998
2025-08-01 09:50:37 AM,337.65,0,0.0,11668823.849999998
2025-08-01 09:50:38 AM,337.65,511,172539.15,11841362.999999998
2025-08-01 09:51:00 AM,338.1,0,0.0,11841362.999999998
2025-08-01 09:51:00 AM,337.9,37,12502.3,11853865.299999999
2025-08-01 09:51:23 AM,337.8,0,0.0,11853865.299999999
2025-08-01 09:51:26 AM,337.8,40,13512.0,11867377.299999999
2025-08-01 09:52:14 AM,338.0,0,0.0,11867377.299999999
2025-08-01 09:52:15 AM,338.0,5,1690.0,11869067.299999999
2025-08-01 09:52:45 AM,337.55,8,2700.4,11871767.7
2025-08-01 09:52:52 AM,337.8,35,11823.0,11883590.7
2025-08-01 09:53:16 AM,337.8,4,1351.2,11884941.899999999
2025-08-01 09:53:22 AM,337.8,12,4053.6000000000004,11888995.499999998
2025-08-01 09:54:25 AM,337.8,12,4053.6000000000004,11893049.099999998
2025-08-01 09:55:04 AM,337.75,0,0.0,11893049.099999998
2025-08-01 09:55:06 AM,337.75,12,4053.0,11897102.099999998
2025-08-01 09:55:18 AM,337.5,3,1012.5,11898114.599999998
2025-08-01 09:55:21 AM,337.2,0,0.0,11898114.599999998
2025-08-01 09:55:24 AM,337.2,3,1011.5999999999999,11899126.199999997
2025-08-01 09:55:47 AM,336.8,0,0.0,11899126.199999997
2025-08-01 09:55:48 AM,336.8,400,134720.0,12033846.199999997
2025-08-01 09:56:40 AM,337.15,0,0.0,12033846.199999997
2025-08-01 09:56:42 AM,337.15,2,674.3,12034520.499999998
2025-08-01 09:56:50 AM,337.1,0,0.0,12034520.499999998
2025-08-01 09:56:50 AM,337.1,1,337.1,12034857.599999998
2025-08-01 09:57:18 AM,337.15,0,0.0,12034857.599999998
2025-08-01 09:57:18 AM,337.15,400,134860.0,12169717.599999998
2025-08-01 09:57:23 AM,337.1,3,1011.3000000000001,12170728.899999999
2025-08-01 09:57:29 AM,336.85,10,3368.5,12174097.399999999
2025-08-01 09:57:35 AM,336.85,2,673.7,12174771.099999998
2025-08-01 09:57:38 AM,336.85,5,1684.25,12176455.349999998
2025-08-01 09:57:58 AM,337.05,0,0.0,12176455.349999998
2025-08-01 09:57:59 AM,337.05,25,8426.25,12184881.599999998
2025-08-01 09:58:06 AM,337.1,1,337.1,12185218.699999997
2025-08-01 09:58:24 AM,337.1,1,337.1,12185555.799999997
2025-08-01 09:58:30 AM,337.1,3,1011.3000000000001,12186567.099999998
2025-08-01 09:59:06 AM,336.8,53,17850.4,12204417.499999998
2025-08-01 09:59:25 AM,336.15,0,0.0,12204417.499999998
2025-08-01 09:59:25 AM,336.15,100,33615.0,12238032.499999998
2025-08-01 09:59:35 AM,336.0,0,0.0,12238032.499999998
2025-08-01 09:59:37 AM,336.6,0,0.0,12238032.499999998
2025-08-01 09:59:38 AM,336.6,446,150123.6,12388156.099999998
2025-08-01 09:59:53 AM,336.7,0,0.0,12388156.099999998
2025-08-01 09:59:53 AM,336.7,35,11784.5,12399940.599999998
2025-08-01 10:00:05 AM,336.7,5,1683.5,12401624.099999998
2025-08-01 10:00:15 AM,336.7,1,336.7,12401960.799999997
2025-08-01 10:00:29 AM,336.95,0,0.0,12401960.799999997
2025-08-01 10:00:31 AM,336.95,400,134780.0,12536740.799999997
2025-08-01 10:00:53 AM,336.8,0,0.0,12536740.799999997
2025-08-01 10:00:53 AM,336.8,5,1684.0,12538424.799999997
2025-08-01 10:01:22 AM,336.5,2,673.0,12539097.799999997
2025-08-01 10:01:52 AM,336.45,0,0.0,12539097.799999997
2025-08-01 10:01:53 AM,336.45,5,1682.25,12540780.049999997
2025-08-01 10:02:04 AM,336.3,0,0.0,12540780.049999997
2025-08-01 10:02:05 AM,336.3,141,47418.3,12588198.349999998
2025-08-01 10:02:06 AM,336.6,0,0.0,12588198.349999998
2025-08-01 10:02:06 AM,336.6,133,44767.8,12632966.149999999
2025-08-01 10:02:24 AM,337.15,0,0.0,12632966.149999999
2025-08-01 10:02:24 AM,337.15,10,3371.5,12636337.649999999
2025-08-01 10:02:55 AM,337.25,0,0.0,12636337.649999999
2025-08-01 10:02:56 AM,337.25,1,337.25,12636674.899999999
2025-08-01 10:03:39 AM,337.45,0,0.0,12636674.899999999
2025-08-01 10:03:41 AM,337.45,29,9786.05,12646460.95
2025-08-01 10:03:55 AM,337.65,0,0.0,12646460.95
2025-08-01 10:03:55 AM,337.65,1,337.65,12646798.6
2025-08-01 10:04:11 AM,337.75,0,0.0,12646798.6
2025-08-01 10:04:11 AM,337.75,45,15198.75,12661997.35
2025-08-01 10:04:18 AM,337.05,121,40783.05,12702780.4
2025-08-01 10:04:23 AM,337.1,0,0.0,12702780.4
2025-08-01 10:04:24 AM,337.1,1,337.1,12703117.5
2025-08-01 10:04:55 AM,337.3,1,337.3,12703454.8
2025-08-01 10:05:20 AM,336.75,0,0.0,12703454.8
2025-08-01 10:05:20 AM,336.75,40,13470.0,12716924.8
2025-08-01 10:05:50 AM,336.75,14,4714.5,12721639.3
2025-08-01 10:06:34 AM,337.0,0,0.0,12721639.3
2025-08-01 10:06:34 AM,337.0,26,8762.0,12730401.3
2025-08-01 10:06:50 AM,337.0,7,2359.0,12732760.3
2025-08-01 10:07:17 AM,337.0,11,3707.0,12736467.3
2025-08-01 10:07:21 AM,337.0,18,6066.0,12742533.3
2025-08-01 10:07:34 AM,336.45,746,250991.69999999998,12993525.0
2025-08-01 10:07:40 AM,336.8,10,3368.0,12996893.0
2025-08-01 10:07:52 AM,336.45,899,302468.55,13299361.55
2025-08-01 10:07:55 AM,336.0,0,0.0,13299361.55
2025-08-01 10:07:58 AM,336.0,15,5040.0,13304401.55
2025-08-01 10:08:04 AM,336.4,0,0.0,13304401.55
2025-08-01 10:08:04 AM,336.4,47,15810.8,13320212.350000001
2025-08-01 10:08:17 AM,336.6,26,8751.6,13328963.950000001
2025-08-01 10:09:17 AM,337.15,15,5057.25,13334021.200000001
2025-08-01 10:09:51 AM,336.75,0,0.0,13334021.200000001
2025-08-01 10:09:51 AM,336.75,34,11449.5,13345470.700000001
2025-08-01 10:10:14 AM,336.75,100,33675.0,13379145.700000001
2025-08-01 10:10:42 AM,336.4,0,0.0,13379145.700000001
2025-08-01 10:10:44 AM,336.4,40,13456.0,13392601.700000001
2025-08-01 10:10:51 AM,336.75,0,0.0,13392601.700000001
2025-08-01 10:10:52 AM,336.75,1,336.75,13392938.450000001
2025-08-01 10:11:42 AM,336.9,0,0.0,13392938.450000001
2025-08-01 10:11:43 AM,336.9,45,15160.499999999998,13408098.950000001
2025-08-01 10:11:44 AM,337.2,12,4046.3999999999996,13412145.350000001
2025-08-01 10:12:06 AM,337.35,0,0.0,13412145.350000001
2025-08-01 10:12:06 AM,337.35,12,4048.2000000000003,13416193.55
2025-08-01 10:13:28 AM,336.95,24,8086.799999999999,13424280.350000001
2025-08-01 10:13:39 AM,336.75,0,0.0,13424280.350000001
2025-08-01 10:13:40 AM,336.75,1,336.75,13424617.100000001
2025-08-01 10:14:32 AM,336.75,1178,396691.5,13821308.600000001
2025-08-01 10:15:06 AM,336.8,0,0.0,13821308.600000001
2025-08-01 10:15:07 AM,336.8,10,3368.0,13824676.600000001
2025-08-01 10:15:43 AM,336.8,12,4041.6000000000004,13828718.200000001
2025-08-01 10:15:54 AM,337.25,0,0.0,13828718.200000001
2025-08-01 10:15:55 AM,337.25,8,2698.0,13831416.200000001
2025-08-01 10:16:15 AM,337.3,0,0.0,13831416.200000001
2025-08-01 10:16:18 AM,337.3,20,6746.0,13838162.200000001
2025-08-01 10:16:36 AM,337.3,10,3373.0,13841535.200000001
2025-08-01 10:16:41 AM,337.3,1,337.3,13841872.500000002
2025-08-01 10:18:17 AM,337.2,0,0.0,13841872.500000002
2025-08-01 10:18:19 AM,337.2,183,61707.6,13903580.100000001
2025-08-01 10:18:21 AM,336.85,0,0.0,13903580.100000001
2025-08-01 10:18:25 AM,336.85,638,214910.30000000002,14118490.400000002
2025-08-01 10:18:33 AM,336.55,0,0.0,14118490.400000002
2025-08-01 10:18:36 AM,336.55,5,1682.75,14120173.150000002
2025-08-01 10:19:22 AM,336.65,0,0.0,14120173.150000002
2025-08-01 10:19:22 AM,336.65,10,3366.5,14123539.650000002
2025-08-01 10:19:51 AM,337.0,1,337.0,14123876.650000002
2025-08-01 10:20:07 AM,337.0,3,1011.0,14124887.650000002
2025-08-01 10:20:22 AM,337.05,0,0.0,14124887.650000002
2025-08-01 10:20:24 AM,337.05,1,337.05,14125224.700000003
2025-08-01 10:20:32 AM,337.05,50,16852.5,14142077.200000003
2025-08-01 10:23:20 AM,337.2,3,1011.5999999999999,14143088.800000003
2025-08-01 10:23:23 AM,337.05,0,0.0,14143088.800000003
2025-08-01 10:23:23 AM,337.05,101,34042.05,14177130.850000003
2025-08-01 10:23:57 AM,337.0,0,0.0,14177130.850000003
2025-08-01 10:23:57 AM,337.0,2,674.0,14177804.850000003
2025-08-01 10:24:03 AM,337.0,5,1685.0,14179489.850000003
2025-08-01 10:24:19 AM,337.0,9,3033.0,14182522.850000003
2025-08-01 10:24:27 AM,337.0,151,50887.0,14233409.850000003
2025-08-01 10:24:35 AM,336.8,0,0.0,14233409.850000003
2025-08-01 10:24:36 AM,336.8,1,336.8,14233746.650000004
2025-08-01 10:26:07 AM,337.05,0,0.0,14233746.650000004
2025-08-01 10:26:07 AM,337.05,17,5729.85,14239476.500000004
2025-08-01 10:26:30 AM,337.1,0,0.0,14239476.500000004
2025-08-01 10:26:30 AM,337.1,42,14158.2,14253634.700000003
2025-08-01 10:26:45 AM,337.1,1,337.1,14253971.800000003
2025-08-01 10:26:59 AM,337.05,219,73813.95,14327785.750000002
2025-08-01 10:27:02 AM,337.05,17,5729.85,14333515.600000001
2025-08-01 10:27:46 AM,337.05,80,26964.0,14360479.600000001
2025-08-01 10:28:05 AM,337.05,1,337.05,14360816.650000002
2025-08-01 10:28:35 AM,336.85,0,0.0,14360816.650000002
2025-08-01 10:28:35 AM,336.85,15,5052.75,14365869.400000002
2025-08-01 10:28:38 AM,337.05,0,0.0,14365869.400000002
2025-08-01 10:28:38 AM,337.05,19,6403.95,14372273.350000001
2025-08-01 10:28:43 AM,337.4,0,0.0,14372273.350000001
2025-08-01 10:28:44 AM,337.4,181,61069.399999999994,14433342.750000002
2025-08-01 10:29:50 AM,336.8,100,33680.0,14467022.750000002
2025-08-01 10:30:11 AM,337.2,0,0.0,14467022.750000002
2025-08-01 10:30:11 AM,337.2,5,1686.0,14468708.750000002
2025-08-01 10:30:51 AM,337.3,0,0.0,14468708.750000002
2025-08-01 10:30:53 AM,337.3,20,6746.0,14475454.750000002
2025-08-01 10:31:01 AM,336.95,0,0.0,14475454.750000002
2025-08-01 10:31:01 AM,336.95,6,2021.6999999999998,14477476.450000001
2025-08-01 10:32:21 AM,337.25,0,0.0,14477476.450000001
2025-08-01 10:32:23 AM,337.25,20,6745.0,14484221.450000001
2025-08-01 10:32:42 AM,337.3,0,0.0,14484221.450000001
2025-08-01 10:32:42 AM,337.3,1,337.3,14484558.750000002
2025-08-01 10:32:57 AM,337.2,0,0.0,14484558.750000002
2025-08-01 10:32:59 AM,337.2,1,337.2,14484895.950000001
2025-08-01 10:33:10 AM,336.85,0,0.0,14484895.950000001
2025-08-01 10:33:10 AM,336.85,100,33685.0,14518580.950000001
2025-08-01 10:33:24 AM,337.2,0,0.0,14518580.950000001
2025-08-01 10:33:24 AM,337.2,32,10790.4,14529371.350000001
2025-08-01 10:33:40 AM,337.2,1,337.2,14529708.55
2025-08-01 10:34:43 AM,337.15,1,337.15,14530045.700000001
2025-08-01 10:35:30 AM,336.85,0,0.0,14530045.700000001
2025-08-01 10:35:30 AM,336.85,1,336.85,14530382.55
2025-08-01 10:35:36 AM,337.15,0,0.0,14530382.55
2025-08-01 10:35:36 AM,337.15,30,10114.5,14540497.05
2025-08-01 10:35:39 AM,336.9,0,0.0,14540497.05
2025-08-01 10:35:40 AM,336.9,5,1684.5,14542181.55
2025-08-01 10:35:58 AM,337.1,0,0.0,14542181.55
2025-08-01 10:35:58 AM,337.1,12,4045.2000000000003,14546226.75
2025-08-01 10:36:04 AM,337.15,0,0.0,14546226.75
2025-08-01 10:36:04 AM,337.15,12,4045.7999999999997,14550272.55
2025-08-01 10:36:55 AM,337.0,0,0.0,14550272.55
2025-08-01 10:36:57 AM,337.0,12,4044.0,14554316.55
2025-08-01 10:37:26 AM,337.15,0,0.0,14554316.55
2025-08-01 10:37:27 AM,337.15,2,674.3,14554990.850000001
2025-08-01 10:37:38 AM,337.05,15,5055.75,14560046.600000001
2025-08-01 10:37:46 AM,337.3,0,0.0,14560046.600000001
2025-08-01 10:37:47 AM,337.3,10,3373.0,14563419.600000001
2025-08-01 10:38:04 AM,337.35,1,337.35,14563756.950000001
2025-08-01 10:38:05 AM,337.05,0,0.0,14563756.950000001
2025-08-01 10:38:07 AM,337.35,20,6747.0,14570503.950000001
2025-08-01 10:38:11 AM,337.4,0,0.0,14570503.950000001
2025-08-01 10:38:13 AM,337.4,2,674.8,14571178.750000002
2025-08-01 10:38:41 AM,337.15,501,168912.15,14740090.900000002
2025-08-01 10:39:06 AM,337.05,0,0.0,14740090.900000002
2025-08-01 10:39:08 AM,337.05,3,1011.1500000000001,14741102.050000003
2025-08-01 10:39:36 AM,336.8,0,0.0,14741102.050000003
2025-08-01 10:39:37 AM,336.8,14,4715.2,14745817.250000002
2025-08-01 10:39:56 AM,337.0,5,1685.0,14747502.250000002
2025-08-01 10:40:09 AM,336.8,8,2694.4,14750196.650000002
2025-08-01 10:41:17 AM,336.8,2,673.6,14750870.250000002
2025-08-01 10:41:18 AM,336.95,1,336.95,14751207.200000001
2025-08-01 10:41:29 AM,336.8,0,0.0,14751207.200000001
2025-08-01 10:41:29 AM,336.8,77,25933.600000000002,14777140.8
2025-08-01 10:41:34 AM,336.8,30,10104.0,14787244.8
2025-08-01 10:41:39 AM,337.0,0,0.0,14787244.8
2025-08-01 10:41:39 AM,337.0,124,41788.0,14829032.8
2025-08-01 10:42:36 AM,336.95,0,0.0,14829032.8
2025-08-01 10:42:36 AM,336.95,25,8423.75,14837456.55
2025-08-01 10:44:08 AM,336.95,1,336.95,14837793.5
2025-08-01 10:47:31 AM,337.05,0,0.0,14837793.5
2025-08-01 10:47:34 AM,337.05,12,4044.6000000000004,14841838.1
2025-08-01 10:49:00 AM,337.55,0,0.0,14841838.1
2025-08-01 10:49:01 AM,337.55,339,114429.45,14956267.549999999
2025-08-01 10:49:33 AM,337.4,5,1687.0,14957954.549999999
2025-08-01 10:50:52 AM,337.65,0,0.0,14957954.549999999
2025-08-01 10:50:56 AM,337.65,5,1688.25,14959642.799999999
2025-08-01 10:51:07 AM,337.65,5,1688.25,14961331.049999999
2025-08-01 10:51:23 AM,337.6,0,0.0,14961331.049999999
2025-08-01 10:51:24 AM,337.6,25,8440.0,14969771.049999999
2025-08-01 10:52:50 AM,337.6,68,22956.800000000003,14992727.85
2025-08-01 10:52:54 AM,337.85,0,0.0,14992727.85
2025-08-01 10:52:55 AM,337.85,1,337.85,14993065.7
2025-08-01 10:52:59 AM,338.15,0,0.0,14993065.7
2025-08-01 10:53:00 AM,338.15,709,239748.34999999998,15232814.049999999
2025-08-01 10:54:03 AM,338.35,0,0.0,15232814.049999999
2025-08-01 10:54:04 AM,338.35,1,338.35,15233152.399999999
2025-08-01 10:54:27 AM,337.9,0,0.0,15233152.399999999
2025-08-01 10:54:27 AM,337.9,30,10137.0,15243289.399999999
2025-08-01 10:54:41 AM,338.05,0,0.0,15243289.399999999
2025-08-01 10:54:42 AM,338.05,8,2704.4,15245993.799999999
2025-08-01 10:55:31 AM,338.05,75,25353.75,15271347.549999999
2025-08-01 10:56:11 AM,337.85,0,0.0,15271347.549999999
2025-08-01 10:56:12 AM,337.85,1,337.85,15271685.399999999
2025-08-01 10:56:19 AM,337.6,8,2700.8,15274386.2
2025-08-01 10:56:42 AM,337.5,0,0.0,15274386.2
2025-08-01 10:56:44 AM,337.5,30,10125.0,15284511.2
2025-08-01 10:56:49 AM,337.8,0,0.0,15284511.2
2025-08-01 10:56:50 AM,337.8,8,2702.4,15287213.6
2025-08-01 10:57:00 AM,337.8,15,5067.0,15292280.6
2025-08-01 10:57:10 AM,337.8,23,7769.400000000001,15300050.0
2025-08-01 10:57:48 AM,337.8,4,1351.2,15301401.2
2025-08-01 11:00:38 AM,337.85,0,0.0,15301401.2
2025-08-01 11:00:40 AM,337.85,10,3378.5,15304779.7
2025-08-01 11:01:01 AM,337.85,2,675.7,15305455.399999999
2025-08-01 11:02:25 AM,337.85,1,337.85,15305793.249999998
2025-08-01 11:02:43 AM,337.55,1,337.55,15306130.799999999
2025-08-01 11:03:39 AM,337.8,16,5404.8,15311535.6
2025-08-01 11:04:45 AM,337.85,0,0.0,15311535.6
2025-08-01 11:04:47 AM,337.85,12,4054.2000000000003,15315589.799999999
2025-08-01 11:05:41 AM,337.85,3,1013.5500000000001,15316603.35
2025-08-01 11:06:19 AM,337.8,34,11485.2,15328088.549999999
2025-08-01 11:06:45 AM,337.65,2,675.3,15328763.85
2025-08-01 11:07:43 AM,337.65,4,1350.6,15330114.45
2025-08-01 11:08:01 AM,337.75,2,675.5,15330789.95
2025-08-01 11:09:00 AM,337.5,4,1350.0,15332139.95
2025-08-01 11:09:26 AM,337.5,5,1687.5,15333827.45
2025-08-01 11:09:44 AM,337.5,5,1687.5,15335514.95
2025-08-01 11:09:45 AM,337.7,0,0.0,15335514.95
2025-08-01 11:09:47 AM,337.7,1,337.7,15335852.649999999
2025-08-01 11:10:07 AM,337.25,0,0.0,15335852.649999999
2025-08-01 11:10:09 AM,337.25,57,19223.25,15355075.899999999
2025-08-01 11:12:37 AM,337.2,0,0.0,15355075.899999999
2025-08-01 11:12:39 AM,337.35,0,0.0,15355075.899999999
2025-08-01 11:12:40 AM,337.3,159,53630.700000000004,15408706.599999998
2025-08-01 11:13:51 AM,337.05,1,337.05,15409043.649999999
2025-08-01 11:14:56 AM,337.35,30,10120.5,15419164.149999999
2025-08-01 11:17:08 AM,337.05,0,0.0,15419164.149999999
2025-08-01 11:17:08 AM,337.05,100,33705.0,15452869.149999999
2025-08-01 11:17:54 AM,337.1,2,674.2,15453543.349999998
2025-08-01 11:19:00 AM,337.4,0,0.0,15453543.349999998
2025-08-01 11:19:02 AM,337.4,9,3036.6,15456579.949999997
2025-08-01 11:19:08 AM,337.4,20,6748.0,15463327.949999997
2025-08-01 11:19:25 AM,337.1,20,6742.0,15470069.949999997
2025-08-01 11:19:46 AM,337.15,0,0.0,15470069.949999997
2025-08-01 11:19:46 AM,337.15,1,337.15,15470407.099999998
2025-08-01 11:21:51 AM,337.4,2074,699767.6,16170174.699999997
2025-08-01 11:22:01 AM,337.3,0,0.0,16170174.699999997
2025-08-01 11:22:01 AM,337.3,62,20912.600000000002,16191087.299999997
2025-08-01 11:22:18 AM,337.3,38,12817.4,16203904.699999997
2025-08-01 11:22:20 AM,337.4,0,0.0,16203904.699999997
2025-08-01 11:22:23 AM,337.4,11,3711.3999999999996,16207616.099999998
2025-08-01 11:22:47 AM,337.65,0,0.0,16207616.099999998
2025-08-01 11:22:50 AM,337.65,75,25323.75,16232939.849999998
2025-08-01 11:23:11 AM,337.85,1732,585156.2000000001,16818096.049999997
2025-08-01 11:24:02 AM,337.85,10,3378.5,16821474.549999997
2025-08-01 11:24:49 AM,337.8,0,0.0,16821474.549999997
2025-08-01 11:24:49 AM,337.8,2,675.6,16822150.15
2025-08-01 11:25:31 AM,337.8,1,337.8,16822487.95
2025-08-01 11:26:35 AM,337.3,0,0.0,16822487.95
2025-08-01 11:26:38 AM,337.3,29,9781.7,16832269.65
2025-08-01 11:26:50 AM,337.6,0,0.0,16832269.65
2025-08-01 11:26:53 AM,337.6,29,9790.400000000001,16842060.049999997
2025-08-01 11:28:58 AM,337.6,69,23294.4,16865354.449999996
2025-08-01 11:29:33 AM,337.6,8,2700.8,16868055.249999996
2025-08-01 11:29:34 AM,337.4,0,0.0,16868055.249999996
2025-08-01 11:29:35 AM,337.4,100,33740.0,16901795.249999996
2025-08-01 11:29:58 AM,337.6,0,0.0,16901795.249999996
2025-08-01 11:29:59 AM,337.6,85,28696.000000000004,16930491.249999996
2025-08-01 11:31:45 AM,337.1,0,0.0,16930491.249999996
2025-08-01 11:31:45 AM,337.1,601,202597.1,17133088.349999998
2025-08-01 11:32:18 AM,337.3,0,0.0,17133088.349999998
2025-08-01 11:32:20 AM,337.3,13,4384.900000000001,17137473.249999996
2025-08-01 11:32:26 AM,337.65,0,0.0,17137473.249999996
2025-08-01 11:32:27 AM,337.65,4,1350.6,17138823.849999998
2025-08-01 11:33:05 AM,337.6,0,0.0,17138823.849999998
2025-08-01 11:33:07 AM,337.6,61,20593.600000000002,17159417.45
2025-08-01 11:33:51 AM,337.1,0,0.0,17159417.45
2025-08-01 11:33:53 AM,337.1,50,16855.0,17176272.45
2025-08-01 11:39:39 AM,337.15,30,10114.5,17186386.95
2025-08-01 11:39:53 AM,337.3,0,0.0,17186386.95
2025-08-01 11:39:55 AM,337.3,10,3373.0,17189759.95
2025-08-01 11:40:27 AM,337.25,8,2698.0,17192457.95
2025-08-01 11:40:44 AM,337.1,0,0.0,17192457.95
2025-08-01 11:40:46 AM,337.1,1,337.1,17192795.05
2025-08-01 11:42:44 AM,337.1,10,3371.0,17196166.05
2025-08-01 11:42:52 AM,337.2,0,0.0,17196166.05
2025-08-01 11:42:54 AM,337.05,0,0.0,17196166.05
2025-08-01 11:42:54 AM,337.05,202,68084.1,17264250.150000002
2025-08-01 11:43:47 AM,337.0,50,16850.0,17281100.150000002
2025-08-01 11:44:43 AM,337.0,81,27297.0,17308397.150000002
2025-08-01 11:45:20 AM,337.0,15,5055.0,17313452.150000002
2025-08-01 11:46:46 AM,337.0,2,674.0,17314126.150000002
2025-08-01 11:47:07 AM,337.0,102,34374.0,17348500.150000002
2025-08-01 11:47:27 AM,337.0,15,5055.0,17353555.150000002
2025-08-01 11:49:03 AM,337.0,100,33700.0,17387255.150000002
2025-08-01 11:49:08 AM,337.0,30,10110.0,17397365.150000002
2025-08-01 11:49:23 AM,337.05,0,0.0,17397365.150000002
2025-08-01 11:49:25 AM,337.05,1,337.05,17397702.200000003
2025-08-01 11:50:01 AM,337.05,5,1685.25,17399387.450000003
2025-08-01 11:50:06 AM,337.05,20,6741.0,17406128.450000003
2025-08-01 11:50:22 AM,337.05,96,32356.800000000003,17438485.250000004
2025-08-01 11:50:52 AM,337.05,90,30334.5,17468819.750000004
2025-08-01 11:52:17 AM,337.05,38,12807.9,17481627.650000002
2025-08-01 11:53:28 AM,337.0,4,1348.0,17482975.650000002
2025-08-01 11:53:58 AM,337.0,62,20894.0,17503869.650000002
2025-08-01 11:54:39 AM,336.85,295,99370.75,17603240.400000002
2025-08-01 11:54:54 AM,337.05,1,337.05,17603577.450000003
2025-08-01 11:54:56 AM,337.0,0,0.0,17603577.450000003
2025-08-01 11:54:59 AM,337.0,1,337.0,17603914.450000003
2025-08-01 11:55:28 AM,337.05,0,0.0,17603914.450000003
2025-08-01 11:55:29 AM,337.05,4,1348.2,17605262.650000002
2025-08-01 11:55:49 AM,337.05,9,3033.4500000000003,17608296.1
2025-08-01 11:56:43 AM,337.0,0,0.0,17608296.1
2025-08-01 11:56:45 AM,337.0,104,35048.0,17643344.1
2025-08-01 11:57:38 AM,337.05,0,0.0,17643344.1
2025-08-01 11:57:40 AM,337.05,6,2022.3000000000002,17645366.400000002
2025-08-01 11:58:22 AM,337.05,50,16852.5,17662218.900000002
2025-08-01 11:58:53 AM,337.3,0,0.0,17662218.900000002
2025-08-01 11:58:53 AM,337.3,1,337.3,17662556.200000003
2025-08-01 11:59:07 AM,337.35,0,0.0,17662556.200000003
2025-08-01 11:59:09 AM,337.35,5,1686.75,17664242.950000003
2025-08-01 11:59:21 AM,337.1,1,337.1,17664580.050000004
2025-08-01 11:59:27 AM,337.0,0,0.0,17664580.050000004
2025-08-01 11:59:29 AM,337.0,5,1685.0,17666265.050000004
2025-08-01 11:59:31 AM,337.0,99,33363.0,17699628.050000004
2025-08-01 12:00:06 PM,337.0,10,3370.0,17702998.050000004
2025-08-01 12:00:17 PM,337.1,0,0.0,17702998.050000004
2025-08-01 12:00:19 PM,337.1,2,674.2,17703672.250000004
2025-08-01 12:00:51 PM,337.0,1,337.0,17704009.250000004
2025-08-01 12:00:59 PM,337.0,500,168500.0,17872509.250000004
2025-08-01 12:01:21 PM,337.1,2,674.2,17873183.450000003
2025-08-01 12:02:13 PM,337.35,22,7421.700000000001,17880605.150000002
2025-08-01 12:02:38 PM,337.4,0,0.0,17880605.150000002
2025-08-01 12:02:38 PM,337.4,3,1012.1999999999999,17881617.35
2025-08-01 12:03:43 PM,337.4,2,674.8,17882292.150000002
2025-08-01 12:05:09 PM,337.35,12,4048.2000000000003,17886340.35
2025-08-01 12:06:10 PM,337.35,5,1686.75,17888027.1
2025-08-01 12:06:38 PM,337.35,12,4048.2000000000003,17892075.3
2025-08-01 12:06:53 PM,337.05,9,3033.4500000000003,17895108.75
2025-08-01 12:07:23 PM,337.45,0,0.0,17895108.75
2025-08-01 12:07:23 PM,337.45,50,16872.5,17911981.25
2025-08-01 12:08:01 PM,337.35,0,0.0,17911981.25
2025-08-01 12:08:04 PM,337.35,4,1349.4,17913330.65
2025-08-01 12:08:54 PM,337.35,52,17542.2,17930872.849999998
2025-08-01 12:09:04 PM,337.35,5,1686.75,17932559.599999998
2025-08-01 12:11:47 PM,337.15,0,0.0,17932559.599999998
2025-08-01 12:11:48 PM,337.15,4,1348.6,17933908.2
2025-08-01 12:13:47 PM,337.35,0,0.0,17933908.2
2025-08-01 12:13:48 PM,337.35,18,6072.3,17939980.5
2025-08-01 12:14:01 PM,337.15,0,0.0,17939980.5
2025-08-01 12:14:02 PM,337.15,2,674.3,17940654.8
2025-08-01 12:15:23 PM,337.3,0,0.0,17940654.8
2025-08-01 12:15:24 PM,337.3,6,2023.8000000000002,17942678.6
2025-08-01 12:15:28 PM,337.7,500,168850.0,18111528.6
2025-08-01 12:15:40 PM,337.35,0,0.0,18111528.6
2025-08-01 12:15:44 PM,337.35,21,7084.35,18118612.950000003
2025-08-01 12:15:59 PM,337.35,3,1012.0500000000001,18119625.000000004
2025-08-01 12:16:05 PM,337.65,0,0.0,18119625.000000004
2025-08-01 12:16:09 PM,337.65,9,3038.85,18122663.850000005
2025-08-01 12:16:34 PM,337.2,50,16860.0,18139523.850000005
2025-08-01 12:18:49 PM,337.1,0,0.0,18139523.850000005
2025-08-01 12:18:50 PM,337.1,100,33710.0,18173233.850000005
2025-08-01 12:19:33 PM,337.15,0,0.0,18173233.850000005
2025-08-01 12:19:36 PM,337.15,10,3371.5,18176605.350000005
2025-08-01 12:22:22 PM,337.15,3,1011.4499999999999,18177616.800000004
2025-08-01 12:23:03 PM,337.15,25,8428.75,18186045.550000004
2025-08-01 12:24:37 PM,337.15,12,4045.7999999999997,18190091.350000005
2025-08-01 12:26:07 PM,337.0,0,0.0,18190091.350000005
2025-08-01 12:26:07 PM,337.0,103,34711.0,18224802.350000005
2025-08-01 12:26:12 PM,337.0,1148,386876.0,18611678.350000005
2025-08-01 12:27:00 PM,337.05,0,0.0,18611678.350000005
2025-08-01 12:27:02 PM,337.05,9,3033.4500000000003,18614711.800000004
2025-08-01 12:27:18 PM,337.0,136,45832.0,18660543.800000004
2025-08-01 12:27:33 PM,337.0,12,4044.0,18664587.800000004
2025-08-01 12:27:53 PM,337.15,15,5057.25,18669645.050000004
2025-08-01 12:28:08 PM,337.0,196,66052.0,18735697.050000004
2025-08-01 12:29:26 PM,337.0,8,2696.0,18738393.050000004
2025-08-01 12:29:58 PM,337.0,6,2022.0,18740415.050000004
2025-08-01 12:30:11 PM,337.0,100,33700.0,18774115.050000004
2025-08-01 12:30:43 PM,337.0,9,3033.0,18777148.050000004
2025-08-01 12:31:49 PM,337.35,0,0.0,18777148.050000004
2025-08-01 12:31:50 PM,337.35,3,1012.0500000000001,18778160.100000005
2025-08-01 12:35:14 PM,337.35,28,9445.800000000001,18787605.900000006
2025-08-01 12:35:31 PM,337.0,0,0.0,18787605.900000006
2025-08-01 12:35:34 PM,337.0,100,33700.0,18821305.900000006
2025-08-01 12:36:01 PM,337.0,1,337.0,18821642.900000006
2025-08-01 12:38:31 PM,337.05,0,0.0,18821642.900000006
2025-08-01 12:38:32 PM,337.05,1,337.05,18821979.950000007
2025-08-01 12:42:16 PM,337.05,15,5055.75,18827035.700000007
2025-08-01 12:42:18 PM,337.25,0,0.0,18827035.700000007
2025-08-01 12:42:21 PM,337.25,1,337.25,18827372.950000007
2025-08-01 12:42:31 PM,337.25,5,1686.25,18829059.200000007
2025-08-01 12:42:36 PM,337.25,10,3372.5,18832431.700000007
2025-08-01 12:43:40 PM,337.0,0,0.0,18832431.700000007
2025-08-01 12:43:41 PM,337.0,2,674.0,18833105.700000007
2025-08-01 12:43:58 PM,337.0,1989,670293.0,19503398.700000007
2025-08-01 12:43:59 PM,337.2,0,0.0,19503398.700000007
2025-08-01 12:44:03 PM,337.2,2,674.4,19504073.100000005
2025-08-01 12:44:08 PM,337.2,12,4046.3999999999996,19508119.500000004
2025-08-01 12:44:27 PM,337.0,0,0.0,19508119.500000004
2025-08-01 12:44:30 PM,337.0,2,674.0,19508793.500000004
2025-08-01 12:44:35 PM,337.0,25,8425.0,19517218.500000004
2025-08-01 12:45:16 PM,337.0,12,4044.0,19521262.500000004
2025-08-01 12:46:17 PM,337.0,8,2696.0,19523958.500000004
2025-08-01 12:46:30 PM,337.2,0,0.0,19523958.500000004
2025-08-01 12:46:32 PM,337.2,12,4046.3999999999996,19528004.900000002
2025-08-01 12:46:39 PM,337.0,0,0.0,19528004.900000002
2025-08-01 12:46:43 PM,337.0,23,7751.0,19535755.900000002
2025-08-01 12:47:59 PM,337.0,15,5055.0,19540810.900000002
2025-08-01 12:48:15 PM,337.0,25,8425.0,19549235.900000002
2025-08-01 12:48:40 PM,337.0,61,20557.0,19569792.900000002
2025-08-01 12:49:00 PM,337.0,30,10110.0,19579902.900000002
2025-08-01 12:49:09 PM,337.0,12,4044.0,19583946.900000002
2025-08-01 12:49:28 PM,337.0,1,337.0,19584283.900000002
2025-08-01 12:49:44 PM,337.15,10,3371.5,19587655.400000002
2025-08-01 12:50:33 PM,337.0,0,0.0,19587655.400000002
2025-08-01 12:50:35 PM,337.0,10,3370.0,19591025.400000002
2025-08-01 12:50:52 PM,337.0,38,12806.0,19603831.400000002
2025-08-01 12:50:57 PM,337.0,1,337.0,19604168.400000002
2025-08-01 12:51:01 PM,337.0,9,3033.0,19607201.400000002
2025-08-01 12:51:01 PM,337.1,0,0.0,19607201.400000002
2025-08-01 12:51:02 PM,337.1,10,3371.0,19610572.400000002
2025-08-01 12:51:23 PM,337.0,0,0.0,19610572.400000002
2025-08-01 12:51:26 PM,337.0,24,8088.0,19618660.400000002
2025-08-01 12:51:31 PM,337.0,20,6740.0,19625400.400000002
2025-08-01 12:51:36 PM,337.1,1,337.1,19625737.500000004
2025-08-01 12:51:37 PM,337.0,50,16850.0,19642587.500000004
2025-08-01 12:51:41 PM,337.0,20,6740.0,19649327.500000004
2025-08-01 12:52:06 PM,337.0,3,1011.0,19650338.500000004
2025-08-01 12:52:09 PM,337.15,0,0.0,19650338.500000004
2025-08-01 12:52:11 PM,337.15,10,3371.5,19653710.000000004
2025-08-01 12:52:18 PM,337.0,0,0.0,19653710.000000004
2025-08-01 12:52:21 PM,337.0,75,25275.0,19678985.000000004
2025-08-01 12:53:47 PM,337.15,0,0.0,19678985.000000004
2025-08-01 12:53:51 PM,337.15,1,337.15,19679322.150000002
2025-08-01 12:55:50 PM,337.0,0,0.0,19679322.150000002
2025-08-01 12:55:53 PM,337.0,9,3033.0,19682355.150000002
2025-08-01 12:57:33 PM,337.0,11,3707.0,19686062.150000002
2025-08-01 12:58:08 PM,337.0,10,3370.0,19689432.150000002
2025-08-01 12:58:44 PM,337.0,2,674.0,19690106.150000002
2025-08-01 12:58:53 PM,337.15,0,0.0,19690106.150000002
2025-08-01 12:58:54 PM,337.15,12,4045.7999999999997,19694151.950000003
2025-08-01 12:59:40 PM,337.15,11,3708.6499999999996,19697860.6
2025-08-01 01:00:01 PM,337.25,0,0.0,19697860.6
2025-08-01 01:00:01 PM,337.25,7,2360.75,19700221.35
2025-08-01 01:00:31 PM,337.3,0,0.0,19700221.35
2025-08-01 01:00:32 PM,337.3,3,1011.9000000000001,19701233.25
2025-08-01 01:01:49 PM,337.35,0,0.0,19701233.25
2025-08-01 01:01:50 PM,337.35,30,10120.5,19711353.75
2025-08-01 01:02:22 PM,337.15,0,0.0,19711353.75
2025-08-01 01:02:25 PM,337.15,1,337.15,19711690.9
2025-08-01 01:05:00 PM,336.95,0,0.0,19711690.9
2025-08-01 01:05:02 PM,336.95,100,33695.0,19745385.9
2025-08-01 01:05:18 PM,337.0,0,0.0,19745385.9
2025-08-01 01:05:18 PM,337.0,5,1685.0,19747070.9
2025-08-01 01:05:33 PM,337.0,2,674.0,19747744.9
2025-08-01 01:05:45 PM,337.25,9,3035.25,19750780.15
2025-08-01 01:05:49 PM,337.0,0,0.0,19750780.15
2025-08-01 01:05:50 PM,337.0,100,33700.0,19784480.15
2025-08-01 01:06:06 PM,337.25,0,0.0,19784480.15
2025-08-01 01:06:09 PM,337.25,21,7082.25,19791562.4
2025-08-01 01:06:12 PM,337.45,0,0.0,19791562.4
2025-08-01 01:06:14 PM,337.45,79,26658.55,19818220.95
2025-08-01 01:06:53 PM,337.1,0,0.0,19818220.95
2025-08-01 01:06:55 PM,337.1,2,674.2,19818895.15
2025-08-01 01:07:05 PM,337.4,18,6073.2,19824968.349999998
2025-08-01 01:07:07 PM,337.1,0,0.0,19824968.349999998
2025-08-01 01:07:09 PM,337.4,0,0.0,19824968.349999998
2025-08-01 01:07:10 PM,337.4,68,22943.199999999997,19847911.549999997
2025-08-01 01:08:49 PM,337.05,9,3033.4500000000003,19850944.999999996
2025-08-01 01:09:14 PM,337.0,9,3033.0,19853977.999999996
2025-08-01 01:09:40 PM,337.0,8,2696.0,19856673.999999996
2025-08-01 01:09:51 PM,337.25,0,0.0,19856673.999999996
2025-08-01 01:09:52 PM,337.25,13,4384.25,19861058.249999996
2025-08-01 01:11:26 PM,337.3,0,0.0,19861058.249999996
2025-08-01 01:11:28 PM,337.3,25,8432.5,19869490.749999996
2025-08-01 01:12:48 PM,337.3,10,3373.0,19872863.749999996
2025-08-01 01:12:53 PM,337.3,12,4047.6000000000004,19876911.349999998
2025-08-01 01:13:08 PM,337.3,3,1011.9000000000001,19877923.249999996
2025-08-01 01:13:47 PM,337.55,0,0.0,19877923.249999996
2025-08-01 01:13:49 PM,337.55,280,94514.0,19972437.249999996
2025-08-01 01:14:17 PM,337.4,0,0.0,19972437.249999996
2025-08-01 01:14:17 PM,337.4,13,4386.2,19976823.449999996
2025-08-01 01:15:21 PM,337.25,0,0.0,19976823.449999996
2025-08-01 01:15:21 PM,337.25,50,16862.5,19993685.949999996
2025-08-01 01:15:27 PM,337.4,0,0.0,19993685.949999996
2025-08-01 01:15:29 PM,337.4,2,674.8,19994360.749999996
2025-08-01 01:17:06 PM,337.4,5,1687.0,19996047.749999996
2025-08-01 01:19:43 PM,337.3,0,0.0,19996047.749999996
2025-08-01 01:19:45 PM,337.3,3,1011.9000000000001,19997059.649999995
2025-08-01 01:20:40 PM,337.4,0,0.0,19997059.649999995
2025-08-01 01:20:40 PM,337.4,1,337.4,19997397.049999993
2025-08-01 01:22:06 PM,337.3,0,0.0,19997397.049999993
2025-08-01 01:22:09 PM,337.3,2,674.6,19998071.649999995
2025-08-01 01:22:49 PM,337.4,0,0.0,19998071.649999995
2025-08-01 01:22:50 PM,337.4,12,4048.7999999999997,20002120.449999996
2025-08-01 01:23:26 PM,337.3,0,0.0,20002120.449999996
2025-08-01 01:23:27 PM,337.3,1,337.3,20002457.749999996
2025-08-01 01:24:11 PM,337.3,1,337.3,20002795.049999997
2025-08-01 01:25:58 PM,337.4,0,0.0,20002795.049999997
2025-08-01 01:26:03 PM,337.4,5,1687.0,20004482.049999997
2025-08-01 01:26:48 PM,337.3,4,1349.2,20005831.249999996
2025-08-01 01:28:20 PM,337.3,1,337.3,20006168.549999997
2025-08-01 01:29:22 PM,337.4,1,337.4,20006505.949999996
2025-08-01 01:31:02 PM,337.35,0,0.0,20006505.949999996
2025-08-01 01:31:04 PM,337.35,10,3373.5,20009879.449999996
2025-08-01 01:31:05 PM,337.4,1,337.4,20010216.849999994
2025-08-01 01:33:28 PM,337.35,0,0.0,20010216.849999994
2025-08-01 01:33:32 PM,337.35,6,2024.1000000000001,20012240.949999996
2025-08-01 01:34:22 PM,337.4,0,0.0,20012240.949999996
2025-08-01 01:34:25 PM,337.4,100,33740.0,20045980.949999996
2025-08-01 01:35:52 PM,337.4,80,26992.0,20072972.949999996
2025-08-01 01:35:56 PM,337.4,84,28341.6,20101314.549999997
2025-08-01 01:36:07 PM,337.2,0,0.0,20101314.549999997
2025-08-01 01:36:10 PM,337.2,603,203331.6,20304646.15
2025-08-01 01:36:17 PM,337.25,0,0.0,20304646.15
2025-08-01 01:36:20 PM,337.25,10,3372.5,20308018.65
2025-08-01 01:36:23 PM,337.4,0,0.0,20308018.65
2025-08-01 01:36:25 PM,337.15,2,674.3,20308692.95
2025-08-01 01:37:12 PM,337.05,0,0.0,20308692.95
2025-08-01 01:37:14 PM,337.05,7,2359.35,20311052.3
2025-08-01 01:37:15 PM,337.3,0,0.0,20311052.3
2025-08-01 01:37:19 PM,337.3,1,337.3,20311389.6
2025-08-01 01:38:31 PM,337.3,20,6746.0,20318135.6
2025-08-01 01:39:20 PM,337.0,201,67737.0,20385872.6
2025-08-01 01:39:30 PM,337.0,50,16850.0,20402722.6
2025-08-01 01:39:35 PM,337.0,23,7751.0,20410473.6
2025-08-01 01:39:50 PM,337.0,12,4044.0,20414517.6
2025-08-01 01:39:56 PM,337.0,12,4044.0,20418561.6
2025-08-01 01:40:05 PM,337.0,40,13480.0,20432041.6
2025-08-01 01:40:30 PM,337.0,7,2359.0,20434400.6
2025-08-01 01:41:01 PM,337.0,12,4044.0,20438444.6
2025-08-01 01:41:59 PM,337.0,20,6740.0,20445184.6
2025-08-01 01:43:03 PM,337.1,15,5056.5,20450241.1
2025-08-01 01:43:10 PM,337.3,0,0.0,20450241.1
2025-08-01 01:43:13 PM,337.3,78,26309.4,20476550.5
2025-08-01 01:43:28 PM,337.1,24,8090.400000000001,20484640.9
2025-08-01 01:43:43 PM,337.1,1,337.1,20484978.0
2025-08-01 01:45:03 PM,337.1,4,1348.4,20486326.4
2025-08-01 01:45:55 PM,337.0,0,0.0,20486326.4
2025-08-01 01:45:57 PM,337.0,100,33700.0,20520026.4
2025-08-01 01:46:32 PM,337.0,12,4044.0,20524070.4
2025-08-01 01:46:51 PM,337.1,0,0.0,20524070.4
2025-08-01 01:46:52 PM,337.1,7,2359.7000000000003,20526430.099999998
2025-08-01 01:46:53 PM,337.0,30,10110.0,20536540.099999998
2025-08-01 01:46:56 PM,337.1,0,0.0,20536540.099999998
2025-08-01 01:46:57 PM,337.1,41,13821.1,20550361.2
2025-08-01 01:47:07 PM,337.0,0,0.0,20550361.2
2025-08-01 01:47:08 PM,337.0,12,4044.0,20554405.2
2025-08-01 01:48:17 PM,337.0,21,7077.0,20561482.2
2025-08-01 01:48:32 PM,337.0,15,5055.0,20566537.2
2025-08-01 01:49:39 PM,337.0,21,7077.0,20573614.2
2025-08-01 01:49:59 PM,337.0,12,4044.0,20577658.2
2025-08-01 01:50:13 PM,336.9,0,0.0,20577658.2
2025-08-01 01:50:14 PM,336.9,372,125326.79999999999,20702985.0
2025-08-01 01:50:29 PM,337.0,10,3370.0,20706355.0
2025-08-01 01:53:10 PM,337.0,550,185350.0,20891705.0
2025-08-01 01:53:46 PM,337.0,5,1685.0,20893390.0
2025-08-01 01:54:36 PM,337.0,4,1348.0,20894738.0
2025-08-01 01:54:41 PM,337.0,1,337.0,20895075.0
2025-08-01 01:54:58 PM,337.0,55,18535.0,20913610.0
2025-08-01 01:55:19 PM,337.0,21,7077.0,20920687.0
2025-08-01 01:56:53 PM,337.0,18,6066.0,20926753.0
2025-08-01 01:57:13 PM,337.0,19,6403.0,20933156.0
2025-08-01 01:57:19 PM,337.1,0,0.0,20933156.0
2025-08-01 01:57:23 PM,337.0,0,0.0,20933156.0
2025-08-01 01:57:23 PM,337.0,36,12132.0,20945288.0
2025-08-01 01:57:28 PM,337.0,200,67400.0,21012688.0
2025-08-01 01:58:12 PM,337.0,143,48191.0,21060879.0
2025-08-01 01:58:26 PM,337.0,12,4044.0,21064923.0
2025-08-01 01:58:41 PM,337.0,3,1011.0,21065934.0
2025-08-01 01:59:32 PM,337.0,59,19883.0,21085817.0
2025-08-01 01:59:47 PM,337.0,100,33700.0,21119517.0
2025-08-01 02:00:02 PM,337.0,2,674.0,21120191.0
2025-08-01 02:01:01 PM,337.0,33,11121.0,21131312.0
2025-08-01 02:01:52 PM,337.1,0,0.0,21131312.0
2025-08-01 02:01:55 PM,337.1,20,6742.0,21138054.0
2025-08-01 02:02:47 PM,337.25,0,0.0,21138054.0
2025-08-01 02:02:49 PM,337.25,1,337.25,21138391.25
2025-08-01 02:04:09 PM,337.0,75,25275.0,21163666.25
2025-08-01 02:04:45 PM,337.0,15,5055.0,21168721.25
2025-08-01 02:05:00 PM,337.0,45,15165.0,21183886.25
2025-08-01 02:05:30 PM,337.0,20,6740.0,21190626.25
2025-08-01 02:06:10 PM,337.0,2,674.0,21191300.25
2025-08-01 02:06:40 PM,337.2,18,6069.599999999999,21197369.85
2025-08-01 02:07:11 PM,337.0,0,0.0,21197369.85
2025-08-01 02:07:12 PM,337.0,19,6403.0,21203772.85
2025-08-01 02:08:01 PM,337.05,0,0.0,21203772.85
2025-08-01 02:08:03 PM,337.05,30,10111.5,21213884.35
2025-08-01 02:09:40 PM,337.05,45,15167.25,21229051.6
2025-08-01 02:10:04 PM,337.05,3,1011.1500000000001,21230062.75
2025-08-01 02:10:08 PM,337.0,0,0.0,21230062.75
2025-08-01 02:10:09 PM,337.0,177,59649.0,21289711.75
2025-08-01 02:10:14 PM,337.0,12,4044.0,21293755.75
2025-08-01 02:10:19 PM,337.0,12,4044.0,21297799.75
2025-08-01 02:10:35 PM,337.0,165,55605.0,21353404.75
2025-08-01 02:10:40 PM,337.0,19,6403.0,21359807.75
2025-08-01 02:10:55 PM,337.0,7,2359.0,21362166.75
2025-08-01 02:12:13 PM,337.0,3,1011.0,21363177.75
2025-08-01 02:12:37 PM,337.05,0,0.0,21363177.75
2025-08-01 02:12:39 PM,337.05,1,337.05,21363514.8
2025-08-01 02:13:47 PM,337.0,0,0.0,21363514.8
2025-08-01 02:13:48 PM,337.0,2,674.0,21364188.8
2025-08-01 02:14:07 PM,337.0,209,70433.0,21434621.8
2025-08-01 02:15:09 PM,337.0,35,11795.0,21446416.8
2025-08-01 02:15:32 PM,337.0,26,8762.0,21455178.8
2025-08-01 02:16:55 PM,337.0,50,16850.0,21472028.8
2025-08-01 02:17:03 PM,337.0,16,5392.0,21477420.8
2025-08-01 02:17:14 PM,337.0,281,94697.0,21572117.8
2025-08-01 02:17:34 PM,337.0,19,6403.0,21578520.8
2025-08-01 02:18:26 PM,337.0,25,8425.0,21586945.8
2025-08-01 02:18:26 PM,337.0,5,1685.0,21588630.8
2025-08-01 02:19:17 PM,337.0,18,6066.0,21594696.8
2025-08-01 02:20:20 PM,337.0,57,19209.0,21613905.8
2025-08-01 02:20:35 PM,337.0,98,33026.0,21646931.8
2025-08-01 02:21:15 PM,337.05,0,0.0,21646931.8
2025-08-01 02:21:15 PM,337.0,0,0.0,21646931.8
2025-08-01 02:21:16 PM,337.0,212,71444.0,21718375.8
2025-08-01 02:22:08 PM,337.2,0,0.0,21718375.8
2025-08-01 02:22:08 PM,337.2,301,101497.2,21819873.0
2025-08-01 02:22:56 PM,337.0,0,0.0,21819873.0
2025-08-01 02:22:57 PM,337.0,205,69085.0,21888958.0
2025-08-01 02:23:13 PM,337.0,2,674.0,21889632.0
2025-08-01 02:24:06 PM,337.0,153,51561.0,21941193.0
2025-08-01 02:24:43 PM,337.0,5,1685.0,21942878.0
2025-08-01 02:25:09 PM,337.0,1,337.0,21943215.0
2025-08-01 02:25:17 PM,337.2,0,0.0,21943215.0
2025-08-01 02:25:18 PM,337.45,0,0.0,21943215.0
2025-08-01 02:25:20 PM,337.45,617,208206.65,22151421.65
2025-08-01 02:26:33 PM,337.4,0,0.0,22151421.65
2025-08-01 02:26:34 PM,337.4,1,337.4,22151759.049999997
2025-08-01 02:27:06 PM,337.45,0,0.0,22151759.049999997
2025-08-01 02:27:07 PM,337.45,1,337.45,22152096.499999996
2025-08-01 02:27:53 PM,337.25,0,0.0,22152096.499999996
2025-08-01 02:27:55 PM,337.25,1,337.25,22152433.749999996
2025-08-01 02:28:28 PM,337.25,16,5396.0,22157829.749999996
2025-08-01 02:28:31 PM,337.0,0,0.0,22157829.749999996
2025-08-01 02:28:33 PM,337.0,862,290494.0,22448323.749999996
2025-08-01 02:28:43 PM,337.2,0,0.0,22448323.749999996
2025-08-01 02:28:44 PM,337.2,3,1011.5999999999999,22449335.349999998
2025-08-01 02:30:02 PM,337.2,6,2023.1999999999998,22451358.549999997
2025-08-01 02:30:29 PM,337.0,0,0.0,22451358.549999997
2025-08-01 02:30:29 PM,337.0,225,75825.0,22527183.549999997
2025-08-01 02:31:38 PM,337.2,0,0.0,22527183.549999997
2025-08-01 02:31:40 PM,337.2,1,337.2,22527520.749999996
2025-08-01 02:32:56 PM,337.25,0,0.0,22527520.749999996
2025-08-01 02:32:56 PM,337.25,4,1349.0,22528869.749999996
2025-08-01 02:34:10 PM,337.05,10,3370.5,22532240.249999996
2025-08-01 02:35:20 PM,337.0,0,0.0,22532240.249999996
2025-08-01 02:35:21 PM,337.0,200,67400.0,22599640.249999996
2025-08-01 02:36:19 PM,337.05,0,0.0,22599640.249999996
2025-08-01 02:36:21 PM,337.05,19,6403.95,22606044.199999996
2025-08-01 02:36:42 PM,337.0,130,43810.0,22649854.199999996
2025-08-01 02:37:18 PM,337.0,2,674.0,22650528.199999996
2025-08-01 02:37:28 PM,337.0,50,16850.0,22667378.199999996
2025-08-01 02:38:29 PM,337.0,10,3370.0,22670748.199999996
2025-08-01 02:38:45 PM,337.15,0,0.0,22670748.199999996
2025-08-01 02:38:46 PM,337.15,38,12811.699999999999,22683559.899999995
2025-08-01 02:38:49 PM,337.25,0,0.0,22683559.899999995
2025-08-01 02:38:51 PM,337.25,3,1011.75,22684571.649999995
2025-08-01 02:39:38 PM,337.0,10,3370.0,22687941.649999995
2025-08-01 02:40:06 PM,337.0,58,19546.0,22707487.649999995
2025-08-01 02:40:38 PM,337.0,13,4381.0,22711868.649999995
2025-08-01 02:41:18 PM,337.0,100,33700.0,22745568.649999995
2025-08-01 02:42:00 PM,337.0,30,10110.0,22755678.649999995
2025-08-01 02:42:05 PM,337.0,13,4381.0,22760059.649999995
2025-08-01 02:42:16 PM,337.0,832,280384.0,23040443.649999995
2025-08-01 02:43:52 PM,337.0,38,12806.0,23053249.649999995
2025-08-01 02:43:56 PM,337.2,0,0.0,23053249.649999995
2025-08-01 02:43:58 PM,337.2,15,5058.0,23058307.649999995
2025-08-01 02:44:14 PM,337.0,0,0.0,23058307.649999995
2025-08-01 02:44:15 PM,337.0,28,9436.0,23067743.649999995
2025-08-01 02:45:00 PM,337.0,13,4381.0,23072124.649999995
2025-08-01 02:45:17 PM,337.0,26,8762.0,23080886.649999995
2025-08-01 02:45:28 PM,337.0,20,6740.0,23087626.649999995
2025-08-01 02:45:34 PM,337.0,15,5055.0,23092681.649999995
2025-08-01 02:46:01 PM,337.0,20,6740.0,23099421.649999995
2025-08-01 02:46:24 PM,337.0,13,4381.0,23103802.649999995
2025-08-01 02:46:29 PM,337.0,25,8425.0,23112227.649999995
2025-08-01 02:46:55 PM,337.2,0,0.0,23112227.649999995
2025-08-01 02:46:56 PM,337.2,1,337.2,23112564.849999994
2025-08-01 02:47:01 PM,337.0,0,0.0,23112564.849999994
2025-08-01 02:47:02 PM,337.0,1,337.0,23112901.849999994
2025-08-01 02:47:20 PM,337.0,1,337.0,23113238.849999994
2025-08-01 02:47:25 PM,337.0,10,3370.0,23116608.849999994
2025-08-01 02:47:42 PM,337.0,139,46843.0,23163451.849999994
2025-08-01 02:47:48 PM,337.0,22,7414.0,23170865.849999994
2025-08-01 02:47:59 PM,337.0,25,8425.0,23179290.849999994
2025-08-01 02:48:11 PM,337.2,3,1011.5999999999999,23180302.449999996
2025-08-01 02:48:23 PM,337.0,13,4381.0,23184683.449999996
2025-08-01 02:48:45 PM,337.0,11,3707.0,23188390.449999996
2025-08-01 02:49:18 PM,337.0,18,6066.0,23194456.449999996
2025-08-01 02:49:24 PM,337.0,54,18198.0,23212654.449999996
2025-08-01 02:49:51 PM,337.0,10,3370.0,23216024.449999996
2025-08-01 02:50:35 PM,337.0,12,4044.0,23220068.449999996
2025-08-01 02:50:41 PM,337.0,51,17187.0,23237255.449999996
2025-08-01 02:50:46 PM,337.0,25,8425.0,23245680.449999996
2025-08-01 02:51:08 PM,337.0,150,50550.0,23296230.449999996
2025-08-01 02:52:07 PM,337.0,55,18535.0,23314765.449999996
2025-08-01 02:52:56 PM,337.0,12,4044.0,23318809.449999996
2025-08-01 02:53:06 PM,337.0,135,45495.0,23364304.449999996
2025-08-01 02:53:32 PM,337.0,54,18198.0,23382502.449999996
2025-08-01 02:53:43 PM,337.0,12,4044.0,23386546.449999996
2025-08-01 02:54:44 PM,337.0,106,35722.0,23422268.449999996
2025-08-01 02:54:58 PM,337.0,16,5392.0,23427660.449999996
2025-08-01 02:55:00 PM,337.0,68,22916.0,23450576.449999996
2025-08-01 02:55:04 PM,337.15,0,0.0,23450576.449999996
2025-08-01 02:55:04 PM,337.15,20,6743.0,23457319.449999996
2025-08-01 02:55:16 PM,337.0,0,0.0,23457319.449999996
2025-08-01 02:55:17 PM,337.0,12,4044.0,23461363.449999996
2025-08-01 02:55:43 PM,337.15,0,0.0,23461363.449999996
2025-08-01 02:55:43 PM,337.15,1,337.15,23461700.599999994
2025-08-01 02:56:10 PM,337.0,50,16850.0,23478550.599999994
2025-08-01 02:56:33 PM,337.0,57,19209.0,23497759.599999994
2025-08-01 02:56:36 PM,337.15,0,0.0,23497759.599999994
2025-08-01 02:56:39 PM,337.15,10,3371.5,23501131.099999994
2025-08-01 02:56:47 PM,337.0,0,0.0,23501131.099999994
2025-08-01 02:56:49 PM,337.0,12,4044.0,23505175.099999994
2025-08-01 02:57:20 PM,337.15,0,0.0,23505175.099999994
2025-08-01 02:57:23 PM,337.15,1,337.15,23505512.249999993
2025-08-01 02:57:28 PM,337.0,0,0.0,23505512.249999993
2025-08-01 02:57:28 PM,337.0,12,4044.0,23509556.249999993
2025-08-01 02:58:00 PM,337.0,58,19546.0,23529102.249999993
2025-08-01 02:58:16 PM,337.15,0,0.0,23529102.249999993
2025-08-01 02:58:18 PM,337.15,20,6743.0,23535845.249999993
2025-08-01 02:58:30 PM,337.15,61,20566.149999999998,23556411.39999999
2025-08-01 02:58:46 PM,337.25,0,0.0,23556411.39999999
2025-08-01 02:58:47 PM,337.25,51,17199.75,23573611.14999999
2025-08-01 02:58:48 PM,337.15,17,5731.549999999999,23579342.69999999
2025-08-01 02:59:03 PM,337.15,69,23263.35,23602606.049999993
2025-08-01 03:00:03 PM,337.0,0,0.0,23602606.049999993
2025-08-01 03:00:05 PM,337.0,351,118287.0,23720893.049999993
2025-08-01 03:00:08 PM,337.0,43,14491.0,23735384.049999993
2025-08-01 03:00:17 PM,337.2,0,0.0,23735384.049999993
2025-08-01 03:00:18 PM,337.2,10,3372.0,23738756.049999993
2025-08-01 03:00:35 PM,336.9,63,21224.699999999997,23759980.749999993
2025-08-01 03:00:38 PM,336.4,182,61224.799999999996,23821205.549999993
2025-08-01 03:00:38 PM,336.2,0,0.0,23821205.549999993
2025-08-01 03:00:40 PM,334.8,0,0.0,23821205.549999993
2025-08-01 03:00:41 PM,334.8,6203,2076764.4000000001,25897969.94999999
2025-08-01 03:00:44 PM,335.0,74,24790.0,25922759.94999999
2025-08-01 03:00:44 PM,334.25,0,0.0,25922759.94999999
2025-08-01 03:00:46 PM,334.6,0,0.0,25922759.94999999
2025-08-01 03:00:47 PM,334.95,255,85412.25,26008172.19999999
2025-08-01 03:00:50 PM,334.75,176,58916.0,26067088.19999999
2025-08-01 03:00:50 PM,335.0,0,0.0,26067088.19999999
2025-08-01 03:00:53 PM,335.05,226,75721.3,26142809.499999993
2025-08-01 03:00:55 PM,335.05,233,78066.65000000001,26220876.14999999
2025-08-01 03:00:59 PM,335.25,160,53640.0,26274516.14999999
2025-08-01 03:01:00 PM,335.0,0,0.0,26274516.14999999
2025-08-01 03:01:01 PM,335.0,289,96815.0,26371331.14999999
2025-08-01 03:01:02 PM,335.05,0,0.0,26371331.14999999
2025-08-01 03:01:05 PM,335.35,209,70088.15000000001,26441419.29999999
2025-08-01 03:01:08 PM,335.45,0,0.0,26441419.29999999
2025-08-01 03:01:08 PM,335.45,110,36899.5,26478318.79999999
2025-08-01 03:01:12 PM,335.45,145,48640.25,26526959.04999999
2025-08-01 03:01:14 PM,335.45,77,25829.649999999998,26552788.699999988
2025-08-01 03:01:18 PM,335.5,48,16104.0,26568892.699999988
2025-08-01 03:01:20 PM,335.55,0,0.0,26568892.699999988
2025-08-01 03:01:21 PM,335.7,45,15106.5,26583999.199999988
2025-08-01 03:01:24 PM,335.3,610,204533.0,26788532.199999988
2025-08-01 03:01:24 PM,335.45,0,0.0,26788532.199999988
2025-08-01 03:01:27 PM,335.2,87,29162.399999999998,26817694.599999987
2025-08-01 03:01:29 PM,335.45,0,0.0,26817694.599999987
2025-08-01 03:01:30 PM,335.45,60,20127.0,26837821.599999987
2025-08-01 03:01:33 PM,335.45,28,9392.6,26847214.199999988
2025-08-01 03:01:34 PM,335.25,0,0.0,26847214.199999988
2025-08-01 03:01:36 PM,335.25,3,1005.75,26848219.949999988
2025-08-01 03:01:39 PM,335.4,25,8385.0,26856604.949999988
2025-08-01 03:01:41 PM,335.55,0,0.0,26856604.949999988
2025-08-01 03:01:42 PM,335.15,955,320068.25,27176673.199999988
2025-08-01 03:01:43 PM,333.7,0,0.0,27176673.199999988
2025-08-01 03:01:45 PM,333.8,478,159556.4,27336229.599999987
2025-08-01 03:01:48 PM,333.8,42,14019.6,27350249.199999988
2025-08-01 03:01:51 PM,333.8,42,14019.6,27364268.79999999
2025-08-01 03:01:53 PM,333.8,33,11015.4,27375284.199999988
2025-08-01 03:01:57 PM,333.8,40,13352.0,27388636.199999988
2025-08-01 03:01:59 PM,333.8,30,10014.0,27398650.199999988
2025-08-01 03:02:01 PM,333.9,0,0.0,27398650.199999988
2025-08-01 03:02:03 PM,333.9,81,27045.899999999998,27425696.099999987
2025-08-01 03:02:06 PM,333.9,39,13022.099999999999,27438718.199999988
2025-08-01 03:02:10 PM,333.9,40,13356.0,27452074.199999988
2025-08-01 03:02:12 PM,334.1,57,19043.7,27471117.899999987
2025-08-01 03:02:13 PM,334.25,0,0.0,27471117.899999987
2025-08-01 03:02:14 PM,334.7,0,0.0,27471117.899999987
2025-08-01 03:02:16 PM,334.25,94,31419.5,27502537.399999987
2025-08-01 03:02:18 PM,335.05,28,9381.4,27511918.799999986
2025-08-01 03:02:22 PM,335.05,11,3685.55,27515604.349999987
2025-08-01 03:02:24 PM,335.05,8,2680.4,27518284.749999985
2025-08-01 03:02:26 PM,335.1,0,0.0,27518284.749999985
2025-08-01 03:02:28 PM,335.4,184,61713.6,27579998.349999987
2025-08-01 03:02:30 PM,335.4,57,19117.8,27599116.149999987
2025-08-01 03:02:34 PM,335.5,29,9729.5,27608845.649999987
2025-08-01 03:02:36 PM,335.55,33,11073.15,27619918.799999986
2025-08-01 03:02:38 PM,335.6,0,0.0,27619918.799999986
2025-08-01 03:02:38 PM,335.65,0,0.0,27619918.799999986
2025-08-01 03:02:40 PM,335.75,104,34918.0,27654836.799999986
2025-08-01 03:02:43 PM,336.0,1659,557424.0,28212260.799999986
2025-08-01 03:02:46 PM,336.0,1006,338016.0,28550276.799999986
2025-08-01 03:02:49 PM,336.85,100,33685.0,28583961.799999986
2025-08-01 03:02:50 PM,336.65,0,0.0,28583961.799999986
2025-08-01 03:02:52 PM,336.75,94,31654.5,28615616.299999986
2025-08-01 03:02:58 PM,336.65,203,68339.95,28683956.249999985
2025-08-01 03:03:01 PM,336.85,0,0.0,28683956.249999985
2025-08-01 03:03:01 PM,336.85,284,95665.40000000001,28779621.649999984
2025-08-01 03:03:04 PM,336.85,8,2694.8,28782316.449999984
2025-08-01 03:03:07 PM,336.7,18,6060.599999999999,28788377.049999986
2025-08-01 03:03:13 PM,336.65,0,0.0,28788377.049999986
2025-08-01 03:03:13 PM,336.65,183,61606.95,28849983.999999985
2025-08-01 03:03:17 PM,336.0,251,84336.0,28934319.999999985
2025-08-01 03:03:19 PM,336.85,0,0.0,28934319.999999985
2025-08-01 03:03:20 PM,336.85,82,27621.7,28961941.699999984
2025-08-01 03:03:26 PM,337.0,18,6066.0,28968007.699999984
2025-08-01 03:03:29 PM,336.85,2,673.7,28968681.399999984
2025-08-01 03:03:31 PM,337.0,0,0.0,28968681.399999984
2025-08-01 03:03:31 PM,337.0,2,674.0,28969355.399999984
2025-08-01 03:03:50 PM,336.8,70,23576.0,28992931.399999984
2025-08-01 03:03:50 PM,337.0,0,0.0,28992931.399999984
2025-08-01 03:03:53 PM,337.15,40,13486.0,29006417.399999984
2025-08-01 03:04:15 PM,336.8,157,52877.6,29059294.999999985
2025-08-01 03:04:16 PM,336.95,0,0.0,29059294.999999985
2025-08-01 03:04:18 PM,337.0,10,3370.0,29062664.999999985
2025-08-01 03:04:22 PM,336.65,0,0.0,29062664.999999985
2025-08-01 03:04:24 PM,336.65,10,3366.5,29066031.499999985
2025-08-01 03:04:30 PM,337.0,53,17861.0,29083892.499999985
2025-08-01 03:04:33 PM,337.0,20,6740.0,29090632.499999985
2025-08-01 03:04:35 PM,336.85,0,0.0,29090632.499999985
2025-08-01 03:04:36 PM,337.0,0,0.0,29090632.499999985
2025-08-01 03:04:36 PM,337.0,115,38755.0,29129387.499999985
2025-08-01 03:04:48 PM,337.0,114,38418.0,29167805.499999985
2025-08-01 03:05:03 PM,335.7,353,118502.09999999999,29286307.599999987
2025-08-01 03:05:05 PM,335.8,0,0.0,29286307.599999987
2025-08-01 03:05:07 PM,336.35,78,26235.300000000003,29312542.899999987
2025-08-01 03:05:10 PM,336.55,49,16490.95,29329033.849999987
2025-08-01 03:05:13 PM,336.65,62,20872.3,29349906.149999987
2025-08-01 03:05:16 PM,336.8,47,15829.6,29365735.74999999
2025-08-01 03:05:18 PM,336.45,0,0.0,29365735.74999999
2025-08-01 03:05:20 PM,336.9,154,51882.6,29417618.34999999
2025-08-01 03:05:21 PM,336.95,0,0.0,29417618.34999999
2025-08-01 03:05:23 PM,336.95,60,20217.0,29437835.34999999
2025-08-01 03:05:26 PM,337.0,0,0.0,29437835.34999999
2025-08-01 03:05:26 PM,337.0,66,22242.0,29460077.34999999
2025-08-01 03:05:35 PM,337.0,99,33363.0,29493440.34999999
2025-08-01 03:05:41 PM,337.1,0,0.0,29493440.34999999
2025-08-01 03:05:41 PM,337.1,10,3371.0,29496811.34999999
2025-08-01 03:05:56 PM,337.05,0,0.0,29496811.34999999
2025-08-01 03:05:57 PM,337.05,12,4044.6000000000004,29500855.94999999
2025-08-01 03:06:06 PM,337.05,7,2359.35,29503215.299999993
2025-08-01 03:06:16 PM,337.0,0,0.0,29503215.299999993
2025-08-01 03:06:16 PM,337.0,192,64704.0,29567919.299999993
2025-08-01 03:06:45 PM,336.9,0,0.0,29567919.299999993
2025-08-01 03:06:47 PM,336.9,135,45481.5,29613400.799999993
2025-08-01 03:06:59 PM,336.8,41,13808.800000000001,29627209.599999994
2025-08-01 03:07:01 PM,336.95,0,0.0,29627209.599999994
2025-08-01 03:07:02 PM,336.95,93,31336.35,29658545.949999996
2025-08-01 03:07:08 PM,336.65,0,0.0,29658545.949999996
2025-08-01 03:07:08 PM,336.65,20,6733.0,29665278.949999996
2025-08-01 03:07:15 PM,336.85,2,673.7,29665952.649999995
2025-08-01 03:07:18 PM,337.0,36,12132.0,29678084.649999995
2025-08-01 03:07:27 PM,337.0,22,7414.0,29685498.649999995
2025-08-01 03:07:33 PM,336.65,12,4039.7999999999997,29689538.449999996
2025-08-01 03:07:36 PM,337.05,10,3370.5,29692908.949999996
2025-08-01 03:07:55 PM,337.05,5,1685.25,29694594.199999996
2025-08-01 03:08:07 PM,336.75,0,0.0,29694594.199999996
2025-08-01 03:08:07 PM,336.75,1,336.75,29694930.949999996
2025-08-01 03:08:10 PM,336.65,50,16832.5,29711763.449999996
2025-08-01 03:08:13 PM,336.65,14,4713.099999999999,29716476.549999997
2025-08-01 03:08:14 PM,336.55,0,0.0,29716476.549999997
2025-08-01 03:08:16 PM,336.65,0,0.0,29716476.549999997
2025-08-01 03:08:16 PM,336.65,39,13129.349999999999,29729605.9
2025-08-01 03:08:20 PM,336.75,52,17511.0,29747116.9
2025-08-01 03:08:22 PM,336.75,14,4714.5,29751831.4
2025-08-01 03:08:24 PM,337.0,0,0.0,29751831.4
2025-08-01 03:08:26 PM,337.0,97,32689.0,29784520.4
2025-08-01 03:08:28 PM,337.0,18,6066.0,29790586.4
2025-08-01 03:08:38 PM,337.0,52,17524.0,29808110.4
2025-08-01 03:08:50 PM,336.45,0,0.0,29808110.4
2025-08-01 03:08:51 PM,336.6,557,187486.2,29995596.599999998
2025-08-01 03:08:52 PM,336.65,0,0.0,29995596.599999998
2025-08-01 03:08:53 PM,336.75,67,22562.25,30018158.849999998
2025-08-01 03:08:57 PM,337.0,98,33026.0,30051184.849999998
2025-08-01 03:09:10 PM,336.8,1,336.8,30051521.65
2025-08-01 03:09:38 PM,336.7,0,0.0,30051521.65
2025-08-01 03:09:38 PM,336.7,1,336.7,30051858.349999998
2025-08-01 03:09:42 PM,337.0,148,49876.0,30101734.349999998
2025-08-01 03:09:45 PM,337.0,210,70770.0,30172504.349999998
2025-08-01 03:09:49 PM,337.0,540,181980.0,30354484.349999998
2025-08-01 03:09:52 PM,337.0,203,68411.0,30422895.349999998
2025-08-01 03:09:55 PM,336.75,0,0.0,30422895.349999998
2025-08-01 03:09:56 PM,336.9,116,39080.399999999994,30461975.749999996
2025-08-01 03:09:59 PM,336.8,125,42100.0,30504075.749999996
2025-08-01 03:10:03 PM,336.95,0,0.0,30504075.749999996
2025-08-01 03:10:03 PM,336.45,18,6056.099999999999,30510131.849999998
2025-08-01 03:10:06 PM,337.0,16,5392.0,30515523.849999998
2025-08-01 03:10:11 PM,336.5,0,0.0,30515523.849999998
2025-08-01 03:10:11 PM,336.5,12,4038.0,30519561.849999998
2025-08-01 03:10:18 PM,336.95,40,13478.0,30533039.849999998
2025-08-01 03:10:20 PM,336.95,35,11793.25,30544833.099999998
2025-08-01 03:10:25 PM,336.95,138,46499.1,30591332.2
2025-08-01 03:10:27 PM,336.95,73,24597.35,30615929.55
2025-08-01 03:10:31 PM,337.0,1079,363623.0,30979552.55
2025-08-01 03:10:34 PM,337.0,32,10784.0,30990336.55
2025-08-01 03:10:38 PM,336.95,51,17184.45,31007521.0
2025-08-01 03:10:51 PM,337.0,232,78184.0,31085705.0
2025-08-01 03:11:03 PM,337.0,37,12469.0,31098174.0
2025-08-01 03:11:09 PM,336.45,0,0.0,31098174.0
2025-08-01 03:11:10 PM,336.45,2,672.9,31098846.9
2025-08-01 03:11:18 PM,336.9,0,0.0,31098846.9
2025-08-01 03:11:19 PM,336.9,60,20214.0,31119060.9
2025-08-01 03:11:21 PM,337.0,0,0.0,31119060.9
2025-08-01 03:11:23 PM,337.0,101,34037.0,31153097.9
2025-08-01 03:11:35 PM,336.7,39,13131.3,31166229.2
2025-08-01 03:11:38 PM,336.85,6,2021.1000000000001,31168250.3
2025-08-01 03:11:42 PM,336.85,23,7747.55,31175997.85
2025-08-01 03:11:44 PM,336.85,3,1010.5500000000001,31177008.400000002
2025-08-01 03:11:48 PM,336.9,11,3705.8999999999996,31180714.3
2025-08-01 03:11:50 PM,336.9,6,2021.3999999999999,31182735.7
2025-08-01 03:11:55 PM,336.9,57,19203.3,31201939.0
2025-08-01 03:11:57 PM,337.0,354,119298.0,31321237.0
2025-08-01 03:12:01 PM,337.0,141,47517.0,31368754.0
2025-08-01 03:12:18 PM,336.9,0,0.0,31368754.0
2025-08-01 03:12:21 PM,336.9,4,1347.6,31370101.6
2025-08-01 03:12:33 PM,337.0,0,0.0,31370101.6
2025-08-01 03:12:34 PM,337.0,44,14828.0,31384929.6
2025-08-01 03:12:49 PM,337.1,0,0.0,31384929.6
2025-08-01 03:12:50 PM,337.1,2,674.2,31385603.8
2025-08-01 03:13:28 PM,336.8,68,22902.4,31408506.2
2025-08-01 03:13:31 PM,336.95,0,0.0,31408506.2
2025-08-01 03:13:31 PM,336.95,76,25608.2,31434114.4
2025-08-01 03:13:34 PM,336.95,24,8086.799999999999,31442201.2
2025-08-01 03:13:37 PM,336.7,10,3367.0,31445568.2
2025-08-01 03:13:39 PM,337.0,0,0.0,31445568.2
2025-08-01 03:13:40 PM,337.0,15,5055.0,31450623.2
2025-08-01 03:13:42 PM,337.05,0,0.0,31450623.2
2025-08-01 03:13:43 PM,337.05,12,4044.6000000000004,31454667.8
2025-08-01 03:13:55 PM,336.7,0,0.0,31454667.8
2025-08-01 03:13:55 PM,336.65,4,1346.6,31456014.400000002
2025-08-01 03:14:04 PM,336.65,5,1683.25,31457697.650000002
2025-08-01 03:14:10 PM,337.0,0,0.0,31457697.650000002
2025-08-01 03:14:11 PM,337.0,81,27297.0,31484994.650000002
2025-08-01 03:14:35 PM,337.0,32,10784.0,31495778.650000002
2025-08-01 03:14:38 PM,337.0,14,4718.0,31500496.650000002
2025-08-01 03:14:41 PM,337.0,142,47854.0,31548350.650000002
2025-08-01 03:14:44 PM,337.0,43,14491.0,31562841.650000002
2025-08-01 03:14:50 PM,337.0,19,6403.0,31569244.650000002
2025-08-01 03:14:53 PM,336.7,0,0.0,31569244.650000002
2025-08-01 03:14:53 PM,336.7,26,8754.199999999999,31577998.85
2025-08-01 03:14:56 PM,336.75,16,5388.0,31583386.85
2025-08-01 03:15:07 PM,337.0,150,50550.0,31633936.85
2025-08-01 03:15:34 PM,337.05,0,0.0,31633936.85
2025-08-01 03:15:36 PM,337.05,3,1011.1500000000001,31634948.0
2025-08-01 03:15:39 PM,337.0,0,0.0,31634948.0
2025-08-01 03:15:39 PM,337.0,21,7077.0,31642025.0
2025-08-01 03:15:43 PM,336.85,0,0.0,31642025.0
2025-08-01 03:15:44 PM,336.9,458,154300.19999999998,31796325.2
2025-08-01 03:15:46 PM,336.95,47,15836.65,31812161.849999998
2025-08-01 03:15:48 PM,337.0,0,0.0,31812161.849999998
2025-08-01 03:15:51 PM,337.0,4,1348.0,31813509.849999998
2025-08-01 03:16:12 PM,337.0,289,97393.0,31910902.849999998
2025-08-01 03:16:14 PM,337.0,15,5055.0,31915957.849999998
2025-08-01 03:16:19 PM,337.0,4,1348.0,31917305.849999998
2025-08-01 03:16:24 PM,336.95,0,0.0,31917305.849999998
2025-08-01 03:16:26 PM,336.95,49,16510.55,31933816.4
2025-08-01 03:16:33 PM,337.0,0,0.0,31933816.4
2025-08-01 03:16:33 PM,337.0,291,98067.0,32031883.4
2025-08-01 03:16:40 PM,337.05,55,18537.75,32050421.15
2025-08-01 03:16:44 PM,337.0,0,0.0,32050421.15
2025-08-01 03:16:47 PM,337.0,70,23590.0,32074011.15
2025-08-01 03:16:54 PM,336.65,35,11782.75,32085793.9
2025-08-01 03:16:59 PM,337.0,0,0.0,32085793.9
2025-08-01 03:17:00 PM,337.0,143,48191.0,32133984.9
2025-08-01 03:17:07 PM,337.05,2,674.1,32134659.0
2025-08-01 03:17:13 PM,336.8,0,0.0,32134659.0
2025-08-01 03:17:14 PM,336.8,5,1684.0,32136343.0
2025-08-01 03:17:15 PM,336.8,12,4041.6000000000004,32140384.6
2025-08-01 03:17:27 PM,336.75,295,99341.25,32239725.85
2025-08-01 03:17:31 PM,337.0,0,0.0,32239725.85
2025-08-01 03:17:33 PM,337.05,19,6403.95,32246129.8
2025-08-01 03:17:40 PM,336.8,74,24923.2,32271053.0
2025-08-01 03:17:46 PM,337.05,0,0.0,32271053.0
2025-08-01 03:17:46 PM,337.05,50,16852.5,32287905.5
2025-08-01 03:17:51 PM,336.7,0,0.0,32287905.5
2025-08-01 03:17:52 PM,337.0,72,24264.0,32312169.5
2025-08-01 03:17:54 PM,336.7,12,4040.3999999999996,32316209.9
2025-08-01 03:18:06 PM,336.7,12,4040.3999999999996,32320250.299999997
2025-08-01 03:18:11 PM,337.05,0,0.0,32320250.299999997
2025-08-01 03:18:13 PM,337.05,2,674.1,32320924.4
2025-08-01 03:18:19 PM,336.7,12,4040.3999999999996,32324964.799999997
2025-08-01 03:18:21 PM,337.0,0,0.0,32324964.799999997
2025-08-01 03:18:21 PM,337.0,35,11795.0,32336759.799999997
2025-08-01 03:18:26 PM,337.05,164,55276.200000000004,32392035.999999996
2025-08-01 03:18:27 PM,337.0,38,12806.0,32404841.999999996
2025-08-01 03:18:32 PM,337.05,74,24941.7,32429783.699999996
2025-08-01 03:18:39 PM,337.05,35,11796.75,32441580.449999996
2025-08-01 03:18:51 PM,336.75,10,3367.5,32444947.949999996
2025-08-01 03:18:57 PM,337.0,0,0.0,32444947.949999996
2025-08-01 03:18:58 PM,336.65,332,111767.79999999999,32556715.749999996
2025-08-01 03:19:00 PM,337.0,250,84250.0,32640965.749999996
2025-08-01 03:19:07 PM,337.05,150,50557.5,32691523.249999996
2025-08-01 03:19:11 PM,336.7,0,0.0,32691523.249999996
2025-08-01 03:19:12 PM,336.7,30,10101.0,32701624.249999996
2025-08-01 03:19:15 PM,337.1,0,0.0,32701624.249999996
2025-08-01 03:19:18 PM,336.95,210,70759.5,32772383.749999996
2025-08-01 03:19:20 PM,337.0,1037,349469.0,33121852.749999996
2025-08-01 03:19:25 PM,337.0,24,8088.0,33129940.749999996
2025-08-01 03:19:35 PM,336.7,0,0.0,33129940.749999996
2025-08-01 03:19:38 PM,337.0,462,155694.0,33285634.749999996
2025-08-01 03:19:44 PM,337.1,1,337.1,33285971.849999998
2025-08-01 03:19:59 PM,336.65,24,8079.599999999999,33294051.45
2025-08-01 03:20:06 PM,336.95,0,0.0,33294051.45
2025-08-01 03:20:07 PM,337.0,90,30330.0,33324381.45
2025-08-01 03:20:12 PM,337.0,331,111547.0,33435928.45
2025-08-01 03:20:15 PM,336.7,24,8080.799999999999,33444009.25
2025-08-01 03:20:17 PM,337.0,0,0.0,33444009.25
2025-08-01 03:20:19 PM,337.0,24,8088.0,33452097.25
2025-08-01 03:20:22 PM,337.0,97,32689.0,33484786.25
2025-08-01 03:20:23 PM,336.6,0,0.0,33484786.25
2025-08-01 03:20:26 PM,337.0,279,94023.0,33578809.25
2025-08-01 03:20:27 PM,336.65,0,0.0,33578809.25
2025-08-01 03:20:29 PM,336.65,21,7069.65,33585878.9
2025-08-01 03:20:33 PM,337.0,0,0.0,33585878.9
2025-08-01 03:20:33 PM,337.0,56,18872.0,33604750.9
2025-08-01 03:20:36 PM,337.0,4,1348.0,33606098.9
2025-08-01 03:20:40 PM,336.6,808,271972.80000000005,33878071.699999996
2025-08-01 03:20:43 PM,336.9,60,20214.0,33898285.699999996
2025-08-01 03:20:45 PM,337.0,0,0.0,33898285.699999996
2025-08-01 03:20:47 PM,337.0,254,85598.0,33983883.699999996
2025-08-01 03:20:54 PM,336.9,54,18192.6,34002076.3
2025-08-01 03:20:55 PM,336.7,0,0.0,34002076.3
2025-08-01 03:20:56 PM,336.7,33,11111.1,34013187.4
2025-08-01 03:21:15 PM,337.0,95,32015.0,34045202.4
2025-08-01 03:21:17 PM,337.05,1288,434120.4,34479322.8
2025-08-01 03:21:22 PM,337.05,400,134820.0,34614142.8
2025-08-01 03:21:24 PM,337.05,73,24604.65,34638747.449999996
2025-08-01 03:21:29 PM,337.05,14,4718.7,34643466.15
2025-08-01 03:21:31 PM,337.05,49,16515.45,34659981.6
2025-08-01 03:21:49 PM,337.1,47,15843.7,34675825.300000004
2025-08-01 03:21:55 PM,337.05,0,0.0,34675825.300000004
2025-08-01 03:21:56 PM,337.05,109,36738.450000000004,34712563.75000001
2025-08-01 03:21:57 PM,337.05,2,674.1,34713237.85000001
2025-08-01 03:22:02 PM,337.05,26,8763.300000000001,34722001.150000006
2025-08-01 03:22:08 PM,336.75,7,2357.25,34724358.400000006
2025-08-01 03:22:21 PM,337.1,0,0.0,34724358.400000006
2025-08-01 03:22:22 PM,337.1,12,4045.2000000000003,34728403.60000001
2025-08-01 03:22:36 PM,336.7,793,267003.1,34995406.70000001
2025-08-01 03:22:38 PM,336.95,35,11793.25,35007199.95000001
2025-08-01 03:22:41 PM,337.05,0,0.0,35007199.95000001
2025-08-01 03:22:43 PM,337.05,18,6066.900000000001,35013266.85000001
2025-08-01 03:22:44 PM,337.1,1,337.1,35013603.95000001
2025-08-01 03:22:49 PM,337.05,41,13819.050000000001,35027423.00000001
2025-08-01 03:23:02 PM,337.1,50,16855.0,35044278.00000001
2025-08-01 03:23:04 PM,337.05,118,39771.9,35084049.900000006
2025-08-01 03:23:09 PM,336.55,212,71348.6,35155398.50000001
2025-08-01 03:23:09 PM,337.05,0,0.0,35155398.50000001
2025-08-01 03:23:11 PM,336.55,67,22548.850000000002,35177947.35000001
2025-08-01 03:23:22 PM,336.95,215,72444.25,35250391.60000001
2025-08-01 03:23:24 PM,336.95,31,10445.449999999999,35260837.05000001
2025-08-01 03:23:29 PM,336.95,81,27292.95,35288130.000000015
2025-08-01 03:23:31 PM,337.1,12,4045.2000000000003,35292175.20000002
2025-08-01 03:23:49 PM,337.1,557,187764.7,35479939.90000002
2025-08-01 03:23:55 PM,337.0,81,27297.0,35507236.90000002
2025-08-01 03:23:57 PM,337.05,34,11459.7,35518696.600000024
2025-08-01 03:24:02 PM,336.75,25,8418.75,35527115.350000024
2025-08-01 03:24:06 PM,337.1,0,0.0,35527115.350000024
2025-08-01 03:24:09 PM,337.1,24,8090.400000000001,35535205.75000002
2025-08-01 03:24:16 PM,336.95,35,11793.25,35546999.00000002
2025-08-01 03:24:17 PM,337.0,30,10110.0,35557109.00000002
2025-08-01 03:24:22 PM,336.4,23,7737.2,35564846.200000025
2025-08-01 03:24:27 PM,337.1,0,0.0,35564846.200000025
2025-08-01 03:24:29 PM,337.05,336,113248.8,35678095.00000002
2025-08-01 03:24:38 PM,337.05,10,3370.5,35681465.50000002
2025-08-01 03:24:39 PM,336.55,0,0.0,35681465.50000002
2025-08-01 03:24:42 PM,336.55,13,4375.150000000001,35685840.65000002
2025-08-01 03:24:49 PM,336.95,779,262484.05,35948324.70000002
2025-08-01 03:24:50 PM,337.0,0,0.0,35948324.70000002
2025-08-01 03:24:50 PM,337.05,154,51905.700000000004,36000230.40000002
2025-08-01 03:24:56 PM,337.1,58,19551.800000000003,36019782.20000002
2025-08-01 03:24:57 PM,337.0,0,0.0,36019782.20000002
2025-08-01 03:24:57 PM,337.0,231,77847.0,36097629.20000002
2025-08-01 03:25:00 PM,337.15,0,0.0,36097629.20000002
2025-08-01 03:25:02 PM,337.15,48,16183.199999999999,36113812.40000002
2025-08-01 03:25:06 PM,337.0,0,0.0,36113812.40000002
2025-08-01 03:25:09 PM,337.1,43,14495.300000000001,36128307.70000002
2025-08-01 03:25:15 PM,337.1,15,5056.5,36133364.20000002
2025-08-01 03:25:20 PM,336.55,0,0.0,36133364.20000002
2025-08-01 03:25:22 PM,336.55,51,17164.05,36150528.250000015
2025-08-01 03:25:27 PM,336.5,0,0.0,36150528.250000015
2025-08-01 03:25:29 PM,336.5,171,57541.5,36208069.750000015
2025-08-01 03:25:35 PM,335.45,470,157661.5,36365731.250000015
2025-08-01 03:25:37 PM,336.35,35,11772.25,36377503.500000015
2025-08-01 03:25:40 PM,336.3,0,0.0,36377503.500000015
2025-08-01 03:25:41 PM,336.3,85,28585.5,36406089.000000015
2025-08-01 03:25:46 PM,337.0,0,0.0,36406089.000000015
2025-08-01 03:25:48 PM,337.0,24,8088.0,36414177.000000015
2025-08-01 03:25:54 PM,335.7,13,4364.099999999999,36418541.10000002
2025-08-01 03:26:01 PM,336.45,85,28598.25,36447139.35000002
2025-08-01 03:26:02 PM,336.25,60,20175.0,36467314.35000002
2025-08-01 03:26:06 PM,336.45,0,0.0,36467314.35000002
2025-08-01 03:26:08 PM,335.7,94,31555.8,36498870.15000001
2025-08-01 03:26:09 PM,336.9,12,4042.7999999999997,36502912.95000001
2025-08-01 03:26:15 PM,335.65,50,16782.5,36519695.45000001
2025-08-01 03:26:16 PM,336.45,0,0.0,36519695.45000001
2025-08-01 03:26:16 PM,336.45,117,39364.65,36559060.10000001
2025-08-01 03:26:19 PM,336.55,0,0.0,36559060.10000001
2025-08-01 03:26:21 PM,336.55,50,16827.5,36575887.60000001
2025-08-01 03:26:23 PM,335.55,12,4026.6000000000004,36579914.20000001
2025-08-01 03:26:27 PM,336.45,0,0.0,36579914.20000001
2025-08-01 03:26:28 PM,336.5,175,58887.5,36638801.70000001
2025-08-01 03:26:35 PM,335.1,13,4356.3,36643158.00000001
2025-08-01 03:26:36 PM,336.9,12,4042.7999999999997,36647200.800000004
2025-08-01 03:26:40 PM,335.85,0,0.0,36647200.800000004
2025-08-01 03:26:41 PM,335.5,474,159027.0,36806227.800000004
2025-08-01 03:26:47 PM,335.6,0,0.0,36806227.800000004
2025-08-01 03:26:48 PM,335.6,15,5034.0,36811261.800000004
2025-08-01 03:26:51 PM,335.85,0,0.0,36811261.800000004
2025-08-01 03:26:54 PM,335.85,20,6717.0,36817978.800000004
2025-08-01 03:26:56 PM,335.5,24,8052.0,36826030.800000004
2025-08-01 03:27:07 PM,335.5,2,671.0,36826701.800000004
2025-08-01 03:27:17 PM,334.95,0,0.0,36826701.800000004
2025-08-01 03:27:22 PM,335.0,113,37855.0,36864556.800000004
2025-08-01 03:27:28 PM,335.2,0,0.0,36864556.800000004
2025-08-01 03:27:29 PM,335.2,15,5028.0,36869584.800000004
2025-08-01 03:27:43 PM,335.0,0,0.0,36869584.800000004
2025-08-01 03:27:43 PM,335.0,16,5360.0,36874944.800000004
2025-08-01 03:27:50 PM,335.05,219,73375.95,36948320.75000001
2025-08-01 03:27:57 PM,335.2,18,6033.599999999999,36954354.35000001
2025-08-01 03:27:58 PM,335.65,0,0.0,36954354.35000001
2025-08-01 03:27:59 PM,335.65,1,335.65,36954690.00000001
2025-08-01 03:28:04 PM,335.65,138,46319.7,37001009.70000001
2025-08-01 03:28:12 PM,336.15,10,3361.5,37004371.20000001
2025-08-01 03:28:18 PM,335.3,67,22465.100000000002,37026836.30000001
2025-08-01 03:28:24 PM,336.15,12,4033.7999999999997,37030870.10000001
2025-08-01 03:28:39 PM,335.3,8,2682.4,37033552.50000001
2025-08-01 03:29:06 PM,335.25,1,335.25,37033887.75000001
2025-08-01 03:29:08 PM,335.2,50,16760.0,37050647.75000001
2025-08-01 03:29:13 PM,336.95,0,0.0,37050647.75000001
2025-08-01 03:29:15 PM,337.0,368,124016.0,37174663.75000001
2025-08-01 03:29:22 PM,337.2,22,7418.4,37182082.150000006
2025-08-01 03:29:30 PM,335.35,1,335.35,37182417.50000001
2025-08-01 03:29:47 PM,335.35,1,335.35,37182752.85000001
2025-08-01 03:29:58 PM,335.0,0,0.0,37182752.85000001
2025-08-01 03:29:59 PM,335.05,306,102525.3,37285278.150000006
