date,price,qty,trnvr,cum_trnvr
2025-08-01 09:15:02 AM,184.65,33174,6125579.100000001,6125579.100000001
2025-08-01 09:15:03 AM,184.71,0,0.0,6125579.100000001
2025-08-01 09:15:04 AM,184.72,1121,207071.12,6332650.220000001
2025-08-01 09:15:12 AM,184.27,0,0.0,6332650.220000001
2025-08-01 09:15:14 AM,184.47,7910,1459157.7,7791807.920000001
2025-08-01 09:15:16 AM,184.49,3220,594057.8,8385865.720000001
2025-08-01 09:15:21 AM,184.44,0,0.0,8385865.720000001
2025-08-01 09:15:23 AM,184.5,0,0.0,8385865.720000001
2025-08-01 09:15:24 AM,184.5,18994,3504393.0,11890258.72
2025-08-01 09:15:26 AM,184.69,10,1846.9,11892105.620000001
2025-08-01 09:15:28 AM,184.49,0,0.0,11892105.620000001
2025-08-01 09:15:32 AM,184.68,0,0.0,11892105.620000001
2025-08-01 09:15:33 AM,184.68,21436,3958800.48,15850906.100000001
2025-08-01 09:15:36 AM,184.5,0,0.0,15850906.100000001
2025-08-01 09:15:40 AM,184.04,0,0.0,15850906.100000001
2025-08-01 09:15:41 AM,184.24,3250,598780.0,16449686.100000001
2025-08-01 09:15:43 AM,184.02,41,7544.820000000001,16457230.920000002
2025-08-01 09:15:48 AM,184.0,0,0.0,16457230.920000002
2025-08-01 09:15:50 AM,184.0,2114,388976.0,16846206.92
2025-08-01 09:15:51 AM,183.62,2345,430588.9,17276795.82
2025-08-01 09:15:54 AM,183.95,0,0.0,17276795.82
2025-08-01 09:15:56 AM,183.47,0,0.0,17276795.82
2025-08-01 09:15:58 AM,183.51,12244,2246896.44,19523692.26
2025-08-01 09:16:00 AM,183.15,4789,877105.35,20400797.610000003
2025-08-01 09:16:02 AM,182.8,0,0.0,20400797.610000003
2025-08-01 09:16:05 AM,183.0,0,0.0,20400797.610000003
2025-08-01 09:16:06 AM,183.0,12574,2301042.0,22701839.610000003
2025-08-01 09:16:08 AM,183.24,1000,183240.0,22885079.610000003
2025-08-01 09:16:10 AM,182.5,0,0.0,22885079.610000003
2025-08-01 09:16:14 AM,182.67,5815,1062226.0499999998,23947305.660000004
2025-08-01 09:16:15 AM,182.69,103,18817.07,23966122.730000004
2025-08-01 09:16:16 AM,182.5,0,0.0,23966122.730000004
2025-08-01 09:16:19 AM,182.69,0,0.0,23966122.730000004
2025-08-01 09:16:22 AM,182.69,2919,533272.11,24499394.840000004
2025-08-01 09:16:24 AM,182.97,2,365.94,24499760.780000005
2025-08-01 09:16:27 AM,182.95,0,0.0,24499760.780000005
2025-08-01 09:16:29 AM,182.96,0,0.0,24499760.780000005
2025-08-01 09:16:31 AM,182.91,2594,474468.54,24974229.320000004
2025-08-01 09:16:32 AM,182.67,528,96449.76,25070679.080000006
2025-08-01 09:16:37 AM,182.69,0,0.0,25070679.080000006
2025-08-01 09:16:39 AM,182.88,4314,788944.32,25859623.400000006
2025-08-01 09:16:39 AM,182.69,0,0.0,25859623.400000006
2025-08-01 09:16:40 AM,182.69,666,121671.54,25981294.940000005
2025-08-01 09:16:47 AM,182.86,3040,555894.4,26537189.340000004
2025-08-01 09:16:48 AM,182.65,1229,224476.85,26761666.190000005
2025-08-01 09:16:49 AM,182.8,0,0.0,26761666.190000005
2025-08-01 09:16:55 AM,182.66,2118,386873.88,27148540.070000004
2025-08-01 09:16:57 AM,182.76,125,22845.0,27171385.070000004
2025-08-01 09:17:03 AM,182.66,268,48952.88,27220337.950000003
2025-08-01 09:17:05 AM,182.75,1195,218386.25,27438724.200000003
2025-08-01 09:17:05 AM,182.8,0,0.0,27438724.200000003
2025-08-01 09:17:07 AM,182.81,0,0.0,27438724.200000003
2025-08-01 09:17:12 AM,182.9,3714,679290.6,28118014.800000004
2025-08-01 09:17:13 AM,182.76,69,12610.439999999999,28130625.240000006
2025-08-01 09:17:15 AM,182.88,0,0.0,28130625.240000006
2025-08-01 09:17:20 AM,182.9,800,146320.0,28276945.240000006
2025-08-01 09:17:25 AM,182.96,0,0.0,28276945.240000006
2025-08-01 09:17:28 AM,182.85,2517,460233.45,28737178.690000005
2025-08-01 09:17:31 AM,182.88,0,0.0,28737178.690000005
2025-08-01 09:17:33 AM,182.85,0,0.0,28737178.690000005
2025-08-01 09:17:37 AM,182.83,180,32909.4,28770088.090000004
2025-08-01 09:17:37 AM,182.8,27,4935.6,28775023.690000005
2025-08-01 09:17:39 AM,182.84,0,0.0,28775023.690000005
2025-08-01 09:17:41 AM,182.9,0,0.0,28775023.690000005
2025-08-01 09:17:45 AM,182.7,2733,499319.1,29274342.790000007
2025-08-01 09:17:46 AM,182.7,225,41107.5,29315450.290000007
2025-08-01 09:17:53 AM,182.7,314,57367.799999999996,29372818.090000007
2025-08-01 09:17:54 AM,182.8,55,10054.0,29382872.090000007
2025-08-01 09:17:57 AM,182.75,0,0.0,29382872.090000007
2025-08-01 09:17:59 AM,182.71,0,0.0,29382872.090000007
2025-08-01 09:18:01 AM,182.71,5584,1020252.64,30403124.730000008
2025-08-01 09:18:05 AM,182.75,0,0.0,30403124.730000008
2025-08-01 09:18:07 AM,182.98,0,0.0,30403124.730000008
2025-08-01 09:18:10 AM,183.0,3570,653310.0,31056434.730000008
2025-08-01 09:18:15 AM,182.97,0,0.0,31056434.730000008
2025-08-01 09:18:18 AM,182.84,928,169675.52,31226110.250000007
2025-08-01 09:18:19 AM,182.98,25,4574.5,31230684.750000007
2025-08-01 09:18:26 AM,182.98,301,55076.979999999996,31285761.730000008
2025-08-01 09:18:28 AM,183.0,531,97173.0,31382934.730000008
2025-08-01 09:18:29 AM,183.08,0,0.0,31382934.730000008
2025-08-01 09:18:31 AM,183.0,0,0.0,31382934.730000008
2025-08-01 09:18:34 AM,183.0,1344,245952.0,31628886.730000008
2025-08-01 09:18:37 AM,183.14,0,0.0,31628886.730000008
2025-08-01 09:18:39 AM,183.02,0,0.0,31628886.730000008
2025-08-01 09:18:43 AM,183.2,2064,378124.8,32007011.53000001
2025-08-01 09:18:44 AM,183.43,94,17242.420000000002,32024253.95000001
2025-08-01 09:18:47 AM,183.31,0,0.0,32024253.95000001
2025-08-01 09:18:51 AM,183.31,145,26579.95,32050833.90000001
2025-08-01 09:18:52 AM,183.3,1534,281182.2,32332016.10000001
2025-08-01 09:18:59 AM,183.21,1985,363671.85000000003,32695687.95000001
2025-08-01 09:19:03 AM,183.2,0,0.0,32695687.95000001
2025-08-01 09:19:07 AM,183.21,215,39390.15,32735078.10000001
2025-08-01 09:19:09 AM,183.23,0,0.0,32735078.10000001
2025-08-01 09:19:11 AM,183.29,0,0.0,32735078.10000001
2025-08-01 09:19:15 AM,183.45,1955,358644.75,33093722.85000001
2025-08-01 09:19:17 AM,183.35,0,0.0,33093722.85000001
2025-08-01 09:19:23 AM,183.65,2431,446453.15,33540176.000000007
2025-08-01 09:19:26 AM,183.8,0,0.0,33540176.000000007
2025-08-01 09:19:31 AM,183.76,1279,235029.03999999998,33775205.04000001
2025-08-01 09:19:33 AM,183.8,50,9190.0,33784395.04000001
2025-08-01 09:19:39 AM,183.71,276,50703.96,33835099.00000001
2025-08-01 09:19:41 AM,183.76,50,9188.0,33844287.00000001
2025-08-01 09:19:42 AM,183.89,0,0.0,33844287.00000001
2025-08-01 09:19:47 AM,183.71,1358,249478.18000000002,34093765.18000001
2025-08-01 09:19:49 AM,183.88,10,1838.8,34095603.980000004
2025-08-01 09:19:55 AM,184.0,1095,201480.0,34297083.980000004
2025-08-01 09:20:03 AM,183.79,1788,328616.51999999996,34625700.50000001
2025-08-01 09:20:03 AM,183.95,0,0.0,34625700.50000001
2025-08-01 09:20:05 AM,183.94,60,11036.4,34636736.900000006
2025-08-01 09:20:10 AM,183.79,0,0.0,34636736.900000006
2025-08-01 09:20:11 AM,183.79,600,110274.0,34747010.900000006
2025-08-01 09:20:13 AM,183.71,145,26637.95,34773648.85000001
2025-08-01 09:20:17 AM,183.79,0,0.0,34773648.85000001
2025-08-01 09:20:19 AM,183.72,624,114641.28,34888290.13000001
2025-08-01 09:20:21 AM,183.97,3000,551910.0,35440200.13000001
2025-08-01 09:20:27 AM,183.97,1872,344391.84,35784591.97000001
2025-08-01 09:20:31 AM,183.96,0,0.0,35784591.97000001
2025-08-01 09:20:35 AM,183.8,549,100906.20000000001,35885498.17000002
2025-08-01 09:20:41 AM,183.84,0,0.0,35885498.17000002
2025-08-01 09:20:43 AM,183.84,6,1103.04,35886601.210000016
2025-08-01 09:20:44 AM,183.95,103,18946.85,35905548.06000002
2025-08-01 09:20:51 AM,183.79,970,178276.3,36083824.360000014
2025-08-01 09:20:52 AM,184.0,0,0.0,36083824.360000014
2025-08-01 09:20:56 AM,183.99,0,0.0,36083824.360000014
2025-08-01 09:20:58 AM,183.99,1510,277824.9,36361649.26000001
2025-08-01 09:20:59 AM,183.9,15,2758.5,36364407.76000001
2025-08-01 09:21:06 AM,183.9,5,919.5,36365327.26000001
2025-08-01 09:21:07 AM,183.99,500,91995.0,36457322.26000001
2025-08-01 09:21:10 AM,183.9,0,0.0,36457322.26000001
2025-08-01 09:21:14 AM,183.9,130,23907.0,36481229.26000001
2025-08-01 09:21:15 AM,183.84,25,4596.0,36485825.26000001
2025-08-01 09:21:16 AM,183.9,0,0.0,36485825.26000001
2025-08-01 09:21:22 AM,183.9,80,14712.0,36500537.26000001
2025-08-01 09:21:30 AM,183.91,105,19310.55,36519847.81000001
2025-08-01 09:21:30 AM,183.96,983,180832.68000000002,36700680.49000001
2025-08-01 09:21:37 AM,183.8,1088,199974.40000000002,36900654.89000001
2025-08-01 09:21:38 AM,183.84,53,9743.52,36910398.41000001
2025-08-01 09:21:45 AM,183.84,201,36951.840000000004,36947350.250000015
2025-08-01 09:21:45 AM,183.7,0,0.0,36947350.250000015
2025-08-01 09:21:46 AM,183.7,507,93135.9,37040486.15000001
2025-08-01 09:21:49 AM,183.69,0,0.0,37040486.15000001
2025-08-01 09:21:53 AM,183.69,105,19287.45,37059773.60000002
2025-08-01 09:21:54 AM,183.69,17,3122.73,37062896.33000001
2025-08-01 09:21:56 AM,183.6,0,0.0,37062896.33000001
2025-08-01 09:22:00 AM,183.6,352,64627.2,37127523.530000016
2025-08-01 09:22:03 AM,183.72,0,0.0,37127523.530000016
2025-08-01 09:22:08 AM,183.7,4563,838223.1,37965746.63000002
2025-08-01 09:22:09 AM,183.84,2,367.68,37966114.31000002
2025-08-01 09:22:10 AM,183.85,0,0.0,37966114.31000002
2025-08-01 09:22:12 AM,183.75,0,0.0,37966114.31000002
2025-08-01 09:22:15 AM,183.84,521,95780.64,38061894.95000002
2025-08-01 09:22:17 AM,183.87,1300,239031.0,38300925.95000002
2025-08-01 09:22:20 AM,183.67,0,0.0,38300925.95000002
2025-08-01 09:22:23 AM,183.68,558,102493.44,38403419.390000015
2025-08-01 09:22:27 AM,183.62,0,0.0,38403419.390000015
2025-08-01 09:22:31 AM,183.62,1348,247519.76,38650939.15000001
2025-08-01 09:22:31 AM,183.31,0,0.0,38650939.15000001
2025-08-01 09:22:32 AM,183.41,12476,2288223.16,40939162.31000002
2025-08-01 09:22:34 AM,183.47,0,0.0,40939162.31000002
2025-08-01 09:22:38 AM,183.49,2279,418173.71,41357336.02000002
2025-08-01 09:22:39 AM,183.51,0,0.0,41357336.02000002
2025-08-01 09:22:40 AM,183.51,100,18351.0,41375687.02000002
2025-08-01 09:22:45 AM,183.52,0,0.0,41375687.02000002
2025-08-01 09:22:46 AM,183.52,5,917.6,41376604.62000002
2025-08-01 09:22:46 AM,183.35,0,0.0,41376604.62000002
2025-08-01 09:22:47 AM,183.35,223,40887.049999999996,41417491.67000002
2025-08-01 09:22:51 AM,183.49,0,0.0,41417491.67000002
2025-08-01 09:22:53 AM,183.49,540,99084.6,41516576.27000002
2025-08-01 09:22:58 AM,183.69,0,0.0,41516576.27000002
2025-08-01 09:23:01 AM,183.69,1124,206467.56,41723043.83000002
2025-08-01 09:23:03 AM,183.74,10,1837.4,41724881.23000002
2025-08-01 09:23:05 AM,183.6,0,0.0,41724881.23000002
2025-08-01 09:23:09 AM,183.6,459,84272.4,41809153.63000002
2025-08-01 09:23:16 AM,183.65,1008,185119.2,41994272.83000002
2025-08-01 09:23:18 AM,183.78,25,4594.5,41998867.33000002
2025-08-01 09:23:24 AM,183.8,1541,283235.80000000005,42282103.13000002
2025-08-01 09:23:25 AM,183.75,0,0.0,42282103.13000002
2025-08-01 09:23:26 AM,183.75,15,2756.25,42284859.38000002
2025-08-01 09:23:32 AM,183.63,509,93467.67,42378327.05000002
2025-08-01 09:23:38 AM,183.6,0,0.0,42378327.05000002
2025-08-01 09:23:39 AM,183.58,2786,511453.88000000006,42889780.93000002
2025-08-01 09:23:39 AM,183.6,0,0.0,42889780.93000002
2025-08-01 09:23:41 AM,183.6,30,5508.0,42895288.93000002
2025-08-01 09:23:45 AM,183.63,0,0.0,42895288.93000002
2025-08-01 09:23:47 AM,183.63,3003,551440.89,43446729.82000002
2025-08-01 09:23:51 AM,183.49,0,0.0,43446729.82000002
2025-08-01 09:23:54 AM,183.49,161,29541.890000000003,43476271.71000002
2025-08-01 09:24:02 AM,183.49,15,2752.3500000000004,43479024.060000025
2025-08-01 09:24:04 AM,183.31,0,0.0,43479024.060000025
2025-08-01 09:24:10 AM,183.31,1021,187159.51,43666183.57000002
2025-08-01 09:24:17 AM,183.41,62,11371.42,43677554.990000024
2025-08-01 09:24:19 AM,183.31,120,21997.2,43699552.19000003
2025-08-01 09:24:25 AM,183.31,1252,229504.12,43929056.310000025
2025-08-01 09:24:30 AM,183.4,0,0.0,43929056.310000025
2025-08-01 09:24:33 AM,183.41,600,110046.0,44039102.310000025
2025-08-01 09:24:36 AM,183.31,0,0.0,44039102.310000025
2025-08-01 09:24:40 AM,183.31,120,21997.2,44061099.51000003
2025-08-01 09:24:42 AM,183.48,521,95593.08,44156692.590000026
2025-08-01 09:24:48 AM,183.49,508,93212.92,44249905.51000003
2025-08-01 09:24:49 AM,183.49,59,10825.91,44260731.420000024
2025-08-01 09:24:54 AM,183.5,0,0.0,44260731.420000024
2025-08-01 09:24:55 AM,183.5,545,100007.5,44360738.920000024
2025-08-01 09:24:56 AM,183.49,0,0.0,44360738.920000024
2025-08-01 09:24:57 AM,183.49,1650,302758.5,44663497.420000024
2025-08-01 09:25:02 AM,183.5,1100,201850.0,44865347.420000024
2025-08-01 09:25:09 AM,183.4,0,0.0,44865347.420000024
2025-08-01 09:25:10 AM,183.4,1601,293623.4,45158970.82000002
2025-08-01 09:25:12 AM,183.5,1758,322593.0,45481563.82000002
2025-08-01 09:25:16 AM,183.51,0,0.0,45481563.82000002
2025-08-01 09:25:17 AM,183.51,28,5138.28,45486702.100000024
2025-08-01 09:25:20 AM,183.64,10,1836.3999999999999,45488538.50000002
2025-08-01 09:25:21 AM,183.41,0,0.0,45488538.50000002
2025-08-01 09:25:22 AM,183.65,0,0.0,45488538.50000002
2025-08-01 09:25:25 AM,183.64,813,149299.31999999998,45637837.82000002
2025-08-01 09:25:32 AM,183.62,26,4774.12,45642611.94000002
2025-08-01 09:25:34 AM,183.6,0,0.0,45642611.94000002
2025-08-01 09:25:35 AM,183.6,191,35067.6,45677679.54000002
2025-08-01 09:25:39 AM,183.5,0,0.0,45677679.54000002
2025-08-01 09:25:40 AM,183.34,863,158222.42,45835901.96000002
2025-08-01 09:25:42 AM,183.34,119,21817.46,45857719.420000024
2025-08-01 09:25:45 AM,183.33,0,0.0,45857719.420000024
2025-08-01 09:25:47 AM,183.33,500,91665.0,45949384.420000024
2025-08-01 09:25:50 AM,183.44,0,0.0,45949384.420000024
2025-08-01 09:25:55 AM,183.44,210,38522.4,45987906.82000002
2025-08-01 09:25:57 AM,183.44,6,1100.6399999999999,45989007.46000002
2025-08-01 09:26:03 AM,183.44,45,8254.8,45997262.26000002
2025-08-01 09:26:05 AM,183.44,116,21279.04,46018541.30000002
2025-08-01 09:26:09 AM,183.6,0,0.0,46018541.30000002
2025-08-01 09:26:10 AM,183.6,2500,459000.0,46477541.30000002
2025-08-01 09:26:12 AM,183.46,5,917.3000000000001,46478458.60000002
2025-08-01 09:26:20 AM,183.46,126,23115.960000000003,46501574.56000002
2025-08-01 09:26:22 AM,183.6,0,0.0,46501574.56000002
2025-08-01 09:26:26 AM,183.53,121,22207.13,46523781.69000002
2025-08-01 09:26:28 AM,183.6,0,0.0,46523781.69000002
2025-08-01 09:26:33 AM,183.62,1383,253946.46,46777728.15000002
2025-08-01 09:26:37 AM,183.7,0,0.0,46777728.15000002
2025-08-01 09:26:41 AM,183.7,179,32882.299999999996,46810610.45000002
2025-08-01 09:26:43 AM,183.84,0,0.0,46810610.45000002
2025-08-01 09:26:49 AM,183.99,1528,281136.72000000003,47091747.17000002
2025-08-01 09:26:49 AM,183.84,0,0.0,47091747.17000002
2025-08-01 09:26:50 AM,183.84,501,92103.84,47183851.01000002
2025-08-01 09:26:55 AM,184.0,0,0.0,47183851.01000002
2025-08-01 09:26:56 AM,184.0,1154,212336.0,47396187.01000002
2025-08-01 09:26:58 AM,184.0,384,70656.0,47466843.01000002
2025-08-01 09:27:04 AM,183.99,12,2207.88,47469050.89000002
2025-08-01 09:27:11 AM,183.99,200,36798.0,47505848.89000002
2025-08-01 09:27:13 AM,183.96,0,0.0,47505848.89000002
2025-08-01 09:27:17 AM,183.99,0,0.0,47505848.89000002
2025-08-01 09:27:18 AM,183.99,449,82611.51000000001,47588460.40000002
2025-08-01 09:27:22 AM,183.85,0,0.0,47588460.40000002
2025-08-01 09:27:26 AM,183.8,2130,391494.0,47979954.40000002
2025-08-01 09:27:47 AM,183.95,0,0.0,47979954.40000002
2025-08-01 09:27:48 AM,183.95,70,12876.5,47992830.90000002
2025-08-01 09:28:03 AM,183.77,0,0.0,47992830.90000002
2025-08-01 09:28:04 AM,183.81,1165,214138.65,48206969.55000002
2025-08-01 09:28:09 AM,183.79,0,0.0,48206969.55000002
2025-08-01 09:28:10 AM,183.5,0,0.0,48206969.55000002
2025-08-01 09:28:12 AM,183.5,7201,1321383.5,49528353.05000002
2025-08-01 09:28:19 AM,183.59,9397,1725195.23,51253548.280000016
2025-08-01 09:28:22 AM,183.66,0,0.0,51253548.280000016
2025-08-01 09:28:27 AM,183.66,3,550.98,51254099.26000001
2025-08-01 09:28:28 AM,183.74,1500,275610.0,51529709.26000001
2025-08-01 09:28:36 AM,183.72,50,9186.0,51538895.26000001
2025-08-01 09:28:38 AM,183.66,0,0.0,51538895.26000001
2025-08-01 09:28:42 AM,183.51,2576,472721.75999999995,52011617.02000001
2025-08-01 09:28:48 AM,183.52,0,0.0,52011617.02000001
2025-08-01 09:28:50 AM,183.52,5,917.6,52012534.62000001
2025-08-01 09:28:53 AM,183.66,0,0.0,52012534.62000001
2025-08-01 09:28:54 AM,183.52,0,0.0,52012534.62000001
2025-08-01 09:28:57 AM,183.52,251,46063.520000000004,52058598.140000015
2025-08-01 09:29:00 AM,183.66,0,0.0,52058598.140000015
2025-08-01 09:29:05 AM,183.66,3,550.98,52059149.12000001
2025-08-01 09:29:06 AM,183.66,7,1285.62,52060434.74000001
2025-08-01 09:29:11 AM,183.5,0,0.0,52060434.74000001
2025-08-01 09:29:13 AM,183.5,6000,1101000.0,53161434.74000001
2025-08-01 09:29:17 AM,183.64,0,0.0,53161434.74000001
2025-08-01 09:29:20 AM,183.64,82,15058.48,53176493.220000006
2025-08-01 09:29:27 AM,183.6,0,0.0,53176493.220000006
2025-08-01 09:29:28 AM,183.66,104,19100.64,53195593.86000001
2025-08-01 09:29:29 AM,183.6,548,100612.8,53296206.660000004
2025-08-01 09:29:35 AM,183.6,190,34884.0,53331090.660000004
2025-08-01 09:29:43 AM,183.65,643,118086.95,53449177.61000001
2025-08-01 09:29:50 AM,183.61,840,154232.40000000002,53603410.010000005
2025-08-01 09:29:52 AM,183.52,0,0.0,53603410.010000005
2025-08-01 09:29:58 AM,183.52,25,4588.0,53607998.010000005
2025-08-01 09:30:05 AM,183.59,9,1652.31,53609650.32000001
2025-08-01 09:30:11 AM,183.5,0,0.0,53609650.32000001
2025-08-01 09:30:12 AM,183.54,0,0.0,53609650.32000001
2025-08-01 09:30:13 AM,183.5,4890,897315.0,54506965.32000001
2025-08-01 09:30:18 AM,183.51,0,0.0,54506965.32000001
2025-08-01 09:30:21 AM,183.55,904,165929.2,54672894.52000001
2025-08-01 09:30:28 AM,183.55,2,367.1,54673261.62000001
2025-08-01 09:30:29 AM,183.51,499,91571.48999999999,54764833.110000014
2025-08-01 09:30:32 AM,183.53,0,0.0,54764833.110000014
2025-08-01 09:30:35 AM,183.53,208,38174.24,54803007.35000002
2025-08-01 09:30:43 AM,183.53,6,1101.18,54804108.530000016
2025-08-01 09:30:43 AM,183.53,10,1835.3,54805943.83000001
2025-08-01 09:30:48 AM,183.55,0,0.0,54805943.83000001
2025-08-01 09:30:50 AM,183.6,1494,274298.39999999997,55080242.23000001
2025-08-01 09:30:51 AM,183.54,100,18354.0,55098596.23000001
2025-08-01 09:30:57 AM,183.6,100,18360.0,55116956.23000001
2025-08-01 09:31:03 AM,183.59,0,0.0,55116956.23000001
2025-08-01 09:31:04 AM,183.5,2345,430307.5,55547263.73000001
2025-08-01 09:31:05 AM,183.4,9245,1695533.0,57242796.73000001
2025-08-01 09:31:09 AM,183.32,0,0.0,57242796.73000001
2025-08-01 09:31:12 AM,183.32,8676,1590484.3199999998,58833281.05000001
2025-08-01 09:31:13 AM,183.32,1000,183320.0,59016601.05000001
2025-08-01 09:31:19 AM,183.32,11577,2122295.64,61138896.69000001
2025-08-01 09:31:21 AM,183.24,0,0.0,61138896.69000001
2025-08-01 09:31:25 AM,183.3,0,0.0,61138896.69000001
2025-08-01 09:31:27 AM,183.24,1402,256902.48,61395799.17000001
2025-08-01 09:31:27 AM,183.3,10,1833.0,61397632.17000001
2025-08-01 09:31:34 AM,183.3,11500,2107950.0,63505582.17000001
2025-08-01 09:31:37 AM,183.33,0,0.0,63505582.17000001
2025-08-01 09:31:39 AM,183.46,0,0.0,63505582.17000001
2025-08-01 09:31:41 AM,183.46,10150,1862119.0,65367701.17000001
2025-08-01 09:31:45 AM,183.49,0,0.0,65367701.17000001
2025-08-01 09:31:48 AM,183.49,1,183.49,65367884.66000001
2025-08-01 09:31:48 AM,183.49,100,18349.0,65386233.66000001
2025-08-01 09:31:55 AM,183.35,0,0.0,65386233.66000001
2025-08-01 09:31:55 AM,183.35,1,183.35,65386417.01000001
2025-08-01 09:32:00 AM,183.5,0,0.0,65386417.01000001
2025-08-01 09:32:02 AM,183.4,2300,421820.0,65808237.01000001
2025-08-01 09:32:16 AM,183.5,1850,339475.0,66147712.01000001
2025-08-01 09:32:23 AM,183.41,0,0.0,66147712.01000001
2025-08-01 09:32:23 AM,183.41,94,17240.54,66164952.55000001
2025-08-01 09:32:23 AM,183.5,0,0.0,66164952.55000001
2025-08-01 09:32:29 AM,183.47,0,0.0,66164952.55000001
2025-08-01 09:32:30 AM,183.47,2625,481608.75,66646561.30000001
2025-08-01 09:32:37 AM,183.59,600,110154.0,66756715.30000001
2025-08-01 09:32:41 AM,183.5,0,0.0,66756715.30000001
2025-08-01 09:32:44 AM,183.47,3329,610771.63,67367486.93
2025-08-01 09:32:51 AM,183.5,50,9175.0,67376661.93
2025-08-01 09:32:53 AM,183.41,0,0.0,67376661.93
2025-08-01 09:32:58 AM,183.5,296,54316.0,67430977.93
2025-08-01 09:33:05 AM,183.4,0,0.0,67430977.93
2025-08-01 09:33:05 AM,183.4,315,57771.0,67488748.93
2025-08-01 09:33:11 AM,183.3,0,0.0,67488748.93
2025-08-01 09:33:11 AM,183.35,0,0.0,67488748.93
2025-08-01 09:33:12 AM,183.35,325,59588.75,67548337.68
2025-08-01 09:33:16 AM,183.42,0,0.0,67548337.68
2025-08-01 09:33:18 AM,183.42,5027,922052.34,68470390.02000001
2025-08-01 09:33:21 AM,183.5,0,0.0,68470390.02000001
2025-08-01 09:33:25 AM,183.57,676,124093.31999999999,68594483.34
2025-08-01 09:33:26 AM,183.56,0,0.0,68594483.34
2025-08-01 09:33:31 AM,183.6,0,0.0,68594483.34
2025-08-01 09:33:32 AM,183.6,1346,247125.6,68841608.94
2025-08-01 09:33:39 AM,183.6,55,10098.0,68851706.94
2025-08-01 09:33:41 AM,183.42,0,0.0,68851706.94
2025-08-01 09:33:46 AM,183.35,14699,2695061.65,71546768.59
2025-08-01 09:33:49 AM,183.6,0,0.0,71546768.59
2025-08-01 09:33:53 AM,183.53,5090,934167.7,72480936.29
2025-08-01 09:33:55 AM,183.54,0,0.0,72480936.29
2025-08-01 09:33:56 AM,183.6,0,0.0,72480936.29
2025-08-01 09:34:00 AM,183.5,56110,10296185.0,82777121.29
2025-08-01 09:34:01 AM,183.41,0,0.0,82777121.29
2025-08-01 09:34:06 AM,183.5,0,0.0,82777121.29
2025-08-01 09:34:07 AM,183.56,1519,278827.64,83055948.93
2025-08-01 09:34:14 AM,183.56,5,917.8,83056866.73
2025-08-01 09:34:26 AM,183.59,0,0.0,83056866.73
2025-08-01 09:34:28 AM,183.59,270,49569.3,83106436.03
2025-08-01 09:34:31 AM,183.56,0,0.0,83106436.03
2025-08-01 09:34:34 AM,183.59,0,0.0,83106436.03
2025-08-01 09:34:35 AM,183.59,947,173859.73,83280295.76
2025-08-01 09:34:39 AM,183.61,0,0.0,83280295.76
2025-08-01 09:34:42 AM,183.61,500,91805.0,83372100.76
2025-08-01 09:34:46 AM,183.6,0,0.0,83372100.76
2025-08-01 09:34:49 AM,183.6,781,143391.6,83515492.36
2025-08-01 09:34:56 AM,183.63,10,1836.3,83517328.66
2025-08-01 09:35:03 AM,183.63,101,18546.63,83535875.28999999
2025-08-01 09:35:10 AM,183.6,1605,294678.0,83830553.28999999
2025-08-01 09:35:11 AM,183.63,0,0.0,83830553.28999999
2025-08-01 09:35:16 AM,183.65,0,0.0,83830553.28999999
2025-08-01 09:35:17 AM,183.65,2000,367300.0,84197853.28999999
2025-08-01 09:35:21 AM,183.61,0,0.0,84197853.28999999
2025-08-01 09:35:24 AM,183.52,1029,188842.08000000002,84386695.36999999
2025-08-01 09:35:26 AM,183.48,0,0.0,84386695.36999999
2025-08-01 09:35:31 AM,183.46,0,0.0,84386695.36999999
2025-08-01 09:35:31 AM,183.46,24,4403.04,84391098.41
2025-08-01 09:35:36 AM,183.3,0,0.0,84391098.41
2025-08-01 09:35:36 AM,183.31,0,0.0,84391098.41
2025-08-01 09:35:38 AM,183.31,857,157096.67,84548195.08
2025-08-01 09:35:45 AM,183.18,9383,1718777.9400000002,86266973.02
2025-08-01 09:35:45 AM,183.18,1,183.18,86267156.2
2025-08-01 09:35:51 AM,183.17,0,0.0,86267156.2
2025-08-01 09:35:51 AM,183.17,20,3663.3999999999996,86270819.60000001
2025-08-01 09:35:58 AM,183.17,1042,190863.13999999998,86461682.74000001
2025-08-01 09:35:58 AM,183.18,100,18318.0,86480000.74000001
2025-08-01 09:36:04 AM,183.28,0,0.0,86480000.74000001
2025-08-01 09:36:04 AM,183.28,2060,377556.8,86857557.54
2025-08-01 09:36:16 AM,183.17,0,0.0,86857557.54
2025-08-01 09:36:18 AM,183.2,127,23266.399999999998,86880823.94000001
2025-08-01 09:36:20 AM,183.29,0,0.0,86880823.94000001
2025-08-01 09:36:24 AM,183.29,5,916.4499999999999,86881740.39000002
2025-08-01 09:36:31 AM,183.29,301,55170.29,86936910.68000002
2025-08-01 09:36:40 AM,183.31,0,0.0,86936910.68000002
2025-08-01 09:36:44 AM,183.34,0,0.0,86936910.68000002
2025-08-01 09:36:44 AM,183.34,363,66552.42,87003463.10000002
2025-08-01 09:36:50 AM,183.34,5,916.7,87004379.80000003
2025-08-01 09:37:00 AM,183.31,0,0.0,87004379.80000003
2025-08-01 09:37:04 AM,183.34,0,0.0,87004379.80000003
2025-08-01 09:37:04 AM,183.34,8,1466.72,87005846.52000003
2025-08-01 09:37:10 AM,183.3,0,0.0,87005846.52000003
2025-08-01 09:37:11 AM,183.3,1078,197597.40000000002,87203443.92000003
2025-08-01 09:37:18 AM,183.19,9290,1701835.1,88905279.02000003
2025-08-01 09:37:25 AM,183.19,5,915.95,88906194.97000003
2025-08-01 09:37:32 AM,183.19,15,2747.85,88908942.82000002
2025-08-01 09:37:39 AM,183.19,405,74191.95,88983134.77000003
2025-08-01 09:37:50 AM,183.2,0,0.0,88983134.77000003
2025-08-01 09:37:52 AM,183.2,6,1099.1999999999998,88984233.97000003
2025-08-01 09:37:56 AM,183.19,0,0.0,88984233.97000003
2025-08-01 09:37:58 AM,183.2,155,28396.0,89012629.97000003
2025-08-01 09:37:59 AM,183.2,500,91600.0,89104229.97000003
2025-08-01 09:38:04 AM,183.19,0,0.0,89104229.97000003
2025-08-01 09:38:05 AM,183.19,848,155345.12,89259575.09000003
2025-08-01 09:38:10 AM,183.25,0,0.0,89259575.09000003
2025-08-01 09:38:12 AM,183.25,2005,367416.25,89626991.34000003
2025-08-01 09:38:26 AM,182.98,26186,4791514.279999999,94418505.62000003
2025-08-01 09:38:31 AM,182.93,0,0.0,94418505.62000003
2025-08-01 09:38:33 AM,182.93,293,53598.490000000005,94472104.11000003
2025-08-01 09:38:36 AM,182.82,0,0.0,94472104.11000003
2025-08-01 09:38:39 AM,182.82,237,43328.34,94515432.45000003
2025-08-01 09:38:44 AM,182.86,0,0.0,94515432.45000003
2025-08-01 09:38:46 AM,182.86,2246,410703.56000000006,94926136.01000004
2025-08-01 09:38:48 AM,182.85,0,0.0,94926136.01000004
2025-08-01 09:38:52 AM,182.86,257,46995.020000000004,94973131.03000003
2025-08-01 09:38:59 AM,182.86,551,100755.86,95073886.89000003
2025-08-01 09:39:00 AM,182.75,0,0.0,95073886.89000003
2025-08-01 09:39:06 AM,182.7,9861,1801604.7,96875491.59000003
2025-08-01 09:39:11 AM,182.47,0,0.0,96875491.59000003
2025-08-01 09:39:13 AM,182.42,4976,907721.9199999999,97783213.51000004
2025-08-01 09:39:15 AM,182.32,0,0.0,97783213.51000004
2025-08-01 09:39:19 AM,182.2,4452,811154.3999999999,98594367.91000004
2025-08-01 09:39:21 AM,182.35,0,0.0,98594367.91000004
2025-08-01 09:39:25 AM,182.1,0,0.0,98594367.91000004
2025-08-01 09:39:26 AM,182.2,1117,203517.4,98797885.31000005
2025-08-01 09:39:29 AM,182.23,0,0.0,98797885.31000005
2025-08-01 09:39:33 AM,182.2,217,39537.399999999994,98837422.71000005
2025-08-01 09:39:33 AM,182.28,75,13671.0,98851093.71000005
2025-08-01 09:39:39 AM,182.28,52,9478.56,98860572.27000006
2025-08-01 09:39:45 AM,181.99,0,0.0,98860572.27000006
2025-08-01 09:39:46 AM,181.97,23279,4236079.63,103096651.90000005
2025-08-01 09:39:46 AM,181.82,150,27273.0,103123924.90000005
2025-08-01 09:39:49 AM,181.97,0,0.0,103123924.90000005
2025-08-01 09:39:52 AM,181.81,1387,252170.47,103376095.37000005
2025-08-01 09:39:53 AM,181.95,10,1819.5,103377914.87000005
2025-08-01 09:39:53 AM,181.81,0,0.0,103377914.87000005
2025-08-01 09:39:54 AM,181.97,0,0.0,103377914.87000005
2025-08-01 09:39:57 AM,181.98,0,0.0,103377914.87000005
2025-08-01 09:39:59 AM,181.95,1251,227619.44999999998,103605534.32000005
2025-08-01 09:40:00 AM,181.98,155,28206.899999999998,103633741.22000006
2025-08-01 09:40:01 AM,181.97,0,0.0,103633741.22000006
2025-08-01 09:40:05 AM,181.98,0,0.0,103633741.22000006
2025-08-01 09:40:05 AM,181.98,266,48406.68,103682147.90000007
2025-08-01 09:40:06 AM,181.99,250,45497.5,103727645.40000007
2025-08-01 09:40:09 AM,181.9,0,0.0,103727645.40000007
2025-08-01 09:40:12 AM,181.99,541,98456.59000000001,103826101.99000007
2025-08-01 09:40:15 AM,181.95,0,0.0,103826101.99000007
2025-08-01 09:40:19 AM,181.99,247,44951.53,103871053.52000007
2025-08-01 09:40:22 AM,182.07,0,0.0,103871053.52000007
2025-08-01 09:40:24 AM,182.21,0,0.0,103871053.52000007
2025-08-01 09:40:25 AM,182.07,1597,290765.79,104161819.31000008
2025-08-01 09:40:32 AM,182.03,23,4186.69,104166006.00000007
2025-08-01 09:40:36 AM,182.22,0,0.0,104166006.00000007
2025-08-01 09:40:38 AM,182.09,1160,211224.4,104377230.40000008
2025-08-01 09:40:45 AM,182.09,1,182.09,104377412.49000008
2025-08-01 09:40:48 AM,182.15,0,0.0,104377412.49000008
2025-08-01 09:40:52 AM,182.44,593,108186.92,104485599.41000009
2025-08-01 09:40:52 AM,182.35,10,1823.5,104487422.91000009
2025-08-01 09:40:58 AM,182.45,1513,276046.85,104763469.76000008
2025-08-01 09:41:06 AM,182.44,10,1824.4,104765294.16000009
2025-08-01 09:41:08 AM,182.47,0,0.0,104765294.16000009
2025-08-01 09:41:09 AM,182.48,0,0.0,104765294.16000009
2025-08-01 09:41:12 AM,182.48,600,109488.0,104874782.16000009
2025-08-01 09:41:12 AM,182.35,1180,215173.0,105089955.16000009
2025-08-01 09:41:16 AM,182.44,0,0.0,105089955.16000009
2025-08-01 09:41:17 AM,182.45,0,0.0,105089955.16000009
2025-08-01 09:41:18 AM,182.48,560,102188.79999999999,105192143.96000008
2025-08-01 09:41:25 AM,182.48,136,24817.28,105216961.24000008
2025-08-01 09:41:31 AM,182.48,1132,206567.36,105423528.60000008
2025-08-01 09:41:38 AM,182.45,100,18245.0,105441773.60000008
2025-08-01 09:41:40 AM,182.48,0,0.0,105441773.60000008
2025-08-01 09:41:45 AM,182.48,48,8759.039999999999,105450532.64000009
2025-08-01 09:41:48 AM,182.49,0,0.0,105450532.64000009
2025-08-01 09:41:51 AM,182.49,251,45804.990000000005,105496337.63000008
2025-08-01 09:41:57 AM,182.5,261,47632.5,105543970.13000008
2025-08-01 09:42:00 AM,182.48,0,0.0,105543970.13000008
2025-08-01 09:42:04 AM,182.39,3425,624685.75,106168655.88000008
2025-08-01 09:42:09 AM,182.45,0,0.0,106168655.88000008
2025-08-01 09:42:11 AM,182.49,155,28285.95,106196941.83000009
2025-08-01 09:42:12 AM,182.49,1,182.49,106197124.32000008
2025-08-01 09:42:17 AM,182.5,491,89607.5,106286731.82000008
2025-08-01 09:42:21 AM,182.41,0,0.0,106286731.82000008
2025-08-01 09:42:24 AM,182.41,2530,461497.3,106748229.12000008
2025-08-01 09:42:27 AM,182.49,0,0.0,106748229.12000008
2025-08-01 09:42:30 AM,182.49,61,11131.890000000001,106759361.01000008
2025-08-01 09:42:35 AM,182.52,0,0.0,106759361.01000008
2025-08-01 09:42:37 AM,182.52,500,91260.0,106850621.01000008
2025-08-01 09:42:47 AM,182.53,0,0.0,106850621.01000008
2025-08-01 09:42:47 AM,182.52,0,0.0,106850621.01000008
2025-08-01 09:42:50 AM,182.52,10,1825.2,106852446.21000008
2025-08-01 09:42:51 AM,182.55,0,0.0,106852446.21000008
2025-08-01 09:42:51 AM,182.55,573,104601.15000000001,106957047.36000009
2025-08-01 09:42:55 AM,182.56,0,0.0,106957047.36000009
2025-08-01 09:42:56 AM,182.56,14,2555.84,106959603.20000009
2025-08-01 09:43:03 AM,182.56,51,9310.56,106968913.7600001
2025-08-01 09:43:09 AM,182.58,150,27387.000000000004,106996300.7600001
2025-08-01 09:43:10 AM,182.63,200,36526.0,107032826.7600001
2025-08-01 09:43:16 AM,182.63,6,1095.78,107033922.5400001
2025-08-01 09:43:19 AM,182.54,0,0.0,107033922.5400001
2025-08-01 09:43:23 AM,182.41,3858,703737.78,107737660.3200001
2025-08-01 09:43:27 AM,182.5,0,0.0,107737660.3200001
2025-08-01 09:43:27 AM,182.31,0,0.0,107737660.3200001
2025-08-01 09:43:29 AM,182.43,1309,238800.87,107976461.1900001
2025-08-01 09:43:35 AM,182.42,0,0.0,107976461.1900001
2025-08-01 09:43:36 AM,182.42,3,547.26,107977008.4500001
2025-08-01 09:43:39 AM,182.41,0,0.0,107977008.4500001
2025-08-01 09:43:42 AM,182.39,1026,187132.13999999998,108164140.59000011
2025-08-01 09:43:43 AM,182.3,0,0.0,108164140.59000011
2025-08-01 09:43:44 AM,182.3,1,182.3,108164322.8900001
2025-08-01 09:43:50 AM,182.05,2098,381940.9,108546263.79000011
2025-08-01 09:43:51 AM,182.13,0,0.0,108546263.79000011
2025-08-01 09:43:55 AM,182.13,19,3460.47,108549724.26000011
2025-08-01 09:43:59 AM,182.0,0,0.0,108549724.26000011
2025-08-01 09:44:02 AM,182.0,100,18200.0,108567924.26000011
2025-08-01 09:44:08 AM,182.09,0,0.0,108567924.26000011
2025-08-01 09:44:09 AM,182.09,2682,488365.38,109056289.6400001
2025-08-01 09:44:13 AM,182.01,0,0.0,109056289.6400001
2025-08-01 09:44:15 AM,182.0,0,0.0,109056289.6400001
2025-08-01 09:44:16 AM,182.0,2344,426608.0,109482897.6400001
2025-08-01 09:44:22 AM,182.0,88,16016.0,109498913.6400001
2025-08-01 09:44:27 AM,182.07,0,0.0,109498913.6400001
2025-08-01 09:44:29 AM,182.07,228,41511.96,109540425.6000001
2025-08-01 09:44:31 AM,182.0,0,0.0,109540425.6000001
2025-08-01 09:44:35 AM,182.0,1291,234962.0,109775387.6000001
2025-08-01 09:44:37 AM,182.01,0,0.0,109775387.6000001
2025-08-01 09:44:39 AM,181.99,0,0.0,109775387.6000001
2025-08-01 09:44:41 AM,181.99,368,66972.32,109842359.92000009
2025-08-01 09:44:45 AM,181.92,0,0.0,109842359.92000009
2025-08-01 09:44:48 AM,181.92,514,93506.87999999999,109935866.80000009
2025-08-01 09:44:51 AM,181.98,0,0.0,109935866.80000009
2025-08-01 09:44:53 AM,181.92,0,0.0,109935866.80000009
2025-08-01 09:44:54 AM,181.75,9269,1684640.75,111620507.55000009
2025-08-01 09:44:55 AM,181.8,150,27270.0,111647777.55000009
2025-08-01 09:44:59 AM,181.9,0,0.0,111647777.55000009
2025-08-01 09:45:01 AM,181.9,275,50022.5,111697800.05000009
2025-08-01 09:45:08 AM,181.73,2475,449781.75,112147581.80000009
2025-08-01 09:45:09 AM,181.81,6,1090.8600000000001,112148672.66000009
2025-08-01 09:45:16 AM,181.7,0,0.0,112148672.66000009
2025-08-01 09:45:16 AM,181.7,48,8721.599999999999,112157394.26000008
2025-08-01 09:45:19 AM,181.57,0,0.0,112157394.26000008
2025-08-01 09:45:21 AM,181.74,5318,966493.3200000001,113123887.58000007
2025-08-01 09:45:23 AM,181.52,0,0.0,113123887.58000007
2025-08-01 09:45:27 AM,181.7,600,109020.0,113232907.58000007
2025-08-01 09:45:33 AM,181.52,498,90396.96,113323304.54000007
2025-08-01 09:45:35 AM,181.7,1224,222400.8,113545705.34000006
2025-08-01 09:45:36 AM,181.57,0,0.0,113545705.34000006
2025-08-01 09:45:39 AM,181.52,0,0.0,113545705.34000006
2025-08-01 09:45:40 AM,181.68,0,0.0,113545705.34000006
2025-08-01 09:45:40 AM,181.68,1025,186222.0,113731927.34000006
2025-08-01 09:45:41 AM,181.52,1093,198401.36000000002,113930328.70000006
2025-08-01 09:45:43 AM,181.67,0,0.0,113930328.70000006
2025-08-01 09:45:47 AM,181.55,594,107840.70000000001,114038169.40000007
2025-08-01 09:45:48 AM,181.55,9,1633.95,114039803.35000007
2025-08-01 09:45:51 AM,181.66,0,0.0,114039803.35000007
2025-08-01 09:45:53 AM,181.54,155,28138.699999999997,114067942.05000007
2025-08-01 09:45:54 AM,181.66,200,36332.0,114104274.05000007
2025-08-01 09:45:57 AM,181.6,0,0.0,114104274.05000007
2025-08-01 09:45:59 AM,181.6,1741,316165.6,114420439.65000007
2025-08-01 09:46:01 AM,181.6,1,181.6,114420621.25000006
2025-08-01 09:46:06 AM,181.6,310,56296.0,114476917.25000006
2025-08-01 09:46:07 AM,181.49,4570,829409.3,115306326.55000006
2025-08-01 09:46:11 AM,181.48,0,0.0,115306326.55000006
2025-08-01 09:46:12 AM,181.48,90,16333.199999999999,115322659.75000006
2025-08-01 09:46:14 AM,181.33,300,54399.00000000001,115377058.75000006
2025-08-01 09:46:19 AM,181.44,297,53887.68,115430946.43000007
2025-08-01 09:46:25 AM,181.44,30,5443.2,115436389.63000007
2025-08-01 09:46:27 AM,181.33,122,22122.260000000002,115458511.89000008
2025-08-01 09:46:29 AM,181.44,0,0.0,115458511.89000008
2025-08-01 09:46:32 AM,181.44,28,5080.32,115463592.21000007
2025-08-01 09:46:40 AM,181.44,11,1995.84,115465588.05000007
2025-08-01 09:46:44 AM,181.44,42,7620.48,115473208.53000008
2025-08-01 09:46:46 AM,181.47,72,13065.84,115486274.37000008
2025-08-01 09:46:49 AM,181.49,0,0.0,115486274.37000008
2025-08-01 09:46:50 AM,181.49,500,90745.0,115577019.37000008
2025-08-01 09:46:56 AM,181.36,0,0.0,115577019.37000008
2025-08-01 09:46:57 AM,181.36,1500,272040.0,115849059.37000008
2025-08-01 09:46:59 AM,181.49,40,7259.6,115856318.97000007
2025-08-01 09:47:03 AM,181.49,1,181.49,115856500.46000007
2025-08-01 09:47:05 AM,181.49,1,181.49,115856681.95000006
2025-08-01 09:47:09 AM,181.49,507,92015.43000000001,115948697.38000007
2025-08-01 09:47:11 AM,181.49,554,100545.46,116049242.84000006
2025-08-01 09:47:15 AM,181.49,351,63702.990000000005,116112945.83000006
2025-08-01 09:47:17 AM,181.54,2,363.08,116113308.91000006
2025-08-01 09:47:24 AM,181.41,0,0.0,116113308.91000006
2025-08-01 09:47:24 AM,181.41,556,100863.95999999999,116214172.87000005
2025-08-01 09:47:25 AM,181.49,0,0.0,116214172.87000005
2025-08-01 09:47:28 AM,181.44,0,0.0,116214172.87000005
2025-08-01 09:47:28 AM,181.44,5220,947116.7999999999,117161289.67000005
2025-08-01 09:47:30 AM,181.29,263,47679.27,117208968.94000004
2025-08-01 09:47:32 AM,181.42,0,0.0,117208968.94000004
2025-08-01 09:47:34 AM,181.35,525,95208.75,117304177.69000004
2025-08-01 09:47:41 AM,181.4,60,10884.0,117315061.69000004
2025-08-01 09:47:48 AM,181.4,561,101765.40000000001,117416827.09000005
2025-08-01 09:47:50 AM,181.4,108,19591.2,117436418.29000005
2025-08-01 09:47:54 AM,181.3,0,0.0,117436418.29000005
2025-08-01 09:47:55 AM,181.3,212,38435.600000000006,117474853.89000005
2025-08-01 09:47:57 AM,181.4,100,18140.0,117492993.89000005
2025-08-01 09:48:01 AM,181.3,83,15047.900000000001,117508041.79000005
2025-08-01 09:48:07 AM,181.39,0,0.0,117508041.79000005
2025-08-01 09:48:08 AM,181.39,151,27389.89,117535431.68000005
2025-08-01 09:48:11 AM,181.32,0,0.0,117535431.68000005
2025-08-01 09:48:14 AM,181.32,300,54396.0,117589827.68000005
2025-08-01 09:48:16 AM,181.32,9,1631.8799999999999,117591459.56000005
2025-08-01 09:48:19 AM,181.3,0,0.0,117591459.56000005
2025-08-01 09:48:20 AM,181.3,4,725.2,117592184.76000005
2025-08-01 09:48:23 AM,181.34,0,0.0,117592184.76000005
2025-08-01 09:48:23 AM,181.34,1085,196753.9,117788938.66000006
2025-08-01 09:48:27 AM,181.3,0,0.0,117788938.66000006
2025-08-01 09:48:27 AM,181.28,417,75593.76,117864532.42000006
2025-08-01 09:48:27 AM,181.21,0,0.0,117864532.42000006
2025-08-01 09:48:29 AM,181.21,10,1812.1000000000001,117866344.52000006
2025-08-01 09:48:31 AM,181.36,0,0.0,117866344.52000006
2025-08-01 09:48:33 AM,181.36,103,18680.08,117885024.60000005
2025-08-01 09:48:36 AM,181.36,1192,216181.12000000002,118101205.72000006
2025-08-01 09:48:39 AM,181.4,0,0.0,118101205.72000006
2025-08-01 09:48:40 AM,181.34,7229,1310906.86,119412112.58000006
2025-08-01 09:48:42 AM,181.43,2,362.86,119412475.44000006
2025-08-01 09:48:43 AM,181.36,0,0.0,119412475.44000006
2025-08-01 09:48:46 AM,181.36,30,5440.8,119417916.24000005
2025-08-01 09:48:51 AM,181.42,0,0.0,119417916.24000005
2025-08-01 09:48:52 AM,181.35,15,2720.25,119420636.49000005
2025-08-01 09:48:59 AM,181.4,0,0.0,119420636.49000005
2025-08-01 09:48:59 AM,181.4,3,544.2,119421180.69000006
2025-08-01 09:49:01 AM,181.42,1,181.42,119421362.11000006
2025-08-01 09:49:05 AM,181.42,1,181.42,119421543.53000006
2025-08-01 09:49:07 AM,181.4,0,0.0,119421543.53000006
2025-08-01 09:49:08 AM,181.4,24,4353.6,119425897.13000005
2025-08-01 09:49:11 AM,181.41,0,0.0,119425897.13000005
2025-08-01 09:49:11 AM,181.36,330,59848.8,119485745.93000005
2025-08-01 09:49:18 AM,181.44,1474,267442.56,119753188.49000005
2025-08-01 09:49:22 AM,181.55,0,0.0,119753188.49000005
2025-08-01 09:49:24 AM,181.55,344,62453.200000000004,119815641.69000006
2025-08-01 09:49:28 AM,181.65,0,0.0,119815641.69000006
2025-08-01 09:49:30 AM,181.65,1,181.65,119815823.34000006
2025-08-01 09:49:40 AM,181.69,0,0.0,119815823.34000006
2025-08-01 09:49:43 AM,181.72,191,34708.52,119850531.86000006
2025-08-01 09:49:45 AM,181.65,2145,389639.25,120240171.11000006
2025-08-01 09:49:46 AM,181.69,0,0.0,120240171.11000006
2025-08-01 09:49:49 AM,181.69,150,27253.5,120267424.61000006
2025-08-01 09:49:52 AM,181.69,736,133723.84,120401148.45000006
2025-08-01 09:49:55 AM,181.61,0,0.0,120401148.45000006
2025-08-01 09:49:55 AM,181.7,277,50330.899999999994,120451479.35000007
2025-08-01 09:49:56 AM,181.69,0,0.0,120451479.35000007
2025-08-01 09:49:58 AM,181.69,701,127364.69,120578844.04000007
2025-08-01 09:50:00 AM,181.61,0,0.0,120578844.04000007
2025-08-01 09:50:02 AM,181.61,601,109147.61000000002,120687991.65000007
2025-08-01 09:50:03 AM,181.69,0,0.0,120687991.65000007
2025-08-01 09:50:03 AM,181.64,0,0.0,120687991.65000007
2025-08-01 09:50:05 AM,181.64,1011,183638.03999999998,120871629.69000007
2025-08-01 09:50:09 AM,181.55,0,0.0,120871629.69000007
2025-08-01 09:50:11 AM,181.55,501,90956.55,120962586.24000007
2025-08-01 09:50:15 AM,181.46,0,0.0,120962586.24000007
2025-08-01 09:50:15 AM,181.46,1460,264931.60000000003,121227517.84000006
2025-08-01 09:50:18 AM,181.55,7,1270.8500000000001,121228788.69000006
2025-08-01 09:50:18 AM,181.44,0,0.0,121228788.69000006
2025-08-01 09:50:21 AM,181.44,1,181.44,121228970.13000005
2025-08-01 09:50:23 AM,181.5,0,0.0,121228970.13000005
2025-08-01 09:50:24 AM,181.5,4,726.0,121229696.13000005
2025-08-01 09:50:30 AM,181.39,200,36278.0,121265974.13000005
2025-08-01 09:50:33 AM,181.48,25,4537.0,121270511.13000005
2025-08-01 09:50:40 AM,181.48,6,1088.8799999999999,121271600.01000005
2025-08-01 09:50:44 AM,181.39,0,0.0,121271600.01000005
2025-08-01 09:50:45 AM,181.48,0,0.0,121271600.01000005
2025-08-01 09:50:46 AM,181.48,98,17785.039999999997,121289385.05000006
2025-08-01 09:50:52 AM,181.48,60,10888.8,121300273.85000005
2025-08-01 09:50:59 AM,181.51,0,0.0,121300273.85000005
2025-08-01 09:50:59 AM,181.51,610,110721.09999999999,121410994.95000005
2025-08-01 09:51:00 AM,181.47,0,0.0,121410994.95000005
2025-08-01 09:51:01 AM,181.47,116,21050.52,121432045.47000004
2025-08-01 09:51:05 AM,181.47,250,45367.5,121477412.97000004
2025-08-01 09:51:09 AM,181.55,0,0.0,121477412.97000004
2025-08-01 09:51:11 AM,181.51,214,38843.14,121516256.11000004
2025-08-01 09:51:17 AM,181.5,0,0.0,121516256.11000004
2025-08-01 09:51:18 AM,181.5,500,90750.0,121607006.11000004
2025-08-01 09:51:20 AM,181.57,10,1815.6999999999998,121608821.81000005
2025-08-01 09:51:21 AM,181.59,0,0.0,121608821.81000005
2025-08-01 09:51:24 AM,181.59,363,65917.17,121674738.98000005
2025-08-01 09:51:25 AM,181.61,0,0.0,121674738.98000005
2025-08-01 09:51:26 AM,181.61,40,7264.400000000001,121682003.38000005
2025-08-01 09:51:28 AM,181.62,0,0.0,121682003.38000005
2025-08-01 09:51:30 AM,181.62,250,45405.0,121727408.38000005
2025-08-01 09:51:32 AM,181.55,276,50107.8,121777516.18000005
2025-08-01 09:51:36 AM,181.57,5,907.8499999999999,121778424.03000005
2025-08-01 09:51:40 AM,181.5,0,0.0,121778424.03000005
2025-08-01 09:51:43 AM,181.54,261,47381.939999999995,121825805.97000004
2025-08-01 09:51:45 AM,181.47,0,0.0,121825805.97000004
2025-08-01 09:51:45 AM,181.55,524,95132.20000000001,121920938.17000005
2025-08-01 09:51:46 AM,181.56,0,0.0,121920938.17000005
2025-08-01 09:51:49 AM,181.59,2200,399498.0,122320436.17000005
2025-08-01 09:51:49 AM,181.55,0,0.0,122320436.17000005
2025-08-01 09:51:51 AM,181.55,10,1815.5,122322251.67000005
2025-08-01 09:51:52 AM,181.42,0,0.0,122322251.67000005
2025-08-01 09:51:55 AM,181.44,433,78563.52,122400815.19000004
2025-08-01 09:51:58 AM,181.44,10,1814.4,122402629.59000005
2025-08-01 09:52:00 AM,181.45,0,0.0,122402629.59000005
2025-08-01 09:52:01 AM,181.45,1,181.45,122402811.04000005
2025-08-01 09:52:02 AM,181.5,0,0.0,122402811.04000005
2025-08-01 09:52:04 AM,181.5,1000,181500.0,122584311.04000005
2025-08-01 09:52:08 AM,181.51,0,0.0,122584311.04000005
2025-08-01 09:52:10 AM,181.42,0,0.0,122584311.04000005
2025-08-01 09:52:10 AM,181.42,71,12880.82,122597191.86000004
2025-08-01 09:52:11 AM,181.51,0,0.0,122597191.86000004
2025-08-01 09:52:13 AM,181.51,3,544.53,122597736.39000005
2025-08-01 09:52:14 AM,181.5,0,0.0,122597736.39000005
2025-08-01 09:52:16 AM,181.5,50,9075.0,122606811.39000005
2025-08-01 09:52:18 AM,181.51,0,0.0,122606811.39000005
2025-08-01 09:52:19 AM,181.51,174,31582.739999999998,122638394.13000004
2025-08-01 09:52:22 AM,181.36,0,0.0,122638394.13000004
2025-08-01 09:52:22 AM,181.36,93,16866.48,122655260.61000004
2025-08-01 09:52:23 AM,181.51,0,0.0,122655260.61000004
2025-08-01 09:52:26 AM,181.51,300,54453.0,122709713.61000004
2025-08-01 09:52:28 AM,181.56,5,907.8,122710621.41000004
2025-08-01 09:52:44 AM,181.56,15,2723.4,122713344.81000005
2025-08-01 09:52:47 AM,181.5,0,0.0,122713344.81000005
2025-08-01 09:52:50 AM,181.5,104,18876.0,122732220.81000005
2025-08-01 09:52:53 AM,181.5,300,54450.0,122786670.81000005
2025-08-01 09:52:56 AM,181.5,100,18150.0,122804820.81000005
2025-08-01 09:52:58 AM,181.5,102,18513.0,122823333.81000005
2025-08-01 09:53:02 AM,181.5,197,35755.5,122859089.31000005
2025-08-01 09:53:04 AM,181.53,47,8531.91,122867621.22000004
2025-08-01 09:53:08 AM,181.53,1,181.53,122867802.75000004
2025-08-01 09:53:14 AM,181.53,200,36306.0,122904108.75000004
2025-08-01 09:53:17 AM,181.5,0,0.0,122904108.75000004
2025-08-01 09:53:21 AM,181.53,0,0.0,122904108.75000004
2025-08-01 09:53:21 AM,181.53,207,37576.71,122941685.46000004
2025-08-01 09:53:27 AM,181.54,0,0.0,122941685.46000004
2025-08-01 09:53:27 AM,181.54,527,95671.58,123037357.04000004
2025-08-01 09:53:29 AM,181.36,200,36272.0,123073629.04000004
2025-08-01 09:53:33 AM,181.5,0,0.0,123073629.04000004
2025-08-01 09:53:33 AM,181.5,522,94743.0,123168372.04000004
2025-08-01 09:53:35 AM,181.21,38708,7014276.680000001,130182648.72000004
2025-08-01 09:53:36 AM,181.26,0,0.0,130182648.72000004
2025-08-01 09:53:39 AM,181.26,3,543.78,130183192.50000004
2025-08-01 09:53:47 AM,181.26,200,36252.0,130219444.50000004
2025-08-01 09:53:52 AM,181.26,101,18307.26,130237751.76000005
2025-08-01 09:53:53 AM,181.3,387,70163.1,130307914.86000004
2025-08-01 09:53:58 AM,181.3,141,25563.300000000003,130333478.16000004
2025-08-01 09:54:10 AM,181.31,4,725.24,130334203.40000004
2025-08-01 09:54:12 AM,181.33,0,0.0,130334203.40000004
2025-08-01 09:54:15 AM,181.31,0,0.0,130334203.40000004
2025-08-01 09:54:17 AM,181.31,8,1450.48,130335653.88000004
2025-08-01 09:54:18 AM,181.3,0,0.0,130335653.88000004
2025-08-01 09:54:23 AM,181.3,750,135975.0,130471628.88000004
2025-08-01 09:54:29 AM,181.3,1096,198704.80000000002,130670333.68000004
2025-08-01 09:54:35 AM,181.3,55,9971.5,130680305.18000004
2025-08-01 09:54:40 AM,181.19,0,0.0,130680305.18000004
2025-08-01 09:54:41 AM,181.3,155,28101.5,130708406.68000004
2025-08-01 09:54:52 AM,181.19,0,0.0,130708406.68000004
2025-08-01 09:54:52 AM,181.18,0,0.0,130708406.68000004
2025-08-01 09:54:53 AM,181.18,98,17755.64,130726162.32000004
2025-08-01 09:54:54 AM,181.24,50,9062.0,130735224.32000004
2025-08-01 09:54:58 AM,181.29,0,0.0,130735224.32000004
2025-08-01 09:54:58 AM,181.28,0,0.0,130735224.32000004
2025-08-01 09:54:59 AM,181.28,21,3806.88,130739031.20000003
2025-08-01 09:55:04 AM,181.26,0,0.0,130739031.20000003
2025-08-01 09:55:06 AM,181.28,750,135960.0,130874991.20000003
2025-08-01 09:55:16 AM,181.28,10,1812.8,130876804.00000003
2025-08-01 09:55:22 AM,181.18,0,0.0,130876804.00000003
2025-08-01 09:55:22 AM,181.15,646,117022.90000000001,130993826.90000004
2025-08-01 09:55:23 AM,181.23,0,0.0,130993826.90000004
2025-08-01 09:55:24 AM,181.23,100,18123.0,131011949.90000004
2025-08-01 09:55:30 AM,181.23,14,2537.22,131014487.12000003
2025-08-01 09:55:34 AM,181.09,0,0.0,131014487.12000003
2025-08-01 09:55:34 AM,181.09,221,40020.89,131054508.01000004
2025-08-01 09:55:38 AM,181.2,0,0.0,131054508.01000004
2025-08-01 09:55:40 AM,181.15,567,102712.05,131157220.06000003
2025-08-01 09:55:47 AM,181.15,21,3804.15,131161024.21000004
2025-08-01 09:55:50 AM,181.1,0,0.0,131161024.21000004
2025-08-01 09:55:52 AM,181.15,0,0.0,131161024.21000004
2025-08-01 09:55:53 AM,181.15,1254,227162.1,131388186.31000003
2025-08-01 09:55:59 AM,181.15,9,1630.3500000000001,131389816.66000003
2025-08-01 09:56:03 AM,181.11,0,0.0,131389816.66000003
2025-08-01 09:56:05 AM,181.09,1998,361817.82,131751634.48000002
2025-08-01 09:56:06 AM,181.15,0,0.0,131751634.48000002
2025-08-01 09:56:06 AM,181.15,10,1811.5,131753445.98000002
2025-08-01 09:56:12 AM,181.15,50,9057.5,131762503.48000002
2025-08-01 09:56:18 AM,181.11,0,0.0,131762503.48000002
2025-08-01 09:56:18 AM,181.11,550,99610.50000000001,131862113.98000002
2025-08-01 09:56:21 AM,181.18,0,0.0,131862113.98000002
2025-08-01 09:56:23 AM,181.18,1,181.18,131862295.16000003
2025-08-01 09:56:29 AM,181.09,37,6700.33,131868995.49000002
2025-08-01 09:56:36 AM,181.1,0,0.0,131868995.49000002
2025-08-01 09:56:39 AM,181.15,0,0.0,131868995.49000002
2025-08-01 09:56:40 AM,181.15,205,37135.75,131906131.24000002
2025-08-01 09:56:44 AM,181.09,0,0.0,131906131.24000002
2025-08-01 09:56:47 AM,181.08,3054,553018.3200000001,132459149.56000002
2025-08-01 09:56:53 AM,181.08,2313,418838.04000000004,132877987.60000002
2025-08-01 09:56:57 AM,181.14,0,0.0,132877987.60000002
2025-08-01 09:56:59 AM,181.14,1,181.14,132878168.74000002
2025-08-01 09:57:00 AM,181.09,250,45272.5,132923441.24000002
2025-08-01 09:57:06 AM,181.14,6,1086.84,132924528.08000003
2025-08-01 09:57:16 AM,181.1,3,543.3,132925071.38000003
2025-08-01 09:57:18 AM,181.14,50,9057.0,132934128.38000003
2025-08-01 09:57:30 AM,181.1,99,17928.899999999998,132952057.28000003
2025-08-01 09:57:33 AM,181.12,0,0.0,132952057.28000003
2025-08-01 09:57:33 AM,181.12,76,13765.12,132965822.40000004
2025-08-01 09:57:36 AM,181.12,273,49445.76,133015268.16000004
2025-08-01 09:57:40 AM,181.12,100,18112.0,133033380.16000004
2025-08-01 09:57:46 AM,181.12,162,29341.440000000002,133062721.60000004
2025-08-01 09:57:52 AM,181.08,1026,185788.08000000002,133248509.68000004
2025-08-01 09:57:54 AM,180.91,20162,3647507.42,136896017.10000002
2025-08-01 09:57:58 AM,180.82,55,9945.1,136905962.20000002
2025-08-01 09:58:00 AM,180.91,363,65670.33,136971632.53000003
2025-08-01 09:58:04 AM,180.82,1,180.82,136971813.35000002
2025-08-01 09:58:07 AM,180.91,51,9226.41,136981039.76000002
2025-08-01 09:58:10 AM,180.91,2987,540378.17,137521417.93
2025-08-01 09:58:13 AM,180.71,10,1807.1000000000001,137523225.03
2025-08-01 09:58:16 AM,180.74,201,36328.740000000005,137559553.77
2025-08-01 09:58:19 AM,180.65,49,8851.85,137568405.62
2025-08-01 09:58:22 AM,180.52,716,129252.32,137697657.94
2025-08-01 09:58:25 AM,180.62,5,903.1,137698561.04
2025-08-01 09:58:28 AM,180.62,15975,2885404.5,140583965.54
2025-08-01 09:58:31 AM,180.62,2020,364852.4,140948817.94
2025-08-01 09:58:34 AM,180.59,26,4695.34,140953513.28
2025-08-01 09:58:37 AM,180.6,78,14086.8,140967600.08
2025-08-01 09:58:40 AM,180.6,300,54180.0,141021780.08
2025-08-01 09:58:46 AM,180.59,1207,217972.13,141239752.21
2025-08-01 09:58:49 AM,180.5,2223,401251.5,141641003.71
2025-08-01 09:58:53 AM,180.6,4,722.4,141641726.11
2025-08-01 09:58:55 AM,180.5,3458,624169.0,142265895.11
2025-08-01 09:58:59 AM,180.36,364,65651.04000000001,142331546.15
2025-08-01 09:59:02 AM,180.46,0,0.0,142331546.15
2025-08-01 09:59:05 AM,180.3,1055,190216.5,142521762.65
2025-08-01 09:59:07 AM,180.25,1084,195391.0,142717153.65
2025-08-01 09:59:08 AM,180.38,0,0.0,142717153.65
2025-08-01 09:59:11 AM,180.36,15,2705.4,142719859.05
2025-08-01 09:59:13 AM,180.25,0,0.0,142719859.05
2025-08-01 09:59:14 AM,180.31,849,153083.19,142872942.24
2025-08-01 09:59:16 AM,180.3,0,0.0,142872942.24
2025-08-01 09:59:17 AM,180.3,707,127472.1,143000414.34
2025-08-01 09:59:20 AM,180.25,0,0.0,143000414.34
2025-08-01 09:59:20 AM,180.3,550,99165.0,143099579.34
2025-08-01 09:59:24 AM,180.31,0,0.0,143099579.34
2025-08-01 09:59:24 AM,180.31,51,9195.81,143108775.15
2025-08-01 09:59:27 AM,180.25,105,18926.25,143127701.4
2025-08-01 09:59:30 AM,180.25,20,3605.0,143131306.4
2025-08-01 09:59:33 AM,180.25,807,145461.75,143276768.15
2025-08-01 09:59:36 AM,179.95,29196,5253820.199999999,148530588.35
2025-08-01 09:59:38 AM,179.96,0,0.0,148530588.35
2025-08-01 09:59:39 AM,179.95,392,70540.4,148601128.75
2025-08-01 09:59:40 AM,179.7,0,0.0,148601128.75
2025-08-01 09:59:41 AM,179.9,0,0.0,148601128.75
2025-08-01 09:59:42 AM,179.97,2824,508235.27999999997,149109364.03
2025-08-01 09:59:44 AM,179.98,0,0.0,149109364.03
2025-08-01 09:59:45 AM,179.81,0,0.0,149109364.03
2025-08-01 09:59:45 AM,179.81,716,128743.96,149238107.99
2025-08-01 09:59:48 AM,179.75,0,0.0,149238107.99
2025-08-01 09:59:48 AM,179.92,0,0.0,149238107.99
2025-08-01 09:59:49 AM,179.91,123,22128.93,149260236.92000002
2025-08-01 09:59:51 AM,179.92,1080,194313.59999999998,149454550.52
2025-08-01 09:59:54 AM,179.97,0,0.0,149454550.52
2025-08-01 09:59:55 AM,179.97,174,31314.78,149485865.3
2025-08-01 09:59:57 AM,180.0,0,0.0,149485865.3
2025-08-01 09:59:57 AM,180.0,858,154440.0,149640305.3
2025-08-01 10:00:00 AM,179.88,0,0.0,149640305.3
2025-08-01 10:00:01 AM,179.99,104,18718.96,149659024.26000002
2025-08-01 10:00:02 AM,179.81,0,0.0,149659024.26000002
2025-08-01 10:00:03 AM,179.92,1736,312341.12,149971365.38000003
2025-08-01 10:00:07 AM,179.77,46,8269.42,149979634.8
2025-08-01 10:00:08 AM,179.87,0,0.0,149979634.8
2025-08-01 10:00:10 AM,179.83,0,0.0,149979634.8
2025-08-01 10:00:10 AM,179.83,414,74449.62000000001,150054084.42000002
2025-08-01 10:00:14 AM,179.82,111,19960.02,150074044.44000003
2025-08-01 10:00:16 AM,179.88,0,0.0,150074044.44000003
2025-08-01 10:00:17 AM,179.88,1122,201825.36,150275869.80000004
2025-08-01 10:00:20 AM,179.72,820,147370.4,150423240.20000005
2025-08-01 10:00:21 AM,179.8,0,0.0,150423240.20000005
2025-08-01 10:00:22 AM,179.83,0,0.0,150423240.20000005
2025-08-01 10:00:23 AM,179.83,1191,214177.53000000003,150637417.73000005
2025-08-01 10:00:26 AM,179.83,11,1978.13,150639395.86000004
2025-08-01 10:00:28 AM,179.82,0,0.0,150639395.86000004
2025-08-01 10:00:29 AM,179.79,51,9169.289999999999,150648565.15000004
2025-08-01 10:00:32 AM,179.79,62,11146.98,150659712.13000003
2025-08-01 10:00:36 AM,179.8,825,148335.0,150808047.13000003
2025-08-01 10:00:39 AM,179.83,0,0.0,150808047.13000003
2025-08-01 10:00:39 AM,179.8,52,9349.6,150817396.73000002
2025-08-01 10:00:40 AM,179.91,0,0.0,150817396.73000002
2025-08-01 10:00:42 AM,179.91,585,105247.34999999999,150922644.08
2025-08-01 10:00:45 AM,179.91,97,17451.27,150940095.35000002
2025-08-01 10:00:48 AM,179.94,25,4498.5,150944593.85000002
2025-08-01 10:00:51 AM,179.93,0,0.0,150944593.85000002
2025-08-01 10:00:51 AM,179.93,1,179.93,150944773.78000003
2025-08-01 10:00:55 AM,179.92,2151,387007.92,151331781.70000002
2025-08-01 10:00:57 AM,179.93,0,0.0,151331781.70000002
2025-08-01 10:00:58 AM,179.93,1,179.93,151331961.63000003
2025-08-01 10:01:01 AM,179.93,10,1799.3000000000002,151333760.93000004
2025-08-01 10:01:03 AM,179.8,0,0.0,151333760.93000004
2025-08-01 10:01:04 AM,179.8,2078,373624.4,151707385.33000004
2025-08-01 10:01:07 AM,179.97,25,4499.25,151711884.58000004
2025-08-01 10:01:09 AM,179.94,0,0.0,151711884.58000004
2025-08-01 10:01:10 AM,180.0,210,37800.0,151749684.58000004
2025-08-01 10:01:14 AM,180.0,4505,810900.0,152560584.58000004
2025-08-01 10:01:17 AM,180.0,2,360.0,152560944.58000004
2025-08-01 10:01:19 AM,179.94,0,0.0,152560944.58000004
2025-08-01 10:01:20 AM,180.0,205,36900.0,152597844.58000004
2025-08-01 10:01:22 AM,179.94,0,0.0,152597844.58000004
2025-08-01 10:01:23 AM,179.94,100,17994.0,152615838.58000004
2025-08-01 10:01:26 AM,179.84,2400,431616.0,153047454.58000004
2025-08-01 10:01:34 AM,179.98,0,0.0,153047454.58000004
2025-08-01 10:01:35 AM,179.98,1005,180879.9,153228334.48000005
2025-08-01 10:01:39 AM,179.8,0,0.0,153228334.48000005
2025-08-01 10:01:41 AM,179.8,2000,359600.0,153587934.48000005
2025-08-01 10:01:47 AM,179.8,1620,291276.0,153879210.48000005
2025-08-01 10:01:51 AM,179.8,472,84865.6,153964076.08000004
2025-08-01 10:01:53 AM,179.8,1,179.8,153964255.88000005
2025-08-01 10:01:57 AM,179.8,142,25531.600000000002,153989787.48000005
2025-08-01 10:02:03 AM,179.79,0,0.0,153989787.48000005
2025-08-01 10:02:03 AM,179.79,789,141854.31,154131641.79000005
2025-08-01 10:02:05 AM,179.7,610,109617.0,154241258.79000005
2025-08-01 10:02:07 AM,179.8,0,0.0,154241258.79000005
2025-08-01 10:02:10 AM,179.8,1010,181598.0,154422856.79000005
2025-08-01 10:02:11 AM,179.82,621,111668.22,154534525.01000005
2025-08-01 10:02:14 AM,179.77,0,0.0,154534525.01000005
2025-08-01 10:02:16 AM,179.75,1250,224687.5,154759212.51000005
2025-08-01 10:02:18 AM,179.92,0,0.0,154759212.51000005
2025-08-01 10:02:18 AM,179.92,25,4498.0,154763710.51000005
2025-08-01 10:02:22 AM,179.83,0,0.0,154763710.51000005
2025-08-01 10:02:22 AM,179.83,16,2877.28,154766587.79000005
2025-08-01 10:02:28 AM,180.07,0,0.0,154766587.79000005
2025-08-01 10:02:29 AM,180.07,12478,2246913.46,157013501.25000006
2025-08-01 10:02:32 AM,180.19,0,0.0,157013501.25000006
2025-08-01 10:02:35 AM,180.19,50,9009.5,157022510.75000006
2025-08-01 10:02:36 AM,180.18,0,0.0,157022510.75000006
2025-08-01 10:02:36 AM,180.18,74,13333.32,157035844.07000005
2025-08-01 10:02:41 AM,180.1,1015,182801.5,157218645.57000005
2025-08-01 10:02:43 AM,180.19,5,900.95,157219546.52000004
2025-08-01 10:02:48 AM,180.19,503,90635.56999999999,157310182.09000003
2025-08-01 10:02:54 AM,180.29,0,0.0,157310182.09000003
2025-08-01 10:02:54 AM,180.29,2010,362382.89999999997,157672564.99000004
2025-08-01 10:02:56 AM,180.27,152,27401.04,157699966.03000003
2025-08-01 10:02:58 AM,180.26,0,0.0,157699966.03000003
2025-08-01 10:03:00 AM,180.26,264,47588.64,157747554.67000002
2025-08-01 10:03:06 AM,180.26,525,94636.5,157842191.17000002
2025-08-01 10:03:08 AM,180.19,102,18379.38,157860570.55
2025-08-01 10:03:10 AM,180.27,0,0.0,157860570.55
2025-08-01 10:03:13 AM,180.27,25,4506.75,157865077.3
2025-08-01 10:03:18 AM,180.37,0,0.0,157865077.3
2025-08-01 10:03:20 AM,180.37,549,99023.13,157964100.43
2025-08-01 10:03:22 AM,180.3,0,0.0,157964100.43
2025-08-01 10:03:22 AM,180.3,1,180.3,157964280.73000002
2025-08-01 10:03:26 AM,180.37,0,0.0,157964280.73000002
2025-08-01 10:03:26 AM,180.38,0,0.0,157964280.73000002
2025-08-01 10:03:26 AM,180.37,315,56816.55,158021097.28000003
2025-08-01 10:03:28 AM,180.61,24,4334.64,158025431.92000002
2025-08-01 10:03:30 AM,180.52,0,0.0,158025431.92000002
2025-08-01 10:03:33 AM,180.52,5144,928594.88,158954026.8
2025-08-01 10:03:35 AM,180.54,300,54162.0,159008188.8
2025-08-01 10:03:38 AM,180.4,0,0.0,159008188.8
2025-08-01 10:03:39 AM,180.44,4550,821002.0,159829190.8
2025-08-01 10:03:41 AM,180.31,200,36062.0,159865252.8
2025-08-01 10:03:45 AM,180.43,6,1082.58,159866335.38000003
2025-08-01 10:03:47 AM,180.42,40,7216.799999999999,159873552.18000004
2025-08-01 10:03:50 AM,180.4,0,0.0,159873552.18000004
2025-08-01 10:03:51 AM,180.4,75,13530.0,159887082.18000004
2025-08-01 10:03:53 AM,180.4,35,6314.0,159893396.18000004
2025-08-01 10:03:54 AM,180.44,0,0.0,159893396.18000004
2025-08-01 10:03:57 AM,180.55,1053,190119.15000000002,160083515.33000004
2025-08-01 10:04:02 AM,180.45,0,0.0,160083515.33000004
2025-08-01 10:04:04 AM,180.26,5210,939154.6,161022669.93000004
2025-08-01 10:04:06 AM,180.39,0,0.0,161022669.93000004
2025-08-01 10:04:06 AM,180.39,26,4690.139999999999,161027360.07000002
2025-08-01 10:04:10 AM,180.39,5,901.9499999999999,161028262.02
2025-08-01 10:04:12 AM,180.41,1200,216492.0,161244754.02
2025-08-01 10:04:16 AM,180.26,110,19828.6,161264582.62
2025-08-01 10:04:18 AM,180.36,0,0.0,161264582.62
2025-08-01 10:04:18 AM,180.36,200,36072.0,161300654.62
2025-08-01 10:04:22 AM,180.37,0,0.0,161300654.62
2025-08-01 10:04:22 AM,180.37,50,9018.5,161309673.12
2025-08-01 10:04:25 AM,180.36,200,36072.0,161345745.12
2025-08-01 10:04:29 AM,180.4,500,90200.0,161435945.12
2025-08-01 10:04:30 AM,180.27,0,0.0,161435945.12
2025-08-01 10:04:31 AM,180.34,239,43101.26,161479046.38
2025-08-01 10:04:34 AM,180.39,0,0.0,161479046.38
2025-08-01 10:04:35 AM,180.39,4,721.56,161479767.94
2025-08-01 10:04:39 AM,180.35,0,0.0,161479767.94
2025-08-01 10:04:41 AM,180.35,205,36971.75,161516739.69
2025-08-01 10:04:47 AM,180.35,15,2705.25,161519444.94
2025-08-01 10:04:49 AM,180.3,801,144420.30000000002,161663865.24
2025-08-01 10:04:54 AM,180.3,245,44173.5,161708038.74
2025-08-01 10:04:56 AM,180.3,11,1983.3000000000002,161710022.04000002
2025-08-01 10:05:06 AM,180.3,23,4146.900000000001,161714168.94000003
2025-08-01 10:05:08 AM,180.33,30,5409.900000000001,161719578.84000003
2025-08-01 10:05:12 AM,180.33,404,72853.32,161792432.16000003
2025-08-01 10:05:14 AM,180.18,4922,886845.9600000001,162679278.12000003
2025-08-01 10:05:18 AM,180.05,93,16744.65,162696022.77000004
2025-08-01 10:05:23 AM,180.12,0,0.0,162696022.77000004
2025-08-01 10:05:24 AM,180.1,1020,183702.0,162879724.77000004
2025-08-01 10:05:27 AM,180.1,10,1801.0,162881525.77000004
2025-08-01 10:05:33 AM,180.1,40,7204.0,162888729.77000004
2025-08-01 10:05:37 AM,180.1,101,18190.1,162906919.87000003
2025-08-01 10:05:39 AM,180.1,11,1981.1,162908900.97000003
2025-08-01 10:05:43 AM,180.0,0,0.0,162908900.97000003
2025-08-01 10:05:43 AM,180.0,8175,1471500.0,164380400.97000003
2025-08-01 10:05:49 AM,179.83,0,0.0,164380400.97000003
2025-08-01 10:05:49 AM,179.83,78,14026.740000000002,164394427.71000004
2025-08-01 10:05:52 AM,179.91,0,0.0,164394427.71000004
2025-08-01 10:05:54 AM,179.93,0,0.0,164394427.71000004
2025-08-01 10:05:55 AM,179.93,731,131528.83000000002,164525956.54000005
2025-08-01 10:05:57 AM,179.89,10,1798.8999999999999,164527755.44000006
2025-08-01 10:05:58 AM,179.7,0,0.0,164527755.44000006
2025-08-01 10:06:01 AM,179.82,0,0.0,164527755.44000006
2025-08-01 10:06:01 AM,179.82,4989,897121.98,165424877.42000005
2025-08-01 10:06:03 AM,179.91,40,7196.4,165432073.82000005
2025-08-01 10:06:07 AM,179.88,20,3597.6,165435671.42000005
2025-08-01 10:06:12 AM,179.9,50,8995.0,165444666.42000005
2025-08-01 10:06:15 AM,179.8,0,0.0,165444666.42000005
2025-08-01 10:06:15 AM,179.8,1121,201555.80000000002,165646222.22000006
2025-08-01 10:06:18 AM,179.8,907,163078.6,165809300.82000005
2025-08-01 10:06:21 AM,179.8,4,719.2,165810020.02000004
2025-08-01 10:06:27 AM,179.8,809,145458.2,165955478.22000003
2025-08-01 10:06:30 AM,179.8,1,179.8,165955658.02000004
2025-08-01 10:06:33 AM,179.76,0,0.0,165955658.02000004
2025-08-01 10:06:33 AM,179.76,5304,953447.0399999999,166909105.06000003
2025-08-01 10:06:36 AM,179.76,3,539.28,166909644.34000003
2025-08-01 10:06:39 AM,179.7,7,1257.8999999999999,166910902.24000004
2025-08-01 10:06:42 AM,179.7,104,18688.8,166929591.04000005
2025-08-01 10:06:44 AM,179.7,10,1797.0,166931388.04000005
2025-08-01 10:06:47 AM,179.58,0,0.0,166931388.04000005
2025-08-01 10:06:47 AM,179.52,0,0.0,166931388.04000005
2025-08-01 10:06:49 AM,179.5,2899,520370.5,167451758.54000005
2025-08-01 10:06:50 AM,179.45,91,16329.949999999999,167468088.49000004
2025-08-01 10:06:57 AM,179.41,921,165236.61,167633325.10000005
2025-08-01 10:07:01 AM,179.45,0,0.0,167633325.10000005
2025-08-01 10:07:01 AM,179.45,45,8075.249999999999,167641400.35000005
2025-08-01 10:07:03 AM,179.45,3,538.3499999999999,167641938.70000005
2025-08-01 10:07:07 AM,179.41,0,0.0,167641938.70000005
2025-08-01 10:07:07 AM,179.41,101,18120.41,167660059.11000004
2025-08-01 10:07:13 AM,179.25,226,40510.5,167700569.61000004
2025-08-01 10:07:17 AM,179.19,0,0.0,167700569.61000004
2025-08-01 10:07:17 AM,179.23,0,0.0,167700569.61000004
2025-08-01 10:07:20 AM,179.42,1346,241499.31999999998,167942068.93000004
2025-08-01 10:07:22 AM,179.42,103,18480.26,167960549.19000003
2025-08-01 10:07:26 AM,179.28,77,13804.56,167974353.75000003
2025-08-01 10:07:30 AM,179.5,0,0.0,167974353.75000003
2025-08-01 10:07:30 AM,179.4,0,0.0,167974353.75000003
2025-08-01 10:07:32 AM,179.45,4466,801423.7,168775777.45000002
2025-08-01 10:07:34 AM,179.59,0,0.0,168775777.45000002
2025-08-01 10:07:34 AM,179.46,448,80398.08,168856175.53000003
2025-08-01 10:07:38 AM,179.62,0,0.0,168856175.53000003
2025-08-01 10:07:38 AM,179.62,100,17962.0,168874137.53000003
2025-08-01 10:07:40 AM,179.61,56,10058.16,168884195.69000003
2025-08-01 10:07:43 AM,179.6,0,0.0,168884195.69000003
2025-08-01 10:07:44 AM,179.6,304,54598.4,168938794.09000003
2025-08-01 10:07:46 AM,179.61,1,179.61,168938973.70000005
2025-08-01 10:07:48 AM,179.6,0,0.0,168938973.70000005
2025-08-01 10:07:50 AM,179.61,14,2514.54,168941488.24000004
2025-08-01 10:07:52 AM,179.5,403,72338.5,169013826.74000004
2025-08-01 10:07:54 AM,179.42,0,0.0,169013826.74000004
2025-08-01 10:07:57 AM,179.42,115,20633.3,169034460.04000005
2025-08-01 10:07:58 AM,179.42,10,1794.1999999999998,169036254.24000004
2025-08-01 10:08:03 AM,179.3,412,73871.6,169110125.84000003
2025-08-01 10:08:04 AM,179.2,0,0.0,169110125.84000003
2025-08-01 10:08:04 AM,179.2,193,34585.6,169144711.44000003
2025-08-01 10:08:08 AM,179.3,0,0.0,169144711.44000003
2025-08-01 10:08:09 AM,179.3,28,5020.400000000001,169149731.84000003
2025-08-01 10:08:11 AM,179.3,124,22233.2,169171965.04000002
2025-08-01 10:08:17 AM,179.42,0,0.0,169171965.04000002
2025-08-01 10:08:17 AM,179.42,300,53825.99999999999,169225791.04000002
2025-08-01 10:08:21 AM,179.25,0,0.0,169225791.04000002
2025-08-01 10:08:21 AM,179.25,4126,739585.5,169965376.54000002
2025-08-01 10:08:23 AM,179.35,2,358.7,169965735.24
2025-08-01 10:08:27 AM,179.35,2,358.7,169966093.94
2025-08-01 10:08:31 AM,179.38,0,0.0,169966093.94
2025-08-01 10:08:34 AM,179.38,57,10224.66,169976318.6
2025-08-01 10:08:36 AM,179.37,0,0.0,169976318.6
2025-08-01 10:08:39 AM,179.37,522,93631.14,170069949.73999998
2025-08-01 10:08:41 AM,179.42,50,8971.0,170078920.73999998
2025-08-01 10:08:45 AM,179.37,0,0.0,170078920.73999998
2025-08-01 10:08:45 AM,179.37,3000,538110.0,170617030.73999998
2025-08-01 10:08:47 AM,179.42,1,179.42,170617210.15999997
2025-08-01 10:08:51 AM,179.48,0,0.0,170617210.15999997
2025-08-01 10:08:51 AM,179.48,1,179.48,170617389.63999996
2025-08-01 10:08:53 AM,179.48,50,8974.0,170626363.63999996
2025-08-01 10:08:59 AM,179.48,152,27280.96,170653644.59999996
2025-08-01 10:09:06 AM,179.5,0,0.0,170653644.59999996
2025-08-01 10:09:09 AM,179.5,514,92263.0,170745907.59999996
2025-08-01 10:09:11 AM,179.5,50,8975.0,170754882.59999996
2025-08-01 10:09:12 AM,179.57,0,0.0,170754882.59999996
2025-08-01 10:09:15 AM,179.57,50,8978.5,170763861.09999996
2025-08-01 10:09:21 AM,179.56,0,0.0,170763861.09999996
2025-08-01 10:09:21 AM,179.56,31,5566.36,170769427.45999998
2025-08-01 10:09:27 AM,179.55,0,0.0,170769427.45999998
2025-08-01 10:09:27 AM,179.55,16,2872.8,170772300.26
2025-08-01 10:09:29 AM,179.55,2,359.1,170772659.35999998
2025-08-01 10:09:33 AM,179.55,26,4668.3,170777327.66
2025-08-01 10:09:34 AM,179.56,0,0.0,170777327.66
2025-08-01 10:09:34 AM,179.56,500,89780.0,170867107.66
2025-08-01 10:09:37 AM,179.5,0,0.0,170867107.66
2025-08-01 10:09:38 AM,179.57,800,143656.0,171010763.66
2025-08-01 10:09:49 AM,179.5,0,0.0,171010763.66
2025-08-01 10:09:50 AM,179.57,600,107742.0,171118505.66
2025-08-01 10:09:55 AM,179.57,15,2693.5499999999997,171121199.21
2025-08-01 10:10:01 AM,179.57,50,8978.5,171130177.71
2025-08-01 10:10:03 AM,179.57,110,19752.7,171149930.41
2025-08-01 10:10:06 AM,179.59,0,0.0,171149930.41
2025-08-01 10:10:07 AM,179.59,250,44897.5,171194827.91
2025-08-01 10:10:12 AM,179.6,0,0.0,171194827.91
2025-08-01 10:10:13 AM,179.49,0,0.0,171194827.91
2025-08-01 10:10:13 AM,179.49,2749,493418.01,171688245.92
2025-08-01 10:10:15 AM,179.48,0,0.0,171688245.92
2025-08-01 10:10:15 AM,179.48,10,1794.8,171690040.72
2025-08-01 10:10:19 AM,179.4,100,17940.0,171707980.72
2025-08-01 10:10:20 AM,179.45,0,0.0,171707980.72
2025-08-01 10:10:21 AM,179.45,11,1973.9499999999998,171709954.67
2025-08-01 10:10:31 AM,179.45,723,129742.34999999999,171839697.01999998
2025-08-01 10:10:32 AM,179.5,48,8616.0,171848313.01999998
2025-08-01 10:10:36 AM,179.45,0,0.0,171848313.01999998
2025-08-01 10:10:37 AM,179.37,452,81075.24,171929388.26
2025-08-01 10:10:38 AM,179.45,600,107670.0,172037058.26
2025-08-01 10:10:43 AM,179.42,20,3588.3999999999996,172040646.66
2025-08-01 10:10:44 AM,179.42,125,22427.5,172063074.16
2025-08-01 10:10:48 AM,179.47,0,0.0,172063074.16
2025-08-01 10:10:49 AM,179.47,20,3589.4,172066663.56
2025-08-01 10:10:51 AM,179.47,50,8973.5,172075637.06
2025-08-01 10:10:54 AM,179.33,0,0.0,172075637.06
2025-08-01 10:10:55 AM,179.46,520,93319.2,172168956.26
2025-08-01 10:11:06 AM,179.46,20,3589.2000000000003,172172545.45999998
2025-08-01 10:11:12 AM,179.46,394,70707.24,172243252.7
2025-08-01 10:11:24 AM,179.55,0,0.0,172243252.7
2025-08-01 10:11:24 AM,179.55,237,42553.350000000006,172285806.04999998
2025-08-01 10:11:25 AM,179.55,284,50992.200000000004,172336798.24999997
2025-08-01 10:11:29 AM,179.59,0,0.0,172336798.24999997
2025-08-01 10:11:30 AM,179.59,93,16701.87,172353500.11999997
2025-08-01 10:11:37 AM,179.64,185,33233.399999999994,172386733.51999998
2025-08-01 10:11:41 AM,179.63,110,19759.3,172406492.82
2025-08-01 10:11:43 AM,179.64,1,179.64,172406672.45999998
2025-08-01 10:11:47 AM,179.64,1,179.64,172406852.09999996
2025-08-01 10:11:48 AM,179.5,1400,251300.0,172658152.09999996
2025-08-01 10:11:54 AM,179.64,2,359.28,172658511.37999997
2025-08-01 10:11:59 AM,179.64,10,1796.3999999999999,172660307.77999997
2025-08-01 10:12:06 AM,179.69,0,0.0,172660307.77999997
2025-08-01 10:12:06 AM,179.69,503,90384.06999999999,172750691.84999996
2025-08-01 10:12:09 AM,179.83,0,0.0,172750691.84999996
2025-08-01 10:12:11 AM,179.83,305,54848.15,172805539.99999997
2025-08-01 10:12:12 AM,179.71,50,8985.5,172814525.49999997
2025-08-01 10:12:15 AM,179.82,0,0.0,172814525.49999997
2025-08-01 10:12:15 AM,179.84,0,0.0,172814525.49999997
2025-08-01 10:12:17 AM,179.84,2,359.68,172814885.17999998
2025-08-01 10:12:17 AM,179.84,1,179.84,172815065.01999998
2025-08-01 10:12:21 AM,179.82,0,0.0,172815065.01999998
2025-08-01 10:12:22 AM,179.81,412,74081.72,172889146.73999998
2025-08-01 10:12:23 AM,179.68,31,5570.08,172894716.82
2025-08-01 10:12:27 AM,179.79,0,0.0,172894716.82
2025-08-01 10:12:27 AM,179.68,0,0.0,172894716.82
2025-08-01 10:12:28 AM,179.82,1207,217042.74,173111759.56
2025-08-01 10:12:33 AM,179.81,0,0.0,173111759.56
2025-08-01 10:12:34 AM,179.82,395,71028.9,173182788.46
2025-08-01 10:12:36 AM,179.8,0,0.0,173182788.46
2025-08-01 10:12:39 AM,179.82,0,0.0,173182788.46
2025-08-01 10:12:40 AM,179.82,655,117782.09999999999,173300570.56
2025-08-01 10:12:46 AM,179.81,10,1798.1,173302368.66
2025-08-01 10:12:51 AM,179.81,100,17981.0,173320349.66
2025-08-01 10:12:52 AM,179.82,1,179.82,173320529.48
2025-08-01 10:12:54 AM,179.81,0,0.0,173320529.48
2025-08-01 10:12:57 AM,179.81,111,19958.91,173340488.39
2025-08-01 10:12:57 AM,179.82,2,359.64,173340848.02999997
2025-08-01 10:13:00 AM,179.81,0,0.0,173340848.02999997
2025-08-01 10:13:03 AM,179.82,41,7372.62,173348220.64999998
2025-08-01 10:13:08 AM,179.85,5,899.25,173349119.89999998
2025-08-01 10:13:09 AM,179.85,100,17985.0,173367104.89999998
2025-08-01 10:13:14 AM,179.86,641,115290.26000000001,173482395.15999997
2025-08-01 10:13:20 AM,179.81,166,29848.46,173512243.61999997
2025-08-01 10:13:30 AM,179.88,0,0.0,173512243.61999997
2025-08-01 10:13:32 AM,179.88,100,17988.0,173530231.61999997
2025-08-01 10:13:36 AM,179.89,0,0.0,173530231.61999997
2025-08-01 10:13:38 AM,179.89,1,179.89,173530411.50999996
2025-08-01 10:13:44 AM,179.89,150,26983.499999999996,173557395.00999996
2025-08-01 10:13:48 AM,179.88,0,0.0,173557395.00999996
2025-08-01 10:13:50 AM,179.9,6059,1090014.1,174647409.10999995
2025-08-01 10:13:56 AM,179.89,1,179.89,174647588.99999994
2025-08-01 10:13:57 AM,179.9,0,0.0,174647588.99999994
2025-08-01 10:13:57 AM,179.9,4000,719600.0,175367188.99999994
2025-08-01 10:14:02 AM,179.91,13,2338.83,175369527.82999995
2025-08-01 10:14:03 AM,179.93,0,0.0,175369527.82999995
2025-08-01 10:14:07 AM,179.93,27,4858.110000000001,175374385.93999997
2025-08-01 10:14:13 AM,179.93,100,17993.0,175392378.93999997
2025-08-01 10:14:18 AM,179.89,0,0.0,175392378.93999997
2025-08-01 10:14:19 AM,179.89,2925,526178.25,175918557.18999997
2025-08-01 10:14:20 AM,179.83,1,179.83,175918737.01999998
2025-08-01 10:14:24 AM,179.91,0,0.0,175918737.01999998
2025-08-01 10:14:25 AM,179.91,100,17991.0,175936728.01999998
2025-08-01 10:14:33 AM,179.9,0,0.0,175936728.01999998
2025-08-01 10:14:36 AM,179.9,77,13852.300000000001,175950580.32
2025-08-01 10:14:37 AM,179.9,210,37779.0,175988359.32
2025-08-01 10:14:42 AM,179.9,122,21947.8,176010307.12
2025-08-01 10:14:54 AM,179.9,9,1619.1000000000001,176011926.22
2025-08-01 10:15:00 AM,179.9,53,9534.7,176021460.92
2025-08-01 10:15:02 AM,179.93,0,0.0,176021460.92
2025-08-01 10:15:05 AM,179.82,219,39380.58,176060841.5
2025-08-01 10:15:13 AM,179.93,0,0.0,176060841.5
2025-08-01 10:15:17 AM,179.93,3,539.79,176061381.29
2025-08-01 10:15:18 AM,179.92,10,1799.1999999999998,176063180.48999998
2025-08-01 10:15:20 AM,179.93,0,0.0,176063180.48999998
2025-08-01 10:15:23 AM,179.82,0,0.0,176063180.48999998
2025-08-01 10:15:23 AM,179.93,359,64594.87,176127775.35999998
2025-08-01 10:15:29 AM,179.93,175,31487.75,176159263.10999998
2025-08-01 10:15:35 AM,179.93,3,539.79,176159802.89999998
2025-08-01 10:15:41 AM,179.93,10,1799.3000000000002,176161602.2
2025-08-01 10:15:45 AM,179.84,0,0.0,176161602.2
2025-08-01 10:15:47 AM,179.84,241,43341.44,176204943.64
2025-08-01 10:15:50 AM,179.93,0,0.0,176204943.64
2025-08-01 10:15:53 AM,179.93,20,3598.6000000000004,176208542.23999998
2025-08-01 10:15:59 AM,179.93,6,1079.58,176209621.82
2025-08-01 10:16:05 AM,179.93,10,1799.3000000000002,176211421.12
2025-08-01 10:16:10 AM,179.93,28,5038.04,176216459.16
2025-08-01 10:16:16 AM,179.93,620,111556.6,176328015.76
2025-08-01 10:16:20 AM,180.0,0,0.0,176328015.76
2025-08-01 10:16:21 AM,179.99,0,0.0,176328015.76
2025-08-01 10:16:22 AM,179.99,2587,465634.13,176793649.89
2025-08-01 10:16:26 AM,180.1,0,0.0,176793649.89
2025-08-01 10:16:28 AM,180.1,3,540.3,176794190.19
2025-08-01 10:16:38 AM,180.09,0,0.0,176794190.19
2025-08-01 10:16:39 AM,180.1,0,0.0,176794190.19
2025-08-01 10:16:40 AM,180.15,978,176186.7,176970376.89
2025-08-01 10:16:45 AM,180.2,34,6126.799999999999,176976503.69
2025-08-01 10:16:51 AM,180.2,1,180.2,176976683.89
2025-08-01 10:16:56 AM,180.2,100,18020.0,176994703.89
2025-08-01 10:17:02 AM,180.2,425,76585.0,177071288.89
2025-08-01 10:17:05 AM,180.15,0,0.0,177071288.89
2025-08-01 10:17:06 AM,180.2,0,0.0,177071288.89
2025-08-01 10:17:08 AM,180.2,101,18200.199999999997,177089489.08999997
2025-08-01 10:17:13 AM,180.2,824,148484.8,177237973.89
2025-08-01 10:17:19 AM,180.2,100,18020.0,177255993.89
2025-08-01 10:17:25 AM,180.2,165,29732.999999999996,177285726.89
2025-08-01 10:17:31 AM,180.2,113,20362.6,177306089.48999998
2025-08-01 10:17:36 AM,180.28,0,0.0,177306089.48999998
2025-08-01 10:17:36 AM,180.28,800,144224.0,177450313.48999998
2025-08-01 10:17:38 AM,180.29,0,0.0,177450313.48999998
2025-08-01 10:17:42 AM,180.35,0,0.0,177450313.48999998
2025-08-01 10:17:42 AM,180.35,2023,364848.05,177815161.54
2025-08-01 10:17:45 AM,180.26,0,0.0,177815161.54
2025-08-01 10:17:47 AM,180.35,0,0.0,177815161.54
2025-08-01 10:17:48 AM,180.35,550,99192.5,177914354.04
2025-08-01 10:17:51 AM,180.36,0,0.0,177914354.04
2025-08-01 10:17:54 AM,180.3,0,0.0,177914354.04
2025-08-01 10:17:54 AM,180.3,2812,507003.60000000003,178421357.64
2025-08-01 10:17:54 AM,180.29,10,1802.8999999999999,178423160.54
2025-08-01 10:17:59 AM,180.22,0,0.0,178423160.54
2025-08-01 10:18:00 AM,180.22,50,9011.0,178432171.54
2025-08-01 10:18:03 AM,180.23,0,0.0,178432171.54
2025-08-01 10:18:06 AM,180.23,128,23069.44,178455240.98
2025-08-01 10:18:12 AM,180.31,504,90876.24,178546117.22
2025-08-01 10:18:23 AM,180.39,0,0.0,178546117.22
2025-08-01 10:18:23 AM,180.39,2520,454582.8,179000700.02
2025-08-01 10:18:26 AM,180.37,0,0.0,179000700.02
2025-08-01 10:18:29 AM,180.37,45,8116.650000000001,179008816.67000002
2025-08-01 10:18:32 AM,180.35,0,0.0,179008816.67000002
2025-08-01 10:18:35 AM,180.39,0,0.0,179008816.67000002
2025-08-01 10:18:35 AM,180.39,175,31568.249999999996,179040384.92000002
2025-08-01 10:18:35 AM,180.35,50,9017.5,179049402.42000002
2025-08-01 10:18:38 AM,180.56,0,0.0,179049402.42000002
2025-08-01 10:18:39 AM,180.54,0,0.0,179049402.42000002
2025-08-01 10:18:41 AM,180.54,1265,228383.09999999998,179277785.52
2025-08-01 10:18:43 AM,180.75,0,0.0,179277785.52
2025-08-01 10:18:46 AM,180.75,2810,507907.5,179785693.02
2025-08-01 10:18:52 AM,180.78,0,0.0,179785693.02
2025-08-01 10:18:52 AM,180.78,13,2350.14,179788043.16
2025-08-01 10:18:54 AM,181.08,0,0.0,179788043.16
2025-08-01 10:18:55 AM,181.12,0,0.0,179788043.16
2025-08-01 10:18:56 AM,181.11,0,0.0,179788043.16
2025-08-01 10:18:57 AM,181.11,6398,1158741.78,180946784.94
2025-08-01 10:19:03 AM,181.11,818,148147.98,181094932.92
2025-08-01 10:19:09 AM,181.15,54,9782.1,181104715.01999998
2025-08-01 10:19:10 AM,181.11,0,0.0,181104715.01999998
2025-08-01 10:19:12 AM,181.2,0,0.0,181104715.01999998
2025-08-01 10:19:15 AM,181.23,1320,239223.59999999998,181343938.61999997
2025-08-01 10:19:19 AM,181.32,0,0.0,181343938.61999997
2025-08-01 10:19:21 AM,181.32,1482,268716.24,181612654.85999998
2025-08-01 10:19:25 AM,181.4,0,0.0,181612654.85999998
2025-08-01 10:19:26 AM,181.36,3965,719092.4,182331747.26
2025-08-01 10:19:27 AM,181.36,301,54589.36,182386336.62
2025-08-01 10:19:28 AM,181.46,0,0.0,182386336.62
2025-08-01 10:19:31 AM,181.24,0,0.0,182386336.62
2025-08-01 10:19:32 AM,181.36,4185,758991.6000000001,183145328.22
2025-08-01 10:19:33 AM,181.32,174,31549.68,183176877.9
2025-08-01 10:19:37 AM,181.34,0,0.0,183176877.9
2025-08-01 10:19:38 AM,181.35,315,57125.25,183234003.15
2025-08-01 10:19:39 AM,181.34,14,2538.76,183236541.91
2025-08-01 10:19:43 AM,181.34,8,1450.72,183237992.63
2025-08-01 10:19:44 AM,181.34,4,725.36,183238717.99
2025-08-01 10:19:49 AM,181.29,0,0.0,183238717.99
2025-08-01 10:19:49 AM,181.29,1309,237308.61,183476026.60000002
2025-08-01 10:19:52 AM,181.28,0,0.0,183476026.60000002
2025-08-01 10:19:54 AM,181.29,0,0.0,183476026.60000002
2025-08-01 10:19:54 AM,181.39,0,0.0,183476026.60000002
2025-08-01 10:19:55 AM,181.31,514,93193.34,183569219.94000003
2025-08-01 10:19:56 AM,181.28,5,906.4,183570126.34000003
2025-08-01 10:20:00 AM,181.28,11,1994.08,183572120.42000005
2025-08-01 10:20:01 AM,181.31,3,543.9300000000001,183572664.35000005
2025-08-01 10:20:02 AM,181.25,0,0.0,183572664.35000005
2025-08-01 10:20:05 AM,181.25,736,133400.0,183706064.35000005
2025-08-01 10:20:12 AM,181.15,6176,1118782.4000000001,184824846.75000006
2025-08-01 10:20:22 AM,181.25,0,0.0,184824846.75000006
2025-08-01 10:20:23 AM,181.22,892,161648.24,184986494.99000007
2025-08-01 10:20:36 AM,181.3,0,0.0,184986494.99000007
2025-08-01 10:20:36 AM,181.3,25,4532.5,184991027.49000007
2025-08-01 10:20:39 AM,181.5,0,0.0,184991027.49000007
2025-08-01 10:20:41 AM,181.5,7729,1402813.5,186393840.99000007
2025-08-01 10:20:43 AM,181.5,2296,416724.0,186810564.99000007
2025-08-01 10:20:49 AM,181.5,3645,661567.5,187472132.49000007
2025-08-01 10:20:53 AM,181.5,350,63525.0,187535657.49000007
2025-08-01 10:21:00 AM,181.53,25,4538.25,187540195.74000007
2025-08-01 10:21:06 AM,181.45,1701,308646.44999999995,187848842.19000006
2025-08-01 10:21:09 AM,181.31,0,0.0,187848842.19000006
2025-08-01 10:21:09 AM,181.31,25,4532.75,187853374.94000006
2025-08-01 10:21:11 AM,181.42,0,0.0,187853374.94000006
2025-08-01 10:21:11 AM,181.42,50,9071.0,187862445.94000006
2025-08-01 10:21:15 AM,181.27,0,0.0,187862445.94000006
2025-08-01 10:21:15 AM,181.27,41,7432.070000000001,187869878.01000005
2025-08-01 10:21:17 AM,181.34,0,0.0,187869878.01000005
2025-08-01 10:21:17 AM,181.34,200,36268.0,187906146.01000005
2025-08-01 10:21:19 AM,181.33,0,0.0,187906146.01000005
2025-08-01 10:21:21 AM,181.22,0,0.0,187906146.01000005
2025-08-01 10:21:21 AM,181.22,15,2718.3,187908864.31000006
2025-08-01 10:21:25 AM,181.3,0,0.0,187908864.31000006
2025-08-01 10:21:26 AM,181.3,14,2538.2000000000003,187911402.51000005
2025-08-01 10:21:28 AM,181.3,2,362.6,187911765.11000004
2025-08-01 10:21:33 AM,181.2,1000,181200.0,188092965.11000004
2025-08-01 10:21:39 AM,181.3,901,163351.30000000002,188256316.41000006
2025-08-01 10:21:42 AM,181.21,0,0.0,188256316.41000006
2025-08-01 10:21:42 AM,181.21,51,9241.710000000001,188265558.12000006
2025-08-01 10:21:48 AM,181.3,0,0.0,188265558.12000006
2025-08-01 10:21:48 AM,181.3,895,162263.5,188427821.62000006
2025-08-01 10:21:50 AM,181.3,10,1813.0,188429634.62000006
2025-08-01 10:21:54 AM,181.35,0,0.0,188429634.62000006
2025-08-01 10:21:54 AM,181.35,388,70363.8,188499998.42000008
2025-08-01 10:21:56 AM,181.4,1,181.4,188500179.82000008
2025-08-01 10:22:03 AM,181.42,0,0.0,188500179.82000008
2025-08-01 10:22:05 AM,181.42,1,181.42,188500361.24000007
2025-08-01 10:22:07 AM,181.49,1,181.49,188500542.73000008
2025-08-01 10:22:21 AM,181.53,0,0.0,188500542.73000008
2025-08-01 10:22:23 AM,181.59,2186,396955.74,188897498.4700001
2025-08-01 10:22:24 AM,181.69,0,0.0,188897498.4700001
2025-08-01 10:22:25 AM,181.69,250,45422.5,188942920.9700001
2025-08-01 10:22:27 AM,181.7,0,0.0,188942920.9700001
2025-08-01 10:22:29 AM,181.7,214,38883.799999999996,188981804.7700001
2025-08-01 10:22:33 AM,181.74,0,0.0,188981804.7700001
2025-08-01 10:22:34 AM,181.74,9607,1745976.1800000002,190727780.9500001
2025-08-01 10:22:36 AM,182.07,0,0.0,190727780.9500001
2025-08-01 10:22:36 AM,182.0,2599,473018.0,191200798.9500001
2025-08-01 10:22:40 AM,182.0,319,58058.0,191258856.9500001
2025-08-01 10:22:42 AM,182.02,900,163818.0,191422674.9500001
2025-08-01 10:22:45 AM,182.0,0,0.0,191422674.9500001
2025-08-01 10:22:45 AM,182.0,4,728.0,191423402.9500001
2025-08-01 10:22:51 AM,182.0,1100,200200.0,191623602.9500001
2025-08-01 10:22:53 AM,182.03,2175,395915.25,192019518.2000001
2025-08-01 10:22:56 AM,182.0,50,9100.0,192028618.2000001
2025-08-01 10:22:58 AM,182.0,155,28210.0,192056828.2000001
2025-08-01 10:23:04 AM,182.0,500,91000.0,192147828.2000001
2025-08-01 10:23:05 AM,181.98,0,0.0,192147828.2000001
2025-08-01 10:23:07 AM,181.9,1543,280671.7,192428499.9000001
2025-08-01 10:23:16 AM,181.71,1,181.71,192428681.6100001
2025-08-01 10:23:18 AM,181.85,0,0.0,192428681.6100001
2025-08-01 10:23:19 AM,181.85,100,18185.0,192446866.6100001
2025-08-01 10:23:20 AM,181.92,0,0.0,192446866.6100001
2025-08-01 10:23:22 AM,181.72,501,91041.72,192537908.3300001
2025-08-01 10:23:28 AM,181.71,63,11447.730000000001,192549356.0600001
2025-08-01 10:23:33 AM,181.7,0,0.0,192549356.0600001
2025-08-01 10:23:33 AM,181.59,109,19793.31,192569149.3700001
2025-08-01 10:23:36 AM,181.59,50,9079.5,192578228.8700001
2025-08-01 10:23:38 AM,181.57,0,0.0,192578228.8700001
2025-08-01 10:23:39 AM,181.57,250,45392.5,192623621.3700001
2025-08-01 10:23:41 AM,181.7,0,0.0,192623621.3700001
2025-08-01 10:23:41 AM,181.7,5,908.5,192624529.8700001
2025-08-01 10:23:50 AM,181.7,1000,181700.0,192806229.8700001
2025-08-01 10:23:55 AM,181.84,0,0.0,192806229.8700001
2025-08-01 10:23:56 AM,181.84,8215,1493815.6,194300045.4700001
2025-08-01 10:24:05 AM,181.97,0,0.0,194300045.4700001
2025-08-01 10:24:07 AM,181.58,1374,249490.92,194549536.39000008
2025-08-01 10:24:09 AM,181.84,0,0.0,194549536.39000008
2025-08-01 10:24:09 AM,181.84,2300,418232.0,194967768.39000008
2025-08-01 10:24:20 AM,181.64,10,1816.3999999999999,194969584.79000008
2025-08-01 10:24:22 AM,181.8,0,0.0,194969584.79000008
2025-08-01 10:24:23 AM,181.65,0,0.0,194969584.79000008
2025-08-01 10:24:23 AM,181.65,220,39963.0,195009547.79000008
2025-08-01 10:24:26 AM,181.77,0,0.0,195009547.79000008
2025-08-01 10:24:29 AM,181.77,50,9088.5,195018636.29000008
2025-08-01 10:24:36 AM,181.77,305,55439.850000000006,195074076.14000008
2025-08-01 10:24:40 AM,181.77,2,363.54,195074439.68000007
2025-08-01 10:24:42 AM,181.71,0,0.0,195074439.68000007
2025-08-01 10:24:42 AM,181.71,201,36523.71,195110963.39000008
2025-08-01 10:24:44 AM,181.77,0,0.0,195110963.39000008
2025-08-01 10:24:45 AM,181.77,174,31627.980000000003,195142591.37000006
2025-08-01 10:24:48 AM,181.7,0,0.0,195142591.37000006
2025-08-01 10:24:51 AM,181.7,913,165892.09999999998,195308483.47000006
2025-08-01 10:24:53 AM,181.7,157,28526.899999999998,195337010.37000006
2025-08-01 10:24:58 AM,181.74,0,0.0,195337010.37000006
2025-08-01 10:24:58 AM,181.74,12933,2350443.42,197687453.79000005
2025-08-01 10:25:00 AM,181.75,0,0.0,197687453.79000005
2025-08-01 10:25:01 AM,181.75,150,27262.5,197714716.29000005
2025-08-01 10:25:06 AM,181.8,0,0.0,197714716.29000005
2025-08-01 10:25:08 AM,181.71,51,9267.210000000001,197723983.50000006
2025-08-01 10:25:10 AM,181.8,0,0.0,197723983.50000006
2025-08-01 10:25:10 AM,181.8,1,181.8,197724165.30000007
2025-08-01 10:25:17 AM,181.67,0,0.0,197724165.30000007
2025-08-01 10:25:20 AM,181.62,330,59934.6,197784099.90000007
2025-08-01 10:25:25 AM,181.77,0,0.0,197784099.90000007
2025-08-01 10:25:25 AM,181.77,55,9997.35,197794097.25000006
2025-08-01 10:25:28 AM,181.77,100,18177.0,197812274.25000006
2025-08-01 10:25:36 AM,181.77,50,9088.5,197821362.75000006
2025-08-01 10:25:44 AM,181.67,82,14896.939999999999,197836259.69000006
2025-08-01 10:25:46 AM,181.62,0,0.0,197836259.69000006
2025-08-01 10:25:47 AM,181.62,320,58118.4,197894378.09000006
2025-08-01 10:25:52 AM,181.7,0,0.0,197894378.09000006
2025-08-01 10:25:53 AM,181.7,1,181.7,197894559.79000005
2025-08-01 10:26:03 AM,181.85,0,0.0,197894559.79000005
2025-08-01 10:26:04 AM,181.85,7517,1366966.45,199261526.24000004
2025-08-01 10:26:09 AM,181.9,0,0.0,199261526.24000004
2025-08-01 10:26:09 AM,181.9,30,5457.0,199266983.24000004
2025-08-01 10:26:11 AM,181.9,100,18190.0,199285173.24000004
2025-08-01 10:26:18 AM,181.89,0,0.0,199285173.24000004
2025-08-01 10:26:21 AM,181.81,421,76542.01,199361715.25000003
2025-08-01 10:26:29 AM,181.85,54,9819.9,199371535.15000004
2025-08-01 10:26:34 AM,181.85,3,545.55,199372080.70000005
2025-08-01 10:26:38 AM,181.85,203,36915.549999999996,199408996.25000006
2025-08-01 10:26:44 AM,181.85,2,363.7,199409359.95000005
2025-08-01 10:26:45 AM,181.82,0,0.0,199409359.95000005
2025-08-01 10:26:46 AM,181.82,7,1272.74,199410632.69000006
2025-08-01 10:26:48 AM,181.71,0,0.0,199410632.69000006
2025-08-01 10:26:49 AM,181.82,0,0.0,199410632.69000006
2025-08-01 10:26:49 AM,181.82,1505,273639.1,199684271.79000005
2025-08-01 10:26:55 AM,181.82,1,181.82,199684453.61000004
2025-08-01 10:27:01 AM,181.82,25,4545.5,199688999.11000004
2025-08-01 10:27:03 AM,181.82,105,19091.1,199708090.21000004
2025-08-01 10:27:15 AM,181.82,531,96546.42,199804636.63000003
2025-08-01 10:27:19 AM,182.0,0,0.0,199804636.63000003
2025-08-01 10:27:21 AM,182.0,10382,1889524.0,201694160.63000003
2025-08-01 10:27:32 AM,182.0,30,5460.0,201699620.63000003
2025-08-01 10:27:34 AM,181.99,0,0.0,201699620.63000003
2025-08-01 10:27:34 AM,181.99,4,727.96,201700348.59000003
2025-08-01 10:27:36 AM,182.0,0,0.0,201700348.59000003
2025-08-01 10:27:37 AM,182.05,0,0.0,201700348.59000003
2025-08-01 10:27:37 AM,182.05,912,166029.6,201866378.19000003
2025-08-01 10:27:39 AM,182.05,28,5097.400000000001,201871475.59000003
2025-08-01 10:27:48 AM,182.01,0,0.0,201871475.59000003
2025-08-01 10:27:48 AM,182.01,100,18201.0,201889676.59000003
2025-08-01 10:27:50 AM,181.99,0,0.0,201889676.59000003
2025-08-01 10:27:51 AM,181.99,1296,235859.04,202125535.63000003
2025-08-01 10:27:58 AM,182.0,0,0.0,202125535.63000003
2025-08-01 10:27:59 AM,182.0,10,1820.0,202127355.63000003
2025-08-01 10:28:07 AM,182.0,50,9100.0,202136455.63000003
2025-08-01 10:28:12 AM,182.08,0,0.0,202136455.63000003
2025-08-01 10:28:12 AM,182.08,1,182.08,202136637.71000004
2025-08-01 10:28:15 AM,182.08,3,546.24,202137183.95000005
2025-08-01 10:28:17 AM,182.08,201,36598.08,202173782.03000006
2025-08-01 10:28:22 AM,182.0,0,0.0,202173782.03000006
2025-08-01 10:28:23 AM,182.0,5,910.0,202174692.03000006
2025-08-01 10:28:30 AM,182.08,0,0.0,202174692.03000006
2025-08-01 10:28:31 AM,182.08,2,364.16,202175056.19000006
2025-08-01 10:28:51 AM,182.0,0,0.0,202175056.19000006
2025-08-01 10:28:51 AM,182.0,176,32032.0,202207088.19000006
2025-08-01 10:28:57 AM,182.0,635,115570.0,202322658.19000006
2025-08-01 10:28:59 AM,182.05,1,182.05,202322840.24000007
2025-08-01 10:29:02 AM,181.97,0,0.0,202322840.24000007
2025-08-01 10:29:02 AM,181.97,2450,445826.5,202768666.74000007
2025-08-01 10:29:04 AM,181.97,100,18197.0,202786863.74000007
2025-08-01 10:29:08 AM,181.99,0,0.0,202786863.74000007
2025-08-01 10:29:08 AM,181.99,26,4731.74,202791595.48000008
2025-08-01 10:29:26 AM,181.83,0,0.0,202791595.48000008
2025-08-01 10:29:27 AM,181.98,203,36941.939999999995,202828537.42000008
2025-08-01 10:29:32 AM,181.95,0,0.0,202828537.42000008
2025-08-01 10:29:32 AM,181.95,500,90975.0,202919512.42000008
2025-08-01 10:29:43 AM,181.95,160,29112.0,202948624.42000008
2025-08-01 10:29:46 AM,181.95,25,4548.75,202953173.17000008
2025-08-01 10:29:52 AM,181.84,0,0.0,202953173.17000008
2025-08-01 10:29:52 AM,181.84,258,46914.72,203000087.89000008
2025-08-01 10:29:55 AM,181.94,3,545.8199999999999,203000633.71000007
2025-08-01 10:29:58 AM,181.8,0,0.0,203000633.71000007
2025-08-01 10:30:00 AM,181.95,0,0.0,203000633.71000007
2025-08-01 10:30:00 AM,181.95,550,100072.5,203100706.21000007
2025-08-01 10:30:03 AM,181.9,0,0.0,203100706.21000007
2025-08-01 10:30:03 AM,181.9,31,5638.900000000001,203106345.11000007
2025-08-01 10:30:09 AM,181.9,104,18917.600000000002,203125262.71000007
2025-08-01 10:30:12 AM,181.9,10,1819.0,203127081.71000007
2025-08-01 10:30:15 AM,181.82,25,4545.5,203131627.21000007
2025-08-01 10:30:23 AM,181.9,0,0.0,203131627.21000007
2025-08-01 10:30:23 AM,181.9,1,181.9,203131809.11000007
2025-08-01 10:30:29 AM,181.82,0,0.0,203131809.11000007
2025-08-01 10:30:29 AM,181.82,213,38727.659999999996,203170536.77000007
2025-08-01 10:30:35 AM,181.9,0,0.0,203170536.77000007
2025-08-01 10:30:35 AM,181.9,51,9276.9,203179813.67000008
2025-08-01 10:30:46 AM,181.9,500,90950.0,203270763.67000008
2025-08-01 10:30:52 AM,181.84,232,42186.88,203312950.55000007
2025-08-01 10:31:03 AM,181.89,0,0.0,203312950.55000007
2025-08-01 10:31:03 AM,181.89,200,36378.0,203349328.55000007
2025-08-01 10:31:05 AM,181.84,0,0.0,203349328.55000007
2025-08-01 10:31:06 AM,181.84,1900,345496.0,203694824.55000007
2025-08-01 10:31:18 AM,181.74,200,36348.0,203731172.55000007
2025-08-01 10:31:21 AM,181.74,100,18174.0,203749346.55000007
2025-08-01 10:31:26 AM,181.75,92,16721.0,203766067.55000007
2025-08-01 10:31:34 AM,181.85,10,1818.5,203767886.05000007
2025-08-01 10:31:43 AM,181.95,0,0.0,203767886.05000007
2025-08-01 10:31:45 AM,181.95,4232,770012.3999999999,204537898.45000008
2025-08-01 10:31:48 AM,181.92,178,32381.76,204570280.21000007
2025-08-01 10:31:51 AM,181.98,1,181.98,204570462.19000006
2025-08-01 10:31:55 AM,181.95,0,0.0,204570462.19000006
2025-08-01 10:31:55 AM,181.95,942,171396.9,204741859.09000006
2025-08-01 10:31:58 AM,181.96,0,0.0,204741859.09000006
2025-08-01 10:31:58 AM,181.96,25,4549.0,204746408.09000006
2025-08-01 10:32:04 AM,182.05,0,0.0,204746408.09000006
2025-08-01 10:32:04 AM,182.05,138,25122.9,204771530.99000007
2025-08-01 10:32:07 AM,182.12,0,0.0,204771530.99000007
2025-08-01 10:32:08 AM,182.12,3501,637602.12,205409133.11000007
2025-08-01 10:32:14 AM,182.14,23,4189.219999999999,205413322.33000007
2025-08-01 10:32:18 AM,182.19,1,182.19,205413504.52000007
2025-08-01 10:32:27 AM,182.2,0,0.0,205413504.52000007
2025-08-01 10:32:27 AM,182.2,2550,464610.0,205878114.52000007
2025-08-01 10:32:30 AM,182.11,0,0.0,205878114.52000007
2025-08-01 10:32:31 AM,182.11,100,18211.0,205896325.52000007
2025-08-01 10:32:43 AM,182.2,400,72880.0,205969205.52000007
2025-08-01 10:32:51 AM,182.13,0,0.0,205969205.52000007
2025-08-01 10:32:51 AM,182.2,335,61036.99999999999,206030242.52000007
2025-08-01 10:32:54 AM,182.13,0,0.0,206030242.52000007
2025-08-01 10:32:54 AM,182.13,140,25498.2,206055740.72000006
2025-08-01 10:33:00 AM,182.2,0,0.0,206055740.72000006
2025-08-01 10:33:00 AM,182.2,1,182.2,206055922.92000005
2025-08-01 10:33:03 AM,182.2,2,364.4,206056287.32000005
2025-08-01 10:33:06 AM,182.13,0,0.0,206056287.32000005
2025-08-01 10:33:06 AM,182.13,600,109278.0,206165565.32000005
2025-08-01 10:33:08 AM,182.19,20,3643.8,206169209.12000006
2025-08-01 10:33:11 AM,182.13,100,18213.0,206187422.12000006
2025-08-01 10:33:15 AM,182.19,0,0.0,206187422.12000006
2025-08-01 10:33:17 AM,182.19,10,1821.9,206189244.02000007
2025-08-01 10:33:18 AM,182.25,0,0.0,206189244.02000007
2025-08-01 10:33:19 AM,182.25,2831,515949.75,206705193.77000007
2025-08-01 10:33:23 AM,182.25,11,2004.75,206707198.52000007
2025-08-01 10:33:24 AM,182.28,0,0.0,206707198.52000007
2025-08-01 10:33:25 AM,182.28,100,18228.0,206725426.52000007
2025-08-01 10:33:30 AM,182.25,0,0.0,206725426.52000007
2025-08-01 10:33:30 AM,182.25,2,364.5,206725791.02000007
2025-08-01 10:33:33 AM,182.28,31,5650.68,206731441.70000008
2025-08-01 10:33:36 AM,182.28,60,10936.8,206742378.5000001
2025-08-01 10:33:38 AM,182.25,0,0.0,206742378.5000001
2025-08-01 10:33:39 AM,182.25,1750,318937.5,207061316.0000001
2025-08-01 10:33:46 AM,182.12,0,0.0,207061316.0000001
2025-08-01 10:33:47 AM,182.12,25,4553.0,207065869.0000001
2025-08-01 10:33:52 AM,182.06,0,0.0,207065869.0000001
2025-08-01 10:33:53 AM,182.0,373,67886.0,207133755.0000001
2025-08-01 10:33:54 AM,182.12,0,0.0,207133755.0000001
2025-08-01 10:33:56 AM,182.12,50,9106.0,207142861.0000001
2025-08-01 10:34:04 AM,182.01,0,0.0,207142861.0000001
2025-08-01 10:34:04 AM,182.01,63,11466.63,207154327.63000008
2025-08-01 10:34:06 AM,182.06,0,0.0,207154327.63000008
2025-08-01 10:34:08 AM,182.06,24,4369.4400000000005,207158697.07000008
2025-08-01 10:34:13 AM,182.06,25,4551.5,207163248.57000008
2025-08-01 10:34:19 AM,182.14,0,0.0,207163248.57000008
2025-08-01 10:34:19 AM,182.14,25,4553.5,207167802.07000008
2025-08-01 10:34:36 AM,182.18,150,27327.0,207195129.07000008
2025-08-01 10:34:41 AM,182.18,2,364.36,207195493.4300001
2025-08-01 10:34:43 AM,182.17,0,0.0,207195493.4300001
2025-08-01 10:34:43 AM,182.17,15,2732.5499999999997,207198225.9800001
2025-08-01 10:34:46 AM,182.11,0,0.0,207198225.9800001
2025-08-01 10:34:47 AM,182.11,60,10926.6,207209152.5800001
2025-08-01 10:34:58 AM,182.08,11139,2028189.12,209237341.7000001
2025-08-01 10:35:01 AM,182.09,367,66827.03,209304168.7300001
2025-08-01 10:35:08 AM,182.04,0,0.0,209304168.7300001
2025-08-01 10:35:09 AM,182.08,0,0.0,209304168.7300001
2025-08-01 10:35:10 AM,182.04,0,0.0,209304168.7300001
2025-08-01 10:35:10 AM,182.04,1272,231554.87999999998,209535723.6100001
2025-08-01 10:35:18 AM,182.05,0,0.0,209535723.6100001
2025-08-01 10:35:18 AM,182.05,50,9102.5,209544826.1100001
2025-08-01 10:35:21 AM,182.08,0,0.0,209544826.1100001
2025-08-01 10:35:21 AM,182.08,200,36416.0,209581242.1100001
2025-08-01 10:35:29 AM,182.08,1,182.08,209581424.19000012
2025-08-01 10:35:36 AM,182.02,0,0.0,209581424.19000012
2025-08-01 10:35:38 AM,182.02,9880,1798357.6,211379781.7900001
2025-08-01 10:35:42 AM,182.07,0,0.0,211379781.7900001
2025-08-01 10:35:44 AM,182.07,83,15111.81,211394893.6000001
2025-08-01 10:35:49 AM,182.07,65,11834.55,211406728.15000013
2025-08-01 10:36:00 AM,182.02,100,18202.0,211424930.15000013
2025-08-01 10:36:11 AM,182.02,500,91010.0,211515940.15000013
2025-08-01 10:36:21 AM,182.06,0,0.0,211515940.15000013
2025-08-01 10:36:23 AM,182.02,120,21842.4,211537782.55000013
2025-08-01 10:36:27 AM,182.08,0,0.0,211537782.55000013
2025-08-01 10:36:28 AM,182.08,327,59540.16,211597322.71000013
2025-08-01 10:36:33 AM,182.12,0,0.0,211597322.71000013
2025-08-01 10:36:34 AM,182.12,1974,359504.88,211956827.59000012
2025-08-01 10:36:36 AM,182.13,0,0.0,211956827.59000012
2025-08-01 10:36:36 AM,182.13,2022,368266.86,212325094.45000014
2025-08-01 10:36:39 AM,182.19,0,0.0,212325094.45000014
2025-08-01 10:36:39 AM,182.19,225,40992.75,212366087.20000014
2025-08-01 10:36:50 AM,182.2,2,364.4,212366451.60000014
2025-08-01 10:36:59 AM,182.19,0,0.0,212366451.60000014
2025-08-01 10:37:01 AM,182.19,49,8927.31,212375378.91000015
2025-08-01 10:37:03 AM,182.12,15,2731.8,212378110.71000016
2025-08-01 10:37:07 AM,182.23,2584,470882.31999999995,212848993.03000015
2025-08-01 10:37:10 AM,182.24,0,0.0,212848993.03000015
2025-08-01 10:37:12 AM,182.24,112,20410.88,212869403.91000015
2025-08-01 10:37:23 AM,182.24,25,4556.0,212873959.91000015
2025-08-01 10:37:27 AM,182.25,0,0.0,212873959.91000015
2025-08-01 10:37:29 AM,182.3,106,19323.800000000003,212893283.71000016
2025-08-01 10:37:34 AM,182.3,1,182.3,212893466.01000017
2025-08-01 10:37:43 AM,182.29,0,0.0,212893466.01000017
2025-08-01 10:37:45 AM,182.29,20,3645.7999999999997,212897111.81000018
2025-08-01 10:37:51 AM,182.25,0,0.0,212897111.81000018
2025-08-01 10:37:51 AM,182.25,10,1822.5,212898934.31000018
2025-08-01 10:37:53 AM,182.29,0,0.0,212898934.31000018
2025-08-01 10:37:53 AM,182.29,10,1822.8999999999999,212900757.2100002
2025-08-01 10:37:56 AM,182.29,100,18229.0,212918986.2100002
2025-08-01 10:38:00 AM,182.25,0,0.0,212918986.2100002
2025-08-01 10:38:02 AM,182.25,148,26973.0,212945959.2100002
2025-08-01 10:38:05 AM,182.3,0,0.0,212945959.2100002
2025-08-01 10:38:05 AM,182.3,25,4557.5,212950516.7100002
2025-08-01 10:38:10 AM,182.25,0,0.0,212950516.7100002
2025-08-01 10:38:11 AM,182.29,0,0.0,212950516.7100002
2025-08-01 10:38:11 AM,182.29,100,18229.0,212968745.7100002
2025-08-01 10:38:21 AM,182.29,5,911.4499999999999,212969657.16000018
2025-08-01 10:38:23 AM,182.3,0,0.0,212969657.16000018
2025-08-01 10:38:24 AM,182.3,623,113572.90000000001,213083230.06000018
2025-08-01 10:38:27 AM,182.26,0,0.0,213083230.06000018
2025-08-01 10:38:27 AM,182.26,311,56682.86,213139912.9200002
2025-08-01 10:38:33 AM,182.29,20,3645.7999999999997,213143558.7200002
2025-08-01 10:38:39 AM,182.25,0,0.0,213143558.7200002
2025-08-01 10:38:39 AM,182.25,2367,431385.75,213574944.4700002
2025-08-01 10:39:01 AM,182.12,0,0.0,213574944.4700002
2025-08-01 10:39:01 AM,182.12,5,910.6,213575855.0700002
2025-08-01 10:39:04 AM,182.16,0,0.0,213575855.0700002
2025-08-01 10:39:04 AM,182.16,50,9108.0,213584963.0700002
2025-08-01 10:39:09 AM,182.02,0,0.0,213584963.0700002
2025-08-01 10:39:09 AM,182.02,6944,1263946.8800000001,214848909.9500002
2025-08-01 10:39:10 AM,181.95,0,0.0,214848909.9500002
2025-08-01 10:39:12 AM,181.85,0,0.0,214848909.9500002
2025-08-01 10:39:12 AM,181.85,12441,2262395.85,217111305.8000002
2025-08-01 10:39:28 AM,181.84,0,0.0,217111305.8000002
2025-08-01 10:39:29 AM,181.83,84,15273.720000000001,217126579.5200002
2025-08-01 10:39:30 AM,181.84,0,0.0,217126579.5200002
2025-08-01 10:39:32 AM,181.84,100,18184.0,217144763.5200002
2025-08-01 10:39:35 AM,181.84,300,54552.0,217199315.5200002
2025-08-01 10:39:43 AM,181.74,0,0.0,217199315.5200002
2025-08-01 10:39:43 AM,181.74,132,23989.68,217223305.2000002
2025-08-01 10:39:46 AM,181.66,0,0.0,217223305.2000002
2025-08-01 10:39:46 AM,181.66,28,5086.48,217228391.6800002
2025-08-01 10:39:54 AM,181.61,0,0.0,217228391.6800002
2025-08-01 10:39:54 AM,181.61,75,13620.750000000002,217242012.4300002
2025-08-01 10:39:57 AM,181.61,200,36322.0,217278334.4300002
2025-08-01 10:40:05 AM,181.61,152,27604.72,217305939.15000018
2025-08-01 10:40:14 AM,181.61,50,9080.5,217315019.65000018
2025-08-01 10:40:22 AM,181.61,150,27241.500000000004,217342261.15000018
2025-08-01 10:40:27 AM,181.61,2,363.22,217342624.37000018
2025-08-01 10:40:38 AM,181.69,100,18169.0,217360793.37000018
2025-08-01 10:40:41 AM,181.61,0,0.0,217360793.37000018
2025-08-01 10:40:41 AM,181.61,1051,190872.11000000002,217551665.4800002
2025-08-01 10:40:47 AM,181.61,25,4540.25,217556205.7300002
2025-08-01 10:40:57 AM,181.77,0,0.0,217556205.7300002
2025-08-01 10:40:58 AM,181.77,2282,414799.14,217971004.87000018
2025-08-01 10:41:04 AM,181.78,0,0.0,217971004.87000018
2025-08-01 10:41:06 AM,181.78,30,5453.4,217976458.2700002
2025-08-01 10:41:21 AM,181.8,90,16362.000000000002,217992820.2700002
2025-08-01 10:41:26 AM,181.9,0,0.0,217992820.2700002
2025-08-01 10:41:26 AM,181.9,901,163891.9,218156712.1700002
2025-08-01 10:41:32 AM,181.9,4,727.6,218157439.7700002
2025-08-01 10:41:34 AM,181.9,211,38380.9,218195820.6700002
2025-08-01 10:41:51 AM,181.96,0,0.0,218195820.6700002
2025-08-01 10:41:54 AM,181.96,4,727.84,218196548.5100002
2025-08-01 10:41:57 AM,182.0,0,0.0,218196548.5100002
2025-08-01 10:41:59 AM,182.0,441,80262.0,218276810.5100002
2025-08-01 10:42:05 AM,182.0,11,2002.0,218278812.5100002
2025-08-01 10:42:10 AM,182.0,70,12740.0,218291552.5100002
2025-08-01 10:42:13 AM,182.04,0,0.0,218291552.5100002
2025-08-01 10:42:16 AM,182.04,205,37318.2,218328870.7100002
2025-08-01 10:42:19 AM,182.03,0,0.0,218328870.7100002
2025-08-01 10:42:22 AM,182.03,200,36406.0,218365276.7100002
2025-08-01 10:42:24 AM,182.04,289,52609.56,218417886.2700002
2025-08-01 10:42:25 AM,182.03,0,0.0,218417886.2700002
2025-08-01 10:42:27 AM,182.03,1,182.03,218418068.3000002
2025-08-01 10:42:29 AM,182.04,0,0.0,218418068.3000002
2025-08-01 10:42:29 AM,182.04,90,16383.599999999999,218434451.90000018
2025-08-01 10:42:44 AM,182.07,148,26946.36,218461398.2600002
2025-08-01 10:42:52 AM,182.06,170,30950.2,218492348.4600002
2025-08-01 10:42:55 AM,182.06,5,910.3,218493258.7600002
2025-08-01 10:43:00 AM,182.14,0,0.0,218493258.7600002
2025-08-01 10:43:00 AM,182.1,200,36420.0,218529678.7600002
2025-08-01 10:43:10 AM,182.2,0,0.0,218529678.7600002
2025-08-01 10:43:11 AM,182.2,52,9474.4,218539153.1600002
2025-08-01 10:43:19 AM,182.2,1,182.2,218539335.3600002
2025-08-01 10:43:24 AM,182.02,0,0.0,218539335.3600002
2025-08-01 10:43:24 AM,182.02,3129,569540.5800000001,219108875.9400002
2025-08-01 10:43:30 AM,181.97,0,0.0,219108875.9400002
2025-08-01 10:43:30 AM,181.97,25,4549.25,219113425.1900002
2025-08-01 10:43:38 AM,181.99,0,0.0,219113425.1900002
2025-08-01 10:43:38 AM,182.02,374,68075.48000000001,219181500.6700002
2025-08-01 10:44:01 AM,182.02,5,910.1,219182410.7700002
2025-08-01 10:44:15 AM,182.02,40,7280.8,219189691.5700002
2025-08-01 10:44:18 AM,182.01,0,0.0,219189691.5700002
2025-08-01 10:44:20 AM,182.0,0,0.0,219189691.5700002
2025-08-01 10:44:20 AM,182.0,88,16016.0,219205707.5700002
2025-08-01 10:44:22 AM,182.01,0,0.0,219205707.5700002
2025-08-01 10:44:23 AM,182.0,556,101192.0,219306899.5700002
2025-08-01 10:44:28 AM,181.96,0,0.0,219306899.5700002
2025-08-01 10:44:28 AM,181.96,30,5458.8,219312358.3700002
2025-08-01 10:44:30 AM,181.99,0,0.0,219312358.3700002
2025-08-01 10:44:31 AM,181.99,11,2001.89,219314360.2600002
2025-08-01 10:44:39 AM,181.99,10,1819.9,219316180.1600002
