date,price,qty,trnvr,cum_trnvr
2025-08-01 09:15:01 AM,14900.0,121,1802900.0,1802900.0
2025-08-01 09:15:02 AM,14900.0,82,1221800.0,3024700.0
2025-08-01 09:15:20 AM,14954.0,0,0.0,3024700.0
2025-08-01 09:15:23 AM,14954.0,138,2063652.0,5088352.0
2025-08-01 09:15:39 AM,14929.0,0,0.0,5088352.0
2025-08-01 09:15:40 AM,14929.0,54,806166.0,5894518.0
2025-08-01 09:16:04 AM,14901.0,0,0.0,5894518.0
2025-08-01 09:16:04 AM,14901.0,86,1281486.0,7176004.0
2025-08-01 09:16:12 AM,14950.0,1,14950.0,7190954.0
2025-08-01 09:16:46 AM,14950.0,9,134550.0,7325504.0
2025-08-01 09:17:06 AM,14966.0,0,0.0,7325504.0
2025-08-01 09:17:10 AM,14966.0,32,478912.0,7804416.0
2025-08-01 09:17:19 AM,15010.0,80,1200800.0,9005216.0
2025-08-01 09:17:20 AM,15010.0,3,45030.0,9050246.0
2025-08-01 09:17:24 AM,15020.0,0,0.0,9050246.0
2025-08-01 09:17:27 AM,15020.0,125,1877500.0,10927746.0
2025-08-01 09:17:30 AM,15021.0,0,0.0,10927746.0
2025-08-01 09:17:32 AM,15012.0,0,0.0,10927746.0
2025-08-01 09:17:35 AM,15010.0,27,405270.0,11333016.0
2025-08-01 09:17:43 AM,14951.0,71,1061521.0,12394537.0
2025-08-01 09:17:44 AM,14949.0,3,44847.0,12439384.0
2025-08-01 09:17:49 AM,14961.0,0,0.0,12439384.0
2025-08-01 09:17:52 AM,14953.0,5,74765.0,12514149.0
2025-08-01 09:17:56 AM,14954.0,0,0.0,12514149.0
2025-08-01 09:17:58 AM,14955.0,0,0.0,12514149.0
2025-08-01 09:18:00 AM,14955.0,13,194415.0,12708564.0
2025-08-01 09:18:04 AM,14960.0,0,0.0,12708564.0
2025-08-01 09:18:08 AM,14971.0,10,149710.0,12858274.0
2025-08-01 09:18:12 AM,14989.0,0,0.0,12858274.0
2025-08-01 09:18:17 AM,14994.0,14,209916.0,13068190.0
2025-08-01 09:18:26 AM,14994.0,2,29988.0,13098178.0
2025-08-01 09:18:44 AM,14960.0,0,0.0,13098178.0
2025-08-01 09:18:49 AM,14960.0,73,1092080.0,14190258.0
2025-08-01 09:18:51 AM,14960.0,48,718080.0,14908338.0
2025-08-01 09:18:58 AM,14924.0,76,1134224.0,16042562.0
2025-08-01 09:19:07 AM,14924.0,25,373100.0,16415662.0
2025-08-01 09:19:10 AM,14960.0,0,0.0,16415662.0
2025-08-01 09:19:14 AM,14960.0,8,119680.0,16535342.0
2025-08-01 09:19:23 AM,14968.0,10,149680.0,16685022.0
2025-08-01 09:19:54 AM,14940.0,5,74700.0,16759722.0
2025-08-01 09:20:09 AM,14980.0,0,0.0,16759722.0
2025-08-01 09:20:10 AM,14980.0,193,2891140.0,19650862.0
2025-08-01 09:20:23 AM,14965.0,0,0.0,19650862.0
2025-08-01 09:20:26 AM,14965.0,2,29930.0,19680792.0
2025-08-01 09:21:01 AM,14980.0,0,0.0,19680792.0
2025-08-01 09:21:05 AM,14980.0,4,59920.0,19740712.0
2025-08-01 09:21:20 AM,14980.0,7,104860.0,19845572.0
2025-08-01 09:21:31 AM,14989.0,0,0.0,19845572.0
2025-08-01 09:21:35 AM,14990.0,0,0.0,19845572.0
2025-08-01 09:21:36 AM,14990.0,7,104930.0,19950502.0
2025-08-01 09:22:14 AM,14984.0,1,14984.0,19965486.0
2025-08-01 09:22:16 AM,14994.0,0,0.0,19965486.0
2025-08-01 09:22:19 AM,15000.0,0,0.0,19965486.0
2025-08-01 09:22:22 AM,15000.0,8,120000.0,20085486.0
2025-08-01 09:22:39 AM,14999.0,0,0.0,20085486.0
2025-08-01 09:22:45 AM,14999.0,1,14999.0,20100485.0
2025-08-01 09:22:56 AM,14983.0,0,0.0,20100485.0
2025-08-01 09:23:00 AM,14983.0,1,14983.0,20115468.0
2025-08-01 09:23:10 AM,14995.0,0,0.0,20115468.0
2025-08-01 09:23:15 AM,14995.0,10,149950.0,20265418.0
2025-08-01 09:23:47 AM,14955.0,8,119640.0,20385058.0
2025-08-01 09:24:01 AM,14950.0,14,209300.0,20594358.0
2025-08-01 09:24:23 AM,14963.0,0,0.0,20594358.0
2025-08-01 09:24:24 AM,14963.0,211,3157193.0,23751551.0
2025-08-01 09:24:31 AM,14950.0,11,164450.0,23916001.0
2025-08-01 09:24:46 AM,14940.0,11,164340.0,24080341.0
2025-08-01 09:24:53 AM,14920.0,0,0.0,24080341.0
2025-08-01 09:24:54 AM,14920.0,5,74600.0,24154941.0
2025-08-01 09:25:00 AM,14900.0,0,0.0,24154941.0
2025-08-01 09:25:01 AM,14900.0,10,149000.0,24303941.0
2025-08-01 09:25:38 AM,14932.0,0,0.0,24303941.0
2025-08-01 09:25:39 AM,14932.0,1,14932.0,24318873.0
2025-08-01 09:26:17 AM,14930.0,1,14930.0,24333803.0
2025-08-01 09:26:24 AM,14910.0,3,44730.0,24378533.0
2025-08-01 09:26:47 AM,14914.0,2,29828.0,24408361.0
2025-08-01 09:27:31 AM,14942.0,0,0.0,24408361.0
2025-08-01 09:27:32 AM,14942.0,30,448260.0,24856621.0
2025-08-01 09:27:52 AM,14972.0,0,0.0,24856621.0
2025-08-01 09:27:55 AM,14972.0,70,1048040.0,25904661.0
2025-08-01 09:28:18 AM,14923.0,19,283537.0,26188198.0
2025-08-01 09:28:25 AM,14913.0,0,0.0,26188198.0
2025-08-01 09:28:26 AM,14913.0,2,29826.0,26218024.0
2025-08-01 09:28:27 AM,14937.0,5,74685.0,26292709.0
2025-08-01 09:29:41 AM,14913.0,0,0.0,26292709.0
2025-08-01 09:29:41 AM,14913.0,1,14913.0,26307622.0
2025-08-01 09:29:43 AM,14909.0,5,74545.0,26382167.0
2025-08-01 09:30:02 AM,14915.0,0,0.0,26382167.0
2025-08-01 09:30:04 AM,14915.0,1,14915.0,26397082.0
2025-08-01 09:30:23 AM,14899.0,0,0.0,26397082.0
2025-08-01 09:30:27 AM,14899.0,48,715152.0,27112234.0
2025-08-01 09:30:31 AM,14890.0,0,0.0,27112234.0
2025-08-01 09:30:34 AM,14890.0,1,14890.0,27127124.0
2025-08-01 09:30:51 AM,14877.0,0,0.0,27127124.0
2025-08-01 09:30:56 AM,14877.0,1,14877.0,27142001.0
2025-08-01 09:31:02 AM,14862.0,0,0.0,27142001.0
2025-08-01 09:31:03 AM,14862.0,2,29724.0,27171725.0
2025-08-01 09:31:38 AM,14881.0,0,0.0,27171725.0
2025-08-01 09:31:40 AM,14881.0,16,238096.0,27409821.0
2025-08-01 09:31:54 AM,14895.0,2,29790.0,27439611.0
2025-08-01 09:33:10 AM,14918.0,0,0.0,27439611.0
2025-08-01 09:33:10 AM,14918.0,2,29836.0,27469447.0
2025-08-01 09:33:20 AM,14903.0,0,0.0,27469447.0
2025-08-01 09:33:24 AM,14903.0,1,14903.0,27484350.0
2025-08-01 09:34:55 AM,14920.0,4,59680.0,27544030.0
2025-08-01 09:35:09 AM,14929.0,10,149290.0,27693320.0
2025-08-01 09:35:15 AM,14916.0,0,0.0,27693320.0
2025-08-01 09:35:15 AM,14917.0,0,0.0,27693320.0
2025-08-01 09:35:16 AM,14917.0,2,29834.0,27723154.0
2025-08-01 09:35:50 AM,14914.0,1,14914.0,27738068.0
2025-08-01 09:39:00 AM,14910.0,0,0.0,27738068.0
2025-08-01 09:39:05 AM,14910.0,4,59640.0,27797708.0
2025-08-01 09:39:05 AM,14900.0,6,89400.0,27887108.0
2025-08-01 09:39:18 AM,14910.0,5,74550.0,27961658.0
2025-08-01 09:39:20 AM,14900.0,0,0.0,27961658.0
2025-08-01 09:39:25 AM,14900.0,1,14900.0,27976558.0
2025-08-01 09:39:33 AM,14895.0,0,0.0,27976558.0
2025-08-01 09:39:38 AM,14895.0,20,297900.0,28274458.0
2025-08-01 09:39:57 AM,14911.0,0,0.0,28274458.0
2025-08-01 09:39:58 AM,14911.0,2,29822.0,28304280.0
2025-08-01 09:40:24 AM,14914.0,0,0.0,28304280.0
2025-08-01 09:40:24 AM,14914.0,2,29828.0,28334108.0
2025-08-01 09:40:44 AM,14905.0,3,44715.0,28378823.0
2025-08-01 09:41:47 AM,14915.0,0,0.0,28378823.0
2025-08-01 09:41:50 AM,14915.0,1,14915.0,28393738.0
2025-08-01 09:43:41 AM,14899.0,52,774748.0,29168486.0
2025-08-01 09:43:42 AM,14895.0,9,134055.0,29302541.0
2025-08-01 09:44:54 AM,14871.0,1,14871.0,29317412.0
2025-08-01 09:45:10 AM,14870.0,0,0.0,29317412.0
2025-08-01 09:45:13 AM,14870.0,30,446100.0,29763512.0
2025-08-01 09:45:21 AM,14871.0,10,148710.0,29912222.0
2025-08-01 09:45:56 AM,14860.0,0,0.0,29912222.0
2025-08-01 09:45:58 AM,14860.0,3,44580.0,29956802.0
2025-08-01 09:46:11 AM,14860.0,21,312060.0,30268862.0
2025-08-01 09:47:13 AM,14861.0,0,0.0,30268862.0
2025-08-01 09:47:14 AM,14861.0,3,44583.0,30313445.0
2025-08-01 09:48:42 AM,14864.0,0,0.0,30313445.0
2025-08-01 09:48:45 AM,14864.0,2,29728.0,30343173.0
2025-08-01 09:48:47 AM,14861.0,0,0.0,30343173.0
2025-08-01 09:48:48 AM,14861.0,17,252637.0,30595810.0
2025-08-01 09:48:54 AM,14861.0,10,148610.0,30744420.0
2025-08-01 09:50:55 AM,14851.0,0,0.0,30744420.0
2025-08-01 09:50:58 AM,14851.0,3,44553.0,30788973.0
2025-08-01 09:51:29 AM,14860.0,2,29720.0,30818693.0
2025-08-01 09:52:13 AM,14850.0,0,0.0,30818693.0
2025-08-01 09:52:15 AM,14850.0,8,118800.0,30937493.0
2025-08-01 09:52:31 AM,14840.0,0,0.0,30937493.0
2025-08-01 09:52:33 AM,14840.0,3,44520.0,30982013.0
2025-08-01 09:53:26 AM,14840.0,6,89040.0,31071053.0
2025-08-01 09:53:56 AM,14837.0,0,0.0,31071053.0
2025-08-01 09:53:57 AM,14837.0,1,14837.0,31085890.0
2025-08-01 09:54:33 AM,14822.0,0,0.0,31085890.0
2025-08-01 09:54:34 AM,14822.0,9,133398.0,31219288.0
2025-08-01 09:54:57 AM,14844.0,0,0.0,31219288.0
2025-08-01 09:54:58 AM,14844.0,3,44532.0,31263820.0
2025-08-01 09:55:15 AM,14843.0,0,0.0,31263820.0
2025-08-01 09:55:15 AM,14843.0,1,14843.0,31278663.0
2025-08-01 09:56:39 AM,14845.0,0,0.0,31278663.0
2025-08-01 09:56:39 AM,14845.0,50,742250.0,32020913.0
2025-08-01 09:57:05 AM,14840.0,0,0.0,32020913.0
2025-08-01 09:57:05 AM,14840.0,5,74200.0,32095113.0
2025-08-01 09:57:11 AM,14865.0,34,505410.0,32600523.0
2025-08-01 09:57:53 AM,14842.0,0,0.0,32600523.0
2025-08-01 09:57:53 AM,14842.0,4,59368.0,32659891.0
2025-08-01 09:58:36 AM,14826.0,12,177912.0,32837803.0
2025-08-01 09:59:28 AM,14844.0,0,0.0,32837803.0
2025-08-01 09:59:29 AM,14844.0,2,29688.0,32867491.0
2025-08-01 10:00:28 AM,14827.0,1,14827.0,32882318.0
2025-08-01 10:00:47 AM,14827.0,8,118616.0,33000934.0
2025-08-01 10:00:50 AM,14826.0,0,0.0,33000934.0
2025-08-01 10:00:50 AM,14826.0,30,444780.0,33445714.0
2025-08-01 10:01:02 AM,14817.0,0,0.0,33445714.0
2025-08-01 10:01:03 AM,14817.0,15,222255.0,33667969.0
2025-08-01 10:01:44 AM,14817.0,1,14817.0,33682786.0
2025-08-01 10:02:14 AM,14816.0,0,0.0,33682786.0
2025-08-01 10:02:15 AM,14816.0,1,14816.0,33697602.0
2025-08-01 10:02:27 AM,14826.0,0,0.0,33697602.0
2025-08-01 10:02:28 AM,14826.0,48,711648.0,34409250.0
2025-08-01 10:02:40 AM,14850.0,0,0.0,34409250.0
2025-08-01 10:02:40 AM,14850.0,23,341550.0,34750800.0
2025-08-01 10:02:42 AM,14845.0,1,14845.0,34765645.0
2025-08-01 10:02:50 AM,14859.0,0,0.0,34765645.0
2025-08-01 10:02:53 AM,14859.0,4,59436.0,34825081.0
2025-08-01 10:03:40 AM,14866.0,125,1858250.0,36683331.0
2025-08-01 10:03:44 AM,14866.0,28,416248.0,37099579.0
2025-08-01 10:03:52 AM,14895.0,5,74475.0,37174054.0
2025-08-01 10:04:02 AM,14899.0,0,0.0,37174054.0
2025-08-01 10:04:02 AM,14899.0,5,74495.0,37248549.0
2025-08-01 10:04:11 AM,14900.0,5,74500.0,37323049.0
2025-08-01 10:04:17 AM,14900.0,1,14900.0,37337949.0
2025-08-01 10:05:38 AM,14887.0,4,59548.0,37397497.0
2025-08-01 10:06:06 AM,14889.0,3,44667.0,37442164.0
2025-08-01 10:06:11 AM,14888.0,0,0.0,37442164.0
2025-08-01 10:06:11 AM,14888.0,4,59552.0,37501716.0
2025-08-01 10:06:38 AM,14888.0,4,59552.0,37561268.0
2025-08-01 10:06:48 AM,14870.0,1,14870.0,37576138.0
2025-08-01 10:07:08 AM,14864.0,3,44592.0,37620730.0
2025-08-01 10:09:11 AM,14868.0,0,0.0,37620730.0
2025-08-01 10:09:14 AM,14868.0,3,44604.0,37665334.0
2025-08-01 10:11:53 AM,14885.0,5,74425.0,37739759.0
2025-08-01 10:13:41 AM,14884.0,0,0.0,37739759.0
2025-08-01 10:13:43 AM,14884.0,2,29768.0,37769527.0
2025-08-01 10:16:26 AM,14883.0,0,0.0,37769527.0
2025-08-01 10:16:27 AM,14883.0,2,29766.0,37799293.0
2025-08-01 10:16:55 AM,14883.0,3,44649.0,37843942.0
2025-08-01 10:18:48 AM,14868.0,0,0.0,37843942.0
2025-08-01 10:18:51 AM,14868.0,2,29736.0,37873678.0
2025-08-01 10:20:48 AM,14868.0,3,44604.0,37918282.0
2025-08-01 10:24:50 AM,14860.0,5,74300.0,37992582.0
2025-08-01 10:26:10 AM,14876.0,20,297520.0,38290102.0
2025-08-01 10:27:42 AM,14871.0,0,0.0,38290102.0
2025-08-01 10:27:44 AM,14871.0,1,14871.0,38304973.0
2025-08-01 10:28:25 AM,14871.0,3,44613.0,38349586.0
2025-08-01 10:28:30 AM,14871.0,5,74355.0,38423941.0
2025-08-01 10:30:07 AM,14862.0,0,0.0,38423941.0
2025-08-01 10:30:08 AM,14862.0,8,118896.0,38542837.0
2025-08-01 10:32:29 AM,14889.0,0,0.0,38542837.0
2025-08-01 10:32:30 AM,14889.0,20,297780.0,38840617.0
2025-08-01 10:34:21 AM,14886.0,0,0.0,38840617.0
2025-08-01 10:34:23 AM,14886.0,4,59544.0,38900161.0
2025-08-01 10:34:48 AM,14889.0,0,0.0,38900161.0
2025-08-01 10:34:48 AM,14889.0,10,148890.0,39049051.0
2025-08-01 10:36:02 AM,14889.0,7,104223.0,39153274.0
2025-08-01 10:38:04 AM,14883.0,2,29766.0,39183040.0
2025-08-01 10:39:56 AM,14883.0,4,59532.0,39242572.0
2025-08-01 10:40:53 AM,14864.0,0,0.0,39242572.0
2025-08-01 10:40:54 AM,14864.0,3,44592.0,39287164.0
2025-08-01 10:43:21 AM,14871.0,1,14871.0,39302035.0
2025-08-01 10:44:42 AM,14880.0,0,0.0,39302035.0
2025-08-01 10:44:44 AM,14880.0,5,74400.0,39376435.0
2025-08-01 10:45:34 AM,14879.0,0,0.0,39376435.0
2025-08-01 10:45:35 AM,14879.0,14,208306.0,39584741.0
2025-08-01 10:46:11 AM,14862.0,5,74310.0,39659051.0
2025-08-01 10:46:23 AM,14850.0,0,0.0,39659051.0
2025-08-01 10:46:26 AM,14850.0,22,326700.0,39985751.0
2025-08-01 10:46:32 AM,14850.0,2,29700.0,40015451.0
2025-08-01 10:48:37 AM,14859.0,0,0.0,40015451.0
2025-08-01 10:48:38 AM,14859.0,2,29718.0,40045169.0
2025-08-01 10:49:36 AM,14859.0,5,74295.0,40119464.0
2025-08-01 10:50:42 AM,14860.0,0,0.0,40119464.0
2025-08-01 10:50:42 AM,14860.0,1,14860.0,40134324.0
2025-08-01 10:50:49 AM,14859.0,0,0.0,40134324.0
2025-08-01 10:50:54 AM,14859.0,5,74295.0,40208619.0
2025-08-01 10:50:58 AM,14850.0,0,0.0,40208619.0
2025-08-01 10:50:59 AM,14850.0,2,29700.0,40238319.0
2025-08-01 10:51:38 AM,14850.0,10,148500.0,40386819.0
2025-08-01 10:52:48 AM,14860.0,0,0.0,40386819.0
2025-08-01 10:52:49 AM,14860.0,1,14860.0,40401679.0
2025-08-01 10:52:53 AM,14860.0,6,89160.0,40490839.0
2025-08-01 10:54:07 AM,14873.0,1,14873.0,40505712.0
2025-08-01 10:55:10 AM,14850.0,0,0.0,40505712.0
2025-08-01 10:55:11 AM,14850.0,89,1321650.0,41827362.0
2025-08-01 10:56:58 AM,14881.0,9,133929.0,41961291.0
2025-08-01 11:00:21 AM,14870.0,0,0.0,41961291.0
2025-08-01 11:00:21 AM,14870.0,1,14870.0,41976161.0
2025-08-01 11:03:53 AM,14884.0,0,0.0,41976161.0
2025-08-01 11:03:53 AM,14884.0,3,44652.0,42020813.0
2025-08-01 11:06:20 AM,14889.0,25,372225.0,42393038.0
2025-08-01 11:07:14 AM,14889.0,15,223335.0,42616373.0
2025-08-01 11:09:44 AM,14882.0,0,0.0,42616373.0
2025-08-01 11:09:45 AM,14882.0,2,29764.0,42646137.0
2025-08-01 11:10:08 AM,14879.0,1,14879.0,42661016.0
2025-08-01 11:14:03 AM,14862.0,0,0.0,42661016.0
2025-08-01 11:14:04 AM,14862.0,5,74310.0,42735326.0
2025-08-01 11:14:51 AM,14866.0,0,0.0,42735326.0
2025-08-01 11:14:52 AM,14866.0,1,14866.0,42750192.0
2025-08-01 11:15:09 AM,14863.0,8,118904.0,42869096.0
2025-08-01 11:16:47 AM,14875.0,0,0.0,42869096.0
2025-08-01 11:16:48 AM,14875.0,1,14875.0,42883971.0
2025-08-01 11:17:06 AM,14875.0,1,14875.0,42898846.0
2025-08-01 11:17:52 AM,14875.0,1,14875.0,42913721.0
2025-08-01 11:19:49 AM,14879.0,1,14879.0,42928600.0
2025-08-01 11:24:54 AM,14854.0,0,0.0,42928600.0
2025-08-01 11:24:58 AM,14854.0,5,74270.0,43002870.0
2025-08-01 11:27:47 AM,14871.0,1,14871.0,43017741.0
2025-08-01 11:28:38 AM,14850.0,0,0.0,43017741.0
2025-08-01 11:28:39 AM,14850.0,45,668250.0,43685991.0
2025-08-01 11:31:40 AM,14852.0,0,0.0,43685991.0
2025-08-01 11:31:41 AM,14852.0,1,14852.0,43700843.0
2025-08-01 11:31:48 AM,14852.0,1,14852.0,43715695.0
2025-08-01 11:34:28 AM,14860.0,0,0.0,43715695.0
2025-08-01 11:34:31 AM,14860.0,1,14860.0,43730555.0
2025-08-01 11:35:28 AM,14862.0,0,0.0,43730555.0
2025-08-01 11:35:30 AM,14862.0,1,14862.0,43745417.0
2025-08-01 11:37:59 AM,14878.0,0,0.0,43745417.0
2025-08-01 11:38:00 AM,14878.0,2,29756.0,43775173.0
2025-08-01 11:39:01 AM,14878.0,6,89268.0,43864441.0
2025-08-01 11:40:54 AM,14873.0,1,14873.0,43879314.0
2025-08-01 11:41:59 AM,14875.0,0,0.0,43879314.0
2025-08-01 11:42:00 AM,14875.0,1,14875.0,43894189.0
2025-08-01 11:44:12 AM,14844.0,114,1692216.0,45586405.0
2025-08-01 11:47:00 AM,14844.0,1,14844.0,45601249.0
2025-08-01 11:49:22 AM,14844.0,3,44532.0,45645781.0
2025-08-01 11:50:09 AM,14844.0,3,44532.0,45690313.0
2025-08-01 11:50:54 AM,14852.0,0,0.0,45690313.0
2025-08-01 11:50:54 AM,14852.0,2,29704.0,45720017.0
2025-08-01 11:51:50 AM,14850.0,0,0.0,45720017.0
2025-08-01 11:51:54 AM,14850.0,1,14850.0,45734867.0
2025-08-01 11:53:45 AM,14850.0,2,29700.0,45764567.0
2025-08-01 11:54:37 AM,14850.0,15,222750.0,45987317.0
2025-08-01 11:54:52 AM,14861.0,0,0.0,45987317.0
2025-08-01 11:54:52 AM,14861.0,3,44583.0,46031900.0
2025-08-01 11:55:45 AM,14857.0,0,0.0,46031900.0
2025-08-01 11:55:47 AM,14857.0,5,74285.0,46106185.0
2025-08-01 12:04:21 PM,14851.0,0,0.0,46106185.0
2025-08-01 12:04:22 PM,14851.0,8,118808.0,46224993.0
2025-08-01 12:05:08 PM,14851.0,10,148510.0,46373503.0
2025-08-01 12:06:52 PM,14833.0,0,0.0,46373503.0
2025-08-01 12:06:56 PM,14833.0,35,519155.0,46892658.0
2025-08-01 12:09:20 PM,14859.0,0,0.0,46892658.0
2025-08-01 12:09:21 PM,14859.0,5,74295.0,46966953.0
2025-08-01 12:12:24 PM,14875.0,0,0.0,46966953.0
2025-08-01 12:12:25 PM,14875.0,32,476000.0,47442953.0
2025-08-01 12:13:36 PM,14866.0,0,0.0,47442953.0
2025-08-01 12:13:36 PM,14866.0,3,44598.0,47487551.0
2025-08-01 12:15:57 PM,14831.0,30,444930.0,47932481.0
2025-08-01 12:16:22 PM,14859.0,0,0.0,47932481.0
2025-08-01 12:16:26 PM,14859.0,2,29718.0,47962199.0
2025-08-01 12:19:19 PM,14859.0,1,14859.0,47977058.0
2025-08-01 12:20:35 PM,14858.0,0,0.0,47977058.0
2025-08-01 12:20:36 PM,14858.0,1,14858.0,47991916.0
2025-08-01 12:24:55 PM,14850.0,1,14850.0,48006766.0
2025-08-01 12:25:04 PM,14858.0,0,0.0,48006766.0
2025-08-01 12:25:04 PM,14858.0,1,14858.0,48021624.0
2025-08-01 12:27:00 PM,14837.0,0,0.0,48021624.0
2025-08-01 12:27:00 PM,14837.0,48,712176.0,48733800.0
2025-08-01 12:27:26 PM,14837.0,10,148370.0,48882170.0
2025-08-01 12:27:34 PM,14854.0,0,0.0,48882170.0
2025-08-01 12:27:36 PM,14854.0,2,29708.0,48911878.0
2025-08-01 12:29:12 PM,14841.0,0,0.0,48911878.0
2025-08-01 12:29:14 PM,14841.0,1,14841.0,48926719.0
2025-08-01 12:31:50 PM,14843.0,0,0.0,48926719.0
2025-08-01 12:31:53 PM,14843.0,2,29686.0,48956405.0
2025-08-01 12:32:24 PM,14863.0,0,0.0,48956405.0
2025-08-01 12:32:26 PM,14863.0,10,148630.0,49105035.0
2025-08-01 12:36:12 PM,14860.0,0,0.0,49105035.0
2025-08-01 12:36:14 PM,14860.0,1,14860.0,49119895.0
2025-08-01 12:37:03 PM,14843.0,0,0.0,49119895.0
2025-08-01 12:37:06 PM,14843.0,3,44529.0,49164424.0
2025-08-01 12:38:55 PM,14840.0,0,0.0,49164424.0
2025-08-01 12:38:56 PM,14840.0,25,371000.0,49535424.0
2025-08-01 12:39:37 PM,14838.0,0,0.0,49535424.0
2025-08-01 12:39:38 PM,14838.0,11,163218.0,49698642.0
2025-08-01 12:40:34 PM,14825.0,0,0.0,49698642.0
2025-08-01 12:40:35 PM,14825.0,4,59300.0,49757942.0
2025-08-01 12:41:11 PM,14825.0,20,296500.0,50054442.0
2025-08-01 12:42:14 PM,14820.0,5,74100.0,50128542.0
2025-08-01 12:42:34 PM,14820.0,5,74100.0,50202642.0
2025-08-01 12:42:39 PM,14820.0,10,148200.0,50350842.0
2025-08-01 12:43:05 PM,14820.0,70,1037400.0,51388242.0
2025-08-01 12:43:11 PM,14820.0,5,74100.0,51462342.0
2025-08-01 12:43:33 PM,14825.0,0,0.0,51462342.0
2025-08-01 12:43:34 PM,14825.0,6,88950.0,51551292.0
2025-08-01 12:43:50 PM,14812.0,20,296240.0,51847532.0
2025-08-01 12:45:45 PM,14816.0,2,29632.0,51877164.0
2025-08-01 12:46:14 PM,14836.0,0,0.0,51877164.0
2025-08-01 12:46:15 PM,14836.0,1,14836.0,51892000.0
2025-08-01 12:48:52 PM,14836.0,1,14836.0,51906836.0
2025-08-01 12:50:24 PM,14816.0,0,0.0,51906836.0
2025-08-01 12:50:27 PM,14816.0,10,148160.0,52054996.0
2025-08-01 12:51:15 PM,14821.0,1,14821.0,52069817.0
2025-08-01 12:51:32 PM,14817.0,0,0.0,52069817.0
2025-08-01 12:51:34 PM,14817.0,4,59268.0,52129085.0
2025-08-01 12:55:30 PM,14833.0,0,0.0,52129085.0
2025-08-01 12:55:32 PM,14833.0,10,148330.0,52277415.0
2025-08-01 12:56:06 PM,14833.0,2,29666.0,52307081.0
2025-08-01 12:59:46 PM,14819.0,0,0.0,52307081.0
2025-08-01 12:59:48 PM,14819.0,20,296380.0,52603461.0
2025-08-01 01:02:03 PM,14838.0,0,0.0,52603461.0
2025-08-01 01:02:03 PM,14838.0,4,59352.0,52662813.0
2025-08-01 01:03:33 PM,14820.0,0,0.0,52662813.0
2025-08-01 01:03:33 PM,14820.0,2,29640.0,52692453.0
2025-08-01 01:03:35 PM,14819.0,0,0.0,52692453.0
2025-08-01 01:03:38 PM,14819.0,8,118552.0,52811005.0
2025-08-01 01:04:01 PM,14838.0,0,0.0,52811005.0
2025-08-01 01:04:02 PM,14838.0,8,118704.0,52929709.0
2025-08-01 01:04:13 PM,14815.0,0,0.0,52929709.0
2025-08-01 01:04:17 PM,14815.0,28,414820.0,53344529.0
2025-08-01 01:05:01 PM,14815.0,1,14815.0,53359344.0
2025-08-01 01:05:36 PM,14815.0,2,29630.0,53388974.0
2025-08-01 01:06:32 PM,14815.0,15,222225.0,53611199.0
2025-08-01 01:07:38 PM,14851.0,0,0.0,53611199.0
2025-08-01 01:07:40 PM,14851.0,2,29702.0,53640901.0
2025-08-01 01:09:02 PM,14839.0,0,0.0,53640901.0
2025-08-01 01:09:04 PM,14839.0,1,14839.0,53655740.0
2025-08-01 01:17:20 PM,14846.0,0,0.0,53655740.0
2025-08-01 01:17:22 PM,14846.0,1,14846.0,53670586.0
2025-08-01 01:20:38 PM,14850.0,0,0.0,53670586.0
2025-08-01 01:20:38 PM,14850.0,5,74250.0,53744836.0
2025-08-01 01:20:48 PM,14846.0,0,0.0,53744836.0
2025-08-01 01:20:49 PM,14846.0,10,148460.0,53893296.0
2025-08-01 01:21:26 PM,14840.0,0,0.0,53893296.0
2025-08-01 01:21:28 PM,14840.0,10,148400.0,54041696.0
2025-08-01 01:21:30 PM,14821.0,0,0.0,54041696.0
2025-08-01 01:21:33 PM,14821.0,5,74105.0,54115801.0
2025-08-01 01:25:31 PM,14845.0,1,14845.0,54130646.0
2025-08-01 01:31:03 PM,14845.0,10,148450.0,54279096.0
2025-08-01 01:31:26 PM,14850.0,0,0.0,54279096.0
2025-08-01 01:31:28 PM,14850.0,2,29700.0,54308796.0
2025-08-01 01:34:23 PM,14850.0,10,148500.0,54457296.0
2025-08-01 01:38:06 PM,14831.0,5,74155.0,54531451.0
2025-08-01 01:38:27 PM,14829.0,0,0.0,54531451.0
2025-08-01 01:38:28 PM,14829.0,10,148290.0,54679741.0
2025-08-01 01:41:40 PM,14849.0,0,0.0,54679741.0
2025-08-01 01:41:42 PM,14849.0,1,14849.0,54694590.0
2025-08-01 01:43:11 PM,14849.0,1,14849.0,54709439.0
2025-08-01 01:46:56 PM,14834.0,1,14834.0,54724273.0
2025-08-01 01:47:58 PM,14820.0,0,0.0,54724273.0
2025-08-01 01:48:00 PM,14820.0,50,741000.0,55465273.0
2025-08-01 01:52:10 PM,14850.0,0,0.0,55465273.0
2025-08-01 01:52:10 PM,14850.0,6,89100.0,55554373.0
2025-08-01 01:52:25 PM,14860.0,154,2288440.0,57842813.0
2025-08-01 01:53:12 PM,14842.0,101,1499042.0,59341855.0
2025-08-01 01:55:06 PM,14875.0,0,0.0,59341855.0
2025-08-01 01:55:06 PM,14875.0,30,446250.0,59788105.0
2025-08-01 01:59:05 PM,14875.0,2,29750.0,59817855.0
2025-08-01 01:59:10 PM,14880.0,10,148800.0,59966655.0
2025-08-01 01:59:25 PM,14880.0,3,44640.0,60011295.0
2025-08-01 01:59:30 PM,14880.0,5,74400.0,60085695.0
2025-08-01 02:00:49 PM,14880.0,1,14880.0,60100575.0
2025-08-01 02:03:12 PM,14859.0,3,44577.0,60145152.0
2025-08-01 02:03:38 PM,14890.0,0,0.0,60145152.0
2025-08-01 02:03:42 PM,14890.0,100,1489000.0,61634152.0
2025-08-01 02:03:47 PM,14877.0,1,14877.0,61649029.0
2025-08-01 02:04:58 PM,14860.0,10,148600.0,61797629.0
2025-08-01 02:05:17 PM,14864.0,0,0.0,61797629.0
2025-08-01 02:05:18 PM,14864.0,10,148640.0,61946269.0
2025-08-01 02:05:49 PM,14888.0,0,0.0,61946269.0
2025-08-01 02:05:53 PM,14888.0,1,14888.0,61961157.0
2025-08-01 02:06:20 PM,14870.0,0,0.0,61961157.0
2025-08-01 02:06:23 PM,14864.0,20,297280.0,62258437.0
2025-08-01 02:07:23 PM,14867.0,0,0.0,62258437.0
2025-08-01 02:07:24 PM,14867.0,1,14867.0,62273304.0
2025-08-01 02:08:25 PM,14886.0,0,0.0,62273304.0
2025-08-01 02:08:26 PM,14886.0,1,14886.0,62288190.0
2025-08-01 02:08:42 PM,14886.0,1,14886.0,62303076.0
2025-08-01 02:09:05 PM,14884.0,0,0.0,62303076.0
2025-08-01 02:09:08 PM,14884.0,1,14884.0,62317960.0
2025-08-01 02:09:56 PM,14881.0,0,0.0,62317960.0
2025-08-01 02:09:57 PM,14881.0,3,44643.0,62362603.0
2025-08-01 02:10:04 PM,14870.0,0,0.0,62362603.0
2025-08-01 02:10:07 PM,14867.0,6,89202.0,62451805.0
2025-08-01 02:10:10 PM,14864.0,0,0.0,62451805.0
2025-08-01 02:10:12 PM,14864.0,4,59456.0,62511261.0
2025-08-01 02:10:17 PM,14879.0,1,14879.0,62526140.0
2025-08-01 02:10:26 PM,14863.0,0,0.0,62526140.0
2025-08-01 02:10:27 PM,14863.0,1,14863.0,62541003.0
2025-08-01 02:10:38 PM,14879.0,1,14879.0,62555882.0
2025-08-01 02:10:53 PM,14878.0,1,14878.0,62570760.0
2025-08-01 02:11:03 PM,14878.0,1,14878.0,62585638.0
2025-08-01 02:11:07 PM,14888.0,0,0.0,62585638.0
2025-08-01 02:11:09 PM,14888.0,1,14888.0,62600526.0
2025-08-01 02:12:28 PM,14880.0,0,0.0,62600526.0
2025-08-01 02:12:31 PM,14880.0,2,29760.0,62630286.0
2025-08-01 02:13:30 PM,14870.0,0,0.0,62630286.0
2025-08-01 02:13:30 PM,14870.0,1,14870.0,62645156.0
2025-08-01 02:14:17 PM,14880.0,2,29760.0,62674916.0
2025-08-01 02:17:08 PM,14880.0,1,14880.0,62689796.0
2025-08-01 02:17:12 PM,14880.0,1,14880.0,62704676.0
2025-08-01 02:17:42 PM,14884.0,0,0.0,62704676.0
2025-08-01 02:17:42 PM,14884.0,3,44652.0,62749328.0
2025-08-01 02:18:06 PM,14880.0,0,0.0,62749328.0
2025-08-01 02:18:08 PM,14880.0,1,14880.0,62764208.0
2025-08-01 02:18:39 PM,14880.0,5,74400.0,62838608.0
2025-08-01 02:19:09 PM,14880.0,15,223200.0,63061808.0
2025-08-01 02:19:12 PM,14858.0,0,0.0,63061808.0
2025-08-01 02:19:14 PM,14858.0,15,222870.0,63284678.0
2025-08-01 02:20:00 PM,14867.0,0,0.0,63284678.0
2025-08-01 02:20:02 PM,14867.0,1,14867.0,63299545.0
2025-08-01 02:20:04 PM,14873.0,0,0.0,63299545.0
2025-08-01 02:20:07 PM,14873.0,1,14873.0,63314418.0
2025-08-01 02:20:47 PM,14853.0,10,148530.0,63462948.0
2025-08-01 02:21:16 PM,14850.0,0,0.0,63462948.0
2025-08-01 02:21:18 PM,14850.0,44,653400.0,64116348.0
2025-08-01 02:21:39 PM,14850.0,1,14850.0,64131198.0
2025-08-01 02:21:45 PM,14850.0,1,14850.0,64146048.0
2025-08-01 02:21:50 PM,14850.0,1,14850.0,64160898.0
2025-08-01 02:21:55 PM,14850.0,2,29700.0,64190598.0
2025-08-01 02:22:06 PM,14850.0,1,14850.0,64205448.0
2025-08-01 02:23:58 PM,14842.0,1,14842.0,64220290.0
2025-08-01 02:24:08 PM,14859.0,0,0.0,64220290.0
2025-08-01 02:24:09 PM,14859.0,5,74295.0,64294585.0
2025-08-01 02:25:40 PM,14840.0,7,103880.0,64398465.0
2025-08-01 02:25:47 PM,14835.0,0,0.0,64398465.0
2025-08-01 02:25:50 PM,14835.0,39,578565.0,64977030.0
2025-08-01 02:26:11 PM,14849.0,0,0.0,64977030.0
2025-08-01 02:26:11 PM,14849.0,1,14849.0,64991879.0
2025-08-01 02:26:20 PM,14850.0,0,0.0,64991879.0
2025-08-01 02:26:22 PM,14850.0,1,14850.0,65006729.0
2025-08-01 02:26:29 PM,14849.0,0,0.0,65006729.0
2025-08-01 02:26:32 PM,14849.0,1,14849.0,65021578.0
2025-08-01 02:26:54 PM,14826.0,0,0.0,65021578.0
2025-08-01 02:26:58 PM,14826.0,3,44478.0,65066056.0
2025-08-01 02:27:49 PM,14820.0,0,0.0,65066056.0
2025-08-01 02:27:53 PM,14820.0,22,326040.0,65392096.0
2025-08-01 02:28:12 PM,14844.0,0,0.0,65392096.0
2025-08-01 02:28:15 PM,14844.0,1,14844.0,65406940.0
2025-08-01 02:29:27 PM,14827.0,0,0.0,65406940.0
2025-08-01 02:29:27 PM,14827.0,2,29654.0,65436594.0
2025-08-01 02:29:31 PM,14821.0,0,0.0,65436594.0
2025-08-01 02:29:33 PM,14821.0,2,29642.0,65466236.0
2025-08-01 02:30:16 PM,14835.0,0,0.0,65466236.0
2025-08-01 02:30:17 PM,14835.0,1,14835.0,65481071.0
2025-08-01 02:30:52 PM,14821.0,0,0.0,65481071.0
2025-08-01 02:30:54 PM,14821.0,5,74105.0,65555176.0
2025-08-01 02:32:37 PM,14835.0,0,0.0,65555176.0
2025-08-01 02:32:37 PM,14835.0,1,14835.0,65570011.0
2025-08-01 02:33:26 PM,14835.0,1,14835.0,65584846.0
2025-08-01 02:33:34 PM,14836.0,0,0.0,65584846.0
2025-08-01 02:33:34 PM,14836.0,4,59344.0,65644190.0
2025-08-01 02:35:05 PM,14832.0,5,74160.0,65718350.0
2025-08-01 02:35:21 PM,14847.0,0,0.0,65718350.0
2025-08-01 02:35:21 PM,14847.0,3,44541.0,65762891.0
2025-08-01 02:35:26 PM,14834.0,0,0.0,65762891.0
2025-08-01 02:35:27 PM,14834.0,2,29668.0,65792559.0
2025-08-01 02:36:40 PM,14844.0,2,29688.0,65822247.0
2025-08-01 02:37:21 PM,14837.0,0,0.0,65822247.0
2025-08-01 02:37:21 PM,14837.0,1,14837.0,65837084.0
2025-08-01 02:37:31 PM,14845.0,6,89070.0,65926154.0
2025-08-01 02:37:54 PM,14844.0,0,0.0,65926154.0
2025-08-01 02:37:54 PM,14844.0,26,385944.0,66312098.0
2025-08-01 02:38:03 PM,14846.0,0,0.0,66312098.0
2025-08-01 02:38:03 PM,14846.0,3,44538.0,66356636.0
2025-08-01 02:39:07 PM,14846.0,10,148460.0,66505096.0
2025-08-01 02:39:07 PM,14833.0,2,29666.0,66534762.0
2025-08-01 02:39:15 PM,14834.0,0,0.0,66534762.0
2025-08-01 02:39:19 PM,14834.0,19,281846.0,66816608.0
2025-08-01 02:39:22 PM,14847.0,0,0.0,66816608.0
2025-08-01 02:39:24 PM,14847.0,5,74235.0,66890843.0
2025-08-01 02:39:30 PM,14839.0,0,0.0,66890843.0
2025-08-01 02:39:30 PM,14839.0,2,29678.0,66920521.0
2025-08-01 02:40:33 PM,14848.0,0,0.0,66920521.0
2025-08-01 02:40:36 PM,14848.0,1,14848.0,66935369.0
2025-08-01 02:41:15 PM,14848.0,2,29696.0,66965065.0
2025-08-01 02:43:34 PM,14848.0,1,14848.0,66979913.0
2025-08-01 02:44:18 PM,14848.0,2,29696.0,67009609.0
2025-08-01 02:45:04 PM,14842.0,0,0.0,67009609.0
2025-08-01 02:45:09 PM,14842.0,1,14842.0,67024451.0
2025-08-01 02:45:19 PM,14830.0,0,0.0,67024451.0
2025-08-01 02:45:20 PM,14830.0,4,59320.0,67083771.0
2025-08-01 02:45:25 PM,14838.0,0,0.0,67083771.0
2025-08-01 02:45:26 PM,14838.0,1,14838.0,67098609.0
2025-08-01 02:45:53 PM,14838.0,4,59352.0,67157961.0
2025-08-01 02:45:59 PM,14825.0,10,148250.0,67306211.0
2025-08-01 02:46:11 PM,14838.0,2,29676.0,67335887.0
2025-08-01 02:46:32 PM,14838.0,3,44514.0,67380401.0
2025-08-01 02:47:06 PM,14837.0,0,0.0,67380401.0
2025-08-01 02:47:06 PM,14837.0,1,14837.0,67395238.0
2025-08-01 02:47:12 PM,14841.0,23,341343.0,67736581.0
2025-08-01 02:47:27 PM,14861.0,0,0.0,67736581.0
2025-08-01 02:47:28 PM,14861.0,1,14861.0,67751442.0
2025-08-01 02:47:34 PM,14871.0,3,44613.0,67796055.0
2025-08-01 02:47:53 PM,14876.0,0,0.0,67796055.0
2025-08-01 02:47:57 PM,14876.0,1,14876.0,67810931.0
2025-08-01 02:48:27 PM,14885.0,5,74425.0,67885356.0
2025-08-01 02:48:53 PM,14886.0,0,0.0,67885356.0
2025-08-01 02:48:53 PM,14886.0,3,44658.0,67930014.0
2025-08-01 02:49:05 PM,14886.0,1,14886.0,67944900.0
2025-08-01 02:51:16 PM,14887.0,0,0.0,67944900.0
2025-08-01 02:51:16 PM,14887.0,1,14887.0,67959787.0
2025-08-01 02:53:18 PM,14860.0,0,0.0,67959787.0
2025-08-01 02:53:20 PM,14860.0,1,14860.0,67974647.0
2025-08-01 02:54:47 PM,14877.0,3,44631.0,68019278.0
2025-08-01 02:54:57 PM,14902.0,0,0.0,68019278.0
2025-08-01 02:54:58 PM,14902.0,53,789806.0,68809084.0
2025-08-01 02:55:07 PM,14918.0,0,0.0,68809084.0
2025-08-01 02:55:07 PM,14918.0,3,44754.0,68853838.0
2025-08-01 02:55:18 PM,14919.0,0,0.0,68853838.0
2025-08-01 02:55:18 PM,14919.0,83,1238277.0,70092115.0
2025-08-01 02:55:22 PM,14911.0,0,0.0,70092115.0
2025-08-01 02:55:24 PM,14911.0,1,14911.0,70107026.0
2025-08-01 02:55:29 PM,14917.0,0,0.0,70107026.0
2025-08-01 02:55:30 PM,14917.0,1,14917.0,70121943.0
2025-08-01 02:55:35 PM,14917.0,5,74585.0,70196528.0
2025-08-01 02:55:38 PM,14918.0,0,0.0,70196528.0
2025-08-01 02:55:41 PM,14918.0,12,179016.0,70375544.0
2025-08-01 02:55:47 PM,14939.0,3,44817.0,70420361.0
2025-08-01 02:55:57 PM,14939.0,5,74695.0,70495056.0
2025-08-01 02:56:08 PM,14939.0,3,44817.0,70539873.0
2025-08-01 02:56:14 PM,14939.0,1,14939.0,70554812.0
2025-08-01 02:56:18 PM,14937.0,0,0.0,70554812.0
2025-08-01 02:56:20 PM,14937.0,4,59748.0,70614560.0
2025-08-01 02:56:28 PM,14935.0,0,0.0,70614560.0
2025-08-01 02:56:31 PM,14935.0,3,44805.0,70659365.0
2025-08-01 02:56:31 PM,14918.0,0,0.0,70659365.0
2025-08-01 02:56:31 PM,14918.0,2,29836.0,70689201.0
2025-08-01 02:56:38 PM,14935.0,0,0.0,70689201.0
2025-08-01 02:56:42 PM,14935.0,5,74675.0,70763876.0
2025-08-01 02:56:46 PM,14930.0,0,0.0,70763876.0
2025-08-01 02:56:47 PM,14930.0,8,119440.0,70883316.0
2025-08-01 02:56:51 PM,14890.0,0,0.0,70883316.0
2025-08-01 02:56:52 PM,14890.0,40,595600.0,71478916.0
2025-08-01 02:57:07 PM,14929.0,0,0.0,71478916.0
2025-08-01 02:57:08 PM,14903.0,0,0.0,71478916.0
2025-08-01 02:57:09 PM,14903.0,6,89418.0,71568334.0
2025-08-01 02:57:19 PM,14928.0,0,0.0,71568334.0
2025-08-01 02:57:20 PM,14928.0,5,74640.0,71642974.0
2025-08-01 02:57:27 PM,14925.0,0,0.0,71642974.0
2025-08-01 02:57:31 PM,14925.0,3,44775.0,71687749.0
2025-08-01 02:57:37 PM,14925.0,4,59700.0,71747449.0
2025-08-01 02:57:42 PM,14925.0,2,29850.0,71777299.0
2025-08-01 02:57:47 PM,14925.0,5,74625.0,71851924.0
2025-08-01 02:57:58 PM,14925.0,5,74625.0,71926549.0
2025-08-01 02:58:07 PM,14924.0,0,0.0,71926549.0
2025-08-01 02:58:09 PM,14924.0,3,44772.0,71971321.0
2025-08-01 02:58:17 PM,14920.0,4,59680.0,72031001.0
2025-08-01 02:58:25 PM,14900.0,0,0.0,72031001.0
2025-08-01 02:58:27 PM,14900.0,3,44700.0,72075701.0
2025-08-01 02:58:33 PM,14898.0,0,0.0,72075701.0
2025-08-01 02:58:33 PM,14898.0,5,74490.0,72150191.0
2025-08-01 02:58:38 PM,14900.0,0,0.0,72150191.0
2025-08-01 02:58:39 PM,14900.0,1,14900.0,72165091.0
2025-08-01 02:58:50 PM,14900.0,3,44700.0,72209791.0
2025-08-01 02:58:58 PM,14899.0,0,0.0,72209791.0
2025-08-01 02:59:01 PM,14899.0,4,59596.0,72269387.0
2025-08-01 02:59:09 PM,14899.0,3,44697.0,72314084.0
2025-08-01 02:59:19 PM,14899.0,5,74495.0,72388579.0
2025-08-01 02:59:29 PM,14899.0,3,44697.0,72433276.0
2025-08-01 02:59:40 PM,14899.0,5,74495.0,72507771.0
2025-08-01 02:59:44 PM,14862.0,0,0.0,72507771.0
2025-08-01 02:59:46 PM,14862.0,53,787686.0,73295457.0
2025-08-01 02:59:57 PM,14898.0,5,74490.0,73369947.0
2025-08-01 03:00:03 PM,14898.0,2,29796.0,73399743.0
2025-08-01 03:00:08 PM,14899.0,0,0.0,73399743.0
2025-08-01 03:00:09 PM,14899.0,4,59596.0,73459339.0
2025-08-01 03:00:11 PM,14875.0,109,1621375.0,75080714.0
2025-08-01 03:00:26 PM,14862.0,0,0.0,75080714.0
2025-08-01 03:00:27 PM,14869.0,5,74345.0,75155059.0
2025-08-01 03:00:30 PM,14850.0,0,0.0,75155059.0
2025-08-01 03:00:33 PM,14850.0,5,74250.0,75229309.0
2025-08-01 03:00:35 PM,14869.0,14,208166.0,75437475.0
2025-08-01 03:00:39 PM,14869.0,4,59476.0,75496951.0
2025-08-01 03:00:42 PM,14850.0,0,0.0,75496951.0
2025-08-01 03:00:44 PM,14850.0,4,59400.0,75556351.0
2025-08-01 03:00:47 PM,14870.0,2,29740.0,75586091.0
2025-08-01 03:00:58 PM,14875.0,0,0.0,75586091.0
2025-08-01 03:00:59 PM,14875.0,5,74375.0,75660466.0
2025-08-01 03:01:09 PM,14855.0,4,59420.0,75719886.0
2025-08-01 03:01:18 PM,14851.0,11,163361.0,75883247.0
2025-08-01 03:01:23 PM,14844.0,0,0.0,75883247.0
2025-08-01 03:01:24 PM,14844.0,134,1989096.0,77872343.0
2025-08-01 03:01:38 PM,14848.0,0,0.0,77872343.0
2025-08-01 03:01:39 PM,14837.0,9,133533.0,78005876.0
2025-08-01 03:01:48 PM,14856.0,3,44568.0,78050444.0
2025-08-01 03:01:49 PM,14837.0,0,0.0,78050444.0
2025-08-01 03:01:51 PM,14855.0,6,89130.0,78139574.0
2025-08-01 03:01:57 PM,14854.0,5,74270.0,78213844.0
2025-08-01 03:02:07 PM,14856.0,3,44568.0,78258412.0
2025-08-01 03:02:19 PM,14856.0,4,59424.0,78317836.0
2025-08-01 03:02:28 PM,14848.0,5,74240.0,78392076.0
2025-08-01 03:02:34 PM,14848.0,6,89088.0,78481164.0
2025-08-01 03:02:37 PM,14851.0,2,29702.0,78510866.0
2025-08-01 03:02:40 PM,14856.0,103,1530168.0,80041034.0
2025-08-01 03:02:47 PM,14854.0,0,0.0,80041034.0
2025-08-01 03:02:49 PM,14854.0,3,44562.0,80085596.0
2025-08-01 03:02:55 PM,14855.0,2,29710.0,80115306.0
2025-08-01 03:02:58 PM,14854.0,3,44562.0,80159868.0
2025-08-01 03:03:02 PM,14854.0,3,44562.0,80204430.0
2025-08-01 03:03:08 PM,14855.0,1,14855.0,80219285.0
2025-08-01 03:03:17 PM,14855.0,5,74275.0,80293560.0
2025-08-01 03:03:26 PM,14855.0,1,14855.0,80308415.0
2025-08-01 03:03:29 PM,14855.0,3,44565.0,80352980.0
2025-08-01 03:03:38 PM,14855.0,4,59420.0,80412400.0
2025-08-01 03:03:41 PM,14855.0,1,14855.0,80427255.0
2025-08-01 03:03:47 PM,14855.0,3,44565.0,80471820.0
2025-08-01 03:03:56 PM,14825.0,31,459575.0,80931395.0
2025-08-01 03:03:59 PM,14825.0,19,281675.0,81213070.0
2025-08-01 03:04:07 PM,14838.0,0,0.0,81213070.0
2025-08-01 03:04:09 PM,14838.0,4,59352.0,81272422.0
2025-08-01 03:04:18 PM,14838.0,4,59352.0,81331774.0
2025-08-01 03:04:27 PM,14841.0,3,44523.0,81376297.0
2025-08-01 03:04:38 PM,14843.0,0,0.0,81376297.0
2025-08-01 03:04:40 PM,14843.0,1,14843.0,81391140.0
2025-08-01 03:04:42 PM,14843.0,4,59372.0,81450512.0
2025-08-01 03:04:45 PM,14848.0,0,0.0,81450512.0
2025-08-01 03:04:46 PM,14848.0,2,29696.0,81480208.0
2025-08-01 03:04:49 PM,14855.0,1,14855.0,81495063.0
2025-08-01 03:04:57 PM,14854.0,0,0.0,81495063.0
2025-08-01 03:04:58 PM,14854.0,4,59416.0,81554479.0
2025-08-01 03:05:07 PM,14852.0,1,14852.0,81569331.0
2025-08-01 03:05:11 PM,14821.0,41,607661.0,82176992.0
2025-08-01 03:05:19 PM,14844.0,0,0.0,82176992.0
2025-08-01 03:05:20 PM,14844.0,1,14844.0,82191836.0
2025-08-01 03:05:29 PM,14849.0,0,0.0,82191836.0
2025-08-01 03:05:30 PM,14829.0,7,103803.0,82295639.0
2025-08-01 03:05:32 PM,14821.0,0,0.0,82295639.0
2025-08-01 03:05:32 PM,14821.0,1,14821.0,82310460.0
2025-08-01 03:05:42 PM,14815.0,0,0.0,82310460.0
2025-08-01 03:05:42 PM,14815.0,6,88890.0,82399350.0
2025-08-01 03:05:45 PM,14811.0,0,0.0,82399350.0
2025-08-01 03:05:45 PM,14811.0,6,88866.0,82488216.0
2025-08-01 03:05:48 PM,14810.0,75,1110750.0,83598966.0
2025-08-01 03:05:51 PM,14810.0,2,29620.0,83628586.0
2025-08-01 03:05:57 PM,14810.0,7,103670.0,83732256.0
2025-08-01 03:06:01 PM,14810.0,1,14810.0,83747066.0
2025-08-01 03:06:07 PM,14837.0,0,0.0,83747066.0
2025-08-01 03:06:07 PM,14837.0,4,59348.0,83806414.0
2025-08-01 03:06:14 PM,14822.0,1,14822.0,83821236.0
2025-08-01 03:06:20 PM,14838.0,5,74190.0,83895426.0
2025-08-01 03:06:27 PM,14834.0,0,0.0,83895426.0
2025-08-01 03:06:28 PM,14834.0,3,44502.0,83939928.0
2025-08-01 03:06:38 PM,14834.0,5,74170.0,84014098.0
2025-08-01 03:06:50 PM,14834.0,3,44502.0,84058600.0
2025-08-01 03:06:56 PM,14830.0,0,0.0,84058600.0
2025-08-01 03:06:57 PM,14830.0,1,14830.0,84073430.0
2025-08-01 03:06:58 PM,14818.0,0,0.0,84073430.0
2025-08-01 03:06:59 PM,14818.0,194,2874692.0,86948122.0
2025-08-01 03:07:09 PM,14814.0,3,44442.0,86992564.0
2025-08-01 03:07:12 PM,14797.0,0,0.0,86992564.0
2025-08-01 03:07:12 PM,14797.0,5,73985.0,87066549.0
2025-08-01 03:07:17 PM,14813.0,0,0.0,87066549.0
2025-08-01 03:07:18 PM,14813.0,5,74065.0,87140614.0
2025-08-01 03:07:22 PM,14798.0,1,14798.0,87155412.0
2025-08-01 03:07:28 PM,14812.0,4,59248.0,87214660.0
2025-08-01 03:07:37 PM,14809.0,0,0.0,87214660.0
2025-08-01 03:07:40 PM,14809.0,4,59236.0,87273896.0
2025-08-01 03:07:49 PM,14810.0,3,44430.0,87318326.0
2025-08-01 03:07:58 PM,14810.0,4,59240.0,87377566.0
2025-08-01 03:08:04 PM,14812.0,1,14812.0,87392378.0
2025-08-01 03:08:05 PM,14825.0,0,0.0,87392378.0
2025-08-01 03:08:07 PM,14832.0,4,59328.0,87451706.0
2025-08-01 03:08:17 PM,14828.0,5,74140.0,87525846.0
2025-08-01 03:08:19 PM,14799.0,0,0.0,87525846.0
2025-08-01 03:08:20 PM,14799.0,62,917538.0,88443384.0
2025-08-01 03:08:26 PM,14813.0,1,14813.0,88458197.0
2025-08-01 03:08:30 PM,14813.0,3,44439.0,88502636.0
2025-08-01 03:08:38 PM,14813.0,5,74065.0,88576701.0
2025-08-01 03:08:48 PM,14813.0,4,59252.0,88635953.0
2025-08-01 03:09:01 PM,14813.0,2,29626.0,88665579.0
2025-08-01 03:09:08 PM,14842.0,86,1276412.0,89941991.0
2025-08-01 03:09:10 PM,14851.0,4,59404.0,90001395.0
2025-08-01 03:09:11 PM,14801.0,0,0.0,90001395.0
2025-08-01 03:09:14 PM,14824.0,81,1200744.0,91202139.0
2025-08-01 03:09:28 PM,14828.0,13,192764.0,91394903.0
2025-08-01 03:09:39 PM,14848.0,4,59392.0,91454295.0
2025-08-01 03:09:46 PM,14821.0,10,148210.0,91602505.0
2025-08-01 03:09:59 PM,14833.0,0,0.0,91602505.0
2025-08-01 03:10:00 PM,14833.0,5,74165.0,91676670.0
2025-08-01 03:10:08 PM,14844.0,5,74220.0,91750890.0
2025-08-01 03:10:18 PM,14847.0,0,0.0,91750890.0
2025-08-01 03:10:22 PM,14847.0,5,74235.0,91825125.0
2025-08-01 03:10:24 PM,14852.0,0,0.0,91825125.0
2025-08-01 03:10:24 PM,14852.0,2,29704.0,91854829.0
2025-08-01 03:10:29 PM,14834.0,5,74170.0,91928999.0
2025-08-01 03:10:37 PM,14838.0,5,74190.0,92003189.0
2025-08-01 03:10:42 PM,14838.0,2,29676.0,92032865.0
2025-08-01 03:10:44 PM,14843.0,2,29686.0,92062551.0
2025-08-01 03:10:48 PM,14843.0,3,44529.0,92107080.0
2025-08-01 03:11:00 PM,14845.0,0,0.0,92107080.0
2025-08-01 03:11:01 PM,14845.0,4,59380.0,92166460.0
2025-08-01 03:11:03 PM,14849.0,1,14849.0,92181309.0
2025-08-01 03:11:07 PM,14859.0,2,29718.0,92211027.0
2025-08-01 03:11:14 PM,14865.0,2,29730.0,92240757.0
2025-08-01 03:11:14 PM,14870.0,0,0.0,92240757.0
2025-08-01 03:11:16 PM,14870.0,3,44610.0,92285367.0
2025-08-01 03:11:20 PM,14865.0,7,104055.0,92389422.0
2025-08-01 03:11:28 PM,14839.0,5,74195.0,92463617.0
2025-08-01 03:11:31 PM,14831.0,0,0.0,92463617.0
2025-08-01 03:11:33 PM,14831.0,6,88986.0,92552603.0
2025-08-01 03:11:39 PM,14864.0,0,0.0,92552603.0
2025-08-01 03:11:39 PM,14864.0,1,14864.0,92567467.0
2025-08-01 03:11:46 PM,14837.0,31,459947.0,93027414.0
2025-08-01 03:11:58 PM,14839.0,5,74195.0,93101609.0
2025-08-01 03:12:03 PM,14810.0,0,0.0,93101609.0
2025-08-01 03:12:05 PM,14810.0,25,370250.0,93471859.0
2025-08-01 03:12:18 PM,14826.0,4,59304.0,93531163.0
2025-08-01 03:12:27 PM,14826.0,3,44478.0,93575641.0
2025-08-01 03:12:31 PM,14826.0,1,14826.0,93590467.0
2025-08-01 03:12:37 PM,14823.0,5,74115.0,93664582.0
2025-08-01 03:12:44 PM,14823.0,1,14823.0,93679405.0
2025-08-01 03:12:50 PM,14823.0,3,44469.0,93723874.0
2025-08-01 03:12:53 PM,14801.0,2,29602.0,93753476.0
2025-08-01 03:13:00 PM,14822.0,4,59288.0,93812764.0
2025-08-01 03:13:10 PM,14822.0,3,44466.0,93857230.0
2025-08-01 03:13:14 PM,14822.0,6,88932.0,93946162.0
2025-08-01 03:13:20 PM,14800.0,1,14800.0,93960962.0
2025-08-01 03:13:29 PM,14822.0,3,44466.0,94005428.0
2025-08-01 03:13:38 PM,14822.0,5,74110.0,94079538.0
2025-08-01 03:13:40 PM,14822.0,1,14822.0,94094360.0
2025-08-01 03:13:46 PM,14822.0,2,29644.0,94124004.0
2025-08-01 03:13:47 PM,14804.0,0,0.0,94124004.0
2025-08-01 03:13:49 PM,14804.0,101,1495204.0,95619208.0
2025-08-01 03:13:55 PM,14797.0,0,0.0,95619208.0
2025-08-01 03:13:55 PM,14797.0,3,44391.0,95663599.0
2025-08-01 03:13:58 PM,14797.0,5,73985.0,95737584.0
2025-08-01 03:14:02 PM,14799.0,5,73995.0,95811579.0
2025-08-01 03:14:08 PM,14796.0,3,44388.0,95855967.0
2025-08-01 03:14:17 PM,14797.0,4,59188.0,95915155.0
2025-08-01 03:14:29 PM,14796.0,2,29592.0,95944747.0
2025-08-01 03:14:35 PM,14797.0,1,14797.0,95959544.0
2025-08-01 03:14:39 PM,14797.0,6,88782.0,96048326.0
2025-08-01 03:14:47 PM,14796.0,3,44388.0,96092714.0
2025-08-01 03:14:59 PM,14796.0,3,44388.0,96137102.0
2025-08-01 03:15:06 PM,14800.0,0,0.0,96137102.0
2025-08-01 03:15:06 PM,14800.0,3,44400.0,96181502.0
2025-08-01 03:15:11 PM,14797.0,10,147970.0,96329472.0
2025-08-01 03:15:21 PM,14797.0,1,14797.0,96344269.0
2025-08-01 03:15:28 PM,14797.0,3,44391.0,96388660.0
2025-08-01 03:15:30 PM,14796.0,0,0.0,96388660.0
2025-08-01 03:15:33 PM,14796.0,2,29592.0,96418252.0
2025-08-01 03:15:39 PM,14797.0,0,0.0,96418252.0
2025-08-01 03:15:41 PM,14797.0,3,44391.0,96462643.0
2025-08-01 03:15:48 PM,14796.0,3,44388.0,96507031.0
2025-08-01 03:15:57 PM,14796.0,2,29592.0,96536623.0
2025-08-01 03:16:03 PM,14797.0,0,0.0,96536623.0
2025-08-01 03:16:04 PM,14796.0,5,73980.0,96610603.0
2025-08-01 03:16:09 PM,14797.0,0,0.0,96610603.0
2025-08-01 03:16:09 PM,14797.0,2,29594.0,96640197.0
2025-08-01 03:16:14 PM,14773.0,0,0.0,96640197.0
2025-08-01 03:16:16 PM,14773.0,10,147730.0,96787927.0
2025-08-01 03:16:18 PM,14803.0,5,74015.0,96861942.0
2025-08-01 03:16:29 PM,14794.0,0,0.0,96861942.0
2025-08-01 03:16:30 PM,14794.0,3,44382.0,96906324.0
2025-08-01 03:16:37 PM,14797.0,2,29594.0,96935918.0
2025-08-01 03:16:40 PM,14800.0,0,0.0,96935918.0
2025-08-01 03:16:44 PM,14800.0,19,281200.0,97217118.0
2025-08-01 03:16:45 PM,14800.0,3,44400.0,97261518.0
2025-08-01 03:16:50 PM,14822.0,0,0.0,97261518.0
2025-08-01 03:16:50 PM,14822.0,13,192686.0,97454204.0
2025-08-01 03:16:57 PM,14822.0,5,74110.0,97528314.0
2025-08-01 03:17:09 PM,14820.0,0,0.0,97528314.0
2025-08-01 03:17:11 PM,14820.0,3,44460.0,97572774.0
2025-08-01 03:17:17 PM,14819.0,5,74095.0,97646869.0
2025-08-01 03:17:22 PM,14800.0,0,0.0,97646869.0
2025-08-01 03:17:24 PM,14800.0,25,370000.0,98016869.0
2025-08-01 03:17:27 PM,14815.0,0,0.0,98016869.0
2025-08-01 03:17:30 PM,14820.0,28,414960.0,98431829.0
2025-08-01 03:17:38 PM,14820.0,3,44460.0,98476289.0
2025-08-01 03:17:43 PM,14820.0,4,59280.0,98535569.0
2025-08-01 03:17:58 PM,14820.0,5,74100.0,98609669.0
2025-08-01 03:18:03 PM,14800.0,23,340400.0,98950069.0
2025-08-01 03:18:05 PM,14800.0,12,177600.0,99127669.0
2025-08-01 03:18:07 PM,14822.0,0,0.0,99127669.0
2025-08-01 03:18:10 PM,14822.0,10,148220.0,99275889.0
2025-08-01 03:18:12 PM,14823.0,1,14823.0,99290712.0
2025-08-01 03:18:16 PM,14823.0,20,296460.0,99587172.0
2025-08-01 03:18:18 PM,14823.0,5,74115.0,99661287.0
2025-08-01 03:18:23 PM,14823.0,1,14823.0,99676110.0
2025-08-01 03:18:25 PM,14823.0,1,14823.0,99690933.0
2025-08-01 03:18:30 PM,14823.0,1,14823.0,99705756.0
2025-08-01 03:18:35 PM,14825.0,0,0.0,99705756.0
2025-08-01 03:18:36 PM,14825.0,2,29650.0,99735406.0
2025-08-01 03:18:38 PM,14825.0,5,74125.0,99809531.0
2025-08-01 03:18:49 PM,14825.0,3,44475.0,99854006.0
2025-08-01 03:18:55 PM,14825.0,1,14825.0,99868831.0
2025-08-01 03:18:57 PM,14825.0,4,59300.0,99928131.0
2025-08-01 03:19:07 PM,14802.0,0,0.0,99928131.0
2025-08-01 03:19:09 PM,14802.0,15,222030.0,100150161.0
2025-08-01 03:19:17 PM,14823.0,5,74115.0,100224276.0
2025-08-01 03:19:27 PM,14801.0,0,0.0,100224276.0
2025-08-01 03:19:29 PM,14801.0,11,162811.0,100387087.0
2025-08-01 03:19:30 PM,14800.0,2,29600.0,100416687.0
2025-08-01 03:19:35 PM,14800.0,2,29600.0,100446287.0
2025-08-01 03:19:37 PM,14817.0,4,59268.0,100505555.0
2025-08-01 03:19:41 PM,14825.0,3,44475.0,100550030.0
2025-08-01 03:19:43 PM,14801.0,5,74005.0,100624035.0
2025-08-01 03:19:48 PM,14824.0,0,0.0,100624035.0
2025-08-01 03:19:48 PM,14824.0,3,44472.0,100668507.0
2025-08-01 03:20:01 PM,14803.0,17,251651.0,100920158.0
2025-08-01 03:20:16 PM,14803.0,15,222045.0,101142203.0
2025-08-01 03:20:23 PM,14800.0,0,0.0,101142203.0
2025-08-01 03:20:23 PM,14800.0,42,621600.0,101763803.0
2025-08-01 03:20:30 PM,14800.0,17,251600.0,102015403.0
2025-08-01 03:20:46 PM,14800.0,38,562400.0,102577803.0
2025-08-01 03:20:51 PM,14797.0,4,59188.0,102636991.0
2025-08-01 03:21:04 PM,14781.0,0,0.0,102636991.0
2025-08-01 03:21:04 PM,14781.0,1,14781.0,102651772.0
2025-08-01 03:21:19 PM,14750.0,16,236000.0,102887772.0
2025-08-01 03:21:20 PM,14772.0,0,0.0,102887772.0
2025-08-01 03:21:21 PM,14772.0,2,29544.0,102917316.0
2025-08-01 03:21:32 PM,14750.0,11,162250.0,103079566.0
2025-08-01 03:21:48 PM,14772.0,1,14772.0,103094338.0
2025-08-01 03:22:06 PM,14772.0,2,29544.0,103123882.0
2025-08-01 03:22:12 PM,14772.0,1,14772.0,103138654.0
2025-08-01 03:22:21 PM,14772.0,1,14772.0,103153426.0
2025-08-01 03:22:33 PM,14780.0,1,14780.0,103168206.0
2025-08-01 03:22:40 PM,14780.0,1,14780.0,103182986.0
2025-08-01 03:22:53 PM,14780.0,8,118240.0,103301226.0
2025-08-01 03:23:13 PM,14780.0,5,73900.0,103375126.0
2025-08-01 03:23:15 PM,14780.0,1,14780.0,103389906.0
2025-08-01 03:23:28 PM,14761.0,1,14761.0,103404667.0
2025-08-01 03:23:40 PM,14780.0,1,14780.0,103419447.0
2025-08-01 03:23:48 PM,14760.0,1,14760.0,103434207.0
2025-08-01 03:23:59 PM,14780.0,1,14780.0,103448987.0
2025-08-01 03:24:06 PM,14721.0,100,1472100.0,104921087.0
2025-08-01 03:24:07 PM,14705.0,38,558790.0,105479877.0
2025-08-01 03:24:12 PM,14761.0,0,0.0,105479877.0
2025-08-01 03:24:13 PM,14761.0,21,309981.0,105789858.0
2025-08-01 03:24:40 PM,14736.0,1,14736.0,105804594.0
2025-08-01 03:24:46 PM,14736.0,1,14736.0,105819330.0
2025-08-01 03:25:01 PM,14716.0,3,44148.0,105863478.0
2025-08-01 03:25:06 PM,14736.0,3,44208.0,105907686.0
2025-08-01 03:25:23 PM,14725.0,0,0.0,105907686.0
2025-08-01 03:25:26 PM,14725.0,1,14725.0,105922411.0
2025-08-01 03:25:34 PM,14715.0,3,44145.0,105966556.0
2025-08-01 03:25:39 PM,14717.0,1,14717.0,105981273.0
2025-08-01 03:25:51 PM,14714.0,6,88284.0,106069557.0
2025-08-01 03:25:56 PM,14710.0,0,0.0,106069557.0
2025-08-01 03:25:58 PM,14710.0,5,73550.0,106143107.0
2025-08-01 03:26:05 PM,14718.0,13,191334.0,106334441.0
2025-08-01 03:26:16 PM,14716.0,0,0.0,106334441.0
2025-08-01 03:26:18 PM,14736.0,5,73680.0,106408121.0
2025-08-01 03:26:40 PM,14736.0,1,14736.0,106422857.0
2025-08-01 03:26:56 PM,14705.0,0,0.0,106422857.0
2025-08-01 03:26:58 PM,14705.0,21,308805.0,106731662.0
2025-08-01 03:27:00 PM,14702.0,25,367550.0,107099212.0
2025-08-01 03:27:04 PM,14705.0,16,235280.0,107334492.0
2025-08-01 03:27:18 PM,14701.0,0,0.0,107334492.0
2025-08-01 03:27:19 PM,14701.0,3,44103.0,107378595.0
2025-08-01 03:27:20 PM,14705.0,1,14705.0,107393300.0
2025-08-01 03:27:24 PM,14701.0,0,0.0,107393300.0
2025-08-01 03:27:26 PM,14701.0,1,14701.0,107408001.0
2025-08-01 03:27:27 PM,14704.0,0,0.0,107408001.0
2025-08-01 03:27:27 PM,14704.0,1,14704.0,107422705.0
2025-08-01 03:27:33 PM,14703.0,1,14703.0,107437408.0
2025-08-01 03:27:35 PM,14703.0,31,455793.0,107893201.0
2025-08-01 03:27:47 PM,14703.0,8,117624.0,108010825.0
2025-08-01 03:27:56 PM,14703.0,1,14703.0,108025528.0
2025-08-01 03:28:04 PM,14702.0,0,0.0,108025528.0
2025-08-01 03:28:08 PM,14702.0,10,147020.0,108172548.0
2025-08-01 03:28:09 PM,14701.0,0,0.0,108172548.0
2025-08-01 03:28:09 PM,14701.0,4,58804.0,108231352.0
2025-08-01 03:28:18 PM,14721.0,0,0.0,108231352.0
2025-08-01 03:28:21 PM,14721.0,23,338583.0,108569935.0
2025-08-01 03:28:27 PM,14702.0,0,0.0,108569935.0
2025-08-01 03:28:29 PM,14702.0,3,44106.0,108614041.0
2025-08-01 03:28:42 PM,14728.0,23,338744.0,108952785.0
2025-08-01 03:29:02 PM,14727.0,0,0.0,108952785.0
2025-08-01 03:29:03 PM,14727.0,11,161997.0,109114782.0
2025-08-01 03:29:05 PM,14710.0,1,14710.0,109129492.0
2025-08-01 03:29:13 PM,14727.0,1,14727.0,109144219.0
2025-08-01 03:29:32 PM,14722.0,0,0.0,109144219.0
2025-08-01 03:29:34 PM,14722.0,111,1634142.0,110778361.0
2025-08-01 03:29:37 PM,14702.0,1,14702.0,110793063.0
2025-08-01 03:29:43 PM,14710.0,0,0.0,110793063.0
2025-08-01 03:29:44 PM,14710.0,1,14710.0,110807773.0
2025-08-01 03:29:49 PM,14700.0,0,0.0,110807773.0
2025-08-01 03:29:49 PM,14700.0,4,58800.0,110866573.0
