date,price,qty,trnvr,cum_trnvr
2025-08-01 09:15:00 AM,2755.0,3380,9311900.0,9311900.0
2025-08-01 09:15:00 AM,2752.0,0,0.0,9311900.0
2025-08-01 09:15:08 AM,2768.9,0,0.0,9311900.0
2025-08-01 09:15:09 AM,2765.6,5983,16546584.799999999,25858484.799999997
2025-08-01 09:15:11 AM,2760.9,1234,3406950.6,29265435.4
2025-08-01 09:15:17 AM,2766.5,0,0.0,29265435.4
2025-08-01 09:15:18 AM,2761.1,0,0.0,29265435.4
2025-08-01 09:15:20 AM,2766.9,2997,8292399.3,37557834.699999996
2025-08-01 09:15:22 AM,2769.0,272,753168.0,38311002.699999996
2025-08-01 09:15:25 AM,2774.4,0,0.0,38311002.699999996
2025-08-01 09:15:28 AM,2777.6,0,0.0,38311002.699999996
2025-08-01 09:15:29 AM,2768.0,3050,8442400.0,46753402.699999996
2025-08-01 09:15:31 AM,2771.8,200,554360.0,47307762.699999996
2025-08-01 09:15:32 AM,2767.3,0,0.0,47307762.699999996
2025-08-01 09:15:37 AM,2767.2,0,0.0,47307762.699999996
2025-08-01 09:15:38 AM,2767.2,1366,3779995.1999999997,51087757.9
2025-08-01 09:15:39 AM,2766.7,522,1444217.4,52531975.3
2025-08-01 09:15:41 AM,2768.9,0,0.0,52531975.3
2025-08-01 09:15:45 AM,2768.0,0,0.0,52531975.3
2025-08-01 09:15:46 AM,2769.6,1530,4237488.0,56769463.3
2025-08-01 09:15:48 AM,2765.2,21,58069.2,56827532.5
2025-08-01 09:15:50 AM,2770.3,0,0.0,56827532.5
2025-08-01 09:15:53 AM,2772.0,0,0.0,56827532.5
2025-08-01 09:15:54 AM,2772.0,706,1957032.0,58784564.5
2025-08-01 09:15:56 AM,2775.5,78,216489.0,59001053.5
2025-08-01 09:15:59 AM,2769.4,0,0.0,59001053.5
2025-08-01 09:16:00 AM,2769.4,872,2414916.8000000003,61415970.3
2025-08-01 09:16:02 AM,2773.0,101,280073.0,61696043.3
2025-08-01 09:16:03 AM,2773.0,2,5546.0,61701589.3
2025-08-01 09:16:03 AM,2772.0,115,318780.0,62020369.3
2025-08-01 09:16:03 AM,2767.7,0,0.0,62020369.3
2025-08-01 09:16:04 AM,2767.7,329,910573.2999999999,62930942.599999994
2025-08-01 09:16:04 AM,2765.9,220,608498.0,63539440.599999994
2025-08-01 09:16:05 AM,2769.8,50,138490.0,63677930.599999994
2025-08-01 09:16:05 AM,2769.3,102,282468.60000000003,63960399.199999996
2025-08-01 09:16:06 AM,2770.3,24,66487.20000000001,64026886.4
2025-08-01 09:16:06 AM,2773.4,116,321714.4,64348600.8
2025-08-01 09:16:07 AM,2775.0,50,138750.0,64487350.8
2025-08-01 09:16:07 AM,2780.9,3430,9538487.0,74025837.8
2025-08-01 09:16:08 AM,2778.0,80,222240.0,74248077.8
2025-08-01 09:16:09 AM,2778.4,13,36119.200000000004,74284197.0
2025-08-01 09:16:09 AM,2778.5,25,69462.5,74353659.5
2025-08-01 09:16:10 AM,2778.7,14,38901.799999999996,74392561.3
2025-08-01 09:16:10 AM,2783.1,0,0.0,74392561.3
2025-08-01 09:16:11 AM,2784.0,544,1514496.0,75907057.3
2025-08-01 09:16:11 AM,2784.0,50,139200.0,76046257.3
2025-08-01 09:16:11 AM,2780.3,0,0.0,76046257.3
2025-08-01 09:16:12 AM,2780.7,66,183526.19999999998,76229783.5
2025-08-01 09:16:13 AM,2784.7,164,456690.8,76686474.3
2025-08-01 09:16:13 AM,2782.9,0,0.0,76686474.3
2025-08-01 09:16:13 AM,2782.9,17,47309.3,76733783.6
2025-08-01 09:16:14 AM,2781.6,427,1187743.2,77921526.8
2025-08-01 09:16:14 AM,2783.8,0,0.0,77921526.8
2025-08-01 09:16:15 AM,2783.8,100,278380.0,78199906.8
2025-08-01 09:16:15 AM,2783.2,45,125243.99999999999,78325150.8
2025-08-01 09:16:15 AM,2783.1,0,0.0,78325150.8
2025-08-01 09:16:16 AM,2783.1,18,50095.799999999996,78375246.6
2025-08-01 09:16:16 AM,2783.6,100,278360.0,78653606.6
2025-08-01 09:16:17 AM,2783.4,98,272773.2,78926379.8
2025-08-01 09:16:17 AM,2790.0,0,0.0,78926379.8
2025-08-01 09:16:17 AM,2788.2,0,0.0,78926379.8
2025-08-01 09:16:18 AM,2792.9,3942,11009611.8,89935991.6
2025-08-01 09:16:18 AM,2790.9,179,499571.10000000003,90435562.69999999
2025-08-01 09:16:18 AM,2790.8,0,0.0,90435562.69999999
2025-08-01 09:16:18 AM,2794.0,0,0.0,90435562.69999999
2025-08-01 09:16:19 AM,2796.7,1150,3216205.0,93651767.69999999
2025-08-01 09:16:19 AM,2797.0,0,0.0,93651767.69999999
2025-08-01 09:16:20 AM,2795.0,613,1713335.0,95365102.69999999
2025-08-01 09:16:20 AM,2792.1,0,0.0,95365102.69999999
2025-08-01 09:16:20 AM,2797.0,0,0.0,95365102.69999999
2025-08-01 09:16:21 AM,2793.5,1131,3159448.5,98524551.19999999
2025-08-01 09:16:21 AM,2797.0,0,0.0,98524551.19999999
2025-08-01 09:16:22 AM,2800.0,5243,14680400.0,113204951.19999999
2025-08-01 09:16:22 AM,2797.1,268,749622.7999999999,113954573.99999999
2025-08-01 09:16:22 AM,2799.9,0,0.0,113954573.99999999
2025-08-01 09:16:22 AM,2800.0,0,0.0,113954573.99999999
2025-08-01 09:16:23 AM,2798.1,216,604389.6,114558963.59999998
2025-08-01 09:16:23 AM,2800.0,50,140000.0,114698963.59999998
2025-08-01 09:16:24 AM,2801.0,167,467767.0,115166730.59999998
2025-08-01 09:16:24 AM,2807.9,0,0.0,115166730.59999998
2025-08-01 09:16:25 AM,2804.8,1001,2807604.8000000003,117974335.39999998
2025-08-01 09:16:25 AM,2801.6,0,0.0,117974335.39999998
2025-08-01 09:16:25 AM,2801.6,1,2801.6,117977136.99999997
2025-08-01 09:16:26 AM,2802.3,349,978002.7000000001,118955139.69999997
2025-08-01 09:16:26 AM,2809.0,0,0.0,118955139.69999997
2025-08-01 09:16:27 AM,2807.8,633,1777337.4000000001,120732477.09999998
2025-08-01 09:16:27 AM,2806.7,81,227342.69999999998,120959819.79999998
2025-08-01 09:16:28 AM,2801.6,50,140080.0,121099899.79999998
2025-08-01 09:16:28 AM,2804.6,1,2804.6,121102704.39999998
2025-08-01 09:16:28 AM,2809.0,0,0.0,121102704.39999998
2025-08-01 09:16:28 AM,2808.9,0,0.0,121102704.39999998
2025-08-01 09:16:29 AM,2808.8,291,817360.8,121920065.19999997
2025-08-01 09:16:29 AM,2804.5,332,931094.0,122851159.19999997
2025-08-01 09:16:29 AM,2807.7,0,0.0,122851159.19999997
2025-08-01 09:16:30 AM,2807.7,100,280770.0,123131929.19999997
2025-08-01 09:16:30 AM,2810.0,0,0.0,123131929.19999997
2025-08-01 09:16:30 AM,2806.4,0,0.0,123131929.19999997
2025-08-01 09:16:31 AM,2806.4,347,973820.8,124105749.99999997
2025-08-01 09:16:31 AM,2810.0,200,562000.0,124667749.99999997
2025-08-01 09:16:31 AM,2809.8,0,0.0,124667749.99999997
2025-08-01 09:16:32 AM,2814.0,917,2580438.0,127248187.99999997
2025-08-01 09:16:32 AM,2811.0,0,0.0,127248187.99999997
2025-08-01 09:16:32 AM,2810.0,0,0.0,127248187.99999997
2025-08-01 09:16:33 AM,2813.9,944,2656321.6,129904509.59999996
2025-08-01 09:16:33 AM,2813.9,1,2813.9,129907323.49999997
2025-08-01 09:16:33 AM,2814.0,0,0.0,129907323.49999997
2025-08-01 09:16:34 AM,2816.0,2415,6800640.0,136707963.49999997
2025-08-01 09:16:34 AM,2812.1,15,42181.5,136750144.99999997
2025-08-01 09:16:34 AM,2815.7,0,0.0,136750144.99999997
2025-08-01 09:16:34 AM,2816.0,0,0.0,136750144.99999997
2025-08-01 09:16:35 AM,2816.0,704,1982464.0,138732608.99999997
2025-08-01 09:16:35 AM,2813.2,62,174418.4,138907027.39999998
2025-08-01 09:16:35 AM,2817.0,0,0.0,138907027.39999998
2025-08-01 09:16:36 AM,2812.0,1002,2817624.0,141724651.39999998
2025-08-01 09:16:36 AM,2812.0,1,2812.0,141727463.39999998
2025-08-01 09:16:36 AM,2810.5,0,0.0,141727463.39999998
2025-08-01 09:16:36 AM,2814.2,0,0.0,141727463.39999998
2025-08-01 09:16:37 AM,2813.4,130,365742.0,142093205.39999998
2025-08-01 09:16:37 AM,2810.4,802,2253940.8000000003,144347146.2
2025-08-01 09:16:37 AM,2814.8,0,0.0,144347146.2
2025-08-01 09:16:38 AM,2816.6,483,1360417.8,145707564.0
2025-08-01 09:16:38 AM,2819.8,0,0.0,145707564.0
2025-08-01 09:16:38 AM,2819.8,597,1683420.6,147390984.6
2025-08-01 09:16:38 AM,2817.9,0,0.0,147390984.6
2025-08-01 09:16:39 AM,2816.5,132,371778.0,147762762.6
2025-08-01 09:16:39 AM,2816.0,0,0.0,147762762.6
2025-08-01 09:16:39 AM,2816.0,54,152064.0,147914826.6
2025-08-01 09:16:40 AM,2815.0,415,1168225.0,149083051.6
2025-08-01 09:16:40 AM,2814.7,0,0.0,149083051.6
2025-08-01 09:16:41 AM,2819.1,636,1792947.5999999999,150875999.2
2025-08-01 09:16:41 AM,2819.6,21,59211.6,150935210.79999998
2025-08-01 09:16:41 AM,2821.5,0,0.0,150935210.79999998
2025-08-01 09:16:42 AM,2818.0,754,2124772.0,153059982.79999998
2025-08-01 09:16:42 AM,2824.9,467,1319228.3,154379211.1
2025-08-01 09:16:42 AM,2818.8,0,0.0,154379211.1
2025-08-01 09:16:42 AM,2818.5,0,0.0,154379211.1
2025-08-01 09:16:43 AM,2822.7,449,1267392.2999999998,155646603.4
2025-08-01 09:16:43 AM,2824.6,106,299407.6,155946011.0
2025-08-01 09:16:43 AM,2819.6,0,0.0,155946011.0
2025-08-01 09:16:43 AM,2824.6,0,0.0,155946011.0
2025-08-01 09:16:44 AM,2821.0,292,823732.0,156769743.0
2025-08-01 09:16:44 AM,2821.4,5,14107.0,156783850.0
2025-08-01 09:16:44 AM,2824.8,0,0.0,156783850.0
2025-08-01 09:16:45 AM,2824.9,420,1186458.0,157970308.0
2025-08-01 09:16:45 AM,2824.9,2,5649.8,157975957.8
2025-08-01 09:16:46 AM,2824.9,881,2488736.9,160464694.70000002
2025-08-01 09:16:46 AM,2822.5,250,705625.0,161170319.70000002
2025-08-01 09:16:47 AM,2822.5,276,779010.0,161949329.70000002
2025-08-01 09:16:47 AM,2824.0,55,155320.0,162104649.70000002
2025-08-01 09:16:48 AM,2823.6,2,5647.2,162110296.9
2025-08-01 09:16:48 AM,2828.0,318,899304.0,163009600.9
2025-08-01 09:16:48 AM,2825.1,0,0.0,163009600.9
2025-08-01 09:16:49 AM,2823.4,2208,6234067.2,169243668.1
2025-08-01 09:16:49 AM,2815.8,389,1095346.2000000002,170339014.29999998
2025-08-01 09:16:49 AM,2818.9,0,0.0,170339014.29999998
2025-08-01 09:16:50 AM,2813.9,486,1367555.4000000001,171706569.7
2025-08-01 09:16:50 AM,2811.1,0,0.0,171706569.7
2025-08-01 09:16:50 AM,2808.1,1785,5012458.5,176719028.2
2025-08-01 09:16:50 AM,2808.0,0,0.0,176719028.2
2025-08-01 09:16:51 AM,2811.6,51,143391.6,176862419.79999998
2025-08-01 09:16:51 AM,2813.2,0,0.0,176862419.79999998
2025-08-01 09:16:51 AM,2811.6,0,0.0,176862419.79999998
2025-08-01 09:16:52 AM,2811.6,413,1161190.8,178023610.6
2025-08-01 09:16:52 AM,2804.7,0,0.0,178023610.6
2025-08-01 09:16:52 AM,2803.6,0,0.0,178023610.6
2025-08-01 09:16:53 AM,2803.6,986,2764349.6,180787960.2
2025-08-01 09:16:53 AM,2801.0,0,0.0,180787960.2
2025-08-01 09:16:54 AM,2800.9,188,526569.2000000001,181314529.39999998
2025-08-01 09:16:54 AM,2800.4,0,0.0,181314529.39999998
2025-08-01 09:16:54 AM,2803.2,0,0.0,181314529.39999998
2025-08-01 09:16:55 AM,2800.4,111,310844.4,181625373.79999998
2025-08-01 09:16:55 AM,2800.0,0,0.0,181625373.79999998
2025-08-01 09:16:55 AM,2803.6,0,0.0,181625373.79999998
2025-08-01 09:16:56 AM,2800.6,780,2184468.0,183809841.79999998
2025-08-01 09:16:56 AM,2798.9,500,1399450.0,185209291.79999998
2025-08-01 09:16:56 AM,2800.9,0,0.0,185209291.79999998
2025-08-01 09:16:57 AM,2801.1,634,1775897.4,186985189.2
2025-08-01 09:16:57 AM,2803.4,0,0.0,186985189.2
2025-08-01 09:16:58 AM,2800.0,324,907200.0,187892389.2
2025-08-01 09:16:58 AM,2797.1,0,0.0,187892389.2
2025-08-01 09:16:59 AM,2800.0,60,168000.0,188060389.2
2025-08-01 09:16:59 AM,2800.0,101,282800.0,188343189.2
2025-08-01 09:16:59 AM,2802.9,0,0.0,188343189.2
2025-08-01 09:16:59 AM,2800.1,0,0.0,188343189.2
2025-08-01 09:17:00 AM,2800.1,36,100803.59999999999,188443992.79999998
2025-08-01 09:17:00 AM,2800.0,8,22400.0,188466392.79999998
2025-08-01 09:17:00 AM,2802.5,0,0.0,188466392.79999998
2025-08-01 09:17:00 AM,2804.7,0,0.0,188466392.79999998
2025-08-01 09:17:01 AM,2800.0,924,2587200.0,191053592.79999998
2025-08-01 09:17:02 AM,2799.9,55,153994.5,191207587.29999998
2025-08-01 09:17:02 AM,2802.9,353,989423.7000000001,192197010.99999997
2025-08-01 09:17:02 AM,2804.5,0,0.0,192197010.99999997
2025-08-01 09:17:03 AM,2800.3,78,218423.40000000002,192415434.39999998
2025-08-01 09:17:03 AM,2803.4,0,0.0,192415434.39999998
2025-08-01 09:17:04 AM,2800.8,1020,2856816.0,195272250.39999998
2025-08-01 09:17:04 AM,2800.0,0,0.0,195272250.39999998
2025-08-01 09:17:04 AM,2800.0,51,142800.0,195415050.39999998
2025-08-01 09:17:05 AM,2797.7,1067,2985145.9,198400196.29999998
2025-08-01 09:17:05 AM,2800.1,0,0.0,198400196.29999998
2025-08-01 09:17:06 AM,2800.6,80,224048.0,198624244.29999998
2025-08-01 09:17:06 AM,2800.0,64,179200.0,198803444.29999998
2025-08-01 09:17:07 AM,2799.3,0,0.0,198803444.29999998
2025-08-01 09:17:07 AM,2799.3,15,41989.5,198845433.79999998
2025-08-01 09:17:07 AM,2800.1,0,0.0,198845433.79999998
2025-08-01 09:17:08 AM,2799.2,69,193144.8,199038578.6
2025-08-01 09:17:08 AM,2801.0,0,0.0,199038578.6
2025-08-01 09:17:08 AM,2801.0,35,98035.0,199136613.6
2025-08-01 09:17:09 AM,2808.6,1235,3468621.0,202605234.6
2025-08-01 09:17:09 AM,2806.6,0,0.0,202605234.6
2025-08-01 09:17:09 AM,2806.7,12,33680.399999999994,202638915.0
2025-08-01 09:17:10 AM,2809.2,114,320248.8,202959163.8
2025-08-01 09:17:10 AM,2809.3,0,0.0,202959163.8
2025-08-01 09:17:11 AM,2811.9,215,604558.5,203563722.3
2025-08-01 09:17:11 AM,2808.6,25,70215.0,203633937.3
2025-08-01 09:17:11 AM,2811.1,0,0.0,203633937.3
2025-08-01 09:17:11 AM,2809.5,0,0.0,203633937.3
2025-08-01 09:17:12 AM,2809.5,150,421425.0,204055362.3
2025-08-01 09:17:12 AM,2813.8,0,0.0,204055362.3
2025-08-01 09:17:13 AM,2810.2,300,843060.0,204898422.3
2025-08-01 09:17:13 AM,2813.2,10,28132.0,204926554.3
2025-08-01 09:17:13 AM,2814.4,0,0.0,204926554.3
2025-08-01 09:17:14 AM,2814.2,74,208250.8,205134805.10000002
2025-08-01 09:17:14 AM,2814.3,35,98500.5,205233305.60000002
2025-08-01 09:17:15 AM,2814.3,1145,3222373.5,208455679.10000002
2025-08-01 09:17:15 AM,2815.7,0,0.0,208455679.10000002
2025-08-01 09:17:15 AM,2816.4,0,0.0,208455679.10000002
2025-08-01 09:17:16 AM,2812.7,253,711613.1,209167292.20000002
2025-08-01 09:17:16 AM,2817.2,85,239461.99999999997,209406754.20000002
2025-08-01 09:17:16 AM,2812.3,0,0.0,209406754.20000002
2025-08-01 09:17:17 AM,2814.5,1216,3422432.0,212829186.20000002
2025-08-01 09:17:17 AM,2814.9,0,0.0,212829186.20000002
2025-08-01 09:17:17 AM,2814.9,25,70372.5,212899558.70000002
2025-08-01 09:17:18 AM,2816.0,61,171776.0,213071334.70000002
2025-08-01 09:17:18 AM,2817.8,0,0.0,213071334.70000002
2025-08-01 09:17:19 AM,2817.8,300,845340.0,213916674.70000002
2025-08-01 09:17:19 AM,2813.6,0,0.0,213916674.70000002
2025-08-01 09:17:19 AM,2813.6,657,1848535.2,215765209.9
2025-08-01 09:17:20 AM,2815.9,0,0.0,215765209.9
2025-08-01 09:17:20 AM,2815.9,785,2210481.5,217975691.4
2025-08-01 09:17:21 AM,2820.0,426,1201320.0,219177011.4
2025-08-01 09:17:21 AM,2827.0,0,0.0,219177011.4
2025-08-01 09:17:21 AM,2824.8,0,0.0,219177011.4
2025-08-01 09:17:22 AM,2824.8,2466,6965956.800000001,226142968.20000002
2025-08-01 09:17:22 AM,2825.3,5,14126.5,226157094.70000002
2025-08-01 09:17:22 AM,2824.3,0,0.0,226157094.70000002
2025-08-01 09:17:23 AM,2823.1,1111,3136464.1,229293558.8
2025-08-01 09:17:23 AM,2830.0,1049,2968670.0,232262228.8
2025-08-01 09:17:23 AM,2829.9,0,0.0,232262228.8
2025-08-01 09:17:23 AM,2826.4,0,0.0,232262228.8
2025-08-01 09:17:24 AM,2830.0,428,1211240.0,233473468.8
2025-08-01 09:17:24 AM,2830.0,35,99050.0,233572518.8
2025-08-01 09:17:24 AM,2823.3,0,0.0,233572518.8
2025-08-01 09:17:25 AM,2825.9,1955,5524634.5,239097153.3
2025-08-01 09:17:25 AM,2823.9,169,477239.10000000003,239574392.4
2025-08-01 09:17:25 AM,2821.4,0,0.0,239574392.4
2025-08-01 09:17:26 AM,2821.4,258,727921.2000000001,240302313.6
2025-08-01 09:17:26 AM,2822.4,103,290707.2,240593020.79999998
2025-08-01 09:17:27 AM,2824.4,189,533811.6,241126832.39999998
2025-08-01 09:17:27 AM,2827.9,0,0.0,241126832.39999998
2025-08-01 09:17:28 AM,2826.2,355,1003300.9999999999,242130133.39999998
2025-08-01 09:17:28 AM,2828.6,0,0.0,242130133.39999998
2025-08-01 09:17:28 AM,2828.7,190,537453.0,242667586.39999998
2025-08-01 09:17:29 AM,2830.0,167,472610.0,243140196.39999998
2025-08-01 09:17:29 AM,2827.7,0,0.0,243140196.39999998
2025-08-01 09:17:29 AM,2827.8,0,0.0,243140196.39999998
2025-08-01 09:17:30 AM,2827.8,51,144217.80000000002,243284414.2
2025-08-01 09:17:30 AM,2824.0,364,1027936.0,244312350.2
2025-08-01 09:17:30 AM,2821.1,0,0.0,244312350.2
2025-08-01 09:17:31 AM,2821.1,240,677064.0,244989414.2
2025-08-01 09:17:31 AM,2815.0,0,0.0,244989414.2
2025-08-01 09:17:31 AM,2815.0,1368,3850920.0,248840334.2
2025-08-01 09:17:31 AM,2817.8,0,0.0,248840334.2
2025-08-01 09:17:32 AM,2817.8,30,84534.0,248924868.2
2025-08-01 09:17:32 AM,2818.2,0,0.0,248924868.2
2025-08-01 09:17:32 AM,2815.5,373,1050181.5,249975049.7
2025-08-01 09:17:33 AM,2816.3,765,2154469.5,252129519.2
2025-08-01 09:17:33 AM,2819.8,0,0.0,252129519.2
2025-08-01 09:17:33 AM,2819.8,502,1415539.6,253545058.79999998
2025-08-01 09:17:34 AM,2819.5,46,129697.0,253674755.79999998
2025-08-01 09:17:34 AM,2816.9,0,0.0,253674755.79999998
2025-08-01 09:17:34 AM,2819.9,0,0.0,253674755.79999998
2025-08-01 09:17:34 AM,2819.9,97,273530.3,253948286.1
2025-08-01 09:17:35 AM,2821.4,256,722278.4,254670564.5
2025-08-01 09:17:35 AM,2824.4,0,0.0,254670564.5
2025-08-01 09:17:36 AM,2819.9,303,854429.7000000001,255524994.2
2025-08-01 09:17:36 AM,2820.4,82,231272.80000000002,255756267.0
2025-08-01 09:17:37 AM,2825.2,161,454857.19999999995,256211124.2
2025-08-01 09:17:38 AM,2825.2,7,19776.399999999998,256230900.6
2025-08-01 09:17:38 AM,2824.4,105,296562.0,256527462.6
2025-08-01 09:17:39 AM,2825.3,50,141265.0,256668727.6
2025-08-01 09:17:39 AM,2820.9,0,0.0,256668727.6
2025-08-01 09:17:39 AM,2820.9,300,846270.0,257514997.6
2025-08-01 09:17:40 AM,2822.3,637,1797805.1,259312802.7
2025-08-01 09:17:40 AM,2823.8,0,0.0,259312802.7
2025-08-01 09:17:40 AM,2824.4,0,0.0,259312802.7
2025-08-01 09:17:41 AM,2824.4,137,386942.8,259699745.5
2025-08-01 09:17:41 AM,2819.4,1110,3129534.0,262829279.5
2025-08-01 09:17:41 AM,2819.7,0,0.0,262829279.5
2025-08-01 09:17:42 AM,2819.7,303,854369.1,263683648.6
2025-08-01 09:17:42 AM,2820.1,5,14100.5,263697749.1
2025-08-01 09:17:42 AM,2823.8,0,0.0,263697749.1
2025-08-01 09:17:43 AM,2823.8,435,1228353.0,264926102.1
2025-08-01 09:17:43 AM,2823.8,92,259789.6,265185891.7
2025-08-01 09:17:43 AM,2821.5,0,0.0,265185891.7
2025-08-01 09:17:44 AM,2821.5,5,14107.5,265199999.2
2025-08-01 09:17:44 AM,2821.8,179,505102.2,265705101.39999998
2025-08-01 09:17:45 AM,2821.6,37,104399.2,265809500.59999996
2025-08-01 09:17:45 AM,2820.0,230,648600.0,266458100.59999996
2025-08-01 09:17:45 AM,2821.3,0,0.0,266458100.59999996
2025-08-01 09:17:46 AM,2821.1,108,304678.8,266762779.39999998
2025-08-01 09:17:46 AM,2821.0,0,0.0,266762779.39999998
2025-08-01 09:17:46 AM,2821.0,222,626262.0,267389041.39999998
2025-08-01 09:17:46 AM,2820.9,0,0.0,267389041.39999998
2025-08-01 09:17:47 AM,2818.0,44,123992.0,267513033.39999998
2025-08-01 09:17:47 AM,2820.9,0,0.0,267513033.39999998
2025-08-01 09:17:47 AM,2821.5,0,0.0,267513033.39999998
2025-08-01 09:17:48 AM,2821.9,126,355559.4,267868592.79999998
2025-08-01 09:17:48 AM,2818.3,15,42274.5,267910867.29999998
2025-08-01 09:17:48 AM,2818.5,0,0.0,267910867.29999998
2025-08-01 09:17:49 AM,2818.5,15,42277.5,267953144.79999998
2025-08-01 09:17:49 AM,2818.8,0,0.0,267953144.79999998
2025-08-01 09:17:50 AM,2818.8,5,14094.0,267967238.79999998
2025-08-01 09:17:50 AM,2822.0,0,0.0,267967238.79999998
2025-08-01 09:17:51 AM,2820.9,102,287731.8,268254970.6
2025-08-01 09:17:51 AM,2822.3,128,361254.4,268616225.0
2025-08-01 09:17:52 AM,2821.5,225,634837.5,269251062.5
2025-08-01 09:17:52 AM,2821.6,540,1523664.0,270774726.5
2025-08-01 09:17:52 AM,2822.3,0,0.0,270774726.5
2025-08-01 09:17:53 AM,2823.7,136,384023.19999999995,271158749.7
2025-08-01 09:17:53 AM,2823.7,165,465910.49999999994,271624660.2
2025-08-01 09:17:54 AM,2823.9,161,454647.9,272079308.09999996
2025-08-01 09:17:55 AM,2823.8,75,211785.0,272291093.09999996
2025-08-01 09:17:55 AM,2821.2,206,581167.2,272872260.29999995
2025-08-01 09:17:56 AM,2825.5,1022,2887661.0,275759921.29999995
2025-08-01 09:17:56 AM,2822.6,10,28226.0,275788147.29999995
2025-08-01 09:17:57 AM,2825.0,280,791000.0,276579147.29999995
2025-08-01 09:17:58 AM,2825.3,123,347511.9,276926659.1999999
2025-08-01 09:17:58 AM,2799.3,0,0.0,276926659.1999999
2025-08-01 09:17:58 AM,2817.3,0,0.0,276926659.1999999
2025-08-01 09:17:59 AM,2811.1,24042,67584466.2,344511125.3999999
2025-08-01 09:17:59 AM,2815.6,0,0.0,344511125.3999999
2025-08-01 09:17:59 AM,2815.8,927,2610246.6,347121371.99999994
2025-08-01 09:18:00 AM,2818.2,73,205728.59999999998,347327100.59999996
2025-08-01 09:18:00 AM,2817.1,0,0.0,347327100.59999996
2025-08-01 09:18:01 AM,2817.1,10,28171.0,347355271.59999996
2025-08-01 09:18:01 AM,2816.3,0,0.0,347355271.59999996
2025-08-01 09:18:01 AM,2816.2,0,0.0,347355271.59999996
2025-08-01 09:18:02 AM,2816.1,190,535059.0,347890330.59999996
2025-08-01 09:18:02 AM,2817.6,19,53534.4,347943864.99999994
2025-08-01 09:18:02 AM,2815.1,0,0.0,347943864.99999994
2025-08-01 09:18:03 AM,2815.0,587,1652405.0,349596269.99999994
2025-08-01 09:18:03 AM,2815.7,0,0.0,349596269.99999994
2025-08-01 09:18:04 AM,2810.2,113,317552.6,349913822.59999996
2025-08-01 09:18:04 AM,2811.4,0,0.0,349913822.59999996
2025-08-01 09:18:05 AM,2811.4,86,241780.4,350155602.99999994
2025-08-01 09:18:05 AM,2807.9,0,0.0,350155602.99999994
2025-08-01 09:18:05 AM,2809.9,0,0.0,350155602.99999994
2025-08-01 09:18:06 AM,2807.8,178,499788.4,350655391.3999999
2025-08-01 09:18:06 AM,2805.3,0,0.0,350655391.3999999
2025-08-01 09:18:07 AM,2805.3,76,213202.80000000002,350868594.1999999
2025-08-01 09:18:07 AM,2807.2,20,56144.0,350924738.1999999
2025-08-01 09:18:07 AM,2804.8,0,0.0,350924738.1999999
2025-08-01 09:18:08 AM,2804.2,119,333699.8,351258437.99999994
2025-08-01 09:18:08 AM,2806.8,0,0.0,351258437.99999994
2025-08-01 09:18:09 AM,2803.5,120,336420.0,351594857.99999994
2025-08-01 09:18:09 AM,2802.2,81,226978.19999999998,351821836.1999999
2025-08-01 09:18:09 AM,2802.8,0,0.0,351821836.1999999
2025-08-01 09:18:10 AM,2800.5,92,257646.0,352079482.1999999
2025-08-01 09:18:10 AM,2802.6,30,84078.0,352163560.1999999
2025-08-01 09:18:10 AM,2802.5,0,0.0,352163560.1999999
2025-08-01 09:18:11 AM,2802.5,25,70062.5,352233622.6999999
2025-08-01 09:18:11 AM,2800.2,5,14001.0,352247623.6999999
2025-08-01 09:18:11 AM,2802.4,0,0.0,352247623.6999999
2025-08-01 09:18:12 AM,2796.3,184,514519.2,352762142.8999999
2025-08-01 09:18:12 AM,2795.1,0,0.0,352762142.8999999
2025-08-01 09:18:12 AM,2793.1,0,0.0,352762142.8999999
2025-08-01 09:18:13 AM,2796.5,309,864118.5,353626261.3999999
2025-08-01 09:18:13 AM,2795.8,0,0.0,353626261.3999999
2025-08-01 09:18:13 AM,2793.6,0,0.0,353626261.3999999
2025-08-01 09:18:14 AM,2793.6,149,416246.39999999997,354042507.7999999
2025-08-01 09:18:14 AM,2795.9,46,128611.40000000001,354171119.19999987
2025-08-01 09:18:14 AM,2792.9,0,0.0,354171119.19999987
2025-08-01 09:18:15 AM,2792.7,152,424490.39999999997,354595609.59999985
2025-08-01 09:18:16 AM,2792.7,10,27927.0,354623536.59999985
2025-08-01 09:18:16 AM,2794.0,0,0.0,354623536.59999985
2025-08-01 09:18:16 AM,2794.4,0,0.0,354623536.59999985
2025-08-01 09:18:17 AM,2793.0,247,689871.0,355313407.59999985
2025-08-01 09:18:17 AM,2795.8,0,0.0,355313407.59999985
2025-08-01 09:18:18 AM,2795.8,157,438940.60000000003,355752348.19999987
2025-08-01 09:18:18 AM,2791.9,150,418785.0,356171133.19999987
2025-08-01 09:18:18 AM,2797.5,0,0.0,356171133.19999987
2025-08-01 09:18:19 AM,2797.5,459,1284052.5,357455185.69999987
2025-08-01 09:18:19 AM,2796.6,5,13983.0,357469168.69999987
2025-08-01 09:18:19 AM,2798.9,0,0.0,357469168.69999987
2025-08-01 09:18:20 AM,2798.9,50,139945.0,357609113.69999987
2025-08-01 09:18:21 AM,2797.7,0,0.0,357609113.69999987
2025-08-01 09:18:22 AM,2797.7,41,114705.7,357723819.39999986
2025-08-01 09:18:22 AM,2798.9,0,0.0,357723819.39999986
2025-08-01 09:18:23 AM,2790.0,2109,5884110.0,363607929.39999986
2025-08-01 09:18:23 AM,2795.4,0,0.0,363607929.39999986
2025-08-01 09:18:24 AM,2795.4,310,866574.0,364474503.39999986
2025-08-01 09:18:24 AM,2791.6,50,139580.0,364614083.39999986
2025-08-01 09:18:24 AM,2792.6,0,0.0,364614083.39999986
2025-08-01 09:18:25 AM,2792.6,550,1535930.0,366150013.39999986
2025-08-01 09:18:25 AM,2796.2,96,268435.19999999995,366418448.59999985
2025-08-01 09:18:25 AM,2797.3,0,0.0,366418448.59999985
2025-08-01 09:18:26 AM,2797.3,162,453162.60000000003,366871611.19999987
2025-08-01 09:18:26 AM,2796.7,0,0.0,366871611.19999987
2025-08-01 09:18:26 AM,2797.5,0,0.0,366871611.19999987
2025-08-01 09:18:27 AM,2797.5,110,307725.0,367179336.19999987
2025-08-01 09:18:27 AM,2795.8,579,1618768.2000000002,368798104.39999986
2025-08-01 09:18:27 AM,2797.3,0,0.0,368798104.39999986
2025-08-01 09:18:27 AM,2798.9,0,0.0,368798104.39999986
2025-08-01 09:18:28 AM,2798.9,123,344264.7,369142369.09999985
2025-08-01 09:18:28 AM,2800.0,0,0.0,369142369.09999985
2025-08-01 09:18:29 AM,2800.0,14,39200.0,369181569.09999985
2025-08-01 09:18:29 AM,2798.0,60,167880.0,369349449.09999985
2025-08-01 09:18:29 AM,2803.5,0,0.0,369349449.09999985
2025-08-01 09:18:29 AM,2804.2,0,0.0,369349449.09999985
2025-08-01 09:18:30 AM,2804.2,1783,4999888.6,374349337.69999987
2025-08-01 09:18:30 AM,2804.2,2,5608.4,374354946.09999985
2025-08-01 09:18:30 AM,2805.5,0,0.0,374354946.09999985
2025-08-01 09:18:31 AM,2805.5,74,207607.0,374562553.09999985
2025-08-01 09:18:31 AM,2805.4,0,0.0,374562553.09999985
2025-08-01 09:18:31 AM,2802.9,0,0.0,374562553.09999985
2025-08-01 09:18:32 AM,2802.9,141,395208.9,374957761.9999998
2025-08-01 09:18:32 AM,2805.7,0,0.0,374957761.9999998
2025-08-01 09:18:33 AM,2805.7,59,165536.3,375123298.29999983
2025-08-01 09:18:33 AM,2803.6,0,0.0,375123298.29999983
2025-08-01 09:18:34 AM,2803.6,1,2803.6,375126101.89999986
2025-08-01 09:18:34 AM,2803.5,0,0.0,375126101.89999986
2025-08-01 09:18:35 AM,2805.7,28,78559.59999999999,375204661.4999999
2025-08-01 09:18:35 AM,2805.0,0,0.0,375204661.4999999
2025-08-01 09:18:36 AM,2805.0,17,47685.0,375252346.4999999
2025-08-01 09:18:36 AM,2803.5,0,0.0,375252346.4999999
2025-08-01 09:18:37 AM,2805.4,2,5610.8,375257957.2999999
2025-08-01 09:18:37 AM,2805.7,0,0.0,375257957.2999999
2025-08-01 09:18:38 AM,2805.7,53,148702.09999999998,375406659.3999999
2025-08-01 09:18:38 AM,2803.6,219,613988.4,376020647.7999999
2025-08-01 09:18:38 AM,2805.6,0,0.0,376020647.7999999
2025-08-01 09:18:39 AM,2805.6,3,8416.8,376029064.5999999
2025-08-01 09:18:39 AM,2805.5,2,5611.0,376034675.5999999
2025-08-01 09:18:39 AM,2807.1,0,0.0,376034675.5999999
2025-08-01 09:18:39 AM,2807.1,664,1863914.4,377898589.9999999
2025-08-01 09:18:39 AM,2808.0,0,0.0,377898589.9999999
2025-08-01 09:18:40 AM,2805.6,618,1733860.8,379632450.7999999
2025-08-01 09:18:40 AM,2811.0,0,0.0,379632450.7999999
2025-08-01 09:18:40 AM,2811.0,267,750537.0,380382987.7999999
2025-08-01 09:18:41 AM,2809.3,0,0.0,380382987.7999999
2025-08-01 09:18:41 AM,2809.3,1,2809.3,380385797.0999999
2025-08-01 09:18:42 AM,2812.0,0,0.0,380385797.0999999
2025-08-01 09:18:42 AM,2812.0,60,168720.0,380554517.0999999
2025-08-01 09:18:43 AM,2812.0,48,134976.0,380689493.0999999
2025-08-01 09:18:43 AM,2811.9,0,0.0,380689493.0999999
2025-08-01 09:18:43 AM,2811.9,71,199644.9,380889137.9999999
2025-08-01 09:18:44 AM,2810.2,0,0.0,380889137.9999999
2025-08-01 09:18:44 AM,2810.2,16,44963.2,380934101.19999987
2025-08-01 09:18:46 AM,2810.0,40,112400.0,381046501.19999987
2025-08-01 09:18:46 AM,2812.1,0,0.0,381046501.19999987
2025-08-01 09:18:46 AM,2812.1,6,16872.6,381063373.7999999
2025-08-01 09:18:47 AM,2811.7,7,19681.899999999998,381083055.69999987
2025-08-01 09:18:48 AM,2812.0,197,553964.0,381637019.69999987
2025-08-01 09:18:49 AM,2814.9,55,154819.5,381791839.19999987
2025-08-01 09:18:50 AM,2812.5,1,2812.5,381794651.69999987
2025-08-01 09:18:51 AM,2812.5,16,45000.0,381839651.69999987
2025-08-01 09:18:51 AM,2812.5,92,258750.0,382098401.69999987
2025-08-01 09:18:52 AM,2814.8,36,101332.8,382199734.4999999
2025-08-01 09:18:53 AM,2815.0,35,98525.0,382298259.4999999
2025-08-01 09:18:53 AM,2806.0,1172,3288632.0,385586891.4999999
2025-08-01 09:18:54 AM,2814.9,590,1660791.0,387247682.4999999
2025-08-01 09:18:55 AM,2812.9,0,0.0,387247682.4999999
2025-08-01 09:18:55 AM,2811.5,0,0.0,387247682.4999999
2025-08-01 09:18:56 AM,2810.5,339,952759.5,388200441.9999999
2025-08-01 09:18:56 AM,2813.5,130,365755.0,388566196.9999999
2025-08-01 09:18:57 AM,2811.2,53,148993.59999999998,388715190.5999999
2025-08-01 09:18:57 AM,2813.2,0,0.0,388715190.5999999
2025-08-01 09:18:57 AM,2813.2,30,84396.0,388799586.5999999
2025-08-01 09:18:58 AM,2813.9,319,897634.1,389697220.6999999
2025-08-01 09:18:58 AM,2813.8,0,0.0,389697220.6999999
2025-08-01 09:18:58 AM,2813.8,14,39393.200000000004,389736613.8999999
2025-08-01 09:18:59 AM,2810.0,127,356870.0,390093483.8999999
2025-08-01 09:18:59 AM,2808.1,0,0.0,390093483.8999999
2025-08-01 09:18:59 AM,2808.1,40,112324.0,390205807.8999999
2025-08-01 09:19:00 AM,2810.6,128,359756.8,390565564.6999999
2025-08-01 09:19:00 AM,2804.9,0,0.0,390565564.6999999
2025-08-01 09:19:00 AM,2808.5,0,0.0,390565564.6999999
2025-08-01 09:19:01 AM,2809.6,524,1472230.4,392037795.0999999
2025-08-01 09:19:01 AM,2809.4,0,0.0,392037795.0999999
2025-08-01 09:19:02 AM,2809.4,22,61806.8,392099601.8999999
2025-08-01 09:19:02 AM,2812.0,0,0.0,392099601.8999999
2025-08-01 09:19:03 AM,2812.0,605,1701260.0,393800861.8999999
2025-08-01 09:19:03 AM,2808.3,0,0.0,393800861.8999999
2025-08-01 09:19:03 AM,2806.7,0,0.0,393800861.8999999
2025-08-01 09:19:04 AM,2807.2,132,370550.39999999997,394171412.2999999
2025-08-01 09:19:04 AM,2809.2,0,0.0,394171412.2999999
2025-08-01 09:19:04 AM,2809.2,122,342722.39999999997,394514134.69999987
2025-08-01 09:19:05 AM,2808.4,5,14042.0,394528176.69999987
2025-08-01 09:19:05 AM,2810.5,0,0.0,394528176.69999987
2025-08-01 09:19:06 AM,2810.5,16,44968.0,394573144.69999987
2025-08-01 09:19:06 AM,2809.4,0,0.0,394573144.69999987
2025-08-01 09:19:07 AM,2806.3,536,1504176.8,396077321.4999999
2025-08-01 09:19:07 AM,2807.8,0,0.0,396077321.4999999
2025-08-01 09:19:07 AM,2808.2,0,0.0,396077321.4999999
2025-08-01 09:19:08 AM,2808.2,176,494243.19999999995,396571564.69999987
2025-08-01 09:19:08 AM,2807.8,0,0.0,396571564.69999987
2025-08-01 09:19:09 AM,2798.1,3124,8741264.4,405312829.09999985
2025-08-01 09:19:09 AM,2800.5,0,0.0,405312829.09999985
2025-08-01 09:19:10 AM,2801.9,431,1207618.9000000001,406520447.9999998
2025-08-01 09:19:10 AM,2798.8,0,0.0,406520447.9999998
2025-08-01 09:19:11 AM,2801.3,370,1036481.0000000001,407556928.9999998
2025-08-01 09:19:12 AM,2798.9,0,0.0,407556928.9999998
2025-08-01 09:19:12 AM,2798.9,30,83967.0,407640895.9999998
2025-08-01 09:19:12 AM,2800.7,0,0.0,407640895.9999998
2025-08-01 09:19:13 AM,2798.0,0,0.0,407640895.9999998
2025-08-01 09:19:13 AM,2799.4,292,817424.8,408458320.79999983
2025-08-01 09:19:15 AM,2796.1,33,92271.3,408550592.09999985
2025-08-01 09:19:15 AM,2799.3,0,0.0,408550592.09999985
2025-08-01 09:19:16 AM,2795.0,762,2129790.0,410680382.09999985
2025-08-01 09:19:17 AM,2798.4,50,139920.0,410820302.09999985
2025-08-01 09:19:17 AM,2800.4,0,0.0,410820302.09999985
2025-08-01 09:19:18 AM,2800.9,234,655410.6,411475712.69999987
2025-08-01 09:19:18 AM,2798.2,0,0.0,411475712.69999987
2025-08-01 09:19:19 AM,2800.4,125,350050.0,411825762.69999987
2025-08-01 09:19:19 AM,2797.4,0,0.0,411825762.69999987
2025-08-01 09:19:20 AM,2799.2,330,923735.9999999999,412749498.69999987
2025-08-01 09:19:21 AM,2799.5,164,459118.0,413208616.69999987
2025-08-01 09:19:22 AM,2798.3,80,223864.0,413432480.69999987
2025-08-01 09:19:22 AM,2796.3,0,0.0,413432480.69999987
2025-08-01 09:19:23 AM,2796.4,0,0.0,413432480.69999987
2025-08-01 09:19:23 AM,2796.4,160,447424.0,413879904.69999987
2025-08-01 09:19:23 AM,2798.9,0,0.0,413879904.69999987
2025-08-01 09:19:24 AM,2798.9,157,439427.3,414319331.9999999
2025-08-01 09:19:25 AM,2798.3,0,0.0,414319331.9999999
2025-08-01 09:19:26 AM,2798.3,118,330199.4,414649531.39999986
2025-08-01 09:19:26 AM,2794.3,0,0.0,414649531.39999986
2025-08-01 09:19:26 AM,2795.7,0,0.0,414649531.39999986
2025-08-01 09:19:27 AM,2796.3,516,1442890.8,416092422.19999987
2025-08-01 09:19:28 AM,2792.3,240,670152.0,416762574.19999987
2025-08-01 09:19:28 AM,2795.0,0,0.0,416762574.19999987
2025-08-01 09:19:29 AM,2795.6,218,609440.7999999999,417372014.9999999
2025-08-01 09:19:30 AM,2795.6,56,156553.6,417528568.5999999
2025-08-01 09:19:30 AM,2796.9,0,0.0,417528568.5999999
2025-08-01 09:19:31 AM,2796.8,663,1854278.4000000001,419382846.9999999
2025-08-01 09:19:31 AM,2795.0,0,0.0,419382846.9999999
2025-08-01 09:19:32 AM,2795.0,236,659620.0,420042466.9999999
2025-08-01 09:19:32 AM,2796.8,0,0.0,420042466.9999999
2025-08-01 09:19:33 AM,2796.8,100,279680.0,420322146.9999999
2025-08-01 09:19:33 AM,2797.2,0,0.0,420322146.9999999
2025-08-01 09:19:34 AM,2800.9,0,0.0,420322146.9999999
2025-08-01 09:19:34 AM,2800.9,1161,3251844.9,423573991.89999986
2025-08-01 09:19:35 AM,2800.7,0,0.0,423573991.89999986
2025-08-01 09:19:35 AM,2800.7,146,408902.19999999995,423982894.09999985
2025-08-01 09:19:36 AM,2798.4,0,0.0,423982894.09999985
2025-08-01 09:19:36 AM,2798.4,50,139920.0,424122814.09999985
2025-08-01 09:19:37 AM,2797.4,0,0.0,424122814.09999985
2025-08-01 09:19:38 AM,2797.4,387,1082593.8,425205407.89999986
2025-08-01 09:19:38 AM,2800.2,0,0.0,425205407.89999986
2025-08-01 09:19:39 AM,2800.2,404,1131280.7999999998,426336688.69999987
2025-08-01 09:19:39 AM,2798.5,0,0.0,426336688.69999987
2025-08-01 09:19:40 AM,2798.5,4,11194.0,426347882.69999987
2025-08-01 09:19:41 AM,2798.4,0,0.0,426347882.69999987
2025-08-01 09:19:42 AM,2800.0,275,770000.0,427117882.69999987
2025-08-01 09:19:43 AM,2798.9,0,0.0,427117882.69999987
2025-08-01 09:19:44 AM,2797.8,210,587538.0,427705420.69999987
2025-08-01 09:19:45 AM,2798.3,5,13991.5,427719412.19999987
2025-08-01 09:19:46 AM,2797.8,74,207037.2,427926449.39999986
2025-08-01 09:19:46 AM,2795.7,0,0.0,427926449.39999986
2025-08-01 09:19:47 AM,2795.7,77,215268.9,428141718.29999983
2025-08-01 09:19:49 AM,2795.6,0,0.0,428141718.29999983
2025-08-01 09:19:49 AM,2795.6,178,497616.8,428639335.09999985
2025-08-01 09:19:50 AM,2798.3,0,0.0,428639335.09999985
2025-08-01 09:19:51 AM,2798.3,410,1147303.0,429786638.09999985
2025-08-01 09:19:51 AM,2796.6,0,0.0,429786638.09999985
2025-08-01 09:19:52 AM,2796.6,205,573303.0,430359941.09999985
2025-08-01 09:19:52 AM,2797.0,0,0.0,430359941.09999985
2025-08-01 09:19:53 AM,2797.0,20,55940.0,430415881.09999985
2025-08-01 09:19:53 AM,2797.5,0,0.0,430415881.09999985
2025-08-01 09:19:54 AM,2797.5,181,506347.5,430922228.59999985
2025-08-01 09:19:56 AM,2797.5,4,11190.0,430933418.59999985
2025-08-01 09:19:56 AM,2798.3,0,0.0,430933418.59999985
2025-08-01 09:19:57 AM,2799.3,119,333116.7,431266535.29999983
2025-08-01 09:19:57 AM,2799.2,0,0.0,431266535.29999983
2025-08-01 09:19:58 AM,2799.2,146,408683.19999999995,431675218.4999998
2025-08-01 09:19:59 AM,2798.9,0,0.0,431675218.4999998
2025-08-01 09:19:59 AM,2798.9,50,139945.0,431815163.4999998
2025-08-01 09:20:00 AM,2799.2,1,2799.2,431817962.6999998
2025-08-01 09:20:00 AM,2799.2,2,5598.4,431823561.0999998
2025-08-01 09:20:01 AM,2799.1,365,1021671.5,432845232.5999998
2025-08-01 09:20:01 AM,2799.0,0,0.0,432845232.5999998
2025-08-01 09:20:02 AM,2798.9,129,361058.10000000003,433206290.6999998
2025-08-01 09:20:02 AM,2798.4,20,55968.0,433262258.6999998
2025-08-01 09:20:02 AM,2799.2,0,0.0,433262258.6999998
2025-08-01 09:20:03 AM,2799.2,201,562639.2,433824897.8999998
2025-08-01 09:20:03 AM,2799.2,28,78377.59999999999,433903275.4999998
2025-08-01 09:20:04 AM,2799.1,0,0.0,433903275.4999998
2025-08-01 09:20:05 AM,2799.1,58,162347.8,434065623.29999983
2025-08-01 09:20:05 AM,2798.7,204,570934.7999999999,434636558.09999985
2025-08-01 09:20:06 AM,2799.0,2,5598.0,434642156.09999985
2025-08-01 09:20:06 AM,2799.2,18,50385.6,434692541.69999987
2025-08-01 09:20:06 AM,2799.3,0,0.0,434692541.69999987
2025-08-01 09:20:07 AM,2799.2,48,134361.59999999998,434826903.2999999
2025-08-01 09:20:08 AM,2798.8,23,64372.4,434891275.69999987
2025-08-01 09:20:08 AM,2799.2,0,0.0,434891275.69999987
2025-08-01 09:20:09 AM,2799.2,52,145558.4,435036834.09999985
2025-08-01 09:20:10 AM,2799.2,53,148357.59999999998,435185191.69999987
2025-08-01 09:20:10 AM,2798.0,0,0.0,435185191.69999987
2025-08-01 09:20:11 AM,2798.8,311,870426.8,436055618.4999999
2025-08-01 09:20:11 AM,2799.2,61,170751.19999999998,436226369.69999987
2025-08-01 09:20:11 AM,2796.6,0,0.0,436226369.69999987
2025-08-01 09:20:12 AM,2798.8,260,727688.0,436954057.69999987
2025-08-01 09:20:13 AM,2798.8,121,338654.80000000005,437292712.4999999
2025-08-01 09:20:16 AM,2798.7,41,114746.7,437407459.19999987
2025-08-01 09:20:16 AM,2798.9,140,391846.0,437799305.19999987
2025-08-01 09:20:17 AM,2798.8,50,139940.0,437939245.19999987
2025-08-01 09:20:18 AM,2798.6,5,13993.0,437953238.19999987
2025-08-01 09:20:18 AM,2798.6,9,25187.399999999998,437978425.59999985
2025-08-01 09:20:19 AM,2798.6,3,8395.8,437986821.39999986
2025-08-01 09:20:20 AM,2798.6,28,78360.8,438065182.19999987
2025-08-01 09:20:21 AM,2798.6,21,58770.6,438123952.7999999
2025-08-01 09:20:21 AM,2795.3,0,0.0,438123952.7999999
2025-08-01 09:20:21 AM,2795.4,0,0.0,438123952.7999999
2025-08-01 09:20:22 AM,2795.4,450,1257930.0,439381882.7999999
2025-08-01 09:20:22 AM,2797.9,0,0.0,439381882.7999999
2025-08-01 09:20:23 AM,2797.9,500,1398950.0,440780832.7999999
2025-08-01 09:20:23 AM,2796.4,0,0.0,440780832.7999999
2025-08-01 09:20:24 AM,2796.4,5,13982.0,440794814.7999999
2025-08-01 09:20:24 AM,2796.6,0,0.0,440794814.7999999
2025-08-01 09:20:24 AM,2797.0,0,0.0,440794814.7999999
2025-08-01 09:20:25 AM,2797.1,18,50347.799999999996,440845162.5999999
2025-08-01 09:20:26 AM,2797.1,5,13985.5,440859148.0999999
2025-08-01 09:20:26 AM,2797.2,0,0.0,440859148.0999999
2025-08-01 09:20:26 AM,2795.0,0,0.0,440859148.0999999
2025-08-01 09:20:27 AM,2794.7,157,438767.89999999997,441297915.9999999
2025-08-01 09:20:27 AM,2794.9,0,0.0,441297915.9999999
2025-08-01 09:20:28 AM,2794.9,92,257130.80000000002,441555046.7999999
2025-08-01 09:20:28 AM,2793.3,0,0.0,441555046.7999999
2025-08-01 09:20:28 AM,2795.2,0,0.0,441555046.7999999
2025-08-01 09:20:29 AM,2795.2,37,103422.4,441658469.19999987
2025-08-01 09:20:29 AM,2793.5,0,0.0,441658469.19999987
2025-08-01 09:20:30 AM,2793.5,17,47489.5,441705958.69999987
2025-08-01 09:20:30 AM,2795.0,1,2795.0,441708753.69999987
2025-08-01 09:20:30 AM,2795.2,0,0.0,441708753.69999987
2025-08-01 09:20:31 AM,2792.1,161,449528.1,442158281.7999999
2025-08-01 09:20:31 AM,2792.5,176,491480.0,442649761.7999999
2025-08-01 09:20:32 AM,2795.2,0,0.0,442649761.7999999
2025-08-01 09:20:32 AM,2793.2,20,55864.0,442705625.7999999
2025-08-01 09:20:33 AM,2793.2,12,33518.399999999994,442739144.19999987
2025-08-01 09:20:34 AM,2795.0,0,0.0,442739144.19999987
2025-08-01 09:20:35 AM,2795.0,10,27950.0,442767094.19999987
2025-08-01 09:20:35 AM,2794.9,0,0.0,442767094.19999987
2025-08-01 09:20:36 AM,2794.9,9,25154.100000000002,442792248.2999999
2025-08-01 09:20:38 AM,2791.2,787,2196674.4,444988922.69999987
2025-08-01 09:20:39 AM,2793.0,10,27930.0,445016852.69999987
2025-08-01 09:20:39 AM,2793.0,18,50274.0,445067126.69999987
2025-08-01 09:20:39 AM,2794.6,0,0.0,445067126.69999987
2025-08-01 09:20:40 AM,2794.6,187,522590.2,445589716.89999986
2025-08-01 09:20:40 AM,2793.0,131,365883.0,445955599.89999986
2025-08-01 09:20:41 AM,2792.6,193,538971.7999999999,446494571.69999987
2025-08-01 09:20:41 AM,2793.4,20,55868.0,446550439.69999987
2025-08-01 09:20:41 AM,2792.8,0,0.0,446550439.69999987
2025-08-01 09:20:42 AM,2792.8,121,337928.80000000005,446888368.4999999
2025-08-01 09:20:42 AM,2792.8,62,173153.6,447061522.0999999
2025-08-01 09:20:43 AM,2792.7,6,16756.199999999997,447078278.2999999
2025-08-01 09:20:43 AM,2793.1,0,0.0,447078278.2999999
2025-08-01 09:20:44 AM,2793.1,19,53068.9,447131347.19999987
2025-08-01 09:20:44 AM,2793.8,63,176009.40000000002,447307356.59999985
2025-08-01 09:20:45 AM,2793.7,0,0.0,447307356.59999985
2025-08-01 09:20:45 AM,2793.7,15,41905.5,447349262.09999985
2025-08-01 09:20:46 AM,2795.0,0,0.0,447349262.09999985
2025-08-01 09:20:47 AM,2795.0,5,13975.0,447363237.09999985
2025-08-01 09:20:48 AM,2795.0,24,67080.0,447430317.09999985
2025-08-01 09:20:48 AM,2794.0,0,0.0,447430317.09999985
2025-08-01 09:20:49 AM,2794.0,1,2794.0,447433111.09999985
2025-08-01 09:20:49 AM,2794.1,0,0.0,447433111.09999985
2025-08-01 09:20:50 AM,2794.1,616,1721165.5999999999,449154276.69999987
2025-08-01 09:20:50 AM,2794.0,35,97790.0,449252066.69999987
2025-08-01 09:20:50 AM,2791.8,0,0.0,449252066.69999987
2025-08-01 09:20:51 AM,2791.8,56,156340.80000000002,449408407.4999999
2025-08-01 09:20:51 AM,2794.7,20,55894.0,449464301.4999999
2025-08-01 09:20:51 AM,2795.0,0,0.0,449464301.4999999
2025-08-01 09:20:52 AM,2795.0,63,176085.0,449640386.4999999
2025-08-01 09:20:52 AM,2795.6,100,279560.0,449919946.4999999
2025-08-01 09:20:53 AM,2801.9,3002,8411303.8,458331250.2999999
2025-08-01 09:20:53 AM,2802.0,0,0.0,458331250.2999999
2025-08-01 09:20:54 AM,2802.8,45,126126.00000000001,458457376.2999999
2025-08-01 09:20:54 AM,2804.4,13,36457.200000000004,458493833.4999999
2025-08-01 09:20:56 AM,2802.9,51,142947.9,458636781.39999986
2025-08-01 09:20:57 AM,2800.5,53,148426.5,458785207.89999986
2025-08-01 09:20:58 AM,2800.0,6,16800.0,458802007.89999986
2025-08-01 09:20:58 AM,2801.7,0,0.0,458802007.89999986
2025-08-01 09:20:58 AM,2801.7,35,98059.5,458900067.39999986
2025-08-01 09:21:00 AM,2801.2,5,14006.0,458914073.39999986
2025-08-01 09:21:00 AM,2800.2,0,0.0,458914073.39999986
2025-08-01 09:21:00 AM,2800.2,9,25201.8,458939275.19999987
2025-08-01 09:21:01 AM,2801.1,14,39215.4,458978490.59999985
2025-08-01 09:21:02 AM,2801.1,14,39215.4,459017705.9999998
2025-08-01 09:21:03 AM,2801.1,5,14005.5,459031711.4999998
2025-08-01 09:21:03 AM,2801.6,100,280160.0,459311871.4999998
2025-08-01 09:21:04 AM,2801.9,53,148500.7,459460372.1999998
2025-08-01 09:21:05 AM,2801.0,1,2801.0,459463173.1999998
2025-08-01 09:21:05 AM,2801.0,3,8403.0,459471576.1999998
2025-08-01 09:21:06 AM,2800.1,1,2800.1,459474376.29999983
2025-08-01 09:21:07 AM,2801.0,54,151254.0,459625630.29999983
2025-08-01 09:21:08 AM,2799.3,1129,3160409.7,462786039.9999998
2025-08-01 09:21:08 AM,2800.4,0,0.0,462786039.9999998
2025-08-01 09:21:09 AM,2800.4,33,92413.2,462878453.1999998
2025-08-01 09:21:09 AM,2800.2,0,0.0,462878453.1999998
2025-08-01 09:21:09 AM,2800.2,16,44803.2,462923256.3999998
2025-08-01 09:21:10 AM,2800.5,1,2800.5,462926056.8999998
2025-08-01 09:21:10 AM,2800.1,0,0.0,462926056.8999998
2025-08-01 09:21:11 AM,2800.1,3,8400.3,462934457.1999998
2025-08-01 09:21:11 AM,2800.8,5,14004.0,462948461.1999998
2025-08-01 09:21:11 AM,2800.8,109,305287.2,463253748.3999998
2025-08-01 09:21:12 AM,2801.8,5,14009.0,463267757.3999998
2025-08-01 09:21:13 AM,2802.6,74,207392.4,463475149.7999998
2025-08-01 09:21:13 AM,2801.7,65,182110.5,463657260.2999998
2025-08-01 09:21:14 AM,2801.7,21,58835.7,463716095.99999976
2025-08-01 09:21:14 AM,2801.7,24,67240.79999999999,463783336.7999998
2025-08-01 09:21:15 AM,2801.4,21,58829.4,463842166.19999975
2025-08-01 09:21:17 AM,2803.5,50,140175.0,463982341.19999975
2025-08-01 09:21:18 AM,2803.5,63,176620.5,464158961.69999975
2025-08-01 09:21:18 AM,2804.5,58,162661.0,464321622.69999975
2025-08-01 09:21:18 AM,2803.3,0,0.0,464321622.69999975
2025-08-01 09:21:18 AM,2803.3,50,140165.0,464461787.69999975
2025-08-01 09:21:19 AM,2805.0,501,1405305.0,465867092.69999975
2025-08-01 09:21:20 AM,2805.0,116,325380.0,466192472.69999975
2025-08-01 09:21:21 AM,2805.8,589,1652616.2000000002,467845088.89999974
2025-08-01 09:21:21 AM,2808.4,0,0.0,467845088.89999974
2025-08-01 09:21:21 AM,2808.4,27,75826.8,467920915.69999975
2025-08-01 09:21:22 AM,2809.2,10,28092.0,467949007.69999975
2025-08-01 09:21:22 AM,2808.1,0,0.0,467949007.69999975
2025-08-01 09:21:22 AM,2808.1,308,864894.7999999999,468813902.49999976
2025-08-01 09:21:24 AM,2808.2,0,0.0,468813902.49999976
2025-08-01 09:21:25 AM,2809.2,25,70230.0,468884132.49999976
2025-08-01 09:21:26 AM,2809.2,20,56184.0,468940316.49999976
2025-08-01 09:21:26 AM,2809.3,0,0.0,468940316.49999976
2025-08-01 09:21:27 AM,2809.3,176,494436.80000000005,469434753.2999998
2025-08-01 09:21:27 AM,2809.4,34,95519.6,469530272.8999998
2025-08-01 09:21:28 AM,2809.0,621,1744389.0,471274661.8999998
2025-08-01 09:21:28 AM,2809.4,0,0.0,471274661.8999998
2025-08-01 09:21:29 AM,2807.9,973,2732086.7,474006748.5999998
2025-08-01 09:21:29 AM,2809.0,2,5618.0,474012366.5999998
2025-08-01 09:21:29 AM,2806.9,0,0.0,474012366.5999998
2025-08-01 09:21:29 AM,2809.1,0,0.0,474012366.5999998
2025-08-01 09:21:30 AM,2809.1,185,519683.5,474532050.0999998
2025-08-01 09:21:31 AM,2808.1,86,241496.6,474773546.6999998
2025-08-01 09:21:32 AM,2808.2,142,398764.39999999997,475172311.0999998
2025-08-01 09:21:33 AM,2808.2,304,853692.7999999999,476026003.8999998
2025-08-01 09:21:34 AM,2807.6,215,603634.0,476629637.8999998
2025-08-01 09:21:34 AM,2807.6,48,134764.8,476764402.6999998
2025-08-01 09:21:35 AM,2808.1,0,0.0,476764402.6999998
2025-08-01 09:21:35 AM,2808.1,93,261153.3,477025555.9999998
2025-08-01 09:21:35 AM,2805.7,0,0.0,477025555.9999998
2025-08-01 09:21:36 AM,2807.7,187,525039.9,477550595.8999998
2025-08-01 09:21:37 AM,2807.1,20,56142.0,477606737.8999998
2025-08-01 09:21:37 AM,2807.4,0,0.0,477606737.8999998
2025-08-01 09:21:38 AM,2807.4,201,564287.4,478171025.2999998
2025-08-01 09:21:38 AM,2808.2,0,0.0,478171025.2999998
2025-08-01 09:21:38 AM,2807.6,0,0.0,478171025.2999998
2025-08-01 09:21:39 AM,2807.6,155,435178.0,478606203.2999998
2025-08-01 09:21:41 AM,2805.0,209,586245.0,479192448.2999998
2025-08-01 09:21:41 AM,2805.4,15,42081.0,479234529.2999998
2025-08-01 09:21:41 AM,2805.0,0,0.0,479234529.2999998
2025-08-01 09:21:42 AM,2805.1,111,311366.1,479545895.3999998
2025-08-01 09:21:43 AM,2800.0,0,0.0,479545895.3999998
2025-08-01 09:21:43 AM,2802.5,0,0.0,479545895.3999998
2025-08-01 09:21:44 AM,2801.5,2684,7519226.0,487065121.3999998
2025-08-01 09:21:45 AM,2803.4,0,0.0,487065121.3999998
2025-08-01 09:21:46 AM,2803.4,80,224272.0,487289393.3999998
2025-08-01 09:21:47 AM,2799.6,0,0.0,487289393.3999998
2025-08-01 09:21:47 AM,2799.6,189,529124.4,487818517.7999998
2025-08-01 09:21:47 AM,2798.5,0,0.0,487818517.7999998
2025-08-01 09:21:48 AM,2800.3,31,86809.3,487905327.0999998
2025-08-01 09:21:48 AM,2799.5,0,0.0,487905327.0999998
2025-08-01 09:21:48 AM,2799.5,62,173569.0,488078896.0999998
2025-08-01 09:21:49 AM,2802.2,0,0.0,488078896.0999998
2025-08-01 09:21:49 AM,2802.4,0,0.0,488078896.0999998
2025-08-01 09:21:49 AM,2802.4,244,683785.6,488762681.6999998
2025-08-01 09:21:50 AM,2801.6,0,0.0,488762681.6999998
2025-08-01 09:21:50 AM,2801.6,2,5603.2,488768284.8999998
2025-08-01 09:21:50 AM,2802.5,0,0.0,488768284.8999998
2025-08-01 09:21:51 AM,2802.5,50,140125.0,488908409.8999998
2025-08-01 09:21:51 AM,2802.3,0,0.0,488908409.8999998
2025-08-01 09:21:51 AM,2802.3,1,2802.3,488911212.1999998
2025-08-01 09:21:53 AM,2802.4,3,8407.2,488919619.3999998
2025-08-01 09:21:54 AM,2802.4,4,11209.6,488930828.9999998
2025-08-01 09:21:54 AM,2802.6,71,198984.6,489129813.59999985
2025-08-01 09:21:54 AM,2803.1,0,0.0,489129813.59999985
2025-08-01 09:21:55 AM,2803.1,50,140155.0,489269968.59999985
2025-08-01 09:21:56 AM,2798.7,253,708071.1,489978039.69999987
2025-08-01 09:21:56 AM,2800.9,150,420135.0,490398174.69999987
2025-08-01 09:21:56 AM,2800.0,0,0.0,490398174.69999987
2025-08-01 09:21:57 AM,2800.3,34,95210.20000000001,490493384.89999986
2025-08-01 09:21:57 AM,2800.0,0,0.0,490493384.89999986
2025-08-01 09:21:58 AM,2800.0,8,22400.0,490515784.89999986
2025-08-01 09:21:59 AM,2799.9,1,2799.9,490518584.79999983
2025-08-01 09:22:01 AM,2794.5,341,952924.5,491471509.29999983
2025-08-01 09:22:02 AM,2792.3,372,1038735.6000000001,492510244.89999986
2025-08-01 09:22:03 AM,2792.7,0,0.0,492510244.89999986
2025-08-01 09:22:04 AM,2792.7,20,55854.0,492566098.89999986
2025-08-01 09:22:04 AM,2792.3,0,0.0,492566098.89999986
2025-08-01 09:22:04 AM,2797.5,0,0.0,492566098.89999986
2025-08-01 09:22:05 AM,2797.5,1612,4509570.0,497075668.89999986
2025-08-01 09:22:05 AM,2799.3,600,1679580.0,498755248.89999986
2025-08-01 09:22:05 AM,2800.0,0,0.0,498755248.89999986
2025-08-01 09:22:06 AM,2801.0,154,431354.0,499186602.89999986
2025-08-01 09:22:06 AM,2799.3,300,839790.0,500026392.89999986
2025-08-01 09:22:07 AM,2801.1,12,33613.2,500060006.09999985
2025-08-01 09:22:07 AM,2802.4,0,0.0,500060006.09999985
2025-08-01 09:22:08 AM,2802.8,101,283082.80000000005,500343088.89999986
2025-08-01 09:22:08 AM,2802.6,0,0.0,500343088.89999986
2025-08-01 09:22:09 AM,2802.9,101,283092.9,500626181.79999983
2025-08-01 09:22:11 AM,2801.5,125,350187.5,500976369.29999983
2025-08-01 09:22:11 AM,2801.5,26,72839.0,501049208.29999983
2025-08-01 09:22:12 AM,2803.5,168,470988.0,501520196.29999983
2025-08-01 09:22:13 AM,2803.6,10,28036.0,501548232.29999983
2025-08-01 09:22:13 AM,2804.0,0,0.0,501548232.29999983
2025-08-01 09:22:14 AM,2804.0,132,370128.0,501918360.29999983
2025-08-01 09:22:15 AM,2805.0,75,210375.0,502128735.29999983
2025-08-01 09:22:16 AM,2805.0,8,22440.0,502151175.29999983
2025-08-01 09:22:16 AM,2805.1,0,0.0,502151175.29999983
2025-08-01 09:22:17 AM,2805.1,1022,2866812.1999999997,505017987.4999998
2025-08-01 09:22:17 AM,2805.2,0,0.0,505017987.4999998
2025-08-01 09:22:18 AM,2805.2,40,112208.0,505130195.4999998
2025-08-01 09:22:18 AM,2806.9,0,0.0,505130195.4999998
2025-08-01 09:22:19 AM,2806.9,50,140345.0,505270540.4999998
2025-08-01 09:22:20 AM,2806.9,10,28069.0,505298609.4999998
2025-08-01 09:22:20 AM,2807.2,0,0.0,505298609.4999998
2025-08-01 09:22:21 AM,2807.2,170,477223.99999999994,505775833.4999998
2025-08-01 09:22:22 AM,2806.2,4,11224.8,505787058.29999983
2025-08-01 09:22:23 AM,2807.0,50,140350.0,505927408.29999983
2025-08-01 09:22:23 AM,2805.8,0,0.0,505927408.29999983
2025-08-01 09:22:23 AM,2805.8,17,47698.600000000006,505975106.89999986
2025-08-01 09:22:24 AM,2807.2,13,36493.6,506011600.4999999
2025-08-01 09:22:24 AM,2807.3,0,0.0,506011600.4999999
2025-08-01 09:22:25 AM,2807.6,217,609249.2,506620849.69999987
2025-08-01 09:22:25 AM,2807.5,1669,4685717.5,511306567.19999987
2025-08-01 09:22:25 AM,2809.0,0,0.0,511306567.19999987
2025-08-01 09:22:26 AM,2809.0,50,140450.0,511447017.19999987
2025-08-01 09:22:26 AM,2808.1,1103,3097334.3,514544351.4999999
2025-08-01 09:22:26 AM,2809.9,0,0.0,514544351.4999999
2025-08-01 09:22:27 AM,2809.9,10,28099.0,514572450.4999999
2025-08-01 09:22:27 AM,2809.2,58,162933.59999999998,514735384.0999999
2025-08-01 09:22:28 AM,2809.3,2,5618.6,514741002.6999999
2025-08-01 09:22:28 AM,2809.9,358,1005944.2000000001,515746946.8999999
2025-08-01 09:22:29 AM,2806.4,710,1992544.0,517739490.8999999
2025-08-01 09:22:30 AM,2805.5,1,2805.5,517742296.3999999
2025-08-01 09:22:30 AM,2807.7,0,0.0,517742296.3999999
2025-08-01 09:22:31 AM,2807.7,69,193731.3,517936027.6999999
2025-08-01 09:22:31 AM,2809.9,0,0.0,517936027.6999999
2025-08-01 09:22:32 AM,2808.5,680,1909780.0,519845807.6999999
2025-08-01 09:22:33 AM,2806.3,11,30869.300000000003,519876676.99999994
2025-08-01 09:22:34 AM,2808.5,10,28085.0,519904761.99999994
2025-08-01 09:22:36 AM,2808.0,292,819936.0,520724697.99999994
2025-08-01 09:22:36 AM,2808.0,1,2808.0,520727505.99999994
2025-08-01 09:22:38 AM,2808.1,3,8424.3,520735930.29999995
2025-08-01 09:22:39 AM,2805.7,10,28057.0,520763987.29999995
2025-08-01 09:22:39 AM,2808.0,0,0.0,520763987.29999995
2025-08-01 09:22:40 AM,2804.9,100,280490.0,521044477.29999995
2025-08-01 09:22:40 AM,2808.2,0,0.0,521044477.29999995
2025-08-01 09:22:41 AM,2808.2,200,561640.0,521606117.29999995
2025-08-01 09:22:41 AM,2808.1,0,0.0,521606117.29999995
2025-08-01 09:22:42 AM,2806.6,62,174009.19999999998,521780126.49999994
2025-08-01 09:22:42 AM,2806.9,36,101048.40000000001,521881174.8999999
2025-08-01 09:22:43 AM,2807.0,14,39298.0,521920472.8999999
2025-08-01 09:22:45 AM,2807.0,3,8421.0,521928893.8999999
2025-08-01 09:22:48 AM,2805.0,39,109395.0,522038288.8999999
2025-08-01 09:22:48 AM,2805.1,0,0.0,522038288.8999999
2025-08-01 09:22:48 AM,2805.1,151,423570.1,522461858.99999994
2025-08-01 09:22:49 AM,2803.7,5,14018.5,522475877.49999994
2025-08-01 09:22:49 AM,2805.1,0,0.0,522475877.49999994
2025-08-01 09:22:50 AM,2805.1,102,286120.2,522761997.6999999
2025-08-01 09:22:51 AM,2805.1,201,563825.1,523325822.79999995
2025-08-01 09:22:52 AM,2803.9,247,692563.3,524018386.09999996
2025-08-01 09:22:52 AM,2805.1,0,0.0,524018386.09999996
2025-08-01 09:22:53 AM,2805.1,36,100983.59999999999,524119369.7
2025-08-01 09:22:54 AM,2805.1,10,28051.0,524147420.7
2025-08-01 09:22:55 AM,2806.7,61,171208.69999999998,524318629.4
2025-08-01 09:22:58 AM,2807.3,0,0.0,524318629.4
2025-08-01 09:22:58 AM,2807.3,18,50531.4,524369160.79999995
2025-08-01 09:22:59 AM,2807.3,67,188089.1,524557249.9
2025-08-01 09:23:00 AM,2807.4,0,0.0,524557249.9
2025-08-01 09:23:00 AM,2807.4,25,70185.0,524627434.9
2025-08-01 09:23:01 AM,2806.0,25,70150.0,524697584.9
2025-08-01 09:23:02 AM,2807.7,10,28077.0,524725661.9
2025-08-01 09:23:04 AM,2807.0,5,14035.0,524739696.9
2025-08-01 09:23:05 AM,2807.6,311,873163.6,525612860.5
2025-08-01 09:23:06 AM,2807.6,64,179686.4,525792546.9
2025-08-01 09:23:07 AM,2808.0,191,536328.0,526328874.9
2025-08-01 09:23:08 AM,2808.0,5,14040.0,526342914.9
2025-08-01 09:23:08 AM,2805.9,0,0.0,526342914.9
2025-08-01 09:23:09 AM,2807.9,25,70197.5,526413112.4
2025-08-01 09:23:10 AM,2807.7,1,2807.7,526415920.09999996
2025-08-01 09:23:11 AM,2807.6,19,53344.4,526469264.49999994
2025-08-01 09:23:13 AM,2807.5,34,95455.0,526564719.49999994
2025-08-01 09:23:14 AM,2807.7,39,109500.29999999999,526674219.79999995
2025-08-01 09:23:14 AM,2807.0,0,0.0,526674219.79999995
2025-08-01 09:23:15 AM,2805.2,247,692884.3999999999,527367104.1999999
2025-08-01 09:23:15 AM,2805.1,0,0.0,527367104.1999999
2025-08-01 09:23:16 AM,2807.1,6,16842.6,527383946.79999995
2025-08-01 09:23:17 AM,2805.0,311,872355.0,528256301.79999995
2025-08-01 09:23:18 AM,2804.8,10,28048.0,528284349.79999995
2025-08-01 09:23:19 AM,2803.4,0,0.0,528284349.79999995
2025-08-01 09:23:20 AM,2803.4,69,193434.6,528477784.4
2025-08-01 09:23:21 AM,2803.3,91,255100.30000000002,528732884.7
2025-08-01 09:23:22 AM,2803.3,4,11213.2,528744097.9
2025-08-01 09:23:22 AM,2802.0,0,0.0,528744097.9
2025-08-01 09:23:23 AM,2802.0,104,291408.0,529035505.9
2025-08-01 09:23:24 AM,2803.0,98,274694.0,529310199.9
2025-08-01 09:23:24 AM,2802.7,0,0.0,529310199.9
2025-08-01 09:23:25 AM,2802.7,11,30829.699999999997,529341029.59999996
2025-08-01 09:23:26 AM,2799.6,1389,3888644.4,533229673.99999994
2025-08-01 09:23:26 AM,2799.7,0,0.0,533229673.99999994
2025-08-01 09:23:27 AM,2799.5,219,613090.5,533842764.49999994
2025-08-01 09:23:27 AM,2799.2,0,0.0,533842764.49999994
2025-08-01 09:23:28 AM,2799.2,1,2799.2,533845563.6999999
2025-08-01 09:23:28 AM,2799.2,1,2799.2,533848362.8999999
2025-08-01 09:23:30 AM,2799.1,1,2799.1,533851161.99999994
2025-08-01 09:23:31 AM,2799.1,16,44785.6,533895947.59999996
2025-08-01 09:23:32 AM,2796.3,0,0.0,533895947.59999996
2025-08-01 09:23:33 AM,2799.0,153,428247.0,534324194.59999996
2025-08-01 09:23:33 AM,2798.6,0,0.0,534324194.59999996
2025-08-01 09:23:34 AM,2798.7,20,55974.0,534380168.59999996
2025-08-01 09:23:34 AM,2800.8,0,0.0,534380168.59999996
2025-08-01 09:23:35 AM,2803.1,1639,4594280.899999999,538974449.5
2025-08-01 09:23:35 AM,2802.1,100,280210.0,539254659.5
2025-08-01 09:23:35 AM,2802.5,0,0.0,539254659.5
2025-08-01 09:23:35 AM,2804.0,0,0.0,539254659.5
2025-08-01 09:23:36 AM,2804.0,33,92532.0,539347191.5
2025-08-01 09:23:36 AM,2805.7,0,0.0,539347191.5
2025-08-01 09:23:37 AM,2803.0,101,283103.0,539630294.5
2025-08-01 09:23:37 AM,2805.4,0,0.0,539630294.5
2025-08-01 09:23:38 AM,2805.4,4,11221.6,539641516.1
2025-08-01 09:23:39 AM,2806.1,0,0.0,539641516.1
2025-08-01 09:23:40 AM,2806.2,80,224496.0,539866012.1
2025-08-01 09:23:40 AM,2803.9,29,81313.1,539947325.2
2025-08-01 09:23:40 AM,2805.4,0,0.0,539947325.2
2025-08-01 09:23:41 AM,2805.4,2,5610.8,539952936.0
2025-08-01 09:23:41 AM,2803.0,0,0.0,539952936.0
2025-08-01 09:23:42 AM,2803.0,50,140150.0,540093086.0
2025-08-01 09:23:43 AM,2802.4,50,140120.0,540233206.0
2025-08-01 09:23:44 AM,2806.1,206,578056.6,540811262.6
2025-08-01 09:23:44 AM,2806.0,0,0.0,540811262.6
2025-08-01 09:23:45 AM,2802.9,225,630652.5,541441915.1
2025-08-01 09:23:45 AM,2805.0,92,258060.0,541699975.1
2025-08-01 09:23:45 AM,2804.9,0,0.0,541699975.1
2025-08-01 09:23:46 AM,2805.0,28,78540.0,541778515.1
2025-08-01 09:23:46 AM,2804.8,0,0.0,541778515.1
2025-08-01 09:23:47 AM,2804.8,3,8414.400000000001,541786929.5
2025-08-01 09:23:47 AM,2804.6,0,0.0,541786929.5
2025-08-01 09:23:48 AM,2804.6,17,47678.2,541834607.7
2025-08-01 09:23:49 AM,2804.8,0,0.0,541834607.7
2025-08-01 09:23:49 AM,2805.5,0,0.0,541834607.7
2025-08-01 09:23:50 AM,2805.2,107,300156.39999999997,542134764.1
2025-08-01 09:23:50 AM,2805.3,0,0.0,542134764.1
2025-08-01 09:23:51 AM,2805.3,8,22442.4,542157206.5
2025-08-01 09:23:51 AM,2805.4,3,8416.2,542165622.7
2025-08-01 09:23:52 AM,2805.4,10,28054.0,542193676.7
2025-08-01 09:23:52 AM,2805.4,2,5610.8,542199287.5
2025-08-01 09:23:54 AM,2802.8,28,78478.40000000001,542277765.9
2025-08-01 09:23:54 AM,2802.9,0,0.0,542277765.9
2025-08-01 09:23:55 AM,2804.9,21,58902.9,542336668.8
2025-08-01 09:23:56 AM,2802.9,20,56058.0,542392726.8
2025-08-01 09:23:56 AM,2804.0,0,0.0,542392726.8
2025-08-01 09:23:57 AM,2804.0,7,19628.0,542412354.8
2025-08-01 09:23:57 AM,2805.3,119,333830.7,542746185.5
2025-08-01 09:23:57 AM,2806.1,0,0.0,542746185.5
2025-08-01 09:23:58 AM,2806.1,286,802544.6,543548730.1
2025-08-01 09:23:58 AM,2804.6,0,0.0,543548730.1
2025-08-01 09:23:59 AM,2804.6,5,14023.0,543562753.1
2025-08-01 09:24:00 AM,2805.0,0,0.0,543562753.1
2025-08-01 09:24:01 AM,2805.0,57,159885.0,543722638.1
2025-08-01 09:24:02 AM,2803.4,73,204648.2,543927286.3000001
2025-08-01 09:24:02 AM,2805.0,0,0.0,543927286.3000001
2025-08-01 09:24:02 AM,2805.0,1,2805.0,543930091.3000001
2025-08-01 09:24:03 AM,2803.2,0,0.0,543930091.3000001
2025-08-01 09:24:03 AM,2803.2,38,106521.59999999999,544036612.9000001
2025-08-01 09:24:06 AM,2804.9,0,0.0,544036612.9000001
2025-08-01 09:24:06 AM,2804.9,5,14024.5,544050637.4000001
2025-08-01 09:24:10 AM,2803.2,0,0.0,544050637.4000001
2025-08-01 09:24:10 AM,2803.2,14,39244.799999999996,544089882.2
2025-08-01 09:24:13 AM,2804.4,228,639403.2000000001,544729285.4000001
2025-08-01 09:24:13 AM,2802.3,0,0.0,544729285.4000001
2025-08-01 09:24:13 AM,2802.3,113,316659.9,545045945.3000001
2025-08-01 09:24:14 AM,2803.8,0,0.0,545045945.3000001
2025-08-01 09:24:14 AM,2803.8,19,53272.200000000004,545099217.5000001
2025-08-01 09:24:17 AM,2802.3,4,11209.2,545110426.7000002
2025-08-01 09:24:18 AM,2803.0,18,50454.0,545160880.7000002
2025-08-01 09:24:18 AM,2802.1,0,0.0,545160880.7000002
2025-08-01 09:24:18 AM,2802.1,103,288616.3,545449497.0000001
2025-08-01 09:24:20 AM,2801.7,26,72844.2,545522341.2000002
2025-08-01 09:24:24 AM,2801.0,2,5602.0,545527943.2000002
2025-08-01 09:24:25 AM,2801.0,66,184866.0,545712809.2000002
2025-08-01 09:24:26 AM,2801.0,113,316513.0,546029322.2000002
2025-08-01 09:24:26 AM,2801.6,20,56032.0,546085354.2000002
2025-08-01 09:24:28 AM,2801.6,5,14008.0,546099362.2000002
2025-08-01 09:24:29 AM,2801.0,6,16806.0,546116168.2000002
2025-08-01 09:24:29 AM,2800.0,0,0.0,546116168.2000002
2025-08-01 09:24:30 AM,2801.0,712,1994312.0,548110480.2000002
2025-08-01 09:24:30 AM,2801.0,67,187667.0,548298147.2000002
2025-08-01 09:24:31 AM,2800.0,24,67200.0,548365347.2000002
2025-08-01 09:24:31 AM,2803.5,0,0.0,548365347.2000002
2025-08-01 09:24:32 AM,2804.0,1751,4909804.0,553275151.2000002
2025-08-01 09:24:32 AM,2804.8,409,1147163.2000000002,554422314.4000002
2025-08-01 09:24:32 AM,2803.9,0,0.0,554422314.4000002
2025-08-01 09:24:33 AM,2803.9,68,190665.2,554612979.6000003
2025-08-01 09:24:33 AM,2803.9,139,389742.10000000003,555002721.7000003
2025-08-01 09:24:34 AM,2805.0,390,1093950.0,556096671.7000003
2025-08-01 09:24:34 AM,2807.9,3056,8580942.4,564677614.1000003
2025-08-01 09:24:34 AM,2809.9,0,0.0,564677614.1000003
2025-08-01 09:24:35 AM,2809.9,1833,5150546.7,569828160.8000003
2025-08-01 09:24:36 AM,2810.0,104,292240.0,570120400.8000003
2025-08-01 09:24:37 AM,2810.0,17,47770.0,570168170.8000003
2025-08-01 09:24:37 AM,2810.0,341,958210.0,571126380.8000003
2025-08-01 09:24:38 AM,2810.0,149,418690.0,571545070.8000003
2025-08-01 09:24:40 AM,2810.0,252,708120.0,572253190.8000003
2025-08-01 09:24:40 AM,2809.4,0,0.0,572253190.8000003
2025-08-01 09:24:41 AM,2809.2,69,193834.8,572447025.6000003
2025-08-01 09:24:41 AM,2809.2,17,47756.399999999994,572494782.0000002
2025-08-01 09:24:42 AM,2809.1,10,28091.0,572522873.0000002
2025-08-01 09:24:44 AM,2809.8,0,0.0,572522873.0000002
2025-08-01 09:24:45 AM,2807.9,124,348179.60000000003,572871052.6000003
2025-08-01 09:24:46 AM,2809.8,1,2809.8,572873862.4000002
2025-08-01 09:24:47 AM,2809.0,8,22472.0,572896334.4000002
2025-08-01 09:24:48 AM,2808.4,50,140420.0,573036754.4000002
2025-08-01 09:24:49 AM,2808.4,4,11233.6,573047988.0000002
2025-08-01 09:24:49 AM,2809.0,0,0.0,573047988.0000002
2025-08-01 09:24:50 AM,2809.0,2,5618.0,573053606.0000002
2025-08-01 09:24:56 AM,2809.0,720,2022480.0,575076086.0000002
2025-08-01 09:24:56 AM,2809.9,0,0.0,575076086.0000002
2025-08-01 09:24:57 AM,2809.9,83,233221.7,575309307.7000003
2025-08-01 09:24:58 AM,2810.0,1144,3214640.0,578523947.7000003
2025-08-01 09:24:58 AM,2810.0,52,146120.0,578670067.7000003
2025-08-01 09:24:59 AM,2810.0,146,410260.0,579080327.7000003
2025-08-01 09:25:00 AM,2809.9,0,0.0,579080327.7000003
2025-08-01 09:25:01 AM,2810.0,441,1239210.0,580319537.7000003
2025-08-01 09:25:06 AM,2811.4,622,1748690.8,582068228.5000002
2025-08-01 09:25:07 AM,2811.3,0,0.0,582068228.5000002
2025-08-01 09:25:09 AM,2810.0,481,1351610.0,583419838.5000002
2025-08-01 09:25:13 AM,2811.9,0,0.0,583419838.5000002
2025-08-01 09:25:14 AM,2811.9,233,655172.7000000001,584075011.2000003
2025-08-01 09:25:16 AM,2814.4,1708,4806995.2,588882006.4000003
2025-08-01 09:25:19 AM,2817.5,0,0.0,588882006.4000003
2025-08-01 09:25:22 AM,2817.6,6113,17223988.8,606105995.2000003
2025-08-01 09:25:24 AM,2822.1,482,1360252.2,607466247.4000003
2025-08-01 09:25:25 AM,2820.7,0,0.0,607466247.4000003
2025-08-01 09:25:26 AM,2823.2,0,0.0,607466247.4000003
2025-08-01 09:25:29 AM,2824.9,1655,4675209.5,612141456.9000003
2025-08-01 09:25:31 AM,2829.9,3117,8820798.3,620962255.2000003
2025-08-01 09:25:32 AM,2830.0,0,0.0,620962255.2000003
2025-08-01 09:25:37 AM,2828.8,1170,3309696.0,624271951.2000003
2025-08-01 09:25:37 AM,2825.2,0,0.0,624271951.2000003
2025-08-01 09:25:38 AM,2830.0,0,0.0,624271951.2000003
2025-08-01 09:25:39 AM,2830.0,826,2337580.0,626609531.2000003
2025-08-01 09:25:43 AM,2825.5,0,0.0,626609531.2000003
2025-08-01 09:25:43 AM,2825.4,0,0.0,626609531.2000003
2025-08-01 09:25:44 AM,2825.3,2750,7769575.000000001,634379106.2000003
2025-08-01 09:25:46 AM,2821.7,217,612308.8999999999,634991415.1000003
2025-08-01 09:25:48 AM,2820.3,0,0.0,634991415.1000003
2025-08-01 09:25:48 AM,2819.9,0,0.0,634991415.1000003
2025-08-01 09:25:52 AM,2818.1,1062,2992822.1999999997,637984237.3000003
2025-08-01 09:25:54 AM,2819.3,646,1821267.8,639805505.1000003
2025-08-01 09:25:54 AM,2820.9,0,0.0,639805505.1000003
2025-08-01 09:25:54 AM,2822.2,0,0.0,639805505.1000003
2025-08-01 09:25:59 AM,2828.0,2409,6812652.0,646618157.1000003
2025-08-01 09:26:00 AM,2826.8,0,0.0,646618157.1000003
2025-08-01 09:26:00 AM,2828.9,0,0.0,646618157.1000003
2025-08-01 09:26:01 AM,2829.0,876,2478204.0,649096361.1000003
2025-08-01 09:26:02 AM,2829.0,1,2829.0,649099190.1000003
2025-08-01 09:26:02 AM,2829.0,50,141450.0,649240640.1000003
2025-08-01 09:26:03 AM,2829.9,155,438634.5,649679274.6000003
2025-08-01 09:26:03 AM,2829.8,0,0.0,649679274.6000003
2025-08-01 09:26:04 AM,2829.8,52,147149.6,649826424.2000003
2025-08-01 09:26:05 AM,2829.8,6,16978.800000000003,649843403.0000002
2025-08-01 09:26:05 AM,2830.0,0,0.0,649843403.0000002
2025-08-01 09:26:06 AM,2829.8,49,138660.2,649982063.2000003
2025-08-01 09:26:06 AM,2830.0,0,0.0,649982063.2000003
2025-08-01 09:26:07 AM,2830.0,101,285830.0,650267893.2000003
2025-08-01 09:26:08 AM,2830.0,364,1030120.0,651298013.2000003
2025-08-01 09:26:09 AM,2828.3,12,33939.600000000006,651331952.8000003
2025-08-01 09:26:09 AM,2830.0,0,0.0,651331952.8000003
2025-08-01 09:26:10 AM,2830.0,130,367900.0,651699852.8000003
2025-08-01 09:26:11 AM,2829.8,146,413150.80000000005,652113003.6000003
2025-08-01 09:26:11 AM,2828.3,0,0.0,652113003.6000003
2025-08-01 09:26:12 AM,2828.3,18,50909.4,652163913.0000002
2025-08-01 09:26:12 AM,2827.6,0,0.0,652163913.0000002
2025-08-01 09:26:13 AM,2828.9,240,678936.0,652842849.0000002
2025-08-01 09:26:14 AM,2829.0,30,84870.0,652927719.0000002
2025-08-01 09:26:14 AM,2827.1,15,42406.5,652970125.5000002
2025-08-01 09:26:15 AM,2828.9,20,56578.0,653026703.5000002
2025-08-01 09:26:15 AM,2828.7,0,0.0,653026703.5000002
2025-08-01 09:26:15 AM,2827.0,0,0.0,653026703.5000002
2025-08-01 09:26:16 AM,2827.0,29,81983.0,653108686.5000002
2025-08-01 09:26:16 AM,2828.0,0,0.0,653108686.5000002
2025-08-01 09:26:17 AM,2834.0,7372,20892248.0,674000934.5000002
2025-08-01 09:26:17 AM,2835.0,0,0.0,674000934.5000002
2025-08-01 09:26:17 AM,2832.4,0,0.0,674000934.5000002
2025-08-01 09:26:18 AM,2831.6,2516,7124305.6,681125240.1000003
2025-08-01 09:26:18 AM,2831.2,0,0.0,681125240.1000003
2025-08-01 09:26:19 AM,2830.9,178,503900.2,681629140.3000003
2025-08-01 09:26:19 AM,2830.0,0,0.0,681629140.3000003
2025-08-01 09:26:20 AM,2830.0,700,1981000.0,683610140.3000003
2025-08-01 09:26:20 AM,2828.7,0,0.0,683610140.3000003
2025-08-01 09:26:21 AM,2829.7,58,164122.59999999998,683774262.9000003
2025-08-01 09:26:22 AM,2830.0,204,577320.0,684351582.9000003
2025-08-01 09:26:22 AM,2830.0,1,2830.0,684354412.9000003
2025-08-01 09:26:22 AM,2828.5,0,0.0,684354412.9000003
2025-08-01 09:26:22 AM,2830.9,0,0.0,684354412.9000003
2025-08-01 09:26:23 AM,2828.9,1617,4574331.3,688928744.2000003
2025-08-01 09:26:23 AM,2831.4,0,0.0,688928744.2000003
2025-08-01 09:26:24 AM,2832.4,142,402200.8,689330945.0000002
2025-08-01 09:26:24 AM,2832.6,0,0.0,689330945.0000002
2025-08-01 09:26:25 AM,2832.7,899,2546597.3,691877542.3000002
2025-08-01 09:26:25 AM,2830.0,0,0.0,691877542.3000002
2025-08-01 09:26:26 AM,2831.4,263,744658.2000000001,692622200.5000002
2025-08-01 09:26:26 AM,2830.0,0,0.0,692622200.5000002
2025-08-01 09:26:27 AM,2832.1,115,325691.5,692947892.0000002
2025-08-01 09:26:27 AM,2833.5,0,0.0,692947892.0000002
2025-08-01 09:26:28 AM,2833.5,16,45336.0,692993228.0000002
2025-08-01 09:26:28 AM,2833.6,0,0.0,692993228.0000002
2025-08-01 09:26:29 AM,2834.7,160,453552.0,693446780.0000002
2025-08-01 09:26:29 AM,2831.8,0,0.0,693446780.0000002
2025-08-01 09:26:30 AM,2831.8,253,716445.4,694163225.4000002
2025-08-01 09:26:30 AM,2833.9,58,164366.2,694327591.6000003
2025-08-01 09:26:30 AM,2834.4,0,0.0,694327591.6000003
2025-08-01 09:26:31 AM,2835.0,890,2523150.0,696850741.6000003
2025-08-01 09:26:32 AM,2835.0,128,362880.0,697213621.6000003
2025-08-01 09:26:33 AM,2832.1,157,444639.7,697658261.3000003
2025-08-01 09:26:33 AM,2832.5,0,0.0,697658261.3000003
2025-08-01 09:26:33 AM,2834.7,0,0.0,697658261.3000003
2025-08-01 09:26:34 AM,2834.9,70,198443.0,697856704.3000003
2025-08-01 09:26:34 AM,2832.5,0,0.0,697856704.3000003
2025-08-01 09:26:35 AM,2832.5,77,218102.5,698074806.8000003
2025-08-01 09:26:35 AM,2832.7,0,0.0,698074806.8000003
2025-08-01 09:26:35 AM,2832.4,0,0.0,698074806.8000003
2025-08-01 09:26:36 AM,2832.4,188,532491.2000000001,698607298.0000004
2025-08-01 09:26:36 AM,2834.8,0,0.0,698607298.0000004
2025-08-01 09:26:36 AM,2832.5,0,0.0,698607298.0000004
2025-08-01 09:26:37 AM,2832.2,55,155771.0,698763069.0000004
2025-08-01 09:26:37 AM,2833.8,0,0.0,698763069.0000004
2025-08-01 09:26:38 AM,2833.8,262,742455.6000000001,699505524.6000004
2025-08-01 09:26:38 AM,2831.7,102,288833.39999999997,699794358.0000004
2025-08-01 09:26:39 AM,2833.0,34,96322.0,699890680.0000004
2025-08-01 09:26:39 AM,2834.7,0,0.0,699890680.0000004
2025-08-01 09:26:40 AM,2834.8,161,456402.80000000005,700347082.8000003
2025-08-01 09:26:40 AM,2833.3,0,0.0,700347082.8000003
2025-08-01 09:26:40 AM,2833.5,0,0.0,700347082.8000003
2025-08-01 09:26:41 AM,2833.4,189,535512.6,700882595.4000003
2025-08-01 09:26:41 AM,2835.0,0,0.0,700882595.4000003
2025-08-01 09:26:42 AM,2835.0,72,204120.0,701086715.4000003
2025-08-01 09:26:42 AM,2833.3,0,0.0,701086715.4000003
2025-08-01 09:26:43 AM,2835.0,134,379890.0,701466605.4000003
2025-08-01 09:26:44 AM,2833.9,25,70847.5,701537452.9000003
2025-08-01 09:26:44 AM,2835.0,0,0.0,701537452.9000003
2025-08-01 09:26:45 AM,2834.0,100,283400.0,701820852.9000003
2025-08-01 09:26:45 AM,2833.5,115,325852.5,702146705.4000003
2025-08-01 09:26:46 AM,2835.0,10,28350.0,702175055.4000003
2025-08-01 09:26:47 AM,2835.0,2486,7047810.0,709222865.4000003
2025-08-01 09:26:48 AM,2834.4,197,558376.8,709781242.2000003
2025-08-01 09:26:48 AM,2835.0,0,0.0,709781242.2000003
2025-08-01 09:26:49 AM,2834.5,102,289119.0,710070361.2000003
2025-08-01 09:26:49 AM,2835.0,0,0.0,710070361.2000003
2025-08-01 09:26:50 AM,2834.1,589,1669284.9,711739646.1000003
2025-08-01 09:26:50 AM,2835.0,0,0.0,711739646.1000003
2025-08-01 09:26:51 AM,2833.7,203,575241.1,712314887.2000003
2025-08-01 09:26:51 AM,2833.9,0,0.0,712314887.2000003
2025-08-01 09:26:52 AM,2835.0,498,1411830.0,713726717.2000003
2025-08-01 09:26:52 AM,2833.8,0,0.0,713726717.2000003
2025-08-01 09:26:53 AM,2833.8,10,28338.0,713755055.2000003
2025-08-01 09:26:53 AM,2835.0,0,0.0,713755055.2000003
2025-08-01 09:26:54 AM,2833.7,110,311707.0,714066762.2000003
2025-08-01 09:26:54 AM,2835.0,0,0.0,714066762.2000003
2025-08-01 09:26:54 AM,2833.9,0,0.0,714066762.2000003
2025-08-01 09:26:55 AM,2835.0,600,1701000.0,715767762.2000003
2025-08-01 09:26:56 AM,2835.0,166,470610.0,716238372.2000003
2025-08-01 09:26:56 AM,2834.1,0,0.0,716238372.2000003
2025-08-01 09:26:56 AM,2835.0,0,0.0,716238372.2000003
2025-08-01 09:26:57 AM,2834.1,20,56682.0,716295054.2000003
2025-08-01 09:26:57 AM,2833.9,0,0.0,716295054.2000003
2025-08-01 09:26:58 AM,2833.9,29,82183.1,716377237.3000003
2025-08-01 09:26:59 AM,2834.7,20,56694.0,716433931.3000003
2025-08-01 09:26:59 AM,2831.4,0,0.0,716433931.3000003
2025-08-01 09:27:00 AM,2833.9,1244,3525371.6,719959302.9000003
2025-08-01 09:27:00 AM,2833.5,0,0.0,719959302.9000003
2025-08-01 09:27:01 AM,2831.1,51,144386.1,720103689.0000004
2025-08-01 09:27:01 AM,2831.0,75,212325.0,720316014.0000004
2025-08-01 09:27:01 AM,2831.3,0,0.0,720316014.0000004
2025-08-01 09:27:02 AM,2831.4,175,495495.0,720811509.0000004
2025-08-01 09:27:02 AM,2833.5,0,0.0,720811509.0000004
2025-08-01 09:27:03 AM,2833.0,59,167147.0,720978656.0000004
2025-08-01 09:27:03 AM,2833.0,55,155815.0,721134471.0000004
2025-08-01 09:27:04 AM,2833.8,303,858641.4,721993112.4000003
2025-08-01 09:27:05 AM,2832.0,17,48144.0,722041256.4000003
2025-08-01 09:27:05 AM,2833.0,0,0.0,722041256.4000003
2025-08-01 09:27:06 AM,2833.0,110,311630.0,722352886.4000003
2025-08-01 09:27:07 AM,2833.0,23,65159.0,722418045.4000003
2025-08-01 09:27:08 AM,2833.7,9,25503.3,722443548.7000003
2025-08-01 09:27:09 AM,2834.4,501,1420034.4000000001,723863583.1000003
2025-08-01 09:27:09 AM,2834.7,30,85041.0,723948624.1000003
2025-08-01 09:27:09 AM,2834.4,0,0.0,723948624.1000003
2025-08-01 09:27:10 AM,2834.7,32,90710.4,724039334.5000002
2025-08-01 09:27:10 AM,2834.6,5,14173.0,724053507.5000002
2025-08-01 09:27:10 AM,2833.1,0,0.0,724053507.5000002
2025-08-01 09:27:11 AM,2833.1,14,39663.4,724093170.9000002
2025-08-01 09:27:11 AM,2834.8,3,8504.400000000001,724101675.3000002
2025-08-01 09:27:12 AM,2833.0,206,583598.0,724685273.3000002
2025-08-01 09:27:12 AM,2833.9,50,141695.0,724826968.3000002
2025-08-01 09:27:13 AM,2834.7,10,28347.0,724855315.3000002
2025-08-01 09:27:13 AM,2834.9,50,141745.0,724997060.3000002
2025-08-01 09:27:13 AM,2835.0,0,0.0,724997060.3000002
2025-08-01 09:27:13 AM,2833.0,0,0.0,724997060.3000002
2025-08-01 09:27:14 AM,2834.8,66,187096.80000000002,725184157.1000001
2025-08-01 09:27:15 AM,2834.4,20,56688.0,725240845.1000001
2025-08-01 09:27:15 AM,2834.8,9,25513.2,725266358.3000002
2025-08-01 09:27:16 AM,2834.6,28,79368.8,725345727.1000001
2025-08-01 09:27:17 AM,2835.0,30,85050.0,725430777.1000001
2025-08-01 09:27:17 AM,2834.5,3643,10326083.5,735756860.6000001
2025-08-01 09:27:17 AM,2835.0,0,0.0,735756860.6000001
2025-08-01 09:27:18 AM,2834.4,196,555542.4,736312403.0000001
2025-08-01 09:27:19 AM,2835.0,1437,4073895.0,740386298.0000001
2025-08-01 09:27:20 AM,2839.2,2264,6427948.8,746814246.8000001
2025-08-01 09:27:20 AM,2840.1,70,198807.0,747013053.8000001
2025-08-01 09:27:20 AM,2840.6,0,0.0,747013053.8000001
2025-08-01 09:27:21 AM,2840.4,249,707259.6,747720313.4000001
2025-08-01 09:27:21 AM,2842.4,0,0.0,747720313.4000001
2025-08-01 09:27:22 AM,2841.0,220,625020.0,748345333.4000001
2025-08-01 09:27:22 AM,2844.9,0,0.0,748345333.4000001
2025-08-01 09:27:22 AM,2842.8,0,0.0,748345333.4000001
2025-08-01 09:27:23 AM,2844.4,2072,5893596.8,754238930.2
2025-08-01 09:27:23 AM,2845.0,109,310105.0,754549035.2
2025-08-01 09:27:23 AM,2843.4,0,0.0,754549035.2
2025-08-01 09:27:24 AM,2845.0,756,2150820.0,756699855.2
2025-08-01 09:27:24 AM,2845.0,76,216220.0,756916075.2
2025-08-01 09:27:25 AM,2845.0,1102,3135190.0,760051265.2
2025-08-01 09:27:26 AM,2845.0,66,187770.0,760239035.2
2025-08-01 09:27:26 AM,2845.7,0,0.0,760239035.2
2025-08-01 09:27:26 AM,2845.0,0,0.0,760239035.2
2025-08-01 09:27:27 AM,2845.7,681,1937921.7,762176956.9000001
2025-08-01 09:27:28 AM,2845.2,3,8535.599999999999,762185492.5000001
2025-08-01 09:27:28 AM,2846.8,184,523811.2,762709303.7000002
2025-08-01 09:27:28 AM,2848.0,0,0.0,762709303.7000002
2025-08-01 09:27:28 AM,2848.5,0,0.0,762709303.7000002
2025-08-01 09:27:29 AM,2846.6,396,1127253.5999999999,763836557.3000002
2025-08-01 09:27:29 AM,2846.8,2,5693.6,763842250.9000002
2025-08-01 09:27:29 AM,2848.6,0,0.0,763842250.9000002
2025-08-01 09:27:30 AM,2848.5,72,205092.0,764047342.9000002
2025-08-01 09:27:30 AM,2845.5,556,1582098.0,765629440.9000002
2025-08-01 09:27:30 AM,2846.6,0,0.0,765629440.9000002
2025-08-01 09:27:30 AM,2848.8,0,0.0,765629440.9000002
2025-08-01 09:27:31 AM,2844.0,1593,4530492.0,770159932.9000002
2025-08-01 09:27:31 AM,2847.1,0,0.0,770159932.9000002
2025-08-01 09:27:32 AM,2844.9,120,341388.0,770501320.9000002
2025-08-01 09:27:32 AM,2846.1,0,0.0,770501320.9000002
2025-08-01 09:27:33 AM,2846.7,450,1281015.0,771782335.9000002
2025-08-01 09:27:33 AM,2847.0,0,0.0,771782335.9000002
2025-08-01 09:27:33 AM,2847.3,0,0.0,771782335.9000002
2025-08-01 09:27:34 AM,2845.2,29,82510.79999999999,771864846.7000002
2025-08-01 09:27:34 AM,2845.5,0,0.0,771864846.7000002
2025-08-01 09:27:35 AM,2845.0,847,2409715.0,774274561.7000002
2025-08-01 09:27:35 AM,2846.0,28,79688.0,774354249.7000002
2025-08-01 09:27:35 AM,2846.3,0,0.0,774354249.7000002
2025-08-01 09:27:35 AM,2846.1,0,0.0,774354249.7000002
2025-08-01 09:27:36 AM,2845.0,79,224755.0,774579004.7000002
2025-08-01 09:27:37 AM,2845.0,399,1135155.0,775714159.7000002
2025-08-01 09:27:37 AM,2846.5,60,170790.0,775884949.7000002
2025-08-01 09:27:37 AM,2846.0,0,0.0,775884949.7000002
2025-08-01 09:27:38 AM,2846.9,318,905314.2000000001,776790263.9000002
2025-08-01 09:27:38 AM,2846.6,94,267580.39999999997,777057844.3000002
2025-08-01 09:27:38 AM,2846.0,0,0.0,777057844.3000002
2025-08-01 09:27:39 AM,2846.3,147,418406.10000000003,777476250.4000002
2025-08-01 09:27:39 AM,2846.0,85,241910.0,777718160.4000002
2025-08-01 09:27:39 AM,2846.3,0,0.0,777718160.4000002
2025-08-01 09:27:40 AM,2846.1,67,190688.69999999998,777908849.1000003
2025-08-01 09:27:40 AM,2846.7,0,0.0,777908849.1000003
2025-08-01 09:27:40 AM,2848.0,0,0.0,777908849.1000003
2025-08-01 09:27:41 AM,2848.0,118,336064.0,778244913.1000003
2025-08-01 09:27:41 AM,2846.7,130,370071.0,778614984.1000003
2025-08-01 09:27:41 AM,2846.6,0,0.0,778614984.1000003
2025-08-01 09:27:41 AM,2846.7,0,0.0,778614984.1000003
2025-08-01 09:27:42 AM,2846.1,712,2026423.2,780641407.3000003
2025-08-01 09:27:42 AM,2847.3,109,310355.7,780951763.0000004
2025-08-01 09:27:43 AM,2846.5,104,296036.0,781247799.0000004
2025-08-01 09:27:43 AM,2841.9,1098,3120406.2,784368205.2000004
2025-08-01 09:27:43 AM,2841.3,0,0.0,784368205.2000004
2025-08-01 09:27:44 AM,2840.4,397,1127638.8,785495844.0000004
2025-08-01 09:27:44 AM,2842.5,50,142125.0,785637969.0000004
2025-08-01 09:27:44 AM,2843.1,0,0.0,785637969.0000004
2025-08-01 09:27:45 AM,2843.5,189,537421.5,786175390.5000004
2025-08-01 09:27:45 AM,2843.6,0,0.0,786175390.5000004
2025-08-01 09:27:46 AM,2841.5,45,127867.5,786303258.0000004
2025-08-01 09:27:46 AM,2844.4,0,0.0,786303258.0000004
2025-08-01 09:27:47 AM,2839.3,1026,2913121.8000000003,789216379.8000003
2025-08-01 09:27:47 AM,2841.9,23,65363.700000000004,789281743.5000004
2025-08-01 09:27:47 AM,2840.7,0,0.0,789281743.5000004
2025-08-01 09:27:47 AM,2840.6,0,0.0,789281743.5000004
2025-08-01 09:27:48 AM,2840.6,517,1468590.2,790750333.7000004
2025-08-01 09:27:48 AM,2842.0,17,48314.0,790798647.7000004
2025-08-01 09:27:48 AM,2842.6,0,0.0,790798647.7000004
2025-08-01 09:27:49 AM,2842.4,291,827138.4,791625786.1000004
2025-08-01 09:27:49 AM,2840.5,0,0.0,791625786.1000004
2025-08-01 09:27:50 AM,2842.8,93,264380.4,791890166.5000004
2025-08-01 09:27:50 AM,2844.1,0,0.0,791890166.5000004
2025-08-01 09:27:51 AM,2844.1,451,1282689.0999999999,793172855.6000004
2025-08-01 09:27:51 AM,2842.0,0,0.0,793172855.6000004
2025-08-01 09:27:51 AM,2844.0,0,0.0,793172855.6000004
2025-08-01 09:27:52 AM,2843.1,163,463425.3,793636280.9000003
2025-08-01 09:27:52 AM,2843.2,0,0.0,793636280.9000003
2025-08-01 09:27:53 AM,2843.2,138,392361.6,794028642.5000004
2025-08-01 09:27:53 AM,2843.0,0,0.0,794028642.5000004
2025-08-01 09:27:54 AM,2843.8,228,648386.4,794677028.9000003
2025-08-01 09:27:54 AM,2845.0,0,0.0,794677028.9000003
2025-08-01 09:27:55 AM,2845.0,536,1524920.0,796201948.9000003
2025-08-01 09:27:55 AM,2843.9,0,0.0,796201948.9000003
2025-08-01 09:27:56 AM,2845.0,352,1001440.0,797203388.9000003
2025-08-01 09:27:56 AM,2845.6,0,0.0,797203388.9000003
2025-08-01 09:27:56 AM,2845.7,0,0.0,797203388.9000003
2025-08-01 09:27:57 AM,2845.1,1543,4389989.3,801593378.2000003
2025-08-01 09:27:57 AM,2842.6,0,0.0,801593378.2000003
2025-08-01 09:27:58 AM,2842.3,764,2171517.2,803764895.4000003
2025-08-01 09:27:58 AM,2845.0,0,0.0,803764895.4000003
2025-08-01 09:27:59 AM,2843.4,1039,2954292.6,806719188.0000004
2025-08-01 09:27:59 AM,2845.0,0,0.0,806719188.0000004
2025-08-01 09:28:00 AM,2846.7,320,910944.0,807630132.0000004
2025-08-01 09:28:00 AM,2845.0,2,5690.0,807635822.0000004
2025-08-01 09:28:00 AM,2846.0,0,0.0,807635822.0000004
2025-08-01 09:28:01 AM,2847.3,107,304661.10000000003,807940483.1000004
2025-08-01 09:28:01 AM,2846.1,0,0.0,807940483.1000004
2025-08-01 09:28:01 AM,2846.3,0,0.0,807940483.1000004
2025-08-01 09:28:02 AM,2846.5,87,247645.5,808188128.6000004
2025-08-01 09:28:02 AM,2845.1,0,0.0,808188128.6000004
2025-08-01 09:28:03 AM,2848.0,991,2822368.0,811010496.6000004
2025-08-01 09:28:03 AM,2847.8,8,22782.4,811033279.0000004
2025-08-01 09:28:03 AM,2847.2,0,0.0,811033279.0000004
2025-08-01 09:28:03 AM,2845.0,0,0.0,811033279.0000004
2025-08-01 09:28:04 AM,2844.5,122,347029.0,811380308.0000004
2025-08-01 09:28:04 AM,2844.4,10,28444.0,811408752.0000004
2025-08-01 09:28:04 AM,2845.0,0,0.0,811408752.0000004
2025-08-01 09:28:05 AM,2843.5,262,744997.0,812153749.0000004
2025-08-01 09:28:05 AM,2846.4,1020,2903328.0,815057077.0000004
2025-08-01 09:28:06 AM,2846.1,1,2846.1,815059923.1000004
2025-08-01 09:28:06 AM,2846.5,0,0.0,815059923.1000004
2025-08-01 09:28:06 AM,2846.5,131,372891.5,815432814.6000004
2025-08-01 09:28:07 AM,2841.0,512,1454592.0,816887406.6000004
2025-08-01 09:28:07 AM,2843.5,0,0.0,816887406.6000004
2025-08-01 09:28:08 AM,2843.5,146,415151.0,817302557.6000004
2025-08-01 09:28:08 AM,2842.1,63,179052.3,817481609.9000003
2025-08-01 09:28:08 AM,2841.5,0,0.0,817481609.9000003
2025-08-01 09:28:09 AM,2841.5,298,846767.0,818328376.9000003
2025-08-01 09:28:09 AM,2841.0,108,306828.0,818635204.9000003
2025-08-01 09:28:09 AM,2841.1,0,0.0,818635204.9000003
2025-08-01 09:28:10 AM,2841.1,50,142055.0,818777259.9000003
2025-08-01 09:28:10 AM,2840.9,24,68181.6,818845441.5000004
2025-08-01 09:28:10 AM,2842.7,0,0.0,818845441.5000004
2025-08-01 09:28:11 AM,2840.7,100,284070.0,819129511.5000004
2025-08-01 09:28:11 AM,2844.0,143,406692.0,819536203.5000004
2025-08-01 09:28:11 AM,2840.5,0,0.0,819536203.5000004
2025-08-01 09:28:11 AM,2840.6,0,0.0,819536203.5000004
2025-08-01 09:28:12 AM,2840.3,542,1539442.6,821075646.1000004
2025-08-01 09:28:12 AM,2839.2,0,0.0,821075646.1000004
2025-08-01 09:28:13 AM,2839.2,1254,3560356.8,824636002.9000003
2025-08-01 09:28:13 AM,2839.6,9,25556.399999999998,824661559.3000003
2025-08-01 09:28:13 AM,2840.0,0,0.0,824661559.3000003
2025-08-01 09:28:13 AM,2839.5,0,0.0,824661559.3000003
2025-08-01 09:28:14 AM,2839.4,329,934162.6,825595721.9000003
2025-08-01 09:28:14 AM,2840.0,72,204480.0,825800201.9000003
2025-08-01 09:28:14 AM,2840.3,0,0.0,825800201.9000003
2025-08-01 09:28:15 AM,2840.0,17,48280.0,825848481.9000003
2025-08-01 09:28:15 AM,2838.1,0,0.0,825848481.9000003
2025-08-01 09:28:16 AM,2840.1,21,59642.1,825908124.0000004
2025-08-01 09:28:16 AM,2838.4,0,0.0,825908124.0000004
2025-08-01 09:28:17 AM,2836.8,31,87940.8,825996064.8000003
2025-08-01 09:28:17 AM,2838.5,14,39739.0,826035803.8000003
2025-08-01 09:28:17 AM,2836.7,0,0.0,826035803.8000003
2025-08-01 09:28:18 AM,2839.1,46,130598.59999999999,826166402.4000003
2025-08-01 09:28:18 AM,2837.0,5,14185.0,826180587.4000003
2025-08-01 09:28:19 AM,2839.0,27,76653.0,826257240.4000003
2025-08-01 09:28:19 AM,2838.6,21,59610.6,826316851.0000004
2025-08-01 09:28:20 AM,2836.4,0,0.0,826316851.0000004
2025-08-01 09:28:20 AM,2836.4,256,726118.4,827042969.4000003
2025-08-01 09:28:21 AM,2837.0,0,0.0,827042969.4000003
2025-08-01 09:28:21 AM,2837.0,27,76599.0,827119568.4000003
2025-08-01 09:28:21 AM,2835.0,0,0.0,827119568.4000003
2025-08-01 09:28:22 AM,2837.9,175,496632.5,827616200.9000003
2025-08-01 09:28:23 AM,2836.5,0,0.0,827616200.9000003
2025-08-01 09:28:23 AM,2836.5,266,754509.0,828370709.9000003
2025-08-01 09:28:25 AM,2839.8,0,0.0,828370709.9000003
2025-08-01 09:28:25 AM,2839.2,0,0.0,828370709.9000003
2025-08-01 09:28:26 AM,2840.9,1121,3184648.9,831555358.8000003
2025-08-01 09:28:26 AM,2840.0,0,0.0,831555358.8000003
2025-08-01 09:28:26 AM,2841.8,0,0.0,831555358.8000003
2025-08-01 09:28:27 AM,2841.8,219,622354.2000000001,832177713.0000004
2025-08-01 09:28:27 AM,2842.0,0,0.0,832177713.0000004
2025-08-01 09:28:28 AM,2842.0,444,1261848.0,833439561.0000004
2025-08-01 09:28:28 AM,2843.0,0,0.0,833439561.0000004
2025-08-01 09:28:29 AM,2842.0,288,818496.0,834258057.0000004
2025-08-01 09:28:29 AM,2842.1,5,14210.5,834272267.5000004
2025-08-01 09:28:29 AM,2842.4,0,0.0,834272267.5000004
2025-08-01 09:28:30 AM,2844.0,0,0.0,834272267.5000004
2025-08-01 09:28:30 AM,2844.0,124,352656.0,834624923.5000004
2025-08-01 09:28:30 AM,2844.0,675,1919700.0,836544623.5000004
2025-08-01 09:28:31 AM,2844.0,45,127980.0,836672603.5000004
2025-08-01 09:28:31 AM,2844.0,290,824760.0,837497363.5000004
2025-08-01 09:28:31 AM,2842.9,0,0.0,837497363.5000004
2025-08-01 09:28:32 AM,2843.0,0,0.0,837497363.5000004
2025-08-01 09:28:32 AM,2843.0,160,454880.0,837952243.5000004
2025-08-01 09:28:32 AM,2842.8,0,0.0,837952243.5000004
2025-08-01 09:28:33 AM,2842.8,30,85284.0,838037527.5000004
2025-08-01 09:28:33 AM,2842.8,25,71070.0,838108597.5000004
2025-08-01 09:28:34 AM,2843.1,501,1424393.0999999999,839532990.6000004
2025-08-01 09:28:34 AM,2842.1,0,0.0,839532990.6000004
2025-08-01 09:28:34 AM,2842.1,28,79578.8,839612569.4000003
2025-08-01 09:28:35 AM,2842.0,10,28420.0,839640989.4000003
2025-08-01 09:28:35 AM,2842.9,0,0.0,839640989.4000003
2025-08-01 09:28:36 AM,2844.0,0,0.0,839640989.4000003
2025-08-01 09:28:36 AM,2844.0,521,1481724.0,841122713.4000003
2025-08-01 09:28:36 AM,2846.0,0,0.0,841122713.4000003
2025-08-01 09:28:37 AM,2846.0,806,2293876.0,843416589.4000003
2025-08-01 09:28:37 AM,2844.7,0,0.0,843416589.4000003
2025-08-01 09:28:38 AM,2846.0,0,0.0,843416589.4000003
2025-08-01 09:28:38 AM,2846.0,35,99610.0,843516199.4000003
2025-08-01 09:28:38 AM,2845.0,0,0.0,843516199.4000003
2025-08-01 09:28:39 AM,2845.0,223,634435.0,844150634.4000003
2025-08-01 09:28:39 AM,2844.6,0,0.0,844150634.4000003
2025-08-01 09:28:40 AM,2846.5,207,589225.5,844739859.9000003
2025-08-01 09:28:41 AM,2843.5,500,1421750.0,846161609.9000003
2025-08-01 09:28:41 AM,2844.9,0,0.0,846161609.9000003
2025-08-01 09:28:42 AM,2844.9,2,5689.8,846167299.7000003
2025-08-01 09:28:42 AM,2846.0,221,628966.0,846796265.7000003
2025-08-01 09:28:42 AM,2846.1,0,0.0,846796265.7000003
2025-08-01 09:28:43 AM,2846.1,376,1070133.5999999999,847866399.3000003
2025-08-01 09:28:43 AM,2847.0,0,0.0,847866399.3000003
2025-08-01 09:28:44 AM,2847.3,0,0.0,847866399.3000003
2025-08-01 09:28:44 AM,2847.3,142,404316.60000000003,848270715.9000003
2025-08-01 09:28:44 AM,2846.7,281,799922.7,849070638.6000004
2025-08-01 09:28:44 AM,2848.0,0,0.0,849070638.6000004
2025-08-01 09:28:45 AM,2847.4,53,150912.2,849221550.8000004
2025-08-01 09:28:45 AM,2849.0,980,2792020.0,852013570.8000004
2025-08-01 09:28:46 AM,2849.0,62,176638.0,852190208.8000004
2025-08-01 09:28:46 AM,2847.4,1223,3482370.2,855672579.0000005
2025-08-01 09:28:47 AM,2847.4,182,518226.8,856190805.8000004
2025-08-01 09:28:47 AM,2848.7,22,62671.399999999994,856253477.2000004
2025-08-01 09:28:47 AM,2849.0,0,0.0,856253477.2000004
2025-08-01 09:28:47 AM,2849.0,200,569800.0,856823277.2000004
2025-08-01 09:28:48 AM,2849.0,305,868945.0,857692222.2000004
2025-08-01 09:28:49 AM,2849.0,93,264957.0,857957179.2000004
2025-08-01 09:28:50 AM,2847.5,0,0.0,857957179.2000004
2025-08-01 09:28:50 AM,2847.5,2428,6913730.0,864870909.2000004
2025-08-01 09:28:51 AM,2848.7,0,0.0,864870909.2000004
2025-08-01 09:28:51 AM,2848.7,20,56974.0,864927883.2000004
2025-08-01 09:28:52 AM,2849.0,0,0.0,864927883.2000004
2025-08-01 09:28:52 AM,2849.6,520,1481792.0,866409675.2000004
2025-08-01 09:28:52 AM,2849.2,0,0.0,866409675.2000004
2025-08-01 09:28:52 AM,2847.3,35,99655.5,866509330.7000004
2025-08-01 09:28:53 AM,2848.6,33,94003.8,866603334.5000004
2025-08-01 09:28:53 AM,2847.2,0,0.0,866603334.5000004
2025-08-01 09:28:53 AM,2847.2,97,276178.39999999997,866879512.9000003
2025-08-01 09:28:54 AM,2848.8,0,0.0,866879512.9000003
2025-08-01 09:28:54 AM,2848.6,59,168067.4,867047580.3000003
2025-08-01 09:28:54 AM,2846.9,0,0.0,867047580.3000003
2025-08-01 09:28:54 AM,2846.9,982,2795655.8000000003,869843236.1000003
2025-08-01 09:28:55 AM,2848.0,0,0.0,869843236.1000003
2025-08-01 09:28:55 AM,2848.0,44,125312.0,869968548.1000003
2025-08-01 09:28:55 AM,2846.7,116,330217.19999999995,870298765.3000003
2025-08-01 09:28:56 AM,2848.0,0,0.0,870298765.3000003
2025-08-01 09:28:56 AM,2847.5,47,133832.5,870432597.8000003
2025-08-01 09:28:56 AM,2846.9,59,167967.1,870600564.9000003
2025-08-01 09:28:56 AM,2848.0,0,0.0,870600564.9000003
2025-08-01 09:28:57 AM,2848.0,306,871488.0,871472052.9000003
2025-08-01 09:28:57 AM,2848.0,93,264864.0,871736916.9000003
2025-08-01 09:28:58 AM,2848.0,308,877184.0,872614100.9000003
2025-08-01 09:28:59 AM,2849.0,215,612535.0,873226635.9000003
2025-08-01 09:29:01 AM,2848.6,0,0.0,873226635.9000003
2025-08-01 09:29:02 AM,2847.2,0,0.0,873226635.9000003
2025-08-01 09:29:02 AM,2848.7,85,242139.49999999997,873468775.4000003
2025-08-01 09:29:02 AM,2846.7,100,284670.0,873753445.4000003
2025-08-01 09:29:03 AM,2847.1,101,287557.1,874041002.5000004
2025-08-01 09:29:03 AM,2846.8,0,0.0,874041002.5000004
2025-08-01 09:29:04 AM,2848.4,72,205084.80000000002,874246087.3000003
2025-08-01 09:29:04 AM,2848.5,20,56970.0,874303057.3000003
2025-08-01 09:29:04 AM,2848.8,0,0.0,874303057.3000003
2025-08-01 09:29:05 AM,2846.7,221,629120.7,874932178.0000004
2025-08-01 09:29:05 AM,2846.8,40,113872.0,875046050.0000004
2025-08-01 09:29:06 AM,2846.7,57,162261.9,875208311.9000003
2025-08-01 09:29:06 AM,2848.9,0,0.0,875208311.9000003
2025-08-01 09:29:07 AM,2849.0,80,227920.0,875436231.9000003
2025-08-01 09:29:07 AM,2849.0,7,19943.0,875456174.9000003
2025-08-01 09:29:08 AM,2847.0,0,0.0,875456174.9000003
2025-08-01 09:29:08 AM,2848.9,131,373205.9,875829380.8000003
2025-08-01 09:29:08 AM,2846.9,7,19928.3,875849309.1000003
2025-08-01 09:29:08 AM,2849.0,0,0.0,875849309.1000003
2025-08-01 09:29:09 AM,2846.0,0,0.0,875849309.1000003
2025-08-01 09:29:09 AM,2848.0,788,2244224.0,878093533.1000003
2025-08-01 09:29:10 AM,2848.3,0,0.0,878093533.1000003
2025-08-01 09:29:10 AM,2846.8,395,1124486.0,879218019.1000003
2025-08-01 09:29:11 AM,2846.7,22,62627.399999999994,879280646.5000002
2025-08-01 09:29:11 AM,2848.7,0,0.0,879280646.5000002
2025-08-01 09:29:11 AM,2848.7,15,42730.5,879323377.0000002
2025-08-01 09:29:12 AM,2849.0,0,0.0,879323377.0000002
2025-08-01 09:29:12 AM,2848.0,36,102528.0,879425905.0000002
2025-08-01 09:29:13 AM,2848.6,0,0.0,879425905.0000002
2025-08-01 09:29:13 AM,2848.6,1,2848.6,879428753.6000003
2025-08-01 09:29:13 AM,2848.1,0,0.0,879428753.6000003
2025-08-01 09:29:14 AM,2848.1,218,620885.7999999999,880049639.4000002
2025-08-01 09:29:14 AM,2849.0,0,0.0,880049639.4000002
2025-08-01 09:29:15 AM,2849.0,405,1153845.0,881203484.4000002
2025-08-01 09:29:15 AM,2849.0,7,19943.0,881223427.4000002
2025-08-01 09:29:15 AM,2848.6,0,0.0,881223427.4000002
2025-08-01 09:29:16 AM,2848.6,56,159521.6,881382949.0000002
2025-08-01 09:29:16 AM,2848.6,515,1467029.0,882849978.0000002
2025-08-01 09:29:16 AM,2850.0,0,0.0,882849978.0000002
2025-08-01 09:29:17 AM,2848.6,0,0.0,882849978.0000002
2025-08-01 09:29:17 AM,2848.1,320,911392.0,883761370.0000002
2025-08-01 09:29:17 AM,2848.0,0,0.0,883761370.0000002
2025-08-01 09:29:18 AM,2848.0,86,244928.0,884006298.0000002
2025-08-01 09:29:19 AM,2848.0,17,48416.0,884054714.0000002
2025-08-01 09:29:19 AM,2846.0,0,0.0,884054714.0000002
2025-08-01 09:29:20 AM,2848.3,0,0.0,884054714.0000002
2025-08-01 09:29:20 AM,2848.3,845,2406813.5,886461527.5000002
2025-08-01 09:29:20 AM,2848.1,350,996835.0,887458362.5000002
2025-08-01 09:29:20 AM,2847.8,0,0.0,887458362.5000002
2025-08-01 09:29:21 AM,2847.6,47,133837.19999999998,887592199.7000003
2025-08-01 09:29:22 AM,2847.6,1,2847.6,887595047.3000003
2025-08-01 09:29:22 AM,2847.7,0,0.0,887595047.3000003
2025-08-01 09:29:23 AM,2847.9,0,0.0,887595047.3000003
2025-08-01 09:29:23 AM,2847.9,15,42718.5,887637765.8000003
2025-08-01 09:29:23 AM,2848.0,0,0.0,887637765.8000003
2025-08-01 09:29:23 AM,2848.0,73,207904.0,887845669.8000003
2025-08-01 09:29:24 AM,2846.0,91,258986.0,888104655.8000003
2025-08-01 09:29:25 AM,2847.0,0,0.0,888104655.8000003
2025-08-01 09:29:25 AM,2846.9,1789,5093104.100000001,893197759.9000003
2025-08-01 09:29:25 AM,2846.8,29,82557.20000000001,893280317.1000004
2025-08-01 09:29:26 AM,2842.8,407,1157019.6,894437336.7000004
2025-08-01 09:29:27 AM,2841.4,0,0.0,894437336.7000004
2025-08-01 09:29:27 AM,2841.4,411,1167815.4000000001,895605152.1000004
2025-08-01 09:29:28 AM,2844.6,0,0.0,895605152.1000004
2025-08-01 09:29:28 AM,2844.6,90,256014.0,895861166.1000004
2025-08-01 09:29:28 AM,2846.1,0,0.0,895861166.1000004
2025-08-01 09:29:29 AM,2847.1,33,93954.3,895955120.4000003
2025-08-01 09:29:29 AM,2845.6,0,0.0,895955120.4000003
2025-08-01 09:29:30 AM,2845.6,41,116669.59999999999,896071790.0000004
2025-08-01 09:29:30 AM,2847.4,1,2847.4,896074637.4000003
2025-08-01 09:29:30 AM,2845.8,0,0.0,896074637.4000003
2025-08-01 09:29:31 AM,2841.6,0,0.0,896074637.4000003
2025-08-01 09:29:31 AM,2844.5,1187,3376421.5,899451058.9000003
2025-08-01 09:29:31 AM,2845.2,0,0.0,899451058.9000003
2025-08-01 09:29:32 AM,2844.4,48,136531.2,899587590.1000004
2025-08-01 09:29:32 AM,2844.9,0,0.0,899587590.1000004
2025-08-01 09:29:33 AM,2845.1,6,17070.6,899604660.7000004
2025-08-01 09:29:33 AM,2844.8,0,0.0,899604660.7000004
2025-08-01 09:29:34 AM,2844.9,0,0.0,899604660.7000004
2025-08-01 09:29:34 AM,2844.9,8,22759.2,899627419.9000005
2025-08-01 09:29:34 AM,2845.0,2,5690.0,899633109.9000005
2025-08-01 09:29:35 AM,2845.0,353,1004285.0,900637394.9000005
2025-08-01 09:29:35 AM,2846.0,0,0.0,900637394.9000005
2025-08-01 09:29:36 AM,2845.0,51,145095.0,900782489.9000005
2025-08-01 09:29:36 AM,2846.9,0,0.0,900782489.9000005
2025-08-01 09:29:37 AM,2846.9,52,148038.80000000002,900930528.7000004
2025-08-01 09:29:37 AM,2845.0,8,22760.0,900953288.7000004
2025-08-01 09:29:38 AM,2846.9,30,85407.0,901038695.7000004
2025-08-01 09:29:38 AM,2845.1,29,82507.9,901121203.6000004
2025-08-01 09:29:39 AM,2845.0,1,2845.0,901124048.6000004
2025-08-01 09:29:39 AM,2845.7,100,284570.0,901408618.6000004
2025-08-01 09:29:40 AM,2845.8,23,65453.4,901474072.0000004
2025-08-01 09:29:40 AM,2845.8,10,28458.0,901502530.0000004
2025-08-01 09:29:41 AM,2845.8,620,1764396.0,903266926.0000004
2025-08-01 09:29:42 AM,2847.6,0,0.0,903266926.0000004
2025-08-01 09:29:42 AM,2845.7,88,250421.59999999998,903517347.6000004
2025-08-01 09:29:42 AM,2847.9,43,122459.7,903639807.3000004
2025-08-01 09:29:43 AM,2845.7,0,0.0,903639807.3000004
2025-08-01 09:29:43 AM,2845.7,188,534991.6,904174798.9000005
2025-08-01 09:29:44 AM,2845.0,15,42675.0,904217473.9000005
2025-08-01 09:29:45 AM,2845.8,0,0.0,904217473.9000005
2025-08-01 09:29:46 AM,2845.8,5,14229.0,904231702.9000005
2025-08-01 09:29:46 AM,2846.0,15,42690.0,904274392.9000005
2025-08-01 09:29:47 AM,2846.9,0,0.0,904274392.9000005
2025-08-01 09:29:47 AM,2846.9,10,28469.0,904302861.9000005
2025-08-01 09:29:47 AM,2845.1,0,0.0,904302861.9000005
2025-08-01 09:29:48 AM,2847.0,130,370110.0,904672971.9000005
2025-08-01 09:29:48 AM,2846.8,0,0.0,904672971.9000005
2025-08-01 09:29:49 AM,2847.2,158,449857.6,905122829.5000005
2025-08-01 09:29:49 AM,2845.4,40,113816.0,905236645.5000005
2025-08-01 09:29:50 AM,2845.5,0,0.0,905236645.5000005
2025-08-01 09:29:50 AM,2845.5,4,11382.0,905248027.5000005
2025-08-01 09:29:50 AM,2845.0,0,0.0,905248027.5000005
2025-08-01 09:29:51 AM,2846.8,0,0.0,905248027.5000005
2025-08-01 09:29:51 AM,2846.4,153,435499.2,905683526.7000005
2025-08-01 09:29:51 AM,2847.1,100,284710.0,905968236.7000005
2025-08-01 09:29:52 AM,2844.0,0,0.0,905968236.7000005
2025-08-01 09:29:52 AM,2846.1,62,176458.19999999998,906144694.9000006
2025-08-01 09:29:53 AM,2846.9,252,717418.8,906862113.7000005
2025-08-01 09:29:54 AM,2847.0,0,0.0,906862113.7000005
2025-08-01 09:29:54 AM,2847.0,13,37011.0,906899124.7000005
2025-08-01 09:29:54 AM,2845.0,100,284500.0,907183624.7000005
2025-08-01 09:29:54 AM,2845.1,0,0.0,907183624.7000005
2025-08-01 09:29:55 AM,2845.1,50,142255.0,907325879.7000005
2025-08-01 09:29:55 AM,2846.6,305,868213.0,908194092.7000005
2025-08-01 09:29:56 AM,2845.0,12,34140.0,908228232.7000005
2025-08-01 09:29:56 AM,2844.0,0,0.0,908228232.7000005
2025-08-01 09:29:57 AM,2844.0,430,1222920.0,909451152.7000005
2025-08-01 09:29:57 AM,2845.7,315,896395.5,910347548.2000005
2025-08-01 09:29:58 AM,2846.5,9,25618.5,910373166.7000005
2025-08-01 09:29:58 AM,2844.0,0,0.0,910373166.7000005
2025-08-01 09:29:58 AM,2844.0,14,39816.0,910412982.7000005
2025-08-01 09:30:00 AM,2844.0,11,31284.0,910444266.7000005
2025-08-01 09:30:00 AM,2845.1,35,99578.5,910543845.2000005
2025-08-01 09:30:01 AM,2846.0,108,307368.0,910851213.2000005
2025-08-01 09:30:02 AM,2846.4,40,113856.0,910965069.2000005
2025-08-01 09:30:03 AM,2845.0,402,1143690.0,912108759.2000005
2025-08-01 09:30:04 AM,2847.4,529,1506274.6,913615033.8000005
2025-08-01 09:30:05 AM,2846.0,3,8538.0,913623571.8000005
2025-08-01 09:30:05 AM,2847.2,0,0.0,913623571.8000005
2025-08-01 09:30:05 AM,2847.9,129,367379.10000000003,913990950.9000006
2025-08-01 09:30:06 AM,2847.4,38,108201.2,914099152.1000006
2025-08-01 09:30:07 AM,2847.3,11,31320.300000000003,914130472.4000006
2025-08-01 09:30:07 AM,2847.4,0,0.0,914130472.4000006
2025-08-01 09:30:08 AM,2847.4,81,230639.4,914361111.8000005
2025-08-01 09:30:08 AM,2854.0,0,0.0,914361111.8000005
2025-08-01 09:30:09 AM,2855.0,6614,18882970.0,933244081.8000005
2025-08-01 09:30:09 AM,2854.8,184,525283.2000000001,933769365.0000006
2025-08-01 09:30:09 AM,2850.4,0,0.0,933769365.0000006
2025-08-01 09:30:10 AM,2848.3,0,0.0,933769365.0000006
2025-08-01 09:30:10 AM,2848.3,1761,5015856.300000001,938785221.3000005
2025-08-01 09:30:10 AM,2851.1,0,0.0,938785221.3000005
2025-08-01 09:30:11 AM,2851.0,0,0.0,938785221.3000005
2025-08-01 09:30:11 AM,2822.6,9450,26673570.0,965458791.3000005
2025-08-01 09:30:11 AM,2825.5,643,1816796.5,967275587.8000005
2025-08-01 09:30:11 AM,2826.8,0,0.0,967275587.8000005
2025-08-01 09:30:12 AM,2825.8,355,1003159.0000000001,968278746.8000005
2025-08-01 09:30:12 AM,2828.3,200,565660.0,968844406.8000005
2025-08-01 09:30:12 AM,2828.4,0,0.0,968844406.8000005
2025-08-01 09:30:13 AM,2826.3,0,0.0,968844406.8000005
2025-08-01 09:30:13 AM,2827.9,235,664556.5,969508963.3000005
2025-08-01 09:30:13 AM,2826.5,251,709451.5,970218414.8000005
2025-08-01 09:30:14 AM,2822.2,2313,6527748.6,976746163.4000006
2025-08-01 09:30:14 AM,2824.3,0,0.0,976746163.4000006
2025-08-01 09:30:14 AM,2824.3,895,2527748.5,979273911.9000006
2025-08-01 09:30:15 AM,2824.5,96,271152.0,979545063.9000006
2025-08-01 09:30:15 AM,2827.2,0,0.0,979545063.9000006
2025-08-01 09:30:16 AM,2827.2,921,2603851.1999999997,982148915.1000006
2025-08-01 09:30:16 AM,2827.2,496,1402291.2,983551206.3000007
2025-08-01 09:30:16 AM,2829.3,0,0.0,983551206.3000007
2025-08-01 09:30:17 AM,2825.6,0,0.0,983551206.3000007
2025-08-01 09:30:17 AM,2825.6,1238,3498092.8,987049299.1000006
2025-08-01 09:30:17 AM,2830.2,91,257548.19999999998,987306847.3000007
2025-08-01 09:30:17 AM,2824.9,0,0.0,987306847.3000007
2025-08-01 09:30:18 AM,2827.4,0,0.0,987306847.3000007
2025-08-01 09:30:18 AM,2827.3,393,1111128.9000000001,988417976.2000006
2025-08-01 09:30:18 AM,2826.4,0,0.0,988417976.2000006
2025-08-01 09:30:18 AM,2826.4,21,59354.4,988477330.6000006
2025-08-01 09:30:19 AM,2830.0,0,0.0,988477330.6000006
2025-08-01 09:30:19 AM,2831.3,512,1449625.6,989926956.2000006
2025-08-01 09:30:19 AM,2830.8,0,0.0,989926956.2000006
2025-08-01 09:30:20 AM,2830.4,0,0.0,989926956.2000006
2025-08-01 09:30:20 AM,2832.3,192,543801.6000000001,990470757.8000007
2025-08-01 09:30:20 AM,2832.3,176,498484.80000000005,990969242.6000006
2025-08-01 09:30:20 AM,2832.4,0,0.0,990969242.6000006
2025-08-01 09:30:21 AM,2834.2,0,0.0,990969242.6000006
2025-08-01 09:30:21 AM,2834.2,594,1683514.7999999998,992652757.4000006
2025-08-01 09:30:21 AM,2834.2,1,2834.2,992655591.6000006
2025-08-01 09:30:21 AM,2832.9,0,0.0,992655591.6000006
2025-08-01 09:30:22 AM,2834.6,162,459205.2,993114796.8000007
2025-08-01 09:30:22 AM,2835.0,26,73710.0,993188506.8000007
2025-08-01 09:30:22 AM,2834.8,0,0.0,993188506.8000007
2025-08-01 09:30:23 AM,2835.9,0,0.0,993188506.8000007
2025-08-01 09:30:23 AM,2833.5,227,643204.5,993831711.3000007
2025-08-01 09:30:23 AM,2835.7,7,19849.899999999998,993851561.2000006
2025-08-01 09:30:23 AM,2834.2,0,0.0,993851561.2000006
2025-08-01 09:30:24 AM,2836.6,0,0.0,993851561.2000006
2025-08-01 09:30:24 AM,2837.0,138,391506.0,994243067.2000006
2025-08-01 09:30:24 AM,2837.6,46,130529.59999999999,994373596.8000007
2025-08-01 09:30:25 AM,2837.8,33,93647.40000000001,994467244.2000006
2025-08-01 09:30:25 AM,2836.3,0,0.0,994467244.2000006
2025-08-01 09:30:25 AM,2836.3,26,73743.8,994540988.0000006
2025-08-01 09:30:26 AM,2838.4,1173,3329443.2,997870431.2000006
2025-08-01 09:30:27 AM,2840.8,530,1505624.0,999376055.2000006
2025-08-01 09:30:28 AM,2838.8,0,0.0,999376055.2000006
2025-08-01 09:30:28 AM,2838.8,20,56776.0,999432831.2000006
2025-08-01 09:30:28 AM,2841.2,110,312532.0,999745363.2000006
2025-08-01 09:30:29 AM,2839.0,0,0.0,999745363.2000006
2025-08-01 09:30:29 AM,2839.0,1,2839.0,999748202.2000006
2025-08-01 09:30:29 AM,2840.0,0,0.0,999748202.2000006
2025-08-01 09:30:29 AM,2840.0,39,110760.0,999858962.2000006
2025-08-01 09:30:30 AM,2840.0,100,284000.0,1000142962.2000006
2025-08-01 09:30:30 AM,2838.1,0,0.0,1000142962.2000006
2025-08-01 09:30:31 AM,2838.5,0,0.0,1000142962.2000006
2025-08-01 09:30:31 AM,2838.5,343,973605.5,1001116567.7000006
2025-08-01 09:30:31 AM,2838.7,25,70967.5,1001187535.2000006
2025-08-01 09:30:31 AM,2838.9,0,0.0,1001187535.2000006
2025-08-01 09:30:32 AM,2838.8,0,0.0,1001187535.2000006
2025-08-01 09:30:32 AM,2838.4,17,48252.8,1001235788.0000006
2025-08-01 09:30:32 AM,2838.2,51,144748.19999999998,1001380536.2000006
2025-08-01 09:30:32 AM,2836.0,0,0.0,1001380536.2000006
2025-08-01 09:30:33 AM,2837.7,0,0.0,1001380536.2000006
2025-08-01 09:30:33 AM,2836.2,61,173008.19999999998,1001553544.4000007
2025-08-01 09:30:33 AM,2837.3,221,627043.3,1002180587.7000006
2025-08-01 09:30:33 AM,2836.2,0,0.0,1002180587.7000006
2025-08-01 09:30:34 AM,2836.2,50,141810.0,1002322397.7000006
2025-08-01 09:30:34 AM,2838.0,122,346236.0,1002668633.7000006
2025-08-01 09:30:34 AM,2839.4,0,0.0,1002668633.7000006
2025-08-01 09:30:35 AM,2839.4,20,56788.0,1002725421.7000006
2025-08-01 09:30:35 AM,2838.0,129,366102.0,1003091523.7000006
2025-08-01 09:30:36 AM,2839.0,36,102204.0,1003193727.7000006
2025-08-01 09:30:36 AM,2837.6,0,0.0,1003193727.7000006
2025-08-01 09:30:36 AM,2837.6,217,615759.2,1003809486.9000007
2025-08-01 09:30:37 AM,2838.0,247,700986.0,1004510472.9000007
2025-08-01 09:30:37 AM,2836.4,0,0.0,1004510472.9000007
2025-08-01 09:30:38 AM,2836.4,755,2141482.0,1006651954.9000007
2025-08-01 09:30:38 AM,2835.0,272,771120.0,1007423074.9000007
2025-08-01 09:30:38 AM,2839.5,0,0.0,1007423074.9000007
2025-08-01 09:30:39 AM,2836.2,530,1503186.0,1008926260.9000007
2025-08-01 09:30:39 AM,2836.8,78,221270.40000000002,1009147531.3000007
2025-08-01 09:30:40 AM,2836.2,50,141810.0,1009289341.3000007
2025-08-01 09:30:40 AM,2836.6,0,0.0,1009289341.3000007
