date,price,qty,trnvr,cum_trnvr
2025-08-01 09:15:06 AM,441.15,893,393946.94999999995,393946.94999999995
2025-08-01 09:15:08 AM,442.05,70,30943.5,424890.44999999995
2025-08-01 09:15:15 AM,440.0,0,0.0,424890.44999999995
2025-08-01 09:15:18 AM,440.0,5005,2202200.0,2627090.45
2025-08-01 09:15:25 AM,441.0,0,0.0,2627090.45
2025-08-01 09:15:27 AM,441.0,2533,1117053.0,3744143.45
2025-08-01 09:15:29 AM,440.0,187,82280.0,3826423.45
2025-08-01 09:15:37 AM,439.8,1368,601646.4,4428069.850000001
2025-08-01 09:16:01 AM,437.55,737,322474.35000000003,4750544.2
2025-08-01 09:16:02 AM,437.2,122,53338.4,4803882.600000001
2025-08-01 09:16:12 AM,436.65,0,0.0,4803882.600000001
2025-08-01 09:16:17 AM,436.65,20,8733.0,4812615.600000001
2025-08-01 09:16:25 AM,436.45,143,62412.35,4875027.95
2025-08-01 09:16:27 AM,435.55,37,16115.35,4891143.3
2025-08-01 09:16:33 AM,436.45,286,124824.7,5015968.0
2025-08-01 09:16:42 AM,435.75,8,3486.0,5019454.0
2025-08-01 09:16:50 AM,435.65,11,4792.15,5024246.15
2025-08-01 09:16:58 AM,436.1,28,12210.800000000001,5036456.95
2025-08-01 09:17:00 AM,436.1,28,12210.800000000001,5048667.75
2025-08-01 09:17:06 AM,436.3,28,12216.4,5060884.15
2025-08-01 09:17:08 AM,436.85,137,59848.450000000004,5120732.600000001
2025-08-01 09:17:20 AM,437.95,0,0.0,5120732.600000001
2025-08-01 09:17:23 AM,437.45,147,64305.15,5185037.750000001
2025-08-01 09:17:42 AM,437.65,0,0.0,5185037.750000001
2025-08-01 09:17:44 AM,437.55,0,0.0,5185037.750000001
2025-08-01 09:17:48 AM,437.55,34,14876.7,5199914.450000001
2025-08-01 09:18:00 AM,436.85,0,0.0,5199914.450000001
2025-08-01 09:18:04 AM,436.85,12,5242.200000000001,5205156.650000001
2025-08-01 09:18:05 AM,437.45,136,59493.2,5264649.8500000015
2025-08-01 09:18:14 AM,437.85,25,10946.25,5275596.1000000015
2025-08-01 09:18:21 AM,438.6,120,52632.0,5328228.1000000015
2025-08-01 09:18:32 AM,438.85,0,0.0,5328228.1000000015
2025-08-01 09:18:37 AM,439.25,122,53588.5,5381816.6000000015
2025-08-01 09:19:02 AM,438.7,25,10967.5,5392784.1000000015
2025-08-01 09:19:06 AM,439.05,0,0.0,5392784.1000000015
2025-08-01 09:19:10 AM,439.05,150,65857.5,5458641.6000000015
2025-08-01 09:19:19 AM,439.35,0,0.0,5458641.6000000015
2025-08-01 09:19:26 AM,438.65,85,37285.25,5495926.8500000015
2025-08-01 09:19:33 AM,438.2,0,0.0,5495926.8500000015
2025-08-01 09:19:34 AM,438.2,365,159943.0,5655869.8500000015
2025-08-01 09:19:41 AM,438.45,0,0.0,5655869.8500000015
2025-08-01 09:19:42 AM,438.45,86,37706.7,5693576.550000002
2025-08-01 09:19:49 AM,437.7,0,0.0,5693576.550000002
2025-08-01 09:19:50 AM,437.7,80,35016.0,5728592.550000002
2025-08-01 09:20:06 AM,437.7,28,12255.6,5740848.150000001
2025-08-01 09:20:30 AM,437.7,5223,2286107.1,8026955.250000002
2025-08-01 09:20:38 AM,437.7,1,437.7,8027392.950000002
2025-08-01 09:20:44 AM,438.15,0,0.0,8027392.950000002
2025-08-01 09:20:46 AM,438.15,219,95954.84999999999,8123347.800000002
2025-08-01 09:21:25 AM,438.9,10,4389.0,8127736.800000002
2025-08-01 09:21:38 AM,438.2,0,0.0,8127736.800000002
2025-08-01 09:21:40 AM,438.2,51,22348.2,8150085.000000002
2025-08-01 09:21:49 AM,438.5,150,65775.0,8215860.000000002
2025-08-01 09:22:33 AM,438.2,48,21033.6,8236893.6000000015
2025-08-01 09:22:41 AM,437.9,50,21895.0,8258788.6000000015
2025-08-01 09:22:47 AM,438.85,0,0.0,8258788.6000000015
2025-08-01 09:22:48 AM,438.6,0,0.0,8258788.6000000015
2025-08-01 09:22:48 AM,438.6,362,158773.2,8417561.8
2025-08-01 09:22:53 AM,439.35,0,0.0,8417561.8
2025-08-01 09:22:56 AM,439.35,50,21967.5,8439529.3
2025-08-01 09:23:07 AM,438.85,0,0.0,8439529.3
2025-08-01 09:23:09 AM,439.15,0,0.0,8439529.3
2025-08-01 09:23:11 AM,439.15,102,44793.299999999996,8484322.600000001
2025-08-01 09:23:13 AM,438.5,0,0.0,8484322.600000001
2025-08-01 09:23:19 AM,438.5,13,5700.5,8490023.100000001
2025-08-01 09:23:27 AM,438.2,16,7011.2,8497034.3
2025-08-01 09:23:28 AM,438.65,1,438.65,8497472.950000001
2025-08-01 09:24:00 AM,438.5,0,0.0,8497472.950000001
2025-08-01 09:24:05 AM,438.5,1,438.5,8497911.450000001
2025-08-01 09:24:13 AM,439.2,165,72468.0,8570379.450000001
2025-08-01 09:24:29 AM,439.35,6,2636.1000000000004,8573015.55
2025-08-01 09:24:35 AM,439.2,10,4392.0,8577407.55
2025-08-01 09:24:38 AM,438.85,0,0.0,8577407.55
2025-08-01 09:24:38 AM,438.8,0,0.0,8577407.55
2025-08-01 09:24:43 AM,438.25,5152,2257864.0,10835271.55
2025-08-01 09:24:57 AM,438.3,0,0.0,10835271.55
2025-08-01 09:24:58 AM,438.3,2,876.6,10836148.15
2025-08-01 09:25:11 AM,437.5,0,0.0,10836148.15
2025-08-01 09:25:13 AM,437.5,100,43750.0,10879898.15
2025-08-01 09:25:15 AM,438.15,43,18840.45,10898738.6
2025-08-01 09:25:17 AM,438.55,0,0.0,10898738.6
2025-08-01 09:25:20 AM,438.55,45,19734.75,10918473.35
2025-08-01 09:25:22 AM,438.55,1,438.55,10918911.9
2025-08-01 09:25:35 AM,437.8,88,38526.4,10957438.3
2025-08-01 09:25:50 AM,438.3,44,19285.2,10976723.5
2025-08-01 09:25:58 AM,438.15,145,63531.75,11040255.25
2025-08-01 09:26:21 AM,438.15,5,2190.75,11042446.0
2025-08-01 09:26:36 AM,438.15,30,13144.5,11055590.5
2025-08-01 09:26:42 AM,438.0,0,0.0,11055590.5
2025-08-01 09:26:44 AM,438.0,2,876.0,11056466.5
2025-08-01 09:26:55 AM,438.15,0,0.0,11056466.5
2025-08-01 09:26:59 AM,438.15,35,15335.25,11071801.75
2025-08-01 09:27:59 AM,438.65,0,0.0,11071801.75
2025-08-01 09:27:59 AM,438.65,1,438.65,11072240.4
2025-08-01 09:28:07 AM,438.15,500,219075.0,11291315.4
2025-08-01 09:28:14 AM,438.35,10952,4800809.2,16092124.600000001
2025-08-01 09:28:22 AM,438.55,15,6578.25,16098702.850000001
2025-08-01 09:28:28 AM,438.4,0,0.0,16098702.850000001
2025-08-01 09:28:30 AM,438.4,18,7891.2,16106594.05
2025-08-01 09:28:45 AM,438.4,162,71020.8,16177614.850000001
2025-08-01 09:28:49 AM,438.9,0,0.0,16177614.850000001
2025-08-01 09:28:50 AM,439.2,0,0.0,16177614.850000001
2025-08-01 09:28:52 AM,439.2,24,10540.8,16188155.650000002
2025-08-01 09:29:01 AM,437.85,3029,1326247.6500000001,17514403.3
2025-08-01 09:29:02 AM,437.5,0,0.0,17514403.3
2025-08-01 09:29:08 AM,437.5,6,2625.0,17517028.3
2025-08-01 09:29:17 AM,437.5,75,32812.5,17549840.8
2025-08-01 09:29:45 AM,437.05,1,437.05,17550277.85
2025-08-01 09:29:55 AM,436.85,0,0.0,17550277.85
2025-08-01 09:29:59 AM,437.25,0,0.0,17550277.85
2025-08-01 09:30:00 AM,437.25,125,54656.25,17604934.1
2025-08-01 09:30:20 AM,437.15,0,0.0,17604934.1
2025-08-01 09:30:23 AM,437.15,2,874.3,17605808.400000002
2025-08-01 09:30:27 AM,437.0,0,0.0,17605808.400000002
2025-08-01 09:30:30 AM,437.0,3,1311.0,17607119.400000002
2025-08-01 09:30:45 AM,436.85,4,1747.4,17608866.8
2025-08-01 09:30:52 AM,436.85,2,873.7,17609740.5
2025-08-01 09:30:54 AM,437.05,0,0.0,17609740.5
2025-08-01 09:31:00 AM,437.05,104,45453.200000000004,17655193.7
2025-08-01 09:31:22 AM,437.05,11,4807.55,17660001.25
2025-08-01 09:31:35 AM,436.85,0,0.0,17660001.25
2025-08-01 09:31:36 AM,436.85,870,380059.5,18040060.75
2025-08-01 09:31:39 AM,436.25,0,0.0,18040060.75
2025-08-01 09:31:43 AM,436.25,5,2181.25,18042242.0
2025-08-01 09:31:50 AM,436.0,464,202304.0,18244546.0
2025-08-01 09:31:57 AM,436.0,100,43600.0,18288146.0
2025-08-01 09:32:18 AM,436.0,25,10900.0,18299046.0
2025-08-01 09:33:07 AM,436.0,5,2180.0,18301226.0
2025-08-01 09:33:17 AM,436.3,0,0.0,18301226.0
2025-08-01 09:33:21 AM,436.3,100,43630.0,18344856.0
2025-08-01 09:33:33 AM,436.35,0,0.0,18344856.0
2025-08-01 09:33:34 AM,436.35,604,263555.4,18608411.4
2025-08-01 09:33:41 AM,436.85,3,1310.5500000000002,18609721.95
2025-08-01 09:33:47 AM,437.25,0,0.0,18609721.95
2025-08-01 09:33:49 AM,437.25,100,43725.0,18653446.95
2025-08-01 09:33:56 AM,437.25,100,43725.0,18697171.95
2025-08-01 09:33:58 AM,437.3,0,0.0,18697171.95
2025-08-01 09:34:02 AM,437.3,5,2186.5,18699358.45
2025-08-01 09:34:17 AM,437.3,10,4373.0,18703731.45
2025-08-01 09:34:32 AM,437.25,0,0.0,18703731.45
2025-08-01 09:34:38 AM,437.25,1,437.25,18704168.7
2025-08-01 09:35:05 AM,437.05,3,1311.15,18705479.849999998
2025-08-01 09:36:27 AM,437.05,50,21852.5,18727332.349999998
2025-08-01 09:37:07 AM,436.95,91,39762.45,18767094.799999997
2025-08-01 09:37:20 AM,436.85,0,0.0,18767094.799999997
2025-08-01 09:37:21 AM,436.85,252,110086.20000000001,18877180.999999996
2025-08-01 09:37:27 AM,436.5,0,0.0,18877180.999999996
2025-08-01 09:37:27 AM,436.5,155,67657.5,18944838.499999996
2025-08-01 09:37:28 AM,436.3,101,44066.3,18988904.799999997
2025-08-01 09:37:34 AM,436.4,21,9164.4,18998069.199999996
2025-08-01 09:37:47 AM,436.6,0,0.0,18998069.199999996
2025-08-01 09:37:48 AM,436.6,7,3056.2000000000003,19001125.399999995
2025-08-01 09:37:51 AM,436.35,0,0.0,19001125.399999995
2025-08-01 09:37:54 AM,436.35,2,872.7,19001998.099999994
2025-08-01 09:38:32 AM,436.4,0,0.0,19001998.099999994
2025-08-01 09:38:35 AM,436.4,1,436.4,19002434.499999993
2025-08-01 09:38:53 AM,436.8,0,0.0,19002434.499999993
2025-08-01 09:38:55 AM,436.75,33,14412.75,19016847.249999993
2025-08-01 09:39:13 AM,436.65,0,0.0,19016847.249999993
2025-08-01 09:39:15 AM,436.65,1,436.65,19017283.89999999
2025-08-01 09:39:29 AM,436.2,153,66738.59999999999,19084022.499999993
2025-08-01 09:39:29 AM,436.4,40,17456.0,19101478.499999993
2025-08-01 09:39:35 AM,436.55,1,436.55,19101915.049999993
2025-08-01 09:40:04 AM,436.05,0,0.0,19101915.049999993
2025-08-01 09:40:08 AM,436.05,137,59738.85,19161653.899999995
2025-08-01 09:40:55 AM,436.4,50,21820.0,19183473.899999995
2025-08-01 09:40:55 AM,436.45,0,0.0,19183473.899999995
2025-08-01 09:41:00 AM,436.3,27,11780.1,19195253.999999996
2025-08-01 09:41:14 AM,436.35,35,15272.25,19210526.249999996
2025-08-01 09:41:34 AM,436.75,107,46732.25,19257258.499999996
2025-08-01 09:41:45 AM,436.85,0,0.0,19257258.499999996
2025-08-01 09:41:47 AM,436.85,529,231093.65000000002,19488352.149999995
2025-08-01 09:42:06 AM,436.85,50,21842.5,19510194.649999995
2025-08-01 09:42:19 AM,436.85,410,179108.5,19689303.149999995
2025-08-01 09:42:29 AM,436.65,0,0.0,19689303.149999995
2025-08-01 09:42:33 AM,436.65,1,436.65,19689739.799999993
2025-08-01 09:43:05 AM,436.65,25,10916.25,19700656.049999993
2025-08-01 09:43:12 AM,436.65,10,4366.5,19705022.549999993
2025-08-01 09:43:17 AM,436.05,0,0.0,19705022.549999993
2025-08-01 09:43:18 AM,436.05,400,174420.0,19879442.549999993
2025-08-01 09:43:56 AM,436.6,0,0.0,19879442.549999993
2025-08-01 09:43:58 AM,436.6,1,436.6,19879879.149999995
2025-08-01 09:44:25 AM,436.45,151,65903.95,19945783.099999994
2025-08-01 09:44:32 AM,436.55,1,436.55,19946219.649999995
2025-08-01 09:44:48 AM,436.1,0,0.0,19946219.649999995
2025-08-01 09:44:50 AM,436.1,1,436.1,19946655.749999996
2025-08-01 09:45:16 AM,436.35,0,0.0,19946655.749999996
2025-08-01 09:45:17 AM,436.35,5,2181.75,19948837.499999996
2025-08-01 09:45:23 AM,436.35,10,4363.5,19953200.999999996
2025-08-01 09:45:42 AM,436.35,1,436.35,19953637.349999998
2025-08-01 09:46:02 AM,436.1,99,43173.9,19996811.249999996
2025-08-01 09:46:13 AM,436.35,0,0.0,19996811.249999996
2025-08-01 09:46:15 AM,436.35,124,54107.4,20050918.649999995
2025-08-01 09:46:16 AM,436.4,1,436.4,20051355.049999993
2025-08-01 09:46:21 AM,436.15,2,872.3,20052227.349999994
2025-08-01 09:46:57 AM,436.5,0,0.0,20052227.349999994
2025-08-01 09:46:59 AM,436.5,9,3928.5,20056155.849999994
2025-08-01 09:47:11 AM,436.75,22,9608.5,20065764.349999994
2025-08-01 09:47:21 AM,436.35,0,0.0,20065764.349999994
2025-08-01 09:47:24 AM,436.35,1,436.35,20066200.699999996
2025-08-01 09:47:32 AM,436.1,107,46662.700000000004,20112863.399999995
2025-08-01 09:47:34 AM,436.4,0,0.0,20112863.399999995
2025-08-01 09:47:37 AM,436.4,5,2182.0,20115045.399999995
2025-08-01 09:48:03 AM,436.4,1,436.4,20115481.799999993
2025-08-01 09:48:16 AM,436.05,50,21802.5,20137284.299999993
2025-08-01 09:48:44 AM,436.0,0,0.0,20137284.299999993
2025-08-01 09:48:44 AM,436.0,689,300404.0,20437688.299999993
2025-08-01 09:48:51 AM,435.95,25,10898.75,20448587.049999993
2025-08-01 09:49:01 AM,435.95,18,7847.099999999999,20456434.149999995
2025-08-01 09:49:07 AM,436.0,360,156960.0,20613394.149999995
2025-08-01 09:49:26 AM,435.95,15,6539.25,20619933.399999995
2025-08-01 09:49:57 AM,435.9,0,0.0,20619933.399999995
2025-08-01 09:49:58 AM,435.95,30,13078.5,20633011.899999995
2025-08-01 09:50:16 AM,435.65,0,0.0,20633011.899999995
2025-08-01 09:50:17 AM,435.65,5,2178.25,20635190.149999995
2025-08-01 09:50:36 AM,435.65,2,871.3,20636061.449999996
2025-08-01 09:51:01 AM,435.65,1,435.65,20636497.099999994
2025-08-01 09:51:07 AM,435.95,13,5667.349999999999,20642164.449999996
2025-08-01 09:51:15 AM,435.65,0,0.0,20642164.449999996
2025-08-01 09:51:15 AM,435.65,35,15247.75,20657412.199999996
2025-08-01 09:52:18 AM,435.6,0,0.0,20657412.199999996
2025-08-01 09:52:22 AM,435.6,51,22215.600000000002,20679627.799999997
2025-08-01 09:52:41 AM,435.9,0,0.0,20679627.799999997
2025-08-01 09:52:42 AM,435.9,100,43590.0,20723217.799999997
2025-08-01 09:53:41 AM,435.9,2,871.8,20724089.599999998
2025-08-01 09:54:07 AM,435.9,1,435.9,20724525.499999996
2025-08-01 09:55:05 AM,435.75,0,0.0,20724525.499999996
2025-08-01 09:55:06 AM,435.75,1,435.75,20724961.249999996
2025-08-01 09:55:10 AM,435.9,0,0.0,20724961.249999996
2025-08-01 09:55:12 AM,435.9,1,435.9,20725397.149999995
2025-08-01 09:55:19 AM,435.9,1,435.9,20725833.049999993
2025-08-01 09:56:01 AM,435.9,6,2615.3999999999996,20728448.44999999
2025-08-01 09:56:05 AM,435.7,0,0.0,20728448.44999999
2025-08-01 09:56:07 AM,435.7,5,2178.5,20730626.94999999
2025-08-01 09:56:31 AM,435.65,237,103249.04999999999,20833875.999999993
2025-08-01 09:56:49 AM,435.95,100,43595.0,20877470.999999993
2025-08-01 09:57:14 AM,435.75,0,0.0,20877470.999999993
2025-08-01 09:57:14 AM,435.75,104,45318.0,20922788.999999993
2025-08-01 09:58:32 AM,436.0,0,0.0,20922788.999999993
2025-08-01 09:58:33 AM,436.0,1,436.0,20923224.999999993
2025-08-01 09:58:49 AM,436.0,2,872.0,20924096.999999993
2025-08-01 09:58:55 AM,435.75,0,0.0,20924096.999999993
2025-08-01 09:58:55 AM,435.75,191,83228.25,21007325.249999993
2025-08-01 09:59:01 AM,435.75,10,4357.5,21011682.749999993
2025-08-01 09:59:03 AM,435.95,0,0.0,21011682.749999993
2025-08-01 09:59:03 AM,435.95,7,3051.65,21014734.39999999
2025-08-01 09:59:19 AM,435.95,1,435.95,21015170.34999999
2025-08-01 09:59:22 AM,435.75,0,0.0,21015170.34999999
2025-08-01 09:59:22 AM,435.75,50,21787.5,21036957.84999999
2025-08-01 09:59:29 AM,435.95,0,0.0,21036957.84999999
2025-08-01 09:59:29 AM,435.95,49,21361.55,21058319.39999999
2025-08-01 09:59:58 AM,436.0,0,0.0,21058319.39999999
2025-08-01 09:59:59 AM,436.0,15,6540.0,21064859.39999999
2025-08-01 10:00:03 AM,435.95,0,0.0,21064859.39999999
2025-08-01 10:00:03 AM,435.95,1,435.95,21065295.34999999
2025-08-01 10:00:16 AM,436.0,100,43600.0,21108895.34999999
2025-08-01 10:00:22 AM,436.0,1,436.0,21109331.34999999
2025-08-01 10:00:42 AM,435.75,0,0.0,21109331.34999999
2025-08-01 10:00:44 AM,435.75,1,435.75,21109767.09999999
2025-08-01 10:00:47 AM,435.7,0,0.0,21109767.09999999
2025-08-01 10:00:47 AM,435.7,887,386465.89999999997,21496232.99999999
2025-08-01 10:01:19 AM,435.7,75,32677.5,21528910.49999999
2025-08-01 10:01:41 AM,435.7,1,435.7,21529346.199999988
2025-08-01 10:01:59 AM,435.7,1,435.7,21529781.899999987
2025-08-01 10:02:05 AM,435.7,345,150316.5,21680098.399999987
2025-08-01 10:03:24 AM,435.9,18,7846.2,21687944.599999987
2025-08-01 10:03:35 AM,435.9,60,26154.0,21714098.599999987
2025-08-01 10:04:33 AM,435.7,229,99775.3,21813873.899999987
2025-08-01 10:04:37 AM,435.85,2,871.7,21814745.599999987
2025-08-01 10:04:39 AM,435.85,25,10896.25,21825641.849999987
2025-08-01 10:04:56 AM,435.85,2,871.7,21826513.549999986
2025-08-01 10:05:23 AM,435.9,100,43590.0,21870103.549999986
2025-08-01 10:05:50 AM,435.65,0,0.0,21870103.549999986
2025-08-01 10:05:51 AM,435.65,18,7841.7,21877945.249999985
2025-08-01 10:05:53 AM,435.0,0,0.0,21877945.249999985
2025-08-01 10:05:53 AM,435.0,11271,4902885.0,26780830.249999985
2025-08-01 10:05:57 AM,434.9,30,13047.0,26793877.249999985
2025-08-01 10:05:59 AM,434.2,0,0.0,26793877.249999985
2025-08-01 10:05:59 AM,434.2,1,434.2,26794311.449999984
2025-08-01 10:06:01 AM,435.0,0,0.0,26794311.449999984
2025-08-01 10:06:03 AM,435.0,500,217500.0,27011811.449999984
2025-08-01 10:06:17 AM,434.8,2,869.6,27012681.049999986
2025-08-01 10:06:20 AM,434.8,50,21740.0,27034421.049999986
2025-08-01 10:06:25 AM,434.45,0,0.0,27034421.049999986
2025-08-01 10:06:26 AM,434.45,117,50830.65,27085251.699999984
2025-08-01 10:06:34 AM,433.8,0,0.0,27085251.699999984
2025-08-01 10:06:35 AM,433.8,280,121464.0,27206715.699999984
2025-08-01 10:06:38 AM,434.2,10,4342.0,27211057.699999984
2025-08-01 10:06:39 AM,433.75,0,0.0,27211057.699999984
2025-08-01 10:06:41 AM,433.75,3,1301.25,27212358.949999984
2025-08-01 10:07:09 AM,433.8,132,57261.6,27269620.549999986
2025-08-01 10:07:15 AM,433.75,219,94991.25,27364611.799999986
2025-08-01 10:07:17 AM,433.75,25,10843.75,27375455.549999986
2025-08-01 10:07:46 AM,433.9,103,44691.7,27420147.249999985
2025-08-01 10:07:59 AM,433.6,50,21680.0,27441827.249999985
2025-08-01 10:08:00 AM,433.55,9,3901.9500000000003,27445729.199999984
2025-08-01 10:08:04 AM,433.9,0,0.0,27445729.199999984
2025-08-01 10:08:05 AM,433.9,18,7810.2,27453539.399999984
2025-08-01 10:08:23 AM,433.9,14,6074.599999999999,27459613.999999985
2025-08-01 10:09:11 AM,433.95,0,0.0,27459613.999999985
2025-08-01 10:09:11 AM,433.95,45,19527.75,27479141.749999985
2025-08-01 10:09:31 AM,434.0,0,0.0,27479141.749999985
2025-08-01 10:09:31 AM,434.0,142,61628.0,27540769.749999985
2025-08-01 10:10:11 AM,433.85,0,0.0,27540769.749999985
2025-08-01 10:10:11 AM,433.85,131,56834.350000000006,27597604.099999987
2025-08-01 10:10:17 AM,433.65,0,0.0,27597604.099999987
2025-08-01 10:10:17 AM,433.65,321,139201.65,27736805.749999985
2025-08-01 10:10:20 AM,433.85,0,0.0,27736805.749999985
2025-08-01 10:10:21 AM,433.85,469,203475.65000000002,27940281.399999984
2025-08-01 10:10:27 AM,433.85,14,6073.900000000001,27946355.299999982
2025-08-01 10:10:33 AM,433.85,2,867.7,27947222.99999998
2025-08-01 10:10:43 AM,434.1,0,0.0,27947222.99999998
2025-08-01 10:10:45 AM,434.1,12,5209.200000000001,27952432.19999998
2025-08-01 10:11:04 AM,434.1,10,4341.0,27956773.19999998
2025-08-01 10:11:20 AM,434.1,1,434.1,27957207.299999982
2025-08-01 10:11:45 AM,434.1,50,21705.0,27978912.299999982
2025-08-01 10:12:12 AM,434.2,0,0.0,27978912.299999982
2025-08-01 10:12:13 AM,434.2,29,12591.8,27991504.099999983
2025-08-01 10:12:24 AM,434.2,5,2171.0,27993675.099999983
2025-08-01 10:12:25 AM,434.2,28,12157.6,28005832.699999984
2025-08-01 10:12:45 AM,434.25,0,0.0,28005832.699999984
2025-08-01 10:12:47 AM,434.25,2,868.5,28006701.199999984
2025-08-01 10:13:37 AM,434.5,0,0.0,28006701.199999984
2025-08-01 10:13:40 AM,434.5,72,31284.0,28037985.199999984
2025-08-01 10:13:46 AM,434.2,0,0.0,28037985.199999984
2025-08-01 10:13:46 AM,434.2,124,53840.799999999996,28091825.999999985
2025-08-01 10:14:09 AM,434.5,0,0.0,28091825.999999985
2025-08-01 10:14:10 AM,434.5,18,7821.0,28099646.999999985
2025-08-01 10:14:38 AM,434.45,18,7820.099999999999,28107467.099999987
2025-08-01 10:15:22 AM,434.5,0,0.0,28107467.099999987
2025-08-01 10:15:25 AM,434.5,3,1303.5,28108770.599999987
2025-08-01 10:15:30 AM,434.55,0,0.0,28108770.599999987
2025-08-01 10:15:31 AM,434.55,18,7821.900000000001,28116592.499999985
2025-08-01 10:16:47 AM,434.2,61,26486.2,28143078.699999984
2025-08-01 10:17:41 AM,434.8,0,0.0,28143078.699999984
2025-08-01 10:17:45 AM,434.8,500,217400.0,28360478.699999984
2025-08-01 10:17:50 AM,434.8,2,869.6,28361348.299999986
2025-08-01 10:19:16 AM,435.0,0,0.0,28361348.299999986
2025-08-01 10:19:17 AM,435.0,10112,4398720.0,32760068.299999986
2025-08-01 10:20:01 AM,436.0,0,0.0,32760068.299999986
2025-08-01 10:20:02 AM,436.0,18,7848.0,32767916.299999986
2025-08-01 10:20:05 AM,435.9,0,0.0,32767916.299999986
2025-08-01 10:20:07 AM,435.8,0,0.0,32767916.299999986
2025-08-01 10:20:07 AM,435.8,1176,512500.8,33280417.099999987
2025-08-01 10:20:09 AM,435.75,18,7843.5,33288260.599999987
2025-08-01 10:20:13 AM,435.95,2,871.9,33289132.499999985
2025-08-01 10:20:37 AM,435.9,0,0.0,33289132.499999985
2025-08-01 10:20:37 AM,435.9,6,2615.3999999999996,33291747.899999984
2025-08-01 10:21:19 AM,436.15,4348,1896380.2,35188128.09999999
2025-08-01 10:22:03 AM,437.0,6001,2622437.0,37810565.09999999
2025-08-01 10:22:04 AM,437.25,0,0.0,37810565.09999999
2025-08-01 10:22:07 AM,437.25,52,22737.0,37833302.09999999
2025-08-01 10:22:57 AM,437.3,0,0.0,37833302.09999999
2025-08-01 10:22:58 AM,437.3,25,10932.5,37844234.59999999
2025-08-01 10:23:02 AM,437.0,0,0.0,37844234.59999999
2025-08-01 10:23:03 AM,437.0,46,20102.0,37864336.59999999
2025-08-01 10:23:15 AM,437.25,100,43725.0,37908061.59999999
2025-08-01 10:25:15 AM,437.0,0,0.0,37908061.59999999
2025-08-01 10:25:16 AM,437.0,22,9614.0,37917675.59999999
2025-08-01 10:25:27 AM,436.8,50,21840.0,37939515.59999999
2025-08-01 10:27:01 AM,437.25,0,0.0,37939515.59999999
2025-08-01 10:27:03 AM,437.25,300,131175.0,38070690.59999999
2025-08-01 10:27:17 AM,437.25,10,4372.5,38075063.09999999
2025-08-01 10:28:00 AM,436.8,0,0.0,38075063.09999999
2025-08-01 10:28:01 AM,436.8,48,20966.4,38096029.499999985
2025-08-01 10:28:11 AM,436.8,2,873.6,38096903.09999999
2025-08-01 10:28:27 AM,437.15,0,0.0,38096903.09999999
2025-08-01 10:28:28 AM,437.15,5,2185.75,38099088.84999999
2025-08-01 10:28:34 AM,436.75,0,0.0,38099088.84999999
2025-08-01 10:28:36 AM,436.75,3,1310.25,38100399.09999999
2025-08-01 10:28:38 AM,436.5,0,0.0,38100399.09999999
2025-08-01 10:28:39 AM,436.5,200,87300.0,38187699.09999999
2025-08-01 10:29:25 AM,436.35,0,0.0,38187699.09999999
2025-08-01 10:29:26 AM,436.35,45,19635.75,38207334.84999999
2025-08-01 10:30:01 AM,436.3,0,0.0,38207334.84999999
2025-08-01 10:30:02 AM,436.3,25,10907.5,38218242.34999999
2025-08-01 10:30:30 AM,436.65,0,0.0,38218242.34999999
2025-08-01 10:30:31 AM,436.65,50,21832.5,38240074.84999999
2025-08-01 10:30:37 AM,436.65,25,10916.25,38250991.09999999
2025-08-01 10:30:54 AM,436.65,1,436.65,38251427.749999985
2025-08-01 10:31:05 AM,436.7,11,4803.7,38256231.44999999
2025-08-01 10:31:12 AM,436.65,5,2183.25,38258414.69999999
2025-08-01 10:31:25 AM,436.65,5,2183.25,38260597.94999999
2025-08-01 10:31:30 AM,436.6,0,0.0,38260597.94999999
2025-08-01 10:31:31 AM,436.6,1,436.6,38261034.54999999
2025-08-01 10:31:58 AM,436.65,0,0.0,38261034.54999999
2025-08-01 10:32:00 AM,436.65,27,11789.55,38272824.09999999
2025-08-01 10:32:45 AM,436.65,15,6549.75,38279373.84999999
2025-08-01 10:33:45 AM,436.75,0,0.0,38279373.84999999
2025-08-01 10:33:46 AM,436.75,134,58524.5,38337898.34999999
2025-08-01 10:34:21 AM,436.0,1000,436000.0,38773898.34999999
2025-08-01 10:34:31 AM,435.85,0,0.0,38773898.34999999
2025-08-01 10:34:32 AM,435.85,484,210951.40000000002,38984849.749999985
2025-08-01 10:35:14 AM,435.6,4,1742.4,38986592.14999998
2025-08-01 10:35:34 AM,435.6,13,5662.8,38992254.94999998
2025-08-01 10:36:49 AM,435.6,114,49658.4,39041913.34999998
2025-08-01 10:37:17 AM,435.55,0,0.0,39041913.34999998
2025-08-01 10:37:19 AM,435.55,50,21777.5,39063690.84999998
2025-08-01 10:37:25 AM,435.05,0,0.0,39063690.84999998
2025-08-01 10:37:25 AM,435.05,94,40894.700000000004,39104585.54999998
2025-08-01 10:37:39 AM,435.5,124,54002.0,39158587.54999998
2025-08-01 10:37:55 AM,435.6,0,0.0,39158587.54999998
2025-08-01 10:37:55 AM,435.6,25,10890.0,39169477.54999998
2025-08-01 10:38:47 AM,435.6,5,2178.0,39171655.54999998
2025-08-01 10:38:49 AM,435.6,1,435.6,39172091.14999998
2025-08-01 10:38:55 AM,435.55,0,0.0,39172091.14999998
2025-08-01 10:38:55 AM,435.55,4,1742.2,39173833.34999999
2025-08-01 10:39:23 AM,435.55,1,435.55,39174268.89999998
2025-08-01 10:41:37 AM,435.2,0,0.0,39174268.89999998
2025-08-01 10:41:40 AM,435.2,50,21760.0,39196028.89999998
2025-08-01 10:41:57 AM,435.5,200,87100.0,39283128.89999998
2025-08-01 10:42:22 AM,435.55,0,0.0,39283128.89999998
2025-08-01 10:42:24 AM,435.55,50,21777.5,39304906.39999998
2025-08-01 10:43:47 AM,435.6,0,0.0,39304906.39999998
2025-08-01 10:43:48 AM,435.6,100,43560.0,39348466.39999998
2025-08-01 10:44:05 AM,435.25,0,0.0,39348466.39999998
2025-08-01 10:44:06 AM,435.25,2,870.5,39349336.89999998
2025-08-01 10:44:07 AM,435.6,0,0.0,39349336.89999998
2025-08-01 10:44:08 AM,435.6,32,13939.2,39363276.09999999
2025-08-01 10:44:14 AM,435.6,10,4356.0,39367632.09999999
2025-08-01 10:44:28 AM,435.6,1,435.6,39368067.69999999
2025-08-01 10:44:33 AM,435.6,1,435.6,39368503.29999999
2025-08-01 10:44:49 AM,435.6,2,871.2,39369374.49999999
2025-08-01 10:46:11 AM,435.4,0,0.0,39369374.49999999
2025-08-01 10:46:12 AM,435.4,18,7837.2,39377211.699999996
2025-08-01 10:46:33 AM,435.1,0,0.0,39377211.699999996
2025-08-01 10:46:34 AM,435.1,51,22190.100000000002,39399401.8
2025-08-01 10:47:46 AM,435.35,0,0.0,39399401.8
2025-08-01 10:47:47 AM,435.35,5,2176.75,39401578.55
2025-08-01 10:48:27 AM,435.15,0,0.0,39401578.55
2025-08-01 10:48:28 AM,435.15,50,21757.5,39423336.05
2025-08-01 10:48:29 AM,435.1,0,0.0,39423336.05
2025-08-01 10:48:30 AM,435.1,2,870.2,39424206.25
2025-08-01 10:49:21 AM,435.35,0,0.0,39424206.25
2025-08-01 10:49:23 AM,435.35,73,31780.550000000003,39455986.8
2025-08-01 10:50:34 AM,435.35,436,189812.6,39645799.4
2025-08-01 10:51:33 AM,435.5,0,0.0,39645799.4
2025-08-01 10:51:35 AM,435.5,130,56615.0,39702414.4
2025-08-01 10:52:14 AM,435.15,27,11749.05,39714163.449999996
2025-08-01 10:52:17 AM,435.45,0,0.0,39714163.449999996
2025-08-01 10:52:19 AM,435.45,1,435.45,39714598.9
2025-08-01 10:52:25 AM,435.05,0,0.0,39714598.9
2025-08-01 10:52:29 AM,435.05,144,62647.200000000004,39777246.1
2025-08-01 10:52:49 AM,435.7,0,0.0,39777246.1
2025-08-01 10:52:50 AM,435.7,300,130710.0,39907956.1
2025-08-01 10:53:27 AM,435.15,0,0.0,39907956.1
2025-08-01 10:53:28 AM,435.15,4,1740.6,39909696.7
2025-08-01 10:53:47 AM,435.55,0,0.0,39909696.7
2025-08-01 10:53:49 AM,435.55,100,43555.0,39953251.7
2025-08-01 10:55:42 AM,435.55,3,1306.65,39954558.35
2025-08-01 10:55:47 AM,435.55,100,43555.0,39998113.35
2025-08-01 10:55:58 AM,435.55,2,871.1,39998984.45
2025-08-01 10:56:01 AM,435.65,0,0.0,39998984.45
2025-08-01 10:56:02 AM,435.65,100,43565.0,40042549.45
2025-08-01 10:58:00 AM,435.65,105,45743.25,40088292.7
2025-08-01 10:58:01 AM,435.95,0,0.0,40088292.7
2025-08-01 10:58:04 AM,435.95,1813,790377.35,40878670.050000004
2025-08-01 10:58:59 AM,436.45,0,0.0,40878670.050000004
2025-08-01 10:58:59 AM,436.45,14,6110.3,40884780.35
2025-08-01 10:59:43 AM,436.75,0,0.0,40884780.35
2025-08-01 10:59:45 AM,436.75,10,4367.5,40889147.85
2025-08-01 11:01:00 AM,436.4,0,0.0,40889147.85
2025-08-01 11:01:01 AM,436.4,61,26620.399999999998,40915768.25
2025-08-01 11:01:07 AM,436.4,2,872.8,40916641.05
2025-08-01 11:02:27 AM,436.4,65,28366.0,40945007.05
2025-08-01 11:04:44 AM,436.4,50,21820.0,40966827.05
2025-08-01 11:06:17 AM,436.6,0,0.0,40966827.05
2025-08-01 11:06:18 AM,436.6,5,2183.0,40969010.05
2025-08-01 11:06:59 AM,436.25,0,0.0,40969010.05
2025-08-01 11:07:01 AM,436.25,50,21812.5,40990822.55
2025-08-01 11:07:06 AM,436.35,0,0.0,40990822.55
2025-08-01 11:07:06 AM,436.35,541,236065.35,41226887.9
2025-08-01 11:08:12 AM,436.75,0,0.0,41226887.9
2025-08-01 11:08:12 AM,436.75,250,109187.5,41336075.4
2025-08-01 11:08:30 AM,436.45,0,0.0,41336075.4
2025-08-01 11:08:31 AM,436.45,1,436.45,41336511.85
2025-08-01 11:08:44 AM,435.1,0,0.0,41336511.85
2025-08-01 11:08:44 AM,435.1,2516,1094711.6,42431223.45
2025-08-01 11:10:48 AM,435.55,35,15244.25,42446467.7
2025-08-01 11:11:33 AM,435.7,0,0.0,42446467.7
2025-08-01 11:11:37 AM,435.7,1,435.7,42446903.400000006
2025-08-01 11:12:08 AM,435.25,51,22197.75,42469101.150000006
2025-08-01 11:12:23 AM,435.55,0,0.0,42469101.150000006
2025-08-01 11:12:24 AM,435.55,115,50088.25,42519189.400000006
2025-08-01 11:12:30 AM,435.7,668,291047.6,42810237.00000001
2025-08-01 11:13:28 AM,435.95,0,0.0,42810237.00000001
2025-08-01 11:13:28 AM,435.95,2,871.9,42811108.900000006
2025-08-01 11:13:38 AM,435.9,1,435.9,42811544.800000004
2025-08-01 11:13:42 AM,435.95,1,435.95,42811980.75000001
2025-08-01 11:13:50 AM,435.95,50,21797.5,42833778.25000001
2025-08-01 11:14:36 AM,435.5,1,435.5,42834213.75000001
2025-08-01 11:15:27 AM,435.45,10,4354.5,42838568.25000001
2025-08-01 11:15:43 AM,435.45,2,870.9,42839439.150000006
2025-08-01 11:16:06 AM,435.3,0,0.0,42839439.150000006
2025-08-01 11:16:09 AM,435.3,50,21765.0,42861204.150000006
2025-08-01 11:16:31 AM,435.8,30,13074.0,42874278.150000006
2025-08-01 11:18:35 AM,435.8,40,17432.0,42891710.150000006
2025-08-01 11:20:30 AM,435.3,0,0.0,42891710.150000006
2025-08-01 11:20:33 AM,435.7,0,0.0,42891710.150000006
2025-08-01 11:20:34 AM,435.7,193,84090.09999999999,42975800.25000001
2025-08-01 11:21:05 AM,435.7,335,145959.5,43121759.75000001
2025-08-01 11:21:56 AM,435.3,0,0.0,43121759.75000001
2025-08-01 11:21:57 AM,435.3,51,22200.3,43143960.050000004
2025-08-01 11:22:11 AM,435.05,0,0.0,43143960.050000004
2025-08-01 11:22:13 AM,435.05,250,108762.5,43252722.550000004
2025-08-01 11:22:44 AM,435.15,0,0.0,43252722.550000004
2025-08-01 11:22:45 AM,435.15,3,1305.4499999999998,43254028.00000001
2025-08-01 11:23:09 AM,435.55,0,0.0,43254028.00000001
2025-08-01 11:23:11 AM,435.55,5,2177.75,43256205.75000001
2025-08-01 11:23:12 AM,435.1,0,0.0,43256205.75000001
2025-08-01 11:23:17 AM,435.1,55,23930.5,43280136.25000001
2025-08-01 11:23:21 AM,435.5,0,0.0,43280136.25000001
2025-08-01 11:23:22 AM,435.5,4,1742.0,43281878.25000001
2025-08-01 11:23:43 AM,435.5,1,435.5,43282313.75000001
2025-08-01 11:24:07 AM,435.5,20,8710.0,43291023.75000001
2025-08-01 11:24:41 AM,435.05,0,0.0,43291023.75000001
2025-08-01 11:24:44 AM,435.05,53,23057.65,43314081.400000006
2025-08-01 11:25:37 AM,435.45,20,8709.0,43322790.400000006
2025-08-01 11:27:03 AM,435.05,0,0.0,43322790.400000006
2025-08-01 11:27:03 AM,435.05,74,32193.7,43354984.10000001
2025-08-01 11:27:34 AM,435.3,3,1305.9,43356290.00000001
2025-08-01 11:27:54 AM,435.05,0,0.0,43356290.00000001
2025-08-01 11:27:55 AM,435.05,2,870.1,43357160.10000001
2025-08-01 11:27:58 AM,435.3,0,0.0,43357160.10000001
2025-08-01 11:28:00 AM,435.3,5,2176.5,43359336.60000001
2025-08-01 11:28:07 AM,435.3,30,13059.0,43372395.60000001
2025-08-01 11:29:41 AM,435.05,200,87010.0,43459405.60000001
2025-08-01 11:29:59 AM,435.05,175,76133.75,43535539.35000001
2025-08-01 11:30:22 AM,435.05,5,2175.25,43537714.60000001
2025-08-01 11:31:44 AM,435.3,2,870.6,43538585.20000001
2025-08-01 11:31:50 AM,435.45,100,43545.0,43582130.20000001
2025-08-01 11:33:50 AM,435.05,0,0.0,43582130.20000001
2025-08-01 11:33:53 AM,435.05,100,43505.0,43625635.20000001
2025-08-01 11:34:03 AM,435.4,0,0.0,43625635.20000001
2025-08-01 11:34:03 AM,435.4,112,48764.799999999996,43674400.00000001
2025-08-01 11:34:08 AM,435.45,6,2612.7,43677012.70000001
2025-08-01 11:34:49 AM,435.45,5,2177.25,43679189.95000001
2025-08-01 11:35:00 AM,435.45,5,2177.25,43681367.20000001
2025-08-01 11:35:43 AM,435.45,7,3048.15,43684415.35000001
2025-08-01 11:36:24 AM,435.45,4,1741.8,43686157.150000006
2025-08-01 11:36:54 AM,435.8,0,0.0,43686157.150000006
2025-08-01 11:36:55 AM,435.8,30,13074.0,43699231.150000006
2025-08-01 11:37:44 AM,435.85,0,0.0,43699231.150000006
2025-08-01 11:37:48 AM,435.85,70,30509.5,43729740.650000006
2025-08-01 11:37:53 AM,435.85,59,25715.15,43755455.800000004
2025-08-01 11:37:54 AM,435.75,0,0.0,43755455.800000004
2025-08-01 11:37:55 AM,435.45,0,0.0,43755455.800000004
2025-08-01 11:37:58 AM,435.45,949,413242.05,44168697.85
2025-08-01 11:38:45 AM,435.75,0,0.0,44168697.85
2025-08-01 11:38:48 AM,435.75,2,871.5,44169569.35
2025-08-01 11:40:06 AM,435.45,0,0.0,44169569.35
2025-08-01 11:40:07 AM,435.45,30,13063.5,44182632.85
2025-08-01 11:40:19 AM,435.25,0,0.0,44182632.85
2025-08-01 11:40:21 AM,435.25,50,21762.5,44204395.35
2025-08-01 11:40:25 AM,435.65,0,0.0,44204395.35
2025-08-01 11:40:26 AM,435.65,1,435.65,44204831.0
2025-08-01 11:40:51 AM,435.65,48,20911.199999999997,44225742.2
2025-08-01 11:41:32 AM,435.65,70,30495.5,44256237.7
2025-08-01 11:43:42 AM,435.65,3,1306.9499999999998,44257544.650000006
2025-08-01 11:44:00 AM,435.45,0,0.0,44257544.650000006
2025-08-01 11:44:03 AM,435.45,6,2612.7,44260157.35000001
2025-08-01 11:46:48 AM,435.25,0,0.0,44260157.35000001
2025-08-01 11:46:50 AM,435.45,0,0.0,44260157.35000001
2025-08-01 11:46:51 AM,435.45,2,870.9,44261028.25000001
2025-08-01 11:47:07 AM,435.45,2,870.9,44261899.150000006
2025-08-01 11:49:21 AM,435.05,0,0.0,44261899.150000006
2025-08-01 11:49:25 AM,435.05,50,21752.5,44283651.650000006
2025-08-01 11:50:40 AM,435.3,0,0.0,44283651.650000006
2025-08-01 11:50:42 AM,435.3,2,870.6,44284522.25000001
2025-08-01 11:51:07 AM,435.3,18,7835.400000000001,44292357.650000006
2025-08-01 11:52:50 AM,435.4,0,0.0,44292357.650000006
2025-08-01 11:52:52 AM,435.4,2,870.8,44293228.45
2025-08-01 11:53:50 AM,435.3,0,0.0,44293228.45
2025-08-01 11:53:53 AM,435.3,3,1305.9,44294534.35
2025-08-01 11:54:05 AM,435.4,0,0.0,44294534.35
2025-08-01 11:54:08 AM,435.4,10,4354.0,44298888.35
2025-08-01 11:55:54 AM,435.05,50,21752.5,44320640.85
2025-08-01 11:57:14 AM,434.8,0,0.0,44320640.85
2025-08-01 11:57:15 AM,434.8,4001,1739634.8,46060275.65
2025-08-01 11:57:30 AM,434.35,11,4777.85,46065053.5
2025-08-01 11:57:33 AM,434.85,0,0.0,46065053.5
2025-08-01 11:57:35 AM,434.85,1,434.85,46065488.35
2025-08-01 11:57:43 AM,434.6,0,0.0,46065488.35
2025-08-01 11:57:45 AM,434.6,16,6953.6,46072441.95
2025-08-01 11:58:22 AM,434.9,150,65235.0,46137676.95
2025-08-01 11:59:07 AM,434.85,0,0.0,46137676.95
2025-08-01 11:59:10 AM,434.85,5,2174.25,46139851.2
2025-08-01 11:59:37 AM,434.75,21,9129.75,46148980.95
2025-08-01 12:00:09 PM,434.5,40,17380.0,46166360.95
2025-08-01 12:00:32 PM,434.5,2,869.0,46167229.95
2025-08-01 12:00:58 PM,434.85,0,0.0,46167229.95
2025-08-01 12:00:59 PM,434.85,6,2609.1000000000004,46169839.050000004
2025-08-01 12:01:04 PM,434.85,5,2174.25,46172013.300000004
2025-08-01 12:01:40 PM,434.5,13,5648.5,46177661.800000004
2025-08-01 12:01:42 PM,434.5,40,17380.0,46195041.800000004
2025-08-01 12:02:08 PM,434.5,20,8690.0,46203731.800000004
2025-08-01 12:02:26 PM,434.7,0,0.0,46203731.800000004
2025-08-01 12:02:29 PM,434.7,50,21735.0,46225466.800000004
2025-08-01 12:02:38 PM,434.5,0,0.0,46225466.800000004
2025-08-01 12:02:39 PM,434.5,45,19552.5,46245019.300000004
2025-08-01 12:02:41 PM,434.5,167,72561.5,46317580.800000004
2025-08-01 12:03:56 PM,434.5,2,869.0,46318449.800000004
2025-08-01 12:04:53 PM,434.5,5,2172.5,46320622.300000004
2025-08-01 12:05:49 PM,434.5,100,43450.0,46364072.300000004
2025-08-01 12:06:29 PM,434.55,5,2172.75,46366245.050000004
2025-08-01 12:07:21 PM,434.15,0,0.0,46366245.050000004
2025-08-01 12:07:24 PM,434.15,77,33429.549999999996,46399674.6
2025-08-01 12:08:11 PM,434.5,0,0.0,46399674.6
2025-08-01 12:08:14 PM,434.5,20,8690.0,46408364.6
2025-08-01 12:08:39 PM,434.5,1,434.5,46408799.1
2025-08-01 12:08:49 PM,434.5,20,8690.0,46417489.1
2025-08-01 12:09:13 PM,434.6,0,0.0,46417489.1
2025-08-01 12:09:14 PM,434.6,100,43460.0,46460949.1
2025-08-01 12:09:23 PM,434.5,0,0.0,46460949.1
2025-08-01 12:09:24 PM,434.5,1,434.5,46461383.6
2025-08-01 12:11:04 PM,434.5,1,434.5,46461818.1
2025-08-01 12:11:53 PM,434.6,0,0.0,46461818.1
2025-08-01 12:11:53 PM,434.6,35,15211.0,46477029.1
2025-08-01 12:11:57 PM,434.5,0,0.0,46477029.1
2025-08-01 12:11:58 PM,434.5,100,43450.0,46520479.1
2025-08-01 12:12:53 PM,434.5,100,43450.0,46563929.1
2025-08-01 12:13:10 PM,434.05,0,0.0,46563929.1
2025-08-01 12:13:14 PM,434.05,435,188811.75,46752740.85
2025-08-01 12:13:34 PM,434.5,116,50402.0,46803142.85
2025-08-01 12:15:29 PM,434.5,1,434.5,46803577.35
2025-08-01 12:16:44 PM,434.5,1,434.5,46804011.85
2025-08-01 12:18:11 PM,434.5,1,434.5,46804446.35
2025-08-01 12:18:33 PM,434.25,0,0.0,46804446.35
2025-08-01 12:18:35 PM,434.25,5,2171.25,46806617.6
2025-08-01 12:19:19 PM,434.45,0,0.0,46806617.6
2025-08-01 12:19:21 PM,434.45,3,1303.35,46807920.95
2025-08-01 12:20:12 PM,434.1,67,29084.7,46837005.650000006
2025-08-01 12:20:14 PM,434.4,0,0.0,46837005.650000006
2025-08-01 12:20:17 PM,434.4,30,13032.0,46850037.650000006
2025-08-01 12:20:18 PM,434.45,0,0.0,46850037.650000006
2025-08-01 12:20:23 PM,434.45,154,66905.3,46916942.95
2025-08-01 12:20:44 PM,434.7,0,0.0,46916942.95
2025-08-01 12:20:48 PM,434.7,25,10867.5,46927810.45
2025-08-01 12:21:08 PM,434.35,0,0.0,46927810.45
2025-08-01 12:21:09 PM,434.35,18,7818.3,46935628.75
2025-08-01 12:21:21 PM,434.8,0,0.0,46935628.75
2025-08-01 12:21:23 PM,434.8,25,10870.0,46946498.75
2025-08-01 12:21:28 PM,434.8,2,869.6,46947368.35
2025-08-01 12:21:37 PM,434.8,101,43914.8,46991283.15
2025-08-01 12:24:02 PM,434.45,0,0.0,46991283.15
2025-08-01 12:24:03 PM,434.45,53,23025.85,47014309.0
2025-08-01 12:24:13 PM,434.45,2,868.9,47015177.9
2025-08-01 12:24:16 PM,434.85,0,0.0,47015177.9
2025-08-01 12:24:18 PM,434.85,5,2174.25,47017352.15
2025-08-01 12:24:19 PM,435.1,0,0.0,47017352.15
2025-08-01 12:24:22 PM,434.85,0,0.0,47017352.15
2025-08-01 12:24:23 PM,434.85,251,109147.35,47126499.5
2025-08-01 12:25:57 PM,434.85,11,4783.35,47131282.85
2025-08-01 12:26:38 PM,434.75,0,0.0,47131282.85
2025-08-01 12:26:38 PM,434.75,1,434.75,47131717.6
2025-08-01 12:26:53 PM,434.75,2,869.5,47132587.1
2025-08-01 12:27:33 PM,434.75,5,2173.75,47134760.85
2025-08-01 12:28:17 PM,434.75,2,869.5,47135630.35
2025-08-01 12:28:23 PM,434.4,0,0.0,47135630.35
2025-08-01 12:28:24 PM,434.4,50,21720.0,47157350.35
2025-08-01 12:28:32 PM,434.4,1,434.4,47157784.75
2025-08-01 12:29:30 PM,434.4,50,21720.0,47179504.75
2025-08-01 12:29:36 PM,434.6,0,0.0,47179504.75
2025-08-01 12:29:37 PM,434.6,2,869.2,47180373.95
2025-08-01 12:30:40 PM,434.05,672,291681.60000000003,47472055.550000004
2025-08-01 12:31:13 PM,434.4,0,0.0,47472055.550000004
2025-08-01 12:31:13 PM,434.4,3,1303.1999999999998,47473358.75000001
2025-08-01 12:32:17 PM,434.1,0,0.0,47473358.75000001
2025-08-01 12:32:17 PM,434.1,40,17364.0,47490722.75000001
2025-08-01 12:32:53 PM,434.1,15,6511.5,47497234.25000001
2025-08-01 12:33:27 PM,434.65,0,0.0,47497234.25000001
2025-08-01 12:33:27 PM,434.65,200,86930.0,47584164.25000001
2025-08-01 12:34:17 PM,434.8,0,0.0,47584164.25000001
2025-08-01 12:34:18 PM,434.8,120,52176.0,47636340.25000001
2025-08-01 12:34:21 PM,434.65,0,0.0,47636340.25000001
2025-08-01 12:34:23 PM,434.65,1,434.65,47636774.900000006
2025-08-01 12:35:11 PM,434.2,0,0.0,47636774.900000006
2025-08-01 12:35:11 PM,434.15,0,0.0,47636774.900000006
2025-08-01 12:35:14 PM,434.15,32,13892.8,47650667.7
2025-08-01 12:35:41 PM,434.5,0,0.0,47650667.7
2025-08-01 12:35:45 PM,434.5,5,2172.5,47652840.2
2025-08-01 12:35:49 PM,434.15,0,0.0,47652840.2
2025-08-01 12:35:51 PM,434.15,5,2170.75,47655010.95
2025-08-01 12:36:23 PM,434.1,0,0.0,47655010.95
2025-08-01 12:36:27 PM,434.1,2,868.2,47655879.150000006
2025-08-01 12:36:58 PM,434.55,0,0.0,47655879.150000006
2025-08-01 12:36:58 PM,434.55,20,8691.0,47664570.150000006
2025-08-01 12:37:09 PM,434.1,50,21705.0,47686275.150000006
2025-08-01 12:38:34 PM,435.0,0,0.0,47686275.150000006
2025-08-01 12:38:37 PM,435.0,1000,435000.0,48121275.150000006
2025-08-01 12:38:58 PM,434.4,0,0.0,48121275.150000006
2025-08-01 12:38:58 PM,434.4,2,868.8,48122143.95
2025-08-01 12:42:13 PM,435.15,460,200169.0,48322312.95
2025-08-01 12:42:45 PM,434.85,0,0.0,48322312.95
2025-08-01 12:42:47 PM,434.85,10,4348.5,48326661.45
2025-08-01 12:43:03 PM,434.55,618,268551.9,48595213.35
2025-08-01 12:43:25 PM,434.25,13,5645.25,48600858.6
2025-08-01 12:44:29 PM,434.75,0,0.0,48600858.6
2025-08-01 12:44:30 PM,434.75,16,6956.0,48607814.6
2025-08-01 12:45:57 PM,435.95,0,0.0,48607814.6
2025-08-01 12:45:58 PM,435.95,2500,1089875.0,49697689.6
2025-08-01 12:46:27 PM,434.6,0,0.0,49697689.6
2025-08-01 12:46:28 PM,434.6,10,4346.0,49702035.6
2025-08-01 12:46:31 PM,435.0,0,0.0,49702035.6
2025-08-01 12:46:33 PM,435.0,92,40020.0,49742055.6
2025-08-01 12:47:04 PM,435.0,1,435.0,49742490.6
2025-08-01 12:47:09 PM,435.0,460,200100.0,49942590.6
2025-08-01 12:47:37 PM,436.0,0,0.0,49942590.6
2025-08-01 12:47:39 PM,436.0,1000,436000.0,50378590.6
2025-08-01 12:48:24 PM,435.1,5,2175.5,50380766.1
2025-08-01 12:48:25 PM,436.0,0,0.0,50380766.1
2025-08-01 12:48:25 PM,436.0,1500,654000.0,51034766.1
2025-08-01 12:48:49 PM,435.6,0,0.0,51034766.1
2025-08-01 12:48:50 PM,435.6,5,2178.0,51036944.1
2025-08-01 12:49:39 PM,435.0,0,0.0,51036944.1
2025-08-01 12:49:43 PM,435.0,269,117015.0,51153959.1
2025-08-01 12:49:44 PM,435.0,1,435.0,51154394.1
2025-08-01 12:50:43 PM,435.25,0,0.0,51154394.1
2025-08-01 12:50:46 PM,435.25,10,4352.5,51158746.6
2025-08-01 12:51:17 PM,435.25,4,1741.0,51160487.6
2025-08-01 12:51:23 PM,435.25,1,435.25,51160922.85
2025-08-01 12:52:26 PM,435.25,16,6964.0,51167886.85
2025-08-01 12:53:19 PM,434.25,0,0.0,51167886.85
2025-08-01 12:53:21 PM,434.25,500,217125.0,51385011.85
2025-08-01 12:54:29 PM,435.0,0,0.0,51385011.85
2025-08-01 12:54:31 PM,435.0,1,435.0,51385446.85
2025-08-01 12:55:49 PM,434.85,5,2174.25,51387621.1
2025-08-01 12:56:03 PM,434.3,0,0.0,51387621.1
2025-08-01 12:56:04 PM,434.3,200,86860.0,51474481.1
2025-08-01 12:56:21 PM,434.35,0,0.0,51474481.1
2025-08-01 12:56:24 PM,434.35,2,868.7,51475349.800000004
2025-08-01 12:57:55 PM,434.2,0,0.0,51475349.800000004
2025-08-01 12:57:59 PM,434.2,60,26052.0,51501401.800000004
2025-08-01 12:59:05 PM,434.6,6,2607.6000000000004,51504009.400000006
2025-08-01 01:00:02 PM,434.6,5,2173.0,51506182.400000006
2025-08-01 01:00:32 PM,434.0,0,0.0,51506182.400000006
2025-08-01 01:00:33 PM,434.0,2081,903154.0,52409336.400000006
2025-08-01 01:01:54 PM,434.25,0,0.0,52409336.400000006
2025-08-01 01:01:55 PM,434.25,1,434.25,52409770.650000006
2025-08-01 01:02:20 PM,434.25,1,434.25,52410204.900000006
2025-08-01 01:04:24 PM,434.25,10,4342.5,52414547.400000006
2025-08-01 01:04:48 PM,434.25,5,2171.25,52416718.650000006
2025-08-01 01:05:44 PM,434.25,40,17370.0,52434088.650000006
2025-08-01 01:05:55 PM,434.3,145,62973.5,52497062.150000006
2025-08-01 01:06:04 PM,434.55,10,4345.5,52501407.650000006
2025-08-01 01:07:15 PM,435.0,0,0.0,52501407.650000006
2025-08-01 01:07:16 PM,435.0,3,1305.0,52502712.650000006
2025-08-01 01:07:37 PM,435.55,250,108887.5,52611600.150000006
2025-08-01 01:09:27 PM,435.0,403,175305.0,52786905.150000006
2025-08-01 01:10:13 PM,435.0,114,49590.0,52836495.150000006
2025-08-01 01:10:15 PM,435.0,13,5655.0,52842150.150000006
2025-08-01 01:11:08 PM,435.0,1,435.0,52842585.150000006
2025-08-01 01:13:39 PM,434.85,5,2174.25,52844759.400000006
2025-08-01 01:14:33 PM,435.0,0,0.0,52844759.400000006
2025-08-01 01:14:35 PM,435.0,1,435.0,52845194.400000006
2025-08-01 01:14:51 PM,434.8,0,0.0,52845194.400000006
2025-08-01 01:14:51 PM,434.8,59,25653.2,52870847.60000001
2025-08-01 01:15:11 PM,434.8,25,10870.0,52881717.60000001
2025-08-01 01:15:23 PM,435.05,0,0.0,52881717.60000001
2025-08-01 01:15:24 PM,435.05,2357,1025412.85,53907130.45000001
2025-08-01 01:15:29 PM,435.35,0,0.0,53907130.45000001
2025-08-01 01:15:29 PM,435.35,59,25685.65,53932816.10000001
2025-08-01 01:15:31 PM,435.0,0,0.0,53932816.10000001
2025-08-01 01:15:31 PM,435.0,535,232725.0,54165541.10000001
2025-08-01 01:15:36 PM,435.0,200,87000.0,54252541.10000001
2025-08-01 01:15:42 PM,435.0,200,87000.0,54339541.10000001
2025-08-01 01:17:00 PM,435.0,11,4785.0,54344326.10000001
2025-08-01 01:17:21 PM,434.85,0,0.0,54344326.10000001
2025-08-01 01:17:22 PM,434.85,4,1739.4,54346065.50000001
2025-08-01 01:17:55 PM,435.0,0,0.0,54346065.50000001
2025-08-01 01:17:56 PM,435.0,1,435.0,54346500.50000001
2025-08-01 01:18:21 PM,434.85,0,0.0,54346500.50000001
2025-08-01 01:18:22 PM,434.85,25,10871.25,54357371.75000001
2025-08-01 01:19:40 PM,435.0,3,1305.0,54358676.75000001
2025-08-01 01:20:03 PM,434.95,0,0.0,54358676.75000001
2025-08-01 01:20:05 PM,434.95,4,1739.8,54360416.550000004
2025-08-01 01:20:16 PM,434.95,1,434.95,54360851.50000001
2025-08-01 01:21:11 PM,434.5,0,0.0,54360851.50000001
2025-08-01 01:21:13 PM,434.3,0,0.0,54360851.50000001
2025-08-01 01:21:16 PM,434.3,988,429088.4,54789939.900000006
2025-08-01 01:21:21 PM,434.6,15,6519.0,54796458.900000006
2025-08-01 01:24:11 PM,434.5,70,30415.0,54826873.900000006
2025-08-01 01:24:12 PM,434.95,0,0.0,54826873.900000006
2025-08-01 01:24:16 PM,434.95,125,54368.75,54881242.650000006
2025-08-01 01:25:16 PM,434.85,0,0.0,54881242.650000006
2025-08-01 01:25:19 PM,434.85,1,434.85,54881677.50000001
2025-08-01 01:25:39 PM,434.85,10,4348.5,54886026.00000001
2025-08-01 01:25:44 PM,434.5,0,0.0,54886026.00000001
2025-08-01 01:25:48 PM,434.5,50,21725.0,54907751.00000001
2025-08-01 01:25:56 PM,434.3,0,0.0,54907751.00000001
2025-08-01 01:25:58 PM,434.3,30,13029.0,54920780.00000001
2025-08-01 01:27:30 PM,434.7,0,0.0,54920780.00000001
2025-08-01 01:27:31 PM,434.7,1,434.7,54921214.70000001
2025-08-01 01:27:36 PM,434.7,25,10867.5,54932082.20000001
2025-08-01 01:27:42 PM,434.7,6,2608.2,54934690.40000001
2025-08-01 01:28:53 PM,435.1,0,0.0,54934690.40000001
2025-08-01 01:28:54 PM,435.1,3913,1702546.3,56637236.70000001
2025-08-01 01:29:10 PM,435.3,0,0.0,56637236.70000001
2025-08-01 01:29:13 PM,435.3,1,435.3,56637672.00000001
2025-08-01 01:29:27 PM,435.4,2,870.8,56638542.800000004
2025-08-01 01:30:15 PM,435.55,0,0.0,56638542.800000004
2025-08-01 01:30:16 PM,435.55,14,6097.7,56644640.50000001
2025-08-01 01:30:30 PM,435.55,2,871.1,56645511.60000001
2025-08-01 01:30:37 PM,434.95,0,0.0,56645511.60000001
2025-08-01 01:30:39 PM,434.95,1721,748548.95,57394060.55000001
2025-08-01 01:30:42 PM,435.0,0,0.0,57394060.55000001
2025-08-01 01:30:44 PM,435.0,506,220110.0,57614170.55000001
2025-08-01 01:30:45 PM,434.65,1,434.65,57614605.20000001
2025-08-01 01:35:03 PM,434.95,20,8699.0,57623304.20000001
2025-08-01 01:36:37 PM,434.85,0,0.0,57623304.20000001
2025-08-01 01:36:40 PM,434.85,1,434.85,57623739.05000001
2025-08-01 01:37:03 PM,435.3,0,0.0,57623739.05000001
2025-08-01 01:37:04 PM,435.3,2,870.6,57624609.65000001
2025-08-01 01:37:19 PM,435.35,5,2176.75,57626786.40000001
2025-08-01 01:38:03 PM,435.35,10,4353.5,57631139.90000001
2025-08-01 01:38:19 PM,435.1,0,0.0,57631139.90000001
2025-08-01 01:38:20 PM,435.1,24,10442.400000000001,57641582.30000001
2025-08-01 01:39:11 PM,434.85,0,0.0,57641582.30000001
2025-08-01 01:39:15 PM,434.85,240,104364.0,57745946.30000001
2025-08-01 01:39:21 PM,434.8,2,869.6,57746815.90000001
2025-08-01 01:39:43 PM,435.25,0,0.0,57746815.90000001
2025-08-01 01:39:45 PM,435.25,400,174100.0,57920915.90000001
2025-08-01 01:41:05 PM,434.65,0,0.0,57920915.90000001
2025-08-01 01:41:06 PM,434.65,168,73021.2,57993937.10000002
2025-08-01 01:42:41 PM,434.3,0,0.0,57993937.10000002
2025-08-01 01:42:43 PM,434.3,300,130290.0,58124227.10000002
2025-08-01 01:43:14 PM,434.45,14,6082.3,58130309.40000001
2025-08-01 01:43:51 PM,434.25,0,0.0,58130309.40000001
2025-08-01 01:43:53 PM,434.25,99,42990.75,58173300.15000001
2025-08-01 01:43:59 PM,434.25,32,13896.0,58187196.15000001
2025-08-01 01:45:37 PM,434.75,0,0.0,58187196.15000001
2025-08-01 01:45:38 PM,434.75,1,434.75,58187630.90000001
2025-08-01 01:48:05 PM,434.25,0,0.0,58187630.90000001
2025-08-01 01:48:07 PM,434.25,42,18238.5,58205869.40000001
2025-08-01 01:48:28 PM,434.65,1,434.65,58206304.05000001
2025-08-01 01:48:35 PM,434.25,0,0.0,58206304.05000001
2025-08-01 01:48:38 PM,434.25,1,434.25,58206738.30000001
2025-08-01 01:49:49 PM,434.65,0,0.0,58206738.30000001
2025-08-01 01:49:50 PM,434.65,15,6519.75,58213258.05000001
2025-08-01 01:50:40 PM,434.25,0,0.0,58213258.05000001
2025-08-01 01:50:43 PM,434.25,7,3039.75,58216297.80000001
2025-08-01 01:50:45 PM,434.65,0,0.0,58216297.80000001
2025-08-01 01:50:48 PM,434.65,40,17386.0,58233683.80000001
2025-08-01 01:52:46 PM,434.65,25,10866.25,58244550.05000001
2025-08-01 01:52:52 PM,434.35,0,0.0,58244550.05000001
2025-08-01 01:52:55 PM,434.35,17,7383.950000000001,58251934.000000015
2025-08-01 01:53:01 PM,434.55,6,2607.3,58254541.30000001
2025-08-01 01:53:07 PM,434.25,0,0.0,58254541.30000001
2025-08-01 01:53:10 PM,434.25,80,34740.0,58289281.30000001
2025-08-01 01:57:09 PM,435.1,0,0.0,58289281.30000001
2025-08-01 01:57:14 PM,435.1,620,269762.0,58559043.30000001
2025-08-01 01:57:51 PM,434.55,0,0.0,58559043.30000001
2025-08-01 01:57:52 PM,434.55,21,9125.550000000001,58568168.85000001
2025-08-01 01:58:11 PM,434.4,0,0.0,58568168.85000001
2025-08-01 01:58:12 PM,434.4,25,10860.0,58579028.85000001
2025-08-01 01:59:15 PM,435.05,0,0.0,58579028.85000001
2025-08-01 01:59:18 PM,435.05,26,11311.300000000001,58590340.150000006
2025-08-01 01:59:28 PM,435.45,408,177663.6,58768003.75000001
2025-08-01 02:00:17 PM,435.0,0,0.0,58768003.75000001
2025-08-01 02:00:19 PM,435.0,10,4350.0,58772353.75000001
2025-08-01 02:00:21 PM,434.95,0,0.0,58772353.75000001
2025-08-01 02:00:23 PM,434.95,18,7829.099999999999,58780182.85000001
2025-08-01 02:00:52 PM,435.35,11,4788.85,58784971.70000001
2025-08-01 02:01:07 PM,435.35,9,3918.15,58788889.85000001
2025-08-01 02:01:07 PM,435.6,0,0.0,58788889.85000001
2025-08-01 02:01:12 PM,435.6,1,435.6,58789325.45000001
2025-08-01 02:01:13 PM,435.75,0,0.0,58789325.45000001
2025-08-01 02:01:17 PM,435.8,14,6101.2,58795426.65000001
2025-08-01 02:01:19 PM,435.85,0,0.0,58795426.65000001
2025-08-01 02:01:21 PM,435.85,88,38354.8,58833781.45000001
2025-08-01 02:01:22 PM,435.95,0,0.0,58833781.45000001
2025-08-01 02:01:26 PM,435.95,8,3487.6,58837269.05000001
2025-08-01 02:01:31 PM,435.95,106,46210.7,58883479.750000015
2025-08-01 02:01:31 PM,435.9,0,0.0,58883479.750000015
2025-08-01 02:01:36 PM,435.9,25,10897.5,58894377.250000015
2025-08-01 02:01:37 PM,435.95,0,0.0,58894377.250000015
2025-08-01 02:01:40 PM,435.95,88,38363.6,58932740.85000002
2025-08-01 02:02:01 PM,435.45,0,0.0,58932740.85000002
2025-08-01 02:02:05 PM,435.45,158,68801.09999999999,59001541.95000002
2025-08-01 02:03:45 PM,435.55,0,0.0,59001541.95000002
2025-08-01 02:03:50 PM,435.55,1,435.55,59001977.500000015
2025-08-01 02:03:59 PM,434.85,0,0.0,59001977.500000015
2025-08-01 02:04:00 PM,434.85,150,65227.5,59067205.000000015
2025-08-01 02:04:45 PM,435.35,0,0.0,59067205.000000015
2025-08-01 02:04:46 PM,435.35,40,17414.0,59084619.000000015
2025-08-01 02:05:31 PM,435.35,5,2176.75,59086795.750000015
2025-08-01 02:06:26 PM,435.1,18,7831.8,59094627.55000001
2025-08-01 02:07:13 PM,434.8,17,7391.6,59102019.15000001
2025-08-01 02:07:43 PM,434.45,0,0.0,59102019.15000001
2025-08-01 02:07:43 PM,434.45,31,13467.949999999999,59115487.10000002
2025-08-01 02:07:59 PM,434.3,50,21715.0,59137202.10000002
2025-08-01 02:08:27 PM,434.45,0,0.0,59137202.10000002
2025-08-01 02:08:29 PM,434.45,2,868.9,59138071.000000015
2025-08-01 02:08:36 PM,434.35,0,0.0,59138071.000000015
2025-08-01 02:08:39 PM,434.35,9,3909.15,59141980.15000001
2025-08-01 02:09:30 PM,434.35,8,3474.8,59145454.95000001
2025-08-01 02:10:15 PM,434.35,9,3909.15,59149364.10000001
2025-08-01 02:10:46 PM,434.25,0,0.0,59149364.10000001
2025-08-01 02:10:50 PM,434.25,12,5211.0,59154575.10000001
2025-08-01 02:12:14 PM,434.55,0,0.0,59154575.10000001
2025-08-01 02:12:14 PM,434.55,5,2172.75,59156747.85000001
2025-08-01 02:12:26 PM,434.25,0,0.0,59156747.85000001
2025-08-01 02:12:29 PM,434.25,94,40819.5,59197567.35000001
2025-08-01 02:13:23 PM,434.6,0,0.0,59197567.35000001
2025-08-01 02:13:25 PM,434.6,90,39114.0,59236681.35000001
2025-08-01 02:14:07 PM,434.65,0,0.0,59236681.35000001
2025-08-01 02:14:07 PM,435.0,0,0.0,59236681.35000001
2025-08-01 02:14:07 PM,435.0,619,269265.0,59505946.35000001
2025-08-01 02:14:27 PM,434.5,0,0.0,59505946.35000001
2025-08-01 02:14:29 PM,434.5,10,4345.0,59510291.35000001
2025-08-01 02:14:51 PM,434.5,16,6952.0,59517243.35000001
2025-08-01 02:16:39 PM,434.9,0,0.0,59517243.35000001
2025-08-01 02:16:39 PM,434.25,695,301803.75,59819047.10000001
2025-08-01 02:16:41 PM,434.1,0,0.0,59819047.10000001
2025-08-01 02:16:41 PM,434.1,11688,5073760.8,64892807.900000006
2025-08-01 02:18:41 PM,433.65,0,0.0,64892807.900000006
2025-08-01 02:18:41 PM,433.65,51,22116.149999999998,64914924.050000004
2025-08-01 02:18:43 PM,433.6,0,0.0,64914924.050000004
2025-08-01 02:18:46 PM,433.6,171,74145.6,64989069.650000006
2025-08-01 02:19:04 PM,433.65,0,0.0,64989069.650000006
2025-08-01 02:19:06 PM,433.65,2,867.3,64989936.95
2025-08-01 02:19:25 PM,434.15,0,0.0,64989936.95
2025-08-01 02:19:28 PM,434.15,125,54268.75,65044205.7
2025-08-01 02:19:32 PM,434.0,0,0.0,65044205.7
2025-08-01 02:19:33 PM,434.0,1,434.0,65044639.7
2025-08-01 02:19:38 PM,434.1,50,21705.0,65066344.7
2025-08-01 02:20:40 PM,434.1,8,3472.8,65069817.5
2025-08-01 02:20:57 PM,434.0,0,0.0,65069817.5
2025-08-01 02:20:59 PM,434.1,0,0.0,65069817.5
2025-08-01 02:21:00 PM,434.1,107,46448.700000000004,65116266.2
2025-08-01 02:21:51 PM,433.85,0,0.0,65116266.2
2025-08-01 02:21:53 PM,433.85,2,867.7,65117133.900000006
2025-08-01 02:22:03 PM,433.8,2,867.6,65118001.50000001
2025-08-01 02:22:16 PM,433.55,0,0.0,65118001.50000001
2025-08-01 02:22:20 PM,433.55,686,297415.3,65415416.800000004
2025-08-01 02:22:36 PM,433.55,17,7370.35,65422787.150000006
2025-08-01 02:22:46 PM,433.6,9,3902.4,65426689.550000004
2025-08-01 02:22:57 PM,433.5,0,0.0,65426689.550000004
2025-08-01 02:22:57 PM,433.5,25,10837.5,65437527.050000004
2025-08-01 02:23:31 PM,433.25,3,1299.75,65438826.800000004
2025-08-01 02:24:36 PM,433.5,0,0.0,65438826.800000004
2025-08-01 02:24:36 PM,433.5,20,8670.0,65447496.800000004
2025-08-01 02:24:50 PM,433.5,5,2167.5,65449664.300000004
2025-08-01 02:25:15 PM,433.5,2,867.0,65450531.300000004
2025-08-01 02:25:26 PM,433.5,2,867.0,65451398.300000004
2025-08-01 02:25:48 PM,433.55,91,39453.05,65490851.35
2025-08-01 02:26:55 PM,433.25,0,0.0,65490851.35
2025-08-01 02:26:56 PM,433.25,170,73652.5,65564503.85
2025-08-01 02:27:45 PM,433.25,16,6932.0,65571435.85
2025-08-01 02:28:35 PM,433.0,0,0.0,65571435.85
2025-08-01 02:28:39 PM,433.0,2293,992869.0,66564304.85
2025-08-01 02:28:40 PM,432.85,10,4328.5,66568633.35
2025-08-01 02:28:48 PM,432.65,0,0.0,66568633.35
2025-08-01 02:28:50 PM,432.65,1,432.65,66569066.0
2025-08-01 02:29:00 PM,432.8,2,865.6,66569931.6
2025-08-01 02:29:05 PM,432.5,10,4325.0,66574256.6
2025-08-01 02:29:41 PM,432.8,0,0.0,66574256.6
2025-08-01 02:29:41 PM,432.8,10,4328.0,66578584.6
2025-08-01 02:29:58 PM,432.5,14,6055.0,66584639.6
2025-08-01 02:30:02 PM,432.8,0,0.0,66584639.6
2025-08-01 02:30:02 PM,432.8,2,865.6,66585505.2
2025-08-01 02:30:22 PM,432.5,0,0.0,66585505.2
2025-08-01 02:30:25 PM,432.5,2,865.0,66586370.2
2025-08-01 02:30:40 PM,432.8,0,0.0,66586370.2
2025-08-01 02:30:41 PM,432.8,1,432.8,66586803.0
2025-08-01 02:30:56 PM,432.55,3,1297.65,66588100.65
2025-08-01 02:31:00 PM,432.8,0,0.0,66588100.65
2025-08-01 02:31:02 PM,432.8,478,206878.4,66794979.05
2025-08-01 02:31:03 PM,432.85,26,11254.1,66806233.15
2025-08-01 02:31:25 PM,432.85,5,2164.25,66808397.4
2025-08-01 02:31:31 PM,432.85,19,8224.15,66816621.55
2025-08-01 02:31:49 PM,433.0,0,0.0,66816621.55
2025-08-01 02:31:51 PM,433.0,102,44166.0,66860787.55
2025-08-01 02:32:13 PM,433.25,3,1299.75,66862087.3
2025-08-01 02:32:22 PM,433.3,0,0.0,66862087.3
2025-08-01 02:32:24 PM,433.3,1,433.3,66862520.599999994
2025-08-01 02:32:31 PM,432.95,35,15153.25,66877673.849999994
2025-08-01 02:32:35 PM,433.15,0,0.0,66877673.849999994
2025-08-01 02:32:36 PM,433.15,1,433.15,66878106.99999999
2025-08-01 02:32:40 PM,433.15,5,2165.75,66880272.74999999
2025-08-01 02:32:44 PM,433.25,0,0.0,66880272.74999999
2025-08-01 02:32:45 PM,433.3,2,866.6,66881139.349999994
2025-08-01 02:32:51 PM,433.3,1,433.3,66881572.64999999
2025-08-01 02:33:05 PM,433.3,1,433.3,66882005.94999999
2025-08-01 02:34:24 PM,433.45,0,0.0,66882005.94999999
2025-08-01 02:34:24 PM,433.45,10,4334.5,66886340.44999999
2025-08-01 02:34:35 PM,433.3,0,0.0,66886340.44999999
2025-08-01 02:34:35 PM,433.3,1,433.3,66886773.749999985
2025-08-01 02:35:18 PM,433.3,25,10832.5,66897606.249999985
2025-08-01 02:35:22 PM,433.5,112,48552.0,66946158.249999985
2025-08-01 02:37:29 PM,433.5,2,867.0,66947025.249999985
2025-08-01 02:38:00 PM,433.3,6,2599.8,66949625.04999998
2025-08-01 02:38:33 PM,433.5,0,0.0,66949625.04999998
2025-08-01 02:38:35 PM,433.5,20,8670.0,66958295.04999998
2025-08-01 02:38:46 PM,433.5,28,12138.0,66970433.04999998
2025-08-01 02:39:57 PM,433.4,0,0.0,66970433.04999998
2025-08-01 02:40:00 PM,433.4,1,433.4,66970866.44999998
2025-08-01 02:40:03 PM,433.5,0,0.0,66970866.44999998
2025-08-01 02:40:03 PM,433.5,1,433.5,66971299.94999998
2025-08-01 02:40:13 PM,433.5,10,4335.0,66975634.94999998
2025-08-01 02:40:20 PM,433.55,201,87143.55,67062778.49999998
2025-08-01 02:40:52 PM,433.75,0,0.0,67062778.49999998
2025-08-01 02:40:52 PM,433.75,1,433.75,67063212.24999998
2025-08-01 02:41:46 PM,433.85,0,0.0,67063212.24999998
2025-08-01 02:41:46 PM,433.85,1,433.85,67063646.09999998
2025-08-01 02:42:07 PM,433.5,0,0.0,67063646.09999998
2025-08-01 02:42:11 PM,433.5,25,10837.5,67074483.59999998
2025-08-01 02:42:16 PM,433.85,5,2169.25,67076652.84999998
2025-08-01 02:43:19 PM,433.95,0,0.0,67076652.84999998
2025-08-01 02:43:20 PM,433.95,133,57715.35,67134368.19999997
2025-08-01 02:43:40 PM,433.85,0,0.0,67134368.19999997
2025-08-01 02:43:42 PM,433.85,10,4338.5,67138706.69999997
2025-08-01 02:43:52 PM,433.5,0,0.0,67138706.69999997
2025-08-01 02:43:52 PM,433.5,28,12138.0,67150844.69999997
2025-08-01 02:44:09 PM,433.6,0,0.0,67150844.69999997
2025-08-01 02:44:10 PM,433.6,507,219835.2,67370679.89999998
2025-08-01 02:44:43 PM,433.85,70,30369.5,67401049.39999998
2025-08-01 02:44:44 PM,433.15,6428,2784288.1999999997,70185337.59999998
2025-08-01 02:44:48 PM,433.35,0,0.0,70185337.59999998
2025-08-01 02:44:48 PM,432.95,0,0.0,70185337.59999998
2025-08-01 02:44:49 PM,432.95,34,14720.3,70200057.89999998
2025-08-01 02:44:57 PM,433.35,0,0.0,70200057.89999998
2025-08-01 02:45:00 PM,433.35,15,6500.25,70206558.14999998
2025-08-01 02:46:30 PM,433.35,1,433.35,70206991.49999997
2025-08-01 02:46:51 PM,433.35,46,19934.100000000002,70226925.59999996
2025-08-01 02:46:55 PM,433.0,0,0.0,70226925.59999996
2025-08-01 02:46:57 PM,433.0,84,36372.0,70263297.59999996
2025-08-01 02:47:02 PM,433.4,0,0.0,70263297.59999996
2025-08-01 02:47:03 PM,433.4,25,10835.0,70274132.59999996
2025-08-01 02:47:35 PM,433.45,0,0.0,70274132.59999996
2025-08-01 02:47:37 PM,433.45,1,433.45,70274566.04999997
2025-08-01 02:47:54 PM,433.45,15,6501.75,70281067.79999997
2025-08-01 02:48:24 PM,433.0,42,18186.0,70299253.79999997
2025-08-01 02:48:45 PM,433.0,2,866.0,70300119.79999997
2025-08-01 02:49:10 PM,433.3,0,0.0,70300119.79999997
2025-08-01 02:49:13 PM,433.3,1,433.3,70300553.09999996
2025-08-01 02:49:17 PM,433.0,0,0.0,70300553.09999996
2025-08-01 02:49:18 PM,433.0,58,25114.0,70325667.09999996
2025-08-01 02:49:24 PM,433.35,273,118304.55,70443971.64999996
2025-08-01 02:49:28 PM,433.7,0,0.0,70443971.64999996
2025-08-01 02:49:29 PM,433.7,50,21685.0,70465656.64999996
2025-08-01 02:50:34 PM,433.95,0,0.0,70465656.64999996
2025-08-01 02:50:36 PM,433.95,5,2169.75,70467826.39999996
2025-08-01 02:51:08 PM,433.95,20,8679.0,70476505.39999996
2025-08-01 02:51:43 PM,433.3,0,0.0,70476505.39999996
2025-08-01 02:51:44 PM,432.7,0,0.0,70476505.39999996
2025-08-01 02:51:46 PM,432.7,376,162695.19999999998,70639200.59999996
2025-08-01 02:52:18 PM,433.3,1,433.3,70639633.89999996
2025-08-01 02:52:24 PM,433.3,23,9965.9,70649599.79999997
2025-08-01 02:52:24 PM,432.45,128,55353.6,70704953.39999996
2025-08-01 02:52:49 PM,433.25,0,0.0,70704953.39999996
2025-08-01 02:52:50 PM,433.25,1,433.25,70705386.64999996
2025-08-01 02:55:29 PM,432.05,173,74744.65000000001,70780131.29999997
2025-08-01 02:55:59 PM,432.2,0,0.0,70780131.29999997
2025-08-01 02:55:59 PM,432.2,18,7779.599999999999,70787910.89999996
2025-08-01 02:56:12 PM,432.5,1,432.5,70788343.39999996
2025-08-01 02:56:22 PM,432.2,2,864.4,70789207.79999997
2025-08-01 02:57:06 PM,432.4,2,864.8,70790072.59999996
2025-08-01 02:57:24 PM,432.4,20,8648.0,70798720.59999996
2025-08-01 02:57:43 PM,432.2,0,0.0,70798720.59999996
2025-08-01 02:57:44 PM,432.2,16,6915.2,70805635.79999997
2025-08-01 02:57:49 PM,432.4,0,0.0,70805635.79999997
2025-08-01 02:57:50 PM,432.4,1,432.4,70806068.19999997
2025-08-01 02:57:56 PM,432.55,0,0.0,70806068.19999997
2025-08-01 02:57:57 PM,432.55,313,135388.15,70941456.34999998
2025-08-01 02:58:11 PM,432.5,0,0.0,70941456.34999998
2025-08-01 02:58:13 PM,432.5,114,49305.0,70990761.34999998
2025-08-01 02:58:25 PM,432.2,104,44948.799999999996,71035710.14999998
2025-08-01 02:58:28 PM,432.55,0,0.0,71035710.14999998
2025-08-01 02:58:31 PM,432.55,25,10813.75,71046523.89999998
2025-08-01 02:58:39 PM,432.5,0,0.0,71046523.89999998
2025-08-01 02:58:42 PM,432.5,5,2162.5,71048686.39999998
2025-08-01 02:58:43 PM,432.2,99,42787.799999999996,71091474.19999997
2025-08-01 02:58:54 PM,432.2,112,48406.4,71139880.59999998
2025-08-01 02:59:10 PM,432.2,35,15127.0,71155007.59999998
2025-08-01 02:59:11 PM,432.0,0,0.0,71155007.59999998
2025-08-01 02:59:12 PM,432.0,68,29376.0,71184383.59999998
2025-08-01 02:59:23 PM,432.5,23,9947.5,71194331.09999998
2025-08-01 02:59:32 PM,432.5,3,1297.5,71195628.59999998
2025-08-01 02:59:34 PM,432.0,0,0.0,71195628.59999998
2025-08-01 02:59:34 PM,432.0,104,44928.0,71240556.59999998
2025-08-01 03:00:17 PM,432.35,0,0.0,71240556.59999998
2025-08-01 03:00:18 PM,432.6,428,185152.80000000002,71425709.39999998
2025-08-01 03:00:24 PM,432.0,70,30240.0,71455949.39999998
2025-08-01 03:00:38 PM,432.7,7,3028.9,71458978.29999998
2025-08-01 03:00:41 PM,432.05,0,0.0,71458978.29999998
2025-08-01 03:00:42 PM,432.05,1,432.05,71459410.34999998
2025-08-01 03:01:12 PM,432.3,0,0.0,71459410.34999998
2025-08-01 03:01:12 PM,432.3,17,7349.1,71466759.44999997
2025-08-01 03:01:15 PM,432.35,17,7349.950000000001,71474109.39999998
2025-08-01 03:01:30 PM,432.7,5,2163.5,71476272.89999998
2025-08-01 03:01:38 PM,432.15,0,0.0,71476272.89999998
2025-08-01 03:01:39 PM,432.15,83,35868.45,71512141.34999998
2025-08-01 03:01:44 PM,432.65,0,0.0,71512141.34999998
2025-08-01 03:01:45 PM,432.65,10,4326.5,71516467.84999998
2025-08-01 03:02:06 PM,432.05,190,82089.5,71598557.34999998
2025-08-01 03:02:13 PM,432.1,128,55308.8,71653866.14999998
2025-08-01 03:02:37 PM,432.5,3,1297.5,71655163.64999998
2025-08-01 03:03:05 PM,432.4,18,7783.2,71662946.84999998
2025-08-01 03:04:02 PM,432.65,0,0.0,71662946.84999998
2025-08-01 03:04:02 PM,432.65,96,41534.399999999994,71704481.24999999
2025-08-01 03:04:05 PM,432.5,25,10812.5,71715293.74999999
2025-08-01 03:04:24 PM,432.0,400,172800.0,71888093.74999999
2025-08-01 03:04:40 PM,432.55,34,14706.7,71902800.44999999
2025-08-01 03:04:55 PM,432.6,1,432.6,71903233.04999998
2025-08-01 03:04:58 PM,432.0,1,432.0,71903665.04999998
2025-08-01 03:05:01 PM,432.6,86,37203.6,71940868.64999998
2025-08-01 03:05:12 PM,432.65,0,0.0,71940868.64999998
2025-08-01 03:05:14 PM,432.6,28,12112.800000000001,71952981.44999997
2025-08-01 03:05:29 PM,432.6,10,4326.0,71957307.44999997
2025-08-01 03:06:12 PM,432.5,0,0.0,71957307.44999997
2025-08-01 03:06:13 PM,432.5,81,35032.5,71992339.94999997
2025-08-01 03:06:24 PM,432.6,0,0.0,71992339.94999997
2025-08-01 03:06:25 PM,432.7,21,9086.699999999999,72001426.64999998
2025-08-01 03:06:45 PM,432.5,0,0.0,72001426.64999998
2025-08-01 03:06:47 PM,432.55,0,0.0,72001426.64999998
2025-08-01 03:06:47 PM,432.55,140,60557.0,72061983.64999998
2025-08-01 03:06:56 PM,432.5,107,46277.5,72108261.14999998
2025-08-01 03:07:31 PM,432.4,8,3459.2,72111720.34999998
2025-08-01 03:07:37 PM,432.05,34,14689.7,72126410.04999998
2025-08-01 03:08:22 PM,432.0,0,0.0,72126410.04999998
2025-08-01 03:08:23 PM,432.0,450,194400.0,72320810.04999998
2025-08-01 03:08:29 PM,432.5,164,70930.0,72391740.04999998
2025-08-01 03:08:35 PM,432.5,64,27680.0,72419420.04999998
2025-08-01 03:08:38 PM,432.55,0,0.0,72419420.04999998
2025-08-01 03:08:39 PM,432.55,10,4325.5,72423745.54999998
2025-08-01 03:09:25 PM,432.65,53,22930.449999999997,72446675.99999999
2025-08-01 03:09:29 PM,432.85,116,50210.600000000006,72496886.59999998
2025-08-01 03:09:31 PM,433.45,0,0.0,72496886.59999998
2025-08-01 03:09:32 PM,433.45,903,391405.35,72888291.94999997
2025-08-01 03:09:43 PM,433.3,16,6932.8,72895224.74999997
2025-08-01 03:09:52 PM,432.9,42,18181.8,72913406.54999997
2025-08-01 03:09:55 PM,432.8,0,0.0,72913406.54999997
2025-08-01 03:09:55 PM,433.45,0,0.0,72913406.54999997
2025-08-01 03:09:57 PM,433.4,1505,652267.0,73565673.54999997
2025-08-01 03:10:03 PM,433.05,0,0.0,73565673.54999997
2025-08-01 03:10:04 PM,433.05,59,25549.95,73591223.49999997
2025-08-01 03:10:07 PM,432.95,88,38099.6,73629323.09999996
2025-08-01 03:10:11 PM,432.85,0,0.0,73629323.09999996
2025-08-01 03:10:11 PM,432.85,46,19911.100000000002,73649234.19999996
2025-08-01 03:10:19 PM,432.7,0,0.0,73649234.19999996
2025-08-01 03:10:21 PM,432.45,176,76111.2,73725345.39999996
2025-08-01 03:10:38 PM,432.35,0,0.0,73725345.39999996
2025-08-01 03:10:39 PM,432.35,254,109816.90000000001,73835162.29999997
2025-08-01 03:10:43 PM,432.95,0,0.0,73835162.29999997
2025-08-01 03:10:45 PM,432.95,100,43295.0,73878457.29999997
2025-08-01 03:10:52 PM,432.85,0,0.0,73878457.29999997
2025-08-01 03:10:53 PM,432.85,27,11686.95,73890144.24999997
2025-08-01 03:11:00 PM,432.55,10,4325.5,73894469.74999997
2025-08-01 03:11:17 PM,432.55,10,4325.5,73898795.24999997
2025-08-01 03:11:21 PM,432.5,0,0.0,73898795.24999997
2025-08-01 03:11:23 PM,432.5,200,86500.0,73985295.24999997
2025-08-01 03:11:35 PM,432.4,0,0.0,73985295.24999997
2025-08-01 03:11:36 PM,432.4,1,432.4,73985727.64999998
2025-08-01 03:11:49 PM,432.3,23,9942.9,73995670.54999998
2025-08-01 03:12:02 PM,432.4,6,2594.3999999999996,73998264.94999999
2025-08-01 03:12:15 PM,432.0,25,10800.0,74009064.94999999
2025-08-01 03:12:21 PM,432.6,220,95172.0,74104236.94999999
2025-08-01 03:12:28 PM,432.65,70,30285.5,74134522.44999999
2025-08-01 03:12:33 PM,432.95,0,0.0,74134522.44999999
2025-08-01 03:12:34 PM,432.95,250,108237.5,74242759.94999999
2025-08-01 03:12:50 PM,432.3,0,0.0,74242759.94999999
2025-08-01 03:12:50 PM,432.3,7,3026.1,74245786.04999998
2025-08-01 03:12:57 PM,432.3,140,60522.0,74306308.04999998
2025-08-01 03:13:00 PM,432.85,10,4328.5,74310636.54999998
2025-08-01 03:13:07 PM,432.85,15,6492.75,74317129.29999998
2025-08-01 03:13:20 PM,432.1,25,10802.5,74327931.79999998
2025-08-01 03:13:33 PM,432.8,0,0.0,74327931.79999998
2025-08-01 03:13:35 PM,432.8,1,432.8,74328364.59999998
2025-08-01 03:13:37 PM,432.1,100,43210.0,74371574.59999998
2025-08-01 03:13:53 PM,432.1,50,21605.0,74393179.59999998
2025-08-01 03:14:05 PM,432.65,2,865.3,74394044.89999998
2025-08-01 03:14:11 PM,432.7,0,0.0,74394044.89999998
2025-08-01 03:14:12 PM,432.7,3,1298.1,74395342.99999997
2025-08-01 03:14:18 PM,432.7,10,4327.0,74399669.99999997
2025-08-01 03:14:24 PM,432.7,1,432.7,74400102.69999997
2025-08-01 03:14:38 PM,432.7,24,10384.8,74410487.49999997
2025-08-01 03:14:42 PM,432.9,151,65367.899999999994,74475855.39999998
2025-08-01 03:14:44 PM,432.55,101,43687.55,74519542.94999997
2025-08-01 03:14:48 PM,432.5,0,0.0,74519542.94999997
2025-08-01 03:14:48 PM,432.5,1,432.5,74519975.44999997
2025-08-01 03:15:05 PM,432.3,0,0.0,74519975.44999997
2025-08-01 03:15:07 PM,432.35,77,33290.950000000004,74553266.39999998
2025-08-01 03:15:15 PM,432.35,100,43235.0,74596501.39999998
2025-08-01 03:15:20 PM,432.85,0,0.0,74596501.39999998
2025-08-01 03:15:22 PM,432.85,45,19478.25,74615979.64999998
2025-08-01 03:15:37 PM,432.85,11,4761.35,74620740.99999997
2025-08-01 03:15:47 PM,432.85,120,51942.0,74672682.99999997
2025-08-01 03:15:52 PM,432.3,37,15995.1,74688678.09999996
2025-08-01 03:16:13 PM,432.8,1,432.8,74689110.89999996
2025-08-01 03:16:19 PM,432.0,0,0.0,74689110.89999996
2025-08-01 03:16:20 PM,432.0,3427,1480464.0,76169574.89999996
2025-08-01 03:16:21 PM,432.0,1,432.0,76170006.89999996
2025-08-01 03:16:34 PM,432.0,10,4320.0,76174326.89999996
2025-08-01 03:16:39 PM,432.55,0,0.0,76174326.89999996
2025-08-01 03:16:41 PM,432.55,115,49743.25,76224070.14999996
2025-08-01 03:16:55 PM,432.0,15,6480.0,76230550.14999996
2025-08-01 03:17:14 PM,432.0,6,2592.0,76233142.14999996
2025-08-01 03:17:47 PM,432.5,1,432.5,76233574.64999996
2025-08-01 03:18:01 PM,432.5,3,1297.5,76234872.14999996
2025-08-01 03:18:02 PM,432.0,0,0.0,76234872.14999996
2025-08-01 03:18:06 PM,432.0,60,25920.0,76260792.14999996
2025-08-01 03:18:08 PM,432.0,100,43200.0,76303992.14999996
2025-08-01 03:18:24 PM,432.45,0,0.0,76303992.14999996
2025-08-01 03:18:26 PM,432.0,55,23760.0,76327752.14999996
2025-08-01 03:18:28 PM,432.4,56,24214.399999999998,76351966.54999997
2025-08-01 03:18:46 PM,432.35,5,2161.75,76354128.29999997
2025-08-01 03:19:01 PM,432.0,32,13824.0,76367952.29999997
2025-08-01 03:19:03 PM,431.8,0,0.0,76367952.29999997
2025-08-01 03:19:05 PM,431.95,35,15118.25,76383070.54999997
2025-08-01 03:19:07 PM,431.95,1,431.95,76383502.49999997
2025-08-01 03:19:12 PM,432.05,0,0.0,76383502.49999997
2025-08-01 03:19:12 PM,432.05,255,110172.75,76493675.24999997
2025-08-01 03:19:45 PM,431.95,5,2159.75,76495834.99999997
2025-08-01 03:19:47 PM,431.95,4,1727.8,76497562.79999997
2025-08-01 03:19:51 PM,431.95,37,15982.15,76513544.94999997
2025-08-01 03:19:53 PM,431.95,10,4319.5,76517864.44999997
2025-08-01 03:19:58 PM,431.95,1,431.95,76518296.39999998
2025-08-01 03:20:05 PM,431.95,60,25917.0,76544213.39999998
2025-08-01 03:20:07 PM,431.6,0,0.0,76544213.39999998
2025-08-01 03:20:07 PM,431.6,1,431.6,76544644.99999997
2025-08-01 03:20:13 PM,431.95,31,13390.449999999999,76558035.44999997
2025-08-01 03:20:27 PM,431.65,75,32373.75,76590409.19999997
2025-08-01 03:20:34 PM,431.9,0,0.0,76590409.19999997
2025-08-01 03:20:34 PM,431.9,12,5182.799999999999,76595591.99999997
2025-08-01 03:20:36 PM,431.7,0,0.0,76595591.99999997
2025-08-01 03:20:36 PM,431.7,2,863.4,76596455.39999998
2025-08-01 03:20:41 PM,431.55,94,40565.700000000004,76637021.09999998
2025-08-01 03:21:00 PM,432.95,0,0.0,76637021.09999998
2025-08-01 03:21:01 PM,432.95,505,218639.75,76855660.84999998
2025-08-01 03:21:06 PM,432.1,0,0.0,76855660.84999998
2025-08-01 03:21:08 PM,432.1,50,21605.0,76877265.84999998
2025-08-01 03:21:09 PM,432.9,0,0.0,76877265.84999998
2025-08-01 03:21:11 PM,432.9,10,4329.0,76881594.84999998
2025-08-01 03:21:24 PM,433.0,20,8660.0,76890254.84999998
2025-08-01 03:21:28 PM,432.9,0,0.0,76890254.84999998
2025-08-01 03:21:29 PM,432.9,1,432.9,76890687.74999999
2025-08-01 03:21:34 PM,433.0,0,0.0,76890687.74999999
2025-08-01 03:21:36 PM,433.0,4,1732.0,76892419.74999999
2025-08-01 03:22:21 PM,432.95,0,0.0,76892419.74999999
2025-08-01 03:22:23 PM,432.95,16,6927.2,76899346.94999999
2025-08-01 03:22:24 PM,432.65,33,14277.449999999999,76913624.39999999
2025-08-01 03:22:50 PM,432.95,10,4329.5,76917953.89999999
2025-08-01 03:22:52 PM,432.95,10,4329.5,76922283.39999999
2025-08-01 03:23:03 PM,433.0,279,120807.0,77043090.39999999
2025-08-01 03:23:05 PM,433.05,70,30313.5,77073403.89999999
2025-08-01 03:23:51 PM,433.5,20,8670.0,77082073.89999999
2025-08-01 03:24:04 PM,433.1,459,198792.90000000002,77280866.8
2025-08-01 03:24:09 PM,433.0,734,317822.0,77598688.8
2025-08-01 03:24:16 PM,433.0,11,4763.0,77603451.8
2025-08-01 03:24:20 PM,433.25,0,0.0,77603451.8
2025-08-01 03:24:23 PM,433.2,13,5631.599999999999,77609083.39999999
2025-08-01 03:24:25 PM,433.0,30,12990.0,77622073.39999999
2025-08-01 03:24:30 PM,433.0,50,21650.0,77643723.39999999
2025-08-01 03:24:47 PM,433.1,0,0.0,77643723.39999999
2025-08-01 03:24:50 PM,433.0,150,64950.0,77708673.39999999
2025-08-01 03:24:51 PM,433.0,9,3897.0,77712570.39999999
2025-08-01 03:24:56 PM,433.0,39,16887.0,77729457.39999999
2025-08-01 03:25:09 PM,433.0,51,22083.0,77751540.39999999
2025-08-01 03:25:11 PM,433.0,52,22516.0,77774056.39999999
2025-08-01 03:25:18 PM,433.05,0,0.0,77774056.39999999
2025-08-01 03:25:23 PM,433.05,144,62359.200000000004,77836415.6
2025-08-01 03:25:28 PM,433.0,0,0.0,77836415.6
2025-08-01 03:25:29 PM,433.0,7,3031.0,77839446.6
2025-08-01 03:25:35 PM,433.0,50,21650.0,77861096.6
2025-08-01 03:25:48 PM,433.1,166,71894.6,77932991.19999999
2025-08-01 03:25:55 PM,433.0,50,21650.0,77954641.19999999
2025-08-01 03:26:20 PM,433.2,0,0.0,77954641.19999999
2025-08-01 03:26:22 PM,433.2,12,5198.4,77959839.6
2025-08-01 03:26:29 PM,433.2,30,12996.0,77972835.6
2025-08-01 03:26:35 PM,433.05,222,96137.1,78068972.69999999
2025-08-01 03:26:56 PM,433.2,25,10830.0,78079802.69999999
2025-08-01 03:27:03 PM,433.2,129,55882.799999999996,78135685.49999999
2025-08-01 03:27:07 PM,434.1,0,0.0,78135685.49999999
2025-08-01 03:27:08 PM,434.1,32,13891.2,78149576.69999999
2025-08-01 03:27:22 PM,433.2,0,0.0,78149576.69999999
2025-08-01 03:27:22 PM,433.2,37,16028.4,78165605.1
2025-08-01 03:27:37 PM,433.2,105,45486.0,78211091.1
2025-08-01 03:27:46 PM,433.2,30,12996.0,78224087.1
2025-08-01 03:27:51 PM,433.2,97,42020.4,78266107.5
2025-08-01 03:27:53 PM,433.95,103,44696.85,78310804.35
2025-08-01 03:27:58 PM,434.0,22,9548.0,78320352.35
2025-08-01 03:27:59 PM,434.0,45,19530.0,78339882.35
2025-08-01 03:28:04 PM,433.95,0,0.0,78339882.35
2025-08-01 03:28:04 PM,433.95,145,62922.75,78402805.1
2025-08-01 03:28:11 PM,433.9,264,114549.59999999999,78517354.69999999
2025-08-01 03:28:18 PM,433.9,43,18657.7,78536012.39999999
2025-08-01 03:28:27 PM,433.9,27,11715.3,78547727.69999999
2025-08-01 03:28:29 PM,433.1,0,0.0,78547727.69999999
2025-08-01 03:28:32 PM,433.1,27,11693.7,78559421.39999999
2025-08-01 03:28:39 PM,433.1,29,12559.900000000001,78571981.3
2025-08-01 03:28:46 PM,432.85,300,129855.0,78701836.3
2025-08-01 03:28:59 PM,433.1,10,4331.0,78706167.3
2025-08-01 03:29:01 PM,434.0,0,0.0,78706167.3
2025-08-01 03:29:01 PM,434.0,58,25172.0,78731339.3
2025-08-01 03:29:14 PM,433.95,0,0.0,78731339.3
2025-08-01 03:29:15 PM,433.95,48,20829.6,78752168.89999999
2025-08-01 03:29:17 PM,433.95,1,433.95,78752602.85
2025-08-01 03:29:23 PM,433.95,11,4773.45,78757376.3
2025-08-01 03:29:32 PM,432.85,0,0.0,78757376.3
2025-08-01 03:29:32 PM,432.85,21,9089.85,78766466.14999999
2025-08-01 03:29:38 PM,433.9,0,0.0,78766466.14999999
2025-08-01 03:29:38 PM,433.9,51,22128.899999999998,78788595.05
2025-08-01 03:29:40 PM,432.65,7,3028.5499999999997,78791623.6
2025-08-01 03:29:48 PM,432.6,6,2595.6000000000004,78794219.19999999
2025-08-01 03:29:53 PM,433.85,1,433.85,78794653.04999998
