date,price,qty,trnvr,cum_trnvr
2025-08-01 09:15:02 AM,582.0,1133,659406.0,659406.0
2025-08-01 09:15:04 AM,582.0,111,64602.0,724008.0
2025-08-01 09:15:12 AM,581.65,0,0.0,724008.0
2025-08-01 09:15:14 AM,581.65,1177,684602.0499999999,1408610.0499999998
2025-08-01 09:15:16 AM,582.0,2072,1205904.0,2614514.05
2025-08-01 09:15:21 AM,582.45,0,0.0,2614514.05
2025-08-01 09:15:22 AM,582.85,0,0.0,2614514.05
2025-08-01 09:15:24 AM,583.4,369,215274.6,2829788.65
2025-08-01 09:15:26 AM,582.35,96,55905.600000000006,2885694.25
2025-08-01 09:15:32 AM,584.0,0,0.0,2885694.25
2025-08-01 09:15:33 AM,584.0,77,44968.0,2930662.25
2025-08-01 09:15:36 AM,585.0,0,0.0,2930662.25
2025-08-01 09:15:41 AM,585.0,63,36855.0,2967517.25
2025-08-01 09:15:50 AM,584.1,201,117404.1,3084921.35
2025-08-01 09:15:51 AM,585.0,19,11115.0,3096036.35
2025-08-01 09:15:56 AM,584.95,0,0.0,3096036.35
2025-08-01 09:15:58 AM,584.95,215,125764.25000000001,3221800.6
2025-08-01 09:15:59 AM,583.1,634,369685.4,3591486.0
2025-08-01 09:16:02 AM,582.45,0,0.0,3591486.0
2025-08-01 09:16:06 AM,582.45,87,50673.15,3642159.15
2025-08-01 09:16:08 AM,581.45,2040,1186158.0,4828317.15
2025-08-01 09:16:10 AM,581.25,0,0.0,4828317.15
2025-08-01 09:16:14 AM,581.25,1,581.25,4828898.4
2025-08-01 09:16:15 AM,579.4,1454,842447.6,5671346.0
2025-08-01 09:16:16 AM,578.6,0,0.0,5671346.0
2025-08-01 09:16:19 AM,580.0,0,0.0,5671346.0
2025-08-01 09:16:22 AM,579.6,1321,765651.6,6436997.6
2025-08-01 09:16:24 AM,579.05,913,528672.6499999999,6965670.25
2025-08-01 09:16:30 AM,579.55,141,81716.54999999999,7047386.8
2025-08-01 09:16:39 AM,579.55,1761,1020587.5499999999,8067974.35
2025-08-01 09:16:39 AM,577.95,0,0.0,8067974.35
2025-08-01 09:16:40 AM,577.95,80,46236.0,8114210.35
2025-08-01 09:16:47 AM,578.95,441,255316.95,8369527.3
2025-08-01 09:16:48 AM,579.4,26,15064.4,8384591.7
2025-08-01 09:16:55 AM,580.85,2585,1501497.25,9886088.95
2025-08-01 09:16:57 AM,579.85,36,20874.600000000002,9906963.549999999
2025-08-01 09:17:03 AM,581.3,535,310995.5,10217959.049999999
2025-08-01 09:17:15 AM,581.0,0,0.0,10217959.049999999
2025-08-01 09:17:20 AM,581.4,572,332560.8,10550519.85
2025-08-01 09:17:21 AM,581.65,50,29082.5,10579602.35
2025-08-01 09:17:23 AM,581.0,0,0.0,10579602.35
2025-08-01 09:17:28 AM,581.0,54,31374.0,10610976.35
2025-08-01 09:17:29 AM,581.05,15,8715.75,10619692.1
2025-08-01 09:17:33 AM,581.0,0,0.0,10619692.1
2025-08-01 09:17:36 AM,581.3,110,63942.99999999999,10683635.1
2025-08-01 09:17:37 AM,581.0,510,296310.0,10979945.1
2025-08-01 09:17:45 AM,581.1,1,581.1,10980526.2
2025-08-01 09:17:49 AM,580.35,0,0.0,10980526.2
2025-08-01 09:17:51 AM,580.05,0,0.0,10980526.2
2025-08-01 09:17:53 AM,580.05,876,508123.8,11488650.0
2025-08-01 09:17:57 AM,580.75,0,0.0,11488650.0
2025-08-01 09:17:59 AM,581.0,0,0.0,11488650.0
2025-08-01 09:18:01 AM,581.0,182,105742.0,11594392.0
2025-08-01 09:18:02 AM,581.35,21,12208.35,11606600.35
2025-08-01 09:18:05 AM,580.65,0,0.0,11606600.35
2025-08-01 09:18:07 AM,581.3,0,0.0,11606600.35
2025-08-01 09:18:10 AM,581.3,115,66849.5,11673449.85
2025-08-01 09:18:19 AM,581.75,156,90753.0,11764202.85
2025-08-01 09:18:28 AM,582.5,147,85627.5,11849830.35
2025-08-01 09:18:29 AM,582.45,0,0.0,11849830.35
2025-08-01 09:18:34 AM,582.45,213,124061.85,11973892.2
2025-08-01 09:18:43 AM,582.55,283,164861.65,12138753.85
2025-08-01 09:18:59 AM,582.55,100,58254.99999999999,12197008.85
2025-08-01 09:19:03 AM,582.3,0,0.0,12197008.85
2025-08-01 09:19:07 AM,582.3,39,22709.699999999997,12219718.549999999
2025-08-01 09:19:11 AM,582.95,0,0.0,12219718.549999999
2025-08-01 09:19:15 AM,583.05,84,48976.2,12268694.749999998
2025-08-01 09:19:23 AM,583.0,1,583.0,12269277.749999998
2025-08-01 09:19:26 AM,582.95,0,0.0,12269277.749999998
2025-08-01 09:19:31 AM,582.45,57,33199.65,12302477.399999999
2025-08-01 09:19:39 AM,582.2,29,16883.800000000003,12319361.2
2025-08-01 09:19:47 AM,580.9,848,492603.19999999995,12811964.399999999
2025-08-01 09:19:49 AM,582.0,600,349200.0,13161164.399999999
2025-08-01 09:19:55 AM,582.0,50,29100.0,13190264.399999999
2025-08-01 09:20:03 AM,581.85,1,581.85,13190846.249999998
2025-08-01 09:20:05 AM,580.75,71,41233.25,13232079.499999998
2025-08-01 09:20:11 AM,581.1,160,92976.0,13325055.499999998
2025-08-01 09:20:13 AM,581.0,100,58100.0,13383155.499999998
2025-08-01 09:20:17 AM,581.3,0,0.0,13383155.499999998
2025-08-01 09:20:19 AM,581.3,219,127304.7,13510460.199999997
2025-08-01 09:20:31 AM,582.2,0,0.0,13510460.199999997
2025-08-01 09:20:35 AM,581.65,122,70961.3,13581421.499999998
2025-08-01 09:20:41 AM,582.45,0,0.0,13581421.499999998
2025-08-01 09:20:43 AM,582.45,43,25045.350000000002,13606466.849999998
2025-08-01 09:20:48 AM,582.0,0,0.0,13606466.849999998
2025-08-01 09:20:51 AM,582.0,658,382956.0,13989422.849999998
2025-08-01 09:20:52 AM,582.0,64,37248.0,14026670.849999998
2025-08-01 09:20:52 AM,582.05,0,0.0,14026670.849999998
2025-08-01 09:20:58 AM,582.0,19,11058.0,14037728.849999998
2025-08-01 09:21:06 AM,582.0,23,13386.0,14051114.849999998
2025-08-01 09:21:07 AM,582.0,200,116400.0,14167514.849999998
2025-08-01 09:21:10 AM,582.55,0,0.0,14167514.849999998
2025-08-01 09:21:14 AM,582.55,209,121752.95,14289267.799999997
2025-08-01 09:21:22 AM,582.75,83,48368.25,14337636.049999997
2025-08-01 09:21:36 AM,582.8,0,0.0,14337636.049999997
2025-08-01 09:21:37 AM,582.75,254,148018.5,14485654.549999997
2025-08-01 09:21:38 AM,582.75,25,14568.75,14500223.299999997
2025-08-01 09:21:52 AM,582.75,5,2913.75,14503137.049999997
2025-08-01 09:21:59 AM,582.9,0,0.0,14503137.049999997
2025-08-01 09:22:00 AM,582.9,1,582.9,14503719.949999997
2025-08-01 09:22:08 AM,582.9,7,4080.2999999999997,14507800.249999998
2025-08-01 09:22:15 AM,582.9,4,2331.6,14510131.849999998
2025-08-01 09:22:20 AM,583.1,0,0.0,14510131.849999998
2025-08-01 09:22:23 AM,583.1,62,36152.200000000004,14546284.049999997
2025-08-01 09:22:27 AM,582.9,0,0.0,14546284.049999997
2025-08-01 09:22:31 AM,582.9,1017,592809.2999999999,15139093.349999998
2025-08-01 09:22:38 AM,583.2,78,45489.600000000006,15184582.949999997
2025-08-01 09:22:39 AM,584.0,0,0.0,15184582.949999997
2025-08-01 09:22:40 AM,584.0,502,293168.0,15477750.949999997
2025-08-01 09:22:45 AM,584.55,0,0.0,15477750.949999997
2025-08-01 09:22:46 AM,584.55,278,162504.9,15640255.849999998
2025-08-01 09:22:52 AM,584.0,0,0.0,15640255.849999998
2025-08-01 09:22:53 AM,584.0,1,584.0,15640839.849999998
2025-08-01 09:22:55 AM,584.0,18,10512.0,15651351.849999998
2025-08-01 09:23:01 AM,584.0,15,8760.0,15660111.849999998
2025-08-01 09:23:03 AM,583.85,485,283167.25,15943279.099999998
2025-08-01 09:23:05 AM,584.15,0,0.0,15943279.099999998
2025-08-01 09:23:09 AM,584.15,20,11683.0,15954962.099999998
2025-08-01 09:23:10 AM,583.8,45,26270.999999999996,15981233.099999998
2025-08-01 09:23:18 AM,583.7,10,5837.0,15987070.099999998
2025-08-01 09:23:24 AM,583.2,150,87480.0,16074550.099999998
2025-08-01 09:23:32 AM,582.55,331,192824.05,16267374.149999999
2025-08-01 09:23:33 AM,582.0,120,69840.0,16337214.149999999
2025-08-01 09:23:41 AM,582.0,226,131532.0,16468746.149999999
2025-08-01 09:23:45 AM,582.1,0,0.0,16468746.149999999
2025-08-01 09:23:47 AM,582.1,31,18045.100000000002,16486791.249999998
2025-08-01 09:23:51 AM,581.8,0,0.0,16486791.249999998
2025-08-01 09:23:54 AM,582.15,10,5821.5,16492612.749999998
2025-08-01 09:23:56 AM,582.0,100,58200.0,16550812.749999998
2025-08-01 09:24:04 AM,582.15,110,64036.5,16614849.249999998
2025-08-01 09:24:10 AM,582.0,18,10476.0,16625325.249999998
2025-08-01 09:24:11 AM,582.0,8,4656.0,16629981.249999998
2025-08-01 09:24:17 AM,582.0,2,1164.0,16631145.249999998
2025-08-01 09:24:24 AM,582.1,0,0.0,16631145.249999998
2025-08-01 09:24:25 AM,582.1,7,4074.7000000000003,16635219.949999997
2025-08-01 09:24:27 AM,581.5,155,90132.5,16725352.449999997
2025-08-01 09:24:34 AM,581.8,150,87270.0,16812622.449999996
2025-08-01 09:24:48 AM,581.85,196,114042.6,16926665.049999997
2025-08-01 09:24:55 AM,581.85,47,27346.95,16954011.999999996
2025-08-01 09:24:56 AM,581.8,0,0.0,16954011.999999996
2025-08-01 09:24:57 AM,581.8,2,1163.6,16955175.599999998
2025-08-01 09:25:02 AM,581.3,85,49410.49999999999,17004586.099999998
2025-08-01 09:25:10 AM,581.3,17,9882.099999999999,17014468.2
2025-08-01 09:25:12 AM,581.3,3,1743.8999999999999,17016212.099999998
2025-08-01 09:25:17 AM,581.95,494,287483.30000000005,17303695.4
2025-08-01 09:25:21 AM,581.7,0,0.0,17303695.4
2025-08-01 09:25:25 AM,581.7,49,28503.300000000003,17332198.7
2025-08-01 09:25:32 AM,582.65,600,349590.0,17681788.7
2025-08-01 09:25:42 AM,582.65,1,582.65,17682371.349999998
2025-08-01 09:25:50 AM,582.7,5,2913.5,17685284.849999998
2025-08-01 09:25:55 AM,582.25,5,2911.25,17688196.099999998
2025-08-01 09:26:05 AM,582.2,1,582.2,17688778.299999997
2025-08-01 09:26:16 AM,581.5,0,0.0,17688778.299999997
2025-08-01 09:26:18 AM,582.1,325,189182.5,17877960.799999997
2025-08-01 09:26:20 AM,581.95,25,14548.750000000002,17892509.549999997
2025-08-01 09:26:26 AM,581.95,18,10475.1,17902984.65
2025-08-01 09:26:27 AM,582.45,0,0.0,17902984.65
2025-08-01 09:26:27 AM,582.45,221,128721.45000000001,18031706.099999998
2025-08-01 09:26:41 AM,582.45,20,11649.0,18043355.099999998
2025-08-01 09:26:43 AM,583.05,0,0.0,18043355.099999998
2025-08-01 09:26:46 AM,582.5,0,0.0,18043355.099999998
2025-08-01 09:26:49 AM,582.5,61,35532.5,18078887.599999998
2025-08-01 09:26:59 AM,583.65,0,0.0,18078887.599999998
2025-08-01 09:27:04 AM,583.65,80,46692.0,18125579.599999998
2025-08-01 09:27:11 AM,583.4,98,57173.2,18182752.799999997
2025-08-01 09:27:17 AM,583.9,0,0.0,18182752.799999997
2025-08-01 09:27:18 AM,583.55,0,0.0,18182752.799999997
2025-08-01 09:27:18 AM,583.55,2,1167.1,18183919.9
2025-08-01 09:27:32 AM,584.0,0,0.0,18183919.9
2025-08-01 09:27:33 AM,584.0,10,5840.0,18189759.9
2025-08-01 09:27:37 AM,584.15,0,0.0,18189759.9
2025-08-01 09:27:41 AM,584.15,50,29207.5,18218967.4
2025-08-01 09:27:42 AM,583.3,130,75829.0,18294796.4
2025-08-01 09:27:47 AM,583.6,0,0.0,18294796.4
2025-08-01 09:27:48 AM,583.6,679,396264.4,18691060.799999997
2025-08-01 09:27:52 AM,583.9,0,0.0,18691060.799999997
2025-08-01 09:27:56 AM,583.9,1500,875850.0,19566910.799999997
2025-08-01 09:27:57 AM,583.75,0,0.0,19566910.799999997
2025-08-01 09:27:58 AM,583.75,99,57791.25,19624702.049999997
2025-08-01 09:27:58 AM,584.25,0,0.0,19624702.049999997
2025-08-01 09:28:04 AM,584.25,743,434097.75,20058799.799999997
2025-08-01 09:28:09 AM,584.15,0,0.0,20058799.799999997
2025-08-01 09:28:12 AM,584.15,80,46732.0,20105531.799999997
2025-08-01 09:28:19 AM,584.15,1,584.15,20106115.949999996
2025-08-01 09:28:27 AM,584.15,136,79444.4,20185560.349999994
2025-08-01 09:28:32 AM,583.05,0,0.0,20185560.349999994
2025-08-01 09:28:35 AM,583.65,272,158752.8,20344313.149999995
2025-08-01 09:28:38 AM,583.6,0,0.0,20344313.149999995
2025-08-01 09:28:42 AM,583.6,3,1750.8000000000002,20346063.949999996
2025-08-01 09:28:43 AM,583.6,45,26262.0,20372325.949999996
2025-08-01 09:28:57 AM,583.65,597,348439.05,20720764.999999996
2025-08-01 09:29:05 AM,583.65,52,30349.8,20751114.799999997
2025-08-01 09:29:13 AM,583.65,136,79376.4,20830491.199999996
2025-08-01 09:29:32 AM,583.6,0,0.0,20830491.199999996
2025-08-01 09:29:35 AM,583.65,6,3501.8999999999996,20833993.099999994
2025-08-01 09:29:41 AM,583.5,0,0.0,20833993.099999994
2025-08-01 09:29:43 AM,583.5,99,57766.5,20891759.599999994
2025-08-01 09:29:48 AM,583.6,0,0.0,20891759.599999994
2025-08-01 09:29:50 AM,583.6,50,29180.0,20920939.599999994
2025-08-01 09:29:58 AM,583.6,864,504230.4,21425169.999999993
2025-08-01 09:30:05 AM,583.5,50,29175.0,21454344.999999993
2025-08-01 09:30:11 AM,582.75,0,0.0,21454344.999999993
2025-08-01 09:30:13 AM,582.75,264,153846.0,21608190.999999993
2025-08-01 09:30:14 AM,583.0,100,58300.0,21666490.999999993
2025-08-01 09:30:18 AM,582.85,0,0.0,21666490.999999993
2025-08-01 09:30:21 AM,582.85,72,41965.200000000004,21708456.19999999
2025-08-01 09:30:21 AM,582.95,29,16905.550000000003,21725361.749999993
2025-08-01 09:30:25 AM,582.75,0,0.0,21725361.749999993
2025-08-01 09:30:28 AM,582.75,345,201048.75,21926410.499999993
2025-08-01 09:30:32 AM,582.95,0,0.0,21926410.499999993
2025-08-01 09:30:35 AM,582.95,3,1748.8500000000001,21928159.349999994
2025-08-01 09:30:39 AM,583.0,0,0.0,21928159.349999994
2025-08-01 09:30:43 AM,583.0,155,90365.0,22018524.349999994
2025-08-01 09:30:50 AM,583.0,1,583.0,22019107.349999994
2025-08-01 09:30:57 AM,583.0,100,58300.0,22077407.349999994
2025-08-01 09:31:03 AM,583.05,0,0.0,22077407.349999994
2025-08-01 09:31:04 AM,583.05,63,36732.149999999994,22114139.499999993
2025-08-01 09:31:09 AM,583.25,0,0.0,22114139.499999993
2025-08-01 09:31:12 AM,583.25,114,66490.5,22180629.999999993
2025-08-01 09:31:19 AM,583.15,0,0.0,22180629.999999993
2025-08-01 09:31:19 AM,583.15,121,70561.15,22251191.14999999
2025-08-01 09:31:27 AM,583.05,198,115443.9,22366635.04999999
2025-08-01 09:31:27 AM,583.55,3,1750.6499999999999,22368385.699999988
2025-08-01 09:31:34 AM,583.55,1,583.55,22368969.24999999
2025-08-01 09:31:34 AM,583.05,234,136433.69999999998,22505402.949999988
2025-08-01 09:31:48 AM,583.05,1300,757964.9999999999,23263367.949999988
2025-08-01 09:31:55 AM,583.0,0,0.0,23263367.949999988
2025-08-01 09:31:55 AM,583.0,4,2332.0,23265699.949999988
2025-08-01 09:32:09 AM,583.3,100,58329.99999999999,23324029.949999988
2025-08-01 09:32:16 AM,583.0,29,16907.0,23340936.949999988
2025-08-01 09:32:23 AM,583.0,10,5830.0,23346766.949999988
2025-08-01 09:32:30 AM,583.0,53,30899.0,23377665.949999988
2025-08-01 09:32:37 AM,583.2,1223,713253.6000000001,24090919.54999999
2025-08-01 09:32:41 AM,583.35,0,0.0,24090919.54999999
2025-08-01 09:32:44 AM,583.35,81,47251.35,24138170.89999999
2025-08-01 09:32:59 AM,583.5,0,0.0,24138170.89999999
2025-08-01 09:33:04 AM,584.05,128,74758.4,24212929.29999999
2025-08-01 09:33:05 AM,583.55,0,0.0,24212929.29999999
2025-08-01 09:33:12 AM,583.55,30,17506.5,24230435.79999999
2025-08-01 09:33:16 AM,584.05,0,0.0,24230435.79999999
2025-08-01 09:33:16 AM,584.2,0,0.0,24230435.79999999
2025-08-01 09:33:18 AM,584.2,22,12852.400000000001,24243288.199999988
2025-08-01 09:33:32 AM,584.2,3,1752.6000000000001,24245040.79999999
2025-08-01 09:33:46 AM,584.2,5,2921.0,24247961.79999999
2025-08-01 09:33:49 AM,584.25,0,0.0,24247961.79999999
2025-08-01 09:33:53 AM,584.25,192,112176.0,24360137.79999999
2025-08-01 09:33:55 AM,585.0,0,0.0,24360137.79999999
2025-08-01 09:34:00 AM,585.0,253,148005.0,24508142.79999999
2025-08-01 09:34:00 AM,585.45,9,5269.05,24513411.84999999
2025-08-01 09:34:06 AM,585.65,0,0.0,24513411.84999999
2025-08-01 09:34:07 AM,585.65,25,14641.25,24528053.09999999
2025-08-01 09:34:11 AM,585.4,0,0.0,24528053.09999999
2025-08-01 09:34:13 AM,585.05,0,0.0,24528053.09999999
2025-08-01 09:34:14 AM,585.4,57,33367.799999999996,24561420.89999999
2025-08-01 09:34:21 AM,584.95,139,81308.05,24642728.94999999
2025-08-01 09:34:26 AM,585.4,0,0.0,24642728.94999999
2025-08-01 09:34:28 AM,585.4,100,58540.0,24701268.94999999
2025-08-01 09:34:41 AM,584.8,0,0.0,24701268.94999999
2025-08-01 09:34:42 AM,584.8,112,65497.59999999999,24766766.549999993
2025-08-01 09:35:01 AM,583.85,0,0.0,24766766.549999993
2025-08-01 09:35:03 AM,583.85,921,537725.85,25304492.399999995
2025-08-01 09:35:03 AM,583.9,1,583.9,25305076.299999993
2025-08-01 09:35:10 AM,583.7,46,26850.2,25331926.499999993
2025-08-01 09:35:11 AM,583.95,0,0.0,25331926.499999993
2025-08-01 09:35:16 AM,583.55,0,0.0,25331926.499999993
2025-08-01 09:35:17 AM,583.55,1095,638987.25,25970913.749999993
2025-08-01 09:35:21 AM,583.25,0,0.0,25970913.749999993
2025-08-01 09:35:24 AM,583.25,20,11665.0,25982578.749999993
2025-08-01 09:35:31 AM,583.0,0,0.0,25982578.749999993
2025-08-01 09:35:31 AM,583.0,320,186560.0,26169138.749999993
2025-08-01 09:35:51 AM,582.8,5,2914.0,26172052.749999993
2025-08-01 09:36:00 AM,582.6,0,0.0,26172052.749999993
2025-08-01 09:36:04 AM,582.6,1196,696789.6,26868842.349999994
2025-08-01 09:36:08 AM,582.65,0,0.0,26868842.349999994
2025-08-01 09:36:11 AM,582.65,283,164889.94999999998,27033732.299999993
2025-08-01 09:36:16 AM,582.8,0,0.0,27033732.299999993
2025-08-01 09:36:18 AM,582.8,504,293731.19999999995,27327463.499999993
2025-08-01 09:36:24 AM,582.55,0,0.0,27327463.499999993
2025-08-01 09:36:24 AM,582.55,278,161948.9,27489412.39999999
2025-08-01 09:36:31 AM,582.4,15,8736.0,27498148.39999999
2025-08-01 09:36:40 AM,582.75,0,0.0,27498148.39999999
2025-08-01 09:36:44 AM,583.35,0,0.0,27498148.39999999
2025-08-01 09:36:44 AM,583.35,4760,2776746.0,30274894.39999999
2025-08-01 09:36:56 AM,583.85,0,0.0,30274894.39999999
2025-08-01 09:36:57 AM,583.85,2,1167.7,30276062.09999999
2025-08-01 09:37:08 AM,583.25,0,0.0,30276062.09999999
2025-08-01 09:37:11 AM,583.25,680,396610.0,30672672.09999999
2025-08-01 09:37:14 AM,583.0,0,0.0,30672672.09999999
2025-08-01 09:37:15 AM,583.4,0,0.0,30672672.09999999
2025-08-01 09:37:18 AM,583.4,100,58340.0,30731012.09999999
2025-08-01 09:37:24 AM,583.0,0,0.0,30731012.09999999
2025-08-01 09:37:25 AM,583.0,75,43725.0,30774737.09999999
2025-08-01 09:37:32 AM,583.0,977,569591.0,31344328.09999999
2025-08-01 09:37:52 AM,583.0,10,5830.0,31350158.09999999
2025-08-01 09:37:58 AM,583.0,12,6996.0,31357154.09999999
2025-08-01 09:38:04 AM,582.9,0,0.0,31357154.09999999
2025-08-01 09:38:05 AM,583.0,505,294415.0,31651569.09999999
2025-08-01 09:38:10 AM,582.7,0,0.0,31651569.09999999
2025-08-01 09:38:12 AM,582.7,10,5827.0,31657396.09999999
2025-08-01 09:38:19 AM,583.25,50,29162.5,31686558.59999999
2025-08-01 09:38:26 AM,583.2,1,583.2,31687141.79999999
2025-08-01 09:38:46 AM,583.2,1,583.2,31687724.99999999
2025-08-01 09:38:52 AM,582.7,66,38458.200000000004,31726183.199999988
2025-08-01 09:39:06 AM,582.7,450,262215.0,31988398.199999988
2025-08-01 09:39:19 AM,582.7,478,278530.60000000003,32266928.79999999
2025-08-01 09:39:21 AM,582.55,0,0.0,32266928.79999999
2025-08-01 09:39:26 AM,582.55,2,1165.1,32268093.89999999
2025-08-01 09:39:29 AM,582.1,0,0.0,32268093.89999999
2025-08-01 09:39:33 AM,582.1,10,5821.0,32273914.89999999
2025-08-01 09:39:39 AM,582.55,1,582.55,32274497.44999999
2025-08-01 09:39:40 AM,582.55,1,582.55,32275079.999999993
2025-08-01 09:39:41 AM,582.6,0,0.0,32275079.999999993
2025-08-01 09:39:46 AM,582.6,2,1165.2,32276245.19999999
2025-08-01 09:39:57 AM,582.1,0,0.0,32276245.19999999
2025-08-01 09:39:59 AM,582.1,10,5821.0,32282066.19999999
2025-08-01 09:40:09 AM,582.6,0,0.0,32282066.19999999
2025-08-01 09:40:12 AM,582.1,21,12224.1,32294290.299999993
2025-08-01 09:40:27 AM,582.6,0,0.0,32294290.299999993
2025-08-01 09:40:32 AM,582.15,61,35511.15,32329801.44999999
2025-08-01 09:40:38 AM,582.15,127,73933.05,32403734.499999993
2025-08-01 09:40:52 AM,582.1,160,93136.0,32496870.499999993
2025-08-01 09:41:12 AM,582.6,69,40199.4,32537069.89999999
2025-08-01 09:41:18 AM,582.6,3,1747.8000000000002,32538817.69999999
2025-08-01 09:41:24 AM,582.65,0,0.0,32538817.69999999
2025-08-01 09:41:25 AM,582.65,5,2913.25,32541730.94999999
2025-08-01 09:41:28 AM,582.2,0,0.0,32541730.94999999
2025-08-01 09:41:31 AM,582.2,2,1164.4,32542895.34999999
2025-08-01 09:41:36 AM,582.7,0,0.0,32542895.34999999
2025-08-01 09:41:38 AM,582.2,52,30274.4,32573169.74999999
2025-08-01 09:42:00 AM,582.65,0,0.0,32573169.74999999
2025-08-01 09:42:04 AM,582.65,13,7574.45,32580744.199999988
2025-08-01 09:42:05 AM,582.65,100,58265.0,32639009.199999988
2025-08-01 09:42:09 AM,582.7,0,0.0,32639009.199999988
2025-08-01 09:42:11 AM,582.7,25,14567.500000000002,32653576.699999988
2025-08-01 09:42:17 AM,582.7,1,582.7,32654159.399999987
2025-08-01 09:42:18 AM,582.7,9,5244.3,32659403.699999988
2025-08-01 09:42:25 AM,583.05,1,583.05,32659986.74999999
2025-08-01 09:42:39 AM,583.0,0,0.0,32659986.74999999
2025-08-01 09:42:43 AM,583.0,1,583.0,32660569.74999999
2025-08-01 09:43:03 AM,583.0,1734,1010922.0,33671491.749999985
2025-08-01 09:43:04 AM,583.0,100,58300.0,33729791.749999985
2025-08-01 09:43:15 AM,582.9,0,0.0,33729791.749999985
2025-08-01 09:43:16 AM,582.9,17,9909.3,33739701.04999998
2025-08-01 09:43:47 AM,582.85,0,0.0,33739701.04999998
2025-08-01 09:43:49 AM,582.85,2,1165.7,33740866.749999985
2025-08-01 09:43:50 AM,582.9,10,5829.0,33746695.749999985
2025-08-01 09:43:51 AM,583.0,0,0.0,33746695.749999985
2025-08-01 09:43:55 AM,582.3,0,0.0,33746695.749999985
2025-08-01 09:43:55 AM,582.3,476,277174.8,34023870.54999998
2025-08-01 09:44:02 AM,582.8,7,4079.5999999999995,34027950.14999998
2025-08-01 09:44:16 AM,582.8,25,14569.999999999998,34042520.14999998
2025-08-01 09:44:19 AM,582.9,0,0.0,34042520.14999998
2025-08-01 09:44:22 AM,583.0,55,32065.0,34074585.14999998
2025-08-01 09:44:35 AM,582.35,590,343586.5,34418171.64999998
2025-08-01 09:44:36 AM,582.1,305,177540.5,34595712.14999998
2025-08-01 09:44:39 AM,581.5,0,0.0,34595712.14999998
2025-08-01 09:44:41 AM,581.9,0,0.0,34595712.14999998
2025-08-01 09:44:41 AM,581.9,732,425950.8,35021662.94999998
2025-08-01 09:44:48 AM,581.9,1,581.9,35022244.84999998
2025-08-01 09:44:54 AM,581.9,11,6400.9,35028645.74999998
2025-08-01 09:45:01 AM,581.9,10,5819.0,35034464.74999998
2025-08-01 09:45:06 AM,581.8,0,0.0,35034464.74999998
2025-08-01 09:45:08 AM,581.0,607,352667.0,35387131.74999998
2025-08-01 09:45:21 AM,581.0,903,524643.0,35911774.74999998
2025-08-01 09:45:23 AM,581.15,0,0.0,35911774.74999998
2025-08-01 09:45:27 AM,580.5,385,223492.5,36135267.24999998
2025-08-01 09:45:47 AM,581.1,7,4067.7000000000003,36139334.94999998
2025-08-01 09:45:47 AM,580.5,0,0.0,36139334.94999998
2025-08-01 09:45:48 AM,580.5,293,170086.5,36309421.44999998
2025-08-01 09:46:06 AM,580.5,580,336690.0,36646111.44999998
2025-08-01 09:46:11 AM,581.0,0,0.0,36646111.44999998
2025-08-01 09:46:12 AM,581.0,100,58100.0,36704211.44999998
2025-08-01 09:46:25 AM,581.0,524,304444.0,37008655.44999998
2025-08-01 09:46:33 AM,580.55,0,0.0,37008655.44999998
2025-08-01 09:46:34 AM,580.55,1001,581130.5499999999,37589785.99999998
2025-08-01 09:46:36 AM,580.9,0,0.0,37589785.99999998
2025-08-01 09:46:38 AM,580.9,20,11618.0,37601403.99999998
2025-08-01 09:46:49 AM,581.0,0,0.0,37601403.99999998
2025-08-01 09:46:50 AM,581.0,10,5810.0,37607213.99999998
2025-08-01 09:47:03 AM,580.3,183,106194.9,37713408.899999976
2025-08-01 09:47:05 AM,580.6,2,1161.2,37714570.09999998
2025-08-01 09:47:09 AM,580.6,1,580.6,37715150.69999998
2025-08-01 09:47:21 AM,580.6,3,1741.8000000000002,37716892.49999998
2025-08-01 09:47:34 AM,580.0,1890,1096200.0,38813092.49999998
2025-08-01 09:47:38 AM,580.4,0,0.0,38813092.49999998
2025-08-01 09:47:40 AM,580.2,0,0.0,38813092.49999998
2025-08-01 09:47:41 AM,580.2,435,252387.00000000003,39065479.49999998
2025-08-01 09:47:44 AM,580.45,1,580.45,39066059.94999998
2025-08-01 09:47:50 AM,580.45,22,12769.900000000001,39078829.84999998
2025-08-01 09:47:58 AM,580.05,0,0.0,39078829.84999998
2025-08-01 09:48:01 AM,580.4,11,6384.4,39085214.24999998
2025-08-01 09:48:03 AM,580.0,0,0.0,39085214.24999998
2025-08-01 09:48:04 AM,580.0,100,58000.0,39143214.24999998
2025-08-01 09:48:16 AM,580.0,25,14500.0,39157714.24999998
2025-08-01 09:48:19 AM,580.4,0,0.0,39157714.24999998
2025-08-01 09:48:20 AM,580.4,11,6384.4,39164098.649999976
2025-08-01 09:48:40 AM,580.4,25,14510.0,39178608.649999976
2025-08-01 09:48:42 AM,580.75,201,116730.75,39295339.399999976
2025-08-01 09:48:43 AM,580.4,0,0.0,39295339.399999976
2025-08-01 09:48:46 AM,580.4,5,2902.0,39298241.399999976
2025-08-01 09:48:47 AM,580.65,0,0.0,39298241.399999976
2025-08-01 09:48:49 AM,580.65,1,580.65,39298822.049999975
2025-08-01 09:48:55 AM,580.65,51,29613.149999999998,39328435.19999997
2025-08-01 09:49:01 AM,580.55,114,66182.7,39394617.899999976
2025-08-01 09:49:11 AM,580.0,0,0.0,39394617.899999976
2025-08-01 09:49:11 AM,580.55,154,89404.7,39484022.59999998
2025-08-01 09:49:15 AM,581.1,0,0.0,39484022.59999998
2025-08-01 09:49:17 AM,581.1,641,372485.10000000003,39856507.69999998
2025-08-01 09:49:22 AM,581.15,0,0.0,39856507.69999998
2025-08-01 09:49:24 AM,581.15,100,58115.0,39914622.69999998
2025-08-01 09:49:34 AM,581.05,0,0.0,39914622.69999998
2025-08-01 09:49:36 AM,581.05,102,59267.1,39973889.79999998
2025-08-01 09:49:39 AM,581.15,9,5230.349999999999,39979120.14999998
2025-08-01 09:49:45 AM,581.35,150,87202.5,40066322.64999998
2025-08-01 09:49:49 AM,580.3,0,0.0,40066322.64999998
2025-08-01 09:49:49 AM,580.3,2611,1515163.2999999998,41581485.94999998
2025-08-01 09:49:52 AM,580.15,0,0.0,41581485.94999998
2025-08-01 09:49:55 AM,579.55,0,0.0,41581485.94999998
2025-08-01 09:49:55 AM,579.55,4174,2419041.6999999997,44000527.64999998
2025-08-01 09:50:00 AM,579.0,0,0.0,44000527.64999998
2025-08-01 09:50:02 AM,579.0,915,529785.0,44530312.64999998
2025-08-01 09:50:06 AM,579.75,0,0.0,44530312.64999998
2025-08-01 09:50:08 AM,579.75,955,553661.25,45083973.89999998
2025-08-01 09:50:09 AM,581.25,0,0.0,45083973.89999998
2025-08-01 09:50:11 AM,581.25,801,465581.25,45549555.14999998
2025-08-01 09:50:18 AM,582.15,968,563521.2,46113076.34999999
2025-08-01 09:50:21 AM,581.65,500,290825.0,46403901.34999999
2025-08-01 09:50:41 AM,581.8,0,0.0,46403901.34999999
2025-08-01 09:50:42 AM,581.8,5,2909.0,46406810.34999999
2025-08-01 09:50:49 AM,581.8,7,4072.5999999999995,46410882.94999999
2025-08-01 09:51:14 AM,582.25,0,0.0,46410882.94999999
2025-08-01 09:51:17 AM,582.55,0,0.0,46410882.94999999
2025-08-01 09:51:18 AM,582.55,13,7573.15,46418456.09999999
2025-08-01 09:51:40 AM,582.75,0,0.0,46418456.09999999
2025-08-01 09:51:43 AM,582.75,1023,596153.25,47014609.34999999
2025-08-01 09:51:51 AM,582.55,0,0.0,47014609.34999999
2025-08-01 09:51:51 AM,582.55,80,46604.0,47061213.34999999
2025-08-01 09:52:02 AM,582.65,0,0.0,47061213.34999999
2025-08-01 09:52:04 AM,582.65,10,5826.5,47067039.84999999
2025-08-01 09:52:16 AM,582.65,12,6991.799999999999,47074031.64999998
2025-08-01 09:52:26 AM,583.2,0,0.0,47074031.64999998
2025-08-01 09:52:28 AM,583.2,833,485805.60000000003,47559837.249999985
2025-08-01 09:52:46 AM,583.15,8,4665.2,47564502.44999999
2025-08-01 09:52:53 AM,583.2,150,87480.0,47651982.44999999
2025-08-01 09:52:56 AM,583.05,751,437870.55,48089852.999999985
2025-08-01 09:53:04 AM,583.2,25,14580.000000000002,48104432.999999985
2025-08-01 09:53:23 AM,583.2,5,2916.0,48107348.999999985
2025-08-01 09:53:27 AM,583.2,2,1166.4,48108515.39999998
2025-08-01 09:53:27 AM,582.75,0,0.0,48108515.39999998
2025-08-01 09:53:29 AM,582.75,3663,2134613.25,50243128.64999998
2025-08-01 09:53:30 AM,581.9,0,0.0,50243128.64999998
2025-08-01 09:53:33 AM,581.9,324,188535.6,50431664.249999985
2025-08-01 09:53:35 AM,581.9,13,7564.7,50439228.94999999
2025-08-01 09:53:46 AM,581.9,366,212975.4,50652204.34999999
2025-08-01 09:54:21 AM,581.85,0,0.0,50652204.34999999
2025-08-01 09:54:23 AM,581.85,155,90186.75,50742391.09999999
2025-08-01 09:54:41 AM,581.85,4,2327.4,50744718.499999985
2025-08-01 09:54:47 AM,581.85,1,581.85,50745300.34999999
2025-08-01 09:54:58 AM,581.9,0,0.0,50745300.34999999
2025-08-01 09:54:59 AM,581.9,100,58190.0,50803490.34999999
2025-08-01 09:55:18 AM,581.55,2,1163.1,50804653.44999999
2025-08-01 09:55:31 AM,581.9,0,0.0,50804653.44999999
2025-08-01 09:55:34 AM,581.9,15,8728.5,50813381.94999999
2025-08-01 09:55:57 AM,581.85,0,0.0,50813381.94999999
2025-08-01 09:55:59 AM,581.9,29,16875.1,50830257.04999999
2025-08-01 09:56:05 AM,581.9,25,14547.5,50844804.54999999
2025-08-01 09:56:11 AM,581.9,1,581.9,50845386.44999999
2025-08-01 09:56:29 AM,581.0,1052,611212.0,51456598.44999999
2025-08-01 09:56:40 AM,581.3,3109,1807261.7,53263860.14999999
2025-08-01 09:57:11 AM,581.5,1,581.5,53264441.64999999
2025-08-01 09:57:18 AM,581.6,106,61649.600000000006,53326091.24999999
2025-08-01 09:57:21 AM,582.0,0,0.0,53326091.24999999
2025-08-01 09:57:22 AM,582.0,114,66348.0,53392439.24999999
2025-08-01 09:57:33 AM,581.85,50,29092.5,53421531.74999999
2025-08-01 09:58:10 AM,581.75,5,2908.75,53424440.49999999
2025-08-01 09:58:13 AM,581.75,5,2908.75,53427349.24999999
2025-08-01 09:58:34 AM,581.75,9,5235.75,53432584.99999999
2025-08-01 09:58:42 AM,581.7,0,0.0,53432584.99999999
2025-08-01 09:58:43 AM,581.7,35,20359.5,53452944.49999999
2025-08-01 09:58:55 AM,580.95,1288,748263.6000000001,54201208.099999994
2025-08-01 09:58:58 AM,580.75,0,0.0,54201208.099999994
2025-08-01 09:58:59 AM,580.75,10,5807.5,54207015.599999994
2025-08-01 09:59:11 AM,580.55,20,11611.0,54218626.599999994
2025-08-01 09:59:16 AM,580.5,0,0.0,54218626.599999994
2025-08-01 09:59:17 AM,580.5,100,58050.0,54276676.599999994
2025-08-01 09:59:24 AM,580.35,3,1741.0500000000002,54278417.64999999
2025-08-01 09:59:36 AM,580.05,10,5800.5,54284218.14999999
2025-08-01 09:59:44 AM,580.0,0,0.0,54284218.14999999
2025-08-01 09:59:45 AM,580.0,25,14500.0,54298718.14999999
2025-08-01 09:59:57 AM,580.4,0,0.0,54298718.14999999
2025-08-01 09:59:57 AM,580.4,1,580.4,54299298.54999999
2025-08-01 10:00:23 AM,580.4,1,580.4,54299878.94999999
2025-08-01 10:00:32 AM,580.4,1,580.4,54300459.34999999
2025-08-01 10:00:45 AM,580.4,2,1160.8,54301620.14999998
2025-08-01 10:00:55 AM,580.4,1,580.4,54302200.54999998
2025-08-01 10:01:10 AM,580.4,221,128268.4,54430468.94999998
2025-08-01 10:01:18 AM,580.25,0,0.0,54430468.94999998
2025-08-01 10:01:20 AM,580.25,4,2321.0,54432789.94999998
2025-08-01 10:01:22 AM,580.55,0,0.0,54432789.94999998
2025-08-01 10:01:23 AM,580.55,9,5224.95,54438014.89999998
2025-08-01 10:01:41 AM,580.55,60,34833.0,54472847.89999998
2025-08-01 10:01:47 AM,580.1,0,0.0,54472847.89999998
2025-08-01 10:01:47 AM,580.1,156,90495.6,54563343.499999985
2025-08-01 10:01:57 AM,580.1,100,58010.0,54621353.499999985
2025-08-01 10:02:03 AM,580.45,0,0.0,54621353.499999985
2025-08-01 10:02:03 AM,580.45,1,580.45,54621933.94999999
2025-08-01 10:02:18 AM,580.4,1,580.4,54622514.34999999
2025-08-01 10:02:19 AM,580.1,0,0.0,54622514.34999999
2025-08-01 10:02:22 AM,580.1,1,580.1,54623094.44999999
2025-08-01 10:02:28 AM,580.45,0,0.0,54623094.44999999
2025-08-01 10:02:29 AM,580.45,7,4063.1500000000005,54627157.59999999
2025-08-01 10:02:41 AM,580.45,2,1160.9,54628318.499999985
2025-08-01 10:02:43 AM,580.45,18,10448.1,54638766.59999999
2025-08-01 10:02:46 AM,580.6,0,0.0,54638766.59999999
2025-08-01 10:02:48 AM,580.6,492,285655.2,54924421.79999999
2025-08-01 10:03:00 AM,580.45,250,145112.5,55069534.29999999
2025-08-01 10:03:15 AM,580.95,30,17428.5,55086962.79999999
2025-08-01 10:03:22 AM,580.25,0,0.0,55086962.79999999
2025-08-01 10:03:22 AM,580.25,500,290125.0,55377087.79999999
2025-08-01 10:03:26 AM,580.85,0,0.0,55377087.79999999
2025-08-01 10:03:26 AM,580.85,1,580.85,55377668.64999999
2025-08-01 10:03:33 AM,580.8,240,139392.0,55517060.64999999
2025-08-01 10:03:51 AM,580.8,100,58079.99999999999,55575140.64999999
2025-08-01 10:04:10 AM,581.35,0,0.0,55575140.64999999
2025-08-01 10:04:10 AM,581.35,28,16277.800000000001,55591418.44999999
2025-08-01 10:05:14 AM,581.7,25,14542.500000000002,55605960.94999999
2025-08-01 10:05:18 AM,581.3,128,74406.4,55680367.34999999
2025-08-01 10:05:31 AM,581.3,105,61036.49999999999,55741403.84999999
2025-08-01 10:05:43 AM,581.7,0,0.0,55741403.84999999
2025-08-01 10:05:43 AM,581.7,40,23268.0,55764671.84999999
2025-08-01 10:05:51 AM,581.1,100,58110.0,55822781.84999999
2025-08-01 10:05:57 AM,581.55,30,17446.5,55840228.34999999
2025-08-01 10:06:27 AM,581.0,0,0.0,55840228.34999999
2025-08-01 10:06:27 AM,581.0,1095,636195.0,56476423.34999999
2025-08-01 10:06:32 AM,580.5,5,2902.5,56479325.84999999
2025-08-01 10:06:36 AM,581.0,501,291081.0,56770406.84999999
2025-08-01 10:06:41 AM,580.5,0,0.0,56770406.84999999
2025-08-01 10:06:42 AM,580.5,3,1741.5,56772148.34999999
2025-08-01 10:06:44 AM,580.5,79,45859.5,56818007.84999999
2025-08-01 10:06:50 AM,580.85,20,11617.0,56829624.84999999
2025-08-01 10:07:03 AM,580.55,40,23222.0,56852846.84999999
2025-08-01 10:07:07 AM,580.5,0,0.0,56852846.84999999
2025-08-01 10:07:07 AM,580.5,11,6385.5,56859232.34999999
2025-08-01 10:07:13 AM,580.5,30,17415.0,56876647.34999999
2025-08-01 10:07:15 AM,580.5,150,87075.0,56963722.34999999
2025-08-01 10:07:17 AM,580.25,0,0.0,56963722.34999999
2025-08-01 10:07:20 AM,580.25,353,204828.25,57168550.59999999
2025-08-01 10:07:26 AM,580.7,0,0.0,57168550.59999999
2025-08-01 10:07:26 AM,580.7,220,127754.00000000001,57296304.59999999
2025-08-01 10:07:28 AM,580.8,1,580.8,57296885.39999998
2025-08-01 10:07:32 AM,580.85,5,2904.25,57299789.64999998
2025-08-01 10:07:46 AM,581.4,25,14535.0,57314324.64999998
2025-08-01 10:07:52 AM,580.85,15,8712.75,57323037.39999998
2025-08-01 10:08:09 AM,580.2,2500,1450500.0,58773537.39999998
2025-08-01 10:08:15 AM,580.45,8,4643.6,58778180.999999985
2025-08-01 10:08:18 AM,580.8,0,0.0,58778180.999999985
2025-08-01 10:08:21 AM,580.75,0,0.0,58778180.999999985
2025-08-01 10:08:21 AM,580.75,55,31941.25,58810122.249999985
2025-08-01 10:08:30 AM,580.9,0,0.0,58810122.249999985
2025-08-01 10:08:34 AM,580.9,50,29045.0,58839167.249999985
2025-08-01 10:08:43 AM,580.8,0,0.0,58839167.249999985
2025-08-01 10:08:45 AM,580.8,5,2904.0,58842071.249999985
2025-08-01 10:08:51 AM,580.8,7,4065.5999999999995,58846136.84999999
2025-08-01 10:09:15 AM,580.8,1,580.8,58846717.64999998
2025-08-01 10:09:19 AM,581.05,0,0.0,58846717.64999998
2025-08-01 10:09:21 AM,581.05,63,36606.149999999994,58883323.79999998
2025-08-01 10:09:38 AM,581.05,2,1162.1,58884485.89999998
2025-08-01 10:09:48 AM,580.85,0,0.0,58884485.89999998
2025-08-01 10:09:50 AM,580.85,4,2323.4,58886809.29999998
2025-08-01 10:09:57 AM,581.05,0,0.0,58886809.29999998
2025-08-01 10:09:57 AM,581.05,8,4648.4,58891457.69999998
2025-08-01 10:10:00 AM,581.5,0,0.0,58891457.69999998
2025-08-01 10:10:01 AM,581.5,50,29075.0,58920532.69999998
2025-08-01 10:10:38 AM,581.5,100,58150.0,58978682.69999998
2025-08-01 10:10:42 AM,581.1,0,0.0,58978682.69999998
2025-08-01 10:10:43 AM,581.1,1,581.1,58979263.79999998
2025-08-01 10:11:30 AM,581.1,8,4648.8,58983912.59999998
2025-08-01 10:11:36 AM,581.55,0,0.0,58983912.59999998
2025-08-01 10:11:37 AM,581.55,100,58154.99999999999,59042067.59999998
2025-08-01 10:11:43 AM,581.55,2,1163.1,59043230.69999998
2025-08-01 10:11:47 AM,581.6,15,8724.0,59051954.69999998
2025-08-01 10:11:53 AM,581.6,20,11632.0,59063586.69999998
2025-08-01 10:12:00 AM,581.6,13,7560.8,59071147.49999998
2025-08-01 10:12:22 AM,581.6,10,5816.0,59076963.49999998
2025-08-01 10:12:45 AM,581.6,25,14540.0,59091503.49999998
2025-08-01 10:12:51 AM,581.7,120,69804.0,59161307.49999998
2025-08-01 10:12:57 AM,581.6,12,6979.200000000001,59168286.69999998
2025-08-01 10:13:03 AM,581.6,6,3489.6000000000004,59171776.29999998
2025-08-01 10:13:26 AM,581.6,50,29080.0,59200856.29999998
2025-08-01 10:13:30 AM,581.65,0,0.0,59200856.29999998
2025-08-01 10:13:32 AM,581.65,18,10469.699999999999,59211325.999999985
2025-08-01 10:13:36 AM,581.7,0,0.0,59211325.999999985
2025-08-01 10:13:38 AM,581.7,6,3490.2000000000003,59214816.19999999
2025-08-01 10:13:42 AM,581.65,0,0.0,59214816.19999999
2025-08-01 10:13:44 AM,581.65,3,1744.9499999999998,59216561.14999999
2025-08-01 10:13:50 AM,581.65,8,4653.2,59221214.349999994
2025-08-01 10:14:00 AM,581.2,0,0.0,59221214.349999994
2025-08-01 10:14:02 AM,581.2,46,26735.2,59247949.55
2025-08-01 10:14:06 AM,581.6,0,0.0,59247949.55
2025-08-01 10:14:07 AM,581.6,11,6397.6,59254347.15
2025-08-01 10:14:31 AM,581.2,14,8136.800000000001,59262483.949999996
2025-08-01 10:15:30 AM,581.65,0,0.0,59262483.949999996
2025-08-01 10:15:30 AM,581.65,2,1163.3,59263647.24999999
2025-08-01 10:15:41 AM,581.65,1,581.65,59264228.89999999
2025-08-01 10:15:51 AM,581.2,0,0.0,59264228.89999999
2025-08-01 10:15:53 AM,581.65,0,0.0,59264228.89999999
2025-08-01 10:15:53 AM,581.65,220,127963.0,59392191.89999999
2025-08-01 10:16:08 AM,581.7,0,0.0,59392191.89999999
2025-08-01 10:16:10 AM,581.7,11,6398.700000000001,59398590.599999994
2025-08-01 10:16:16 AM,581.7,18,10470.6,59409061.199999996
2025-08-01 10:16:17 AM,581.7,12,6980.400000000001,59416041.599999994
2025-08-01 10:16:20 AM,581.85,0,0.0,59416041.599999994
2025-08-01 10:16:22 AM,581.85,150,87277.5,59503319.099999994
2025-08-01 10:16:34 AM,581.3,8,4650.4,59507969.49999999
2025-08-01 10:17:06 AM,581.0,0,0.0,59507969.49999999
2025-08-01 10:17:07 AM,581.0,1597,927857.0,60435826.49999999
2025-08-01 10:17:24 AM,580.8,0,0.0,60435826.49999999
2025-08-01 10:17:25 AM,580.8,20,11616.0,60447442.49999999
2025-08-01 10:17:27 AM,580.5,0,0.0,60447442.49999999
2025-08-01 10:17:31 AM,580.5,15,8707.5,60456149.99999999
2025-08-01 10:17:39 AM,580.85,0,0.0,60456149.99999999
2025-08-01 10:17:42 AM,580.85,527,306107.95,60762257.949999996
2025-08-01 10:17:51 AM,581.0,0,0.0,60762257.949999996
2025-08-01 10:17:54 AM,581.0,100,58100.0,60820357.949999996
2025-08-01 10:17:56 AM,580.6,0,0.0,60820357.949999996
2025-08-01 10:18:00 AM,580.6,100,58060.0,60878417.949999996
2025-08-01 10:18:32 AM,581.0,0,0.0,60878417.949999996
2025-08-01 10:18:35 AM,581.0,14,8134.0,60886551.949999996
2025-08-01 10:18:52 AM,581.0,3,1743.0,60888294.949999996
2025-08-01 10:18:55 AM,580.6,0,0.0,60888294.949999996
2025-08-01 10:18:57 AM,580.6,2,1161.2,60889456.15
2025-08-01 10:19:06 AM,581.1,0,0.0,60889456.15
2025-08-01 10:19:09 AM,581.1,928,539260.8,61428716.949999996
2025-08-01 10:19:21 AM,581.8,5,2909.0,61431625.949999996
2025-08-01 10:19:21 AM,581.85,10,5818.5,61437444.449999996
2025-08-01 10:19:24 AM,582.5,0,0.0,61437444.449999996
2025-08-01 10:19:25 AM,581.85,0,0.0,61437444.449999996
2025-08-01 10:19:26 AM,581.85,1205,701129.25,62138573.699999996
2025-08-01 10:19:37 AM,581.65,0,0.0,62138573.699999996
2025-08-01 10:19:38 AM,581.65,95,55256.75,62193830.449999996
2025-08-01 10:19:43 AM,582.15,0,0.0,62193830.449999996
2025-08-01 10:19:43 AM,582.15,7,4075.0499999999997,62197905.49999999
2025-08-01 10:20:24 AM,582.15,818,476198.69999999995,62674104.199999996
2025-08-01 10:20:36 AM,581.5,0,0.0,62674104.199999996
2025-08-01 10:20:36 AM,581.5,23,13374.5,62687478.699999996
2025-08-01 10:21:15 AM,582.0,0,0.0,62687478.699999996
2025-08-01 10:21:15 AM,582.0,5,2910.0,62690388.699999996
2025-08-01 10:21:21 AM,582.0,500,291000.0,62981388.699999996
2025-08-01 10:21:36 AM,581.95,0,0.0,62981388.699999996
2025-08-01 10:21:37 AM,581.95,20,11639.0,62993027.699999996
2025-08-01 10:21:48 AM,582.0,45,26190.0,63019217.699999996
2025-08-01 10:22:13 AM,582.05,12,6984.599999999999,63026202.3
2025-08-01 10:22:29 AM,582.6,0,0.0,63026202.3
2025-08-01 10:22:29 AM,582.6,14,8156.400000000001,63034358.699999996
2025-08-01 10:22:36 AM,582.0,0,0.0,63034358.699999996
2025-08-01 10:22:36 AM,582.35,957,557308.9500000001,63591667.65
2025-08-01 10:22:42 AM,582.0,0,0.0,63591667.65
2025-08-01 10:22:42 AM,582.0,75,43650.0,63635317.65
2025-08-01 10:22:45 AM,582.6,15,8739.0,63644056.65
2025-08-01 10:22:51 AM,582.6,50,29130.0,63673186.65
2025-08-01 10:22:57 AM,582.15,0,0.0,63673186.65
2025-08-01 10:22:58 AM,582.15,9,5239.349999999999,63678426.0
2025-08-01 10:23:04 AM,582.8,500,291400.0,63969826.0
2025-08-01 10:23:09 AM,583.0,0,0.0,63969826.0
2025-08-01 10:23:10 AM,583.0,967,563761.0,64533587.0
2025-08-01 10:23:23 AM,584.0,0,0.0,64533587.0
2025-08-01 10:23:24 AM,584.15,4329,2528785.35,67062372.35
2025-08-01 10:23:27 AM,582.95,0,0.0,67062372.35
2025-08-01 10:23:28 AM,582.45,12229,7122781.050000001,74185153.4
2025-08-01 10:23:30 AM,582.65,0,0.0,74185153.4
2025-08-01 10:23:30 AM,582.65,50,29132.5,74214285.9
2025-08-01 10:23:44 AM,582.95,0,0.0,74214285.9
2025-08-01 10:23:45 AM,582.95,419,244256.05000000002,74458541.95
2025-08-01 10:23:54 AM,583.0,0,0.0,74458541.95
2025-08-01 10:23:56 AM,583.0,13,7579.0,74466120.95
2025-08-01 10:23:58 AM,583.5,0,0.0,74466120.95
2025-08-01 10:23:58 AM,583.5,65,37927.5,74504048.45
2025-08-01 10:24:05 AM,583.45,0,0.0,74504048.45
2025-08-01 10:24:07 AM,583.45,26,15169.7,74519218.15
2025-08-01 10:24:13 AM,583.45,10,5834.5,74525052.65
2025-08-01 10:24:14 AM,582.75,0,0.0,74525052.65
2025-08-01 10:24:14 AM,582.75,151,87995.25,74613047.9
2025-08-01 10:24:32 AM,582.55,0,0.0,74613047.9
2025-08-01 10:24:34 AM,582.55,1,582.55,74613630.45
2025-08-01 10:24:38 AM,583.15,0,0.0,74613630.45
2025-08-01 10:24:40 AM,583.15,61,35572.15,74649202.60000001
2025-08-01 10:24:48 AM,582.0,0,0.0,74649202.60000001
2025-08-01 10:24:51 AM,582.0,2147,1249554.0,75898756.60000001
2025-08-01 10:25:01 AM,582.0,10,5820.0,75904576.60000001
2025-08-01 10:25:04 AM,582.0,100,58200.0,75962776.60000001
2025-08-01 10:25:10 AM,582.0,20,11640.0,75974416.60000001
2025-08-01 10:25:19 AM,582.15,100,58215.0,76032631.60000001
2025-08-01 10:25:22 AM,581.9,0,0.0,76032631.60000001
2025-08-01 10:25:22 AM,581.9,1153,670930.7,76703562.30000001
2025-08-01 10:25:25 AM,581.25,0,0.0,76703562.30000001
2025-08-01 10:25:25 AM,581.25,65,37781.25,76741343.55000001
2025-08-01 10:25:28 AM,581.95,90,52375.50000000001,76793719.05000001
2025-08-01 10:25:30 AM,581.4,0,0.0,76793719.05000001
2025-08-01 10:25:31 AM,581.4,7,4069.7999999999997,76797788.85000001
2025-08-01 10:25:34 AM,581.6,0,0.0,76797788.85000001
2025-08-01 10:25:36 AM,581.6,100,58160.0,76855948.85000001
2025-08-01 10:25:39 AM,581.6,7,4071.2000000000003,76860020.05000001
2025-08-01 10:25:44 AM,581.9,250,145475.0,77005495.05000001
2025-08-01 10:26:06 AM,581.75,0,0.0,77005495.05000001
2025-08-01 10:26:06 AM,581.75,1,581.75,77006076.80000001
2025-08-01 10:26:09 AM,581.7,0,0.0,77006076.80000001
2025-08-01 10:26:09 AM,581.7,1,581.7,77006658.50000001
2025-08-01 10:26:39 AM,581.65,0,0.0,77006658.50000001
2025-08-01 10:26:40 AM,581.65,5,2908.25,77009566.75000001
2025-08-01 10:26:48 AM,581.7,0,0.0,77009566.75000001
2025-08-01 10:26:49 AM,581.7,103,59915.100000000006,77069481.85000001
2025-08-01 10:26:52 AM,581.5,2,1163.0,77070644.85000001
2025-08-01 10:27:24 AM,581.0,0,0.0,77070644.85000001
2025-08-01 10:27:26 AM,581.0,1518,881958.0,77952602.85000001
2025-08-01 10:27:31 AM,581.35,0,0.0,77952602.85000001
2025-08-01 10:27:32 AM,581.35,639,371482.65,78324085.50000001
2025-08-01 10:27:53 AM,581.0,8,4648.0,78328733.50000001
2025-08-01 10:28:04 AM,580.6,0,0.0,78328733.50000001
2025-08-01 10:28:04 AM,580.6,10,5806.0,78334539.50000001
2025-08-01 10:28:11 AM,581.0,0,0.0,78334539.50000001
2025-08-01 10:28:12 AM,581.0,50,29050.0,78363589.50000001
2025-08-01 10:28:26 AM,580.95,100,58095.00000000001,78421684.50000001
2025-08-01 10:28:51 AM,581.0,0,0.0,78421684.50000001
2025-08-01 10:28:51 AM,581.0,500,290500.0,78712184.50000001
2025-08-01 10:29:02 AM,581.0,2,1162.0,78713346.50000001
2025-08-01 10:29:19 AM,581.0,10,5810.0,78719156.50000001
2025-08-01 10:29:20 AM,580.55,0,0.0,78719156.50000001
2025-08-01 10:29:21 AM,580.55,75,43541.25,78762697.75000001
2025-08-01 10:29:30 AM,580.55,125,72568.75,78835266.50000001
2025-08-01 10:29:58 AM,580.7,0,0.0,78835266.50000001
2025-08-01 10:30:00 AM,580.7,1,580.7,78835847.20000002
2025-08-01 10:30:03 AM,581.0,0,0.0,78835847.20000002
2025-08-01 10:30:03 AM,581.0,3,1743.0,78837590.20000002
2025-08-01 10:30:17 AM,580.6,35,20321.0,78857911.20000002
2025-08-01 10:30:36 AM,581.0,0,0.0,78857911.20000002
2025-08-01 10:30:37 AM,581.0,256,148736.0,79006647.20000002
2025-08-01 10:30:40 AM,581.75,744,432822.0,79439469.20000002
2025-08-01 10:30:46 AM,581.0,0,0.0,79439469.20000002
2025-08-01 10:30:46 AM,581.0,73,42413.0,79481882.20000002
2025-08-01 10:30:50 AM,580.3,0,0.0,79481882.20000002
2025-08-01 10:30:52 AM,580.3,3392,1968377.5999999999,81450259.80000001
2025-08-01 10:30:54 AM,580.95,0,0.0,81450259.80000001
2025-08-01 10:30:54 AM,580.95,500,290475.0,81740734.80000001
2025-08-01 10:31:17 AM,580.15,0,0.0,81740734.80000001
2025-08-01 10:31:18 AM,580.15,187,108488.05,81849222.85000001
2025-08-01 10:31:23 AM,580.5,0,0.0,81849222.85000001
2025-08-01 10:31:23 AM,580.5,40,23220.0,81872442.85000001
2025-08-01 10:31:26 AM,580.75,1607,933265.25,82805708.10000001
2025-08-01 10:31:43 AM,581.65,10,5816.5,82811524.60000001
2025-08-01 10:31:48 AM,580.75,8031,4664003.25,87475527.85000001
2025-08-01 10:31:49 AM,580.0,0,0.0,87475527.85000001
2025-08-01 10:31:51 AM,580.0,564,327120.0,87802647.85000001
2025-08-01 10:32:04 AM,580.3,0,0.0,87802647.85000001
2025-08-01 10:32:04 AM,580.3,5,2901.5,87805549.35000001
2025-08-01 10:32:30 AM,580.2,0,0.0,87805549.35000001
2025-08-01 10:32:31 AM,580.2,200,116040.00000000001,87921589.35000001
2025-08-01 10:32:34 AM,580.2,172,99794.40000000001,88021383.75000001
2025-08-01 10:32:37 AM,580.2,26,15085.2,88036468.95000002
2025-08-01 10:32:40 AM,580.2,25,14505.000000000002,88050973.95000002
2025-08-01 10:32:43 AM,580.2,1,580.2,88051554.15000002
2025-08-01 10:33:03 AM,580.2,7,4061.4000000000005,88055615.55000003
2025-08-01 10:33:11 AM,580.2,1,580.2,88056195.75000003
2025-08-01 10:33:17 AM,580.2,5,2901.0,88059096.75000003
2025-08-01 10:33:25 AM,580.2,50,29010.000000000004,88088106.75000003
2025-08-01 10:33:30 AM,580.25,0,0.0,88088106.75000003
2025-08-01 10:33:30 AM,580.25,1,580.25,88088687.00000003
2025-08-01 10:33:48 AM,581.0,0,0.0,88088687.00000003
2025-08-01 10:33:50 AM,581.0,1700,987700.0,89076387.00000003
2025-08-01 10:33:52 AM,580.6,0,0.0,89076387.00000003
2025-08-01 10:33:53 AM,580.6,1,580.6,89076967.60000002
2025-08-01 10:34:04 AM,580.85,0,0.0,89076967.60000002
2025-08-01 10:34:04 AM,580.85,52,30204.2,89107171.80000003
2025-08-01 10:34:09 AM,581.3,17,9882.099999999999,89117053.90000002
2025-08-01 10:34:22 AM,580.95,0,0.0,89117053.90000002
2025-08-01 10:34:24 AM,580.95,18,10457.1,89127511.00000001
2025-08-01 10:34:32 AM,581.15,1,581.15,89128092.15000002
2025-08-01 10:34:53 AM,581.15,100,58115.0,89186207.15000002
2025-08-01 10:35:21 AM,581.15,50,29057.5,89215264.65000002
2025-08-01 10:35:32 AM,581.1,22,12784.2,89228048.85000002
2025-08-01 10:35:43 AM,580.0,0,0.0,89228048.85000002
2025-08-01 10:35:44 AM,579.85,9079,5264458.15,94492507.00000003
2025-08-01 10:35:46 AM,580.15,0,0.0,94492507.00000003
2025-08-01 10:35:46 AM,580.15,50,29007.5,94521514.50000003
2025-08-01 10:35:51 AM,579.55,11,6375.049999999999,94527889.55000003
2025-08-01 10:36:06 AM,580.25,0,0.0,94527889.55000003
2025-08-01 10:36:06 AM,580.25,339,196704.75,94724594.30000003
2025-08-01 10:36:11 AM,580.5,0,0.0,94724594.30000003
2025-08-01 10:36:11 AM,580.5,8191,4754875.5,99479469.80000003
2025-08-01 10:36:14 AM,580.1,0,0.0,99479469.80000003
2025-08-01 10:36:14 AM,580.1,622,360822.2,99840292.00000003
2025-08-01 10:36:20 AM,580.3,405,235021.49999999997,100075313.50000003
2025-08-01 10:36:23 AM,580.3,245,142173.5,100217487.00000003
2025-08-01 10:36:24 AM,580.5,0,0.0,100217487.00000003
2025-08-01 10:36:25 AM,580.5,191,110875.5,100328362.50000003
2025-08-01 10:36:27 AM,581.15,0,0.0,100328362.50000003
2025-08-01 10:36:28 AM,581.15,400,232460.0,100560822.50000003
2025-08-01 10:36:29 AM,581.25,0,0.0,100560822.50000003
2025-08-01 10:36:31 AM,580.65,51,29613.149999999998,100590435.65000004
2025-08-01 10:36:43 AM,579.95,0,0.0,100590435.65000004
2025-08-01 10:36:45 AM,579.95,10014,5807619.300000001,106398054.95000003
2025-08-01 10:36:46 AM,580.3,0,0.0,106398054.95000003
2025-08-01 10:36:47 AM,580.2,0,0.0,106398054.95000003
2025-08-01 10:36:47 AM,580.2,1320,765864.0000000001,107163918.95000003
2025-08-01 10:36:55 AM,580.25,0,0.0,107163918.95000003
2025-08-01 10:36:56 AM,580.25,5,2901.25,107166820.20000003
2025-08-01 10:37:07 AM,580.25,75,43518.75,107210338.95000003
2025-08-01 10:37:25 AM,580.55,0,0.0,107210338.95000003
2025-08-01 10:37:25 AM,580.55,1,580.55,107210919.50000003
2025-08-01 10:37:34 AM,580.65,0,0.0,107210919.50000003
2025-08-01 10:37:34 AM,580.65,4,2322.6,107213242.10000002
2025-08-01 10:37:44 AM,580.5,0,0.0,107213242.10000002
2025-08-01 10:37:45 AM,580.5,50,29025.0,107242267.10000002
2025-08-01 10:37:56 AM,579.75,576,333936.0,107576203.10000002
2025-08-01 10:37:57 AM,579.7,0,0.0,107576203.10000002
2025-08-01 10:37:59 AM,579.8,0,0.0,107576203.10000002
2025-08-01 10:37:59 AM,579.8,104,60299.2,107636502.30000003
2025-08-01 10:38:14 AM,579.55,0,0.0,107636502.30000003
2025-08-01 10:38:15 AM,579.55,10,5795.5,107642297.80000003
2025-08-01 10:38:27 AM,579.55,100,57954.99999999999,107700252.80000003
2025-08-01 10:38:56 AM,579.55,50,28977.499999999996,107729230.30000003
2025-08-01 10:38:58 AM,579.55,15,8693.25,107737923.55000003
2025-08-01 10:39:07 AM,579.35,100,57935.0,107795858.55000003
2025-08-01 10:39:12 AM,579.2,150,86880.0,107882738.55000003
2025-08-01 10:39:15 AM,579.6,0,0.0,107882738.55000003
2025-08-01 10:39:15 AM,579.6,250,144900.0,108027638.55000003
2025-08-01 10:39:19 AM,579.35,0,0.0,108027638.55000003
2025-08-01 10:39:21 AM,579.5,13,7533.5,108035172.05000003
2025-08-01 10:39:22 AM,579.0,0,0.0,108035172.05000003
2025-08-01 10:39:24 AM,579.0,3005,1739895.0,109775067.05000003
2025-08-01 10:39:36 AM,579.2,0,0.0,109775067.05000003
2025-08-01 10:39:38 AM,579.2,15,8688.0,109783755.05000003
2025-08-01 10:39:43 AM,579.2,1,579.2,109784334.25000003
2025-08-01 10:39:49 AM,579.2,1,579.2,109784913.45000003
2025-08-01 10:40:00 AM,579.2,1,579.2,109785492.65000004
2025-08-01 10:40:01 AM,578.65,0,0.0,109785492.65000004
2025-08-01 10:40:02 AM,578.65,3030,1753309.5,111538802.15000004
2025-08-01 10:40:03 AM,578.35,0,0.0,111538802.15000004
2025-08-01 10:40:05 AM,578.2,0,0.0,111538802.15000004
2025-08-01 10:40:05 AM,578.2,427,246891.40000000002,111785693.55000004
2025-08-01 10:40:16 AM,578.2,2,1156.4,111786849.95000005
2025-08-01 10:40:19 AM,579.0,0,0.0,111786849.95000005
2025-08-01 10:40:19 AM,579.0,2618,1515822.0,113302671.95000005
2025-08-01 10:40:25 AM,579.45,20,11589.0,113314260.95000005
2025-08-01 10:40:33 AM,579.6,0,0.0,113314260.95000005
2025-08-01 10:40:33 AM,579.6,20,11592.0,113325852.95000005
2025-08-01 10:40:36 AM,580.0,5857,3397060.0,116722912.95000005
2025-08-01 10:40:39 AM,580.5,0,0.0,116722912.95000005
2025-08-01 10:40:41 AM,580.5,5560,3227580.0,119950492.95000005
2025-08-01 10:40:54 AM,581.5,0,0.0,119950492.95000005
2025-08-01 10:40:55 AM,581.5,10,5815.0,119956307.95000005
2025-08-01 10:41:40 AM,581.15,0,0.0,119956307.95000005
2025-08-01 10:41:43 AM,581.15,10,5811.5,119962119.45000005
2025-08-01 10:41:53 AM,581.0,0,0.0,119962119.45000005
2025-08-01 10:41:54 AM,581.0,16,9296.0,119971415.45000005
2025-08-01 10:42:10 AM,580.35,35,20312.25,119991727.70000005
2025-08-01 10:42:15 AM,580.7,0,0.0,119991727.70000005
2025-08-01 10:42:16 AM,580.7,50,29035.000000000004,120020762.70000005
2025-08-01 10:42:19 AM,580.75,0,0.0,120020762.70000005
2025-08-01 10:42:22 AM,580.75,1,580.75,120021343.45000005
2025-08-01 10:42:29 AM,580.75,20,11615.0,120032958.45000005
2025-08-01 10:42:38 AM,580.35,10,5803.5,120038761.95000005
2025-08-01 10:42:44 AM,580.7,0,0.0,120038761.95000005
2025-08-01 10:42:46 AM,580.7,3,1742.1000000000001,120040504.05000004
2025-08-01 10:42:54 AM,580.3,0,0.0,120040504.05000004
2025-08-01 10:42:55 AM,580.3,13,7543.9,120048047.95000005
2025-08-01 10:43:00 AM,580.55,0,0.0,120048047.95000005
2025-08-01 10:43:00 AM,580.55,99,57474.45,120105522.40000005
2025-08-01 10:43:08 AM,580.55,84,48766.2,120154288.60000005
2025-08-01 10:43:35 AM,579.75,5738,3326605.5,123480894.10000005
2025-08-01 10:43:44 AM,579.45,0,0.0,123480894.10000005
2025-08-01 10:43:44 AM,579.45,1,579.45,123481473.55000006
2025-08-01 10:43:52 AM,579.3,0,0.0,123481473.55000006
2025-08-01 10:43:54 AM,579.0,0,0.0,123481473.55000006
2025-08-01 10:43:54 AM,579.0,3962,2293998.0,125775471.55000006
2025-08-01 10:44:00 AM,579.05,0,0.0,125775471.55000006
2025-08-01 10:44:00 AM,579.45,0,0.0,125775471.55000006
2025-08-01 10:44:01 AM,579.45,3,1738.3500000000001,125777209.90000005
2025-08-01 10:44:08 AM,579.6,0,0.0,125777209.90000005
2025-08-01 10:44:09 AM,579.6,782,453247.2,126230457.10000005
2025-08-01 10:44:12 AM,579.5,0,0.0,126230457.10000005
2025-08-01 10:44:12 AM,579.5,43,24918.5,126255375.60000005
2025-08-01 10:44:17 AM,580.25,4737,2748644.25,129004019.85000005
2025-08-01 10:44:20 AM,580.05,50,29002.499999999996,129033022.35000005
2025-08-01 10:44:26 AM,580.5,0,0.0,129033022.35000005
2025-08-01 10:44:26 AM,580.5,100,58050.0,129091072.35000005
2025-08-01 10:44:31 AM,580.5,1,580.5,129091652.85000005
2025-08-01 10:44:34 AM,580.0,0,0.0,129091652.85000005
2025-08-01 10:44:35 AM,579.85,0,0.0,129091652.85000005
2025-08-01 10:44:37 AM,579.85,533,309060.05,129400712.90000005
2025-08-01 10:45:23 AM,579.85,15,8697.75,129409410.65000005
2025-08-01 10:45:38 AM,580.0,0,0.0,129409410.65000005
2025-08-01 10:45:39 AM,580.0,5000,2900000.0,132309410.65000005
2025-08-01 10:45:42 AM,580.0,4897,2840260.0,135149670.65000004
2025-08-01 10:45:48 AM,579.85,0,0.0,135149670.65000004
2025-08-01 10:45:50 AM,579.85,5063,2935780.5500000003,138085451.20000005
2025-08-01 10:45:55 AM,579.65,0,0.0,138085451.20000005
2025-08-01 10:45:55 AM,579.65,384,222585.59999999998,138308036.80000004
2025-08-01 10:45:56 AM,580.1,0,0.0,138308036.80000004
2025-08-01 10:45:58 AM,580.1,1317,763991.7000000001,139072028.50000003
2025-08-01 10:46:17 AM,580.3,0,0.0,139072028.50000003
2025-08-01 10:46:18 AM,580.3,1,580.3,139072608.80000004
2025-08-01 10:46:29 AM,580.05,36,20881.8,139093490.60000005
2025-08-01 10:46:32 AM,580.05,15,8700.75,139102191.35000005
2025-08-01 10:46:42 AM,579.8,0,0.0,139102191.35000005
2025-08-01 10:46:44 AM,579.8,4232,2453713.5999999996,141555904.95000005
2025-08-01 10:46:55 AM,579.8,100,57979.99999999999,141613884.95000005
2025-08-01 10:46:57 AM,579.75,0,0.0,141613884.95000005
2025-08-01 10:47:00 AM,579.75,27,15653.25,141629538.20000005
2025-08-01 10:47:09 AM,579.85,0,0.0,141629538.20000005
2025-08-01 10:47:11 AM,579.85,2,1159.7,141630697.90000004
2025-08-01 10:47:12 AM,579.85,6,3479.1000000000004,141634177.00000003
2025-08-01 10:47:21 AM,579.7,0,0.0,141634177.00000003
2025-08-01 10:47:21 AM,579.7,158,91592.6,141725769.60000002
2025-08-01 10:47:27 AM,579.7,13,7536.1,141733305.70000002
2025-08-01 10:47:52 AM,579.5,0,0.0,141733305.70000002
2025-08-01 10:47:54 AM,579.5,69,39985.5,141773291.20000002
2025-08-01 10:48:01 AM,579.7,15,8695.5,141781986.70000002
2025-08-01 10:48:43 AM,579.5,4,2318.0,141784304.70000002
2025-08-01 10:48:45 AM,579.6,0,0.0,141784304.70000002
2025-08-01 10:48:48 AM,580.0,1652,958160.0,142742464.70000002
2025-08-01 10:48:54 AM,580.05,1,580.05,142743044.75000003
2025-08-01 10:48:59 AM,580.3,0,0.0,142743044.75000003
2025-08-01 10:48:59 AM,580.3,1,580.3,142743625.05000004
2025-08-01 10:49:14 AM,579.85,0,0.0,142743625.05000004
2025-08-01 10:49:16 AM,579.85,3780,2191833.0,144935458.05000004
2025-08-01 10:49:17 AM,579.5,0,0.0,144935458.05000004
2025-08-01 10:49:17 AM,579.5,119,68960.5,145004418.55000004
2025-08-01 10:49:31 AM,579.5,275,159362.5,145163781.05000004
2025-08-01 10:49:50 AM,579.55,0,0.0,145163781.05000004
2025-08-01 10:49:53 AM,579.55,6,3477.2999999999997,145167258.35000005
2025-08-01 10:49:55 AM,579.6,0,0.0,145167258.35000005
2025-08-01 10:49:58 AM,579.5,0,0.0,145167258.35000005
2025-08-01 10:49:58 AM,579.5,350,202825.0,145370083.35000005
2025-08-01 10:50:05 AM,579.55,100,57954.99999999999,145428038.35000005
2025-08-01 10:50:25 AM,579.4,0,0.0,145428038.35000005
2025-08-01 10:50:26 AM,579.4,497,287961.8,145716000.15000007
2025-08-01 10:51:00 AM,579.15,0,0.0,145716000.15000007
2025-08-01 10:51:00 AM,579.15,1,579.15,145716579.30000007
2025-08-01 10:51:02 AM,579.5,0,0.0,145716579.30000007
2025-08-01 10:51:06 AM,579.5,1705,988047.5,146704626.80000007
2025-08-01 10:51:08 AM,580.15,0,0.0,146704626.80000007
2025-08-01 10:51:12 AM,580.15,1838,1066315.7,147770942.50000006
2025-08-01 10:51:33 AM,580.25,10,5802.5,147776745.00000006
2025-08-01 10:51:39 AM,580.0,25,14500.0,147791245.00000006
2025-08-01 10:52:33 AM,580.0,30,17400.0,147808645.00000006
2025-08-01 10:52:36 AM,579.85,0,0.0,147808645.00000006
2025-08-01 10:52:38 AM,579.9,0,0.0,147808645.00000006
2025-08-01 10:52:38 AM,579.9,3137,1819146.2999999998,149627791.30000007
2025-08-01 10:52:40 AM,579.75,0,0.0,149627791.30000007
2025-08-01 10:52:43 AM,579.75,388,224943.0,149852734.30000007
2025-08-01 10:53:04 AM,580.15,2016,1169582.4,151022316.70000008
2025-08-01 10:53:21 AM,580.55,5,2902.75,151025219.45000008
2025-08-01 10:53:26 AM,580.85,0,0.0,151025219.45000008
2025-08-01 10:53:26 AM,580.85,147,85384.95,151110604.40000007
2025-08-01 10:53:28 AM,579.9,0,0.0,151110604.40000007
2025-08-01 10:53:31 AM,579.9,5746,3332105.4,154442709.80000007
2025-08-01 10:53:34 AM,579.5,0,0.0,154442709.80000007
2025-08-01 10:53:37 AM,579.5,485,281057.5,154723767.30000007
2025-08-01 10:53:47 AM,579.85,123,71321.55,154795088.85000008
2025-08-01 10:53:58 AM,579.85,4,2319.4,154797408.2500001
2025-08-01 10:54:03 AM,580.0,100,58000.0,154855408.2500001
2025-08-01 10:54:25 AM,580.1,4338,2516473.8000000003,157371882.0500001
2025-08-01 10:54:36 AM,580.5,0,0.0,157371882.0500001
2025-08-01 10:54:36 AM,580.5,250,145125.0,157517007.0500001
2025-08-01 10:55:26 AM,580.3,0,0.0,157517007.0500001
2025-08-01 10:55:28 AM,580.3,1,580.3,157517587.3500001
2025-08-01 10:55:34 AM,580.3,10,5803.0,157523390.3500001
2025-08-01 10:56:06 AM,580.3,7,4062.0999999999995,157527452.4500001
2025-08-01 10:56:14 AM,579.85,0,0.0,157527452.4500001
2025-08-01 10:56:16 AM,579.85,5193,3011161.0500000003,160538613.50000012
2025-08-01 10:56:20 AM,579.5,0,0.0,160538613.50000012
2025-08-01 10:56:22 AM,579.5,1784,1033828.0,161572441.50000012
2025-08-01 10:56:26 AM,579.55,0,0.0,161572441.50000012
2025-08-01 10:56:27 AM,579.55,814,471753.69999999995,162044195.2000001
2025-08-01 10:56:40 AM,579.0,0,0.0,162044195.2000001
2025-08-01 10:56:43 AM,579.0,300,173700.0,162217895.2000001
2025-08-01 10:57:02 AM,579.5,0,0.0,162217895.2000001
2025-08-01 10:57:04 AM,579.5,83,48098.5,162265993.7000001
2025-08-01 10:57:09 AM,579.5,16,9272.0,162275265.7000001
2025-08-01 10:57:14 AM,579.55,0,0.0,162275265.7000001
2025-08-01 10:57:14 AM,579.55,100,57954.99999999999,162333220.7000001
2025-08-01 10:57:22 AM,579.65,0,0.0,162333220.7000001
2025-08-01 10:57:25 AM,579.65,200,115930.0,162449150.7000001
2025-08-01 10:57:32 AM,579.55,0,0.0,162449150.7000001
2025-08-01 10:57:36 AM,579.55,15,8693.25,162457843.9500001
2025-08-01 10:58:00 AM,579.7,0,0.0,162457843.9500001
2025-08-01 10:58:02 AM,579.7,5,2898.5,162460742.4500001
2025-08-01 10:58:29 AM,579.7,88,51013.600000000006,162511756.0500001
2025-08-01 10:58:32 AM,579.9,0,0.0,162511756.0500001
2025-08-01 10:58:35 AM,579.9,500,289950.0,162801706.0500001
2025-08-01 10:58:58 AM,580.0,0,0.0,162801706.0500001
2025-08-01 10:59:02 AM,580.0,5275,3059500.0,165861206.0500001
2025-08-01 10:59:07 AM,580.0,287,166460.0,166027666.0500001
2025-08-01 10:59:12 AM,580.0,115,66700.0,166094366.0500001
2025-08-01 10:59:37 AM,580.0,100,58000.0,166152366.0500001
2025-08-01 11:00:05 AM,580.0,230,133400.0,166285766.0500001
2025-08-01 11:00:59 AM,580.0,102,59160.0,166344926.0500001
2025-08-01 11:01:10 AM,580.0,40,23200.0,166368126.0500001
2025-08-01 11:01:16 AM,580.05,100,58004.99999999999,166426131.0500001
2025-08-01 11:01:29 AM,580.0,0,0.0,166426131.0500001
2025-08-01 11:01:31 AM,580.0,1078,625240.0,167051371.0500001
2025-08-01 11:02:03 AM,580.0,4077,2364660.0,169416031.0500001
2025-08-01 11:02:08 AM,579.9,13,7538.7,169423569.7500001
2025-08-01 11:02:11 AM,579.85,0,0.0,169423569.7500001
2025-08-01 11:02:13 AM,579.85,107,62043.950000000004,169485613.70000008
2025-08-01 11:02:52 AM,579.85,501,290504.85000000003,169776118.55000007
2025-08-01 11:02:55 AM,579.5,0,0.0,169776118.55000007
2025-08-01 11:02:57 AM,579.5,20,11590.0,169787708.55000007
2025-08-01 11:03:05 AM,580.2,0,0.0,169787708.55000007
2025-08-01 11:03:07 AM,580.2,1445,838389.0000000001,170626097.55000007
2025-08-01 11:03:12 AM,580.55,84,48766.2,170674863.75000006
2025-08-01 11:03:27 AM,580.05,0,0.0,170674863.75000006
2025-08-01 11:03:27 AM,580.05,10,5800.5,170680664.25000006
2025-08-01 11:04:27 AM,580.25,0,0.0,170680664.25000006
2025-08-01 11:04:27 AM,580.25,69,40037.25,170720701.50000006
2025-08-01 11:04:37 AM,580.75,0,0.0,170720701.50000006
2025-08-01 11:04:37 AM,580.75,3,1742.25,170722443.75000006
2025-08-01 11:04:40 AM,580.3,0,0.0,170722443.75000006
2025-08-01 11:04:40 AM,580.3,30,17409.0,170739852.75000006
2025-08-01 11:04:46 AM,580.7,0,0.0,170739852.75000006
2025-08-01 11:04:47 AM,580.7,2,1161.4,170741014.15000007
2025-08-01 11:05:02 AM,580.3,16,9284.8,170750298.95000008
2025-08-01 11:05:03 AM,580.75,50,29037.5,170779336.45000008
2025-08-01 11:05:28 AM,580.3,0,0.0,170779336.45000008
2025-08-01 11:05:28 AM,580.3,50,29014.999999999996,170808351.45000008
2025-08-01 11:05:55 AM,580.7,0,0.0,170808351.45000008
2025-08-01 11:05:55 AM,580.7,5,2903.5,170811254.95000008
2025-08-01 11:06:43 AM,580.75,10,5807.5,170817062.45000008
2025-08-01 11:06:48 AM,580.75,2,1161.5,170818223.95000008
2025-08-01 11:06:59 AM,580.75,59,34264.25,170852488.20000008
2025-08-01 11:07:05 AM,581.3,0,0.0,170852488.20000008
2025-08-01 11:07:05 AM,581.3,67,38947.1,170891435.30000007
2025-08-01 11:07:20 AM,581.4,10,5814.0,170897249.30000007
2025-08-01 11:07:25 AM,581.4,5,2907.0,170900156.30000007
2025-08-01 11:07:27 AM,581.45,10,5814.5,170905970.80000007
2025-08-01 11:08:09 AM,581.4,0,0.0,170905970.80000007
2025-08-01 11:08:10 AM,581.4,74,43023.6,170948994.40000007
2025-08-01 11:08:11 AM,581.45,0,0.0,170948994.40000007
2025-08-01 11:08:13 AM,581.0,0,0.0,170948994.40000007
2025-08-01 11:08:14 AM,581.0,11,6391.0,170955385.40000007
2025-08-01 11:09:21 AM,581.45,9,5233.05,170960618.45000008
2025-08-01 11:09:32 AM,581.0,0,0.0,170960618.45000008
2025-08-01 11:09:32 AM,581.0,304,176624.0,171137242.45000008
2025-08-01 11:09:46 AM,581.35,0,0.0,171137242.45000008
2025-08-01 11:09:46 AM,581.35,1,581.35,171137823.80000007
2025-08-01 11:10:09 AM,581.3,12,6975.599999999999,171144799.40000007
2025-08-01 11:10:36 AM,581.4,0,0.0,171144799.40000007
2025-08-01 11:10:40 AM,581.4,46,26744.399999999998,171171543.80000007
2025-08-01 11:10:54 AM,581.5,0,0.0,171171543.80000007
2025-08-01 11:10:56 AM,581.5,1435,834452.5,172005996.30000007
2025-08-01 11:11:02 AM,581.5,3,1744.5,172007740.80000007
2025-08-01 11:11:18 AM,581.7,0,0.0,172007740.80000007
2025-08-01 11:11:18 AM,581.7,41,23849.7,172031590.50000006
2025-08-01 11:11:35 AM,581.7,10,5817.0,172037407.50000006
2025-08-01 11:12:17 AM,581.7,25,14542.500000000002,172051950.00000006
2025-08-01 11:12:38 AM,582.05,0,0.0,172051950.00000006
2025-08-01 11:12:39 AM,582.05,364,211866.19999999998,172263816.20000005
2025-08-01 11:12:48 AM,581.95,0,0.0,172263816.20000005
2025-08-01 11:12:49 AM,581.95,12,6983.400000000001,172270799.60000005
2025-08-01 11:12:56 AM,582.45,0,0.0,172270799.60000005
2025-08-01 11:12:59 AM,582.45,10,5824.5,172276624.10000005
2025-08-01 11:13:06 AM,582.55,23,13398.65,172290022.75000006
2025-08-01 11:13:10 AM,582.15,0,0.0,172290022.75000006
2025-08-01 11:13:10 AM,582.15,100,58215.0,172348237.75000006
2025-08-01 11:13:16 AM,582.7,2,1165.4,172349403.15000007
2025-08-01 11:13:23 AM,582.65,2,1165.3,172350568.45000008
2025-08-01 11:13:26 AM,582.7,0,0.0,172350568.45000008
2025-08-01 11:13:27 AM,582.7,5,2913.5,172353481.95000008
2025-08-01 11:13:37 AM,582.7,16,9323.2,172362805.15000007
2025-08-01 11:13:45 AM,583.1,540,314874.0,172677679.15000007
2025-08-01 11:13:53 AM,583.5,0,0.0,172677679.15000007
2025-08-01 11:13:53 AM,583.5,107,62434.5,172740113.65000007
2025-08-01 11:13:59 AM,584.0,0,0.0,172740113.65000007
2025-08-01 11:13:59 AM,584.0,177,103368.0,172843481.65000007
2025-08-01 11:13:59 AM,583.8,0,0.0,172843481.65000007
2025-08-01 11:14:01 AM,583.8,25,14594.999999999998,172858076.65000007
2025-08-01 11:14:04 AM,583.3,98,57163.399999999994,172915240.05000007
2025-08-01 11:14:07 AM,583.5,0,0.0,172915240.05000007
2025-08-01 11:14:10 AM,583.5,232,135372.0,173050612.05000007
2025-08-01 11:14:13 AM,583.55,0,0.0,173050612.05000007
2025-08-01 11:14:16 AM,583.55,50,29177.499999999996,173079789.55000007
2025-08-01 11:14:22 AM,583.5,50,29175.0,173108964.55000007
2025-08-01 11:14:26 AM,583.5,10,5835.0,173114799.55000007
2025-08-01 11:14:29 AM,583.55,0,0.0,173114799.55000007
2025-08-01 11:14:32 AM,583.8,218,127268.4,173242067.95000008
2025-08-01 11:14:33 AM,584.25,0,0.0,173242067.95000008
2025-08-01 11:14:33 AM,584.25,70,40897.5,173282965.45000008
2025-08-01 11:14:43 AM,584.2,0,0.0,173282965.45000008
2025-08-01 11:14:43 AM,584.2,20,11684.0,173294649.45000008
2025-08-01 11:14:49 AM,584.75,235,137416.25,173432065.70000008
2025-08-01 11:14:51 AM,584.7,0,0.0,173432065.70000008
2025-08-01 11:14:53 AM,584.6,0,0.0,173432065.70000008
2025-08-01 11:14:53 AM,584.6,75,43845.0,173475910.70000008
2025-08-01 11:15:01 AM,584.2,0,0.0,173475910.70000008
2025-08-01 11:15:04 AM,584.2,50,29210.000000000004,173505120.70000008
2025-08-01 11:15:25 AM,583.15,0,0.0,173505120.70000008
2025-08-01 11:15:25 AM,583.15,1048,611141.2,174116261.90000007
2025-08-01 11:15:39 AM,582.6,0,0.0,174116261.90000007
2025-08-01 11:15:41 AM,582.6,10,5826.0,174122087.90000007
2025-08-01 11:15:47 AM,582.45,0,0.0,174122087.90000007
2025-08-01 11:15:47 AM,582.45,100,58245.00000000001,174180332.90000007
2025-08-01 11:15:51 AM,582.0,0,0.0,174180332.90000007
2025-08-01 11:15:51 AM,582.0,100,58200.0,174238532.90000007
2025-08-01 11:16:03 AM,582.45,0,0.0,174238532.90000007
2025-08-01 11:16:07 AM,582.45,75,43683.75,174282216.65000007
2025-08-01 11:16:31 AM,582.7,0,0.0,174282216.65000007
2025-08-01 11:16:33 AM,582.7,1000,582700.0,174864916.65000007
2025-08-01 11:16:38 AM,582.8,10,5828.0,174870744.65000007
2025-08-01 11:16:44 AM,582.95,100,58295.00000000001,174929039.65000007
2025-08-01 11:17:10 AM,583.1,50,29155.0,174958194.65000007
2025-08-01 11:17:35 AM,582.95,0,0.0,174958194.65000007
2025-08-01 11:17:37 AM,582.95,25,14573.750000000002,174972768.40000007
2025-08-01 11:18:00 AM,582.9,5,2914.5,174975682.90000007
2025-08-01 11:18:21 AM,582.7,0,0.0,174975682.90000007
2025-08-01 11:18:22 AM,582.7,30,17481.0,174993163.90000007
2025-08-01 11:18:23 AM,582.8,0,0.0,174993163.90000007
2025-08-01 11:18:26 AM,582.8,18,10490.4,175003654.30000007
2025-08-01 11:19:14 AM,582.35,0,0.0,175003654.30000007
2025-08-01 11:19:17 AM,582.35,752,437927.2,175441581.50000006
2025-08-01 11:19:21 AM,582.65,0,0.0,175441581.50000006
2025-08-01 11:19:23 AM,582.65,100,58265.0,175499846.50000006
2025-08-01 11:19:38 AM,582.05,0,0.0,175499846.50000006
2025-08-01 11:19:39 AM,582.05,12,6984.599999999999,175506831.10000005
2025-08-01 11:19:58 AM,581.85,0,0.0,175506831.10000005
2025-08-01 11:20:00 AM,582.05,0,0.0,175506831.10000005
2025-08-01 11:20:00 AM,582.05,1002,583214.1,176090045.20000005
2025-08-01 11:20:06 AM,582.05,20,11641.0,176101686.20000005
2025-08-01 11:20:11 AM,582.05,11,6402.549999999999,176108088.75000006
2025-08-01 11:20:30 AM,582.25,0,0.0,176108088.75000006
2025-08-01 11:20:32 AM,582.25,10,5822.5,176113911.25000006
2025-08-01 11:21:50 AM,582.65,10,5826.5,176119737.75000006
2025-08-01 11:22:43 AM,581.8,0,0.0,176119737.75000006
2025-08-01 11:22:43 AM,581.8,330,191993.99999999997,176311731.75000006
2025-08-01 11:23:08 AM,581.85,0,0.0,176311731.75000006
2025-08-01 11:23:09 AM,581.85,6,3491.1000000000004,176315222.85000005
2025-08-01 11:23:11 AM,581.8,0,0.0,176315222.85000005
2025-08-01 11:23:15 AM,581.8,33,19199.399999999998,176334422.25000006
2025-08-01 11:23:24 AM,582.1,0,0.0,176334422.25000006
2025-08-01 11:23:25 AM,582.1,76,44239.6,176378661.85000005
2025-08-01 11:24:00 AM,582.1,10,5821.0,176384482.85000005
2025-08-01 11:24:37 AM,582.1,189,110016.90000000001,176494499.75000006
2025-08-01 11:26:40 AM,582.0,0,0.0,176494499.75000006
2025-08-01 11:26:42 AM,582.0,5,2910.0,176497409.75000006
2025-08-01 11:27:02 AM,582.0,3,1746.0,176499155.75000006
2025-08-01 11:27:27 AM,582.0,81,47142.0,176546297.75000006
2025-08-01 11:28:04 AM,582.0,100,58200.0,176604497.75000006
2025-08-01 11:28:25 AM,582.0,15,8730.0,176613227.75000006
2025-08-01 11:28:32 AM,582.05,5,2910.25,176616138.00000006
2025-08-01 11:29:05 AM,582.1,100,58210.0,176674348.00000006
2025-08-01 11:29:26 AM,582.1,20,11642.0,176685990.00000006
2025-08-01 11:29:52 AM,582.3,0,0.0,176685990.00000006
2025-08-01 11:29:52 AM,582.3,120,69876.0,176755866.00000006
2025-08-01 11:30:13 AM,581.8,0,0.0,176755866.00000006
2025-08-01 11:30:13 AM,581.8,501,291481.8,177047347.80000007
2025-08-01 11:30:36 AM,581.15,100,58115.0,177105462.80000007
2025-08-01 11:30:41 AM,581.15,100,58115.0,177163577.80000007
2025-08-01 11:31:07 AM,581.75,0,0.0,177163577.80000007
2025-08-01 11:31:08 AM,581.75,7,4072.25,177167650.05000007
2025-08-01 11:31:30 AM,581.2,0,0.0,177167650.05000007
2025-08-01 11:31:32 AM,581.2,24,13948.800000000001,177181598.85000008
2025-08-01 11:32:53 AM,581.75,0,0.0,177181598.85000008
2025-08-01 11:32:55 AM,581.75,9,5235.75,177186834.60000008
2025-08-01 11:33:01 AM,582.1,0,0.0,177186834.60000008
2025-08-01 11:33:01 AM,582.1,300,174630.0,177361464.60000008
2025-08-01 11:33:15 AM,582.05,0,0.0,177361464.60000008
2025-08-01 11:33:16 AM,582.05,43,25028.149999999998,177386492.7500001
2025-08-01 11:33:31 AM,581.55,0,0.0,177386492.7500001
2025-08-01 11:33:31 AM,581.55,88,51176.399999999994,177437669.1500001
2025-08-01 11:33:55 AM,582.05,0,0.0,177437669.1500001
2025-08-01 11:33:56 AM,582.05,57,33176.85,177470846.0000001
2025-08-01 11:34:02 AM,582.05,20,11641.0,177482487.0000001
2025-08-01 11:34:47 AM,581.5,0,0.0,177482487.0000001
2025-08-01 11:34:48 AM,581.45,108,62796.600000000006,177545283.60000008
2025-08-01 11:34:57 AM,582.0,0,0.0,177545283.60000008
2025-08-01 11:34:58 AM,582.0,2,1164.0,177546447.60000008
2025-08-01 11:35:09 AM,582.0,1,582.0,177547029.60000008
2025-08-01 11:35:31 AM,582.0,5,2910.0,177549939.60000008
2025-08-01 11:36:14 AM,581.5,0,0.0,177549939.60000008
2025-08-01 11:36:17 AM,581.5,1516,881554.0,178431493.60000008
2025-08-01 11:36:22 AM,581.5,123,71524.5,178503018.10000008
2025-08-01 11:36:32 AM,581.55,100,58154.99999999999,178561173.10000008
2025-08-01 11:36:53 AM,581.55,25,14538.749999999998,178575711.85000008
2025-08-01 11:37:04 AM,581.55,21,12212.55,178587924.4000001
2025-08-01 11:37:15 AM,581.55,94,54665.7,178642590.10000008
2025-08-01 11:37:16 AM,581.65,0,0.0,178642590.10000008
2025-08-01 11:37:20 AM,581.65,60,34899.0,178677489.10000008
2025-08-01 11:37:41 AM,581.65,1,581.65,178678070.7500001
2025-08-01 11:37:47 AM,581.55,0,0.0,178678070.7500001
2025-08-01 11:37:51 AM,581.55,73,42453.149999999994,178720523.9000001
2025-08-01 11:38:00 AM,581.65,0,0.0,178720523.9000001
2025-08-01 11:38:01 AM,581.65,50,29082.5,178749606.4000001
2025-08-01 11:38:32 AM,581.55,0,0.0,178749606.4000001
2025-08-01 11:38:32 AM,581.55,12,6978.599999999999,178756585.0000001
2025-08-01 11:39:29 AM,581.4,0,0.0,178756585.0000001
2025-08-01 11:39:31 AM,581.05,0,0.0,178756585.0000001
2025-08-01 11:39:31 AM,581.05,2332,1355008.5999999999,180111593.60000008
2025-08-01 11:39:36 AM,581.35,0,0.0,180111593.60000008
2025-08-01 11:39:37 AM,581.35,280,162778.0,180274371.60000008
2025-08-01 11:39:39 AM,581.05,5,2905.25,180277276.85000008
2025-08-01 11:39:51 AM,581.0,0,0.0,180277276.85000008
2025-08-01 11:39:54 AM,581.0,131,76111.0,180353387.85000008
2025-08-01 11:41:03 AM,581.45,0,0.0,180353387.85000008
2025-08-01 11:41:05 AM,581.45,89,51749.05,180405136.9000001
2025-08-01 11:42:11 AM,581.45,5,2907.25,180408044.1500001
2025-08-01 11:42:15 AM,581.4,0,0.0,180408044.1500001
2025-08-01 11:42:16 AM,581.4,5,2907.0,180410951.1500001
2025-08-01 11:43:14 AM,581.4,17,9883.8,180420834.9500001
2025-08-01 11:43:17 AM,581.45,0,0.0,180420834.9500001
2025-08-01 11:43:19 AM,581.45,2,1162.9,180421997.8500001
2025-08-01 11:43:30 AM,581.4,25,14535.0,180436532.8500001
2025-08-01 11:43:35 AM,581.4,2,1162.8,180437695.65000013
2025-08-01 11:44:36 AM,581.4,270,156978.0,180594673.65000013
2025-08-01 11:44:39 AM,581.25,0,0.0,180594673.65000013
2025-08-01 11:44:42 AM,581.25,1,581.25,180595254.90000013
2025-08-01 11:44:46 AM,580.45,0,0.0,180595254.90000013
2025-08-01 11:44:47 AM,580.45,288,167169.6,180762424.50000012
2025-08-01 11:45:17 AM,580.35,0,0.0,180762424.50000012
2025-08-01 11:45:19 AM,580.35,1,580.35,180763004.8500001
2025-08-01 11:45:33 AM,580.45,0,0.0,180763004.8500001
2025-08-01 11:45:35 AM,580.45,100,58045.00000000001,180821049.8500001
2025-08-01 11:45:39 AM,580.35,0,0.0,180821049.8500001
2025-08-01 11:45:40 AM,580.35,100,58035.0,180879084.8500001
2025-08-01 11:47:27 AM,580.85,0,0.0,180879084.8500001
2025-08-01 11:47:31 AM,580.85,23,13359.550000000001,180892444.40000013
2025-08-01 11:47:56 AM,580.85,1,580.85,180893025.25000012
2025-08-01 11:47:58 AM,580.9,0,0.0,180893025.25000012
2025-08-01 11:48:02 AM,580.9,34,19750.6,180912775.8500001
2025-08-01 11:48:13 AM,580.65,0,0.0,180912775.8500001
2025-08-01 11:48:17 AM,580.65,15,8709.75,180921485.6000001
2025-08-01 11:49:26 AM,580.85,0,0.0,180921485.6000001
2025-08-01 11:49:28 AM,580.85,13,7551.05,180929036.65000013
2025-08-01 11:49:44 AM,580.85,4,2323.4,180931360.05000013
2025-08-01 11:50:00 AM,580.85,8,4646.8,180936006.85000014
2025-08-01 11:50:04 AM,580.95,0,0.0,180936006.85000014
2025-08-01 11:50:05 AM,580.95,63,36599.850000000006,180972606.70000014
2025-08-01 11:50:09 AM,581.05,0,0.0,180972606.70000014
2025-08-01 11:50:10 AM,581.05,35,20336.75,180992943.45000014
2025-08-01 11:50:11 AM,581.15,0,0.0,180992943.45000014
2025-08-01 11:50:15 AM,581.15,61,35450.15,181028393.60000014
2025-08-01 11:50:43 AM,581.4,0,0.0,181028393.60000014
2025-08-01 11:50:45 AM,581.4,4,2325.6,181030719.20000014
2025-08-01 11:50:50 AM,581.4,5,2907.0,181033626.20000014
2025-08-01 11:50:55 AM,581.4,42,24418.8,181058045.00000015
2025-08-01 11:51:19 AM,581.3,0,0.0,181058045.00000015
2025-08-01 11:51:20 AM,581.3,27,15695.099999999999,181073740.10000014
2025-08-01 11:51:51 AM,581.05,0,0.0,181073740.10000014
2025-08-01 11:51:55 AM,581.05,2,1162.1,181074902.20000014
2025-08-01 11:53:12 AM,581.45,1,581.45,181075483.65000013
2025-08-01 11:53:26 AM,581.45,4,2325.8,181077809.45000014
2025-08-01 11:53:47 AM,581.05,0,0.0,181077809.45000014
2025-08-01 11:53:51 AM,581.05,200,116209.99999999999,181194019.45000014
2025-08-01 11:53:55 AM,581.5,0,0.0,181194019.45000014
2025-08-01 11:53:56 AM,581.5,25,14537.5,181208556.95000014
2025-08-01 11:54:41 AM,581.05,0,0.0,181208556.95000014
2025-08-01 11:54:42 AM,581.05,44,25566.199999999997,181234123.15000013
2025-08-01 11:54:49 AM,581.5,0,0.0,181234123.15000013
2025-08-01 11:54:52 AM,581.5,5,2907.5,181237030.65000013
2025-08-01 11:55:01 AM,581.7,0,0.0,181237030.65000013
2025-08-01 11:55:02 AM,581.7,200,116340.00000000001,181353370.65000013
2025-08-01 11:56:38 AM,581.65,10,5816.5,181359187.15000013
2025-08-01 11:57:02 AM,581.1,0,0.0,181359187.15000013
2025-08-01 11:57:03 AM,581.1,5,2905.5,181362092.65000013
2025-08-01 11:57:11 AM,581.6,0,0.0,181362092.65000013
2025-08-01 11:57:13 AM,581.6,9,5234.400000000001,181367327.05000013
2025-08-01 11:57:23 AM,581.6,1,581.6,181367908.65000013
2025-08-01 11:57:38 AM,581.6,10,5816.0,181373724.65000013
2025-08-01 11:57:39 AM,581.1,0,0.0,181373724.65000013
2025-08-01 11:57:40 AM,581.1,8,4648.8,181378373.45000014
2025-08-01 11:59:40 AM,581.6,0,0.0,181378373.45000014
2025-08-01 11:59:40 AM,581.6,7,4071.2000000000003,181382444.65000013
2025-08-01 12:00:04 PM,581.6,1,581.6,181383026.25000012
2025-08-01 12:00:07 PM,581.6,10,5816.0,181388842.25000012
2025-08-01 12:00:10 PM,580.85,0,0.0,181388842.25000012
2025-08-01 12:00:10 PM,580.85,263,152763.55000000002,181541605.80000013
2025-08-01 12:01:15 PM,580.85,10,5808.5,181547414.30000013
2025-08-01 12:01:49 PM,580.75,0,0.0,181547414.30000013
2025-08-01 12:01:50 PM,580.75,20,11615.0,181559029.30000013
2025-08-01 12:02:02 PM,580.75,3,1742.25,181560771.55000013
2025-08-01 12:02:26 PM,580.85,0,0.0,181560771.55000013
2025-08-01 12:02:27 PM,580.85,150,87127.5,181647899.05000013
2025-08-01 12:02:51 PM,580.75,0,0.0,181647899.05000013
2025-08-01 12:02:52 PM,580.75,1,580.75,181648479.80000013
2025-08-01 12:02:57 PM,580.75,2,1161.5,181649641.30000013
2025-08-01 12:03:04 PM,580.75,1,580.75,181650222.05000013
2025-08-01 12:03:47 PM,580.75,5,2903.75,181653125.80000013
2025-08-01 12:04:25 PM,580.85,0,0.0,181653125.80000013
2025-08-01 12:04:27 PM,580.85,9,5227.650000000001,181658353.45000014
2025-08-01 12:05:33 PM,580.85,5,2904.25,181661257.70000014
2025-08-01 12:05:34 PM,580.85,5,2904.25,181664161.95000014
2025-08-01 12:05:37 PM,580.85,1,580.85,181664742.80000013
2025-08-01 12:05:46 PM,580.9,0,0.0,181664742.80000013
2025-08-01 12:05:47 PM,580.9,67,38920.299999999996,181703663.10000014
2025-08-01 12:05:48 PM,581.4,3,1744.1999999999998,181705407.30000013
2025-08-01 12:06:12 PM,580.7,0,0.0,181705407.30000013
2025-08-01 12:06:13 PM,580.65,235,136452.75,181841860.05000013
2025-08-01 12:06:18 PM,580.85,2,1161.7,181843021.75000012
2025-08-01 12:06:27 PM,581.0,17,9877.0,181852898.75000012
2025-08-01 12:06:47 PM,581.0,6,3486.0,181856384.75000012
2025-08-01 12:07:12 PM,581.35,6,3488.1000000000004,181859872.8500001
2025-08-01 12:08:07 PM,581.2,12,6974.400000000001,181866847.25000012
2025-08-01 12:08:20 PM,581.0,0,0.0,181866847.25000012
2025-08-01 12:08:23 PM,581.0,50,29050.0,181895897.25000012
2025-08-01 12:08:28 PM,581.0,11,6391.0,181902288.25000012
2025-08-01 12:10:07 PM,581.1,18,10459.800000000001,181912748.05000013
2025-08-01 12:11:10 PM,581.55,0,0.0,181912748.05000013
2025-08-01 12:11:12 PM,581.55,5,2907.75,181915655.80000013
2025-08-01 12:11:26 PM,581.5,0,0.0,181915655.80000013
2025-08-01 12:11:27 PM,581.5,400,232600.0,182148255.80000013
2025-08-01 12:12:36 PM,581.5,10,5815.0,182154070.80000013
2025-08-01 12:13:22 PM,581.15,10,5811.5,182159882.30000013
2025-08-01 12:13:50 PM,581.5,0,0.0,182159882.30000013
2025-08-01 12:13:51 PM,581.5,1,581.5,182160463.80000013
2025-08-01 12:15:46 PM,581.6,0,0.0,182160463.80000013
2025-08-01 12:15:48 PM,581.6,50,29080.0,182189543.80000013
2025-08-01 12:16:10 PM,581.55,0,0.0,182189543.80000013
2025-08-01 12:16:13 PM,581.55,13,7560.15,182197103.95000014
2025-08-01 12:16:14 PM,581.2,0,0.0,182197103.95000014
2025-08-01 12:16:18 PM,581.2,37,21504.4,182218608.35000014
2025-08-01 12:16:44 PM,581.1,0,0.0,182218608.35000014
2025-08-01 12:16:47 PM,581.1,11,6392.1,182225000.45000014
2025-08-01 12:17:00 PM,581.0,0,0.0,182225000.45000014
2025-08-01 12:17:01 PM,581.0,40,23240.0,182248240.45000014
2025-08-01 12:17:31 PM,580.65,10,5806.5,182254046.95000014
2025-08-01 12:18:10 PM,581.05,0,0.0,182254046.95000014
2025-08-01 12:18:14 PM,581.05,1,581.05,182254628.00000015
2025-08-01 12:19:14 PM,581.05,96,55780.799999999996,182310408.80000016
2025-08-01 12:19:19 PM,581.0,23,13363.0,182323771.80000016
2025-08-01 12:19:29 PM,581.0,10,5810.0,182329581.80000016
2025-08-01 12:19:54 PM,581.0,10,5810.0,182335391.80000016
2025-08-01 12:19:56 PM,580.7,0,0.0,182335391.80000016
2025-08-01 12:19:59 PM,580.7,2,1161.4,182336553.20000017
2025-08-01 12:20:57 PM,580.5,633,367456.5,182704009.70000017
2025-08-01 12:21:05 PM,580.45,0,0.0,182704009.70000017
2025-08-01 12:21:07 PM,580.45,20,11609.0,182715618.70000017
2025-08-01 12:21:40 PM,580.45,470,272811.5,182988430.20000017
2025-08-01 12:21:45 PM,580.45,10,5804.5,182994234.70000017
2025-08-01 12:21:55 PM,580.45,5,2902.25,182997136.95000017
2025-08-01 12:22:05 PM,580.3,140,81242.0,183078378.95000017
2025-08-01 12:22:21 PM,580.3,300,174090.0,183252468.95000017
2025-08-01 12:22:33 PM,580.75,0,0.0,183252468.95000017
2025-08-01 12:22:37 PM,580.75,10,5807.5,183258276.45000017
2025-08-01 12:22:52 PM,580.75,7,4065.25,183262341.70000017
2025-08-01 12:22:59 PM,580.45,0,0.0,183262341.70000017
2025-08-01 12:23:02 PM,580.45,202,117250.90000000001,183379592.60000017
2025-08-01 12:23:56 PM,580.45,1,580.45,183380173.05000016
2025-08-01 12:24:23 PM,581.0,0,0.0,183380173.05000016
2025-08-01 12:24:26 PM,581.0,201,116781.0,183496954.05000016
2025-08-01 12:24:42 PM,581.35,0,0.0,183496954.05000016
2025-08-01 12:24:45 PM,581.35,2,1162.7,183498116.75000015
2025-08-01 12:24:49 PM,581.9,0,0.0,183498116.75000015
2025-08-01 12:24:50 PM,581.9,6,3491.3999999999996,183501608.15000015
2025-08-01 12:25:20 PM,582.0,500,291000.0,183792608.15000015
2025-08-01 12:25:42 PM,581.8,0,0.0,183792608.15000015
2025-08-01 12:25:43 PM,581.95,0,0.0,183792608.15000015
2025-08-01 12:25:45 PM,581.55,49,28495.949999999997,183821104.10000014
2025-08-01 12:25:59 PM,581.5,0,0.0,183821104.10000014
2025-08-01 12:26:00 PM,581.5,10,5815.0,183826919.10000014
2025-08-01 12:26:06 PM,581.5,10,5815.0,183832734.10000014
2025-08-01 12:26:56 PM,581.1,0,0.0,183832734.10000014
2025-08-01 12:26:56 PM,581.1,4,2324.4,183835058.50000015
2025-08-01 12:27:00 PM,581.5,0,0.0,183835058.50000015
2025-08-01 12:27:01 PM,581.5,25,14537.5,183849596.00000015
2025-08-01 12:27:29 PM,581.45,0,0.0,183849596.00000015
2025-08-01 12:27:31 PM,581.45,1,581.45,183850177.45000014
2025-08-01 12:27:32 PM,581.55,0,0.0,183850177.45000014
2025-08-01 12:27:36 PM,581.55,30,17446.5,183867623.95000014
2025-08-01 12:27:51 PM,581.55,18,10467.9,183878091.85000014
2025-08-01 12:28:35 PM,581.55,1,581.55,183878673.40000015
2025-08-01 12:29:10 PM,581.2,2,1162.4,183879835.80000016
2025-08-01 12:29:15 PM,581.0,0,0.0,183879835.80000016
2025-08-01 12:29:17 PM,581.0,23,13363.0,183893198.80000016
2025-08-01 12:29:35 PM,581.1,0,0.0,183893198.80000016
2025-08-01 12:29:36 PM,581.1,50,29055.0,183922253.80000016
2025-08-01 12:29:50 PM,581.1,2,1162.2,183923416.00000015
2025-08-01 12:30:18 PM,581.0,0,0.0,183923416.00000015
2025-08-01 12:30:20 PM,581.0,2,1162.0,183924578.00000015
2025-08-01 12:30:23 PM,580.85,0,0.0,183924578.00000015
2025-08-01 12:30:25 PM,581.0,185,107485.0,184032063.00000015
2025-08-01 12:30:57 PM,581.7,495,287941.5,184320004.50000015
2025-08-01 12:31:01 PM,581.5,4,2326.0,184322330.50000015
2025-08-01 12:31:13 PM,581.45,1,581.45,184322911.95000014
2025-08-01 12:32:59 PM,581.05,0,0.0,184322911.95000014
2025-08-01 12:33:00 PM,581.05,50,29052.499999999996,184351964.45000014
2025-08-01 12:33:04 PM,581.4,0,0.0,184351964.45000014
2025-08-01 12:33:05 PM,581.4,1,581.4,184352545.85000014
2025-08-01 12:33:31 PM,581.4,20,11628.0,184364173.85000014
2025-08-01 12:34:16 PM,581.4,250,145350.0,184509523.85000014
2025-08-01 12:34:37 PM,581.4,4,2325.6,184511849.45000014
2025-08-01 12:34:54 PM,581.0,0,0.0,184511849.45000014
2025-08-01 12:34:57 PM,581.0,560,325360.0,184837209.45000014
2025-08-01 12:35:07 PM,581.0,100,58100.0,184895309.45000014
2025-08-01 12:35:18 PM,581.05,8,4648.4,184899957.85000014
2025-08-01 12:35:28 PM,581.0,150,87150.0,184987107.85000014
2025-08-01 12:35:33 PM,581.0,1,581.0,184987688.85000014
2025-08-01 12:35:56 PM,581.05,0,0.0,184987688.85000014
2025-08-01 12:36:00 PM,581.05,5,2905.25,184990594.10000014
2025-08-01 12:36:36 PM,581.05,5,2905.25,184993499.35000014
2025-08-01 12:36:46 PM,581.05,50,29052.499999999996,185022551.85000014
2025-08-01 12:37:11 PM,581.05,30,17431.5,185039983.35000014
2025-08-01 12:37:35 PM,581.2,0,0.0,185039983.35000014
2025-08-01 12:37:36 PM,581.2,280,162736.0,185202719.35000014
2025-08-01 12:37:53 PM,581.85,0,0.0,185202719.35000014
2025-08-01 12:37:56 PM,581.85,4,2327.4,185205046.75000015
2025-08-01 12:38:01 PM,582.0,42,24444.0,185229490.75000015
2025-08-01 12:38:05 PM,581.85,0,0.0,185229490.75000015
2025-08-01 12:38:06 PM,581.85,1,581.85,185230072.60000014
2025-08-01 12:38:34 PM,582.0,0,0.0,185230072.60000014
2025-08-01 12:38:36 PM,582.0,6,3492.0,185233564.60000014
2025-08-01 12:38:37 PM,581.5,42,24423.0,185257987.60000014
2025-08-01 12:39:11 PM,581.7,1,581.7,185258569.30000013
2025-08-01 12:39:24 PM,581.85,200,116370.0,185374939.30000013
2025-08-01 12:39:54 PM,581.4,7,4069.7999999999997,185379009.10000014
2025-08-01 12:40:28 PM,581.05,0,0.0,185379009.10000014
2025-08-01 12:40:31 PM,581.05,15,8715.75,185387724.85000014
2025-08-01 12:40:38 PM,580.85,0,0.0,185387724.85000014
2025-08-01 12:40:40 PM,581.0,0,0.0,185387724.85000014
2025-08-01 12:40:41 PM,581.0,403,234143.0,185621867.85000014
2025-08-01 12:41:38 PM,580.55,12,6966.599999999999,185628834.45000014
2025-08-01 12:42:12 PM,580.5,0,0.0,185628834.45000014
2025-08-01 12:42:15 PM,580.5,10,5805.0,185634639.45000014
2025-08-01 12:42:42 PM,581.1,0,0.0,185634639.45000014
2025-08-01 12:42:45 PM,581.1,77,44744.700000000004,185679384.15000013
2025-08-01 12:42:52 PM,581.2,0,0.0,185679384.15000013
2025-08-01 12:42:55 PM,581.2,300,174360.0,185853744.15000013
2025-08-01 12:42:56 PM,580.25,0,0.0,185853744.15000013
2025-08-01 12:42:56 PM,580.25,527,305791.75,186159535.90000013
2025-08-01 12:43:52 PM,580.5,0,0.0,186159535.90000013
2025-08-01 12:43:56 PM,580.5,1,580.5,186160116.40000013
2025-08-01 12:44:39 PM,580.5,1,580.5,186160696.90000013
2025-08-01 12:45:41 PM,580.5,1,580.5,186161277.40000013
2025-08-01 12:46:17 PM,580.2,109,63241.8,186224519.20000014
2025-08-01 12:46:47 PM,580.2,10,5802.0,186230321.20000014
2025-08-01 12:46:57 PM,580.2,10,5802.0,186236123.20000014
2025-08-01 12:47:43 PM,580.5,200,116100.0,186352223.20000014
2025-08-01 12:47:52 PM,580.5,2,1161.0,186353384.20000014
2025-08-01 12:48:00 PM,580.1,0,0.0,186353384.20000014
2025-08-01 12:48:02 PM,580.1,35,20303.5,186373687.70000014
2025-08-01 12:48:58 PM,580.55,10,5805.5,186379493.20000014
2025-08-01 12:49:27 PM,580.55,25,14513.749999999998,186394006.95000014
2025-08-01 12:49:32 PM,580.55,15,8708.25,186402715.20000014
2025-08-01 12:49:51 PM,580.55,17,9869.349999999999,186412584.55000013
2025-08-01 12:50:18 PM,580.55,5,2902.75,186415487.30000013
2025-08-01 12:50:39 PM,580.55,26,15094.3,186430581.60000014
2025-08-01 12:50:44 PM,580.55,6,3483.2999999999997,186434064.90000015
2025-08-01 12:50:54 PM,580.0,624,361920.0,186795984.90000015
2025-08-01 12:51:15 PM,580.0,1294,750520.0,187546504.90000015
2025-08-01 12:51:20 PM,580.0,270,156600.0,187703104.90000015
2025-08-01 12:51:30 PM,580.0,4,2320.0,187705424.90000015
2025-08-01 12:51:46 PM,580.0,1,580.0,187706004.90000015
2025-08-01 12:51:51 PM,580.0,20,11600.0,187717604.90000015
2025-08-01 12:52:04 PM,580.05,0,0.0,187717604.90000015
2025-08-01 12:52:05 PM,580.05,20,11601.0,187729205.90000015
2025-08-01 12:52:34 PM,580.2,0,0.0,187729205.90000015
2025-08-01 12:52:34 PM,580.2,236,136927.2,187866133.10000014
2025-08-01 12:52:44 PM,580.05,0,0.0,187866133.10000014
2025-08-01 12:52:44 PM,580.05,16,9280.8,187875413.90000015
2025-08-01 12:52:45 PM,580.0,30,17400.0,187892813.90000015
2025-08-01 12:52:50 PM,580.0,5,2900.0,187895713.90000015
2025-08-01 12:52:54 PM,580.0,135,78300.0,187974013.90000015
2025-08-01 12:53:04 PM,580.2,10,5802.0,187979815.90000015
2025-08-01 12:53:14 PM,580.2,1,580.2,187980396.10000014
2025-08-01 12:53:19 PM,580.2,2,1160.4,187981556.50000015
2025-08-01 12:54:00 PM,580.2,92,53378.4,188034934.90000015
2025-08-01 12:54:15 PM,580.2,1,580.2,188035515.10000014
2025-08-01 12:54:18 PM,579.75,0,0.0,188035515.10000014
2025-08-01 12:54:20 PM,579.75,2798,1622140.5,189657655.60000014
2025-08-01 12:54:20 PM,579.85,0,0.0,189657655.60000014
2025-08-01 12:54:24 PM,579.85,801,464459.85000000003,190122115.45000014
2025-08-01 12:54:34 PM,580.15,0,0.0,190122115.45000014
2025-08-01 12:54:35 PM,580.15,25,14503.75,190136619.20000014
2025-08-01 12:55:28 PM,579.65,22,12752.3,190149371.50000015
2025-08-01 12:56:24 PM,580.15,0,0.0,190149371.50000015
2025-08-01 12:56:27 PM,580.15,1,580.15,190149951.65000015
2025-08-01 12:57:12 PM,580.0,55,31900.0,190181851.65000015
2025-08-01 12:57:18 PM,579.6,0,0.0,190181851.65000015
2025-08-01 12:57:22 PM,579.6,95,55062.0,190236913.65000015
2025-08-01 12:57:32 PM,579.6,50,28980.0,190265893.65000015
2025-08-01 12:57:40 PM,579.55,0,0.0,190265893.65000015
2025-08-01 12:57:42 PM,579.55,39,22602.449999999997,190288496.10000014
2025-08-01 12:58:02 PM,579.55,25,14488.749999999998,190302984.85000014
2025-08-01 12:58:36 PM,579.5,0,0.0,190302984.85000014
2025-08-01 12:58:38 PM,579.5,50,28975.0,190331959.85000014
2025-08-01 12:58:58 PM,579.5,300,173850.0,190505809.85000014
2025-08-01 12:59:18 PM,579.5,100,57950.0,190563759.85000014
2025-08-01 12:59:22 PM,579.65,0,0.0,190563759.85000014
2025-08-01 12:59:23 PM,579.65,16,9274.4,190573034.25000015
2025-08-01 12:59:24 PM,580.35,0,0.0,190573034.25000015
2025-08-01 12:59:28 PM,580.35,2101,1219315.35,191792349.60000014
2025-08-01 12:59:34 PM,581.05,0,0.0,191792349.60000014
2025-08-01 12:59:39 PM,581.05,41,23823.05,191816172.65000015
2025-08-01 12:59:44 PM,580.8,1,580.8,191816753.45000017
2025-08-01 01:00:10 PM,580.8,5,2904.0,191819657.45000017
2025-08-01 01:00:39 PM,580.35,0,0.0,191819657.45000017
2025-08-01 01:00:42 PM,580.35,3,1741.0500000000002,191821398.50000018
2025-08-01 01:00:52 PM,582.0,4250,2473500.0,194294898.50000018
2025-08-01 01:00:55 PM,580.8,0,0.0,194294898.50000018
2025-08-01 01:00:57 PM,580.8,324,188179.19999999998,194483077.70000017
2025-08-01 01:00:59 PM,581.0,0,0.0,194483077.70000017
2025-08-01 01:01:02 PM,581.0,306,177786.0,194660863.70000017
2025-08-01 01:01:49 PM,581.35,50,29067.5,194689931.20000017
2025-08-01 01:02:03 PM,581.55,0,0.0,194689931.20000017
2025-08-01 01:02:03 PM,581.55,111,64552.049999999996,194754483.25000018
2025-08-01 01:02:44 PM,581.55,25,14538.749999999998,194769022.00000018
2025-08-01 01:02:45 PM,581.55,5,2907.75,194771929.75000018
2025-08-01 01:02:45 PM,581.5,0,0.0,194771929.75000018
2025-08-01 01:02:49 PM,581.5,5,2907.5,194774837.25000018
2025-08-01 01:03:11 PM,581.55,0,0.0,194774837.25000018
2025-08-01 01:03:14 PM,581.55,17,9886.349999999999,194784723.60000017
2025-08-01 01:04:27 PM,581.5,0,0.0,194784723.60000017
2025-08-01 01:04:28 PM,581.5,1,581.5,194785305.10000017
2025-08-01 01:05:17 PM,581.5,17,9885.5,194795190.60000017
2025-08-01 01:05:21 PM,581.5,2,1163.0,194796353.60000017
2025-08-01 01:05:43 PM,580.75,0,0.0,194796353.60000017
2025-08-01 01:05:43 PM,580.75,151,87693.25,194884046.85000017
2025-08-01 01:07:44 PM,581.55,0,0.0,194884046.85000017
2025-08-01 01:07:46 PM,581.55,40,23262.0,194907308.85000017
2025-08-01 01:07:54 PM,581.1,0,0.0,194907308.85000017
2025-08-01 01:07:55 PM,581.1,1,581.1,194907889.95000017
2025-08-01 01:08:17 PM,581.55,2,1163.1,194909053.05000016
2025-08-01 01:08:20 PM,581.6,0,0.0,194909053.05000016
2025-08-01 01:08:21 PM,581.6,6,3489.6000000000004,194912542.65000015
2025-08-01 01:08:22 PM,581.15,0,0.0,194912542.65000015
2025-08-01 01:08:22 PM,581.15,6,3486.8999999999996,194916029.55000016
2025-08-01 01:08:41 PM,581.1,0,0.0,194916029.55000016
2025-08-01 01:08:41 PM,581.1,69,40095.9,194956125.45000017
2025-08-01 01:10:34 PM,581.55,0,0.0,194956125.45000017
2025-08-01 01:10:36 PM,581.55,10,5815.5,194961940.95000017
2025-08-01 01:11:18 PM,581.1,0,0.0,194961940.95000017
2025-08-01 01:11:19 PM,581.1,10,5811.0,194967751.95000017
2025-08-01 01:11:56 PM,581.1,25,14527.5,194982279.45000017
2025-08-01 01:12:09 PM,581.05,0,0.0,194982279.45000017
2025-08-01 01:12:11 PM,581.05,38,22079.899999999998,195004359.35000017
2025-08-01 01:12:30 PM,581.45,0,0.0,195004359.35000017
2025-08-01 01:12:31 PM,581.45,3,1744.3500000000001,195006103.70000017
2025-08-01 01:12:38 PM,581.6,1,581.6,195006685.30000016
2025-08-01 01:12:40 PM,581.1,0,0.0,195006685.30000016
2025-08-01 01:12:42 PM,581.7,7,4071.9000000000005,195010757.20000017
2025-08-01 01:12:43 PM,581.65,2,1163.3,195011920.50000018
2025-08-01 01:13:06 PM,581.7,0,0.0,195011920.50000018
2025-08-01 01:13:07 PM,581.7,1,581.7,195012502.20000017
2025-08-01 01:13:28 PM,581.65,0,0.0,195012502.20000017
2025-08-01 01:13:29 PM,581.65,15,8724.75,195021226.95000017
2025-08-01 01:13:36 PM,580.35,0,0.0,195021226.95000017
2025-08-01 01:13:37 PM,580.35,2719,1577971.6500000001,196599198.60000017
2025-08-01 01:13:42 PM,580.3,0,0.0,196599198.60000017
2025-08-01 01:13:43 PM,580.3,433,251269.9,196850468.50000018
2025-08-01 01:13:47 PM,580.15,0,0.0,196850468.50000018
2025-08-01 01:13:48 PM,580.15,5,2900.75,196853369.25000018
2025-08-01 01:13:50 PM,580.15,20,11603.0,196864972.25000018
2025-08-01 01:13:54 PM,580.7,0,0.0,196864972.25000018
2025-08-01 01:13:55 PM,580.7,1,580.7,196865552.95000017
2025-08-01 01:14:00 PM,580.65,0,0.0,196865552.95000017
2025-08-01 01:14:03 PM,580.65,1,580.65,196866133.60000017
2025-08-01 01:14:26 PM,580.65,1,580.65,196866714.25000018
2025-08-01 01:15:02 PM,580.65,6,3483.8999999999996,196870198.15000018
2025-08-01 01:15:38 PM,580.65,40,23226.0,196893424.15000018
2025-08-01 01:15:53 PM,580.65,1,580.65,196894004.8000002
2025-08-01 01:16:10 PM,580.65,10,5806.5,196899811.3000002
2025-08-01 01:16:13 PM,580.65,1,580.65,196900391.9500002
2025-08-01 01:16:15 PM,580.65,5,2903.25,196903295.2000002
2025-08-01 01:16:18 PM,580.65,21,12193.65,196915488.8500002
2025-08-01 01:17:13 PM,580.65,7,4064.5499999999997,196919553.4000002
2025-08-01 01:17:15 PM,580.65,12,6967.799999999999,196926521.20000023
2025-08-01 01:17:42 PM,580.3,0,0.0,196926521.20000023
2025-08-01 01:17:42 PM,580.3,10,5803.0,196932324.20000023
2025-08-01 01:18:06 PM,580.3,55,31916.499999999996,196964240.70000023
2025-08-01 01:18:08 PM,580.65,0,0.0,196964240.70000023
2025-08-01 01:18:10 PM,580.65,5,2903.25,196967143.95000023
2025-08-01 01:18:14 PM,580.3,0,0.0,196967143.95000023
2025-08-01 01:18:15 PM,580.3,25,14507.499999999998,196981651.45000023
2025-08-01 01:18:24 PM,580.2,0,0.0,196981651.45000023
2025-08-01 01:18:25 PM,580.2,13,7542.6,196989194.05000022
2025-08-01 01:19:00 PM,580.2,10,5802.0,196994996.05000022
2025-08-01 01:19:06 PM,580.2,50,29010.000000000004,197024006.05000022
2025-08-01 01:19:34 PM,580.2,100,58020.00000000001,197082026.05000022
2025-08-01 01:19:58 PM,580.2,5,2901.0,197084927.05000022
2025-08-01 01:20:19 PM,580.65,2,1161.3,197086088.35000023
2025-08-01 01:20:34 PM,580.2,0,0.0,197086088.35000023
2025-08-01 01:20:34 PM,580.2,5,2901.0,197088989.35000023
2025-08-01 01:20:39 PM,580.65,10,5806.5,197094795.85000023
2025-08-01 01:20:44 PM,580.25,0,0.0,197094795.85000023
2025-08-01 01:20:44 PM,580.25,5,2901.25,197097697.10000023
2025-08-01 01:20:46 PM,580.2,0,0.0,197097697.10000023
2025-08-01 01:20:49 PM,580.2,50,29010.000000000004,197126707.10000023
2025-08-01 01:21:10 PM,580.6,0,0.0,197126707.10000023
2025-08-01 01:21:14 PM,580.6,15,8709.0,197135416.10000023
2025-08-01 01:21:19 PM,580.6,5,2903.0,197138319.10000023
2025-08-01 01:21:48 PM,580.6,2,1161.2,197139480.30000022
2025-08-01 01:22:26 PM,580.6,100,58060.0,197197540.30000022
2025-08-01 01:22:30 PM,580.6,1,580.6,197198120.9000002
2025-08-01 01:23:11 PM,580.6,8,4644.8,197202765.70000023
2025-08-01 01:23:16 PM,580.6,18,10450.800000000001,197213216.50000024
2025-08-01 01:23:24 PM,580.65,0,0.0,197213216.50000024
2025-08-01 01:23:26 PM,580.65,100,58065.0,197271281.50000024
2025-08-01 01:23:36 PM,580.6,10,5806.0,197277087.50000024
2025-08-01 01:23:52 PM,580.55,0,0.0,197277087.50000024
2025-08-01 01:23:55 PM,580.55,5,2902.75,197279990.25000024
2025-08-01 01:23:56 PM,580.65,0,0.0,197279990.25000024
2025-08-01 01:24:00 PM,580.65,100,58065.0,197338055.25000024
2025-08-01 01:24:19 PM,580.65,100,58065.0,197396120.25000024
2025-08-01 01:24:38 PM,580.65,5,2903.25,197399023.50000024
2025-08-01 01:25:25 PM,580.7,0,0.0,197399023.50000024
2025-08-01 01:25:27 PM,580.7,17,9871.900000000001,197408895.40000024
2025-08-01 01:25:46 PM,580.75,32,18584.0,197427479.40000024
2025-08-01 01:25:51 PM,580.45,0,0.0,197427479.40000024
2025-08-01 01:25:52 PM,580.45,439,254817.55000000002,197682296.95000026
2025-08-01 01:26:07 PM,580.1,0,0.0,197682296.95000026
2025-08-01 01:26:11 PM,580.1,2,1160.2,197683457.15000024
2025-08-01 01:26:23 PM,579.95,0,0.0,197683457.15000024
2025-08-01 01:26:27 PM,579.95,244,141507.80000000002,197824964.95000026
2025-08-01 01:26:32 PM,579.95,3,1739.8500000000001,197826704.80000025
2025-08-01 01:26:41 PM,579.95,20,11599.0,197838303.80000025
2025-08-01 01:26:49 PM,579.5,0,0.0,197838303.80000025
2025-08-01 01:26:51 PM,579.5,100,57950.0,197896253.80000025
2025-08-01 01:27:05 PM,579.95,0,0.0,197896253.80000025
2025-08-01 01:27:06 PM,579.95,6,3479.7000000000003,197899733.50000024
2025-08-01 01:27:07 PM,579.5,0,0.0,197899733.50000024
2025-08-01 01:27:11 PM,579.5,809,468815.5,198368549.00000024
2025-08-01 01:27:13 PM,579.55,0,0.0,198368549.00000024
2025-08-01 01:27:16 PM,579.55,5,2897.75,198371446.75000024
2025-08-01 01:28:08 PM,579.5,0,0.0,198371446.75000024
2025-08-01 01:28:09 PM,579.5,105,60847.5,198432294.25000024
2025-08-01 01:28:48 PM,579.95,0,0.0,198432294.25000024
2025-08-01 01:28:52 PM,579.95,6,3479.7000000000003,198435773.95000023
2025-08-01 01:29:54 PM,579.9,0,0.0,198435773.95000023
2025-08-01 01:29:58 PM,579.85,20,11597.0,198447370.95000023
2025-08-01 01:29:58 PM,579.5,0,0.0,198447370.95000023
2025-08-01 01:29:59 PM,579.5,500,289750.0,198737120.95000023
2025-08-01 01:30:03 PM,579.7,0,0.0,198737120.95000023
2025-08-01 01:30:03 PM,579.7,1,579.7,198737700.6500002
2025-08-01 01:30:08 PM,579.0,0,0.0,198737700.6500002
2025-08-01 01:30:09 PM,579.0,627,363033.0,199100733.6500002
2025-08-01 01:30:14 PM,579.25,0,0.0,199100733.6500002
2025-08-01 01:30:15 PM,579.25,1,579.25,199101312.9000002
2025-08-01 01:30:19 PM,579.25,840,486570.0,199587882.9000002
2025-08-01 01:30:20 PM,579.95,1,579.95,199588462.8500002
2025-08-01 01:30:26 PM,579.25,0,0.0,199588462.8500002
2025-08-01 01:30:28 PM,579.25,180,104265.0,199692727.8500002
2025-08-01 01:30:58 PM,579.1,43,24901.3,199717629.1500002
2025-08-01 01:31:10 PM,579.7,0,0.0,199717629.1500002
2025-08-01 01:31:13 PM,579.7,21,12173.7,199729802.8500002
2025-08-01 01:31:48 PM,580.05,25,14501.249999999998,199744304.1000002
2025-08-01 01:32:16 PM,580.3,0,0.0,199744304.1000002
2025-08-01 01:32:18 PM,580.3,250,145075.0,199889379.1000002
2025-08-01 01:32:47 PM,580.3,75,43522.5,199932901.6000002
2025-08-01 01:33:24 PM,580.25,0,0.0,199932901.6000002
2025-08-01 01:33:26 PM,580.25,24,13926.0,199946827.6000002
2025-08-01 01:33:44 PM,579.7,0,0.0,199946827.6000002
2025-08-01 01:33:45 PM,579.7,100,57970.00000000001,200004797.6000002
2025-08-01 01:34:09 PM,580.1,1,580.1,200005377.7000002
2025-08-01 01:34:28 PM,580.1,1,580.1,200005957.8000002
2025-08-01 01:34:30 PM,580.15,0,0.0,200005957.8000002
2025-08-01 01:34:33 PM,580.15,5,2900.75,200008858.5500002
2025-08-01 01:34:36 PM,579.75,0,0.0,200008858.5500002
2025-08-01 01:34:37 PM,579.75,9,5217.75,200014076.3000002
2025-08-01 01:34:49 PM,580.2,0,0.0,200014076.3000002
2025-08-01 01:34:52 PM,580.2,8,4641.6,200018717.90000018
2025-08-01 01:34:56 PM,579.7,0,0.0,200018717.90000018
2025-08-01 01:34:57 PM,579.7,2,1159.4,200019877.3000002
2025-08-01 01:35:11 PM,579.7,4,2318.8,200022196.1000002
2025-08-01 01:36:18 PM,580.3,0,0.0,200022196.1000002
2025-08-01 01:36:19 PM,580.3,29,16828.699999999997,200039024.8000002
2025-08-01 01:36:52 PM,580.25,0,0.0,200039024.8000002
2025-08-01 01:36:53 PM,580.25,24,13926.0,200052950.8000002
2025-08-01 01:36:54 PM,579.7,0,0.0,200052950.8000002
2025-08-01 01:36:57 PM,579.7,25,14492.500000000002,200067443.3000002
2025-08-01 01:37:41 PM,580.2,7,4061.4000000000005,200071504.7000002
2025-08-01 01:38:07 PM,579.65,1663,963957.95,201035462.65000018
2025-08-01 01:38:18 PM,579.8,0,0.0,201035462.65000018
2025-08-01 01:38:18 PM,579.8,60,34788.0,201070250.65000018
2025-08-01 01:39:04 PM,580.15,0,0.0,201070250.65000018
2025-08-01 01:39:07 PM,580.15,474,274991.1,201345241.75000018
2025-08-01 01:39:12 PM,579.8,0,0.0,201345241.75000018
2025-08-01 01:39:13 PM,579.8,650,376869.99999999994,201722111.75000018
2025-08-01 01:39:42 PM,579.45,0,0.0,201722111.75000018
2025-08-01 01:39:42 PM,579.05,0,0.0,201722111.75000018
2025-08-01 01:39:43 PM,579.05,69,39954.45,201762066.20000017
2025-08-01 01:39:48 PM,579.0,300,173700.0,201935766.20000017
2025-08-01 01:40:04 PM,579.35,0,0.0,201935766.20000017
2025-08-01 01:40:04 PM,579.35,5,2896.75,201938662.95000017
2025-08-01 01:40:24 PM,579.35,2,1158.7,201939821.65000015
2025-08-01 01:40:42 PM,579.3,0,0.0,201939821.65000015
2025-08-01 01:40:44 PM,579.3,17,9848.099999999999,201949669.75000015
2025-08-01 01:41:26 PM,578.55,0,0.0,201949669.75000015
2025-08-01 01:41:28 PM,578.55,600,347130.0,202296799.75000015
2025-08-01 01:41:30 PM,578.95,0,0.0,202296799.75000015
2025-08-01 01:41:33 PM,578.95,20,11579.0,202308378.75000015
2025-08-01 01:42:06 PM,578.55,0,0.0,202308378.75000015
2025-08-01 01:42:08 PM,578.55,1,578.55,202308957.30000016
2025-08-01 01:42:22 PM,578.55,130,75211.5,202384168.80000016
2025-08-01 01:42:34 PM,578.3,0,0.0,202384168.80000016
2025-08-01 01:42:36 PM,578.55,0,0.0,202384168.80000016
2025-08-01 01:42:37 PM,578.55,101,58433.549999999996,202442602.35000017
2025-08-01 01:43:02 PM,578.55,100,57854.99999999999,202500457.35000017
2025-08-01 01:43:10 PM,578.6,0,0.0,202500457.35000017
2025-08-01 01:43:12 PM,578.6,200,115720.0,202616177.35000017
2025-08-01 01:43:20 PM,578.3,0,0.0,202616177.35000017
2025-08-01 01:43:22 PM,578.3,20,11566.0,202627743.35000017
2025-08-01 01:43:26 PM,578.6,0,0.0,202627743.35000017
2025-08-01 01:43:27 PM,578.6,92,53231.200000000004,202680974.55000016
2025-08-01 01:43:28 PM,578.65,0,0.0,202680974.55000016
2025-08-01 01:43:32 PM,578.65,5,2893.25,202683867.80000016
2025-08-01 01:43:36 PM,578.6,0,0.0,202683867.80000016
2025-08-01 01:43:37 PM,578.6,8,4628.8,202688496.60000017
2025-08-01 01:44:20 PM,578.75,0,0.0,202688496.60000017
2025-08-01 01:44:21 PM,578.75,484,280115.0,202968611.60000017
2025-08-01 01:44:22 PM,579.4,0,0.0,202968611.60000017
2025-08-01 01:44:22 PM,579.6,0,0.0,202968611.60000017
2025-08-01 01:44:22 PM,579.6,61,35355.6,203003967.20000017
2025-08-01 01:44:40 PM,579.15,0,0.0,203003967.20000017
2025-08-01 01:44:42 PM,579.15,25,14478.75,203018445.95000017
2025-08-01 01:44:58 PM,578.85,0,0.0,203018445.95000017
