date,price,qty,trnvr,cum_trnvr
2025-08-01 09:15:00 AM,707.4,120,84888.0,84888.0
2025-08-01 09:15:10 AM,705.95,0,0.0,84888.0
2025-08-01 09:15:12 AM,705.95,171,120717.45000000001,205605.45
2025-08-01 09:15:24 AM,705.4,50,35270.0,240875.45
2025-08-01 09:15:39 AM,706.9,0,0.0,240875.45
2025-08-01 09:15:40 AM,706.9,10,7069.0,247944.45
2025-08-01 09:15:43 AM,705.45,0,0.0,247944.45
2025-08-01 09:15:47 AM,706.95,0,0.0,247944.45
2025-08-01 09:15:48 AM,706.95,50,35347.5,283291.95
2025-08-01 09:15:58 AM,706.95,13,9190.35,292482.3
2025-08-01 09:16:01 AM,705.1,0,0.0,292482.3
2025-08-01 09:16:03 AM,704.4,0,0.0,292482.3
2025-08-01 09:16:04 AM,704.4,325,228930.0,521412.3
2025-08-01 09:16:06 AM,706.5,10,7065.0,528477.3
2025-08-01 09:16:35 AM,704.45,0,0.0,528477.3
2025-08-01 09:16:37 AM,704.45,46,32404.7,560882.0
2025-08-01 09:16:45 AM,705.3,0,0.0,560882.0
2025-08-01 09:16:45 AM,705.3,18,12695.4,573577.4
2025-08-01 09:16:54 AM,705.1,23,16217.300000000001,589794.7000000001
2025-08-01 09:17:02 AM,705.1,11,7756.1,597550.8
2025-08-01 09:17:03 AM,705.55,104,73377.2,670928.0
2025-08-01 09:17:20 AM,706.65,28,19786.2,690714.2
2025-08-01 09:17:30 AM,707.45,0,0.0,690714.2
2025-08-01 09:17:35 AM,707.45,100,70745.0,761459.2
2025-08-01 09:17:47 AM,705.0,0,0.0,761459.2
2025-08-01 09:17:52 AM,704.5,216,152172.0,913631.2
2025-08-01 09:17:53 AM,705.3,14,9874.199999999999,923505.3999999999
2025-08-01 09:18:06 AM,706.35,0,0.0,923505.3999999999
2025-08-01 09:18:08 AM,706.35,48,33904.8,957410.2
2025-08-01 09:18:20 AM,707.05,0,0.0,957410.2
2025-08-01 09:18:22 AM,706.35,0,0.0,957410.2
2025-08-01 09:18:25 AM,706.35,75,52976.25,1010386.45
2025-08-01 09:18:49 AM,706.35,2,1412.7,1011799.1499999999
2025-08-01 09:18:51 AM,705.6,110,77616.0,1089415.15
2025-08-01 09:19:08 AM,707.1,0,0.0,1089415.15
2025-08-01 09:19:14 AM,707.1,18,12727.800000000001,1102142.95
2025-08-01 09:19:25 AM,706.05,0,0.0,1102142.95
2025-08-01 09:19:30 AM,706.1,45,31774.5,1133917.45
2025-08-01 09:19:38 AM,706.0,44,31064.0,1164981.45
2025-08-01 09:19:46 AM,705.7,18,12702.6,1177684.05
2025-08-01 09:19:46 AM,705.05,0,0.0,1177684.05
2025-08-01 09:19:48 AM,705.05,3,2115.1499999999996,1179799.2
2025-08-01 09:19:54 AM,705.55,0,0.0,1179799.2
2025-08-01 09:19:56 AM,704.5,62,43679.0,1223478.2
2025-08-01 09:20:26 AM,704.5,61,42974.5,1266452.7
2025-08-01 09:20:27 AM,705.0,1,705.0,1267157.7
2025-08-01 09:20:30 AM,704.05,0,0.0,1267157.7
2025-08-01 09:20:33 AM,704.05,3,2112.1499999999996,1269269.8499999999
2025-08-01 09:21:44 AM,705.3,51,35970.299999999996,1305240.15
2025-08-01 09:21:51 AM,705.3,21,14811.3,1320051.45
2025-08-01 09:21:59 AM,705.3,24,16927.199999999997,1336978.65
2025-08-01 09:22:05 AM,704.4,0,0.0,1336978.65
2025-08-01 09:22:06 AM,704.4,25,17610.0,1354588.65
2025-08-01 09:22:19 AM,704.1,0,0.0,1354588.65
2025-08-01 09:22:22 AM,704.1,14,9857.4,1364446.0499999998
2025-08-01 09:22:30 AM,704.5,0,0.0,1364446.0499999998
2025-08-01 09:22:31 AM,704.5,2,1409.0,1365855.0499999998
2025-08-01 09:23:04 AM,703.8,0,0.0,1365855.0499999998
2025-08-01 09:23:07 AM,703.8,97,68268.59999999999,1434123.65
2025-08-01 09:23:23 AM,703.6,6,4221.6,1438345.25
2025-08-01 09:23:30 AM,703.35,4,2813.4,1441158.65
2025-08-01 09:23:39 AM,703.0,19,13357.0,1454515.65
2025-08-01 09:23:47 AM,703.45,35,24620.75,1479136.4
2025-08-01 09:24:08 AM,703.0,10,7030.0,1486166.4
2025-08-01 09:24:23 AM,702.8,0,0.0,1486166.4
2025-08-01 09:24:24 AM,702.8,1,702.8,1486869.2
2025-08-01 09:24:41 AM,702.1,4,2808.4,1489677.5999999999
2025-08-01 09:24:47 AM,702.05,0,0.0,1489677.5999999999
2025-08-01 09:24:48 AM,702.05,10,7020.5,1496698.0999999999
2025-08-01 09:25:03 AM,702.05,6,4212.299999999999,1500910.4
2025-08-01 09:25:38 AM,702.25,0,0.0,1500910.4
2025-08-01 09:25:39 AM,702.25,111,77949.75,1578860.15
2025-08-01 09:26:01 AM,703.3,25,17582.5,1596442.65
2025-08-01 09:26:08 AM,703.15,0,0.0,1596442.65
2025-08-01 09:26:09 AM,703.15,5,3515.75,1599958.4
2025-08-01 09:27:02 AM,703.15,1,703.15,1600661.5499999998
2025-08-01 09:27:55 AM,703.15,34,23907.1,1624568.65
2025-08-01 09:28:48 AM,704.4,21,14792.4,1639361.0499999998
2025-08-01 09:28:48 AM,704.35,0,0.0,1639361.0499999998
2025-08-01 09:28:49 AM,704.35,11,7747.85,1647108.9
2025-08-01 09:29:11 AM,704.35,62,43669.700000000004,1690778.5999999999
2025-08-01 09:30:13 AM,704.05,43,30274.149999999998,1721052.7499999998
2025-08-01 09:30:19 AM,703.6,1,703.6,1721756.3499999999
2025-08-01 09:30:20 AM,703.6,12,8443.2,1730199.5499999998
2025-08-01 09:30:41 AM,704.05,6,4224.299999999999,1734423.8499999999
2025-08-01 09:30:48 AM,703.85,1,703.85,1735127.7
2025-08-01 09:32:35 AM,703.85,25,17596.25,1752723.95
2025-08-01 09:33:45 AM,703.85,18,12669.300000000001,1765393.25
2025-08-01 09:33:52 AM,703.85,13,9150.050000000001,1774543.3
2025-08-01 09:35:10 AM,703.6,0,0.0,1774543.3
2025-08-01 09:35:16 AM,703.6,5,3518.0,1778061.3
2025-08-01 09:35:44 AM,704.5,1,704.5,1778765.8
2025-08-01 09:37:33 AM,704.05,0,0.0,1778765.8
2025-08-01 09:37:38 AM,704.05,1,704.05,1779469.85
2025-08-01 09:37:44 AM,704.05,14,9856.699999999999,1789326.55
2025-08-01 09:38:03 AM,704.5,0,0.0,1789326.55
2025-08-01 09:38:04 AM,704.5,10,7045.0,1796371.55
2025-08-01 09:38:30 AM,704.8,0,0.0,1796371.55
2025-08-01 09:38:31 AM,704.8,25,17620.0,1813991.55
2025-08-01 09:39:05 AM,704.05,39,27457.949999999997,1841449.5
2025-08-01 09:39:32 AM,704.4,1,704.4,1842153.9
2025-08-01 09:39:36 AM,704.05,0,0.0,1842153.9
2025-08-01 09:39:38 AM,704.05,1,704.05,1842857.95
2025-08-01 09:40:09 AM,704.4,0,0.0,1842857.95
2025-08-01 09:40:11 AM,704.4,5,3522.0,1846379.95
2025-08-01 09:41:03 AM,704.05,0,0.0,1846379.95
2025-08-01 09:41:04 AM,704.05,22,15489.099999999999,1861869.05
2025-08-01 09:41:08 AM,704.7,0,0.0,1861869.05
2025-08-01 09:41:10 AM,704.7,21,14798.7,1876667.75
2025-08-01 09:41:24 AM,704.7,10,7047.0,1883714.75
2025-08-01 09:41:30 AM,704.7,7,4932.900000000001,1888647.65
2025-08-01 09:41:50 AM,704.8,32,22553.6,1911201.25
2025-08-01 09:41:56 AM,705.1,1,705.1,1911906.35
2025-08-01 09:41:57 AM,705.0,50,35250.0,1947156.35
2025-08-01 09:42:47 AM,705.4,0,0.0,1947156.35
2025-08-01 09:42:48 AM,705.4,40,28216.0,1975372.35
2025-08-01 09:42:54 AM,705.45,0,0.0,1975372.35
2025-08-01 09:42:55 AM,705.45,100,70545.0,2045917.35
2025-08-01 09:42:59 AM,705.9,0,0.0,2045917.35
2025-08-01 09:43:01 AM,706.1,217,153223.7,2199141.0500000003
2025-08-01 09:43:03 AM,706.5,0,0.0,2199141.0500000003
2025-08-01 09:43:08 AM,706.5,59,41683.5,2240824.5500000003
2025-08-01 09:44:07 AM,706.75,0,0.0,2240824.5500000003
2025-08-01 09:44:08 AM,706.75,10,7067.5,2247892.0500000003
2025-08-01 09:45:50 AM,706.15,0,0.0,2247892.0500000003
2025-08-01 09:45:52 AM,706.15,13,9179.949999999999,2257072.0000000005
2025-08-01 09:45:58 AM,706.15,7,4943.05,2262015.0500000003
2025-08-01 09:46:01 AM,706.1,0,0.0,2262015.0500000003
2025-08-01 09:46:05 AM,706.1,2,1412.2,2263427.2500000005
2025-08-01 09:46:39 AM,706.1,15,10591.5,2274018.7500000005
2025-08-01 09:46:57 AM,705.7,0,0.0,2274018.7500000005
2025-08-01 09:46:58 AM,705.7,22,15525.400000000001,2289544.1500000004
2025-08-01 09:48:10 AM,705.55,0,0.0,2289544.1500000004
2025-08-01 09:48:13 AM,705.55,17,11994.349999999999,2301538.5000000005
2025-08-01 09:48:42 AM,706.35,0,0.0,2301538.5000000005
2025-08-01 09:48:45 AM,706.35,10,7063.5,2308602.0000000005
2025-08-01 09:49:36 AM,705.5,0,0.0,2308602.0000000005
2025-08-01 09:49:38 AM,705.5,75,52912.5,2361514.5000000005
2025-08-01 09:49:39 AM,706.3,0,0.0,2361514.5000000005
2025-08-01 09:49:41 AM,706.3,23,16244.9,2377759.4000000004
2025-08-01 09:49:44 AM,707.15,216,152744.4,2530503.8000000003
2025-08-01 09:49:45 AM,708.25,0,0.0,2530503.8000000003
2025-08-01 09:49:48 AM,708.7,0,0.0,2530503.8000000003
2025-08-01 09:49:50 AM,708.7,26,18426.2,2548930.0000000005
2025-08-01 09:49:59 AM,707.9,0,0.0,2548930.0000000005
2025-08-01 09:50:00 AM,707.9,1,707.9,2549637.9000000004
2025-08-01 09:50:10 AM,709.15,0,0.0,2549637.9000000004
2025-08-01 09:50:10 AM,709.15,179,126937.84999999999,2676575.7500000005
2025-08-01 09:50:11 AM,709.95,0,0.0,2676575.7500000005
2025-08-01 09:50:13 AM,710.95,324,230347.80000000002,2906923.5500000003
2025-08-01 09:50:14 AM,711.7,0,0.0,2906923.5500000003
2025-08-01 09:50:17 AM,711.7,10,7117.0,2914040.5500000003
2025-08-01 09:50:17 AM,711.9,0,0.0,2914040.5500000003
2025-08-01 09:50:20 AM,711.9,124,88275.59999999999,3002316.1500000004
2025-08-01 09:50:22 AM,711.7,0,0.0,3002316.1500000004
2025-08-01 09:50:23 AM,711.7,1,711.7,3003027.8500000006
2025-08-01 09:50:31 AM,711.65,0,0.0,3003027.8500000006
2025-08-01 09:50:32 AM,711.55,36,25615.8,3028643.6500000004
2025-08-01 09:50:35 AM,712.65,0,0.0,3028643.6500000004
2025-08-01 09:50:37 AM,712.25,0,0.0,3028643.6500000004
2025-08-01 09:50:39 AM,712.25,73,51994.25,3080637.9000000004
2025-08-01 09:50:50 AM,712.6,0,0.0,3080637.9000000004
2025-08-01 09:50:51 AM,712.6,22,15677.2,3096315.1000000006
2025-08-01 09:51:00 AM,712.6,1,712.6,3097027.7000000007
2025-08-01 09:51:09 AM,711.9,0,0.0,3097027.7000000007
2025-08-01 09:51:10 AM,713.1,12,8557.2,3105584.900000001
2025-08-01 09:51:16 AM,711.85,50,35592.5,3141177.400000001
2025-08-01 09:51:45 AM,712.75,0,0.0,3141177.400000001
2025-08-01 09:51:48 AM,712.75,10,7127.5,3148304.900000001
2025-08-01 09:51:56 AM,712.7,0,0.0,3148304.900000001
2025-08-01 09:51:57 AM,712.7,3,2138.1000000000004,3150443.000000001
2025-08-01 09:51:59 AM,711.5,0,0.0,3150443.000000001
2025-08-01 09:52:00 AM,711.5,81,57631.5,3208074.500000001
2025-08-01 09:52:03 AM,711.65,0,0.0,3208074.500000001
2025-08-01 09:52:06 AM,711.65,17,12098.05,3220172.5500000007
2025-08-01 09:52:27 AM,711.0,1,711.0,3220883.5500000007
2025-08-01 09:53:07 AM,710.7,0,0.0,3220883.5500000007
2025-08-01 09:53:07 AM,710.7,100,71070.0,3291953.5500000007
2025-08-01 09:53:10 AM,711.8,0,0.0,3291953.5500000007
2025-08-01 09:53:13 AM,711.8,12,8541.599999999999,3300495.150000001
2025-08-01 09:53:17 AM,710.5,0,0.0,3300495.150000001
2025-08-01 09:53:20 AM,710.5,56,39788.0,3340283.150000001
2025-08-01 09:53:38 AM,711.0,0,0.0,3340283.150000001
2025-08-01 09:53:38 AM,711.0,101,71811.0,3412094.150000001
2025-08-01 09:53:41 AM,711.05,0,0.0,3412094.150000001
2025-08-01 09:53:45 AM,711.05,17,12087.849999999999,3424182.000000001
2025-08-01 09:54:23 AM,711.05,20,14221.0,3438403.000000001
2025-08-01 09:54:33 AM,708.8,0,0.0,3438403.000000001
2025-08-01 09:54:34 AM,708.8,445,315416.0,3753819.000000001
2025-08-01 09:54:36 AM,709.0,0,0.0,3753819.000000001
2025-08-01 09:54:40 AM,709.0,17,12053.0,3765872.000000001
2025-08-01 09:54:52 AM,709.0,1,709.0,3766581.000000001
2025-08-01 09:55:29 AM,708.45,0,0.0,3766581.000000001
2025-08-01 09:55:31 AM,707.55,0,0.0,3766581.000000001
2025-08-01 09:55:33 AM,707.9,0,0.0,3766581.000000001
2025-08-01 09:55:33 AM,707.9,124,87779.59999999999,3854360.600000001
2025-08-01 09:55:39 AM,707.9,11,7786.9,3862147.500000001
2025-08-01 09:56:02 AM,708.2,0,0.0,3862147.500000001
2025-08-01 09:56:04 AM,708.2,50,35410.0,3897557.500000001
2025-08-01 09:56:33 AM,707.55,4,2830.2,3900387.700000001
2025-08-01 09:56:52 AM,708.4,16,11334.4,3911722.100000001
2025-08-01 09:57:04 AM,708.4,1,708.4,3912430.500000001
2025-08-01 09:57:10 AM,708.4,10,7084.0,3919514.500000001
2025-08-01 09:58:03 AM,708.4,24,17001.6,3936516.100000001
2025-08-01 09:58:18 AM,708.4,27,19126.8,3955642.900000001
2025-08-01 09:58:54 AM,708.4,16,11334.4,3966977.3000000007
2025-08-01 09:59:13 AM,708.4,6,4250.4,3971227.7000000007
2025-08-01 09:59:16 AM,708.4,25,17710.0,3988937.7000000007
2025-08-01 09:59:25 AM,708.4,7,4958.8,3993896.5000000005
2025-08-01 09:59:29 AM,708.4,20,14168.0,4008064.5000000005
2025-08-01 10:00:19 AM,708.45,19,13460.550000000001,4021525.0500000003
2025-08-01 10:00:44 AM,708.45,11,7792.950000000001,4029318.0000000005
2025-08-01 10:01:09 AM,708.45,10,7084.5,4036402.5000000005
2025-08-01 10:01:37 AM,708.95,100,70895.0,4107297.5000000005
2025-08-01 10:01:48 AM,709.25,0,0.0,4107297.5000000005
2025-08-01 10:01:50 AM,709.25,25,17731.25,4125028.7500000005
2025-08-01 10:01:56 AM,708.65,0,0.0,4125028.7500000005
2025-08-01 10:01:56 AM,708.65,10,7086.5,4132115.2500000005
2025-08-01 10:01:58 AM,709.75,100,70975.0,4203090.25
2025-08-01 10:02:02 AM,708.55,0,0.0,4203090.25
2025-08-01 10:02:02 AM,708.55,86,60935.299999999996,4264025.55
2025-08-01 10:02:08 AM,709.45,100,70945.0,4334970.55
2025-08-01 10:02:15 AM,708.45,2,1416.9,4336387.45
2025-08-01 10:02:16 AM,709.5,100,70950.0,4407337.45
2025-08-01 10:02:59 AM,709.25,5,3546.25,4410883.7
2025-08-01 10:03:21 AM,709.35,11,7802.85,4418686.55
2025-08-01 10:04:14 AM,709.5,0,0.0,4418686.55
2025-08-01 10:04:15 AM,709.5,1,709.5,4419396.05
2025-08-01 10:04:40 AM,708.8,8,5670.4,4425066.45
2025-08-01 10:05:01 AM,709.45,11,7803.950000000001,4432870.4
2025-08-01 10:05:11 AM,708.75,0,0.0,4432870.4
2025-08-01 10:05:11 AM,708.75,3,2126.25,4434996.65
2025-08-01 10:05:50 AM,708.75,46,32602.5,4467599.15
2025-08-01 10:06:03 AM,707.1,0,0.0,4467599.15
2025-08-01 10:06:06 AM,706.75,37,26149.75,4493748.9
2025-08-01 10:06:17 AM,706.8,0,0.0,4493748.9
2025-08-01 10:06:20 AM,706.8,60,42408.0,4536156.9
2025-08-01 10:07:02 AM,706.65,28,19786.2,4555943.100000001
2025-08-01 10:07:06 AM,706.0,0,0.0,4555943.100000001
2025-08-01 10:07:06 AM,706.0,8,5648.0,4561591.100000001
2025-08-01 10:07:18 AM,705.5,11,7760.5,4569351.600000001
2025-08-01 10:07:33 AM,705.25,8,5642.0,4574993.600000001
2025-08-01 10:07:37 AM,706.35,32,22603.2,4597596.800000001
2025-08-01 10:07:45 AM,706.0,24,16944.0,4614540.800000001
2025-08-01 10:08:03 AM,705.6,0,0.0,4614540.800000001
2025-08-01 10:08:03 AM,705.6,5,3528.0,4618068.800000001
2025-08-01 10:08:08 AM,705.0,0,0.0,4618068.800000001
2025-08-01 10:08:08 AM,705.0,830,585150.0,5203218.800000001
2025-08-01 10:08:22 AM,704.7,59,41577.3,5244796.100000001
2025-08-01 10:08:26 AM,704.15,0,0.0,5244796.100000001
2025-08-01 10:08:26 AM,704.15,39,27461.85,5272257.95
2025-08-01 10:09:16 AM,704.7,5,3523.5,5275781.45
2025-08-01 10:09:37 AM,704.2,1,704.2,5276485.65
2025-08-01 10:09:43 AM,704.05,26,18305.3,5294790.95
2025-08-01 10:10:05 AM,704.55,0,0.0,5294790.95
2025-08-01 10:10:06 AM,704.55,4,2818.2,5297609.15
2025-08-01 10:10:25 AM,704.45,1,704.45,5298313.600000001
2025-08-01 10:10:37 AM,704.05,21,14785.05,5313098.65
2025-08-01 10:10:49 AM,704.55,100,70455.0,5383553.65
2025-08-01 10:11:24 AM,704.05,10,7040.5,5390594.15
2025-08-01 10:12:44 AM,704.25,0,0.0,5390594.15
2025-08-01 10:12:44 AM,704.25,2,1408.5,5392002.65
2025-08-01 10:13:07 AM,704.9,25,17622.5,5409625.15
2025-08-01 10:13:19 AM,704.55,54,38045.7,5447670.850000001
2025-08-01 10:13:20 AM,704.05,0,0.0,5447670.850000001
2025-08-01 10:13:20 AM,704.05,161,113352.04999999999,5561022.9
2025-08-01 10:13:29 AM,703.0,0,0.0,5561022.9
2025-08-01 10:13:31 AM,702.45,58,40742.100000000006,5601765.0
2025-08-01 10:13:35 AM,702.1,0,0.0,5601765.0
2025-08-01 10:13:37 AM,702.1,100,70210.0,5671975.0
2025-08-01 10:14:32 AM,702.15,0,0.0,5671975.0
2025-08-01 10:14:35 AM,702.15,20,14043.0,5686018.0
2025-08-01 10:14:41 AM,702.0,0,0.0,5686018.0
2025-08-01 10:14:41 AM,702.0,500,351000.0,6037018.0
2025-08-01 10:15:28 AM,701.2,17,11920.400000000001,6048938.4
2025-08-01 10:15:29 AM,701.2,3,2103.6000000000004,6051042.0
2025-08-01 10:15:34 AM,702.1,0,0.0,6051042.0
2025-08-01 10:15:34 AM,702.1,136,95485.6,6146527.6
2025-08-01 10:17:41 AM,702.25,0,0.0,6146527.6
2025-08-01 10:17:41 AM,702.25,1,702.25,6147229.85
2025-08-01 10:17:47 AM,702.25,2,1404.5,6148634.35
2025-08-01 10:18:22 AM,701.65,21,14734.65,6163369.0
2025-08-01 10:19:24 AM,701.7,0,0.0,6163369.0
2025-08-01 10:19:26 AM,701.7,21,14735.7,6178104.7
2025-08-01 10:19:42 AM,702.1,0,0.0,6178104.7
2025-08-01 10:19:42 AM,702.1,42,29488.2,6207592.9
2025-08-01 10:21:53 AM,703.0,0,0.0,6207592.9
2025-08-01 10:21:53 AM,703.0,62,43586.0,6251178.9
2025-08-01 10:23:29 AM,702.15,0,0.0,6251178.9
2025-08-01 10:23:29 AM,702.15,12,8425.8,6259604.7
2025-08-01 10:25:15 AM,702.8,24,16867.199999999997,6276471.9
2025-08-01 10:25:29 AM,702.9,0,0.0,6276471.9
2025-08-01 10:25:30 AM,702.9,17,11949.3,6288421.2
2025-08-01 10:25:49 AM,702.9,2,1405.8,6289827.0
2025-08-01 10:25:52 AM,702.9,10,7029.0,6296856.0
2025-08-01 10:26:57 AM,701.75,0,0.0,6296856.0
2025-08-01 10:27:00 AM,701.75,97,68069.75,6364925.75
2025-08-01 10:27:31 AM,702.4,19,13345.6,6378271.35
2025-08-01 10:28:30 AM,701.7,12,8420.400000000001,6386691.75
2025-08-01 10:31:50 AM,702.95,25,17573.75,6404265.5
2025-08-01 10:32:13 AM,702.35,10,7023.5,6411289.0
2025-08-01 10:32:41 AM,703.35,0,0.0,6411289.0
2025-08-01 10:32:42 AM,703.35,178,125196.3,6536485.3
2025-08-01 10:33:20 AM,702.35,0,0.0,6536485.3
2025-08-01 10:33:22 AM,702.35,10,7023.5,6543508.8
2025-08-01 10:33:40 AM,702.25,0,0.0,6543508.8
2025-08-01 10:33:40 AM,702.25,30,21067.5,6564576.3
2025-08-01 10:34:03 AM,702.8,2,1405.6,6565981.899999999
2025-08-01 10:34:36 AM,702.2,10,7022.0,6573003.899999999
2025-08-01 10:35:37 AM,702.3,9,6320.7,6579324.6
2025-08-01 10:36:25 AM,703.15,0,0.0,6579324.6
2025-08-01 10:36:27 AM,703.15,49,34454.35,6613778.949999999
2025-08-01 10:37:00 AM,703.1,4,2812.4,6616591.35
2025-08-01 10:37:11 AM,703.1,6,4218.6,6620809.949999999
2025-08-01 10:37:12 AM,702.5,0,0.0,6620809.949999999
2025-08-01 10:37:13 AM,702.5,1,702.5,6621512.449999999
2025-08-01 10:38:27 AM,703.35,0,0.0,6621512.449999999
2025-08-01 10:38:29 AM,703.35,25,17583.75,6639096.199999999
2025-08-01 10:40:17 AM,702.75,0,0.0,6639096.199999999
2025-08-01 10:40:18 AM,702.75,10,7027.5,6646123.699999999
2025-08-01 10:40:37 AM,702.7,0,0.0,6646123.699999999
2025-08-01 10:40:37 AM,702.7,7,4918.900000000001,6651042.6
2025-08-01 10:42:11 AM,703.25,0,0.0,6651042.6
2025-08-01 10:42:15 AM,703.25,10,7032.5,6658075.1
2025-08-01 10:42:53 AM,702.75,0,0.0,6658075.1
2025-08-01 10:42:54 AM,702.75,26,18271.5,6676346.6
2025-08-01 10:43:12 AM,703.2,0,0.0,6676346.6
2025-08-01 10:43:12 AM,702.75,2,1405.5,6677752.1
2025-08-01 10:43:14 AM,702.7,0,0.0,6677752.1
2025-08-01 10:43:14 AM,702.75,0,0.0,6677752.1
2025-08-01 10:43:16 AM,702.75,46,32326.5,6710078.6
2025-08-01 10:43:18 AM,702.3,0,0.0,6710078.6
2025-08-01 10:43:18 AM,702.3,162,113772.59999999999,6823851.199999999
2025-08-01 10:43:58 AM,701.3,0,0.0,6823851.199999999
2025-08-01 10:43:58 AM,701.3,8,5610.4,6829461.6
2025-08-01 10:44:05 AM,701.0,21,14721.0,6844182.6
2025-08-01 10:44:12 AM,701.1,0,0.0,6844182.6
2025-08-01 10:44:14 AM,701.8,0,0.0,6844182.6
2025-08-01 10:44:14 AM,701.8,15,10527.0,6854709.6
2025-08-01 10:45:42 AM,701.05,0,0.0,6854709.6
2025-08-01 10:45:43 AM,701.05,8,5608.4,6860318.0
2025-08-01 10:46:28 AM,700.85,0,0.0,6860318.0
2025-08-01 10:46:31 AM,700.85,137,96016.45,6956334.45
2025-08-01 10:46:55 AM,700.0,143,100100.0,7056434.45
2025-08-01 10:47:53 AM,700.0,10,7000.0,7063434.45
2025-08-01 10:48:44 AM,700.0,45,31500.0,7094934.45
2025-08-01 10:48:58 AM,700.0,19,13300.0,7108234.45
2025-08-01 10:49:34 AM,700.6,0,0.0,7108234.45
2025-08-01 10:49:36 AM,700.6,1,700.6,7108935.05
2025-08-01 10:49:52 AM,700.05,0,0.0,7108935.05
2025-08-01 10:49:52 AM,700.05,11,7700.549999999999,7116635.6
2025-08-01 10:50:47 AM,700.05,13,9100.65,7125736.25
2025-08-01 10:52:58 AM,700.75,0,0.0,7125736.25
2025-08-01 10:52:58 AM,700.75,25,17518.75,7143255.0
2025-08-01 10:54:12 AM,701.0,0,0.0,7143255.0
2025-08-01 10:54:13 AM,700.95,101,70795.95000000001,7214050.95
2025-08-01 10:54:51 AM,700.75,1,700.75,7214751.7
2025-08-01 10:55:33 AM,700.75,25,17518.75,7232270.45
2025-08-01 10:57:06 AM,700.2,0,0.0,7232270.45
2025-08-01 10:57:08 AM,700.2,7,4901.400000000001,7237171.850000001
2025-08-01 10:57:34 AM,700.65,0,0.0,7237171.850000001
2025-08-01 10:57:35 AM,700.65,4,2802.6,7239974.45
2025-08-01 10:58:14 AM,701.95,0,0.0,7239974.45
2025-08-01 10:58:17 AM,701.95,35,24568.25,7264542.7
2025-08-01 11:00:02 AM,701.9,0,0.0,7264542.7
2025-08-01 11:00:04 AM,701.9,101,70891.9,7335434.600000001
2025-08-01 11:00:23 AM,701.3,0,0.0,7335434.600000001
2025-08-01 11:00:27 AM,701.3,1,701.3,7336135.9
2025-08-01 11:01:07 AM,702.05,0,0.0,7336135.9
2025-08-01 11:01:09 AM,702.05,30,21061.5,7357197.4
2025-08-01 11:02:13 AM,702.0,60,42120.0,7399317.4
2025-08-01 11:03:25 AM,702.05,0,0.0,7399317.4
2025-08-01 11:03:26 AM,702.05,11,7722.549999999999,7407039.95
2025-08-01 11:03:57 AM,702.65,0,0.0,7407039.95
2025-08-01 11:03:58 AM,702.65,25,17566.25,7424606.2
2025-08-01 11:06:14 AM,702.7,0,0.0,7424606.2
2025-08-01 11:06:15 AM,702.7,39,27405.300000000003,7452011.5
2025-08-01 11:06:22 AM,701.4,0,0.0,7452011.5
2025-08-01 11:06:22 AM,701.4,66,46292.4,7498303.9
2025-08-01 11:07:39 AM,701.35,0,0.0,7498303.9
2025-08-01 11:07:41 AM,701.35,6,4208.1,7502512.0
2025-08-01 11:08:20 AM,701.35,2,1402.7,7503914.7
2025-08-01 11:08:21 AM,701.5,0,0.0,7503914.7
2025-08-01 11:08:23 AM,701.5,101,70851.5,7574766.2
2025-08-01 11:08:35 AM,701.4,0,0.0,7574766.2
2025-08-01 11:08:36 AM,701.4,6,4208.4,7578974.600000001
2025-08-01 11:08:39 AM,701.5,100,70150.0,7649124.600000001
2025-08-01 11:08:43 AM,701.35,0,0.0,7649124.600000001
2025-08-01 11:08:44 AM,701.35,71,49795.85,7698920.45
2025-08-01 11:09:42 AM,701.4,4,2805.6,7701726.05
2025-08-01 11:10:20 AM,701.35,0,0.0,7701726.05
2025-08-01 11:10:22 AM,701.35,4,2805.4,7704531.45
2025-08-01 11:11:06 AM,701.35,6,4208.1,7708739.55
2025-08-01 11:11:12 AM,701.35,7,4909.45,7713649.0
2025-08-01 11:11:50 AM,701.95,2,1403.9,7715052.9
2025-08-01 11:13:52 AM,702.0,100,70200.0,7785252.9
2025-08-01 11:14:23 AM,701.25,0,0.0,7785252.9
2025-08-01 11:14:25 AM,701.25,2,1402.5,7786655.4
2025-08-01 11:15:29 AM,701.25,4,2805.0,7789460.4
2025-08-01 11:19:18 AM,701.95,0,0.0,7789460.4
2025-08-01 11:19:22 AM,701.95,50,35097.5,7824557.9
2025-08-01 11:20:21 AM,701.95,17,11933.150000000001,7836491.050000001
2025-08-01 11:20:31 AM,701.95,10,7019.5,7843510.550000001
2025-08-01 11:21:02 AM,701.95,16,11231.2,7854741.750000001
2025-08-01 11:22:02 AM,701.9,0,0.0,7854741.750000001
2025-08-01 11:22:04 AM,701.9,10,7019.0,7861760.750000001
2025-08-01 11:24:25 AM,702.2,0,0.0,7861760.750000001
2025-08-01 11:24:26 AM,702.2,18,12639.6,7874400.350000001
2025-08-01 11:26:09 AM,702.15,0,0.0,7874400.350000001
2025-08-01 11:26:10 AM,702.15,10,7021.5,7881421.850000001
2025-08-01 11:26:31 AM,702.15,5,3510.75,7884932.600000001
2025-08-01 11:27:26 AM,701.95,3,2105.8500000000004,7887038.45
2025-08-01 11:27:29 AM,702.7,0,0.0,7887038.45
2025-08-01 11:27:32 AM,702.7,8,5621.6,7892660.05
2025-08-01 11:27:50 AM,701.95,0,0.0,7892660.05
2025-08-01 11:27:52 AM,701.95,26,18250.7,7910910.75
2025-08-01 11:27:56 AM,702.8,0,0.0,7910910.75
2025-08-01 11:27:58 AM,702.8,1,702.8,7911613.55
2025-08-01 11:28:00 AM,702.0,3,2106.0,7913719.55
2025-08-01 11:28:29 AM,702.0,3,2106.0,7915825.55
2025-08-01 11:29:38 AM,702.65,0,0.0,7915825.55
2025-08-01 11:29:41 AM,702.65,10,7026.5,7922852.05
2025-08-01 11:31:15 AM,701.3,220,154286.0,8077138.05
2025-08-01 11:34:01 AM,701.55,6,4209.299999999999,8081347.35
2025-08-01 11:34:46 AM,700.8,0,0.0,8081347.35
2025-08-01 11:34:47 AM,700.8,8,5606.4,8086953.75
2025-08-01 11:35:48 AM,700.55,0,0.0,8086953.75
2025-08-01 11:35:50 AM,700.55,8,5604.4,8092558.15
2025-08-01 11:36:00 AM,700.55,2,1401.1,8093959.25
2025-08-01 11:36:47 AM,700.55,8,5604.4,8099563.65
2025-08-01 11:38:49 AM,701.2,0,0.0,8099563.65
2025-08-01 11:38:50 AM,701.2,10,7012.0,8106575.65
2025-08-01 11:39:33 AM,700.5,0,0.0,8106575.65
2025-08-01 11:39:36 AM,700.5,68,47634.0,8154209.65
2025-08-01 11:39:40 AM,700.95,0,0.0,8154209.65
2025-08-01 11:39:42 AM,700.95,15,10514.25,8164723.9
2025-08-01 11:40:03 AM,700.85,0,0.0,8164723.9
2025-08-01 11:40:04 AM,700.85,5,3504.25,8168228.15
2025-08-01 11:40:54 AM,700.85,1,700.85,8168929.0
2025-08-01 11:41:04 AM,700.1,10,7001.0,8175930.0
2025-08-01 11:42:27 AM,700.0,0,0.0,8175930.0
2025-08-01 11:42:30 AM,700.0,361,252700.0,8428630.0
2025-08-01 11:44:17 AM,699.1,0,0.0,8428630.0
2025-08-01 11:44:18 AM,699.1,12,8389.2,8437019.2
2025-08-01 11:44:39 AM,699.35,0,0.0,8437019.2
2025-08-01 11:44:41 AM,699.35,2,1398.7,8438417.899999999
2025-08-01 11:44:52 AM,699.35,13,9091.550000000001,8447509.45
2025-08-01 11:46:32 AM,699.35,50,34967.5,8482476.95
2025-08-01 11:46:33 AM,698.5,250,174625.0,8657101.95
2025-08-01 11:47:13 AM,698.2,0,0.0,8657101.95
2025-08-01 11:47:14 AM,698.2,6,4189.200000000001,8661291.149999999
2025-08-01 11:47:19 AM,698.0,0,0.0,8661291.149999999
2025-08-01 11:47:19 AM,698.0,21,14658.0,8675949.149999999
2025-08-01 11:47:20 AM,698.2,1,698.2,8676647.349999998
2025-08-01 11:47:51 AM,698.0,7,4886.0,8681533.349999998
2025-08-01 11:48:31 AM,698.0,11,7678.0,8689211.349999998
2025-08-01 11:49:33 AM,698.0,11,7678.0,8696889.349999998
2025-08-01 11:49:39 AM,699.05,0,0.0,8696889.349999998
2025-08-01 11:49:43 AM,699.05,88,61516.399999999994,8758405.749999998
2025-08-01 11:50:43 AM,699.75,0,0.0,8758405.749999998
2025-08-01 11:50:45 AM,699.75,10,6997.5,8765403.249999998
2025-08-01 11:52:31 AM,700.0,0,0.0,8765403.249999998
2025-08-01 11:52:34 AM,700.0,10,7000.0,8772403.249999998
2025-08-01 11:53:01 AM,699.05,0,0.0,8772403.249999998
2025-08-01 11:53:04 AM,699.05,200,139810.0,8912213.249999998
2025-08-01 11:53:14 AM,700.1,0,0.0,8912213.249999998
2025-08-01 11:53:15 AM,700.1,20,14002.0,8926215.249999998
2025-08-01 11:53:19 AM,700.05,0,0.0,8926215.249999998
2025-08-01 11:53:20 AM,700.05,1,700.05,8926915.299999999
2025-08-01 11:53:49 AM,699.4,0,0.0,8926915.299999999
2025-08-01 11:53:51 AM,699.4,6,4196.4,8931111.7
2025-08-01 11:54:10 AM,699.4,7,4895.8,8936007.5
2025-08-01 11:54:13 AM,699.6,0,0.0,8936007.5
2025-08-01 11:54:16 AM,699.6,11,7695.6,8943703.1
2025-08-01 11:55:08 AM,699.75,0,0.0,8943703.1
2025-08-01 11:55:11 AM,699.75,10,6997.5,8950700.6
2025-08-01 11:55:32 AM,699.75,7,4898.25,8955598.85
2025-08-01 11:55:37 AM,699.4,5,3497.0,8959095.85
2025-08-01 11:55:45 AM,700.0,0,0.0,8959095.85
2025-08-01 11:55:47 AM,700.0,43,30100.0,8989195.85
2025-08-01 11:57:27 AM,700.0,1,700.0,8989895.85
2025-08-01 11:59:01 AM,700.0,5,3500.0,8993395.85
2025-08-01 11:59:14 AM,700.15,0,0.0,8993395.85
2025-08-01 11:59:17 AM,700.15,18,12602.699999999999,9005998.549999999
2025-08-01 12:00:39 PM,700.15,10,7001.5,9013000.049999999
2025-08-01 12:02:55 PM,700.35,0,0.0,9013000.049999999
2025-08-01 12:02:56 PM,700.35,102,71435.7,9084435.749999998
2025-08-01 12:04:12 PM,700.35,11,7703.85,9092139.599999998
2025-08-01 12:05:38 PM,700.35,8,5602.8,9097742.399999999
2025-08-01 12:06:41 PM,700.35,9,6303.150000000001,9104045.549999999
2025-08-01 12:06:46 PM,700.2,2,1400.4,9105445.95
2025-08-01 12:07:00 PM,700.0,0,0.0,9105445.95
2025-08-01 12:07:01 PM,700.0,40,28000.0,9133445.95
2025-08-01 12:07:16 PM,701.2,0,0.0,9133445.95
2025-08-01 12:07:16 PM,701.2,71,49785.200000000004,9183231.149999999
2025-08-01 12:07:58 PM,700.9,0,0.0,9183231.149999999
2025-08-01 12:08:01 PM,700.9,9,6308.099999999999,9189539.249999998
2025-08-01 12:08:04 PM,701.5,0,0.0,9189539.249999998
2025-08-01 12:08:07 PM,701.5,1,701.5,9190240.749999998
2025-08-01 12:08:18 PM,701.6,0,0.0,9190240.749999998
2025-08-01 12:08:22 PM,701.6,6,4209.6,9194450.349999998
2025-08-01 12:08:51 PM,700.9,9,6308.099999999999,9200758.449999997
2025-08-01 12:10:34 PM,701.55,0,0.0,9200758.449999997
2025-08-01 12:10:37 PM,701.55,10,7015.5,9207773.949999997
2025-08-01 12:11:18 PM,701.75,0,0.0,9207773.949999997
2025-08-01 12:11:21 PM,701.75,40,28070.0,9235843.949999997
2025-08-01 12:14:46 PM,701.55,0,0.0,9235843.949999997
2025-08-01 12:14:46 PM,701.55,10,7015.5,9242859.449999997
2025-08-01 12:14:50 PM,701.6,0,0.0,9242859.449999997
2025-08-01 12:14:51 PM,701.6,1,701.6,9243561.049999997
2025-08-01 12:14:51 PM,700.95,9,6308.55,9249869.599999998
2025-08-01 12:15:24 PM,701.55,0,0.0,9249869.599999998
2025-08-01 12:15:26 PM,701.55,1,701.55,9250571.149999999
2025-08-01 12:15:54 PM,701.0,0,0.0,9250571.149999999
2025-08-01 12:15:57 PM,701.0,8,5608.0,9256179.149999999
2025-08-01 12:16:12 PM,700.7,40,28028.0,9284207.149999999
2025-08-01 12:19:12 PM,701.05,0,0.0,9284207.149999999
2025-08-01 12:19:13 PM,701.05,12,8412.599999999999,9292619.749999998
2025-08-01 12:19:36 PM,702.0,0,0.0,9292619.749999998
2025-08-01 12:19:38 PM,702.0,155,108810.0,9401429.749999998
2025-08-01 12:19:44 PM,702.0,22,15444.0,9416873.749999998
2025-08-01 12:20:04 PM,702.0,8,5616.0,9422489.749999998
2025-08-01 12:22:06 PM,702.6,0,0.0,9422489.749999998
2025-08-01 12:22:09 PM,702.6,1,702.6,9423192.349999998
2025-08-01 12:23:47 PM,702.05,0,0.0,9423192.349999998
2025-08-01 12:23:50 PM,702.05,10,7020.5,9430212.849999998
2025-08-01 12:24:35 PM,702.05,2,1404.1,9431616.949999997
2025-08-01 12:25:19 PM,702.8,0,0.0,9431616.949999997
2025-08-01 12:25:20 PM,702.8,2,1405.6,9433022.549999997
2025-08-01 12:25:26 PM,702.4,0,0.0,9433022.549999997
2025-08-01 12:25:27 PM,702.45,0,0.0,9433022.549999997
2025-08-01 12:25:30 PM,702.45,12,8429.400000000001,9441451.949999997
2025-08-01 12:25:55 PM,702.45,10,7024.5,9448476.449999997
2025-08-01 12:26:21 PM,703.15,0,0.0,9448476.449999997
2025-08-01 12:26:25 PM,703.15,1,703.15,9449179.599999998
2025-08-01 12:27:05 PM,702.6,0,0.0,9449179.599999998
2025-08-01 12:27:06 PM,702.6,25,17565.0,9466744.599999998
2025-08-01 12:27:11 PM,703.15,0,0.0,9466744.599999998
2025-08-01 12:27:12 PM,702.6,0,0.0,9466744.599999998
2025-08-01 12:27:16 PM,702.6,18,12646.800000000001,9479391.399999999
2025-08-01 12:28:01 PM,699.55,0,0.0,9479391.399999999
2025-08-01 12:28:05 PM,699.55,2073,1450167.15,10929558.549999999
2025-08-01 12:28:06 PM,698.85,0,0.0,10929558.549999999
2025-08-01 12:28:10 PM,698.85,28,19567.8,10949126.35
2025-08-01 12:28:53 PM,698.1,0,0.0,10949126.35
2025-08-01 12:28:54 PM,698.1,40,27924.0,10977050.35
2025-08-01 12:28:59 PM,698.15,14,9774.1,10986824.45
2025-08-01 12:30:52 PM,699.2,0,0.0,10986824.45
2025-08-01 12:30:53 PM,699.2,192,134246.40000000002,11121070.85
2025-08-01 12:32:54 PM,699.9,0,0.0,11121070.85
2025-08-01 12:32:55 PM,699.9,55,38494.5,11159565.35
2025-08-01 12:32:56 PM,700.45,0,0.0,11159565.35
2025-08-01 12:33:00 PM,700.45,2,1400.9,11160966.25
2025-08-01 12:34:56 PM,699.7,0,0.0,11160966.25
2025-08-01 12:35:01 PM,699.7,6,4198.200000000001,11165164.45
2025-08-01 12:35:06 PM,699.7,50,34985.0,11200149.45
2025-08-01 12:36:22 PM,700.25,0,0.0,11200149.45
2025-08-01 12:36:25 PM,700.25,19,13304.75,11213454.2
2025-08-01 12:36:26 PM,700.35,0,0.0,11213454.2
2025-08-01 12:36:30 PM,700.35,48,33616.8,11247071.0
2025-08-01 12:36:32 PM,700.2,0,0.0,11247071.0
2025-08-01 12:36:35 PM,700.2,10,7002.0,11254073.0
2025-08-01 12:36:36 PM,700.0,0,0.0,11254073.0
2025-08-01 12:36:40 PM,700.0,5,3500.0,11257573.0
2025-08-01 12:37:49 PM,699.9,0,0.0,11257573.0
2025-08-01 12:37:50 PM,699.9,5,3499.5,11261072.5
2025-08-01 12:38:59 PM,699.9,3,2099.7,11263172.2
2025-08-01 12:39:31 PM,699.95,0,0.0,11263172.2
2025-08-01 12:39:33 PM,699.95,5,3499.75,11266671.95
2025-08-01 12:40:09 PM,699.95,2,1399.9,11268071.85
2025-08-01 12:40:40 PM,700.05,13,9100.65,11277172.5
2025-08-01 12:41:32 PM,700.05,5,3500.25,11280672.75
2025-08-01 12:41:46 PM,700.5,0,0.0,11280672.75
2025-08-01 12:41:47 PM,700.5,10,7005.0,11287677.75
2025-08-01 12:42:56 PM,700.65,0,0.0,11287677.75
2025-08-01 12:43:00 PM,700.65,33,23121.45,11310799.2
2025-08-01 12:43:02 PM,700.55,0,0.0,11310799.2
2025-08-01 12:43:05 PM,700.55,29,20315.949999999997,11331115.149999999
2025-08-01 12:43:58 PM,701.1,0,0.0,11331115.149999999
2025-08-01 12:44:00 PM,701.1,10,7011.0,11338126.149999999
2025-08-01 12:44:12 PM,701.1,10,7011.0,11345137.149999999
2025-08-01 12:44:42 PM,700.65,0,0.0,11345137.149999999
2025-08-01 12:44:43 PM,700.65,2,1401.3,11346538.45
2025-08-01 12:46:31 PM,701.15,10,7011.5,11353549.95
2025-08-01 12:49:41 PM,701.15,25,17528.75,11371078.7
2025-08-01 12:50:08 PM,700.15,154,107823.09999999999,11478901.799999999
2025-08-01 12:50:10 PM,699.0,0,0.0,11478901.799999999
2025-08-01 12:50:11 PM,699.0,26,18174.0,11497075.799999999
2025-08-01 12:51:00 PM,698.85,0,0.0,11497075.799999999
2025-08-01 12:51:03 PM,698.85,1,698.85,11497774.649999999
2025-08-01 12:57:38 PM,699.45,0,0.0,11497774.649999999
2025-08-01 12:57:41 PM,699.5,29,20285.5,11518060.149999999
2025-08-01 12:58:27 PM,699.5,5,3497.5,11521557.649999999
2025-08-01 12:58:28 PM,699.45,0,0.0,11521557.649999999
2025-08-01 12:58:32 PM,699.45,10,6994.5,11528552.149999999
2025-08-01 01:00:11 PM,699.55,0,0.0,11528552.149999999
2025-08-01 01:00:14 PM,699.55,9,6295.95,11534848.099999998
2025-08-01 01:02:41 PM,698.95,0,0.0,11534848.099999998
2025-08-01 01:02:43 PM,698.95,2,1397.9,11536245.999999998
2025-08-01 01:03:05 PM,699.65,0,0.0,11536245.999999998
2025-08-01 01:03:08 PM,699.65,20,13993.0,11550238.999999998
2025-08-01 01:03:11 PM,699.6,0,0.0,11550238.999999998
2025-08-01 01:03:13 PM,699.6,11,7695.6,11557934.599999998
2025-08-01 01:05:27 PM,699.75,0,0.0,11557934.599999998
2025-08-01 01:05:30 PM,699.75,9,6297.75,11564232.349999998
2025-08-01 01:05:35 PM,699.4,0,0.0,11564232.349999998
2025-08-01 01:05:36 PM,699.4,8,5595.2,11569827.549999997
2025-08-01 01:08:30 PM,699.9,0,0.0,11569827.549999997
2025-08-01 01:08:30 PM,699.9,10,6999.0,11576826.549999997
2025-08-01 01:08:32 PM,699.55,0,0.0,11576826.549999997
2025-08-01 01:08:35 PM,699.55,2,1399.1,11578225.649999997
2025-08-01 01:08:36 PM,699.9,0,0.0,11578225.649999997
2025-08-01 01:08:37 PM,699.9,2,1399.8,11579625.449999997
2025-08-01 01:09:42 PM,699.9,9,6299.099999999999,11585924.549999997
2025-08-01 01:10:00 PM,699.9,10,6999.0,11592923.549999997
2025-08-01 01:10:41 PM,699.9,10,6999.0,11599922.549999997
2025-08-01 01:11:40 PM,699.9,1,699.9,11600622.449999997
2025-08-01 01:12:15 PM,699.9,12,8398.8,11609021.249999998
2025-08-01 01:14:53 PM,699.9,9,6299.099999999999,11615320.349999998
2025-08-01 01:15:28 PM,699.9,35,24496.5,11639816.849999998
2025-08-01 01:15:32 PM,699.6,0,0.0,11639816.849999998
2025-08-01 01:15:34 PM,699.6,8,5596.8,11645413.649999999
2025-08-01 01:16:04 PM,699.9,0,0.0,11645413.649999999
2025-08-01 01:16:04 PM,699.9,10,6999.0,11652412.649999999
2025-08-01 01:18:44 PM,699.9,10,6999.0,11659411.649999999
2025-08-01 01:20:32 PM,700.05,0,0.0,11659411.649999999
2025-08-01 01:20:33 PM,700.05,9,6300.45,11665712.099999998
2025-08-01 01:22:36 PM,700.25,0,0.0,11665712.099999998
2025-08-01 01:22:39 PM,700.25,26,18206.5,11683918.599999998
2025-08-01 01:22:48 PM,700.0,9,6300.0,11690218.599999998
2025-08-01 01:25:12 PM,700.25,49,34312.25,11724530.849999998
2025-08-01 01:26:09 PM,700.45,0,0.0,11724530.849999998
2025-08-01 01:26:11 PM,700.45,12,8405.400000000001,11732936.249999998
2025-08-01 01:26:45 PM,700.45,1,700.45,11733636.699999997
2025-08-01 01:26:51 PM,700.95,0,0.0,11733636.699999997
2025-08-01 01:26:55 PM,700.95,4,2803.8,11736440.499999998
2025-08-01 01:27:34 PM,700.45,2,1400.9,11737841.399999999
2025-08-01 01:28:27 PM,700.45,9,6304.05,11744145.45
2025-08-01 01:29:12 PM,698.0,0,0.0,11744145.45
2025-08-01 01:29:15 PM,698.0,597,416706.0,12160851.45
2025-08-01 01:29:29 PM,697.65,0,0.0,12160851.45
2025-08-01 01:29:29 PM,697.65,315,219759.75,12380611.2
2025-08-01 01:29:38 PM,697.8,0,0.0,12380611.2
2025-08-01 01:29:39 PM,697.8,26,18142.8,12398754.0
2025-08-01 01:29:56 PM,697.45,0,0.0,12398754.0
2025-08-01 01:29:57 PM,697.45,2,1394.9,12400148.9
2025-08-01 01:31:16 PM,698.0,0,0.0,12400148.9
2025-08-01 01:31:18 PM,698.0,30,20940.0,12421088.9
2025-08-01 01:32:30 PM,699.2,0,0.0,12421088.9
2025-08-01 01:32:32 PM,699.2,455,318136.0,12739224.9
2025-08-01 01:32:44 PM,698.45,0,0.0,12739224.9
2025-08-01 01:32:46 PM,698.45,50,34922.5,12774147.4
2025-08-01 01:32:56 PM,698.0,100,69800.0,12843947.4
2025-08-01 01:33:21 PM,698.7,0,0.0,12843947.4
2025-08-01 01:33:25 PM,698.7,1,698.7,12844646.1
2025-08-01 01:33:33 PM,697.85,0,0.0,12844646.1
2025-08-01 01:33:35 PM,697.85,9,6280.650000000001,12850926.75
2025-08-01 01:33:44 PM,698.75,101,70573.75,12921500.5
2025-08-01 01:35:24 PM,697.65,0,0.0,12921500.5
2025-08-01 01:35:24 PM,697.65,14,9767.1,12931267.6
2025-08-01 01:36:22 PM,697.55,0,0.0,12931267.6
2025-08-01 01:36:23 PM,697.55,13,9068.15,12940335.75
2025-08-01 01:37:06 PM,697.55,12,8370.599999999999,12948706.35
2025-08-01 01:37:30 PM,697.45,0,0.0,12948706.35
2025-08-01 01:37:32 PM,697.45,3,2092.3500000000004,12950798.7
2025-08-01 01:38:28 PM,697.45,21,14646.45,12965445.149999999
2025-08-01 01:39:06 PM,697.45,1,697.45,12966142.599999998
2025-08-01 01:39:22 PM,697.45,1,697.45,12966840.049999997
2025-08-01 01:39:33 PM,697.45,1,697.45,12967537.499999996
2025-08-01 01:39:47 PM,697.45,18,12554.1,12980091.599999996
2025-08-01 01:40:48 PM,697.45,30,20923.5,13001015.099999996
2025-08-01 01:40:58 PM,697.45,100,69745.0,13070760.099999996
2025-08-01 01:41:16 PM,697.5,0,0.0,13070760.099999996
2025-08-01 01:41:18 PM,697.5,10,6975.0,13077735.099999996
2025-08-01 01:43:56 PM,697.9,0,0.0,13077735.099999996
2025-08-01 01:43:56 PM,697.9,18,12562.199999999999,13090297.299999995
2025-08-01 01:47:30 PM,698.7,0,0.0,13090297.299999995
2025-08-01 01:47:30 PM,698.7,17,11877.900000000001,13102175.199999996
2025-08-01 01:48:31 PM,699.15,0,0.0,13102175.199999996
2025-08-01 01:48:31 PM,699.15,1,699.15,13102874.349999996
2025-08-01 01:51:02 PM,699.25,0,0.0,13102874.349999996
2025-08-01 01:51:06 PM,699.25,10,6992.5,13109866.849999996
2025-08-01 01:54:09 PM,699.25,50,34962.5,13144829.349999996
2025-08-01 01:54:13 PM,699.25,12,8391.0,13153220.349999996
2025-08-01 01:56:02 PM,699.7,10,6997.0,13160217.349999996
2025-08-01 01:58:04 PM,699.2,0,0.0,13160217.349999996
2025-08-01 01:58:04 PM,699.2,10,6992.0,13167209.349999996
2025-08-01 01:59:53 PM,699.9,0,0.0,13167209.349999996
2025-08-01 01:59:55 PM,699.9,10,6999.0,13174208.349999996
2025-08-01 02:00:01 PM,700.0,0,0.0,13174208.349999996
2025-08-01 02:00:05 PM,700.0,15,10500.0,13184708.349999996
2025-08-01 02:00:58 PM,699.25,0,0.0,13184708.349999996
2025-08-01 02:00:59 PM,699.25,8,5594.0,13190302.349999996
2025-08-01 02:02:02 PM,698.75,100,69875.0,13260177.349999996
2025-08-01 02:02:06 PM,698.35,0,0.0,13260177.349999996
2025-08-01 02:02:07 PM,698.35,15,10475.25,13270652.599999996
2025-08-01 02:02:30 PM,698.8,0,0.0,13270652.599999996
2025-08-01 02:02:31 PM,698.8,1,698.8,13271351.399999997
2025-08-01 02:03:16 PM,698.55,0,0.0,13271351.399999997
2025-08-01 02:03:17 PM,698.55,1,698.55,13272049.949999997
2025-08-01 02:03:19 PM,698.65,0,0.0,13272049.949999997
2025-08-01 02:03:22 PM,698.65,5,3493.25,13275543.199999997
2025-08-01 02:04:33 PM,698.55,1,698.55,13276241.749999998
2025-08-01 02:05:00 PM,698.05,0,0.0,13276241.749999998
2025-08-01 02:05:03 PM,698.05,5,3490.25,13279731.999999998
2025-08-01 02:05:03 PM,697.85,16,11165.6,13290897.599999998
2025-08-01 02:06:19 PM,697.8,0,0.0,13290897.599999998
2025-08-01 02:06:23 PM,697.8,2,1395.6,13292293.199999997
2025-08-01 02:07:05 PM,696.05,0,0.0,13292293.199999997
2025-08-01 02:07:07 PM,696.55,0,0.0,13292293.199999997
2025-08-01 02:07:10 PM,696.55,534,371957.69999999995,13664250.899999997
2025-08-01 02:07:15 PM,696.6,85,59211.0,13723461.899999997
2025-08-01 02:07:37 PM,697.05,0,0.0,13723461.899999997
2025-08-01 02:07:40 PM,697.05,66,46005.299999999996,13769467.199999997
2025-08-01 02:08:54 PM,696.95,0,0.0,13769467.199999997
2025-08-01 02:08:57 PM,696.95,25,17423.75,13786890.949999997
2025-08-01 02:10:50 PM,695.85,0,0.0,13786890.949999997
2025-08-01 02:10:53 PM,695.85,40,27834.0,13814724.949999997
2025-08-01 02:10:58 PM,696.5,0,0.0,13814724.949999997
2025-08-01 02:10:58 PM,696.5,30,20895.0,13835619.949999997
2025-08-01 02:11:00 PM,696.05,0,0.0,13835619.949999997
2025-08-01 02:11:03 PM,696.05,1,696.05,13836315.999999998
2025-08-01 02:11:19 PM,696.95,0,0.0,13836315.999999998
2025-08-01 02:11:20 PM,696.95,124,86421.8,13922737.799999999
2025-08-01 02:12:40 PM,697.25,0,0.0,13922737.799999999
2025-08-01 02:12:41 PM,697.35,0,0.0,13922737.799999999
2025-08-01 02:12:42 PM,697.35,51,35564.85,13958302.649999999
2025-08-01 02:14:04 PM,696.0,0,0.0,13958302.649999999
2025-08-01 02:14:05 PM,696.0,10,6960.0,13965262.649999999
2025-08-01 02:14:06 PM,695.7,0,0.0,13965262.649999999
2025-08-01 02:14:06 PM,695.7,27,18783.9,13984046.549999999
2025-08-01 02:14:28 PM,695.7,40,27828.0,14011874.549999999
2025-08-01 02:15:23 PM,695.7,20,13914.0,14025788.549999999
2025-08-01 02:16:47 PM,695.7,25,17392.5,14043181.049999999
2025-08-01 02:16:56 PM,695.7,10,6957.0,14050138.049999999
2025-08-01 02:17:43 PM,695.7,1,695.7,14050833.749999998
2025-08-01 02:18:24 PM,695.7,14,9739.800000000001,14060573.549999999
2025-08-01 02:19:23 PM,695.9,0,0.0,14060573.549999999
2025-08-01 02:19:25 PM,695.9,2,1391.8,14061965.35
2025-08-01 02:20:24 PM,696.25,0,0.0,14061965.35
2025-08-01 02:20:28 PM,696.25,50,34812.5,14096777.85
2025-08-01 02:21:49 PM,696.1,0,0.0,14096777.85
2025-08-01 02:21:50 PM,696.1,20,13922.0,14110699.85
2025-08-01 02:21:50 PM,696.1,5,3480.5,14114180.35
2025-08-01 02:24:08 PM,696.2,0,0.0,14114180.35
2025-08-01 02:24:09 PM,696.2,5,3481.0,14117661.35
2025-08-01 02:24:14 PM,695.8,0,0.0,14117661.35
2025-08-01 02:24:14 PM,695.8,15,10437.0,14128098.35
2025-08-01 02:24:56 PM,696.2,0,0.0,14128098.35
2025-08-01 02:24:56 PM,696.2,1,696.2,14128794.549999999
2025-08-01 02:25:01 PM,695.8,1,695.8,14129490.35
2025-08-01 02:25:20 PM,696.25,0,0.0,14129490.35
2025-08-01 02:25:23 PM,696.25,10,6962.5,14136452.85
2025-08-01 02:25:38 PM,695.85,0,0.0,14136452.85
2025-08-01 02:25:40 PM,695.85,32,22267.2,14158720.049999999
2025-08-01 02:26:22 PM,695.8,24,16699.199999999997,14175419.249999998
2025-08-01 02:27:02 PM,696.25,0,0.0,14175419.249999998
2025-08-01 02:27:04 PM,695.85,9,6262.650000000001,14181681.899999999
2025-08-01 02:27:08 PM,695.75,0,0.0,14181681.899999999
2025-08-01 02:27:10 PM,695.75,23,16002.25,14197684.149999999
2025-08-01 02:27:14 PM,695.6,0,0.0,14197684.149999999
2025-08-01 02:27:15 PM,695.6,2,1391.2,14199075.349999998
2025-08-01 02:27:48 PM,695.8,0,0.0,14199075.349999998
2025-08-01 02:27:48 PM,695.8,1,695.8,14199771.149999999
2025-08-01 02:28:03 PM,695.8,2,1391.6,14201162.749999998
2025-08-01 02:28:57 PM,696.1,0,0.0,14201162.749999998
2025-08-01 02:28:58 PM,696.1,20,13922.0,14215084.749999998
2025-08-01 02:29:04 PM,696.0,0,0.0,14215084.749999998
2025-08-01 02:29:04 PM,696.0,1,696.0,14215780.749999998
2025-08-01 02:30:18 PM,696.0,1,696.0,14216476.749999998
2025-08-01 02:31:46 PM,696.25,0,0.0,14216476.749999998
2025-08-01 02:31:48 PM,696.25,1,696.25,14217172.999999998
2025-08-01 02:32:19 PM,696.45,0,0.0,14217172.999999998
2025-08-01 02:32:21 PM,696.45,8,5571.6,14222744.599999998
2025-08-01 02:33:07 PM,697.45,0,0.0,14222744.599999998
2025-08-01 02:33:10 PM,697.45,12,8369.400000000001,14231113.999999998
2025-08-01 02:33:32 PM,698.25,10,6982.5,14238096.499999998
2025-08-01 02:33:39 PM,697.95,6,4187.700000000001,14242284.199999997
2025-08-01 02:34:06 PM,697.6,0,0.0,14242284.199999997
2025-08-01 02:34:08 PM,697.6,1,697.6,14242981.799999997
2025-08-01 02:34:41 PM,697.25,28,19523.0,14262504.799999997
2025-08-01 02:35:54 PM,697.1,0,0.0,14262504.799999997
2025-08-01 02:35:54 PM,697.1,44,30672.4,14293177.199999997
2025-08-01 02:36:53 PM,697.1,3,2091.3,14295268.499999998
2025-08-01 02:37:52 PM,696.5,19,13233.5,14308501.999999998
2025-08-01 02:37:59 PM,696.5,19,13233.5,14321735.499999998
2025-08-01 02:38:24 PM,695.6,0,0.0,14321735.499999998
2025-08-01 02:38:26 PM,695.6,14,9738.4,14331473.899999999
2025-08-01 02:38:48 PM,696.25,0,0.0,14331473.899999999
2025-08-01 02:38:49 PM,696.25,30,20887.5,14352361.399999999
2025-08-01 02:38:52 PM,696.4,0,0.0,14352361.399999999
2025-08-01 02:38:55 PM,696.4,18,12535.199999999999,14364896.599999998
2025-08-01 02:39:45 PM,695.9,0,0.0,14364896.599999998
2025-08-01 02:39:46 PM,695.9,11,7654.9,14372551.499999998
2025-08-01 02:41:27 PM,696.4,0,0.0,14372551.499999998
2025-08-01 02:41:31 PM,696.4,2,1392.8,14373944.299999999
2025-08-01 02:41:41 PM,695.9,0,0.0,14373944.299999999
2025-08-01 02:41:41 PM,695.9,93,64718.7,14438662.999999998
2025-08-01 02:43:33 PM,696.15,10,6961.5,14445624.499999998
2025-08-01 02:43:50 PM,696.2,0,0.0,14445624.499999998
2025-08-01 02:43:50 PM,696.2,20,13924.0,14459548.499999998
2025-08-01 02:44:01 PM,695.65,0,0.0,14459548.499999998
2025-08-01 02:44:01 PM,695.65,18,12521.699999999999,14472070.199999997
2025-08-01 02:45:15 PM,695.65,10,6956.5,14479026.699999997
2025-08-01 02:46:42 PM,696.4,0,0.0,14479026.699999997
2025-08-01 02:46:43 PM,696.4,1,696.4,14479723.099999998
2025-08-01 02:48:17 PM,696.45,0,0.0,14479723.099999998
2025-08-01 02:48:20 PM,696.45,10,6964.5,14486687.599999998
2025-08-01 02:48:21 PM,696.6,4,2786.4,14489473.999999998
2025-08-01 02:48:48 PM,696.6,2,1393.2,14490867.199999997
2025-08-01 02:49:32 PM,696.6,25,17415.0,14508282.199999997
2025-08-01 02:50:02 PM,696.45,0,0.0,14508282.199999997
2025-08-01 02:50:06 PM,696.4,30,20892.0,14529174.199999997
2025-08-01 02:51:00 PM,696.4,10,6964.0,14536138.199999997
2025-08-01 02:51:01 PM,696.6,0,0.0,14536138.199999997
2025-08-01 02:51:05 PM,696.6,25,17415.0,14553553.199999997
2025-08-01 02:51:43 PM,696.4,0,0.0,14553553.199999997
2025-08-01 02:51:43 PM,696.4,42,29248.8,14582801.999999998
2025-08-01 02:51:58 PM,696.45,0,0.0,14582801.999999998
2025-08-01 02:51:59 PM,696.45,10,6964.5,14589766.499999998
2025-08-01 02:52:04 PM,696.45,5,3482.25,14593248.749999998
2025-08-01 02:52:28 PM,696.4,0,0.0,14593248.749999998
2025-08-01 02:52:31 PM,696.4,12,8356.8,14601605.549999999
2025-08-01 02:52:37 PM,696.4,1,696.4,14602301.95
2025-08-01 02:53:20 PM,695.15,60,41709.0,14644010.95
2025-08-01 02:53:53 PM,695.25,0,0.0,14644010.95
2025-08-01 02:53:53 PM,695.25,2,1390.5,14645401.45
2025-08-01 02:54:10 PM,695.0,76,52820.0,14698221.45
2025-08-01 02:54:27 PM,694.3,0,0.0,14698221.45
2025-08-01 02:54:28 PM,694.3,1,694.3,14698915.75
2025-08-01 02:54:44 PM,694.4,0,0.0,14698915.75
2025-08-01 02:54:44 PM,694.4,5,3472.0,14702387.75
2025-08-01 02:55:06 PM,694.0,0,0.0,14702387.75
2025-08-01 02:55:07 PM,694.0,2,1388.0,14703775.75
2025-08-01 02:55:40 PM,694.5,1,694.5,14704470.25
2025-08-01 02:56:02 PM,694.5,54,37503.0,14741973.25
2025-08-01 02:56:09 PM,695.15,6,4170.9,14746144.15
2025-08-01 02:56:31 PM,695.25,231,160602.75,14906746.9
2025-08-01 02:56:40 PM,696.25,0,0.0,14906746.9
2025-08-01 02:56:42 PM,696.25,2,1392.5,14908139.4
2025-08-01 02:56:55 PM,696.3,0,0.0,14908139.4
2025-08-01 02:56:58 PM,696.3,14,9748.199999999999,14917887.6
2025-08-01 02:57:00 PM,695.65,0,0.0,14917887.6
2025-08-01 02:57:03 PM,695.55,0,0.0,14917887.6
2025-08-01 02:57:03 PM,695.55,62,43124.1,14961011.7
2025-08-01 02:57:21 PM,695.6,1,695.6,14961707.299999999
2025-08-01 02:57:29 PM,695.55,0,0.0,14961707.299999999
2025-08-01 02:57:31 PM,695.55,1,695.55,14962402.85
2025-08-01 02:57:42 PM,695.55,1,695.55,14963098.4
2025-08-01 02:57:47 PM,695.25,0,0.0,14963098.4
2025-08-01 02:57:47 PM,695.25,101,70220.25,15033318.65
2025-08-01 02:59:02 PM,694.0,0,0.0,15033318.65
2025-08-01 02:59:02 PM,694.0,601,417094.0,15450412.65
2025-08-01 02:59:05 PM,693.45,0,0.0,15450412.65
2025-08-01 02:59:06 PM,694.6,0,0.0,15450412.65
2025-08-01 02:59:07 PM,694.6,10,6946.0,15457358.65
2025-08-01 02:59:13 PM,693.45,0,0.0,15457358.65
2025-08-01 02:59:13 PM,693.45,43,29818.350000000002,15487177.0
2025-08-01 02:59:24 PM,693.45,49,33979.05,15521156.05
2025-08-01 02:59:36 PM,694.2,50,34710.0,15555866.05
2025-08-01 03:00:05 PM,694.3,1,694.3,15556560.350000001
2025-08-01 03:00:44 PM,694.3,5,3471.5,15560031.850000001
2025-08-01 03:00:50 PM,694.3,30,20829.0,15580860.850000001
2025-08-01 03:01:48 PM,694.4,1,694.4,15581555.250000002
2025-08-01 03:01:51 PM,694.4,1,694.4,15582249.650000002
2025-08-01 03:01:54 PM,694.05,0,0.0,15582249.650000002
2025-08-01 03:01:54 PM,694.05,11,7634.549999999999,15589884.200000003
2025-08-01 03:01:57 PM,694.7,44,30566.800000000003,15620451.000000004
2025-08-01 03:02:00 PM,695.3,10,6953.0,15627404.000000004
2025-08-01 03:02:03 PM,695.75,70,48702.5,15676106.500000004
2025-08-01 03:02:07 PM,695.4,97,67453.8,15743560.300000004
2025-08-01 03:02:13 PM,696.4,20,13928.0,15757488.300000004
2025-08-01 03:02:16 PM,696.4,4,2785.6,15760273.900000004
2025-08-01 03:02:22 PM,695.9,87,60543.299999999996,15820817.200000005
2025-08-01 03:02:29 PM,696.4,0,0.0,15820817.200000005
2025-08-01 03:02:31 PM,696.4,12,8356.8,15829174.000000006
2025-08-01 03:02:35 PM,696.75,0,0.0,15829174.000000006
2025-08-01 03:02:37 PM,696.75,430,299602.5,16128776.500000006
2025-08-01 03:02:46 PM,696.75,1,696.75,16129473.250000006
2025-08-01 03:03:38 PM,696.75,74,51559.5,16181032.750000006
2025-08-01 03:03:41 PM,697.35,0,0.0,16181032.750000006
2025-08-01 03:03:41 PM,697.35,79,55090.65,16236123.400000006
2025-08-01 03:03:50 PM,698.3,10,6983.0,16243106.400000006
2025-08-01 03:03:53 PM,699.55,0,0.0,16243106.400000006
2025-08-01 03:03:53 PM,699.55,635,444214.25,16687320.650000006
2025-08-01 03:03:59 PM,698.0,0,0.0,16687320.650000006
2025-08-01 03:03:59 PM,698.0,30,20940.0,16708260.650000006
2025-08-01 03:04:02 PM,699.15,5,3495.75,16711756.400000006
2025-08-01 03:04:09 PM,698.7,268,187251.6,16899008.000000007
2025-08-01 03:04:12 PM,699.0,0,0.0,16899008.000000007
2025-08-01 03:04:12 PM,699.0,20,13980.0,16912988.000000007
2025-08-01 03:04:21 PM,699.5,20,13990.0,16926978.000000007
2025-08-01 03:04:27 PM,698.1,1,698.1,16927676.10000001
2025-08-01 03:04:37 PM,699.65,30,20989.5,16948665.60000001
2025-08-01 03:04:39 PM,699.65,11,7696.15,16956361.750000007
2025-08-01 03:04:54 PM,699.85,141,98678.85,17055040.60000001
2025-08-01 03:05:00 PM,700.0,1,700.0,17055740.60000001
2025-08-01 03:05:02 PM,698.1,0,0.0,17055740.60000001
2025-08-01 03:05:04 PM,698.1,103,71904.3,17127644.90000001
2025-08-01 03:05:07 PM,700.0,78,54600.0,17182244.90000001
2025-08-01 03:05:10 PM,699.85,5,3499.25,17185744.15000001
2025-08-01 03:05:12 PM,700.4,0,0.0,17185744.15000001
2025-08-01 03:05:13 PM,700.7,183,128228.1,17313972.25000001
2025-08-01 03:05:16 PM,701.15,0,0.0,17313972.25000001
2025-08-01 03:05:17 PM,701.5,73,51209.5,17365181.75000001
2025-08-01 03:05:19 PM,700.0,0,0.0,17365181.75000001
2025-08-01 03:05:20 PM,700.45,179,125380.55,17490562.300000012
2025-08-01 03:05:23 PM,699.5,0,0.0,17490562.300000012
2025-08-01 03:05:23 PM,699.5,27,18886.5,17509448.800000012
2025-08-01 03:05:26 PM,701.95,0,0.0,17509448.800000012
2025-08-01 03:05:26 PM,701.95,160,112312.0,17621760.800000012
2025-08-01 03:05:32 PM,699.6,0,0.0,17621760.800000012
2025-08-01 03:05:32 PM,699.6,10,6996.0,17628756.800000012
2025-08-01 03:05:36 PM,702.05,313,219741.65,17848498.45000001
2025-08-01 03:05:38 PM,704.0,0,0.0,17848498.45000001
2025-08-01 03:05:42 PM,705.0,0,0.0,17848498.45000001
2025-08-01 03:05:42 PM,705.0,384,270720.0,18119218.45000001
2025-08-01 03:05:48 PM,703.65,50,35182.5,18154400.95000001
2025-08-01 03:05:51 PM,704.0,499,351296.0,18505696.95000001
2025-08-01 03:05:59 PM,704.95,0,0.0,18505696.95000001
2025-08-01 03:06:01 PM,704.95,2,1409.9,18507106.85000001
2025-08-01 03:06:03 PM,704.25,100,70425.0,18577531.85000001
2025-08-01 03:06:10 PM,704.7,406,286108.2,18863640.05000001
2025-08-01 03:06:14 PM,704.7,25,17617.5,18881257.55000001
2025-08-01 03:06:19 PM,704.75,1,704.75,18881962.30000001
2025-08-01 03:06:21 PM,705.95,0,0.0,18881962.30000001
2025-08-01 03:06:22 PM,705.95,20,14119.0,18896081.30000001
2025-08-01 03:06:26 PM,704.8,150,105720.0,19001801.30000001
2025-08-01 03:06:27 PM,704.75,0,0.0,19001801.30000001
2025-08-01 03:06:28 PM,704.75,635,447516.25,19449317.55000001
2025-08-01 03:06:32 PM,704.75,34,23961.5,19473279.05000001
2025-08-01 03:06:40 PM,704.75,167,117693.25,19590972.30000001
2025-08-01 03:06:50 PM,704.65,0,0.0,19590972.30000001
2025-08-01 03:06:50 PM,705.0,23,16215.0,19607187.30000001
2025-08-01 03:06:59 PM,704.65,325,229011.25,19836198.55000001
2025-08-01 03:07:03 PM,705.0,10,7050.0,19843248.55000001
2025-08-01 03:07:23 PM,704.65,0,0.0,19843248.55000001
2025-08-01 03:07:24 PM,704.65,12,8455.8,19851704.35000001
2025-08-01 03:07:30 PM,704.65,43,30299.95,19882004.30000001
2025-08-01 03:07:40 PM,704.65,120,84558.0,19966562.30000001
2025-08-01 03:07:50 PM,702.0,0,0.0,19966562.30000001
2025-08-01 03:07:52 PM,702.0,1256,881712.0,20848274.30000001
2025-08-01 03:07:53 PM,701.65,0,0.0,20848274.30000001
2025-08-01 03:07:54 PM,701.65,27,18944.55,20867218.85000001
2025-08-01 03:08:07 PM,702.9,0,0.0,20867218.85000001
2025-08-01 03:08:07 PM,702.9,122,85753.8,20952972.65000001
2025-08-01 03:08:13 PM,701.75,73,51227.75,21004200.40000001
2025-08-01 03:08:20 PM,702.9,30,21087.0,21025287.40000001
2025-08-01 03:08:32 PM,702.95,10,7029.5,21032316.90000001
2025-08-01 03:08:33 PM,703.5,0,0.0,21032316.90000001
2025-08-01 03:08:35 PM,702.95,0,0.0,21032316.90000001
2025-08-01 03:08:36 PM,702.95,71,49909.450000000004,21082226.35000001
2025-08-01 03:09:01 PM,702.95,27,18979.65,21101206.000000007
2025-08-01 03:09:10 PM,701.85,30,21055.5,21122261.500000007
2025-08-01 03:09:11 PM,702.95,0,0.0,21122261.500000007
2025-08-01 03:09:14 PM,702.95,10,7029.5,21129291.000000007
2025-08-01 03:09:39 PM,702.95,13,9138.35,21138429.35000001
2025-08-01 03:09:42 PM,702.95,6,4217.700000000001,21142647.05000001
2025-08-01 03:09:43 PM,703.35,0,0.0,21142647.05000001
2025-08-01 03:09:46 PM,703.35,60,42201.0,21184848.05000001
2025-08-01 03:10:00 PM,703.0,0,0.0,21184848.05000001
2025-08-01 03:10:00 PM,703.0,42,29526.0,21214374.05000001
2025-08-01 03:10:07 PM,702.2,0,0.0,21214374.05000001
2025-08-01 03:10:07 PM,703.7,156,109777.20000000001,21324151.250000007
2025-08-01 03:10:10 PM,702.15,186,130599.9,21454751.150000006
2025-08-01 03:10:24 PM,703.4,0,0.0,21454751.150000006
2025-08-01 03:10:24 PM,703.4,30,21102.0,21475853.150000006
2025-08-01 03:10:31 PM,702.3,189,132734.69999999998,21608587.850000005
2025-08-01 03:10:37 PM,702.05,449,315220.44999999995,21923808.300000004
2025-08-01 03:10:47 PM,702.8,0,0.0,21923808.300000004
2025-08-01 03:10:50 PM,702.8,10,7028.0,21930836.300000004
2025-08-01 03:10:54 PM,702.05,343,240803.15,22171639.450000003
2025-08-01 03:10:56 PM,702.1,0,0.0,22171639.450000003
2025-08-01 03:10:56 PM,702.1,15,10531.5,22182170.950000003
2025-08-01 03:11:00 PM,702.1,43,30190.3,22212361.250000004
2025-08-01 03:12:11 PM,702.95,0,0.0,22212361.250000004
2025-08-01 03:12:12 PM,702.95,35,24603.25,22236964.500000004
2025-08-01 03:12:18 PM,703.4,80,56272.0,22293236.500000004
2025-08-01 03:12:24 PM,703.4,29,20398.6,22313635.100000005
2025-08-01 03:12:31 PM,703.4,48,33763.2,22347398.300000004
2025-08-01 03:12:33 PM,705.0,78,54990.0,22402388.300000004
2025-08-01 03:12:37 PM,705.0,20,14100.0,22416488.300000004
2025-08-01 03:12:40 PM,705.0,44,31020.0,22447508.300000004
2025-08-01 03:12:47 PM,705.0,34,23970.0,22471478.300000004
2025-08-01 03:12:53 PM,705.0,90,63450.0,22534928.300000004
2025-08-01 03:13:00 PM,705.85,211,148934.35,22683862.650000006
2025-08-01 03:13:07 PM,704.05,3,2112.1499999999996,22685974.800000004
2025-08-01 03:13:10 PM,705.95,0,0.0,22685974.800000004
2025-08-01 03:13:10 PM,705.95,58,40945.100000000006,22726919.900000006
2025-08-01 03:13:17 PM,706.0,56,39536.0,22766455.900000006
2025-08-01 03:13:20 PM,706.45,45,31790.250000000004,22798246.150000006
2025-08-01 03:13:22 PM,706.7,28,19787.600000000002,22818033.750000007
2025-08-01 03:13:29 PM,706.0,64,45184.0,22863217.750000007
2025-08-01 03:13:32 PM,704.35,352,247931.2,23111148.950000007
2025-08-01 03:13:40 PM,705.95,10,7059.5,23118208.450000007
2025-08-01 03:14:00 PM,705.8,0,0.0,23118208.450000007
2025-08-01 03:14:01 PM,705.8,59,41642.2,23159850.650000006
2025-08-01 03:14:17 PM,704.4,42,29584.8,23189435.450000007
2025-08-01 03:14:20 PM,704.4,20,14088.0,23203523.450000007
2025-08-01 03:14:23 PM,705.95,39,27532.050000000003,23231055.500000007
2025-08-01 03:14:29 PM,706.0,292,206152.0,23437207.500000007
2025-08-01 03:14:32 PM,705.95,95,67065.25,23504272.750000007
2025-08-01 03:14:35 PM,706.0,71,50126.0,23554398.750000007
2025-08-01 03:14:47 PM,705.95,57,40239.15,23594637.900000006
2025-08-01 03:14:51 PM,705.95,20,14119.0,23608756.900000006
2025-08-01 03:15:18 PM,705.95,92,64947.4,23673704.300000004
2025-08-01 03:15:21 PM,705.95,27,19060.65,23692764.950000003
2025-08-01 03:15:24 PM,705.1,0,0.0,23692764.950000003
2025-08-01 03:15:26 PM,705.1,348,245374.80000000002,23938139.750000004
2025-08-01 03:15:28 PM,705.1,29,20447.9,23958587.650000002
2025-08-01 03:15:33 PM,705.1,60,42306.0,24000893.650000002
2025-08-01 03:15:43 PM,705.95,10,7059.5,24007953.150000002
2025-08-01 03:16:14 PM,706.0,0,0.0,24007953.150000002
2025-08-01 03:16:16 PM,706.0,46,32476.0,24040429.150000002
2025-08-01 03:16:18 PM,706.0,47,33182.0,24073611.150000002
2025-08-01 03:16:23 PM,705.1,27,19037.7,24092648.85
2025-08-01 03:16:30 PM,705.1,212,149481.2,24242130.05
2025-08-01 03:16:37 PM,705.1,29,20447.9,24262577.95
2025-08-01 03:16:44 PM,706.0,53,37418.0,24299995.95
2025-08-01 03:16:50 PM,706.0,69,48714.0,24348709.95
2025-08-01 03:16:57 PM,706.0,50,35300.0,24384009.95
2025-08-01 03:17:04 PM,706.0,44,31064.0,24415073.95
2025-08-01 03:17:10 PM,705.15,95,66989.25,24482063.2
2025-08-01 03:17:12 PM,705.1,135,95188.5,24577251.7
2025-08-01 03:17:18 PM,705.15,0,0.0,24577251.7
2025-08-01 03:17:22 PM,706.0,0,0.0,24577251.7
2025-08-01 03:17:24 PM,706.0,67,47302.0,24624553.7
2025-08-01 03:17:25 PM,706.0,45,31770.0,24656323.7
2025-08-01 03:17:30 PM,705.2,29,20450.800000000003,24676774.5
2025-08-01 03:17:32 PM,706.0,35,24710.0,24701484.5
2025-08-01 03:17:38 PM,706.0,65,45890.0,24747374.5
2025-08-01 03:17:43 PM,705.9,30,21177.0,24768551.5
2025-08-01 03:17:50 PM,705.9,47,33177.299999999996,24801728.8
2025-08-01 03:17:51 PM,706.0,32,22592.0,24824320.8
2025-08-01 03:18:02 PM,706.0,344,242864.0,25067184.8
2025-08-01 03:18:07 PM,705.3,0,0.0,25067184.8
2025-08-01 03:18:09 PM,705.3,182,128364.59999999999,25195549.400000002
2025-08-01 03:18:12 PM,705.35,20,14107.0,25209656.400000002
2025-08-01 03:18:18 PM,706.5,174,122931.0,25332587.400000002
2025-08-01 03:18:23 PM,706.95,39,27571.050000000003,25360158.450000003
2025-08-01 03:18:29 PM,706.95,36,25450.2,25385608.650000002
2025-08-01 03:18:35 PM,705.45,0,0.0,25385608.650000002
2025-08-01 03:18:36 PM,705.45,158,111461.1,25497069.750000004
2025-08-01 03:18:42 PM,706.95,45,31812.750000000004,25528882.500000004
2025-08-01 03:18:49 PM,706.95,164,115939.8,25644822.300000004
2025-08-01 03:18:55 PM,706.95,53,37468.350000000006,25682290.650000006
2025-08-01 03:19:02 PM,706.95,221,156235.95,25838526.600000005
2025-08-01 03:19:04 PM,708.45,127,89973.15000000001,25928499.750000004
2025-08-01 03:19:07 PM,708.85,0,0.0,25928499.750000004
2025-08-01 03:19:09 PM,708.8,20,14176.0,25942675.750000004
2025-08-01 03:19:11 PM,707.35,1,707.35,25943383.100000005
2025-08-01 03:19:11 PM,707.4,0,0.0,25943383.100000005
2025-08-01 03:19:15 PM,707.4,233,164824.19999999998,26108207.300000004
2025-08-01 03:19:21 PM,707.35,0,0.0,26108207.300000004
2025-08-01 03:19:22 PM,707.35,10,7073.5,26115280.800000004
2025-08-01 03:19:24 PM,707.35,105,74271.75,26189552.550000004
2025-08-01 03:19:27 PM,708.0,0,0.0,26189552.550000004
2025-08-01 03:19:29 PM,708.0,10,7080.0,26196632.550000004
2025-08-01 03:19:35 PM,708.0,10,7080.0,26203712.550000004
2025-08-01 03:19:43 PM,707.35,1,707.35,26204419.900000006
2025-08-01 03:19:47 PM,708.4,0,0.0,26204419.900000006
2025-08-01 03:19:48 PM,708.4,92,65172.799999999996,26269592.700000007
2025-08-01 03:19:50 PM,707.7,117,82800.90000000001,26352393.600000005
2025-08-01 03:20:01 PM,708.2,10,7082.0,26359475.600000005
2025-08-01 03:20:03 PM,707.7,711,503174.7,26862650.300000004
2025-08-01 03:20:08 PM,707.45,194,137245.30000000002,26999895.600000005
2025-08-01 03:20:12 PM,707.5,0,0.0,26999895.600000005
2025-08-01 03:20:16 PM,707.5,10,7075.0,27006970.600000005
2025-08-01 03:20:23 PM,705.0,492,346860.0,27353830.600000005
2025-08-01 03:20:29 PM,704.95,0,0.0,27353830.600000005
2025-08-01 03:20:30 PM,704.95,10,7049.5,27360880.100000005
2025-08-01 03:20:37 PM,703.05,259,182089.94999999998,27542970.050000004
2025-08-01 03:20:46 PM,704.3,0,0.0,27542970.050000004
2025-08-01 03:20:46 PM,704.3,128,90150.4,27633120.450000003
2025-08-01 03:21:04 PM,704.3,104,73247.2,27706367.650000002
2025-08-01 03:21:14 PM,704.35,0,0.0,27706367.650000002
2025-08-01 03:21:14 PM,704.35,151,106356.85,27812724.500000004
2025-08-01 03:21:26 PM,702.05,698,490030.89999999997,28302755.400000002
2025-08-01 03:21:32 PM,702.0,0,0.0,28302755.400000002
2025-08-01 03:21:32 PM,702.0,746,523692.0,28826447.400000002
2025-08-01 03:21:46 PM,701.0,334,234134.0,29060581.400000002
2025-08-01 03:21:51 PM,701.55,0,0.0,29060581.400000002
2025-08-01 03:21:53 PM,701.55,168,117860.4,29178441.8
2025-08-01 03:22:06 PM,701.55,145,101724.75,29280166.55
2025-08-01 03:22:08 PM,701.25,0,0.0,29280166.55
2025-08-01 03:22:12 PM,701.25,26,18232.5,29298399.05
2025-08-01 03:22:16 PM,701.7,0,0.0,29298399.05
2025-08-01 03:22:19 PM,701.7,10,7017.0,29305416.05
2025-08-01 03:22:21 PM,701.7,10,7017.0,29312433.05
2025-08-01 03:22:26 PM,701.65,0,0.0,29312433.05
2025-08-01 03:22:26 PM,701.65,1,701.65,29313134.7
2025-08-01 03:22:28 PM,701.65,10,7016.5,29320151.2
2025-08-01 03:22:35 PM,701.5,10,7015.0,29327166.2
2025-08-01 03:22:40 PM,701.55,466,326922.3,29654088.5
2025-08-01 03:22:48 PM,701.8,30,21054.0,29675142.5
2025-08-01 03:23:01 PM,701.95,88,61771.600000000006,29736914.1
2025-08-01 03:23:04 PM,701.8,0,0.0,29736914.1
2025-08-01 03:23:06 PM,701.8,204,143167.19999999998,29880081.3
2025-08-01 03:23:26 PM,701.9,10,7019.0,29887100.3
2025-08-01 03:23:28 PM,701.9,10,7019.0,29894119.3
2025-08-01 03:23:41 PM,701.9,45,31585.5,29925704.8
2025-08-01 03:23:46 PM,701.9,42,29479.8,29955184.6
2025-08-01 03:23:52 PM,701.9,1,701.9,29955886.5
2025-08-01 03:23:59 PM,702.3,92,64611.6,30020498.1
2025-08-01 03:24:05 PM,702.3,101,70932.29999999999,30091430.400000002
2025-08-01 03:24:13 PM,702.3,62,43542.6,30134973.000000004
2025-08-01 03:24:20 PM,702.3,230,161529.0,30296502.000000004
2025-08-01 03:24:26 PM,702.3,649,455792.69999999995,30752294.700000003
2025-08-01 03:24:33 PM,702.85,13,9137.050000000001,30761431.750000004
2025-08-01 03:24:34 PM,702.85,10,7028.5,30768460.250000004
2025-08-01 03:24:39 PM,702.0,308,216216.0,30984676.250000004
2025-08-01 03:25:34 PM,701.85,10,7018.5,30991694.750000004
2025-08-01 03:25:40 PM,701.3,15,10519.5,31002214.250000004
2025-08-01 03:25:51 PM,701.85,6,4211.1,31006425.350000005
2025-08-01 03:25:58 PM,701.85,7,4912.95,31011338.300000004
2025-08-01 03:25:59 PM,701.85,10,7018.5,31018356.800000004
2025-08-01 03:26:02 PM,701.8,0,0.0,31018356.800000004
2025-08-01 03:26:05 PM,701.8,44,30879.199999999997,31049236.000000004
2025-08-01 03:26:06 PM,701.5,73,51209.5,31100445.500000004
2025-08-01 03:26:12 PM,701.75,64,44912.0,31145357.500000004
2025-08-01 03:26:15 PM,701.5,0,0.0,31145357.500000004
2025-08-01 03:26:18 PM,701.5,134,94001.0,31239358.500000004
2025-08-01 03:26:25 PM,701.5,41,28761.5,31268120.000000004
2025-08-01 03:26:32 PM,701.45,69,48400.05,31316520.050000004
2025-08-01 03:26:38 PM,701.45,100,70145.0,31386665.050000004
2025-08-01 03:26:40 PM,701.45,42,29460.9,31416125.950000003
2025-08-01 03:26:51 PM,701.45,237,166243.65000000002,31582369.6
2025-08-01 03:26:53 PM,701.45,100,70145.0,31652514.6
2025-08-01 03:26:56 PM,701.5,0,0.0,31652514.6
2025-08-01 03:26:58 PM,701.5,19,13328.5,31665843.1
2025-08-01 03:26:59 PM,701.45,2,1402.9,31667246.0
2025-08-01 03:27:04 PM,701.45,33,23147.850000000002,31690393.85
2025-08-01 03:27:13 PM,701.5,0,0.0,31690393.85
2025-08-01 03:27:13 PM,701.5,26,18239.0,31708632.85
2025-08-01 03:27:26 PM,701.5,46,32269.0,31740901.85
2025-08-01 03:27:33 PM,701.5,56,39284.0,31780185.85
2025-08-01 03:27:35 PM,701.45,100,70145.0,31850330.85
2025-08-01 03:27:40 PM,701.5,114,79971.0,31930301.85
2025-08-01 03:27:48 PM,701.4,0,0.0,31930301.85
2025-08-01 03:27:49 PM,701.4,514,360519.6,32290821.450000003
2025-08-01 03:27:54 PM,700.0,0,0.0,32290821.450000003
2025-08-01 03:27:54 PM,700.0,114,79800.0,32370621.450000003
2025-08-01 03:27:58 PM,701.05,0,0.0,32370621.450000003
2025-08-01 03:28:01 PM,701.05,1,701.05,32371322.500000004
2025-08-01 03:28:08 PM,700.0,101,70700.0,32442022.500000004
2025-08-01 03:28:09 PM,700.0,80,56000.0,32498022.500000004
2025-08-01 03:28:23 PM,700.0,15,10500.0,32508522.500000004
2025-08-01 03:28:38 PM,700.0,36,25200.0,32533722.500000004
2025-08-01 03:28:42 PM,701.45,75,52608.75,32586331.250000004
2025-08-01 03:28:44 PM,700.0,0,0.0,32586331.250000004
2025-08-01 03:28:44 PM,700.0,290,203000.0,32789331.250000004
2025-08-01 03:28:58 PM,702.0,348,244296.0,33033627.250000004
2025-08-01 03:29:02 PM,701.0,0,0.0,33033627.250000004
2025-08-01 03:29:03 PM,701.0,60,42060.0,33075687.250000004
2025-08-01 03:29:13 PM,698.3,26,18155.8,33093843.050000004
2025-08-01 03:29:14 PM,698.0,0,0.0,33093843.050000004
2025-08-01 03:29:19 PM,698.3,13,9077.9,33102920.950000003
2025-08-01 03:29:26 PM,701.0,2,1402.0,33104322.950000003
2025-08-01 03:29:32 PM,700.0,0,0.0,33104322.950000003
2025-08-01 03:29:34 PM,700.0,42,29400.0,33133722.950000003
2025-08-01 03:29:58 PM,705.0,22,15510.0,33149232.950000003
