date,price,qty,trnvr,cum_trnvr
2025-08-01 09:15:01 AM,906.8,186,168664.8,168664.8
2025-08-01 09:15:11 AM,902.7,0,0.0,168664.8
2025-08-01 09:15:13 AM,902.7,33,29789.100000000002,198453.9
2025-08-01 09:15:35 AM,903.75,0,0.0,198453.9
2025-08-01 09:15:39 AM,903.85,0,0.0,198453.9
2025-08-01 09:15:40 AM,903.85,519,469098.15,667552.05
2025-08-01 09:15:47 AM,904.7,0,0.0,667552.05
2025-08-01 09:15:48 AM,904.7,100,90470.0,758022.05
2025-08-01 09:15:56 AM,904.75,30,27142.5,785164.55
2025-08-01 09:15:58 AM,903.05,51,46055.549999999996,831220.1000000001
2025-08-01 09:16:02 AM,900.5,0,0.0,831220.1000000001
2025-08-01 09:16:04 AM,900.0,0,0.0,831220.1000000001
2025-08-01 09:16:05 AM,900.0,556,500400.0,1331620.1
2025-08-01 09:16:07 AM,900.0,20,18000.0,1349620.1
2025-08-01 09:16:13 AM,900.0,1,900.0,1350520.1
2025-08-01 09:16:14 AM,900.5,105,94552.5,1445072.6
2025-08-01 09:16:26 AM,900.0,0,0.0,1445072.6
2025-08-01 09:16:29 AM,900.0,5,4500.0,1449572.6
2025-08-01 09:16:36 AM,900.45,0,0.0,1449572.6
2025-08-01 09:16:38 AM,900.45,175,157578.75,1607151.35
2025-08-01 09:17:02 AM,901.2,19,17122.8,1624274.1500000001
2025-08-01 09:17:04 AM,901.2,1,901.2,1625175.35
2025-08-01 09:17:11 AM,901.2,53,47763.600000000006,1672938.9500000002
2025-08-01 09:17:19 AM,902.65,23,20760.95,1693699.9000000001
2025-08-01 09:17:24 AM,902.8,0,0.0,1693699.9000000001
2025-08-01 09:17:27 AM,902.8,5,4514.0,1698213.9000000001
2025-08-01 09:17:28 AM,903.7,64,57836.8,1756050.7000000002
2025-08-01 09:17:44 AM,903.7,70,63259.0,1819309.7000000002
2025-08-01 09:17:48 AM,904.0,0,0.0,1819309.7000000002
2025-08-01 09:17:52 AM,904.0,58,52432.0,1871741.7000000002
2025-08-01 09:17:56 AM,903.95,0,0.0,1871741.7000000002
2025-08-01 09:18:00 AM,903.95,2,1807.9,1873549.6
2025-08-01 09:18:14 AM,904.75,0,0.0,1873549.6
2025-08-01 09:18:17 AM,904.75,108,97713.0,1971262.6
2025-08-01 09:18:20 AM,905.0,0,0.0,1971262.6
2025-08-01 09:18:25 AM,905.25,354,320458.5,2291721.1
2025-08-01 09:18:30 AM,905.5,0,0.0,2291721.1
2025-08-01 09:18:33 AM,905.25,126,114061.5,2405782.6
2025-08-01 09:18:42 AM,904.45,1,904.45,2406687.0500000003
2025-08-01 09:18:51 AM,904.25,255,230583.75,2637270.8000000003
2025-08-01 09:18:59 AM,905.0,5,4525.0,2641795.8000000003
2025-08-01 09:19:06 AM,905.0,40,36200.0,2677995.8000000003
2025-08-01 09:19:16 AM,905.25,0,0.0,2677995.8000000003
2025-08-01 09:19:22 AM,905.25,2,1810.5,2679806.3000000003
2025-08-01 09:19:41 AM,903.95,0,0.0,2679806.3000000003
2025-08-01 09:19:46 AM,903.95,267,241354.65000000002,2921160.95
2025-08-01 09:19:54 AM,904.0,18,16272.0,2937432.95
2025-08-01 09:20:09 AM,905.2,0,0.0,2937432.95
2025-08-01 09:20:10 AM,905.2,18,16293.6,2953726.5500000003
2025-08-01 09:20:12 AM,905.05,20,18101.0,2971827.5500000003
2025-08-01 09:20:18 AM,905.05,10,9050.5,2980878.0500000003
2025-08-01 09:20:26 AM,905.0,1,905.0,2981783.0500000003
2025-08-01 09:20:28 AM,903.85,1,903.85,2982686.9000000004
2025-08-01 09:20:37 AM,904.95,0,0.0,2982686.9000000004
2025-08-01 09:20:42 AM,904.95,15,13574.25,2996261.1500000004
2025-08-01 09:20:50 AM,904.95,50,45247.5,3041508.6500000004
2025-08-01 09:20:57 AM,904.95,5,4524.75,3046033.4000000004
2025-08-01 09:21:04 AM,903.85,0,0.0,3046033.4000000004
2025-08-01 09:21:05 AM,903.85,127,114788.95,3160822.3500000006
2025-08-01 09:21:21 AM,904.15,5,4520.75,3165343.1000000006
2025-08-01 09:21:23 AM,904.25,0,0.0,3165343.1000000006
2025-08-01 09:21:29 AM,904.25,2,1808.5,3167151.6000000006
2025-08-01 09:21:29 AM,904.25,1,904.25,3168055.8500000006
2025-08-01 09:21:35 AM,904.2,0,0.0,3168055.8500000006
2025-08-01 09:21:36 AM,904.2,5,4521.0,3172576.8500000006
2025-08-01 09:21:37 AM,903.85,45,40673.25,3213250.1000000006
2025-08-01 09:21:38 AM,904.25,0,0.0,3213250.1000000006
2025-08-01 09:21:41 AM,902.7,0,0.0,3213250.1000000006
2025-08-01 09:21:44 AM,902.7,30,27081.0,3240331.1000000006
2025-08-01 09:21:59 AM,903.0,1,903.0,3241234.1000000006
2025-08-01 09:22:19 AM,903.45,0,0.0,3241234.1000000006
2025-08-01 09:22:22 AM,902.7,79,71313.3,3312547.4000000004
2025-08-01 09:22:26 AM,902.75,0,0.0,3312547.4000000004
2025-08-01 09:22:30 AM,902.75,1,902.75,3313450.1500000004
2025-08-01 09:22:59 AM,902.7,0,0.0,3313450.1500000004
2025-08-01 09:23:00 AM,902.7,24,21664.800000000003,3335114.95
2025-08-01 09:23:08 AM,903.5,3,2710.5,3337825.45
2025-08-01 09:23:31 AM,902.6,21,18954.600000000002,3356780.0500000003
2025-08-01 09:23:47 AM,902.3,3,2706.8999999999996,3359486.95
2025-08-01 09:23:57 AM,902.6,0,0.0,3359486.95
2025-08-01 09:24:01 AM,902.6,10,9026.0,3368512.95
2025-08-01 09:24:04 AM,902.65,0,0.0,3368512.95
2025-08-01 09:24:09 AM,902.65,10,9026.5,3377539.45
2025-08-01 09:24:16 AM,902.65,10,9026.5,3386565.95
2025-08-01 09:24:23 AM,902.3,0,0.0,3386565.95
2025-08-01 09:24:24 AM,902.3,17,15339.099999999999,3401905.0500000003
2025-08-01 09:24:29 AM,902.65,0,0.0,3401905.0500000003
2025-08-01 09:24:32 AM,902.65,1,902.65,3402807.7
2025-08-01 09:24:39 AM,902.65,2,1805.3,3404613.0
2025-08-01 09:25:01 AM,901.65,60,54099.0,3458712.0
2025-08-01 09:25:09 AM,901.65,5,4508.25,3463220.25
2025-08-01 09:25:11 AM,901.65,3,2704.95,3465925.2
2025-08-01 09:25:20 AM,901.7,0,0.0,3465925.2
2025-08-01 09:25:24 AM,901.7,64,57708.8,3523634.0
2025-08-01 09:25:31 AM,902.0,1,902.0,3524536.0
2025-08-01 09:26:19 AM,901.95,40,36078.0,3560614.0
2025-08-01 09:26:21 AM,901.35,0,0.0,3560614.0
2025-08-01 09:26:25 AM,901.65,33,29754.45,3590368.45
2025-08-01 09:26:40 AM,901.65,3,2704.95,3593073.4000000004
2025-08-01 09:26:48 AM,902.1,0,0.0,3593073.4000000004
2025-08-01 09:26:49 AM,902.1,242,218308.2,3811381.6000000006
2025-08-01 09:26:59 AM,903.8,0,0.0,3811381.6000000006
2025-08-01 09:27:03 AM,904.5,182,164619.0,3976000.6000000006
2025-08-01 09:27:10 AM,904.5,98,88641.0,4064641.6000000006
2025-08-01 09:27:37 AM,904.45,0,0.0,4064641.6000000006
2025-08-01 09:27:40 AM,904.45,114,103107.3,4167748.9000000004
2025-08-01 09:27:46 AM,905.0,0,0.0,4167748.9000000004
2025-08-01 09:27:49 AM,905.0,1,905.0,4168653.9000000004
2025-08-01 09:28:02 AM,904.45,0,0.0,4168653.9000000004
2025-08-01 09:28:03 AM,904.45,3,2713.3500000000004,4171367.2500000005
2025-08-01 09:28:11 AM,904.45,10,9044.5,4180411.7500000005
2025-08-01 09:28:15 AM,904.9,0,0.0,4180411.7500000005
2025-08-01 09:28:18 AM,904.9,1,904.9,4181316.6500000004
2025-08-01 09:28:26 AM,904.4,0,0.0,4181316.6500000004
2025-08-01 09:28:27 AM,903.8,69,62362.2,4243678.850000001
2025-08-01 09:29:13 AM,903.6,1,903.6,4244582.45
2025-08-01 09:29:26 AM,902.85,0,0.0,4244582.45
2025-08-01 09:29:27 AM,902.85,9,8125.650000000001,4252708.100000001
2025-08-01 09:29:42 AM,902.85,2,1805.7,4254513.800000001
2025-08-01 09:29:43 AM,903.35,1,903.35,4255417.15
2025-08-01 09:29:58 AM,902.9,39,35213.1,4290630.25
2025-08-01 09:30:03 AM,903.1,0,0.0,4290630.25
2025-08-01 09:30:04 AM,903.0,4,3612.0,4294242.25
2025-08-01 09:30:27 AM,902.7,2,1805.4,4296047.65
2025-08-01 09:30:31 AM,903.05,0,0.0,4296047.65
2025-08-01 09:30:34 AM,903.05,11,9933.55,4305981.2
2025-08-01 09:30:49 AM,903.05,1,903.05,4306884.25
2025-08-01 09:30:57 AM,902.75,0,0.0,4306884.25
2025-08-01 09:31:03 AM,902.75,1,902.75,4307787.0
2025-08-01 09:31:26 AM,903.05,5,4515.25,4312302.25
2025-08-01 09:32:01 AM,903.1,1,903.1,4313205.35
2025-08-01 09:32:04 AM,902.7,0,0.0,4313205.35
2025-08-01 09:32:08 AM,902.7,1,902.7,4314108.05
2025-08-01 09:32:15 AM,902.7,212,191372.40000000002,4505480.45
2025-08-01 09:32:46 AM,902.6,0,0.0,4505480.45
2025-08-01 09:32:50 AM,902.6,10,9026.0,4514506.45
2025-08-01 09:32:57 AM,903.15,33,29803.95,4544310.4
2025-08-01 09:33:17 AM,902.7,3,2708.1000000000004,4547018.5
2025-08-01 09:33:24 AM,903.25,70,63227.5,4610246.0
2025-08-01 09:33:31 AM,903.25,31,28000.75,4638246.75
2025-08-01 09:33:35 AM,896.3,0,0.0,4638246.75
2025-08-01 09:33:36 AM,897.0,0,0.0,4638246.75
2025-08-01 09:33:38 AM,897.0,12619,11319243.0,15957489.75
2025-08-01 09:33:40 AM,896.6,0,0.0,15957489.75
2025-08-01 09:33:42 AM,895.0,0,0.0,15957489.75
2025-08-01 09:33:45 AM,896.0,154,137984.0,16095473.75
2025-08-01 09:33:45 AM,895.95,0,0.0,16095473.75
2025-08-01 09:33:48 AM,896.0,0,0.0,16095473.75
2025-08-01 09:33:52 AM,895.0,65,58175.0,16153648.75
2025-08-01 09:33:54 AM,895.95,0,0.0,16153648.75
2025-08-01 09:33:59 AM,895.0,135,120825.0,16274473.75
2025-08-01 09:34:06 AM,895.0,10,8950.0,16283423.75
2025-08-01 09:34:13 AM,895.0,1,895.0,16284318.75
2025-08-01 09:34:20 AM,895.0,7,6265.0,16290583.75
2025-08-01 09:34:20 AM,895.9,100,89590.0,16380173.75
2025-08-01 09:34:23 AM,895.0,0,0.0,16380173.75
2025-08-01 09:34:25 AM,895.9,0,0.0,16380173.75
2025-08-01 09:34:27 AM,895.0,20,17900.0,16398073.75
2025-08-01 09:34:33 AM,895.8,0,0.0,16398073.75
2025-08-01 09:34:34 AM,895.8,4,3583.2,16401656.95
2025-08-01 09:34:40 AM,895.2,0,0.0,16401656.95
2025-08-01 09:34:41 AM,895.75,27,24185.25,16425842.2
2025-08-01 09:34:50 AM,895.9,0,0.0,16425842.2
2025-08-01 09:34:53 AM,895.75,0,0.0,16425842.2
2025-08-01 09:34:55 AM,895.75,4,3583.0,16429425.2
2025-08-01 09:34:55 AM,895.85,0,0.0,16429425.2
2025-08-01 09:35:02 AM,895.85,13,11646.050000000001,16441071.25
2025-08-01 09:35:15 AM,895.75,0,0.0,16441071.25
2025-08-01 09:35:16 AM,895.75,10,8957.5,16450028.75
2025-08-01 09:35:20 AM,895.2,0,0.0,16450028.75
2025-08-01 09:35:23 AM,895.2,92,82358.40000000001,16532387.15
2025-08-01 09:35:25 AM,894.4,0,0.0,16532387.15
2025-08-01 09:35:30 AM,894.05,0,0.0,16532387.15
2025-08-01 09:35:30 AM,894.05,1864,1666509.2,18198896.35
2025-08-01 09:35:35 AM,892.6,0,0.0,18198896.35
2025-08-01 09:35:37 AM,892.6,287,256176.2,18455072.55
2025-08-01 09:35:40 AM,893.4,0,0.0,18455072.55
2025-08-01 09:35:44 AM,893.0,49,43757.0,18498829.55
2025-08-01 09:35:50 AM,893.4,0,0.0,18498829.55
2025-08-01 09:35:50 AM,893.4,211,188507.4,18687336.95
2025-08-01 09:35:55 AM,893.0,0,0.0,18687336.95
2025-08-01 09:35:55 AM,893.4,0,0.0,18687336.95
2025-08-01 09:35:57 AM,892.8,73,65174.399999999994,18752511.349999998
2025-08-01 09:36:00 AM,891.85,0,0.0,18752511.349999998
2025-08-01 09:36:03 AM,893.35,439,392180.65,19144691.999999996
2025-08-01 09:36:17 AM,893.0,2,1786.0,19146477.999999996
2025-08-01 09:36:24 AM,893.3,0,0.0,19146477.999999996
2025-08-01 09:36:24 AM,893.3,3,2679.8999999999996,19149157.899999995
2025-08-01 09:36:24 AM,893.0,99,88407.0,19237564.899999995
2025-08-01 09:36:28 AM,893.3,0,0.0,19237564.899999995
2025-08-01 09:36:30 AM,893.3,14,12506.199999999999,19250071.099999994
2025-08-01 09:36:32 AM,893.0,0,0.0,19250071.099999994
2025-08-01 09:36:36 AM,893.0,25,22325.0,19272396.099999994
2025-08-01 09:36:37 AM,893.0,158,141094.0,19413490.099999994
2025-08-01 09:36:49 AM,893.3,3,2679.8999999999996,19416169.999999993
2025-08-01 09:36:52 AM,893.9,0,0.0,19416169.999999993
2025-08-01 09:36:56 AM,893.9,100,89390.0,19505559.999999993
2025-08-01 09:37:08 AM,893.85,0,0.0,19505559.999999993
2025-08-01 09:37:10 AM,893.85,1,893.85,19506453.849999994
2025-08-01 09:37:13 AM,893.8,0,0.0,19506453.849999994
2025-08-01 09:37:17 AM,893.8,2,1787.6,19508241.449999996
2025-08-01 09:37:24 AM,893.8,3,2681.3999999999996,19510922.849999994
2025-08-01 09:37:31 AM,893.8,1,893.8,19511816.649999995
2025-08-01 09:37:31 AM,893.4,3,2680.2,19514496.849999994
2025-08-01 09:37:33 AM,893.3,0,0.0,19514496.849999994
2025-08-01 09:37:34 AM,893.7,0,0.0,19514496.849999994
2025-08-01 09:37:38 AM,893.7,38,33960.6,19548457.449999996
2025-08-01 09:37:38 AM,893.3,16,14292.8,19562750.249999996
2025-08-01 09:37:46 AM,889.2,0,0.0,19562750.249999996
2025-08-01 09:37:48 AM,889.3,0,0.0,19562750.249999996
2025-08-01 09:37:50 AM,889.45,0,0.0,19562750.249999996
2025-08-01 09:37:51 AM,889.45,3885,3455513.25,23018263.499999996
2025-08-01 09:37:51 AM,888.25,23,20429.75,23038693.249999996
2025-08-01 09:37:52 AM,888.15,0,0.0,23038693.249999996
2025-08-01 09:37:54 AM,888.2,0,0.0,23038693.249999996
2025-08-01 09:37:56 AM,889.2,0,0.0,23038693.249999996
2025-08-01 09:37:58 AM,889.2,185,164502.0,23203195.249999996
2025-08-01 09:38:04 AM,889.2,11,9781.2,23212976.449999996
2025-08-01 09:38:09 AM,889.25,0,0.0,23212976.449999996
2025-08-01 09:38:11 AM,889.25,101,89814.25,23302790.699999996
2025-08-01 09:38:15 AM,889.15,0,0.0,23302790.699999996
2025-08-01 09:38:18 AM,889.15,363,322761.45,23625552.149999995
2025-08-01 09:38:21 AM,888.85,0,0.0,23625552.149999995
2025-08-01 09:38:25 AM,888.4,55,48862.0,23674414.149999995
2025-08-01 09:38:30 AM,888.0,0,0.0,23674414.149999995
2025-08-01 09:38:32 AM,888.0,100,88800.0,23763214.149999995
2025-08-01 09:38:35 AM,888.65,0,0.0,23763214.149999995
2025-08-01 09:38:38 AM,888.65,33,29325.45,23792539.599999994
2025-08-01 09:38:52 AM,888.6,29,25769.4,23818308.999999993
2025-08-01 09:38:58 AM,888.6,40,35544.0,23853852.999999993
2025-08-01 09:39:00 AM,888.95,0,0.0,23853852.999999993
2025-08-01 09:39:05 AM,888.95,107,95117.65000000001,23948970.64999999
2025-08-01 09:39:12 AM,888.95,23,20445.850000000002,23969416.499999993
2025-08-01 09:39:12 AM,888.95,9,8000.55,23977417.049999993
2025-08-01 09:39:15 AM,889.0,0,0.0,23977417.049999993
2025-08-01 09:39:19 AM,888.95,12,10667.400000000001,23988084.44999999
2025-08-01 09:39:25 AM,888.95,5,4444.75,23992529.19999999
2025-08-01 09:39:29 AM,889.0,0,0.0,23992529.19999999
2025-08-01 09:39:32 AM,889.1,62,55124.200000000004,24047653.39999999
2025-08-01 09:39:33 AM,889.25,0,0.0,24047653.39999999
2025-08-01 09:39:37 AM,889.4,0,0.0,24047653.39999999
2025-08-01 09:39:38 AM,889.4,191,169875.4,24217528.79999999
2025-08-01 09:39:51 AM,889.4,3,2668.2,24220196.99999999
2025-08-01 09:39:58 AM,889.4,5,4447.0,24224643.99999999
2025-08-01 09:40:11 AM,889.4,1,889.4,24225533.399999987
2025-08-01 09:40:12 AM,889.4,10,8894.0,24234427.399999987
2025-08-01 09:40:18 AM,889.4,1,889.4,24235316.799999986
2025-08-01 09:40:24 AM,889.4,1,889.4,24236206.199999984
2025-08-01 09:40:32 AM,889.0,0,0.0,24236206.199999984
2025-08-01 09:40:38 AM,889.0,3,2667.0,24238873.199999984
2025-08-01 09:40:38 AM,889.4,1,889.4,24239762.599999983
2025-08-01 09:40:44 AM,889.0,106,94234.0,24333996.599999983
2025-08-01 09:40:44 AM,889.35,0,0.0,24333996.599999983
2025-08-01 09:40:45 AM,889.35,2,1778.7,24335775.299999982
2025-08-01 09:40:51 AM,889.35,4,3557.4,24339332.69999998
2025-08-01 09:40:57 AM,889.35,5,4446.75,24343779.44999998
2025-08-01 09:41:03 AM,889.4,0,0.0,24343779.44999998
2025-08-01 09:41:04 AM,889.4,18,16009.199999999999,24359788.64999998
2025-08-01 09:41:05 AM,889.4,10,8894.0,24368682.64999998
2025-08-01 09:41:08 AM,889.35,0,0.0,24368682.64999998
2025-08-01 09:41:11 AM,889.35,2,1778.7,24370461.34999998
2025-08-01 09:41:16 AM,889.4,0,0.0,24370461.34999998
2025-08-01 09:41:17 AM,889.45,28,24904.600000000002,24395365.94999998
2025-08-01 09:41:18 AM,889.55,5,4447.75,24399813.69999998
2025-08-01 09:41:20 AM,889.6,0,0.0,24399813.69999998
2025-08-01 09:41:24 AM,889.6,11,9785.6,24409599.299999982
2025-08-01 09:41:30 AM,889.6,3,2668.8,24412268.099999983
2025-08-01 09:41:37 AM,889.6,5,4448.0,24416716.099999983
2025-08-01 09:41:40 AM,889.65,0,0.0,24416716.099999983
2025-08-01 09:41:44 AM,889.65,14,12455.1,24429171.199999984
2025-08-01 09:41:48 AM,889.85,0,0.0,24429171.199999984
2025-08-01 09:41:50 AM,889.85,1,889.85,24430061.049999986
2025-08-01 09:41:57 AM,889.85,10,8898.5,24438959.549999986
2025-08-01 09:42:04 AM,889.6,23,20460.8,24459420.349999987
2025-08-01 09:42:04 AM,889.8,0,0.0,24459420.349999987
2025-08-01 09:42:05 AM,888.95,0,0.0,24459420.349999987
2025-08-01 09:42:09 AM,889.75,0,0.0,24459420.349999987
2025-08-01 09:42:10 AM,889.75,354,314971.5,24774391.849999987
2025-08-01 09:42:11 AM,889.75,1,889.75,24775281.599999987
2025-08-01 09:42:13 AM,888.95,0,0.0,24775281.599999987
2025-08-01 09:42:16 AM,889.7,4,3558.8,24778840.399999987
2025-08-01 09:42:17 AM,888.95,0,0.0,24778840.399999987
2025-08-01 09:42:18 AM,888.95,1,888.95,24779729.349999987
2025-08-01 09:42:21 AM,888.65,0,0.0,24779729.349999987
2025-08-01 09:42:23 AM,888.65,100,88865.0,24868594.349999987
2025-08-01 09:42:35 AM,889.65,0,0.0,24868594.349999987
2025-08-01 09:42:36 AM,889.65,5,4448.25,24873042.599999987
2025-08-01 09:42:49 AM,889.6,20,17792.0,24890834.599999987
2025-08-01 09:42:54 AM,889.65,0,0.0,24890834.599999987
2025-08-01 09:42:55 AM,889.65,2,1779.3,24892613.899999987
2025-08-01 09:43:16 AM,889.55,5,4447.75,24897061.649999987
2025-08-01 09:43:27 AM,889.0,0,0.0,24897061.649999987
2025-08-01 09:43:28 AM,889.0,88,78232.0,24975293.649999987
2025-08-01 09:43:35 AM,889.55,0,0.0,24975293.649999987
2025-08-01 09:43:35 AM,889.55,77,68495.34999999999,25043788.99999999
2025-08-01 09:43:36 AM,889.55,5,4447.75,25048236.74999999
2025-08-01 09:43:42 AM,889.55,3,2668.6499999999996,25050905.399999987
2025-08-01 09:43:55 AM,889.55,2,1779.1,25052684.49999999
2025-08-01 09:43:55 AM,889.0,0,0.0,25052684.49999999
2025-08-01 09:43:56 AM,889.0,93,82677.0,25135361.49999999
2025-08-01 09:44:01 AM,889.45,3,2668.3500000000004,25138029.84999999
2025-08-01 09:44:07 AM,889.0,0,0.0,25138029.84999999
2025-08-01 09:44:08 AM,889.0,3,2667.0,25140696.84999999
2025-08-01 09:44:12 AM,889.35,0,0.0,25140696.84999999
2025-08-01 09:44:15 AM,889.0,54,48006.0,25188702.84999999
2025-08-01 09:44:21 AM,889.3,0,0.0,25188702.84999999
2025-08-01 09:44:22 AM,889.3,6,5335.799999999999,25194038.64999999
2025-08-01 09:44:28 AM,889.3,103,91597.9,25285636.54999999
2025-08-01 09:44:39 AM,889.0,0,0.0,25285636.54999999
2025-08-01 09:44:41 AM,889.0,23,20447.0,25306083.54999999
2025-08-01 09:44:42 AM,889.0,4,3556.0,25309639.54999999
2025-08-01 09:44:43 AM,889.3,0,0.0,25309639.54999999
2025-08-01 09:44:47 AM,888.65,12,10663.8,25320303.34999999
2025-08-01 09:44:53 AM,889.35,0,0.0,25320303.34999999
2025-08-01 09:44:53 AM,889.35,14,12450.9,25332754.24999999
2025-08-01 09:45:00 AM,889.35,1,889.35,25333643.59999999
2025-08-01 09:45:03 AM,888.65,0,0.0,25333643.59999999
2025-08-01 09:45:05 AM,888.45,0,0.0,25333643.59999999
2025-08-01 09:45:07 AM,888.45,219,194570.55000000002,25528214.14999999
2025-08-01 09:45:08 AM,887.4,717,636265.7999999999,26164479.94999999
2025-08-01 09:45:08 AM,888.0,0,0.0,26164479.94999999
2025-08-01 09:45:10 AM,888.8,0,0.0,26164479.94999999
2025-08-01 09:45:13 AM,888.8,101,89768.79999999999,26254248.749999993
2025-08-01 09:45:26 AM,888.65,2,1777.3,26256026.049999993
2025-08-01 09:45:35 AM,888.0,0,0.0,26256026.049999993
2025-08-01 09:45:39 AM,888.0,3,2664.0,26258690.049999993
2025-08-01 09:45:43 AM,888.6,0,0.0,26258690.049999993
2025-08-01 09:45:46 AM,888.6,3,2665.8,26261355.849999994
2025-08-01 09:45:50 AM,888.65,0,0.0,26261355.849999994
2025-08-01 09:45:52 AM,888.65,36,31991.399999999998,26293347.249999993
2025-08-01 09:45:57 AM,888.6,0,0.0,26293347.249999993
2025-08-01 09:45:59 AM,888.6,1,888.6,26294235.849999994
2025-08-01 09:46:05 AM,888.45,0,0.0,26294235.849999994
2025-08-01 09:46:05 AM,888.45,5,4442.25,26298678.099999994
2025-08-01 09:46:06 AM,888.95,110,97784.5,26396462.599999994
2025-08-01 09:46:10 AM,888.0,0,0.0,26396462.599999994
2025-08-01 09:46:12 AM,888.0,31,27528.0,26423990.599999994
2025-08-01 09:46:13 AM,888.6,10,8886.0,26432876.599999994
2025-08-01 09:46:18 AM,888.6,2,1777.2,26434653.799999993
2025-08-01 09:46:25 AM,888.6,1,888.6,26435542.399999995
2025-08-01 09:46:26 AM,888.6,7,6220.2,26441762.599999994
2025-08-01 09:46:31 AM,889.0,500,444500.0,26886262.599999994
2025-08-01 09:46:32 AM,888.85,0,0.0,26886262.599999994
2025-08-01 09:46:33 AM,888.85,1,888.85,26887151.449999996
2025-08-01 09:46:56 AM,888.6,0,0.0,26887151.449999996
2025-08-01 09:46:56 AM,888.6,35,31101.0,26918252.449999996
2025-08-01 09:47:08 AM,888.05,0,0.0,26918252.449999996
2025-08-01 09:47:08 AM,888.05,2,1776.1,26920028.549999997
2025-08-01 09:47:10 AM,888.05,41,36410.049999999996,26956438.599999998
2025-08-01 09:47:13 AM,888.5,0,0.0,26956438.599999998
2025-08-01 09:47:14 AM,888.5,1,888.5,26957327.099999998
2025-08-01 09:47:17 AM,888.6,47,41764.200000000004,26999091.299999997
2025-08-01 09:47:17 AM,888.9,0,0.0,26999091.299999997
2025-08-01 09:47:21 AM,888.9,10,8889.0,27007980.299999997
2025-08-01 09:47:21 AM,888.6,0,0.0,27007980.299999997
2025-08-01 09:47:23 AM,888.6,457,406090.2,27414070.499999996
2025-08-01 09:47:28 AM,888.55,0,0.0,27414070.499999996
2025-08-01 09:47:29 AM,888.55,1,888.55,27414959.049999997
2025-08-01 09:47:32 AM,888.05,0,0.0,27414959.049999997
2025-08-01 09:47:33 AM,888.7,13,11553.1,27426512.15
2025-08-01 09:47:50 AM,888.5,0,0.0,27426512.15
2025-08-01 09:47:54 AM,888.5,10,8885.0,27435397.15
2025-08-01 09:47:58 AM,888.7,0,0.0,27435397.15
2025-08-01 09:48:00 AM,888.6,51,45318.6,27480715.75
2025-08-01 09:48:02 AM,885.9,0,0.0,27480715.75
2025-08-01 09:48:03 AM,885.9,1694,1500714.5999999999,28981430.35
2025-08-01 09:48:07 AM,885.8,0,0.0,28981430.35
2025-08-01 09:48:07 AM,885.8,30,26574.0,29008004.35
2025-08-01 09:48:09 AM,883.35,935,825932.25,29833936.6
2025-08-01 09:48:11 AM,883.3,0,0.0,29833936.6
2025-08-01 09:48:11 AM,884.25,0,0.0,29833936.6
2025-08-01 09:48:13 AM,883.35,172,151936.2,29985872.8
2025-08-01 09:48:16 AM,884.2,1,884.2,29986757.0
2025-08-01 09:48:19 AM,883.3,0,0.0,29986757.0
2025-08-01 09:48:19 AM,883.3,13,11482.9,29998239.9
2025-08-01 09:48:19 AM,885.05,0,0.0,29998239.9
2025-08-01 09:48:22 AM,884.25,382,337783.5,30336023.4
2025-08-01 09:48:23 AM,884.3,0,0.0,30336023.4
2025-08-01 09:48:26 AM,884.35,18,15918.300000000001,30351941.7
2025-08-01 09:48:29 AM,884.5,1,884.5,30352826.2
2025-08-01 09:48:32 AM,884.5,2,1769.0,30354595.2
2025-08-01 09:48:39 AM,884.5,1,884.5,30355479.7
2025-08-01 09:48:41 AM,885.35,15,13280.25,30368759.95
2025-08-01 09:48:45 AM,885.35,15,13280.25,30382040.2
2025-08-01 09:48:48 AM,885.35,1,885.35,30382925.55
2025-08-01 09:48:51 AM,885.4,0,0.0,30382925.55
2025-08-01 09:48:52 AM,885.4,65,57551.0,30440476.55
2025-08-01 09:48:54 AM,885.3,15,13279.5,30453756.05
2025-08-01 09:48:58 AM,885.3,25,22132.5,30475888.55
2025-08-01 09:49:01 AM,885.5,101,89435.5,30565324.05
2025-08-01 09:49:03 AM,885.3,0,0.0,30565324.05
2025-08-01 09:49:04 AM,885.4,22,19478.8,30584802.85
2025-08-01 09:49:13 AM,885.4,6,5312.4,30590115.25
2025-08-01 09:49:21 AM,885.5,0,0.0,30590115.25
2025-08-01 09:49:23 AM,885.5,1,885.5,30591000.75
2025-08-01 09:49:25 AM,885.5,2,1771.0,30592771.75
2025-08-01 09:49:29 AM,885.65,1,885.65,30593657.4
2025-08-01 09:49:33 AM,885.6,0,0.0,30593657.4
2025-08-01 09:49:38 AM,885.6,25,22140.0,30615797.4
2025-08-01 09:49:39 AM,885.65,0,0.0,30615797.4
2025-08-01 09:49:42 AM,885.65,5,4428.25,30620225.65
2025-08-01 09:49:44 AM,885.65,30,26569.5,30646795.15
2025-08-01 09:49:54 AM,885.6,103,91216.8,30738011.95
2025-08-01 09:50:00 AM,885.55,0,0.0,30738011.95
2025-08-01 09:50:04 AM,885.55,28,24795.399999999998,30762807.349999998
2025-08-01 09:50:10 AM,885.5,1,885.5,30763692.849999998
2025-08-01 09:50:12 AM,885.6,0,0.0,30763692.849999998
2025-08-01 09:50:14 AM,885.6,26,23025.600000000002,30786718.45
2025-08-01 09:50:14 AM,885.55,0,0.0,30786718.45
2025-08-01 09:50:17 AM,885.5,6,5313.0,30792031.45
2025-08-01 09:50:18 AM,884.0,0,0.0,30792031.45
2025-08-01 09:50:20 AM,884.0,384,339456.0,31131487.45
2025-08-01 09:50:26 AM,884.35,11,9727.85,31141215.3
2025-08-01 09:50:33 AM,884.5,104,91988.0,31233203.3
2025-08-01 09:50:43 AM,885.1,0,0.0,31233203.3
2025-08-01 09:50:44 AM,885.3,0,0.0,31233203.3
2025-08-01 09:50:45 AM,885.3,1061,939303.2999999999,32172506.6
2025-08-01 09:50:54 AM,885.3,1,885.3,32173391.900000002
2025-08-01 09:50:58 AM,885.35,0,0.0,32173391.900000002
2025-08-01 09:50:58 AM,885.35,1,885.35,32174277.250000004
2025-08-01 09:50:59 AM,885.3,0,0.0,32174277.250000004
2025-08-01 09:51:00 AM,885.3,1,885.3,32175162.550000004
2025-08-01 09:51:31 AM,885.75,3,2657.25,32177819.800000004
2025-08-01 09:51:40 AM,885.95,0,0.0,32177819.800000004
2025-08-01 09:51:42 AM,885.95,201,178075.95,32355895.750000004
2025-08-01 09:51:42 AM,885.8,0,0.0,32355895.750000004
2025-08-01 09:51:44 AM,885.8,1,885.8,32356781.550000004
2025-08-01 09:51:48 AM,885.8,7,6200.599999999999,32362982.150000006
2025-08-01 09:51:51 AM,885.8,5,4429.0,32367411.150000006
2025-08-01 09:51:54 AM,885.3,26,23017.8,32390428.950000007
2025-08-01 09:51:56 AM,885.75,0,0.0,32390428.950000007
2025-08-01 09:51:57 AM,885.65,51,45168.15,32435597.100000005
2025-08-01 09:52:03 AM,885.7,8,7085.6,32442682.700000007
2025-08-01 09:52:10 AM,885.65,0,0.0,32442682.700000007
2025-08-01 09:52:12 AM,885.65,3,2656.95,32445339.650000006
2025-08-01 09:52:13 AM,885.0,0,0.0,32445339.650000006
2025-08-01 09:52:15 AM,885.0,41,36285.0,32481624.650000006
2025-08-01 09:52:16 AM,885.55,0,0.0,32481624.650000006
2025-08-01 09:52:18 AM,885.95,0,0.0,32481624.650000006
2025-08-01 09:52:18 AM,885.95,356,315398.2,32797022.850000005
2025-08-01 09:52:25 AM,885.9,0,0.0,32797022.850000005
2025-08-01 09:52:27 AM,885.85,21,18602.850000000002,32815625.700000007
2025-08-01 09:52:33 AM,885.85,1,885.85,32816511.55000001
2025-08-01 09:52:43 AM,885.85,10,8858.5,32825370.05000001
2025-08-01 09:52:52 AM,885.85,2,1771.7,32827141.750000007
2025-08-01 09:52:55 AM,885.85,3,2657.55,32829799.30000001
2025-08-01 09:52:58 AM,885.9,11,9744.9,32839544.200000007
2025-08-01 09:53:01 AM,885.1,17,15046.7,32854590.900000006
2025-08-01 09:53:07 AM,885.45,0,0.0,32854590.900000006
2025-08-01 09:53:07 AM,885.45,1,885.45,32855476.350000005
2025-08-01 09:53:09 AM,885.45,24,21250.800000000003,32876727.150000006
2025-08-01 09:53:10 AM,885.95,0,0.0,32876727.150000006
2025-08-01 09:53:14 AM,885.95,10,8859.5,32885586.650000006
2025-08-01 09:53:17 AM,885.45,0,0.0,32885586.650000006
2025-08-01 09:53:20 AM,885.5,19,16824.5,32902411.150000006
2025-08-01 09:53:22 AM,885.75,1,885.75,32903296.900000006
2025-08-01 09:53:26 AM,885.8,101,89465.79999999999,32992762.700000007
2025-08-01 09:53:29 AM,885.65,0,0.0,32992762.700000007
2025-08-01 09:53:32 AM,885.6,0,0.0,32992762.700000007
2025-08-01 09:53:32 AM,885.6,4,3542.4,32996305.100000005
2025-08-01 09:53:38 AM,885.7,0,0.0,32996305.100000005
2025-08-01 09:53:38 AM,885.7,1,885.7,32997190.800000004
2025-08-01 09:53:38 AM,885.1,0,0.0,32997190.800000004
2025-08-01 09:53:40 AM,885.1,74,65497.4,33062688.200000003
2025-08-01 09:53:58 AM,885.7,15,13285.5,33075973.700000003
2025-08-01 09:53:59 AM,885.15,0,0.0,33075973.700000003
2025-08-01 09:54:03 AM,885.15,100,88515.0,33164488.700000003
2025-08-01 09:54:14 AM,885.7,0,0.0,33164488.700000003
2025-08-01 09:54:16 AM,885.7,75,66427.5,33230916.200000003
2025-08-01 09:54:20 AM,885.65,0,0.0,33230916.200000003
2025-08-01 09:54:22 AM,885.65,10,8856.5,33239772.700000003
2025-08-01 09:54:28 AM,885.65,10,8856.5,33248629.200000003
2025-08-01 09:54:46 AM,885.65,151,133733.15,33382362.35
2025-08-01 09:55:09 AM,886.0,0,0.0,33382362.35
2025-08-01 09:55:09 AM,886.0,2223,1969578.0,35351940.35
2025-08-01 09:55:22 AM,885.75,2,1771.5,35353711.85
2025-08-01 09:55:23 AM,886.0,0,0.0,35353711.85
2025-08-01 09:55:23 AM,886.0,12,10632.0,35364343.85
2025-08-01 09:55:28 AM,886.0,1,886.0,35365229.85
2025-08-01 09:55:33 AM,886.0,110,97460.0,35462689.85
2025-08-01 09:55:35 AM,886.0,3,2658.0,35465347.85
2025-08-01 09:55:40 AM,886.0,150,132900.0,35598247.85
2025-08-01 09:55:46 AM,886.0,10,8860.0,35607107.85
2025-08-01 09:55:52 AM,886.0,2,1772.0,35608879.85
2025-08-01 09:55:53 AM,886.0,1,886.0,35609765.85
2025-08-01 09:55:58 AM,886.0,31,27466.0,35637231.85
2025-08-01 09:56:05 AM,886.0,1,886.0,35638117.85
2025-08-01 09:56:08 AM,885.85,0,0.0,35638117.85
2025-08-01 09:56:09 AM,886.0,0,0.0,35638117.85
2025-08-01 09:56:10 AM,886.0,91,80626.0,35718743.85
2025-08-01 09:56:12 AM,885.95,0,0.0,35718743.85
2025-08-01 09:56:14 AM,886.0,0,0.0,35718743.85
2025-08-01 09:56:16 AM,885.85,0,0.0,35718743.85
2025-08-01 09:56:16 AM,885.85,28,24803.8,35743547.65
2025-08-01 09:56:22 AM,885.85,201,178055.85,35921603.5
2025-08-01 09:56:23 AM,886.0,0,0.0,35921603.5
2025-08-01 09:56:23 AM,886.0,1,886.0,35922489.5
2025-08-01 09:56:27 AM,885.95,0,0.0,35922489.5
2025-08-01 09:56:28 AM,885.95,7,6201.650000000001,35928691.15
2025-08-01 09:56:29 AM,885.95,10,8859.5,35937550.65
2025-08-01 09:56:33 AM,885.85,1,885.85,35938436.5
2025-08-01 09:56:34 AM,885.65,53,46939.45,35985375.95
2025-08-01 09:56:39 AM,885.95,0,0.0,35985375.95
2025-08-01 09:56:39 AM,885.95,3,2657.8500000000004,35988033.800000004
2025-08-01 09:57:04 AM,885.95,4,3543.8,35991577.6
2025-08-01 09:57:10 AM,886.0,520,460720.0,36452297.6
2025-08-01 09:57:21 AM,885.95,0,0.0,36452297.6
2025-08-01 09:57:21 AM,885.95,116,102770.20000000001,36555067.800000004
2025-08-01 09:57:27 AM,885.95,2,1771.9,36556839.7
2025-08-01 09:57:35 AM,886.0,1,886.0,36557725.7
2025-08-01 09:57:45 AM,885.9,3,2657.7,36560383.400000006
2025-08-01 09:57:48 AM,885.95,2,1771.9,36562155.300000004
2025-08-01 09:57:54 AM,885.85,3,2657.55,36564812.85
2025-08-01 09:57:56 AM,885.95,0,0.0,36564812.85
2025-08-01 09:57:57 AM,885.95,59,52271.05,36617083.9
2025-08-01 09:58:03 AM,885.65,133,117791.45,36734875.35
2025-08-01 09:58:12 AM,885.75,1,885.75,36735761.1
2025-08-01 09:58:24 AM,885.2,71,62849.200000000004,36798610.300000004
2025-08-01 09:58:33 AM,885.8,1,885.8,36799496.1
2025-08-01 09:58:36 AM,885.8,10,8858.0,36808354.1
2025-08-01 09:58:46 AM,885.8,1,885.8,36809239.9
2025-08-01 09:58:50 AM,885.2,0,0.0,36809239.9
2025-08-01 09:58:52 AM,885.2,21,18589.2,36827829.1
2025-08-01 09:58:54 AM,885.2,2,1770.4,36829599.5
2025-08-01 09:59:01 AM,884.65,0,0.0,36829599.5
2025-08-01 09:59:01 AM,884.65,397,351206.05,37180805.55
2025-08-01 09:59:04 AM,885.2,3,2655.6000000000004,37183461.15
2025-08-01 09:59:23 AM,883.8,261,230671.8,37414132.949999996
2025-08-01 09:59:29 AM,885.25,3,2655.75,37416788.699999996
2025-08-01 09:59:34 AM,884.65,0,0.0,37416788.699999996
2025-08-01 09:59:35 AM,885.2,56,49571.200000000004,37466359.9
2025-08-01 09:59:38 AM,885.2,6,5311.200000000001,37471671.1
2025-08-01 09:59:57 AM,885.2,50,44260.0,37515931.1
2025-08-01 10:00:06 AM,885.0,2,1770.0,37517701.1
2025-08-01 10:00:19 AM,885.0,1,885.0,37518586.1
2025-08-01 10:00:25 AM,885.2,5,4426.0,37523012.1
2025-08-01 10:00:31 AM,884.65,91,80503.15,37603515.25
2025-08-01 10:00:47 AM,885.05,61,53988.049999999996,37657503.3
2025-08-01 10:00:50 AM,885.1,30,26553.0,37684056.3
2025-08-01 10:00:54 AM,884.65,4,3538.6,37687594.9
2025-08-01 10:01:00 AM,885.0,5,4425.0,37692019.9
2025-08-01 10:01:09 AM,885.05,0,0.0,37692019.9
2025-08-01 10:01:09 AM,885.05,10,8850.5,37700870.4
2025-08-01 10:01:16 AM,885.15,1,885.15,37701755.55
2025-08-01 10:01:25 AM,885.15,3,2655.45,37704411.0
2025-08-01 10:01:34 AM,885.15,1,885.15,37705296.15
2025-08-01 10:01:37 AM,885.15,5,4425.75,37709721.9
2025-08-01 10:01:43 AM,885.2,0,0.0,37709721.9
2025-08-01 10:01:44 AM,885.2,5,4426.0,37714147.9
2025-08-01 10:01:50 AM,884.5,120,106140.0,37820287.9
2025-08-01 10:02:02 AM,885.2,1,885.2,37821173.1
2025-08-01 10:02:15 AM,885.2,4,3540.8,37824713.9
2025-08-01 10:02:28 AM,885.2,2,1770.4,37826484.3
2025-08-01 10:02:35 AM,885.2,5,4426.0,37830910.3
2025-08-01 10:02:40 AM,885.2,5,4426.0,37835336.3
2025-08-01 10:02:47 AM,885.2,7,6196.400000000001,37841532.699999996
2025-08-01 10:02:53 AM,885.2,20,17704.0,37859236.699999996
2025-08-01 10:03:00 AM,885.0,136,120360.0,37979596.699999996
2025-08-01 10:03:02 AM,885.2,0,0.0,37979596.699999996
2025-08-01 10:03:06 AM,885.2,13,11507.6,37991104.3
2025-08-01 10:03:10 AM,885.25,0,0.0,37991104.3
2025-08-01 10:03:12 AM,885.25,1,885.25,37991989.55
2025-08-01 10:03:14 AM,885.25,7,6196.75,37998186.3
2025-08-01 10:03:21 AM,885.95,250,221487.5,38219673.8
2025-08-01 10:03:50 AM,885.95,3,2657.8500000000004,38222331.65
2025-08-01 10:03:52 AM,885.95,3,2657.8500000000004,38224989.5
2025-08-01 10:03:56 AM,885.95,5,4429.75,38229419.25
2025-08-01 10:03:59 AM,885.95,1,885.95,38230305.2
2025-08-01 10:04:03 AM,885.95,30,26578.5,38256883.7
2025-08-01 10:04:05 AM,885.95,3,2657.8500000000004,38259541.550000004
2025-08-01 10:04:11 AM,885.95,1,885.95,38260427.50000001
2025-08-01 10:04:17 AM,885.95,1,885.95,38261313.45000001
2025-08-01 10:04:24 AM,885.95,29,25692.550000000003,38287006.00000001
2025-08-01 10:04:34 AM,885.95,3,2657.8500000000004,38289663.85000001
2025-08-01 10:04:53 AM,885.35,33,29216.55,38318880.400000006
2025-08-01 10:05:05 AM,885.35,57,50464.950000000004,38369345.35000001
2025-08-01 10:05:11 AM,885.95,0,0.0,38369345.35000001
2025-08-01 10:05:11 AM,885.95,3,2657.8500000000004,38372003.20000001
2025-08-01 10:05:18 AM,885.85,7,6200.95,38378204.15000001
2025-08-01 10:05:20 AM,885.85,6,5315.1,38383519.250000015
2025-08-01 10:05:24 AM,885.5,47,41618.5,38425137.750000015
2025-08-01 10:05:44 AM,885.65,3,2656.95,38427794.70000002
2025-08-01 10:05:56 AM,885.8,220,194876.0,38622670.70000002
2025-08-01 10:06:00 AM,886.0,0,0.0,38622670.70000002
2025-08-01 10:06:00 AM,886.0,300,265800.0,38888470.70000002
2025-08-01 10:06:02 AM,885.85,2,1771.7,38890242.40000002
2025-08-01 10:06:06 AM,885.85,16,14173.6,38904416.00000002
2025-08-01 10:06:20 AM,885.85,1,885.85,38905301.850000024
2025-08-01 10:06:32 AM,885.65,17,15056.05,38920357.90000002
2025-08-01 10:06:35 AM,885.1,85,75233.5,38995591.40000002
2025-08-01 10:06:38 AM,885.0,6,5310.0,39000901.40000002
2025-08-01 10:06:44 AM,885.0,62,54870.0,39055771.40000002
2025-08-01 10:06:46 AM,883.85,0,0.0,39055771.40000002
2025-08-01 10:06:48 AM,883.85,440,388894.0,39444665.40000002
2025-08-01 10:06:54 AM,884.85,10,8848.5,39453513.90000002
2025-08-01 10:06:56 AM,884.1,0,0.0,39453513.90000002
2025-08-01 10:06:56 AM,884.1,10,8841.0,39462354.90000002
2025-08-01 10:07:00 AM,885.0,252,223020.0,39685374.90000002
2025-08-01 10:07:06 AM,884.1,0,0.0,39685374.90000002
2025-08-01 10:07:06 AM,884.1,10,8841.0,39694215.90000002
2025-08-01 10:07:12 AM,885.55,13,11512.15,39705728.05000002
2025-08-01 10:07:19 AM,885.7,100,88570.0,39794298.05000002
2025-08-01 10:07:21 AM,885.55,0,0.0,39794298.05000002
2025-08-01 10:07:21 AM,885.55,10,8855.5,39803153.55000002
2025-08-01 10:07:25 AM,885.4,40,35416.0,39838569.55000002
2025-08-01 10:07:37 AM,884.6,840,743064.0,40581633.55000002
2025-08-01 10:07:48 AM,884.65,0,0.0,40581633.55000002
2025-08-01 10:07:49 AM,884.65,2,1769.3,40583402.85000002
2025-08-01 10:07:51 AM,884.65,1,884.65,40584287.500000015
2025-08-01 10:07:57 AM,885.5,52,46046.0,40630333.500000015
2025-08-01 10:08:10 AM,885.5,5,4427.5,40634761.000000015
2025-08-01 10:08:21 AM,885.7,0,0.0,40634761.000000015
2025-08-01 10:08:21 AM,885.7,26,23028.2,40657789.20000002
2025-08-01 10:08:40 AM,885.7,50,44285.0,40702074.20000002
2025-08-01 10:08:51 AM,885.5,0,0.0,40702074.20000002
2025-08-01 10:08:51 AM,885.5,7,6198.5,40708272.70000002
2025-08-01 10:08:52 AM,885.65,5,4428.25,40712700.95000002
2025-08-01 10:08:53 AM,885.7,0,0.0,40712700.95000002
2025-08-01 10:08:56 AM,885.05,0,0.0,40712700.95000002
2025-08-01 10:08:56 AM,885.05,6,5310.299999999999,40718011.250000015
2025-08-01 10:09:12 AM,885.6,0,0.0,40718011.250000015
2025-08-01 10:09:14 AM,885.6,1,885.6,40718896.85000002
2025-08-01 10:09:16 AM,885.0,2,1770.0,40720666.85000002
2025-08-01 10:09:32 AM,885.6,0,0.0,40720666.85000002
2025-08-01 10:09:32 AM,885.6,1,885.6,40721552.45000002
2025-08-01 10:09:39 AM,885.6,30,26568.0,40748120.45000002
2025-08-01 10:09:44 AM,885.0,6,5310.0,40753430.45000002
2025-08-01 10:09:49 AM,885.0,4,3540.0,40756970.45000002
2025-08-01 10:09:55 AM,885.7,50,44285.0,40801255.45000002
2025-08-01 10:10:18 AM,883.25,1945,1717921.25,42519176.70000002
2025-08-01 10:10:26 AM,884.6,0,0.0,42519176.70000002
2025-08-01 10:10:26 AM,884.6,2,1769.2,42520945.90000002
2025-08-01 10:10:36 AM,884.6,50,44230.0,42565175.90000002
2025-08-01 10:10:37 AM,884.6,2,1769.2,42566945.100000024
2025-08-01 10:10:48 AM,884.6,1,884.6,42567829.700000025
2025-08-01 10:10:54 AM,884.6,10,8846.0,42576675.700000025
2025-08-01 10:11:00 AM,884.6,25,22115.0,42598790.700000025
2025-08-01 10:11:01 AM,884.6,5,4423.0,42603213.700000025
2025-08-01 10:11:18 AM,884.6,10,8846.0,42612059.700000025
2025-08-01 10:11:19 AM,884.6,3,2653.8,42614713.50000002
2025-08-01 10:11:23 AM,884.6,10,8846.0,42623559.50000002
2025-08-01 10:11:29 AM,884.6,10,8846.0,42632405.50000002
2025-08-01 10:11:34 AM,884.6,3,2653.8,42635059.30000002
2025-08-01 10:11:35 AM,884.3,0,0.0,42635059.30000002
2025-08-01 10:11:36 AM,884.3,100,88430.0,42723489.30000002
2025-08-01 10:11:42 AM,884.65,1,884.65,42724373.95000002
2025-08-01 10:12:14 AM,884.6,0,0.0,42724373.95000002
2025-08-01 10:12:16 AM,884.6,94,83152.40000000001,42807526.35000002
2025-08-01 10:12:27 AM,884.6,10,8846.0,42816372.35000002
2025-08-01 10:12:32 AM,884.8,0,0.0,42816372.35000002
2025-08-01 10:12:33 AM,884.8,10,8848.0,42825220.35000002
2025-08-01 10:12:35 AM,884.3,0,0.0,42825220.35000002
2025-08-01 10:12:39 AM,884.3,205,181281.5,43006501.85000002
2025-08-01 10:12:44 AM,884.85,0,0.0,43006501.85000002
2025-08-01 10:12:44 AM,884.85,260,230061.0,43236562.85000002
2025-08-01 10:12:50 AM,884.85,10,8848.5,43245411.35000002
2025-08-01 10:12:56 AM,884.75,0,0.0,43245411.35000002
2025-08-01 10:12:56 AM,884.75,7,6193.25,43251604.60000002
2025-08-01 10:13:03 AM,884.7,0,0.0,43251604.60000002
2025-08-01 10:13:07 AM,884.7,3,2654.1000000000004,43254258.70000002
2025-08-01 10:13:11 AM,884.8,0,0.0,43254258.70000002
2025-08-01 10:13:13 AM,884.8,3,2654.3999999999996,43256913.10000002
2025-08-01 10:13:23 AM,884.7,0,0.0,43256913.10000002
2025-08-01 10:13:25 AM,884.9,12,10618.8,43267531.90000001
2025-08-01 10:13:35 AM,884.35,0,0.0,43267531.90000001
2025-08-01 10:13:37 AM,884.35,14,12380.9,43279912.80000001
2025-08-01 10:13:43 AM,884.05,21,18565.05,43298477.85000001
2025-08-01 10:13:55 AM,884.85,12,10618.2,43309096.05000001
2025-08-01 10:14:07 AM,884.9,5,4424.5,43313520.55000001
2025-08-01 10:14:17 AM,884.1,0,0.0,43313520.55000001
2025-08-01 10:14:18 AM,884.1,170,150297.0,43463817.55000001
2025-08-01 10:14:41 AM,884.15,0,0.0,43463817.55000001
2025-08-01 10:14:41 AM,884.15,56,49512.4,43513329.95000001
2025-08-01 10:14:53 AM,884.9,0,0.0,43513329.95000001
2025-08-01 10:14:53 AM,884.9,40,35396.0,43548725.95000001
2025-08-01 10:15:10 AM,884.9,1,884.9,43549610.85000001
2025-08-01 10:15:16 AM,884.9,3,2654.7,43552265.55000001
2025-08-01 10:15:23 AM,884.9,24,21237.6,43573503.15000001
2025-08-01 10:15:34 AM,884.9,23,20352.7,43593855.85000002
2025-08-01 10:15:53 AM,884.9,25,22122.5,43615978.35000002
2025-08-01 10:15:58 AM,884.9,5,4424.5,43620402.85000002
2025-08-01 10:16:09 AM,884.9,17,15043.3,43635446.15000001
2025-08-01 10:16:14 AM,885.1,0,0.0,43635446.15000001
2025-08-01 10:16:21 AM,885.1,3,2655.3,43638101.45000001
2025-08-01 10:16:22 AM,884.35,0,0.0,43638101.45000001
2025-08-01 10:16:22 AM,884.35,50,44217.5,43682318.95000001
2025-08-01 10:16:39 AM,884.9,3,2654.7,43684973.65000001
2025-08-01 10:16:52 AM,885.4,0,0.0,43684973.65000001
2025-08-01 10:16:56 AM,885.4,20,17708.0,43702681.65000001
2025-08-01 10:17:01 AM,885.4,10,8854.0,43711535.65000001
2025-08-01 10:17:18 AM,885.4,101,89425.4,43800961.05000001
2025-08-01 10:17:42 AM,885.4,15,13281.0,43814242.05000001
2025-08-01 10:17:58 AM,886.0,0,0.0,43814242.05000001
2025-08-01 10:17:59 AM,886.0,1125,996750.0,44810992.05000001
2025-08-01 10:18:02 AM,885.4,0,0.0,44810992.05000001
2025-08-01 10:18:05 AM,885.4,5,4427.0,44815419.05000001
2025-08-01 10:18:13 AM,885.7,0,0.0,44815419.05000001
2025-08-01 10:18:17 AM,885.7,5,4428.5,44819847.55000001
2025-08-01 10:18:19 AM,885.95,0,0.0,44819847.55000001
2025-08-01 10:18:22 AM,885.95,100,88595.0,44908442.55000001
2025-08-01 10:18:45 AM,885.6,250,221400.0,45129842.55000001
2025-08-01 10:18:48 AM,885.45,0,0.0,45129842.55000001
2025-08-01 10:18:51 AM,885.45,3,2656.3500000000004,45132498.90000001
2025-08-01 10:19:18 AM,885.55,0,0.0,45132498.90000001
2025-08-01 10:19:20 AM,885.55,16,14168.8,45146667.70000001
2025-08-01 10:19:45 AM,885.2,0,0.0,45146667.70000001
2025-08-01 10:19:48 AM,885.2,3,2655.6000000000004,45149323.30000001
2025-08-01 10:20:05 AM,885.55,1,885.55,45150208.85000001
2025-08-01 10:20:10 AM,885.55,11,9741.05,45159949.900000006
2025-08-01 10:20:22 AM,885.55,1,885.55,45160835.45
2025-08-01 10:20:28 AM,885.55,18,15939.9,45176775.35
2025-08-01 10:20:40 AM,885.8,5,4429.0,45181204.35
2025-08-01 10:21:05 AM,886.0,0,0.0,45181204.35
2025-08-01 10:21:05 AM,886.0,3736,3310096.0,48491300.35
2025-08-01 10:21:25 AM,886.0,31,27466.0,48518766.35
2025-08-01 10:21:31 AM,886.0,10,8860.0,48527626.35
2025-08-01 10:21:38 AM,886.0,1,886.0,48528512.35
2025-08-01 10:21:41 AM,886.0,100,88600.0,48617112.35
2025-08-01 10:21:43 AM,886.0,100,88600.0,48705712.35
2025-08-01 10:21:47 AM,886.0,18,15948.0,48721660.35
2025-08-01 10:21:53 AM,886.0,10,8860.0,48730520.35
2025-08-01 10:21:55 AM,886.0,9,7974.0,48738494.35
2025-08-01 10:21:59 AM,886.0,214,189604.0,48928098.35
2025-08-01 10:22:01 AM,886.0,20,17720.0,48945818.35
2025-08-01 10:22:10 AM,886.0,5,4430.0,48950248.35
2025-08-01 10:22:22 AM,886.0,23,20378.0,48970626.35
2025-08-01 10:22:24 AM,886.0,10,8860.0,48979486.35
2025-08-01 10:22:28 AM,886.0,10,8860.0,48988346.35
2025-08-01 10:22:36 AM,886.0,1,886.0,48989232.35
2025-08-01 10:22:39 AM,886.0,1,886.0,48990118.35
2025-08-01 10:22:45 AM,886.0,25,22150.0,49012268.35
2025-08-01 10:22:47 AM,886.0,20,17720.0,49029988.35
2025-08-01 10:23:00 AM,887.0,2453,2175811.0,51205799.35
2025-08-01 10:23:01 AM,887.3,0,0.0,51205799.35
2025-08-01 10:23:03 AM,887.75,0,0.0,51205799.35
2025-08-01 10:23:06 AM,887.75,15,13316.25,51219115.6
2025-08-01 10:23:10 AM,888.05,0,0.0,51219115.6
2025-08-01 10:23:12 AM,888.05,3,2664.1499999999996,51221779.75
2025-08-01 10:23:15 AM,888.5,1,888.5,51222668.25
2025-08-01 10:23:18 AM,888.5,3,2665.5,51225333.75
2025-08-01 10:23:21 AM,888.5,10,8885.0,51234218.75
2025-08-01 10:23:37 AM,889.1,0,0.0,51234218.75
2025-08-01 10:23:38 AM,889.1,264,234722.4,51468941.15
2025-08-01 10:23:40 AM,888.85,0,0.0,51468941.15
2025-08-01 10:23:40 AM,888.85,5,4444.25,51473385.4
2025-08-01 10:23:44 AM,888.8,0,0.0,51473385.4
2025-08-01 10:23:44 AM,888.8,45,39996.0,51513381.4
2025-08-01 10:23:56 AM,889.0,0,0.0,51513381.4
2025-08-01 10:23:57 AM,889.0,3,2667.0,51516048.4
2025-08-01 10:24:26 AM,888.9,0,0.0,51516048.4
2025-08-01 10:24:28 AM,888.9,10,8889.0,51524937.4
2025-08-01 10:24:36 AM,889.0,5,4445.0,51529382.4
2025-08-01 10:24:44 AM,889.0,18,16002.0,51545384.4
2025-08-01 10:25:36 AM,889.9,15,13348.5,51558732.9
2025-08-01 10:25:41 AM,890.15,0,0.0,51558732.9
2025-08-01 10:25:41 AM,890.15,60,53409.0,51612141.9
2025-08-01 10:25:54 AM,889.3,0,0.0,51612141.9
2025-08-01 10:25:54 AM,889.3,1,889.3,51613031.199999996
2025-08-01 10:26:05 AM,891.0,0,0.0,51613031.199999996
2025-08-01 10:26:05 AM,891.0,353,314523.0,51927554.199999996
2025-08-01 10:26:14 AM,891.75,0,0.0,51927554.199999996
2025-08-01 10:26:14 AM,891.75,10,8917.5,51936471.699999996
2025-08-01 10:26:16 AM,890.65,45,40079.25,51976550.949999996
2025-08-01 10:26:21 AM,891.7,0,0.0,51976550.949999996
2025-08-01 10:26:22 AM,891.7,1,891.7,51977442.65
2025-08-01 10:26:26 AM,891.4,5,4457.0,51981899.65
2025-08-01 10:26:30 AM,892.15,0,0.0,51981899.65
2025-08-01 10:26:31 AM,892.15,67,59774.049999999996,52041673.699999996
2025-08-01 10:26:45 AM,891.7,0,0.0,52041673.699999996
2025-08-01 10:26:45 AM,891.7,75,66877.5,52108551.199999996
2025-08-01 10:26:49 AM,891.95,10,8919.5,52117470.699999996
2025-08-01 10:26:59 AM,890.7,0,0.0,52117470.699999996
2025-08-01 10:27:00 AM,890.7,100,89070.0,52206540.699999996
2025-08-01 10:27:14 AM,891.5,2,1783.0,52208323.699999996
2025-08-01 10:27:20 AM,891.65,0,0.0,52208323.699999996
2025-08-01 10:27:20 AM,891.65,20,17833.0,52226156.699999996
2025-08-01 10:27:27 AM,891.5,0,0.0,52226156.699999996
2025-08-01 10:27:28 AM,891.5,113,100739.5,52326896.199999996
2025-08-01 10:27:30 AM,891.9,0,0.0,52326896.199999996
2025-08-01 10:27:31 AM,891.9,7,6243.3,52333139.49999999
2025-08-01 10:27:36 AM,891.5,149,132833.5,52465972.99999999
2025-08-01 10:27:41 AM,891.85,0,0.0,52465972.99999999
2025-08-01 10:27:42 AM,891.85,1,891.85,52466864.849999994
2025-08-01 10:27:50 AM,891.85,1,891.85,52467756.699999996
2025-08-01 10:27:53 AM,892.0,0,0.0,52467756.699999996
2025-08-01 10:27:53 AM,892.0,251,223892.0,52691648.699999996
2025-08-01 10:28:03 AM,892.95,0,0.0,52691648.699999996
2025-08-01 10:28:03 AM,892.0,210,187320.0,52878968.699999996
2025-08-01 10:28:11 AM,892.95,0,0.0,52878968.699999996
2025-08-01 10:28:11 AM,892.95,7,6250.650000000001,52885219.349999994
2025-08-01 10:28:14 AM,892.0,0,0.0,52885219.349999994
2025-08-01 10:28:14 AM,892.0,608,542336.0,53427555.349999994
2025-08-01 10:28:31 AM,890.0,624,555360.0,53982915.349999994
2025-08-01 10:28:47 AM,890.5,30,26715.0,54009630.349999994
2025-08-01 10:29:22 AM,890.85,0,0.0,54009630.349999994
2025-08-01 10:29:24 AM,890.85,4,3563.4,54013193.74999999
2025-08-01 10:29:26 AM,890.0,0,0.0,54013193.74999999
2025-08-01 10:29:26 AM,890.0,20,17800.0,54030993.74999999
2025-08-01 10:29:34 AM,890.85,0,0.0,54030993.74999999
2025-08-01 10:29:35 AM,890.85,4,3563.4,54034557.14999999
2025-08-01 10:29:48 AM,890.85,25,22271.25,54056828.39999999
2025-08-01 10:29:54 AM,890.85,5,4454.25,54061282.64999999
2025-08-01 10:30:02 AM,890.95,0,0.0,54061282.64999999
2025-08-01 10:30:02 AM,890.95,56,49893.200000000004,54111175.849999994
2025-08-01 10:30:28 AM,890.95,15,13364.25,54124540.099999994
2025-08-01 10:30:48 AM,890.1,0,0.0,54124540.099999994
2025-08-01 10:30:48 AM,890.1,34,30263.4,54154803.49999999
2025-08-01 10:30:59 AM,890.2,1,890.2,54155693.699999996
2025-08-01 10:31:09 AM,890.05,1,890.05,54156583.74999999
2025-08-01 10:31:17 AM,890.05,3,2670.1499999999996,54159253.89999999
2025-08-01 10:31:23 AM,890.35,0,0.0,54159253.89999999
2025-08-01 10:31:25 AM,890.35,70,62324.5,54221578.39999999
2025-08-01 10:31:34 AM,890.0,4,3560.0,54225138.39999999
2025-08-01 10:31:35 AM,890.2,0,0.0,54225138.39999999
2025-08-01 10:31:36 AM,890.0,0,0.0,54225138.39999999
2025-08-01 10:31:37 AM,890.0,22,19580.0,54244718.39999999
2025-08-01 10:31:47 AM,890.0,10,8900.0,54253618.39999999
2025-08-01 10:31:54 AM,890.0,122,108580.0,54362198.39999999
2025-08-01 10:31:57 AM,889.45,0,0.0,54362198.39999999
2025-08-01 10:31:57 AM,889.45,2,1778.9,54363977.29999999
2025-08-01 10:32:17 AM,889.45,10,8894.5,54372871.79999999
2025-08-01 10:32:36 AM,889.45,1,889.45,54373761.24999999
2025-08-01 10:32:39 AM,889.45,2,1778.9,54375540.14999999
2025-08-01 10:32:45 AM,889.45,1,889.45,54376429.599999994
2025-08-01 10:32:51 AM,889.45,1,889.45,54377319.05
2025-08-01 10:32:56 AM,889.45,3,2668.3500000000004,54379987.4
2025-08-01 10:32:59 AM,889.45,1,889.45,54380876.85
2025-08-01 10:33:07 AM,889.45,1,889.45,54381766.300000004
2025-08-01 10:33:14 AM,889.5,0,0.0,54381766.300000004
2025-08-01 10:33:16 AM,889.95,225,200238.75,54582005.050000004
2025-08-01 10:33:19 AM,889.5,100,88950.0,54670955.050000004
2025-08-01 10:33:42 AM,889.1,0,0.0,54670955.050000004
2025-08-01 10:33:44 AM,889.1,20,17782.0,54688737.050000004
2025-08-01 10:34:03 AM,889.25,1,889.25,54689626.300000004
2025-08-01 10:34:06 AM,889.9,0,0.0,54689626.300000004
2025-08-01 10:34:07 AM,889.9,1,889.9,54690516.2
2025-08-01 10:34:08 AM,889.95,0,0.0,54690516.2
2025-08-01 10:34:09 AM,889.95,5,4449.75,54694965.95
2025-08-01 10:34:25 AM,889.95,5,4449.75,54699415.7
2025-08-01 10:34:52 AM,889.95,10,8899.5,54708315.2
2025-08-01 10:35:00 AM,889.95,40,35598.0,54743913.2
2025-08-01 10:35:54 AM,889.95,1,889.95,54744803.150000006
2025-08-01 10:36:05 AM,889.95,1,889.95,54745693.10000001
2025-08-01 10:36:16 AM,889.95,25,22248.75,54767941.85000001
2025-08-01 10:36:25 AM,889.95,49,43607.55,54811549.400000006
2025-08-01 10:36:31 AM,889.15,0,0.0,54811549.400000006
2025-08-01 10:36:33 AM,889.15,25,22228.75,54833778.150000006
2025-08-01 10:36:37 AM,889.95,0,0.0,54833778.150000006
2025-08-01 10:36:38 AM,889.95,50,44497.5,54878275.650000006
2025-08-01 10:37:01 AM,889.95,5,4449.75,54882725.400000006
2025-08-01 10:37:17 AM,889.95,10,8899.5,54891624.900000006
2025-08-01 10:37:58 AM,889.95,3,2669.8500000000004,54894294.75000001
2025-08-01 10:38:17 AM,889.95,10,8899.5,54903194.25000001
2025-08-01 10:38:23 AM,890.0,0,0.0,54903194.25000001
2025-08-01 10:38:23 AM,890.0,29,25810.0,54929004.25000001
2025-08-01 10:38:25 AM,889.75,0,0.0,54929004.25000001
2025-08-01 10:38:26 AM,889.75,4,3559.0,54932563.25000001
2025-08-01 10:38:44 AM,889.75,1,889.75,54933453.00000001
2025-08-01 10:38:57 AM,890.0,0,0.0,54933453.00000001
2025-08-01 10:38:58 AM,890.0,1,890.0,54934343.00000001
2025-08-01 10:39:20 AM,889.5,0,0.0,54934343.00000001
2025-08-01 10:39:20 AM,889.5,42,37359.0,54971702.00000001
2025-08-01 10:39:23 AM,889.9,104,92549.59999999999,55064251.60000001
2025-08-01 10:39:40 AM,889.9,1,889.9,55065141.50000001
2025-08-01 10:39:45 AM,889.9,2,1779.8,55066921.300000004
2025-08-01 10:40:04 AM,889.9,35,31146.5,55098067.800000004
2025-08-01 10:40:47 AM,889.85,0,0.0,55098067.800000004
2025-08-01 10:40:49 AM,889.85,1,889.85,55098957.650000006
2025-08-01 10:40:57 AM,889.85,1,889.85,55099847.50000001
2025-08-01 10:41:09 AM,889.85,8,7118.8,55106966.300000004
2025-08-01 10:42:10 AM,889.85,1,889.85,55107856.150000006
2025-08-01 10:42:28 AM,889.85,40,35594.0,55143450.150000006
2025-08-01 10:42:34 AM,889.85,78,69408.3,55212858.45
2025-08-01 10:42:39 AM,889.35,0,0.0,55212858.45
2025-08-01 10:42:40 AM,889.35,3,2668.05,55215526.5
2025-08-01 10:43:07 AM,889.35,2,1778.7,55217305.2
2025-08-01 10:43:26 AM,889.85,0,0.0,55217305.2
2025-08-01 10:43:27 AM,889.85,6,5339.1,55222644.300000004
2025-08-01 10:44:20 AM,889.3,100,88930.0,55311574.300000004
2025-08-01 10:44:52 AM,889.5,25,22237.5,55333811.800000004
2025-08-01 10:44:57 AM,889.5,5,4447.5,55338259.300000004
2025-08-01 10:45:35 AM,889.3,0,0.0,55338259.300000004
2025-08-01 10:45:36 AM,889.3,19,16896.7,55355156.00000001
2025-08-01 10:45:47 AM,889.5,0,0.0,55355156.00000001
2025-08-01 10:45:52 AM,889.5,87,77386.5,55432542.50000001
2025-08-01 10:46:20 AM,889.45,0,0.0,55432542.50000001
2025-08-01 10:46:20 AM,889.3,4,3557.2,55436099.70000001
2025-08-01 10:46:38 AM,889.5,0,0.0,55436099.70000001
2025-08-01 10:46:39 AM,889.5,14,12453.0,55448552.70000001
2025-08-01 10:47:05 AM,889.5,10,8895.0,55457447.70000001
2025-08-01 10:47:21 AM,889.5,10,8895.0,55466342.70000001
2025-08-01 10:47:28 AM,889.5,1,889.5,55467232.20000001
2025-08-01 10:48:04 AM,889.5,10,8895.0,55476127.20000001
2025-08-01 10:48:09 AM,889.3,1,889.3,55477016.50000001
2025-08-01 10:48:27 AM,889.5,0,0.0,55477016.50000001
2025-08-01 10:48:28 AM,889.5,2,1779.0,55478795.50000001
2025-08-01 10:48:42 AM,889.5,5,4447.5,55483243.00000001
2025-08-01 10:48:59 AM,889.3,0,0.0,55483243.00000001
2025-08-01 10:49:00 AM,889.3,14,12450.199999999999,55495693.20000001
2025-08-01 10:49:24 AM,889.45,0,0.0,55495693.20000001
2025-08-01 10:49:25 AM,889.45,25,22236.25,55517929.45000001
2025-08-01 10:49:47 AM,889.45,5,4447.25,55522376.70000001
2025-08-01 10:50:03 AM,889.3,0,0.0,55522376.70000001
2025-08-01 10:50:03 AM,889.3,37,32904.1,55555280.80000001
2025-08-01 10:50:18 AM,888.35,0,0.0,55555280.80000001
2025-08-01 10:50:20 AM,888.35,283,251403.05000000002,55806683.85000001
2025-08-01 10:50:31 AM,888.95,50,44447.5,55851131.35000001
2025-08-01 10:50:33 AM,888.35,0,0.0,55851131.35000001
2025-08-01 10:50:37 AM,888.35,11,9771.85,55860903.20000001
2025-08-01 10:50:44 AM,888.0,0,0.0,55860903.20000001
2025-08-01 10:50:48 AM,888.0,89,79032.0,55939935.20000001
2025-08-01 10:50:58 AM,887.5,0,0.0,55939935.20000001
2025-08-01 10:51:00 AM,887.5,1001,888387.5,56828322.70000001
2025-08-01 10:51:05 AM,887.7,0,0.0,56828322.70000001
2025-08-01 10:51:05 AM,887.7,10,8877.0,56837199.70000001
2025-08-01 10:51:10 AM,887.65,0,0.0,56837199.70000001
2025-08-01 10:51:11 AM,887.65,5,4438.25,56841637.95000001
2025-08-01 10:51:30 AM,888.3,0,0.0,56841637.95000001
2025-08-01 10:51:32 AM,888.85,0,0.0,56841637.95000001
2025-08-01 10:51:32 AM,888.85,275,244433.75,57086071.70000001
2025-08-01 10:51:42 AM,889.0,0,0.0,57086071.70000001
2025-08-01 10:51:44 AM,889.0,24,21336.0,57107407.70000001
2025-08-01 10:52:27 AM,889.0,4,3556.0,57110963.70000001
2025-08-01 10:52:37 AM,888.35,40,35534.0,57146497.70000001
2025-08-01 10:53:14 AM,889.0,0,0.0,57146497.70000001
2025-08-01 10:53:14 AM,889.0,1,889.0,57147386.70000001
2025-08-01 10:53:25 AM,889.0,2,1778.0,57149164.70000001
2025-08-01 10:53:52 AM,889.0,12,10668.0,57159832.70000001
2025-08-01 10:54:00 AM,888.4,0,0.0,57159832.70000001
2025-08-01 10:54:00 AM,888.85,0,0.0,57159832.70000001
2025-08-01 10:54:02 AM,888.85,5,4444.25,57164276.95000001
2025-08-01 10:54:03 AM,888.85,15,13332.75,57177609.70000001
2025-08-01 10:54:28 AM,889.0,0,0.0,57177609.70000001
2025-08-01 10:54:29 AM,889.0,10,8890.0,57186499.70000001
2025-08-01 10:54:35 AM,889.0,50,44450.0,57230949.70000001
2025-08-01 10:55:50 AM,889.0,112,99568.0,57330517.70000001
2025-08-01 10:55:55 AM,889.0,3,2667.0,57333184.70000001
2025-08-01 10:55:56 AM,889.1,0,0.0,57333184.70000001
2025-08-01 10:55:56 AM,889.1,5,4445.5,57337630.20000001
2025-08-01 10:56:54 AM,889.0,0,0.0,57337630.20000001
2025-08-01 10:56:54 AM,889.0,10,8890.0,57346520.20000001
2025-08-01 10:57:08 AM,889.0,10,8890.0,57355410.20000001
2025-08-01 10:57:22 AM,888.55,0,0.0,57355410.20000001
2025-08-01 10:57:24 AM,888.55,3,2665.6499999999996,57358075.85000001
2025-08-01 10:57:26 AM,888.95,0,0.0,57358075.85000001
2025-08-01 10:57:29 AM,888.95,8,7111.6,57365187.45000001
2025-08-01 10:58:10 AM,889.0,0,0.0,57365187.45000001
2025-08-01 10:58:12 AM,889.0,50,44450.0,57409637.45000001
2025-08-01 10:59:01 AM,889.0,1,889.0,57410526.45000001
2025-08-01 10:59:01 AM,889.0,17,15113.0,57425639.45000001
2025-08-01 10:59:06 AM,889.0,1,889.0,57426528.45000001
2025-08-01 10:59:21 AM,889.0,50,44450.0,57470978.45000001
2025-08-01 10:59:26 AM,889.0,8,7112.0,57478090.45000001
2025-08-01 10:59:31 AM,889.0,1,889.0,57478979.45000001
2025-08-01 10:59:42 AM,888.5,0,0.0,57478979.45000001
2025-08-01 10:59:42 AM,888.5,9,7996.5,57486975.95000001
2025-08-01 11:00:21 AM,889.35,0,0.0,57486975.95000001
2025-08-01 11:00:22 AM,889.35,15,13340.25,57500316.20000001
2025-08-01 11:00:25 AM,889.95,0,0.0,57500316.20000001
2025-08-01 11:00:27 AM,889.95,212,188669.40000000002,57688985.60000001
2025-08-01 11:01:13 AM,889.9,0,0.0,57688985.60000001
2025-08-01 11:01:15 AM,889.9,3,2669.7,57691655.30000001
2025-08-01 11:01:20 AM,889.9,5,4449.5,57696104.80000001
2025-08-01 11:01:31 AM,890.05,20,17801.0,57713905.80000001
2025-08-01 11:01:33 AM,890.35,0,0.0,57713905.80000001
2025-08-01 11:01:36 AM,890.35,55,48969.25,57762875.05000001
2025-08-01 11:01:55 AM,889.4,0,0.0,57762875.05000001
2025-08-01 11:01:56 AM,889.4,8,7115.2,57769990.250000015
2025-08-01 11:02:33 AM,890.3,0,0.0,57769990.250000015
2025-08-01 11:02:35 AM,890.3,8,7122.4,57777112.65000001
2025-08-01 11:03:05 AM,890.2,0,0.0,57777112.65000001
2025-08-01 11:03:06 AM,890.2,1,890.2,57778002.85000002
2025-08-01 11:03:11 AM,890.2,9,8011.8,57786014.65000001
2025-08-01 11:03:26 AM,890.3,1,890.3,57786904.95000001
2025-08-01 11:03:45 AM,890.25,0,0.0,57786904.95000001
2025-08-01 11:03:48 AM,890.25,5,4451.25,57791356.20000001
2025-08-01 11:04:21 AM,890.3,0,0.0,57791356.20000001
2025-08-01 11:04:21 AM,890.3,3,2670.8999999999996,57794027.10000001
2025-08-01 11:04:29 AM,890.3,7,6232.099999999999,57800259.20000001
2025-08-01 11:04:54 AM,890.05,0,0.0,57800259.20000001
2025-08-01 11:04:55 AM,890.05,5,4450.25,57804709.45000001
2025-08-01 11:05:06 AM,890.05,2,1780.1,57806489.55000001
2025-08-01 11:05:12 AM,890.05,5,4450.25,57810939.80000001
2025-08-01 11:05:34 AM,890.0,0,0.0,57810939.80000001
2025-08-01 11:05:34 AM,890.0,101,89890.0,57900829.80000001
2025-08-01 11:05:54 AM,889.75,0,0.0,57900829.80000001
2025-08-01 11:05:55 AM,889.75,2,1779.5,57902609.30000001
2025-08-01 11:05:56 AM,889.95,11,9789.45,57912398.750000015
2025-08-01 11:06:23 AM,889.9,1,889.9,57913288.65000001
2025-08-01 11:06:25 AM,889.95,0,0.0,57913288.65000001
2025-08-01 11:06:28 AM,889.95,1,889.95,57914178.60000002
2025-08-01 11:06:40 AM,890.05,0,0.0,57914178.60000002
2025-08-01 11:06:41 AM,890.05,120,106806.0,58020984.60000002
2025-08-01 11:06:54 AM,890.05,1,890.05,58021874.65000001
2025-08-01 11:07:08 AM,890.05,2,1780.1,58023654.750000015
2025-08-01 11:07:19 AM,890.05,1,890.05,58024544.80000001
2025-08-01 11:07:42 AM,889.95,1,889.95,58025434.750000015
2025-08-01 11:08:13 AM,889.9,0,0.0,58025434.750000015
2025-08-01 11:08:13 AM,889.9,6,5339.4,58030774.15000001
2025-08-01 11:08:23 AM,889.55,0,0.0,58030774.15000001
2025-08-01 11:08:23 AM,889.55,129,114751.95,58145526.10000002
2025-08-01 11:08:25 AM,889.35,0,0.0,58145526.10000002
2025-08-01 11:08:25 AM,889.35,11,9782.85,58155308.95000002
2025-08-01 11:08:44 AM,889.4,1,889.4,58156198.35000002
2025-08-01 11:09:22 AM,889.0,0,0.0,58156198.35000002
2025-08-01 11:09:24 AM,889.0,27,24003.0,58180201.35000002
2025-08-01 11:09:28 AM,888.9,0,0.0,58180201.35000002
2025-08-01 11:09:29 AM,888.9,2,1777.8,58181979.15000001
2025-08-01 11:09:48 AM,888.5,0,0.0,58181979.15000001
2025-08-01 11:09:51 AM,888.5,12,10662.0,58192641.15000001
2025-08-01 11:10:12 AM,888.85,0,0.0,58192641.15000001
2025-08-01 11:10:12 AM,888.85,20,17777.0,58210418.15000001
2025-08-01 11:10:40 AM,888.1,0,0.0,58210418.15000001
2025-08-01 11:10:40 AM,888.1,25,22202.5,58232620.65000001
2025-08-01 11:11:00 AM,888.0,0,0.0,58232620.65000001
2025-08-01 11:11:01 AM,888.3,10,8883.0,58241503.65000001
2025-08-01 11:11:07 AM,888.3,1,888.3,58242391.95000001
2025-08-01 11:11:12 AM,888.3,10,8883.0,58251274.95000001
2025-08-01 11:11:34 AM,888.3,8,7106.4,58258381.35000001
2025-08-01 11:11:48 AM,888.1,0,0.0,58258381.35000001
2025-08-01 11:11:50 AM,888.1,30,26643.0,58285024.35000001
2025-08-01 11:11:54 AM,888.0,0,0.0,58285024.35000001
2025-08-01 11:11:55 AM,888.0,194,172272.0,58457296.35000001
2025-08-01 11:12:06 AM,888.0,5,4440.0,58461736.35000001
2025-08-01 11:12:14 AM,887.6,0,0.0,58461736.35000001
2025-08-01 11:12:16 AM,888.3,19,16877.7,58478614.05000001
2025-08-01 11:12:26 AM,888.05,0,0.0,58478614.05000001
2025-08-01 11:12:27 AM,888.05,3,2664.1499999999996,58481278.20000001
2025-08-01 11:12:52 AM,888.3,0,0.0,58481278.20000001
2025-08-01 11:12:53 AM,888.3,2,1776.6,58483054.80000001
2025-08-01 11:13:15 AM,888.3,20,17766.0,58500820.80000001
2025-08-01 11:13:21 AM,888.05,20,17761.0,58518581.80000001
2025-08-01 11:13:47 AM,888.05,4,3552.2,58522134.000000015
2025-08-01 11:14:16 AM,888.05,45,39962.25,58562096.250000015
2025-08-01 11:14:39 AM,888.3,0,0.0,58562096.250000015
2025-08-01 11:14:41 AM,888.3,5,4441.5,58566537.750000015
2025-08-01 11:15:09 AM,888.3,5,4441.5,58570979.250000015
2025-08-01 11:15:57 AM,888.55,0,0.0,58570979.250000015
2025-08-01 11:16:01 AM,888.55,52,46204.6,58617183.85000002
2025-08-01 11:17:06 AM,888.6,18,15994.800000000001,58633178.65000001
2025-08-01 11:17:31 AM,888.6,3,2665.8,58635844.45000001
2025-08-01 11:18:11 AM,889.05,0,0.0,58635844.45000001
2025-08-01 11:18:14 AM,889.05,29,25782.449999999997,58661626.90000001
2025-08-01 11:18:35 AM,889.0,0,0.0,58661626.90000001
2025-08-01 11:18:36 AM,889.0,5,4445.0,58666071.90000001
2025-08-01 11:18:43 AM,889.0,1,889.0,58666960.90000001
2025-08-01 11:18:54 AM,889.0,1,889.0,58667849.90000001
2025-08-01 11:19:17 AM,889.0,1,889.0,58668738.90000001
2025-08-01 11:19:22 AM,889.0,10,8890.0,58677628.90000001
2025-08-01 11:19:52 AM,888.5,0,0.0,58677628.90000001
2025-08-01 11:19:54 AM,888.5,534,474459.0,59152087.90000001
2025-08-01 11:20:00 AM,888.5,1,888.5,59152976.40000001
2025-08-01 11:20:37 AM,888.55,8,7108.4,59160084.80000001
2025-08-01 11:20:54 AM,888.05,0,0.0,59160084.80000001
2025-08-01 11:20:57 AM,888.05,20,17761.0,59177845.80000001
2025-08-01 11:21:11 AM,888.55,0,0.0,59177845.80000001
2025-08-01 11:21:13 AM,888.55,10,8885.5,59186731.30000001
2025-08-01 11:21:40 AM,888.5,0,0.0,59186731.30000001
2025-08-01 11:21:40 AM,888.5,22,19547.0,59206278.30000001
2025-08-01 11:21:51 AM,888.4,0,0.0,59206278.30000001
2025-08-01 11:21:54 AM,888.4,40,35536.0,59241814.30000001
2025-08-01 11:22:05 AM,888.5,8,7108.0,59248922.30000001
2025-08-01 11:22:16 AM,888.5,20,17770.0,59266692.30000001
2025-08-01 11:22:56 AM,888.05,0,0.0,59266692.30000001
2025-08-01 11:22:58 AM,888.05,8,7104.4,59273796.70000001
2025-08-01 11:23:05 AM,888.5,0,0.0,59273796.70000001
2025-08-01 11:23:08 AM,888.5,1,888.5,59274685.20000001
2025-08-01 11:23:25 AM,888.5,1,888.5,59275573.70000001
2025-08-01 11:23:30 AM,888.5,5,4442.5,59280016.20000001
2025-08-01 11:23:40 AM,888.5,1,888.5,59280904.70000001
2025-08-01 11:24:32 AM,888.5,1,888.5,59281793.20000001
2025-08-01 11:24:47 AM,888.5,17,15104.5,59296897.70000001
2025-08-01 11:24:52 AM,888.5,2,1777.0,59298674.70000001
2025-08-01 11:25:14 AM,888.5,2,1777.0,59300451.70000001
2025-08-01 11:25:19 AM,888.5,2,1777.0,59302228.70000001
2025-08-01 11:25:24 AM,888.5,10,8885.0,59311113.70000001
2025-08-01 11:25:35 AM,888.5,3,2665.5,59313779.20000001
2025-08-01 11:26:05 AM,888.5,10,8885.0,59322664.20000001
2025-08-01 11:26:17 AM,888.6,0,0.0,59322664.20000001
2025-08-01 11:26:21 AM,888.6,66,58647.6,59381311.80000001
2025-08-01 11:26:22 AM,888.5,30,26655.0,59407966.80000001
2025-08-01 11:26:26 AM,888.5,1,888.5,59408855.30000001
2025-08-01 11:27:18 AM,888.5,1,888.5,59409743.80000001
2025-08-01 11:27:36 AM,888.6,0,0.0,59409743.80000001
2025-08-01 11:27:37 AM,888.6,25,22215.0,59431958.80000001
2025-08-01 11:28:13 AM,888.6,21,18660.600000000002,59450619.40000001
2025-08-01 11:28:24 AM,888.6,10,8886.0,59459505.40000001
2025-08-01 11:28:29 AM,888.6,4,3554.4,59463059.80000001
2025-08-01 11:28:36 AM,888.6,10,8886.0,59471945.80000001
2025-08-01 11:28:46 AM,888.2,3,2664.6000000000004,59474610.40000001
2025-08-01 11:28:59 AM,888.6,0,0.0,59474610.40000001
2025-08-01 11:28:59 AM,888.6,1,888.6,59475499.000000015
2025-08-01 11:29:06 AM,888.6,1,888.6,59476387.60000002
2025-08-01 11:29:12 AM,888.6,1,888.6,59477276.20000002
2025-08-01 11:29:15 AM,888.6,1,888.6,59478164.80000002
2025-08-01 11:29:44 AM,888.6,1,888.6,59479053.40000002
2025-08-01 11:29:47 AM,888.6,3,2665.8,59481719.20000002
2025-08-01 11:30:40 AM,888.6,5,4443.0,59486162.20000002
2025-08-01 11:30:57 AM,888.6,10,8886.0,59495048.20000002
2025-08-01 11:30:59 AM,888.5,0,0.0,59495048.20000002
2025-08-01 11:31:00 AM,888.5,21,18658.5,59513706.70000002
2025-08-01 11:31:19 AM,888.6,0,0.0,59513706.70000002
2025-08-01 11:31:21 AM,888.6,1,888.6,59514595.30000002
2025-08-01 11:31:36 AM,888.6,5,4443.0,59519038.30000002
2025-08-01 11:32:01 AM,888.6,10,8886.0,59527924.30000002
2025-08-01 11:32:03 AM,888.6,5,4443.0,59532367.30000002
2025-08-01 11:32:20 AM,888.6,2,1777.2,59534144.50000002
2025-08-01 11:32:38 AM,888.6,2,1777.2,59535921.700000025
2025-08-01 11:32:40 AM,888.6,4,3554.4,59539476.100000024
2025-08-01 11:32:54 AM,888.6,1,888.6,59540364.700000025
2025-08-01 11:32:55 AM,888.6,1,888.6,59541253.30000003
2025-08-01 11:33:05 AM,888.6,12,10663.2,59551916.50000003
2025-08-01 11:33:37 AM,888.65,0,0.0,59551916.50000003
2025-08-01 11:33:40 AM,888.65,1,888.65,59552805.15000003
2025-08-01 11:33:56 AM,888.65,6,5331.9,59558137.05000003
2025-08-01 11:34:01 AM,888.65,7,6220.55,59564357.600000024
2025-08-01 11:34:04 AM,888.6,0,0.0,59564357.600000024
2025-08-01 11:34:06 AM,888.6,2,1777.2,59566134.80000003
2025-08-01 11:35:45 AM,888.7,2,1777.4,59567912.200000025
2025-08-01 11:35:52 AM,888.85,0,0.0,59567912.200000025
2025-08-01 11:35:55 AM,888.85,4,3555.4,59571467.600000024
2025-08-01 11:35:57 AM,888.6,0,0.0,59571467.600000024
2025-08-01 11:36:01 AM,888.6,25,22215.0,59593682.600000024
2025-08-01 11:37:21 AM,888.5,0,0.0,59593682.600000024
2025-08-01 11:37:24 AM,888.5,71,63083.5,59656766.100000024
2025-08-01 11:37:50 AM,888.85,0,0.0,59656766.100000024
2025-08-01 11:37:50 AM,888.85,2,1777.7,59658543.80000003
2025-08-01 11:38:28 AM,888.5,0,0.0,59658543.80000003
2025-08-01 11:38:30 AM,888.5,1,888.5,59659432.30000003
2025-08-01 11:38:40 AM,889.0,0,0.0,59659432.30000003
2025-08-01 11:38:40 AM,889.0,150,133350.0,59792782.30000003
2025-08-01 11:38:41 AM,888.85,0,0.0,59792782.30000003
2025-08-01 11:38:41 AM,888.85,25,22221.25,59815003.55000003
2025-08-01 11:38:51 AM,888.85,1,888.85,59815892.40000003
2025-08-01 11:39:17 AM,888.95,0,0.0,59815892.40000003
2025-08-01 11:39:21 AM,888.95,5,4444.75,59820337.15000003
2025-08-01 11:39:29 AM,888.9,0,0.0,59820337.15000003
2025-08-01 11:39:31 AM,888.9,10,8889.0,59829226.15000003
2025-08-01 11:39:32 AM,888.5,9,7996.5,59837222.65000003
2025-08-01 11:39:35 AM,888.3,0,0.0,59837222.65000003
2025-08-01 11:39:36 AM,888.3,5,4441.5,59841664.15000003
2025-08-01 11:40:39 AM,888.3,40,35532.0,59877196.15000003
2025-08-01 11:40:59 AM,888.65,30,26659.5,59903855.65000003
2025-08-01 11:41:47 AM,888.7,0,0.0,59903855.65000003
2025-08-01 11:41:49 AM,889.0,0,0.0,59903855.65000003
2025-08-01 11:41:50 AM,889.0,1623,1442847.0,61346702.65000003
2025-08-01 11:41:55 AM,889.0,3,2667.0,61349369.65000003
2025-08-01 11:42:03 AM,889.2,0,0.0,61349369.65000003
2025-08-01 11:42:05 AM,889.2,1,889.2,61350258.85000003
2025-08-01 11:42:15 AM,889.2,1,889.2,61351148.050000034
2025-08-01 11:42:30 AM,889.2,1,889.2,61352037.25000004
2025-08-01 11:42:41 AM,889.2,54,48016.8,61400054.050000034
2025-08-01 11:42:52 AM,889.2,10,8892.0,61408946.050000034
2025-08-01 11:43:40 AM,889.2,1,889.2,61409835.25000004
2025-08-01 11:43:45 AM,889.2,7,6224.400000000001,61416059.650000036
2025-08-01 11:44:03 AM,889.0,0,0.0,61416059.650000036
2025-08-01 11:44:06 AM,889.0,301,267589.0,61683648.650000036
2025-08-01 11:44:33 AM,888.95,0,0.0,61683648.650000036
2025-08-01 11:44:35 AM,888.95,5,4444.75,61688093.400000036
2025-08-01 11:45:08 AM,888.95,11,9778.45,61697871.85000004
2025-08-01 11:45:21 AM,887.9,0,0.0,61697871.85000004
2025-08-01 11:45:24 AM,887.9,120,106548.0,61804419.85000004
2025-08-01 11:45:42 AM,887.6,0,0.0,61804419.85000004
2025-08-01 11:45:45 AM,887.6,80,71008.0,61875427.85000004
2025-08-01 11:45:54 AM,888.65,0,0.0,61875427.85000004
2025-08-01 11:45:56 AM,888.65,2,1777.3,61877205.150000036
2025-08-01 11:46:08 AM,887.8,0,0.0,61877205.150000036
2025-08-01 11:46:12 AM,887.8,2,1775.6,61878980.75000004
2025-08-01 11:46:15 AM,887.45,0,0.0,61878980.75000004
2025-08-01 11:46:17 AM,887.45,45,39935.25,61918916.00000004
2025-08-01 11:46:51 AM,887.05,0,0.0,61918916.00000004
2025-08-01 11:46:54 AM,887.05,200,177410.0,62096326.00000004
2025-08-01 11:47:05 AM,888.2,0,0.0,62096326.00000004
2025-08-01 11:47:05 AM,888.2,1,888.2,62097214.20000004
2025-08-01 11:47:53 AM,888.3,0,0.0,62097214.20000004
2025-08-01 11:47:56 AM,888.3,11,9771.3,62106985.50000004
2025-08-01 11:47:58 AM,888.2,0,0.0,62106985.50000004
2025-08-01 11:48:01 AM,888.2,1,888.2,62107873.70000004
2025-08-01 11:48:06 AM,888.15,0,0.0,62107873.70000004
2025-08-01 11:48:06 AM,888.15,1,888.15,62108761.85000004
2025-08-01 11:48:21 AM,888.15,7,6217.05,62114978.900000036
2025-08-01 11:48:36 AM,888.2,20,17764.0,62132742.900000036
2025-08-01 11:48:51 AM,888.1,5,4440.5,62137183.400000036
2025-08-01 11:48:53 AM,887.2,0,0.0,62137183.400000036
2025-08-01 11:48:56 AM,887.2,1,887.2,62138070.60000004
2025-08-01 11:48:58 AM,887.1,0,0.0,62138070.60000004
2025-08-01 11:49:01 AM,887.1,2,1774.2,62139844.80000004
2025-08-01 11:49:17 AM,887.15,0,0.0,62139844.80000004
2025-08-01 11:49:17 AM,887.15,20,17743.0,62157587.80000004
2025-08-01 11:49:25 AM,887.95,0,0.0,62157587.80000004
2025-08-01 11:49:27 AM,887.2,0,0.0,62157587.80000004
2025-08-01 11:49:28 AM,887.2,37,32826.4,62190414.20000004
2025-08-01 11:50:33 AM,887.95,0,0.0,62190414.20000004
2025-08-01 11:50:35 AM,887.95,2,1775.9,62192190.10000004
2025-08-01 11:51:02 AM,887.25,0,0.0,62192190.10000004
2025-08-01 11:51:04 AM,887.25,20,17745.0,62209935.10000004
2025-08-01 11:51:34 AM,887.25,14,12421.5,62222356.60000004
2025-08-01 11:52:20 AM,887.2,0,0.0,62222356.60000004
2025-08-01 11:52:20 AM,887.2,93,82509.6,62304866.20000004
2025-08-01 11:52:34 AM,887.2,5,4436.0,62309302.20000004
2025-08-01 11:53:29 AM,887.9,0,0.0,62309302.20000004
2025-08-01 11:53:31 AM,887.9,5,4439.5,62313741.70000004
2025-08-01 11:53:33 AM,887.95,0,0.0,62313741.70000004
2025-08-01 11:53:35 AM,887.95,1,887.95,62314629.65000004
2025-08-01 11:54:42 AM,887.95,1,887.95,62315517.600000046
2025-08-01 11:54:57 AM,887.95,3,2663.8500000000004,62318181.45000005
2025-08-01 11:55:13 AM,887.5,1,887.5,62319068.95000005
2025-08-01 11:55:16 AM,887.95,0,0.0,62319068.95000005
2025-08-01 11:55:17 AM,887.95,3,2663.8500000000004,62321732.80000005
2025-08-01 11:55:20 AM,887.5,0,0.0,62321732.80000005
2025-08-01 11:55:21 AM,887.95,0,0.0,62321732.80000005
2025-08-01 11:55:22 AM,887.95,28,24862.600000000002,62346595.40000005
2025-08-01 11:55:46 AM,887.85,0,0.0,62346595.40000005
2025-08-01 11:55:47 AM,887.85,1,887.85,62347483.25000005
2025-08-01 11:55:56 AM,887.95,0,0.0,62347483.25000005
2025-08-01 11:55:56 AM,887.95,1,887.95,62348371.200000055
2025-08-01 11:56:06 AM,887.2,0,0.0,62348371.200000055
2025-08-01 11:56:07 AM,887.2,30,26616.0,62374987.200000055
2025-08-01 11:56:55 AM,887.95,0,0.0,62374987.200000055
2025-08-01 11:56:58 AM,887.95,2,1775.9,62376763.10000005
2025-08-01 11:57:49 AM,887.25,0,0.0,62376763.10000005
2025-08-01 11:57:49 AM,887.25,1030,913867.5,63290630.60000005
2025-08-01 11:58:51 AM,887.25,2,1774.5,63292405.10000005
2025-08-01 11:59:07 AM,887.25,1,887.25,63293292.35000005
2025-08-01 11:59:22 AM,887.25,200,177450.0,63470742.35000005
2025-08-01 12:00:59 PM,887.25,15,13308.75,63484051.10000005
2025-08-01 12:01:30 PM,887.7,0,0.0,63484051.10000005
2025-08-01 12:01:30 PM,887.7,25,22192.5,63506243.60000005
2025-08-01 12:01:40 PM,887.7,1,887.7,63507131.30000006
2025-08-01 12:02:03 PM,887.7,2,1775.4,63508906.700000055
2025-08-01 12:02:16 PM,887.7,4,3550.8,63512457.50000005
2025-08-01 12:02:29 PM,887.25,0,0.0,63512457.50000005
2025-08-01 12:02:31 PM,887.25,16,14196.0,63526653.50000005
2025-08-01 12:02:46 PM,887.25,2,1774.5,63528428.00000005
2025-08-01 12:03:23 PM,887.7,2,1775.4,63530203.40000005
2025-08-01 12:04:26 PM,887.7,25,22192.5,63552395.90000005
2025-08-01 12:05:09 PM,887.7,3,2663.1000000000004,63555059.00000005
2025-08-01 12:05:12 PM,887.7,10,8877.0,63563936.00000005
2025-08-01 12:05:42 PM,887.7,5,4438.5,63568374.50000005
2025-08-01 12:06:46 PM,887.7,10,8877.0,63577251.50000005
2025-08-01 12:07:01 PM,887.7,5,4438.5,63581690.00000005
2025-08-01 12:07:11 PM,887.7,25,22192.5,63603882.50000005
2025-08-01 12:07:31 PM,887.7,1,887.7,63604770.200000055
2025-08-01 12:08:07 PM,887.7,5,4438.5,63609208.700000055
2025-08-01 12:08:37 PM,887.7,15,13315.5,63622524.200000055
2025-08-01 12:08:37 PM,887.7,2,1775.4,63624299.60000005
2025-08-01 12:08:47 PM,887.7,159,141144.30000000002,63765443.90000005
2025-08-01 12:09:21 PM,887.7,1,887.7,63766331.60000005
2025-08-01 12:09:41 PM,887.7,10,8877.0,63775208.60000005
2025-08-01 12:10:07 PM,887.7,10,8877.0,63784085.60000005
2025-08-01 12:10:12 PM,887.35,0,0.0,63784085.60000005
2025-08-01 12:10:12 PM,887.35,5,4436.75,63788522.35000005
2025-08-01 12:10:34 PM,887.65,0,0.0,63788522.35000005
2025-08-01 12:10:37 PM,887.65,1,887.65,63789410.00000005
2025-08-01 12:10:56 PM,887.65,3,2662.95,63792072.950000055
2025-08-01 12:11:10 PM,887.7,0,0.0,63792072.950000055
2025-08-01 12:11:11 PM,887.7,2,1775.4,63793848.35000005
2025-08-01 12:11:46 PM,887.7,2,1775.4,63795623.75000005
2025-08-01 12:12:15 PM,887.7,1,887.7,63796511.450000055
2025-08-01 12:12:20 PM,887.7,15,13315.5,63809826.950000055
2025-08-01 12:12:45 PM,887.7,2,1775.4,63811602.35000005
2025-08-01 12:12:51 PM,887.7,2,1775.4,63813377.75000005
2025-08-01 12:13:01 PM,887.7,30,26631.0,63840008.75000005
2025-08-01 12:13:47 PM,887.7,10,8877.0,63848885.75000005
2025-08-01 12:14:06 PM,887.65,0,0.0,63848885.75000005
2025-08-01 12:14:06 PM,887.65,100,88765.0,63937650.75000005
2025-08-01 12:14:35 PM,887.7,1,887.7,63938538.450000055
2025-08-01 12:15:26 PM,887.7,4,3550.8,63942089.25000005
2025-08-01 12:15:32 PM,887.7,1,887.7,63942976.950000055
2025-08-01 12:16:22 PM,887.7,2,1775.4,63944752.35000005
2025-08-01 12:16:26 PM,887.75,0,0.0,63944752.35000005
2025-08-01 12:16:27 PM,887.75,85,75458.75,64020211.10000005
2025-08-01 12:16:46 PM,887.7,3,2663.1000000000004,64022874.200000055
2025-08-01 12:17:18 PM,887.8,0,0.0,64022874.200000055
2025-08-01 12:17:20 PM,887.8,1,887.8,64023762.00000005
2025-08-01 12:17:59 PM,887.65,160,142024.0,64165786.00000005
2025-08-01 12:18:08 PM,887.75,0,0.0,64165786.00000005
2025-08-01 12:18:09 PM,887.75,1,887.75,64166673.75000005
2025-08-01 12:18:12 PM,887.65,0,0.0,64166673.75000005
2025-08-01 12:18:14 PM,887.65,4,3550.6,64170224.35000005
2025-08-01 12:18:23 PM,887.65,51,45270.15,64215494.50000005
2025-08-01 12:18:43 PM,887.75,114,101203.5,64316698.00000005
2025-08-01 12:18:44 PM,888.0,0,0.0,64316698.00000005
2025-08-01 12:18:48 PM,888.0,157,139416.0,64456114.00000005
2025-08-01 12:19:49 PM,888.5,0,0.0,64456114.00000005
2025-08-01 12:19:54 PM,888.5,11,9773.5,64465887.50000005
2025-08-01 12:20:35 PM,888.9,0,0.0,64465887.50000005
2025-08-01 12:20:36 PM,888.9,10,8889.0,64474776.50000005
2025-08-01 12:21:06 PM,888.9,1,888.9,64475665.40000005
2025-08-01 12:21:59 PM,888.9,1,888.9,64476554.30000005
2025-08-01 12:22:40 PM,888.5,0,0.0,64476554.30000005
2025-08-01 12:22:41 PM,888.5,1,888.5,64477442.80000005
2025-08-01 12:23:03 PM,889.0,0,0.0,64477442.80000005
2025-08-01 12:23:06 PM,889.0,5,4445.0,64481887.80000005
2025-08-01 12:23:13 PM,888.5,0,0.0,64481887.80000005
2025-08-01 12:23:16 PM,888.5,59,52421.5,64534309.30000005
2025-08-01 12:23:35 PM,888.2,2,1776.4,64536085.70000005
2025-08-01 12:24:49 PM,888.2,5,4441.0,64540526.70000005
2025-08-01 12:25:08 PM,887.5,0,0.0,64540526.70000005
2025-08-01 12:25:09 PM,887.5,79,70112.5,64610639.20000005
2025-08-01 12:25:37 PM,888.15,0,0.0,64610639.20000005
2025-08-01 12:25:40 PM,888.15,54,47960.1,64658599.30000005
2025-08-01 12:25:54 PM,888.2,0,0.0,64658599.30000005
2025-08-01 12:25:55 PM,888.2,2,1776.4,64660375.70000005
2025-08-01 12:26:10 PM,888.2,2,1776.4,64662152.100000046
2025-08-01 12:26:20 PM,888.2,20,17764.0,64679916.100000046
2025-08-01 12:26:40 PM,888.2,20,17764.0,64697680.100000046
2025-08-01 12:27:06 PM,888.2,10,8882.0,64706562.100000046
2025-08-01 12:28:08 PM,888.75,0,0.0,64706562.100000046
2025-08-01 12:28:10 PM,888.75,44,39105.0,64745667.100000046
2025-08-01 12:28:11 PM,888.2,11,9770.2,64755437.30000005
2025-08-01 12:29:04 PM,888.2,8,7105.6,64762542.90000005
2025-08-01 12:29:47 PM,888.2,1,888.2,64763431.10000005
2025-08-01 12:30:30 PM,888.5,20,17770.0,64781201.10000005
2025-08-01 12:31:54 PM,888.5,17,15104.5,64796305.60000005
2025-08-01 12:31:54 PM,888.2,0,0.0,64796305.60000005
2025-08-01 12:31:54 PM,888.2,25,22205.0,64818510.60000005
2025-08-01 12:32:02 PM,889.45,0,0.0,64818510.60000005
2025-08-01 12:32:04 PM,889.45,493,438498.85000000003,65257009.450000055
2025-08-01 12:32:46 PM,889.25,0,0.0,65257009.450000055
2025-08-01 12:32:50 PM,889.25,1,889.25,65257898.700000055
2025-08-01 12:32:55 PM,888.45,0,0.0,65257898.700000055
2025-08-01 12:32:55 PM,888.45,1,888.45,65258787.15000006
2025-08-01 12:33:16 PM,888.1,7,6216.7,65265003.85000006
2025-08-01 12:34:11 PM,888.1,10,8881.0,65273884.85000006
2025-08-01 12:34:21 PM,888.1,5,4440.5,65278325.35000006
2025-08-01 12:35:26 PM,888.75,0,0.0,65278325.35000006
2025-08-01 12:35:27 PM,888.75,5,4443.75,65282769.10000006
2025-08-01 12:36:20 PM,888.75,2,1777.5,65284546.60000006
2025-08-01 12:38:15 PM,888.35,0,0.0,65284546.60000006
2025-08-01 12:38:16 PM,888.35,29,25762.15,65310308.75000006
2025-08-01 12:38:20 PM,888.65,0,0.0,65310308.75000006
2025-08-01 12:38:21 PM,888.65,25,22216.25,65332525.00000006
2025-08-01 12:38:29 PM,888.55,0,0.0,65332525.00000006
2025-08-01 12:38:30 PM,888.55,1,888.55,65333413.55000006
2025-08-01 12:38:34 PM,888.1,0,0.0,65333413.55000006
2025-08-01 12:38:35 PM,888.1,53,47069.3,65380482.85000005
2025-08-01 12:38:36 PM,888.55,0,0.0,65380482.85000005
2025-08-01 12:38:36 PM,888.55,2,1777.1,65382259.950000055
2025-08-01 12:38:50 PM,886.05,0,0.0,65382259.950000055
2025-08-01 12:38:51 PM,886.05,1355,1200597.75,66582857.700000055
2025-08-01 12:39:34 PM,886.35,1,886.35,66583744.05000006
2025-08-01 12:40:04 PM,886.9,13,11529.699999999999,66595273.75000006
2025-08-01 12:40:09 PM,886.9,1,886.9,66596160.65000006
2025-08-01 12:40:30 PM,886.0,893,791198.0,67387358.65000007
2025-08-01 12:40:48 PM,885.55,0,0.0,67387358.65000007
2025-08-01 12:40:51 PM,885.55,2,1771.1,67389129.75000006
2025-08-01 12:41:04 PM,886.3,0,0.0,67389129.75000006
2025-08-01 12:41:06 PM,886.35,0,0.0,67389129.75000006
2025-08-01 12:41:06 PM,886.35,43,38113.05,67427242.80000006
2025-08-01 12:41:17 PM,886.5,26,23049.0,67450291.80000006
2025-08-01 12:41:56 PM,885.0,0,0.0,67450291.80000006
2025-08-01 12:41:58 PM,885.0,807,714195.0,68164486.80000006
2025-08-01 12:43:15 PM,885.25,0,0.0,68164486.80000006
2025-08-01 12:43:17 PM,885.25,1,885.25,68165372.05000006
2025-08-01 12:43:23 PM,885.0,30,26550.0,68191922.05000006
2025-08-01 12:43:42 PM,885.5,0,0.0,68191922.05000006
2025-08-01 12:43:42 PM,885.0,0,0.0,68191922.05000006
2025-08-01 12:43:44 PM,885.0,16,14160.0,68206082.05000006
2025-08-01 12:44:17 PM,885.85,26,23032.100000000002,68229114.15000005
2025-08-01 12:44:48 PM,885.85,8,7086.8,68236200.95000005
2025-08-01 12:45:09 PM,885.85,10,8858.5,68245059.45000005
2025-08-01 12:45:54 PM,885.8,0,0.0,68245059.45000005
2025-08-01 12:45:56 PM,885.8,23,20373.399999999998,68265432.85000005
2025-08-01 12:46:00 PM,885.8,14,12401.199999999999,68277834.05000006
2025-08-01 12:46:01 PM,885.8,10,8858.0,68286692.05000006
2025-08-01 12:46:20 PM,885.8,26,23030.8,68309722.85000005
2025-08-01 12:46:25 PM,885.8,10,8858.0,68318580.85000005
2025-08-01 12:46:42 PM,885.7,0,0.0,68318580.85000005
2025-08-01 12:46:46 PM,885.7,1,885.7,68319466.55000006
2025-08-01 12:47:11 PM,885.0,24,21240.0,68340706.55000006
2025-08-01 12:47:30 PM,885.8,0,0.0,68340706.55000006
2025-08-01 12:47:32 PM,885.8,8,7086.4,68347792.95000006
2025-08-01 12:48:01 PM,885.8,150,132870.0,68480662.95000006
2025-08-01 12:48:04 PM,885.0,0,0.0,68480662.95000006
2025-08-01 12:48:07 PM,885.0,20,17700.0,68498362.95000006
2025-08-01 12:49:18 PM,885.05,0,0.0,68498362.95000006
2025-08-01 12:49:21 PM,885.05,1,885.05,68499248.00000006
2025-08-01 12:49:31 PM,885.05,11,9735.55,68508983.55000006
2025-08-01 12:49:40 PM,885.0,0,0.0,68508983.55000006
2025-08-01 12:49:41 PM,885.0,21,18585.0,68527568.55000006
2025-08-01 12:49:56 PM,885.7,0,0.0,68527568.55000006
2025-08-01 12:49:57 PM,885.7,2,1771.4,68529339.95000006
2025-08-01 12:50:12 PM,885.7,28,24799.600000000002,68554139.55000006
2025-08-01 12:50:16 PM,885.05,0,0.0,68554139.55000006
2025-08-01 12:50:17 PM,885.05,14,12390.699999999999,68566530.25000006
2025-08-01 12:50:53 PM,885.05,29,25666.449999999997,68592196.70000006
2025-08-01 12:51:19 PM,885.05,11,9735.55,68601932.25000006
2025-08-01 12:51:50 PM,885.05,1,885.05,68602817.30000006
2025-08-01 12:51:59 PM,885.05,29,25666.449999999997,68628483.75000006
2025-08-01 12:52:04 PM,885.05,2,1770.1,68630253.85000005
2025-08-01 12:52:54 PM,885.05,3,2655.1499999999996,68632909.00000006
2025-08-01 12:52:59 PM,885.05,2,1770.1,68634679.10000005
2025-08-01 12:53:28 PM,885.05,2,1770.1,68636449.20000005
2025-08-01 12:53:58 PM,885.0,0,0.0,68636449.20000005
2025-08-01 12:53:59 PM,885.0,45,39825.0,68676274.20000005
2025-08-01 12:54:14 PM,885.0,71,62835.0,68739109.20000005
2025-08-01 12:54:24 PM,885.0,22,19470.0,68758579.20000005
2025-08-01 12:54:58 PM,885.05,0,0.0,68758579.20000005
2025-08-01 12:55:00 PM,885.05,57,50447.85,68809027.05000004
2025-08-01 12:56:22 PM,885.8,30,26574.0,68835601.05000004
2025-08-01 12:56:31 PM,885.2,11,9737.2,68845338.25000004
2025-08-01 12:56:34 PM,886.0,0,0.0,68845338.25000004
2025-08-01 12:56:36 PM,886.0,10,8860.0,68854198.25000004
2025-08-01 12:56:42 PM,885.15,50,44257.5,68898455.75000004
2025-08-01 12:57:01 PM,885.15,39,34520.85,68932976.60000004
2025-08-01 12:57:08 PM,885.9,0,0.0,68932976.60000004
2025-08-01 12:57:11 PM,885.9,2,1771.8,68934748.40000004
2025-08-01 12:57:17 PM,885.9,10,8859.0,68943607.40000004
2025-08-01 12:57:40 PM,886.0,0,0.0,68943607.40000004
2025-08-01 12:57:42 PM,886.0,120,106320.0,69049927.40000004
2025-08-01 12:57:46 PM,885.5,0,0.0,69049927.40000004
2025-08-01 12:57:47 PM,885.5,1,885.5,69050812.90000004
2025-08-01 12:57:52 PM,885.9,0,0.0,69050812.90000004
2025-08-01 12:57:57 PM,885.9,25,22147.5,69072960.40000004
2025-08-01 12:58:46 PM,885.8,0,0.0,69072960.40000004
2025-08-01 12:58:47 PM,885.8,1,885.8,69073846.20000003
2025-08-01 12:59:59 PM,885.8,25,22145.0,69095991.20000003
2025-08-01 01:00:26 PM,885.8,1,885.8,69096877.00000003
2025-08-01 01:00:41 PM,885.8,1,885.8,69097762.80000003
2025-08-01 01:01:33 PM,885.8,11,9743.8,69107506.60000002
2025-08-01 01:01:38 PM,885.8,1,885.8,69108392.40000002
2025-08-01 01:01:58 PM,885.8,1,885.8,69109278.20000002
2025-08-01 01:02:33 PM,885.95,0,0.0,69109278.20000002
2025-08-01 01:02:34 PM,885.95,100,88595.0,69197873.20000002
2025-08-01 01:03:03 PM,885.95,3,2657.8500000000004,69200531.05000001
2025-08-01 01:03:17 PM,885.25,0,0.0,69200531.05000001
2025-08-01 01:03:18 PM,885.25,101,89410.25,69289941.30000001
2025-08-01 01:03:19 PM,885.15,0,0.0,69289941.30000001
2025-08-01 01:03:23 PM,885.15,25,22128.75,69312070.05000001
2025-08-01 01:04:21 PM,885.85,0,0.0,69312070.05000001
2025-08-01 01:04:22 PM,885.85,5,4429.25,69316499.30000001
2025-08-01 01:04:27 PM,885.25,0,0.0,69316499.30000001
2025-08-01 01:04:27 PM,885.25,1,885.25,69317384.55000001
2025-08-01 01:04:31 PM,886.0,0,0.0,69317384.55000001
2025-08-01 01:04:32 PM,886.0,5,4430.0,69321814.55000001
2025-08-01 01:05:03 PM,885.45,0,0.0,69321814.55000001
2025-08-01 01:05:05 PM,885.45,60,53127.0,69374941.55000001
2025-08-01 01:05:45 PM,886.05,0,0.0,69374941.55000001
2025-08-01 01:05:46 PM,886.05,1,886.05,69375827.60000001
2025-08-01 01:05:51 PM,885.3,0,0.0,69375827.60000001
2025-08-01 01:05:51 PM,885.3,15,13279.5,69389107.10000001
2025-08-01 01:06:58 PM,885.35,0,0.0,69389107.10000001
2025-08-01 01:06:58 PM,885.35,25,22133.75,69411240.85000001
2025-08-01 01:07:32 PM,886.05,0,0.0,69411240.85000001
2025-08-01 01:07:34 PM,886.05,25,22151.25,69433392.10000001
2025-08-01 01:07:44 PM,885.85,0,0.0,69433392.10000001
2025-08-01 01:07:45 PM,885.85,2,1771.7,69435163.80000001
2025-08-01 01:07:51 PM,885.3,28,24788.399999999998,69459952.20000002
2025-08-01 01:08:40 PM,885.45,0,0.0,69459952.20000002
2025-08-01 01:08:40 PM,885.45,1,885.45,69460837.65000002
2025-08-01 01:09:01 PM,885.45,2,1770.9,69462608.55000003
2025-08-01 01:10:00 PM,885.75,0,0.0,69462608.55000003
2025-08-01 01:10:00 PM,885.75,5,4428.75,69467037.30000003
2025-08-01 01:10:13 PM,885.75,1,885.75,69467923.05000003
2025-08-01 01:10:53 PM,885.75,10,8857.5,69476780.55000003
2025-08-01 01:11:23 PM,885.75,2,1771.5,69478552.05000003
2025-08-01 01:12:07 PM,885.75,1,885.75,69479437.80000003
2025-08-01 01:12:20 PM,885.75,13,11514.75,69490952.55000003
2025-08-01 01:12:51 PM,885.75,50,44287.5,69535240.05000003
2025-08-01 01:13:03 PM,885.75,15,13286.25,69548526.30000003
2025-08-01 01:13:56 PM,885.05,0,0.0,69548526.30000003
2025-08-01 01:13:57 PM,885.05,91,80539.55,69629065.85000002
2025-08-01 01:15:12 PM,885.05,65,57528.25,69686594.10000002
2025-08-01 01:15:32 PM,885.7,0,0.0,69686594.10000002
2025-08-01 01:15:34 PM,885.7,30,26571.0,69713165.10000002
2025-08-01 01:16:26 PM,885.65,0,0.0,69713165.10000002
2025-08-01 01:16:27 PM,885.65,9,7970.849999999999,69721135.95000002
2025-08-01 01:16:39 PM,885.65,6,5313.9,69726449.85000002
2025-08-01 01:16:42 PM,885.65,7,6199.55,69732649.40000002
2025-08-01 01:16:52 PM,885.3,0,0.0,69732649.40000002
2025-08-01 01:16:52 PM,885.3,280,247884.0,69980533.40000002
2025-08-01 01:16:59 PM,885.75,40,35430.0,70015963.40000002
2025-08-01 01:18:09 PM,885.75,2,1771.5,70017734.90000002
2025-08-01 01:18:34 PM,885.75,1,885.75,70018620.65000002
2025-08-01 01:18:59 PM,885.25,3,2655.75,70021276.40000002
2025-08-01 01:19:00 PM,885.75,0,0.0,70021276.40000002
2025-08-01 01:19:04 PM,885.75,57,50487.75,70071764.15000002
2025-08-01 01:19:09 PM,885.0,270,238950.0,70310714.15000002
2025-08-01 01:19:36 PM,885.05,0,0.0,70310714.15000002
2025-08-01 01:19:38 PM,885.05,15,13275.75,70323989.90000002
2025-08-01 01:19:38 PM,885.7,0,0.0,70323989.90000002
2025-08-01 01:19:39 PM,885.7,1,885.7,70324875.60000002
2025-08-01 01:20:08 PM,885.7,106,93884.20000000001,70418759.80000003
2025-08-01 01:21:18 PM,885.7,5,4428.5,70423188.30000003
2025-08-01 01:21:29 PM,885.7,10,8857.0,70432045.30000003
2025-08-01 01:21:38 PM,885.7,1,885.7,70432931.00000003
2025-08-01 01:22:12 PM,885.7,50,44285.0,70477216.00000003
2025-08-01 01:22:25 PM,885.7,3,2657.1000000000004,70479873.10000002
2025-08-01 01:22:43 PM,885.7,8,7085.6,70486958.70000002
2025-08-01 01:22:48 PM,885.75,10,8857.5,70495816.20000002
2025-08-01 01:23:16 PM,885.75,4,3543.0,70499359.20000002
2025-08-01 01:23:40 PM,885.75,10,8857.5,70508216.70000002
2025-08-01 01:23:55 PM,885.75,2,1771.5,70509988.20000002
2025-08-01 01:24:14 PM,885.75,5,4428.75,70514416.95000002
2025-08-01 01:24:42 PM,885.75,2,1771.5,70516188.45000002
2025-08-01 01:24:52 PM,885.75,14,12400.5,70528588.95000002
2025-08-01 01:24:56 PM,885.75,20,17715.0,70546303.95000002
2025-08-01 01:25:17 PM,885.75,3,2657.25,70548961.20000002
2025-08-01 01:25:22 PM,885.75,6,5314.5,70554275.70000002
2025-08-01 01:25:36 PM,885.75,10,8857.5,70563133.20000002
2025-08-01 01:26:06 PM,885.75,56,49602.0,70612735.20000002
2025-08-01 01:26:36 PM,885.75,44,38973.0,70651708.20000002
2025-08-01 01:26:37 PM,885.8,0,0.0,70651708.20000002
2025-08-01 01:26:41 PM,885.8,11,9743.8,70661452.00000001
2025-08-01 01:27:27 PM,885.9,0,0.0,70661452.00000001
2025-08-01 01:27:29 PM,885.9,1,885.9,70662337.90000002
2025-08-01 01:29:50 PM,885.95,0,0.0,70662337.90000002
2025-08-01 01:29:53 PM,885.95,1,885.95,70663223.85000002
2025-08-01 01:30:16 PM,886.3,0,0.0,70663223.85000002
2025-08-01 01:30:18 PM,886.3,71,62927.299999999996,70726151.15000002
2025-08-01 01:30:40 PM,886.85,0,0.0,70726151.15000002
2025-08-01 01:30:42 PM,886.85,20,17737.0,70743888.15000002
2025-08-01 01:30:47 PM,886.85,50,44342.5,70788230.65000002
2025-08-01 01:31:04 PM,886.8,0,0.0,70788230.65000002
2025-08-01 01:31:07 PM,886.8,1,886.8,70789117.45000002
2025-08-01 01:31:08 PM,886.85,10,8868.5,70797985.95000002
2025-08-01 01:31:14 PM,886.9,0,0.0,70797985.95000002
2025-08-01 01:31:18 PM,886.9,6,5321.4,70803307.35000002
2025-08-01 01:31:36 PM,886.2,0,0.0,70803307.35000002
2025-08-01 01:31:38 PM,886.2,1,886.2,70804193.55000003
2025-08-01 01:31:54 PM,886.9,0,0.0,70804193.55000003
2025-08-01 01:31:57 PM,886.9,11,9755.9,70813949.45000003
2025-08-01 01:32:21 PM,886.25,0,0.0,70813949.45000003
2025-08-01 01:32:22 PM,886.25,17,15066.25,70829015.70000003
2025-08-01 01:33:00 PM,887.0,0,0.0,70829015.70000003
2025-08-01 01:33:01 PM,887.0,1,887.0,70829902.70000003
2025-08-01 01:33:12 PM,886.85,0,0.0,70829902.70000003
2025-08-01 01:33:15 PM,886.85,1,886.85,70830789.55000003
2025-08-01 01:33:18 PM,886.8,0,0.0,70830789.55000003
2025-08-01 01:33:20 PM,886.8,1,886.8,70831676.35000002
2025-08-01 01:33:59 PM,886.8,2,1773.6,70833449.95000002
2025-08-01 01:34:00 PM,886.8,1,886.8,70834336.75000001
2025-08-01 01:34:14 PM,886.8,18,15962.4,70850299.15000002
2025-08-01 01:34:42 PM,885.7,163,144369.1,70994668.25000001
2025-08-01 01:34:45 PM,885.75,0,0.0,70994668.25000001
2025-08-01 01:34:46 PM,885.75,7,6200.25,71000868.50000001
2025-08-01 01:35:05 PM,885.85,0,0.0,71000868.50000001
2025-08-01 01:35:05 PM,885.85,1,885.85,71001754.35000001
2025-08-01 01:35:12 PM,885.5,32,28336.0,71030090.35000001
2025-08-01 01:35:32 PM,885.0,0,0.0,71030090.35000001
2025-08-01 01:35:35 PM,885.0,1000,885000.0,71915090.35000001
2025-08-01 01:35:42 PM,885.15,0,0.0,71915090.35000001
2025-08-01 01:35:44 PM,885.15,2,1770.3,71916860.65
2025-08-01 01:36:32 PM,885.25,0,0.0,71916860.65
2025-08-01 01:36:33 PM,885.25,12,10623.0,71927483.65
2025-08-01 01:36:57 PM,886.0,100,88600.0,72016083.65
2025-08-01 01:37:12 PM,886.0,1,886.0,72016969.65
2025-08-01 01:37:31 PM,886.0,200,177200.0,72194169.65
2025-08-01 01:37:46 PM,886.0,25,22150.0,72216319.65
2025-08-01 01:37:52 PM,885.85,0,0.0,72216319.65
2025-08-01 01:37:56 PM,885.85,10,8858.5,72225178.15
2025-08-01 01:38:18 PM,885.5,2,1771.0,72226949.15
2025-08-01 01:38:42 PM,885.8,0,0.0,72226949.15
2025-08-01 01:38:45 PM,885.8,2,1771.6,72228720.75
2025-08-01 01:38:50 PM,885.45,0,0.0,72228720.75
2025-08-01 01:38:50 PM,885.45,20,17709.0,72246429.75
2025-08-01 01:38:54 PM,886.0,0,0.0,72246429.75
2025-08-01 01:38:56 PM,885.85,105,93014.25,72339444.0
2025-08-01 01:38:58 PM,885.75,0,0.0,72339444.0
2025-08-01 01:39:01 PM,885.75,1,885.75,72340329.75
2025-08-01 01:39:18 PM,885.75,25,22143.75,72362473.5
2025-08-01 01:39:53 PM,885.75,2,1771.5,72364245.0
2025-08-01 01:41:02 PM,885.7,0,0.0,72364245.0
2025-08-01 01:41:03 PM,885.7,2,1771.4,72366016.4
2025-08-01 01:41:12 PM,886.1,0,0.0,72366016.4
2025-08-01 01:41:14 PM,886.1,51,45191.1,72411207.5
2025-08-01 01:41:24 PM,886.0,0,0.0,72411207.5
2025-08-01 01:41:24 PM,886.0,11,9746.0,72420953.5
2025-08-01 01:41:28 PM,885.5,0,0.0,72420953.5
2025-08-01 01:41:28 PM,885.5,5,4427.5,72425381.0
2025-08-01 01:41:34 PM,886.1,0,0.0,72425381.0
2025-08-01 01:41:37 PM,886.1,4,3544.4,72428925.4
2025-08-01 01:43:06 PM,886.1,2,1772.2,72430697.60000001
2025-08-01 01:43:58 PM,886.15,0,0.0,72430697.60000001
2025-08-01 01:44:01 PM,886.15,5,4430.75,72435128.35000001
2025-08-01 01:44:20 PM,886.05,0,0.0,72435128.35000001
2025-08-01 01:44:21 PM,886.05,56,49618.799999999996,72484747.15
2025-08-01 01:44:28 PM,886.45,0,0.0,72484747.15
2025-08-01 01:44:31 PM,886.45,5,4432.25,72489179.4
2025-08-01 01:44:44 PM,886.7,0,0.0,72489179.4
2025-08-01 01:44:46 PM,886.7,1,886.7,72490066.10000001
2025-08-01 01:44:56 PM,886.45,12,10637.400000000001,72500703.50000001
2025-08-01 01:44:58 PM,887.05,0,0.0,72500703.50000001
2025-08-01 01:45:01 PM,887.05,200,177410.0,72678113.50000001
2025-08-01 01:45:08 PM,886.85,0,0.0,72678113.50000001
2025-08-01 01:45:10 PM,886.85,2,1773.7,72679887.20000002
2025-08-01 01:45:16 PM,886.8,1,886.8,72680774.00000001
2025-08-01 01:45:24 PM,886.1,0,0.0,72680774.00000001
2025-08-01 01:45:26 PM,886.1,11,9747.1,72690521.10000001
2025-08-01 01:45:40 PM,886.6,0,0.0,72690521.10000001
2025-08-01 01:45:41 PM,886.6,4,3546.4,72694067.50000001
2025-08-01 01:46:20 PM,886.7,4,3546.8,72697614.30000001
2025-08-01 01:46:35 PM,886.6,80,70928.0,72768542.30000001
2025-08-01 01:47:28 PM,886.55,0,0.0,72768542.30000001
2025-08-01 01:47:30 PM,886.55,1,886.55,72769428.85000001
2025-08-01 01:47:38 PM,886.1,0,0.0,72769428.85000001
2025-08-01 01:47:40 PM,886.1,2,1772.2,72771201.05000001
2025-08-01 01:48:04 PM,885.25,0,0.0,72771201.05000001
2025-08-01 01:48:05 PM,885.25,152,134558.0,72905759.05000001
2025-08-01 01:48:28 PM,885.35,0,0.0,72905759.05000001
2025-08-01 01:48:30 PM,885.35,7,6197.45,72911956.50000001
2025-08-01 01:48:58 PM,886.1,0,0.0,72911956.50000001
2025-08-01 01:48:59 PM,886.1,20,17722.0,72929678.50000001
2025-08-01 01:49:04 PM,885.35,0,0.0,72929678.50000001
2025-08-01 01:49:06 PM,885.75,0,0.0,72929678.50000001
2025-08-01 01:49:09 PM,885.75,5,4428.75,72934107.25000001
2025-08-01 01:50:02 PM,885.75,1,885.75,72934993.00000001
2025-08-01 01:50:26 PM,885.35,2,1770.7,72936763.70000002
2025-08-01 01:50:42 PM,885.8,1,885.8,72937649.50000001
2025-08-01 01:51:16 PM,885.8,5,4429.0,72942078.50000001
2025-08-01 01:51:22 PM,885.2,0,0.0,72942078.50000001
2025-08-01 01:51:26 PM,885.2,26,23015.2,72965093.70000002
2025-08-01 01:52:20 PM,885.8,0,0.0,72965093.70000002
2025-08-01 01:52:23 PM,885.8,5,4429.0,72969522.70000002
2025-08-01 01:53:08 PM,885.8,5,4429.0,72973951.70000002
2025-08-01 01:53:46 PM,885.8,1,885.8,72974837.50000001
2025-08-01 01:53:51 PM,885.8,10,8858.0,72983695.50000001
2025-08-01 01:54:16 PM,885.3,0,0.0,72983695.50000001
2025-08-01 01:54:18 PM,885.3,6,5311.799999999999,72989007.30000001
2025-08-01 01:54:32 PM,885.3,8,7082.4,72996089.70000002
2025-08-01 01:55:38 PM,885.75,0,0.0,72996089.70000002
2025-08-01 01:55:42 PM,885.75,1,885.75,72996975.45000002
2025-08-01 01:55:46 PM,885.75,1,885.75,72997861.20000002
2025-08-01 01:56:02 PM,885.75,2,1771.5,72999632.70000002
2025-08-01 01:56:04 PM,885.7,0,0.0,72999632.70000002
2025-08-01 01:56:06 PM,885.7,1,885.7,73000518.40000002
2025-08-01 01:56:18 PM,884.7,0,0.0,73000518.40000002
2025-08-01 01:56:20 PM,884.65,0,0.0,73000518.40000002
2025-08-01 01:56:21 PM,884.65,902,797954.2999999999,73798472.70000002
2025-08-01 01:56:51 PM,884.65,5,4423.25,73802895.95000002
2025-08-01 01:57:11 PM,884.65,1,884.65,73803780.60000002
2025-08-01 01:57:35 PM,884.65,11,9731.15,73813511.75000003
2025-08-01 01:58:04 PM,884.65,58,51309.7,73864821.45000003
2025-08-01 01:59:18 PM,884.85,0,0.0,73864821.45000003
2025-08-01 01:59:20 PM,884.85,1,884.85,73865706.30000003
2025-08-01 01:59:49 PM,884.8,0,0.0,73865706.30000003
2025-08-01 01:59:51 PM,884.8,7,6193.599999999999,73871899.90000002
2025-08-01 01:59:53 PM,884.75,0,0.0,73871899.90000002
2025-08-01 01:59:56 PM,884.75,6,5308.5,73877208.40000002
2025-08-01 02:00:02 PM,884.85,0,0.0,73877208.40000002
2025-08-01 02:00:06 PM,884.85,1,884.85,73878093.25000001
2025-08-01 02:01:04 PM,884.9,55,48669.5,73926762.75000001
2025-08-01 02:01:08 PM,884.5,0,0.0,73926762.75000001
2025-08-01 02:01:09 PM,884.5,1040,919880.0,74846642.75000001
2025-08-01 02:01:30 PM,884.9,0,0.0,74846642.75000001
2025-08-01 02:01:33 PM,884.9,10,8849.0,74855491.75000001
2025-08-01 02:01:53 PM,884.9,30,26547.0,74882038.75000001
2025-08-01 02:02:12 PM,884.9,5,4424.5,74886463.25000001
2025-08-01 02:02:28 PM,885.8,0,0.0,74886463.25000001
2025-08-01 02:02:31 PM,885.8,325,287885.0,75174348.25000001
2025-08-01 02:02:52 PM,885.35,0,0.0,75174348.25000001
2025-08-01 02:02:56 PM,885.45,0,0.0,75174348.25000001
2025-08-01 02:02:57 PM,885.45,3,2656.3500000000004,75177004.60000001
2025-08-01 02:03:10 PM,884.75,0,0.0,75177004.60000001
2025-08-01 02:03:12 PM,884.75,5,4423.75,75181428.35000001
2025-08-01 02:03:21 PM,885.25,0,0.0,75181428.35000001
2025-08-01 02:03:22 PM,885.25,1,885.25,75182313.60000001
2025-08-01 02:03:28 PM,885.3,12,10623.599999999999,75192937.2
2025-08-01 02:04:04 PM,885.25,0,0.0,75192937.2
2025-08-01 02:04:07 PM,885.25,3,2655.75,75195592.95
2025-08-01 02:04:22 PM,884.5,0,0.0,75195592.95
2025-08-01 02:04:23 PM,885.1,0,0.0,75195592.95
2025-08-01 02:04:23 PM,885.1,192,169939.2,75365532.15
2025-08-01 02:04:28 PM,884.9,5,4424.5,75369956.65
2025-08-01 02:05:18 PM,884.85,0,0.0,75369956.65
2025-08-01 02:05:19 PM,884.85,2,1769.7,75371726.35000001
2025-08-01 02:05:33 PM,884.85,5,4424.25,75376150.60000001
2025-08-01 02:05:38 PM,884.85,25,22121.25,75398271.85000001
2025-08-01 02:06:44 PM,884.5,3,2653.5,75400925.35000001
2025-08-01 02:06:54 PM,884.6,0,0.0,75400925.35000001
2025-08-01 02:06:54 PM,884.6,44,38922.4,75439847.75000001
2025-08-01 02:07:01 PM,884.9,0,0.0,75439847.75000001
2025-08-01 02:07:05 PM,884.9,5,4424.5,75444272.25000001
2025-08-01 02:07:30 PM,885.0,2,1770.0,75446042.25000001
2025-08-01 02:07:35 PM,885.0,1,885.0,75446927.25000001
2025-08-01 02:08:21 PM,885.0,1,885.0,75447812.25000001
2025-08-01 02:08:53 PM,885.0,13,11505.0,75459317.25000001
2025-08-01 02:09:03 PM,885.0,5,4425.0,75463742.25000001
2025-08-01 02:09:13 PM,885.0,7,6195.0,75469937.25000001
2025-08-01 02:09:23 PM,885.0,73,64605.0,75534542.25000001
2025-08-01 02:09:48 PM,885.0,8,7080.0,75541622.25000001
2025-08-01 02:09:53 PM,885.0,1,885.0,75542507.25000001
2025-08-01 02:10:02 PM,885.0,8,7080.0,75549587.25000001
2025-08-01 02:10:17 PM,885.0,5,4425.0,75554012.25000001
2025-08-01 02:10:22 PM,885.0,8,7080.0,75561092.25000001
2025-08-01 02:10:33 PM,885.0,2,1770.0,75562862.25000001
2025-08-01 02:10:58 PM,885.0,11,9735.0,75572597.25000001
2025-08-01 02:11:06 PM,885.05,0,0.0,75572597.25000001
2025-08-01 02:11:09 PM,885.05,48,42482.399999999994,75615079.65000002
2025-08-01 02:11:21 PM,885.4,0,0.0,75615079.65000002
2025-08-01 02:11:25 PM,885.4,1,885.4,75615965.05000003
2025-08-01 02:11:35 PM,885.1,0,0.0,75615965.05000003
2025-08-01 02:11:35 PM,885.1,9,7965.900000000001,75623930.95000003
2025-08-01 02:11:52 PM,885.4,0,0.0,75623930.95000003
2025-08-01 02:11:56 PM,885.4,1,885.4,75624816.35000004
2025-08-01 02:12:01 PM,885.4,1,885.4,75625701.75000004
2025-08-01 02:12:19 PM,885.25,0,0.0,75625701.75000004
2025-08-01 02:12:21 PM,885.25,26,23016.5,75648718.25000004
2025-08-01 02:12:51 PM,885.7,0,0.0,75648718.25000004
2025-08-01 02:12:52 PM,885.7,25,22142.5,75670860.75000004
2025-08-01 02:13:04 PM,885.8,0,0.0,75670860.75000004
2025-08-01 02:13:04 PM,885.8,3,2657.3999999999996,75673518.15000005
2025-08-01 02:13:56 PM,885.6,0,0.0,75673518.15000005
2025-08-01 02:13:56 PM,885.6,4,3542.4,75677060.55000006
2025-08-01 02:14:21 PM,885.6,4,3542.4,75680602.95000006
2025-08-01 02:14:51 PM,885.85,0,0.0,75680602.95000006
2025-08-01 02:14:51 PM,885.85,25,22146.25,75702749.20000006
2025-08-01 02:14:58 PM,885.8,0,0.0,75702749.20000006
2025-08-01 02:14:59 PM,885.8,4,3543.2,75706292.40000007
2025-08-01 02:15:22 PM,885.95,0,0.0,75706292.40000007
2025-08-01 02:15:23 PM,885.95,75,66446.25,75772738.65000007
2025-08-01 02:15:38 PM,885.1,0,0.0,75772738.65000007
2025-08-01 02:15:38 PM,885.1,157,138960.7,75911699.35000007
2025-08-01 02:16:36 PM,885.6,0,0.0,75911699.35000007
2025-08-01 02:16:37 PM,885.6,1,885.6,75912584.95000006
2025-08-01 02:16:52 PM,885.4,0,0.0,75912584.95000006
2025-08-01 02:16:52 PM,885.4,3,2656.2,75915241.15000007
2025-08-01 02:17:06 PM,885.25,0,0.0,75915241.15000007
2025-08-01 02:17:07 PM,885.25,1,885.25,75916126.40000007
2025-08-01 02:17:08 PM,885.6,0,0.0,75916126.40000007
2025-08-01 02:17:08 PM,885.6,19,16826.4,75932952.80000007
2025-08-01 02:17:27 PM,884.85,102,90254.7,76023207.50000007
2025-08-01 02:17:56 PM,885.05,0,0.0,76023207.50000007
2025-08-01 02:17:58 PM,885.05,13,11505.65,76034713.15000008
2025-08-01 02:18:22 PM,885.55,0,0.0,76034713.15000008
2025-08-01 02:18:24 PM,885.55,16,14168.8,76048881.95000008
2025-08-01 02:19:30 PM,885.45,0,0.0,76048881.95000008
2025-08-01 02:19:31 PM,885.45,1,885.45,76049767.40000008
2025-08-01 02:19:50 PM,885.05,0,0.0,76049767.40000008
2025-08-01 02:19:52 PM,885.05,4,3540.2,76053307.60000008
2025-08-01 02:21:03 PM,885.45,10,8854.5,76062162.10000008
2025-08-01 02:21:24 PM,885.45,1,885.45,76063047.55000009
2025-08-01 02:21:43 PM,884.85,0,0.0,76063047.55000009
2025-08-01 02:21:45 PM,884.85,87,76981.95,76140029.50000009
2025-08-01 02:21:50 PM,884.85,524,463661.4,76603690.9000001
2025-08-01 02:22:54 PM,884.85,28,24775.8,76628466.70000009
2025-08-01 02:23:54 PM,884.85,36,31854.600000000002,76660321.30000009
2025-08-01 02:24:20 PM,885.05,5,4425.25,76664746.55000009
2025-08-01 02:25:02 PM,885.05,20,17701.0,76682447.55000009
2025-08-01 02:25:13 PM,885.5,159,140794.5,76823242.05000009
2025-08-01 02:25:18 PM,885.5,2,1771.0,76825013.05000009
2025-08-01 02:25:42 PM,885.55,0,0.0,76825013.05000009
2025-08-01 02:25:44 PM,885.05,0,0.0,76825013.05000009
2025-08-01 02:25:45 PM,885.05,2,1770.1,76826783.15000008
2025-08-01 02:26:02 PM,885.5,0,0.0,76826783.15000008
2025-08-01 02:26:05 PM,885.55,0,0.0,76826783.15000008
2025-08-01 02:26:06 PM,885.55,6,5313.299999999999,76832096.45000008
2025-08-01 02:26:14 PM,885.0,0,0.0,76832096.45000008
2025-08-01 02:26:17 PM,885.0,1,885.0,76832981.45000008
2025-08-01 02:26:21 PM,885.5,0,0.0,76832981.45000008
2025-08-01 02:26:22 PM,885.5,2,1771.0,76834752.45000008
2025-08-01 02:27:06 PM,885.0,0,0.0,76834752.45000008
2025-08-01 02:27:10 PM,885.0,14,12390.0,76847142.45000008
2025-08-01 02:27:14 PM,885.25,0,0.0,76847142.45000008
2025-08-01 02:27:16 PM,885.25,11,9737.75,76856880.20000008
2025-08-01 02:27:27 PM,884.85,0,0.0,76856880.20000008
2025-08-01 02:27:31 PM,884.85,944,835298.4,77692178.60000008
2025-08-01 02:27:37 PM,885.05,0,0.0,77692178.60000008
2025-08-01 02:27:37 PM,885.05,1,885.05,77693063.65000008
2025-08-01 02:27:46 PM,884.5,0,0.0,77693063.65000008
2025-08-01 02:27:48 PM,884.5,141,124714.5,77817778.15000008
2025-08-01 02:28:18 PM,884.8,0,0.0,77817778.15000008
2025-08-01 02:28:20 PM,884.8,1,884.8,77818662.95000008
2025-08-01 02:28:58 PM,884.8,15,13272.0,77831934.95000008
2025-08-01 02:29:10 PM,884.8,1,884.8,77832819.75000007
2025-08-01 02:29:27 PM,884.8,1,884.8,77833704.55000007
2025-08-01 02:29:40 PM,884.5,0,0.0,77833704.55000007
2025-08-01 02:29:43 PM,884.5,1,884.5,77834589.05000007
2025-08-01 02:29:46 PM,885.25,0,0.0,77834589.05000007
2025-08-01 02:29:49 PM,885.25,100,88525.0,77923114.05000007
2025-08-01 02:30:00 PM,885.2,0,0.0,77923114.05000007
2025-08-01 02:30:00 PM,885.2,6,5311.200000000001,77928425.25000007
2025-08-01 02:30:25 PM,885.0,0,0.0,77928425.25000007
2025-08-01 02:30:27 PM,885.0,5,4425.0,77932850.25000007
2025-08-01 02:30:38 PM,885.0,15,13275.0,77946125.25000007
2025-08-01 02:30:39 PM,885.0,15,13275.0,77959400.25000007
2025-08-01 02:31:05 PM,885.0,2,1770.0,77961170.25000007
2025-08-01 02:31:11 PM,885.0,10,8850.0,77970020.25000007
2025-08-01 02:31:41 PM,884.5,0,0.0,77970020.25000007
2025-08-01 02:31:43 PM,884.5,5,4422.5,77974442.75000007
2025-08-01 02:32:04 PM,884.5,15,13267.5,77987710.25000007
2025-08-01 02:32:10 PM,884.5,58,51301.0,78039011.25000007
2025-08-01 02:32:37 PM,884.85,0,0.0,78039011.25000007
2025-08-01 02:32:37 PM,884.85,1,884.85,78039896.10000007
2025-08-01 02:32:42 PM,884.4,44,38913.6,78078809.70000006
2025-08-01 02:33:07 PM,884.4,25,22110.0,78100919.70000006
2025-08-01 02:33:10 PM,884.85,0,0.0,78100919.70000006
