date,price,qty,trnvr,cum_trnvr
2025-08-01 09:15:08 AM,54.9,30373,1667477.7,1667477.7
2025-08-01 09:15:10 AM,54.57,102,5566.14,1673043.8399999999
2025-08-01 09:15:15 AM,54.7,0,0.0,1673043.8399999999
2025-08-01 09:15:17 AM,54.9,0,0.0,1673043.8399999999
2025-08-01 09:15:19 AM,54.9,17411,955863.9,2628907.7399999998
2025-08-01 09:15:24 AM,54.97,0,0.0,2628907.7399999998
2025-08-01 09:15:26 AM,55.0,0,0.0,2628907.7399999998
2025-08-01 09:15:28 AM,55.0,8652,475860.0,3104767.7399999998
2025-08-01 09:15:30 AM,54.9,200,10980.0,3115747.7399999998
2025-08-01 09:15:31 AM,55.04,0,0.0,3115747.7399999998
2025-08-01 09:15:36 AM,54.99,0,0.0,3115747.7399999998
2025-08-01 09:15:37 AM,54.99,517,28429.83,3144177.57
2025-08-01 09:15:38 AM,55.06,4,220.24,3144397.81
2025-08-01 09:15:47 AM,54.98,2071,113863.57999999999,3258261.39
2025-08-01 09:15:53 AM,54.98,11456,629850.88,3888112.27
2025-08-01 09:15:55 AM,54.94,30,1648.1999999999998,3889760.47
2025-08-01 09:16:01 AM,54.74,9858,539626.92,4429387.390000001
2025-08-01 09:16:03 AM,54.93,5569,305905.17,4735292.5600000005
2025-08-01 09:16:06 AM,54.6,0,0.0,4735292.5600000005
2025-08-01 09:16:09 AM,54.55,2448,133538.4,4868830.960000001
2025-08-01 09:16:13 AM,54.6,0,0.0,4868830.960000001
2025-08-01 09:16:18 AM,54.53,603,32881.590000000004,4901712.550000001
2025-08-01 09:16:21 AM,54.67,0,0.0,4901712.550000001
2025-08-01 09:16:24 AM,54.6,0,0.0,4901712.550000001
2025-08-01 09:16:26 AM,54.6,81,4422.6,4906135.15
2025-08-01 09:16:28 AM,54.6,250,13650.0,4919785.15
2025-08-01 09:16:31 AM,54.71,0,0.0,4919785.15
2025-08-01 09:16:34 AM,54.71,2860,156470.6,5076255.75
2025-08-01 09:16:36 AM,54.68,20,1093.6,5077349.35
2025-08-01 09:16:42 AM,54.68,2200,120296.0,5197645.35
2025-08-01 09:16:44 AM,54.68,1162,63538.159999999996,5261183.51
2025-08-01 09:16:51 AM,54.75,1000,54750.0,5315933.51
2025-08-01 09:16:59 AM,54.75,20,1095.0,5317028.51
2025-08-01 09:17:01 AM,54.85,0,0.0,5317028.51
2025-08-01 09:17:03 AM,54.84,0,0.0,5317028.51
2025-08-01 09:17:07 AM,54.91,3126,171648.66,5488677.17
2025-08-01 09:17:15 AM,54.95,250,13737.5,5502414.67
2025-08-01 09:17:18 AM,54.97,0,0.0,5502414.67
2025-08-01 09:17:20 AM,55.0,0,0.0,5502414.67
2025-08-01 09:17:24 AM,55.0,4743,260865.0,5763279.67
2025-08-01 09:17:27 AM,55.03,0,0.0,5763279.67
2025-08-01 09:17:32 AM,55.03,2075,114187.25,5877466.92
2025-08-01 09:17:34 AM,55.0,0,0.0,5877466.92
2025-08-01 09:17:37 AM,54.94,0,0.0,5877466.92
2025-08-01 09:17:40 AM,54.95,17040,936348.0,6813814.92
2025-08-01 09:17:41 AM,54.93,6629,364130.97,7177945.89
2025-08-01 09:17:43 AM,54.91,0,0.0,7177945.89
2025-08-01 09:17:49 AM,54.91,510,28004.1,7205949.989999999
2025-08-01 09:17:54 AM,54.85,0,0.0,7205949.989999999
2025-08-01 09:17:57 AM,54.85,2500,137125.0,7343074.989999999
2025-08-01 09:18:01 AM,54.9,0,0.0,7343074.989999999
2025-08-01 09:18:05 AM,54.95,5155,283267.25,7626342.239999999
2025-08-01 09:18:06 AM,55.01,1243,68377.43,7694719.669999999
2025-08-01 09:18:11 AM,55.05,0,0.0,7694719.669999999
2025-08-01 09:18:14 AM,55.05,2013,110815.65,7805535.319999999
2025-08-01 09:18:15 AM,55.09,100,5509.0,7811044.319999999
2025-08-01 09:18:19 AM,55.01,0,0.0,7811044.319999999
2025-08-01 09:18:22 AM,55.05,710,39085.5,7850129.819999999
2025-08-01 09:18:27 AM,55.08,0,0.0,7850129.819999999
2025-08-01 09:18:30 AM,55.08,1100,60588.0,7910717.819999999
2025-08-01 09:18:38 AM,55.02,155,8528.1,7919245.919999999
2025-08-01 09:18:41 AM,55.05,0,0.0,7919245.919999999
2025-08-01 09:18:43 AM,55.02,0,0.0,7919245.919999999
2025-08-01 09:18:46 AM,55.09,350,19281.5,7938527.419999999
2025-08-01 09:18:48 AM,55.15,5842,322186.3,8260713.719999999
2025-08-01 09:18:50 AM,55.08,0,0.0,8260713.719999999
2025-08-01 09:18:55 AM,55.15,3634,200415.1,8461128.819999998
2025-08-01 09:18:56 AM,55.15,7860,433479.0,8894607.819999998
2025-08-01 09:18:58 AM,55.21,0,0.0,8894607.819999998
2025-08-01 09:19:03 AM,55.18,4580,252724.4,9147332.219999999
2025-08-01 09:19:07 AM,55.15,0,0.0,9147332.219999999
2025-08-01 09:19:11 AM,55.18,2347,129507.46,9276839.68
2025-08-01 09:19:12 AM,55.24,3085,170415.4,9447255.08
2025-08-01 09:19:12 AM,55.2,0,0.0,9447255.08
2025-08-01 09:19:19 AM,55.25,10851,599517.75,10046772.83
2025-08-01 09:19:20 AM,55.3,0,0.0,10046772.83
2025-08-01 09:19:27 AM,55.31,353,19524.43,10066297.26
2025-08-01 09:19:28 AM,55.3,502,27760.6,10094057.86
2025-08-01 09:19:35 AM,55.3,16014,885574.2,10979632.059999999
2025-08-01 09:19:43 AM,55.35,2525,139758.75,11119390.809999999
2025-08-01 09:19:45 AM,55.35,201,11125.35,11130516.159999998
2025-08-01 09:19:50 AM,55.36,0,0.0,11130516.159999998
2025-08-01 09:19:51 AM,55.36,7,387.52,11130903.679999998
2025-08-01 09:19:58 AM,55.45,0,0.0,11130903.679999998
2025-08-01 09:19:59 AM,55.42,1100,60962.0,11191865.679999998
2025-08-01 09:20:01 AM,55.36,150,8304.0,11200169.679999998
2025-08-01 09:20:06 AM,55.41,0,0.0,11200169.679999998
2025-08-01 09:20:07 AM,55.41,6,332.46,11200502.139999999
2025-08-01 09:20:09 AM,55.41,1,55.41,11200557.549999999
2025-08-01 09:20:13 AM,55.36,0,0.0,11200557.549999999
2025-08-01 09:20:15 AM,55.36,8135,450353.6,11650911.149999999
2025-08-01 09:20:20 AM,55.31,0,0.0,11650911.149999999
2025-08-01 09:20:23 AM,55.31,676,37389.560000000005,11688300.709999999
2025-08-01 09:20:24 AM,55.27,200,11054.0,11699354.709999999
2025-08-01 09:20:27 AM,55.26,0,0.0,11699354.709999999
2025-08-01 09:20:30 AM,55.3,0,0.0,11699354.709999999
2025-08-01 09:20:31 AM,55.3,9168,506990.39999999997,12206345.11
2025-08-01 09:20:32 AM,55.34,2192,121305.28000000001,12327650.389999999
2025-08-01 09:20:38 AM,55.4,124,6869.599999999999,12334519.989999998
2025-08-01 09:20:40 AM,55.34,1000,55340.0,12389859.989999998
2025-08-01 09:20:47 AM,55.36,0,0.0,12389859.989999998
2025-08-01 09:20:48 AM,55.36,100,5536.0,12395395.989999998
2025-08-01 09:20:51 AM,55.33,0,0.0,12395395.989999998
2025-08-01 09:20:54 AM,55.35,5650,312727.5,12708123.489999998
2025-08-01 09:20:55 AM,55.4,3203,177446.19999999998,12885569.689999998
2025-08-01 09:20:59 AM,55.35,0,0.0,12885569.689999998
2025-08-01 09:21:02 AM,55.35,1294,71622.90000000001,12957192.589999998
2025-08-01 09:21:05 AM,55.3,0,0.0,12957192.589999998
2025-08-01 09:21:07 AM,55.19,0,0.0,12957192.589999998
2025-08-01 09:21:10 AM,55.19,10190,562386.1,13519578.689999998
2025-08-01 09:21:11 AM,55.29,191,10560.39,13530139.079999998
2025-08-01 09:21:17 AM,55.29,502,27755.579999999998,13557894.659999998
2025-08-01 09:21:18 AM,55.29,50,2764.5,13560659.159999998
2025-08-01 09:21:19 AM,55.3,0,0.0,13560659.159999998
2025-08-01 09:21:25 AM,55.29,16176,894371.04,14455030.2
2025-08-01 09:21:26 AM,55.25,90,4972.5,14460002.7
2025-08-01 09:21:33 AM,55.26,92,5083.92,14465086.62
2025-08-01 09:21:39 AM,55.29,0,0.0,14465086.62
2025-08-01 09:21:41 AM,55.29,452,24991.079999999998,14490077.7
2025-08-01 09:21:48 AM,55.25,660,36465.0,14526542.7
2025-08-01 09:21:49 AM,55.25,1043,57625.75,14584168.45
2025-08-01 09:21:51 AM,55.2,0,0.0,14584168.45
2025-08-01 09:21:54 AM,55.23,0,0.0,14584168.45
2025-08-01 09:21:56 AM,55.23,1541,85109.43,14669277.879999999
2025-08-01 09:21:58 AM,55.22,0,0.0,14669277.879999999
2025-08-01 09:22:03 AM,55.22,1,55.22,14669333.1
2025-08-01 09:22:05 AM,55.22,5,276.1,14669609.2
2025-08-01 09:22:11 AM,55.22,3712,204976.63999999998,14874585.84
2025-08-01 09:22:19 AM,55.19,100,5519.0,14880104.84
2025-08-01 09:22:26 AM,55.11,314,17304.54,14897409.379999999
2025-08-01 09:22:28 AM,55.1,3479,191692.9,15089102.28
2025-08-01 09:22:34 AM,55.06,199,10956.94,15100059.219999999
2025-08-01 09:22:37 AM,55.09,0,0.0,15100059.219999999
2025-08-01 09:22:41 AM,55.1,0,0.0,15100059.219999999
2025-08-01 09:22:42 AM,55.1,3140,173014.0,15273073.219999999
2025-08-01 09:22:48 AM,55.19,0,0.0,15273073.219999999
2025-08-01 09:22:49 AM,55.11,10100,556611.0,15829684.219999999
2025-08-01 09:22:54 AM,55.1,0,0.0,15829684.219999999
2025-08-01 09:22:57 AM,55.1,6176,340297.60000000003,16169981.819999998
2025-08-01 09:22:59 AM,55.14,9,496.26,16170478.079999998
2025-08-01 09:23:01 AM,55.15,0,0.0,16170478.079999998
2025-08-01 09:23:03 AM,55.1,0,0.0,16170478.079999998
2025-08-01 09:23:04 AM,55.1,771,42482.1,16212960.179999998
2025-08-01 09:23:08 AM,55.05,0,0.0,16212960.179999998
2025-08-01 09:23:10 AM,55.1,0,0.0,16212960.179999998
2025-08-01 09:23:12 AM,55.1,1938,106783.8,16319743.979999999
2025-08-01 09:23:16 AM,55.05,0,0.0,16319743.979999999
2025-08-01 09:23:20 AM,55.05,72,3963.6,16323707.579999998
2025-08-01 09:23:21 AM,55.03,0,0.0,16323707.579999998
2025-08-01 09:23:27 AM,55.04,2224,122408.95999999999,16446116.54
2025-08-01 09:23:28 AM,55.09,0,0.0,16446116.54
2025-08-01 09:23:29 AM,55.09,300,16527.0,16462643.54
2025-08-01 09:23:34 AM,55.05,0,0.0,16462643.54
2025-08-01 09:23:35 AM,55.05,1,55.05,16462698.59
2025-08-01 09:23:36 AM,55.01,0,0.0,16462698.59
2025-08-01 09:23:37 AM,55.01,852,46868.52,16509567.11
2025-08-01 09:23:41 AM,55.02,0,0.0,16509567.11
2025-08-01 09:23:42 AM,55.09,2135,117617.15000000001,16627184.26
2025-08-01 09:23:44 AM,55.09,900,49581.0,16676765.26
2025-08-01 09:23:48 AM,55.03,0,0.0,16676765.26
2025-08-01 09:23:50 AM,55.03,888,48866.64,16725631.9
2025-08-01 09:23:54 AM,55.0,0,0.0,16725631.9
2025-08-01 09:23:58 AM,55.04,4042,222471.68,16948103.580000002
2025-08-01 09:24:00 AM,55.05,1147,63142.35,17011245.930000003
2025-08-01 09:24:06 AM,55.06,2483,136713.98,17147959.910000004
2025-08-01 09:24:07 AM,55.01,1,55.01,17148014.920000006
2025-08-01 09:24:13 AM,55.0,573,31515.0,17179529.920000006
2025-08-01 09:24:21 AM,55.0,8870,487850.0,17667379.920000006
2025-08-01 09:24:22 AM,55.0,122,6710.0,17674089.920000006
2025-08-01 09:24:30 AM,55.0,652,35860.0,17709949.920000006
2025-08-01 09:24:33 AM,55.04,0,0.0,17709949.920000006
2025-08-01 09:24:36 AM,55.0,335,18425.0,17728374.920000006
2025-08-01 09:24:38 AM,55.0,2000,110000.0,17838374.920000006
2025-08-01 09:24:39 AM,55.04,0,0.0,17838374.920000006
2025-08-01 09:24:44 AM,55.0,725,39875.0,17878249.920000006
2025-08-01 09:24:51 AM,55.09,2012,110841.08,17989091.000000004
2025-08-01 09:24:57 AM,55.02,0,0.0,17989091.000000004
2025-08-01 09:24:58 AM,55.02,693,38128.86,18027219.860000003
2025-08-01 09:24:59 AM,55.07,0,0.0,18027219.860000003
2025-08-01 09:25:00 AM,55.07,501,27590.07,18054809.930000003
2025-08-01 09:25:05 AM,55.05,0,0.0,18054809.930000003
2025-08-01 09:25:06 AM,55.05,15293,841879.6499999999,18896689.580000002
2025-08-01 09:25:08 AM,55.0,2848,156640.0,19053329.580000002
2025-08-01 09:25:12 AM,55.03,0,0.0,19053329.580000002
2025-08-01 09:25:13 AM,55.03,4777,262878.31,19316207.89
2025-08-01 09:25:16 AM,54.93,1600,87888.0,19404095.89
2025-08-01 09:25:18 AM,54.98,0,0.0,19404095.89
2025-08-01 09:25:21 AM,54.98,108,5937.839999999999,19410033.73
2025-08-01 09:25:29 AM,55.06,0,0.0,19410033.73
2025-08-01 09:25:30 AM,55.1,3662,201776.2,19611809.93
2025-08-01 09:25:31 AM,55.05,0,0.0,19611809.93
2025-08-01 09:25:36 AM,55.1,1157,63750.700000000004,19675560.63
2025-08-01 09:25:43 AM,55.1,237,13058.7,19688619.33
2025-08-01 09:25:45 AM,55.07,800,44056.0,19732675.33
2025-08-01 09:25:53 AM,55.08,468,25777.44,19758452.77
2025-08-01 09:25:58 AM,55.04,900,49536.0,19807988.77
2025-08-01 09:26:00 AM,55.04,242,13319.68,19821308.45
2025-08-01 09:26:05 AM,55.06,0,0.0,19821308.45
2025-08-01 09:26:06 AM,55.1,9526,524882.6,20346191.05
2025-08-01 09:26:08 AM,55.11,500,27555.0,20373746.05
2025-08-01 09:26:14 AM,55.06,6000,330360.0,20704106.05
2025-08-01 09:26:22 AM,55.1,50,2755.0,20706861.05
2025-08-01 09:26:29 AM,55.08,1017,56016.36,20762877.41
2025-08-01 09:26:31 AM,55.08,18,991.4399999999999,20763868.85
2025-08-01 09:26:37 AM,55.08,4290,236293.19999999998,21000162.05
2025-08-01 09:26:42 AM,55.15,0,0.0,21000162.05
2025-08-01 09:26:45 AM,55.15,593,32703.95,21032866.0
2025-08-01 09:26:52 AM,55.15,5,275.75,21033141.75
2025-08-01 09:26:53 AM,55.12,1000,55120.0,21088261.75
2025-08-01 09:26:58 AM,55.15,0,0.0,21088261.75
2025-08-01 09:27:00 AM,55.15,64,3529.6,21091791.35
2025-08-01 09:27:07 AM,55.2,200,11040.0,21102831.35
2025-08-01 09:27:08 AM,55.15,1,55.15,21102886.5
2025-08-01 09:27:14 AM,55.15,1000,55150.0,21158036.5
2025-08-01 09:27:30 AM,55.13,0,0.0,21158036.5
2025-08-01 09:27:30 AM,55.13,600,33078.0,21191114.5
2025-08-01 09:27:34 AM,55.16,0,0.0,21191114.5
2025-08-01 09:27:37 AM,55.16,100,5516.0,21196630.5
2025-08-01 09:27:44 AM,55.13,2,110.26,21196740.76
2025-08-01 09:27:53 AM,55.16,10,551.5999999999999,21197292.360000003
2025-08-01 09:27:54 AM,55.13,0,0.0,21197292.360000003
2025-08-01 09:28:00 AM,55.13,3489,192348.57,21389640.930000003
2025-08-01 09:28:05 AM,55.15,0,0.0,21389640.930000003
2025-08-01 09:28:07 AM,55.11,6180,340579.8,21730220.730000004
2025-08-01 09:28:09 AM,55.11,223,12289.53,21742510.260000005
2025-08-01 09:28:12 AM,55.12,0,0.0,21742510.260000005
2025-08-01 09:28:15 AM,55.12,12,661.4399999999999,21743171.700000007
2025-08-01 09:28:19 AM,55.08,0,0.0,21743171.700000007
2025-08-01 09:28:23 AM,55.12,300,16536.0,21759707.700000007
2025-08-01 09:28:24 AM,55.11,800,44088.0,21803795.700000007
2025-08-01 09:28:29 AM,55.09,0,0.0,21803795.700000007
2025-08-01 09:28:31 AM,55.09,102,5619.18,21809414.880000006
2025-08-01 09:28:34 AM,55.13,0,0.0,21809414.880000006
2025-08-01 09:28:38 AM,55.13,100,5513.0,21814927.880000006
2025-08-01 09:28:46 AM,55.1,20,1102.0,21816029.880000006
2025-08-01 09:28:51 AM,55.13,0,0.0,21816029.880000006
2025-08-01 09:28:53 AM,55.13,41,2260.33,21818290.210000005
2025-08-01 09:29:01 AM,55.15,10,551.5,21818841.710000005
2025-08-01 09:29:02 AM,55.15,1,55.15,21818896.860000003
2025-08-01 09:29:19 AM,55.14,0,0.0,21818896.860000003
2025-08-01 09:29:24 AM,55.13,2789,153757.57,21972654.430000003
2025-08-01 09:29:31 AM,55.13,61,3362.9300000000003,21976017.360000003
2025-08-01 09:29:33 AM,55.14,0,0.0,21976017.360000003
2025-08-01 09:29:39 AM,55.14,38,2095.32,21978112.680000003
2025-08-01 09:29:46 AM,55.14,197,10862.58,21988975.26
2025-08-01 09:29:49 AM,55.13,0,0.0,21988975.26
2025-08-01 09:29:53 AM,55.13,10,551.3000000000001,21989526.560000002
2025-08-01 09:29:54 AM,55.1,0,0.0,21989526.560000002
2025-08-01 09:29:54 AM,55.1,1000,55100.0,22044626.560000002
2025-08-01 09:29:59 AM,55.13,0,0.0,22044626.560000002
2025-08-01 09:30:01 AM,55.13,10,551.3000000000001,22045177.860000003
2025-08-01 09:30:06 AM,55.11,0,0.0,22045177.860000003
2025-08-01 09:30:09 AM,55.11,117,6447.87,22051625.730000004
2025-08-01 09:30:17 AM,55.11,4227,232949.97,22284575.700000003
2025-08-01 09:30:21 AM,55.09,0,0.0,22284575.700000003
2025-08-01 09:30:24 AM,55.08,264,14541.119999999999,22299116.820000004
2025-08-01 09:30:31 AM,55.08,31,1707.48,22300824.300000004
2025-08-01 09:30:39 AM,55.08,351,19333.079999999998,22320157.380000003
2025-08-01 09:30:46 AM,55.08,5,275.4,22320432.78
2025-08-01 09:31:01 AM,55.08,200,11016.0,22331448.78
2025-08-01 09:31:03 AM,54.92,0,0.0,22331448.78
2025-08-01 09:31:08 AM,54.92,12553,689410.76,23020859.540000003
2025-08-01 09:31:15 AM,54.92,346,19002.32,23039861.860000003
2025-08-01 09:31:33 AM,54.9,0,0.0,23039861.860000003
2025-08-01 09:31:35 AM,54.92,0,0.0,23039861.860000003
2025-08-01 09:31:37 AM,54.9,210,11529.0,23051390.860000003
2025-08-01 09:31:41 AM,54.87,0,0.0,23051390.860000003
2025-08-01 09:31:44 AM,54.9,3021,165852.9,23217243.76
2025-08-01 09:31:47 AM,54.85,0,0.0,23217243.76
2025-08-01 09:31:51 AM,54.85,23,1261.55,23218505.310000002
2025-08-01 09:31:56 AM,54.86,0,0.0,23218505.310000002
2025-08-01 09:31:58 AM,54.9,5095,279715.5,23498220.810000002
2025-08-01 09:32:02 AM,54.82,0,0.0,23498220.810000002
2025-08-01 09:32:05 AM,54.89,12989,712966.21,24211187.020000003
2025-08-01 09:32:07 AM,54.91,0,0.0,24211187.020000003
2025-08-01 09:32:12 AM,54.85,1510,82823.5,24294010.520000003
2025-08-01 09:32:20 AM,54.86,0,0.0,24294010.520000003
2025-08-01 09:32:20 AM,54.9,0,0.0,24294010.520000003
2025-08-01 09:32:25 AM,54.92,0,0.0,24294010.520000003
2025-08-01 09:32:26 AM,54.92,5633,309364.36,24603374.880000003
2025-08-01 09:32:33 AM,54.92,1006,55249.520000000004,24658624.400000002
2025-08-01 09:32:38 AM,54.93,0,0.0,24658624.400000002
2025-08-01 09:32:40 AM,54.93,44,2416.92,24661041.320000004
2025-08-01 09:32:43 AM,54.92,0,0.0,24661041.320000004
2025-08-01 09:32:47 AM,54.92,400,21968.0,24683009.320000004
2025-08-01 09:32:54 AM,54.97,10,549.7,24683559.020000003
2025-08-01 09:32:56 AM,54.93,0,0.0,24683559.020000003
2025-08-01 09:33:01 AM,54.93,12,659.16,24684218.180000003
2025-08-01 09:33:07 AM,54.97,0,0.0,24684218.180000003
2025-08-01 09:33:08 AM,54.97,1,54.97,24684273.150000002
2025-08-01 09:33:15 AM,54.98,172,9456.56,24693729.71
2025-08-01 09:33:18 AM,55.0,0,0.0,24693729.71
2025-08-01 09:33:21 AM,55.0,954,52470.0,24746199.71
2025-08-01 09:33:28 AM,55.1,0,0.0,24746199.71
2025-08-01 09:33:28 AM,55.08,6193,341110.44,25087310.150000002
2025-08-01 09:33:33 AM,55.04,0,0.0,25087310.150000002
2025-08-01 09:33:35 AM,55.04,5001,275255.04,25362565.19
2025-08-01 09:33:38 AM,55.1,0,0.0,25362565.19
2025-08-01 09:33:42 AM,55.1,3,165.3,25362730.490000002
2025-08-01 09:33:49 AM,55.1,190,10469.0,25373199.490000002
2025-08-01 09:33:53 AM,55.09,0,0.0,25373199.490000002
2025-08-01 09:33:56 AM,55.09,25,1377.25,25374576.740000002
2025-08-01 09:34:03 AM,55.14,0,0.0,25374576.740000002
2025-08-01 09:34:03 AM,55.14,300,16542.0,25391118.740000002
2025-08-01 09:34:24 AM,55.14,1815,100079.1,25491197.840000004
2025-08-01 09:34:38 AM,55.14,500,27570.0,25518767.840000004
2025-08-01 09:34:45 AM,55.14,14,771.96,25519539.800000004
2025-08-01 09:34:52 AM,55.15,4671,257605.65,25777145.450000003
2025-08-01 09:34:58 AM,55.19,0,0.0,25777145.450000003
2025-08-01 09:34:59 AM,55.19,103,5684.57,25782830.020000003
2025-08-01 09:35:13 AM,55.14,0,0.0,25782830.020000003
2025-08-01 09:35:13 AM,55.14,8422,464389.08,26247219.1
2025-08-01 09:35:18 AM,55.11,0,0.0,26247219.1
2025-08-01 09:35:20 AM,55.11,1416,78035.76,26325254.860000003
2025-08-01 09:35:20 AM,55.11,15,826.65,26326081.51
2025-08-01 09:35:27 AM,55.08,160,8812.8,26334894.310000002
2025-08-01 09:35:33 AM,55.1,0,0.0,26334894.310000002
2025-08-01 09:35:33 AM,55.08,0,0.0,26334894.310000002
2025-08-01 09:35:34 AM,55.08,2275,125307.0,26460201.310000002
2025-08-01 09:35:38 AM,55.06,0,0.0,26460201.310000002
2025-08-01 09:35:41 AM,55.06,1482,81598.92,26541800.230000004
2025-08-01 09:35:57 AM,55.1,0,0.0,26541800.230000004
2025-08-01 09:36:01 AM,55.08,126,6940.08,26548740.310000002
2025-08-01 09:36:02 AM,55.14,0,0.0,26548740.310000002
2025-08-01 09:36:08 AM,55.14,2510,138401.4,26687141.71
2025-08-01 09:36:10 AM,55.1,0,0.0,26687141.71
2025-08-01 09:36:14 AM,55.1,450,24795.0,26711936.71
2025-08-01 09:36:18 AM,55.14,0,0.0,26711936.71
2025-08-01 09:36:21 AM,55.14,119,6561.66,26718498.37
2025-08-01 09:36:26 AM,55.11,0,0.0,26718498.37
2025-08-01 09:36:28 AM,55.11,3490,192333.9,26910832.27
2025-08-01 09:36:38 AM,55.14,0,0.0,26910832.27
2025-08-01 09:36:40 AM,55.14,25,1378.5,26912210.77
2025-08-01 09:36:42 AM,55.15,0,0.0,26912210.77
2025-08-01 09:36:47 AM,55.16,2661,146780.75999999998,27058991.53
2025-08-01 09:36:54 AM,55.14,2,110.28,27059101.810000002
2025-08-01 09:37:07 AM,55.14,100,5514.0,27064615.810000002
2025-08-01 09:37:12 AM,55.16,0,0.0,27064615.810000002
2025-08-01 09:37:14 AM,55.16,3827,211097.31999999998,27275713.130000003
2025-08-01 09:37:21 AM,55.16,19,1048.04,27276761.17
2025-08-01 09:37:27 AM,55.05,0,0.0,27276761.17
2025-08-01 09:37:28 AM,55.05,8017,441335.85,27718097.020000003
2025-08-01 09:37:35 AM,55.05,30,1651.5,27719748.520000003
2025-08-01 09:37:40 AM,55.07,0,0.0,27719748.520000003
2025-08-01 09:37:42 AM,55.07,70,3854.9,27723603.42
2025-08-01 09:37:44 AM,55.05,0,0.0,27723603.42
2025-08-01 09:37:48 AM,55.04,2910,160166.4,27883769.82
2025-08-01 09:37:55 AM,55.04,150,8256.0,27892025.82
2025-08-01 09:38:09 AM,55.04,9,495.36,27892521.18
2025-08-01 09:38:16 AM,55.04,1,55.04,27892576.22
2025-08-01 09:38:22 AM,55.04,790,43481.6,27936057.82
2025-08-01 09:38:29 AM,55.04,50,2752.0,27938809.82
2025-08-01 09:38:33 AM,54.99,0,0.0,27938809.82
2025-08-01 09:38:36 AM,54.99,2255,124002.45000000001,28062812.27
2025-08-01 09:38:38 AM,55.02,0,0.0,28062812.27
2025-08-01 09:38:42 AM,55.03,34,1871.02,28064683.29
2025-08-01 09:38:50 AM,55.0,0,0.0,28064683.29
2025-08-01 09:38:55 AM,55.0,40,2200.0,28066883.29
2025-08-01 09:39:02 AM,55.0,1000,55000.0,28121883.29
2025-08-01 09:39:09 AM,55.0,1,55.0,28121938.29
2025-08-01 09:39:09 AM,54.99,4498,247345.02000000002,28369283.31
2025-08-01 09:39:13 AM,54.92,0,0.0,28369283.31
2025-08-01 09:39:16 AM,54.92,1,54.92,28369338.23
2025-08-01 09:39:17 AM,54.88,0,0.0,28369338.23
2025-08-01 09:39:23 AM,54.88,500,27440.0,28396778.23
2025-08-01 09:39:27 AM,54.89,0,0.0,28396778.23
2025-08-01 09:39:29 AM,54.89,80,4391.2,28401169.43
2025-08-01 09:39:31 AM,54.92,0,0.0,28401169.43
2025-08-01 09:39:36 AM,54.92,10,549.2,28401718.63
2025-08-01 09:39:47 AM,54.96,0,0.0,28401718.63
2025-08-01 09:39:49 AM,54.96,5030,276448.8,28678167.43
2025-08-01 09:39:51 AM,54.88,0,0.0,28678167.43
2025-08-01 09:39:55 AM,54.88,1450,79576.0,28757743.43
2025-08-01 09:40:03 AM,54.9,1458,80044.2,28837787.63
2025-08-01 09:40:07 AM,54.88,0,0.0,28837787.63
2025-08-01 09:40:07 AM,54.93,0,0.0,28837787.63
2025-08-01 09:40:08 AM,54.88,1405,77106.40000000001,28914894.029999997
2025-08-01 09:40:15 AM,54.93,600,32958.0,28947852.029999997
2025-08-01 09:40:16 AM,54.93,10,549.3,28948401.33
2025-08-01 09:40:22 AM,54.93,14,769.02,28949170.349999998
2025-08-01 09:40:29 AM,54.92,0,0.0,28949170.349999998
2025-08-01 09:40:31 AM,54.94,0,0.0,28949170.349999998
2025-08-01 09:40:35 AM,54.94,477,26206.379999999997,28975376.729999997
2025-08-01 09:40:41 AM,54.94,163,8955.22,28984331.949999996
2025-08-01 09:40:49 AM,55.02,1612,88692.24,29073024.189999994
2025-08-01 09:40:51 AM,55.11,0,0.0,29073024.189999994
2025-08-01 09:40:55 AM,55.11,3000,165330.0,29238354.189999994
2025-08-01 09:41:08 AM,55.1,4714,259741.4,29498095.589999992
2025-08-01 09:41:14 AM,55.17,0,0.0,29498095.589999992
2025-08-01 09:41:15 AM,55.17,80,4413.6,29502509.189999994
2025-08-01 09:41:18 AM,55.13,0,0.0,29502509.189999994
2025-08-01 09:41:21 AM,55.13,5948,327913.24,29830422.429999992
2025-08-01 09:41:30 AM,55.18,0,0.0,29830422.429999992
2025-08-01 09:41:34 AM,55.18,2000,110360.0,29940782.429999992
2025-08-01 09:41:41 AM,55.18,3000,165540.0,30106322.429999992
2025-08-01 09:41:46 AM,55.13,0,0.0,30106322.429999992
2025-08-01 09:41:48 AM,55.13,874,48183.62,30154506.049999993
2025-08-01 09:41:54 AM,55.08,55,3029.4,30157535.44999999
2025-08-01 09:42:11 AM,55.13,0,0.0,30157535.44999999
2025-08-01 09:42:14 AM,55.13,2438,134406.94,30291942.389999993
2025-08-01 09:42:15 AM,55.15,0,0.0,30291942.389999993
2025-08-01 09:42:20 AM,55.15,100,5515.0,30297457.389999993
2025-08-01 09:42:24 AM,55.13,0,0.0,30297457.389999993
2025-08-01 09:42:27 AM,55.13,300,16539.0,30313996.389999993
2025-08-01 09:42:33 AM,55.13,467,25745.710000000003,30339742.099999994
2025-08-01 09:42:44 AM,55.11,0,0.0,30339742.099999994
2025-08-01 09:42:46 AM,55.11,6,330.65999999999997,30340072.759999994
2025-08-01 09:42:47 AM,55.06,148,8148.88,30348221.639999993
2025-08-01 09:43:05 AM,55.11,0,0.0,30348221.639999993
2025-08-01 09:43:06 AM,55.11,1,55.11,30348276.749999993
2025-08-01 09:43:25 AM,55.05,0,0.0,30348276.749999993
2025-08-01 09:43:26 AM,55.05,70,3853.5,30352130.249999993
2025-08-01 09:43:37 AM,55.1,0,0.0,30352130.249999993
2025-08-01 09:43:39 AM,55.1,502,27660.2,30379790.44999999
2025-08-01 09:43:40 AM,55.11,6,330.65999999999997,30380121.109999992
2025-08-01 09:43:41 AM,55.06,0,0.0,30380121.109999992
2025-08-01 09:43:45 AM,55.06,300,16518.0,30396639.109999992
2025-08-01 09:44:01 AM,55.05,0,0.0,30396639.109999992
2025-08-01 09:44:05 AM,55.05,1,55.05,30396694.159999993
2025-08-01 09:44:12 AM,55.05,752,41397.6,30438091.759999994
2025-08-01 09:44:13 AM,55.05,9,495.45,30438587.209999993
2025-08-01 09:44:19 AM,55.05,10,550.5,30439137.709999993
2025-08-01 09:44:25 AM,55.01,6,330.06,30439467.769999992
2025-08-01 09:44:29 AM,55.05,0,0.0,30439467.769999992
2025-08-01 09:44:32 AM,55.05,210,11560.5,30451028.269999992
2025-08-01 09:44:43 AM,55.06,0,0.0,30451028.269999992
2025-08-01 09:44:44 AM,55.06,202,11122.12,30462150.389999993
2025-08-01 09:44:47 AM,55.05,0,0.0,30462150.389999993
2025-08-01 09:44:51 AM,55.05,8,440.4,30462590.78999999
2025-08-01 09:44:52 AM,55.1,13784,759498.4,31222089.18999999
2025-08-01 09:44:53 AM,55.07,0,0.0,31222089.18999999
2025-08-01 09:44:57 AM,55.1,13,716.3000000000001,31222805.48999999
2025-08-01 09:45:01 AM,55.05,0,0.0,31222805.48999999
2025-08-01 09:45:04 AM,55.05,534,29396.699999999997,31252202.18999999
2025-08-01 09:45:11 AM,55.06,3260,179495.6,31431697.78999999
2025-08-01 09:45:29 AM,55.04,0,0.0,31431697.78999999
2025-08-01 09:45:30 AM,55.02,0,0.0,31431697.78999999
2025-08-01 09:45:30 AM,55.02,718,39504.36,31471202.14999999
2025-08-01 09:45:43 AM,55.05,4000,220200.0,31691402.14999999
2025-08-01 09:45:58 AM,54.99,0,0.0,31691402.14999999
2025-08-01 09:46:02 AM,54.99,174,9568.26,31700970.409999993
2025-08-01 09:46:13 AM,54.98,0,0.0,31700970.409999993
2025-08-01 09:46:15 AM,54.98,1009,55474.82,31756445.229999993
2025-08-01 09:47:08 AM,55.02,10,550.2,31756995.429999992
2025-08-01 09:47:18 AM,55.02,3,165.06,31757160.48999999
2025-08-01 09:47:19 AM,55.05,0,0.0,31757160.48999999
2025-08-01 09:47:20 AM,55.05,898,49434.899999999994,31806595.38999999
2025-08-01 09:47:26 AM,55.04,0,0.0,31806595.38999999
2025-08-01 09:47:27 AM,55.04,3,165.12,31806760.50999999
2025-08-01 09:47:31 AM,55.04,1,55.04,31806815.54999999
2025-08-01 09:47:33 AM,55.0,5777,317735.0,32124550.54999999
2025-08-01 09:47:35 AM,54.97,0,0.0,32124550.54999999
2025-08-01 09:47:37 AM,54.97,15,824.55,32125375.09999999
2025-08-01 09:47:53 AM,54.99,500,27495.0,32152870.09999999
2025-08-01 09:48:10 AM,54.99,3,164.97,32153035.06999999
2025-08-01 09:48:13 AM,55.02,0,0.0,32153035.06999999
2025-08-01 09:48:13 AM,55.02,45,2475.9,32155510.969999988
2025-08-01 09:48:17 AM,54.99,0,0.0,32155510.969999988
2025-08-01 09:48:19 AM,55.02,34,1870.68,32157381.649999987
2025-08-01 09:48:23 AM,55.02,1,55.02,32157436.669999987
2025-08-01 09:48:29 AM,55.03,0,0.0,32157436.669999987
2025-08-01 09:48:29 AM,54.99,0,0.0,32157436.669999987
2025-08-01 09:48:30 AM,54.99,2100,115479.0,32272915.669999987
2025-08-01 09:48:58 AM,54.99,1420,78085.8,32351001.469999988
2025-08-01 09:49:17 AM,55.03,0,0.0,32351001.469999988
2025-08-01 09:49:17 AM,55.03,1,55.03,32351056.49999999
2025-08-01 09:49:23 AM,54.99,0,0.0,32351056.49999999
2025-08-01 09:49:23 AM,54.99,500,27495.0,32378551.49999999
2025-08-01 09:49:32 AM,55.0,0,0.0,32378551.49999999
2025-08-01 09:49:33 AM,55.0,101,5555.0,32384106.49999999
2025-08-01 09:50:01 AM,54.99,4525,248829.75,32632936.24999999
2025-08-01 09:50:14 AM,54.99,4000,219960.0,32852896.24999999
2025-08-01 09:50:18 AM,54.99,1000,54990.0,32907886.24999999
2025-08-01 09:50:19 AM,55.0,0,0.0,32907886.24999999
2025-08-01 09:50:21 AM,55.0,13794,758670.0,33666556.249999985
2025-08-01 09:50:27 AM,55.0,1,55.0,33666611.249999985
2025-08-01 09:50:36 AM,55.03,0,0.0,33666611.249999985
2025-08-01 09:50:36 AM,55.03,828,45564.840000000004,33712176.08999999
2025-08-01 09:51:14 AM,55.04,500,27520.0,33739696.08999999
2025-08-01 09:51:27 AM,55.18,22505,1241825.9,34981521.98999999
2025-08-01 09:51:29 AM,55.14,1200,66168.0,35047689.98999999
2025-08-01 09:51:32 AM,55.18,0,0.0,35047689.98999999
2025-08-01 09:51:33 AM,55.18,150,8277.0,35055966.98999999
2025-08-01 09:51:38 AM,55.12,0,0.0,35055966.98999999
2025-08-01 09:51:39 AM,55.12,1500,82680.0,35138646.98999999
2025-08-01 09:51:41 AM,55.13,0,0.0,35138646.98999999
2025-08-01 09:51:42 AM,55.13,200,11026.0,35149672.98999999
2025-08-01 09:51:43 AM,55.18,0,0.0,35149672.98999999
2025-08-01 09:51:46 AM,55.18,9,496.62,35150169.609999985
2025-08-01 09:51:48 AM,55.18,1,55.18,35150224.789999984
2025-08-01 09:51:52 AM,55.18,61,3365.98,35153590.76999998
2025-08-01 09:51:58 AM,55.18,275,15174.5,35168765.26999998
2025-08-01 09:52:11 AM,55.2,0,0.0,35168765.26999998
2025-08-01 09:52:12 AM,55.16,1231,67901.95999999999,35236667.22999998
2025-08-01 09:52:19 AM,55.13,105,5788.650000000001,35242455.87999998
2025-08-01 09:52:22 AM,55.13,1,55.13,35242511.00999998
2025-08-01 09:52:33 AM,55.15,0,0.0,35242511.00999998
2025-08-01 09:52:34 AM,55.15,12,661.8,35243172.80999998
2025-08-01 09:52:39 AM,55.11,0,0.0,35243172.80999998
2025-08-01 09:52:40 AM,55.15,550,30332.5,35273505.30999998
2025-08-01 09:52:43 AM,55.1,15,826.5,35274331.80999998
2025-08-01 09:53:00 AM,55.14,0,0.0,35274331.80999998
2025-08-01 09:53:01 AM,55.14,29,1599.06,35275930.86999998
2025-08-01 09:53:04 AM,55.1,500,27550.0,35303480.86999998
2025-08-01 09:53:28 AM,55.13,0,0.0,35303480.86999998
2025-08-01 09:53:30 AM,55.13,1,55.13,35303535.999999985
2025-08-01 09:54:01 AM,55.13,911,50223.43,35353759.429999985
2025-08-01 09:54:07 AM,55.07,0,0.0,35353759.429999985
2025-08-01 09:54:07 AM,55.07,9403,517823.21,35871582.639999986
2025-08-01 09:54:13 AM,55.07,6,330.42,35871913.05999999
2025-08-01 09:54:32 AM,55.07,50,2753.5,35874666.55999999
2025-08-01 09:54:38 AM,55.11,0,0.0,35874666.55999999
2025-08-01 09:54:38 AM,55.11,10,551.1,35875217.65999999
2025-08-01 09:54:59 AM,55.14,0,0.0,35875217.65999999
2025-08-01 09:55:01 AM,55.14,1044,57566.16,35932783.819999985
2025-08-01 09:55:19 AM,55.1,400,22040.0,35954823.819999985
2025-08-01 09:55:38 AM,55.13,10,551.3000000000001,35955375.11999998
2025-08-01 09:55:43 AM,55.13,54,2977.02,35958352.139999986
2025-08-01 09:55:49 AM,55.13,5,275.65000000000003,35958627.789999984
2025-08-01 09:55:55 AM,55.15,0,0.0,35958627.789999984
2025-08-01 09:55:55 AM,55.15,5542,305641.3,36264269.08999998
2025-08-01 09:55:56 AM,55.13,1375,75803.75,36340072.83999998
2025-08-01 09:56:08 AM,55.17,0,0.0,36340072.83999998
2025-08-01 09:56:08 AM,55.17,1197,66038.49,36406111.32999998
2025-08-01 09:56:20 AM,55.17,200,11034.0,36417145.32999998
2025-08-01 09:56:26 AM,55.17,2000,110340.0,36527485.32999998
2025-08-01 09:56:26 AM,55.17,6,331.02,36527816.34999999
2025-08-01 09:56:29 AM,55.21,0,0.0,36527816.34999999
2025-08-01 09:56:31 AM,55.35,0,0.0,36527816.34999999
2025-08-01 09:56:31 AM,55.35,50791,2811281.85,39339098.19999999
2025-08-01 09:56:38 AM,55.32,37,2046.84,39341145.03999999
2025-08-01 09:56:41 AM,55.35,0,0.0,39341145.03999999
2025-08-01 09:56:43 AM,55.4,0,0.0,39341145.03999999
2025-08-01 09:56:43 AM,55.4,7205,399157.0,39740302.03999999
2025-08-01 09:56:46 AM,55.35,0,0.0,39740302.03999999
2025-08-01 09:56:50 AM,55.34,2327,128776.18000000001,39869078.21999999
2025-08-01 09:56:54 AM,55.32,0,0.0,39869078.21999999
2025-08-01 09:56:56 AM,55.32,100,5532.0,39874610.21999999
2025-08-01 09:57:01 AM,55.25,1500,82875.0,39957485.21999999
2025-08-01 09:57:07 AM,55.25,2179,120389.75,40077874.96999999
2025-08-01 09:57:11 AM,55.24,0,0.0,40077874.96999999
2025-08-01 09:57:13 AM,55.25,1200,66300.0,40144174.96999999
2025-08-01 09:57:19 AM,55.24,0,0.0,40144174.96999999
2025-08-01 09:57:19 AM,55.24,98,5413.52,40149588.489999995
2025-08-01 09:57:25 AM,55.24,4,220.96,40149809.449999996
2025-08-01 09:57:27 AM,55.25,26,1436.5,40151245.949999996
2025-08-01 09:57:30 AM,55.25,403,22265.75,40173511.699999996
2025-08-01 09:57:32 AM,55.16,11483,633402.2799999999,40806913.98
2025-08-01 09:57:35 AM,55.21,0,0.0,40806913.98
2025-08-01 09:57:36 AM,55.21,448,24734.08,40831648.059999995
2025-08-01 09:57:45 AM,55.16,50,2758.0,40834406.059999995
2025-08-01 09:57:48 AM,55.16,517,28517.719999999998,40862923.779999994
2025-08-01 09:57:57 AM,55.12,316,17417.92,40880341.699999996
2025-08-01 09:58:07 AM,55.12,2000,110240.0,40990581.699999996
2025-08-01 09:58:10 AM,55.16,6000,330960.0,41321541.699999996
2025-08-01 09:58:12 AM,55.24,0,0.0,41321541.699999996
2025-08-01 09:58:13 AM,55.24,18181,1004318.4400000001,42325860.13999999
2025-08-01 09:58:16 AM,55.15,0,0.0,42325860.13999999
2025-08-01 09:58:16 AM,55.15,109,6011.349999999999,42331871.489999995
2025-08-01 09:58:31 AM,55.08,1305,71879.4,42403750.88999999
2025-08-01 09:58:44 AM,55.04,0,0.0,42403750.88999999
2025-08-01 09:58:46 AM,55.04,13340,734233.6,43137984.489999995
2025-08-01 09:58:48 AM,55.05,0,0.0,43137984.489999995
2025-08-01 09:58:49 AM,55.05,8211,452015.55,43590000.03999999
2025-08-01 09:59:04 AM,55.0,0,0.0,43590000.03999999
2025-08-01 09:59:04 AM,55.0,6632,364760.0,43954760.03999999
2025-08-01 09:59:17 AM,54.97,1300,71461.0,44026221.03999999
2025-08-01 09:59:35 AM,55.03,1,55.03,44026276.06999999
2025-08-01 09:59:42 AM,55.08,5500,302940.0,44329216.06999999
2025-08-01 09:59:57 AM,55.04,0,0.0,44329216.06999999
2025-08-01 09:59:57 AM,55.04,131,7210.24,44336426.309999995
2025-08-01 10:00:03 AM,55.05,15,825.75,44337252.059999995
2025-08-01 10:00:06 AM,55.05,1,55.05,44337307.10999999
2025-08-01 10:00:10 AM,55.05,3,165.14999999999998,44337472.25999999
2025-08-01 10:00:13 AM,55.05,5,275.25,44337747.50999999
2025-08-01 10:00:17 AM,55.05,3,165.14999999999998,44337912.65999999
2025-08-01 10:00:23 AM,55.02,1,55.02,44337967.67999999
2025-08-01 10:00:25 AM,55.05,0,0.0,44337967.67999999
2025-08-01 10:00:26 AM,55.05,1,55.05,44338022.72999999
2025-08-01 10:00:29 AM,55.05,50,2752.5,44340775.22999999
2025-08-01 10:00:35 AM,55.05,1,55.05,44340830.27999999
2025-08-01 10:00:38 AM,55.0,3496,192280.0,44533110.27999999
2025-08-01 10:00:41 AM,55.02,0,0.0,44533110.27999999
2025-08-01 10:00:42 AM,55.02,500,27510.0,44560620.27999999
2025-08-01 10:00:42 AM,55.0,0,0.0,44560620.27999999
2025-08-01 10:00:45 AM,54.95,1549,85117.55,44645737.82999998
2025-08-01 10:00:48 AM,54.97,0,0.0,44645737.82999998
2025-08-01 10:00:48 AM,54.97,1,54.97,44645792.79999998
2025-08-01 10:00:51 AM,54.94,264,14504.16,44660296.95999998
2025-08-01 10:00:57 AM,54.93,350,19225.5,44679522.45999998
2025-08-01 10:01:00 AM,54.93,1,54.93,44679577.38999998
2025-08-01 10:01:04 AM,54.93,602,33067.86,44712645.24999998
2025-08-01 10:01:07 AM,54.93,1,54.93,44712700.17999998
2025-08-01 10:01:19 AM,54.93,1,54.93,44712755.10999998
2025-08-01 10:01:23 AM,54.93,6,329.58,44713084.689999975
2025-08-01 10:01:25 AM,55.02,0,0.0,44713084.689999975
2025-08-01 10:01:25 AM,55.02,5500,302610.0,45015694.689999975
2025-08-01 10:01:31 AM,55.01,0,0.0,45015694.689999975
2025-08-01 10:01:31 AM,55.01,1,55.01,45015749.69999997
2025-08-01 10:01:48 AM,55.0,500,27500.0,45043249.69999997
2025-08-01 10:02:01 AM,54.96,18404,1011483.84,46054733.53999998
2025-08-01 10:02:06 AM,54.99,0,0.0,46054733.53999998
2025-08-01 10:02:06 AM,54.99,50,2749.5,46057483.03999998
2025-08-01 10:02:08 AM,54.96,8,439.68,46057922.71999998
2025-08-01 10:02:19 AM,54.99,1,54.99,46057977.70999998
2025-08-01 10:02:21 AM,54.96,0,0.0,46057977.70999998
2025-08-01 10:02:25 AM,54.96,1,54.96,46058032.66999998
2025-08-01 10:02:27 AM,54.99,1,54.99,46058087.65999998
2025-08-01 10:02:31 AM,54.99,1,54.99,46058142.64999998
2025-08-01 10:02:37 AM,54.99,2001,110034.99,46168177.639999986
2025-08-01 10:02:39 AM,54.99,5,274.95,46168452.58999999
2025-08-01 10:02:44 AM,54.96,96,5276.16,46173728.749999985
2025-08-01 10:02:56 AM,54.99,0,0.0,46173728.749999985
2025-08-01 10:02:57 AM,54.99,1,54.99,46173783.73999999
2025-08-01 10:03:03 AM,54.99,1,54.99,46173838.72999999
2025-08-01 10:03:09 AM,54.99,20,1099.8,46174938.52999999
2025-08-01 10:03:16 AM,54.99,3163,173933.37,46348871.89999998
2025-08-01 10:03:18 AM,54.98,144,7917.12,46356789.01999998
2025-08-01 10:03:48 AM,55.08,0,0.0,46356789.01999998
2025-08-01 10:03:48 AM,55.08,5500,302940.0,46659729.01999998
2025-08-01 10:03:52 AM,55.06,0,0.0,46659729.01999998
2025-08-01 10:03:54 AM,55.06,41,2257.46,46661986.47999998
2025-08-01 10:04:02 AM,55.08,1,55.08,46662041.55999998
2025-08-01 10:04:06 AM,55.05,50,2752.5,46664794.05999998
2025-08-01 10:04:12 AM,55.08,0,0.0,46664794.05999998
2025-08-01 10:04:13 AM,55.08,54,2974.3199999999997,46667768.37999998
2025-08-01 10:04:16 AM,55.02,0,0.0,46667768.37999998
2025-08-01 10:04:19 AM,55.02,675,37138.5,46704906.87999998
2025-08-01 10:04:32 AM,55.04,0,0.0,46704906.87999998
2025-08-01 10:04:32 AM,55.04,2,110.08,46705016.95999998
2025-08-01 10:04:36 AM,55.05,0,0.0,46705016.95999998
2025-08-01 10:04:38 AM,55.05,33,1816.6499999999999,46706833.60999998
2025-08-01 10:04:50 AM,55.05,1,55.05,46706888.659999974
2025-08-01 10:04:58 AM,55.06,0,0.0,46706888.659999974
2025-08-01 10:04:59 AM,55.06,182,10020.92,46716909.579999976
2025-08-01 10:05:01 AM,55.01,0,0.0,46716909.579999976
2025-08-01 10:05:03 AM,55.01,300,16503.0,46733412.579999976
2025-08-01 10:05:44 AM,55.05,0,0.0,46733412.579999976
2025-08-01 10:05:45 AM,55.05,50,2752.5,46736165.079999976
2025-08-01 10:05:47 AM,55.01,0,0.0,46736165.079999976
2025-08-01 10:05:47 AM,55.01,1000,55010.0,46791175.079999976
2025-08-01 10:05:53 AM,55.04,0,0.0,46791175.079999976
2025-08-01 10:05:54 AM,55.04,1,55.04,46791230.119999975
2025-08-01 10:06:00 AM,54.98,5482,301400.36,47092630.479999974
2025-08-01 10:06:05 AM,54.97,0,0.0,47092630.479999974
2025-08-01 10:06:06 AM,54.99,14778,812642.22,47905272.69999997
2025-08-01 10:06:15 AM,55.01,146,8031.46,47913304.159999974
2025-08-01 10:06:18 AM,55.04,164,9026.56,47922330.71999998
2025-08-01 10:06:24 AM,55.04,100,5504.0,47927834.71999998
2025-08-01 10:06:25 AM,54.98,0,0.0,47927834.71999998
2025-08-01 10:06:27 AM,54.98,1000,54980.0,47982814.71999998
2025-08-01 10:06:31 AM,55.02,0,0.0,47982814.71999998
2025-08-01 10:06:33 AM,55.02,87,4786.740000000001,47987601.45999998
2025-08-01 10:06:35 AM,54.99,0,0.0,47987601.45999998
2025-08-01 10:06:35 AM,54.99,23,1264.77,47988866.22999998
2025-08-01 10:06:39 AM,54.96,0,0.0,47988866.22999998
2025-08-01 10:06:39 AM,54.96,4473,245836.08000000002,48234702.30999998
2025-08-01 10:06:41 AM,54.93,8,439.44,48235141.74999998
2025-08-01 10:06:47 AM,54.93,85,4669.05,48239810.799999975
2025-08-01 10:07:03 AM,54.86,0,0.0,48239810.799999975
2025-08-01 10:07:04 AM,54.86,6400,351104.0,48590914.799999975
2025-08-01 10:07:16 AM,54.86,6244,342545.83999999997,48933460.63999998
2025-08-01 10:07:23 AM,54.86,50,2743.0,48936203.63999998
2025-08-01 10:07:24 AM,54.86,50,2743.0,48938946.63999998
2025-08-01 10:07:28 AM,54.91,0,0.0,48938946.63999998
2025-08-01 10:07:29 AM,54.91,21,1153.11,48940099.74999998
2025-08-01 10:07:32 AM,54.96,0,0.0,48940099.74999998
2025-08-01 10:07:35 AM,54.96,1457,80076.72,49020176.46999998
2025-08-01 10:07:49 AM,54.94,15,824.0999999999999,49021000.56999998
2025-08-01 10:08:14 AM,54.98,166,9126.68,49030127.24999998
2025-08-01 10:08:22 AM,54.97,0,0.0,49030127.24999998
2025-08-01 10:08:24 AM,54.96,1247,68535.12,49098662.369999975
2025-08-01 10:08:41 AM,55.01,0,0.0,49098662.369999975
2025-08-01 10:08:42 AM,55.01,251,13807.51,49112469.87999997
2025-08-01 10:08:51 AM,55.0,0,0.0,49112469.87999997
2025-08-01 10:08:54 AM,55.01,1009,55505.09,49167974.96999998
2025-08-01 10:08:55 AM,55.0,0,0.0,49167974.96999998
2025-08-01 10:08:55 AM,55.0,1,55.0,49168029.96999998
2025-08-01 10:08:58 AM,54.98,0,0.0,49168029.96999998
2025-08-01 10:09:00 AM,54.98,50,2749.0,49170778.96999998
2025-08-01 10:09:18 AM,55.01,5158,283741.58,49454520.549999975
2025-08-01 10:09:23 AM,55.07,0,0.0,49454520.549999975
2025-08-01 10:09:24 AM,55.07,56,3083.92,49457604.46999998
2025-08-01 10:09:35 AM,55.08,0,0.0,49457604.46999998
2025-08-01 10:09:35 AM,55.08,2,110.16,49457714.62999997
2025-08-01 10:09:37 AM,55.07,0,0.0,49457714.62999997
2025-08-01 10:09:37 AM,55.07,1081,59530.67,49517245.299999975
2025-08-01 10:09:40 AM,55.08,0,0.0,49517245.299999975
2025-08-01 10:09:41 AM,55.08,4234,233208.72,49750454.01999997
2025-08-01 10:09:43 AM,55.1,0,0.0,49750454.01999997
2025-08-01 10:09:43 AM,55.1,5916,325971.60000000003,50076425.619999975
2025-08-01 10:09:47 AM,55.15,0,0.0,50076425.619999975
2025-08-01 10:09:47 AM,55.15,84,4632.599999999999,50081058.21999998
2025-08-01 10:09:58 AM,55.11,0,0.0,50081058.21999998
2025-08-01 10:09:58 AM,55.11,3,165.32999999999998,50081223.549999975
2025-08-01 10:10:04 AM,55.11,36,1983.96,50083207.509999976
2025-08-01 10:10:10 AM,55.15,208,11471.199999999999,50094678.70999998
2025-08-01 10:10:11 AM,55.15,50,2757.5,50097436.20999998
2025-08-01 10:10:13 AM,55.11,0,0.0,50097436.20999998
2025-08-01 10:10:16 AM,55.11,300,16533.0,50113969.20999998
2025-08-01 10:10:16 AM,55.09,0,0.0,50113969.20999998
2025-08-01 10:10:17 AM,55.11,0,0.0,50113969.20999998
2025-08-01 10:10:17 AM,55.11,9547,526135.17,50640104.37999998
2025-08-01 10:10:21 AM,55.11,567,31247.37,50671351.74999998
2025-08-01 10:10:23 AM,55.12,4,220.48,50671572.229999974
2025-08-01 10:10:39 AM,55.05,5903,324960.14999999997,50996532.37999997
2025-08-01 10:10:43 AM,55.08,0,0.0,50996532.37999997
2025-08-01 10:10:45 AM,55.09,700,38563.0,51035095.37999997
2025-08-01 10:11:04 AM,55.11,0,0.0,51035095.37999997
2025-08-01 10:11:05 AM,55.11,597,32900.67,51067996.049999975
2025-08-01 10:11:19 AM,55.12,0,0.0,51067996.049999975
2025-08-01 10:11:21 AM,55.09,1164,64124.76,51132120.80999997
2025-08-01 10:11:26 AM,55.1,100,5510.0,51137630.80999997
2025-08-01 10:11:32 AM,55.05,50,2752.5,51140383.30999997
2025-08-01 10:11:49 AM,55.09,0,0.0,51140383.30999997
2025-08-01 10:11:50 AM,55.09,5,275.45000000000005,51140658.759999976
2025-08-01 10:12:19 AM,55.05,20,1101.0,51141759.759999976
2025-08-01 10:12:31 AM,55.09,45,2479.05,51144238.80999997
2025-08-01 10:12:48 AM,55.09,280,15425.2,51159664.009999976
2025-08-01 10:12:59 AM,55.09,100,5509.0,51165173.009999976
2025-08-01 10:13:04 AM,55.06,0,0.0,51165173.009999976
2025-08-01 10:13:05 AM,55.06,55,3028.3,51168201.30999997
2025-08-01 10:13:19 AM,55.12,0,0.0,51168201.30999997
2025-08-01 10:13:22 AM,55.15,0,0.0,51168201.30999997
2025-08-01 10:13:23 AM,55.15,2847,157012.05,51325213.35999997
2025-08-01 10:13:29 AM,55.16,929,51243.64,51376456.99999997
2025-08-01 10:13:59 AM,55.19,50,2759.5,51379216.49999997
2025-08-01 10:14:16 AM,55.19,150,8278.5,51387494.99999997
2025-08-01 10:14:22 AM,55.19,1752,96692.87999999999,51484187.87999997
2025-08-01 10:14:28 AM,55.2,0,0.0,51484187.87999997
2025-08-01 10:14:28 AM,55.2,30,1656.0,51485843.87999997
2025-08-01 10:14:52 AM,55.25,0,0.0,51485843.87999997
2025-08-01 10:14:52 AM,55.25,7171,396197.75,51882041.62999997
2025-08-01 10:14:56 AM,55.25,246,13591.5,51895633.12999997
2025-08-01 10:15:08 AM,55.25,55,3038.75,51898671.87999997
2025-08-01 10:15:13 AM,55.24,0,0.0,51898671.87999997
2025-08-01 10:15:13 AM,55.24,1400,77336.0,51976007.87999997
2025-08-01 10:15:16 AM,55.25,0,0.0,51976007.87999997
2025-08-01 10:15:20 AM,55.25,500,27625.0,52003632.87999997
2025-08-01 10:15:30 AM,55.29,0,0.0,52003632.87999997
2025-08-01 10:15:32 AM,55.29,20,1105.8,52004738.67999997
2025-08-01 10:15:44 AM,55.29,200,11058.0,52015796.67999997
2025-08-01 10:15:45 AM,55.25,0,0.0,52015796.67999997
2025-08-01 10:15:50 AM,55.25,100,5525.0,52021321.67999997
2025-08-01 10:16:07 AM,55.25,1000,55250.0,52076571.67999997
2025-08-01 10:16:09 AM,55.29,0,0.0,52076571.67999997
2025-08-01 10:16:13 AM,55.29,24,1326.96,52077898.63999997
2025-08-01 10:16:24 AM,55.25,0,0.0,52077898.63999997
2025-08-01 10:16:25 AM,55.25,100,5525.0,52083423.63999997
2025-08-01 10:16:28 AM,55.28,0,0.0,52083423.63999997
2025-08-01 10:16:31 AM,55.25,85,4696.25,52088119.88999997
2025-08-01 10:16:34 AM,55.28,0,0.0,52088119.88999997
2025-08-01 10:16:37 AM,55.28,1,55.28,52088175.16999997
2025-08-01 10:16:45 AM,55.25,0,0.0,52088175.16999997
2025-08-01 10:16:48 AM,55.25,2500,138125.0,52226300.16999997
2025-08-01 10:16:53 AM,55.3,4905,271246.5,52497546.66999997
2025-08-01 10:16:55 AM,55.29,0,0.0,52497546.66999997
2025-08-01 10:16:59 AM,55.29,50,2764.5,52500311.16999997
2025-08-01 10:17:24 AM,55.3,0,0.0,52500311.16999997
2025-08-01 10:17:28 AM,55.3,11,608.3,52500919.46999997
2025-08-01 10:17:33 AM,55.3,1,55.3,52500974.769999966
2025-08-01 10:17:39 AM,55.32,0,0.0,52500974.769999966
2025-08-01 10:17:39 AM,55.32,1,55.32,52501030.08999997
2025-08-01 10:17:43 AM,55.3,0,0.0,52501030.08999997
2025-08-01 10:17:45 AM,55.3,130,7189.0,52508219.08999997
2025-08-01 10:17:51 AM,55.3,250,13825.0,52522044.08999997
2025-08-01 10:17:55 AM,55.26,0,0.0,52522044.08999997
2025-08-01 10:17:56 AM,55.26,5376,297077.76,52819121.849999964
2025-08-01 10:18:06 AM,55.23,0,0.0,52819121.849999964
2025-08-01 10:18:07 AM,55.24,0,0.0,52819121.849999964
2025-08-01 10:18:08 AM,55.24,2044,112910.56,52932032.40999997
2025-08-01 10:18:14 AM,55.24,101,5579.24,52937611.64999997
2025-08-01 10:18:22 AM,55.15,0,0.0,52937611.64999997
2025-08-01 10:18:26 AM,55.15,3600,198540.0,53136151.64999997
2025-08-01 10:18:27 AM,55.21,0,0.0,53136151.64999997
2025-08-01 10:18:32 AM,55.21,25,1380.25,53137531.89999997
2025-08-01 10:18:36 AM,55.22,0,0.0,53137531.89999997
2025-08-01 10:18:37 AM,55.22,180,9939.6,53147471.49999997
2025-08-01 10:18:45 AM,55.27,0,0.0,53147471.49999997
2025-08-01 10:18:49 AM,55.27,12462,688774.74,53836246.23999997
2025-08-01 10:18:51 AM,55.3,0,0.0,53836246.23999997
2025-08-01 10:18:54 AM,55.3,450,24885.0,53861131.23999997
2025-08-01 10:19:05 AM,55.39,0,0.0,53861131.23999997
2025-08-01 10:19:05 AM,55.4,0,0.0,53861131.23999997
2025-08-01 10:19:06 AM,55.4,32277,1788145.8,55649277.03999997
2025-08-01 10:19:10 AM,55.45,0,0.0,55649277.03999997
2025-08-01 10:19:11 AM,55.44,0,0.0,55649277.03999997
2025-08-01 10:19:11 AM,55.45,7364,408333.80000000005,56057610.83999997
2025-08-01 10:19:12 AM,55.41,7,387.87,56057998.70999996
2025-08-01 10:19:17 AM,55.4,0,0.0,56057998.70999996
2025-08-01 10:19:17 AM,55.4,5322,294838.8,56352837.50999996
2025-08-01 10:19:20 AM,55.36,0,0.0,56352837.50999996
2025-08-01 10:19:23 AM,55.36,36,1992.96,56354830.46999996
2025-08-01 10:19:35 AM,55.39,0,0.0,56354830.46999996
2025-08-01 10:19:35 AM,55.39,328,18167.920000000002,56372998.38999996
2025-08-01 10:19:43 AM,55.32,0,0.0,56372998.38999996
2025-08-01 10:19:46 AM,55.32,104,5753.28,56378751.669999965
2025-08-01 10:19:47 AM,55.37,0,0.0,56378751.669999965
2025-08-01 10:19:47 AM,55.37,5,276.84999999999997,56379028.519999966
2025-08-01 10:19:55 AM,55.32,0,0.0,56379028.519999966
2025-08-01 10:19:57 AM,55.32,10,553.2,56379581.71999997
2025-08-01 10:19:58 AM,55.29,559,30907.11,56410488.82999997
2025-08-01 10:20:01 AM,55.32,0,0.0,56410488.82999997
2025-08-01 10:20:02 AM,55.32,850,47022.0,56457510.82999997
2025-08-01 10:20:19 AM,55.3,0,0.0,56457510.82999997
2025-08-01 10:20:20 AM,55.3,125,6912.5,56464423.32999997
2025-08-01 10:20:21 AM,55.32,12,663.84,56465087.16999997
2025-08-01 10:20:23 AM,55.26,0,0.0,56465087.16999997
2025-08-01 10:20:26 AM,55.26,375,20722.5,56485809.66999997
2025-08-01 10:20:31 AM,55.26,190,10499.4,56496309.06999997
2025-08-01 10:20:39 AM,55.3,400,22120.0,56518429.06999997
2025-08-01 10:20:44 AM,55.3,1,55.3,56518484.36999997
2025-08-01 10:20:46 AM,55.3,501,27705.3,56546189.669999965
2025-08-01 10:20:52 AM,55.3,1,55.3,56546244.96999996
2025-08-01 10:20:55 AM,55.3,367,20295.1,56566540.06999996
2025-08-01 10:21:01 AM,55.3,2600,143780.0,56710320.06999996
2025-08-01 10:21:04 AM,55.28,0,0.0,56710320.06999996
2025-08-01 10:21:06 AM,55.3,0,0.0,56710320.06999996
2025-08-01 10:21:06 AM,55.3,507,28037.1,56738357.169999965
2025-08-01 10:21:08 AM,55.3,3,165.89999999999998,56738523.06999996
2025-08-01 10:21:12 AM,55.3,5,276.5,56738799.56999996
2025-08-01 10:21:25 AM,55.3,3,165.89999999999998,56738965.46999996
2025-08-01 10:21:59 AM,55.3,40,2212.0,56741177.46999996
2025-08-01 10:22:04 AM,55.3,303,16755.899999999998,56757933.36999996
2025-08-01 10:22:13 AM,55.31,0,0.0,56757933.36999996
2025-08-01 10:22:14 AM,55.31,2000,110620.0,56868553.36999996
2025-08-01 10:22:22 AM,55.31,500,27655.0,56896208.36999996
2025-08-01 10:22:25 AM,55.3,0,0.0,56896208.36999996
2025-08-01 10:22:26 AM,55.3,1,55.3,56896263.66999996
2025-08-01 10:22:33 AM,55.27,100,5527.0,56901790.66999996
2025-08-01 10:22:37 AM,55.3,0,0.0,56901790.66999996
2025-08-01 10:22:37 AM,55.3,7,387.09999999999997,56902177.76999996
2025-08-01 10:22:50 AM,55.3,100,5530.0,56907707.76999996
2025-08-01 10:23:09 AM,55.27,0,0.0,56907707.76999996
2025-08-01 10:23:10 AM,55.27,100,5527.0,56913234.76999996
2025-08-01 10:23:18 AM,55.3,0,0.0,56913234.76999996
2025-08-01 10:23:19 AM,55.3,100,5530.0,56918764.76999996
2025-08-01 10:23:27 AM,55.3,87,4811.099999999999,56923575.86999996
2025-08-01 10:23:49 AM,55.27,0,0.0,56923575.86999996
2025-08-01 10:23:49 AM,55.27,1,55.27,56923631.13999996
2025-08-01 10:23:58 AM,55.27,250,13817.5,56937448.63999996
2025-08-01 10:24:10 AM,55.27,100,5527.0,56942975.63999996
2025-08-01 10:24:11 AM,55.3,10,553.0,56943528.63999996
2025-08-01 10:24:33 AM,55.3,813,44958.899999999994,56988487.53999996
2025-08-01 10:24:37 AM,55.29,0,0.0,56988487.53999996
2025-08-01 10:24:39 AM,55.29,1,55.29,56988542.82999996
2025-08-01 10:24:42 AM,55.3,550,30415.0,57018957.82999996
2025-08-01 10:24:44 AM,55.3,2,110.6,57019068.42999996
2025-08-01 10:24:58 AM,55.27,500,27635.0,57046703.42999996
2025-08-01 10:25:01 AM,55.27,5,276.35,57046979.779999964
2025-08-01 10:25:10 AM,55.3,0,0.0,57046979.779999964
2025-08-01 10:25:10 AM,55.3,500,27650.0,57074629.779999964
2025-08-01 10:25:14 AM,55.27,0,0.0,57074629.779999964
2025-08-01 10:25:16 AM,55.27,300,16581.0,57091210.779999964
2025-08-01 10:25:17 AM,55.3,0,0.0,57091210.779999964
2025-08-01 10:25:19 AM,55.3,2,110.6,57091321.379999965
2025-08-01 10:25:26 AM,55.27,0,0.0,57091321.379999965
2025-08-01 10:25:28 AM,55.27,6,331.62,57091652.99999996
2025-08-01 10:25:33 AM,55.3,4857,268592.1,57360245.099999964
2025-08-01 10:25:39 AM,55.3,3000,165900.0,57526145.099999964
2025-08-01 10:25:55 AM,55.34,0,0.0,57526145.099999964
2025-08-01 10:25:55 AM,55.34,50,2767.0,57528912.099999964
2025-08-01 10:25:59 AM,55.35,0,0.0,57528912.099999964
2025-08-01 10:26:01 AM,55.35,1000,55350.0,57584262.099999964
2025-08-01 10:26:08 AM,55.3,0,0.0,57584262.099999964
2025-08-01 10:26:08 AM,55.3,770,42581.0,57626843.099999964
2025-08-01 10:27:03 AM,55.3,3,165.89999999999998,57627008.99999996
2025-08-01 10:27:12 AM,55.34,200,11068.0,57638076.99999996
2025-08-01 10:27:49 AM,55.33,0,0.0,57638076.99999996
2025-08-01 10:27:51 AM,55.33,1,55.33,57638132.32999996
2025-08-01 10:28:04 AM,55.33,199,11010.67,57649142.99999996
2025-08-01 10:28:09 AM,55.31,0,0.0,57649142.99999996
2025-08-01 10:28:09 AM,55.31,1,55.31,57649198.309999965
2025-08-01 10:28:21 AM,55.33,0,0.0,57649198.309999965
2025-08-01 10:28:23 AM,55.33,11,608.63,57649806.93999997
2025-08-01 10:28:34 AM,55.3,0,0.0,57649806.93999997
2025-08-01 10:28:34 AM,55.3,250,13825.0,57663631.93999997
2025-08-01 10:28:45 AM,55.28,1528,84467.84,57748099.77999997
2025-08-01 10:28:48 AM,55.27,634,35041.18,57783140.95999997
2025-08-01 10:28:59 AM,55.3,0,0.0,57783140.95999997
2025-08-01 10:28:59 AM,55.3,2,110.6,57783251.55999997
2025-08-01 10:29:10 AM,55.3,1,55.3,57783306.85999997
2025-08-01 10:29:31 AM,55.31,0,0.0,57783306.85999997
2025-08-01 10:29:32 AM,55.27,1198,66213.46,57849520.31999997
2025-08-01 10:29:53 AM,55.33,0,0.0,57849520.31999997
2025-08-01 10:29:54 AM,55.33,55,3043.15,57852563.46999997
2025-08-01 10:30:00 AM,55.33,100,5533.0,57858096.46999997
2025-08-01 10:30:05 AM,55.34,0,0.0,57858096.46999997
2025-08-01 10:30:06 AM,55.34,10,553.4000000000001,57858649.86999997
2025-08-01 10:30:09 AM,55.34,15,830.1,57859479.96999997
2025-08-01 10:30:12 AM,55.34,140,7747.6,57867227.56999997
2025-08-01 10:30:14 AM,55.3,0,0.0,57867227.56999997
2025-08-01 10:30:14 AM,55.3,50,2765.0,57869992.56999997
2025-08-01 10:30:32 AM,55.3,50,2765.0,57872757.56999997
2025-08-01 10:30:41 AM,55.35,0,0.0,57872757.56999997
2025-08-01 10:30:42 AM,55.28,0,0.0,57872757.56999997
2025-08-01 10:30:43 AM,55.28,1301,71919.28,57944676.84999997
2025-08-01 10:30:51 AM,55.32,170,9404.4,57954081.24999997
2025-08-01 10:30:57 AM,55.32,500,27660.0,57981741.24999997
2025-08-01 10:31:12 AM,55.3,0,0.0,57981741.24999997
2025-08-01 10:31:12 AM,55.3,201,11115.3,57992856.54999997
2025-08-01 10:31:29 AM,55.34,2,110.68,57992967.22999997
2025-08-01 10:31:34 AM,55.32,1,55.32,57993022.54999997
2025-08-01 10:31:40 AM,55.32,2,110.64,57993133.18999997
2025-08-01 10:31:48 AM,55.34,1,55.34,57993188.52999997
2025-08-01 10:32:04 AM,55.34,216,11953.44,58005141.96999997
2025-08-01 10:32:11 AM,55.34,1,55.34,58005197.30999997
2025-08-01 10:32:14 AM,55.34,1,55.34,58005252.649999976
2025-08-01 10:32:37 AM,55.34,200,11068.0,58016320.649999976
2025-08-01 10:32:40 AM,55.3,0,0.0,58016320.649999976
2025-08-01 10:32:40 AM,55.3,77,4258.099999999999,58020578.74999998
2025-08-01 10:33:00 AM,55.3,1,55.3,58020634.049999975
2025-08-01 10:33:13 AM,55.34,0,0.0,58020634.049999975
2025-08-01 10:33:14 AM,55.34,2800,154952.0,58175586.049999975
2025-08-01 10:33:16 AM,55.3,1,55.3,58175641.34999997
2025-08-01 10:33:27 AM,55.3,200,11060.0,58186701.34999997
2025-08-01 10:33:35 AM,55.34,0,0.0,58186701.34999997
2025-08-01 10:33:36 AM,55.34,20,1106.8000000000002,58187808.14999997
2025-08-01 10:33:45 AM,55.3,0,0.0,58187808.14999997
2025-08-01 10:33:47 AM,55.3,1000,55300.0,58243108.14999997
2025-08-01 10:33:49 AM,55.34,0,0.0,58243108.14999997
2025-08-01 10:33:50 AM,55.34,2501,138405.34,58381513.48999997
2025-08-01 10:33:53 AM,55.34,240,13281.6,58394795.089999974
2025-08-01 10:33:55 AM,55.36,0,0.0,58394795.089999974
2025-08-01 10:33:55 AM,55.36,5164,285879.04,58680674.12999997
2025-08-01 10:34:16 AM,55.4,77,4265.8,58684939.92999997
2025-08-01 10:34:23 AM,55.36,0,0.0,58684939.92999997
2025-08-01 10:34:23 AM,55.36,20,1107.2,58686047.12999997
2025-08-01 10:34:33 AM,55.36,200,11072.0,58697119.12999997
2025-08-01 10:34:34 AM,55.4,2800,155120.0,58852239.12999997
2025-08-01 10:34:38 AM,55.4,7003,387966.2,59240205.329999976
2025-08-01 10:34:40 AM,55.45,7,388.15000000000003,59240593.479999974
2025-08-01 10:34:44 AM,55.42,0,0.0,59240593.479999974
2025-08-01 10:34:44 AM,55.42,5300,293726.0,59534319.479999974
2025-08-01 10:34:46 AM,55.45,1618,89718.1,59624037.579999976
2025-08-01 10:34:49 AM,55.45,1,55.45,59624093.02999998
2025-08-01 10:34:52 AM,55.45,799,44304.55,59668397.579999976
2025-08-01 10:34:55 AM,55.45,2500,138625.0,59807022.579999976
2025-08-01 10:34:59 AM,55.54,0,0.0,59807022.579999976
2025-08-01 10:35:01 AM,55.57,0,0.0,59807022.579999976
2025-08-01 10:35:01 AM,55.57,31209,1734284.1300000001,61541306.70999998
2025-08-01 10:35:07 AM,55.61,4,222.44,61541529.149999976
2025-08-01 10:35:13 AM,55.57,1184,65794.88,61607324.02999998
2025-08-01 10:35:14 AM,55.51,0,0.0,61607324.02999998
2025-08-01 10:35:15 AM,55.51,330,18318.3,61625642.329999976
2025-08-01 10:35:18 AM,55.57,200,11114.0,61636756.329999976
2025-08-01 10:35:19 AM,55.52,0,0.0,61636756.329999976
2025-08-01 10:35:20 AM,55.57,250,13892.5,61650648.829999976
2025-08-01 10:35:28 AM,55.5,0,0.0,61650648.829999976
2025-08-01 10:35:29 AM,55.48,0,0.0,61650648.829999976
2025-08-01 10:35:29 AM,55.48,535,29681.8,61680330.62999997
2025-08-01 10:35:37 AM,55.51,0,0.0,61680330.62999997
2025-08-01 10:35:37 AM,55.51,3505,194562.55,61874893.17999997
2025-08-01 10:35:46 AM,55.48,500,27740.0,61902633.17999997
2025-08-01 10:35:52 AM,55.48,5003,277566.44,62180199.61999997
2025-08-01 10:36:15 AM,55.5,0,0.0,62180199.61999997
2025-08-01 10:36:17 AM,55.5,1,55.5,62180255.11999997
2025-08-01 10:36:20 AM,55.5,115,6382.5,62186637.61999997
2025-08-01 10:36:30 AM,55.54,0,0.0,62186637.61999997
2025-08-01 10:36:31 AM,55.54,385,21382.9,62208020.519999966
2025-08-01 10:36:33 AM,55.55,200,11110.0,62219130.519999966
2025-08-01 10:36:36 AM,55.57,0,0.0,62219130.519999966
2025-08-01 10:36:36 AM,55.57,783,43511.31,62262641.82999997
2025-08-01 10:36:38 AM,55.6,0,0.0,62262641.82999997
2025-08-01 10:36:38 AM,55.6,100,5560.0,62268201.82999997
2025-08-01 10:36:42 AM,55.59,11,611.49,62268813.31999997
2025-08-01 10:36:47 AM,55.6,0,0.0,62268813.31999997
2025-08-01 10:36:47 AM,55.6,1000,55600.0,62324413.31999997
2025-08-01 10:36:49 AM,55.6,150,8340.0,62332753.31999997
2025-08-01 10:36:53 AM,55.6,753,41866.8,62374620.11999997
2025-08-01 10:36:55 AM,55.6,100,5560.0,62380180.11999997
2025-08-01 10:36:58 AM,55.6,248,13788.800000000001,62393968.919999965
2025-08-01 10:37:04 AM,55.6,585,32526.0,62426494.919999965
2025-08-01 10:37:11 AM,55.6,71,3947.6,62430442.519999966
2025-08-01 10:37:15 AM,55.6,1,55.6,62430498.11999997
2025-08-01 10:37:17 AM,55.56,0,0.0,62430498.11999997
2025-08-01 10:37:17 AM,55.56,500,27780.0,62458278.11999997
2025-08-01 10:37:19 AM,55.6,0,0.0,62458278.11999997
2025-08-01 10:37:20 AM,55.6,2,111.2,62458389.31999997
2025-08-01 10:37:27 AM,55.54,0,0.0,62458389.31999997
2025-08-01 10:37:28 AM,55.54,8819,489807.26,62948196.57999997
2025-08-01 10:37:31 AM,55.56,1000,55560.0,63003756.57999997
2025-08-01 10:37:33 AM,55.5,0,0.0,63003756.57999997
2025-08-01 10:37:34 AM,55.5,968,53724.0,63057480.57999997
2025-08-01 10:37:35 AM,55.52,0,0.0,63057480.57999997
2025-08-01 10:37:37 AM,55.52,2000,111040.0,63168520.57999997
2025-08-01 10:37:45 AM,55.55,0,0.0,63168520.57999997
2025-08-01 10:37:45 AM,55.55,10,555.5,63169076.07999997
2025-08-01 10:38:05 AM,55.52,0,0.0,63169076.07999997
2025-08-01 10:38:05 AM,55.52,200,11104.0,63180180.07999997
2025-08-01 10:38:08 AM,55.52,50,2776.0,63182956.07999997
2025-08-01 10:38:14 AM,55.5,275,15262.5,63198218.57999997
2025-08-01 10:38:20 AM,55.51,0,0.0,63198218.57999997
2025-08-01 10:38:20 AM,55.51,1,55.51,63198274.08999997
2025-08-01 10:38:26 AM,55.54,0,0.0,63198274.08999997
2025-08-01 10:38:26 AM,55.54,39,2166.06,63200440.14999997
2025-08-01 10:38:28 AM,55.52,0,0.0,63200440.14999997
2025-08-01 10:38:30 AM,55.52,3,166.56,63200606.70999997
2025-08-01 10:38:32 AM,55.54,0,0.0,63200606.70999997
2025-08-01 10:38:33 AM,55.5,2322,128871.0,63329477.70999997
2025-08-01 10:38:36 AM,55.5,10,555.0,63330032.70999997
2025-08-01 10:38:39 AM,55.45,203,11256.35,63341289.05999997
2025-08-01 10:38:42 AM,55.45,3,166.35000000000002,63341455.409999974
2025-08-01 10:39:00 AM,55.5,0,0.0,63341455.409999974
2025-08-01 10:39:01 AM,55.5,50,2775.0,63344230.409999974
2025-08-01 10:39:04 AM,55.5,100,5550.0,63349780.409999974
2025-08-01 10:39:09 AM,55.45,5,277.25,63350057.659999974
2025-08-01 10:39:12 AM,55.45,1300,72085.0,63422142.659999974
2025-08-01 10:39:15 AM,55.45,3,166.35000000000002,63422309.009999976
2025-08-01 10:39:18 AM,55.45,1,55.45,63422364.45999998
2025-08-01 10:39:19 AM,55.5,0,0.0,63422364.45999998
2025-08-01 10:39:21 AM,55.5,180,9990.0,63432354.45999998
2025-08-01 10:39:25 AM,55.45,0,0.0,63432354.45999998
2025-08-01 10:39:26 AM,55.45,200,11090.0,63443444.45999998
2025-08-01 10:39:51 AM,55.47,5001,277405.47,63720849.92999998
2025-08-01 10:39:53 AM,55.45,0,0.0,63720849.92999998
2025-08-01 10:39:54 AM,55.45,159,8816.550000000001,63729666.479999974
2025-08-01 10:40:07 AM,55.38,1246,69003.48,63798669.95999997
2025-08-01 10:40:16 AM,55.4,0,0.0,63798669.95999997
2025-08-01 10:40:16 AM,55.4,2500,138500.0,63937169.95999997
2025-08-01 10:40:20 AM,55.41,0,0.0,63937169.95999997
2025-08-01 10:40:22 AM,55.41,11,609.51,63937779.46999997
2025-08-01 10:40:40 AM,55.36,0,0.0,63937779.46999997
2025-08-01 10:40:41 AM,55.36,325,17992.0,63955771.46999997
2025-08-01 10:40:48 AM,55.3,0,0.0,63955771.46999997
2025-08-01 10:40:49 AM,55.33,0,0.0,63955771.46999997
2025-08-01 10:40:50 AM,55.33,5112,282846.95999999996,64238618.42999997
2025-08-01 10:40:54 AM,55.35,0,0.0,64238618.42999997
2025-08-01 10:40:55 AM,55.35,4,221.4,64238839.82999997
2025-08-01 10:40:56 AM,55.33,0,0.0,64238839.82999997
2025-08-01 10:40:57 AM,55.33,2400,132792.0,64371631.82999997
2025-08-01 10:41:01 AM,55.39,0,0.0,64371631.82999997
2025-08-01 10:41:03 AM,55.39,31,1717.09,64373348.91999997
2025-08-01 10:41:12 AM,55.39,885,49020.15,64422369.06999997
2025-08-01 10:41:18 AM,55.39,540,29910.6,64452279.66999997
2025-08-01 10:41:23 AM,55.39,25,1384.75,64453664.41999997
2025-08-01 10:41:25 AM,55.4,0,0.0,64453664.41999997
2025-08-01 10:41:25 AM,55.4,500,27700.0,64481364.41999997
2025-08-01 10:41:26 AM,55.39,0,0.0,64481364.41999997
2025-08-01 10:41:29 AM,55.39,50,2769.5,64484133.91999997
2025-08-01 10:41:35 AM,55.39,3500,193865.0,64677998.91999997
2025-08-01 10:41:39 AM,55.34,0,0.0,64677998.91999997
2025-08-01 10:41:40 AM,55.34,33,1826.22,64679825.13999997
2025-08-01 10:41:47 AM,55.38,822,45522.36,64725347.49999997
2025-08-01 10:41:52 AM,55.34,300,16602.0,64741949.49999997
2025-08-01 10:41:56 AM,55.3,0,0.0,64741949.49999997
2025-08-01 10:41:56 AM,55.3,5000,276500.0,65018449.49999997
2025-08-01 10:42:03 AM,55.3,5000,276500.0,65294949.49999997
2025-08-01 10:42:07 AM,55.37,1,55.37,65295004.86999997
2025-08-01 10:42:08 AM,55.32,0,0.0,65295004.86999997
2025-08-01 10:42:09 AM,55.32,83,4591.56,65299596.42999997
2025-08-01 10:42:10 AM,55.37,0,0.0,65299596.42999997
2025-08-01 10:42:13 AM,55.37,14,775.18,65300371.60999997
2025-08-01 10:42:24 AM,55.37,150,8305.5,65308677.10999997
2025-08-01 10:42:26 AM,55.33,0,0.0,65308677.10999997
2025-08-01 10:42:26 AM,55.33,6,331.98,65309009.08999997
2025-08-01 10:42:28 AM,55.37,0,0.0,65309009.08999997
2025-08-01 10:42:30 AM,55.37,212,11738.439999999999,65320747.529999964
2025-08-01 10:42:46 AM,55.44,0,0.0,65320747.529999964
2025-08-01 10:42:46 AM,55.43,0,0.0,65320747.529999964
2025-08-01 10:42:46 AM,55.43,2530,140237.9,65460985.42999996
2025-08-01 10:42:49 AM,55.42,20,1108.4,65462093.82999996
2025-08-01 10:42:54 AM,55.38,5,276.90000000000003,65462370.72999996
2025-08-01 10:43:00 AM,55.37,1442,79843.54,65542214.26999996
2025-08-01 10:43:05 AM,55.34,170,9407.800000000001,65551622.069999956
2025-08-01 10:43:21 AM,55.32,3201,177079.32,65728701.389999956
2025-08-01 10:43:58 AM,55.32,4,221.28,65728922.66999996
2025-08-01 10:44:12 AM,55.32,20,1106.4,65730029.069999956
2025-08-01 10:44:20 AM,55.32,502,27770.64,65757799.709999956
2025-08-01 10:44:21 AM,55.3,0,0.0,65757799.709999956
2025-08-01 10:44:23 AM,55.3,249,13769.699999999999,65771569.40999996
2025-08-01 10:44:25 AM,55.32,0,0.0,65771569.40999996
2025-08-01 10:44:25 AM,55.32,165,9127.8,65780697.209999956
2025-08-01 10:44:28 AM,55.32,200,11064.0,65791761.209999956
2025-08-01 10:44:39 AM,55.32,150,8298.0,65800059.209999956
2025-08-01 10:44:46 AM,55.3,0,0.0,65800059.209999956
2025-08-01 10:44:47 AM,55.3,16933,936394.8999999999,66736454.109999955
2025-08-01 10:44:52 AM,55.29,0,0.0,66736454.109999955
2025-08-01 10:44:52 AM,55.29,2,110.58,66736564.68999995
2025-08-01 10:45:11 AM,55.31,0,0.0,66736564.68999995
2025-08-01 10:45:12 AM,55.31,757,41869.67,66778434.359999955
2025-08-01 10:45:15 AM,55.3,0,0.0,66778434.359999955
2025-08-01 10:45:17 AM,55.3,9,497.7,66778932.05999996
2025-08-01 10:45:28 AM,55.3,70,3871.0,66782803.05999996
2025-08-01 10:45:39 AM,55.3,1,55.3,66782858.359999955
2025-08-01 10:45:51 AM,55.27,0,0.0,66782858.359999955
2025-08-01 10:45:52 AM,55.27,5,276.35,66783134.709999956
2025-08-01 10:45:56 AM,55.3,0,0.0,66783134.709999956
2025-08-01 10:45:57 AM,55.3,9,497.7,66783632.40999996
2025-08-01 10:46:00 AM,55.3,8,442.4,66784074.80999996
2025-08-01 10:46:02 AM,55.3,1,55.3,66784130.109999955
2025-08-01 10:46:12 AM,55.2,0,0.0,66784130.109999955
2025-08-01 10:46:12 AM,55.17,16149,890940.3300000001,67675070.43999995
2025-08-01 10:46:24 AM,55.17,1033,56990.61,67732061.04999995
2025-08-01 10:46:41 AM,55.17,667,36798.39,67768859.43999995
2025-08-01 10:46:46 AM,55.15,0,0.0,67768859.43999995
2025-08-01 10:46:46 AM,55.15,483,26637.45,67795496.88999996
2025-08-01 10:46:52 AM,55.15,50,2757.5,67798254.38999996
2025-08-01 10:46:56 AM,55.12,0,0.0,67798254.38999996
2025-08-01 10:46:57 AM,55.12,2800,154336.0,67952590.38999996
2025-08-01 10:47:12 AM,55.17,0,0.0,67952590.38999996
2025-08-01 10:47:13 AM,55.17,150,8275.5,67960865.88999996
2025-08-01 10:47:19 AM,55.14,1,55.14,67960921.02999996
2025-08-01 10:47:24 AM,55.1,3800,209380.0,68170301.02999996
2025-08-01 10:47:28 AM,55.14,0,0.0,68170301.02999996
2025-08-01 10:47:29 AM,55.14,824,45435.36,68215736.38999996
2025-08-01 10:47:42 AM,55.15,5,275.75,68216012.13999996
2025-08-01 10:48:01 AM,55.19,0,0.0,68216012.13999996
2025-08-01 10:48:01 AM,55.19,313,17274.469999999998,68233286.60999995
2025-08-01 10:48:14 AM,55.27,0,0.0,68233286.60999995
2025-08-01 10:48:15 AM,55.27,760,42005.200000000004,68275291.80999996
2025-08-01 10:48:40 AM,55.26,31,1713.06,68277004.86999996
2025-08-01 10:48:42 AM,55.26,456,25198.559999999998,68302203.42999996
2025-08-01 10:48:46 AM,55.2,0,0.0,68302203.42999996
2025-08-01 10:48:47 AM,55.2,3600,198720.0,68500923.42999996
2025-08-01 10:48:55 AM,55.23,0,0.0,68500923.42999996
2025-08-01 10:48:56 AM,55.23,5,276.15,68501199.57999997
2025-08-01 10:49:07 AM,55.27,0,0.0,68501199.57999997
2025-08-01 10:49:07 AM,55.27,1100,60797.0,68561996.57999997
2025-08-01 10:49:16 AM,55.25,0,0.0,68561996.57999997
2025-08-01 10:49:18 AM,55.25,1,55.25,68562051.82999997
2025-08-01 10:49:21 AM,55.27,0,0.0,68562051.82999997
2025-08-01 10:49:23 AM,55.27,100,5527.0,68567578.82999997
2025-08-01 10:49:28 AM,55.23,0,0.0,68567578.82999997
2025-08-01 10:49:28 AM,55.23,471,26013.329999999998,68593592.15999997
2025-08-01 10:49:32 AM,55.19,0,0.0,68593592.15999997
2025-08-01 10:49:34 AM,55.19,207,11424.33,68605016.48999996
2025-08-01 10:49:39 AM,55.19,1,55.19,68605071.67999996
2025-08-01 10:49:48 AM,55.23,0,0.0,68605071.67999996
2025-08-01 10:49:50 AM,55.25,679,37514.75,68642586.42999996
2025-08-01 10:49:53 AM,55.27,0,0.0,68642586.42999996
2025-08-01 10:49:55 AM,55.27,500,27635.0,68670221.42999996
2025-08-01 10:49:56 AM,55.27,16,884.32,68671105.74999996
2025-08-01 10:50:00 AM,55.25,0,0.0,68671105.74999996
2025-08-01 10:50:01 AM,55.27,1320,72956.40000000001,68744062.14999996
2025-08-01 10:50:10 AM,55.22,0,0.0,68744062.14999996
2025-08-01 10:50:12 AM,55.22,370,20431.399999999998,68764493.54999997
2025-08-01 10:50:19 AM,55.25,14,773.5,68765267.04999997
2025-08-01 10:50:20 AM,55.26,0,0.0,68765267.04999997
2025-08-01 10:50:23 AM,55.26,151,8344.26,68773611.30999997
2025-08-01 10:50:24 AM,55.27,0,0.0,68773611.30999997
2025-08-01 10:50:24 AM,55.27,151,8345.77,68781957.07999997
2025-08-01 10:50:49 AM,55.26,0,0.0,68781957.07999997
2025-08-01 10:50:51 AM,55.26,25,1381.5,68783338.57999997
2025-08-01 10:50:55 AM,55.22,0,0.0,68783338.57999997
2025-08-01 10:50:57 AM,55.22,7,386.53999999999996,68783725.11999997
2025-08-01 10:51:01 AM,55.26,0,0.0,68783725.11999997
2025-08-01 10:51:03 AM,55.26,1000,55260.0,68838985.11999997
2025-08-01 10:51:04 AM,55.19,0,0.0,68838985.11999997
2025-08-01 10:51:09 AM,55.19,6828,376837.32,69215822.43999997
2025-08-01 10:51:17 AM,55.18,0,0.0,69215822.43999997
2025-08-01 10:51:20 AM,55.18,100,5518.0,69221340.43999997
2025-08-01 10:51:25 AM,55.19,0,0.0,69221340.43999997
2025-08-01 10:51:29 AM,55.18,0,0.0,69221340.43999997
2025-08-01 10:51:30 AM,55.18,452,24941.36,69246281.79999997
2025-08-01 10:51:41 AM,55.19,0,0.0,69246281.79999997
2025-08-01 10:51:41 AM,55.19,5657,312209.82999999996,69558491.62999997
2025-08-01 10:51:47 AM,55.19,105,5794.95,69564286.57999997
2025-08-01 10:51:49 AM,55.24,0,0.0,69564286.57999997
2025-08-01 10:51:52 AM,55.24,50,2762.0,69567048.57999997
2025-08-01 10:51:58 AM,55.25,1246,68841.5,69635890.07999997
2025-08-01 10:52:01 AM,55.26,0,0.0,69635890.07999997
2025-08-01 10:52:01 AM,55.22,0,0.0,69635890.07999997
2025-08-01 10:52:03 AM,55.22,102,5632.44,69641522.51999997
2025-08-01 10:52:08 AM,55.27,0,0.0,69641522.51999997
2025-08-01 10:52:08 AM,55.27,5582,308517.14,69950039.65999997
2025-08-01 10:52:14 AM,55.3,13,718.9,69950758.55999997
2025-08-01 10:52:29 AM,55.26,0,0.0,69950758.55999997
2025-08-01 10:52:29 AM,55.29,0,0.0,69950758.55999997
2025-08-01 10:52:30 AM,55.29,320,17692.8,69968451.35999997
2025-08-01 10:52:33 AM,55.3,0,0.0,69968451.35999997
2025-08-01 10:52:35 AM,55.3,4,221.2,69968672.55999997
2025-08-01 10:52:47 AM,55.26,0,0.0,69968672.55999997
2025-08-01 10:52:49 AM,55.32,0,0.0,69968672.55999997
2025-08-01 10:52:51 AM,55.32,5483,303319.56,70271992.11999997
2025-08-01 10:52:55 AM,55.35,0,0.0,70271992.11999997
2025-08-01 10:52:56 AM,55.35,17687,978975.4500000001,71250967.56999998
2025-08-01 10:53:08 AM,55.37,150,8305.5,71259273.06999998
2025-08-01 10:53:15 AM,55.4,0,0.0,71259273.06999998
2025-08-01 10:53:17 AM,55.4,587,32519.8,71291792.86999997
2025-08-01 10:53:23 AM,55.45,0,0.0,71291792.86999997
2025-08-01 10:53:23 AM,55.45,3000,166350.0,71458142.86999997
2025-08-01 10:53:34 AM,55.45,1,55.45,71458198.31999998
2025-08-01 10:53:39 AM,55.44,0,0.0,71458198.31999998
2025-08-01 10:53:39 AM,55.44,1,55.44,71458253.75999998
2025-08-01 10:53:39 AM,55.44,51,2827.44,71461081.19999997
2025-08-01 10:53:50 AM,55.45,1,55.45,71461136.64999998
2025-08-01 10:54:09 AM,55.44,0,0.0,71461136.64999998
2025-08-01 10:54:11 AM,55.44,75,4158.0,71465294.64999998
2025-08-01 10:54:23 AM,55.41,0,0.0,71465294.64999998
2025-08-01 10:54:23 AM,55.41,50,2770.5,71468065.14999998
2025-08-01 10:54:25 AM,55.44,0,0.0,71468065.14999998
2025-08-01 10:54:27 AM,55.44,330,18295.2,71486360.34999998
2025-08-01 10:54:33 AM,55.41,0,0.0,71486360.34999998
2025-08-01 10:54:33 AM,55.41,362,20058.42,71506418.76999998
2025-08-01 10:54:41 AM,55.4,0,0.0,71506418.76999998
2025-08-01 10:54:43 AM,55.4,42,2326.7999999999997,71508745.56999998
2025-08-01 10:54:53 AM,55.4,5,277.0,71509022.56999998
2025-08-01 10:55:03 AM,55.42,0,0.0,71509022.56999998
2025-08-01 10:55:04 AM,55.42,180,9975.6,71518998.16999997
2025-08-01 10:55:13 AM,55.44,0,0.0,71518998.16999997
2025-08-01 10:55:14 AM,55.44,5969,330921.36,71849919.52999997
2025-08-01 10:55:25 AM,55.44,1,55.44,71849974.96999997
2025-08-01 10:55:31 AM,55.4,0,0.0,71849974.96999997
2025-08-01 10:55:31 AM,55.4,2061,114179.4,71964154.36999997
2025-08-01 10:55:33 AM,55.35,0,0.0,71964154.36999997
2025-08-01 10:55:37 AM,55.35,3,166.05,71964320.41999997
2025-08-01 10:55:37 AM,55.32,822,45473.04,72009793.45999998
2025-08-01 10:55:42 AM,55.38,12,664.5600000000001,72010458.01999998
2025-08-01 10:55:55 AM,55.33,0,0.0,72010458.01999998
2025-08-01 10:55:58 AM,55.33,83,4592.389999999999,72015050.40999998
2025-08-01 10:56:01 AM,55.32,0,0.0,72015050.40999998
2025-08-01 10:56:03 AM,55.32,720,39830.4,72054880.80999999
2025-08-01 10:56:08 AM,55.37,81,4484.969999999999,72059365.77999999
2025-08-01 10:56:29 AM,55.37,10,553.6999999999999,72059919.47999999
2025-08-01 10:56:31 AM,55.37,727,40253.99,72100173.46999998
2025-08-01 10:56:35 AM,55.41,100,5541.0,72105714.46999998
2025-08-01 10:56:53 AM,55.4,0,0.0,72105714.46999998
2025-08-01 10:56:56 AM,55.4,96,5318.4,72111032.86999999
2025-08-01 10:57:12 AM,55.43,1,55.43,72111088.3
2025-08-01 10:57:27 AM,55.4,0,0.0,72111088.3
2025-08-01 10:57:27 AM,55.4,220,12188.0,72123276.3
2025-08-01 10:57:31 AM,55.43,0,0.0,72123276.3
2025-08-01 10:57:31 AM,55.4,0,0.0,72123276.3
2025-08-01 10:57:33 AM,55.4,55,3047.0,72126323.3
2025-08-01 10:57:43 AM,55.43,0,0.0,72126323.3
2025-08-01 10:57:43 AM,55.43,19,1053.17,72127376.47
2025-08-01 10:57:49 AM,55.43,10,554.3,72127930.77
2025-08-01 10:57:57 AM,55.4,0,0.0,72127930.77
2025-08-01 10:57:59 AM,55.4,5,277.0,72128207.77
2025-08-01 10:58:00 AM,55.43,1,55.43,72128263.2
2025-08-01 10:58:07 AM,55.42,0,0.0,72128263.2
2025-08-01 10:58:10 AM,55.42,50,2771.0,72131034.2
2025-08-01 10:58:15 AM,55.42,10,554.2,72131588.4
2025-08-01 10:59:09 AM,55.41,0,0.0,72131588.4
2025-08-01 10:59:09 AM,55.41,20,1108.1999999999998,72132696.60000001
2025-08-01 10:59:19 AM,55.4,0,0.0,72132696.60000001
2025-08-01 10:59:19 AM,55.4,34,1883.6,72134580.2
2025-08-01 10:59:24 AM,55.4,198,10969.199999999999,72145549.4
2025-08-01 10:59:29 AM,55.4,209,11578.6,72157128.0
2025-08-01 10:59:31 AM,55.38,0,0.0,72157128.0
2025-08-01 10:59:34 AM,55.38,300,16614.0,72173742.0
2025-08-01 10:59:39 AM,55.49,0,0.0,72173742.0
2025-08-01 10:59:40 AM,55.49,20007,1110188.43,73283930.43
2025-08-01 10:59:49 AM,55.42,0,0.0,73283930.43
2025-08-01 10:59:51 AM,55.42,301,16681.420000000002,73300611.85000001
2025-08-01 10:59:55 AM,55.49,0,0.0,73300611.85000001
2025-08-01 10:59:56 AM,55.49,6000,332940.0,73633551.85000001
2025-08-01 10:59:57 AM,55.43,0,0.0,73633551.85000001
2025-08-01 11:00:02 AM,55.47,36,1996.92,73635548.77000001
2025-08-01 11:00:08 AM,55.43,5,277.15,73635825.92000002
2025-08-01 11:00:14 AM,55.43,25,1385.75,73637211.67000002
2025-08-01 11:00:25 AM,55.47,1,55.47,73637267.14000002
2025-08-01 11:00:30 AM,55.43,20,1108.6,73638375.74000001
2025-08-01 11:00:32 AM,55.46,0,0.0,73638375.74000001
2025-08-01 11:00:36 AM,55.46,65,3604.9,73641980.64000002
2025-08-01 11:00:44 AM,55.43,0,0.0,73641980.64000002
2025-08-01 11:00:46 AM,55.43,234,12970.62,73654951.26000002
2025-08-01 11:01:23 AM,55.43,2,110.86,73655062.12000002
2025-08-01 11:01:29 AM,55.43,1,55.43,73655117.55000003
2025-08-01 11:01:39 AM,55.43,15,831.45,73655949.00000003
2025-08-01 11:01:44 AM,55.43,100,5543.0,73661492.00000003
2025-08-01 11:01:49 AM,55.4,51,2825.4,73664317.40000004
2025-08-01 11:01:50 AM,55.4,7,387.8,73664705.20000003
2025-08-01 11:02:14 AM,55.47,0,0.0,73664705.20000003
2025-08-01 11:02:15 AM,55.47,6578,364881.66,74029586.86000003
2025-08-01 11:02:21 AM,55.5,7811,433510.5,74463097.36000003
2025-08-01 11:02:26 AM,55.55,0,0.0,74463097.36000003
2025-08-01 11:02:26 AM,55.55,2604,144652.19999999998,74607749.56000003
2025-08-01 11:02:27 AM,55.55,53,2944.1499999999996,74610693.71000004
2025-08-01 11:02:32 AM,55.55,50,2777.5,74613471.21000004
2025-08-01 11:02:38 AM,55.55,2307,128153.84999999999,74741625.06000003
2025-08-01 11:02:39 AM,55.57,1,55.57,74741680.63000003
2025-08-01 11:02:43 AM,55.57,1,55.57,74741736.20000002
2025-08-01 11:02:49 AM,55.57,23,1278.11,74743014.31000002
2025-08-01 11:02:50 AM,55.58,0,0.0,74743014.31000002
2025-08-01 11:02:54 AM,55.58,250,13895.0,74756909.31000002
2025-08-01 11:02:58 AM,55.59,0,0.0,74756909.31000002
2025-08-01 11:02:59 AM,55.59,5,277.95000000000005,74757187.26000002
2025-08-01 11:03:00 AM,55.58,21,1167.18,74758354.44000003
2025-08-01 11:03:02 AM,55.59,0,0.0,74758354.44000003
2025-08-01 11:03:04 AM,55.6,0,0.0,74758354.44000003
2025-08-01 11:03:04 AM,55.6,96,5337.6,74763692.04000002
2025-08-01 11:03:06 AM,55.6,4,222.4,74763914.44000003
2025-08-01 11:03:08 AM,55.56,0,0.0,74763914.44000003
2025-08-01 11:03:09 AM,55.56,1848,102674.88,74866589.32000002
2025-08-01 11:03:11 AM,55.57,50,2778.5,74869367.82000002
2025-08-01 11:03:22 AM,55.6,0,0.0,74869367.82000002
2025-08-01 11:03:24 AM,55.6,1,55.6,74869423.42000002
2025-08-01 11:03:31 AM,55.6,2010,111756.0,74981179.42000002
2025-08-01 11:03:45 AM,55.57,1228,68239.96,75049419.38000001
2025-08-01 11:03:48 AM,55.55,0,0.0,75049419.38000001
2025-08-01 11:03:48 AM,55.55,273,15165.15,75064584.53000002
2025-08-01 11:03:50 AM,55.51,0,0.0,75064584.53000002
2025-08-01 11:03:51 AM,55.51,5000,277550.0,75342134.53000002
2025-08-01 11:04:14 AM,55.5,0,0.0,75342134.53000002
2025-08-01 11:04:14 AM,55.49,0,0.0,75342134.53000002
2025-08-01 11:04:14 AM,55.49,1817,100825.33,75442959.86000001
2025-08-01 11:04:16 AM,55.5,0,0.0,75442959.86000001
2025-08-01 11:04:17 AM,55.5,300,16650.0,75459609.86000001
2025-08-01 11:04:22 AM,55.5,229,12709.5,75472319.36000001
2025-08-01 11:04:27 AM,55.5,1,55.5,75472374.86000001
2025-08-01 11:04:32 AM,55.5,5,277.5,75472652.36000001
2025-08-01 11:04:37 AM,55.49,400,22196.0,75494848.36000001
2025-08-01 11:04:39 AM,55.49,5,277.45,75495125.81000002
2025-08-01 11:04:43 AM,55.49,27,1498.23,75496624.04000002
2025-08-01 11:04:50 AM,55.49,1,55.49,75496679.53000002
2025-08-01 11:04:59 AM,55.49,1,55.49,75496735.02000001
2025-08-01 11:05:11 AM,55.49,40,2219.6,75498954.62
2025-08-01 11:05:20 AM,55.49,17,943.33,75499897.95
2025-08-01 11:05:31 AM,55.49,2,110.98,75500008.93
2025-08-01 11:05:47 AM,55.49,100,5549.0,75505557.93
2025-08-01 11:05:48 AM,55.42,0,0.0,75505557.93
2025-08-01 11:05:48 AM,55.42,1000,55420.0,75560977.93
2025-08-01 11:05:50 AM,55.43,0,0.0,75560977.93
2025-08-01 11:05:53 AM,55.43,10,554.3,75561532.23
2025-08-01 11:06:03 AM,55.45,0,0.0,75561532.23
2025-08-01 11:06:03 AM,55.45,1000,55450.0,75616982.23
2025-08-01 11:06:13 AM,55.45,1,55.45,75617037.68
2025-08-01 11:06:15 AM,55.49,8,443.92,75617481.60000001
2025-08-01 11:06:25 AM,55.5,0,0.0,75617481.60000001
2025-08-01 11:06:25 AM,55.5,4000,222000.0,75839481.60000001
2025-08-01 11:06:42 AM,55.49,0,0.0,75839481.60000001
2025-08-01 11:06:45 AM,55.46,4,221.84,75839703.44000001
2025-08-01 11:06:48 AM,55.49,0,0.0,75839703.44000001
2025-08-01 11:06:50 AM,55.49,1,55.49,75839758.93
2025-08-01 11:06:52 AM,55.49,100,5549.0,75845307.93
2025-08-01 11:06:56 AM,55.49,6,332.94,75845640.87
2025-08-01 11:07:12 AM,55.49,5,277.45,75845918.32000001
2025-08-01 11:07:17 AM,55.49,31,1720.19,75847638.51
2025-08-01 11:07:33 AM,55.49,1,55.49,75847694.0
2025-08-01 11:07:39 AM,55.46,59,3272.14,75850966.14
2025-08-01 11:07:46 AM,55.48,0,0.0,75850966.14
2025-08-01 11:07:46 AM,55.48,4,221.92,75851188.06
2025-08-01 11:07:48 AM,55.46,0,0.0,75851188.06
2025-08-01 11:07:50 AM,55.46,245,13587.7,75864775.76
2025-08-01 11:07:51 AM,55.48,1019,56534.119999999995,75921309.88000001
2025-08-01 11:07:52 AM,55.49,0,0.0,75921309.88000001
2025-08-01 11:07:54 AM,55.45,0,0.0,75921309.88000001
2025-08-01 11:07:55 AM,55.46,10099,560090.54,76481400.42000002
2025-08-01 11:07:56 AM,55.46,10,554.6,76481955.02000001
2025-08-01 11:08:00 AM,55.46,2,110.92,76482065.94000001
2025-08-01 11:08:11 AM,55.46,162,8984.52,76491050.46000001
2025-08-01 11:08:12 AM,55.42,0,0.0,76491050.46000001
2025-08-01 11:08:13 AM,55.42,95,5264.900000000001,76496315.36000001
2025-08-01 11:08:18 AM,55.42,25,1385.5,76497700.86000001
2025-08-01 11:08:21 AM,55.42,77,4267.34,76501968.20000002
2025-08-01 11:08:34 AM,55.37,0,0.0,76501968.20000002
2025-08-01 11:08:34 AM,55.37,1699,94073.62999999999,76596041.83000001
2025-08-01 11:08:38 AM,55.41,0,0.0,76596041.83000001
2025-08-01 11:08:39 AM,55.41,1452,80455.31999999999,76676497.15
2025-08-01 11:08:42 AM,55.37,0,0.0,76676497.15
2025-08-01 11:08:42 AM,55.37,6001,332275.37,77008772.52000001
2025-08-01 11:08:44 AM,55.4,98,5429.2,77014201.72000001
2025-08-01 11:08:55 AM,55.31,5500,304205.0,77318406.72000001
2025-08-01 11:09:07 AM,55.31,205,11338.550000000001,77329745.27000001
2025-08-01 11:09:24 AM,55.31,9,497.79,77330243.06000002
2025-08-01 11:09:40 AM,55.35,1,55.35,77330298.41000001
2025-08-01 11:09:51 AM,55.32,0,0.0,77330298.41000001
2025-08-01 11:09:54 AM,55.32,100,5532.0,77335830.41000001
2025-08-01 11:10:10 AM,55.32,50,2766.0,77338596.41000001
2025-08-01 11:10:16 AM,55.35,100,5535.0,77344131.41000001
2025-08-01 11:10:41 AM,55.31,0,0.0,77344131.41000001
2025-08-01 11:10:42 AM,55.3,4119,227780.69999999998,77571912.11000001
2025-08-01 11:10:53 AM,55.29,0,0.0,77571912.11000001
2025-08-01 11:10:53 AM,55.29,3475,192132.75,77764044.86000001
2025-08-01 11:10:54 AM,55.29,1,55.29,77764100.15000002
2025-08-01 11:10:57 AM,55.26,0,0.0,77764100.15000002
2025-08-01 11:10:59 AM,55.26,228,12599.279999999999,77776699.43000002
2025-08-01 11:11:03 AM,55.25,0,0.0,77776699.43000002
2025-08-01 11:11:04 AM,55.25,60,3315.0,77780014.43000002
2025-08-01 11:11:11 AM,55.29,0,0.0,77780014.43000002
2025-08-01 11:11:11 AM,55.29,16,884.64,77780899.07000002
2025-08-01 11:11:15 AM,55.32,64816,3585621.12,81366520.19000003
2025-08-01 11:11:23 AM,55.35,0,0.0,81366520.19000003
2025-08-01 11:11:26 AM,55.35,94,5202.900000000001,81371723.09000003
2025-08-01 11:11:32 AM,55.35,18,996.3000000000001,81372719.39000003
2025-08-01 11:11:35 AM,55.33,0,0.0,81372719.39000003
2025-08-01 11:11:37 AM,55.33,100,5533.0,81378252.39000003
2025-08-01 11:11:47 AM,55.35,0,0.0,81378252.39000003
2025-08-01 11:11:48 AM,55.35,15982,884603.7000000001,82262856.09000003
2025-08-01 11:12:01 AM,55.42,0,0.0,82262856.09000003
2025-08-01 11:12:03 AM,55.42,459,25437.780000000002,82288293.87000003
2025-08-01 11:12:09 AM,55.39,500,27695.0,82315988.87000003
2025-08-01 11:12:19 AM,55.4,0,0.0,82315988.87000003
2025-08-01 11:12:20 AM,55.4,1948,107919.2,82423908.07000004
2025-08-01 11:12:36 AM,55.35,1,55.35,82423963.42000003
2025-08-01 11:12:42 AM,55.39,1,55.39,82424018.81000003
2025-08-01 11:12:55 AM,55.36,0,0.0,82424018.81000003
2025-08-01 11:12:56 AM,55.36,412,22808.32,82446827.13000003
2025-08-01 11:13:25 AM,55.39,0,0.0,82446827.13000003
2025-08-01 11:13:25 AM,55.39,100,5539.0,82452366.13000003
2025-08-01 11:13:34 AM,55.39,1,55.39,82452421.52000003
2025-08-01 11:13:36 AM,55.35,0,0.0,82452421.52000003
2025-08-01 11:13:36 AM,55.35,275,15221.25,82467642.77000003
2025-08-01 11:13:44 AM,55.33,0,0.0,82467642.77000003
2025-08-01 11:13:45 AM,55.33,6,331.98,82467974.75000003
2025-08-01 11:14:20 AM,55.3,0,0.0,82467974.75000003
2025-08-01 11:14:23 AM,55.3,1340,74102.0,82542076.75000003
2025-08-01 11:14:24 AM,55.25,0,0.0,82542076.75000003
2025-08-01 11:14:24 AM,55.25,1500,82875.0,82624951.75000003
2025-08-01 11:14:34 AM,55.29,0,0.0,82624951.75000003
2025-08-01 11:14:34 AM,55.29,98,5418.42,82630370.17000003
2025-08-01 11:14:39 AM,55.25,10,552.5,82630922.67000003
2025-08-01 11:14:44 AM,55.25,100,5525.0,82636447.67000003
2025-08-01 11:14:48 AM,55.26,0,0.0,82636447.67000003
2025-08-01 11:14:50 AM,55.26,100,5526.0,82641973.67000003
2025-08-01 11:15:00 AM,55.29,0,0.0,82641973.67000003
2025-08-01 11:15:01 AM,55.29,10,552.9,82642526.57000004
2025-08-01 11:15:12 AM,55.29,18,995.22,82643521.79000004
2025-08-01 11:15:58 AM,55.23,2630,145254.9,82788776.69000004
2025-08-01 11:16:24 AM,55.27,0,0.0,82788776.69000004
2025-08-01 11:16:26 AM,55.27,1,55.27,82788831.96000004
2025-08-01 11:17:08 AM,55.24,120,6628.8,82795460.76000004
2025-08-01 11:17:14 AM,55.3,0,0.0,82795460.76000004
2025-08-01 11:17:14 AM,55.3,4264,235799.19999999998,83031259.96000004
2025-08-01 11:17:26 AM,55.41,16736,927341.7599999999,83958601.72000004
2025-08-01 11:17:29 AM,55.41,5000,277050.0,84235651.72000004
2025-08-01 11:17:30 AM,55.38,0,0.0,84235651.72000004
2025-08-01 11:17:31 AM,55.38,100,5538.0,84241189.72000004
2025-08-01 11:17:36 AM,55.39,0,0.0,84241189.72000004
2025-08-01 11:17:36 AM,55.39,400,22156.0,84263345.72000004
2025-08-01 11:18:06 AM,55.31,1017,56250.270000000004,84319595.99000004
2025-08-01 11:18:08 AM,55.32,0,0.0,84319595.99000004
2025-08-01 11:18:10 AM,55.27,0,0.0,84319595.99000004
2025-08-01 11:18:12 AM,55.27,675,37307.25,84356903.24000004
2025-08-01 11:18:17 AM,55.31,0,0.0,84356903.24000004
2025-08-01 11:18:17 AM,55.31,100,5531.0,84362434.24000004
2025-08-01 11:18:26 AM,55.26,0,0.0,84362434.24000004
2025-08-01 11:18:28 AM,55.26,111,6133.86,84368568.10000004
2025-08-01 11:18:42 AM,55.3,0,0.0,84368568.10000004
2025-08-01 11:18:45 AM,55.3,150,8295.0,84376863.10000004
2025-08-01 11:18:51 AM,55.29,22,1216.3799999999999,84378079.48000003
2025-08-01 11:18:58 AM,55.21,916,50572.36,84428651.84000003
2025-08-01 11:19:03 AM,55.21,2,110.42,84428762.26000004
2025-08-01 11:19:20 AM,55.21,1,55.21,84428817.47000003
2025-08-01 11:19:36 AM,55.2,1487,82082.40000000001,84510899.87000003
2025-08-01 11:20:03 AM,55.2,400,22080.0,84532979.87000003
2025-08-01 11:20:08 AM,55.19,0,0.0,84532979.87000003
2025-08-01 11:20:08 AM,55.19,400,22076.0,84555055.87000003
2025-08-01 11:20:11 AM,55.16,0,0.0,84555055.87000003
2025-08-01 11:20:13 AM,55.16,4035,222570.59999999998,84777626.47000003
2025-08-01 11:20:19 AM,55.16,1500,82740.0,84860366.47000003
2025-08-01 11:20:24 AM,55.21,0,0.0,84860366.47000003
2025-08-01 11:20:24 AM,55.21,8,441.68,84860808.15000004
2025-08-01 11:20:29 AM,55.19,0,0.0,84860808.15000004
2025-08-01 11:20:29 AM,55.19,200,11038.0,84871846.15000004
2025-08-01 11:20:31 AM,55.21,0,0.0,84871846.15000004
2025-08-01 11:20:35 AM,55.21,1,55.21,84871901.36000003
2025-08-01 11:20:40 AM,55.21,2,110.42,84872011.78000003
2025-08-01 11:20:48 AM,55.23,0,0.0,84872011.78000003
2025-08-01 11:20:50 AM,55.26,0,0.0,84872011.78000003
2025-08-01 11:20:50 AM,55.26,208,11494.08,84883505.86000003
2025-08-01 11:20:57 AM,55.22,0,0.0,84883505.86000003
2025-08-01 11:21:00 AM,55.22,336,18553.92,84902059.78000003
2025-08-01 11:21:09 AM,55.21,0,0.0,84902059.78000003
2025-08-01 11:21:11 AM,55.21,1301,71828.21,84973887.99000002
2025-08-01 11:21:27 AM,55.21,1,55.21,84973943.20000002
2025-08-01 11:21:42 AM,55.21,10,552.1,84974495.30000001
2025-08-01 11:22:26 AM,55.22,0,0.0,84974495.30000001
2025-08-01 11:22:30 AM,55.22,1,55.22,84974550.52000001
2025-08-01 11:22:35 AM,55.26,0,0.0,84974550.52000001
2025-08-01 11:22:35 AM,55.26,5,276.3,84974826.82000001
2025-08-01 11:23:01 AM,55.26,3,165.78,84974992.60000001
2025-08-01 11:23:06 AM,55.26,30,1657.8,84976650.4
2025-08-01 11:23:28 AM,55.26,540,29840.399999999998,85006490.80000001
2025-08-01 11:23:48 AM,55.22,0,0.0,85006490.80000001
2025-08-01 11:23:48 AM,55.22,1,55.22,85006546.02000001
2025-08-01 11:24:13 AM,55.22,125,6902.5,85013448.52000001
2025-08-01 11:24:18 AM,55.25,0,0.0,85013448.52000001
2025-08-01 11:24:18 AM,55.25,325,17956.25,85031404.77000001
2025-08-01 11:24:22 AM,55.22,0,0.0,85031404.77000001
2025-08-01 11:24:24 AM,55.22,50,2761.0,85034165.77000001
2025-08-01 11:24:32 AM,55.25,0,0.0,85034165.77000001
2025-08-01 11:24:35 AM,55.25,10,552.5,85034718.27000001
2025-08-01 11:24:46 AM,55.22,0,0.0,85034718.27000001
2025-08-01 11:24:50 AM,55.22,124,6847.28,85041565.55000001
2025-08-01 11:24:57 AM,55.25,0,0.0,85041565.55000001
2025-08-01 11:25:01 AM,55.25,361,19945.25,85061510.80000001
2025-08-01 11:25:21 AM,55.22,0,0.0,85061510.80000001
2025-08-01 11:25:22 AM,55.22,1,55.22,85061566.02000001
2025-08-01 11:25:50 AM,55.25,0,0.0,85061566.02000001
2025-08-01 11:25:53 AM,55.25,2,110.5,85061676.52000001
2025-08-01 11:26:03 AM,55.25,230,12707.5,85074384.02000001
2025-08-01 11:26:08 AM,55.25,11,607.75,85074991.77000001
2025-08-01 11:26:14 AM,55.25,11,607.75,85075599.52000001
2025-08-01 11:26:33 AM,55.21,0,0.0,85075599.52000001
2025-08-01 11:26:34 AM,55.21,1000,55210.0,85130809.52000001
2025-08-01 11:26:37 AM,55.25,0,0.0,85130809.52000001
2025-08-01 11:26:39 AM,55.25,1094,60443.5,85191253.02000001
2025-08-01 11:26:44 AM,55.21,0,0.0,85191253.02000001
2025-08-01 11:26:44 AM,55.21,6,331.26,85191584.28000002
2025-08-01 11:26:59 AM,55.21,291,16066.11,85207650.39000002
2025-08-01 11:27:01 AM,55.26,0,0.0,85207650.39000002
2025-08-01 11:27:04 AM,55.26,3124,172632.24,85380282.63000001
2025-08-01 11:27:21 AM,55.25,0,0.0,85380282.63000001
2025-08-01 11:27:21 AM,55.25,100,5525.0,85385807.63000001
2025-08-01 11:27:43 AM,55.29,0,0.0,85385807.63000001
2025-08-01 11:27:45 AM,55.29,250,13822.5,85399630.13000001
2025-08-01 11:27:51 AM,55.27,68,3758.36,85403388.49000001
2025-08-01 11:28:05 AM,55.25,0,0.0,85403388.49000001
2025-08-01 11:28:06 AM,55.25,7294,402993.5,85806381.99000001
2025-08-01 11:28:40 AM,55.22,0,0.0,85806381.99000001
2025-08-01 11:28:41 AM,55.2,0,0.0,85806381.99000001
2025-08-01 11:28:42 AM,55.2,15162,836942.4,86643324.39000002
2025-08-01 11:28:54 AM,55.2,1100,60720.0,86704044.39000002
2025-08-01 11:28:59 AM,55.25,0,0.0,86704044.39000002
2025-08-01 11:28:59 AM,55.25,170,9392.5,86713436.89000002
2025-08-01 11:29:29 AM,55.27,850,46979.5,86760416.39000002
2025-08-01 11:29:45 AM,55.2,0,0.0,86760416.39000002
2025-08-01 11:29:47 AM,55.2,1500,82800.0,86843216.39000002
2025-08-01 11:30:44 AM,55.25,0,0.0,86843216.39000002
2025-08-01 11:30:45 AM,55.25,150,8287.5,86851503.89000002
2025-08-01 11:31:02 AM,55.26,0,0.0,86851503.89000002
2025-08-01 11:31:03 AM,55.26,8848,488940.48,87340444.37000002
2025-08-01 11:31:10 AM,55.24,0,0.0,87340444.37000002
2025-08-01 11:31:10 AM,55.24,57,3148.6800000000003,87343593.05000003
2025-08-01 11:31:36 AM,55.22,0,0.0,87343593.05000003
2025-08-01 11:31:36 AM,55.22,5500,303710.0,87647303.05000003
2025-08-01 11:32:06 AM,55.2,0,0.0,87647303.05000003
2025-08-01 11:32:06 AM,55.2,174,9604.800000000001,87656907.85000002
2025-08-01 11:32:10 AM,55.19,11531,636395.89,88293303.74000002
2025-08-01 11:32:13 AM,55.2,0,0.0,88293303.74000002
2025-08-01 11:32:16 AM,55.2,100,5520.0,88298823.74000002
2025-08-01 11:32:17 AM,55.15,0,0.0,88298823.74000002
2025-08-01 11:32:18 AM,55.15,1700,93755.0,88392578.74000002
2025-08-01 11:32:21 AM,55.15,1,55.15,88392633.89000003
2025-08-01 11:32:33 AM,55.15,1,55.15,88392689.04000004
2025-08-01 11:32:43 AM,55.15,1,55.15,88392744.19000004
2025-08-01 11:32:49 AM,55.16,0,0.0,88392744.19000004
2025-08-01 11:32:52 AM,55.16,500,27580.0,88420324.19000004
2025-08-01 11:32:57 AM,55.16,40,2206.3999999999996,88422530.59000005
2025-08-01 11:33:13 AM,55.13,1,55.13,88422585.72000004
2025-08-01 11:33:16 AM,55.16,0,0.0,88422585.72000004
2025-08-01 11:33:18 AM,55.16,464,25594.239999999998,88448179.96000004
2025-08-01 11:33:22 AM,55.1,0,0.0,88448179.96000004
2025-08-01 11:33:23 AM,55.1,2019,111246.90000000001,88559426.86000004
2025-08-01 11:33:37 AM,55.14,0,0.0,88559426.86000004
2025-08-01 11:33:38 AM,55.1,13247,729909.7000000001,89289336.56000005
2025-08-01 11:33:39 AM,55.13,101,5568.13,89294904.69000004
2025-08-01 11:33:59 AM,55.13,490,27013.7,89321918.39000005
2025-08-01 11:34:05 AM,55.14,0,0.0,89321918.39000005
2025-08-01 11:34:08 AM,55.14,4,220.56,89322138.95000005
2025-08-01 11:35:11 AM,55.1,3819,210426.9,89532565.85000005
2025-08-01 11:35:17 AM,55.0,0,0.0,89532565.85000005
2025-08-01 11:35:22 AM,55.0,18000,990000.0,90522565.85000005
2025-08-01 11:35:37 AM,55.04,0,0.0,90522565.85000005
2025-08-01 11:35:38 AM,55.04,2,110.08,90522675.93000005
2025-08-01 11:36:19 AM,55.04,10020,551500.8,91074176.73000005
2025-08-01 11:36:34 AM,55.04,20,1100.8,91075277.53000005
2025-08-01 11:36:45 AM,55.04,7,385.28,91075662.81000005
2025-08-01 11:37:01 AM,55.04,528,29061.12,91104723.93000005
2025-08-01 11:37:06 AM,55.12,0,0.0,91104723.93000005
2025-08-01 11:37:06 AM,55.12,5000,275600.0,91380323.93000005
2025-08-01 11:37:13 AM,55.09,0,0.0,91380323.93000005
2025-08-01 11:37:17 AM,55.09,2,110.18,91380434.11000006
2025-08-01 11:37:29 AM,55.1,0,0.0,91380434.11000006
2025-08-01 11:37:33 AM,55.1,200,11020.0,91391454.11000006
2025-08-01 11:37:41 AM,55.06,0,0.0,91391454.11000006
2025-08-01 11:37:43 AM,55.06,31,1706.8600000000001,91393160.97000006
2025-08-01 11:38:03 AM,55.14,0,0.0,91393160.97000006
2025-08-01 11:38:03 AM,55.14,100,5514.0,91398674.97000006
2025-08-01 11:38:22 AM,55.15,0,0.0,91398674.97000006
2025-08-01 11:38:23 AM,55.15,555,30608.25,91429283.22000006
2025-08-01 11:38:27 AM,55.14,0,0.0,91429283.22000006
2025-08-01 11:38:28 AM,55.14,3,165.42000000000002,91429448.64000006
2025-08-01 11:38:32 AM,55.1,0,0.0,91429448.64000006
2025-08-01 11:38:33 AM,55.1,300,16530.0,91445978.64000006
2025-08-01 11:38:50 AM,55.14,0,0.0,91445978.64000006
2025-08-01 11:38:54 AM,55.14,50,2757.0,91448735.64000006
2025-08-01 11:39:02 AM,55.06,0,0.0,91448735.64000006
2025-08-01 11:39:04 AM,55.06,5000,275300.0,91724035.64000006
2025-08-01 11:39:28 AM,55.05,0,0.0,91724035.64000006
2025-08-01 11:39:29 AM,55.05,2300,126615.0,91850650.64000006
2025-08-01 11:39:30 AM,55.12,3,165.35999999999999,91850816.00000006
2025-08-01 11:39:34 AM,55.06,1769,97401.14,91948217.14000006
2025-08-01 11:39:40 AM,55.06,2847,156755.82,92104972.96000005
2025-08-01 11:39:41 AM,55.06,1,55.06,92105028.02000006
2025-08-01 11:40:04 AM,55.01,0,0.0,92105028.02000006
2025-08-01 11:40:06 AM,55.01,898,49398.979999999996,92154427.00000006
2025-08-01 11:40:22 AM,55.02,200,11004.0,92165431.00000006
2025-08-01 11:40:36 AM,55.06,0,0.0,92165431.00000006
2025-08-01 11:40:37 AM,55.06,250,13765.0,92179196.00000006
2025-08-01 11:40:40 AM,55.02,0,0.0,92179196.00000006
2025-08-01 11:40:42 AM,55.02,505,27785.100000000002,92206981.10000005
2025-08-01 11:40:47 AM,55.02,25,1375.5,92208356.60000005
2025-08-01 11:40:54 AM,55.06,0,0.0,92208356.60000005
2025-08-01 11:40:57 AM,55.06,1,55.06,92208411.66000006
2025-08-01 11:41:18 AM,55.05,216,11890.8,92220302.46000005
2025-08-01 11:41:22 AM,55.02,0,0.0,92220302.46000005
2025-08-01 11:41:23 AM,55.02,4342,238896.84000000003,92459199.30000006
2025-08-01 11:41:32 AM,55.02,1,55.02,92459254.32000005
2025-08-01 11:41:37 AM,55.06,1757,96740.42,92555994.74000005
2025-08-01 11:41:42 AM,55.01,0,0.0,92555994.74000005
2025-08-01 11:41:42 AM,55.01,572,31465.719999999998,92587460.46000005
2025-08-01 11:42:03 AM,55.05,350,19267.5,92606727.96000005
2025-08-01 11:42:10 AM,55.01,0,0.0,92606727.96000005
2025-08-01 11:42:13 AM,55.01,19,1045.19,92607773.15000005
2025-08-01 11:42:51 AM,55.01,12,660.12,92608433.27000006
2025-08-01 11:42:55 AM,55.01,200,11002.0,92619435.27000006
2025-08-01 11:43:26 AM,55.02,0,0.0,92619435.27000006
2025-08-01 11:43:27 AM,55.02,563,30976.260000000002,92650411.53000006
2025-08-01 11:43:36 AM,55.01,0,0.0,92650411.53000006
2025-08-01 11:43:37 AM,55.01,3500,192535.0,92842946.53000006
2025-08-01 11:43:48 AM,55.06,821,45204.26,92888150.79000007
2025-08-01 11:44:09 AM,54.98,34271,1884219.5799999998,94772370.37000006
2025-08-01 11:44:11 AM,54.92,0,0.0,94772370.37000006
2025-08-01 11:44:16 AM,54.92,1301,71450.92,94843821.29000007
2025-08-01 11:44:22 AM,54.93,1312,72068.16,94915889.45000006
2025-08-01 11:44:27 AM,54.93,196,10766.28,94926655.73000006
2025-08-01 11:44:32 AM,54.95,0,0.0,94926655.73000006
2025-08-01 11:44:33 AM,54.95,2122,116603.90000000001,95043259.63000007
2025-08-01 11:44:39 AM,54.95,85,4670.75,95047930.38000007
2025-08-01 11:44:46 AM,54.96,0,0.0,95047930.38000007
2025-08-01 11:44:50 AM,54.97,705,38753.85,95086684.23000006
2025-08-01 11:44:52 AM,55.0,0,0.0,95086684.23000006
2025-08-01 11:44:55 AM,55.0,20,1100.0,95087784.23000006
2025-08-01 11:45:00 AM,55.0,841,46255.0,95134039.23000006
2025-08-01 11:45:05 AM,55.0,468,25740.0,95159779.23000006
2025-08-01 11:45:16 AM,54.98,0,0.0,95159779.23000006
2025-08-01 11:45:16 AM,54.98,1,54.98,95159834.21000007
2025-08-01 11:45:20 AM,55.0,0,0.0,95159834.21000007
2025-08-01 11:45:21 AM,55.0,10,550.0,95160384.21000007
2025-08-01 11:45:44 AM,54.96,0,0.0,95160384.21000007
2025-08-01 11:45:48 AM,54.96,300,16488.0,95176872.21000007
2025-08-01 11:45:51 AM,54.99,0,0.0,95176872.21000007
2025-08-01 11:45:53 AM,54.96,0,0.0,95176872.21000007
2025-08-01 11:45:53 AM,54.96,62,3407.52,95180279.73000006
2025-08-01 11:45:56 AM,54.99,0,0.0,95180279.73000006
2025-08-01 11:45:58 AM,54.96,0,0.0,95180279.73000006
2025-08-01 11:45:59 AM,54.96,82,4506.72,95184786.45000006
2025-08-01 11:46:14 AM,54.92,0,0.0,95184786.45000006
2025-08-01 11:46:15 AM,54.92,1500,82380.0,95267166.45000006
2025-08-01 11:46:25 AM,54.96,1728,94970.88,95362137.33000006
2025-08-01 11:46:30 AM,54.96,200,10992.0,95373129.33000006
2025-08-01 11:46:33 AM,54.95,0,0.0,95373129.33000006
2025-08-01 11:46:36 AM,54.95,50,2747.5,95375876.83000006
2025-08-01 11:46:52 AM,54.96,20,1099.2,95376976.03000006
2025-08-01 11:47:02 AM,55.0,0,0.0,95376976.03000006
2025-08-01 11:47:03 AM,55.0,3,165.0,95377141.03000006
2025-08-01 11:47:13 AM,55.0,500,27500.0,95404641.03000006
2025-08-01 11:47:13 AM,54.96,350,19236.0,95423877.03000006
2025-08-01 11:47:16 AM,55.0,0,0.0,95423877.03000006
2025-08-01 11:47:18 AM,55.0,3,165.0,95424042.03000006
2025-08-01 11:47:26 AM,54.95,0,0.0,95424042.03000006
2025-08-01 11:47:28 AM,54.95,4000,219800.0,95643842.03000006
2025-08-01 11:47:30 AM,55.0,0,0.0,95643842.03000006
2025-08-01 11:47:33 AM,55.0,20,1100.0,95644942.03000006
2025-08-01 11:47:40 AM,54.95,0,0.0,95644942.03000006
2025-08-01 11:47:43 AM,54.95,50,2747.5,95647689.53000006
2025-08-01 11:47:59 AM,54.95,61,3351.9500000000003,95651041.48000006
2025-08-01 11:48:14 AM,54.95,272,14946.400000000001,95665987.88000007
2025-08-01 11:48:26 AM,54.99,0,0.0,95665987.88000007
2025-08-01 11:48:29 AM,54.99,17,934.83,95666922.71000007
2025-08-01 11:48:48 AM,54.95,0,0.0,95666922.71000007
2025-08-01 11:48:49 AM,54.95,33,1813.3500000000001,95668736.06000006
2025-08-01 11:49:03 AM,55.0,0,0.0,95668736.06000006
2025-08-01 11:49:04 AM,55.0,1000,55000.0,95723736.06000006
2025-08-01 11:49:20 AM,55.0,2294,126170.0,95849906.06000006
2025-08-01 11:49:23 AM,55.02,0,0.0,95849906.06000006
2025-08-01 11:49:26 AM,55.02,600,33012.0,95882918.06000006
2025-08-01 11:49:36 AM,55.02,2,110.04,95883028.10000007
2025-08-01 11:49:41 AM,55.02,10,550.2,95883578.30000007
2025-08-01 11:49:52 AM,55.02,230,12654.6,95896232.90000007
2025-08-01 11:50:02 AM,55.02,240,13204.800000000001,95909437.70000006
2025-08-01 11:50:15 AM,55.03,0,0.0,95909437.70000006
2025-08-01 11:50:18 AM,55.03,13,715.39,95910153.09000006
2025-08-01 11:50:33 AM,55.03,2,110.06,95910263.15000007
2025-08-01 11:50:48 AM,55.03,248,13647.44,95923910.59000006
2025-08-01 11:51:07 AM,55.03,220,12106.6,95936017.19000006
2025-08-01 11:51:08 AM,55.03,45,2476.35,95938493.54000005
2025-08-01 11:51:23 AM,55.05,0,0.0,95938493.54000005
2025-08-01 11:51:27 AM,55.05,1,55.05,95938548.59000005
2025-08-01 11:51:32 AM,55.05,155,8532.75,95947081.34000005
2025-08-01 11:51:39 AM,55.06,0,0.0,95947081.34000005
2025-08-01 11:51:42 AM,55.06,37,2037.22,95949118.56000005
2025-08-01 11:51:43 AM,55.11,0,0.0,95949118.56000005
2025-08-01 11:51:47 AM,55.11,450,24799.5,95973918.06000005
2025-08-01 11:52:07 AM,55.11,1000,55110.0,96029028.06000005
2025-08-01 11:52:27 AM,55.1,1,55.1,96029083.16000004
2025-08-01 11:52:44 AM,55.02,4000,220080.0,96249163.16000004
2025-08-01 11:53:31 AM,55.04,0,0.0,96249163.16000004
2025-08-01 11:53:33 AM,55.08,0,0.0,96249163.16000004
2025-08-01 11:53:33 AM,55.08,401,22087.079999999998,96271250.24000004
2025-08-01 11:53:48 AM,55.08,112,6168.96,96277419.20000003
2025-08-01 11:54:03 AM,55.08,62,3414.96,96280834.16000003
2025-08-01 11:54:04 AM,55.08,12,660.96,96281495.12000002
2025-08-01 11:54:06 AM,55.1,0,0.0,96281495.12000002
2025-08-01 11:54:08 AM,55.1,1,55.1,96281550.22000001
2025-08-01 11:54:13 AM,55.11,0,0.0,96281550.22000001
2025-08-01 11:54:14 AM,55.04,492,27079.68,96308629.90000002
2025-08-01 11:54:23 AM,55.0,0,0.0,96308629.90000002
2025-08-01 11:54:24 AM,55.0,3000,165000.0,96473629.90000002
2025-08-01 11:54:38 AM,55.07,0,0.0,96473629.90000002
2025-08-01 11:54:40 AM,55.07,2,110.14,96473740.04000002
2025-08-01 11:54:52 AM,55.02,0,0.0,96473740.04000002
2025-08-01 11:54:55 AM,55.02,305,16781.100000000002,96490521.14000002
2025-08-01 11:55:32 AM,55.03,0,0.0,96490521.14000002
2025-08-01 11:55:35 AM,55.03,60,3301.8,96493822.94000001
2025-08-01 11:55:52 AM,55.01,0,0.0,96493822.94000001
2025-08-01 11:55:54 AM,55.01,106,5831.0599999999995,96499654.00000001
2025-08-01 11:56:28 AM,55.0,0,0.0,96499654.00000001
2025-08-01 11:56:30 AM,55.0,5,275.0,96499929.00000001
2025-08-01 11:56:32 AM,55.0,1072,58960.0,96558889.00000001
2025-08-01 11:56:34 AM,54.96,0,0.0,96558889.00000001
2025-08-01 11:56:35 AM,54.96,1,54.96,96558943.96000001
2025-08-01 11:56:51 AM,54.96,2,109.92,96559053.88000001
2025-08-01 11:56:55 AM,54.96,1500,82440.0,96641493.88000001
2025-08-01 11:57:15 AM,55.0,0,0.0,96641493.88000001
2025-08-01 11:57:15 AM,55.0,182,10010.0,96651503.88000001
2025-08-01 11:57:51 AM,54.96,1,54.96,96651558.84
2025-08-01 11:58:21 AM,54.98,0,0.0,96651558.84
2025-08-01 11:58:23 AM,54.98,3,164.94,96651723.78
2025-08-01 11:58:28 AM,54.98,80,4398.4,96656122.18
2025-08-01 11:58:44 AM,54.98,25,1374.5,96657496.68
2025-08-01 11:58:57 AM,54.96,0,0.0,96657496.68
2025-08-01 11:59:00 AM,54.96,53,2912.88,96660409.56
2025-08-01 11:59:05 AM,54.96,101,5550.96,96665960.52
2025-08-01 11:59:09 AM,54.98,0,0.0,96665960.52
2025-08-01 11:59:10 AM,54.98,4,219.92,96666180.44
2025-08-01 11:59:17 AM,54.96,1,54.96,96666235.39999999
2025-08-01 11:59:20 AM,54.96,1,54.96,96666290.35999998
2025-08-01 12:00:01 PM,54.98,0,0.0,96666290.35999998
2025-08-01 12:00:01 PM,54.98,160,8796.8,96675087.15999998
2025-08-01 12:00:04 PM,54.98,1,54.98,96675142.13999999
2025-08-01 12:00:24 PM,54.97,0,0.0,96675142.13999999
2025-08-01 12:00:25 PM,54.97,1,54.97,96675197.10999998
2025-08-01 12:00:30 PM,54.97,1,54.97,96675252.07999998
2025-08-01 12:00:38 PM,54.97,50,2748.5,96678000.57999998
2025-08-01 12:00:40 PM,54.97,1,54.97,96678055.54999998
2025-08-01 12:00:45 PM,54.97,100,5497.0,96683552.54999998
2025-08-01 12:00:49 PM,54.98,0,0.0,96683552.54999998
2025-08-01 12:00:50 PM,54.98,50,2749.0,96686301.54999998
2025-08-01 12:00:57 PM,54.98,101,5552.98,96691854.52999999
2025-08-01 12:01:29 PM,54.98,2,109.96,96691964.48999998
2025-08-01 12:01:29 PM,54.97,0,0.0,96691964.48999998
2025-08-01 12:01:31 PM,54.97,1,54.97,96692019.45999998
2025-08-01 12:01:36 PM,54.99,0,0.0,96692019.45999998
2025-08-01 12:01:38 PM,54.99,105,5773.95,96697793.40999998
2025-08-01 12:01:59 PM,54.99,1,54.99,96697848.39999998
2025-08-01 12:02:04 PM,55.0,0,0.0,96697848.39999998
2025-08-01 12:02:06 PM,55.0,1,55.0,96697903.39999998
2025-08-01 12:02:09 PM,54.99,0,0.0,96697903.39999998
2025-08-01 12:02:10 PM,55.01,0,0.0,96697903.39999998
2025-08-01 12:02:11 PM,55.01,136,7481.36,96705384.75999998
2025-08-01 12:02:25 PM,54.98,0,0.0,96705384.75999998
2025-08-01 12:02:26 PM,54.98,10,549.8,96705934.55999997
2025-08-01 12:02:33 PM,54.97,0,0.0,96705934.55999997
2025-08-01 12:02:34 PM,54.97,1,54.97,96705989.52999997
2025-08-01 12:02:51 PM,54.97,1,54.97,96706044.49999997
2025-08-01 12:03:11 PM,55.01,0,0.0,96706044.49999997
2025-08-01 12:03:11 PM,55.01,700,38507.0,96744551.49999997
2025-08-01 12:03:15 PM,54.98,0,0.0,96744551.49999997
2025-08-01 12:03:16 PM,54.98,1,54.98,96744606.47999997
2025-08-01 12:03:48 PM,55.0,0,0.0,96744606.47999997
2025-08-01 12:03:49 PM,55.0,50,2750.0,96747356.47999997
2025-08-01 12:03:50 PM,54.96,0,0.0,96747356.47999997
2025-08-01 12:03:52 PM,54.96,4051,222642.96,96969999.43999997
2025-08-01 12:03:58 PM,54.97,0,0.0,96969999.43999997
2025-08-01 12:03:59 PM,54.97,1,54.97,96970054.40999997
2025-08-01 12:04:10 PM,54.93,5664,311123.52,97281177.92999996
2025-08-01 12:04:39 PM,54.94,0,0.0,97281177.92999996
