date,price,qty,trnvr,cum_trnvr
2025-08-01 09:15:01 AM,348.75,36944,12884220.0,12884220.0
2025-08-01 09:15:01 AM,349.35,0,0.0,12884220.0
2025-08-01 09:15:02 AM,349.15,2827,987047.0499999999,13871267.05
2025-08-01 09:15:02 AM,349.2,0,0.0,13871267.05
2025-08-01 09:15:03 AM,349.2,62,21650.399999999998,13892917.450000001
2025-08-01 09:15:03 AM,349.25,52,18161.0,13911078.450000001
2025-08-01 09:15:03 AM,349.3,0,0.0,13911078.450000001
2025-08-01 09:15:04 AM,349.3,815,284679.5,14195757.950000001
2025-08-01 09:15:04 AM,349.1,189,65979.90000000001,14261737.850000001
2025-08-01 09:15:04 AM,349.35,0,0.0,14261737.850000001
2025-08-01 09:15:05 AM,349.35,1169,408390.15,14670128.000000002
2025-08-01 09:15:05 AM,349.35,136,47511.600000000006,14717639.600000001
2025-08-01 09:15:05 AM,349.2,0,0.0,14717639.600000001
2025-08-01 09:15:06 AM,349.35,585,204369.75,14922009.350000001
2025-08-01 09:15:06 AM,349.35,402,140438.7,15062448.05
2025-08-01 09:15:06 AM,349.25,0,0.0,15062448.05
2025-08-01 09:15:07 AM,349.25,2958,1033081.5,16095529.55
2025-08-01 09:15:07 AM,349.25,583,203612.75,16299142.3
2025-08-01 09:15:07 AM,348.8,0,0.0,16299142.3
2025-08-01 09:15:08 AM,348.8,878,306246.4,16605388.700000001
2025-08-01 09:15:08 AM,348.8,501,174748.80000000002,16780137.5
2025-08-01 09:15:08 AM,349.25,0,0.0,16780137.5
2025-08-01 09:15:09 AM,349.25,1791,625506.75,17405644.25
2025-08-01 09:15:09 AM,349.25,54,18859.5,17424503.75
2025-08-01 09:15:10 AM,349.35,2169,757740.15,18182243.9
2025-08-01 09:15:11 AM,349.35,100,34935.0,18217178.9
2025-08-01 09:15:11 AM,349.25,232,81026.0,18298204.9
2025-08-01 09:15:12 AM,349.3,45,15718.5,18313923.4
2025-08-01 09:15:13 AM,349.3,699,244160.7,18558084.099999998
2025-08-01 09:15:13 AM,349.3,70,24451.0,18582535.099999998
2025-08-01 09:15:13 AM,349.15,0,0.0,18582535.099999998
2025-08-01 09:15:14 AM,349.15,1835,640690.25,19223225.349999998
2025-08-01 09:15:14 AM,348.95,0,0.0,19223225.349999998
2025-08-01 09:15:14 AM,349.15,0,0.0,19223225.349999998
2025-08-01 09:15:15 AM,349.2,625,218250.0,19441475.349999998
2025-08-01 09:15:15 AM,349.3,1000,349300.0,19790775.349999998
2025-08-01 09:15:15 AM,349.0,0,0.0,19790775.349999998
2025-08-01 09:15:16 AM,349.0,96,33504.0,19824279.349999998
2025-08-01 09:15:16 AM,348.95,0,0.0,19824279.349999998
2025-08-01 09:15:17 AM,348.95,151,52691.45,19876970.799999997
2025-08-01 09:15:18 AM,349.05,0,0.0,19876970.799999997
2025-08-01 09:15:19 AM,349.05,23,8028.150000000001,19884998.949999996
2025-08-01 09:15:19 AM,349.2,0,0.0,19884998.949999996
2025-08-01 09:15:20 AM,349.2,176,61459.2,19946458.149999995
2025-08-01 09:15:20 AM,349.25,1194,417004.5,20363462.649999995
2025-08-01 09:15:21 AM,349.35,97,33886.950000000004,20397349.599999994
2025-08-01 09:15:21 AM,349.1,0,0.0,20397349.599999994
2025-08-01 09:15:21 AM,349.1,90,31419.000000000004,20428768.599999994
2025-08-01 09:15:22 AM,349.7,6775,2369217.5,22797986.099999994
2025-08-01 09:15:22 AM,349.5,402,140499.0,22938485.099999994
2025-08-01 09:15:23 AM,349.95,0,0.0,22938485.099999994
2025-08-01 09:15:23 AM,349.95,11691,4091265.4499999997,27029750.549999993
2025-08-01 09:15:24 AM,349.95,1093,382495.35,27412245.899999995
2025-08-01 09:15:25 AM,350.2,0,0.0,27412245.899999995
2025-08-01 09:15:25 AM,350.2,263,92102.59999999999,27504348.499999996
2025-08-01 09:15:26 AM,350.4,1210,423984.0,27928332.499999996
2025-08-01 09:15:27 AM,350.4,600,210240.0,28138572.499999996
2025-08-01 09:15:28 AM,350.4,70,24528.0,28163100.499999996
2025-08-01 09:15:29 AM,350.0,1567,548450.0,28711550.499999996
2025-08-01 09:15:30 AM,349.9,841,294265.89999999997,29005816.399999995
2025-08-01 09:15:30 AM,349.9,2,699.8,29006516.199999996
2025-08-01 09:15:31 AM,349.65,0,0.0,29006516.199999996
2025-08-01 09:15:32 AM,350.1,1506,527250.6,29533766.799999997
2025-08-01 09:15:32 AM,350.05,50,17502.5,29551269.299999997
2025-08-01 09:15:33 AM,350.05,95,33254.75,29584524.049999997
2025-08-01 09:15:33 AM,350.0,250,87500.0,29672024.049999997
2025-08-01 09:15:34 AM,350.0,513,179550.0,29851574.049999997
2025-08-01 09:15:34 AM,350.0,150,52500.0,29904074.049999997
2025-08-01 09:15:35 AM,349.75,259,90585.25,29994659.299999997
2025-08-01 09:15:36 AM,349.75,350,122412.5,30117071.799999997
2025-08-01 09:15:37 AM,349.9,5000,1749500.0,31866571.799999997
2025-08-01 09:15:37 AM,349.85,0,0.0,31866571.799999997
2025-08-01 09:15:37 AM,349.85,42,14693.7,31881265.499999996
2025-08-01 09:15:38 AM,349.85,10,3498.5,31884763.999999996
2025-08-01 09:15:39 AM,349.85,50,17492.5,31902256.499999996
2025-08-01 09:15:39 AM,349.8,0,0.0,31902256.499999996
2025-08-01 09:15:39 AM,349.9,1025,358647.5,32260903.999999996
2025-08-01 09:15:40 AM,349.95,300,104985.0,32365888.999999996
2025-08-01 09:15:41 AM,349.95,564,197371.8,32563260.799999997
2025-08-01 09:15:42 AM,349.75,606,211948.5,32775209.299999997
2025-08-01 09:15:42 AM,349.55,0,0.0,32775209.299999997
2025-08-01 09:15:42 AM,349.7,276,96517.2,32871726.499999996
2025-08-01 09:15:43 AM,349.7,10,3497.0,32875223.499999996
2025-08-01 09:15:43 AM,349.7,10,3497.0,32878720.499999996
2025-08-01 09:15:44 AM,349.75,145,50713.75,32929434.249999996
2025-08-01 09:15:44 AM,349.6,0,0.0,32929434.249999996
2025-08-01 09:15:44 AM,349.6,182,63627.200000000004,32993061.449999996
2025-08-01 09:15:45 AM,349.65,228,79720.2,33072781.649999995
2025-08-01 09:15:45 AM,349.85,0,0.0,33072781.649999995
2025-08-01 09:15:45 AM,349.85,1,349.85,33073131.499999996
2025-08-01 09:15:48 AM,349.8,8,2798.4,33075929.899999995
2025-08-01 09:15:48 AM,349.75,0,0.0,33075929.899999995
2025-08-01 09:15:48 AM,349.55,295,103117.25,33179047.149999995
2025-08-01 09:15:49 AM,349.8,0,0.0,33179047.149999995
2025-08-01 09:15:49 AM,349.8,8,2798.4,33181845.549999993
2025-08-01 09:15:51 AM,349.7,0,0.0,33181845.549999993
2025-08-01 09:15:52 AM,349.7,4488,1569453.5999999999,34751299.14999999
2025-08-01 09:15:52 AM,349.5,0,0.0,34751299.14999999
2025-08-01 09:15:52 AM,349.5,116,40542.0,34791841.14999999
2025-08-01 09:15:53 AM,349.7,0,0.0,34791841.14999999
2025-08-01 09:15:53 AM,349.7,1001,350049.7,35141890.849999994
2025-08-01 09:15:54 AM,349.8,0,0.0,35141890.849999994
2025-08-01 09:15:54 AM,349.8,825,288585.0,35430475.849999994
2025-08-01 09:15:55 AM,349.8,10,3498.0,35433973.849999994
2025-08-01 09:15:57 AM,349.8,63,22037.4,35456011.24999999
2025-08-01 09:15:58 AM,349.8,20,6996.0,35463007.24999999
2025-08-01 09:15:59 AM,349.55,1627,568717.85,36031725.099999994
2025-08-01 09:16:00 AM,349.2,0,0.0,36031725.099999994
2025-08-01 09:16:00 AM,349.2,1573,549291.6,36581016.699999996
2025-08-01 09:16:02 AM,348.65,0,0.0,36581016.699999996
2025-08-01 09:16:03 AM,348.5,20581,7172478.5,43753495.199999996
2025-08-01 09:16:05 AM,348.75,608,212040.0,43965535.199999996
2025-08-01 09:16:08 AM,348.5,0,0.0,43965535.199999996
2025-08-01 09:16:11 AM,348.7,2775,967642.5,44933177.699999996
2025-08-01 09:16:13 AM,348.35,838,291917.30000000005,45225094.99999999
2025-08-01 09:16:16 AM,348.5,0,0.0,45225094.99999999
2025-08-01 09:16:19 AM,348.4,2997,1044154.7999999999,46269249.79999999
2025-08-01 09:16:21 AM,348.45,566,197222.69999999998,46466472.49999999
2025-08-01 09:16:24 AM,348.5,0,0.0,46466472.49999999
2025-08-01 09:16:26 AM,348.3,0,0.0,46466472.49999999
2025-08-01 09:16:28 AM,348.5,1988,692818.0,47159290.49999999
2025-08-01 09:16:29 AM,348.5,405,141142.5,47300432.99999999
2025-08-01 09:16:36 AM,348.5,2619,912721.5,48213154.49999999
2025-08-01 09:16:37 AM,348.5,25,8712.5,48221866.99999999
2025-08-01 09:16:44 AM,348.5,2515,876477.5,49098344.49999999
2025-08-01 09:16:46 AM,348.7,40,13948.0,49112292.49999999
2025-08-01 09:16:46 AM,348.55,0,0.0,49112292.49999999
2025-08-01 09:16:53 AM,348.7,3117,1086897.9,50199190.39999999
2025-08-01 09:16:54 AM,348.65,5,1743.25,50200933.64999999
2025-08-01 09:16:54 AM,348.8,0,0.0,50200933.64999999
2025-08-01 09:16:56 AM,348.5,0,0.0,50200933.64999999
2025-08-01 09:17:01 AM,348.7,5760,2008512.0,52209445.64999999
2025-08-01 09:17:02 AM,348.6,4120,1436232.0,53645677.64999999
2025-08-01 09:17:03 AM,348.55,0,0.0,53645677.64999999
2025-08-01 09:17:05 AM,348.65,0,0.0,53645677.64999999
2025-08-01 09:17:09 AM,348.9,1023,356924.69999999995,54002602.349999994
2025-08-01 09:17:12 AM,348.95,0,0.0,54002602.349999994
2025-08-01 09:17:14 AM,349.25,0,0.0,54002602.349999994
2025-08-01 09:17:17 AM,349.3,3543,1237569.9000000001,55240172.24999999
2025-08-01 09:17:21 AM,348.85,0,0.0,55240172.24999999
2025-08-01 09:17:23 AM,348.95,0,0.0,55240172.24999999
2025-08-01 09:17:25 AM,348.9,4805,1676464.5,56916636.74999999
2025-08-01 09:17:27 AM,349.05,3,1047.15,56917683.89999999
2025-08-01 09:17:29 AM,348.8,0,0.0,56917683.89999999
2025-08-01 09:17:31 AM,348.85,0,0.0,56917683.89999999
2025-08-01 09:17:34 AM,348.95,11688,4078527.6,60996211.49999999
2025-08-01 09:17:35 AM,349.0,59,20591.0,61016802.49999999
2025-08-01 09:17:37 AM,348.9,0,0.0,61016802.49999999
2025-08-01 09:17:39 AM,348.85,0,0.0,61016802.49999999
2025-08-01 09:17:42 AM,348.4,11869,4135159.5999999996,65151962.099999994
2025-08-01 09:17:43 AM,348.4,200,69680.0,65221642.099999994
2025-08-01 09:17:46 AM,348.0,0,0.0,65221642.099999994
2025-08-01 09:17:48 AM,347.8,0,0.0,65221642.099999994
2025-08-01 09:17:50 AM,347.7,18456,6417151.2,71638793.3
2025-08-01 09:17:51 AM,347.8,717,249372.6,71888165.89999999
2025-08-01 09:17:55 AM,347.7,0,0.0,71888165.89999999
2025-08-01 09:17:57 AM,347.8,0,0.0,71888165.89999999
2025-08-01 09:17:59 AM,347.9,9403,3271303.6999999997,75159469.6
2025-08-01 09:18:01 AM,347.95,0,0.0,75159469.6
2025-08-01 09:18:01 AM,347.95,510,177454.5,75336924.1
2025-08-01 09:18:02 AM,347.95,100,34795.0,75371719.1
2025-08-01 09:18:04 AM,348.1,0,0.0,75371719.1
2025-08-01 09:18:04 AM,348.1,936,325821.60000000003,75697540.69999999
2025-08-01 09:18:05 AM,348.15,0,0.0,75697540.69999999
2025-08-01 09:18:05 AM,348.15,50,17407.5,75714948.19999999
2025-08-01 09:18:06 AM,348.15,278,96785.7,75811733.89999999
2025-08-01 09:18:07 AM,348.35,165,57477.75000000001,75869211.64999999
2025-08-01 09:18:08 AM,348.15,57,19844.55,75889056.19999999
2025-08-01 09:18:09 AM,348.3,12,4179.6,75893235.79999998
2025-08-01 09:18:11 AM,348.35,0,0.0,75893235.79999998
2025-08-01 09:18:12 AM,348.45,600,209070.0,76102305.79999998
2025-08-01 09:18:13 AM,348.5,146,50881.0,76153186.79999998
2025-08-01 09:18:14 AM,348.25,1000,348250.0,76501436.79999998
2025-08-01 09:18:15 AM,348.45,9,3136.0499999999997,76504572.84999998
2025-08-01 09:18:16 AM,348.5,66,23001.0,76527573.84999998
2025-08-01 09:18:17 AM,348.5,275,95837.5,76623411.34999998
2025-08-01 09:18:18 AM,348.45,0,0.0,76623411.34999998
2025-08-01 09:18:19 AM,348.25,2443,850774.75,77474186.09999998
2025-08-01 09:18:19 AM,348.3,0,0.0,77474186.09999998
2025-08-01 09:18:20 AM,348.4,605,210782.0,77684968.09999998
2025-08-01 09:18:22 AM,348.5,0,0.0,77684968.09999998
2025-08-01 09:18:23 AM,348.35,110,38318.5,77723286.59999998
2025-08-01 09:18:24 AM,348.5,1,348.5,77723635.09999998
2025-08-01 09:18:25 AM,348.35,0,0.0,77723635.09999998
2025-08-01 09:18:26 AM,348.5,301,104898.5,77828533.59999998
2025-08-01 09:18:26 AM,348.35,0,0.0,77828533.59999998
2025-08-01 09:18:27 AM,348.4,55,19162.0,77847695.59999998
2025-08-01 09:18:29 AM,348.4,286,99642.4,77947337.99999999
2025-08-01 09:18:30 AM,348.2,62,21588.399999999998,77968926.39999999
2025-08-01 09:18:31 AM,348.0,5070,1764360.0,79733286.39999999
2025-08-01 09:18:32 AM,348.1,397,138195.7,79871482.1
2025-08-01 09:18:32 AM,348.0,100,34800.0,79906282.1
2025-08-01 09:18:34 AM,348.0,308,107184.0,80013466.1
2025-08-01 09:18:34 AM,348.15,0,0.0,80013466.1
2025-08-01 09:18:35 AM,348.05,1745,607347.25,80620813.35
2025-08-01 09:18:36 AM,348.05,162,56384.1,80677197.44999999
2025-08-01 09:18:36 AM,348.15,0,0.0,80677197.44999999
2025-08-01 09:18:37 AM,348.15,117,40733.549999999996,80717930.99999999
2025-08-01 09:18:38 AM,348.15,368,128119.2,80846050.19999999
2025-08-01 09:18:38 AM,348.3,0,0.0,80846050.19999999
2025-08-01 09:18:39 AM,348.3,5,1741.5,80847791.69999999
2025-08-01 09:18:40 AM,348.0,5057,1759836.0,82607627.69999999
2025-08-01 09:18:41 AM,348.25,210,73132.5,82680760.19999999
2025-08-01 09:18:41 AM,348.35,250,87087.5,82767847.69999999
2025-08-01 09:18:42 AM,348.15,30,10444.5,82778292.19999999
2025-08-01 09:18:43 AM,348.0,0,0.0,82778292.19999999
2025-08-01 09:18:44 AM,348.0,870,302760.0,83081052.19999999
2025-08-01 09:18:45 AM,347.9,16,5566.4,83086618.6
2025-08-01 09:18:46 AM,348.0,256,89088.0,83175706.6
2025-08-01 09:18:47 AM,348.0,200,69600.0,83245306.6
2025-08-01 09:18:49 AM,348.0,681,236988.0,83482294.6
2025-08-01 09:18:49 AM,348.15,0,0.0,83482294.6
2025-08-01 09:18:50 AM,348.15,139,48392.85,83530687.44999999
2025-08-01 09:18:50 AM,348.1,0,0.0,83530687.44999999
2025-08-01 09:18:51 AM,348.0,1517,527916.0,84058603.44999999
2025-08-01 09:18:52 AM,348.25,126,43879.5,84102482.94999999
2025-08-01 09:18:53 AM,348.2,5,1741.0,84104223.94999999
2025-08-01 09:18:53 AM,348.25,0,0.0,84104223.94999999
2025-08-01 09:18:54 AM,348.25,1600,557200.0,84661423.94999999
2025-08-01 09:18:54 AM,348.15,0,0.0,84661423.94999999
2025-08-01 09:18:55 AM,348.0,6,2088.0,84663511.94999999
2025-08-01 09:18:56 AM,348.0,46,16008.0,84679519.94999999
2025-08-01 09:18:56 AM,347.7,0,0.0,84679519.94999999
2025-08-01 09:18:56 AM,347.7,6229,2165823.3,86845343.24999999
2025-08-01 09:18:56 AM,347.75,0,0.0,86845343.24999999
2025-08-01 09:18:57 AM,347.75,1376,478504.0,87323847.24999999
2025-08-01 09:18:57 AM,348.0,0,0.0,87323847.24999999
2025-08-01 09:18:58 AM,348.2,284,98888.8,87422736.04999998
2025-08-01 09:18:59 AM,348.0,0,0.0,87422736.04999998
2025-08-01 09:19:00 AM,348.0,90,31320.0,87454056.04999998
2025-08-01 09:19:00 AM,347.8,0,0.0,87454056.04999998
2025-08-01 09:19:00 AM,347.8,1375,478225.0,87932281.04999998
2025-08-01 09:19:01 AM,347.55,0,0.0,87932281.04999998
2025-08-01 09:19:01 AM,347.55,435,151184.25,88083465.29999998
2025-08-01 09:19:02 AM,347.8,3,1043.4,88084508.69999999
2025-08-01 09:19:02 AM,347.8,1,347.8,88084856.49999999
2025-08-01 09:19:03 AM,347.9,0,0.0,88084856.49999999
2025-08-01 09:19:03 AM,347.9,719,250140.09999999998,88334996.59999998
2025-08-01 09:19:04 AM,348.0,6,2088.0,88337084.59999998
2025-08-01 09:19:05 AM,348.0,5,1740.0,88338824.59999998
2025-08-01 09:19:05 AM,348.05,0,0.0,88338824.59999998
2025-08-01 09:19:05 AM,348.05,25,8701.25,88347525.84999998
2025-08-01 09:19:06 AM,348.0,100,34800.0,88382325.84999998
2025-08-01 09:19:07 AM,348.1,3,1044.3000000000002,88383370.14999998
2025-08-01 09:19:08 AM,347.9,0,0.0,88383370.14999998
2025-08-01 09:19:08 AM,347.9,4410,1534239.0,89917609.14999998
2025-08-01 09:19:11 AM,348.0,0,0.0,89917609.14999998
2025-08-01 09:19:11 AM,348.0,100,34800.0,89952409.14999998
2025-08-01 09:19:12 AM,348.0,50,17400.0,89969809.14999998
2025-08-01 09:19:13 AM,348.1,0,0.0,89969809.14999998
2025-08-01 09:19:13 AM,348.1,40,13924.0,89983733.14999998
2025-08-01 09:19:14 AM,348.1,5,1740.5,89985473.64999998
2025-08-01 09:19:15 AM,348.1,50,17405.0,90002878.64999998
2025-08-01 09:19:16 AM,348.0,200,69600.0,90072478.64999998
2025-08-01 09:19:17 AM,348.1,5,1740.5,90074219.14999998
2025-08-01 09:19:19 AM,348.3,969,337502.7,90411721.84999998
2025-08-01 09:19:20 AM,348.2,0,0.0,90411721.84999998
2025-08-01 09:19:20 AM,348.2,790,275078.0,90686799.84999998
2025-08-01 09:19:24 AM,348.4,5,1742.0,90688541.84999998
2025-08-01 09:19:25 AM,348.4,40,13936.0,90702477.84999998
2025-08-01 09:19:25 AM,348.4,51,17768.399999999998,90720246.24999999
2025-08-01 09:19:27 AM,348.4,45,15677.999999999998,90735924.24999999
2025-08-01 09:19:27 AM,348.35,8,2786.8,90738711.04999998
2025-08-01 09:19:28 AM,348.4,550,191620.0,90930331.04999998
2025-08-01 09:19:28 AM,348.35,380,132373.0,91062704.04999998
2025-08-01 09:19:29 AM,348.35,70,24384.5,91087088.54999998
2025-08-01 09:19:31 AM,348.4,1050,365820.0,91452908.54999998
2025-08-01 09:19:31 AM,348.3,0,0.0,91452908.54999998
2025-08-01 09:19:31 AM,348.3,50,17415.0,91470323.54999998
2025-08-01 09:19:32 AM,348.2,302,105156.4,91575479.94999999
2025-08-01 09:19:33 AM,348.25,1,348.25,91575828.19999999
2025-08-01 09:19:34 AM,348.35,566,197166.1,91772994.29999998
2025-08-01 09:19:34 AM,348.35,100,34835.0,91807829.29999998
2025-08-01 09:19:34 AM,348.15,0,0.0,91807829.29999998
2025-08-01 09:19:35 AM,348.15,58,20192.699999999997,91828021.99999999
2025-08-01 09:19:35 AM,348.4,1000,348400.0,92176421.99999999
2025-08-01 09:19:35 AM,348.35,0,0.0,92176421.99999999
2025-08-01 09:19:35 AM,348.15,0,0.0,92176421.99999999
2025-08-01 09:19:36 AM,348.35,406,141430.1,92317852.09999998
2025-08-01 09:19:37 AM,348.3,18,6269.400000000001,92324121.49999999
2025-08-01 09:19:37 AM,348.35,71,24732.850000000002,92348854.34999998
2025-08-01 09:19:38 AM,348.3,0,0.0,92348854.34999998
2025-08-01 09:19:39 AM,348.3,157,54683.1,92403537.44999997
2025-08-01 09:19:39 AM,348.35,0,0.0,92403537.44999997
2025-08-01 09:19:40 AM,348.35,81,28216.350000000002,92431753.79999997
2025-08-01 09:19:41 AM,348.35,150,52252.5,92484006.29999997
2025-08-01 09:19:41 AM,348.35,90,31351.500000000004,92515357.79999997
2025-08-01 09:19:42 AM,348.2,3102,1080116.4,93595474.19999997
2025-08-01 09:19:42 AM,348.35,0,0.0,93595474.19999997
2025-08-01 09:19:43 AM,348.35,251,87435.85,93682910.04999997
2025-08-01 09:19:43 AM,348.3,0,0.0,93682910.04999997
2025-08-01 09:19:43 AM,348.3,1000,348300.0,94031210.04999997
2025-08-01 09:19:44 AM,348.4,0,0.0,94031210.04999997
2025-08-01 09:19:45 AM,348.4,100,34840.0,94066050.04999997
2025-08-01 09:19:45 AM,348.8,0,0.0,94066050.04999997
2025-08-01 09:19:45 AM,348.8,3652,1273817.6,95339867.64999996
2025-08-01 09:19:46 AM,348.65,0,0.0,95339867.64999996
2025-08-01 09:19:46 AM,348.65,1000,348650.0,95688517.64999996
2025-08-01 09:19:47 AM,348.9,20,6978.0,95695495.64999996
2025-08-01 09:19:47 AM,348.85,0,0.0,95695495.64999996
2025-08-01 09:19:48 AM,348.6,303,105625.8,95801121.44999996
2025-08-01 09:19:48 AM,348.65,0,0.0,95801121.44999996
2025-08-01 09:19:49 AM,348.65,56,19524.399999999998,95820645.84999996
2025-08-01 09:19:50 AM,348.55,1,348.55,95820994.39999996
2025-08-01 09:19:50 AM,348.65,0,0.0,95820994.39999996
2025-08-01 09:19:51 AM,348.65,9,3137.85,95824132.24999996
2025-08-01 09:19:52 AM,348.7,0,0.0,95824132.24999996
2025-08-01 09:19:53 AM,348.7,25,8717.5,95832849.74999996
2025-08-01 09:19:54 AM,348.65,303,105640.95,95938490.69999996
2025-08-01 09:19:54 AM,348.65,20,6973.0,95945463.69999996
2025-08-01 09:19:56 AM,348.75,0,0.0,95945463.69999996
2025-08-01 09:19:57 AM,348.7,90,31383.0,95976846.69999996
2025-08-01 09:19:58 AM,348.85,500,174425.0,96151271.69999996
2025-08-01 09:19:59 AM,348.85,500,174425.0,96325696.69999996
2025-08-01 09:20:00 AM,348.95,0,0.0,96325696.69999996
2025-08-01 09:20:01 AM,348.95,1520,530404.0,96856100.69999996
2025-08-01 09:20:01 AM,348.65,0,0.0,96856100.69999996
2025-08-01 09:20:02 AM,348.75,2991,1043111.25,97899211.94999996
2025-08-01 09:20:08 AM,348.65,0,0.0,97899211.94999996
2025-08-01 09:20:09 AM,348.65,470,163865.5,98063077.44999996
2025-08-01 09:20:10 AM,348.65,63,21964.949999999997,98085042.39999996
2025-08-01 09:20:15 AM,348.6,0,0.0,98085042.39999996
2025-08-01 09:20:17 AM,348.6,2343,816769.8,98901812.19999996
2025-08-01 09:20:17 AM,348.5,0,0.0,98901812.19999996
2025-08-01 09:20:18 AM,348.5,10,3485.0,98905297.19999996
2025-08-01 09:20:25 AM,348.25,4532,1578269.0,100483566.19999996
2025-08-01 09:20:25 AM,348.2,0,0.0,100483566.19999996
2025-08-01 09:20:26 AM,348.2,137,47703.4,100531269.59999996
2025-08-01 09:20:28 AM,348.15,0,0.0,100531269.59999996
2025-08-01 09:20:32 AM,348.15,1436,499943.39999999997,101031212.99999997
2025-08-01 09:20:33 AM,348.1,0,0.0,101031212.99999997
2025-08-01 09:20:34 AM,348.1,305,106170.5,101137383.49999997
2025-08-01 09:20:39 AM,348.2,0,0.0,101137383.49999997
2025-08-01 09:20:40 AM,348.2,514,178974.8,101316358.29999997
2025-08-01 09:20:47 AM,348.0,0,0.0,101316358.29999997
2025-08-01 09:20:48 AM,348.0,868,302064.0,101618422.29999997
2025-08-01 09:20:54 AM,348.2,0,0.0,101618422.29999997
2025-08-01 09:20:56 AM,348.15,74,25763.1,101644185.39999996
2025-08-01 09:20:56 AM,348.2,0,0.0,101644185.39999996
2025-08-01 09:20:57 AM,348.2,3,1044.6,101645229.99999996
2025-08-01 09:21:00 AM,348.3,0,0.0,101645229.99999996
2025-08-01 09:21:01 AM,348.3,140,48762.0,101693991.99999996
2025-08-01 09:21:02 AM,348.3,50,17415.0,101711406.99999996
2025-08-01 09:21:03 AM,348.3,11,3831.3,101715238.29999995
2025-08-01 09:21:03 AM,348.15,0,0.0,101715238.29999995
2025-08-01 09:21:04 AM,348.15,25,8703.75,101723942.04999995
2025-08-01 09:21:04 AM,348.3,0,0.0,101723942.04999995
2025-08-01 09:21:04 AM,348.3,53,18459.9,101742401.94999996
2025-08-01 09:21:06 AM,348.3,1,348.3,101742750.24999996
2025-08-01 09:21:06 AM,348.15,36,12533.4,101755283.64999996
2025-08-01 09:21:07 AM,348.3,8,2786.4,101758070.04999997
2025-08-01 09:21:10 AM,348.3,1,348.3,101758418.34999996
2025-08-01 09:21:11 AM,348.3,31,10797.300000000001,101769215.64999996
2025-08-01 09:21:13 AM,348.3,1000,348300.0,102117515.64999996
2025-08-01 09:21:14 AM,348.2,100,34820.0,102152335.64999996
2025-08-01 09:21:15 AM,348.2,50,17410.0,102169745.64999996
2025-08-01 09:21:17 AM,348.2,275,95755.0,102265500.64999996
2025-08-01 09:21:18 AM,348.2,25,8705.0,102274205.64999996
2025-08-01 09:21:19 AM,348.2,2,696.4,102274902.04999997
2025-08-01 09:21:19 AM,348.2,1,348.2,102275250.24999997
2025-08-01 09:21:20 AM,348.2,3,1044.6,102276294.84999996
2025-08-01 09:21:21 AM,348.2,291,101326.2,102377621.04999997
2025-08-01 09:21:22 AM,348.2,6,2089.2,102379710.24999997
2025-08-01 09:21:22 AM,348.2,66,22981.2,102402691.44999997
2025-08-01 09:21:23 AM,348.2,18,6267.599999999999,102408959.04999997
2025-08-01 09:21:24 AM,348.2,1,348.2,102409307.24999997
2025-08-01 09:21:24 AM,348.15,0,0.0,102409307.24999997
2025-08-01 09:21:25 AM,348.15,144,50133.6,102459440.84999996
2025-08-01 09:21:25 AM,348.1,0,0.0,102459440.84999996
2025-08-01 09:21:26 AM,348.1,1712,595947.2000000001,103055388.04999997
2025-08-01 09:21:26 AM,348.15,0,0.0,103055388.04999997
2025-08-01 09:21:26 AM,348.15,50,17407.5,103072795.54999997
2025-08-01 09:21:27 AM,348.2,127,44221.4,103117016.94999997
2025-08-01 09:21:28 AM,348.0,3658,1272984.0,104390000.94999997
2025-08-01 09:21:28 AM,348.2,0,0.0,104390000.94999997
2025-08-01 09:21:28 AM,348.2,606,211009.19999999998,104601010.14999998
2025-08-01 09:21:31 AM,348.2,50,17410.0,104618420.14999998
2025-08-01 09:21:32 AM,348.2,192,66854.4,104685274.54999998
2025-08-01 09:21:32 AM,348.2,300,104460.0,104789734.54999998
2025-08-01 09:21:33 AM,348.2,2,696.4,104790430.94999999
2025-08-01 09:21:33 AM,348.05,30,10441.5,104800872.44999999
2025-08-01 09:21:34 AM,348.2,2,696.4,104801568.85
2025-08-01 09:21:35 AM,348.2,101,35168.2,104836737.05
2025-08-01 09:21:39 AM,348.2,180,62676.0,104899413.05
2025-08-01 09:21:41 AM,348.2,1000,348200.0,105247613.05
2025-08-01 09:21:41 AM,348.05,500,174025.0,105421638.05
2025-08-01 09:21:41 AM,348.2,0,0.0,105421638.05
2025-08-01 09:21:42 AM,348.2,20,6964.0,105428602.05
2025-08-01 09:21:42 AM,348.2,45,15669.0,105444271.05
2025-08-01 09:21:42 AM,348.05,0,0.0,105444271.05
2025-08-01 09:21:43 AM,348.05,154,53599.700000000004,105497870.75
2025-08-01 09:21:43 AM,348.2,0,0.0,105497870.75
2025-08-01 09:21:44 AM,348.25,2075,722618.75,106220489.5
2025-08-01 09:21:44 AM,348.15,0,0.0,106220489.5
2025-08-01 09:21:45 AM,348.15,35,12185.25,106232674.75
2025-08-01 09:21:45 AM,348.2,0,0.0,106232674.75
2025-08-01 09:21:46 AM,348.2,5,1741.0,106234415.75
2025-08-01 09:21:47 AM,348.35,100,34835.0,106269250.75
2025-08-01 09:21:48 AM,348.2,27,9401.4,106278652.15
2025-08-01 09:21:48 AM,348.25,20,6965.0,106285617.15
2025-08-01 09:21:48 AM,348.2,0,0.0,106285617.15
2025-08-01 09:21:49 AM,348.2,296,103067.2,106388684.35000001
2025-08-01 09:21:50 AM,347.5,5127,1781632.5,108170316.85000001
2025-08-01 09:21:51 AM,347.7,50,17385.0,108187701.85000001
2025-08-01 09:21:52 AM,347.7,203,70583.09999999999,108258284.95
2025-08-01 09:21:52 AM,347.8,0,0.0,108258284.95
2025-08-01 09:21:53 AM,347.6,1930,670868.0,108929152.95
2025-08-01 09:21:53 AM,347.6,25,8690.0,108937842.95
2025-08-01 09:21:54 AM,347.7,1936,673147.2,109610990.15
2025-08-01 09:21:55 AM,347.75,0,0.0,109610990.15
2025-08-01 09:21:55 AM,347.75,39,13562.25,109624552.4
2025-08-01 09:21:56 AM,348.0,0,0.0,109624552.4
2025-08-01 09:21:56 AM,348.15,0,0.0,109624552.4
2025-08-01 09:21:56 AM,348.15,626,217941.9,109842494.30000001
2025-08-01 09:21:57 AM,348.05,0,0.0,109842494.30000001
2025-08-01 09:21:57 AM,348.05,1,348.05,109842842.35000001
2025-08-01 09:21:59 AM,348.1,0,0.0,109842842.35000001
2025-08-01 09:21:59 AM,348.1,5,1740.5,109844582.85000001
2025-08-01 09:22:00 AM,347.85,83,28871.550000000003,109873454.4
2025-08-01 09:22:05 AM,347.85,2235,777444.75,110650899.15
2025-08-01 09:22:06 AM,347.85,1,347.85,110651247.0
2025-08-01 09:22:10 AM,347.7,0,0.0,110651247.0
2025-08-01 09:22:13 AM,347.8,686,238590.80000000002,110889837.8
2025-08-01 09:22:14 AM,347.6,441,153291.6,111043129.39999999
2025-08-01 09:22:15 AM,347.7,0,0.0,111043129.39999999
2025-08-01 09:22:21 AM,347.75,2537,882241.75,111925371.14999999
2025-08-01 09:22:22 AM,347.6,105,36498.0,111961869.14999999
2025-08-01 09:22:22 AM,347.7,0,0.0,111961869.14999999
2025-08-01 09:22:24 AM,347.45,0,0.0,111961869.14999999
2025-08-01 09:22:28 AM,347.45,6067,2107979.15,114069848.3
2025-08-01 09:22:30 AM,347.45,25,8686.25,114078534.55
2025-08-01 09:22:32 AM,347.25,0,0.0,114078534.55
2025-08-01 09:22:36 AM,347.25,1101,382322.25,114460856.8
2025-08-01 09:22:37 AM,347.4,567,196975.8,114657832.6
2025-08-01 09:22:43 AM,347.45,1135,394355.75,115052188.35
2025-08-01 09:22:44 AM,347.3,0,0.0,115052188.35
2025-08-01 09:22:45 AM,347.45,1125,390881.25,115443069.6
2025-08-01 09:22:49 AM,347.15,0,0.0,115443069.6
2025-08-01 09:22:50 AM,347.25,0,0.0,115443069.6
2025-08-01 09:22:51 AM,347.35,3573,1241081.55,116684151.14999999
2025-08-01 09:22:53 AM,347.05,1521,527863.05,117212014.19999999
2025-08-01 09:22:56 AM,347.1,0,0.0,117212014.19999999
2025-08-01 09:22:58 AM,347.15,0,0.0,117212014.19999999
2025-08-01 09:22:58 AM,347.15,2520,874818.0,118086832.19999999
2025-08-01 09:23:02 AM,347.15,100,34715.0,118121547.19999999
2025-08-01 09:23:03 AM,347.2,0,0.0,118121547.19999999
2025-08-01 09:23:04 AM,347.2,29,10068.8,118131615.99999999
2025-08-01 09:23:05 AM,347.2,476,165267.19999999998,118296883.19999999
2025-08-01 09:23:05 AM,347.2,20,6944.0,118303827.19999999
2025-08-01 09:23:05 AM,347.15,0,0.0,118303827.19999999
2025-08-01 09:23:05 AM,347.15,251,87134.65,118390961.85
2025-08-01 09:23:07 AM,347.15,1010,350621.5,118741583.35
2025-08-01 09:23:09 AM,347.15,205,71165.75,118812749.1
2025-08-01 09:23:10 AM,347.05,0,0.0,118812749.1
2025-08-01 09:23:10 AM,347.05,1300,451165.0,119263914.1
2025-08-01 09:23:11 AM,347.2,0,0.0,119263914.1
2025-08-01 09:23:11 AM,347.2,50,17360.0,119281274.1
2025-08-01 09:23:12 AM,347.15,0,0.0,119281274.1
2025-08-01 09:23:12 AM,347.15,50,17357.5,119298631.6
2025-08-01 09:23:13 AM,347.15,200,69430.0,119368061.6
2025-08-01 09:23:14 AM,347.2,7,2430.4,119370492.0
2025-08-01 09:23:15 AM,347.15,1475,512046.24999999994,119882538.25
2025-08-01 09:23:16 AM,347.2,10,3472.0,119886010.25
2025-08-01 09:23:17 AM,347.15,16,5554.4,119891564.65
2025-08-01 09:23:18 AM,347.15,80,27772.0,119919336.65
2025-08-01 09:23:18 AM,347.2,150,52080.0,119971416.65
2025-08-01 09:23:19 AM,347.2,15,5208.0,119976624.65
2025-08-01 09:23:20 AM,347.2,15,5208.0,119981832.65
2025-08-01 09:23:20 AM,347.2,112,38886.4,120020719.05000001
2025-08-01 09:23:21 AM,347.0,1783,618701.0,120639420.05000001
2025-08-01 09:23:22 AM,347.15,73,25341.949999999997,120664762.00000001
2025-08-01 09:23:23 AM,347.0,104,36088.0,120700850.00000001
2025-08-01 09:23:23 AM,347.15,0,0.0,120700850.00000001
2025-08-01 09:23:23 AM,347.15,37,12844.55,120713694.55000001
2025-08-01 09:23:24 AM,347.15,1,347.15,120714041.70000002
2025-08-01 09:23:24 AM,347.15,100,34715.0,120748756.70000002
2025-08-01 09:23:25 AM,347.0,60,20820.0,120769576.70000002
2025-08-01 09:23:27 AM,347.0,325,112775.0,120882351.70000002
2025-08-01 09:23:28 AM,347.0,3071,1065637.0,121947988.70000002
2025-08-01 09:23:28 AM,346.9,0,0.0,121947988.70000002
2025-08-01 09:23:29 AM,347.0,305,105835.0,122053823.70000002
2025-08-01 09:23:30 AM,347.15,536,186072.4,122239896.10000002
2025-08-01 09:23:31 AM,347.0,0,0.0,122239896.10000002
2025-08-01 09:23:32 AM,347.0,250,86750.0,122326646.10000002
2025-08-01 09:23:34 AM,347.1,97,33668.700000000004,122360314.80000003
2025-08-01 09:23:34 AM,347.1,3,1041.3000000000002,122361356.10000002
2025-08-01 09:23:35 AM,347.1,2,694.2,122362050.30000003
2025-08-01 09:23:38 AM,347.1,28,9718.800000000001,122371769.10000002
2025-08-01 09:23:39 AM,347.0,20,6940.0,122378709.10000002
2025-08-01 09:23:39 AM,347.1,0,0.0,122378709.10000002
2025-08-01 09:23:40 AM,347.1,135,46858.5,122425567.60000002
2025-08-01 09:23:40 AM,347.0,0,0.0,122425567.60000002
2025-08-01 09:23:41 AM,347.1,269,93369.90000000001,122518937.50000003
2025-08-01 09:23:41 AM,347.1,4,1388.4,122520325.90000004
2025-08-01 09:23:42 AM,347.1,120,41652.0,122561977.90000004
2025-08-01 09:23:42 AM,347.1,31,10760.1,122572738.00000003
2025-08-01 09:23:44 AM,347.15,100,34715.0,122607453.00000003
2025-08-01 09:23:45 AM,347.15,12,4165.799999999999,122611618.80000003
2025-08-01 09:23:49 AM,347.15,1,347.15,122611965.95000003
2025-08-01 09:23:50 AM,347.1,54,18743.4,122630709.35000004
2025-08-01 09:23:52 AM,347.15,60,20829.0,122651538.35000004
2025-08-01 09:23:52 AM,347.15,4,1388.6,122652926.95000003
2025-08-01 09:23:53 AM,347.15,1,347.15,122653274.10000004
2025-08-01 09:23:53 AM,347.1,0,0.0,122653274.10000004
2025-08-01 09:23:54 AM,347.1,72,24991.2,122678265.30000004
2025-08-01 09:23:55 AM,347.1,11,3818.1000000000004,122682083.40000004
2025-08-01 09:23:55 AM,347.1,9,3123.9,122685207.30000004
2025-08-01 09:23:56 AM,347.1,1,347.1,122685554.40000004
2025-08-01 09:23:57 AM,347.1,3,1041.3000000000002,122686595.70000003
2025-08-01 09:23:58 AM,347.1,1,347.1,122686942.80000003
2025-08-01 09:23:59 AM,347.1,100,34710.0,122721652.80000003
2025-08-01 09:23:59 AM,347.1,1,347.1,122721999.90000002
2025-08-01 09:24:00 AM,347.05,283,98215.15000000001,122820215.05000003
2025-08-01 09:24:01 AM,347.1,10,3471.0,122823686.05000003
2025-08-01 09:24:07 AM,347.0,2569,891443.0,123715129.05000003
2025-08-01 09:24:09 AM,347.1,100,34710.0,123749839.05000003
2025-08-01 09:24:10 AM,347.0,0,0.0,123749839.05000003
2025-08-01 09:24:10 AM,347.1,0,0.0,123749839.05000003
2025-08-01 09:24:15 AM,347.05,1190,412989.5,124162828.55000003
2025-08-01 09:24:23 AM,347.05,409,141943.45,124304772.00000003
2025-08-01 09:24:24 AM,347.0,600,208200.0,124512972.00000003
2025-08-01 09:24:28 AM,347.05,0,0.0,124512972.00000003
2025-08-01 09:24:30 AM,347.05,324,112444.2,124625416.20000003
2025-08-01 09:24:32 AM,347.05,650,225582.5,124850998.70000003
2025-08-01 09:24:34 AM,347.0,0,0.0,124850998.70000003
2025-08-01 09:24:38 AM,346.9,1935,671251.5,125522250.20000003
2025-08-01 09:24:39 AM,346.95,127,44062.65,125566312.85000004
2025-08-01 09:24:45 AM,346.95,440,152658.0,125718970.85000004
2025-08-01 09:24:52 AM,346.85,0,0.0,125718970.85000004
2025-08-01 09:24:53 AM,346.85,24,8324.400000000001,125727295.25000004
2025-08-01 09:24:53 AM,346.7,0,0.0,125727295.25000004
2025-08-01 09:24:55 AM,346.7,586,203166.19999999998,125930461.45000005
2025-08-01 09:24:59 AM,346.65,0,0.0,125930461.45000005
2025-08-01 09:25:00 AM,346.65,6459,2239012.3499999996,128169473.80000004
2025-08-01 09:25:00 AM,346.5,0,0.0,128169473.80000004
2025-08-01 09:25:02 AM,346.6,124,42978.4,128212452.20000005
2025-08-01 09:25:07 AM,346.6,3115,1079659.0,129292111.20000005
2025-08-01 09:25:10 AM,346.6,5807,2012706.2000000002,131304817.40000005
2025-08-01 09:25:13 AM,346.5,0,0.0,131304817.40000005
2025-08-01 09:25:15 AM,346.6,87,30154.2,131334971.60000005
2025-08-01 09:25:17 AM,346.95,12990,4506880.5,135841852.10000005
2025-08-01 09:25:19 AM,346.85,0,0.0,135841852.10000005
2025-08-01 09:25:20 AM,346.95,0,0.0,135841852.10000005
2025-08-01 09:25:23 AM,347.2,4777,1658574.4,137500426.50000006
2025-08-01 09:25:25 AM,347.25,66,22918.5,137523345.00000006
2025-08-01 09:25:30 AM,347.5,720,250200.0,137773545.00000006
2025-08-01 09:25:31 AM,347.7,0,0.0,137773545.00000006
2025-08-01 09:25:32 AM,347.7,457,158898.9,137932443.90000007
2025-08-01 09:25:37 AM,347.6,0,0.0,137932443.90000007
2025-08-01 09:25:38 AM,347.6,403,140082.80000000002,138072526.70000008
2025-08-01 09:25:38 AM,347.55,0,0.0,138072526.70000008
2025-08-01 09:25:40 AM,347.55,747,259619.85,138332146.55000007
2025-08-01 09:25:43 AM,347.6,0,0.0,138332146.55000007
2025-08-01 09:25:45 AM,347.65,214,74397.09999999999,138406543.65000007
2025-08-01 09:25:47 AM,347.65,52,18077.8,138424621.45000008
2025-08-01 09:25:53 AM,347.75,1716,596739.0,139021360.45000008
2025-08-01 09:25:54 AM,347.7,0,0.0,139021360.45000008
2025-08-01 09:25:55 AM,347.7,105,36508.5,139057868.95000008
2025-08-01 09:26:00 AM,347.7,134,46591.799999999996,139104460.7500001
2025-08-01 09:26:01 AM,347.85,525,182621.25,139287082.0000001
2025-08-01 09:26:03 AM,347.85,721,250799.85,139537881.85000008
2025-08-01 09:26:04 AM,347.8,0,0.0,139537881.85000008
2025-08-01 09:26:04 AM,347.8,25,8695.0,139546576.85000008
2025-08-01 09:26:06 AM,347.7,5,1738.5,139548315.35000008
2025-08-01 09:26:07 AM,347.8,33,11477.4,139559792.7500001
2025-08-01 09:26:07 AM,347.7,0,0.0,139559792.7500001
2025-08-01 09:26:07 AM,347.7,3220,1119594.0,140679386.7500001
2025-08-01 09:26:08 AM,347.75,4,1391.0,140680777.7500001
2025-08-01 09:26:08 AM,347.7,300,104310.0,140785087.7500001
2025-08-01 09:26:10 AM,347.9,96,33398.399999999994,140818486.1500001
2025-08-01 09:26:10 AM,347.85,34,11826.900000000001,140830313.0500001
2025-08-01 09:26:12 AM,347.9,29,10089.099999999999,140840402.1500001
2025-08-01 09:26:12 AM,347.75,30,10432.5,140850834.6500001
2025-08-01 09:26:13 AM,347.7,60,20862.0,140871696.6500001
2025-08-01 09:26:14 AM,347.8,100,34780.0,140906476.6500001
2025-08-01 09:26:15 AM,347.7,0,0.0,140906476.6500001
2025-08-01 09:26:16 AM,347.7,10,3477.0,140909953.6500001
2025-08-01 09:26:17 AM,347.8,8,2782.4,140912736.0500001
2025-08-01 09:26:20 AM,347.8,20,6956.0,140919692.0500001
2025-08-01 09:26:21 AM,347.8,1124,390927.2,141310619.2500001
2025-08-01 09:26:23 AM,347.8,2,695.6,141311314.85000008
2025-08-01 09:26:24 AM,347.8,100,34780.0,141346094.85000008
2025-08-01 09:26:24 AM,347.8,50,17390.0,141363484.85000008
2025-08-01 09:26:25 AM,347.8,10,3478.0,141366962.85000008
2025-08-01 09:26:26 AM,347.8,2,695.6,141367658.45000008
2025-08-01 09:26:26 AM,347.8,10,3478.0,141371136.45000008
2025-08-01 09:26:27 AM,347.8,7,2434.6,141373571.05000007
2025-08-01 09:26:27 AM,347.7,60,20862.0,141394433.05000007
2025-08-01 09:26:28 AM,347.7,100,34770.0,141429203.05000007
2025-08-01 09:26:30 AM,347.8,30,10434.0,141439637.05000007
2025-08-01 09:26:32 AM,347.7,15,5215.5,141444852.55000007
2025-08-01 09:26:32 AM,347.8,0,0.0,141444852.55000007
2025-08-01 09:26:33 AM,347.8,3,1043.4,141445895.95000008
2025-08-01 09:26:33 AM,347.8,505,175639.0,141621534.95000008
2025-08-01 09:26:34 AM,347.8,10,3478.0,141625012.95000008
2025-08-01 09:26:35 AM,347.8,75,26085.0,141651097.95000008
2025-08-01 09:26:36 AM,347.8,100,34780.0,141685877.95000008
2025-08-01 09:26:38 AM,347.7,0,0.0,141685877.95000008
2025-08-01 09:26:39 AM,347.7,1375,478087.5,142163965.45000008
2025-08-01 09:26:39 AM,347.75,30,10432.5,142174397.95000008
2025-08-01 09:26:43 AM,347.75,10,3477.5,142177875.45000008
2025-08-01 09:26:46 AM,347.75,10,3477.5,142181352.95000008
2025-08-01 09:26:47 AM,347.75,25,8693.75,142190046.70000008
2025-08-01 09:26:47 AM,347.8,0,0.0,142190046.70000008
2025-08-01 09:26:48 AM,347.95,4195,1459650.25,143649696.95000008
2025-08-01 09:26:50 AM,348.0,1298,451704.0,144101400.95000008
2025-08-01 09:26:51 AM,348.1,200,69620.0,144171020.95000008
2025-08-01 09:26:52 AM,348.2,2,696.4,144171717.35000008
2025-08-01 09:26:54 AM,348.2,8,2785.6,144174502.95000008
2025-08-01 09:26:54 AM,348.25,0,0.0,144174502.95000008
2025-08-01 09:26:55 AM,348.25,378,131638.5,144306141.45000008
2025-08-01 09:26:56 AM,348.3,12,4179.6,144310321.05000007
2025-08-01 09:26:56 AM,348.25,0,0.0,144310321.05000007
2025-08-01 09:26:57 AM,348.4,50,17420.0,144327741.05000007
2025-08-01 09:26:58 AM,348.25,107,37262.75,144365003.80000007
2025-08-01 09:27:00 AM,348.35,173,60264.55,144425268.35000008
2025-08-01 09:27:01 AM,348.35,1101,383533.35000000003,144808801.70000008
2025-08-01 09:27:02 AM,348.3,103,35874.9,144844676.60000008
2025-08-01 09:27:05 AM,348.4,0,0.0,144844676.60000008
2025-08-01 09:27:09 AM,348.4,1881,655340.3999999999,145500017.0000001
2025-08-01 09:27:10 AM,348.35,25,8708.75,145508725.7500001
2025-08-01 09:27:11 AM,348.4,0,0.0,145508725.7500001
2025-08-01 09:27:16 AM,348.4,5895,2053817.9999999998,147562543.7500001
2025-08-01 09:27:16 AM,348.35,0,0.0,147562543.7500001
2025-08-01 09:27:17 AM,348.25,1843,641824.75,148204368.5000001
2025-08-01 09:27:20 AM,348.4,0,0.0,148204368.5000001
2025-08-01 09:27:23 AM,348.15,2455,854708.25,149059076.7500001
2025-08-01 09:27:25 AM,348.25,1,348.25,149059425.0000001
2025-08-01 09:27:26 AM,348.0,0,0.0,149059425.0000001
2025-08-01 09:27:31 AM,348.0,1595,555060.0,149614485.0000001
2025-08-01 09:27:31 AM,347.85,0,0.0,149614485.0000001
2025-08-01 09:27:32 AM,348.0,135,46980.0,149661465.0000001
2025-08-01 09:27:38 AM,347.75,565,196478.75,149857943.7500001
2025-08-01 09:27:40 AM,347.85,200,69570.0,149927513.7500001
2025-08-01 09:27:45 AM,347.55,0,0.0,149927513.7500001
2025-08-01 09:27:46 AM,347.6,2996,1041409.6000000001,150968923.35000008
2025-08-01 09:27:46 AM,347.35,0,0.0,150968923.35000008
2025-08-01 09:27:47 AM,347.55,1168,405938.4,151374861.7500001
2025-08-01 09:27:51 AM,347.5,0,0.0,151374861.7500001
2025-08-01 09:27:51 AM,347.3,0,0.0,151374861.7500001
2025-08-01 09:27:54 AM,347.5,1338,464955.0,151839816.7500001
2025-08-01 09:27:55 AM,347.4,451,156677.4,151996494.1500001
2025-08-01 09:27:56 AM,347.25,0,0.0,151996494.1500001
2025-08-01 09:28:00 AM,347.4,0,0.0,151996494.1500001
2025-08-01 09:28:01 AM,347.4,469,162930.59999999998,152159424.7500001
2025-08-01 09:28:02 AM,347.4,4,1389.6,152160814.35000008
2025-08-01 09:28:03 AM,347.35,48,16672.800000000003,152177487.1500001
2025-08-01 09:28:03 AM,347.4,0,0.0,152177487.1500001
2025-08-01 09:28:04 AM,347.4,20,6948.0,152184435.1500001
2025-08-01 09:28:04 AM,347.15,1,347.15,152184782.3000001
2025-08-01 09:28:04 AM,347.2,0,0.0,152184782.3000001
2025-08-01 09:28:05 AM,347.2,156,54163.2,152238945.5000001
2025-08-01 09:28:05 AM,347.3,0,0.0,152238945.5000001
2025-08-01 09:28:06 AM,347.3,100,34730.0,152273675.5000001
2025-08-01 09:28:07 AM,347.3,25,8682.5,152282358.0000001
2025-08-01 09:28:10 AM,347.25,1,347.25,152282705.2500001
2025-08-01 09:28:10 AM,347.2,0,0.0,152282705.2500001
2025-08-01 09:28:10 AM,347.1,0,0.0,152282705.2500001
2025-08-01 09:28:11 AM,347.1,1855,643870.5,152926575.7500001
2025-08-01 09:28:12 AM,347.25,0,0.0,152926575.7500001
2025-08-01 09:28:12 AM,347.25,9,3125.25,152929701.0000001
2025-08-01 09:28:14 AM,347.25,50,17362.5,152947063.5000001
2025-08-01 09:28:15 AM,347.25,15,5208.75,152952272.2500001
2025-08-01 09:28:17 AM,347.25,120,41670.0,152993942.2500001
2025-08-01 09:28:20 AM,347.1,50,17355.0,153011297.2500001
2025-08-01 09:28:22 AM,347.1,20,6942.0,153018239.2500001
2025-08-01 09:28:23 AM,347.1,5,1735.5,153019974.7500001
2025-08-01 09:28:23 AM,347.2,0,0.0,153019974.7500001
2025-08-01 09:28:24 AM,347.2,121,42011.2,153061985.95000008
2025-08-01 09:28:24 AM,347.2,10,3472.0,153065457.95000008
2025-08-01 09:28:26 AM,347.1,138,47899.8,153113357.7500001
2025-08-01 09:28:26 AM,347.15,11,3818.6499999999996,153117176.4000001
2025-08-01 09:28:28 AM,347.1,5,1735.5,153118911.9000001
2025-08-01 09:28:29 AM,347.15,0,0.0,153118911.9000001
2025-08-01 09:28:29 AM,347.1,0,0.0,153118911.9000001
2025-08-01 09:28:29 AM,347.1,340,118014.00000000001,153236925.9000001
2025-08-01 09:28:30 AM,347.1,170,59007.00000000001,153295932.9000001
2025-08-01 09:28:31 AM,347.1,1,347.1,153296280.0000001
2025-08-01 09:28:31 AM,347.1,85,29503.500000000004,153325783.5000001
2025-08-01 09:28:33 AM,347.15,0,0.0,153325783.5000001
2025-08-01 09:28:33 AM,347.1,1001,347447.10000000003,153673230.60000008
2025-08-01 09:28:34 AM,347.2,0,0.0,153673230.60000008
2025-08-01 09:28:34 AM,347.2,500,173600.0,153846830.60000008
2025-08-01 09:28:34 AM,347.2,327,113534.4,153960365.0000001
2025-08-01 09:28:35 AM,347.05,32,11105.6,153971470.60000008
2025-08-01 09:28:37 AM,347.05,155,53792.75,154025263.35000008
2025-08-01 09:28:38 AM,347.15,6,2082.8999999999996,154027346.2500001
2025-08-01 09:28:40 AM,347.1,115,39916.5,154067262.7500001
2025-08-01 09:28:41 AM,347.1,51,17702.100000000002,154084964.85000008
2025-08-01 09:28:42 AM,347.15,0,0.0,154084964.85000008
2025-08-01 09:28:42 AM,347.15,2,694.3,154085659.1500001
2025-08-01 09:28:44 AM,347.15,33,11455.949999999999,154097115.10000008
2025-08-01 09:28:47 AM,347.15,1,347.15,154097462.2500001
2025-08-01 09:28:48 AM,347.15,26,9025.9,154106488.1500001
2025-08-01 09:28:50 AM,347.15,6,2082.8999999999996,154108571.0500001
2025-08-01 09:28:51 AM,347.15,101,35062.149999999994,154143633.2000001
2025-08-01 09:28:51 AM,347.1,13,4512.3,154148145.50000012
2025-08-01 09:28:52 AM,347.1,7,2429.7000000000003,154150575.2000001
2025-08-01 09:28:54 AM,347.15,0,0.0,154150575.2000001
2025-08-01 09:28:55 AM,347.15,1,347.15,154150922.3500001
2025-08-01 09:28:56 AM,347.15,1275,442616.25,154593538.6000001
2025-08-01 09:28:56 AM,347.15,423,146844.44999999998,154740383.0500001
2025-08-01 09:28:57 AM,347.2,215,74648.0,154815031.0500001
2025-08-01 09:28:58 AM,347.3,0,0.0,154815031.0500001
2025-08-01 09:28:58 AM,347.3,1100,382030.0,155197061.0500001
2025-08-01 09:28:59 AM,347.5,0,0.0,155197061.0500001
2025-08-01 09:28:59 AM,347.5,21,7297.5,155204358.5500001
2025-08-01 09:28:59 AM,347.6,100,34760.0,155239118.5500001
2025-08-01 09:29:02 AM,347.6,27,9385.2,155248503.7500001
2025-08-01 09:29:04 AM,347.35,2,694.7,155249198.45000008
2025-08-01 09:29:09 AM,347.25,0,0.0,155249198.45000008
2025-08-01 09:29:10 AM,347.1,977,339116.7,155588315.15000007
2025-08-01 09:29:12 AM,347.0,95,32965.0,155621280.15000007
2025-08-01 09:29:18 AM,347.1,1200,416520.0,156037800.15000007
2025-08-01 09:29:19 AM,347.15,10,3471.5,156041271.65000007
2025-08-01 09:29:20 AM,347.0,0,0.0,156041271.65000007
2025-08-01 09:29:25 AM,347.2,0,0.0,156041271.65000007
2025-08-01 09:29:25 AM,347.2,2627,912094.4,156953366.05000007
2025-08-01 09:29:27 AM,347.0,600,208200.0,157161566.05000007
2025-08-01 09:29:30 AM,347.25,0,0.0,157161566.05000007
2025-08-01 09:29:33 AM,347.25,35,12153.75,157173719.80000007
2025-08-01 09:29:40 AM,347.2,10,3472.0,157177191.80000007
2025-08-01 09:29:41 AM,347.0,10,3470.0,157180661.80000007
2025-08-01 09:29:45 AM,347.15,0,0.0,157180661.80000007
2025-08-01 09:29:48 AM,347.25,1214,421561.5,157602223.30000007
2025-08-01 09:29:50 AM,347.3,0,0.0,157602223.30000007
2025-08-01 09:29:55 AM,347.3,246,85435.8,157687659.10000008
2025-08-01 09:30:01 AM,347.2,0,0.0,157687659.10000008
2025-08-01 09:30:03 AM,347.3,261,90645.3,157778304.4000001
2025-08-01 09:30:09 AM,347.25,0,0.0,157778304.4000001
2025-08-01 09:30:11 AM,347.25,19,6597.75,157784902.1500001
2025-08-01 09:30:11 AM,347.0,3318,1151346.0,158936248.1500001
2025-08-01 09:30:15 AM,347.05,0,0.0,158936248.1500001
2025-08-01 09:30:18 AM,347.0,1433,497251.0,159433499.1500001
2025-08-01 09:30:19 AM,347.0,42,14574.0,159448073.1500001
2025-08-01 09:30:22 AM,346.85,0,0.0,159448073.1500001
2025-08-01 09:30:25 AM,346.85,294,101973.90000000001,159550047.0500001
2025-08-01 09:30:33 AM,346.85,642,222677.7,159772724.7500001
2025-08-01 09:30:33 AM,346.85,20,6937.0,159779661.7500001
2025-08-01 09:30:40 AM,346.95,1332,462137.39999999997,160241799.1500001
2025-08-01 09:30:44 AM,347.0,0,0.0,160241799.1500001
2025-08-01 09:30:47 AM,347.0,238,82586.0,160324385.1500001
2025-08-01 09:30:48 AM,346.9,73,25323.699999999997,160349708.85000008
2025-08-01 09:30:54 AM,346.95,0,0.0,160349708.85000008
2025-08-01 09:30:55 AM,346.95,1586,550262.7,160899971.55000007
2025-08-01 09:30:56 AM,346.95,64,22204.8,160922176.35000008
2025-08-01 09:30:59 AM,346.75,0,0.0,160922176.35000008
2025-08-01 09:31:01 AM,346.85,0,0.0,160922176.35000008
2025-08-01 09:31:02 AM,346.85,4002,1388093.7000000002,162310270.05000007
2025-08-01 09:31:03 AM,346.8,35,12138.0,162322408.05000007
2025-08-01 09:31:07 AM,346.7,0,0.0,162322408.05000007
2025-08-01 09:31:10 AM,346.65,5280,1830311.9999999998,164152720.05000007
2025-08-01 09:31:10 AM,346.65,108,37438.2,164190158.25000006
2025-08-01 09:31:13 AM,346.7,0,0.0,164190158.25000006
2025-08-01 09:31:17 AM,346.7,2982,1033859.4,165224017.65000007
2025-08-01 09:31:19 AM,346.75,0,0.0,165224017.65000007
2025-08-01 09:31:23 AM,346.9,0,0.0,165224017.65000007
2025-08-01 09:31:24 AM,346.75,1074,372409.5,165596427.15000007
2025-08-01 09:31:25 AM,346.75,100,34675.0,165631102.15000007
2025-08-01 09:31:29 AM,346.9,0,0.0,165631102.15000007
2025-08-01 09:31:31 AM,347.1,0,0.0,165631102.15000007
2025-08-01 09:31:32 AM,346.95,7308,2535510.6,168166612.75000006
2025-08-01 09:31:35 AM,347.05,0,0.0,168166612.75000006
2025-08-01 09:31:37 AM,346.75,0,0.0,168166612.75000006
2025-08-01 09:31:39 AM,346.75,1539,533648.25,168700261.00000006
2025-08-01 09:31:39 AM,346.95,3,1040.85,168701301.85000005
2025-08-01 09:31:46 AM,346.7,2926,1014444.2,169715746.05000004
2025-08-01 09:31:47 AM,346.65,0,0.0,169715746.05000004
2025-08-01 09:31:48 AM,346.35,0,0.0,169715746.05000004
2025-08-01 09:31:53 AM,346.5,0,0.0,169715746.05000004
2025-08-01 09:31:53 AM,346.5,2585,895702.5,170611448.55000004
2025-08-01 09:31:53 AM,346.5,49,16978.5,170628427.05000004
2025-08-01 09:31:53 AM,346.35,0,0.0,170628427.05000004
2025-08-01 09:31:58 AM,346.8,0,0.0,170628427.05000004
2025-08-01 09:31:58 AM,346.85,0,0.0,170628427.05000004
2025-08-01 09:32:00 AM,346.75,1825,632818.75,171261245.80000004
2025-08-01 09:32:01 AM,346.75,25,8668.75,171269914.55000004
2025-08-01 09:32:01 AM,346.6,113,39165.8,171309080.35000005
2025-08-01 09:32:02 AM,346.8,20,6936.0,171316016.35000005
2025-08-01 09:32:04 AM,346.8,1,346.8,171316363.15000007
2025-08-01 09:32:04 AM,346.8,2865,993582.0,172309945.15000007
2025-08-01 09:32:05 AM,347.0,699,242553.0,172552498.15000007
2025-08-01 09:32:06 AM,347.25,0,0.0,172552498.15000007
2025-08-01 09:32:06 AM,347.25,791,274674.75,172827172.90000007
2025-08-01 09:32:07 AM,347.2,0,0.0,172827172.90000007
2025-08-01 09:32:07 AM,347.2,5,1736.0,172828908.90000007
2025-08-01 09:32:08 AM,347.25,1,347.25,172829256.15000007
2025-08-01 09:32:10 AM,347.1,0,0.0,172829256.15000007
2025-08-01 09:32:10 AM,347.1,50,17355.0,172846611.15000007
2025-08-01 09:32:12 AM,347.25,0,0.0,172846611.15000007
2025-08-01 09:32:12 AM,347.25,675,234393.75,173081004.90000007
2025-08-01 09:32:13 AM,347.3,11,3820.3,173084825.20000008
2025-08-01 09:32:14 AM,347.5,578,200855.0,173285680.20000008
2025-08-01 09:32:15 AM,347.6,16,5561.6,173291241.80000007
2025-08-01 09:32:17 AM,347.5,0,0.0,173291241.80000007
2025-08-01 09:32:17 AM,347.45,1060,368297.0,173659538.80000007
2025-08-01 09:32:19 AM,347.4,16,5558.4,173665097.20000008
2025-08-01 09:32:21 AM,347.25,133,46184.25,173711281.45000008
2025-08-01 09:32:22 AM,347.3,375,130237.5,173841518.95000008
2025-08-01 09:32:24 AM,347.6,500,173800.0,174015318.95000008
2025-08-01 09:32:25 AM,347.3,25,8682.5,174024001.45000008
2025-08-01 09:32:26 AM,347.5,0,0.0,174024001.45000008
2025-08-01 09:32:26 AM,347.5,125,43437.5,174067438.95000008
2025-08-01 09:32:28 AM,347.55,1000,347550.0,174414988.95000008
2025-08-01 09:32:30 AM,347.6,1,347.6,174415336.55000007
2025-08-01 09:32:30 AM,347.6,200,69520.0,174484856.55000007
2025-08-01 09:32:31 AM,347.5,0,0.0,174484856.55000007
2025-08-01 09:32:31 AM,347.6,65,22594.0,174507450.55000007
2025-08-01 09:32:32 AM,347.6,300,104280.0,174611730.55000007
2025-08-01 09:32:33 AM,347.45,0,0.0,174611730.55000007
2025-08-01 09:32:33 AM,347.35,748,259817.80000000002,174871548.35000008
2025-08-01 09:32:34 AM,347.55,1044,362842.2,175234390.55000007
2025-08-01 09:32:36 AM,347.35,1,347.35,175234737.90000007
2025-08-01 09:32:37 AM,347.35,2,694.7,175235432.60000005
2025-08-01 09:32:37 AM,347.55,0,0.0,175235432.60000005
2025-08-01 09:32:38 AM,347.55,750,260662.5,175496095.10000005
2025-08-01 09:32:39 AM,347.3,2,694.6,175496789.70000005
2025-08-01 09:32:39 AM,347.3,123,42717.9,175539507.60000005
2025-08-01 09:32:40 AM,347.3,30,10419.0,175549926.60000005
2025-08-01 09:32:41 AM,347.3,22,7640.6,175557567.20000005
2025-08-01 09:32:42 AM,347.3,6,2083.8,175559651.00000006
2025-08-01 09:32:43 AM,347.3,1176,408424.8,175968075.80000007
2025-08-01 09:32:43 AM,347.35,0,0.0,175968075.80000007
2025-08-01 09:32:44 AM,347.35,334,116014.90000000001,176084090.70000008
2025-08-01 09:32:45 AM,347.55,18,6255.900000000001,176090346.60000008
2025-08-01 09:32:46 AM,347.55,47,16334.85,176106681.45000008
2025-08-01 09:32:46 AM,347.55,1,347.55,176107029.0000001
2025-08-01 09:32:47 AM,347.45,5,1737.25,176108766.2500001
2025-08-01 09:32:48 AM,347.4,0,0.0,176108766.2500001
2025-08-01 09:32:48 AM,347.55,33,11469.15,176120235.4000001
2025-08-01 09:32:48 AM,347.4,12,4168.799999999999,176124404.2000001
2025-08-01 09:32:49 AM,347.6,50,17380.0,176141784.2000001
2025-08-01 09:32:49 AM,347.4,47,16327.8,176158112.00000012
2025-08-01 09:32:50 AM,347.5,5,1737.5,176159849.50000012
2025-08-01 09:32:50 AM,347.5,200,69500.0,176229349.50000012
2025-08-01 09:32:50 AM,347.45,0,0.0,176229349.50000012
2025-08-01 09:32:51 AM,347.6,0,0.0,176229349.50000012
2025-08-01 09:32:52 AM,347.6,119,41364.4,176270713.90000013
2025-08-01 09:32:53 AM,347.6,100,34760.0,176305473.90000013
2025-08-01 09:32:53 AM,347.5,349,121277.5,176426751.40000013
2025-08-01 09:32:53 AM,347.65,0,0.0,176426751.40000013
2025-08-01 09:32:54 AM,347.65,633,220062.44999999998,176646813.8500001
2025-08-01 09:32:56 AM,347.85,0,0.0,176646813.8500001
2025-08-01 09:32:57 AM,347.85,1,347.85,176647161.7000001
2025-08-01 09:32:58 AM,347.75,1,347.75,176647509.4500001
2025-08-01 09:32:59 AM,347.75,200,69550.0,176717059.4500001
2025-08-01 09:33:01 AM,347.75,164,57031.0,176774090.4500001
2025-08-01 09:33:02 AM,347.85,5,1739.25,176775829.7000001
2025-08-01 09:33:02 AM,347.7,0,0.0,176775829.7000001
2025-08-01 09:33:03 AM,347.7,115,39985.5,176815815.2000001
2025-08-01 09:33:03 AM,347.85,0,0.0,176815815.2000001
2025-08-01 09:33:04 AM,347.85,3,1043.5500000000002,176816858.75000012
2025-08-01 09:33:05 AM,347.8,0,0.0,176816858.75000012
2025-08-01 09:33:06 AM,347.8,38,13216.4,176830075.15000013
2025-08-01 09:33:07 AM,347.8,500,173900.0,177003975.15000013
2025-08-01 09:33:09 AM,347.8,45,15651.0,177019626.15000013
2025-08-01 09:33:11 AM,347.8,7,2434.6,177022060.75000012
2025-08-01 09:33:13 AM,347.9,0,0.0,177022060.75000012
2025-08-01 09:33:13 AM,347.9,1449,504107.1,177526167.8500001
2025-08-01 09:33:13 AM,347.95,0,0.0,177526167.8500001
2025-08-01 09:33:14 AM,347.95,74,25748.3,177551916.15000013
2025-08-01 09:33:14 AM,348.0,0,0.0,177551916.15000013
2025-08-01 09:33:15 AM,348.1,1866,649554.6000000001,178201470.75000012
2025-08-01 09:33:16 AM,347.95,4445,1546637.75,179748108.50000012
2025-08-01 09:33:16 AM,348.05,10,3480.5,179751589.00000012
2025-08-01 09:33:18 AM,348.1,1532,533289.2000000001,180284878.2000001
2025-08-01 09:33:19 AM,348.0,104,36192.0,180321070.2000001
2025-08-01 09:33:19 AM,348.0,100,34800.0,180355870.2000001
2025-08-01 09:33:20 AM,348.1,211,73449.1,180429319.3000001
2025-08-01 09:33:21 AM,348.1,2,696.2,180430015.5000001
2025-08-01 09:33:21 AM,348.1,229,79714.90000000001,180509730.4000001
2025-08-01 09:33:24 AM,348.05,0,0.0,180509730.4000001
2025-08-01 09:33:25 AM,348.05,1,348.05,180510078.4500001
2025-08-01 09:33:25 AM,348.05,1,348.05,180510426.50000012
2025-08-01 09:33:25 AM,348.15,0,0.0,180510426.50000012
2025-08-01 09:33:26 AM,348.15,3878,1350125.7,181860552.2000001
2025-08-01 09:33:26 AM,348.35,0,0.0,181860552.2000001
2025-08-01 09:33:27 AM,348.3,1050,365715.0,182226267.2000001
2025-08-01 09:33:28 AM,348.25,500,174125.0,182400392.2000001
2025-08-01 09:33:28 AM,348.4,12,4180.799999999999,182404573.00000012
2025-08-01 09:33:29 AM,348.4,100,34840.0,182439413.00000012
2025-08-01 09:33:30 AM,348.25,1000,348250.0,182787663.00000012
2025-08-01 09:33:30 AM,348.4,5,1742.0,182789405.00000012
2025-08-01 09:33:31 AM,348.4,25,8710.0,182798115.00000012
2025-08-01 09:33:31 AM,348.25,27,9402.75,182807517.75000012
2025-08-01 09:33:32 AM,348.25,300,104475.0,182911992.75000012
2025-08-01 09:33:32 AM,348.4,250,87100.0,182999092.75000012
2025-08-01 09:33:36 AM,348.3,0,0.0,182999092.75000012
2025-08-01 09:33:37 AM,348.3,465,161959.5,183161052.25000012
2025-08-01 09:33:37 AM,348.4,0,0.0,183161052.25000012
2025-08-01 09:33:38 AM,348.4,1731,603080.3999999999,183764132.65000013
2025-08-01 09:33:38 AM,348.25,45,15671.25,183779803.90000013
2025-08-01 09:33:38 AM,348.35,0,0.0,183779803.90000013
2025-08-01 09:33:39 AM,348.35,312,108685.20000000001,183888489.1000001
2025-08-01 09:33:41 AM,348.4,0,0.0,183888489.1000001
2025-08-01 09:33:41 AM,348.4,1801,627468.3999999999,184515957.50000012
2025-08-01 09:33:41 AM,348.4,5,1742.0,184517699.50000012
2025-08-01 09:33:42 AM,348.4,94,32749.6,184550449.1000001
2025-08-01 09:33:42 AM,348.5,0,0.0,184550449.1000001
2025-08-01 09:33:43 AM,348.5,4407,1535839.5,186086288.6000001
2025-08-01 09:33:46 AM,348.45,0,0.0,186086288.6000001
2025-08-01 09:33:46 AM,348.45,50,17422.5,186103711.1000001
2025-08-01 09:33:47 AM,348.5,2565,893902.5,186997613.6000001
2025-08-01 09:33:48 AM,348.5,10,3485.0,187001098.6000001
2025-08-01 09:33:49 AM,348.5,25,8712.5,187009811.1000001
2025-08-01 09:33:49 AM,348.65,0,0.0,187009811.1000001
2025-08-01 09:33:50 AM,348.6,0,0.0,187009811.1000001
2025-08-01 09:33:50 AM,348.6,750,261450.00000000003,187271261.1000001
2025-08-01 09:33:53 AM,348.6,1,348.6,187271609.7000001
2025-08-01 09:33:55 AM,348.75,151,52661.25,187324270.9500001
2025-08-01 09:33:56 AM,348.75,2,697.5,187324968.4500001
2025-08-01 09:33:57 AM,348.7,100,34870.0,187359838.4500001
2025-08-01 09:33:58 AM,348.85,0,0.0,187359838.4500001
2025-08-01 09:33:58 AM,348.7,1032,359858.39999999997,187719696.8500001
2025-08-01 09:33:59 AM,348.7,160,55792.0,187775488.8500001
2025-08-01 09:34:00 AM,348.75,0,0.0,187775488.8500001
2025-08-01 09:34:05 AM,348.75,243,84746.25,187860235.1000001
2025-08-01 09:34:05 AM,348.75,2,697.5,187860932.6000001
2025-08-01 09:34:09 AM,348.7,0,0.0,187860932.6000001
2025-08-01 09:34:11 AM,348.65,0,0.0,187860932.6000001
2025-08-01 09:34:12 AM,348.65,1190,414893.5,188275826.1000001
2025-08-01 09:34:12 AM,348.7,15,5230.5,188281056.6000001
2025-08-01 09:34:17 AM,348.6,0,0.0,188281056.6000001
2025-08-01 09:34:19 AM,348.65,11085,3864785.2499999995,192145841.8500001
2025-08-01 09:34:24 AM,348.5,0,0.0,192145841.8500001
2025-08-01 09:34:26 AM,348.6,682,237745.2,192383587.0500001
2025-08-01 09:34:32 AM,348.55,0,0.0,192383587.0500001
2025-08-01 09:34:33 AM,348.5,11259,3923761.5,196307348.5500001
2025-08-01 09:34:33 AM,348.55,7,2439.85,196309788.4000001
2025-08-01 09:34:37 AM,348.6,0,0.0,196309788.4000001
2025-08-01 09:34:39 AM,348.5,0,0.0,196309788.4000001
2025-08-01 09:34:40 AM,348.5,363,126505.5,196436293.9000001
2025-08-01 09:34:40 AM,348.5,1,348.5,196436642.4000001
2025-08-01 09:34:42 AM,348.4,0,0.0,196436642.4000001
2025-08-01 09:34:44 AM,348.5,0,0.0,196436642.4000001
2025-08-01 09:34:47 AM,348.4,164,57137.6,196493780.0000001
2025-08-01 09:34:47 AM,348.5,26,9061.0,196502841.0000001
2025-08-01 09:34:49 AM,348.4,0,0.0,196502841.0000001
2025-08-01 09:34:52 AM,348.45,0,0.0,196502841.0000001
2025-08-01 09:34:54 AM,348.2,1955,680731.0,197183572.0000001
2025-08-01 09:34:59 AM,348.1,0,0.0,197183572.0000001
2025-08-01 09:35:00 AM,348.1,430,149683.0,197333255.0000001
2025-08-01 09:35:04 AM,348.0,0,0.0,197333255.0000001
2025-08-01 09:35:07 AM,347.9,3569,1241655.0999999999,198574910.10000008
2025-08-01 09:35:14 AM,347.8,0,0.0,198574910.10000008
2025-08-01 09:35:14 AM,347.8,1090,379102.0,198954012.10000008
2025-08-01 09:35:15 AM,347.8,2,695.6,198954707.70000008
2025-08-01 09:35:19 AM,347.65,0,0.0,198954707.70000008
2025-08-01 09:35:19 AM,347.7,0,0.0,198954707.70000008
2025-08-01 09:35:22 AM,347.7,914,317797.8,199272505.5000001
2025-08-01 09:35:22 AM,347.65,20,6953.0,199279458.5000001
2025-08-01 09:35:29 AM,347.5,0,0.0,199279458.5000001
2025-08-01 09:35:29 AM,347.5,375,130312.5,199409771.0000001
2025-08-01 09:35:34 AM,347.6,0,0.0,199409771.0000001
2025-08-01 09:35:36 AM,347.6,534,185618.40000000002,199595389.4000001
2025-08-01 09:35:42 AM,347.65,970,337220.5,199932609.9000001
2025-08-01 09:35:49 AM,347.75,0,0.0,199932609.9000001
2025-08-01 09:35:49 AM,347.75,423,147098.25,200079708.1500001
2025-08-01 09:35:54 AM,347.4,0,0.0,200079708.1500001
2025-08-01 09:35:54 AM,347.45,0,0.0,200079708.1500001
2025-08-01 09:35:56 AM,347.45,2500,868625.0,200948333.1500001
2025-08-01 09:35:59 AM,347.5,0,0.0,200948333.1500001
2025-08-01 09:35:59 AM,347.25,0,0.0,200948333.1500001
2025-08-01 09:36:01 AM,347.25,543,188556.75,201136889.9000001
2025-08-01 09:36:03 AM,347.2,501,173947.19999999998,201310837.10000008
2025-08-01 09:36:04 AM,347.2,18,6249.599999999999,201317086.70000008
2025-08-01 09:36:05 AM,347.25,0,0.0,201317086.70000008
2025-08-01 09:36:05 AM,347.35,41,14241.35,201331328.05000007
2025-08-01 09:36:08 AM,347.25,4,1389.0,201332717.05000007
2025-08-01 09:36:08 AM,347.35,0,0.0,201332717.05000007
2025-08-01 09:36:09 AM,347.35,1,347.35,201333064.40000007
2025-08-01 09:36:12 AM,347.35,10,3473.5,201336537.90000007
2025-08-01 09:36:13 AM,347.35,563,195558.05000000002,201532095.95000008
2025-08-01 09:36:14 AM,347.35,1,347.35,201532443.30000007
2025-08-01 09:36:15 AM,347.45,383,133073.35,201665516.65000007
2025-08-01 09:36:18 AM,347.5,100,34750.0,201700266.65000007
2025-08-01 09:36:18 AM,347.35,0,0.0,201700266.65000007
2025-08-01 09:36:19 AM,347.35,16,5557.6,201705824.25000006
2025-08-01 09:36:23 AM,347.5,1,347.5,201706171.75000006
2025-08-01 09:36:25 AM,347.5,2,695.0,201706866.75000006
2025-08-01 09:36:26 AM,347.5,2,695.0,201707561.75000006
2025-08-01 09:36:27 AM,347.4,0,0.0,201707561.75000006
2025-08-01 09:36:27 AM,347.4,550,191070.0,201898631.75000006
2025-08-01 09:36:27 AM,347.5,100,34750.0,201933381.75000006
2025-08-01 09:36:28 AM,347.55,150,52132.5,201985514.25000006
2025-08-01 09:36:29 AM,347.55,9,3127.9500000000003,201988642.20000005
2025-08-01 09:36:31 AM,347.6,505,175538.0,202164180.20000005
2025-08-01 09:36:33 AM,347.5,0,0.0,202164180.20000005
2025-08-01 09:36:34 AM,347.65,31,10777.15,202174957.35000005
2025-08-01 09:36:35 AM,347.65,30,10429.5,202185386.85000005
2025-08-01 09:36:37 AM,347.65,268,93170.2,202278557.05000004
2025-08-01 09:36:38 AM,347.75,8,2782.0,202281339.05000004
2025-08-01 09:36:40 AM,347.75,1,347.75,202281686.80000004
2025-08-01 09:36:42 AM,347.75,10,3477.5,202285164.30000004
2025-08-01 09:36:47 AM,347.75,1,347.75,202285512.05000004
2025-08-01 09:36:48 AM,347.75,10,3477.5,202288989.55000004
2025-08-01 09:36:49 AM,347.75,4,1391.0,202290380.55000004
2025-08-01 09:36:52 AM,347.75,118,41034.5,202331415.05000004
2025-08-01 09:36:53 AM,347.75,2,695.5,202332110.55000004
2025-08-01 09:36:53 AM,347.75,4,1391.0,202333501.55000004
2025-08-01 09:36:54 AM,347.75,100,34775.0,202368276.55000004
2025-08-01 09:36:55 AM,347.75,50,17387.5,202385664.05000004
2025-08-01 09:36:57 AM,347.75,2,695.5,202386359.55000004
2025-08-01 09:36:59 AM,347.75,1,347.75,202386707.30000004
2025-08-01 09:37:00 AM,347.65,0,0.0,202386707.30000004
2025-08-01 09:37:00 AM,347.75,208,72332.0,202459039.30000004
2025-08-01 09:37:01 AM,347.7,0,0.0,202459039.30000004
2025-08-01 09:37:01 AM,347.7,454,157855.8,202616895.10000005
2025-08-01 09:37:03 AM,347.7,3,1043.1,202617938.20000005
2025-08-01 09:37:03 AM,347.7,10,3477.0,202621415.20000005
2025-08-01 09:37:05 AM,347.65,1,347.65,202621762.85000005
2025-08-01 09:37:06 AM,347.65,39,13558.349999999999,202635321.20000005
2025-08-01 09:37:08 AM,347.65,1,347.65,202635668.85000005
2025-08-01 09:37:09 AM,347.65,30,10429.5,202646098.35000005
2025-08-01 09:37:09 AM,347.4,0,0.0,202646098.35000005
2025-08-01 09:37:09 AM,347.4,2030,705222.0,203351320.35000005
2025-08-01 09:37:10 AM,347.6,110,38236.0,203389556.35000005
2025-08-01 09:37:12 AM,347.65,0,0.0,203389556.35000005
2025-08-01 09:37:12 AM,347.65,30,10429.5,203399985.85000005
2025-08-01 09:37:13 AM,347.6,10,3476.0,203403461.85000005
2025-08-01 09:37:13 AM,347.6,29,10080.400000000001,203413542.25000006
2025-08-01 09:37:14 AM,347.55,0,0.0,203413542.25000006
2025-08-01 09:37:15 AM,347.55,1,347.55,203413889.80000007
2025-08-01 09:37:15 AM,347.4,0,0.0,203413889.80000007
2025-08-01 09:37:16 AM,347.4,200,69480.0,203483369.80000007
2025-08-01 09:37:16 AM,347.55,1,347.55,203483717.35000008
2025-08-01 09:37:17 AM,347.6,0,0.0,203483717.35000008
2025-08-01 09:37:17 AM,347.6,25,8690.0,203492407.35000008
2025-08-01 09:37:18 AM,347.45,9,3127.0499999999997,203495534.4000001
2025-08-01 09:37:19 AM,347.45,172,59761.4,203555295.8000001
2025-08-01 09:37:21 AM,347.55,1,347.55,203555643.3500001
2025-08-01 09:37:22 AM,347.55,102,35450.1,203591093.4500001
2025-08-01 09:37:23 AM,347.55,5,1737.75,203592831.2000001
2025-08-01 09:37:24 AM,347.55,15,5213.25,203598044.4500001
2025-08-01 09:37:25 AM,347.4,3000,1042199.9999999999,204640244.4500001
2025-08-01 09:37:26 AM,347.55,0,0.0,204640244.4500001
2025-08-01 09:37:26 AM,347.55,20,6951.0,204647195.4500001
2025-08-01 09:37:29 AM,347.55,505,175512.75,204822708.2000001
2025-08-01 09:37:29 AM,347.45,0,0.0,204822708.2000001
2025-08-01 09:37:30 AM,347.45,1,347.45,204823055.6500001
2025-08-01 09:37:31 AM,347.65,200,69530.0,204892585.6500001
2025-08-01 09:37:31 AM,347.65,3,1042.9499999999998,204893628.60000008
2025-08-01 09:37:32 AM,347.55,0,0.0,204893628.60000008
2025-08-01 09:37:33 AM,347.55,5,1737.75,204895366.35000008
2025-08-01 09:37:34 AM,347.55,207,71942.85,204967309.20000008
2025-08-01 09:37:35 AM,347.55,36,12511.800000000001,204979821.0000001
2025-08-01 09:37:35 AM,347.55,4,1390.2,204981211.20000008
2025-08-01 09:37:37 AM,347.45,100,34745.0,205015956.20000008
2025-08-01 09:37:38 AM,347.55,20,6951.0,205022907.20000008
2025-08-01 09:37:42 AM,347.55,14,4865.7,205027772.90000007
2025-08-01 09:37:42 AM,347.5,0,0.0,205027772.90000007
2025-08-01 09:37:43 AM,347.5,100,34750.0,205062522.90000007
2025-08-01 09:37:45 AM,347.6,300,104280.0,205166802.90000007
2025-08-01 09:37:46 AM,347.45,0,0.0,205166802.90000007
2025-08-01 09:37:47 AM,347.45,1,347.45,205167150.35000005
2025-08-01 09:37:49 AM,347.65,44,15296.599999999999,205182446.95000005
2025-08-01 09:37:49 AM,347.65,2,695.3,205183142.25000006
2025-08-01 09:37:51 AM,347.45,55,19109.75,205202252.00000006
2025-08-01 09:37:51 AM,347.65,0,0.0,205202252.00000006
2025-08-01 09:37:51 AM,347.65,256,88998.4,205291250.40000007
2025-08-01 09:37:55 AM,347.65,6,2085.8999999999996,205293336.30000007
2025-08-01 09:37:56 AM,347.45,29,10076.05,205303412.35000008
2025-08-01 09:37:57 AM,347.45,50,17372.5,205320784.85000008
2025-08-01 09:38:00 AM,347.6,300,104280.0,205425064.85000008
2025-08-01 09:38:01 AM,347.6,1107,384793.2,205809858.05000007
2025-08-01 09:38:02 AM,347.45,29,10076.05,205819934.10000008
2025-08-01 09:38:05 AM,347.6,10,3476.0,205823410.10000008
2025-08-01 09:38:06 AM,347.6,5,1738.0,205825148.10000008
2025-08-01 09:38:06 AM,347.3,6771,2351568.3000000003,208176716.4000001
2025-08-01 09:38:07 AM,347.35,0,0.0,208176716.4000001
2025-08-01 09:38:07 AM,347.35,5,1736.75,208178453.1500001
2025-08-01 09:38:08 AM,347.35,500,173675.0,208352128.1500001
2025-08-01 09:38:09 AM,347.25,146,50698.5,208402826.6500001
2025-08-01 09:38:11 AM,347.35,14,4862.900000000001,208407689.5500001
2025-08-01 09:38:14 AM,347.35,1,347.35,208408036.9000001
2025-08-01 09:38:15 AM,347.35,100,34735.0,208442771.9000001
2025-08-01 09:38:16 AM,347.35,16,5557.6,208448329.5000001
2025-08-01 09:38:16 AM,347.25,865,300371.25,208748700.7500001
2025-08-01 09:38:19 AM,347.25,1,347.25,208749048.0000001
2025-08-01 09:38:22 AM,347.25,1,347.25,208749395.2500001
2025-08-01 09:38:24 AM,347.25,522,181264.5,208930659.7500001
2025-08-01 09:38:24 AM,347.2,0,0.0,208930659.7500001
2025-08-01 09:38:25 AM,347.25,0,0.0,208930659.7500001
2025-08-01 09:38:25 AM,347.3,729,253181.7,209183841.45000008
2025-08-01 09:38:26 AM,347.2,0,0.0,209183841.45000008
2025-08-01 09:38:26 AM,347.2,1019,353796.8,209537638.2500001
2025-08-01 09:38:27 AM,347.2,26,9027.199999999999,209546665.45000008
2025-08-01 09:38:27 AM,347.2,3,1041.6,209547707.05000007
2025-08-01 09:38:28 AM,347.2,50,17360.0,209565067.05000007
2025-08-01 09:38:28 AM,347.15,0,0.0,209565067.05000007
2025-08-01 09:38:29 AM,347.1,212,73585.20000000001,209638652.25000006
2025-08-01 09:38:30 AM,347.2,71,24651.2,209663303.45000005
2025-08-01 09:38:30 AM,347.2,25,8680.0,209671983.45000005
2025-08-01 09:38:31 AM,347.2,50,17360.0,209689343.45000005
2025-08-01 09:38:32 AM,347.2,2,694.4,209690037.85000005
2025-08-01 09:38:33 AM,347.2,50,17360.0,209707397.85000005
2025-08-01 09:38:34 AM,347.1,0,0.0,209707397.85000005
2025-08-01 09:38:35 AM,347.1,21,7289.1,209714686.95000005
2025-08-01 09:38:35 AM,347.2,0,0.0,209714686.95000005
2025-08-01 09:38:36 AM,347.1,0,0.0,209714686.95000005
2025-08-01 09:38:36 AM,347.1,2,694.2,209715381.15000004
2025-08-01 09:38:36 AM,347.2,0,0.0,209715381.15000004
2025-08-01 09:38:37 AM,347.15,0,0.0,209715381.15000004
2025-08-01 09:38:37 AM,347.2,222,77078.4,209792459.55000004
2025-08-01 09:38:37 AM,347.2,44,15276.8,209807736.35000005
2025-08-01 09:38:38 AM,347.25,5,1736.25,209809472.60000005
2025-08-01 09:38:40 AM,347.25,150,52087.5,209861560.10000005
2025-08-01 09:38:41 AM,347.25,113,39239.25,209900799.35000005
2025-08-01 09:38:41 AM,347.25,1,347.25,209901146.60000005
2025-08-01 09:38:42 AM,347.35,1000,347350.0,210248496.60000005
2025-08-01 09:38:43 AM,347.35,2,694.7,210249191.30000004
2025-08-01 09:38:43 AM,347.25,0,0.0,210249191.30000004
2025-08-01 09:38:44 AM,347.25,36,12501.0,210261692.30000004
2025-08-01 09:38:46 AM,347.25,5,1736.25,210263428.55000004
2025-08-01 09:38:46 AM,347.3,0,0.0,210263428.55000004
2025-08-01 09:38:47 AM,347.3,3,1041.9,210264470.45000005
2025-08-01 09:38:48 AM,347.3,2,694.6,210265165.05000004
2025-08-01 09:38:48 AM,347.3,50,17365.0,210282530.05000004
2025-08-01 09:38:49 AM,347.3,1,347.3,210282877.35000005
2025-08-01 09:38:52 AM,347.4,0,0.0,210282877.35000005
2025-08-01 09:38:52 AM,347.4,200,69480.0,210352357.35000005
2025-08-01 09:38:55 AM,347.4,2,694.8,210353052.15000007
2025-08-01 09:38:57 AM,347.3,15,5209.5,210358261.65000007
2025-08-01 09:38:59 AM,347.3,5,1736.5,210359998.15000007
2025-08-01 09:38:59 AM,347.3,10,3473.0,210363471.15000007
2025-08-01 09:39:00 AM,347.3,3,1041.9,210364513.05000007
2025-08-01 09:39:00 AM,347.1,0,0.0,210364513.05000007
2025-08-01 09:39:03 AM,347.2,1737,603086.4,210967599.45000008
2025-08-01 09:39:04 AM,347.15,0,0.0,210967599.45000008
2025-08-01 09:39:09 AM,347.0,0,0.0,210967599.45000008
2025-08-01 09:39:11 AM,347.0,1597,554159.0,211521758.45000008
2025-08-01 09:39:14 AM,346.95,0,0.0,211521758.45000008
2025-08-01 09:39:17 AM,347.0,3006,1043082.0,212564840.45000008
2025-08-01 09:39:24 AM,347.05,103,35746.15,212600586.60000008
2025-08-01 09:39:24 AM,347.05,5,1735.25,212602321.85000008
2025-08-01 09:39:31 AM,347.0,334,115898.0,212718219.85000008
2025-08-01 09:39:36 AM,347.1,0,0.0,212718219.85000008
2025-08-01 09:39:37 AM,347.1,58,20131.800000000003,212738351.6500001
2025-08-01 09:39:44 AM,347.15,414,143720.09999999998,212882071.7500001
2025-08-01 09:39:44 AM,347.05,12,4164.6,212886236.35000008
2025-08-01 09:39:48 AM,347.2,0,0.0,212886236.35000008
2025-08-01 09:39:50 AM,347.2,197,68398.4,212954634.7500001
2025-08-01 09:39:57 AM,347.2,251,87147.2,213041781.95000008
2025-08-01 09:40:03 AM,347.2,383,132977.6,213174759.55000007
2025-08-01 09:40:10 AM,347.2,13,4513.599999999999,213179273.15000007
2025-08-01 09:40:16 AM,347.1,0,0.0,213179273.15000007
2025-08-01 09:40:16 AM,347.1,8,2776.8,213182049.95000008
2025-08-01 09:40:17 AM,347.15,97,33673.549999999996,213215723.5000001
2025-08-01 09:40:21 AM,347.2,0,0.0,213215723.5000001
2025-08-01 09:40:23 AM,347.2,3,1041.6,213216765.10000008
2025-08-01 09:40:24 AM,347.2,103,35761.6,213252526.70000008
2025-08-01 09:40:30 AM,347.2,856,297203.2,213549729.90000007
2025-08-01 09:40:31 AM,347.2,120,41664.0,213591393.90000007
2025-08-01 09:40:36 AM,347.2,304,105548.8,213696942.70000008
2025-08-01 09:40:39 AM,347.3,0,0.0,213696942.70000008
2025-08-01 09:40:43 AM,347.4,514,178563.59999999998,213875506.30000007
2025-08-01 09:40:43 AM,347.45,0,0.0,213875506.30000007
2025-08-01 09:40:44 AM,347.45,3,1042.35,213876548.65000007
2025-08-01 09:40:47 AM,347.55,0,0.0,213876548.65000007
2025-08-01 09:40:49 AM,347.65,2317,805505.0499999999,214682053.70000008
2025-08-01 09:40:52 AM,347.75,0,0.0,214682053.70000008
2025-08-01 09:40:56 AM,347.8,6537,2273568.6,216955622.30000007
2025-08-01 09:40:57 AM,347.9,0,0.0,216955622.30000007
2025-08-01 09:41:00 AM,348.0,1485,516780.0,217472402.30000007
2025-08-01 09:41:01 AM,348.15,5,1740.75,217474143.05000007
2025-08-01 09:41:02 AM,347.95,80,27836.0,217501979.05000007
2025-08-01 09:41:03 AM,348.0,193,67164.0,217569143.05000007
2025-08-01 09:41:04 AM,347.9,45,15655.499999999998,217584798.55000007
2025-08-01 09:41:05 AM,347.95,54,18789.3,217603587.85000008
2025-08-01 09:41:06 AM,347.9,1,347.9,217603935.7500001
2025-08-01 09:41:06 AM,348.0,0,0.0,217603935.7500001
2025-08-01 09:41:06 AM,348.0,575,200100.0,217804035.7500001
2025-08-01 09:41:07 AM,347.95,1,347.95,217804383.70000008
2025-08-01 09:41:09 AM,347.9,7,2435.2999999999997,217806819.0000001
2025-08-01 09:41:10 AM,347.95,0,0.0,217806819.0000001
2025-08-01 09:41:10 AM,347.95,3,1043.85,217807862.85000008
2025-08-01 09:41:11 AM,347.95,28,9742.6,217817605.45000008
2025-08-01 09:41:12 AM,347.95,5,1739.75,217819345.20000008
2025-08-01 09:41:13 AM,347.9,0,0.0,217819345.20000008
2025-08-01 09:41:14 AM,347.9,30,10437.0,217829782.20000008
2025-08-01 09:41:14 AM,347.95,5,1739.75,217831521.95000008
2025-08-01 09:41:15 AM,347.9,50,17395.0,217848916.95000008
2025-08-01 09:41:16 AM,347.9,42,14611.8,217863528.7500001
2025-08-01 09:41:16 AM,347.8,3,1043.4,217864572.1500001
2025-08-01 09:41:17 AM,347.8,22,7651.6,217872223.7500001
2025-08-01 09:41:17 AM,347.95,500,173975.0,218046198.7500001
2025-08-01 09:41:18 AM,347.95,35,12178.25,218058377.0000001
2025-08-01 09:41:19 AM,347.95,1,347.95,218058724.95000008
2025-08-01 09:41:19 AM,347.95,12,4175.4,218062900.35000008
2025-08-01 09:41:20 AM,347.95,5,1739.75,218064640.10000008
2025-08-01 09:41:22 AM,347.95,34,11830.3,218076470.4000001
2025-08-01 09:41:25 AM,347.95,13,4523.349999999999,218080993.7500001
2025-08-01 09:41:25 AM,348.0,25,8700.0,218089693.7500001
2025-08-01 09:41:26 AM,348.0,1749,608652.0,218698345.7500001
2025-08-01 09:41:28 AM,348.0,134,46632.0,218744977.7500001
2025-08-01 09:41:30 AM,348.0,166,57768.0,218802745.7500001
2025-08-01 09:41:31 AM,348.15,1494,520136.1,219322881.85000008
2025-08-01 09:41:32 AM,348.25,21,7313.25,219330195.10000008
2025-08-01 09:41:33 AM,348.2,15,5223.0,219335418.10000008
2025-08-01 09:41:35 AM,348.0,29,10092.0,219345510.10000008
2025-08-01 09:41:36 AM,348.05,73,25407.65,219370917.7500001
2025-08-01 09:41:36 AM,348.1,0,0.0,219370917.7500001
2025-08-01 09:41:37 AM,348.1,20,6962.0,219377879.7500001
2025-08-01 09:41:38 AM,348.0,0,0.0,219377879.7500001
2025-08-01 09:41:38 AM,348.0,31,10788.0,219388667.7500001
2025-08-01 09:41:40 AM,348.0,79,27492.0,219416159.7500001
2025-08-01 09:41:41 AM,348.1,0,0.0,219416159.7500001
2025-08-01 09:41:42 AM,348.1,3,1044.3000000000002,219417204.0500001
2025-08-01 09:41:43 AM,347.9,100,34790.0,219451994.0500001
2025-08-01 09:41:44 AM,348.0,100,34800.0,219486794.0500001
2025-08-01 09:41:45 AM,347.85,1,347.85,219487141.9000001
2025-08-01 09:41:46 AM,347.9,93,32354.699999999997,219519496.60000008
2025-08-01 09:41:46 AM,347.95,19,6611.05,219526107.6500001
2025-08-01 09:41:47 AM,347.7,417,144990.9,219671098.5500001
2025-08-01 09:41:48 AM,348.05,170,59168.5,219730267.0500001
2025-08-01 09:41:49 AM,348.05,1,348.05,219730615.1000001
2025-08-01 09:41:50 AM,348.0,0,0.0,219730615.1000001
2025-08-01 09:41:50 AM,348.0,112,38976.0,219769591.1000001
2025-08-01 09:41:52 AM,347.9,0,0.0,219769591.1000001
2025-08-01 09:41:53 AM,347.9,30,10437.0,219780028.1000001
2025-08-01 09:41:53 AM,347.95,0,0.0,219780028.1000001
2025-08-01 09:41:54 AM,347.95,50,17397.5,219797425.6000001
2025-08-01 09:41:55 AM,348.1,0,0.0,219797425.6000001
2025-08-01 09:41:55 AM,348.1,2450,852845.0,220650270.6000001
2025-08-01 09:41:57 AM,348.0,505,175740.0,220826010.6000001
2025-08-01 09:41:58 AM,348.05,10,3480.5,220829491.1000001
2025-08-01 09:42:02 AM,348.05,2,696.1,220830187.2000001
2025-08-01 09:42:02 AM,348.15,80,27852.0,220858039.2000001
2025-08-01 09:42:03 AM,347.85,0,0.0,220858039.2000001
2025-08-01 09:42:04 AM,348.0,755,262740.0,221120779.2000001
2025-08-01 09:42:05 AM,348.0,100,34800.0,221155579.2000001
2025-08-01 09:42:06 AM,348.0,448,155904.0,221311483.2000001
2025-08-01 09:42:06 AM,348.1,50,17405.0,221328888.2000001
2025-08-01 09:42:09 AM,348.05,5,1740.25,221330628.4500001
2025-08-01 09:42:11 AM,348.1,38,13227.800000000001,221343856.25000012
2025-08-01 09:42:12 AM,348.1,17,5917.700000000001,221349773.9500001
2025-08-01 09:42:12 AM,348.1,2,696.2,221350470.1500001
2025-08-01 09:42:13 AM,348.1,29,10094.900000000001,221360565.0500001
2025-08-01 09:42:14 AM,348.1,25,8702.5,221369267.5500001
2025-08-01 09:42:20 AM,348.1,345,120094.50000000001,221489362.0500001
2025-08-01 09:42:21 AM,348.1,4,1392.4,221490754.4500001
2025-08-01 09:42:22 AM,348.1,30,10443.0,221501197.4500001
2025-08-01 09:42:22 AM,348.1,110,38291.0,221539488.4500001
2025-08-01 09:42:24 AM,348.1,20,6962.0,221546450.4500001
2025-08-01 09:42:25 AM,348.0,0,0.0,221546450.4500001
2025-08-01 09:42:26 AM,348.0,15,5220.0,221551670.4500001
2025-08-01 09:42:27 AM,348.0,2,696.0,221552366.4500001
2025-08-01 09:42:28 AM,348.1,5,1740.5,221554106.9500001
2025-08-01 09:42:29 AM,348.1,1,348.1,221554455.0500001
2025-08-01 09:42:30 AM,348.1,107,37246.700000000004,221591701.7500001
2025-08-01 09:42:30 AM,348.0,42,14616.0,221606317.7500001
2025-08-01 09:42:32 AM,348.0,1,348.0,221606665.7500001
2025-08-01 09:42:34 AM,348.15,0,0.0,221606665.7500001
2025-08-01 09:42:34 AM,348.15,100,34815.0,221641480.7500001
2025-08-01 09:42:35 AM,348.0,40,13920.0,221655400.7500001
2025-08-01 09:42:36 AM,348.15,101,35163.149999999994,221690563.9000001
2025-08-01 09:42:38 AM,348.2,10,3482.0,221694045.9000001
2025-08-01 09:42:44 AM,348.15,40,13926.0,221707971.9000001
2025-08-01 09:42:44 AM,348.2,0,0.0,221707971.9000001
2025-08-01 09:42:44 AM,348.2,4,1392.8,221709364.7000001
2025-08-01 09:42:48 AM,348.2,50,17410.0,221726774.7000001
2025-08-01 09:42:49 AM,348.2,2,696.4,221727471.1000001
2025-08-01 09:42:50 AM,348.2,28,9749.6,221737220.7000001
2025-08-01 09:42:51 AM,348.2,3,1044.6,221738265.3000001
2025-08-01 09:42:52 AM,348.2,2,696.4,221738961.7000001
2025-08-01 09:42:53 AM,348.2,20,6964.0,221745925.7000001
2025-08-01 09:42:53 AM,348.2,100,34820.0,221780745.7000001
2025-08-01 09:42:54 AM,348.15,0,0.0,221780745.7000001
2025-08-01 09:42:54 AM,348.15,4,1392.6,221782138.3000001
2025-08-01 09:42:56 AM,348.2,0,0.0,221782138.3000001
2025-08-01 09:42:56 AM,348.2,200,69640.0,221851778.3000001
2025-08-01 09:42:57 AM,348.2,100,34820.0,221886598.3000001
2025-08-01 09:42:58 AM,348.2,3,1044.6,221887642.9000001
2025-08-01 09:43:00 AM,348.2,6,2089.2,221889732.10000008
2025-08-01 09:43:01 AM,348.2,51,17758.2,221907490.30000007
2025-08-01 09:43:02 AM,348.25,0,0.0,221907490.30000007
2025-08-01 09:43:03 AM,348.25,3723,1296534.75,223204025.05000007
2025-08-01 09:43:04 AM,348.3,0,0.0,223204025.05000007
2025-08-01 09:43:04 AM,348.3,2050,714015.0,223918040.05000007
2025-08-01 09:43:06 AM,348.3,3,1044.9,223919084.95000008
2025-08-01 09:43:08 AM,348.15,1010,351631.5,224270716.45000008
2025-08-01 09:43:08 AM,348.35,1,348.35,224271064.80000007
2025-08-01 09:43:09 AM,348.2,0,0.0,224271064.80000007
2025-08-01 09:43:09 AM,348.2,8,2785.6,224273850.40000007
2025-08-01 09:43:10 AM,348.2,116,40391.2,224314241.60000005
2025-08-01 09:43:12 AM,348.2,304,105852.8,224420094.40000007
2025-08-01 09:43:13 AM,348.35,0,0.0,224420094.40000007
2025-08-01 09:43:13 AM,348.35,3,1045.0500000000002,224421139.45000008
2025-08-01 09:43:15 AM,348.35,3,1045.0500000000002,224422184.5000001
2025-08-01 09:43:16 AM,348.3,5,1741.5,224423926.0000001
2025-08-01 09:43:18 AM,348.35,0,0.0,224423926.0000001
2025-08-01 09:43:18 AM,348.35,201,70018.35,224493944.35000008
2025-08-01 09:43:19 AM,348.35,4,1393.4,224495337.7500001
2025-08-01 09:43:20 AM,348.2,115,40043.0,224535380.7500001
2025-08-01 09:43:21 AM,348.25,15,5223.75,224540604.5000001
2025-08-01 09:43:22 AM,348.25,42,14626.5,224555231.0000001
2025-08-01 09:43:25 AM,348.25,21,7313.25,224562544.2500001
2025-08-01 09:43:26 AM,348.2,0,0.0,224562544.2500001
2025-08-01 09:43:26 AM,348.2,512,178278.4,224740822.6500001
2025-08-01 09:43:26 AM,348.15,0,0.0,224740822.6500001
2025-08-01 09:43:27 AM,348.15,100,34815.0,224775637.6500001
2025-08-01 09:43:28 AM,348.1,0,0.0,224775637.6500001
2025-08-01 09:43:28 AM,348.1,313,108955.3,224884592.9500001
2025-08-01 09:43:28 AM,348.05,11,3828.55,224888421.50000012
2025-08-01 09:43:29 AM,348.0,0,0.0,224888421.50000012
2025-08-01 09:43:29 AM,348.0,250,87000.0,224975421.50000012
2025-08-01 09:43:30 AM,348.1,0,0.0,224975421.50000012
2025-08-01 09:43:30 AM,348.15,100,34815.0,225010236.50000012
2025-08-01 09:43:30 AM,348.0,0,0.0,225010236.50000012
2025-08-01 09:43:31 AM,348.0,20,6960.0,225017196.50000012
2025-08-01 09:43:32 AM,348.0,2,696.0,225017892.50000012
2025-08-01 09:43:33 AM,348.0,3059,1064532.0,226082424.50000012
2025-08-01 09:43:34 AM,348.1,0,0.0,226082424.50000012
2025-08-01 09:43:34 AM,348.15,234,81467.09999999999,226163891.6000001
2025-08-01 09:43:35 AM,348.15,5,1740.75,226165632.3500001
2025-08-01 09:43:37 AM,348.05,124,43158.200000000004,226208790.5500001
2025-08-01 09:43:38 AM,348.25,0,0.0,226208790.5500001
2025-08-01 09:43:38 AM,348.25,2,696.5,226209487.0500001
2025-08-01 09:43:38 AM,348.2,0,0.0,226209487.0500001
2025-08-01 09:43:39 AM,348.2,5,1741.0,226211228.0500001
2025-08-01 09:43:40 AM,348.2,30,10446.0,226221674.0500001
2025-08-01 09:43:41 AM,348.25,0,0.0,226221674.0500001
2025-08-01 09:43:41 AM,348.25,10,3482.5,226225156.5500001
2025-08-01 09:43:42 AM,348.2,0,0.0,226225156.5500001
2025-08-01 09:43:42 AM,348.2,4,1392.8,226226549.3500001
2025-08-01 09:43:43 AM,348.2,1,348.2,226226897.5500001
2025-08-01 09:43:46 AM,348.25,52,18109.0,226245006.5500001
2025-08-01 09:43:48 AM,348.25,350,121887.5,226366894.0500001
2025-08-01 09:43:48 AM,348.25,5,1741.25,226368635.3000001
2025-08-01 09:43:49 AM,348.15,0,0.0,226368635.3000001
2025-08-01 09:43:49 AM,348.15,1,348.15,226368983.4500001
2025-08-01 09:43:50 AM,348.25,0,0.0,226368983.4500001
2025-08-01 09:43:50 AM,348.25,1,348.25,226369331.7000001
2025-08-01 09:43:51 AM,348.25,101,35173.25,226404504.9500001
2025-08-01 09:43:53 AM,348.25,1,348.25,226404853.2000001
2025-08-01 09:43:56 AM,348.25,8,2786.0,226407639.2000001
2025-08-01 09:43:57 AM,348.25,2,696.5,226408335.7000001
2025-08-01 09:43:59 AM,348.2,608,211705.6,226620041.3000001
2025-08-01 09:43:59 AM,348.25,102,35521.5,226655562.8000001
2025-08-01 09:44:01 AM,348.2,0,0.0,226655562.8000001
2025-08-01 09:44:01 AM,348.2,210,73122.0,226728684.8000001
2025-08-01 09:44:01 AM,348.15,10,3481.5,226732166.3000001
2025-08-01 09:44:02 AM,348.05,0,0.0,226732166.3000001
2025-08-01 09:44:02 AM,348.05,10,3480.5,226735646.8000001
2025-08-01 09:44:02 AM,348.1,27,9398.7,226745045.5000001
2025-08-01 09:44:04 AM,348.05,0,0.0,226745045.5000001
2025-08-01 09:44:04 AM,348.1,383,133322.30000000002,226878367.8000001
2025-08-01 09:44:08 AM,348.1,157,54651.700000000004,226933019.5000001
2025-08-01 09:44:09 AM,348.1,131,45601.100000000006,226978620.60000008
2025-08-01 09:44:10 AM,347.95,2741,953730.95,227932351.55000007
2025-08-01 09:44:11 AM,347.9,17,5914.299999999999,227938265.85000008
2025-08-01 09:44:14 AM,347.85,1,347.85,227938613.70000008
2025-08-01 09:44:17 AM,347.7,11,3824.7,227942438.40000007
2025-08-01 09:44:18 AM,347.85,4,1391.4,227943829.80000007
2025-08-01 09:44:18 AM,347.85,29,10087.650000000001,227953917.45000008
2025-08-01 09:44:19 AM,347.85,25,8696.25,227962613.70000008
2025-08-01 09:44:20 AM,347.85,20,6957.0,227969570.70000008
2025-08-01 09:44:21 AM,347.85,1,347.85,227969918.55000007
2025-08-01 09:44:23 AM,347.8,0,0.0,227969918.55000007
2025-08-01 09:44:23 AM,347.8,53,18433.4,227988351.95000008
2025-08-01 09:44:24 AM,347.7,20,6954.0,227995305.95000008
2025-08-01 09:44:25 AM,347.7,120,41724.0,228037029.95000008
2025-08-01 09:44:27 AM,347.8,3,1043.4,228038073.35000008
2025-08-01 09:44:28 AM,347.8,29,10086.2,228048159.55000007
2025-08-01 09:44:30 AM,347.9,1000,347900.0,228396059.55000007
2025-08-01 09:44:33 AM,347.8,0,0.0,228396059.55000007
2025-08-01 09:44:34 AM,347.8,16,5564.8,228401624.35000008
2025-08-01 09:44:34 AM,347.8,11,3825.8,228405450.1500001
2025-08-01 09:44:38 AM,347.75,20,6955.0,228412405.1500001
2025-08-01 09:44:39 AM,347.8,1,347.8,228412752.9500001
2025-08-01 09:44:40 AM,347.85,162,56351.700000000004,228469104.6500001
2025-08-01 09:44:41 AM,347.75,11,3825.25,228472929.9000001
2025-08-01 09:44:43 AM,347.75,202,70245.5,228543175.4000001
2025-08-01 09:44:45 AM,347.8,7,2434.6,228545610.0000001
2025-08-01 09:44:46 AM,347.8,8,2782.4,228548392.4000001
2025-08-01 09:44:47 AM,347.8,2,695.6,228549088.0000001
2025-08-01 09:44:47 AM,347.8,2,695.6,228549783.60000008
2025-08-01 09:44:48 AM,347.8,4,1391.2,228551174.80000007
2025-08-01 09:44:49 AM,347.8,9,3130.2000000000003,228554305.00000006
2025-08-01 09:44:50 AM,347.8,1,347.8,228554652.80000007
2025-08-01 09:44:50 AM,347.8,2,695.6,228555348.40000007
2025-08-01 09:44:52 AM,347.8,2,695.6,228556044.00000006
2025-08-01 09:44:53 AM,347.8,2,695.6,228556739.60000005
2025-08-01 09:44:54 AM,347.8,3,1043.4,228557783.00000006
2025-08-01 09:44:55 AM,347.8,2,695.6,228558478.60000005
2025-08-01 09:44:56 AM,347.8,2,695.6,228559174.20000005
2025-08-01 09:44:57 AM,347.8,2,695.6,228559869.80000004
2025-08-01 09:44:57 AM,347.8,2,695.6,228560565.40000004
2025-08-01 09:44:58 AM,347.8,120,41736.0,228602301.40000004
2025-08-01 09:44:59 AM,347.8,90,31302.0,228633603.40000004
2025-08-01 09:44:59 AM,347.8,2,695.6,228634299.00000003
2025-08-01 09:45:00 AM,347.8,17,5912.6,228640211.60000002
2025-08-01 09:45:00 AM,347.75,0,0.0,228640211.60000002
2025-08-01 09:45:04 AM,347.65,0,0.0,228640211.60000002
2025-08-01 09:45:05 AM,347.5,3504,1217640.0,229857851.60000002
2025-08-01 09:45:07 AM,347.6,20,6952.0,229864803.60000002
2025-08-01 09:45:12 AM,347.6,28,9732.800000000001,229874536.40000004
2025-08-01 09:45:14 AM,347.6,20,6952.0,229881488.40000004
2025-08-01 09:45:18 AM,347.5,0,0.0,229881488.40000004
2025-08-01 09:45:19 AM,347.5,2269,788477.5,230669965.90000004
2025-08-01 09:45:20 AM,347.5,15,5212.5,230675178.40000004
2025-08-01 09:45:25 AM,347.5,311,108072.5,230783250.90000004
2025-08-01 09:45:26 AM,347.5,4,1390.0,230784640.90000004
2025-08-01 09:45:31 AM,347.5,142,49345.0,230833985.90000004
2025-08-01 09:45:33 AM,347.5,22,7645.0,230841630.90000004
2025-08-01 09:45:38 AM,347.5,61,21197.5,230862828.40000004
2025-08-01 09:45:39 AM,347.5,20,6950.0,230869778.40000004
2025-08-01 09:45:45 AM,347.5,34,11815.0,230881593.40000004
2025-08-01 09:45:46 AM,347.45,2,694.9,230882288.30000004
2025-08-01 09:45:50 AM,347.5,0,0.0,230882288.30000004
2025-08-01 09:45:51 AM,347.5,179,62202.5,230944490.80000004
2025-08-01 09:45:53 AM,347.3,0,0.0,230944490.80000004
2025-08-01 09:45:56 AM,347.25,0,0.0,230944490.80000004
2025-08-01 09:45:57 AM,347.4,1056,366854.39999999997,231311345.20000005
2025-08-01 09:45:59 AM,347.4,8,2779.2,231314124.40000004
2025-08-01 09:46:00 AM,347.35,0,0.0,231314124.40000004
2025-08-01 09:46:04 AM,347.2,0,0.0,231314124.40000004
2025-08-01 09:46:04 AM,347.2,593,205889.6,231520014.00000003
2025-08-01 09:46:05 AM,347.2,2,694.4,231520708.40000004
2025-08-01 09:46:10 AM,347.2,1219,423236.8,231943945.20000005
2025-08-01 09:46:12 AM,347.2,10,3472.0,231947417.20000005
2025-08-01 09:46:17 AM,347.25,836,290301.0,232237718.20000005
2025-08-01 09:46:18 AM,347.2,6,2083.2,232239801.40000004
2025-08-01 09:46:20 AM,347.25,0,0.0,232239801.40000004
2025-08-01 09:46:23 AM,347.35,0,0.0,232239801.40000004
2025-08-01 09:46:23 AM,347.25,651,226059.75,232465861.15000004
2025-08-01 09:46:24 AM,347.35,0,0.0,232465861.15000004
2025-08-01 09:46:25 AM,347.35,150,52102.5,232517963.65000004
2025-08-01 09:46:30 AM,347.35,8,2778.8,232520742.45000005
2025-08-01 09:46:32 AM,347.2,803,278801.6,232799544.05000004
2025-08-01 09:46:35 AM,347.15,0,0.0,232799544.05000004
2025-08-01 09:46:36 AM,347.15,1764,612372.6,233411916.65000004
2025-08-01 09:46:40 AM,347.05,0,0.0,233411916.65000004
2025-08-01 09:46:42 AM,347.15,3799,1318822.8499999999,234730739.50000003
2025-08-01 09:46:43 AM,347.2,0,0.0,234730739.50000003
2025-08-01 09:46:44 AM,347.2,40,13888.0,234744627.50000003
2025-08-01 09:46:48 AM,347.2,3220,1117984.0,235862611.50000003
2025-08-01 09:46:50 AM,347.05,51,17699.55,235880311.05000004
2025-08-01 09:46:52 AM,347.2,0,0.0,235880311.05000004
2025-08-01 09:46:55 AM,347.05,0,0.0,235880311.05000004
2025-08-01 09:46:55 AM,347.05,54,18740.7,235899051.75000003
2025-08-01 09:46:56 AM,347.2,0,0.0,235899051.75000003
2025-08-01 09:46:57 AM,347.2,10,3472.0,235902523.75000003
2025-08-01 09:47:01 AM,347.2,27,9374.4,235911898.15000004
2025-08-01 09:47:03 AM,347.2,2,694.4,235912592.55000004
2025-08-01 09:47:07 AM,347.2,9,3124.7999999999997,235915717.35000005
2025-08-01 09:47:09 AM,347.1,209,72543.90000000001,235988261.25000006
2025-08-01 09:47:11 AM,347.2,0,0.0,235988261.25000006
2025-08-01 09:47:12 AM,347.1,0,0.0,235988261.25000006
2025-08-01 09:47:13 AM,347.2,97,33678.4,236021939.65000007
2025-08-01 09:47:15 AM,347.2,778,270121.6,236292061.25000006
2025-08-01 09:47:19 AM,347.2,84,29164.8,236321226.05000007
2025-08-01 09:47:23 AM,347.35,0,0.0,236321226.05000007
2025-08-01 09:47:26 AM,347.35,206,71554.1,236392780.15000007
2025-08-01 09:47:28 AM,347.4,2278,791377.2,237184157.35000005
2025-08-01 09:47:31 AM,347.15,0,0.0,237184157.35000005
2025-08-01 09:47:32 AM,347.05,3425,1188646.25,238372803.60000005
2025-08-01 09:47:34 AM,347.15,12,4165.799999999999,238376969.40000007
2025-08-01 09:47:36 AM,347.05,0,0.0,238376969.40000007
2025-08-01 09:47:39 AM,347.05,8382,2908973.1,241285942.50000006
2025-08-01 09:47:41 AM,346.9,30,10407.0,241296349.50000006
2025-08-01 09:47:43 AM,347.1,0,0.0,241296349.50000006
2025-08-01 09:47:46 AM,346.95,1068,370542.6,241666892.10000005
2025-08-01 09:47:48 AM,347.1,686,238110.6,241905002.70000005
2025-08-01 09:47:52 AM,347.15,619,214885.84999999998,242119888.55000004
2025-08-01 09:47:55 AM,347.15,8,2777.2,242122665.75000003
2025-08-01 09:47:57 AM,347.0,0,0.0,242122665.75000003
2025-08-01 09:47:59 AM,347.0,349,121103.0,242243768.75000003
2025-08-01 09:48:00 AM,347.0,500,173500.0,242417268.75000003
2025-08-01 09:48:01 AM,347.1,0,0.0,242417268.75000003
2025-08-01 09:48:01 AM,347.1,432,149947.2,242567215.95000002
2025-08-01 09:48:02 AM,347.1,57,19784.7,242587000.65
2025-08-01 09:48:03 AM,347.15,0,0.0,242587000.65
2025-08-01 09:48:04 AM,347.15,36,12497.4,242599498.05
2025-08-01 09:48:04 AM,347.1,0,0.0,242599498.05
2025-08-01 09:48:05 AM,347.1,35,12148.5,242611646.55
2025-08-01 09:48:06 AM,347.1,1077,373826.7,242985473.25
2025-08-01 09:48:11 AM,347.1,2,694.2,242986167.45
2025-08-01 09:48:11 AM,347.05,103,35746.15,243021913.6
2025-08-01 09:48:12 AM,347.05,22,7635.1,243029548.7
2025-08-01 09:48:13 AM,347.05,28,9717.4,243039266.1
2025-08-01 09:48:14 AM,347.05,3,1041.15,243040307.25
2025-08-01 09:48:15 AM,347.0,12,4164.0,243044471.25
2025-08-01 09:48:15 AM,347.05,0,0.0,243044471.25
2025-08-01 09:48:16 AM,347.05,15,5205.75,243049677.0
2025-08-01 09:48:18 AM,347.05,1,347.05,243050024.05
2025-08-01 09:48:18 AM,347.0,0,0.0,243050024.05
2025-08-01 09:48:19 AM,347.0,53,18391.0,243068415.05
2025-08-01 09:48:20 AM,347.0,1,347.0,243068762.05
2025-08-01 09:48:21 AM,347.05,25,8676.25,243077438.3
2025-08-01 09:48:23 AM,347.0,557,193279.0,243270717.3
2025-08-01 09:48:24 AM,347.0,2,694.0,243271411.3
2025-08-01 09:48:25 AM,347.0,22,7634.0,243279045.3
2025-08-01 09:48:26 AM,347.0,5,1735.0,243280780.3
2025-08-01 09:48:27 AM,347.0,3,1041.0,243281821.3
2025-08-01 09:48:29 AM,347.0,5,1735.0,243283556.3
2025-08-01 09:48:30 AM,347.0,75,26025.0,243309581.3
2025-08-01 09:48:31 AM,347.0,51,17697.0,243327278.3
2025-08-01 09:48:31 AM,347.0,1,347.0,243327625.3
2025-08-01 09:48:32 AM,347.0,8,2776.0,243330401.3
2025-08-01 09:48:34 AM,347.0,74,25678.0,243356079.3
2025-08-01 09:48:35 AM,347.0,4,1388.0,243357467.3
2025-08-01 09:48:36 AM,347.0,1,347.0,243357814.3
2025-08-01 09:48:36 AM,347.0,50,17350.0,243375164.3
2025-08-01 09:48:37 AM,347.0,110,38170.0,243413334.3
2025-08-01 09:48:39 AM,347.0,1,347.0,243413681.3
2025-08-01 09:48:41 AM,347.0,5,1735.0,243415416.3
2025-08-01 09:48:44 AM,347.0,26,9022.0,243424438.3
2025-08-01 09:48:45 AM,347.0,200,69400.0,243493838.3
2025-08-01 09:48:45 AM,347.0,6,2082.0,243495920.3
2025-08-01 09:48:47 AM,346.9,50,17345.0,243513265.3
2025-08-01 09:48:48 AM,347.0,0,0.0,243513265.3
2025-08-01 09:48:49 AM,347.0,2,694.0,243513959.3
2025-08-01 09:48:54 AM,347.0,22,7634.0,243521593.3
2025-08-01 09:48:56 AM,347.0,4,1388.0,243522981.3
2025-08-01 09:48:56 AM,347.0,1,347.0,243523328.3
2025-08-01 09:48:57 AM,347.0,50,17350.0,243540678.3
2025-08-01 09:48:58 AM,347.0,6,2082.0,243542760.3
2025-08-01 09:49:00 AM,347.0,119,41293.0,243584053.3
2025-08-01 09:49:03 AM,347.0,107,37129.0,243621182.3
2025-08-01 09:49:06 AM,347.0,42,14574.0,243635756.3
2025-08-01 09:49:09 AM,347.0,69,23943.0,243659699.3
2025-08-01 09:49:12 AM,347.0,3,1041.0,243660740.3
2025-08-01 09:49:14 AM,347.15,0,0.0,243660740.3
2025-08-01 09:49:16 AM,347.05,785,272434.25,243933174.55
2025-08-01 09:49:18 AM,347.15,0,0.0,243933174.55
2025-08-01 09:49:18 AM,347.15,2450,850517.5,244783692.05
2025-08-01 09:49:24 AM,347.15,25,8678.75,244792370.8
2025-08-01 09:49:27 AM,347.2,0,0.0,244792370.8
2025-08-01 09:49:28 AM,347.2,61,21179.2,244813550.0
2025-08-01 09:49:30 AM,347.2,50,17360.0,244830910.0
2025-08-01 09:49:34 AM,347.2,18,6249.599999999999,244837159.6
2025-08-01 09:49:36 AM,347.15,0,0.0,244837159.6
2025-08-01 09:49:37 AM,347.15,300,104145.0,244941304.6
2025-08-01 09:49:40 AM,347.1,634,220061.40000000002,245161366.0
2025-08-01 09:49:43 AM,347.2,65,22568.0,245183934.0
2025-08-01 09:49:47 AM,347.2,34,11804.8,245195738.8
2025-08-01 09:49:48 AM,347.15,0,0.0,245195738.8
2025-08-01 09:49:48 AM,347.2,0,0.0,245195738.8
2025-08-01 09:49:50 AM,347.2,440,152768.0,245348506.8
2025-08-01 09:49:53 AM,347.15,167,57974.049999999996,245406480.85000002
2025-08-01 09:49:55 AM,347.2,0,0.0,245406480.85000002
2025-08-01 09:49:56 AM,347.2,364,126380.8,245532861.65000004
2025-08-01 09:50:00 AM,347.2,503,174641.6,245707503.25000003
2025-08-01 09:50:02 AM,347.0,0,0.0,245707503.25000003
2025-08-01 09:50:02 AM,346.85,0,0.0,245707503.25000003
2025-08-01 09:50:03 AM,346.85,2008,696474.8,246403978.05000004
2025-08-01 09:50:06 AM,347.0,213,73911.0,246477889.05000004
2025-08-01 09:50:09 AM,346.85,5,1734.25,246479623.30000004
2025-08-01 09:50:11 AM,347.0,0,0.0,246479623.30000004
2025-08-01 09:50:13 AM,347.0,21,7287.0,246486910.30000004
2025-08-01 09:50:16 AM,347.0,40,13880.0,246500790.30000004
2025-08-01 09:50:19 AM,347.0,32,11104.0,246511894.30000004
2025-08-01 09:50:25 AM,346.95,1,346.95,246512241.25000003
2025-08-01 09:50:28 AM,346.95,16,5551.2,246517792.45000002
2025-08-01 09:50:29 AM,347.0,0,0.0,246517792.45000002
2025-08-01 09:50:31 AM,346.85,0,0.0,246517792.45000002
2025-08-01 09:50:31 AM,347.0,269,93343.0,246611135.45000002
2025-08-01 09:50:34 AM,347.0,200,69400.0,246680535.45000002
2025-08-01 09:50:38 AM,347.0,30,10410.0,246690945.45000002
2025-08-01 09:50:38 AM,346.8,0,0.0,246690945.45000002
2025-08-01 09:50:40 AM,346.95,0,0.0,246690945.45000002
2025-08-01 09:50:40 AM,347.0,4091,1419577.0,248110522.45000002
2025-08-01 09:50:43 AM,346.9,0,0.0,248110522.45000002
2025-08-01 09:50:44 AM,346.8,106,36760.8,248147283.25000003
2025-08-01 09:50:47 AM,346.85,0,0.0,248147283.25000003
2025-08-01 09:50:50 AM,346.85,146,50640.100000000006,248197923.35000002
2025-08-01 09:50:53 AM,346.85,750,260137.50000000003,248458060.85000002
2025-08-01 09:50:55 AM,346.9,0,0.0,248458060.85000002
2025-08-01 09:50:57 AM,346.9,178,61748.2,248519809.05
2025-08-01 09:50:59 AM,346.9,226,78399.4,248598208.45000002
2025-08-01 09:51:03 AM,346.9,6,2081.3999999999996,248600289.85000002
2025-08-01 09:51:05 AM,347.25,7590,2635627.5,251235917.35000002
2025-08-01 09:51:05 AM,347.3,0,0.0,251235917.35000002
2025-08-01 09:51:09 AM,347.4,11,3821.3999999999996,251239738.75000003
2025-08-01 09:51:11 AM,347.3,27,9377.1,251249115.85000002
2025-08-01 09:51:16 AM,347.4,87,30223.8,251279339.65000004
2025-08-01 09:51:17 AM,347.5,0,0.0,251279339.65000004
2025-08-01 09:51:18 AM,347.5,486,168885.0,251448224.65000004
2025-08-01 09:51:22 AM,347.5,194,67415.0,251515639.65000004
2025-08-01 09:51:24 AM,347.6,0,0.0,251515639.65000004
2025-08-01 09:51:24 AM,347.45,3145,1092730.25,252608369.90000004
2025-08-01 09:51:28 AM,347.6,1,347.6,252608717.50000003
2025-08-01 09:51:30 AM,347.5,0,0.0,252608717.50000003
2025-08-01 09:51:30 AM,347.5,172,59770.0,252668487.50000003
2025-08-01 09:51:31 AM,347.3,0,0.0,252668487.50000003
2025-08-01 09:51:33 AM,347.4,0,0.0,252668487.50000003
2025-08-01 09:51:34 AM,347.4,5908,2052439.2,254720926.70000002
2025-08-01 09:51:35 AM,347.45,0,0.0,254720926.70000002
2025-08-01 09:51:37 AM,347.45,21,7296.45,254728223.15
2025-08-01 09:51:41 AM,347.45,10,3474.5,254731697.65
2025-08-01 09:51:42 AM,347.5,0,0.0,254731697.65
2025-08-01 09:51:43 AM,347.3,443,153853.9,254885551.55
2025-08-01 09:51:47 AM,347.3,55,19101.5,254904653.05
2025-08-01 09:51:49 AM,347.1,96,33321.600000000006,254937974.65
2025-08-01 09:51:51 AM,347.25,0,0.0,254937974.65
2025-08-01 09:51:53 AM,347.25,21,7292.25,254945266.9
2025-08-01 09:51:56 AM,347.25,33,11459.25,254956726.15
2025-08-01 09:51:59 AM,347.1,109,37833.9,254994560.05
2025-08-01 09:52:01 AM,347.2,2,694.4,254995254.45000002
2025-08-01 09:52:01 AM,347.25,105,36461.25,255031715.70000002
2025-08-01 09:52:02 AM,347.25,85,29516.25,255061231.95000002
2025-08-01 09:52:05 AM,347.25,2,694.5,255061926.45000002
2025-08-01 09:52:09 AM,347.25,1385,480941.25,255542867.70000002
2025-08-01 09:52:11 AM,347.05,0,0.0,255542867.70000002
2025-08-01 09:52:12 AM,347.25,0,0.0,255542867.70000002
2025-08-01 09:52:12 AM,347.25,1464,508374.0,256051241.70000002
2025-08-01 09:52:12 AM,347.25,9,3125.25,256054366.95000002
2025-08-01 09:52:15 AM,347.05,12,4164.6,256058531.55
2025-08-01 09:52:15 AM,347.2,23,7985.599999999999,256066517.15
2025-08-01 09:52:17 AM,347.2,15,5208.0,256071725.15
2025-08-01 09:52:19 AM,347.15,5,1735.75,256073460.9
2025-08-01 09:52:23 AM,347.0,4610,1599670.0,257673130.9
2025-08-01 09:52:23 AM,347.15,0,0.0,257673130.9
2025-08-01 09:52:24 AM,347.15,22,7637.299999999999,257680768.20000002
2025-08-01 09:52:27 AM,347.05,100,34705.0,257715473.20000002
2025-08-01 09:52:28 AM,347.05,4,1388.2,257716861.4
2025-08-01 09:52:29 AM,347.05,5,1735.25,257718596.65
2025-08-01 09:52:30 AM,347.2,10,3472.0,257722068.65
2025-08-01 09:52:32 AM,347.2,3,1041.6,257723110.25
2025-08-01 09:52:36 AM,347.15,0,0.0,257723110.25
2025-08-01 09:52:37 AM,347.15,4,1388.6,257724498.85
2025-08-01 09:52:37 AM,347.0,3000,1041000.0,258765498.85
2025-08-01 09:52:40 AM,347.15,200,69430.0,258834928.85
2025-08-01 09:52:40 AM,347.15,58,20134.699999999997,258855063.54999998
2025-08-01 09:52:41 AM,347.15,1,347.15,258855410.7
2025-08-01 09:52:41 AM,347.15,5,1735.75,258857146.45
2025-08-01 09:52:43 AM,347.15,1,347.15,258857493.6
2025-08-01 09:52:44 AM,347.15,1,347.15,258857840.75
2025-08-01 09:52:45 AM,347.2,52,18054.399999999998,258875895.15
2025-08-01 09:52:45 AM,347.0,0,0.0,258875895.15
2025-08-01 09:52:46 AM,347.0,85,29495.0,258905390.15
2025-08-01 09:52:47 AM,347.2,21,7291.2,258912681.35
2025-08-01 09:52:50 AM,347.2,300,104160.0,259016841.35
2025-08-01 09:52:50 AM,346.95,1800,624510.0,259641351.35
2025-08-01 09:52:52 AM,347.15,200,69430.0,259710781.35
2025-08-01 09:52:53 AM,347.15,2,694.3,259711475.65
2025-08-01 09:52:54 AM,347.15,6,2082.8999999999996,259713558.55
2025-08-01 09:52:57 AM,347.15,27,9373.05,259722931.60000002
2025-08-01 09:53:02 AM,347.0,8,2776.0,259725707.60000002
2025-08-01 09:53:04 AM,347.1,0,0.0,259725707.60000002
2025-08-01 09:53:06 AM,347.1,107,37139.700000000004,259762847.3
2025-08-01 09:53:07 AM,347.15,0,0.0,259762847.3
2025-08-01 09:53:08 AM,347.15,5,1735.75,259764583.05
2025-08-01 09:53:12 AM,347.15,12,4165.799999999999,259768748.85000002
2025-08-01 09:53:13 AM,347.1,0,0.0,259768748.85000002
2025-08-01 09:53:14 AM,347.1,126,43734.600000000006,259812483.45000002
2025-08-01 09:53:16 AM,347.0,0,0.0,259812483.45000002
2025-08-01 09:53:19 AM,346.95,414,143637.3,259956120.75000003
2025-08-01 09:53:20 AM,347.0,0,0.0,259956120.75000003
2025-08-01 09:53:21 AM,347.0,88,30536.0,259986656.75000003
2025-08-01 09:53:25 AM,346.9,225,78052.5,260064709.25000003
2025-08-01 09:53:26 AM,347.0,0,0.0,260064709.25000003
2025-08-01 09:53:27 AM,347.0,25,8675.0,260073384.25000003
2025-08-01 09:53:31 AM,347.0,22,7634.0,260081018.25000003
2025-08-01 09:53:33 AM,347.0,200,69400.0,260150418.25000003
2025-08-01 09:53:37 AM,347.0,65,22555.0,260172973.25000003
2025-08-01 09:53:38 AM,346.7,0,0.0,260172973.25000003
2025-08-01 09:53:39 AM,346.7,1961,679878.7,260852851.95000002
2025-08-01 09:53:44 AM,346.7,18,6240.599999999999,260859092.55
2025-08-01 09:53:45 AM,346.7,30,10401.0,260869493.55
2025-08-01 09:53:50 AM,346.7,18,6240.599999999999,260875734.15
2025-08-01 09:53:51 AM,346.7,20,6934.0,260882668.15
2025-08-01 09:53:56 AM,346.55,376,130302.8,261012970.95000002
2025-08-01 09:53:59 AM,346.7,0,0.0,261012970.95000002
2025-08-01 09:54:02 AM,346.7,1431,496127.7,261509098.65
2025-08-01 09:54:02 AM,346.85,0,0.0,261509098.65
2025-08-01 09:54:03 AM,346.85,1,346.85,261509445.5
2025-08-01 09:54:05 AM,346.7,0,0.0,261509445.5
2025-08-01 09:54:08 AM,346.85,0,0.0,261509445.5
2025-08-01 09:54:08 AM,346.85,206,71451.1,261580896.6
2025-08-01 09:54:16 AM,346.8,2,693.6,261581590.2
2025-08-01 09:54:17 AM,346.85,0,0.0,261581590.2
2025-08-01 09:54:20 AM,346.7,0,0.0,261581590.2
2025-08-01 09:54:21 AM,346.7,970,336299.0,261917889.2
2025-08-01 09:54:22 AM,346.8,25,8670.0,261926559.2
2025-08-01 09:54:27 AM,346.8,211,73174.8,261999734.0
2025-08-01 09:54:33 AM,346.8,8,2774.4,262002508.4
2025-08-01 09:54:39 AM,346.55,0,0.0,262002508.4
2025-08-01 09:54:40 AM,346.55,3636,1260055.8,263262564.20000002
2025-08-01 09:54:40 AM,346.75,2,693.5,263263257.70000002
2025-08-01 09:54:42 AM,346.6,0,0.0,263263257.70000002
2025-08-01 09:54:45 AM,346.6,50,17330.0,263280587.70000002
2025-08-01 09:54:51 AM,346.55,0,0.0,263280587.70000002
2025-08-01 09:54:51 AM,346.75,331,114774.25,263395361.95000002
2025-08-01 09:54:52 AM,346.6,5,1733.0,263397094.95000002
2025-08-01 09:54:54 AM,346.8,0,0.0,263397094.95000002
2025-08-01 09:54:57 AM,346.85,0,0.0,263397094.95000002
2025-08-01 09:54:57 AM,346.85,547,189726.95,263586821.9
2025-08-01 09:55:00 AM,346.65,0,0.0,263586821.9
2025-08-01 09:55:00 AM,346.7,0,0.0,263586821.9
2025-08-01 09:55:02 AM,346.7,360,124812.0,263711633.9
2025-08-01 09:55:04 AM,346.7,102,35363.4,263746997.3
2025-08-01 09:55:06 AM,346.8,0,0.0,263746997.3
2025-08-01 09:55:08 AM,346.7,41,14214.699999999999,263761212.0
2025-08-01 09:55:09 AM,346.7,1,346.7,263761558.7
2025-08-01 09:55:13 AM,346.55,0,0.0,263761558.7
2025-08-01 09:55:14 AM,346.5,1198,415107.0,264176665.7
2025-08-01 09:55:15 AM,346.7,0,0.0,264176665.7
2025-08-01 09:55:16 AM,346.7,10,3467.0,264180132.7
2025-08-01 09:55:20 AM,346.7,15,5200.5,264185333.2
2025-08-01 09:55:21 AM,346.65,0,0.0,264185333.2
2025-08-01 09:55:22 AM,346.5,0,0.0,264185333.2
2025-08-01 09:55:22 AM,346.5,103,35689.5,264221022.7
2025-08-01 09:55:26 AM,346.6,37,12824.2,264233846.89999998
2025-08-01 09:55:32 AM,346.55,24,8317.2,264242164.09999996
2025-08-01 09:55:33 AM,346.6,0,0.0,264242164.09999996
2025-08-01 09:55:34 AM,346.6,45,15597.000000000002,264257761.09999996
2025-08-01 09:55:37 AM,346.55,0,0.0,264257761.09999996
2025-08-01 09:55:38 AM,346.65,0,0.0,264257761.09999996
2025-08-01 09:55:38 AM,346.65,101,35011.649999999994,264292772.74999997
2025-08-01 09:55:42 AM,346.5,0,0.0,264292772.74999997
2025-08-01 09:55:44 AM,346.5,543,188149.5,264480922.24999997
2025-08-01 09:55:48 AM,346.65,0,0.0,264480922.24999997
2025-08-01 09:55:49 AM,346.75,0,0.0,264480922.24999997
2025-08-01 09:55:51 AM,346.75,532,184471.0,264665393.24999997
