date,price,qty,trnvr,cum_trnvr
2025-08-01 09:15:02 AM,2073.5,54,111969.0,111969.0
2025-08-01 09:15:11 AM,2097.9,0,0.0,111969.0
2025-08-01 09:15:14 AM,2097.9,2,4195.8,116164.8
2025-08-01 09:15:21 AM,2101.3,0,0.0,116164.8
2025-08-01 09:15:24 AM,2101.3,134,281574.2,397739.0
2025-08-01 09:15:28 AM,2103.0,0,0.0,397739.0
2025-08-01 09:15:33 AM,2103.0,2,4206.0,401945.0
2025-08-01 09:15:40 AM,2090.1,0,0.0,401945.0
2025-08-01 09:15:41 AM,2090.1,43,89874.3,491819.3
2025-08-01 09:15:45 AM,2085.4,0,0.0,491819.3
2025-08-01 09:15:49 AM,2081.0,126,262206.0,754025.3
2025-08-01 09:15:51 AM,2079.1,1,2079.1,756104.4
2025-08-01 09:15:56 AM,2077.6,0,0.0,756104.4
2025-08-01 09:15:57 AM,2075.1,21,43577.1,799681.5
2025-08-01 09:16:02 AM,2072.6,0,0.0,799681.5
2025-08-01 09:16:05 AM,2070.0,0,0.0,799681.5
2025-08-01 09:16:06 AM,2070.0,100,207000.0,1006681.5
2025-08-01 09:16:10 AM,2062.2,0,0.0,1006681.5
2025-08-01 09:16:14 AM,2060.0,57,117420.0,1124101.5
2025-08-01 09:16:15 AM,2067.1,36,74415.59999999999,1198517.1
2025-08-01 09:16:19 AM,2060.5,0,0.0,1198517.1
2025-08-01 09:16:22 AM,2062.5,71,146437.5,1344954.6
2025-08-01 09:16:24 AM,2066.8,14,28935.200000000004,1373889.8
2025-08-01 09:16:32 AM,2063.5,18,37143.0,1411032.8
2025-08-01 09:16:37 AM,2067.6,0,0.0,1411032.8
2025-08-01 09:16:38 AM,2067.1,86,177770.6,1588803.4000000001
2025-08-01 09:16:47 AM,2065.1,134,276723.39999999997,1865526.8
2025-08-01 09:16:55 AM,2068.0,5,10340.0,1875866.8
2025-08-01 09:17:15 AM,2071.2,0,0.0,1875866.8
2025-08-01 09:17:20 AM,2068.7,57,117915.9,1993782.7
2025-08-01 09:17:21 AM,2066.8,12,24801.600000000002,2018584.3
2025-08-01 09:17:28 AM,2063.0,26,53638.0,2072222.3
2025-08-01 09:17:39 AM,2068.8,0,0.0,2072222.3
2025-08-01 09:17:45 AM,2068.8,51,105508.8,2177731.1
2025-08-01 09:17:53 AM,2071.2,54,111844.79999999999,2289575.9
2025-08-01 09:17:54 AM,2074.5,11,22819.5,2312395.4
2025-08-01 09:17:57 AM,2074.1,0,0.0,2312395.4
2025-08-01 09:18:01 AM,2078.5,32,66512.0,2378907.4
2025-08-01 09:18:05 AM,2081.5,0,0.0,2378907.4
2025-08-01 09:18:10 AM,2081.5,18,37467.0,2416374.4
2025-08-01 09:18:21 AM,2087.9,0,0.0,2416374.4
2025-08-01 09:18:26 AM,2087.9,38,79340.2,2495714.6
2025-08-01 09:18:27 AM,2094.8,10,20948.0,2516662.6
2025-08-01 09:18:31 AM,2088.9,0,0.0,2516662.6
2025-08-01 09:18:34 AM,2088.9,35,73111.5,2589774.1
2025-08-01 09:18:51 AM,2087.8,15,31317.000000000004,2621091.1
2025-08-01 09:18:53 AM,2088.0,0,0.0,2621091.1
2025-08-01 09:18:59 AM,2088.0,1,2088.0,2623179.1
2025-08-01 09:19:08 AM,2087.8,2,4175.6,2627354.7
2025-08-01 09:19:23 AM,2087.8,48,100214.40000000001,2727569.1
2025-08-01 09:19:26 AM,2085.2,0,0.0,2727569.1
2025-08-01 09:19:31 AM,2085.2,6,12511.199999999999,2740080.3000000003
2025-08-01 09:19:42 AM,2083.2,0,0.0,2740080.3000000003
2025-08-01 09:19:47 AM,2083.2,6,12499.199999999999,2752579.5000000005
2025-08-01 09:19:55 AM,2083.0,12,24996.0,2777575.5000000005
2025-08-01 09:20:48 AM,2087.1,0,0.0,2777575.5000000005
2025-08-01 09:20:50 AM,2087.1,2,4174.2,2781749.7000000007
2025-08-01 09:20:56 AM,2083.5,0,0.0,2781749.7000000007
2025-08-01 09:20:58 AM,2083.5,13,27085.5,2808835.2000000007
2025-08-01 09:20:59 AM,2097.9,282,591607.8,3400443.000000001
2025-08-01 09:21:07 AM,2105.7,17,35796.899999999994,3436239.900000001
2025-08-01 09:21:10 AM,2105.8,0,0.0,3436239.900000001
2025-08-01 09:21:14 AM,2105.8,13,27375.4,3463615.3000000007
2025-08-01 09:21:15 AM,2109.5,5,10547.5,3474162.8000000007
2025-08-01 09:21:18 AM,2109.9,0,0.0,3474162.8000000007
2025-08-01 09:21:22 AM,2109.9,2,4219.8,3478382.6000000006
2025-08-01 09:21:29 AM,2109.9,1,2109.9,3480492.5000000005
2025-08-01 09:21:38 AM,2110.0,71,149810.0,3630302.5000000005
2025-08-01 09:21:39 AM,2109.9,0,0.0,3630302.5000000005
2025-08-01 09:21:42 AM,2110.4,0,0.0,3630302.5000000005
2025-08-01 09:21:45 AM,2108.3,71,149689.30000000002,3779991.8000000003
2025-08-01 09:21:45 AM,2114.5,0,0.0,3779991.8000000003
2025-08-01 09:21:46 AM,2114.5,10,21145.0,3801136.8000000003
2025-08-01 09:21:48 AM,2109.5,0,0.0,3801136.8000000003
2025-08-01 09:21:51 AM,2110.6,0,0.0,3801136.8000000003
2025-08-01 09:21:52 AM,2110.6,155,327143.0,4128279.8000000003
2025-08-01 09:21:53 AM,2106.0,1,2106.0,4130385.8000000003
2025-08-01 09:22:27 AM,2112.7,0,0.0,4130385.8000000003
2025-08-01 09:22:30 AM,2112.7,35,73944.5,4204330.300000001
2025-08-01 09:22:34 AM,2106.5,0,0.0,4204330.300000001
2025-08-01 09:22:38 AM,2103.0,21,44163.0,4248493.300000001
2025-08-01 09:22:45 AM,2102.6,0,0.0,4248493.300000001
2025-08-01 09:22:46 AM,2102.6,1,2102.6,4250595.9
2025-08-01 09:22:57 AM,2100.2,0,0.0,4250595.9
2025-08-01 09:23:01 AM,2100.2,22,46204.399999999994,4296800.300000001
2025-08-01 09:23:11 AM,2097.0,0,0.0,4296800.300000001
2025-08-01 09:23:16 AM,2097.0,27,56619.0,4353419.300000001
2025-08-01 09:23:24 AM,2099.0,1,2099.0,4355518.300000001
2025-08-01 09:23:31 AM,2092.7,0,0.0,4355518.300000001
2025-08-01 09:23:31 AM,2092.7,13,27205.1,4382723.4
2025-08-01 09:23:45 AM,2089.7,0,0.0,4382723.4
2025-08-01 09:23:46 AM,2090.8,4,8363.2,4391086.600000001
2025-08-01 09:24:02 AM,2088.4,25,52210.0,4443296.600000001
2025-08-01 09:24:03 AM,2087.2,1,2087.2,4445383.800000001
2025-08-01 09:24:10 AM,2087.1,1,2087.1,4447470.9
2025-08-01 09:24:18 AM,2088.9,0,0.0,4447470.9
2025-08-01 09:24:19 AM,2088.9,93,194267.7,4641738.600000001
2025-08-01 09:24:24 AM,2093.5,0,0.0,4641738.600000001
2025-08-01 09:24:25 AM,2093.5,76,159106.0,4800844.600000001
2025-08-01 09:24:26 AM,2098.8,4,8395.2,4809239.800000001
2025-08-01 09:24:30 AM,2096.2,0,0.0,4809239.800000001
2025-08-01 09:24:32 AM,2096.2,19,39827.799999999996,4849067.600000001
2025-08-01 09:25:12 AM,2094.1,24,50258.399999999994,4899326.000000001
2025-08-01 09:25:32 AM,2091.0,6,12546.0,4911872.000000001
2025-08-01 09:25:39 AM,2082.8,0,0.0,4911872.000000001
2025-08-01 09:25:40 AM,2082.8,48,99974.40000000001,5011846.400000001
2025-08-01 09:25:40 AM,2080.9,0,0.0,5011846.400000001
2025-08-01 09:25:42 AM,2080.9,23,47860.700000000004,5059707.1000000015
2025-08-01 09:25:50 AM,2080.4,0,0.0,5059707.1000000015
2025-08-01 09:25:55 AM,2080.4,6,12482.400000000001,5072189.500000002
2025-08-01 09:26:02 AM,2080.5,6,12483.0,5084672.500000002
2025-08-01 09:26:10 AM,2084.8,106,220988.80000000002,5305661.300000002
2025-08-01 09:26:12 AM,2085.7,4,8342.8,5314004.1000000015
2025-08-01 09:26:20 AM,2085.7,30,62570.99999999999,5376575.1000000015
2025-08-01 09:26:26 AM,2088.4,5,10442.0,5387017.1000000015
2025-08-01 09:26:32 AM,2091.0,0,0.0,5387017.1000000015
2025-08-01 09:26:33 AM,2091.0,23,48093.0,5435110.1000000015
2025-08-01 09:26:50 AM,2094.6,9,18851.399999999998,5453961.500000002
2025-08-01 09:27:06 AM,2096.7,0,0.0,5453961.500000002
2025-08-01 09:27:11 AM,2095.5,11,23050.5,5477012.000000002
2025-08-01 09:27:20 AM,2095.5,9,18859.5,5495871.500000002
2025-08-01 09:27:53 AM,2092.7,0,0.0,5495871.500000002
2025-08-01 09:27:56 AM,2092.7,2,4185.4,5500056.900000002
2025-08-01 09:28:20 AM,2094.2,27,56543.399999999994,5556600.300000003
2025-08-01 09:29:17 AM,2108.0,0,0.0,5556600.300000003
2025-08-01 09:29:20 AM,2109.9,158,333364.2,5889964.500000003
2025-08-01 09:29:22 AM,2109.9,24,50637.600000000006,5940602.100000002
2025-08-01 09:29:27 AM,2109.8,0,0.0,5940602.100000002
2025-08-01 09:29:28 AM,2109.8,68,143466.40000000002,6084068.500000003
2025-08-01 09:29:29 AM,2113.7,12,25364.399999999998,6109432.900000003
2025-08-01 09:29:31 AM,2109.9,0,0.0,6109432.900000003
2025-08-01 09:29:35 AM,2109.9,20,42198.0,6151630.900000003
2025-08-01 09:29:36 AM,2114.6,66,139563.6,6291194.500000003
2025-08-01 09:29:43 AM,2114.6,17,35948.2,6327142.700000003
2025-08-01 09:29:46 AM,2110.4,0,0.0,6327142.700000003
2025-08-01 09:29:47 AM,2109.3,0,0.0,6327142.700000003
2025-08-01 09:29:50 AM,2108.5,281,592488.5,6919631.200000003
2025-08-01 09:29:51 AM,2110.2,37,78077.4,6997708.600000003
2025-08-01 09:29:58 AM,2111.2,12,25334.399999999998,7023043.000000004
2025-08-01 09:30:03 AM,2110.2,0,0.0,7023043.000000004
2025-08-01 09:30:05 AM,2110.2,15,31652.999999999996,7054696.000000004
2025-08-01 09:30:13 AM,2107.5,2,4215.0,7058911.000000004
2025-08-01 09:30:17 AM,2103.2,0,0.0,7058911.000000004
2025-08-01 09:30:20 AM,2104.0,66,138864.0,7197775.000000004
2025-08-01 09:30:32 AM,2102.2,0,0.0,7197775.000000004
2025-08-01 09:30:35 AM,2102.2,97,203913.4,7401688.400000004
2025-08-01 09:30:42 AM,2107.0,22,46354.0,7448042.400000004
2025-08-01 09:30:50 AM,2107.0,8,16856.0,7464898.400000004
2025-08-01 09:31:01 AM,2106.0,0,0.0,7464898.400000004
2025-08-01 09:31:04 AM,2106.0,3,6318.0,7471216.400000004
2025-08-01 09:31:21 AM,2105.8,0,0.0,7471216.400000004
2025-08-01 09:31:25 AM,2106.9,0,0.0,7471216.400000004
2025-08-01 09:31:27 AM,2106.9,65,136948.5,7608164.900000004
2025-08-01 09:31:33 AM,2150.4,0,0.0,7608164.900000004
2025-08-01 09:31:34 AM,2150.4,2923,6285619.2,13893784.100000005
2025-08-01 09:31:37 AM,2150.7,0,0.0,13893784.100000005
2025-08-01 09:31:39 AM,2150.1,0,0.0,13893784.100000005
2025-08-01 09:31:41 AM,2150.0,435,935250.0,14829034.100000005
2025-08-01 09:31:43 AM,2147.7,0,0.0,14829034.100000005
2025-08-01 09:31:45 AM,2143.3,0,0.0,14829034.100000005
2025-08-01 09:31:48 AM,2143.3,240,514392.00000000006,15343426.100000005
2025-08-01 09:32:00 AM,2142.2,0,0.0,15343426.100000005
2025-08-01 09:32:02 AM,2142.2,61,130674.19999999998,15474100.300000004
2025-08-01 09:32:05 AM,2138.4,0,0.0,15474100.300000004
2025-08-01 09:32:09 AM,2138.4,13,27799.2,15501899.500000004
2025-08-01 09:32:16 AM,2133.2,5,10666.0,15512565.500000004
2025-08-01 09:32:23 AM,2133.1,0,0.0,15512565.500000004
2025-08-01 09:32:23 AM,2133.1,18,38395.799999999996,15550961.300000004
2025-08-01 09:32:29 AM,2134.7,0,0.0,15550961.300000004
2025-08-01 09:32:30 AM,2135.0,3,6405.0,15557366.300000004
2025-08-01 09:32:35 AM,2131.0,0,0.0,15557366.300000004
2025-08-01 09:32:36 AM,2131.0,503,1071893.0,16629259.300000004
2025-08-01 09:32:44 AM,2122.9,122,258993.80000000002,16888253.100000005
2025-08-01 09:32:47 AM,2124.3,0,0.0,16888253.100000005
2025-08-01 09:32:51 AM,2124.3,14,29740.200000000004,16917993.300000004
2025-08-01 09:33:11 AM,2131.3,0,0.0,16917993.300000004
2025-08-01 09:33:11 AM,2131.3,50,106565.00000000001,17024558.300000004
2025-08-01 09:33:16 AM,2127.0,0,0.0,17024558.300000004
2025-08-01 09:33:16 AM,2130.2,0,0.0,17024558.300000004
2025-08-01 09:33:18 AM,2130.2,205,436690.99999999994,17461249.300000004
2025-08-01 09:33:25 AM,2129.9,201,428109.9,17889359.200000003
2025-08-01 09:33:26 AM,2130.0,0,0.0,17889359.200000003
2025-08-01 09:33:31 AM,2129.7,0,0.0,17889359.200000003
2025-08-01 09:33:32 AM,2129.7,51,108614.7,17997973.900000002
2025-08-01 09:33:39 AM,2127.1,3,6381.299999999999,18004355.200000003
2025-08-01 09:33:46 AM,2124.0,92,195408.0,18199763.200000003
2025-08-01 09:33:53 AM,2121.0,183,388143.0,18587906.200000003
2025-08-01 09:33:55 AM,2116.0,0,0.0,18587906.200000003
2025-08-01 09:34:00 AM,2113.5,64,135264.0,18723170.200000003
2025-08-01 09:34:16 AM,2114.0,0,0.0,18723170.200000003
2025-08-01 09:34:21 AM,2114.0,1,2114.0,18725284.200000003
2025-08-01 09:34:24 AM,2111.0,0,0.0,18725284.200000003
2025-08-01 09:34:26 AM,2115.1,0,0.0,18725284.200000003
2025-08-01 09:34:28 AM,2115.1,154,325725.39999999997,19051009.6
2025-08-01 09:34:35 AM,2110.7,214,451689.8,19502699.400000002
2025-08-01 09:34:36 AM,2108.7,0,0.0,19502699.400000002
2025-08-01 09:34:39 AM,2109.2,0,0.0,19502699.400000002
2025-08-01 09:34:42 AM,2106.2,27,56867.399999999994,19559566.8
2025-08-01 09:34:44 AM,2107.1,0,0.0,19559566.8
2025-08-01 09:34:49 AM,2107.1,47,99033.7,19658600.5
2025-08-01 09:34:55 AM,2105.6,0,0.0,19658600.5
2025-08-01 09:34:56 AM,2105.6,1,2105.6,19660706.1
2025-08-01 09:35:01 AM,2104.3,0,0.0,19660706.1
2025-08-01 09:35:02 AM,2104.3,1,2104.3,19662810.400000002
2025-08-01 09:35:10 AM,2104.3,3,6312.900000000001,19669123.3
2025-08-01 09:35:21 AM,2100.0,0,0.0,19669123.3
2025-08-01 09:35:21 AM,2096.7,0,0.0,19669123.3
2025-08-01 09:35:24 AM,2095.9,104,217973.6,19887096.900000002
2025-08-01 09:35:55 AM,2099.0,0,0.0,19887096.900000002
2025-08-01 09:35:58 AM,2097.9,73,153146.7,20040243.6
2025-08-01 09:36:00 AM,2098.0,0,0.0,20040243.6
2025-08-01 09:36:04 AM,2100.5,0,0.0,20040243.6
2025-08-01 09:36:04 AM,2100.5,6,12603.0,20052846.6
2025-08-01 09:37:18 AM,2100.5,114,239457.0,20292303.6
2025-08-01 09:37:29 AM,2097.8,0,0.0,20292303.6
2025-08-01 09:37:32 AM,2097.7,24,50344.799999999996,20342648.400000002
2025-08-01 09:37:38 AM,2097.6,0,0.0,20342648.400000002
2025-08-01 09:37:39 AM,2097.6,1,2097.6,20344746.000000004
2025-08-01 09:37:45 AM,2097.6,5,10488.0,20355234.000000004
2025-08-01 09:37:48 AM,2097.7,0,0.0,20355234.000000004
2025-08-01 09:37:52 AM,2095.5,0,0.0,20355234.000000004
2025-08-01 09:37:52 AM,2095.5,56,117348.0,20472582.000000004
2025-08-01 09:38:19 AM,2096.8,15,31452.000000000004,20504034.000000004
2025-08-01 09:38:52 AM,2094.6,0,0.0,20504034.000000004
2025-08-01 09:38:59 AM,2094.6,13,27229.8,20531263.800000004
2025-08-01 09:39:22 AM,2092.0,0,0.0,20531263.800000004
2025-08-01 09:39:25 AM,2097.8,0,0.0,20531263.800000004
2025-08-01 09:39:26 AM,2097.8,111,232855.80000000002,20764119.600000005
2025-08-01 09:39:37 AM,2096.6,0,0.0,20764119.600000005
2025-08-01 09:39:39 AM,2096.6,14,29352.399999999998,20793472.000000004
2025-08-01 09:39:41 AM,2094.3,0,0.0,20793472.000000004
2025-08-01 09:39:46 AM,2091.6,52,108763.2,20902235.200000003
2025-08-01 09:40:09 AM,2093.9,0,0.0,20902235.200000003
2025-08-01 09:40:12 AM,2093.9,25,52347.5,20954582.700000003
2025-08-01 09:40:22 AM,2098.0,0,0.0,20954582.700000003
2025-08-01 09:40:25 AM,2098.0,69,144762.0,21099344.700000003
2025-08-01 09:40:29 AM,2100.3,0,0.0,21099344.700000003
2025-08-01 09:40:32 AM,2100.3,1,2100.3,21101445.000000004
2025-08-01 09:40:38 AM,2100.3,24,50407.200000000004,21151852.200000003
2025-08-01 09:40:53 AM,2101.0,0,0.0,21151852.200000003
2025-08-01 09:40:58 AM,2101.0,11,23111.0,21174963.200000003
2025-08-01 09:42:31 AM,2100.1,0,0.0,21174963.200000003
2025-08-01 09:42:31 AM,2100.1,1,2100.1,21177063.300000004
2025-08-01 09:42:47 AM,2101.0,0,0.0,21177063.300000004
2025-08-01 09:42:50 AM,2101.0,5,10505.0,21187568.300000004
2025-08-01 09:43:11 AM,2102.4,0,0.0,21187568.300000004
2025-08-01 09:43:16 AM,2102.4,1,2102.4,21189670.700000003
2025-08-01 09:43:37 AM,2102.4,19,39945.6,21229616.300000004
2025-08-01 09:43:42 AM,2102.8,1,2102.8,21231719.100000005
2025-08-01 09:44:19 AM,2101.0,0,0.0,21231719.100000005
2025-08-01 09:44:22 AM,2101.0,1,2101.0,21233820.100000005
2025-08-01 09:44:29 AM,2101.0,1,2101.0,21235921.100000005
2025-08-01 09:45:07 AM,2101.0,93,195393.0,21431314.100000005
2025-08-01 09:45:16 AM,2100.0,0,0.0,21431314.100000005
2025-08-01 09:45:16 AM,2100.0,108,226800.0,21658114.100000005
2025-08-01 09:45:19 AM,2101.7,0,0.0,21658114.100000005
2025-08-01 09:45:21 AM,2101.7,3,6305.099999999999,21664419.200000007
2025-08-01 09:45:51 AM,2103.9,0,0.0,21664419.200000007
2025-08-01 09:45:53 AM,2103.9,12,25246.800000000003,21689666.000000007
2025-08-01 09:46:05 AM,2111.9,0,0.0,21689666.000000007
2025-08-01 09:46:06 AM,2111.9,51,107706.90000000001,21797372.900000006
2025-08-01 09:46:57 AM,2107.4,1,2107.4,21799480.300000004
2025-08-01 09:47:13 AM,2105.0,0,0.0,21799480.300000004
2025-08-01 09:47:15 AM,2105.0,1,2105.0,21801585.300000004
2025-08-01 09:47:32 AM,2103.2,0,0.0,21801585.300000004
2025-08-01 09:47:34 AM,2103.2,20,42064.0,21843649.300000004
2025-08-01 09:47:46 AM,2101.7,0,0.0,21843649.300000004
2025-08-01 09:47:48 AM,2101.7,20,42034.0,21885683.300000004
2025-08-01 09:47:50 AM,2106.9,2,4213.8,21889897.100000005
2025-08-01 09:48:27 AM,2105.9,5,10529.5,21900426.600000005
2025-08-01 09:49:45 AM,2103.6,10,21036.0,21921462.600000005
2025-08-01 09:50:18 AM,2101.9,0,0.0,21921462.600000005
2025-08-01 09:50:21 AM,2101.9,5,10509.5,21931972.100000005
2025-08-01 09:50:47 AM,2104.7,0,0.0,21931972.100000005
2025-08-01 09:50:48 AM,2102.2,59,124029.79999999999,22056001.900000006
2025-08-01 09:50:57 AM,2104.3,0,0.0,22056001.900000006
2025-08-01 09:50:59 AM,2104.3,51,107319.3,22163321.200000007
2025-08-01 09:51:10 AM,2103.3,0,0.0,22163321.200000007
2025-08-01 09:51:11 AM,2103.3,2,4206.6,22167527.80000001
2025-08-01 09:53:52 AM,2103.3,1,2103.3,22169631.10000001
2025-08-01 09:53:57 AM,2105.0,0,0.0,22169631.10000001
2025-08-01 09:53:58 AM,2105.0,2,4210.0,22173841.10000001
2025-08-01 09:54:03 AM,2107.0,0,0.0,22173841.10000001
2025-08-01 09:54:04 AM,2107.0,20,42140.0,22215981.10000001
2025-08-01 09:54:52 AM,2106.3,0,0.0,22215981.10000001
2025-08-01 09:54:53 AM,2106.3,1,2106.3,22218087.40000001
2025-08-01 09:55:40 AM,2106.3,1,2106.3,22220193.70000001
2025-08-01 09:57:01 AM,2105.6,0,0.0,22220193.70000001
2025-08-01 09:57:05 AM,2105.6,46,96857.59999999999,22317051.300000012
2025-08-01 09:58:00 AM,2105.6,1,2105.6,22319156.900000013
2025-08-01 09:58:04 AM,2105.6,12,25267.199999999997,22344424.100000013
2025-08-01 09:58:10 AM,2105.6,1,2105.6,22346529.700000014
2025-08-01 09:58:34 AM,2100.6,0,0.0,22346529.700000014
2025-08-01 09:58:34 AM,2100.6,424,890654.3999999999,23237184.100000013
2025-08-01 09:58:37 AM,2101.2,277,582032.3999999999,23819216.50000001
2025-08-01 09:58:54 AM,2100.1,0,0.0,23819216.50000001
2025-08-01 09:58:55 AM,2100.0,63,132300.0,23951516.50000001
2025-08-01 09:58:58 AM,2100.0,163,342300.0,24293816.50000001
2025-08-01 09:59:04 AM,2097.4,108,226519.2,24520335.70000001
2025-08-01 09:59:14 AM,2095.5,1,2095.5,24522431.20000001
2025-08-01 09:59:20 AM,2093.9,0,0.0,24522431.20000001
2025-08-01 09:59:20 AM,2093.9,1,2093.9,24524525.10000001
2025-08-01 09:59:23 AM,2097.2,119,249566.8,24774091.90000001
2025-08-01 09:59:30 AM,2100.0,10,21000.0,24795091.90000001
2025-08-01 10:00:26 AM,2100.9,3,6302.700000000001,24801394.60000001
2025-08-01 10:00:48 AM,2100.0,39,81900.0,24883294.60000001
2025-08-01 10:01:07 AM,2099.9,189,396881.10000000003,25280175.70000001
2025-08-01 10:01:09 AM,2095.9,0,0.0,25280175.70000001
2025-08-01 10:01:10 AM,2095.9,22,46109.8,25326285.50000001
2025-08-01 10:01:14 AM,2092.5,0,0.0,25326285.50000001
2025-08-01 10:01:14 AM,2092.5,60,125550.0,25451835.50000001
2025-08-01 10:01:22 AM,2096.6,0,0.0,25451835.50000001
2025-08-01 10:01:23 AM,2096.6,35,73381.0,25525216.50000001
2025-08-01 10:01:29 AM,2098.1,28,58746.799999999996,25583963.300000012
2025-08-01 10:02:03 AM,2095.9,0,0.0,25583963.300000012
2025-08-01 10:02:03 AM,2095.9,187,391933.3,25975896.600000013
2025-08-01 10:02:22 AM,2095.1,0,0.0,25975896.600000013
2025-08-01 10:02:22 AM,2095.1,4,8380.4,25984277.00000001
2025-08-01 10:02:24 AM,2095.6,1,2095.6,25986372.600000013
2025-08-01 10:02:27 AM,2096.4,0,0.0,25986372.600000013
2025-08-01 10:02:28 AM,2095.7,0,0.0,25986372.600000013
2025-08-01 10:02:28 AM,2095.7,62,129933.4,26116306.00000001
2025-08-01 10:02:32 AM,2099.5,0,0.0,26116306.00000001
2025-08-01 10:02:34 AM,2099.5,30,62985.0,26179291.00000001
2025-08-01 10:03:10 AM,2098.1,0,0.0,26179291.00000001
2025-08-01 10:03:13 AM,2098.1,2,4196.2,26183487.20000001
2025-08-01 10:03:22 AM,2098.4,0,0.0,26183487.20000001
2025-08-01 10:03:22 AM,2098.4,1,2098.4,26185585.60000001
2025-08-01 10:03:26 AM,2098.5,0,0.0,26185585.60000001
2025-08-01 10:03:26 AM,2098.5,5,10492.5,26196078.10000001
2025-08-01 10:03:28 AM,2099.3,19,39886.700000000004,26235964.80000001
2025-08-01 10:03:34 AM,2099.6,0,0.0,26235964.80000001
2025-08-01 10:03:34 AM,2099.6,11,23095.6,26259060.40000001
2025-08-01 10:04:03 AM,2097.0,30,62910.0,26321970.40000001
2025-08-01 10:04:06 AM,2095.7,0,0.0,26321970.40000001
2025-08-01 10:04:06 AM,2095.7,1,2095.7,26324066.10000001
2025-08-01 10:04:10 AM,2094.0,0,0.0,26324066.10000001
2025-08-01 10:04:10 AM,2094.0,189,395766.0,26719832.10000001
2025-08-01 10:04:22 AM,2093.2,0,0.0,26719832.10000001
2025-08-01 10:04:22 AM,2093.2,8,16745.6,26736577.70000001
2025-08-01 10:04:31 AM,2094.6,23,48175.799999999996,26784753.50000001
2025-08-01 10:04:35 AM,2094.6,23,48175.799999999996,26832929.300000012
2025-08-01 10:05:06 AM,2093.4,0,0.0,26832929.300000012
2025-08-01 10:05:06 AM,2093.4,1,2093.4,26835022.70000001
2025-08-01 10:05:18 AM,2092.0,10,20920.0,26855942.70000001
2025-08-01 10:05:23 AM,2091.8,0,0.0,26855942.70000001
2025-08-01 10:05:24 AM,2091.8,13,27193.4,26883136.10000001
2025-08-01 10:05:26 AM,2093.1,1,2093.1,26885229.20000001
2025-08-01 10:05:34 AM,2093.5,0,0.0,26885229.20000001
2025-08-01 10:05:37 AM,2093.5,19,39776.5,26925005.70000001
2025-08-01 10:05:49 AM,2090.0,0,0.0,26925005.70000001
2025-08-01 10:05:49 AM,2090.0,8,16720.0,26941725.70000001
2025-08-01 10:06:09 AM,2090.0,58,121220.0,27062945.70000001
2025-08-01 10:06:24 AM,2091.7,0,0.0,27062945.70000001
2025-08-01 10:06:24 AM,2091.7,43,89943.09999999999,27152888.800000012
2025-08-01 10:06:41 AM,2087.0,0,0.0,27152888.800000012
2025-08-01 10:06:42 AM,2087.0,2,4174.0,27157062.800000012
2025-08-01 10:06:55 AM,2088.8,38,79374.40000000001,27236437.20000001
2025-08-01 10:07:19 AM,2086.2,10,20862.0,27257299.20000001
2025-08-01 10:07:21 AM,2088.6,19,39683.4,27296982.60000001
2025-08-01 10:07:26 AM,2088.6,15,31329.0,27328311.60000001
2025-08-01 10:07:46 AM,2086.0,50,104300.0,27432611.60000001
2025-08-01 10:08:17 AM,2086.9,0,0.0,27432611.60000001
2025-08-01 10:08:17 AM,2086.9,68,141909.2,27574520.80000001
2025-08-01 10:08:18 AM,2086.7,0,0.0,27574520.80000001
2025-08-01 10:08:21 AM,2086.7,26,54254.2,27628775.000000007
2025-08-01 10:08:22 AM,2088.6,0,0.0,27628775.000000007
2025-08-01 10:08:23 AM,2088.6,18,37594.799999999996,27666369.80000001
2025-08-01 10:08:29 AM,2090.9,28,58545.200000000004,27724915.000000007
2025-08-01 10:09:09 AM,2089.7,0,0.0,27724915.000000007
2025-08-01 10:09:09 AM,2089.7,18,37614.6,27762529.60000001
2025-08-01 10:09:10 AM,2089.8,0,0.0,27762529.60000001
2025-08-01 10:09:11 AM,2089.8,18,37616.4,27800146.000000007
2025-08-01 10:09:23 AM,2089.8,4,8359.2,27808505.200000007
2025-08-01 10:09:24 AM,2088.6,0,0.0,27808505.200000007
2025-08-01 10:09:27 AM,2088.6,33,68923.8,27877429.000000007
2025-08-01 10:10:03 AM,2087.6,19,39664.4,27917093.400000006
2025-08-01 10:10:13 AM,2085.7,0,0.0,27917093.400000006
2025-08-01 10:10:13 AM,2085.7,2,4171.4,27921264.800000004
2025-08-01 10:10:23 AM,2087.3,0,0.0,27921264.800000004
2025-08-01 10:10:24 AM,2087.3,36,75142.8,27996407.600000005
2025-08-01 10:11:02 AM,2088.2,0,0.0,27996407.600000005
2025-08-01 10:11:02 AM,2088.2,1,2088.2,27998495.800000004
2025-08-01 10:11:24 AM,2088.7,0,0.0,27998495.800000004
2025-08-01 10:11:24 AM,2088.7,37,77281.9,28075777.700000003
2025-08-01 10:12:22 AM,2090.6,33,68989.8,28144767.500000004
2025-08-01 10:12:27 AM,2089.3,0,0.0,28144767.500000004
2025-08-01 10:12:28 AM,2090.1,40,83604.0,28228371.500000004
2025-08-01 10:13:24 AM,2090.7,0,0.0,28228371.500000004
2025-08-01 10:13:26 AM,2090.7,5,10453.5,28238825.000000004
2025-08-01 10:13:30 AM,2093.0,0,0.0,28238825.000000004
2025-08-01 10:13:32 AM,2093.0,36,75348.0,28314173.000000004
2025-08-01 10:13:36 AM,2092.6,0,0.0,28314173.000000004
2025-08-01 10:13:38 AM,2092.6,1,2092.6,28316265.600000005
2025-08-01 10:14:02 AM,2092.6,38,79518.8,28395784.400000006
2025-08-01 10:14:18 AM,2092.5,0,0.0,28395784.400000006
2025-08-01 10:14:19 AM,2092.5,1,2092.5,28397876.900000006
2025-08-01 10:14:25 AM,2092.5,4,8370.0,28406246.900000006
2025-08-01 10:14:29 AM,2094.2,0,0.0,28406246.900000006
2025-08-01 10:14:30 AM,2094.2,30,62825.99999999999,28469072.900000006
2025-08-01 10:15:11 AM,2093.6,0,0.0,28469072.900000006
2025-08-01 10:15:11 AM,2093.6,5,10468.0,28479540.900000006
2025-08-01 10:15:23 AM,2093.5,0,0.0,28479540.900000006
2025-08-01 10:15:23 AM,2093.5,16,33496.0,28513036.900000006
2025-08-01 10:15:26 AM,2096.7,0,0.0,28513036.900000006
2025-08-01 10:15:29 AM,2096.7,21,44030.7,28557067.600000005
2025-08-01 10:15:38 AM,2095.9,0,0.0,28557067.600000005
2025-08-01 10:15:41 AM,2095.9,1,2095.9,28559163.500000004
2025-08-01 10:16:22 AM,2096.4,12,25156.800000000003,28584320.300000004
2025-08-01 10:16:26 AM,2096.8,0,0.0,28584320.300000004
2025-08-01 10:16:28 AM,2096.8,22,46129.600000000006,28630449.900000006
2025-08-01 10:17:13 AM,2097.0,24,50328.0,28680777.900000006
2025-08-01 10:17:23 AM,2097.1,0,0.0,28680777.900000006
2025-08-01 10:17:25 AM,2097.1,13,27262.3,28708040.200000007
2025-08-01 10:17:29 AM,2099.7,0,0.0,28708040.200000007
2025-08-01 10:17:31 AM,2099.7,24,50392.799999999996,28758433.000000007
2025-08-01 10:18:13 AM,2096.0,0,0.0,28758433.000000007
2025-08-01 10:18:17 AM,2096.0,8,16768.0,28775201.000000007
2025-08-01 10:18:23 AM,2097.3,0,0.0,28775201.000000007
2025-08-01 10:18:23 AM,2097.3,13,27264.9,28802465.900000006
2025-08-01 10:18:27 AM,2099.3,0,0.0,28802465.900000006
2025-08-01 10:18:29 AM,2099.3,21,44085.3,28846551.200000007
2025-08-01 10:19:22 AM,2099.1,0,0.0,28846551.200000007
2025-08-01 10:19:26 AM,2099.1,6,12594.599999999999,28859145.80000001
2025-08-01 10:19:30 AM,2096.1,0,0.0,28859145.80000001
2025-08-01 10:19:32 AM,2096.1,31,64979.1,28924124.90000001
2025-08-01 10:20:22 AM,2099.4,0,0.0,28924124.90000001
2025-08-01 10:20:23 AM,2099.4,34,71379.6,28995504.50000001
2025-08-01 10:20:45 AM,2098.4,0,0.0,28995504.50000001
2025-08-01 10:20:47 AM,2098.4,1,2098.4,28997602.90000001
2025-08-01 10:21:22 AM,2098.3,12,25179.600000000002,29022782.50000001
2025-08-01 10:21:26 AM,2098.3,22,46162.600000000006,29068945.100000013
2025-08-01 10:22:09 AM,2096.0,0,0.0,29068945.100000013
2025-08-01 10:22:11 AM,2096.0,119,249424.0,29318369.100000013
2025-08-01 10:22:23 AM,2094.0,0,0.0,29318369.100000013
2025-08-01 10:22:23 AM,2094.0,9,18846.0,29337215.100000013
2025-08-01 10:22:29 AM,2094.8,0,0.0,29337215.100000013
2025-08-01 10:22:29 AM,2094.8,14,29327.200000000004,29366542.300000012
2025-08-01 10:22:34 AM,2097.7,10,20977.0,29387519.300000012
2025-08-01 10:23:22 AM,2096.6,0,0.0,29387519.300000012
2025-08-01 10:23:22 AM,2096.6,34,71284.4,29458803.70000001
2025-08-01 10:23:28 AM,2092.0,29,60668.0,29519471.70000001
2025-08-01 10:23:30 AM,2092.0,5,10460.0,29529931.70000001
2025-08-01 10:23:31 AM,2092.5,0,0.0,29529931.70000001
2025-08-01 10:23:33 AM,2092.5,6,12555.0,29542486.70000001
2025-08-01 10:24:10 AM,2088.2,0,0.0,29542486.70000001
2025-08-01 10:24:12 AM,2088.2,99,206731.8,29749218.50000001
2025-08-01 10:24:22 AM,2087.8,0,0.0,29749218.50000001
2025-08-01 10:24:23 AM,2087.8,10,20878.0,29770096.50000001
2025-08-01 10:24:25 AM,2089.4,41,85665.40000000001,29855761.90000001
2025-08-01 10:24:32 AM,2090.0,0,0.0,29855761.90000001
2025-08-01 10:24:34 AM,2090.0,24,50160.0,29905921.90000001
2025-08-01 10:25:22 AM,2089.9,0,0.0,29905921.90000001
2025-08-01 10:25:22 AM,2089.9,132,275866.8,30181788.70000001
2025-08-01 10:25:29 AM,2092.1,0,0.0,30181788.70000001
2025-08-01 10:25:31 AM,2092.1,7,14644.699999999999,30196433.40000001
2025-08-01 10:26:22 AM,2090.7,0,0.0,30196433.40000001
2025-08-01 10:26:22 AM,2090.7,10,20907.0,30217340.40000001
2025-08-01 10:26:26 AM,2090.7,1,2090.7,30219431.10000001
2025-08-01 10:26:28 AM,2091.0,0,0.0,30219431.10000001
2025-08-01 10:26:28 AM,2091.0,22,46002.0,30265433.10000001
2025-08-01 10:27:22 AM,2090.8,0,0.0,30265433.10000001
2025-08-01 10:27:23 AM,2090.8,20,41816.0,30307249.10000001
2025-08-01 10:27:25 AM,2088.2,0,0.0,30307249.10000001
2025-08-01 10:27:26 AM,2088.2,18,37587.6,30344836.70000001
2025-08-01 10:28:22 AM,2088.8,0,0.0,30344836.70000001
2025-08-01 10:28:23 AM,2088.8,34,71019.20000000001,30415855.90000001
2025-08-01 10:28:26 AM,2085.0,11,22935.0,30438790.90000001
2025-08-01 10:28:28 AM,2085.0,20,41700.0,30480490.90000001
2025-08-01 10:29:22 AM,2087.2,0,0.0,30480490.90000001
2025-08-01 10:29:24 AM,2087.2,33,68877.59999999999,30549368.50000001
2025-08-01 10:29:41 AM,2084.5,1,2084.5,30551453.00000001
2025-08-01 10:29:42 AM,2084.1,0,0.0,30551453.00000001
2025-08-01 10:29:43 AM,2084.1,1,2084.1,30553537.100000013
2025-08-01 10:29:50 AM,2086.6,0,0.0,30553537.100000013
2025-08-01 10:29:52 AM,2086.6,2,4173.2,30557710.300000012
2025-08-01 10:30:03 AM,2086.7,0,0.0,30557710.300000012
2025-08-01 10:30:03 AM,2086.7,1,2086.7,30559797.00000001
2025-08-01 10:30:17 AM,2084.5,113,235548.5,30795345.50000001
2025-08-01 10:30:22 AM,2085.2,0,0.0,30795345.50000001
2025-08-01 10:30:23 AM,2085.2,15,31277.999999999996,30826623.50000001
2025-08-01 10:30:29 AM,2085.6,0,0.0,30826623.50000001
2025-08-01 10:30:29 AM,2085.6,3,6256.799999999999,30832880.300000012
2025-08-01 10:30:35 AM,2088.1,16,33409.6,30866289.900000013
2025-08-01 10:31:23 AM,2086.8,0,0.0,30866289.900000013
2025-08-01 10:31:23 AM,2086.8,128,267110.4,31133400.300000012
2025-08-01 10:32:21 AM,2085.0,97,202245.0,31335645.300000012
2025-08-01 10:32:24 AM,2086.2,0,0.0,31335645.300000012
2025-08-01 10:32:24 AM,2086.2,33,68844.59999999999,31404489.900000013
2025-08-01 10:32:27 AM,2084.2,0,0.0,31404489.900000013
2025-08-01 10:32:27 AM,2084.2,28,58357.59999999999,31462847.500000015
2025-08-01 10:32:46 AM,2085.8,24,50059.200000000004,31512906.700000014
2025-08-01 10:33:22 AM,2085.7,17,35456.899999999994,31548363.600000013
2025-08-01 10:33:25 AM,2085.7,17,35456.899999999994,31583820.50000001
2025-08-01 10:34:22 AM,2085.2,0,0.0,31583820.50000001
2025-08-01 10:34:24 AM,2085.2,34,70896.79999999999,31654717.300000012
2025-08-01 10:34:25 AM,2081.7,0,0.0,31654717.300000012
2025-08-01 10:34:26 AM,2081.7,7,14571.899999999998,31669289.20000001
2025-08-01 10:34:40 AM,2081.9,0,0.0,31669289.20000001
2025-08-01 10:34:41 AM,2081.9,1,2081.9,31671371.10000001
2025-08-01 10:35:00 AM,2081.1,5,10405.5,31681776.60000001
2025-08-01 10:35:22 AM,2084.0,0,0.0,31681776.60000001
2025-08-01 10:35:23 AM,2084.0,14,29176.0,31710952.60000001
2025-08-01 10:35:28 AM,2084.4,0,0.0,31710952.60000001
2025-08-01 10:35:29 AM,2084.4,21,43772.4,31754725.000000007
2025-08-01 10:36:21 AM,2082.0,0,0.0,31754725.000000007
2025-08-01 10:36:23 AM,2084.3,37,77119.1,31831844.10000001
2025-08-01 10:36:46 AM,2082.2,0,0.0,31831844.10000001
2025-08-01 10:36:47 AM,2082.2,20,41644.0,31873488.10000001
2025-08-01 10:37:22 AM,2084.2,0,0.0,31873488.10000001
2025-08-01 10:37:23 AM,2084.2,10,20842.0,31894330.10000001
2025-08-01 10:37:25 AM,2084.4,24,50025.600000000006,31944355.70000001
2025-08-01 10:38:22 AM,2084.3,0,0.0,31944355.70000001
2025-08-01 10:38:24 AM,2084.3,32,66697.6,32011053.300000012
2025-08-01 10:38:27 AM,2084.4,0,0.0,32011053.300000012
2025-08-01 10:38:27 AM,2084.4,16,33350.4,32044403.70000001
2025-08-01 10:39:22 AM,2083.8,0,0.0,32044403.70000001
2025-08-01 10:39:23 AM,2083.8,19,39592.200000000004,32083995.90000001
2025-08-01 10:39:26 AM,2083.9,14,29174.600000000002,32113170.50000001
2025-08-01 10:39:38 AM,2080.0,0,0.0,32113170.50000001
2025-08-01 10:39:40 AM,2080.0,100,208000.0,32321170.50000001
2025-08-01 10:40:02 AM,2082.6,8,16660.8,32337831.300000012
2025-08-01 10:40:22 AM,2083.9,16,33342.4,32371173.70000001
2025-08-01 10:40:24 AM,2084.7,17,35439.899999999994,32406613.60000001
2025-08-01 10:40:25 AM,2084.3,0,0.0,32406613.60000001
2025-08-01 10:40:27 AM,2084.3,15,31264.500000000004,32437878.10000001
2025-08-01 10:40:31 AM,2086.7,0,0.0,32437878.10000001
2025-08-01 10:40:33 AM,2086.7,3,6260.099999999999,32444138.20000001
2025-08-01 10:40:55 AM,2086.0,0,0.0,32444138.20000001
2025-08-01 10:40:55 AM,2086.0,1,2086.0,32446224.20000001
2025-08-01 10:41:22 AM,2085.8,0,0.0,32446224.20000001
2025-08-01 10:41:22 AM,2085.8,34,70917.20000000001,32517141.40000001
2025-08-01 10:42:22 AM,2085.0,33,68805.0,32585946.40000001
2025-08-01 10:43:22 AM,2084.2,0,0.0,32585946.40000001
2025-08-01 10:43:22 AM,2084.2,34,70862.79999999999,32656809.20000001
2025-08-01 10:43:40 AM,2080.2,0,0.0,32656809.20000001
2025-08-01 10:43:41 AM,2080.2,25,52004.99999999999,32708814.20000001
2025-08-01 10:44:22 AM,2083.1,0,0.0,32708814.20000001
2025-08-01 10:44:23 AM,2083.1,5,10415.5,32719229.70000001
2025-08-01 10:44:26 AM,2083.2,0,0.0,32719229.70000001
2025-08-01 10:44:26 AM,2083.2,17,35414.399999999994,32754644.10000001
2025-08-01 10:44:28 AM,2085.2,0,0.0,32754644.10000001
2025-08-01 10:44:28 AM,2085.2,12,25022.399999999998,32779666.500000007
2025-08-01 10:45:22 AM,2084.3,0,0.0,32779666.500000007
2025-08-01 10:45:23 AM,2084.3,17,35433.100000000006,32815099.60000001
2025-08-01 10:45:28 AM,2085.6,0,0.0,32815099.60000001
2025-08-01 10:45:28 AM,2085.6,17,35455.2,32850554.80000001
2025-08-01 10:46:23 AM,2084.4,0,0.0,32850554.80000001
2025-08-01 10:46:23 AM,2084.4,11,22928.4,32873483.200000007
2025-08-01 10:46:29 AM,2085.2,8,16681.6,32890164.80000001
2025-08-01 10:46:34 AM,2085.6,14,29198.399999999998,32919363.200000007
2025-08-01 10:47:22 AM,2085.9,0,0.0,32919363.200000007
2025-08-01 10:47:23 AM,2085.9,17,35460.3,32954823.500000007
2025-08-01 10:47:28 AM,2088.7,0,0.0,32954823.500000007
2025-08-01 10:47:28 AM,2089.4,21,43877.4,32998700.900000006
2025-08-01 10:47:48 AM,2089.5,2,4179.0,33002879.900000006
2025-08-01 10:48:11 AM,2087.3,0,0.0,33002879.900000006
2025-08-01 10:48:12 AM,2087.3,1,2087.3,33004967.200000007
2025-08-01 10:48:22 AM,2088.8,0,0.0,33004967.200000007
2025-08-01 10:48:23 AM,2088.8,34,71019.20000000001,33075986.400000006
2025-08-01 10:49:22 AM,2088.6,0,0.0,33075986.400000006
2025-08-01 10:49:22 AM,2088.6,28,58480.799999999996,33134467.200000007
2025-08-01 10:49:26 AM,2088.6,5,10443.0,33144910.200000007
2025-08-01 10:49:29 AM,2085.5,0,0.0,33144910.200000007
2025-08-01 10:49:31 AM,2085.5,13,27111.5,33172021.700000007
2025-08-01 10:50:22 AM,2087.9,0,0.0,33172021.700000007
2025-08-01 10:50:26 AM,2087.9,34,70988.6,33243010.30000001
2025-08-01 10:50:32 AM,2087.7,1,2087.7,33245098.000000007
2025-08-01 10:50:35 AM,2085.3,0,0.0,33245098.000000007
2025-08-01 10:50:37 AM,2085.3,35,72985.5,33318083.500000007
2025-08-01 10:50:38 AM,2085.6,0,0.0,33318083.500000007
2025-08-01 10:50:38 AM,2085.6,7,14599.199999999999,33332682.700000007
2025-08-01 10:51:22 AM,2087.0,0,0.0,33332682.700000007
2025-08-01 10:51:22 AM,2087.0,35,73045.0,33405727.700000007
2025-08-01 10:52:22 AM,2085.9,0,0.0,33405727.700000007
2025-08-01 10:52:22 AM,2085.9,19,39632.1,33445359.80000001
2025-08-01 10:52:26 AM,2086.1,0,0.0,33445359.80000001
2025-08-01 10:52:27 AM,2086.1,14,29205.399999999998,33474565.200000007
2025-08-01 10:53:22 AM,2085.8,0,0.0,33474565.200000007
2025-08-01 10:53:26 AM,2085.8,34,70917.20000000001,33545482.400000006
2025-08-01 10:54:22 AM,2084.6,0,0.0,33545482.400000006
2025-08-01 10:54:25 AM,2084.6,34,70876.4,33616358.800000004
2025-08-01 10:54:30 AM,2081.6,0,0.0,33616358.800000004
2025-08-01 10:54:30 AM,2081.6,22,45795.2,33662154.00000001
2025-08-01 10:55:22 AM,2083.7,0,0.0,33662154.00000001
2025-08-01 10:55:23 AM,2083.7,20,41674.0,33703828.00000001
2025-08-01 10:55:28 AM,2083.9,0,0.0,33703828.00000001
2025-08-01 10:55:28 AM,2083.9,6,12503.400000000001,33716331.400000006
2025-08-01 10:55:32 AM,2084.5,0,0.0,33716331.400000006
2025-08-01 10:55:34 AM,2084.5,8,16676.0,33733007.400000006
2025-08-01 10:56:22 AM,2084.0,0,0.0,33733007.400000006
2025-08-01 10:56:23 AM,2084.0,20,41680.0,33774687.400000006
2025-08-01 10:56:27 AM,2084.0,15,31260.0,33805947.400000006
2025-08-01 10:56:32 AM,2081.0,0,0.0,33805947.400000006
2025-08-01 10:56:32 AM,2081.0,4,8324.0,33814271.400000006
2025-08-01 10:57:12 AM,2080.5,0,0.0,33814271.400000006
2025-08-01 10:57:14 AM,2080.5,4,8322.0,33822593.400000006
2025-08-01 10:57:22 AM,2082.5,0,0.0,33822593.400000006
2025-08-01 10:57:25 AM,2082.5,28,58310.0,33880903.400000006
2025-08-01 10:57:28 AM,2085.5,0,0.0,33880903.400000006
2025-08-01 10:57:30 AM,2085.5,19,39624.5,33920527.900000006
2025-08-01 10:57:41 AM,2082.9,1,2082.9,33922610.800000004
2025-08-01 10:58:22 AM,2085.5,0,0.0,33922610.800000004
2025-08-01 10:58:23 AM,2085.5,9,18769.5,33941380.300000004
2025-08-01 10:58:26 AM,2085.6,0,0.0,33941380.300000004
2025-08-01 10:58:29 AM,2085.6,5,10428.0,33951808.300000004
2025-08-01 10:58:35 AM,2085.6,12,25027.199999999997,33976835.50000001
2025-08-01 10:58:38 AM,2086.2,0,0.0,33976835.50000001
2025-08-01 10:58:40 AM,2086.2,8,16689.6,33993525.10000001
2025-08-01 10:59:22 AM,2085.9,0,0.0,33993525.10000001
2025-08-01 10:59:22 AM,2085.9,33,68834.7,34062359.80000001
2025-08-01 11:00:22 AM,2085.0,54,112590.0,34174949.80000001
2025-08-01 11:00:28 AM,2085.0,18,37530.0,34212479.80000001
2025-08-01 11:01:26 AM,2085.0,34,70890.0,34283369.80000001
2025-08-01 11:01:47 AM,2085.3,0,0.0,34283369.80000001
2025-08-01 11:01:47 AM,2085.3,5,10426.5,34293796.30000001
2025-08-01 11:02:24 AM,2085.3,33,68814.90000000001,34362611.20000001
2025-08-01 11:02:57 AM,2081.9,1,2081.9,34364693.10000001
2025-08-01 11:02:58 AM,2081.0,42,87402.0,34452095.10000001
2025-08-01 11:03:01 AM,2080.0,0,0.0,34452095.10000001
2025-08-01 11:03:01 AM,2080.0,50,104000.0,34556095.10000001
2025-08-01 11:03:03 AM,2075.7,0,0.0,34556095.10000001
2025-08-01 11:03:05 AM,2073.2,0,0.0,34556095.10000001
2025-08-01 11:03:07 AM,2073.2,209,433298.8,34989393.900000006
2025-08-01 11:03:08 AM,2075.0,27,56025.0,35045418.900000006
2025-08-01 11:03:09 AM,2074.4,0,0.0,35045418.900000006
2025-08-01 11:03:11 AM,2076.0,0,0.0,35045418.900000006
2025-08-01 11:03:12 AM,2076.0,102,211752.0,35257170.900000006
2025-08-01 11:03:15 AM,2075.0,0,0.0,35257170.900000006
2025-08-01 11:03:17 AM,2074.6,57,118252.2,35375423.10000001
2025-08-01 11:03:18 AM,2075.0,16,33200.0,35408623.10000001
2025-08-01 11:03:22 AM,2076.9,34,70614.6,35479237.70000001
2025-08-01 11:03:32 AM,2077.4,1,2077.4,35481315.10000001
2025-08-01 11:03:37 AM,2077.4,7,14541.800000000001,35495856.900000006
2025-08-01 11:04:22 AM,2077.4,7,14541.800000000001,35510398.7
2025-08-01 11:04:25 AM,2077.8,0,0.0,35510398.7
2025-08-01 11:04:27 AM,2075.7,72,149450.4,35659849.1
2025-08-01 11:05:22 AM,2077.3,0,0.0,35659849.1
2025-08-01 11:05:23 AM,2077.3,7,14541.100000000002,35674390.2
2025-08-01 11:05:30 AM,2070.7,59,122171.29999999999,35796561.5
2025-08-01 11:05:31 AM,2070.0,0,0.0,35796561.5
2025-08-01 11:05:33 AM,2070.0,50,103500.0,35900061.5
2025-08-01 11:05:37 AM,2065.5,0,0.0,35900061.5
2025-08-01 11:05:39 AM,2065.5,9,18589.5,35918651.0
2025-08-01 11:05:53 AM,2065.0,0,0.0,35918651.0
2025-08-01 11:05:55 AM,2065.0,2,4130.0,35922781.0
2025-08-01 11:06:02 AM,2062.5,1,2062.5,35924843.5
2025-08-01 11:06:03 AM,2061.0,0,0.0,35924843.5
2025-08-01 11:06:06 AM,2061.0,14,28854.0,35953697.5
2025-08-01 11:06:07 AM,2060.0,18,37080.0,35990777.5
2025-08-01 11:06:08 AM,2055.3,0,0.0,35990777.5
2025-08-01 11:06:10 AM,2059.3,0,0.0,35990777.5
2025-08-01 11:06:11 AM,2059.3,13,26770.9,36017548.4
2025-08-01 11:06:22 AM,2056.7,0,0.0,36017548.4
2025-08-01 11:06:23 AM,2056.7,7,14396.899999999998,36031945.3
2025-08-01 11:06:26 AM,2054.6,0,0.0,36031945.3
2025-08-01 11:06:29 AM,2054.6,1,2054.6,36033999.9
2025-08-01 11:06:39 AM,2054.0,0,0.0,36033999.9
2025-08-01 11:06:41 AM,2053.3,0,0.0,36033999.9
2025-08-01 11:06:42 AM,2053.3,144,295675.2,36329675.1
2025-08-01 11:06:46 AM,2048.9,0,0.0,36329675.1
2025-08-01 11:06:48 AM,2048.9,43,88102.7,36417777.800000004
2025-08-01 11:06:49 AM,2046.8,16,32748.8,36450526.6
2025-08-01 11:06:50 AM,2044.1,0,0.0,36450526.6
2025-08-01 11:06:51 AM,2043.1,0,0.0,36450526.6
2025-08-01 11:06:53 AM,2042.8,0,0.0,36450526.6
2025-08-01 11:06:53 AM,2042.8,23,46984.4,36497511.0
2025-08-01 11:06:56 AM,2042.9,0,0.0,36497511.0
2025-08-01 11:06:59 AM,2051.3,126,258463.80000000002,36755974.8
2025-08-01 11:07:04 AM,2048.3,1,2048.3,36758023.099999994
2025-08-01 11:07:05 AM,2048.6,0,0.0,36758023.099999994
2025-08-01 11:07:05 AM,2048.6,1,2048.6,36760071.699999996
2025-08-01 11:07:15 AM,2049.6,41,84033.59999999999,36844105.3
2025-08-01 11:07:16 AM,2049.6,6,12297.599999999999,36856402.9
2025-08-01 11:07:19 AM,2049.3,0,0.0,36856402.9
2025-08-01 11:07:20 AM,2049.3,14,28690.200000000004,36885093.1
2025-08-01 11:07:23 AM,2048.2,0,0.0,36885093.1
2025-08-01 11:07:25 AM,2048.2,7,14337.399999999998,36899430.5
2025-08-01 11:08:23 AM,2047.6,0,0.0,36899430.5
2025-08-01 11:08:24 AM,2047.6,10,20476.0,36919906.5
2025-08-01 11:08:47 AM,2044.6,0,0.0,36919906.5
2025-08-01 11:08:47 AM,2044.6,1,2044.6,36921951.1
2025-08-01 11:09:22 AM,2051.2,0,0.0,36921951.1
2025-08-01 11:09:24 AM,2050.2,0,0.0,36921951.1
2025-08-01 11:09:24 AM,2050.2,60,123011.99999999999,37044963.1
2025-08-01 11:09:28 AM,2054.4,0,0.0,37044963.1
2025-08-01 11:09:30 AM,2054.4,1,2054.4,37047017.5
2025-08-01 11:09:31 AM,2050.1,0,0.0,37047017.5
2025-08-01 11:09:32 AM,2050.1,1,2050.1,37049067.6
2025-08-01 11:09:42 AM,2046.3,0,0.0,37049067.6
2025-08-01 11:09:42 AM,2046.3,4,8185.2,37057252.800000004
2025-08-01 11:09:56 AM,2044.0,0,0.0,37057252.800000004
2025-08-01 11:09:57 AM,2044.0,68,138992.0,37196244.800000004
2025-08-01 11:10:02 AM,2044.0,179,365876.0,37562120.800000004
2025-08-01 11:10:02 AM,2044.1,0,0.0,37562120.800000004
2025-08-01 11:10:03 AM,2044.1,211,431305.1,37993425.900000006
2025-08-01 11:10:18 AM,2041.8,1,2041.8,37995467.7
2025-08-01 11:10:20 AM,2041.7,0,0.0,37995467.7
2025-08-01 11:10:22 AM,2044.1,0,0.0,37995467.7
2025-08-01 11:10:23 AM,2044.1,8,16352.8,38011820.5
2025-08-01 11:10:51 AM,2045.1,5,10225.5,38022046.0
2025-08-01 11:11:22 AM,2047.5,0,0.0,38022046.0
2025-08-01 11:11:23 AM,2047.5,2,4095.0,38026141.0
2025-08-01 11:11:26 AM,2049.9,0,0.0,38026141.0
2025-08-01 11:11:29 AM,2049.9,5,10249.5,38036390.5
2025-08-01 11:11:40 AM,2051.1,0,0.0,38036390.5
2025-08-01 11:11:40 AM,2051.1,22,45124.2,38081514.7
2025-08-01 11:11:56 AM,2056.4,50,102820.0,38184334.7
2025-08-01 11:12:08 AM,2059.8,0,0.0,38184334.7
2025-08-01 11:12:11 AM,2059.8,10,20598.0,38204932.7
2025-08-01 11:12:22 AM,2065.7,0,0.0,38204932.7
2025-08-01 11:12:22 AM,2065.7,7,14459.899999999998,38219392.6
2025-08-01 11:12:23 AM,2067.6,14,28946.399999999998,38248339.0
2025-08-01 11:12:42 AM,2068.5,0,0.0,38248339.0
2025-08-01 11:12:44 AM,2068.5,1,2068.5,38250407.5
2025-08-01 11:12:46 AM,2065.5,0,0.0,38250407.5
2025-08-01 11:12:48 AM,2063.0,0,0.0,38250407.5
2025-08-01 11:12:49 AM,2063.0,37,76331.0,38326738.5
2025-08-01 11:12:56 AM,2063.2,0,0.0,38326738.5
2025-08-01 11:12:59 AM,2063.2,4,8252.8,38334991.3
2025-08-01 11:13:22 AM,2063.5,0,0.0,38334991.3
2025-08-01 11:13:23 AM,2063.5,9,18571.5,38353562.8
2025-08-01 11:13:53 AM,2060.1,10,20601.0,38374163.8
2025-08-01 11:14:13 AM,2060.0,0,0.0,38374163.8
2025-08-01 11:14:16 AM,2060.0,3,6180.0,38380343.8
2025-08-01 11:14:21 AM,2055.6,65,133614.0,38513957.8
2025-08-01 11:14:22 AM,2058.9,7,14412.300000000001,38528370.099999994
2025-08-01 11:14:51 AM,2059.0,0,0.0,38528370.099999994
2025-08-01 11:14:53 AM,2059.0,5,10295.0,38538665.099999994
2025-08-01 11:15:23 AM,2061.8,0,0.0,38538665.099999994
2025-08-01 11:15:25 AM,2061.8,2,4123.6,38542788.699999996
2025-08-01 11:15:29 AM,2063.5,0,0.0,38542788.699999996
2025-08-01 11:15:30 AM,2063.5,1,2063.5,38544852.199999996
2025-08-01 11:15:33 AM,2062.9,0,0.0,38544852.199999996
2025-08-01 11:15:36 AM,2062.9,23,47446.700000000004,38592298.9
2025-08-01 11:15:51 AM,2064.8,0,0.0,38592298.9
2025-08-01 11:15:51 AM,2064.8,30,61944.00000000001,38654242.9
2025-08-01 11:16:03 AM,2059.1,0,0.0,38654242.9
2025-08-01 11:16:07 AM,2059.1,18,37063.799999999996,38691306.699999996
2025-08-01 11:16:23 AM,2059.8,0,0.0,38691306.699999996
2025-08-01 11:16:23 AM,2059.8,7,14418.600000000002,38705725.3
2025-08-01 11:17:23 AM,2061.3,0,0.0,38705725.3
2025-08-01 11:17:23 AM,2061.3,7,14429.100000000002,38720154.4
2025-08-01 11:18:23 AM,2062.5,0,0.0,38720154.4
2025-08-01 11:18:25 AM,2062.5,7,14437.5,38734591.9
2025-08-01 11:19:22 AM,2063.4,0,0.0,38734591.9
2025-08-01 11:19:23 AM,2063.4,7,14443.800000000001,38749035.699999996
2025-08-01 11:19:44 AM,2060.0,4,8240.0,38757275.699999996
2025-08-01 11:20:22 AM,2063.4,0,0.0,38757275.699999996
2025-08-01 11:20:27 AM,2063.4,8,16507.2,38773782.9
2025-08-01 11:21:22 AM,2064.0,0,0.0,38773782.9
2025-08-01 11:21:24 AM,2063.0,0,0.0,38773782.9
2025-08-01 11:21:24 AM,2063.0,12,24756.0,38798538.9
2025-08-01 11:22:05 AM,2063.0,1,2063.0,38800601.9
2025-08-01 11:22:22 AM,2062.9,5,10314.5,38810916.4
2025-08-01 11:22:25 AM,2065.4,0,0.0,38810916.4
2025-08-01 11:22:27 AM,2065.4,2,4130.8,38815047.199999996
2025-08-01 11:23:22 AM,2064.2,0,0.0,38815047.199999996
2025-08-01 11:23:25 AM,2064.2,8,16513.6,38831560.8
2025-08-01 11:24:22 AM,2064.8,0,0.0,38831560.8
2025-08-01 11:24:27 AM,2064.8,7,14453.600000000002,38846014.4
2025-08-01 11:25:16 AM,2065.0,0,0.0,38846014.4
2025-08-01 11:25:19 AM,2065.0,4,8260.0,38854274.4
2025-08-01 11:25:24 AM,2065.0,7,14455.0,38868729.4
2025-08-01 11:26:22 AM,2064.9,0,0.0,38868729.4
2025-08-01 11:26:22 AM,2064.9,7,14454.300000000001,38883183.699999996
2025-08-01 11:27:22 AM,2062.5,0,0.0,38883183.699999996
2025-08-01 11:27:22 AM,2062.5,11,22687.5,38905871.199999996
2025-08-01 11:27:38 AM,2062.5,54,111375.0,39017246.199999996
2025-08-01 11:27:43 AM,2062.5,1,2062.5,39019308.699999996
2025-08-01 11:28:24 AM,2062.5,11,22687.5,39041996.199999996
2025-08-01 11:29:22 AM,2063.0,0,0.0,39041996.199999996
2025-08-01 11:29:24 AM,2063.0,7,14441.0,39056437.199999996
2025-08-01 11:29:56 AM,2060.0,0,0.0,39056437.199999996
2025-08-01 11:29:57 AM,2060.0,4,8240.0,39064677.199999996
2025-08-01 11:30:23 AM,2062.6,0,0.0,39064677.199999996
2025-08-01 11:30:23 AM,2062.6,7,14438.199999999999,39079115.4
2025-08-01 11:30:38 AM,2059.0,22,45298.0,39124413.4
2025-08-01 11:31:18 AM,2058.9,1,2058.9,39126472.3
2025-08-01 11:31:23 AM,2059.0,0,0.0,39126472.3
2025-08-01 11:31:23 AM,2059.0,21,43239.0,39169711.3
2025-08-01 11:31:37 AM,2057.5,7,14402.5,39184113.8
2025-08-01 11:31:43 AM,2057.0,0,0.0,39184113.8
2025-08-01 11:31:44 AM,2057.0,2,4114.0,39188227.8
2025-08-01 11:31:45 AM,2055.3,0,0.0,39188227.8
2025-08-01 11:31:47 AM,2055.3,33,67824.90000000001,39256052.699999996
2025-08-01 11:31:49 AM,2048.0,0,0.0,39256052.699999996
2025-08-01 11:31:52 AM,2048.0,57,116736.0,39372788.699999996
2025-08-01 11:31:55 AM,2045.3,0,0.0,39372788.699999996
2025-08-01 11:31:57 AM,2045.3,12,24543.6,39397332.3
2025-08-01 11:32:07 AM,2045.1,0,0.0,39397332.3
2025-08-01 11:32:08 AM,2045.1,6,12270.599999999999,39409602.9
2025-08-01 11:32:09 AM,2044.0,0,0.0,39409602.9
2025-08-01 11:32:09 AM,2044.0,8,16352.0,39425954.9
2025-08-01 11:32:13 AM,2044.0,3,6132.0,39432086.9
2025-08-01 11:32:20 AM,2044.2,0,0.0,39432086.9
2025-08-01 11:32:20 AM,2044.2,26,53149.200000000004,39485236.1
2025-08-01 11:32:25 AM,2047.4,0,0.0,39485236.1
2025-08-01 11:32:25 AM,2042.5,13,26552.5,39511788.6
2025-08-01 11:33:04 AM,2043.0,0,0.0,39511788.6
2025-08-01 11:33:05 AM,2043.0,6,12258.0,39524046.6
2025-08-01 11:33:06 AM,2042.5,0,0.0,39524046.6
2025-08-01 11:33:06 AM,2042.5,1,2042.5,39526089.1
2025-08-01 11:33:14 AM,2042.0,0,0.0,39526089.1
2025-08-01 11:33:16 AM,2042.0,1,2042.0,39528131.1
2025-08-01 11:33:22 AM,2041.9,0,0.0,39528131.1
2025-08-01 11:33:26 AM,2041.9,6,12251.400000000001,39540382.5
2025-08-01 11:33:28 AM,2044.0,0,0.0,39540382.5
2025-08-01 11:33:30 AM,2044.0,2,4088.0,39544470.5
2025-08-01 11:34:22 AM,2045.8,0,0.0,39544470.5
2025-08-01 11:34:27 AM,2045.8,7,14320.6,39558791.1
2025-08-01 11:34:48 AM,2038.7,92,187560.4,39746351.5
2025-08-01 11:34:50 AM,2041.5,0,0.0,39746351.5
2025-08-01 11:34:53 AM,2041.1,218,444959.8,40191311.3
2025-08-01 11:34:55 AM,2037.6,0,0.0,40191311.3
2025-08-01 11:34:58 AM,2037.6,31,63165.6,40254476.9
2025-08-01 11:34:59 AM,2039.2,0,0.0,40254476.9
2025-08-01 11:35:02 AM,2043.9,0,0.0,40254476.9
2025-08-01 11:35:03 AM,2043.9,43,87887.7,40342364.6
2025-08-01 11:35:11 AM,2040.9,0,0.0,40342364.6
2025-08-01 11:35:14 AM,2040.9,18,36736.200000000004,40379100.800000004
2025-08-01 11:35:19 AM,2030.3,0,0.0,40379100.800000004
2025-08-01 11:35:20 AM,2030.3,92,186787.6,40565888.400000006
2025-08-01 11:35:20 AM,2035.2,0,0.0,40565888.400000006
2025-08-01 11:35:21 AM,2038.4,0,0.0,40565888.400000006
2025-08-01 11:35:23 AM,2038.2,0,0.0,40565888.400000006
2025-08-01 11:35:25 AM,2038.2,121,246622.2,40812510.60000001
2025-08-01 11:35:27 AM,2036.5,0,0.0,40812510.60000001
2025-08-01 11:35:28 AM,2036.2,0,0.0,40812510.60000001
2025-08-01 11:35:30 AM,2036.2,11,22398.2,40834908.80000001
2025-08-01 11:35:32 AM,2037.4,0,0.0,40834908.80000001
2025-08-01 11:35:36 AM,2037.4,1,2037.4,40836946.20000001
2025-08-01 11:35:37 AM,2036.7,0,0.0,40836946.20000001
2025-08-01 11:35:41 AM,2036.7,33,67211.1,40904157.30000001
2025-08-01 11:36:04 AM,2035.9,0,0.0,40904157.30000001
2025-08-01 11:36:06 AM,2035.9,18,36646.200000000004,40940803.500000015
2025-08-01 11:36:07 AM,2035.3,0,0.0,40940803.500000015
2025-08-01 11:36:09 AM,2034.6,0,0.0,40940803.500000015
2025-08-01 11:36:11 AM,2034.6,11,22380.6,40963184.10000002
2025-08-01 11:36:19 AM,2034.3,0,0.0,40963184.10000002
2025-08-01 11:36:22 AM,2034.3,155,315316.5,41278500.60000002
2025-08-01 11:36:25 AM,2038.4,0,0.0,41278500.60000002
2025-08-01 11:36:27 AM,2038.4,7,14268.800000000001,41292769.40000001
2025-08-01 11:37:22 AM,2037.6,0,0.0,41292769.40000001
2025-08-01 11:37:25 AM,2037.6,7,14263.199999999999,41307032.60000002
2025-08-01 11:37:43 AM,2033.9,0,0.0,41307032.60000002
2025-08-01 11:37:46 AM,2033.9,48,97627.20000000001,41404659.80000002
2025-08-01 11:37:49 AM,2033.8,0,0.0,41404659.80000002
2025-08-01 11:37:51 AM,2033.8,18,36608.4,41441268.20000002
2025-08-01 11:37:55 AM,2036.3,0,0.0,41441268.20000002
2025-08-01 11:37:56 AM,2036.3,10,20363.0,41461631.20000002
2025-08-01 11:38:16 AM,2036.3,5,10181.5,41471812.70000002
2025-08-01 11:38:21 AM,2036.2,7,14253.4,41486066.10000002
2025-08-01 11:38:22 AM,2037.1,0,0.0,41486066.10000002
2025-08-01 11:38:26 AM,2037.1,18,36667.799999999996,41522733.90000001
2025-08-01 11:38:28 AM,2039.6,0,0.0,41522733.90000001
2025-08-01 11:38:31 AM,2039.6,26,53029.6,41575763.500000015
2025-08-01 11:38:38 AM,2037.1,0,0.0,41575763.500000015
2025-08-01 11:38:39 AM,2038.3,0,0.0,41575763.500000015
2025-08-01 11:38:41 AM,2038.3,2,4076.6,41579840.10000002
2025-08-01 11:39:22 AM,2039.5,0,0.0,41579840.10000002
2025-08-01 11:39:23 AM,2039.5,5,10197.5,41590037.60000002
2025-08-01 11:39:25 AM,2039.6,0,0.0,41590037.60000002
2025-08-01 11:39:26 AM,2039.6,2,4079.2,41594116.80000002
2025-08-01 11:39:48 AM,2039.3,1,2039.3,41596156.10000002
2025-08-01 11:39:51 AM,2040.7,0,0.0,41596156.10000002
2025-08-01 11:39:54 AM,2040.7,23,46936.1,41643092.20000002
2025-08-01 11:40:22 AM,2039.3,0,0.0,41643092.20000002
2025-08-01 11:40:24 AM,2039.3,7,14275.1,41657367.30000002
2025-08-01 11:40:50 AM,2039.3,1,2039.3,41659406.60000002
2025-08-01 11:40:59 AM,2039.6,0,0.0,41659406.60000002
2025-08-01 11:41:00 AM,2039.6,1,2039.6,41661446.20000002
2025-08-01 11:41:01 AM,2035.1,0,0.0,41661446.20000002
2025-08-01 11:41:05 AM,2035.1,75,152632.5,41814078.70000002
2025-08-01 11:41:13 AM,2036.2,0,0.0,41814078.70000002
2025-08-01 11:41:13 AM,2033.0,0,0.0,41814078.70000002
2025-08-01 11:41:15 AM,2033.0,6,12198.0,41826276.70000002
2025-08-01 11:41:19 AM,2033.1,0,0.0,41826276.70000002
2025-08-01 11:41:20 AM,2033.1,55,111820.5,41938097.20000002
2025-08-01 11:41:23 AM,2036.2,0,0.0,41938097.20000002
2025-08-01 11:41:25 AM,2036.2,7,14253.4,41952350.60000002
2025-08-01 11:41:49 AM,2034.7,0,0.0,41952350.60000002
2025-08-01 11:41:50 AM,2034.7,53,107839.1,42060189.70000002
2025-08-01 11:42:23 AM,2036.0,0,0.0,42060189.70000002
2025-08-01 11:42:26 AM,2036.0,20,40720.0,42100909.70000002
2025-08-01 11:42:41 AM,2035.2,0,0.0,42100909.70000002
2025-08-01 11:42:42 AM,2035.2,5,10176.0,42111085.70000002
2025-08-01 11:43:19 AM,2037.7,0,0.0,42111085.70000002
2025-08-01 11:43:19 AM,2037.7,1,2037.7,42113123.40000002
2025-08-01 11:43:23 AM,2037.9,0,0.0,42113123.40000002
2025-08-01 11:43:25 AM,2037.9,8,16303.2,42129426.600000024
2025-08-01 11:44:18 AM,2037.5,0,0.0,42129426.600000024
2025-08-01 11:44:19 AM,2037.5,3,6112.5,42135539.100000024
2025-08-01 11:44:22 AM,2037.6,0,0.0,42135539.100000024
2025-08-01 11:44:25 AM,2037.6,7,14263.199999999999,42149802.30000003
2025-08-01 11:45:08 AM,2037.6,3,6112.799999999999,42155915.100000024
2025-08-01 11:45:24 AM,2037.6,7,14263.199999999999,42170178.30000003
2025-08-01 11:45:41 AM,2039.5,0,0.0,42170178.30000003
2025-08-01 11:45:43 AM,2037.3,0,0.0,42170178.30000003
2025-08-01 11:45:45 AM,2037.3,19,38708.7,42208887.00000003
2025-08-01 11:46:17 AM,2039.5,0,0.0,42208887.00000003
2025-08-01 11:46:17 AM,2039.5,27,55066.5,42263953.50000003
2025-08-01 11:46:22 AM,2040.6,0,0.0,42263953.50000003
2025-08-01 11:46:23 AM,2040.6,7,14284.199999999999,42278237.70000003
2025-08-01 11:46:27 AM,2036.5,0,0.0,42278237.70000003
2025-08-01 11:46:28 AM,2036.5,3,6109.5,42284347.20000003
2025-08-01 11:47:22 AM,2037.8,0,0.0,42284347.20000003
2025-08-01 11:47:25 AM,2037.8,7,14264.6,42298611.800000034
2025-08-01 11:47:56 AM,2037.8,5,10189.0,42308800.800000034
2025-08-01 11:48:01 AM,2037.8,1,2037.8,42310838.60000003
2025-08-01 11:48:15 AM,2036.5,0,0.0,42310838.60000003
2025-08-01 11:48:17 AM,2036.5,31,63131.5,42373970.10000003
2025-08-01 11:48:22 AM,2036.9,5,10184.5,42384154.60000003
2025-08-01 11:48:25 AM,2037.8,0,0.0,42384154.60000003
2025-08-01 11:48:26 AM,2037.8,2,4075.6,42388230.20000003
2025-08-01 11:49:22 AM,2038.9,0,0.0,42388230.20000003
2025-08-01 11:49:23 AM,2038.9,13,26505.7,42414735.900000036
2025-08-01 11:50:22 AM,2038.8,0,0.0,42414735.900000036
2025-08-01 11:50:26 AM,2038.8,7,14271.6,42429007.50000004
2025-08-01 11:50:55 AM,2037.4,25,50935.0,42479942.50000004
2025-08-01 11:50:56 AM,2038.7,0,0.0,42479942.50000004
2025-08-01 11:51:00 AM,2038.7,1,2038.7,42481981.20000004
2025-08-01 11:51:22 AM,2037.8,0,0.0,42481981.20000004
2025-08-01 11:51:24 AM,2037.8,7,14264.6,42496245.80000004
2025-08-01 11:51:35 AM,2036.0,0,0.0,42496245.80000004
2025-08-01 11:51:39 AM,2036.0,80,162880.0,42659125.80000004
2025-08-01 11:51:41 AM,2035.4,0,0.0,42659125.80000004
2025-08-01 11:51:44 AM,2035.4,10,20354.0,42679479.80000004
2025-08-01 11:51:47 AM,2036.4,0,0.0,42679479.80000004
2025-08-01 11:51:49 AM,2036.4,35,71274.0,42750753.80000004
2025-08-01 11:52:13 AM,2038.3,0,0.0,42750753.80000004
2025-08-01 11:52:15 AM,2038.3,49,99876.7,42850630.500000045
2025-08-01 11:52:22 AM,2039.6,0,0.0,42850630.500000045
2025-08-01 11:52:25 AM,2039.6,7,14277.199999999999,42864907.70000005
2025-08-01 11:52:44 AM,2040.0,0,0.0,42864907.70000005
2025-08-01 11:52:45 AM,2040.0,31,63240.0,42928147.70000005
2025-08-01 11:52:57 AM,2040.4,0,0.0,42928147.70000005
2025-08-01 11:53:00 AM,2040.4,3,6121.200000000001,42934268.90000005
2025-08-01 11:53:10 AM,2040.4,1,2040.4,42936309.30000005
2025-08-01 11:53:22 AM,2040.0,7,14280.0,42950589.30000005
2025-08-01 11:53:22 AM,2038.4,0,0.0,42950589.30000005
2025-08-01 11:53:24 AM,2037.0,0,0.0,42950589.30000005
2025-08-01 11:53:26 AM,2037.0,113,230181.0,43180770.30000005
2025-08-01 11:53:42 AM,2036.4,75,152730.0,43333500.30000005
2025-08-01 11:53:43 AM,2036.0,0,0.0,43333500.30000005
2025-08-01 11:53:46 AM,2036.0,100,203600.0,43537100.30000005
2025-08-01 11:53:49 AM,2032.1,0,0.0,43537100.30000005
2025-08-01 11:53:51 AM,2032.1,9,18288.899999999998,43555389.20000005
2025-08-01 11:53:53 AM,2032.9,0,0.0,43555389.20000005
2025-08-01 11:53:56 AM,2032.9,12,24394.800000000003,43579784.000000045
2025-08-01 11:54:22 AM,2034.5,5,10172.5,43589956.500000045
2025-08-01 11:54:25 AM,2034.7,0,0.0,43589956.500000045
2025-08-01 11:54:27 AM,2034.7,3,6104.1,43596060.600000046
2025-08-01 11:54:54 AM,2032.8,0,0.0,43596060.600000046
2025-08-01 11:54:57 AM,2032.8,7,14229.6,43610290.20000005
2025-08-01 11:54:59 AM,2031.0,0,0.0,43610290.20000005
2025-08-01 11:55:00 AM,2028.0,0,0.0,43610290.20000005
2025-08-01 11:55:02 AM,2028.0,198,401544.0,44011834.20000005
2025-08-01 11:55:05 AM,2028.5,0,0.0,44011834.20000005
2025-08-01 11:55:07 AM,2028.5,24,48684.0,44060518.20000005
2025-08-01 11:55:18 AM,2029.7,0,0.0,44060518.20000005
2025-08-01 11:55:19 AM,2029.7,3,6089.1,44066607.30000005
2025-08-01 11:55:22 AM,2029.7,9,18267.3,44084874.600000046
2025-08-01 11:55:30 AM,2029.6,0,0.0,44084874.600000046
2025-08-01 11:55:33 AM,2029.6,1,2029.6,44086904.20000005
2025-08-01 11:55:53 AM,2027.4,0,0.0,44086904.20000005
2025-08-01 11:55:53 AM,2027.4,60,121644.0,44208548.20000005
2025-08-01 11:55:54 AM,2029.4,0,0.0,44208548.20000005
2025-08-01 11:55:57 AM,2029.4,1,2029.4,44210577.600000046
2025-08-01 11:56:10 AM,2027.7,0,0.0,44210577.600000046
2025-08-01 11:56:12 AM,2027.7,11,22304.7,44232882.30000005
2025-08-01 11:56:22 AM,2029.5,0,0.0,44232882.30000005
2025-08-01 11:56:23 AM,2029.5,7,14206.5,44247088.80000005
2025-08-01 11:56:43 AM,2029.5,1,2029.5,44249118.30000005
2025-08-01 11:57:21 AM,2032.4,0,0.0,44249118.30000005
2025-08-01 11:57:23 AM,2032.4,50,101620.0,44350738.30000005
2025-08-01 11:57:25 AM,2032.2,0,0.0,44350738.30000005
2025-08-01 11:57:28 AM,2032.2,7,14225.4,44364963.70000005
2025-08-01 11:57:56 AM,2030.9,0,0.0,44364963.70000005
2025-08-01 11:57:58 AM,2030.9,4,8123.6,44373087.30000005
2025-08-01 11:58:09 AM,2030.9,1,2030.9,44375118.20000005
2025-08-01 11:58:22 AM,2034.4,0,0.0,44375118.20000005
2025-08-01 11:58:25 AM,2034.4,5,10172.0,44385290.20000005
2025-08-01 11:58:28 AM,2036.7,0,0.0,44385290.20000005
2025-08-01 11:58:31 AM,2036.7,2,4073.4,44389363.600000046
2025-08-01 11:58:36 AM,2036.7,1,2036.7,44391400.30000005
2025-08-01 11:59:18 AM,2035.7,3,6107.1,44397507.40000005
2025-08-01 11:59:22 AM,2039.5,0,0.0,44397507.40000005
2025-08-01 11:59:23 AM,2039.5,7,14276.5,44411783.90000005
2025-08-01 11:59:26 AM,2038.5,0,0.0,44411783.90000005
2025-08-01 11:59:26 AM,2036.6,0,0.0,44411783.90000005
2025-08-01 11:59:28 AM,2036.6,7,14256.199999999999,44426040.10000005
2025-08-01 11:59:45 AM,2038.3,3,6114.9,44432155.00000005
2025-08-01 11:59:49 AM,2036.7,13,26477.100000000002,44458632.10000005
2025-08-01 11:59:54 AM,2034.5,2,4069.0,44462701.10000005
2025-08-01 12:00:22 PM,2036.8,0,0.0,44462701.10000005
2025-08-01 12:00:22 PM,2036.8,7,14257.6,44476958.700000055
2025-08-01 12:01:22 PM,2036.6,0,0.0,44476958.700000055
2025-08-01 12:01:24 PM,2036.6,7,14256.199999999999,44491214.90000006
2025-08-01 12:02:22 PM,2036.2,0,0.0,44491214.90000006
2025-08-01 12:02:24 PM,2036.2,7,14253.4,44505468.30000006
2025-08-01 12:02:41 PM,2036.1,0,0.0,44505468.30000006
2025-08-01 12:02:42 PM,2036.1,1,2036.1,44507504.40000006
2025-08-01 12:02:55 PM,2034.5,0,0.0,44507504.40000006
2025-08-01 12:02:57 PM,2034.5,5,10172.5,44517676.90000006
2025-08-01 12:03:22 PM,2035.0,7,14245.0,44531921.90000006
2025-08-01 12:04:10 PM,2036.0,0,0.0,44531921.90000006
2025-08-01 12:04:10 PM,2036.0,25,50900.0,44582821.90000006
2025-08-01 12:04:11 PM,2037.3,0,0.0,44582821.90000006
2025-08-01 12:04:13 PM,2037.3,20,40746.0,44623567.90000006
2025-08-01 12:04:22 PM,2037.7,0,0.0,44623567.90000006
2025-08-01 12:04:23 PM,2037.7,10,20377.0,44643944.90000006
2025-08-01 12:05:04 PM,2038.9,0,0.0,44643944.90000006
2025-08-01 12:05:07 PM,2038.9,1,2038.9,44645983.80000006
2025-08-01 12:05:22 PM,2041.7,0,0.0,44645983.80000006
2025-08-01 12:05:23 PM,2041.7,7,14291.9,44660275.700000055
2025-08-01 12:05:26 PM,2043.1,0,0.0,44660275.700000055
2025-08-01 12:05:28 PM,2043.1,4,8172.4,44668448.10000005
2025-08-01 12:05:38 PM,2040.2,0,0.0,44668448.10000005
2025-08-01 12:05:38 PM,2040.2,18,36723.6,44705171.700000055
2025-08-01 12:06:22 PM,2040.9,2,4081.8,44709253.50000005
2025-08-01 12:06:26 PM,2043.5,0,0.0,44709253.50000005
2025-08-01 12:06:27 PM,2043.5,5,10217.5,44719471.00000005
2025-08-01 12:06:36 PM,2039.9,0,0.0,44719471.00000005
2025-08-01 12:06:37 PM,2039.9,12,24478.800000000003,44743949.80000005
2025-08-01 12:06:56 PM,2038.1,0,0.0,44743949.80000005
2025-08-01 12:06:57 PM,2038.1,1,2038.1,44745987.90000005
2025-08-01 12:07:22 PM,2040.7,7,14284.9,44760272.80000005
2025-08-01 12:07:36 PM,2040.2,0,0.0,44760272.80000005
2025-08-01 12:07:37 PM,2040.2,25,51005.0,44811277.80000005
2025-08-01 12:07:56 PM,2040.4,0,0.0,44811277.80000005
2025-08-01 12:07:57 PM,2040.2,3,6120.6,44817398.40000005
2025-08-01 12:08:02 PM,2040.2,21,42844.200000000004,44860242.60000005
2025-08-01 12:08:08 PM,2039.2,23,46901.6,44907144.200000055
2025-08-01 12:08:22 PM,2043.2,0,0.0,44907144.200000055
2025-08-01 12:08:23 PM,2043.2,7,14302.4,44921446.60000005
2025-08-01 12:09:08 PM,2043.9,0,0.0,44921446.60000005
2025-08-01 12:09:10 PM,2040.8,0,0.0,44921446.60000005
2025-08-01 12:09:12 PM,2040.8,36,73468.8,44994915.40000005
2025-08-01 12:09:16 PM,2041.3,0,0.0,44994915.40000005
2025-08-01 12:09:17 PM,2041.3,5,10206.5,45005121.90000005
2025-08-01 12:09:22 PM,2041.7,7,14291.9,45019413.80000005
2025-08-01 12:10:23 PM,2041.7,8,16333.6,45035747.40000005
2025-08-01 12:10:40 PM,2038.0,0,0.0,45035747.40000005
2025-08-01 12:10:42 PM,2038.0,3,6114.0,45041861.40000005
2025-08-01 12:11:22 PM,2037.6,7,14263.199999999999,45056124.60000005
2025-08-01 12:11:32 PM,2037.6,1,2037.6,45058162.200000055
2025-08-01 12:11:51 PM,2037.6,1,2037.6,45060199.80000006
2025-08-01 12:11:56 PM,2037.6,1,2037.6,45062237.40000006
2025-08-01 12:12:25 PM,2037.6,7,14263.199999999999,45076500.60000006
2025-08-01 12:12:34 PM,2036.0,0,0.0,45076500.60000006
2025-08-01 12:12:36 PM,2036.0,4,8144.0,45084644.60000006
2025-08-01 12:13:04 PM,2035.9,0,0.0,45084644.60000006
2025-08-01 12:13:07 PM,2035.9,4,8143.6,45092788.20000006
2025-08-01 12:13:22 PM,2036.0,7,14252.0,45107040.20000006
2025-08-01 12:13:46 PM,2036.0,1,2036.0,45109076.20000006
2025-08-01 12:14:02 PM,2036.0,1,2036.0,45111112.20000006
2025-08-01 12:14:26 PM,2036.0,8,16288.0,45127400.20000006
2025-08-01 12:14:38 PM,2037.6,0,0.0,45127400.20000006
2025-08-01 12:14:41 PM,2037.6,14,28526.399999999998,45155926.60000006
2025-08-01 12:14:57 PM,2036.0,12,24432.0,45180358.60000006
2025-08-01 12:15:06 PM,2036.0,184,374624.0,45554982.60000006
2025-08-01 12:15:10 PM,2032.3,0,0.0,45554982.60000006
2025-08-01 12:15:11 PM,2032.3,35,71130.5,45626113.10000006
2025-08-01 12:15:16 PM,2035.9,0,0.0,45626113.10000006
2025-08-01 12:15:17 PM,2035.9,4,8143.6,45634256.70000006
2025-08-01 12:15:22 PM,2038.0,0,0.0,45634256.70000006
2025-08-01 12:15:22 PM,2038.0,16,32608.0,45666864.70000006
2025-08-01 12:15:26 PM,2042.5,0,0.0,45666864.70000006
2025-08-01 12:15:27 PM,2042.5,40,81700.0,45748564.70000006
2025-08-01 12:16:00 PM,2041.5,0,0.0,45748564.70000006
2025-08-01 12:16:03 PM,2041.5,22,44913.0,45793477.70000006
2025-08-01 12:16:06 PM,2040.6,0,0.0,45793477.70000006
2025-08-01 12:16:08 PM,2040.6,9,18365.399999999998,45811843.10000006
2025-08-01 12:16:22 PM,2043.5,0,0.0,45811843.10000006
2025-08-01 12:16:22 PM,2043.5,7,14304.5,45826147.60000006
2025-08-01 12:16:48 PM,2040.0,0,0.0,45826147.60000006
2025-08-01 12:16:50 PM,2042.0,0,0.0,45826147.60000006
2025-08-01 12:16:51 PM,2042.0,30,61260.0,45887407.60000006
2025-08-01 12:17:01 PM,2042.0,10,20420.0,45907827.60000006
2025-08-01 12:17:26 PM,2042.0,8,16336.0,45924163.60000006
2025-08-01 12:17:35 PM,2042.0,10,20420.0,45944583.60000006
2025-08-01 12:18:22 PM,2041.9,0,0.0,45944583.60000006
2025-08-01 12:18:23 PM,2041.9,7,14293.300000000001,45958876.90000006
2025-08-01 12:19:04 PM,2041.9,1,2041.9,45960918.80000006
2025-08-01 12:19:22 PM,2042.0,0,0.0,45960918.80000006
2025-08-01 12:19:24 PM,2040.0,33,67320.0,46028238.80000006
2025-08-01 12:20:22 PM,2037.8,0,0.0,46028238.80000006
2025-08-01 12:20:25 PM,2037.9,0,0.0,46028238.80000006
2025-08-01 12:20:26 PM,2037.9,6,12227.400000000001,46040466.200000055
2025-08-01 12:20:28 PM,2038.0,0,0.0,46040466.200000055
2025-08-01 12:20:31 PM,2038.0,1,2038.0,46042504.200000055
2025-08-01 12:20:43 PM,2039.1,0,0.0,46042504.200000055
2025-08-01 12:20:46 PM,2039.1,10,20391.0,46062895.200000055
2025-08-01 12:21:22 PM,2039.4,0,0.0,46062895.200000055
2025-08-01 12:21:22 PM,2039.4,7,14275.800000000001,46077171.00000005
2025-08-01 12:21:26 PM,2039.7,6,12238.2,46089409.200000055
2025-08-01 12:21:41 PM,2039.8,27,55074.6,46144483.80000006
2025-08-01 12:22:22 PM,2039.8,7,14278.6,46158762.40000006
2025-08-01 12:22:37 PM,2035.3,0,0.0,46158762.40000006
2025-08-01 12:22:38 PM,2035.3,10,20353.0,46179115.40000006
2025-08-01 12:22:59 PM,2036.3,0,0.0,46179115.40000006
2025-08-01 12:23:01 PM,2036.3,2,4072.6,46183188.00000006
2025-08-01 12:23:22 PM,2036.7,7,14256.9,46197444.90000006
2025-08-01 12:24:22 PM,2037.8,0,0.0,46197444.90000006
2025-08-01 12:24:26 PM,2037.8,8,16302.4,46213747.30000006
2025-08-01 12:24:40 PM,2037.8,1,2037.8,46215785.10000005
2025-08-01 12:24:40 PM,2038.0,2,4076.0,46219861.10000005
2025-08-01 12:24:41 PM,2035.6,0,0.0,46219861.10000005
2025-08-01 12:24:45 PM,2035.6,19,38676.4,46258537.50000005
2025-08-01 12:25:04 PM,2032.8,0,0.0,46258537.50000005
2025-08-01 12:25:05 PM,2032.8,20,40656.0,46299193.50000005
2025-08-01 12:25:22 PM,2036.3,0,0.0,46299193.50000005
2025-08-01 12:25:26 PM,2036.3,11,22399.3,46321592.80000005
2025-08-01 12:25:35 PM,2033.9,0,0.0,46321592.80000005
2025-08-01 12:25:35 PM,2033.9,4,8135.6,46329728.40000005
2025-08-01 12:25:36 PM,2029.0,247,501163.0,46830891.40000005
2025-08-01 12:25:37 PM,2026.0,0,0.0,46830891.40000005
2025-08-01 12:25:40 PM,2026.0,23,46598.0,46877489.40000005
2025-08-01 12:25:41 PM,2028.3,0,0.0,46877489.40000005
2025-08-01 12:25:45 PM,2028.3,56,113584.8,46991074.20000005
2025-08-01 12:26:17 PM,2030.0,0,0.0,46991074.20000005
2025-08-01 12:26:21 PM,2030.0,4,8120.0,46999194.20000005
2025-08-01 12:26:22 PM,2032.0,0,0.0,46999194.20000005
2025-08-01 12:26:26 PM,2032.0,7,14224.0,47013418.20000005
2025-08-01 12:26:45 PM,2035.4,1,2035.4,47015453.600000046
2025-08-01 12:26:46 PM,2033.1,10,20331.0,47035784.600000046
2025-08-01 12:26:51 PM,2031.5,16,32504.0,47068288.600000046
2025-08-01 12:27:22 PM,2030.0,7,14210.0,47082498.600000046
2025-08-01 12:27:34 PM,2028.0,0,0.0,47082498.600000046
2025-08-01 12:27:36 PM,2028.0,5,10140.0,47092638.600000046
2025-08-01 12:27:38 PM,2030.0,0,0.0,47092638.600000046
2025-08-01 12:27:39 PM,2033.7,0,0.0,47092638.600000046
2025-08-01 12:27:41 PM,2033.7,52,105752.40000000001,47198391.000000045
2025-08-01 12:27:51 PM,2033.3,6,12199.8,47210590.80000004
2025-08-01 12:28:22 PM,2036.7,0,0.0,47210590.80000004
2025-08-01 12:28:25 PM,2036.7,5,10183.5,47220774.30000004
2025-08-01 12:28:28 PM,2038.7,0,0.0,47220774.30000004
2025-08-01 12:28:30 PM,2038.7,2,4077.4,47224851.70000004
2025-08-01 12:29:03 PM,2039.5,0,0.0,47224851.70000004
2025-08-01 12:29:05 PM,2039.5,3,6118.5,47230970.20000004
2025-08-01 12:29:22 PM,2037.6,0,0.0,47230970.20000004
2025-08-01 12:29:24 PM,2037.6,8,16300.8,47247271.00000004
2025-08-01 12:29:40 PM,2040.1,0,0.0,47247271.00000004
2025-08-01 12:29:40 PM,2040.1,1,2040.1,47249311.10000004
2025-08-01 12:30:07 PM,2038.2,14,28534.8,47277845.900000036
2025-08-01 12:30:14 PM,2035.0,0,0.0,47277845.900000036
2025-08-01 12:30:14 PM,2035.0,15,30525.0,47308370.900000036
2025-08-01 12:30:20 PM,2037.3,62,126312.59999999999,47434683.50000004
2025-08-01 12:30:22 PM,2037.2,0,0.0,47434683.50000004
2025-08-01 12:30:22 PM,2037.2,7,14260.4,47448943.900000036
2025-08-01 12:30:40 PM,2037.0,0,0.0,47448943.900000036
2025-08-01 12:30:41 PM,2037.0,3,6111.0,47455054.900000036
2025-08-01 12:31:22 PM,2036.6,0,0.0,47455054.900000036
2025-08-01 12:31:22 PM,2036.6,7,14256.199999999999,47469311.10000004
2025-08-01 12:31:33 PM,2035.0,2,4070.0,47473381.10000004
2025-08-01 12:31:42 PM,2033.3,0,0.0,47473381.10000004
2025-08-01 12:31:43 PM,2033.3,7,14233.1,47487614.20000004
2025-08-01 12:31:50 PM,2033.7,0,0.0,47487614.20000004
2025-08-01 12:31:54 PM,2033.7,7,14235.9,47501850.10000004
2025-08-01 12:32:04 PM,2031.5,0,0.0,47501850.10000004
2025-08-01 12:32:05 PM,2031.5,38,77197.0,47579047.10000004
2025-08-01 12:32:08 PM,2032.3,0,0.0,47579047.10000004
2025-08-01 12:32:10 PM,2032.5,0,0.0,47579047.10000004
2025-08-01 12:32:10 PM,2032.5,7,14227.5,47593274.60000004
2025-08-01 12:32:22 PM,2034.2,0,0.0,47593274.60000004
2025-08-01 12:32:24 PM,2032.7,0,0.0,47593274.60000004
2025-08-01 12:32:26 PM,2032.7,9,18294.3,47611568.900000036
2025-08-01 12:32:28 PM,2035.0,0,0.0,47611568.900000036
2025-08-01 12:32:31 PM,2035.0,3,6105.0,47617673.900000036
2025-08-01 12:32:42 PM,2031.8,10,20318.0,47637991.900000036
2025-08-01 12:32:42 PM,2034.6,0,0.0,47637991.900000036
2025-08-01 12:32:46 PM,2034.6,21,42726.6,47680718.50000004
2025-08-01 12:32:56 PM,2032.5,31,63007.5,47743726.00000004
2025-08-01 12:33:06 PM,2029.5,0,0.0,47743726.00000004
2025-08-01 12:33:06 PM,2029.5,1,2029.5,47745755.50000004
2025-08-01 12:33:08 PM,2031.7,0,0.0,47745755.50000004
2025-08-01 12:33:11 PM,2031.7,24,48760.8,47794516.300000034
2025-08-01 12:33:22 PM,2034.1,0,0.0,47794516.300000034
2025-08-01 12:33:26 PM,2034.1,7,14238.699999999999,47808755.00000004
2025-08-01 12:33:40 PM,2030.0,0,0.0,47808755.00000004
2025-08-01 12:33:41 PM,2030.0,51,103530.0,47912285.00000004
2025-08-01 12:34:18 PM,2034.6,0,0.0,47912285.00000004
2025-08-01 12:34:21 PM,2034.6,15,30519.0,47942804.00000004
2025-08-01 12:34:22 PM,2034.7,0,0.0,47942804.00000004
2025-08-01 12:34:26 PM,2034.7,7,14242.9,47957046.900000036
2025-08-01 12:34:38 PM,2035.0,0,0.0,47957046.900000036
2025-08-01 12:34:42 PM,2035.0,5,10175.0,47967221.900000036
2025-08-01 12:35:06 PM,2035.9,0,0.0,47967221.900000036
2025-08-01 12:35:07 PM,2035.9,2,4071.8,47971293.70000003
2025-08-01 12:35:22 PM,2037.0,0,0.0,47971293.70000003
2025-08-01 12:35:23 PM,2037.0,8,16296.0,47987589.70000003
2025-08-01 12:36:25 PM,2037.0,7,14259.0,48001848.70000003
2025-08-01 12:37:26 PM,2037.0,4,8148.0,48009996.70000003
2025-08-01 12:37:29 PM,2039.6,0,0.0,48009996.70000003
2025-08-01 12:37:31 PM,2039.6,3,6118.799999999999,48016115.50000003
2025-08-01 12:37:57 PM,2039.8,1,2039.8,48018155.30000003
2025-08-01 12:38:22 PM,2035.0,0,0.0,48018155.30000003
2025-08-01 12:38:22 PM,2035.0,24,48840.0,48066995.30000003
2025-08-01 12:38:47 PM,2031.1,15,30466.5,48097461.80000003
2025-08-01 12:38:53 PM,2033.9,0,0.0,48097461.80000003
2025-08-01 12:38:55 PM,2033.9,20,40678.0,48138139.80000003
2025-08-01 12:39:22 PM,2035.0,0,0.0,48138139.80000003
2025-08-01 12:39:24 PM,2035.0,11,22385.0,48160524.80000003
2025-08-01 12:39:28 PM,2038.2,0,0.0,48160524.80000003
2025-08-01 12:39:29 PM,2038.2,2,4076.4,48164601.200000025
2025-08-01 12:39:48 PM,2032.7,0,0.0,48164601.200000025
2025-08-01 12:39:49 PM,2032.7,45,91471.5,48256072.700000025
2025-08-01 12:40:22 PM,2035.8,0,0.0,48256072.700000025
2025-08-01 12:40:25 PM,2035.8,7,14250.6,48270323.30000003
2025-08-01 12:40:50 PM,2032.4,0,0.0,48270323.30000003
2025-08-01 12:40:51 PM,2032.4,10,20324.0,48290647.30000003
2025-08-01 12:41:00 PM,2030.0,0,0.0,48290647.30000003
2025-08-01 12:41:02 PM,2033.1,25,50827.5,48341474.80000003
2025-08-01 12:41:06 PM,2032.9,0,0.0,48341474.80000003
2025-08-01 12:41:07 PM,2032.9,7,14230.300000000001,48355705.100000024
2025-08-01 12:41:12 PM,2032.9,1,2032.9,48357738.00000002
2025-08-01 12:41:22 PM,2033.6,0,0.0,48357738.00000002
2025-08-01 12:41:23 PM,2033.6,9,18302.399999999998,48376040.40000002
2025-08-01 12:41:26 PM,2036.3,0,0.0,48376040.40000002
2025-08-01 12:41:28 PM,2036.3,4,8145.2,48384185.600000024
2025-08-01 12:42:14 PM,2032.4,0,0.0,48384185.600000024
2025-08-01 12:42:14 PM,2032.4,4,8129.6,48392315.200000025
2025-08-01 12:42:22 PM,2033.1,0,0.0,48392315.200000025
2025-08-01 12:42:25 PM,2033.1,7,14231.699999999999,48406546.90000003
2025-08-01 12:43:22 PM,2033.3,0,0.0,48406546.90000003
2025-08-01 12:43:23 PM,2033.3,7,14233.1,48420780.00000003
2025-08-01 12:43:40 PM,2028.0,0,0.0,48420780.00000003
2025-08-01 12:43:40 PM,2028.0,10,20280.0,48441060.00000003
2025-08-01 12:43:50 PM,2028.8,0,0.0,48441060.00000003
2025-08-01 12:43:51 PM,2028.8,22,44633.6,48485693.60000003
2025-08-01 12:43:56 PM,2032.2,3,6096.6,48491790.20000003
2025-08-01 12:44:16 PM,2033.1,0,0.0,48491790.20000003
2025-08-01 12:44:18 PM,2030.5,32,64976.0,48556766.20000003
2025-08-01 12:44:20 PM,2029.7,0,0.0,48556766.20000003
2025-08-01 12:44:22 PM,2030.2,0,0.0,48556766.20000003
2025-08-01 12:44:23 PM,2030.2,6,12181.2,48568947.400000036
2025-08-01 12:44:26 PM,2034.3,0,0.0,48568947.400000036
2025-08-01 12:44:28 PM,2034.3,4,8137.2,48577084.60000004
2025-08-01 12:44:58 PM,2032.9,0,0.0,48577084.60000004
2025-08-01 12:44:59 PM,2032.9,1,2032.9,48579117.50000004
2025-08-01 12:45:22 PM,2034.0,0,0.0,48579117.50000004
2025-08-01 12:45:26 PM,2034.0,8,16272.0,48595389.50000004
2025-08-01 12:45:51 PM,2035.3,35,71235.5,48666625.00000004
2025-08-01 12:46:02 PM,2031.8,8,16254.4,48682879.400000036
2025-08-01 12:46:22 PM,2031.9,0,0.0,48682879.400000036
2025-08-01 12:46:26 PM,2031.9,7,14223.300000000001,48697102.70000003
2025-08-01 12:46:41 PM,2031.9,2,4063.8,48701166.50000003
2025-08-01 12:47:12 PM,2032.0,29,58928.0,48760094.50000003
2025-08-01 12:47:22 PM,2034.7,7,14242.9,48774337.40000003
2025-08-01 12:47:34 PM,2032.1,0,0.0,48774337.40000003
2025-08-01 12:47:37 PM,2032.1,1,2032.1,48776369.50000003
2025-08-01 12:48:22 PM,2036.5,7,14255.5,48790625.00000003
2025-08-01 12:48:44 PM,2033.2,54,109792.8,48900417.80000003
2025-08-01 12:48:44 PM,2030.9,0,0.0,48900417.80000003
2025-08-01 12:48:48 PM,2030.9,7,14216.300000000001,48914634.100000024
2025-08-01 12:49:04 PM,2027.9,0,0.0,48914634.100000024
2025-08-01 12:49:07 PM,2027.9,74,150064.6,49064698.700000025
2025-08-01 12:49:22 PM,2033.4,7,14233.800000000001,49078932.50000002
2025-08-01 12:49:41 PM,2031.5,50,101575.0,49180507.50000002
2025-08-01 12:50:22 PM,2031.3,0,0.0,49180507.50000002
2025-08-01 12:50:23 PM,2031.3,8,16250.4,49196757.90000002
2025-08-01 12:51:22 PM,2033.8,0,0.0,49196757.90000002
2025-08-01 12:51:25 PM,2033.8,7,14236.6,49210994.50000002
2025-08-01 12:51:26 PM,2031.4,0,0.0,49210994.50000002
2025-08-01 12:51:26 PM,2031.4,105,213297.0,49424291.50000002
2025-08-01 12:52:24 PM,2031.4,15,30471.0,49454762.50000002
2025-08-01 12:52:28 PM,2034.5,0,0.0,49454762.50000002
2025-08-01 12:52:29 PM,2034.5,3,6103.5,49460866.00000002
2025-08-01 12:52:32 PM,2036.1,0,0.0,49460866.00000002
2025-08-01 12:52:34 PM,2036.1,29,59046.899999999994,49519912.90000002
2025-08-01 12:52:44 PM,2035.6,1,2035.6,49521948.50000002
2025-08-01 12:53:22 PM,2036.2,0,0.0,49521948.50000002
2025-08-01 12:53:24 PM,2036.2,7,14253.4,49536201.90000002
2025-08-01 12:53:50 PM,2033.3,0,0.0,49536201.90000002
2025-08-01 12:53:55 PM,2033.3,35,71165.5,49607367.40000002
2025-08-01 12:54:22 PM,2033.8,0,0.0,49607367.40000002
2025-08-01 12:54:24 PM,2033.8,7,14236.6,49621604.00000002
2025-08-01 12:55:22 PM,2034.5,0,0.0,49621604.00000002
2025-08-01 12:55:23 PM,2034.5,8,16276.0,49637880.00000002
2025-08-01 12:55:47 PM,2034.5,1,2034.5,49639914.50000002
2025-08-01 12:56:22 PM,2035.1,0,0.0,49639914.50000002
2025-08-01 12:56:22 PM,2035.1,8,16280.8,49656195.30000002
2025-08-01 12:57:10 PM,2032.2,0,0.0,49656195.30000002
2025-08-01 12:57:12 PM,2032.2,23,46740.6,49702935.90000002
2025-08-01 12:57:14 PM,2030.0,0,0.0,49702935.90000002
2025-08-01 12:57:17 PM,2030.0,81,164430.0,49867365.90000002
2025-08-01 12:57:22 PM,2032.0,7,14224.0,49881589.90000002
2025-08-01 12:57:32 PM,2030.1,1,2030.1,49883620.00000002
2025-08-01 12:58:17 PM,2030.1,7,14210.699999999999,49897830.700000025
2025-08-01 12:58:22 PM,2030.1,4,8120.4,49905951.100000024
2025-08-01 12:58:26 PM,2032.4,0,0.0,49905951.100000024
2025-08-01 12:58:28 PM,2032.4,3,6097.200000000001,49912048.30000003
2025-08-01 12:59:22 PM,2032.0,0,0.0,49912048.30000003
2025-08-01 12:59:23 PM,2032.0,7,14224.0,49926272.30000003
2025-08-01 12:59:52 PM,2029.5,0,0.0,49926272.30000003
2025-08-01 12:59:55 PM,2029.5,5,10147.5,49936419.80000003
2025-08-01 12:59:56 PM,2028.0,0,0.0,49936419.80000003
2025-08-01 01:00:00 PM,2028.0,26,52728.0,49989147.80000003
2025-08-01 01:00:26 PM,2028.0,14,28392.0,50017539.80000003
2025-08-01 01:00:46 PM,2028.0,1,2028.0,50019567.80000003
2025-08-01 01:01:23 PM,2030.8,0,0.0,50019567.80000003
2025-08-01 01:01:24 PM,2030.8,7,14215.6,50033783.40000003
2025-08-01 01:02:23 PM,2029.8,0,0.0,50033783.40000003
2025-08-01 01:02:23 PM,2029.8,7,14208.6,50047992.00000003
2025-08-01 01:02:45 PM,2027.0,0,0.0,50047992.00000003
2025-08-01 01:02:45 PM,2027.0,20,40540.0,50088532.00000003
2025-08-01 01:03:23 PM,2029.4,0,0.0,50088532.00000003
2025-08-01 01:03:24 PM,2029.4,4,8117.6,50096649.60000003
2025-08-01 01:03:25 PM,2030.0,0,0.0,50096649.60000003
2025-08-01 01:03:28 PM,2030.0,3,6090.0,50102739.60000003
2025-08-01 01:04:18 PM,2028.0,4,8112.0,50110851.60000003
2025-08-01 01:04:22 PM,2029.8,3,6089.4,50116941.00000003
2025-08-01 01:04:25 PM,2030.0,0,0.0,50116941.00000003
2025-08-01 01:04:27 PM,2030.0,1,2030.0,50118971.00000003
2025-08-01 01:04:29 PM,2033.2,0,0.0,50118971.00000003
2025-08-01 01:04:31 PM,2033.2,3,6099.6,50125070.60000003
2025-08-01 01:04:45 PM,2028.2,0,0.0,50125070.60000003
2025-08-01 01:04:46 PM,2031.0,12,24372.0,50149442.60000003
2025-08-01 01:05:16 PM,2031.0,1,2031.0,50151473.60000003
2025-08-01 01:05:22 PM,2031.8,8,16254.4,50167728.00000003
2025-08-01 01:05:53 PM,2032.9,10,20329.0,50188057.00000003
2025-08-01 01:06:23 PM,2035.4,0,0.0,50188057.00000003
2025-08-01 01:06:23 PM,2035.4,7,14247.800000000001,50202304.80000003
2025-08-01 01:06:28 PM,2032.9,11,22361.9,50224666.700000025
2025-08-01 01:06:33 PM,2030.0,0,0.0,50224666.700000025
2025-08-01 01:06:33 PM,2029.8,10,20298.0,50244964.700000025
2025-08-01 01:06:43 PM,2028.2,0,0.0,50244964.700000025
2025-08-01 01:06:43 PM,2028.2,17,34479.4,50279444.100000024
2025-08-01 01:06:52 PM,2028.8,0,0.0,50279444.100000024
2025-08-01 01:06:54 PM,2028.8,2,4057.6,50283501.700000025
2025-08-01 01:07:22 PM,2032.3,0,0.0,50283501.700000025
2025-08-01 01:07:24 PM,2032.3,10,20323.0,50303824.700000025
2025-08-01 01:07:28 PM,2035.8,0,0.0,50303824.700000025
2025-08-01 01:07:29 PM,2035.8,8,16286.4,50320111.100000024
2025-08-01 01:07:42 PM,2035.2,0,0.0,50320111.100000024
2025-08-01 01:07:45 PM,2035.2,4,8140.8,50328251.90000002
2025-08-01 01:08:22 PM,2034.6,0,0.0,50328251.90000002
2025-08-01 01:08:22 PM,2034.6,4,8138.4,50336390.30000002
2025-08-01 01:08:24 PM,2033.3,0,0.0,50336390.30000002
2025-08-01 01:08:26 PM,2033.3,16,32532.8,50368923.10000002
2025-08-01 01:08:47 PM,2034.0,7,14238.0,50383161.10000002
2025-08-01 01:09:22 PM,2034.7,0,0.0,50383161.10000002
2025-08-01 01:09:23 PM,2034.7,7,14242.9,50397404.000000015
2025-08-01 01:10:10 PM,2032.3,0,0.0,50397404.000000015
2025-08-01 01:10:11 PM,2032.3,2,4064.6,50401468.60000002
2025-08-01 01:10:22 PM,2034.5,0,0.0,50401468.60000002
2025-08-01 01:10:23 PM,2034.5,7,14241.5,50415710.10000002
2025-08-01 01:10:33 PM,2031.7,4,8126.8,50423836.90000001
2025-08-01 01:10:38 PM,2030.0,7,14210.0,50438046.90000001
2025-08-01 01:11:22 PM,2032.0,0,0.0,50438046.90000001
2025-08-01 01:11:23 PM,2032.0,4,8128.0,50446174.90000001
2025-08-01 01:11:26 PM,2035.6,5,10178.0,50456352.90000001
2025-08-01 01:12:20 PM,2033.2,0,0.0,50456352.90000001
2025-08-01 01:12:21 PM,2033.2,1,2033.2,50458386.10000002
2025-08-01 01:12:22 PM,2035.8,0,0.0,50458386.10000002
2025-08-01 01:12:22 PM,2035.8,7,14250.6,50472636.70000002
2025-08-01 01:12:24 PM,2036.4,0,0.0,50472636.70000002
2025-08-01 01:12:26 PM,2036.4,1,2036.4,50474673.10000002
2025-08-01 01:12:53 PM,2036.3,0,0.0,50474673.10000002
2025-08-01 01:12:54 PM,2036.3,2,4072.6,50478745.70000002
2025-08-01 01:13:12 PM,2032.5,6,12195.0,50490940.70000002
2025-08-01 01:13:20 PM,2030.0,0,0.0,50490940.70000002
2025-08-01 01:13:22 PM,2031.9,32,65020.8,50555961.500000015
2025-08-01 01:14:22 PM,2033.5,0,0.0,50555961.500000015
2025-08-01 01:14:23 PM,2033.5,7,14234.5,50570196.000000015
2025-08-01 01:15:22 PM,2033.8,0,0.0,50570196.000000015
2025-08-01 01:15:22 PM,2033.8,8,16270.4,50586466.40000001
2025-08-01 01:16:02 PM,2034.1,0,0.0,50586466.40000001
2025-08-01 01:16:03 PM,2034.1,3,6102.299999999999,50592568.70000001
2025-08-01 01:16:22 PM,2034.5,0,0.0,50592568.70000001
2025-08-01 01:16:23 PM,2034.5,7,14241.5,50606810.20000001
2025-08-01 01:16:24 PM,2031.7,0,0.0,50606810.20000001
2025-08-01 01:16:25 PM,2031.7,1,2031.7,50608841.90000001
2025-08-01 01:16:53 PM,2033.9,1,2033.9,50610875.80000001
2025-08-01 01:17:03 PM,2033.9,1,2033.9,50612909.70000001
2025-08-01 01:17:22 PM,2032.3,0,0.0,50612909.70000001
2025-08-01 01:17:22 PM,2033.9,0,0.0,50612909.70000001
2025-08-01 01:17:22 PM,2033.9,28,56949.200000000004,50669858.90000001
2025-08-01 01:17:34 PM,2034.4,0,0.0,50669858.90000001
2025-08-01 01:17:34 PM,2034.4,1,2034.4,50671893.30000001
2025-08-01 01:18:12 PM,2034.8,0,0.0,50671893.30000001
2025-08-01 01:18:12 PM,2035.7,0,0.0,50671893.30000001
2025-08-01 01:18:15 PM,2035.7,2,4071.4,50675964.70000001
2025-08-01 01:18:22 PM,2037.7,0,0.0,50675964.70000001
2025-08-01 01:18:25 PM,2037.7,9,18339.3,50694304.00000001
2025-08-01 01:18:36 PM,2034.9,0,0.0,50694304.00000001
2025-08-01 01:18:39 PM,2033.4,12,24400.800000000003,50718704.800000004
2025-08-01 01:18:55 PM,2033.4,5,10167.0,50728871.800000004
2025-08-01 01:19:22 PM,2034.6,0,0.0,50728871.800000004
2025-08-01 01:19:25 PM,2034.6,7,14242.199999999999,50743114.00000001
2025-08-01 01:19:56 PM,2032.5,0,0.0,50743114.00000001
2025-08-01 01:19:58 PM,2032.5,1,2032.5,50745146.50000001
2025-08-01 01:20:22 PM,2034.6,0,0.0,50745146.50000001
2025-08-01 01:20:24 PM,2034.6,7,14242.199999999999,50759388.70000001
2025-08-01 01:20:26 PM,2032.5,0,0.0,50759388.70000001
2025-08-01 01:20:29 PM,2032.5,4,8130.0,50767518.70000001
2025-08-01 01:20:52 PM,2031.3,0,0.0,50767518.70000001
2025-08-01 01:20:54 PM,2031.3,3,6093.9,50773612.60000001
2025-08-01 01:21:03 PM,2028.3,7,14198.1,50787810.70000001
2025-08-01 01:21:22 PM,2032.1,0,0.0,50787810.70000001
2025-08-01 01:21:24 PM,2032.1,7,14224.699999999999,50802035.40000001
2025-08-01 01:21:26 PM,2035.0,0,0.0,50802035.40000001
2025-08-01 01:21:29 PM,2035.0,4,8140.0,50810175.40000001
2025-08-01 01:22:22 PM,2034.7,0,0.0,50810175.40000001
2025-08-01 01:22:25 PM,2030.7,0,0.0,50810175.40000001
2025-08-01 01:22:26 PM,2030.7,8,16245.6,50826421.000000015
2025-08-01 01:22:54 PM,2028.2,0,0.0,50826421.000000015
2025-08-01 01:22:58 PM,2028.2,6,12169.2,50838590.20000002
2025-08-01 01:23:22 PM,2031.7,0,0.0,50838590.20000002
2025-08-01 01:23:26 PM,2031.7,8,16253.6,50854843.80000002
2025-08-01 01:24:00 PM,2033.1,0,0.0,50854843.80000002
2025-08-01 01:24:05 PM,2033.1,10,20331.0,50875174.80000002
2025-08-01 01:24:22 PM,2034.0,0,0.0,50875174.80000002
2025-08-01 01:24:24 PM,2034.0,9,18306.0,50893480.80000002
2025-08-01 01:25:21 PM,2028.3,0,0.0,50893480.80000002
2025-08-01 01:25:22 PM,2032.1,50,101605.0,50995085.80000002
2025-08-01 01:25:31 PM,2030.0,0,0.0,50995085.80000002
2025-08-01 01:25:32 PM,2030.0,6,12180.0,51007265.80000002
2025-08-01 01:25:37 PM,2028.3,0,0.0,51007265.80000002
2025-08-01 01:25:37 PM,2028.3,1,2028.3,51009294.10000002
2025-08-01 01:25:43 PM,2032.7,0,0.0,51009294.10000002
2025-08-01 01:25:46 PM,2032.7,2,4065.4,51013359.500000015
2025-08-01 01:26:11 PM,2030.0,0,0.0,51013359.500000015
2025-08-01 01:26:11 PM,2028.0,0,0.0,51013359.500000015
2025-08-01 01:26:11 PM,2028.0,46,93288.0,51106647.500000015
2025-08-01 01:26:23 PM,2029.2,0,0.0,51106647.500000015
2025-08-01 01:26:27 PM,2029.2,7,14204.4,51120851.90000001
2025-08-01 01:26:27 PM,2029.3,0,0.0,51120851.90000001
2025-08-01 01:26:31 PM,2029.3,1,2029.3,51122881.20000001
2025-08-01 01:26:43 PM,2028.0,0,0.0,51122881.20000001
2025-08-01 01:26:44 PM,2026.3,0,0.0,51122881.20000001
2025-08-01 01:26:46 PM,2026.3,26,52683.799999999996,51175565.00000001
2025-08-01 01:26:51 PM,2023.7,0,0.0,51175565.00000001
2025-08-01 01:26:51 PM,2023.7,38,76900.6,51252465.60000001
2025-08-01 01:27:23 PM,2027.7,0,0.0,51252465.60000001
2025-08-01 01:27:25 PM,2027.7,7,14193.9,51266659.50000001
2025-08-01 01:27:29 PM,2027.8,0,0.0,51266659.50000001
2025-08-01 01:27:30 PM,2027.8,10,20278.0,51286937.50000001
2025-08-01 01:27:40 PM,2027.8,1,2027.8,51288965.300000004
2025-08-01 01:27:41 PM,2028.9,0,0.0,51288965.300000004
2025-08-01 01:27:45 PM,2028.9,23,46664.700000000004,51335630.00000001
2025-08-01 01:28:22 PM,2029.3,0,0.0,51335630.00000001
2025-08-01 01:28:23 PM,2029.3,7,14205.1,51349835.10000001
2025-08-01 01:28:30 PM,2025.0,0,0.0,51349835.10000001
2025-08-01 01:28:33 PM,2025.0,39,78975.0,51428810.10000001
2025-08-01 01:28:52 PM,2025.0,5,10125.0,51438935.10000001
2025-08-01 01:29:20 PM,2023.0,0,0.0,51438935.10000001
2025-08-01 01:29:21 PM,2023.0,39,78897.0,51517832.10000001
2025-08-01 01:29:22 PM,2025.0,0,0.0,51517832.10000001
2025-08-01 01:29:25 PM,2025.0,13,26325.0,51544157.10000001
2025-08-01 01:30:22 PM,2026.4,0,0.0,51544157.10000001
2025-08-01 01:30:24 PM,2026.4,1,2026.4,51546183.50000001
2025-08-01 01:30:26 PM,2028.8,0,0.0,51546183.50000001
2025-08-01 01:30:28 PM,2028.8,6,12172.8,51558356.300000004
2025-08-01 01:31:20 PM,2029.0,0,0.0,51558356.300000004
2025-08-01 01:31:22 PM,2028.9,0,0.0,51558356.300000004
2025-08-01 01:31:23 PM,2028.9,12,24346.800000000003,51582703.1
2025-08-01 01:31:58 PM,2025.5,10,20255.0,51602958.1
2025-08-01 01:32:04 PM,2029.4,0,0.0,51602958.1
2025-08-01 01:32:08 PM,2029.4,4,8117.6,51611075.7
2025-08-01 01:32:22 PM,2030.1,0,0.0,51611075.7
2025-08-01 01:32:23 PM,2030.1,9,18270.899999999998,51629346.6
2025-08-01 01:32:53 PM,2027.1,0,0.0,51629346.6
2025-08-01 01:32:57 PM,2027.1,2,4054.2,51633400.800000004
2025-08-01 01:33:22 PM,2029.5,0,0.0,51633400.800000004
2025-08-01 01:33:26 PM,2029.5,7,14206.5,51647607.300000004
2025-08-01 01:34:22 PM,2030.1,0,0.0,51647607.300000004
2025-08-01 01:34:23 PM,2030.1,8,16240.8,51663848.1
2025-08-01 01:34:32 PM,2030.8,0,0.0,51663848.1
2025-08-01 01:34:33 PM,2030.8,1,2030.8,51665878.9
2025-08-01 01:35:08 PM,2028.0,0,0.0,51665878.9
2025-08-01 01:35:11 PM,2028.0,1,2028.0,51667906.9
2025-08-01 01:35:25 PM,2028.0,12,24336.0,51692242.9
2025-08-01 01:35:38 PM,2030.6,0,0.0,51692242.9
2025-08-01 01:35:40 PM,2030.6,1,2030.6,51694273.5
2025-08-01 01:36:21 PM,2027.1,0,0.0,51694273.5
2025-08-01 01:36:22 PM,2030.1,0,0.0,51694273.5
2025-08-01 01:36:23 PM,2030.1,51,103535.09999999999,51797808.6
2025-08-01 01:36:26 PM,2026.9,0,0.0,51797808.6
2025-08-01 01:36:29 PM,2026.9,4,8107.6,51805916.2
2025-08-01 01:36:43 PM,2025.1,0,0.0,51805916.2
2025-08-01 01:36:43 PM,2025.1,19,38476.9,51844393.1
2025-08-01 01:36:44 PM,2023.1,0,0.0,51844393.1
2025-08-01 01:36:48 PM,2023.1,50,101155.0,51945548.1
2025-08-01 01:36:50 PM,2025.2,0,0.0,51945548.1
2025-08-01 01:36:52 PM,2025.2,2,4050.4,51949598.5
2025-08-01 01:37:10 PM,2025.0,0,0.0,51949598.5
2025-08-01 01:37:12 PM,2025.0,3,6075.0,51955673.5
2025-08-01 01:37:17 PM,2025.0,1,2025.0,51957698.5
2025-08-01 01:37:22 PM,2025.1,7,14175.699999999999,51971874.2
2025-08-01 01:37:24 PM,2025.2,0,0.0,51971874.2
2025-08-01 01:37:27 PM,2025.2,4,8100.8,51979975.0
2025-08-01 01:37:28 PM,2026.0,0,0.0,51979975.0
2025-08-01 01:37:32 PM,2026.0,4,8104.0,51988079.0
2025-08-01 01:37:44 PM,2023.1,0,0.0,51988079.0
2025-08-01 01:37:47 PM,2023.1,9,18207.899999999998,52006286.9
2025-08-01 01:37:48 PM,2025.9,0,0.0,52006286.9
2025-08-01 01:37:51 PM,2025.9,10,20259.0,52026545.9
2025-08-01 01:38:07 PM,2022.2,13,26288.600000000002,52052834.5
2025-08-01 01:38:22 PM,2025.0,0,0.0,52052834.5
2025-08-01 01:38:24 PM,2025.0,7,14175.0,52067009.5
2025-08-01 01:38:29 PM,2024.9,1,2024.9,52069034.4
2025-08-01 01:38:44 PM,2022.3,0,0.0,52069034.4
2025-08-01 01:38:45 PM,2022.3,3,6066.9,52075101.3
2025-08-01 01:38:48 PM,2017.5,0,0.0,52075101.3
2025-08-01 01:38:50 PM,2018.8,0,0.0,52075101.3
2025-08-01 01:38:51 PM,2018.8,63,127184.4,52202285.699999996
2025-08-01 01:38:54 PM,2016.0,0,0.0,52202285.699999996
2025-08-01 01:38:56 PM,2016.0,1,2016.0,52204301.699999996
2025-08-01 01:39:22 PM,2020.4,0,0.0,52204301.699999996
2025-08-01 01:39:23 PM,2020.4,2,4040.8,52208342.49999999
2025-08-01 01:39:26 PM,2023.5,0,0.0,52208342.49999999
2025-08-01 01:39:28 PM,2023.5,7,14164.5,52222506.99999999
2025-08-01 01:39:52 PM,2019.3,0,0.0,52222506.99999999
2025-08-01 01:39:53 PM,2019.3,37,74714.09999999999,52297221.099999994
2025-08-01 01:40:14 PM,2020.0,0,0.0,52297221.099999994
2025-08-01 01:40:15 PM,2020.0,31,62620.0,52359841.099999994
2025-08-01 01:40:22 PM,2023.4,0,0.0,52359841.099999994
2025-08-01 01:40:24 PM,2023.4,8,16187.2,52376028.3
2025-08-01 01:41:14 PM,2021.0,50,101050.0,52477078.3
2025-08-01 01:41:22 PM,2022.7,0,0.0,52477078.3
2025-08-01 01:41:24 PM,2022.7,7,14158.9,52491237.199999996
2025-08-01 01:41:53 PM,2022.7,2,4045.4,52495282.599999994
2025-08-01 01:42:22 PM,2022.8,9,18205.2,52513487.8
2025-08-01 01:42:44 PM,2023.1,0,0.0,52513487.8
2025-08-01 01:42:47 PM,2023.1,2,4046.2,52517534.0
2025-08-01 01:43:22 PM,2023.4,7,14163.800000000001,52531697.8
2025-08-01 01:43:42 PM,2023.4,1,2023.4,52533721.199999996
2025-08-01 01:44:14 PM,2024.0,0,0.0,52533721.199999996
2025-08-01 01:44:16 PM,2024.0,1,2024.0,52535745.199999996
2025-08-01 01:44:22 PM,2025.1,7,14175.699999999999,52549920.9
2025-08-01 01:44:27 PM,2023.0,1,2023.0,52551943.9
2025-08-01 01:44:44 PM,2025.7,0,0.0,52551943.9
2025-08-01 01:44:46 PM,2025.7,5,10128.5,52562072.4
2025-08-01 01:45:26 PM,2025.7,7,14179.9,52576252.3
2025-08-01 01:46:00 PM,2025.7,10,20257.0,52596509.3
2025-08-01 01:46:22 PM,2023.0,0,0.0,52596509.3
2025-08-01 01:46:25 PM,2023.0,9,18207.0,52614716.3
2025-08-01 01:47:00 PM,2021.2,0,0.0,52614716.3
2025-08-01 01:47:01 PM,2021.2,3,6063.6,52620779.9
2025-08-01 01:47:18 PM,2021.0,0,0.0,52620779.9
2025-08-01 01:47:21 PM,2021.0,35,70735.0,52691514.9
2025-08-01 01:47:22 PM,2018.8,0,0.0,52691514.9
2025-08-01 01:47:22 PM,2019.9,79,159572.1,52851087.0
2025-08-01 01:48:22 PM,2019.6,0,0.0,52851087.0
2025-08-01 01:48:26 PM,2019.6,5,10098.0,52861185.0
2025-08-01 01:48:28 PM,2022.7,0,0.0,52861185.0
2025-08-01 01:48:31 PM,2022.7,5,10113.5,52871298.5
2025-08-01 01:49:22 PM,2022.2,0,0.0,52871298.5
2025-08-01 01:49:24 PM,2022.2,8,16177.6,52887476.1
2025-08-01 01:49:26 PM,2023.3,0,0.0,52887476.1
2025-08-01 01:49:27 PM,2026.4,0,0.0,52887476.1
2025-08-01 01:49:28 PM,2026.4,46,93214.40000000001,52980690.5
2025-08-01 01:49:30 PM,2031.5,0,0.0,52980690.5
2025-08-01 01:49:33 PM,2031.5,3,6094.5,52986785.0
2025-08-01 01:50:02 PM,2026.5,0,0.0,52986785.0
2025-08-01 01:50:02 PM,2026.5,11,22291.5,53009076.5
2025-08-01 01:50:08 PM,2023.3,2,4046.6,53013123.1
2025-08-01 01:50:12 PM,2026.6,0,0.0,53013123.1
2025-08-01 01:50:13 PM,2026.6,5,10133.0,53023256.1
2025-08-01 01:50:14 PM,2029.2,0,0.0,53023256.1
2025-08-01 01:50:16 PM,2032.0,0,0.0,53023256.1
2025-08-01 01:50:17 PM,2032.0,57,115824.0,53139080.1
2025-08-01 01:50:22 PM,2035.7,7,14249.9,53153330.0
2025-08-01 01:50:38 PM,2029.2,0,0.0,53153330.0
2025-08-01 01:50:40 PM,2030.9,0,0.0,53153330.0
2025-08-01 01:50:41 PM,2030.9,18,36556.200000000004,53189886.2
2025-08-01 01:51:22 PM,2030.1,0,0.0,53189886.2
2025-08-01 01:51:23 PM,2030.1,7,14210.699999999999,53204096.900000006
2025-08-01 01:51:54 PM,2032.0,0,0.0,53204096.900000006
2025-08-01 01:51:54 PM,2028.2,0,0.0,53204096.900000006
2025-08-01 01:51:55 PM,2028.2,20,40564.0,53244660.900000006
2025-08-01 01:52:00 PM,2028.0,18,36504.0,53281164.900000006
2025-08-01 01:52:08 PM,2023.6,0,0.0,53281164.900000006
2025-08-01 01:52:10 PM,2023.6,10,20236.0,53301400.900000006
2025-08-01 01:52:22 PM,2027.3,0,0.0,53301400.900000006
2025-08-01 01:52:24 PM,2027.3,7,14191.1,53315592.00000001
2025-08-01 01:52:58 PM,2025.5,1,2025.5,53317617.50000001
2025-08-01 01:53:22 PM,2025.6,6,12153.599999999999,53329771.10000001
2025-08-01 01:53:26 PM,2027.0,0,0.0,53329771.10000001
2025-08-01 01:53:27 PM,2027.0,1,2027.0,53331798.10000001
2025-08-01 01:53:28 PM,2025.3,10,20253.0,53352051.10000001
2025-08-01 01:53:31 PM,2023.0,32,64736.0,53416787.10000001
2025-08-01 01:53:46 PM,2025.7,0,0.0,53416787.10000001
2025-08-01 01:53:46 PM,2025.7,1,2025.7,53418812.80000001
2025-08-01 01:54:19 PM,2023.0,14,28322.0,53447134.80000001
2025-08-01 01:54:22 PM,2026.0,0,0.0,53447134.80000001
2025-08-01 01:54:23 PM,2024.7,0,0.0,53447134.80000001
2025-08-01 01:54:24 PM,2024.7,48,97185.6,53544320.40000001
2025-08-01 01:54:27 PM,2022.0,0,0.0,53544320.40000001
2025-08-01 01:54:28 PM,2022.0,57,115254.0,53659574.40000001
2025-08-01 01:54:37 PM,2022.2,0,0.0,53659574.40000001
2025-08-01 01:54:38 PM,2022.2,1,2022.2,53661596.60000002
2025-08-01 01:54:47 PM,2022.4,0,0.0,53661596.60000002
2025-08-01 01:54:47 PM,2022.4,1,2022.4,53663619.000000015
2025-08-01 01:54:55 PM,2022.0,0,0.0,53663619.000000015
2025-08-01 01:54:57 PM,2022.0,130,262860.0,53926479.000000015
2025-08-01 01:55:06 PM,2025.8,0,0.0,53926479.000000015
2025-08-01 01:55:07 PM,2025.8,7,14180.6,53940659.60000002
2025-08-01 01:55:22 PM,2026.0,0,0.0,53940659.60000002
2025-08-01 01:55:23 PM,2026.0,7,14182.0,53954841.60000002
2025-08-01 01:55:36 PM,2024.9,0,0.0,53954841.60000002
2025-08-01 01:55:37 PM,2024.9,1,2024.9,53956866.500000015
2025-08-01 01:55:41 PM,2025.9,0,0.0,53956866.500000015
2025-08-01 01:55:42 PM,2025.9,31,62802.9,54019669.40000001
2025-08-01 01:56:16 PM,2026.6,0,0.0,54019669.40000001
2025-08-01 01:56:17 PM,2026.6,2,4053.2,54023722.60000002
2025-08-01 01:56:22 PM,2027.1,0,0.0,54023722.60000002
2025-08-01 01:56:22 PM,2027.1,13,26352.3,54050074.90000001
2025-08-01 01:56:37 PM,2027.7,4,8110.8,54058185.70000001
2025-08-01 01:56:48 PM,2027.5,0,0.0,54058185.70000001
2025-08-01 01:56:52 PM,2027.5,2,4055.0,54062240.70000001
2025-08-01 01:57:26 PM,2027.5,7,14192.5,54076433.20000001
2025-08-01 01:57:30 PM,2024.2,0,0.0,54076433.20000001
2025-08-01 01:57:31 PM,2024.2,6,12145.2,54088578.40000001
2025-08-01 01:57:34 PM,2021.0,0,0.0,54088578.40000001
2025-08-01 01:57:36 PM,2021.0,15,30315.0,54118893.40000001
2025-08-01 01:58:22 PM,2023.3,0,0.0,54118893.40000001
2025-08-01 01:58:25 PM,2023.3,9,18209.7,54137103.10000002
2025-08-01 01:58:42 PM,2024.7,0,0.0,54137103.10000002
2025-08-01 01:58:45 PM,2024.7,2,4049.4,54141152.500000015
2025-08-01 01:59:22 PM,2025.7,0,0.0,54141152.500000015
2025-08-01 01:59:26 PM,2025.7,8,16205.6,54157358.10000002
2025-08-01 01:59:49 PM,2022.8,0,0.0,54157358.10000002
2025-08-01 01:59:51 PM,2022.8,1,2022.8,54159380.90000001
2025-08-01 02:00:01 PM,2022.2,1,2022.2,54161403.10000002
2025-08-01 02:00:22 PM,2024.9,7,14174.300000000001,54175577.40000001
2025-08-01 02:01:08 PM,2017.0,0,0.0,54175577.40000001
2025-08-01 02:01:10 PM,2017.0,70,141190.0,54316767.40000001
2025-08-01 02:01:22 PM,2021.2,0,0.0,54316767.40000001
2025-08-01 02:01:24 PM,2021.2,4,8084.8,54324852.20000001
2025-08-01 02:01:26 PM,2023.7,0,0.0,54324852.20000001
2025-08-01 02:01:29 PM,2023.7,5,10118.5,54334970.70000001
2025-08-01 02:02:13 PM,2020.0,9,18180.0,54353150.70000001
2025-08-01 02:02:19 PM,2018.0,0,0.0,54353150.70000001
2025-08-01 02:02:22 PM,2018.0,11,22198.0,54375348.70000001
2025-08-01 02:02:26 PM,2022.1,0,0.0,54375348.70000001
2025-08-01 02:02:27 PM,2022.1,8,16176.8,54391525.50000001
2025-08-01 02:02:54 PM,2024.4,0,0.0,54391525.50000001
2025-08-01 02:02:57 PM,2024.4,5,10122.0,54401647.50000001
2025-08-01 02:03:14 PM,2022.6,0,0.0,54401647.50000001
2025-08-01 02:03:18 PM,2022.6,11,22248.6,54423896.10000001
2025-08-01 02:03:22 PM,2023.6,0,0.0,54423896.10000001
2025-08-01 02:03:23 PM,2023.6,7,14165.199999999999,54438061.30000001
2025-08-01 02:03:38 PM,2020.2,0,0.0,54438061.30000001
2025-08-01 02:03:43 PM,2020.2,3,6060.6,54444121.90000001
2025-08-01 02:04:17 PM,2024.8,0,0.0,54444121.90000001
2025-08-01 02:04:18 PM,2024.8,5,10124.0,54454245.90000001
2025-08-01 02:04:22 PM,2025.0,0,0.0,54454245.90000001
2025-08-01 02:04:23 PM,2025.0,17,34425.0,54488670.90000001
2025-08-01 02:04:32 PM,2025.9,0,0.0,54488670.90000001
2025-08-01 02:04:33 PM,2025.9,5,10129.5,54498800.40000001
2025-08-01 02:04:52 PM,2026.0,0,0.0,54498800.40000001
2025-08-01 02:04:54 PM,2026.0,6,12156.0,54510956.40000001
2025-08-01 02:05:08 PM,2024.2,0,0.0,54510956.40000001
2025-08-01 02:05:09 PM,2024.2,4,8096.8,54519053.20000001
2025-08-01 02:05:22 PM,2023.2,0,0.0,54519053.20000001
2025-08-01 02:05:24 PM,2023.2,4,8092.8,54527146.00000001
2025-08-01 02:05:26 PM,2023.4,0,0.0,54527146.00000001
2025-08-01 02:05:29 PM,2023.4,3,6070.200000000001,54533216.20000001
2025-08-01 02:06:24 PM,2025.1,7,14175.699999999999,54547391.90000001
2025-08-01 02:06:43 PM,2023.5,0,0.0,54547391.90000001
2025-08-01 02:06:44 PM,2023.5,21,42493.5,54589885.40000001
2025-08-01 02:06:49 PM,2020.7,0,0.0,54589885.40000001
2025-08-01 02:06:50 PM,2020.7,8,16165.6,54606051.000000015
2025-08-01 02:06:53 PM,2020.0,0,0.0,54606051.000000015
2025-08-01 02:06:55 PM,2020.0,6,12120.0,54618171.000000015
2025-08-01 02:06:57 PM,2017.0,0,0.0,54618171.000000015
2025-08-01 02:07:00 PM,2017.0,45,90765.0,54708936.000000015
2025-08-01 02:07:23 PM,2021.7,0,0.0,54708936.000000015
2025-08-01 02:07:25 PM,2021.7,8,16173.6,54725109.60000002
2025-08-01 02:08:07 PM,2021.7,6,12130.2,54737239.80000002
2025-08-01 02:08:22 PM,2022.2,7,14155.4,54751395.20000002
2025-08-01 02:09:08 PM,2022.7,2,4045.4,54755440.60000002
2025-08-01 02:09:18 PM,2020.2,0,0.0,54755440.60000002
2025-08-01 02:09:18 PM,2020.2,61,123232.2,54878672.80000002
2025-08-01 02:09:22 PM,2021.1,0,0.0,54878672.80000002
2025-08-01 02:09:24 PM,2021.1,7,14147.699999999999,54892820.50000002
2025-08-01 02:09:58 PM,2018.0,11,22198.0,54915018.50000002
2025-08-01 02:10:02 PM,2017.0,0,0.0,54915018.50000002
2025-08-01 02:10:03 PM,2017.0,9,18153.0,54933171.50000002
2025-08-01 02:10:22 PM,2020.6,0,0.0,54933171.50000002
2025-08-01 02:10:23 PM,2020.6,7,14144.199999999999,54947315.700000025
2025-08-01 02:11:00 PM,2018.0,0,0.0,54947315.700000025
2025-08-01 02:11:04 PM,2018.0,20,40360.0,54987675.700000025
2025-08-01 02:11:23 PM,2021.9,0,0.0,54987675.700000025
2025-08-01 02:11:25 PM,2021.9,7,14153.300000000001,55001829.00000002
2025-08-01 02:11:53 PM,2017.9,0,0.0,55001829.00000002
2025-08-01 02:11:55 PM,2017.0,0,0.0,55001829.00000002
2025-08-01 02:11:56 PM,2017.0,45,90765.0,55092594.00000002
2025-08-01 02:12:22 PM,2020.1,7,14140.699999999999,55106734.700000025
2025-08-01 02:12:23 PM,2015.3,14,28214.2,55134948.90000003
2025-08-01 02:12:26 PM,2015.0,0,0.0,55134948.90000003
2025-08-01 02:12:27 PM,2015.0,38,76570.0,55211518.90000003
2025-08-01 02:13:23 PM,2020.1,7,14140.699999999999,55225659.60000003
2025-08-01 02:13:49 PM,2020.0,1,2020.0,55227679.60000003
2025-08-01 02:14:04 PM,2019.0,0,0.0,55227679.60000003
2025-08-01 02:14:05 PM,2019.0,5,10095.0,55237774.60000003
2025-08-01 02:14:23 PM,2019.5,7,14136.5,55251911.10000003
2025-08-01 02:15:23 PM,2018.9,8,16151.2,55268062.300000034
2025-08-01 02:15:46 PM,2016.0,4,8064.0,55276126.300000034
2025-08-01 02:15:52 PM,2010.1,0,0.0,55276126.300000034
2025-08-01 02:15:52 PM,2010.1,61,122616.09999999999,55398742.400000036
2025-08-01 02:16:13 PM,2010.1,10,20101.0,55418843.400000036
2025-08-01 02:16:23 PM,2015.6,7,14109.199999999999,55432952.60000004
2025-08-01 02:17:04 PM,2011.0,0,0.0,55432952.60000004
2025-08-01 02:17:04 PM,2011.0,10,20110.0,55453062.60000004
2025-08-01 02:17:16 PM,2010.2,0,0.0,55453062.60000004
2025-08-01 02:17:18 PM,2010.2,10,20102.0,55473164.60000004
2025-08-01 02:17:23 PM,2013.6,2,4027.2,55477191.80000004
2025-08-01 02:17:26 PM,2016.1,0,0.0,55477191.80000004
2025-08-01 02:17:28 PM,2016.1,6,12096.599999999999,55489288.40000004
2025-08-01 02:17:38 PM,2011.5,0,0.0,55489288.40000004
2025-08-01 02:17:38 PM,2011.5,10,20115.0,55509403.40000004
2025-08-01 02:18:24 PM,2015.9,0,0.0,55509403.40000004
2025-08-01 02:18:24 PM,2015.9,4,8063.6,55517467.000000045
2025-08-01 02:18:25 PM,2018.6,3,6055.799999999999,55523522.80000004
2025-08-01 02:19:20 PM,2019.0,0,0.0,55523522.80000004
2025-08-01 02:19:20 PM,2019.0,101,203919.0,55727441.80000004
2025-08-01 02:19:24 PM,2018.1,0,0.0,55727441.80000004
2025-08-01 02:19:26 PM,2018.1,14,28253.399999999998,55755695.20000004
2025-08-01 02:19:31 PM,2018.3,0,0.0,55755695.20000004
2025-08-01 02:19:31 PM,2018.3,1,2018.3,55757713.50000004
2025-08-01 02:20:00 PM,2019.2,0,0.0,55757713.50000004
2025-08-01 02:20:03 PM,2019.2,3,6057.6,55763771.10000004
2025-08-01 02:20:04 PM,2019.3,0,0.0,55763771.10000004
2025-08-01 02:20:08 PM,2019.3,1,2019.3,55765790.400000036
2025-08-01 02:20:23 PM,2020.6,7,14144.199999999999,55779934.60000004
2025-08-01 02:20:26 PM,2018.0,0,0.0,55779934.60000004
2025-08-01 02:20:28 PM,2018.0,25,50450.0,55830384.60000004
2025-08-01 02:21:23 PM,2021.3,0,0.0,55830384.60000004
2025-08-01 02:21:24 PM,2021.3,7,14149.1,55844533.70000004
2025-08-01 02:21:35 PM,2023.4,0,0.0,55844533.70000004
2025-08-01 02:21:35 PM,2023.4,37,74865.8,55919399.50000004
2025-08-01 02:22:14 PM,2015.0,0,0.0,55919399.50000004
2025-08-01 02:22:18 PM,2015.0,40,80600.0,55999999.50000004
2025-08-01 02:22:18 PM,2013.9,1,2013.9,56002013.400000036
2025-08-01 02:22:23 PM,2014.1,3,6042.299999999999,56008055.70000003
2025-08-01 02:22:25 PM,2014.9,0,0.0,56008055.70000003
2025-08-01 02:22:26 PM,2015.2,0,0.0,56008055.70000003
2025-08-01 02:22:28 PM,2015.2,11,22167.2,56030222.900000036
2025-08-01 02:22:32 PM,2016.7,0,0.0,56030222.900000036
2025-08-01 02:22:34 PM,2016.7,11,22183.7,56052406.60000004
2025-08-01 02:22:44 PM,2015.2,0,0.0,56052406.60000004
2025-08-01 02:22:44 PM,2015.2,51,102775.2,56155181.80000004
2025-08-01 02:23:05 PM,2018.6,0,0.0,56155181.80000004
2025-08-01 02:23:06 PM,2018.6,15,30279.0,56185460.80000004
2025-08-01 02:23:22 PM,2018.5,7,14129.5,56199590.30000004
2025-08-01 02:23:59 PM,2014.6,2,4029.2,56203619.500000045
2025-08-01 02:24:24 PM,2019.6,0,0.0,56203619.500000045
2025-08-01 02:24:25 PM,2019.6,7,14137.199999999999,56217756.70000005
2025-08-01 02:25:00 PM,2016.1,0,0.0,56217756.70000005
2025-08-01 02:25:02 PM,2016.1,1,2016.1,56219772.80000005
2025-08-01 02:25:23 PM,2020.8,0,0.0,56219772.80000005
2025-08-01 02:25:24 PM,2020.8,7,14145.6,56233918.40000005
2025-08-01 02:26:06 PM,2017.9,0,0.0,56233918.40000005
2025-08-01 02:26:06 PM,2017.9,2,4035.8,56237954.20000005
2025-08-01 02:26:22 PM,2021.5,7,14150.5,56252104.70000005
